4142 6424
452 382 585 448 1237
1279 381 1645 444 MONITUM
1685 384 1769 445 IN
1810 382 2244 444 HISTORIAM
2284 383 2901 448 MANICIIzEORUM.
3210 366 3213 369 ’
3608 394 3745 462 1238

456 504 701 561 ineditus
742 502 812 559 de
851 500 1089 573 Spiritus
1117 499 1296 556 sancti
1332 500 1707 570 processione,
1744 514 1927 555 nonne
1971 500 2026 554 in
2068 507 2352 570 pervetere
2392 500 2584 558 codice
2630 501 2897 559 Vaticano
2929 503 3250 561 inscribitur
3290 511 3504 566 auctori
3534 510 3742 567 Metro-

458 594 630 667 phani
664 591 1025 663 Smyrnarum
1060 596 1219 644 aetate
1246 587 1507 658 photiana
1539 588 1845 659 episcopo?

527 681 584 736 2.
626 679 785 735 Nunc
831 687 889 733 ut
935 678 1001 732 ad
1048 691 1163 731 rem
1214 686 1458 731 nostram
1510 675 1761 744 proprius
1816 676 2181 744 accedamus,
2246 679 2691 736 Paulicianorum
2742 681 2827 737 sui
2876 682 3145 753 temporis
3183 683 3599 754 haereticorum,
3644 688 3740 759 qui

456 769 855 825 Manichaicam
905 765 1211 821 doctrinam
1255 762 1668 832 profitebantur,
1706 763 1991 819 historiam
2026 767 2250 838 scripsit
2279 768 2473 823 Petrus
2520 785 2627 825 uno
2664 770 2807 825 libro
2841 771 3336 840 comprehensam;
3376 789 3541 844 quam
3576 774 3742 832 altius

453 869 708 929 repetens
742 866 797 911 ut
823 855 933 927 jam
962 854 1225 917 diximus,
1257 851 1326 906 ah
1356 851 1566 906 Manete
1605 852 1746 922 ipso,
1779 853 1889 908 imo
1925 863 1979 908 et
2019 864 2164 910 retro
2199 857 2564 925 aliquantum,
2597 872 2827 914 exorsus
2859 866 2963 914 est.
3007 856 3120 913 [Iac
3166 861 3510 927 elucubrata,
3550 863 3740 933 reique

457 955 786 1015 argumento
816 942 1092 1013 exposito,
1126 956 1218 996 sex
1248 941 1445 996 deinde
1474 955 1761 1009 sermones
1798 942 2164 1006 continuavit,
2208 944 2411 1013 quibus
2440 947 2713 1015 pessimos
2747 956 2912 1001 secta:
2957 962 3176 1003 errores
3205 949 3435 1004 viriliter
3462 948 3740 1005 refutavit.

461 1034 519 1090 id
551 1050 683 1090 vero
716 1042 984 1104 praestans
1010 1046 1149 1101 opus
1177 1031 1231 1085 in
1262 1030 1427 1085 unico
1462 1040 1843 1085 conservatum
1874 1030 1995 1096 fuit,
2028 1040 2297 1100 quantum
2335 1033 2598 1090 hactenus
2626 1044 2862 1099 constat,
2899 1032 3166 1091 Vaticano
3200 1038 3389 1092 codice
3412 1038 3537 1103 511,
3569 1054 3743 1093 mem-

461 1124 693 1189 braneo,
728 1130 936 1187 vetere,
972 1132 1023 1175 et
1052 1120 1120 1174 ab
1153 1119 1397 1174 auctoris
1436 1119 1776 1188 temporibus
1810 1134 2003 1189 parum
2036 1122 2294 1177 distante.
2323 1121 2540 1179 Partem
2568 1126 2686 1195 ejus
2716 1125 3059 1190 historicam,
3096 1126 3149 1181 id
3181 1137 3264 1182 est
3297 1128 3496 1183 librum
3529 1143 3741 1185 sermo-

456 1211 619 1266 nibus
652 1226 747 1266 sex
780 1208 1159 1280 praepositum,
1192 1207 1523 1278 exscriptam
1550 1208 1675 1263 hinc
1704 1223 1937 1279 magnus
1963 1208 2083 1265 Jac.
2117 1210 2448 1269 Sirmundus
2475 1215 2543 1269 ad
2571 1214 2854 1270 Velserum
2891 1215 2945 1270 in
2981 1215 3332 1272 Germaniam
3366 1218 3548 1285 misit;
3582 1218 3743 1287 cujus

457 1307 654 1354 nactus
686 1298 1063 1368 apographum
1110 1296 1300 1351 Matth.
1355 1294 1603 1351 liaderus
1636 1296 1777 1367 typis
1814 1312 1937 1351 cum
1987 1297 2179 1355 Latina
2233 1302 2679 1373 interpretatione
2728 1304 3005 1361 commisit
3048 1304 3361 1376 lugolstadii
3398 1322 3543 1361 anno
3581 1308 3720 1361 1604

456 1386 767 1454 Caeteroqui
799 1384 1130 1441 Sirmondus
1160 1392 1473 1448 monuerat,
1526 1391 1668 1440 teste
1714 1383 1958 1453 Radere,
1991 1386 2098 1442 alia
2138 1390 2248 1445 duo
2296 1391 2351 1445 in
2380 1390 2648 1447 Vaticano
2679 1393 2868 1448 codice
2898 1392 3000 1464 legi
3033 1394 3291 1464 capitula,
3329 1393 3554 1448 totidem
3592 1392 3673 1449 ref
3679 1411 3743 1448 u-

454 1475 629 1531 tantia
662 1473 1091 1529 Manichaeorum
1141 1486 1379 1536 errores,
1424 1472 1519 1526 sed
1565 1487 1627 1527 ea
1674 1472 1842 1528 nudis
1886 1476 2285 1544 propemodum
2338 1477 2649 1533 divinarum
2701 1477 3033 1534 Litterarum
3084 1480 3417 1536 testimoniis
3463 1488 3739 1536 constare.

456 1565 670 1621 Revera
696 1572 878 1619 tamen
907 1562 1187 1619 Sirmondi
1225 1562 1513 1618 affirmatio
1540 1562 1607 1633 (si
1636 1562 1779 1617 forte
1816 1564 1863 1619 is
1894 1566 2174 1621 memoria:
2218 1565 2373 1634 lapsu
2412 1566 2487 1620 ita
2513 1566 2669 1637 dixit)
2707 1566 2791 1622 bis
2830 1567 3071 1635 laborat;
3101 1568 3278 1638 primo
3302 1569 3431 1638 quia
3464 1584 3569 1622 non
3608 1568 3740 1633 duo,

457 1654 555 1710 sed
613 1663 748 1717 tres,
797 1662 921 1723 post
974 1653 1261 1707 historiam
1322 1660 1608 1706 remanent
1663 1651 1717 1705 in
1769 1652 1959 1707 codice
2007 1651 2129 1707 Vat.
2171 1667 2495 1709 sermones:
2534 1654 2759 1717 iterum.
2789 1655 2918 1725 quia
2954 1670 3125 1710 sacrae
3172 1654 3393 1725 quidem
3448 1656 3743 1726 Scriptura:

460 1742 777 1799 testimonia
813 1742 898 1796 his
935 1741 1289 1797 sermonibus
1323 1741 1713 1806 subtexuntur,
1746 1756 1926 1811 neque
1962 1749 2143 1796 tamen
2179 1756 2275 1797 eos
2310 1742 2683 1801 constituunt.
2725 1742 2943 1797 Interim
2981 1743 3276 1798 dolendum
3316 1753 3419 1813 est,
3456 1747 3602 1815 quod
3646 1760 3741 1801 sex

462 1846 783 1888 sermonum
812 1847 841 1885 a
870 1830 1032 1885 Petro
1062 1831 1491 1901 compositorum
1524 1830 1737 1900 priores
1769 1840 1878 1886 tres
1910 1832 2289 1887 tantummodo
2332 1832 2387 1885 in
2428 1830 2695 1887 Vaticano
2739 1834 3044 1902 exemplari
3090 1842 3406 1904 supersunt,
3454 1843 3512 1888 ut
3553 1843 3742 1905 postea

460 1920 709 1975 dicemus
730 1960 745 1983 ,
778 1920 1004 1989 reliquis
1034 1930 1236 1974 arterna
1273 1918 1507 1973 fortasse
1538 1928 1697 1973 nocte
1728 1920 1979 1991 sepultis,
2014 1928 2109 1974 aut
2139 1921 2399 1991 temporis
2432 1920 2635 1990 injuria
2660 1920 3030 1990 consumptis.

532 2010 586 2065 5.
625 2008 758 2075 Quae
789 2024 912 2064 cum
951 2010 1026 2063 ita
1062 2010 1193 2075 sint,
1230 2009 1481 2079 equidem
1516 2010 1805 2064 observato
1848 2020 1974 2065 ante
2022 2011 2121 2066 hos
2151 2025 2328 2066 annos
2352 1985 2626 2065 ‘Vaticano
2672 2010 2882 2069 codice.
2917 2010 3009 2077 qui
3046 2024 3169 2064 cum
3201 2009 3273 2063 sit
3306 2010 3523 2076 unicus,
3558 2012 3740 2079 magni

461 2097 623 2168 pretii
670 2106 773 2163 est,
812 2108 865 2152 et
904 2099 1163 2166 periculis
1197 2099 1359 2151 etiam
1408 2098 1642 2153 fortunae
1680 2099 1973 2163 obnoxius,
2024 2100 2418 2156 constitueram
2461 2108 2570 2153 tres
2605 2098 2843 2153 ineditos
2878 2097 3258 2152 tantummodo
3304 2107 3428 2167 post
3459 2097 3743 2152 historiam

468 2199 755 2239 sermones
806 2194 1061 2255 lyporum
1096 2187 1441 2241 munimento
1479 2168 1577 2242 abs
1609 2187 1807 2257 quovis
1855 2187 2082 2242 fortuito
2134 2187 2359 2243 interitu
2410 2185 2712 2249 vindicare,
2749 2193 2799 2241 et
2839 2186 3093 2239 obrutam
3138 2185 3189 2238 in
3218 2184 3306 2239 his
3334 2184 3641 2239 doctrinam
3679 2186 3745 2237 ad

460 2286 813 2327 communem
866 2289 1029 2328 usum
1076 2273 1344 2343 perferre.
1386 2272 1597 2329 Etenim
1643 2290 1709 2329 ex
1753 2290 1863 2345 quo
1906 2274 2236 2329 Sirmondus
2269 2274 2478 2330 codicis
2515 2273 2765 2327 notitiam
2798 2273 3045 2342 protulit,
3086 2281 3140 2327 et
3176 2272 3503 2327 historicum
3548 2273 3745 2326 librum

467 2359 718 2416 ltaderus
752 2361 1017 2432 vulgavit,
1050 2362 1270 2418 ducenti
1306 2362 1417 2417 fere
1446 2372 1500 2417 ct
1526 2363 1927 2435 quinquaginta
1963 2365 2091 2418 anni
2132 2365 2480 2431 eﬂluxeruut,
2514 2364 2647 2434 quin
2686 2371 2866 2418 tamen
2900 2363 3082 2433 operis
3123 2362 3343 2433 reliqui,
3381 2370 3649 2432 quantum
3676 2361 3748 2415 ibi

464 2448 808 2513 continetur,
843 2449 1014 2504 editio
1044 2450 1144 2505 abs
1174 2450 1371 2520 quovis
1399 2461 1592 2506 curata
1629 2452 1721 2508 sit.
1752 2452 1893 2519 Quin
1930 2453 2066 2507 adeo
2096 2455 2237 2523 parti
2283 2454 2443 2510 edita:
2474 2454 2720 2508 nonnulli
2754 2454 2973 2523 quidem
3001 2452 3308 2507 doctissimi
3335 2451 3587 2506 homines
3616 2452 3743 2522 (loc.

466 2537 562 2591 cit.
595 2538 737 2605 apud
764 2535 979 2591 Fabric.
1009 2546 1063 2591 et
1093 2536 1299 2609 Wolf.)
1343 2539 1615 2595 secundas
1645 2555 1809 2595 curas
1839 2541 2098 2596 adhibere
2131 2552 2295 2613 prout
2326 2558 2411 2597 res
2440 2543 2701 2613 poscebat
2734 2548 3030 2612 Optarunt;
3067 2541 3161 2595 sed
3198 2548 3382 2593 tamen
3411 2554 3572 2595 casso
3600 2556 3745 2594 sem-

469 2641 569 2696 per
599 2624 799 2680 eﬂ‘ectu
830 2627 882 2681 id
914 2627 1314 2696 promiserunt.
1353 2627 1465 2699 Ego
1501 2642 1630 2683 vero
1664 2628 1863 2683 Raderi
1891 2629 2187 2685 editionem
2220 2645 2347 2685 cum
2380 2628 2573 2685 Graeco
2602 2644 2901 2699 parumper
2929 2626 3240 2695 conferens,
3268 2626 3563 2681 dolendam
3593 2627 3750 2681 valde

468 2720 525 2768 et
554 2712 915 2769 intolerandis
944 2714 1158 2769 mendis
1205 2715 1462 2770 refertam
1491 2718 1921 2787 comperiebam.
1970 2716 2028 2772 Id
2068 2725 2253 2773 autem
2283 2717 2576 2785 contigisse
2605 2724 2760 2788 puto,
2793 2731 2903 2771 non
2931 2715 3060 2787 quia
3090 2714 3419 2770 Sirmondus
3446 2714 3752 2770 Graecitatis

474 2810 530 2857 ct
559 2801 813 2857 codicum
870 2802 1244 2873 peritissimus
1288 2804 1359 2875 (si
1397 2814 1544 2860 certe
1580 2820 1744 2859 manu
1787 2806 2008 2877 propria
2066 2822 2201 2862 usus
2249 2805 2372 2873 fuit)
2408 2821 2575 2877 prave
2606 2806 2989 2877 exscripserit,
3031 2804 3125 2860 sed
3157 2803 3288 2874 quia
3335 2801 3537 2858 Raderi
3583 2802 3752 2859 editio

471 2906 583 2947 non
618 2906 684 2945 ex
732 2892 851 2960 ipso
897 2891 1177 2947 Sirmondi
1224 2895 1588 2965 autographo,
1640 2895 1735 2951 sed
1784 2911 1847 2950 ex
1895 2896 2112 2951 traditis
2155 2896 2452 2967 typothetaz
2487 2894 2706 2949 schedis
2735 2893 2981 2947 derivata
3018 2892 3265 2959 videtur;
3303 2891 3462 2962 cujus
3494 2893 3573 2946 rei
3616 2891 3751 2946 mihi

467 2980 735 3036 indicium
765 2989 925 3035 erant
966 2980 1071 3037 loci
1112 2982 1382 3049 nonnulli,
1420 2983 1509 3037 ubi
1545 2982 1737 3038 Latina
1771 2984 1973 3040 Raderi
2006 2984 2175 3040 editio
2204 3000 2234 3039 a
2266 2984 2455 3040 Graeca
2484 2984 2730 3054 ejusdem
2765 2982 2965 3049 differt,
2994 2981 3047 3037 id
3072 2983 3218 3053 quod
3247 2982 3367 3037 fieri
3390 2982 3509 3037 sine
3530 2981 3751 3037 diverso

468 3068 664 3125 Grteco
702 3069 1002 3140 exemplari
1032 3084 1141 3125 non
1173 3071 1369 3141 potuit.
1404 3071 1674 3127 Przeterea
1726 3071 2029 3144 insigniora
2078 3073 2327 3143 quaedam
2360 3072 2557 3127 menda
2589 3072 2716 3127 inde
2741 3080 3058 3136 manarunt,
3091 3070 3238 3140 quod
3284 3070 3571 3140 scriptura:
3596 3085 3753 3126 com-

469 3158 804 3229 pendia,seu
834 3159 1151 3227 verborum,
1179 3169 1239 3214 tit
1270 3161 1717 3227 dicimus,nexus
1750 3178 1858 3216 non
1894 3170 2024 3217 sunt
2051 3161 2335 3225 intellecti,
2374 3160 2605 3231 ideoque
2643 3174 2930 3231 perperam
2963 3158 3240 3229 explicati,
3270 3158 3321 3212 id
3356 3158 3498 3229 quod
3532 3157 3752 3213 eviden-

478 3247 627 3303 tibus
653 3247 852 3303 deinde
880 3248 1146 3319 exemplis
1173 3249 1565 3319 comprobabo.
1614 3248 1719 3305 Sed
1763 3250 1908 3305 enim
1958 3265 2027 3307 ne
2070 3248 2261 3305 Latina
2306 3248 2527 3320 quidem
2560 3247 2759 3302 Raderi
2803 3248 3201 3317 interpretatio,
3238 3262 3549 3316 quanquam
3599 3246 3753 3301 bona:

478 3334 790 3391 Latinitatis
830 3345 1032 3392 ornatu
1077 3353 1136 3393 se
1176 3338 1562 3404 commendat,
1612 3337 1803 3394 Graeco
1852 3339 2024 3393 textui
2076 3349 2281 3409 quanta
2322 3346 2602 3409 oporteret
2638 3336 2901 3392 fidelitate
2947 3336 3272 3407 respondet;
3307 3333 3612 3390 manifestis
3642 3334 3755 3389 imo

476 3425 761 3479 erroribus
795 3440 825 3479 a
867 3425 1100 3481 veritate
1148 3440 1257 3480 non
1292 3426 1460 3480 semel
1491 3426 1765 3481 discedit:
1803 3443 1911 3497 qua
1943 3442 2003 3481 re
2031 3435 2245 3483 mature
2276 3427 2545 3483 intellecta
2581 3425 2814 3482 Wolfius
2862 3424 3017 3497 praef.
3063 3426 3159 3481 cit.
3190 3440 3247 3496 p.
3282 3426 3334 3489 6,
3367 3423 3523 3487 dixit,
3559 3438 3755 3476 novam

478 3511 625 3567 Petri
670 3512 839 3568 Siculi
884 3514 1194 3569 versionem
1224 3515 1451 3569 omnino
1482 3513 1709 3584 requiri.
1752 3514 1881 3570 Haec
1925 3530 2014 3569 me
2059 3514 2139 3570 rei
2171 3525 2449 3571 momenta
2482 3515 2841 3586 impulerunt,
2874 3522 2935 3568 ut
2976 3513 3223 3567 historia:
3264 3513 3434 3583 ipsius
3463 3511 3755 3565 editionem

478 3616 674 3657 novam
705 3617 769 3656 ev
797 3602 1051 3673 originali
1086 3602 1273 3658 codice
1319 3617 1581 3672 perquam
1624 3613 1891 3658 accurate
1925 3603 2336 3673 exprimendam
2375 3621 2663 3671 curarem;
2708 3602 2962 3659 Latinam
2996 3616 3218 3672 quoque
3248 3600 3756 3670 interpretationem

476 3697 652 3743 marte
702 3689 927 3759 pr0prio
976 3689 1118 3761 stle
1166 3689 1403 3759 simplici
1450 3689 1779 3746 adornarem
1826 3709 1842 3746 :
1898 3706 2007 3747 non
2058 3694 2188 3763 quia
2238 3708 2327 3748 me
2371 3692 2588 3747 Radere
2638 3690 2959 3756 anteferam,
3005 3690 3097 3744 sed
3144 3689 3274 3759 quia
3323 3689 3403 3743 sic
3458 3688 3761 3741 necessitas

474 3778 757 3848 postulare
805 3778 1133 3834 videbatur:
1184 3779 1395 3835 scholia
1447 3780 1612 3835 etiam
1670 3780 1970 3836 identidem
2016 3781 2371 3852 adjungerem
2423 3797 2547 3852 qua:
2596 3782 2677 3836 vel
2723 3780 2957 3835 instituti
3013 3778 3119 3833 mei
3167 3778 3438 3833 rationem
3489 3774 3758 3840 reddunt,

478 3867 563 3922 vel
603 3866 803 3921 Raderi
838 3867 1038 3921 librum
1077 3868 1395 3934 emendant,
1437 3869 1520 3923 vel
1548 3869 1787 3939 denique
1822 3869 2108 3925 historiam
2154 3881 2248 3925 aut
2285 3870 2639 3940 philologiam
2672 3867 2993 3938 respiciunt.
3052 3866 3214 3921 Certe
3258 3867 3362 3921 nisi
3409 3871 3581 3920 totum
3616 3862 3758 3917 Petri

481 3954 656 4010 Siculi
700 3956 968 4027 scriptum
1014 3957 1178 4011 simul
1227 3957 1606 4029 protulissem,
1654 3957 1824 4012 editio
1864 3957 2161 4013 admodum
2212 3957 2529 4029 imperfecta
2579 3957 2757 4020 foret;
2802 3969 3043 4023 namque
3092 3964 3153 4008 ut
3190 3955 3420 4009 historia
3468 3952 3759 4008 refutatio-

478 4058 641 4105 nem,
694 4044 767 4100 ita
812 4046 927 4101 haec
973 4045 1221 4102 vicissim
1281 4046 1570 4103 historiam
1638 4046 1906 4112 illustrat,
1956 4061 2080 4117 qute
2135 4042 2472 4113 conjunctim
2530 4040 2717 4096 omnia
2770 4039 2839 4095 ad
2888 4039 3107 4095 lectoris
3164 4039 3531 4095 eruditionem
3586 4034 3763 4091 oculis

479 4131 824 4202 subjicienda
865 4133 1107 4190 fuerunt.

552 4220 609 4276 4.
652 4219 789 4279 Pars
833 4224 1131 4295 caeteroqui
1173 4239 1352 4289 nova,
1400 4222 1635 4294 ideoque
1678 4222 1936 4290 nobilior,
1979 4221 2103 4278 libri
2146 4217 2322 4276 nostri
2364 4226 2477 4288 est,
2529 4216 2742 4287 insigne
2782 4216 2965 4287 operis
3006 4216 3416 4280 addimentum,
3449 4226 3598 4267 nunc
3646 4210 3759 4282 pri-

483 4324 633 4365 mum
659 4325 727 4366 ex
759 4308 1025 4367 Vaticano
1053 4311 1242 4368 codice
1271 4323 1574 4382 sumptum,
1602 4312 1653 4367 id
1693 4324 1779 4367 est
1815 4320 1925 4367 tres
1951 4308 2297 4367 antirrhetici
2327 4317 2520 4364 contra
2550 4305 2883 4361 Manichteos
2914 4303 3056 4360 Petri
3084 4304 3400 4367 Sermones,
3437 4316 3503 4357 ex
3530 4316 3761 4355 numero

482 4399 707 4454 senario
746 4401 1110 4471 superstites;
1146 4415 1383 4470 quorum
1425 4401 1638 4471 primus
1671 4401 1937 4456 adversus
1970 4399 2259 4471 capitalem
2288 4408 2448 4457 sectte
2479 4402 2544 4456 de
2572 4398 2791 4455 duobus
2825 4397 3110 4468 principiis
3139 4409 3421 4455 errorem:
3464 4391 3758 4455 secundus,

484 4503 595 4558 quo
624 4488 958 4545 beatissimte
994 4488 1232 4562 Virginis
1264 4489 1514 4561 Deipara:
1540 4490 1717 4545 honor
1744 4488 2059 4545 defenditur
2087 4508 2101 4544 :
2130 4490 2328 4545 tertius
2350 4489 2589 4558 denique
2617 4486 2894 4557 perbrevis
2922 4487 2989 4540 de
3012 4490 3364 4540 sacrosancta
3391 4478 3760 4535 Eueharistia.

484 4578 665 4648 Atque
706 4578 795 4634 hic
829 4579 1049 4645 tertius,
1086 4580 1175 4633 vix
1210 4580 1405 4651 emptis
1455 4595 1624 4634 Sacra:
1671 4577 1970 4649 Scriptura:
2002 4577 2355 4646 testimoniis,
2402 4578 2458 4633 in
2504 4576 2693 4633 codice
2740 4574 3109 4645 abrumpitur,
3143 4571 3376 4627 revulsis
3409 4568 3539 4623 olim
3580 4568 3765 4622 nescio

484 4682 594 4736 quo
638 4682 770 4723 casu
815 4669 1297 4739 quaternionibus,
1345 4670 1547 4739 quibus
1593 4678 1703 4723 tres
1733 4668 2067 4738 posteriores
2094 4681 2383 4721 Sermones
2410 4662 2928 4736 perscribebautur;
2962 4676 3158 4732 nempe
3184 4668 3438 4730 quartus,
3462 4656 3531 4711 de
3560 4661 3764 4711 sancte

485 4756 669 4811 crucis
704 4758 1093 4825 veneratione;
1124 4759 1373 4828 quintus,
1409 4758 1475 4813 de
1528 4756 1740 4811 Veteris
1769 4755 2110 4811 TeStamenti
2142 4755 2513 4822 auctoritate;
2553 4761 2739 4808 sextus
2767 4750 2835 4806 de
2866 4750 3241 4821 presbyteratu
3269 4762 3367 4803 seu
3409 4742 3719 4801 sacerdotio
3750 4761 3763 4798 :

486 4860 728 4916 namque
766 4845 885 4901 haec
916 4845 1088 4902 fuisse
1130 4846 1539 4916 deperditorum
1582 4852 1907 4915 argumenta
1938 4858 2279 4905 sermonum,
2310 4858 2375 4896 ex
2415 4840 2643 4896 historia
2676 4855 2795 4910 cap.
2830 4840 2917 4906 10,
2951 4838 3363 4908 cognoscimus.
3392 4834 3566 4889 Porro
3599 4848 3667 4886 an
3711 4831 3766 4885 hi

487 4935 751 5004 postremi
806 4935 1008 4992 alicubi
1056 4936 1283 5001 lateant,
1322 4936 1573 4990 lucetnve
1604 4933 1745 4988 forte
1791 4930 2068 5002 aspecturi
2102 4932 2235 4998 sint,
2278 4930 2437 4986 valde
2484 4929 2697 4998 dubito,
2730 4926 3173 5001 quandoquidem
3202 4926 3414 4998 priores
3442 4936 3662 4995 quouue
3701 4937 3764 4975 ex

488 5024 699 5093 codice,
732 5036 791 5083 ut
823 5026 958 5095 dixi,
995 5027 1174 5094 unico,
1220 5027 1309 5081 vix
1351 5024 1569 5081 tandem
1618 5020 1912 5094 aliquando
1950 5036 2096 5077 nunc
2141 5026 2453 5091 emergunt.
