  <div class='ocr_page' id='page_1' title='image "/cluster/home/n/w/nwhite01/storage/ocr_20150623/104:no.4/coo.31924054870088/630.png"; bbox 0 0 4142 6458; ppageno 0'>
   <div class='ocr_carea' id='block_1_1' title="bbox 304 416 434 495">
    <p class='ocr_par' dir='ltr' id='par_1_1' title="bbox 304 416 434 495">
     <span class='ocr_line' id='line_1_1' title="bbox 304 416 434 495; baseline -0.015 -14"><span class='ocrx_word' id='word_1_1' title='bbox 304 416 434 495; x_wconf 65' lang='grc'><strong>1241</strong></span> 
     </span>
    </p>
   </div>
   <div class='ocr_carea' id='block_1_2' title="bbox 1158 414 2747 479">
    <p class='ocr_par' dir='ltr' id='par_1_2' title="bbox 1158 414 2747 479">
     <span class='ocr_line' id='line_1_2' title="bbox 1158 414 2747 479; baseline 0 -2"><span class='ocrx_word' id='word_1_2' title='bbox 1158 414 1530 477; x_wconf 81' lang='lat' dir='ltr'><strong>HISTORIA</strong></span> <span class='ocrx_word' id='word_1_3' title='bbox 1571 415 2190 477; x_wconf 75' lang='lat' dir='ltr'><strong>MANlCH/EORUM.</strong></span> <span class='ocrx_word' id='word_1_4' title='bbox 2222 441 2292 450; x_wconf 88' lang='grc'><strong><em>-</em></strong></span> <span class='ocrx_word' id='word_1_5' title='bbox 2320 415 2747 479; x_wconf 79' lang='lat' dir='ltr'><strong>PROLOGUS.</strong></span> 
     </span>
    </p>
   </div>
   <div class='ocr_carea' id='block_1_3' title="bbox 3463 420 3603 486">
    <p class='ocr_par' dir='ltr' id='par_1_3' title="bbox 3463 420 3603 486">
     <span class='ocr_line' id='line_1_3' title="bbox 3463 420 3603 486; baseline 0 0"><span class='ocrx_word' id='word_1_6' title='bbox 3463 422 3486 486; x_wconf 85' lang='lat'><strong>1</strong></span> <span class='ocrx_word' id='word_1_7' title='bbox 3498 420 3603 486; x_wconf 70' lang='lat'><strong>9.42</strong></span> 
     </span>
    </p>
   </div>
   <div class='ocr_carea' id='block_1_4' title="bbox 301 529 1927 605">
    <p class='ocr_par' dir='ltr' id='par_1_4' title="bbox 301 529 1894 605">
     <span class='ocr_line' id='line_1_4' title="bbox 301 529 1894 605; baseline -0.002 -18"><span class='ocrx_word' id='word_1_8' title='bbox 301 532 663 605; x_wconf 76' lang='grc' dir='ltr'><strong>ὑπάρχουσιν,</strong></span> <span class='ocrx_word' id='word_1_9' title='bbox 696 533 818 595; x_wconf 81' lang='grc' dir='ltr'>ταῖς</span> <span class='ocrx_word' id='word_1_10' title='bbox 845 530 958 585; x_wconf 90' lang='grc' dir='ltr'><strong>τῶν</strong></span> <span class='ocrx_word' id='word_1_11' title='bbox 988 529 1471 602; x_wconf 84' lang='grc' dir='ltr'>προηγησαμένων</span> <span class='ocrx_word' id='word_1_12' title='bbox 1501 529 1748 601; x_wconf 77' lang='grc' dir='ltr'>αἱρέσεσι</span> <span class='ocrx_word' id='word_1_13' title='bbox 1795 530 1894 595; x_wconf 69' lang='grc' dir='ltr'><strong>τὰς</strong></span> 
     </span>
    </p>
   </div>
   <div class='ocr_carea' id='block_1_5' title="bbox 2008 529 3603 605">
    <p class='ocr_par' dir='ltr' id='par_1_5' title="bbox 2008 531 3603 605">
     <span class='ocr_line' id='line_1_5' title="bbox 2008 531 3603 605; baseline 0.005 -20"><span class='ocrx_word' id='word_1_14' title='bbox 2008 531 2330 596; x_wconf 69' lang='grc' dir='ltr'>ίιιιξνεείὺιιε,</span> <span class='ocrx_word' id='word_1_15' title='bbox 2373 549 2658 603; x_wconf 90' lang='lat' dir='ltr'><strong>unumque</strong></span> <span class='ocrx_word' id='word_1_16' title='bbox 2709 533 2870 589; x_wconf 89' lang='lat' dir='ltr'><strong>simul</strong></span> <span class='ocrx_word' id='word_1_17' title='bbox 2919 534 3246 605; x_wconf 90' lang='lat' dir='ltr'><strong>perditionis</strong></span> <span class='ocrx_word' id='word_1_18' title='bbox 3274 537 3603 593; x_wconf 76' lang='lat' dir='ltr'><strong>barathrum</strong></span> 
     </span>
    </p>
   </div>
   <div class='ocr_carea' id='block_1_6' title="bbox 300 622 1896 695">
    <p class='ocr_par' dir='ltr' id='par_1_6' title="bbox 300 622 1896 695">
     <span class='ocr_line' id='line_1_6' title="bbox 300 622 1896 695; baseline -0.001 -17"><span class='ocrx_word' id='word_1_19' title='bbox 300 623 684 695; x_wconf 81' lang='grc' dir='ltr'>ὲξευρεθείσας</span> <span class='ocrx_word' id='word_1_20' title='bbox 716 623 902 687; x_wconf 83' lang='grc' dir='ltr'>αὐτοῖς</span> <span class='ocrx_word' id='word_1_21' title='bbox 947 624 1201 694; x_wconf 73' lang='grc' dir='ltr'>μυσαρὰς</span> <span class='ocrx_word' id='word_1_22' title='bbox 1233 623 1479 693; x_wconf 82' lang='grc' dir='ltr'><strong>αἱρέσεις</strong></span> <span class='ocrx_word' id='word_1_23' title='bbox 1518 622 1896 693; x_wconf 79' lang='grc' dir='ltr'>ὲπισυνάψαν-</span> 
     </span>
    </p>
   </div>
   <div class='ocr_carea' id='block_1_7' title="bbox 302 716 1897 792">
    <p class='ocr_par' dir='ltr' id='par_1_7' title="bbox 302 716 1897 792">
     <span class='ocr_line' id='line_1_7' title="bbox 302 716 1897 792; baseline -0.003 -18"><span class='ocrx_word' id='word_1_24' title='bbox 302 737 414 785; x_wconf 89' lang='grc' dir='ltr'>τες,</span> <span class='ocrx_word' id='word_1_25' title='bbox 459 720 558 774; x_wconf 69' lang='grc' dir='ltr'><strong>καὶ</strong></span> <span class='ocrx_word' id='word_1_26' title='bbox 589 718 647 773; x_wconf 85' lang='grc' dir='ltr'>ἓν</span> <span class='ocrx_word' id='word_1_27' title='bbox 691 717 969 783; x_wconf 79' lang='grc' dir='ltr'><strong>ἀπωλείας</strong></span> <span class='ocrx_word' id='word_1_28' title='bbox 1012 716 1290 792; x_wconf 83' lang='grc' dir='ltr'>βάραθρον</span> <span class='ocrx_word' id='word_1_29' title='bbox 1339 717 1754 790; x_wconf 76' lang='grc' dir='ltr'>ὲπορύξαντεςο</span> <span class='ocrx_word' id='word_1_30' title='bbox 1780 734 1794 749; x_wconf 77' lang='grc' dir='ltr'><strong>ο</strong></span> <span class='ocrx_word' id='word_1_31' title='bbox 1847 718 1897 771; x_wconf 93' lang='grc' dir='ltr'><strong>εἰ</strong></span> 
     </span>
    </p>
   </div>
   <div class='ocr_carea' id='block_1_8' title="bbox 304 810 1898 883">
    <p class='ocr_par' dir='ltr' id='par_1_8' title="bbox 304 810 1898 883">
     <span class='ocr_line' id='line_1_8' title="bbox 304 810 1898 883; baseline -0.003 -16"><span class='ocrx_word' id='word_1_32' title='bbox 304 812 415 882; x_wconf 82' lang='grc' dir='ltr'>γὰρ</span> <span class='ocrx_word' id='word_1_33' title='bbox 448 813 545 867; x_wconf 76' lang='grc' dir='ltr'><strong>καὶ</strong></span> <span class='ocrx_word' id='word_1_34' title='bbox 593 812 703 866; x_wconf 86' lang='grc' dir='ltr'><strong>τῶν</strong></span> <span class='ocrx_word' id='word_1_35' title='bbox 734 810 1146 883; x_wconf 78' lang='grc' dir='ltr'><strong>αἰσχρουργιῶν</strong></span> <span class='ocrx_word' id='word_1_36' title='bbox 1178 810 1197 849; x_wconf 73' lang='grc' dir='ltr'><em>τ</em></span> <span class='ocrx_word' id='word_1_37' title='bbox 1235 810 1417 864; x_wconf 89' lang='grc' dir='ltr'>αὐτῶν</span> <span class='ocrx_word' id='word_1_38' title='bbox 1450 811 1606 874; x_wconf 86' lang='grc' dir='ltr'>εἰσιν,</span> <span class='ocrx_word' id='word_1_39' title='bbox 1638 810 1716 874; x_wconf 81' lang='grc' dir='ltr'>ὡς</span> <span class='ocrx_word' id='word_1_40' title='bbox 1745 811 1898 865; x_wconf 83' lang='grc' dir='ltr'>αὐτοί</span> 
     </span>
    </p>
   </div>
   <div class='ocr_carea' id='block_1_9' title="bbox 304 902 1899 977">
    <p class='ocr_par' dir='ltr' id='par_1_9' title="bbox 304 902 1899 977">
     <span class='ocr_line' id='line_1_9' title="bbox 304 902 1899 977; baseline -0.001 -19"><span class='ocrx_word' id='word_1_41' title='bbox 304 921 493 974; x_wconf 78' lang='grc' dir='ltr'>φασιν,</span> <span class='ocrx_word' id='word_1_42' title='bbox 521 906 805 977; x_wconf 84' lang='grc' dir='ltr'>άμέτοχοι,</span> <span class='ocrx_word' id='word_1_43' title='bbox 835 903 973 959; x_wconf 85' lang='grc' dir='ltr'><strong>ἀλλά</strong></span> <span class='ocrx_word' id='word_1_44' title='bbox 1002 903 1112 958; x_wconf 87' lang='grc' dir='ltr'><strong>τῶν</strong></span> <span class='ocrx_word' id='word_1_45' title='bbox 1140 905 1410 976; x_wconf 76' lang='grc' dir='ltr'>αἱρέσεων</span> <span class='ocrx_word' id='word_1_46' title='bbox 1438 902 1620 958; x_wconf 85' lang='grc' dir='ltr'>αὐτῶν</span> <span class='ocrx_word' id='word_1_47' title='bbox 1648 903 1899 975; x_wconf 78' lang='grc' dir='ltr'>ἀκριϐεῖς</span> 
     </span>
    </p>
   </div>
   <div class='ocr_carea' id='block_1_10' title="bbox 301 998 704 1070">
    <p class='ocr_par' dir='ltr' id='par_1_10' title="bbox 301 998 704 1070">
     <span class='ocr_line' id='line_1_10' title="bbox 301 998 704 1070; baseline 0.002 -19"><span class='ocrx_word' id='word_1_48' title='bbox 301 999 411 1052; x_wconf 89' lang='grc' dir='ltr'>εἰσι</span> <span class='ocrx_word' id='word_1_49' title='bbox 442 998 704 1070; x_wconf 82' lang='grc' dir='ltr'>φύλακες.</span> 
     </span>
    </p>
   </div>
   <div class='ocr_carea' id='block_1_11' title="bbox 378 1088 1897 1163">
    <p class='ocr_par' dir='ltr' id='par_1_11' title="bbox 378 1088 1897 1163">
     <span class='ocr_line' id='line_1_11' title="bbox 378 1088 1897 1163; baseline 0 -20"><span class='ocrx_word' id='word_1_50' title='bbox 378 1088 457 1146; x_wconf 90' lang='lat' dir='ltr'><strong>B&#39;.</strong></span> <span class='ocrx_word' id='word_1_51' title='bbox 498 1090 841 1160; x_wconf 83' lang='grc' dir='ltr'>Ἀναγκαίως</span> <span class='ocrx_word' id='word_1_52' title='bbox 871 1090 929 1144; x_wconf 85' lang='grc' dir='ltr'>δὲ</span> <span class='ocrx_word' id='word_1_53' title='bbox 968 1088 1129 1144; x_wconf 80' lang='grc' dir='ltr'>τοῦτο</span> <span class='ocrx_word' id='word_1_54' title='bbox 1162 1090 1443 1163; x_wconf 79' lang='grc' dir='ltr'>πεποίηκα</span> <span class='ocrx_word' id='word_1_55' title='bbox 1467 1092 1515 1157; x_wconf 74' lang='grc'><strong>⁸,</strong></span> <span class='ocrx_word' id='word_1_56' title='bbox 1547 1089 1738 1161; x_wconf 78' lang='grc' dir='ltr'>ἐπειδὴ</span> <span class='ocrx_word' id='word_1_57' title='bbox 1770 1088 1897 1144; x_wconf 85' lang='grc' dir='ltr'>δου-</span> 
     </span>
    </p>
   </div>
   <div class='ocr_carea' id='block_1_12' title="bbox 304 1185 1901 1258">
    <p class='ocr_par' dir='ltr' id='par_1_12' title="bbox 304 1185 1901 1258">
     <span class='ocr_line' id='line_1_12' title="bbox 304 1185 1901 1258; baseline -0.001 -19"><span class='ocrx_word' id='word_1_58' title='bbox 304 1185 459 1251; x_wconf 88' lang='grc' dir='ltr'>λείας</span> <span class='ocrx_word' id='word_1_59' title='bbox 492 1187 637 1251; x_wconf 82' lang='grc' dir='ltr'>τινὸς</span> <span class='ocrx_word' id='word_1_60' title='bbox 668 1186 954 1258; x_wconf 83' lang='grc' dir='ltr'>βασιλικῆς</span> <span class='ocrx_word' id='word_1_61' title='bbox 1003 1186 1192 1242; x_wconf 77' lang='grc' dir='ltr'>ἕνεκεν</span> <span class='ocrx_word' id='word_1_62' title='bbox 1232 1188 1414 1239; x_wconf 77' lang='grc' dir='ltr'>ἐκεῖσε</span> <span class='ocrx_word' id='word_1_63' title='bbox 1448 1186 1901 1258; x_wconf 87' lang='grc' dir='ltr'>παραγενόμενος</span> 
     </span>
    </p>
   </div>
   <div class='ocr_carea' id='block_1_13' title="bbox 307 1276 1900 1351">
    <p class='ocr_par' dir='ltr' id='par_1_13' title="bbox 307 1276 1900 1351">
     <span class='ocr_line' id='line_1_13' title="bbox 307 1276 1900 1351; baseline -0.001 -18"><span class='ocrx_word' id='word_1_64' title='bbox 307 1280 368 1333; x_wconf 83' lang='grc' dir='ltr'>ὲν</span> <span class='ocrx_word' id='word_1_65' title='bbox 409 1278 552 1351; x_wconf 80' lang='grc' dir='ltr'>ἀρχῇ</span> <span class='ocrx_word' id='word_1_66' title='bbox 586 1281 687 1351; x_wconf 81' lang='grc' dir='ltr'>τῆς</span> <span class='ocrx_word' id='word_1_67' title='bbox 724 1278 1162 1351; x_wconf 81' lang='grc' dir='ltr'>αὐτοκρατορίας</span> <span class='ocrx_word' id='word_1_68' title='bbox 1200 1277 1490 1333; x_wconf 88' lang='grc' dir='ltr'>Βασιλείου</span> <span class='ocrx_word' id='word_1_69' title='bbox 1521 1276 1616 1332; x_wconf 81' lang='grc' dir='ltr'>τοῦ</span> <span class='ocrx_word' id='word_1_70' title='bbox 1658 1280 1722 1331; x_wconf 81' lang='grc' dir='ltr'>ὲκ</span> <span class='ocrx_word' id='word_1_71' title='bbox 1763 1277 1900 1332; x_wconf 79' lang='grc' dir='ltr'>Θεοῦ</span> 
     </span>
    </p>
   </div>
   <div class='ocr_carea' id='block_1_14' title="bbox 308 1370 1902 1443">
    <p class='ocr_par' dir='ltr' id='par_1_14' title="bbox 308 1370 1902 1443">
     <span class='ocr_line' id='line_1_14' title="bbox 308 1370 1902 1443; baseline 0.001 -20"><span class='ocrx_word' id='word_1_72' title='bbox 308 1371 836 1443; x_wconf 77' lang='grc' dir='ltr'>προκεχειρισμένον</span> <span class='ocrx_word' id='word_1_73' title='bbox 865 1370 1107 1442; x_wconf 84' lang='grc' dir='ltr'>μεγάλου</span> <span class='ocrx_word' id='word_1_74' title='bbox 1139 1371 1407 1443; x_wconf 85' lang='grc' dir='ltr'>βασιλέως</span> <span class='ocrx_word' id='word_1_75' title='bbox 1432 1371 1614 1443; x_wconf 79' lang='grc' dir='ltr'>ἡμῶν,</span> <span class='ocrx_word' id='word_1_76' title='bbox 1642 1372 1738 1426; x_wconf 83' lang='grc' dir='ltr'>τοῦ</span> <span class='ocrx_word' id='word_1_77' title='bbox 1762 1372 1902 1427; x_wconf 80' lang='grc' dir='ltr'>πᾶσι</span> 
     </span>
    </p>
   </div>
   <div class='ocr_carea' id='block_1_15' title="bbox 305 1462 1898 1537">
    <p class='ocr_par' dir='ltr' id='par_1_15' title="bbox 305 1462 1898 1537">
     <span class='ocr_line' id='line_1_15' title="bbox 305 1462 1898 1537; baseline 0 -20"><span class='ocrx_word' id='word_1_78' title='bbox 305 1464 422 1528; x_wconf 84' lang='grc' dir='ltr'>τοῖς</span> <span class='ocrx_word' id='word_1_79' title='bbox 467 1462 636 1528; x_wconf 80' lang='grc' dir='ltr'>θείοις</span> <span class='ocrx_word' id='word_1_80' title='bbox 667 1464 1006 1537; x_wconf 87' lang='grc' dir='ltr'>χαρίσμασιν</span> <span class='ocrx_word' id='word_1_81' title='bbox 1060 1463 1358 1535; x_wconf 80' lang='grc' dir='ltr'>ὑπερφυῶς</span> <span class='ocrx_word' id='word_1_82' title='bbox 1406 1464 1825 1535; x_wconf 86' lang='grc' dir='ltr'>κεκοσμημένου</span> <span class='ocrx_word' id='word_1_83' title='bbox 1846 1464 1898 1530; x_wconf 80' lang='lat' dir='ltr'><strong>h,</strong></span> 
     </span>
    </p>
   </div>
   <div class='ocr_carea' id='block_1_16' title="bbox 306 1553 1901 1627">
    <p class='ocr_par' dir='ltr' id='par_1_16' title="bbox 306 1553 1901 1627">
     <span class='ocr_line' id='line_1_16' title="bbox 306 1553 1901 1627; baseline -0.001 -17"><span class='ocrx_word' id='word_1_84' title='bbox 306 1555 403 1610; x_wconf 82' lang='grc' dir='ltr'>τοῦ</span> <span class='ocrx_word' id='word_1_85' title='bbox 429 1556 669 1621; x_wconf 74' lang='grc' dir='ltr'>εὐσεϐῶς</span> <span class='ocrx_word' id='word_1_86' title='bbox 688 1556 783 1610; x_wconf 73' lang='grc' dir='ltr'>καὶ</span> <span class='ocrx_word' id='word_1_87' title='bbox 805 1556 1071 1625; x_wconf 70' lang='grc' dir='ltr'>θεοφιλῶς</span> <span class='ocrx_word' id='word_1_88' title='bbox 1100 1555 1169 1609; x_wconf 75' lang='grc' dir='ltr'>τὰ</span> <span class='ocrx_word' id='word_1_89' title='bbox 1194 1555 1295 1627; x_wconf 85' lang='grc' dir='ltr'><strong>τῆς</strong></span> <span class='ocrx_word' id='word_1_90' title='bbox 1336 1553 1681 1626; x_wconf 83' lang='grc' dir='ltr'>Ῥωμαῖκῆς,</span> <span class='ocrx_word' id='word_1_91' title='bbox 1703 1554 1901 1609; x_wconf 79' lang='grc' dir='ltr'>ταύτὸν</span> 
     </span>
    </p>
   </div>
   <div class='ocr_carea' id='block_1_17' title="bbox 307 1647 1902 1721">
    <p class='ocr_par' dir='ltr' id='par_1_17' title="bbox 307 1647 1902 1721">
     <span class='ocr_line' id='line_1_17' title="bbox 307 1647 1902 1721; baseline 0 -19"><span class='ocrx_word' id='word_1_92' title='bbox 307 1648 354 1702; x_wconf 87' lang='grc' dir='ltr'>δ’</span> <span class='ocrx_word' id='word_1_93' title='bbox 385 1650 562 1703; x_wconf 88' lang='grc' dir='ltr'>εἰπεῖν</span> <span class='ocrx_word' id='word_1_94' title='bbox 589 1649 686 1702; x_wconf 80' lang='grc' dir='ltr'><strong>καὶ</strong></span> <span class='ocrx_word' id='word_1_95' title='bbox 720 1647 1295 1721; x_wconf 79' lang='grc' dir='ltr'>Χριστιανικωτάτης,</span> <span class='ocrx_word' id='word_1_96' title='bbox 1332 1647 1510 1718; x_wconf 81' lang='grc' dir='ltr'>ἀρχῆς</span> <span class='ocrx_word' id='word_1_97' title='bbox 1544 1647 1613 1702; x_wconf 73' lang='grc' dir='ltr'>τὰ</span> <span class='ocrx_word' id='word_1_98' title='bbox 1647 1647 1902 1719; x_wconf 82' lang='grc' dir='ltr'>σκῆπτρα</span> 
     </span>
    </p>
   </div>
   <div class='ocr_carea' id='block_1_18' title="bbox 307 1738 1889 1811">
    <p class='ocr_par' dir='ltr' id='par_1_18' title="bbox 307 1738 1889 1811">
     <span class='ocr_line' id='line_1_18' title="bbox 307 1738 1889 1811; baseline -0.003 -15"><span class='ocrx_word' id='word_1_99' title='bbox 307 1742 589 1806; x_wconf 79' lang='grc' dir='ltr'>διέποντος</span> <span class='ocrx_word' id='word_1_100' title='bbox 609 1760 623 1773; x_wconf 88' lang='grc'><strong>·</strong></span> <span class='ocrx_word' id='word_1_101' title='bbox 656 1741 793 1796; x_wconf 68' lang='grc' dir='ltr'>ἀλλὰ</span> <span class='ocrx_word' id='word_1_102' title='bbox 828 1741 924 1796; x_wconf 73' lang='grc' dir='ltr'>καὶ</span> <span class='ocrx_word' id='word_1_103' title='bbox 950 1742 1030 1804; x_wconf 85' lang='grc' dir='ltr'>εἰς</span> <span class='ocrx_word' id='word_1_104' title='bbox 1063 1739 1264 1804; x_wconf 81' lang='grc' dir='ltr'>πολλὰς</span> <span class='ocrx_word' id='word_1_105' title='bbox 1315 1738 1453 1792; x_wconf 82' lang='grc' dir='ltr'>ἐτῶν</span> <span class='ocrx_word' id='word_1_106' title='bbox 1489 1739 1777 1811; x_wconf 85' lang='grc' dir='ltr'>περιόδους</span> <span class='ocrx_word' id='word_1_107' title='bbox 1808 1740 1889 1793; x_wconf 74' lang='grc' dir='ltr'>διο</span> 
     </span>
    </p>
   </div>
   <div class='ocr_carea' id='block_1_19' title="bbox 310 1830 1906 1905">
    <p class='ocr_par' dir='ltr' id='par_1_19' title="bbox 310 1830 1906 1905">
     <span class='ocr_line' id='line_1_19' title="bbox 310 1830 1906 1905; baseline 0 -19"><span class='ocrx_word' id='word_1_108' title='bbox 310 1831 574 1903; x_wconf 76' lang='grc' dir='ltr'>έψοντοςί</span> <span class='ocrx_word' id='word_1_109' title='bbox 611 1833 763 1905; x_wconf 73' lang='grc' dir='ltr'><strong>ἆμαί</strong></span> <span class='ocrx_word' id='word_1_110' title='bbox 812 1835 924 1898; x_wconf 88' lang='grc' dir='ltr'>τοῖς</span> <span class='ocrx_word' id='word_1_111' title='bbox 952 1832 1129 1900; x_wconf 78' lang='grc' dir='ltr'>ἁγίοις</span> <span class='ocrx_word' id='word_1_112' title='bbox 1157 1830 1324 1886; x_wconf 85' lang='grc' dir='ltr'>αὐτοῦ</span> <span class='ocrx_word' id='word_1_113' title='bbox 1355 1830 1529 1885; x_wconf 82' lang='grc' dir='ltr'>υἱέσιν</span> <span class='ocrx_word' id='word_1_114' title='bbox 1564 1833 1658 1886; x_wconf 78' lang='grc' dir='ltr'><strong>καὶ</strong></span> <span class='ocrx_word' id='word_1_115' title='bbox 1690 1831 1906 1886; x_wconf 67' lang='grc' dir='ltr'>θεοστέα</span> 
     </span>
    </p>
   </div>
   <div class='ocr_carea' id='block_1_20' title="bbox 311 1907 1979 1997">
    <p class='ocr_par' dir='ltr' id='par_1_20' title="bbox 311 1907 1979 1997">
     <span class='ocr_line' id='line_1_20' title="bbox 311 1907 1979 1997; baseline -0.001 -18"><span class='ocrx_word' id='word_1_116' title='bbox 311 1942 473 1990; x_wconf 85' lang='grc' dir='ltr'>πτοις</span> <span class='ocrx_word' id='word_1_117' title='bbox 517 1925 837 1996; x_wconf 81' lang='grc' dir='ltr'>βασιλεῦσιν</span> <span class='ocrx_word' id='word_1_118' title='bbox 865 1925 1022 1996; x_wconf 81' lang='grc' dir='ltr'>ἡμῶν</span> <span class='ocrx_word' id='word_1_119' title='bbox 1054 1925 1153 1996; x_wconf 69' lang='grc'><strong>(4),</strong></span> <span class='ocrx_word' id='word_1_120' title='bbox 1198 1918 1273 1980; x_wconf 84' lang='grc' dir='ltr'>ὧν</span> <span class='ocrx_word' id='word_1_121' title='bbox 1302 1925 1661 1997; x_wconf 80' lang='grc' dir='ltr'>ἀνεπίληστος</span> <span class='ocrx_word' id='word_1_122' title='bbox 1691 1924 1786 1979; x_wconf 69' lang='grc' dir='ltr'>καὶ</span> <span class='ocrx_word' id='word_1_123' title='bbox 1811 1924 1904 1979; x_wconf 82' lang='grc' dir='ltr'><strong>ἄλ·</strong></span> <span class='ocrx_word' id='word_1_124' title='bbox 1930 1907 1979 1966; x_wconf 82' lang='grc' dir='ltr'><strong>Β</strong></span> 
     </span>
    </p>
   </div>
   <div class='ocr_carea' id='block_1_21' title="bbox 306 2013 1904 2087">
    <p class='ocr_par' dir='ltr' id='par_1_21' title="bbox 306 2013 1904 2087">
     <span class='ocr_line' id='line_1_21' title="bbox 306 2013 1904 2087; baseline 0.001 -20"><span class='ocrx_word' id='word_1_125' title='bbox 306 2013 507 2085; x_wconf 82' lang='grc' dir='ltr'>ληκτος</span> <span class='ocrx_word' id='word_1_126' title='bbox 526 2013 552 2052; x_wconf 74' lang='grc' dir='ltr'><strong>¹κ</strong></span> <span class='ocrx_word' id='word_1_127' title='bbox 583 2014 675 2069; x_wconf 78' lang='grc' dir='ltr'><strong>καὶ</strong></span> <span class='ocrx_word' id='word_1_128' title='bbox 704 2014 900 2069; x_wconf 86' lang='grc' dir='ltr'>αἰωνία</span> <span class='ocrx_word' id='word_1_129' title='bbox 926 2015 959 2085; x_wconf 79' lang='grc' dir='ltr'>ἡ</span> <span class='ocrx_word' id='word_1_130' title='bbox 982 2014 1174 2087; x_wconf 82' lang='grc' dir='ltr'>μνήμη</span> <span class='ocrx_word' id='word_1_131' title='bbox 1207 2015 1305 2069; x_wconf 79' lang='grc' dir='ltr'><strong>καὶ</strong></span> <span class='ocrx_word' id='word_1_132' title='bbox 1325 2016 1383 2068; x_wconf 84' lang='grc' dir='ltr'>ὲν</span> <span class='ocrx_word' id='word_1_133' title='bbox 1406 2013 1485 2087; x_wconf 82' lang='grc' dir='ltr'>τῷ</span> <span class='ocrx_word' id='word_1_134' title='bbox 1505 2014 1600 2069; x_wconf 79' lang='grc' dir='ltr'>νῦν</span> <span class='ocrx_word' id='word_1_135' title='bbox 1622 2014 1781 2068; x_wconf 83' lang='grc' dir='ltr'>αἰῶνι</span> <span class='ocrx_word' id='word_1_136' title='bbox 1808 2014 1904 2068; x_wconf 80' lang='grc' dir='ltr'><strong>καὶ</strong></span> 
     </span>
    </p>
   </div>
   <div class='ocr_carea' id='block_1_22' title="bbox 308 2105 1903 2178">
    <p class='ocr_par' dir='ltr' id='par_1_22' title="bbox 308 2105 1903 2178">
     <span class='ocr_line' id='line_1_22' title="bbox 308 2105 1903 2178; baseline 0.001 -22"><span class='ocrx_word' id='word_1_137' title='bbox 308 2105 370 2158; x_wconf 84' lang='grc' dir='ltr'><strong>ὲν</strong></span> <span class='ocrx_word' id='word_1_138' title='bbox 394 2105 473 2176; x_wconf 80' lang='grc' dir='ltr'>τῷ</span> <span class='ocrx_word' id='word_1_139' title='bbox 509 2105 758 2176; x_wconf 84' lang='grc' dir='ltr'>μέλλοντι</span> <span class='ocrx_word' id='word_1_140' title='bbox 785 2105 1203 2177; x_wconf 81' lang='grc' dir='ltr'>διαφυλαχθείη,</span> <span class='ocrx_word' id='word_1_141' title='bbox 1233 2107 1426 2178; x_wconf 81' lang='grc' dir='ltr'>εὐχαῖς</span> <span class='ocrx_word' id='word_1_142' title='bbox 1455 2107 1551 2161; x_wconf 79' lang='grc' dir='ltr'><strong>καὶ</strong></span> <span class='ocrx_word' id='word_1_143' title='bbox 1581 2106 1903 2178; x_wconf 78' lang='grc' dir='ltr'>πρεσϐείαις</span> 
     </span>
    </p>
   </div>
   <div class='ocr_carea' id='block_1_23' title="bbox 306 2193 1905 2269">
    <p class='ocr_par' dir='ltr' id='par_1_23' title="bbox 306 2193 1905 2269">
     <span class='ocr_line' id='line_1_23' title="bbox 306 2193 1905 2269; baseline 0.002 -22"><span class='ocrx_word' id='word_1_144' title='bbox 306 2193 407 2265; x_wconf 82' lang='grc' dir='ltr'>τῆς</span> <span class='ocrx_word' id='word_1_145' title='bbox 430 2194 739 2265; x_wconf 86' lang='grc' dir='ltr'>ύπεραγίας</span> <span class='ocrx_word' id='word_1_146' title='bbox 766 2195 1065 2265; x_wconf 85' lang='grc' dir='ltr'>Δεσποίνης</span> <span class='ocrx_word' id='word_1_147' title='bbox 1093 2196 1254 2267; x_wconf 79' lang='grc' dir='ltr'>ἡμῶν</span> <span class='ocrx_word' id='word_1_148' title='bbox 1270 2195 1652 2265; x_wconf 72' lang='grc' dir='ltr'>Θεοτόκουζκαὶ</span> <span class='ocrx_word' id='word_1_149' title='bbox 1676 2199 1905 2269; x_wconf 87' lang='grc' dir='ltr'>άειπαρ-</span> 
     </span>
    </p>
   </div>
   <div class='ocr_carea' id='block_1_24' title="bbox 307 2286 1903 2361">
    <p class='ocr_par' dir='ltr' id='par_1_24' title="bbox 307 2286 1903 2361">
     <span class='ocr_line' id='line_1_24' title="bbox 307 2286 1903 2361; baseline 0.003 -20"><span class='ocrx_word' id='word_1_150' title='bbox 307 2286 463 2343; x_wconf 88' lang='grc' dir='ltr'>θένου</span> <span class='ocrx_word' id='word_1_151' title='bbox 493 2288 740 2361; x_wconf 88' lang='grc' dir='ltr'>Μαρίας,</span> <span class='ocrx_word' id='word_1_152' title='bbox 771 2289 867 2343; x_wconf 75' lang='grc' dir='ltr'>καὶ</span> <span class='ocrx_word' id='word_1_153' title='bbox 890 2289 1112 2344; x_wconf 87' lang='grc' dir='ltr'>πάντων</span> <span class='ocrx_word' id='word_1_154' title='bbox 1135 2289 1243 2346; x_wconf 85' lang='grc' dir='ltr'><strong>τῶν</strong></span> <span class='ocrx_word' id='word_1_155' title='bbox 1269 2290 1462 2360; x_wconf 81' lang='grc' dir='ltr'>ἁγίων.</span> <span class='ocrx_word' id='word_1_156' title='bbox 1502 2290 1569 2344; x_wconf 87' lang='grc' dir='ltr'>Ἡ</span> <span class='ocrx_word' id='word_1_157' title='bbox 1598 2292 1655 2345; x_wconf 80' lang='grc' dir='ltr'><strong>δὲ</strong></span> <span class='ocrx_word' id='word_1_158' title='bbox 1685 2290 1903 2345; x_wconf 84' lang='grc' dir='ltr'>δουλεία</span> 
     </span>
    </p>
   </div>
   <div class='ocr_carea' id='block_1_25' title="bbox 306 2377 1902 2456">
    <p class='ocr_par' dir='ltr' id='par_1_25' title="bbox 306 2377 1902 2456">
     <span class='ocr_line' id='line_1_25' title="bbox 306 2377 1902 2456; baseline 0.003 -22"><span class='ocrx_word' id='word_1_159' title='bbox 306 2379 489 2453; x_wconf 81' lang='grc' dir='ltr'>ἡμῶν,</span> <span class='ocrx_word' id='word_1_160' title='bbox 533 2381 899 2454; x_wconf 80' lang='grc' dir='ltr'>αἰχμαλώτων</span> <span class='ocrx_word' id='word_1_161' title='bbox 949 2377 1017 2454; x_wconf 80' lang='grc' dir='ltr'>ἦν</span> <span class='ocrx_word' id='word_1_162' title='bbox 1052 2383 1340 2454; x_wconf 82' lang='grc' dir='ltr'>ὐπαλλαγὴ</span> <span class='ocrx_word' id='word_1_163' title='bbox 1370 2383 1470 2455; x_wconf 83' lang='lat'><strong>(5),</strong></span> <span class='ocrx_word' id='word_1_164' title='bbox 1515 2384 1639 2456; x_wconf 76' lang='grc' dir='ltr'>ἥτις</span> <span class='ocrx_word' id='word_1_165' title='bbox 1678 2384 1771 2438; x_wconf 77' lang='grc' dir='ltr'>καὶ</span> <span class='ocrx_word' id='word_1_166' title='bbox 1803 2402 1902 2438; x_wconf 91' lang='grc' dir='ltr'>κα-</span> 
     </span>
    </p>
   </div>
   <div class='ocr_carea' id='block_1_26' title="bbox 305 2473 1906 2550">
    <p class='ocr_par' dir='ltr' id='par_1_26' title="bbox 305 2473 1906 2550">
     <span class='ocr_line' id='line_1_26' title="bbox 305 2473 1906 2550; baseline 0.004 -24"><span class='ocrx_word' id='word_1_167' title='bbox 305 2473 417 2537; x_wconf 86' lang='grc' dir='ltr'><strong>λῶς</strong></span> <span class='ocrx_word' id='word_1_168' title='bbox 443 2473 737 2545; x_wconf 81' lang='grc' dir='ltr'>γεγένηται</span> <span class='ocrx_word' id='word_1_169' title='bbox 774 2475 833 2530; x_wconf 83' lang='grc' dir='ltr'>ὲν</span> <span class='ocrx_word' id='word_1_170' title='bbox 862 2478 931 2547; x_wconf 79' lang='grc' dir='ltr'>τῇ</span> <span class='ocrx_word' id='word_1_171' title='bbox 962 2476 1075 2548; x_wconf 81' lang='grc' dir='ltr'><strong>ζωῇ</strong></span> <span class='ocrx_word' id='word_1_172' title='bbox 1107 2477 1204 2531; x_wconf 76' lang='grc' dir='ltr'>καὶ</span> <span class='ocrx_word' id='word_1_173' title='bbox 1248 2478 1394 2550; x_wconf 80' lang='grc' dir='ltr'>χαρᾷ</span> <span class='ocrx_word' id='word_1_174' title='bbox 1419 2477 1519 2549; x_wconf 88' lang='grc' dir='ltr'>τῆς</span> <span class='ocrx_word' id='word_1_175' title='bbox 1551 2477 1717 2547; x_wconf 84' lang='grc' dir='ltr'>ἁγίας</span> <span class='ocrx_word' id='word_1_176' title='bbox 1750 2477 1906 2549; x_wconf 85' lang='grc' dir='ltr'>βασι-</span> 
     </span>
    </p>
   </div>
   <div class='ocr_carea' id='block_1_27' title="bbox 306 2562 1905 2640">
    <p class='ocr_par' dir='ltr' id='par_1_27' title="bbox 306 2562 1905 2640">
     <span class='ocr_line' id='line_1_27' title="bbox 306 2562 1905 2640; baseline 0.004 -24"><span class='ocrx_word' id='word_1_177' title='bbox 306 2562 459 2628; x_wconf 86' lang='grc' dir='ltr'>λείας</span> <span class='ocrx_word' id='word_1_178' title='bbox 486 2562 686 2621; x_wconf 88' lang='grc' dir='ltr'>αὐτῶν.</span> <span class='ocrx_word' id='word_1_179' title='bbox 720 2564 1169 2637; x_wconf 81' lang='grc' dir='ltr'>Χρονοτριὸἡσας</span> <span class='ocrx_word' id='word_1_180' title='bbox 1197 2566 1380 2620; x_wconf 87' lang='grc' dir='ltr'>τοίνυν</span> <span class='ocrx_word' id='word_1_181' title='bbox 1414 2567 1472 2620; x_wconf 81' lang='grc' dir='ltr'>ἐν</span> <span class='ocrx_word' id='word_1_182' title='bbox 1508 2570 1575 2639; x_wconf 81' lang='grc' dir='ltr'>τῇ</span> <span class='ocrx_word' id='word_1_183' title='bbox 1610 2568 1751 2640; x_wconf 81' lang='grc' dir='ltr'>αὐτῇ</span> <span class='ocrx_word' id='word_1_184' title='bbox 1782 2568 1905 2623; x_wconf 85' lang='grc' dir='ltr'>δου-</span> 
     </span>
    </p>
   </div>
   <div class='ocr_carea' id='block_1_28' title="bbox 306 2655 1906 2734">
    <p class='ocr_par' dir='ltr' id='par_1_28' title="bbox 306 2655 1906 2734">
     <span class='ocr_line' id='line_1_28' title="bbox 306 2655 1906 2734; baseline 0.003 -22"><span class='ocrx_word' id='word_1_185' title='bbox 306 2655 432 2729; x_wconf 75' lang='grc' dir='ltr'>λείᾳ</span> <span class='ocrx_word' id='word_1_186' title='bbox 480 2657 618 2730; x_wconf 72' lang='grc' dir='ltr'>πρὸς</span> <span class='ocrx_word' id='word_1_187' title='bbox 656 2657 784 2724; x_wconf 77' lang='grc' dir='ltr'>τοὺς</span> <span class='ocrx_word' id='word_1_188' title='bbox 836 2657 1237 2723; x_wconf 86' lang='grc' dir='ltr'>Παυλικιάνους</span> <span class='ocrx_word' id='word_1_189' title='bbox 1286 2662 1344 2713; x_wconf 85' lang='grc' dir='ltr'>ἐν</span> <span class='ocrx_word' id='word_1_190' title='bbox 1378 2658 1613 2732; x_wconf 79' lang='grc' dir='ltr'>Τιϐρικῇ</span> <span class='ocrx_word' id='word_1_191' title='bbox 1661 2661 1761 2734; x_wconf 88' lang='lat'><strong>(6),</strong></span> <span class='ocrx_word' id='word_1_192' title='bbox 1808 2663 1906 2716; x_wconf 74' lang='grc' dir='ltr'><strong>καὶ</strong></span> 
     </span>
    </p>
   </div>
   <div class='ocr_carea' id='block_1_29' title="bbox 308 2748 1905 2828">
    <p class='ocr_par' dir='ltr' id='par_1_29' title="bbox 308 2748 1905 2828">
     <span class='ocr_line' id='line_1_29' title="bbox 308 2748 1905 2828; baseline 0.004 -24"><span class='ocrx_word' id='word_1_193' title='bbox 308 2748 572 2815; x_wconf 79' lang='grc' dir='ltr'>πολλάκις</span> <span class='ocrx_word' id='word_1_194' title='bbox 616 2751 799 2815; x_wconf 85' lang='grc' dir='ltr'>αὐτοῖς</span> <span class='ocrx_word' id='word_1_195' title='bbox 847 2752 1170 2824; x_wconf 73' lang='grc' dir='ltr'>διαλεχθεὶς,</span> <span class='ocrx_word' id='word_1_196' title='bbox 1204 2752 1266 2806; x_wconf 89' lang='grc' dir='ltr'><strong>οὐ</strong></span> <span class='ocrx_word' id='word_1_197' title='bbox 1300 2753 1407 2826; x_wconf 80' lang='grc' dir='ltr'>μὴν</span> <span class='ocrx_word' id='word_1_198' title='bbox 1436 2754 1575 2808; x_wconf 87' lang='grc' dir='ltr'><strong>ἀλλά</strong></span> <span class='ocrx_word' id='word_1_199' title='bbox 1607 2755 1705 2809; x_wconf 73' lang='grc' dir='ltr'><strong>καὶ</strong></span> <span class='ocrx_word' id='word_1_200' title='bbox 1751 2757 1905 2828; x_wconf 79' lang='grc' dir='ltr'>παρὰ</span> 
     </span>
    </p>
   </div>
   <div class='ocr_carea' id='block_1_30' title="bbox 308 2844 1907 2919">
    <p class='ocr_par' dir='ltr' id='par_1_30' title="bbox 308 2844 1907 2919">
     <span class='ocr_line' id='line_1_30' title="bbox 308 2844 1907 2919; baseline 0.003 -21"><span class='ocrx_word' id='word_1_201' title='bbox 308 2844 526 2899; x_wconf 86' lang='grc' dir='ltr'>πολλῶν</span> <span class='ocrx_word' id='word_1_202' title='bbox 555 2844 856 2917; x_wconf 79' lang='grc' dir='ltr'>ὀρθοδόξων</span> <span class='ocrx_word' id='word_1_203' title='bbox 883 2848 1065 2900; x_wconf 77' lang='grc' dir='ltr'>ἐκεῖσε</span> <span class='ocrx_word' id='word_1_204' title='bbox 1092 2844 1112 2886; x_wconf 83' lang='grc' dir='ltr'>ι</span> <span class='ocrx_word' id='word_1_205' title='bbox 1148 2847 1556 2903; x_wconf 81' lang='grc' dir='ltr'>κατοικούντων</span> <span class='ocrx_word' id='word_1_206' title='bbox 1582 2848 1907 2919; x_wconf 76' lang='grc' dir='ltr'>ἀκριϐέστε-</span> 
     </span>
    </p>
   </div>
   <div class='ocr_carea' id='block_1_31' title="bbox 308 2938 1906 3015">
    <p class='ocr_par' dir='ltr' id='par_1_31' title="bbox 308 2938 1906 3015">
     <span class='ocr_line' id='line_1_31' title="bbox 308 2938 1906 3015; baseline 0.003 -24"><span class='ocrx_word' id='word_1_207' title='bbox 308 2954 405 3008; x_wconf 88' lang='grc' dir='ltr'><strong>ρον</strong></span> <span class='ocrx_word' id='word_1_208' title='bbox 433 2938 502 2993; x_wconf 74' lang='grc' dir='ltr'>τὰ</span> <span class='ocrx_word' id='word_1_209' title='bbox 534 2938 665 3011; x_wconf 66' lang='grc' dir='ltr'><strong>’περί¹</strong></span> <span class='ocrx_word' id='word_1_210' title='bbox 696 2939 877 2993; x_wconf 86' lang='grc' dir='ltr'>αὐτῶν</span> <span class='ocrx_word' id='word_1_211' title='bbox 909 2938 1128 3011; x_wconf 60' lang='grc' dir='ltr'>μαθών</span> <span class='ocrx_word' id='word_1_212' title='bbox 1157 2940 1308 3014; x_wconf 67' lang='grc' dir='ltr'><strong>[60ιί.</strong></span> <span class='ocrx_word' id='word_1_213' title='bbox 1341 2940 1381 2997; x_wconf 81' lang='lat' dir='ltr'><strong>f.</strong></span> <span class='ocrx_word' id='word_1_214' title='bbox 1415 2941 1504 2997; x_wconf 86' lang='lat'><strong>8|.</strong></span> <span class='ocrx_word' id='word_1_215' title='bbox 1538 2941 1619 3015; x_wconf 78' lang='lat'><strong>1).]</strong></span> <span class='ocrx_word' id='word_1_216' title='bbox 1652 2942 1814 2996; x_wconf 86' lang='grc' dir='ltr'>πάλιν</span> <span class='ocrx_word' id='word_1_217' title='bbox 1847 2943 1906 2996; x_wconf 79' lang='grc' dir='ltr'>δὲ</span> 
     </span>
    </p>
   </div>
   <div class='ocr_carea' id='block_1_32' title="bbox 306 3030 1905 3105">
    <p class='ocr_par' dir='ltr' id='par_1_32' title="bbox 306 3030 1905 3105">
     <span class='ocr_line' id='line_1_32' title="bbox 306 3030 1905 3105; baseline 0.003 -20"><span class='ocrx_word' id='word_1_218' title='bbox 306 3030 406 3085; x_wconf 75' lang='grc' dir='ltr'><strong>καὶ</strong></span> <span class='ocrx_word' id='word_1_219' title='bbox 436 3031 544 3084; x_wconf 86' lang='grc' dir='ltr'><strong>τῶν</strong></span> <span class='ocrx_word' id='word_1_220' title='bbox 588 3031 805 3087; x_wconf 74' lang='grc' dir='ltr'>ἀσεϐῶν</span> <span class='ocrx_word' id='word_1_221' title='bbox 834 3033 1063 3086; x_wconf 79' lang='grc' dir='ltr'>ἐκείνων</span> <span class='ocrx_word' id='word_1_222' title='bbox 1092 3033 1335 3097; x_wconf 81' lang='grc' dir='ltr'>ἀκούσας</span> <span class='ocrx_word' id='word_1_223' title='bbox 1371 3034 1801 3105; x_wconf 74' lang='grc' dir='ltr'>φληναφούντων</span> <span class='ocrx_word' id='word_1_224' title='bbox 1830 3036 1905 3101; x_wconf 87' lang='grc' dir='ltr'>ὼς</span> 
     </span>
    </p>
   </div>
   <div class='ocr_carea' id='block_1_33' title="bbox 309 3122 1907 3195">
    <p class='ocr_par' dir='ltr' id='par_1_33' title="bbox 309 3122 1907 3195">
     <span class='ocr_line' id='line_1_33' title="bbox 309 3122 1907 3195; baseline 0.003 -19"><span class='ocrx_word' id='word_1_225' title='bbox 309 3122 600 3195; x_wconf 79' lang='grc' dir='ltr'>μέλλουσιν</span> <span class='ocrx_word' id='word_1_226' title='bbox 635 3122 695 3188; x_wconf 80' lang='grc' dir='ltr'>ἐξ</span> <span class='ocrx_word' id='word_1_227' title='bbox 721 3123 900 3178; x_wconf 89' lang='grc' dir='ltr'>αὐτῶν</span> <span class='ocrx_word' id='word_1_228' title='bbox 937 3125 1163 3179; x_wconf 80' lang='grc' dir='ltr'>ἐκείνων</span> <span class='ocrx_word' id='word_1_229' title='bbox 1205 3126 1563 3181; x_wconf 80' lang='grc' dir='ltr'>ἀποστέλλειν</span> <span class='ocrx_word' id='word_1_230' title='bbox 1593 3128 1652 3181; x_wconf 75' lang='grc' dir='ltr'>ἐν</span> <span class='ocrx_word' id='word_1_231' title='bbox 1680 3128 1794 3189; x_wconf 87' lang='grc' dir='ltr'>τοῖς</span> <span class='ocrx_word' id='word_1_232' title='bbox 1817 3127 1907 3181; x_wconf 80' lang='grc' dir='ltr'><strong>τό·</strong></span> 
     </span>
    </p>
   </div>
   <div class='ocr_carea' id='block_1_34' title="bbox 306 3216 1974 3321">
    <p class='ocr_par' dir='ltr' id='par_1_34' title="bbox 306 3216 1974 3321">
     <span class='ocr_line' id='line_1_34' title="bbox 306 3216 1974 3321; baseline 0.002 -52"><span class='ocrx_word' id='word_1_233' title='bbox 306 3232 433 3280; x_wconf 89' lang='grc' dir='ltr'>ποις</span> <span class='ocrx_word' id='word_1_234' title='bbox 466 3216 804 3288; x_wconf 80' lang='grc' dir='ltr'>Βουλγαρίας</span> <span class='ocrx_word' id='word_1_235' title='bbox 830 3217 926 3271; x_wconf 75' lang='grc' dir='ltr'>τοῦ</span> <span class='ocrx_word' id='word_1_236' title='bbox 957 3218 1263 3289; x_wconf 78' lang='grc' dir='ltr'>ἁποστῆσαί</span> <span class='ocrx_word' id='word_1_237' title='bbox 1293 3236 1445 3283; x_wconf 87' lang='grc' dir='ltr'>τινας</span> <span class='ocrx_word' id='word_1_238' title='bbox 1479 3218 1582 3290; x_wconf 78' lang='grc' dir='ltr'>τῆς</span> <span class='ocrx_word' id='word_1_239' title='bbox 1615 3218 1903 3290; x_wconf 76' lang='grc' dir='ltr'>ὀρθοδὸξου</span> <span class='ocrx_word' id='word_1_240' title='bbox 1929 3258 1974 3321; x_wconf 78' lang='lat' dir='ltr'><strong>C</strong></span> 
     </span>
    </p>
   </div>
   <div class='ocr_carea' id='block_1_35' title="bbox 310 3309 1903 3385">
    <p class='ocr_par' dir='ltr' id='par_1_35' title="bbox 310 3309 1903 3385">
     <span class='ocr_line' id='line_1_35' title="bbox 310 3309 1903 3385; baseline 0.002 -22"><span class='ocrx_word' id='word_1_241' title='bbox 310 3309 546 3373; x_wconf 83' lang='grc' dir='ltr'>πίστεως</span> <span class='ocrx_word' id='word_1_242' title='bbox 600 3310 697 3363; x_wconf 81' lang='grc' dir='ltr'>καὶ</span> <span class='ocrx_word' id='word_1_243' title='bbox 760 3310 899 3381; x_wconf 82' lang='grc' dir='ltr'>πρὸς</span> <span class='ocrx_word' id='word_1_244' title='bbox 942 3311 1043 3381; x_wconf 82' lang='grc' dir='ltr'>τὴν</span> <span class='ocrx_word' id='word_1_245' title='bbox 1092 3312 1306 3366; x_wconf 85' lang='grc' dir='ltr'>οἰκείαν</span> <span class='ocrx_word' id='word_1_246' title='bbox 1355 3312 1453 3365; x_wconf 68' lang='grc' dir='ltr'><strong>καὶ</strong></span> <span class='ocrx_word' id='word_1_247' title='bbox 1503 3313 1903 3385; x_wconf 81' lang='grc' dir='ltr'>μεμιαμμένην</span> 
     </span>
    </p>
   </div>
   <div class='ocr_carea' id='block_1_36' title="bbox 307 3403 1903 3478">
    <p class='ocr_par' dir='ltr' id='par_1_36' title="bbox 307 3403 1903 3478">
     <span class='ocr_line' id='line_1_36' title="bbox 307 3403 1903 3478; baseline 0.001 -21"><span class='ocrx_word' id='word_1_248' title='bbox 307 3403 523 3475; x_wconf 80' lang='grc' dir='ltr'>αἵρεσιν</span> <span class='ocrx_word' id='word_1_249' title='bbox 575 3403 1012 3470; x_wconf 73' lang='grc' dir='ltr'>ἐπισπάσασθαι,</span> <span class='ocrx_word' id='word_1_250' title='bbox 1054 3407 1122 3477; x_wconf 79' lang='grc' dir='ltr'>τῇ</span> <span class='ocrx_word' id='word_1_251' title='bbox 1182 3406 1331 3478; x_wconf 81' lang='grc' dir='ltr'>ἀρχῇ</span> <span class='ocrx_word' id='word_1_252' title='bbox 1383 3404 1481 3461; x_wconf 82' lang='grc' dir='ltr'>τοῦ</span> <span class='ocrx_word' id='word_1_253' title='bbox 1531 3405 1678 3460; x_wconf 89' lang='grc' dir='ltr'>θείου</span> <span class='ocrx_word' id='word_1_254' title='bbox 1725 3407 1903 3478; x_wconf 79' lang='grc' dir='ltr'>κηρύ-</span> 
     </span>
    </p>
   </div>
   <div class='ocr_carea' id='block_1_37' title="bbox 307 3495 1907 3569">
    <p class='ocr_par' dir='ltr' id='par_1_37' title="bbox 307 3495 1907 3569">
     <span class='ocr_line' id='line_1_37' title="bbox 307 3495 1907 3569; baseline 0.001 -20"><span class='ocrx_word' id='word_1_255' title='bbox 307 3513 524 3567; x_wconf 86' lang='grc' dir='ltr'>γματος</span> <span class='ocrx_word' id='word_1_256' title='bbox 554 3495 908 3569; x_wconf 70' lang='grc' dir='ltr'>θαρροῦντες,</span> <span class='ocrx_word' id='word_1_257' title='bbox 946 3497 1042 3551; x_wconf 79' lang='grc' dir='ltr'><strong>καὶ</strong></span> <span class='ocrx_word' id='word_1_258' title='bbox 1069 3497 1309 3568; x_wconf 84' lang='grc' dir='ltr'>οἰόμενοι</span> <span class='ocrx_word' id='word_1_259' title='bbox 1348 3497 1426 3562; x_wconf 87' lang='grc' dir='ltr'>ὡς</span> <span class='ocrx_word' id='word_1_260' title='bbox 1460 3497 1703 3562; x_wconf 81' lang='grc' dir='ltr'>εὐκόλως</span> <span class='ocrx_word' id='word_1_261' title='bbox 1748 3497 1907 3569; x_wconf 78' lang='grc' dir='ltr'>δυνή-</span> 
     </span>
    </p>
   </div>
   <div class='ocr_carea' id='block_1_38' title="bbox 306 3588 1905 3663">
    <p class='ocr_par' dir='ltr' id='par_1_38' title="bbox 306 3588 1905 3663">
     <span class='ocr_line' id='line_1_38' title="bbox 306 3588 1905 3663; baseline 0.001 -20"><span class='ocrx_word' id='word_1_262' title='bbox 306 3606 495 3644; x_wconf 88' lang='grc' dir='ltr'>σονται</span> <span class='ocrx_word' id='word_1_263' title='bbox 520 3588 599 3661; x_wconf 81' lang='grc' dir='ltr'>τῷ</span> <span class='ocrx_word' id='word_1_264' title='bbox 631 3589 803 3661; x_wconf 77' lang='grc' dir='ltr'>ἀδόλῳ</span> <span class='ocrx_word' id='word_1_265' title='bbox 826 3599 862 3627; x_wconf 76' lang='grc' dir='ltr'>ω</span> <span class='ocrx_word' id='word_1_266' title='bbox 887 3590 982 3644; x_wconf 72' lang='grc' dir='ltr'>καὶ</span> <span class='ocrx_word' id='word_1_267' title='bbox 1004 3589 1246 3663; x_wconf 83' lang='grc' dir='ltr'>ἀληθινῷ</span> <span class='ocrx_word' id='word_1_268' title='bbox 1275 3589 1406 3662; x_wconf 85' lang='grc' dir='ltr'>σίτῳ</span> <span class='ocrx_word' id='word_1_269' title='bbox 1429 3589 1502 3644; x_wconf 81' lang='grc' dir='ltr'><strong>τά</strong></span> <span class='ocrx_word' id='word_1_270' title='bbox 1534 3592 1713 3645; x_wconf 88' lang='grc' dir='ltr'>οἰκεῖα</span> <span class='ocrx_word' id='word_1_271' title='bbox 1747 3593 1905 3644; x_wconf 84' lang='grc' dir='ltr'>σπεῖ-</span> 
     </span>
    </p>
   </div>
   <div class='ocr_carea' id='block_1_39' title="bbox 305 3688 1902 3762">
    <p class='ocr_par' dir='ltr' id='par_1_39' title="bbox 305 3688 1902 3762">
     <span class='ocr_line' id='line_1_39' title="bbox 305 3688 1902 3762; baseline -0.002 -19"><span class='ocrx_word' id='word_1_272' title='bbox 305 3707 400 3762; x_wconf 87' lang='grc' dir='ltr'><strong>ραι</strong></span> <span class='ocrx_word' id='word_1_273' title='bbox 429 3688 645 3754; x_wconf 78' lang='grc' dir='ltr'>ζιζάνια</span> <span class='ocrx_word' id='word_1_274' title='bbox 668 3697 729 3727; x_wconf 72' lang='grc' dir='ltr'>ιλ·</span> <span class='ocrx_word' id='word_1_275' title='bbox 763 3689 991 3747; x_wconf 83' lang='grc' dir='ltr'>εἰώθασι</span> <span class='ocrx_word' id='word_1_276' title='bbox 1024 3689 1134 3761; x_wconf 86' lang='grc' dir='ltr'>γὰρ</span> <span class='ocrx_word' id='word_1_277' title='bbox 1166 3688 1326 3743; x_wconf 82' lang='grc' dir='ltr'>τοῦτο</span> <span class='ocrx_word' id='word_1_278' title='bbox 1354 3688 1618 3754; x_wconf 82' lang='grc' dir='ltr'>πολλάκις</span> <span class='ocrx_word' id='word_1_279' title='bbox 1651 3691 1827 3742; x_wconf 88' lang='grc' dir='ltr'>ποιεῖν</span> <span class='ocrx_word' id='word_1_280' title='bbox 1853 3689 1902 3741; x_wconf 87' lang='grc' dir='ltr'><strong>οἰ</strong></span> 
     </span>
    </p>
   </div>
   <div class='ocr_carea' id='block_1_40' title="bbox 302 3779 1902 3850">
    <p class='ocr_par' dir='ltr' id='par_1_40' title="bbox 302 3779 1902 3850">
     <span class='ocr_line' id='line_1_40' title="bbox 302 3779 1902 3850; baseline -0.002 -14"><span class='ocrx_word' id='word_1_281' title='bbox 302 3782 533 3845; x_wconf 84' lang='grc' dir='ltr'>ἀνόσιοι,</span> <span class='ocrx_word' id='word_1_282' title='bbox 560 3782 657 3836; x_wconf 75' lang='grc' dir='ltr'><strong>καὶ</strong></span> <span class='ocrx_word' id='word_1_283' title='bbox 685 3781 916 3846; x_wconf 85' lang='grc' dir='ltr'>πολλοὺς</span> <span class='ocrx_word' id='word_1_284' title='bbox 944 3781 1148 3844; x_wconf 87' lang='grc' dir='ltr'>κόπους</span> <span class='ocrx_word' id='word_1_285' title='bbox 1174 3781 1269 3835; x_wconf 59' lang='grc' dir='ltr'><strong>καὶ⁸</strong></span> <span class='ocrx_word' id='word_1_286' title='bbox 1292 3781 1575 3844; x_wconf 85' lang='grc' dir='ltr'>κινδύνους</span> <span class='ocrx_word' id='word_1_287' title='bbox 1601 3779 1902 3850; x_wconf 81' lang='grc' dir='ltr'>προθύμως</span> 
     </span>
    </p>
   </div>
   <div class='ocr_carea' id='block_1_41' title="bbox 302 3872 1904 3946">
    <p class='ocr_par' dir='ltr' id='par_1_41' title="bbox 302 3872 1904 3946">
     <span class='ocr_line' id='line_1_41' title="bbox 302 3872 1904 3946; baseline -0.002 -17"><span class='ocrx_word' id='word_1_288' title='bbox 302 3874 667 3945; x_wconf 84' lang='grc' dir='ltr'>ἀναδέχεσθαι</span> <span class='ocrx_word' id='word_1_289' title='bbox 720 3874 858 3946; x_wconf 86' lang='grc' dir='ltr'>πρὸς</span> <span class='ocrx_word' id='word_1_290' title='bbox 910 3875 972 3928; x_wconf 87' lang='grc' dir='ltr'>τὺ</span> <span class='ocrx_word' id='word_1_291' title='bbox 1010 3874 1353 3945; x_wconf 70' lang='grc' dir='ltr'>μεταδιδόναι</span> <span class='ocrx_word' id='word_1_292' title='bbox 1402 3874 1503 3945; x_wconf 83' lang='grc' dir='ltr'>τῆς</span> <span class='ocrx_word' id='word_1_293' title='bbox 1542 3873 1753 3936; x_wconf 78' lang='grc' dir='ltr'>οἰκείας</span> <span class='ocrx_word' id='word_1_294' title='bbox 1790 3872 1904 3926; x_wconf 90' lang='grc' dir='ltr'>λοί-</span> 
     </span>
    </p>
   </div>
   <div class='ocr_carea' id='block_1_42' title="bbox 304 3960 1903 4039">
    <p class='ocr_par' dir='ltr' id='par_1_42' title="bbox 304 3960 1903 4039">
     <span class='ocr_line' id='line_1_42' title="bbox 304 3960 1903 4039; baseline -0.014 2"><span class='ocrx_word' id='word_1_295' title='bbox 304 3984 416 4039; x_wconf 85' lang='grc' dir='ltr'><strong>μης</strong></span> <span class='ocrx_word' id='word_1_296' title='bbox 439 3975 463 4002; x_wconf 78' lang='grc' dir='ltr'><strong><em>ο</em></strong></span> <span class='ocrx_word' id='word_1_297' title='bbox 491 3970 603 4031; x_wconf 85' lang='grc' dir='ltr'>τοῖς</span> <span class='ocrx_word' id='word_1_298' title='bbox 635 3968 1115 4039; x_wconf 82' lang='grc' dir='ltr'>παρατυγχάνουσι</span> <span class='ocrx_word' id='word_1_299' title='bbox 1139 3966 1229 4021; x_wconf 84' lang='grc' dir='ltr'><strong>διὰ</strong></span> <span class='ocrx_word' id='word_1_300' title='bbox 1253 3964 1416 4020; x_wconf 79' lang='grc' dir='ltr'>τοῦτο</span> <span class='ocrx_word' id='word_1_301' title='bbox 1450 3960 1616 4037; x_wconf 79' lang='grc' dir='ltr'>ἦλθον</span> <span class='ocrx_word' id='word_1_302' title='bbox 1646 3964 1759 4034; x_wconf 79' lang='grc' dir='ltr'><strong>ἐγὼ</strong></span> <span class='ocrx_word' id='word_1_303' title='bbox 1808 3965 1903 4018; x_wconf 75' lang='grc' dir='ltr'>ἐπὶ</span> 
     </span>
    </p>
   </div>
   <div class='ocr_carea' id='block_1_43' title="bbox 300 4056 1901 4131">
    <p class='ocr_par' dir='ltr' id='par_1_43' title="bbox 300 4056 1901 4131">
     <span class='ocr_line' id='line_1_43' title="bbox 300 4056 1901 4131; baseline -0.002 -18"><span class='ocrx_word' id='word_1_304' title='bbox 300 4058 511 4129; x_wconf 82' lang='grc' dir='ltr'>ταύτην</span> <span class='ocrx_word' id='word_1_305' title='bbox 530 4059 629 4131; x_wconf 81' lang='grc' dir='ltr'>τὴν</span> <span class='ocrx_word' id='word_1_306' title='bbox 658 4060 917 4113; x_wconf 83' lang='grc' dir='ltr'>ὑπόθεσιν</span> <span class='ocrx_word' id='word_1_307' title='bbox 939 4075 954 4090; x_wconf 77' lang='grc' dir='ltr'><strong>ο</strong></span> <span class='ocrx_word' id='word_1_308' title='bbox 983 4058 1141 4128; x_wconf 81' lang='grc' dir='ltr'><strong>κάγὼ</strong></span> <span class='ocrx_word' id='word_1_309' title='bbox 1170 4059 1268 4130; x_wconf 81' lang='grc' dir='ltr'><strong>μὲν</strong></span> <span class='ocrx_word' id='word_1_310' title='bbox 1295 4060 1323 4112; x_wconf 87' lang='grc' dir='ltr'>ὀ</span> <span class='ocrx_word' id='word_1_311' title='bbox 1344 4058 1574 4129; x_wconf 83' lang='grc' dir='ltr'>εὐτελὴς</span> <span class='ocrx_word' id='word_1_312' title='bbox 1597 4057 1693 4110; x_wconf 76' lang='grc' dir='ltr'>καὶ</span> <span class='ocrx_word' id='word_1_313' title='bbox 1718 4056 1901 4127; x_wconf 80' lang='grc' dir='ltr'>πάσης</span> 
     </span>
    </p>
   </div>
   <div class='ocr_carea' id='block_1_44' title="bbox 301 4150 1898 4223">
    <p class='ocr_par' dir='ltr' id='par_1_44' title="bbox 301 4150 1898 4223">
     <span class='ocr_line' id='line_1_44' title="bbox 301 4150 1898 4223; baseline -0.002 -17"><span class='ocrx_word' id='word_1_314' title='bbox 301 4151 507 4222; x_wconf 84' lang='grc' dir='ltr'>ἀρετῆς</span> <span class='ocrx_word' id='word_1_315' title='bbox 536 4150 823 4222; x_wconf 82' lang='grc' dir='ltr'>ἀμέτοχος,</span> <span class='ocrx_word' id='word_1_316' title='bbox 856 4150 929 4205; x_wconf 76' lang='grc' dir='ltr'>τὰ</span> <span class='ocrx_word' id='word_1_317' title='bbox 958 4150 1333 4223; x_wconf 88' lang='grc' dir='ltr'>γνωρισθέντα</span> <span class='ocrx_word' id='word_1_318' title='bbox 1365 4168 1457 4222; x_wconf 89' lang='grc' dir='ltr'><strong>μοι</strong></span> <span class='ocrx_word' id='word_1_319' title='bbox 1494 4150 1898 4220; x_wconf 83' lang='grc' dir='ltr'>πεπονημένως</span> 
     </span>
    </p>
   </div>
   <div class='ocr_carea' id='block_1_45' title="bbox 302 4242 1897 4315">
    <p class='ocr_par' dir='ltr' id='par_1_45' title="bbox 302 4242 1897 4315">
     <span class='ocr_line' id='line_1_45' title="bbox 302 4242 1897 4315; baseline -0.003 -17"><span class='ocrx_word' id='word_1_320' title='bbox 302 4245 403 4315; x_wconf 84' lang='grc' dir='ltr'>τῆς</span> <span class='ocrx_word' id='word_1_321' title='bbox 432 4244 540 4299; x_wconf 88' lang='grc' dir='ltr'><strong>τῶν</strong></span> <span class='ocrx_word' id='word_1_322' title='bbox 574 4244 784 4299; x_wconf 85' lang='grc' dir='ltr'>πολλῶν</span> <span class='ocrx_word' id='word_1_323' title='bbox 818 4244 1123 4315; x_wconf 84' lang='grc' dir='ltr'>ἀσφαλείας</span> <span class='ocrx_word' id='word_1_324' title='bbox 1152 4243 1343 4297; x_wconf 77' lang='grc' dir='ltr'>ἕνεκεν</span> <span class='ocrx_word' id='word_1_325' title='bbox 1371 4254 1420 4311; x_wconf 82' lang='lat' dir='ltr'><strong>P,</strong></span> <span class='ocrx_word' id='word_1_326' title='bbox 1462 4243 1593 4315; x_wconf 86' lang='grc' dir='ltr'>ὑμῖν</span> <span class='ocrx_word' id='word_1_327' title='bbox 1624 4243 1737 4306; x_wconf 86' lang='grc' dir='ltr'>τοῖς</span> <span class='ocrx_word' id='word_1_328' title='bbox 1756 4252 1783 4292; x_wconf 80' lang='lat' dir='ltr'><strong>ct</strong></span> <span class='ocrx_word' id='word_1_329' title='bbox 1816 4242 1897 4295; x_wconf 86' lang='grc' dir='ltr'>δο-</span> 
     </span>
    </p>
   </div>
   <div class='ocr_carea' id='block_1_46' title="bbox 330 4421 964 4493">
    <p class='ocr_par' dir='ltr' id='par_1_46' title="bbox 330 4421 964 4493">
     <span class='ocr_line' id='line_1_46' title="bbox 330 4421 964 4493; baseline -0.006 -13"><span class='ocrx_word' id='word_1_330' title='bbox 330 4476 343 4493; x_wconf 61' lang='lat'><strong>,</strong></span> <span class='ocrx_word' id='word_1_331' title='bbox 404 4425 425 4458; x_wconf 91' lang='grc'>³</span> <span class='ocrx_word' id='word_1_332' title='bbox 458 4421 653 4479; x_wconf 86' lang='lat' dir='ltr'><strong>Matth.</strong></span> <span class='ocrx_word' id='word_1_333' title='bbox 694 4438 822 4491; x_wconf 81' lang='lat' dir='ltr'><strong>xxv,</strong></span> <span class='ocrx_word' id='word_1_334' title='bbox 871 4421 964 4476; x_wconf 70' lang='grc'><strong>27.</strong></span> 
     </span>
    </p>
   </div>
   <div class='ocr_carea' id='block_1_47' title="bbox 2008 620 3607 699">
    <p class='ocr_par' dir='ltr' id='par_1_47' title="bbox 2008 620 3607 699">
     <span class='ocr_line' id='line_1_47' title="bbox 2008 620 3607 699; baseline 0.004 -20"><span class='ocrx_word' id='word_1_335' title='bbox 2008 620 2341 680; x_wconf 78' lang='lat' dir='ltr'><strong>effoderunt.</strong></span> <span class='ocrx_word' id='word_1_336' title='bbox 2392 625 2719 697; x_wconf 84' lang='lat' dir='ltr'><strong>Quanquam</strong></span> <span class='ocrx_word' id='word_1_337' title='bbox 2756 626 2905 681; x_wconf 91' lang='lat' dir='ltr'><strong>enim</strong></span> <span class='ocrx_word' id='word_1_338' title='bbox 2948 628 3189 698; x_wconf 70' lang='lat' dir='ltr'><strong>priorum</strong></span> <span class='ocrx_word' id='word_1_339' title='bbox 3232 630 3607 699; x_wconf 77' lang='lat' dir='ltr'><strong>turpitudines</strong></span> 
     </span>
    </p>
   </div>
   <div class='ocr_carea' id='block_1_48' title="bbox 2007 719 3604 792">
    <p class='ocr_par' dir='ltr' id='par_1_48' title="bbox 2007 719 3604 792">
     <span class='ocr_line' id='line_1_48' title="bbox 2007 719 3604 792; baseline 0.004 -19"><span class='ocrx_word' id='word_1_340' title='bbox 2007 726 2067 773; x_wconf 92' lang='lat' dir='ltr'><strong>ut</strong></span> <span class='ocrx_word' id='word_1_341' title='bbox 2105 728 2254 775; x_wconf 83' lang='lat' dir='ltr'><strong>certe</strong></span> <span class='ocrx_word' id='word_1_342' title='bbox 2287 719 2387 789; x_wconf 85' lang='lat' dir='ltr'><strong>ipsi</strong></span> <span class='ocrx_word' id='word_1_343' title='bbox 2417 720 2593 785; x_wconf 88' lang='lat' dir='ltr'><strong>aiunt,</strong></span> <span class='ocrx_word' id='word_1_344' title='bbox 2631 736 2742 774; x_wconf 91' lang='lat' dir='ltr'><strong>non</strong></span> <span class='ocrx_word' id='word_1_345' title='bbox 2775 720 3127 792; x_wconf 82' lang='lat' dir='ltr'><strong>participant,</strong></span> <span class='ocrx_word' id='word_1_346' title='bbox 3163 723 3483 779; x_wconf 88' lang='lat' dir='ltr'><strong>eorumdem</strong></span> <span class='ocrx_word' id='word_1_347' title='bbox 3520 733 3604 779; x_wconf 87' lang='lat' dir='ltr'><strong>ta-</strong></span> 
     </span>
    </p>
   </div>
   <div class='ocr_carea' id='block_1_49' title="bbox 2007 814 2927 871">
    <p class='ocr_par' dir='ltr' id='par_1_49' title="bbox 2007 814 2927 871">
     <span class='ocr_line' id='line_1_49' title="bbox 2007 814 2927 871; baseline 0.003 -4"><span class='ocrx_word' id='word_1_348' title='bbox 2007 827 2134 867; x_wconf 92' lang='lat' dir='ltr'><strong>men</strong></span> <span class='ocrx_word' id='word_1_349' title='bbox 2161 828 2379 869; x_wconf 84' lang='lat' dir='ltr'><strong>errores</strong></span> <span class='ocrx_word' id='word_1_350' title='bbox 2412 814 2690 869; x_wconf 78' lang='lat' dir='ltr'><strong>mordicus</strong></span> <span class='ocrx_word' id='word_1_351' title='bbox 2716 823 2927 871; x_wconf 76' lang='lat' dir='ltr'><strong>tenent.</strong></span> 
     </span>
    </p>
   </div>
   <div class='ocr_carea' id='block_1_50' title="bbox 2082 1089 3603 1155">
    <p class='ocr_par' dir='ltr' id='par_1_50' title="bbox 2082 1089 3603 1155">
     <span class='ocr_line' id='line_1_50' title="bbox 2082 1089 3603 1155; baseline 0.001 -11"><span class='ocrx_word' id='word_1_352' title='bbox 2082 1089 2147 1145; x_wconf 89' lang='lat' dir='ltr'><strong>ll.</strong></span> <span class='ocrx_word' id='word_1_353' title='bbox 2172 1090 2321 1147; x_wconf 85' lang='lat' dir='ltr'><strong>Hanc</strong></span> <span class='ocrx_word' id='word_1_354' title='bbox 2343 1104 2527 1147; x_wconf 89' lang='lat' dir='ltr'><strong>autem</strong></span> <span class='ocrx_word' id='word_1_355' title='bbox 2556 1092 2993 1147; x_wconf 91' lang='lat' dir='ltr'><strong>lucubrationem</strong></span> <span class='ocrx_word' id='word_1_356' title='bbox 3026 1091 3342 1147; x_wconf 87' lang='lat' dir='ltr'><strong>necessario</strong></span> <span class='ocrx_word' id='word_1_357' title='bbox 3363 1089 3603 1155; x_wconf 79' lang='lat' dir='ltr'><strong>conieci,</strong></span> 
     </span>
    </p>
   </div>
   <div class='ocr_carea' id='block_1_51' title="bbox 2010 1182 3605 1256">
    <p class='ocr_par' dir='ltr' id='par_1_51' title="bbox 2010 1182 3605 1256">
     <span class='ocr_line' id='line_1_51' title="bbox 2010 1182 3605 1256; baseline -0.001 -18"><span class='ocrx_word' id='word_1_358' title='bbox 2010 1194 2298 1255; x_wconf 81' lang='lat' dir='ltr'><strong>postquam</strong></span> <span class='ocrx_word' id='word_1_359' title='bbox 2374 1186 2535 1256; x_wconf 63' lang='lat' dir='ltr'><strong>regiae</strong></span> <span class='ocrx_word' id='word_1_360' title='bbox 2600 1185 2885 1256; x_wconf 84' lang='lat' dir='ltr'><strong>cujusdam</strong></span> <span class='ocrx_word' id='word_1_361' title='bbox 2943 1184 3231 1256; x_wconf 90' lang='lat' dir='ltr'><strong>legationis</strong></span> <span class='ocrx_word' id='word_1_362' title='bbox 3298 1182 3475 1239; x_wconf 86' lang='lat' dir='ltr'><strong>olIicio</strong></span> <span class='ocrx_word' id='word_1_363' title='bbox 3536 1182 3605 1237; x_wconf 90' lang='lat' dir='ltr'><strong>ad</strong></span> 
     </span>
    </p>
   </div>
   <div class='ocr_carea' id='block_1_52' title="bbox 2010 1274 3604 1349">
    <p class='ocr_par' dir='ltr' id='par_1_52' title="bbox 2010 1274 3604 1349">
     <span class='ocr_line' id='line_1_52' title="bbox 2010 1274 3604 1349; baseline -0.001 -19"><span class='ocrx_word' id='word_1_364' title='bbox 2010 1275 2129 1330; x_wconf 89' lang='lat' dir='ltr'><strong>illas</strong></span> <span class='ocrx_word' id='word_1_365' title='bbox 2164 1276 2414 1347; x_wconf 77' lang='lat' dir='ltr'><strong>regiones</strong></span> <span class='ocrx_word' id='word_1_366' title='bbox 2474 1277 2623 1341; x_wconf 68' lang='lat' dir='ltr'><strong>veni,</strong></span> <span class='ocrx_word' id='word_1_367' title='bbox 2680 1278 2826 1332; x_wconf 88' lang='lat' dir='ltr'><strong>circa</strong></span> <span class='ocrx_word' id='word_1_368' title='bbox 2888 1277 3041 1332; x_wconf 89' lang='lat' dir='ltr'><strong>initia</strong></span> <span class='ocrx_word' id='word_1_369' title='bbox 3106 1276 3381 1349; x_wconf 88' lang='lat' dir='ltr'><strong>regnantis</strong></span> <span class='ocrx_word' id='word_1_370' title='bbox 3420 1274 3604 1330; x_wconf 86' lang='lat' dir='ltr'><strong>Basilii</strong></span> 
     </span>
    </p>
   </div>
   <div class='ocr_carea' id='block_1_53' title="bbox 2008 1366 3608 1442">
    <p class='ocr_par' dir='ltr' id='par_1_53' title="bbox 2008 1366 3608 1442">
     <span class='ocr_line' id='line_1_53' title="bbox 2008 1366 3608 1442; baseline 0.001 -20"><span class='ocrx_word' id='word_1_371' title='bbox 2008 1383 2039 1422; x_wconf 90' lang='lat' dir='ltr'><strong>a</strong></span> <span class='ocrx_word' id='word_1_372' title='bbox 2082 1366 2193 1423; x_wconf 89' lang='lat' dir='ltr'><strong>Deo</strong></span> <span class='ocrx_word' id='word_1_373' title='bbox 2219 1368 2604 1438; x_wconf 89' lang='lat' dir='ltr'><strong>electi,magni</strong></span> <span class='ocrx_word' id='word_1_374' title='bbox 2632 1370 2805 1425; x_wconf 85' lang='lat' dir='ltr'><strong>nostri</strong></span> <span class='ocrx_word' id='word_1_375' title='bbox 2852 1370 3225 1442; x_wconf 88' lang='lat' dir='ltr'><strong>imperatoris,</strong></span> <span class='ocrx_word' id='word_1_376' title='bbox 3258 1368 3410 1426; x_wconf 91' lang='lat' dir='ltr'><strong>omni</strong></span> <span class='ocrx_word' id='word_1_377' title='bbox 3464 1368 3608 1426; x_wconf 79' lang='lat' dir='ltr'><strong>divi-</strong></span> 
     </span>
    </p>
   </div>
   <div class='ocr_carea' id='block_1_54' title="bbox 2008 1462 3606 1534">
    <p class='ocr_par' dir='ltr' id='par_1_54' title="bbox 2008 1462 3606 1534">
     <span class='ocr_line' id='line_1_54' title="bbox 2008 1462 3606 1534; baseline 0.003 -20"><span class='ocrx_word' id='word_1_378' title='bbox 2008 1475 2209 1515; x_wconf 90' lang='lat' dir='ltr'><strong>norum</strong></span> <span class='ocrx_word' id='word_1_379' title='bbox 2262 1475 2555 1514; x_wconf 90' lang='lat' dir='ltr'><strong>munerum</strong></span> <span class='ocrx_word' id='word_1_380' title='bbox 2593 1476 2795 1530; x_wconf 83' lang='lat' dir='ltr'><strong>genere</strong></span> <span class='ocrx_word' id='word_1_381' title='bbox 2863 1462 3149 1534; x_wconf 80' lang='lat' dir='ltr'><strong>magniﬁce</strong></span> <span class='ocrx_word' id='word_1_382' title='bbox 3207 1463 3476 1527; x_wconf 85' lang='lat' dir='ltr'><strong>exornati,</strong></span> <span class='ocrx_word' id='word_1_383' title='bbox 3510 1463 3606 1533; x_wconf 85' lang='lat' dir='ltr'><strong>qui</strong></span> 
     </span>
    </p>
   </div>
   <div class='ocr_carea' id='block_1_55' title="bbox 2008 1551 3603 1626">
    <p class='ocr_par' dir='ltr' id='par_1_55' title="bbox 2008 1551 3603 1626">
     <span class='ocr_line' id='line_1_55' title="bbox 2008 1551 3603 1626; baseline 0.002 -19"><span class='ocrx_word' id='word_1_384' title='bbox 2008 1553 2099 1626; x_wconf 72' lang='lat' dir='ltr'><strong>pie</strong></span> <span class='ocrx_word' id='word_1_385' title='bbox 2152 1552 2518 1624; x_wconf 81' lang='lat' dir='ltr'><strong>religioseque</strong></span> <span class='ocrx_word' id='word_1_386' title='bbox 2581 1551 2837 1619; x_wconf 79' lang='lat' dir='ltr'><strong>Romani,</strong></span> <span class='ocrx_word' id='word_1_387' title='bbox 2906 1555 2960 1610; x_wconf 91' lang='lat' dir='ltr'><strong>id</strong></span> <span class='ocrx_word' id='word_1_388' title='bbox 3020 1564 3105 1610; x_wconf 90' lang='lat' dir='ltr'><strong>cst</strong></span> <span class='ocrx_word' id='word_1_389' title='bbox 3150 1556 3603 1612; x_wconf 87' lang='lat' dir='ltr'><strong>Cbristianissimi</strong></span> 
     </span>
    </p>
   </div>
   <div class='ocr_carea' id='block_1_56' title="bbox 2010 1646 3606 1720">
    <p class='ocr_par' dir='ltr' id='par_1_56' title="bbox 2010 1646 3606 1720">
     <span class='ocr_line' id='line_1_56' title="bbox 2010 1646 3606 1720; baseline 0 -17"><span class='ocrx_word' id='word_1_390' title='bbox 2010 1646 2226 1719; x_wconf 91' lang='lat' dir='ltr'><strong>imperii</strong></span> <span class='ocrx_word' id='word_1_391' title='bbox 2248 1656 2525 1717; x_wconf 84' lang='lat' dir='ltr'><strong>sceptrum</strong></span> <span class='ocrx_word' id='word_1_392' title='bbox 2562 1655 2734 1713; x_wconf 85' lang='lat' dir='ltr'><strong>tenet,</strong></span> <span class='ocrx_word' id='word_1_393' title='bbox 2750 1646 3043 1716; x_wconf 82' lang='lat' dir='ltr'><strong>multisque</strong></span> <span class='ocrx_word' id='word_1_394' title='bbox 3066 1663 3338 1703; x_wconf 90' lang='lat' dir='ltr'><strong>annorum</strong></span> <span class='ocrx_word' id='word_1_395' title='bbox 3362 1648 3606 1720; x_wconf 83' lang='lat' dir='ltr'><strong>periodis</strong></span> 
     </span>
    </p>
   </div>
   <div class='ocr_carea' id='block_1_57' title="bbox 2010 1738 3606 1804">
    <p class='ocr_par' dir='ltr' id='par_1_57' title="bbox 2010 1738 3606 1804">
     <span class='ocr_line' id='line_1_57' title="bbox 2010 1738 3606 1804; baseline 0 -9"><span class='ocrx_word' id='word_1_396' title='bbox 2010 1755 2134 1796; x_wconf 91' lang='lat' dir='ltr'><strong>cum</strong></span> <span class='ocrx_word' id='word_1_397' title='bbox 2166 1741 2371 1795; x_wconf 86' lang='lat' dir='ltr'><strong>sanctis</strong></span> <span class='ocrx_word' id='word_1_398' title='bbox 2423 1738 2614 1793; x_wconf 88' lang='lat' dir='ltr'><strong>liberis</strong></span> <span class='ocrx_word' id='word_1_399' title='bbox 2672 1738 2793 1793; x_wconf 91' lang='lat' dir='ltr'><strong>suis</strong></span> <span class='ocrx_word' id='word_1_400' title='bbox 2849 1738 3081 1804; x_wconf 88' lang='lat' dir='ltr'><strong>tenebit,</strong></span> <span class='ocrx_word' id='word_1_401' title='bbox 3125 1755 3155 1793; x_wconf 91' lang='lat' dir='ltr'><strong>a</strong></span> <span class='ocrx_word' id='word_1_402' title='bbox 3186 1739 3297 1794; x_wconf 90' lang='lat' dir='ltr'><strong>Deo</strong></span> <span class='ocrx_word' id='word_1_403' title='bbox 3328 1740 3606 1795; x_wconf 81' lang='lat' dir='ltr'><strong>coronatis</strong></span> 
     </span>
    </p>
   </div>
   <div class='ocr_carea' id='block_1_58' title="bbox 2010 1830 3608 1904">
    <p class='ocr_par' dir='ltr' id='par_1_58' title="bbox 2010 1830 3608 1904">
     <span class='ocr_line' id='line_1_58' title="bbox 2010 1830 3608 1904; baseline 0.001 -17"><span class='ocrx_word' id='word_1_404' title='bbox 2010 1833 2231 1904; x_wconf 80' lang='lat' dir='ltr'><strong>regibus</strong></span> <span class='ocrx_word' id='word_1_405' title='bbox 2268 1832 2478 1886; x_wconf 81' lang='lat' dir='ltr'><strong>n05tris</strong></span> <span class='ocrx_word' id='word_1_406' title='bbox 2503 1873 2517 1895; x_wconf 91' lang='lat'><strong>,</strong></span> <span class='ocrx_word' id='word_1_407' title='bbox 2555 1846 2791 1901; x_wconf 88' lang='lat' dir='ltr'><strong>quorum</strong></span> <span class='ocrx_word' id='word_1_408' title='bbox 2821 1830 3163 1886; x_wconf 89' lang='lat' dir='ltr'><strong>incessabilis</strong></span> <span class='ocrx_word' id='word_1_409' title='bbox 3192 1833 3449 1904; x_wconf 89' lang='lat' dir='ltr'><strong>nullaque</strong></span> <span class='ocrx_word' id='word_1_410' title='bbox 3469 1833 3608 1888; x_wconf 92' lang='lat' dir='ltr'><strong>obli-</strong></span> 
     </span>
    </p>
   </div>
   <div class='ocr_carea' id='block_1_59' title="bbox 2009 1924 3607 1995">
    <p class='ocr_par' dir='ltr' id='par_1_59' title="bbox 2009 1924 3607 1995">
     <span class='ocr_line' id='line_1_59' title="bbox 2009 1924 3607 1995; baseline -0.001 -14"><span class='ocrx_word' id='word_1_411' title='bbox 2009 1925 2169 1981; x_wconf 85' lang='lat' dir='ltr'><strong>vione</strong></span> <span class='ocrx_word' id='word_1_412' title='bbox 2212 1925 2463 1991; x_wconf 88' lang='lat' dir='ltr'><strong>delenda,</strong></span> <span class='ocrx_word' id='word_1_413' title='bbox 2526 1924 2871 1990; x_wconf 82' lang='lat' dir='ltr'><strong>immortalis,</strong></span> <span class='ocrx_word' id='word_1_414' title='bbox 2910 1924 3460 1995; x_wconf 88' lang='lat' dir='ltr'><strong>inquam,mcmoria,</strong></span> <span class='ocrx_word' id='word_1_415' title='bbox 3490 1935 3607 1981; x_wconf 91' lang='lat' dir='ltr'><strong>tum</strong></span> 
     </span>
    </p>
   </div>
   <div class='ocr_carea' id='block_1_60' title="bbox 2007 2017 3609 2089">
    <p class='ocr_par' dir='ltr' id='par_1_60' title="bbox 2007 2017 3609 2089">
     <span class='ocr_line' id='line_1_60' title="bbox 2007 2017 3609 2089; baseline 0 -16"><span class='ocrx_word' id='word_1_416' title='bbox 2007 2018 2113 2073; x_wconf 87' lang='lat' dir='ltr'><strong>hoc</strong></span> <span class='ocrx_word' id='word_1_417' title='bbox 2145 2025 2261 2073; x_wconf 90' lang='lat' dir='ltr'><strong>tum</strong></span> <span class='ocrx_word' id='word_1_418' title='bbox 2287 2017 2475 2073; x_wconf 79' lang='lat' dir='ltr'><strong>futuro</strong></span> <span class='ocrx_word' id='word_1_419' title='bbox 2510 2034 2649 2082; x_wconf 65' lang='lat' dir='ltr'><strong>aevo,</strong></span> <span class='ocrx_word' id='word_1_420' title='bbox 2695 2020 2951 2089; x_wconf 87' lang='lat' dir='ltr'><strong>precibus</strong></span> <span class='ocrx_word' id='word_1_421' title='bbox 2983 2028 3040 2074; x_wconf 91' lang='lat' dir='ltr'><strong>et</strong></span> <span class='ocrx_word' id='word_1_422' title='bbox 3065 2019 3465 2075; x_wconf 85' lang='lat' dir='ltr'><strong>intercessione</strong></span> <span class='ocrx_word' id='word_1_423' title='bbox 3480 2034 3609 2074; x_wconf 88' lang='lat' dir='ltr'><strong>san-</strong></span> 
     </span>
    </p>
   </div>
   <div class='ocr_carea' id='block_1_61' title="bbox 2008 2111 3613 2185">
    <p class='ocr_par' dir='ltr' id='par_1_61' title="bbox 2008 2111 3613 2185">
     <span class='ocr_line' id='line_1_61' title="bbox 2008 2111 3613 2185; baseline 0 -17"><span class='ocrx_word' id='word_1_424' title='bbox 2008 2112 2269 2168; x_wconf 83' lang='lat' dir='ltr'><strong>ctissimae</strong></span> <span class='ocrx_word' id='word_1_425' title='bbox 2349 2111 2600 2168; x_wconf 73' lang='lat' dir='ltr'><strong>Dominae</strong></span> <span class='ocrx_word' id='word_1_426' title='bbox 2669 2121 2874 2169; x_wconf 68' lang='lat' dir='ltr'><strong>nostra:</strong></span> <span class='ocrx_word' id='word_1_427' title='bbox 2952 2112 3199 2183; x_wconf 76' lang='lat' dir='ltr'><strong>Deipara:</strong></span> <span class='ocrx_word' id='word_1_428' title='bbox 3280 2127 3613 2185; x_wconf 88' lang='lat' dir='ltr'><strong>semperque</strong></span> 
     </span>
    </p>
   </div>
   <div class='ocr_carea' id='block_1_62' title="bbox 2006 2204 3612 2277">
    <p class='ocr_par' dir='ltr' id='par_1_62' title="bbox 2006 2204 3612 2277">
     <span class='ocr_line' id='line_1_62' title="bbox 2006 2204 3612 2277; baseline 0.001 -18"><span class='ocrx_word' id='word_1_429' title='bbox 2006 2205 2234 2277; x_wconf 79' lang='lat' dir='ltr'><strong>virginis</strong></span> <span class='ocrx_word' id='word_1_430' title='bbox 2278 2204 2461 2261; x_wconf 69' lang='lat' dir='ltr'><strong>Mariae</strong></span> <span class='ocrx_word' id='word_1_431' title='bbox 2492 2207 2850 2277; x_wconf 89' lang='lat' dir='ltr'><strong>omniumque</strong></span> <span class='ocrx_word' id='word_1_432' title='bbox 2895 2215 3237 2270; x_wconf 88' lang='lat' dir='ltr'><strong>sanctorum,</strong></span> <span class='ocrx_word' id='word_1_433' title='bbox 3291 2220 3612 2275; x_wconf 81' lang='lat' dir='ltr'><strong>persevera-</strong></span> 
     </span>
    </p>
   </div>
   <div class='ocr_carea' id='block_1_63' title="bbox 2007 2298 3609 2371">
    <p class='ocr_par' dir='ltr' id='par_1_63' title="bbox 2007 2298 3609 2371">
     <span class='ocr_line' id='line_1_63' title="bbox 2007 2298 3609 2371; baseline 0 -16"><span class='ocrx_word' id='word_1_434' title='bbox 2007 2299 2105 2355; x_wconf 90' lang='lat' dir='ltr'><strong>bit.</strong></span> <span class='ocrx_word' id='word_1_435' title='bbox 2158 2298 2357 2354; x_wconf 83' lang='lat' dir='ltr'><strong>Nostra</strong></span> <span class='ocrx_word' id='word_1_436' title='bbox 2428 2314 2561 2355; x_wconf 82' lang='lat' dir='ltr'><strong>vero</strong></span> <span class='ocrx_word' id='word_1_437' title='bbox 2624 2300 2825 2371; x_wconf 82' lang='lat' dir='ltr'><strong>legatio</strong></span> <span class='ocrx_word' id='word_1_438' title='bbox 2878 2316 2978 2370; x_wconf 93' lang='lat' dir='ltr'><strong>pro</strong></span> <span class='ocrx_word' id='word_1_439' title='bbox 3041 2299 3452 2355; x_wconf 87' lang='lat' dir='ltr'><strong>commutandis</strong></span> <span class='ocrx_word' id='word_1_440' title='bbox 3514 2315 3609 2355; x_wconf 85' lang='lat' dir='ltr'><strong>ca-</strong></span> 
     </span>
    </p>
   </div>
   <div class='ocr_carea' id='block_1_64' title="bbox 2008 2391 3614 2465">
    <p class='ocr_par' dir='ltr' id='par_1_64' title="bbox 2008 2391 3614 2465">
     <span class='ocr_line' id='line_1_64' title="bbox 2008 2391 3614 2465; baseline 0.001 -18"><span class='ocrx_word' id='word_1_441' title='bbox 2008 2391 2173 2465; x_wconf 77' lang='lat' dir='ltr'><strong>ptivis</strong></span> <span class='ocrx_word' id='word_1_442' title='bbox 2221 2392 2343 2455; x_wconf 80' lang='lat' dir='ltr'><strong>fuit,</strong></span> <span class='ocrx_word' id='word_1_443' title='bbox 2395 2408 2519 2463; x_wconf 73' lang='lat' dir='ltr'><strong>qua:</strong></span> <span class='ocrx_word' id='word_1_444' title='bbox 2568 2403 2623 2448; x_wconf 89' lang='lat' dir='ltr'><strong>et</strong></span> <span class='ocrx_word' id='word_1_445' title='bbox 2654 2392 2867 2448; x_wconf 83' lang='lat' dir='ltr'><strong>felicem</strong></span> <span class='ocrx_word' id='word_1_446' title='bbox 2899 2393 3105 2448; x_wconf 79' lang='lat' dir='ltr'><strong>exitum</strong></span> <span class='ocrx_word' id='word_1_447' title='bbox 3162 2401 3322 2449; x_wconf 86' lang='lat' dir='ltr'><strong>nacta</strong></span> <span class='ocrx_word' id='word_1_448' title='bbox 3373 2406 3481 2455; x_wconf 91' lang='lat' dir='ltr'><strong>est.</strong></span> <span class='ocrx_word' id='word_1_449' title='bbox 3535 2393 3614 2448; x_wconf 71' lang='lat' dir='ltr'><strong>ri-</strong></span> 
     </span>
    </p>
   </div>
   <div class='ocr_carea' id='block_1_65' title="bbox 2008 2484 3609 2556">
    <p class='ocr_par' dir='ltr' id='par_1_65' title="bbox 2008 2484 3609 2556">
     <span class='ocr_line' id='line_1_65' title="bbox 2008 2484 3609 2556; baseline -0.001 -14"><span class='ocrx_word' id='word_1_450' title='bbox 2008 2486 2266 2542; x_wconf 79' lang='lat' dir='ltr'><strong>ventibus</strong></span> <span class='ocrx_word' id='word_1_451' title='bbox 2305 2493 2470 2555; x_wconf 88' lang='lat' dir='ltr'><strong>atque</strong></span> <span class='ocrx_word' id='word_1_452' title='bbox 2493 2484 2892 2556; x_wconf 86' lang='lat' dir='ltr'><strong>gratulantibus</strong></span> <span class='ocrx_word' id='word_1_453' title='bbox 2921 2485 3129 2541; x_wconf 88' lang='lat' dir='ltr'><strong>sanctis</strong></span> <span class='ocrx_word' id='word_1_454' title='bbox 3164 2484 3609 2555; x_wconf 86' lang='lat' dir='ltr'><strong>imperatoribus,</strong></span> 
     </span>
    </p>
   </div>
   <div class='ocr_carea' id='block_1_66' title="bbox 2010 2575 3610 2651">
    <p class='ocr_par' dir='ltr' id='par_1_66' title="bbox 2010 2575 3610 2651">
     <span class='ocr_line' id='line_1_66' title="bbox 2010 2575 3610 2651; baseline -0.002 -17"><span class='ocrx_word' id='word_1_455' title='bbox 2010 2580 2153 2651; x_wconf 88' lang='lat' dir='ltr'><strong>Ergo</strong></span> <span class='ocrx_word' id='word_1_456' title='bbox 2188 2579 2279 2633; x_wconf 91' lang='lat' dir='ltr'><strong>diu</strong></span> <span class='ocrx_word' id='word_1_457' title='bbox 2338 2592 2439 2648; x_wconf 91' lang='lat' dir='ltr'><strong>per</strong></span> <span class='ocrx_word' id='word_1_458' title='bbox 2463 2578 2604 2632; x_wconf 82' lang='lat' dir='ltr'><strong>hanc</strong></span> <span class='ocrx_word' id='word_1_459' title='bbox 2631 2577 2957 2649; x_wconf 87' lang='lat' dir='ltr'><strong>legationem</strong></span> <span class='ocrx_word' id='word_1_460' title='bbox 2982 2577 3124 2648; x_wconf 90' lang='lat' dir='ltr'><strong>apud</strong></span> <span class='ocrx_word' id='word_1_461' title='bbox 3175 2575 3524 2633; x_wconf 87' lang='lat' dir='ltr'><strong>Paulicianos</strong></span> <span class='ocrx_word' id='word_1_462' title='bbox 3553 2576 3610 2631; x_wconf 92' lang='lat' dir='ltr'><strong>in</strong></span> 
     </span>
    </p>
   </div>
   <div class='ocr_carea' id='block_1_67' title="bbox 2009 2668 3612 2740">
    <p class='ocr_par' dir='ltr' id='par_1_67' title="bbox 2009 2668 3612 2740">
     <span class='ocr_line' id='line_1_67' title="bbox 2009 2668 3612 2740; baseline -0.001 -15"><span class='ocrx_word' id='word_1_463' title='bbox 2009 2671 2146 2726; x_wconf 90' lang='lat' dir='ltr'><strong>urbe</strong></span> <span class='ocrx_word' id='word_1_464' title='bbox 2206 2670 2425 2725; x_wconf 81' lang='lat' dir='ltr'><strong>Tibrica</strong></span> <span class='ocrx_word' id='word_1_465' title='bbox 2502 2681 2894 2733; x_wconf 86' lang='lat' dir='ltr'><strong>commoratus,</strong></span> <span class='ocrx_word' id='word_1_466' title='bbox 2950 2677 3007 2724; x_wconf 91' lang='lat' dir='ltr'><strong>et</strong></span> <span class='ocrx_word' id='word_1_467' title='bbox 3055 2685 3200 2740; x_wconf 65' lang='lat' dir='ltr'><strong>saepe</strong></span> <span class='ocrx_word' id='word_1_468' title='bbox 3252 2668 3303 2740; x_wconf 83' lang='lat'><strong>5</strong></span> <span class='ocrx_word' id='word_1_469' title='bbox 3364 2683 3488 2724; x_wconf 90' lang='lat' dir='ltr'><strong>cum</strong></span> <span class='ocrx_word' id='word_1_470' title='bbox 3543 2668 3612 2725; x_wconf 92' lang='lat' dir='ltr'><strong>iis</strong></span> 
     </span>
    </p>
   </div>
   <div class='ocr_carea' id='block_1_68' title="bbox 2010 2762 3611 2832">
    <p class='ocr_par' dir='ltr' id='par_1_68' title="bbox 2010 2762 3611 2832">
     <span class='ocr_line' id='line_1_68' title="bbox 2010 2762 3611 2832; baseline 0 -13"><span class='ocrx_word' id='word_1_471' title='bbox 2010 2764 2345 2832; x_wconf 87' lang='lat' dir='ltr'><strong>disputando</strong></span> <span class='ocrx_word' id='word_1_472' title='bbox 2403 2764 2641 2829; x_wconf 80' lang='lat' dir='ltr'><strong>locutus,</strong></span> <span class='ocrx_word' id='word_1_473' title='bbox 2704 2779 2924 2819; x_wconf 88' lang='lat' dir='ltr'><strong>necnon</strong></span> <span class='ocrx_word' id='word_1_474' title='bbox 2974 2763 3043 2819; x_wconf 88' lang='lat' dir='ltr'><strong>ab</strong></span> <span class='ocrx_word' id='word_1_475' title='bbox 3106 2762 3447 2827; x_wconf 71' lang='lat' dir='ltr'><strong>ortliodoxis,</strong></span> <span class='ocrx_word' id='word_1_476' title='bbox 3514 2762 3611 2832; x_wconf 90' lang='lat' dir='ltr'><strong>qui</strong></span> 
     </span>
    </p>
   </div>
   <div class='ocr_carea' id='block_1_69' title="bbox 2008 2854 3612 2927">
    <p class='ocr_par' dir='ltr' id='par_1_69' title="bbox 2008 2854 3612 2927">
     <span class='ocr_line' id='line_1_69' title="bbox 2008 2854 3612 2927; baseline -0.001 -16"><span class='ocrx_word' id='word_1_477' title='bbox 2008 2857 2171 2912; x_wconf 87' lang='lat' dir='ltr'><strong>multi</strong></span> <span class='ocrx_word' id='word_1_478' title='bbox 2232 2856 2344 2912; x_wconf 84' lang='lat' dir='ltr'><strong>illic</strong></span> <span class='ocrx_word' id='word_1_479' title='bbox 2396 2855 2649 2912; x_wconf 88' lang='lat' dir='ltr'><strong>habitant</strong></span> <span class='ocrx_word' id='word_1_480' title='bbox 2707 2871 2972 2927; x_wconf 85' lang='lat' dir='ltr'><strong>perquam</strong></span> <span class='ocrx_word' id='word_1_481' title='bbox 3032 2864 3287 2910; x_wconf 90' lang='lat' dir='ltr'><strong>accurate</strong></span> <span class='ocrx_word' id='word_1_482' title='bbox 3325 2854 3612 2921; x_wconf 89' lang='lat' dir='ltr'><strong>edoctus;</strong></span> 
     </span>
    </p>
   </div>
   <div class='ocr_carea' id='block_1_70' title="bbox 2008 2946 3611 3020">
    <p class='ocr_par' dir='ltr' id='par_1_70' title="bbox 2008 2946 3611 3020">
     <span class='ocr_line' id='line_1_70' title="bbox 2008 2946 3611 3020; baseline -0.001 -17"><span class='ocrx_word' id='word_1_483' title='bbox 2008 2957 2278 3020; x_wconf 70' lang='lat' dir='ltr'><strong>prteterea</strong></span> <span class='ocrx_word' id='word_1_484' title='bbox 2338 2964 2466 3004; x_wconf 92' lang='lat' dir='ltr'><strong>cum</strong></span> <span class='ocrx_word' id='word_1_485' title='bbox 2532 2948 2737 3004; x_wconf 88' lang='lat' dir='ltr'><strong>abillis</strong></span> <span class='ocrx_word' id='word_1_486' title='bbox 2762 2963 2981 3019; x_wconf 86' lang='lat' dir='ltr'><strong>quoque</strong></span> <span class='ocrx_word' id='word_1_487' title='bbox 3016 2946 3201 3019; x_wconf 91' lang='lat' dir='ltr'><strong>impiis</strong></span> <span class='ocrx_word' id='word_1_488' title='bbox 3249 2963 3314 3004; x_wconf 90' lang='lat' dir='ltr'><strong>ac</strong></span> <span class='ocrx_word' id='word_1_489' title='bbox 3370 2947 3611 3003; x_wconf 84' lang='lat' dir='ltr'><strong>deliran-</strong></span> 
     </span>
    </p>
   </div>
   <div class='ocr_carea' id='block_1_71' title="bbox 2009 3040 3603 3114">
    <p class='ocr_par' dir='ltr' id='par_1_71' title="bbox 2009 3040 3603 3114">
     <span class='ocr_line' id='line_1_71' title="bbox 2009 3040 3603 3114; baseline -0.001 -16"><span class='ocrx_word' id='word_1_490' title='bbox 2009 3042 2157 3098; x_wconf 89' lang='lat' dir='ltr'><strong>tibus</strong></span> <span class='ocrx_word' id='word_1_491' title='bbox 2191 3043 2593 3114; x_wconf 86' lang='lat' dir='ltr'><strong>cognovissem,</strong></span> <span class='ocrx_word' id='word_1_492' title='bbox 2655 3040 2771 3097; x_wconf 80' lang='lat' dir='ltr'><strong>fore</strong></span> <span class='ocrx_word' id='word_1_493' title='bbox 2820 3050 2881 3097; x_wconf 90' lang='lat' dir='ltr'><strong>ut</strong></span> <span class='ocrx_word' id='word_1_494' title='bbox 2931 3041 3146 3112; x_wconf 89' lang='lat' dir='ltr'><strong>aliquos</strong></span> <span class='ocrx_word' id='word_1_495' title='bbox 3186 3040 3257 3096; x_wconf 91' lang='lat' dir='ltr'><strong>de</strong></span> <span class='ocrx_word' id='word_1_496' title='bbox 3312 3056 3413 3096; x_wconf 84' lang='lat' dir='ltr'><strong>suo</strong></span> <span class='ocrx_word' id='word_1_497' title='bbox 3450 3048 3603 3096; x_wconf 71' lang='lat' dir='ltr'><strong>coetu</strong></span> 
     </span>
    </p>
   </div>
   <div class='ocr_carea' id='block_1_72' title="bbox 2008 3132 3607 3206">
    <p class='ocr_par' dir='ltr' id='par_1_72' title="bbox 2008 3132 3607 3206">
     <span class='ocr_line' id='line_1_72' title="bbox 2008 3132 3607 3206; baseline -0.001 -18"><span class='ocrx_word' id='word_1_498' title='bbox 2008 3134 2063 3189; x_wconf 92' lang='lat' dir='ltr'><strong>in</strong></span> <span class='ocrx_word' id='word_1_499' title='bbox 2101 3134 2413 3206; x_wconf 83' lang='lat' dir='ltr'><strong>Bulgariam</strong></span> <span class='ocrx_word' id='word_1_500' title='bbox 2469 3134 2779 3198; x_wconf 90' lang='lat' dir='ltr'><strong>mitterent,</strong></span> <span class='ocrx_word' id='word_1_501' title='bbox 2844 3132 2939 3203; x_wconf 88' lang='lat' dir='ltr'><strong>qui</strong></span> <span class='ocrx_word' id='word_1_502' title='bbox 3014 3132 3322 3189; x_wconf 89' lang='lat' dir='ltr'><strong>incolarum</strong></span> <span class='ocrx_word' id='word_1_503' title='bbox 3394 3141 3607 3204; x_wconf 91' lang='lat' dir='ltr'><strong>partem</strong></span> 
     </span>
    </p>
   </div>
   <div class='ocr_carea' id='block_1_73' title="bbox 2007 3224 3610 3296">
    <p class='ocr_par' dir='ltr' id='par_1_73' title="bbox 2007 3224 3610 3296">
     <span class='ocr_line' id='line_1_73' title="bbox 2007 3224 3610 3296; baseline -0.001 -15"><span class='ocrx_word' id='word_1_504' title='bbox 2007 3227 2077 3283; x_wconf 89' lang='lat' dir='ltr'><strong>ad</strong></span> <span class='ocrx_word' id='word_1_505' title='bbox 2127 3242 2282 3282; x_wconf 90' lang='lat' dir='ltr'><strong>suam</strong></span> <span class='ocrx_word' id='word_1_506' title='bbox 2363 3225 2632 3296; x_wconf 89' lang='lat' dir='ltr'><strong>impuram</strong></span> <span class='ocrx_word' id='word_1_507' title='bbox 2666 3224 3017 3281; x_wconf 88' lang='lat' dir='ltr'><strong>traducerent</strong></span> <span class='ocrx_word' id='word_1_508' title='bbox 3058 3225 3307 3281; x_wconf 66' lang='lat' dir='ltr'><strong>haaresim</strong></span> <span class='ocrx_word' id='word_1_509' title='bbox 3336 3266 3353 3292; x_wconf 95' lang='lat'><strong>,</strong></span> <span class='ocrx_word' id='word_1_510' title='bbox 3409 3224 3610 3280; x_wconf 83' lang='lat' dir='ltr'><strong>funda-</strong></span> 
     </span>
    </p>
   </div>
   <div class='ocr_carea' id='block_1_74' title="bbox 2010 3318 3612 3390">
    <p class='ocr_par' dir='ltr' id='par_1_74' title="bbox 2010 3318 3612 3390">
     <span class='ocr_line' id='line_1_74' title="bbox 2010 3318 3612 3390; baseline -0.001 -17"><span class='ocrx_word' id='word_1_511' title='bbox 2010 3328 2198 3375; x_wconf 88' lang='lat' dir='ltr'><strong>mento</strong></span> <span class='ocrx_word' id='word_1_512' title='bbox 2237 3318 2441 3375; x_wconf 67' lang='lat' dir='ltr'><strong>divina:</strong></span> <span class='ocrx_word' id='word_1_513' title='bbox 2480 3318 2886 3390; x_wconf 67' lang='lat' dir='ltr'><strong>praedicationis</strong></span> <span class='ocrx_word' id='word_1_514' title='bbox 2949 3318 3204 3382; x_wconf 85' lang='lat' dir='ltr'><strong>ﬁdentes,</strong></span> <span class='ocrx_word' id='word_1_515' title='bbox 3242 3327 3612 3389; x_wconf 89' lang='lat' dir='ltr'><strong>putantesque</strong></span> 
     </span>
    </p>
   </div>
   <div class='ocr_carea' id='block_1_75' title="bbox 2008 3410 3612 3483">
    <p class='ocr_par' dir='ltr' id='par_1_75' title="bbox 2008 3410 3612 3483">
     <span class='ocr_line' id='line_1_75' title="bbox 2008 3410 3612 3483; baseline -0.001 -17"><span class='ocrx_word' id='word_1_516' title='bbox 2008 3410 2169 3467; x_wconf 87' lang='lat' dir='ltr'><strong>facile</strong></span> <span class='ocrx_word' id='word_1_517' title='bbox 2225 3426 2287 3467; x_wconf 89' lang='lat' dir='ltr'><strong>se</strong></span> <span class='ocrx_word' id='word_1_518' title='bbox 2319 3426 2483 3483; x_wconf 85' lang='lat' dir='ltr'><strong>posse</strong></span> <span class='ocrx_word' id='word_1_519' title='bbox 2508 3411 2725 3466; x_wconf 90' lang='lat' dir='ltr'><strong>sincero</strong></span> <span class='ocrx_word' id='word_1_520' title='bbox 2753 3426 2995 3481; x_wconf 80' lang='lat' dir='ltr'><strong>veroque</strong></span> <span class='ocrx_word' id='word_1_521' title='bbox 3046 3410 3230 3465; x_wconf 90' lang='lat' dir='ltr'><strong>tritico</strong></span> <span class='ocrx_word' id='word_1_522' title='bbox 3257 3410 3466 3465; x_wconf 87' lang='lat' dir='ltr'><strong>zizania</strong></span> <span class='ocrx_word' id='word_1_523' title='bbox 3511 3425 3612 3464; x_wconf 85' lang='lat' dir='ltr'><strong>sua</strong></span> 
     </span>
    </p>
   </div>
   <div class='ocr_carea' id='block_1_76' title="bbox 2012 3501 3611 3574">
    <p class='ocr_par' dir='ltr' id='par_1_76' title="bbox 2012 3501 3611 3574">
     <span class='ocr_line' id='line_1_76' title="bbox 2012 3501 3611 3574; baseline -0.001 -14"><span class='ocrx_word' id='word_1_524' title='bbox 2012 3503 2514 3574; x_wconf 89' lang='lat' dir='ltr'><strong>superseminare:</strong></span> <span class='ocrx_word' id='word_1_525' title='bbox 2559 3503 2742 3559; x_wconf 89' lang='lat' dir='ltr'><strong>solent</strong></span> <span class='ocrx_word' id='word_1_526' title='bbox 2804 3503 2953 3557; x_wconf 89' lang='lat' dir='ltr'><strong>enim</strong></span> <span class='ocrx_word' id='word_1_527' title='bbox 3024 3504 3129 3558; x_wconf 82' lang='lat' dir='ltr'><strong>hoc</strong></span> <span class='ocrx_word' id='word_1_528' title='bbox 3208 3517 3355 3573; x_wconf 75' lang='lat' dir='ltr'><strong>saepe</strong></span> <span class='ocrx_word' id='word_1_529' title='bbox 3428 3501 3611 3558; x_wconf 82' lang='lat' dir='ltr'><strong>facere</strong></span> 
     </span>
    </p>
   </div>
   <div class='ocr_carea' id='block_1_77' title="bbox 2011 3594 3612 3668">
    <p class='ocr_par' dir='ltr' id='par_1_77' title="bbox 2011 3594 3612 3668">
     <span class='ocr_line' id='line_1_77' title="bbox 2011 3594 3612 3668; baseline -0.001 -17"><span class='ocrx_word' id='word_1_530' title='bbox 2011 3595 2189 3668; x_wconf 91' lang='lat' dir='ltr'><strong>impii,</strong></span> <span class='ocrx_word' id='word_1_531' title='bbox 2234 3596 2553 3666; x_wconf 91' lang='lat' dir='ltr'><strong>multosque</strong></span> <span class='ocrx_word' id='word_1_532' title='bbox 2610 3596 2830 3651; x_wconf 88' lang='lat' dir='ltr'><strong>labores</strong></span> <span class='ocrx_word' id='word_1_533' title='bbox 2921 3611 2987 3651; x_wconf 91' lang='lat' dir='ltr'><strong>ac</strong></span> <span class='ocrx_word' id='word_1_534' title='bbox 3046 3595 3294 3666; x_wconf 89' lang='lat' dir='ltr'><strong>pericula</strong></span> <span class='ocrx_word' id='word_1_535' title='bbox 3354 3594 3612 3651; x_wconf 85' lang='lat' dir='ltr'><strong>alacriter</strong></span> 
     </span>
    </p>
   </div>
   <div class='ocr_carea' id='block_1_78' title="bbox 2011 3686 3609 3759">
    <p class='ocr_par' dir='ltr' id='par_1_78' title="bbox 2011 3686 3609 3759">
     <span class='ocr_line' id='line_1_78' title="bbox 2011 3686 3609 3759; baseline -0.001 -16"><span class='ocrx_word' id='word_1_536' title='bbox 2011 3689 2185 3755; x_wconf 89' lang='lat' dir='ltr'><strong>adire,</strong></span> <span class='ocrx_word' id='word_1_537' title='bbox 2248 3696 2312 3743; x_wconf 89' lang='lat' dir='ltr'><strong>ut</strong></span> <span class='ocrx_word' id='word_1_538' title='bbox 2361 3687 2731 3759; x_wconf 88' lang='lat' dir='ltr'><strong>pestilentiam</strong></span> <span class='ocrx_word' id='word_1_539' title='bbox 2783 3703 2939 3743; x_wconf 90' lang='lat' dir='ltr'><strong>suam</strong></span> <span class='ocrx_word' id='word_1_540' title='bbox 2996 3687 3063 3742; x_wconf 92' lang='lat' dir='ltr'><strong>iis</strong></span> <span class='ocrx_word' id='word_1_541' title='bbox 3111 3686 3205 3756; x_wconf 89' lang='lat' dir='ltr'><strong>qui</strong></span> <span class='ocrx_word' id='word_1_542' title='bbox 3264 3686 3609 3742; x_wconf 89' lang='lat' dir='ltr'><strong>occurrerint</strong></span> 
     </span>
    </p>
   </div>
   <div class='ocr_carea' id='block_1_79' title="bbox 2011 3776 3607 3849">
    <p class='ocr_par' dir='ltr' id='par_1_79' title="bbox 2011 3776 3607 3849">
     <span class='ocr_line' id='line_1_79' title="bbox 2011 3776 3607 3849; baseline -0.002 -16"><span class='ocrx_word' id='word_1_543' title='bbox 2011 3778 2237 3833; x_wconf 79' lang='lat' dir='ltr'><strong>ament:</strong></span> <span class='ocrx_word' id='word_1_544' title='bbox 2273 3786 2571 3848; x_wconf 89' lang='lat' dir='ltr'><strong>propterea</strong></span> <span class='ocrx_word' id='word_1_545' title='bbox 2608 3777 2717 3833; x_wconf 83' lang='lat' dir='ltr'><strong>hoc</strong></span> <span class='ocrx_word' id='word_1_546' title='bbox 2764 3793 2865 3849; x_wconf 86' lang='lat' dir='ltr'><strong>ego</strong></span> <span class='ocrx_word' id='word_1_547' title='bbox 2915 3777 3036 3847; x_wconf 90' lang='lat' dir='ltr'><strong>cepi</strong></span> <span class='ocrx_word' id='word_1_548' title='bbox 3068 3776 3389 3841; x_wconf 88' lang='lat' dir='ltr'><strong>consilium,</strong></span> <span class='ocrx_word' id='word_1_549' title='bbox 3427 3792 3607 3849; x_wconf 51' lang='lat' dir='ltr'><strong>quau:</strong></span> 
     </span>
    </p>
   </div>
   <div class='ocr_carea' id='block_1_80' title="bbox 2008 3847 3608 3939">
    <p class='ocr_par' dir='ltr' id='par_1_80' title="bbox 2008 3847 3608 3939">
     <span class='ocr_line' id='line_1_80' title="bbox 2008 3847 3608 3939; baseline 0 -17"><span class='ocrx_word' id='word_1_550' title='bbox 2008 3883 2172 3939; x_wconf 89' lang='lat' dir='ltr'><strong>quam</strong></span> <span class='ocrx_word' id='word_1_551' title='bbox 2227 3847 2477 3938; x_wconf 88' lang='lat' dir='ltr'><strong>abjectus</strong></span> <span class='ocrx_word' id='word_1_552' title='bbox 2535 3869 2702 3924; x_wconf 84' lang='lat' dir='ltr'><strong>homo</strong></span> <span class='ocrx_word' id='word_1_553' title='bbox 2723 3877 2779 3923; x_wconf 92' lang='lat' dir='ltr'><strong>et</strong></span> <span class='ocrx_word' id='word_1_554' title='bbox 2805 3847 3101 3939; x_wconf 80' lang='lat' dir='ltr'><strong>cujuslibet</strong></span> <span class='ocrx_word' id='word_1_555' title='bbox 3132 3868 3356 3924; x_wconf 80' lang='lat' dir='ltr'><strong>virtutis</strong></span> <span class='ocrx_word' id='word_1_556' title='bbox 3381 3847 3608 3938; x_wconf 50' lang='lat' dir='ltr'><strong>expers:</strong></span> 
     </span>
    </p>
   </div>
   <div class='ocr_carea' id='block_1_81' title="bbox 2011 3958 3609 4032">
    <p class='ocr_par' dir='ltr' id='par_1_81' title="bbox 2011 3958 3609 4032">
     <span class='ocr_line' id='line_1_81' title="bbox 2011 3958 3609 4032; baseline -0.002 -16"><span class='ocrx_word' id='word_1_557' title='bbox 2011 3976 2076 4017; x_wconf 87' lang='lat' dir='ltr'><strong>ea</strong></span> <span class='ocrx_word' id='word_1_558' title='bbox 2170 3976 2294 4031; x_wconf 68' lang='lat' dir='ltr'><strong>qua:</strong></span> <span class='ocrx_word' id='word_1_559' title='bbox 2371 3976 2485 4015; x_wconf 88' lang='lat' dir='ltr'><strong>non</strong></span> <span class='ocrx_word' id='word_1_560' title='bbox 2552 3961 2671 4016; x_wconf 91' lang='lat' dir='ltr'><strong>sine</strong></span> <span class='ocrx_word' id='word_1_561' title='bbox 2723 3960 2911 4016; x_wconf 88' lang='lat' dir='ltr'><strong>labore</strong></span> <span class='ocrx_word' id='word_1_562' title='bbox 2984 3959 3241 4032; x_wconf 75' lang='lat' dir='ltr'><strong>cognovi,</strong></span> <span class='ocrx_word' id='word_1_563' title='bbox 3298 3958 3609 4015; x_wconf 86' lang='lat' dir='ltr'><strong>communis</strong></span> 
     </span>
    </p>
   </div>
   <div class='ocr_carea' id='block_1_82' title="bbox 2008 4051 3604 4122">
    <p class='ocr_par' dir='ltr' id='par_1_82' title="bbox 2008 4051 3604 4122">
     <span class='ocr_line' id='line_1_82' title="bbox 2008 4051 3604 4122; baseline -0.001 -15"><span class='ocrx_word' id='word_1_564' title='bbox 2008 4052 2192 4108; x_wconf 69' lang='lat' dir='ltr'><strong>tutela:</strong></span> <span class='ocrx_word' id='word_1_565' title='bbox 2215 4066 2403 4116; x_wconf 86' lang='lat' dir='ltr'><strong>causa,</strong></span> <span class='ocrx_word' id='word_1_566' title='bbox 2450 4051 2608 4106; x_wconf 83' lang='lat' dir='ltr'><strong>vobis</strong></span> <span class='ocrx_word' id='word_1_567' title='bbox 2663 4052 2897 4122; x_wconf 85' lang='lat' dir='ltr'><strong>egregiis</strong></span> <span class='ocrx_word' id='word_1_568' title='bbox 2929 4052 3207 4122; x_wconf 81' lang='lat' dir='ltr'><strong>trapezitis</strong></span> <span class='ocrx_word' id='word_1_569' title='bbox 3261 4052 3509 4107; x_wconf 90' lang='lat' dir='ltr'><strong>tradendi</strong></span> <span class='ocrx_word' id='word_1_570' title='bbox 3561 4052 3604 4106; x_wconf 85' lang='grc'><strong>³.</strong></span> 
     </span>
    </p>
   </div>
   <div class='ocr_carea' id='block_1_83' title="bbox 2006 4141 3608 4213">
    <p class='ocr_par' dir='ltr' id='par_1_83' title="bbox 2006 4141 3608 4213">
     <span class='ocr_line' id='line_1_83' title="bbox 2006 4141 3608 4213; baseline 0 -14"><span class='ocrx_word' id='word_1_571' title='bbox 2006 4143 2087 4199; x_wconf 89' lang='lat' dir='ltr'><strong>Tu</strong></span> <span class='ocrx_word' id='word_1_572' title='bbox 2132 4158 2285 4207; x_wconf 86' lang='lat' dir='ltr'><strong>vero,</strong></span> <span class='ocrx_word' id='word_1_573' title='bbox 2353 4157 2572 4197; x_wconf 88' lang='lat' dir='ltr'><strong>sacrum</strong></span> <span class='ocrx_word' id='word_1_574' title='bbox 2609 4141 3094 4213; x_wconf 64' lang='lat' dir='ltr'><strong>venerantiumque</strong></span> <span class='ocrx_word' id='word_1_575' title='bbox 3137 4152 3324 4213; x_wconf 91' lang='lat' dir='ltr'><strong>caput,</strong></span> <span class='ocrx_word' id='word_1_576' title='bbox 3366 4144 3608 4199; x_wconf 81' lang='lat' dir='ltr'><strong>vocabu-</strong></span> 
     </span>
    </p>
   </div>
   <div class='ocr_carea' id='block_1_84' title="bbox 2007 4235 3606 4304">
    <p class='ocr_par' dir='ltr' id='par_1_84' title="bbox 2007 4235 3606 4304">
     <span class='ocr_line' id='line_1_84' title="bbox 2007 4235 3606 4304; baseline -0.001 -11"><span class='ocrx_word' id='word_1_577' title='bbox 2007 4240 2182 4294; x_wconf 89' lang='lat' dir='ltr'><strong>lorum</strong></span> <span class='ocrx_word' id='word_1_578' title='bbox 2220 4236 2625 4292; x_wconf 85' lang='lat' dir='ltr'><strong>invenustatem</strong></span> <span class='ocrx_word' id='word_1_579' title='bbox 2663 4235 3041 4304; x_wconf 90' lang='lat' dir='ltr'><strong>dissimulans,</strong></span> <span class='ocrx_word' id='word_1_580' title='bbox 3088 4252 3295 4293; x_wconf 91' lang='lat' dir='ltr'><strong>munus</strong></span> <span class='ocrx_word' id='word_1_581' title='bbox 3352 4246 3606 4292; x_wconf 90' lang='lat' dir='ltr'><strong>nostrum</strong></span> 
     </span>
    </p>
   </div>
   <div class='ocr_carea' id='block_1_85' title="bbox 1611 4531 2298 4591">
    <p class='ocr_par' dir='ltr' id='par_1_85' title="bbox 1611 4531 2298 4591">
     <span class='ocr_line' id='line_1_85' title="bbox 1611 4531 2298 4591; baseline -0.001 0"><span class='ocrx_word' id='word_1_582' title='bbox 1611 4532 1848 4591; x_wconf 62' lang='lat' dir='ltr'><strong>VARIE</strong></span> <span class='ocrx_word' id='word_1_583' title='bbox 1888 4532 2185 4591; x_wconf 78' lang='lat' dir='ltr'><strong>LECTION</strong></span> <span class='ocrx_word' id='word_1_584' title='bbox 2194 4531 2298 4590; x_wconf 87' lang='lat' dir='ltr'><strong>ES.</strong></span> 
     </span>
    </p>
   </div>
   <div class='ocr_carea' id='block_1_86' title="bbox 391 4698 1443 4773">
    <p class='ocr_par' dir='ltr' id='par_1_86' title="bbox 391 4698 1443 4773">
     <span class='ocr_line' id='line_1_86' title="bbox 391 4698 1443 4773; baseline -0.007 -12"><span class='ocrx_word' id='word_1_585' title='bbox 391 4718 416 4747; x_wconf 73' lang='grc' dir='ltr'><strong>ε</strong></span> <span class='ocrx_word' id='word_1_586' title='bbox 441 4705 507 4760; x_wconf 83' lang='lat' dir='ltr'><strong>R.</strong></span> <span class='ocrx_word' id='word_1_587' title='bbox 539 4703 692 4760; x_wconf 75' lang='lat' dir='ltr'><strong>addit</strong></span> <span class='ocrx_word' id='word_1_588' title='bbox 723 4700 1129 4773; x_wconf 55' lang='lat' dir='ltr'><strong>agropdﬁavesc._</strong></span> <span class='ocrx_word' id='word_1_589' title='bbox 1229 4698 1249 4739; x_wconf 69' lang='grc' dir='ltr'><strong><em>ἲ</em></strong></span> <span class='ocrx_word' id='word_1_590' title='bbox 1285 4700 1352 4756; x_wconf 82' lang='lat' dir='ltr'><strong>R.</strong></span> <span class='ocrx_word' id='word_1_591' title='bbox 1386 4701 1443 4773; x_wconf 78' lang='grc' dir='ltr'><strong>αἰ</strong></span> 
     </span>
    </p>
   </div>
   <div class='ocr_carea' id='block_1_87' title="bbox 298 4768 1456 4844">
    <p class='ocr_par' dir='ltr' id='par_1_87' title="bbox 298 4768 1456 4844">
     <span class='ocr_line' id='line_1_87' title="bbox 298 4768 1456 4844; baseline -0.009 -12"><span class='ocrx_word' id='word_1_592' title='bbox 298 4795 409 4842; x_wconf 91' lang='grc' dir='ltr'>τος.</span> <span class='ocrx_word' id='word_1_593' title='bbox 490 4768 874 4844; x_wconf 67' lang='grc' dir='ltr'><strong>ἱεοό.αἷμοὶ.</strong></span> <span class='ocrx_word' id='word_1_594' title='bbox 953 4770 1360 4844; x_wconf 55' lang='grc' dir='ltr'><strong>¹ίῘῖ.άνηκτοςἐ</strong></span> <span class='ocrx_word' id='word_1_595' title='bbox 1437 4771 1456 4812; x_wconf 81' lang='lat'>1</span> 
     </span>
    </p>
   </div>
   <div class='ocr_carea' id='block_1_88' title="bbox 302 4841 1395 4912">
    <p class='ocr_par' dir='ltr' id='par_1_88' title="bbox 302 4841 1395 4912">
     <span class='ocr_line' id='line_1_88' title="bbox 302 4841 1395 4912; baseline -0.004 -11"><span class='ocrx_word' id='word_1_596' title='bbox 302 4861 329 4901; x_wconf 76' lang='grc' dir='ltr'><strong>ν</strong></span> <span class='ocrx_word' id='word_1_597' title='bbox 359 4848 423 4905; x_wconf 83' lang='lat' dir='ltr'><strong>R.</strong></span> <span class='ocrx_word' id='word_1_598' title='bbox 466 4846 651 4901; x_wconf 73' lang='grc' dir='ltr'>ἕνεκα.</span> <span class='ocrx_word' id='word_1_599' title='bbox 756 4841 788 4896; x_wconf 61' lang='grc' dir='ltr'><strong>ιι</strong></span> <span class='ocrx_word' id='word_1_600' title='bbox 816 4844 979 4899; x_wconf 89' lang='lat' dir='ltr'><strong>Deest</strong></span> <span class='ocrx_word' id='word_1_601' title='bbox 1001 4844 1114 4905; x_wconf 88' lang='grc' dir='ltr'>τοῖς</span> <span class='ocrx_word' id='word_1_602' title='bbox 1147 4844 1290 4912; x_wconf 87' lang='lat' dir='ltr'><strong>apud</strong></span> <span class='ocrx_word' id='word_1_603' title='bbox 1326 4841 1395 4898; x_wconf 75' lang='grc' dir='ltr'><strong>Β.</strong></span> 
     </span>
    </p>
   </div>
   <div class='ocr_carea' id='block_1_89' title="bbox 1523 4694 3120 4771">
    <p class='ocr_par' dir='ltr' id='par_1_89' title="bbox 1523 4694 3120 4771">
     <span class='ocr_line' id='line_1_89' title="bbox 1523 4694 3120 4771; baseline 0 0"><span class='ocrx_word' id='word_1_604' title='bbox 1523 4698 1807 4771; x_wconf 74' lang='grc' dir='ltr'>ροεργιῶνο</span> <span class='ocrx_word' id='word_1_605' title='bbox 1891 4696 2016 4771; x_wconf 60' lang='lat' dir='ltr'><strong>Ul-</strong></span> <span class='ocrx_word' id='word_1_606' title='bbox 2050 4694 2456 4771; x_wconf 53' lang='grc' dir='ltr'>περεποίηδεακ</span> <span class='ocrx_word' id='word_1_607' title='bbox 2529 4694 2663 4771; x_wconf 66' lang='lat' dir='ltr'><strong>PB.-</strong></span> <span class='ocrx_word' id='word_1_608' title='bbox 2697 4694 3120 4771; x_wconf 57' lang='grc' dir='ltr'><strong>κεδξορμημέκεέξ</strong></span> 
     </span>
    </p>
   </div>
   <div class='ocr_carea' id='block_1_90' title="bbox 1541 4758 3599 4841">
    <p class='ocr_par' dir='ltr' id='par_1_90' title="bbox 1541 4758 3599 4841">
     <span class='ocr_line' id='line_1_90' title="bbox 1541 4758 3599 4841; baseline -0.006 -16"><span class='ocrx_word' id='word_1_609' title='bbox 1541 4811 1555 4825; x_wconf 94' lang='grc'><strong>.</strong></span> <span class='ocrx_word' id='word_1_610' title='bbox 1584 4758 1755 4825; x_wconf 76' lang='grc' dir='ltr'>κεῖσε.</span> <span class='ocrx_word' id='word_1_611' title='bbox 1834 4776 1874 4805; x_wconf 74' lang='grc' dir='ltr'>ω</span> <span class='ocrx_word' id='word_1_612' title='bbox 1906 4767 1971 4822; x_wconf 82' lang='lat' dir='ltr'><strong>R.</strong></span> <span class='ocrx_word' id='word_1_613' title='bbox 2007 4758 2208 4841; x_wconf 67' lang='grc' dir='ltr'>ἀδήλῳ.</span> <span class='ocrx_word' id='word_1_614' title='bbox 2290 4758 2481 4822; x_wconf 69' lang='grc' dir='ltr'><strong>η’(ῗιοιι.</strong></span> <span class='ocrx_word' id='word_1_615' title='bbox 2524 4764 2758 4836; x_wconf 76' lang='grc' dir='ltr'>ζηζάνια</span> <span class='ocrx_word' id='word_1_616' title='bbox 2789 4758 2884 4819; x_wconf 79' lang='lat' dir='ltr'><strong>hic</strong></span> <span class='ocrx_word' id='word_1_617' title='bbox 2916 4758 2969 4817; x_wconf 81' lang='lat' dir='ltr'><strong>et</strong></span> <span class='ocrx_word' id='word_1_618' title='bbox 2993 4759 3146 4816; x_wconf 89' lang='lat' dir='ltr'><strong>alibi.</strong></span> <span class='ocrx_word' id='word_1_619' title='bbox 3226 4766 3252 4793; x_wconf 90' lang='lat'>°</span> <span class='ocrx_word' id='word_1_620' title='bbox 3282 4759 3350 4816; x_wconf 82' lang='lat' dir='ltr'><strong>R.</strong></span> <span class='ocrx_word' id='word_1_621' title='bbox 3378 4758 3599 4831; x_wconf 83' lang='grc' dir='ltr'>λοίμην.</span> 
     </span>
    </p>
   </div>
   <div class='ocr_carea' id='block_1_91' title="bbox 2535 4686 3605 4762">
    <p class='ocr_par' dir='ltr' id='par_1_91' title="bbox 2535 4686 3605 4762">
     <span class='ocr_line' id='line_1_91' title="bbox 2535 4686 3605 4762; baseline -0.007 -15"><span class='ocrx_word' id='word_1_622' title='bbox 2535 4691 2565 4731; x_wconf 73' lang='grc'><strong>1³</strong></span> <span class='ocrx_word' id='word_1_623' title='bbox 2597 4692 2663 4747; x_wconf 82' lang='lat' dir='ltr'><strong>R.</strong></span> <span class='ocrx_word' id='word_1_624' title='bbox 2697 4690 3138 4762; x_wconf 70' lang='grc' dir='ltr'>κεκοσμημένος.</span> <span class='ocrx_word' id='word_1_625' title='bbox 3248 4686 3605 4762; x_wconf 40' lang='grc' dir='ltr'>ίβηδιέχον-</span> 
     </span>
    </p>
   </div>
   <div class='ocr_carea' id='block_1_92' title="bbox 1858 4964 2101 5041">
    <p class='ocr_par' dir='ltr' id='par_1_92' title="bbox 1858 4964 2101 5041">
     <span class='ocr_line' id='line_1_92' title="bbox 1858 4964 2101 5041; baseline 0.012 -3"><span class='ocrx_word' id='word_1_626' title='bbox 1858 4964 2101 5041; x_wconf 58' lang='lat' dir='ltr'><strong>Nom.</strong></span> 
     </span>
    </p>
   </div>
   <div class='ocr_carea' id='block_1_93' title="bbox 371 5104 1895 5180">
    <p class='ocr_par' dir='ltr' id='par_1_93' title="bbox 371 5104 1895 5180">
     <span class='ocr_line' id='line_1_93' title="bbox 371 5104 1895 5180; baseline -0.002 -17"><span class='ocrx_word' id='word_1_627' title='bbox 371 5110 447 5175; x_wconf 66' lang='grc' dir='ltr'><strong>(ι)</strong></span> <span class='ocrx_word' id='word_1_628' title='bbox 506 5108 581 5163; x_wconf 85' lang='lat' dir='ltr'><strong>De</strong></span> <span class='ocrx_word' id='word_1_629' title='bbox 654 5107 741 5163; x_wconf 87' lang='lat' dir='ltr'><strong>bis</strong></span> <span class='ocrx_word' id='word_1_630' title='bbox 797 5105 980 5161; x_wconf 86' lang='lat' dir='ltr'><strong>Basilii</strong></span> <span class='ocrx_word' id='word_1_631' title='bbox 1029 5106 1155 5162; x_wconf 82' lang='lat' dir='ltr'><strong>ﬁliis</strong></span> <span class='ocrx_word' id='word_1_632' title='bbox 1219 5105 1469 5180; x_wconf 85' lang='lat' dir='ltr'><strong>angustis</strong></span> <span class='ocrx_word' id='word_1_633' title='bbox 1543 5105 1758 5159; x_wconf 85' lang='lat' dir='ltr'><strong>dicetur</strong></span> <span class='ocrx_word' id='word_1_634' title='bbox 1811 5104 1895 5160; x_wconf 83' lang='lat' dir='ltr'><strong>in-</strong></span> 
     </span>
    </p>
   </div>
   <div class='ocr_carea' id='block_1_94' title="bbox 296 5182 488 5238">
    <p class='ocr_par' dir='ltr' id='par_1_94' title="bbox 296 5182 488 5238">
     <span class='ocr_line' id='line_1_94' title="bbox 296 5182 488 5238; baseline -0.021 1"><span class='ocrx_word' id='word_1_635' title='bbox 296 5182 488 5238; x_wconf 81' lang='lat' dir='ltr'><strong>ferins.</strong></span> 
     </span>
    </p>
   </div>
   <div class='ocr_carea' id='block_1_95' title="bbox 370 5246 1891 5320">
    <p class='ocr_par' dir='ltr' id='par_1_95' title="bbox 370 5246 1891 5320">
     <span class='ocr_line' id='line_1_95' title="bbox 370 5246 1891 5320; baseline -0.002 -14"><span class='ocrx_word' id='word_1_636' title='bbox 370 5252 447 5318; x_wconf 67' lang='grc' dir='ltr'><strong>(ευ</strong></span> <span class='ocrx_word' id='word_1_637' title='bbox 482 5249 664 5305; x_wconf 85' lang='lat' dir='ltr'><strong>Basilii</strong></span> <span class='ocrx_word' id='word_1_638' title='bbox 696 5265 874 5320; x_wconf 86' lang='lat' dir='ltr'><strong>nuper</strong></span> <span class='ocrx_word' id='word_1_639' title='bbox 920 5248 1243 5319; x_wconf 86' lang='lat' dir='ltr'><strong>imperantis</strong></span> <span class='ocrx_word' id='word_1_640' title='bbox 1300 5248 1441 5320; x_wconf 86' lang='lat' dir='ltr'><strong>bella</strong></span> <span class='ocrx_word' id='word_1_641' title='bbox 1477 5247 1741 5303; x_wconf 81' lang='lat' dir='ltr'><strong>adversus</strong></span> <span class='ocrx_word' id='word_1_642' title='bbox 1774 5246 1891 5303; x_wconf 83' lang='lat' dir='ltr'><strong>Ma-</strong></span> 
     </span>
    </p>
   </div>
   <div class='ocr_carea' id='block_1_96' title="bbox 296 5319 1897 5390">
    <p class='ocr_par' dir='ltr' id='par_1_96' title="bbox 296 5319 1897 5390">
     <span class='ocr_line' id='line_1_96' title="bbox 296 5319 1897 5390; baseline -0.002 -11"><span class='ocrx_word' id='word_1_643' title='bbox 296 5323 543 5379; x_wconf 64' lang='lat' dir='ltr'><strong>nicbmos</strong></span> <span class='ocrx_word' id='word_1_644' title='bbox 585 5330 641 5375; x_wconf 91' lang='lat' dir='ltr'><strong>et</strong></span> <span class='ocrx_word' id='word_1_645' title='bbox 683 5319 874 5375; x_wconf 88' lang='lat' dir='ltr'><strong>eorum</strong></span> <span class='ocrx_word' id='word_1_646' title='bbox 915 5330 1255 5390; x_wconf 84' lang='lat' dir='ltr'><strong>protectores</strong></span> <span class='ocrx_word' id='word_1_647' title='bbox 1317 5319 1640 5384; x_wconf 83' lang='lat' dir='ltr'><strong>Saracenos,</strong></span> <span class='ocrx_word' id='word_1_648' title='bbox 1668 5330 1897 5376; x_wconf 85' lang='lat' dir='ltr'><strong>narrant</strong></span> 
     </span>
    </p>
   </div>
   <div class='ocr_carea' id='block_1_97' title="bbox 297 5390 1896 5464">
    <p class='ocr_par' dir='ltr' id='par_1_97' title="bbox 297 5390 1896 5464">
     <span class='ocr_line' id='line_1_97' title="bbox 297 5390 1896 5464; baseline -0.002 -15"><span class='ocrx_word' id='word_1_649' title='bbox 297 5395 501 5464; x_wconf 87' lang='lat' dir='ltr'><strong>passim</strong></span> <span class='ocrx_word' id='word_1_650' title='bbox 546 5392 790 5464; x_wconf 81' lang='lat' dir='ltr'><strong>historici</strong></span> <span class='ocrx_word' id='word_1_651' title='bbox 827 5391 1511 5464; x_wconf 18' lang='lat' dir='ltr'><strong>Byzantini.A_Et_quidem</strong></span> <span class='ocrx_word' id='word_1_652' title='bbox 1546 5390 1740 5461; x_wconf 88' lang='lat' dir='ltr'><strong>ingens</strong></span> <span class='ocrx_word' id='word_1_653' title='bbox 1768 5391 1896 5464; x_wconf 51' lang='lat' dir='ltr'><strong>vitaef</strong></span> 
     </span>
    </p>
   </div>
   <div class='ocr_carea' id='block_1_98' title="bbox 294 5461 1895 5531">
    <p class='ocr_par' dir='ltr' id='par_1_98' title="bbox 294 5461 1895 5531">
     <span class='ocr_line' id='line_1_98' title="bbox 294 5461 1895 5531; baseline -0.002 -12"><span class='ocrx_word' id='word_1_654' title='bbox 294 5461 392 5519; x_wconf 81' lang='lat' dir='ltr'><strong>aut</strong></span> <span class='ocrx_word' id='word_1_655' title='bbox 422 5461 688 5519; x_wconf 87' lang='lat' dir='ltr'><strong>libertatis</strong></span> <span class='ocrx_word' id='word_1_656' title='bbox 733 5461 1029 5517; x_wconf 84' lang='lat' dir='ltr'><strong>discrimen</strong></span> <span class='ocrx_word' id='word_1_657' title='bbox 1079 5461 1215 5517; x_wconf 85' lang='lat' dir='ltr'><strong>adiit</strong></span> <span class='ocrx_word' id='word_1_658' title='bbox 1264 5461 1378 5531; x_wconf 85' lang='lat' dir='ltr'><strong>ipse</strong></span> <span class='ocrx_word' id='word_1_659' title='bbox 1428 5463 1726 5531; x_wconf 86' lang='lat' dir='ltr'><strong>imperator</strong></span> <span class='ocrx_word' id='word_1_660' title='bbox 1749 5462 1895 5531; x_wconf 89' lang='lat' dir='ltr'><strong>apud</strong></span> 
     </span>
    </p>
   </div>
   <div class='ocr_carea' id='block_1_99' title="bbox 293 5531 1898 5603">
    <p class='ocr_par' dir='ltr' id='par_1_99' title="bbox 293 5531 1898 5603">
     <span class='ocr_line' id='line_1_99' title="bbox 293 5531 1898 5603; baseline -0.002 -13"><span class='ocrx_word' id='word_1_661' title='bbox 293 5533 570 5591; x_wconf 85' lang='lat' dir='ltr'><strong>Tibricam</strong></span> <span class='ocrx_word' id='word_1_662' title='bbox 653 5548 779 5587; x_wconf 90' lang='lat' dir='ltr'><strong>cum</strong></span> <span class='ocrx_word' id='word_1_663' title='bbox 834 5534 938 5587; x_wconf 88' lang='lat' dir='ltr'><strong>illis</strong></span> <span class='ocrx_word' id='word_1_664' title='bbox 989 5548 1283 5602; x_wconf 82' lang='lat' dir='ltr'><strong>pugnans;</strong></span> <span class='ocrx_word' id='word_1_665' title='bbox 1328 5532 1504 5603; x_wconf 88' lang='lat' dir='ltr'><strong>cujus</strong></span> <span class='ocrx_word' id='word_1_666' title='bbox 1529 5531 1605 5586; x_wconf 88' lang='lat' dir='ltr'><strong>rei</strong></span> <span class='ocrx_word' id='word_1_667' title='bbox 1647 5533 1898 5587; x_wconf 82' lang='lat' dir='ltr'><strong>meminit</strong></span> 
     </span>
    </p>
   </div>
   <div class='ocr_carea' id='block_1_100' title="bbox 295 5602 1893 5677">
    <p class='ocr_par' dir='ltr' id='par_1_100' title="bbox 295 5602 1893 5677">
     <span class='ocr_line' id='line_1_100' title="bbox 295 5602 1893 5677; baseline -0.003 -16"><span class='ocrx_word' id='word_1_668' title='bbox 295 5606 405 5661; x_wconf 89' lang='lat' dir='ltr'><strong>Leo</strong></span> <span class='ocrx_word' id='word_1_669' title='bbox 420 5604 811 5677; x_wconf 80' lang='lat' dir='ltr'><strong>grammaticus</strong></span> <span class='ocrx_word' id='word_1_670' title='bbox 842 5606 933 5659; x_wconf 90' lang='lat' dir='ltr'><strong>ed.</strong></span> <span class='ocrx_word' id='word_1_671' title='bbox 968 5602 1145 5677; x_wconf 89' lang='lat' dir='ltr'><strong>Paris.</strong></span> <span class='ocrx_word' id='word_1_672' title='bbox 1174 5619 1227 5674; x_wconf 91' lang='lat' dir='ltr'><strong>p.</strong></span> <span class='ocrx_word' id='word_1_673' title='bbox 1254 5602 1393 5677; x_wconf 11' lang='lat'><strong>‘4&#39;“,</strong></span> <span class='ocrx_word' id='word_1_674' title='bbox 1422 5602 1425 5603; x_wconf 57' lang='grc'><strong><em>⁷</em></strong></span> <span class='ocrx_word' id='word_1_675' title='bbox 1454 5603 1770 5677; x_wconf 79' lang='lat' dir='ltr'><strong>ubi_scr_ibit</strong></span> <span class='ocrx_word' id='word_1_676' title='bbox 1803 5605 1893 5677; x_wconf 17' lang='grc' dir='ltr'><strong>μὲν</strong></span> 
     </span>
    </p>
   </div>
   <div class='ocr_carea' id='block_1_101' title="bbox 289 5673 1888 5745">
    <p class='ocr_par' dir='ltr' id='par_1_101' title="bbox 289 5673 1888 5745">
     <span class='ocr_line' id='line_1_101' title="bbox 289 5673 1888 5745; baseline -0.002 -14"><span class='ocrx_word' id='word_1_677' title='bbox 289 5673 444 5741; x_wconf 71' lang='grc' dir='ltr'>τοῖς“</span> <span class='ocrx_word' id='word_1_678' title='bbox 472 5674 777 5743; x_wconf 78' lang='grc' dir='ltr'>Ί“ι6ρικοῖ;.</span> <span class='ocrx_word' id='word_1_679' title='bbox 810 5691 974 5745; x_wconf 90' lang='lat' dir='ltr'><strong>quam</strong></span> <span class='ocrx_word' id='word_1_680' title='bbox 1005 5676 1196 5729; x_wconf 86' lang='lat' dir='ltr'><strong>urbem</strong></span> <span class='ocrx_word' id='word_1_681' title='bbox 1253 5675 1514 5743; x_wconf 83' lang='lat' dir='ltr'><strong>ignorans</strong></span> <span class='ocrx_word' id='word_1_682' title='bbox 1549 5673 1777 5728; x_wconf 79' lang='lat' dir='ltr'><strong>Latinus</strong></span> <span class='ocrx_word' id='word_1_683' title='bbox 1802 5674 1888 5728; x_wconf 86' lang='lat' dir='ltr'><strong>in-</strong></span> 
     </span>
    </p>
   </div>
   <div class='ocr_carea' id='block_1_102' title="bbox 292 5745 1893 5818">
    <p class='ocr_par' dir='ltr' id='par_1_102' title="bbox 292 5745 1893 5818">
     <span class='ocr_line' id='line_1_102' title="bbox 292 5745 1893 5818; baseline -0.002 -15"><span class='ocrx_word' id='word_1_684' title='bbox 292 5757 527 5818; x_wconf 84' lang='lat' dir='ltr'><strong>terpres,</strong></span> <span class='ocrx_word' id='word_1_685' title='bbox 586 5746 817 5818; x_wconf 75' lang='lat' dir='ltr'><strong>ridicule</strong></span> <span class='ocrx_word' id='word_1_686' title='bbox 868 5746 1439 5818; x_wconf 72' lang='lat' dir='ltr'><strong>transtulitAfricom.</strong></span> <span class='ocrx_word' id='word_1_687' title='bbox 1478 5745 1583 5818; x_wconf 78' lang='lat' dir='ltr'><strong>Sed</strong></span> <span class='ocrx_word' id='word_1_688' title='bbox 1617 5745 1893 5818; x_wconf 71' lang='lat' dir='ltr'><strong>rentbclle</strong></span> 
     </span>
    </p>
   </div>
   <div class='ocr_carea' id='block_1_103' title="bbox 292 5815 1894 5889">
    <p class='ocr_par' dir='ltr' id='par_1_103' title="bbox 292 5815 1894 5889">
     <span class='ocr_line' id='line_1_103' title="bbox 292 5815 1894 5889; baseline -0.002 -16"><span class='ocrx_word' id='word_1_689' title='bbox 292 5815 523 5889; x_wconf 76' lang='lat' dir='ltr'><strong>corrigit</strong></span> <span class='ocrx_word' id='word_1_690' title='bbox 554 5818 723 5889; x_wconf 79' lang='lat' dir='ltr'><strong>etiam</strong></span> <span class='ocrx_word' id='word_1_691' title='bbox 771 5816 1038 5889; x_wconf 71' lang='lat' dir='ltr'><strong>Georgius</strong></span> <span class='ocrx_word' id='word_1_692' title='bbox 1068 5816 1438 5889; x_wconf 80' lang='lat' dir='ltr'><strong>Hamartolus,</strong></span> <span class='ocrx_word' id='word_1_693' title='bbox 1472 5815 1557 5889; x_wconf 80' lang='lat' dir='ltr'><strong>vel</strong></span> <span class='ocrx_word' id='word_1_694' title='bbox 1590 5815 1711 5889; x_wconf 79' lang='lat' dir='ltr'><strong>eius</strong></span> <span class='ocrx_word' id='word_1_695' title='bbox 1757 5832 1894 5871; x_wconf 89' lang='lat' dir='ltr'><strong>con-</strong></span> 
     </span>
    </p>
   </div>
   <div class='ocr_carea' id='block_1_104' title="bbox 292 5885 1886 5957">
    <p class='ocr_par' dir='ltr' id='par_1_104' title="bbox 292 5885 1886 5957">
     <span class='ocr_line' id='line_1_104' title="bbox 292 5885 1886 5957; baseline 0 -12"><span class='ocrx_word' id='word_1_696' title='bbox 292 5885 565 5957; x_wconf 73' lang='lat' dir='ltr'><strong>tinuator,</strong></span> <span class='ocrx_word' id='word_1_697' title='bbox 626 5888 683 5944; x_wconf 91' lang='lat' dir='ltr'><strong>in</strong></span> <span class='ocrx_word' id='word_1_698' title='bbox 734 5885 939 5945; x_wconf 74' lang='lat' dir='ltr'><strong>codice</strong></span> <span class='ocrx_word' id='word_1_699' title='bbox 984 5887 1161 5946; x_wconf 76' lang='lat' dir='ltr'><strong>Vatic.</strong></span> <span class='ocrx_word' id='word_1_700' title='bbox 1218 5887 1258 5944; x_wconf 82' lang='lat' dir='ltr'><strong>l&#39;.</strong></span> <span class='ocrx_word' id='word_1_701' title='bbox 1314 5887 1440 5944; x_wconf 68' lang='lat'><strong>204.</strong></span> <span class='ocrx_word' id='word_1_702' title='bbox 1497 5887 1575 5956; x_wconf 72' lang='grc' dir='ltr'>ι),</span> <span class='ocrx_word' id='word_1_703' title='bbox 1620 5885 1712 5945; x_wconf 88' lang='lat' dir='ltr'><strong>ubi</strong></span> <span class='ocrx_word' id='word_1_704' title='bbox 1764 5903 1886 5945; x_wconf 84' lang='lat' dir='ltr'><strong>eam</strong></span> 
     </span>
    </p>
   </div>
   <div class='ocr_carea' id='block_1_105' title="bbox 2005 5090 3603 5169">
    <p class='ocr_par' dir='ltr' id='par_1_105' title="bbox 2005 5090 3603 5169">
     <span class='ocr_line' id='line_1_105' title="bbox 2005 5090 3603 5169; baseline -0.007 -12"><span class='ocrx_word' id='word_1_705' title='bbox 2005 5112 2326 5158; x_wconf 83' lang='lat' dir='ltr'><strong>narraturus</strong></span> <span class='ocrx_word' id='word_1_706' title='bbox 2376 5100 2456 5156; x_wconf 91' lang='lat' dir='ltr'><strong>sic</strong></span> <span class='ocrx_word' id='word_1_707' title='bbox 2504 5098 2701 5169; x_wconf 89' lang='lat' dir='ltr'><strong>incipit</strong></span> <span class='ocrx_word' id='word_1_708' title='bbox 2740 5115 2754 5153; x_wconf 88' lang='lat'><strong>:</strong></span> <span class='ocrx_word' id='word_1_709' title='bbox 2819 5096 3215 5169; x_wconf 82' lang='grc' dir='ltr'>Ἐστράτευσεν</span> <span class='ocrx_word' id='word_1_710' title='bbox 3248 5094 3290 5169; x_wconf 15' lang='grc' dir='ltr'>ἑὸ</span> <span class='ocrx_word' id='word_1_711' title='bbox 3326 5090 3603 5169; x_wconf 60' lang='grc' dir='ltr'><strong>Δβασιλεὺς</strong></span> 
     </span>
    </p>
   </div>
   <div class='ocr_carea' id='block_1_106' title="bbox 2004 5162 3602 5248">
    <p class='ocr_par' dir='ltr' id='par_1_106' title="bbox 2004 5162 3602 5248">
     <span class='ocr_line' id='line_1_106' title="bbox 2004 5162 3602 5248; baseline -0.008 -21"><span class='ocrx_word' id='word_1_712' title='bbox 2004 5177 2147 5248; x_wconf 63' lang='grc' dir='ltr'>κειτᾲ</span> <span class='ocrx_word' id='word_1_713' title='bbox 2175 5174 2286 5226; x_wconf 87' lang='grc' dir='ltr'><strong>τῶν</strong></span> <span class='ocrx_word' id='word_1_714' title='bbox 2319 5174 2485 5248; x_wconf 35' lang='grc' dir='ltr'>ἐν’-τῇ</span> <span class='ocrx_word' id='word_1_715' title='bbox 2522 5162 3133 5248; x_wconf 39' lang='grc' dir='ltr'>Τι6’ρικῇ“’έκγαρηνῶν,</span> <span class='ocrx_word' id='word_1_716' title='bbox 3176 5162 3602 5248; x_wconf 26' lang='grc' dir='ltr'>καὶιδιαφςόηροις</span> 
     </span>
    </p>
   </div>
   <div class='ocr_carea' id='block_1_107' title="bbox 2002 5234 3605 5313">
    <p class='ocr_par' dir='ltr' id='par_1_107' title="bbox 2002 5234 3605 5313">
     <span class='ocr_line' id='line_1_107' title="bbox 2002 5234 3605 5313; baseline -0.008 -16"><span class='ocrx_word' id='word_1_717' title='bbox 2002 5244 2263 5313; x_wconf 81' lang='grc' dir='ltr'>πολέμοις</span> <span class='ocrx_word' id='word_1_718' title='bbox 2310 5234 2901 5313; x_wconf 31' lang='grc' dir='ltr'>τούτοις-συμϐαλὼν-</span> <span class='ocrx_word' id='word_1_719' title='bbox 2933 5234 3166 5313; x_wconf 54' lang='grc' dir='ltr'>ἡττήθη,</span> <span class='ocrx_word' id='word_1_720' title='bbox 3219 5235 3331 5313; x_wconf 46' lang='grc' dir='ltr'>καὶ.</span> <span class='ocrx_word' id='word_1_721' title='bbox 3374 5234 3605 5313; x_wconf 74' lang='grc' dir='ltr'>πολλοὺς</span> 
     </span>
    </p>
   </div>
   <div class='ocr_carea' id='block_1_108' title="bbox 1999 5302 3589 5382">
    <p class='ocr_par' dir='ltr' id='par_1_108' title="bbox 1999 5302 3589 5382">
     <span class='ocr_line' id='line_1_108' title="bbox 1999 5302 3589 5382; baseline -0.007 -14"><span class='ocrx_word' id='word_1_722' title='bbox 1999 5315 2108 5368; x_wconf 87' lang='grc' dir='ltr'><strong>τῶν</strong></span> <span class='ocrx_word' id='word_1_723' title='bbox 2126 5302 2414 5382; x_wconf 71' lang='grc' dir='ltr'>Ῥωμαίων</span> <span class='ocrx_word' id='word_1_724' title='bbox 2447 5302 2714 5375; x_wconf 70' lang='grc' dir='ltr'>ἀπέϐαλε,</span> <span class='ocrx_word' id='word_1_725' title='bbox 2749 5327 2869 5382; x_wconf 60' lang='grc' dir='ltr'>κ.τ,</span> <span class='ocrx_word' id='word_1_726' title='bbox 2889 5302 3169 5382; x_wconf 73' lang='grc' dir='ltr'>λ.’ΒεΠιιήι</span> <span class='ocrx_word' id='word_1_727' title='bbox 3192 5302 3402 5382; x_wconf 68' lang='lat' dir='ltr'><strong>gerebat</strong></span> <span class='ocrx_word' id='word_1_728' title='bbox 3435 5305 3589 5373; x_wconf 49' lang='lat' dir='ltr'><strong>impen</strong></span> 
     </span>
    </p>
   </div>
   <div class='ocr_carea' id='block_1_109' title="bbox 2003 5377 3598 5456">
    <p class='ocr_par' dir='ltr' id='par_1_109' title="bbox 2003 5377 3598 5456">
     <span class='ocr_line' id='line_1_109' title="bbox 2003 5377 3598 5456; baseline -0.008 -17"><span class='ocrx_word' id='word_1_729' title='bbox 2003 5396 2159 5441; x_wconf 75' lang='grc' dir='ltr'>ναίον</span> <span class='ocrx_word' id='word_1_730' title='bbox 2216 5377 2359 5453; x_wconf 78' lang='grc' dir='ltr'>ᾰριιιί</span> <span class='ocrx_word' id='word_1_731' title='bbox 2396 5383 2658 5456; x_wconf 74' lang='lat' dir='ltr'><strong>Tibricam</strong></span> <span class='ocrx_word' id='word_1_732' title='bbox 2691 5398 2809 5435; x_wconf 86' lang='lat' dir='ltr'><strong>cum</strong></span> <span class='ocrx_word' id='word_1_733' title='bbox 2835 5380 3117 5456; x_wconf 69' lang='lat' dir='ltr'><strong>Agarenis,</strong></span> <span class='ocrx_word' id='word_1_734' title='bbox 3152 5377 3421 5456; x_wconf 53' lang='lat' dir='ltr'><strong>variisqgc</strong></span> <span class='ocrx_word' id='word_1_735' title='bbox 3454 5391 3598 5456; x_wconf 46' lang='lat' dir='ltr'><strong>prae.-</strong></span> 
     </span>
    </p>
   </div>
   <div class='ocr_carea' id='block_1_110' title="bbox 1999 5446 3602 5525">
    <p class='ocr_par' dir='ltr' id='par_1_110' title="bbox 1999 5446 3602 5525">
     <span class='ocr_line' id='line_1_110' title="bbox 1999 5446 3602 5525; baseline -0.008 -15"><span class='ocrx_word' id='word_1_736' title='bbox 1999 5457 2088 5510; x_wconf 76' lang='lat' dir='ltr'><strong>Iiis</strong></span> <span class='ocrx_word' id='word_1_737' title='bbox 2154 5446 2421 5525; x_wconf 76' lang='lat' dir='ltr'><strong>patratis,</strong></span> <span class='ocrx_word' id='word_1_738' title='bbox 2492 5454 2667 5525; x_wconf 68' lang='lat' dir='ltr'><strong>rictus</strong></span> <span class='ocrx_word' id='word_1_739' title='bbox 2731 5461 2839 5518; x_wconf 41' lang='lat' dir='ltr'><strong>est,</strong></span> <span class='ocrx_word' id='word_1_740' title='bbox 2884 5446 3310 5525; x_wconf 56' lang='lat' dir='ltr'><strong>&#39;multosque_de</strong></span> <span class='ocrx_word' id='word_1_741' title='bbox 3346 5446 3602 5525; x_wconf 60' lang='lat' dir='ltr'><strong>[lanionia</strong></span> 
     </span>
    </p>
   </div>
   <div class='ocr_carea' id='block_1_111' title="bbox 2000 5516 3601 5593">
    <p class='ocr_par' dir='ltr' id='par_1_111' title="bbox 2000 5516 3601 5593">
     <span class='ocr_line' id='line_1_111' title="bbox 2000 5516 3601 5593; baseline -0.006 -13"><span class='ocrx_word' id='word_1_742' title='bbox 2000 5516 2204 5593; x_wconf 62' lang='lat' dir='ltr'><strong>amisit,</strong></span> <span class='ocrx_word' id='word_1_743' title='bbox 2234 5537 2331 5580; x_wconf 81' lang='lat' dir='ltr'><strong>clc.</strong></span> <span class='ocrx_word' id='word_1_744' title='bbox 2365 5516 2523 5593; x_wconf 77' lang='lat' dir='ltr'><strong>Apud</strong></span> <span class='ocrx_word' id='word_1_745' title='bbox 2547 5523 2788 5577; x_wconf 87' lang='lat' dir='ltr'><strong>Leonem</strong></span> <span class='ocrx_word' id='word_1_746' title='bbox 2827 5516 3057 5587; x_wconf 67' lang='lat' dir='ltr'><strong>gramm.</strong></span> <span class='ocrx_word' id='word_1_747' title='bbox 3102 5516 3488 5593; x_wconf 70' lang='lat' dir='ltr'><strong>corrigendum</strong></span> <span class='ocrx_word' id='word_1_748' title='bbox 3507 5523 3601 5593; x_wconf 61' lang='lat' dir='ltr'><strong>est</strong></span> 
     </span>
    </p>
   </div>
   <div class='ocr_carea' id='block_1_112' title="bbox 2001 5586 3599 5659">
    <p class='ocr_par' dir='ltr' id='par_1_112' title="bbox 2001 5586 3599 5659">
     <span class='ocr_line' id='line_1_112' title="bbox 2001 5586 3599 5659; baseline -0.009 -7"><span class='ocrx_word' id='word_1_749' title='bbox 2001 5586 2353 5653; x_wconf 44' lang='lat' dir='ltr'><strong>etiam&#39;cum</strong></span> <span class='ocrx_word' id='word_1_750' title='bbox 2416 5586 2734 5649; x_wconf 83' lang='lat' dir='ltr'><strong>liamartolo</strong></span> <span class='ocrx_word' id='word_1_751' title='bbox 2801 5586 3171 5651; x_wconf 75' lang='grc' dir='ltr'>’Ᾱῦἀστακτος</span> <span class='ocrx_word' id='word_1_752' title='bbox 3252 5586 3354 5659; x_wconf 89' lang='lat' dir='ltr'><strong>pro</strong></span> <span class='ocrx_word' id='word_1_753' title='bbox 3437 5586 3599 5659; x_wconf 66' lang='grc' dir='ltr'><strong>ῘΔσήτ</strong></span> 
     </span>
    </p>
   </div>
   <div class='ocr_carea' id='block_1_113' title="bbox 2001 5655 3600 5737">
    <p class='ocr_par' dir='ltr' id='par_1_113' title="bbox 2001 5655 3600 5737">
     <span class='ocr_line' id='line_1_113' title="bbox 2001 5655 3600 5737; baseline -0.006 -16"><span class='ocrx_word' id='word_1_754' title='bbox 2001 5685 2257 5733; x_wconf 64' lang='lat' dir='ltr'><strong>crux-cog,</strong></span> <span class='ocrx_word' id='word_1_755' title='bbox 2291 5667 2435 5737; x_wconf 82' lang='lat' dir='ltr'><strong>quod</strong></span> <span class='ocrx_word' id='word_1_756' title='bbox 2457 5674 2886 5736; x_wconf 89' lang='lat' dir='ltr'><strong>cognomentum</strong></span> <span class='ocrx_word' id='word_1_757' title='bbox 2914 5674 3033 5717; x_wconf 89' lang='lat' dir='ltr'><strong>erat</strong></span> <span class='ocrx_word' id='word_1_758' title='bbox 3058 5655 3473 5730; x_wconf 77' lang='lat' dir='ltr'><strong>Theophylacti,</strong></span> <span class='ocrx_word' id='word_1_759' title='bbox 3504 5655 3600 5735; x_wconf 78' lang='lat' dir='ltr'><strong>qui</strong></span> 
     </span>
    </p>
   </div>
   <div class='ocr_carea' id='block_1_114' title="bbox 1998 5738 3564 5812">
    <p class='ocr_par' dir='ltr' id='par_1_114' title="bbox 1998 5738 3564 5812">
     <span class='ocr_line' id='line_1_114' title="bbox 1998 5738 3564 5812; baseline 0.008 -19"><span class='ocrx_word' id='word_1_760' title='bbox 1998 5739 2260 5812; x_wconf 80' lang='lat' dir='ltr'><strong>Basiliunt</strong></span> <span class='ocrx_word' id='word_1_761' title='bbox 2286 5740 2338 5791; x_wconf 91' lang='lat' dir='ltr'><strong>in</strong></span> <span class='ocrx_word' id='word_1_762' title='bbox 2374 5740 2497 5812; x_wconf 78' lang='lat' dir='ltr'><strong>fuga</strong></span> <span class='ocrx_word' id='word_1_763' title='bbox 2537 5738 2803 5812; x_wconf 74' lang='lat' dir='ltr'><strong>servavit.</strong></span> <span class='ocrx_word' id='word_1_764' title='bbox 2931 5804 2944 5812; x_wconf 87' lang='lat'><strong>_</strong></span> <span class='ocrx_word' id='word_1_765' title='bbox 3096 5798 3144 5812; x_wconf 58' lang='grc' dir='ltr'>η</span> <span class='ocrx_word' id='word_1_766' title='bbox 3225 5800 3236 5810; x_wconf 90' lang='lat'><strong>_</strong></span> <span class='ocrx_word' id='word_1_767' title='bbox 3278 5802 3293 5812; x_wconf 86' lang='lat'><em>_</em></span> <span class='ocrx_word' id='word_1_768' title='bbox 3370 5799 3382 5812; x_wconf 84' lang='grc'><strong>,</strong></span> <span class='ocrx_word' id='word_1_769' title='bbox 3527 5796 3564 5812; x_wconf 86' lang='grc'>,.</span> 
     </span>
    </p>
   </div>
   <div class='ocr_carea' id='block_1_115' title="bbox 2077 5796 3586 5881">
    <p class='ocr_par' dir='ltr' id='par_1_115' title="bbox 2077 5796 3586 5881">
     <span class='ocr_line' id='line_1_115' title="bbox 2077 5796 3586 5881; baseline -0.005 -18"><span class='ocrx_word' id='word_1_770' title='bbox 2077 5813 2154 5879; x_wconf 75' lang='lat' dir='ltr'><strong>(li)</strong></span> <span class='ocrx_word' id='word_1_771' title='bbox 2190 5811 2343 5865; x_wconf 87' lang='lat' dir='ltr'><strong>lianc</strong></span> <span class='ocrx_word' id='word_1_772' title='bbox 2367 5796 2557 5881; x_wconf 66' lang='lat' dir='ltr'><strong>urbem</strong></span> <span class='ocrx_word' id='word_1_773' title='bbox 2620 5807 2675 5861; x_wconf 91' lang='lat' dir='ltr'><strong>in</strong></span> <span class='ocrx_word' id='word_1_774' title='bbox 2718 5804 3047 5881; x_wconf 78' lang='lat' dir='ltr'><strong>Arrncnia_a_</strong></span> <span class='ocrx_word' id='word_1_775' title='bbox 3096 5798 3416 5881; x_wconf 67' lang='lat' dir='ltr'><strong>Manichmis</strong></span> <span class='ocrx_word' id='word_1_776' title='bbox 3461 5796 3586 5855; x_wconf 64' lang='lat' dir='ltr'><strong>acli-</strong></span> 
     </span>
    </p>
   </div>
   <div class='ocr_carea' id='block_1_116' title="bbox 2004 5875 3319 5952">
    <p class='ocr_par' dir='ltr' id='par_1_116' title="bbox 2004 5875 3319 5952">
     <span class='ocr_line' id='line_1_116' title="bbox 2004 5875 3319 5952; baseline -0.008 -13"><span class='ocrx_word' id='word_1_777' title='bbox 2004 5875 2222 5941; x_wconf 71' lang='lat' dir='ltr'><strong>ﬁcatam</strong></span> <span class='ocrx_word' id='word_1_778' title='bbox 2258 5880 2504 5938; x_wconf 83' lang='lat' dir='ltr'><strong>narrabit</strong></span> <span class='ocrx_word' id='word_1_779' title='bbox 2546 5887 2735 5952; x_wconf 82' lang='lat' dir='ltr'><strong>postea</strong></span> <span class='ocrx_word' id='word_1_780' title='bbox 2778 5884 2966 5936; x_wconf 83' lang='lat' dir='ltr'><strong>noster</strong></span> <span class='ocrx_word' id='word_1_781' title='bbox 2996 5875 3319 5931; x_wconf 78' lang='lat' dir='ltr'><strong>historicus.</strong></span> 
     </span>
    </p>
   </div>
  </div>
