4142 6454
594 394 734 460 1243
1970 392 2203 454 PETRI

2244 394 2498 455 SICULI
3743 395 3862 460 12H

595 509 837 581 suscipe,
880 506 1019 563 nihil
1076 516 1130 564 te
1187 508 1415 580 dignum
1484 505 1753 578 exigens:
1808 520 1991 575 neque
2043 504 2231 569 enim,

2232 516 2266 569 Α
2299 508 2485 577 κίμοις
2516 505 2873 577 τραπεζίταις
2923 508 3281 577 προστίθημι.
3319 503 3509 573 Ᾱῦτδς,
3547 501 3591 561 ὦ
3641 510 3754 563 θεία
3785 518 3868 569 καὶ

595 602 768 657 ullum
800 601 855 655 in
916 600 1080 656 nobis
1130 600 1436 670 comperies
1468 599 1681 652 virtutis
1732 597 2048 669 vestigium,
2106 607 2201 653 aut

2304 598 2427 669 ἱερὰ
2459 598 2694 668 κεφαλὴ,
2728 598 2789 650 τὸ
2821 597 3056 662 ἀκαλλὲς
3087 598 3195 650 τῶν
3218 597 3416 663 λέξεων
3451 599 3818 672 παραδραμὼν
3832 614 3870 669 ν,

598 694 874 750 orationis
926 693 1284 765 elegantiam,
1339 699 1399 746 ut
1458 706 1652 762 reapse
1710 690 1765 744 in
1840 690 2202 761 sequentibus

2302 689 2479 761 δέχοις
2521 690 2621 760 τὴν
2662 689 2925 761 πρόθεσιν
2955 689 3137 760 ἡμῶν,
3190 689 3264 761 μὴ
3297 691 3363 743 τὰ
3395 691 3527 761 πρδς
3574 692 3733 756 ἀξίαν
3768 696 3874 747 ἐπι-

600 789 947 861 exploratum
994 788 1090 843 tibi
1117 786 1231 841 flet.

2304 780 2486 853 ζητῶν
2507 799 2521 813 ·
2550 782 2803 854 οὐδαμῶς
2832 783 2942 853 γὰρ
2966 784 3223 854 εὑρήσεις
3253 784 3310 836 ὲν
3336 784 3469 852 ἡμῖν
3497 784 3705 854 ἀρετῆς
3727 786 3874 855 ἴχνος,

2304 874 2427 929 οὐδὲ
2473 875 2739 947 καλλονὴν
2794 875 2977 942 λόγου,
3016 874 3201 938 καθὼς
3232 876 3417 947 γνώσῃ
3452 877 3505 928 ἐν
3548 879 3663 939 τοῖς
3701 877 3879 931 15190::-

2304 967 2625 1037 ταγμένοις.

784 1099 877 1157 AD
932 1097 1306 1155 BULCAllIzE
1346 1094 1714 1152 PRlMlTlCM
1778 1093 1988 1149 Ριῐτιιι
2415 1085 2420 1101 ¹

2415 1084 2502 1157 Τῼ
2564 1083 2876 1155 ΠΡΟΕΔΡῼ
2924 1081 3358 1135 ΒΟΥΔΓΑΡΙΑΣ
3418 1082 3701 1136 ΠΕΤΡΟΥ
3739 1084 3790 1119 ι’·

1181 1190 1500 1246 PROLOGU
1513 1190 1571 1245 S.
2916 1175 3295 1229 IIPOAUI‘OE.

680 1306 772 1361 Ill.
813 1305 980 1360 Lucis
1029 1305 1271 1359 adventu
1309 1302 1654 1372 dissipantur
1702 1300 1969 1366 tenebrae,
2029 1307 2083 1354 ct
2118 1315 2211 1369 pa-

2382 1292 2457 1346 Γ.
2499 1291 2682 1356 Φωτδς
2729 1290 3004 1362 παρουσία
3051 1291 3168 1345 λύει
3220 1292 3442 1355 σκότος’
3481 1291 3579 1344 καὶ
3632 1288 3888 1359 ποιμένων

604 1410 819 1456 slorum
860 1414 992 1454 cura
1042 1398 1193 1454 fures
1251 1413 1317 1453 ac
1356 1396 1594 1451 ferarum
1633 1394 1849 1448 insidiae
1905 1392 2207 1463 pelluntur.

2313 1387 2607 1441 ἐπιστασία
2658 1386 2957 1439 ἀπελαύνει
3015 1384 3264 1439 κλεπτῶν
3298 1384 3393 1438 καὶ
3442 1384 3654 1454 θηρίων
3711 1385 3888 1452 συστήο

607 1491 896 1548 Genuinus
952 1491 1303 1545 rationalium
1335 1488 1519 1543 ovium
1562 1496 1748 1556 pastor
1816 1486 1907 1539 ille
1960 1494 2081 1551 est,
2119 1483 2213 1553 qui

2317 1498 2484 1553 ματα.
2522 1480 2735 1551 Ποιμὴν
2778 1480 3015 1549 λογικῶν
3048 1478 3256 1550 ἀληθὴς
3300 1478 3505 1541 ἐκεῖνός
3540 1480 3693 1529 ἐστιν
3739 1478 3767 1529 ὀ
3804 1475 3884 1530 τοῦ

613 1582 732 1638 νιϊί
801 1582 1042 1654 pastoris
1088 1581 1333 1636 imitator
1367 1579 1471 1646 fit;
1522 1579 1612 1649 qui
1637 1578 1912 1647 propriam
1948 1577 2212 1640 animum,

2315 1573 2572 1645 ἀληθινοῦ
2625 1574 2885 1642 ποιμένος
2931 1570 3223 1635 ἀκόλουθος
3248 1588 3261 1603 ο
3307 1569 3454 1642 [cod.
3495 1568 3531 1624 Γ.
3582 1567 3700 1640 8%.]
3730 1570 3762 1623 δ
3790 1567 3890 1635 τὴν

621 1685 679 1729 ιιι
707 1674 819 1741 ille,
856 1690 951 1744 pro
981 1674 1163 1728 ovibus
1199 1673 1310 1727 suis
1348 1671 1494 1741 ponit
1517 1669 1573 1728 δξ
1598 1668 1755 1739 cujus
1798 1667 2012 1737 iustitia
2076 1668 2217 1723 lucis

2317 1666 2479 1723 ἰδίαν
2508 1665 2714 1733 ὥσπερ
2743 1666 2974 1729 ἐκεῖνος
3004 1665 3186 1731 τιθεὶς
3208 1662 3421 1733 ψυχὴν
3446 1662 3601 1729 ὑπὲρ
3628 1660 3745 1713 τῶν
3768 1673 3892 1728 προ-

619 1769 798 1822 instar
840 1766 1191 1831 diffunditur,
1248 1764 1353 1835 qui
1381 1763 1622 1819 sollicito
1691 1760 1879 1816 animo
1904 1769 1961 1815 et
2014 1770 2217 1816 conatu

2319 1762 2514 1817 ϐάτων
2559 1761 2782 1816 αὑτοῦ·
2823 1754 2884 1815 οῦ
2919 1762 2951 1830 ἡ
2981 1758 3295 1828 δικαιοσίνη
3329 1757 3403 1819 ὡς
3438 1756 3555 1825 φῶς
3611 1752 3892 1822 ἐκπορεύε-

613 1860 789 1926 omni,
847 1858 1049 1915 diaboli
1135 1858 1302 1912 malis
1388 1856 1600 1912 artibus
1684 1862 1811 1924 apte
1872 1854 2249 1929 adversatur,

2260 1874 2291 1930 Β
2318 1874 2410 1911 ται
2431 1872 2446 1887 '
2493 1859 2521 1910 ό
2555 1852 3015 1926 μεμεριμνημένῃ
3051 1851 3199 1921 ψυχῇ
3220 1892 3234 1915 ,
3291 1849 3441 1919 πάσῃ
3496 1850 3718 1919 μηχανῇ
3741 1851 3763 1881 ³
3793 1848 3896 1907 ταῖς

617 1951 736 2006 Etsi
793 1950 943 2005 enim
1003 1950 1192 2005 multa:
1252 1956 1385 2003 sunt
1436 1946 1772 2002 veteratoris
1845 1944 2077 2011 insidiae,
2149 1960 2220 2001 ne

2321 1948 2416 2005 τοῦ
2462 1947 2712 2002 διαϐόλου
2744 1945 2968 2008 κακίαις
3013 1944 3287 2012 εὐστόχως
3334 1937 3817 2009 ἀντιτεχνώμενος.
3846 1936 3897 1988 Ei

618 2053 806 2099 tamen
836 2043 958 2111 ejus
982 2042 1220 2114 cogitata
1251 2041 1591 2113 ignoremus,
1622 2040 1882 2111 magistra
1935 2038 2091 2092 adest
2138 2036 2221 2091 di-

2322 2041 2432 2113 γὰρ
2453 2041 2548 2093 καλ⁸
2576 2038 2747 2092 πολλὰ
2770 2037 2841 2089 τὰ
2863 2036 3055 2106 ἔνεδρα
3081 2033 3176 2087 τοῦ
3202 2032 3401 2096 δολίου,
3433 2030 3552 2084 ἀλλ’
3574 2030 3680 2082 οὐκ
3708 2030 3902 2096 ἀγνοεῖν

618 2136 750 2191 vina
779 2134 1095 2206 Scriptura:
1142 2134 1355 2189 scilicet
1387 2142 1647 2203 tanquam
1706 2132 1842 2186 telas
1868 2144 2219 2195 araneorum,

2324 2136 2392 2191 τὰ
2415 2135 2669 2204 νοήματα
2696 2128 2863 2184 αὑτοῦ
2892 2127 3045 2198 παρὰ
3076 2126 3176 2195 τῆς
3212 2124 3363 2188 θείας
3391 2123 3409 2160 ⁸
3434 2121 3662 2191 Γραφῆς
3692 2120 3896 2184 ὲξεπαι·

619 2227 849 2296 laqueos
887 2227 1058 2296 ipsius
1086 2226 1287 2281 debere
1330 2240 1426 2281 nos
1454 2233 1731 2296 reputare,
1794 2222 1966 2278 fretos
2017 2220 2224 2276 auxilio

2323 2228 2487 2298 δεύθη
2499 2244 2617 2298 μεν,
2651 2225 2726 2288 ὡς
2756 2224 2812 2277 δὲ
2843 2222 2987 2275 ἱστὸν
3017 2219 3257 2291 ἀράχνου
3287 2220 3385 2279 τὰς
3415 2214 3582 2269 αὐτοῦ
3616 2212 3855 2285 ἡγεῖσθαι
3881 2220 3901 2247 υ

620 2321 871 2394 gloriosae
907 2320 1194 2376 Trinitatis
1218 2360 1234 2386 ,
1266 2319 1359 2375 Dei
1418 2321 1582 2374 unius
1620 2318 1744 2375 οωιὶ
1769 2327 2057 2385 terraeque,
2083 2314 2227 2369 invi-

2328 2321 2588 2390 παγίδας,
2619 2320 2685 2389 τῇ
2721 2316 2946 2387 βοηθείᾳ
2972 2312 3072 2383 τῆς
3103 2312 3418 2382 ζωαρχικῆς
3443 2308 3544 2362 καὶ
3573 2306 3902 2376 πανυμνήτω

625 2413 869 2469 sibilium
899 2413 956 2485 6
1004 2422 1060 2468 et
1098 2412 1393 2468 visibilium
1451 2420 1760 2467 ereatarum
1796 2425 1975 2464 rerum
1996 2423 2225 2463 conser-

2327 2416 2563 2488 Τριὰδος
2604 2411 2701 2467 τοῦ
2739 2411 2901 2478 μόνου
2932 2405 3068 2461 Θεοῦ
3100 2403 3332 2474 ποιητοῦ
3373 2402 3467 2456 τοῦ
3496 2399 3732 2472 οὐρανοῦ
3762 2408 3787 2437 V
3825 2399 3903 2452 καὶ

624 2507 834 2563 vatoris
873 2523 938 2561 ac
975 2505 1214 2561 Domini.
1272 2503 1447 2561 Porro
1499 2504 1648 2560 haud
1706 2502 2080 2575 perfunctorie
2140 2500 2227 2556 his

2329 2512 2430 2581 τῆς
2482 2510 2611 2578 γῆς.
2660 2506 2842 2574 πάσης
2880 2520 2941 2556 τε
2982 2500 3218 2572 ἀοράτου
3258 2496 3355 2551 καλ⁸
3404 2495 3610 2565 ὁρατῆς
3663 2493 3901 2556 κτίσεως,

624 2615 750 2671 qua:
782 2599 1038 2655 dicentur
1094 2598 1515 2654 auscultandum
1568 2605 1702 2661 est;
1750 2594 1955 2650 etenim
2016 2592 2150 2646 hinc
2191 2591 2227 2646 ii

2333 2599 2604 2670 συνοχέως
2658 2614 2718 2649 τε
2770 2594 2865 2648 καὶ
2927 2588 3281 2657 ἑξουσιαστοῦ
3337 2583 3809 2656 νενομοθετήμεθα
3848 2590 3902 2618 ι·

625 2695 720 2763 qui
766 2692 1094 2763 perfectiore
1140 2692 1459 2748 conditione
1519 2696 1673 2753 sunt,
1729 2687 2026 2742 validiores
2086 2684 2230 2739 vires

2332 2693 2625 2765 προσέχειν
2661 2688 2706 2742 δ’
2739 2687 2919 2754 ἄξιον,
2964 2683 3059 2738 καὶ
3095 2683 3169 2754 μὴ
3202 2680 3500 2752 παρέργως
3536 2677 3650 2732 τῶν
3694 2675 3904 2750 ῥηθησο-

627 2788 700 2844 ad
748 2788 955 2843 luetam
1010 2794 1203 2844 contra
1253 2785 1535 2841 diabolum
1579 2796 1929 2855 pugnamque
1978 2778 2228 2835 ciendam

2337 2784 2517 2856 μένων
2547 2779 2787 2833 ἀκούειν.
2827 2776 3128 2847 Γενήσεται
3164 2774 3274 2844 γὰρ
3303 2775 3416 2835 τοῖς
3451 2770 3551 2842 μὲν
3584 2767 3905 2837 τελεωτέροις

628 2881 926 2951 accipient,
975 2880 1105 2936 dum
1147 2880 1415 2935 adversus
1448 2876 1726 2932 contraria
1756 2876 2009 2947 dogmata
2036 2885 2233 2927 manus

2333 2875 2431 2945 τὴν
2457 2874 2572 2940 ἕξιν
2612 2868 2902 2942 προσθήκη
2952 2865 3212 2936 νικητικὴ
3241 2864 3342 2934 τῆς
3383 2862 3529 2916 κατὰ
3557 2859 3655 2915 τοῦ
3685 2858 3902 2913 διαϐόλου

632 2982 957 3040 censerent,
1010 2988 1186 3043 eaque
1230 2974 1285 3027 in
1344 2970 1729 3029 ecclesiastico
1780 2967 2094 3024 divinorum
2145 2964 2236 3019 do-

2335 2968 2518 3038 πάλης
2567 2964 2665 3019 καὶ
2697 2964 2901 3034 μάχης,
2940 2960 3000 3012 ὲν
3036 2958 3115 3029 τῷ
3162 2960 3274 3020 τοῖς
3308 2954 3580 3018 ἐναντίοις
3629 2951 3905 3023 συμπλέκε-

632 3076 877 3139 gmatum
934 3066 1126 3139 pelago
1180 3066 1325 3123 victa
1357 3064 1739 3133 submergent.
1783 3056 2233 3130 Simplicioribus

2336 3060 2466 3114 σθαι
2496 3056 2787 3127 δόγμασιν,
2818 3052 2917 3108 καὶ
2942 3051 3118 3105 ταῦτα
3147 3050 3206 3103 ὲν
3246 3048 3325 3120 τῷ
3352 3044 3794 3117 ὲκκλησιαστικῷ
3819 3042 3907 3095 τῶν

630 3131 1148 3224 autemet-adhuc
1203 3158 1366 3224 lacte,
1428 3163 1486 3211 ut
1518 3131 1646 3210 cum
1703 3152 1969 3223 Apostolo
2029 3148 2231 3214 dicam,

2339 3149 2502 3205 θείων
2535 3147 2826 3219 δογμάτων
2869 3142 3101 3211 πελάγει
3140 3142 3315 3194 ποιεῖν
3360 3138 3710 3209 ὑποϐρύχια·
3739 3136 3840 3196 τοῖς
3875 3131 3911 3184 δ’

632 3251 855 3307 nutritis
906 3250 1208 3305 infantibus
1252 3222 1367 3304 tuta
1424 3247 1709 3319 parabitur
1755 3222 1952 3312 statio,
2018 3259 2089 3299 ne
2143 3232 2268 3297 ali-‘

2272 3222 2306 3285 Ε
2338 3238 2732 3310 ἁπλουστέροις
2762 3235 2845 3290 ἔτι
2873 3234 2966 3289 καὶ
2990 3230 3538 3301 γαλαποτιζομένοις,
3561 3222 3908 3284 ἀποστολικῶς

637 3345 863 3415 quando
937 3343 1304 3399 succumbant
1389 3341 1520 3398 boni
1566 3339 1935 3396 deterioribus
1980 3338 2024 3393 ⁸.
2098 3334 2235 3391 Nam

2338 3336 2539 3395 εἰπεῖν,
2572 3332 2648 3396 ὡς
2680 3329 2901 3401 νηπίοις
2927 3325 3178 3396 ἀσφαλὴς
3204 3324 3337 3396 ἕδρα
3364 3323 3426 3376 τὸ
3455 3322 3532 3393 μὴ
3562 3319 3908 3394 περιπίπτειν.

639 3437 959 3494 rudioribus
1036 3437 1143 3493 hoc
1220 3436 1491 3506 optimum
1580 3432 1898 3505 praesidium
1977 3430 2130 3495 erit,
2192 3428 2239 3484 si

2340 3428 2417 3492 ὡς
2458 3424 2647 3488 καλοῖς
2680 3424 2794 3485 τοῖς
2832 3419 3100 3492 χείροσιν.
3141 3416 3369 3488 Ἀρίστη
3406 3414 3518 3484 γὰρ
3545 3413 3690 3484 αὕτη
3723 3406 3906 3482 μηχανὴ

634 3527 900 3599 profanos
930 3526 1053 3582 illos
1106 3534 1435 3581 aversentur
1475 3530 1640 3593 atque
1674 3521 2084 3582 abominentur,
2136 3530 2240 3571 ne-

2341 3522 2456 3583 τοῖς
2483 3515 2882 3586 ἁπλουστέροις
2912 3512 2973 3566 τὺ
3014 3512 3141 3574 τοὺς
3174 3510 3405 3581 μιαροὺς
3437 3506 3687 3570 ἐκείνους
3711 3499 3909 3572 ἀποτρέ-

638 3635 749 3690 que
794 3619 1014 3675 illorum
1067 3617 1528 3689 interrogationes
1598 3628 1866 3685 responso
1900 3612 2237 3681 dignentur:

2345 3611 2549 3665 πεσθαι
2580 3608 2679 3680 μὲν
2708 3608 2803 3663 καὶ
2833 3601 3219 3677 βδελύττεσθαι
3239 3616 3254 3629 ⁸
3298 3599 3373 3671 μὴ
3408 3599 3707 3669 πειρᾶσθαι
3738 3596 3789 3649 δὲ
3816 3592 3912 3653 ταῖς

644 3689 745 3767 sed
803 3712 850 3767 si
905 3710 1037 3782 quid
1088 3711 1125 3766 ii
1184 3709 1445 3767 sciscitati
1502 3707 1729 3774 fuerint,
1787 3706 1971 3762 idiotae
2021 3702 2241 3774 quidem

2346 3704 2532 3761 αὑτῶν
2567 3701 2830 3756 πεύσεσιν
2865 3694 3367 3766 ἀνταποκρίνεσθαι
3391 3710 3408 3726 ο
3440 3691 3557 3747 ἀλλ’
3594 3695 3655 3747 ἐν
3701 3689 3776 3761 τῷ
3805 3704 3912 3740 πυν-

645 3807 926 3863 auditores
978 3805 1195 3873 sileant,
1248 3820 1314 3862 ac
1381 3821 1479 3876 pro
1535 3803 1748 3860 viribus
1778 3816 1882 3856 ceu
1933 3804 2246 3869 serpentem

2348 3795 2608 3853 θάνεσθαι
2656 3792 2887 3857 αὐτοὺς,
2921 3790 3081 3861 σιγᾷν
3112 3789 3209 3844 καὶ
3237 3786 3465 3855 φεύγειν
3495 3788 3545 3840 εί
3585 3783 3801 3840 δυνατὸν
3823 3789 3847 3829 1
3867 3776 3913 3840 ἐξ

650 3901 923 3957 devitent.
957 3900 1106 3956 Nihil
1163 3901 1313 3956 enim
1346 3872 1708 3955 emolumenti
1755 3896 1939 3967 capiet
1986 3894 2076 3964 qui
2122 3907 2248 3948 cum

2351 3888 2532 3943 αὐτῶν
2556 3888 2648 3940 τὸν
2677 3884 2895 3957 ἰδιώτην
2917 3881 3201 3954 ἀκροατὴν
3230 3879 3307 3943 ὡς
3335 3879 3395 3945 ἐξ
3419 3878 3602 3947 ὄφεως
3628 3895 3639 3908 ·
3668 3872 3913 3967 οὐδὲνγὰρ

645 3995 756 4050 illis
782 3995 1123 4065 colloquetur
1157 4011 1172 4049 :
1204 3994 1414 4050 idcirco
1436 3993 1586 4048 enim
1643 4006 1768 4046 eum
1802 3987 1989 4044 idiotis
2016 3986 2250 4041 miscere

2351 3979 2553 4049 ὠφελεῖ
2574 3980 2603 4031 ὁ
2626 3956 2866 4036 τοιοῦτος
2892 3971 3030 4043 πρὸς
3060 3970 3258 4032 αὐτοὺς
3285 3964 3702 4036 διαλεγόμενος(
3711 3964 3779 4033 7)·
3797 3956 3914 4034 [cod.

646 4102 932 4144 sermones
983 4097 1168 4154 avent,
1193 4097 1250 4142 ut
1285 4104 1375 4142 res
1426 4094 1642 4141 sanctas
1698 4083 1917 4156 pedibus
1969 4081 2080 4135 suis
2120 4094 2250 4133 cen-

2357 4072 2394 4130 l'.
2448 4071 2537 4128 82.
2588 4069 2669 4142 b.]
2744 4066 2836 4121 διὰ
2866 4064 3026 4120 τοῦτο
3058 4063 3168 4133 γὰρ
3196 4063 3311 4125 τοῖς
3348 4059 3588 4123 ἰδιώταις
3634 4053 3916 4132 προσδιαλέ-

650 4180 859 4235 culcent
910 4181 972 4243 ⁸,
1048 4189 1105 4236 et
1165 4179 1412 4236 coelestia
1459 4189 1625 4248 atque
1689 4143 1923 4246 augusta
1999 4171 2255 4241 dogmata

2355 4180 2569 4234 γονται,
2592 4160 2750 4215 ὥστε
2771 4158 2843 4213 τὰ
2865 4157 3001 4229 ἅγια
3017 4155 3142 4221 τοῖς
3165 4152 3398 4209 ἑαυτῶν
3420 4150 3758 4222 συμπατεῑν
3777 4143 3918 4207 ποσί,

652 4268 921 4337 lacerent,
962 4242 1026 4326 isi
1064 4270 1204 4326 forte
1222 4270 1316 4340 qui
1375 4242 1680 4339 prudenter
1721 4242 2062 4321 contradicat
2090 4260 2256 4315 desit.

2360 4254 2457 4311 καὶ
2476 4250 2908 4324 διασπαράττειν
2933 4250 3003 4303 τὰ
3021 4248 3250 4318 οὐράνια
3268 4245 3366 4299 καὶ
3386 4244 3667 4315 θεοπρεπῆ
3688 4242 3916 4311 δόγματα,

651 4364 942 4430 Quomodo
970 4362 1115 4418 enim
1150 4360 1462 4433 quempiam
1486 4360 1713 4417 omnino
1733 4356 2009 4413 hominem
2035 4353 2261 4408 audient

2365 4348 2440 4420 μὴ
2471 4346 2622 4410 ὄντος
2655 4343 2750 4398 τοῦ
2780 4341 3071 4414 ἐμφρόνως
3115 4336 3553 4410 ἁντιμαχομένου
3581 4337 3763 4397 αὐτοῖς
3783 4348 3796 4362 °
3825 4327 3920 4388 πῶς

654 4456 735 4522 bi,
804 4456 898 4526 qui
932 4455 1104 4511 Deum
1148 4420 1371 4509 unicum
1413 4448 1647 4524 singulis
1676 4458 1731 4505 et
1764 4448 1960 4504 diebus
1985 4455 2040 4502 et
2082 4446 2256 4510 horis,

2362 4440 2473 4511 γὰρ
2498 4439 2636 4503 ὅλως
2658 4433 2965 4506 ἀνθρώπων
2992 4431 3342 4495 ἀκούσουσιν,
3376 4430 3426 4484 οἱ
3452 4438 3494 4488 ι,
3514 4428 3607 4482 τὸν
3638 4427 3789 4498 μόνον
3814 4420 3921 4475 Θεὸν

655 4547 967 4605 innumeris
1029 4547 1250 4618 injuriis
1294 4552 1350 4601 et
1414 4542 1771 4600 contumeliis
1839 4554 1905 4595 ac
1946 4535 2291 4611 maledictis

2290 4606 2328 4618 ῃ
2365 4531 2512 4586 κατὰ
2549 4531 2733 4584 πᾶσαν
2765 4528 2988 4598 ἡμέραν
3042 4542 3101 4579 τε
3169 4525 3264 4577 καὶ
3298 4522 3480 4593 ὦραν⁹
3507 4522 3727 4592 μυρίαις
3765 4513 3921 4583 ὕϐρεσι

656 4639 928 4713 pulsant?
975 4639 1040 4693 Et
1084 4606 1321 4708 perutile
1370 4636 1592 4707 quidem
1629 4642 1734 4700 est,
1806 4640 1867 4686 ut
1910 4645 2007 4686 eos
2070 4607 2292 4683 idiota}:

2290 4606 2334 4661 Ῑ)
2364 4624 2459 4680 καὶ
2489 4623 2820 4694 ὀνειδισμοῖς
2854 4620 2951 4674 καὶ
3006 4620 3167 4689 ἀραῖς
3226 4615 3683 4688 περιϐάλλοντε;;
3734 4610 3921 4678 ἄριστον

659 4693 1020 4802 dignoscant;
1065 4693 1213 4785 haud
1248 4727 1370 4783 ideo
1391 4693 1582 4781 tamen
1630 4724 1685 4779 in
1745 4721 2080 4792 colloquium
2129 4734 2255 4773 cum

2366 4716 2460 4771 οὖν
2491 4717 2609 4768 ἐστι
2660 4714 2720 4767 τὸ
2768 4711 3156 4780 διαγινώσκειν
3186 4710 3386 4772 αὐτοὺς
3428 4705 3522 4758 τὸν
3571 4702 3814 4773 ίδιώτην’
3860 4693 3922 4753 εἰς

3364 4800 3372 4802 ο
3624 4797 3634 4802 -
3774 4791 3796 4802 -
3888 4783 3898 4801 .

662 4823 732 4880 iis
784 4824 1031 4887 veniant,
1074 4838 1145 4877 ne
1181 4821 1325 4878 forte
1383 4818 1775 4892 periclitentur
1834 4814 1931 4885 qui
2002 4810 2259 4883 imperite

2367 4809 2564 4877 λόγους
2588 4806 2646 4861 δὲ
2677 4805 2860 4861 αὐτῶν
2894 4802 2969 4876 μὴ
2998 4802 3279 4874 ἔρχεσθαι,
3309 4800 3522 4870 μήποτε
3552 4797 3647 4850 καὶ
3685 4783 3924 4847 κινδυνεὺ-

664 4932 956 4975 sermoncs
1010 4924 1351 4972 conserunt:
1383 4913 1475 4969 vix
1530 4911 1679 4967 enim
1739 4908 1809 4965 ab
1844 4908 1909 4964 iis
1960 4903 2261 4961 transversi

2372 4918 2540 4956 σωσιν
2588 4900 2639 4952 οἱ
2677 4897 2927 4968 ἀπείρως
2982 4895 3121 4965 πρὸς
3156 4893 3354 4955 αὐτοὺς
3396 4887 3803 4957 διαλεγόμενοι·
3847 4892 3923 4948 χα-

663 5027 778 5066 non
820 5017 1073 5080 agentur,
1112 5008 1255 5079 siqui
1280 5015 1410 5062 sunt
1436 5004 1665 5060 indocti.
1700 5001 1916 5057 Etenim
1941 5001 2264 5080 illi‘cuncta

2372 4992 2541 5047 λεπδν
2587 4991 2696 5063 γὰρ
2750 4989 2810 5043 τὸ
2845 4989 2920 5060 μὴ
2976 4986 3430 5057 συναρπασθῆναι
3470 4982 3562 5036 ὑπ’
3612 4979 3782 5035 αὐτῶν
3824 4974 3924 5032 τοὺς

671 5060 1557 5175 ntiqueuEvangeliilApostolique
1589 5094 1811 5152 oracula
1864 5108 1960 5148 ore
2004 5074 2265 5162 crepant:

2378 5060 2808 5156 ἁπλουστέρους*
2838 5080 2977 5135 διότι
2995 5080 3175 5136 πάντα
3194 5078 3263 5133 τὰ
3284 5077 3379 5132 τοῦ
3401 5075 3733 5146 Εὑαγγελίου
3755 5067 3835 5125 καὶ
3851 5060 3924 5118 τοῦ

750 5293 774 5328 ⁵
800 5292 959 5350 Joan.
999 5308 1053 5361 ι,
1106 5292 1192 5348 ll.
1272 5294 1290 5326 ⁵
1324 5290 1341 5345 1
1373 5289 1500 5347 Cor.
1544 5304 1628 5353 tn,
1667 5286 1734 5353 2;
1769 5287 1788 5342 ι
1822 5286 1966 5342 Petr.
2001 5285 2056 5352 2,
2080 5285 2136 5338 ἓ.
2215 5283 2235 5313 ⁸
2259 5280 2386 5335 Matt

1049 5337 1053 5356 .
1106 5292 1192 5348 ll.
1272 5294 1290 5326 ⁵
1324 5290 1341 5345 1
1373 5289 1500 5347 Cor.
1544 5304 1628 5353 ιιι,
1667 5286 1734 5353 2;
1769 5287 1788 5342 ι
1822 5286 1966 5342 Pctr.
2001 5285 2056 5352 2,
2080 5285 2136 5338 ἓ.
2215 5283 2235 5313 ⁶
2259 5280 2451 5335 Matth.
2478 5296 2569 5342 VH,
2633 5277 2685 5333 6.

1964 5423 2200 5482 VARUE
2241 5417 2652 5479 LECTIONES.

759 5545 780 5576 π
813 5533 881 5589 R.
911 5532 1009 5588 ῶν.
1116 5532 1161 5571 τ’
1192 5528 1316 5585 cod.
1357 5527 1582 5595 Πέτρος.
1682 5536 1703 5564 ι
1742 5520 2083 5595 Vocabulum
2122 5516 2342 5595 μηχανῇ
2367 5512 2474 5567 alio
2493 5510 2907 5595 transfertur-at
2945 5508 3041 5595 fl.‘
3084 5509 3124 5595 7‘
3260 5502 3507 5595 stf's'th-M
3549 5484 3927 5595 ἦῇᾗεξξίνῇξξ

759 5553 780 5576 ¹’
814 5553 881 5589 ιὶ.
911 5553 1009 5588 ων.
1117 5553 1130 5571 ¹
1192 5553 1316 5585 CUU.
1357 5553 1582 5595 Πέτρος.
1683 5553 1703 5564 ·
1754 5553 2083 5578 vumuuuuu
2122 5553 2338 5587 μιιιυυυ
2368 5553 2473 5567 νι--ν
2509 5553 2832 5564 --υ---υ-ν-υ...
2877 5553 2907 5565 υ.
2945 5553 3011 5563 .-.
3162 5553 3223 5561 η.
3267 5553 3443 5559 ,μνη
3660 5571 3669 5579 θ
3729 5553 3766 5563 ,,
3798 5553 3805 5557 _

685 5615 711 5645 ν
743 5606 811 5662 Il.
833 5606 861 5658 ὁ
890 5621 988 5675 pro
1022 5600 1275 5675 οὐρανοῦ.
1376 5607 1401 5636 ι
1436 5598 1500 5653 R.
1521 5592 2032 5675 _V8‘19;J.90£01'w.59a.
2140 5597 2169 5637 y
2196 5585 2263 5642 Β.
2316 5580 2582 5639 δυνατῶν.
2691 5590 2713 5618 ³
2744 5581 2809 5636 ιι.
2854 5581 2944 5637 hic
2995 5590 3049 5635 et
3076 5593 3218 5649 swpe
3253 5576 3509 5642 deinceps
3549 5578 3698 5643 ponit
3734 5553 3928 5620 absurd?-

685 5664 1153 5748 compendiat'ia'tu
1179 5674 1416 5729 litteram
1450 5669 1543 5723 καὶ
1566 5664 1758 5733 νοΙκὶ,
1788 5680 1888 5736 pro
1917 5664 1987 5719 οἱ.

2214 5775 2451 5833 NOTAE.

770 5910 848 5981 (7)
868 5906 1131 5979 Exemplo
1171 5914 1255 5963 est
1309 5905 1532 5963 Simcou
1558 5901 1854 5978 palatinus,
1888 5899 1956 5959 de
1979 5915 2087 5972 quo
2110 5896 2291 5954 inhac
2328 5892 2557 5952 historia
2592 5905 2774 5950 sermo
2826 5886 2939 5944 lict.
