4142 6458
288 395 434 462 1245

1430 389 1801 451 HISTORIA
1846 385 2462 451 MANICI-LEORUM.

3469 393 3618 459 1246

301 514 633 575 Ἀποστόλου
689 513 846 583 λόγια
877 509 1256 580 διαλέγονταιο
1300 505 1398 563 καὶ
1431 506 1584 578 μόνοι
1626 506 1881 576 διαγινώο

1996 503 2090 560 soli
2125 512 2308 560 tamen
2366 503 2520 560 dolos
2569 503 2955 561 haereticorum
3011 505 3046 562 ii
3097 505 3445 577 discernunt,
3497 515 3595 585 qui

289 627 492 666 σκουσι
526 608 620 663 τὸν
644 607 795 662 δόλον
827 606 1033 673 αὐτῶν,
1062 604 1113 658 οἱ
1141 604 1199 658 ὲν
1223 601 1394 673 πολλῇ
1422 600 1586 672 τριϐῇ
1615 599 1715 672 τῆς
1740 599 1893 664 θείας

289 704 519 778 Γραφῆς
555 701 920 773 ὑπάρχοντες.

364 797 441 850 Δ’.
486 793 717 848 Ἐκεῖνοι
747 789 860 860 γὰρ
889 789 938 843 oi
974 787 1186 861 μιαροὶ,
1222 788 1309 842 ὅτε
1333 786 1441 840 τινὶ
1474 784 1535 850 ἐξ
1573 783 1752 857 ἀρχῆς
1775 783 1894 838 δια-

288 888 568 958 λέγονται,
618 882 860 956 χρηστὸν
914 879 1402 952 σχηματίζονταιει
1457 877 1603 950 ἔχειν
1644 877 1706 930 τὸ
1737 871 1891 948 ἦθος,

289 979 437 1035 καὶδ
489 977 672 1032 πάντα
701 975 772 1028 τὰ
823 973 978 1045 παρὰ
1011 975 1126 1037 τοῖς
1174 969 1485 1042 ὀρθοδὸξοις
1541 970 1894 1040 Χριστιανοῖς

289 1073 544 1144 δόγματα
573 1068 940 1142 ἐπικυροῦσι-ε
973 1067 1164 1130 δολίως
1186 1067 1282 1120 καὶ
1315 1064 1694 1135 ἀναφωνοῦσιν
1715 1062 1743 1103 ἀ
1765 1080 1779 1095 ο
1801 1063 1895 1116 ἀλ-

291 1163 656 1237 ληγοροῦντες
682 1173 706 1202 ο
743 1159 1003 1232 ἀθέσμως
1043 1158 1138 1213 καὶ
1168 1158 1290 1212 λίαν
1327 1155 1560 1227 ἀμαθῶς
1593 1154 1693 1227 τὴν
1730 1153 1895 1223 ἀγίαν

291 1258 504 1331 Τριάδα
526 1256 660 1310 Θεὸν
688 1254 978 1325 ὁμολογεῖν
1008 1253 1231 1322 λέγουσι
1256 1267 1274 1285 ⁸
1304 1251 1399 1306 καὶ
1428 1247 1895 1320 ἀναθεματίξουσι

287 1347 421 1411 τοὺς
461 1345 536 1418 μὴ
572 1343 971 1416 ὁμολογοῦντας
1013 1343 1221 1415 αὐτήνο
1257 1341 1350 1396 τὸν
1377 1340 1583 1413 Κύριον
1610 1338 1772 1412 ήμῶν
1801 1339 1895 1394 καὶ

288 1438 427 1493 Θεὸν
456 1437 616 1510 ἡμῶν
655 1436 1086 1509 ὲνανθρωπῆσαι
1126 1436 1186 1488 ἐν
1229 1433 1488 1506 παρθένῳ
1515 1432 1804 1504 λέγουσιν,
1845 1432 1894 1486 εί

288 1530 388 1586 καὶ
430 1528 646 1592 ἀσεϐῶς
670 1529 763 1582 καὶ
782 1527 959 1591 ἀθέως
984 1544 998 1557 ο
1034 1525 1131 1580 καὶ
1168 1523 1802 1596 ἀναθεματίζουσιττοῦς
1819 1523 1895 1596 μὴ

286 1617 466 1682 οὕτως
490 1617 923 1690 ὁμολογοῦντας⁹
961 1617 1057 1674 καὶ
1097 1618 1275 1671 πάντα
1308 1616 1380 1670 τά
1403 1615 1505 1688 τῆς
1537 1614 1895 1687 ὲνανθρωπή-

289 1729 432 1777 σεως
457 1711 552 1765 τοῦ
587 1710 802 1782 Κυρίου
841 1710 1134 1780 ἰδιώματα,
1172 1709 1349 1772 ἄλλως
1382 1708 1482 1779 μὲν
1515 1708 1594 1780 τῷ
1637 1707 1890 1780 στόματι.

286 1805 514 1870 ἄλλωςε
559 1803 616 1857 δὲ
656 1805 723 1875 τῇ
770 1803 970 1876 καρδίᾳ
1015 1802 1301 1872 λέγοντες,
1334 1802 1592 1857 Μάνεντα
1633 1801 1889 1866 καὶτοὺς

2000 612 2335 670 magnopere
2371 597 2425 650 in
2453 596 2656 652 divinis
2700 614 2758 652 se
2801 598 3103 670 Seripturis
3135 611 3425 659 exercent.

2071 786 2162 846 lV.
2218 787 2295 843 llli
2349 788 2554 859 quippe
2631 787 2828 844 nefarii
2873 804 3000 844 cum
3053 790 3290 859 primum
3359 791 3606 849 atl‘antur

1995 880 2258 950 aliquem,
2291 880 2467 935 bonos
2502 880 2761 936 simulant
2780 897 2838 944 se
2864 882 3067 937 habere
3095 898 3299 949 mores,
3323 893 3378 939 et
3407 885 3594 940 omnia

2004 974 2438 1030 orthodoxorum
2469 973 2909 1029 Christianorum
2933 975 3182 1045 dogmata
3203 975 3390 1031 dolose
3407 992 3608 1048 appro-

1998 1065 2129 1120 bant
2178 1073 2233 1119 et
2291 1063 2678 1134 proclamant:
2743 1073 3128 1119 vermntamen
3203 1065 3370 1136 impie
3431 1076 3600 1136 atque

2000 1156 2354 1212 inscitissime
2387 1157 2437 1226 7
2473 1164 2718 1211 sanctam
2769 1156 3096 1212 Trinitatem
3155 1173 3282 1212 cum
3344 1158 3605 1231 allegoria

1999 1250 2250 1306 conﬁteri
2295 1265 2356 1305 se
2414 1249 2616 1316 aiunt;
2650 1250 2762 1304 imo
2822 1251 2864 1304 si
2912 1251 3004 1320 qui
3034 1267 3156 1306 eam
3186 1267 3296 1305 non
3332 1252 3606 1308 conﬁten-

2000 1352 2110 1409 tur,
2168 1344 2634 1398 anathematizare
2659 1359 2718 1398 se
2752 1344 2928 1398 aiunt.
2971 1344 3266 1399 Dominum
3299 1363 3518 1417 quoque
3549 1357 3608 1403 et

2002 1434 2172 1490 Deum
2225 1443 2474 1490 nostrum
2505 1434 2706 1490 factum
2739 1434 3017 1493 hominem
3054 1437 3110 1491 in
3153 1437 3362 1509 virgine
3389 1439 3603 1505 dicunt,

2000 1529 2095 1586 sed
2141 1530 2247 1584 hoc
2304 1527 2483 1599 ipsum
2516 1527 2683 1598 impie
2742 1538 2797 1583 ct
2835 1528 3176 1599 irreligiose;
3207 1538 3261 1584 et
3311 1529 3602 1585 anathema

1998 1622 2145 1678 haud
2182 1621 2255 1676 ita
2298 1621 2693 1676 conﬁtentibus
2723 1621 2912 1678 dicunt
2941 1639 2957 1690 ;
2989 1633 3367 1679 verumtamen
3400 1640 3598 1680 omnes

2000 1714 2402 1770 incarnationis
2476 1713 2776 1769 Dominicac
2829 1715 3199 1786 proprietates
3232 1718 3391 1774 aliter
3419 1734 3554 1777 voce
3586 1762 3602 1784 ,

1998 1808 2158 1864 aliter
2217 1808 2408 1873 corde,
2467 1806 2760 1862 afﬁrmant.
2803 1805 2945 1861 Tum
2997 1808 3161 1864 etiam
3207 1810 3476 1867 Manetem
3547 1822 3604 1867 et

288 1898 391 1951 σὺν
430 1896 581 1967 αὐτῷ
614 1895 848 1967 μιαροὺς
890 1895 1240 1966 αἰρετικοὺς,
1291 1894 1443 1968 [cet].
1487 1894 1525 1948 l'.
1561 1893 1681 1967 85.]
1720 1893 1888 1949 ἔτιδὲ

2001 1899 2242 1970 reliquos
2271 1915 2398 1955 eum
2433 1915 2499 1954 eo
2527 1898 2771 1954 nefarios
2813 1899 3120 1969 haereticos,
3185 1918 3396 1959 necnon
3457 1906 3602 1960 Pau-

286 1989 391 2044 καὶ¹
420 1989 635 2044 Παῦλον
667 1989 760 2042 τὸν
795 1987 1140 2059 Σαμοσατέα,
1171 1987 1637 2055 ἀναθεματίζουσι
1677 1987 1886 2059 προθύ-

285 2095 441 2152 μως⁶
473 2080 670 2144 ἄλλους
704 2080 814 2152 γάρ
841 2079 1002 2152 ἔσχον
1029 2079 1168 2133 πολὺ
1199 2078 1421 2150 χείρους
1447 2079 1629 2134 αὐτῶν
1661 2081 1762 2150 τῆς
1790 2097 1889 2134 κα-

280 2171 412 2237 κίας
435 2171 798 2236 διδασκάλους
829 2171 926 2227 καὶ
947 2170 1264 2242 ἀρχηγέτας
1289 2169 1666 2242 ὑπάρξαντας,
1703 2170 1889 2235 καθὼς

281 2263 432 2332 μετὰ
467 2262 664 2336 μικρὸν
695 2261 1113 2332 δηλωθήσεται·
1164 2261 1260 2316 καὶ
1290 2261 1483 2326 ἁπλῶς
1527 2262 1686 2333 δίκην
1724 2262 1890 2317 πολύ-

279 2353 450 2416 ποδος
488 2351 521 2422 ἦ
556 2350 950 2422 χαμαιλέοντος
987 2350 1066 2422 (8)
1100 2350 1179 2421 τῷ
1216 2349 1395 2422 καιρῷ
1438 2353 1534 2405 καὶ
1575 2352 1656 2422 τῷ
1699 2353 1890 2425 τρόπῳ

277 2440 386 2494 καὶ
419 2439 499 2510 τῷ
534 2439 816 2512 προσώπῳ
848 2438 1416 2510 συμμεταϐάλλονται,
1449 2442 1600 2506 ὅπως
1623 2444 1747 2496 τινὰ
1779 2443 1888 2497 τῶν

276 2533 635 2605 κουφοτέρων
664 2533 976 2605 θηρεύσωσι
998 2549 1012 2564 ο
1032 2535 1128 2588 καὶ
1155 2535 1244 2588 ὅτε
1275 2534 1478 2603 γνῶσιν
1513 2535 1678 2590 αὑτὸν
1714 2554 1888 2606 προσ-

283 2628 484 2699 έχοντα
521 2628 642 2690 ταῖς
685 2625 1096 2697 ματαιολογίαις
1122 2626 1325 2693 αὐτῶν,
1359 2628 1485 2681 τότε
1520 2627 1718 2700 μικρὸν
1749 2646 1890 2702 παρ-

285 2719 646 2790 ικφαίνουσιν
689 2717 839 2789 αὐτῷ
864 2716 961 2772 καὶ
999 2717 1071 2771 τὰ
1096 2717 1230 2789 παρ’
1252 2719 1440 2784 αὐτοῖς
1467 2723 1762 2794 μυστήρια.
1787 2723 1888 2778 Διά

286 2811 453 2866 τοῦτο
485 2810 732 2883 χρησίμη
769 2809 864 2864 καὶ
906 2810 941 2880 ή
973 2805 1082 2862 τῶν
1115 2808 1398 2884 βλαϐερῶν
1429 2811 1750 2883 διάγνωσις,
1790 2814 1889 2886 οὐχ

281 2899 451 2978 ἦττον
485 2905 594 2959 τῶν
626 2902 900 2974 ὑγιεινῶν.
951 2903 1328 2972 Διαγνωστέον
1381 2906 1494 2979 γὰρ
1533 2907 1746 2974 ταῦτα,
1788 2908 1888 2981 οὐχ

283 3000 430 3055 ὥστε
464 2997 703 3071 χρᾶσθαι
740 2997 948 3065 αὐτοῖς,
982 2997 1099 3052 ἀλλ’
1150 2997 1294 3053 ὥστε
1327 2998 1648 3071 διαφεύγειν
1685 3002 1778 3056 τὸν
1817 3003 1887 3058 δι’

285 3093 470 3150 αὐτῶν
513 3093 944 3166 προσγινόμενον
992 3090 1215 3165 ὄλεθρον
1241 3108 1256 3124 '
1299 3091 1442 3148 ίτέον
1481 3094 1664 3151 τοίνυν
1699 3094 1796 3150 ἐπὶ
1825 3095 1887 3150 τὸ

285 3184 674 3259 προκείμενον.

941 3309 1229 3364 ίΣΤΟΡΙΛ.

296 3425 313 3439 ’
363 3439 440 3497 Ε’.
479 3441 539 3496 Ὁ
568 3441 878 3514 ἀρχέκακος
906 3444 1030 3514 ὄφις
1057 3445 1155 3499 καὶ⁵
1186 3442 1562 3516 πονηρότατος
1588 3441 1831 3512 δράκων,
1859 3440 1888 3493 ὁ

285 3531 402 3586 τῶν
431 3530 688 3596 ζιζανίων
721 3535 961 3604 σπορεὺς
982 3577 997 3600 ,
1029 3534 1126 3590 καὶ
1168 3533 1354 3606 πάσης
1380 3533 1600 3598 ἀδικίας
1643 3531 1890 3605 ἀρχηγὸς

287 3619 390 3675 καὶ
417 3619 764 3689 διδάσκαλος,
793 3624 823 3676 ὁ
849 3622 946 3676 τοῦ
974 3622 1207 3693 ψεύδους
1238 3620 1574 3694 καθηγεμὼν
1595 3622 1626 3662 ιι
1664 3621 1758 3676 καὶ
1784 3638 1889 3674 πα-

283 3711 395 3784 τὴρ
425 3711 667 3784 αὑτοῦ,ή
707 3712 806 3786 τῆς
839 3713 1218 3786 ὑπερηφανίας
1269 3711 1892 3786 βορϐορώδηςλίμνη,τὺ

284 3803 392 3876 τῆς
418 3804 739 3872 ἀλαζονείας
763 3809 780 3848 ι
807 3807 1143 3878 σαθρότατον
1167 3807 1392 3879 ὕψωμα,
1415 3810 1443 3861 ὁ
1464 3805 1661 3879 δίκηνὶ
1694 3807 1890 3879 νηπίου

285 3897 404 3960 τοῖς
452 3896 585 3952 ποσὶ
629 3897 740 3954 τῶν
790 3900 1004 3954 πιστῶν
1058 3899 1542 3973 συμπατούμενος,
1592 3901 1660 3972 τῇ
1712 3898 1891 3971 οἰκείᾳ

289 3989 574 4062 συμϐουλῇ
609 3990 638 4032 ιι
702 3991 798 4046 τοῦ
858 3993 998 4048 Θεοῦ
1051 3993 1298 4066 χωρίσας
1352 3993 1415 4048 τὸ
1475 3991 1645 4048 αὐτοῦ
1710 3992 1894 4064 τίμιον

289 4081 524 4153 πλάσμα
571 4082 664 4137 τὸν
697 4083 1010 4157 ἄνθρωπον,
1045 4087 1142 4141 καὶ
1174 4087 1275 4156 τῆς
1322 4087 1381 4140 ὲν
1412 4084 1731 4158 παραδείσῳ
1786 4102 1894 4155 μα-

288 4173 491 4246 καρίας
519 4175 800 4249 διαγωγῆς
845 4178 914 4232 δι’
956 4178 1270 4252 ὑπερϐολὴν
1308 4180 1510 4244 κακίας
1554 4177 1893 4250 ἐκϐληθῆναι

286 4265 483 4322 τοῦτον
519 4269 976 4342 παρασκευάσας,
1011 4273 1041 4326 ὁ
1078 4271 1380 4336 πανάθλιος
1420 4270 1526 4341 τῆς
1554 4270 1756 4335 κακίας
1796 4270 1897 4342 τὴν

286 4357 490 4430 ἡδονὴν
546 4360 796 4426 ἀντιδοὺς
851 4363 1211 4438 πεπραμένον
1260 4363 1424 4420 αὐτὸν
1458 4362 1652 4435 ὥσπερ
1697 4363 1898 4434 ἀνδρά-

289 4451 456 4506 ποδον
490 4450 636 4524 food.
680 4451 719 4509 ί.
753 4453 843 4510 83.
871 4455 950 4528 δέ]
987 4457 1052 4510 ἐκ
1085 4457 1185 4528 τῆς
1214 4457 1468 4514 ἑκουσίου
1501 4455 1669 4511 αὑτοῦ
1699 4473 1895 4528 προαι-

291 4543 523 4615 ρέσεως,
548 4547 615 4617 τῇ
645 4545 894 4620 ἁμαρτίᾳ
923 4546 1072 4620 οίμοι
1111 4548 1363 4619 ὠνήσατο
1385 4565 1399 4579 ·
1429 4547 1525 4602 τοῦ
1558 4548 1721 4620 μόνου
1755 4545 1892 4601 Θεοῦ

287 4631 452 4688 τοῦτο
480 4635 570 4690 διὰ
600 4637 699 4709 τὴν
749 4639 1028 4712 ἁμαρτίαν
1061 4641 1556 4712 συγχωρήσαντος,
1596 4640 1692 4694 καὶ
1720 4639 1795 4703 ὡς
1833 4641 1892 4692 ἐν

286 4726 658 4802 δεσμωτηρίῳ
695 4730 754 4784 ὲν
793 4731 872 4802 τῷ
899 4733 995 4786 τοῦ
1036 4732 1166 4806 ᾅδου
1200 4731 1389 4803 χωρίῳ
1442 4731 1542 4796 τάς
1577 4731 1758 4804 ψυχας
1784 4731 1895 4788 τῶν

287 4818 604 4893 ἀνθρώπων
659 4821 1031 4892 φυλάττεσθαι
1093 4825 1394 4889 ὲάσαντος,
1458 4825 1622 4896 μέχρι
1683 4825 1786 4895 τῆς
1837 4826 1895 4878 ἐν

295 4913 464 4981 σαρκὶ
505 4915 812 4985 παρουσίας
843 4916 938 4970 τοῦ
970 4917 1103 4971 Υίοῦ
1138 4916 1233 4971 τοῦ
1273 4915 1432 4981 Θεοῦ,
1466 4916 1676 4989 Κυρίου
1705 4917 1764 4971 δὲ
1801 4917 1896 4972 καὶ

295 5003 434 5060 Θεοῦ
464 5008 625 5080 ήμῶν
660 5009 834 5083 Ἰησοῦ
877 5011 1150 5086 Χριστοῦ,
1184 5009 1279 5065 τοῦ
1319 5009 1440 5075 ἐνὸς
1467 5010 1570 5081 τῆς
1605 5010 1771 5079 ἁγίας
1801 5011 1898 5064 καὶ

1995 1994 2108 2048 lum
2163 1991 2608 2047 Samosalensem
2675 1993 2821 2047 ultro
2890 1995 3404 2052 anathematizant:
3463 1998 3603 2055 alios

1995 2085 2197 2156 quippe
2253 2085 2566 2140 habuerunt
2597 2085 2880 2155 multoque
2943 2090 3160 2157 pejores
3225 2088 3600 2159 improbitatis

1995 2194 2110 2234 suae
2171 2177 2480 2250 magistros,
2543 2187 2707 2248 prout
2775 2179 2939 2249 paulo
2969 2188 3094 2250 post
3141 2183 3464 2237 ostendetur
3499 2199 3513 2237 :
3547 2193 3605 2240 et

1992 2268 2221 2324 omnino
2282 2268 2463 2340 polypi
2529 2268 2704 2324 instar
2750 2277 2808 2323 et
2860 2269 3290 2333 chamaeleontis,
3317 2286 3418 2341 pro
3459 2280 3602 2327 tem-

1991 2377 2127 2433 pore
2199 2371 2257 2416 et
2328 2377 2432 2416 usu
2484 2376 2832 2431 personaque
2886 2371 3210 2418 mutantur:
3254 2371 3314 2418 ut
3365 2364 3601 2434 aliquem

1992 2454 2201 2510 scilicet
2226 2453 2449 2509 levioris
2509 2454 2713 2525 ingenii
2741 2453 3020 2509 hominem
3076 2465 3384 2520 venentur;
3435 2471 3599 2526 quem

1995 2547 2039 2602 si
2070 2547 2187 2603 suis
2263 2547 2423 2619 nugis
2446 2532 2852 2602 'attendentem
2906 2547 3185 2612 noverint,
3243 2548 3374 2604 huic
3407 2563 3469 2604 se
3497 2565 3600 2620 pe-

1991 2639 2316 2711 detemptim
2349 2656 2475 2695 cum
2510 2641 2626 2696 suis
2661 2639 2936 2711 mysteriis
2977 2640 3244 2694 revelant.
3299 2639 3594 2711 Propterea

1992 2731 2145 2787 utilis
2206 2741 2290 2787 est
2335 2732 2623 2786 noxiarum
2678 2747 2897 2802 quoque
2950 2747 3136 2785 rerum
3202 2731 3399 2786 notitia
3447 2732 3598 2788 haud

1991 2839 2153 2881 secus
2197 2840 2364 2895 quam
2406 2823 2754 2880 salutarium.
2795 2824 3106 2879 Suntenim
3153 2826 3546 2895 cognoscendae
3577 2867 3594 2893 ,

1990 2933 2099 2971 non
2127 2926 2187 2971 ut
2219 2914 2325 2972 illis
2375 2927 2615 2982 utamur,
2651 2917 2748 2972 sed
2787 2925 2849 2970 ut
2901 2924 3213 2974 manantem
3263 2931 3330 2971 ex
3353 2917 3439 2971 his
3466 2932 3597 2987 per-

1993 3009 2195 3064 niciem
2230 3009 2492 3065 vitemus.
2519 3009 2689 3080 Igitur
2735 3009 2804 3064 ad
2837 3007 3178 3080 prepositum
3211 3015 3595 3078 argumentum

1991 3101 2346 3158 veniendum.

2559 3301 2911 3364 HISTORIA.

2071 3433 2132 3489 V.
2195 3433 2464 3490 Malorum
2518 3434 2738 3491 initium
2799 3452 3030 3508 serpens
3059 3452 3126 3492 ac
3169 3436 3596 3495 scelestissimus

1991 3527 2179 3596 draco,
2204 3528 2542 3584 zizaniorum
2573 3530 2880 3586 seminator
2897 3539 2954 3586 et
2991 3531 3171 3586 omnis
3194 3532 3413 3588 malitia:
3437 3533 3595 3604 prin-

1991 3635 2124 3691 ceps
2157 3635 2223 3676 ac
2257 3620 2540 3693 magister,
2583 3622 2854 3678 mendacii
2901 3624 3293 3696 antesignanus
3319 3625 3598 3694 ejusdem-

1993 3731 2100 3786 que
2132 3723 2306 3786 pater,
2334 3715 2610 3786 superbia:
2647 3730 2869 3771 ccenosa
2901 3715 3080 3786 palus,
3135 3716 3414 3786 iactantia:
3440 3716 3598 3770 inﬁr-

1993 3807 2224 3861 missum
2253 3807 2497 3875 culmen,
2543 3806 2590 3862 is
2637 3807 2730 3878 qui
2763 3807 2922 3878 pueri
2947 3807 3122 3864 instar
3153 3823 3183 3862 a
3227 3807 3470 3863 ﬁdelium
3502 3824 3599 3879 pc-

1995 3899 2158 3954 dibus
2207 3898 2590 3964 conculcatur,
2656 3898 2748 3970 qui
2808 3900 3030 3971 propria
3079 3899 3342 3956 suasione
3396 3917 3426 3955 a
3486 3902 3599 3956 Dco

1995 3989 2255 4045 abstraxit
2287 3989 2587 4060 pretiosam
2618 3989 2741 4061 ejus
2792 4000 3103 4046 creaturam
3153 3991 3473 4057 hominem;
3503 3991 3598 4046 de-

1997 4082 2185 4153 ditque
2221 4097 2469 4153 operam,
2497 4091 2557 4136 ut
2611 4083 2762 4138 hunc
2805 4082 2966 4138 beato
3019 4082 3258 4152 paradisi
3323 4082 3592 4148 incolatu,

1997 4189 2216 4229 summo
2277 4173 2501 4229 malitiae
2555 4173 2790 4230 artiﬁcio
2816 4173 3157 4244 depelleret;
3208 4173 3318 4238 hic,
3349 4173 3598 4243 inquam,

1997 4265 2529 4321 aerumnossissimus
2557 4305 2573 4330 ,
2606 4266 2889 4338 voluptate
2944 4265 3143 4321 vitium
3186 4280 3556 4336 compensans
3580 4305 3598 4327 .

1997 4359 2270 4414 Adamum
2319 4359 2477 4430 quasi
2532 4359 2906 4414 venundatum
2962 4357 3322 4428 mancipium,
3376 4372 3488 4411 non
3543 4358 3603 4428 8

2001 4451 2123 4508 sine
2167 4450 2412 4521 ejusdem
2467 4451 2778 4506 voluntario
2839 4465 3137 4513 consensu,
3176 4448 3390 4518 peccati
3446 4447 3596 4502 bent

2004 4554 2262 4614 tanquam
2309 4544 2487 4614 pretio
2561 4544 2786 4606 coemit,
2854 4542 2965 4597 Deo
3032 4543 3194 4597 unico
3249 4541 3304 4596 id
3373 4552 3601 4612 propter

2000 4635 2197 4690 Adami
2256 4635 2474 4706 culpam
2528 4635 2881 4706 permittente
2915 4652 2930 4701 ;
2962 4643 3016 4690 et
3069 4644 3327 4704 tanquam
3379 4647 3603 4687 carcere

2000 4728 2055 4781 in
2093 4726 2398 4782 inferorum
2431 4727 2748 4798 regionibus
2795 4727 3007 4782 animas
3039 4727 3328 4781 hominum
3357 4722 3598 4781 detineri

2003 4822 2239 4885 sinente,
2295 4836 2475 4892 usque
2539 4821 2607 4876 ad
2661 4821 2958 4876 adventum
3000 4820 3055 4874 in
3104 4835 3270 4876 carne
3310 4817 3432 4873 Filii
3482 4816 3599 4884 Dei,

2006 4913 2218 4968 Domini
2253 4913 2462 4984 Deique
2515 4915 2687 4969 nostri
2738 4913 2870 4969 Jesu
2917 4913 3148 4978 Christi,
3182 4913 3350 4967 unius
3380 4911 3448 4967 de
3469 4927 3603 4967 san-

2004 5013 2093 5061 eta
2140 5013 2196 5060 et
2233 5006 2611 5063 laudatissima
2647 5005 2938 5062 Trinitate.
2968 5004 3262 5062 Veterator
3291 5006 3437 5061 idem
3459 5003 3606 5058 mul-

1575 5189 1810 5278 V'ABIAS
1865 5190 2274 5248 LECTIONES.

303 5357 308 5360 '
375 5359 401 5388 ι
439 5343 504 5401 Ii.
538 5365 651 5411 τες.
731 5350 758 5389 ι’
788 5349 852 5403 R.
883 5348 938 5402 δὲ
975 5362 1070 5416 pro
1092 5347 1206 5403 καί.

289 5435 410 5482 τες.
493 5419 510 5458 ¹
551 5418 615 5474 Β.
644 5421 853 5475 omisso
878 5420 1065 5473 m‘tait
1090 5419 1642 5490 ἐπαναθεματίζουσι.

285 5499 354 5547 ,ει
386 5505 511 5544 mox
539 5490 776 5564 νηπίων.
856 5491 882 5531 κ
918 5492 983 5546 ιι.
1023 5489 1210 5562 βουλῇ.

1279 5359 1296 5388 ί
1337 5347 1397 5400 li.
1435 5347 1742 5418 ἐπικροῦσι.
1819 5345 1846 5388 ‘1
1879 5345 1942 5401 R.
1971 5347 2179 5403 omisso
2207 5347 2322 5407 καὶ.
2349 5347 2535 5403 scribit
2570 5346 3038 5417 ἐπαναφιιινοῦσιν.
3119 5360 3142 5387 ο
3171 5345 3240 5400 R.
3268 5345 3603 5415 ἀντιτοροῦν-

1279 5419 1642 5472 ῠειιατίίουσι.
1721 5427 1749 5467 8
1782 5418 1845 5472 ιι.
1867 5419 2031 5472 ἄνως.
2106 5419 2137 5460 ιι
2171 5419 2236 5472 ιι.
2259 5418 2382 5472 καθ’
2408 5419 2650 5472 ἡγεμών.
2737 5421 2753 5460 ί
2792 5418 3186 5472 Ιῖ.ἁλα‹ἷονξα;.
3270 5428 3285 5469 ι
3320 5418 3385 5472 Β.
3421 5416 3602 5472 νίκην.

1721 5427 1749 5467 8
1782 5427 1845 5474 lt.
1867 5427 2031 5483 ᾶνως.

2106 5419 2137 5460 ιι
2171 5419 2236 5473 ιι.
2259 5418 2382 5472 καθ’
2408 5419 2650 5491 ἡγεμών.
2737 5416 2768 5460 ίί
2792 5418 3186 5485 Ιῖ.ἁλαζονίας.
3270 5428 3285 5469 ι
3320 5418 3385 5473 Β.
3421 5416 3602 5488 νίκην,

1827 5603 2056 5663 NOTAE.

374 5751 452 5822 (8)
472 5749 680 5806 Plinius
717 5747 858 5804 "ist.
915 5747 1040 5822 Nat.
1068 5745 1214 5822 για.
1265 5745 1323 5802 5i
1362 5762 1373 5796 :
1408 5743 1650 5801 Colorem
1714 5753 1888 5799 mutat

297 5819 623 5878 duinm'lcan
665 5822 904 5883 subinde,
950 5819 1222 5889 reddilque
1273 5833 1480 5884 semper
1528 5832 1891 5889 quemcunque

294 5895 540 5965 proxime
579 5893 816 5964 attingit.
854 5890 932 5948 De
961 5887 1355 5947 chamalmontc
1390 5898 1446 5944 ct
1475 5889 1672 5961 polypo
1704 5887 1886 5944 'l‘heo-

2000 5745 2260 5816 phrastus
2285 5762 2504 5821 quoque
2535 5745 2590 5802 in
2643 5743 2952 5821 fragmento
2981 5744 3051 5803 de
3071 5741 3402 5801 animalibus
3429 5740 3586 5800 colo~

2004 5833 2120 5874 rem
2149 5819 2512 5874 mutantibus.
