4142 6490
569 435 706 501 m7
751 390 758 395 ’
1941 414 2169 481 PETRI
2215 413 2472 476 SICULI
3732 407 3868 474 1243

561 553 635 608 tis
660 547 936 619 variisque
957 545 1227 603 idolorum
1263 542 1522 607 cultibus,
1543 535 1784 609 ﬂagitiis,
1814 529 2167 604 turpitudini-

2296 530 2628 601 τανυμνήτου
2672 530 2938 600 Τριάδοςο
2981 529 3204 593 πολλαῖς
3241 529 3297 584 δὲ
3339 528 3432 583 καὶ
3459 527 3740 592 ποικίλαις
3780 529 3871 582 τὸν

561 642 667 699 bus
695 657 759 697 ac
783 640 1158 712 voluptatibus
1191 637 1525 709 eaptivatum
1558 629 1862 689 hominem,
1889 641 1991 681 ceu
2019 639 2166 679 nun-

2296 624 2560 696 ἰνορωπον
2587 625 2616 676 6
2653 625 2824 688 δόλιος
2852 624 3324 696 εἰδωλολατρείαις
3355 623 3368 661 ι
3419 623 3513 676 καὶ
3555 623 3869 693 μιάσμασιν

561 747 727 802 quam
759 730 1151 792 revocandum,
1203 725 1348 798 apud
1368 740 1426 779 se
1453 722 1692 778 retinere
1725 717 2005 789 sperabat,
2040 729 2167 772 eum

2296 719 2592 784 i5w).txoi;,
2647 719 3066 789 αίσχρουργίαις
3103 727 3226 771 rem
3275 717 3369 770 καὶ
3418 714 3634 783 ἡδοναῖς
3666 713 3869 767 δουλω-

563 835 750 880 tamen
815 823 933 894 ipse
974 823 1158 894 potius
1209 815 1599 874 sitadmodum
1631 811 1792 868 facile
1818 808 2166 880 superabilis.

565 918 676 974 Sed
724 932 833 973 non
871 916 965 972 diu
1037 915 1278 986 potietur
1329 911 1554 967 dolosus
1603 906 1787 979 praeda
1828 919 1976 960 sua:
2040 916 2172 956 ecce

565 1009 713 1065 enim
760 1023 856 1077 spe
885 1022 981 1062 sua
1022 1006 1188 1061 falsus
1212 1012 1298 1059 est
1332 1002 1425 1073 qui
1463 1015 1682 1069 semper
1736 997 1898 1051 fallit.
1925 992 2171 1063 Namque

567 1100 880 1172 unigenilus
942 1097 1112 1153 Filius
1159 1094 1513 1165 Vcrbumque
1585 1091 1700 1156 Dei,
1760 1087 1908 1143 Patri
1974 1102 2172 1142 conre-

568 1203 787 1263 gnator,
825 1198 881 1246 et
939 1206 1065 1245 cum
1146 1187 1364 1244 vivifico
1413 1184 1762 1242 sanctissimo
1811 1180 2177 1236 consubstant-

571 1283 686 1338 tiali
734 1282 838 1338 sibi
889 1281 1099 1352 Spiritu
1159 1279 1560 1351 sempiternus,
1601 1291 1702 1346 pro
1763 1289 1863 1329 sua
1911 1270 2175 1326 ineffabili

568 1374 816 1430 bonitate
875 1374 1069 1428 volens
1128 1373 1327 1427 iterum
1394 1370 1703 1425 instaurare
1769 1381 1934 1437 quem
1976 1365 2179 1419 forma-

570 1477 727 1524 verat
765 1484 833 1522 ex
900 1467 1070 1522 humo
1119 1465 1422 1521 hominem.
1457 1477 1671 1531 suoque
1717 1461 1849 1514 flatu
1881 1458 2045 1529 digna
2064 1455 2178 1510 Deo

571 1557 791 1613 ratione
829 1557 1298 1612 eoudeeoraverat
1331 1570 1345 1618 ;
1378 1561 1565 1622 postea
1629 1546 1973 1620 beneplaeito
2000 1543 2180 1600 Patris

573 1655 632 1702 et
675 1644 852 1701 sancti
903 1643 1154 1714 (Spiritus
1205 1639 1614 1708 cooperatione,
1651 1645 1827 1693 semet
1858 1633 2178 1697 demittens,

574 1743 633 1790 et
692 1749 760 1790 ex
818 1731 1046 1804 Virgine
1114 1737 1302 1784 sancta
1357 1743 1580 1784 carnem
1651 1739 1877 1781 sumens
1928 1719 2181 1777 rationali

577 1827 763 1883 anima
802 1834 859 1881 et
887 1823 1248 1880 intellectuali
1279 1822 1600 1884 animatam,
1633 1819 1801 1873 homo
1828 1817 2006 1871 factus
2046 1823 2132 1870 est
2163 1829 2179 1879 ;

579 1935 691 1974 non
725 1917 782 1973 id
832 1915 982 1987 quod
1021 1923 1141 1970 erat
1176 1915 1497 1978 immutans,
1558 1919 1644 1966 est
1683 1909 1830 1964 enim
1892 1907 2181 1961 inconver-

583 2009 754 2066 tibilis
785 2025 800 2075 ;
831 2008 930 2064 sed
971 2007 1024 2063 id
1058 2006 1205 2078 quod
1234 2022 1347 2061 non
1389 2012 1510 2060 erat
1561 2015 1874 2066 assumens,
1911 1999 2043 2070 quia
2087 1997 2185 2051 be-

2273 810 2530 881 σάμενος,
2571 809 2646 872 ὡς
2675 808 2856 863 οὐκέτ’
2885 807 3402 878 ἀνακληθησὸμενον
3431 804 3568 877 ῷετο
3599 807 3660 858 ὲν
3694 803 3871 873 ἐαυτῷ

2275 901 2526 972 κατέχειν
2561 901 2588 953 6
2615 901 2963 972 εὐχείρωτος.
3011 900 3150 953 Ἀλλ’
3185 900 3285 953 οὐκ
3319 897 3665 964 ὲπιτεύξεται
3699 896 3870 960 δόλιος

2279 992 2477 1064 θήραςο
2506 993 2765 1063 ἔψευσται
2797 993 2907 1062 γὰρ
2941 992 3050 1047 τῶν
3082 991 3278 1046 ἑαυτοῦ
3327 991 3556 1044 ἐλπίδων
3585 992 3612 1044 6
3643 989 3871 1058 ascen-

2277 1103 2422 1149 στος.
2441 1084 2500 1139 ’0
2527 1086 2638 1157 γὰρ
2666 1085 2962 1155 μονογενὴς
2992 1084 3118 1147 Υἱὸς
3148 1084 3243 1136 καὶ
3265 1092 3292 1120 ιι
3324 1081 3496 1149 Λόγος
3523 1080 3617 1134 τοῦ
3645 1079 3811 1144 Θεοῦ,
3847 1081 3873 1132 6

2278 1179 2614 1248 συνὰναρχος
2636 1176 2713 1247 τῷ
2746 1177 2918 1249 Πατρῖ
2952 1178 3044 1229 καὶ
3075 1174 3347 1240 συναῖδιος
3370 1173 3446 1244 τῷ
3474 1171 3755 1242 ὀμοουσίῳ
3785 1171 3874 1226 καὶ

2279 1271 2533 1343 ζωοποιῷ
2567 1271 2662 1325 καὶ
2690 1269 2945 1340 παναγίῳ
2985 1267 3288 1339 Πνεύματι,
3332 1267 3527 1336 ἀφάτῳ
3566 1263 3876 1335 φιλανθρω-

2280 1365 2382 1437 πίᾳ
2415 1364 2700 1435 βουληθεὶς
2735 1362 2894 1416 πάλιν
2939 1359 3354 1430 ἀνακτήσασθαι
3395 1357 3454 1412 ὃν
3486 1357 3784 1411 διέπλασεν
3816 1358 3876 1410 ἐκ

2281 1458 2384 1527 γῆς
2412 1455 2700 1526 ἄνθρωπον
2731 1455 2828 1508 καὶ
2861 1453 2940 1526 τῷ
2975 1451 3162 1522 οἰκείῳ
3195 1454 3551 1522 ὲμφυσήματι
3577 1461 3601 1484 ι’
3647 1449 3880 1517 θεοπρε-

2284 1547 2402 1612 πῶς
2428 1547 2701 1612 ἐδόξασεν,
2732 1547 2954 1617 εὐδοκία
2986 1544 3082 1598 τοῦ
3119 1543 3336 1614 [ἰατρὸς
3366 1543 3462 1596 καὶ
3489 1541 3758 1613 συνεργίᾳ
3787 1540 3880 1594 τοῦ

2283 1641 2441 1710 ἀγίου
2503 1642 2822 1712 ῐινεύματος
2876 1639 3064 1700 καθεὶς
3113 1638 3343 1700 ἑαυτὸν,
3391 1639 3454 1691 ἐκ
3496 1633 3784 1707 Παρθένου
3823 1650 3882 1686 τε

2286 1735 2448 1804 ἁγίας
2481 1734 2662 1804 σάρκα
2691 1731 3001 1802 ἀνειληφὼς
3033 1730 3394 1801 ἐψυχωμένην
3424 1729 3569 1799 ψυχῇ
3593 1729 3795 1796 λογικῇ
3825 1743 3882 1780 τε

2286 1829 2382 1884 καί
2407 1829 2590 1899 νοερᾷ.
2621 1825 2907 1898 ἄνθρωπος
2937 1834 2964 1876 P
2991 1824 3220 1892 γίνεται,
3253 1823 3350 1893 οὐχ
3374 1822 3402 1875 ὃ
3426 1817 3493 1893 ἦν
3534 1817 3882 1890 μεταϐαλὼν,

2771 1919 2877 1973 ὶλλ’
2909 1920 3048 1989 ὅπερ
3079 1917 3182 1971 οὐκ
3213 1911 3282 1986 ἦν
3313 1913 3665 1986 προσλαϐὼν,
3703 1911 3888 1981 φιλάν-

2289 2018 2555 2090 θρωποςει
2600 2018 2746 2087 γάρ·
2781 2015 2848 2086 ἢν
2892 2010 3166 2067 διελθὼνι
3217 2007 3614 2080 κεκλεισμένην
3649 2018 3673 2046 ι
3729 2005 3888 2058 πάλιν

587 2100 791 2172 nignus
854 2107 960 2163 est,
1001 2097 1290 2170 Virginem
1371 2110 1533 2166 quam
1610 2094 1853 2150 clausam
1907 2091 2188 2162 ingressus

2296 2107 2584 2163 κατέλιπεν
2626 2105 2705 2174 τῷ
2755 2108 2856 2176 τῆς
2890 2102 3192 2175 παρθενίας
3228 2099 3370 2171 φωτὶ
3400 2097 3889 2168 κατηγλαῖσμένην

584 2200 725 2257 erat,
797 2189 1017 2261 reliquit
1042 2189 1248 2260 pariter
1277 2187 1605 2260 virginitatis
1633 2186 1758 2240 luce
1797 2184 2188 2255 splendentem

2296 2203 2388 2257 mi.
2435 2199 2860 2271 δεδοξασμένην,
2895 2195 3253 2267 προφητικῶς
3282 2195 3482 2256 εἰπεῖν,
3521 2190 3732 2245 ἔσωθεν
3777 2189 3884 2256 (9)·

587 2296 644 2342 et
681 2285 1004 2358 gloriosam,
1039 2291 1101 2339 ut
1161 2282 1487 2354 prophetice
1515 2280 1731 2350 loquar,
1779 2278 1848 2333 ab
1873 2277 2022 2332 intus
2053 2293 2066 2330 :
2101 2291 2192 2331 cu-

2296 2289 2364 2367 ἦς
2393 2295 2422 2347 6
2462 2293 2624 2363 νόμος
2656 2292 2673 2328 ί
2715 2290 2812 2344 καὶ
2841 2289 2892 2343 οἱ
2944 2287 3221 2358 προφῆται
3260 2285 3459 2347 πάντες
3502 2283 3570 2336 τὰ
3599 2284 3890 2353 σήμαντρα

592 2377 684 2449 ius
728 2374 956 2447 virginis
992 2373 1255 2445 praeludia
1291 2372 1377 2426 lex
1424 2379 1482 2425 et
1531 2368 1816 2440 prephetaa
1865 2381 2059 2422 omnes
2109 2365 2192 2419 in-

2298 2365 2468 2438 πάλαι
2517 2379 2869 2454 ξενοπρεπῶς
2903 2376 3384 2450 προκατήγγειλαν
3409 2391 3421 2404 ·
3471 2376 3567 2428 καὶ
3599 2374 3705 2445 τὴν
3737 2373 3888 2438 δόξαν

591 2467 774 2525 solitis
837 2466 969 2522 olim
1032 2464 1214 2520 modis
1269 2462 1802 2534 praenuntiaverunt.
1857 2458 2192 2530 gloriamque

2298 2477 2471 2547 αὐτῆς
2505 2473 2896 2550 προϐλεπτικῷ
2929 2473 3165 2544 ὄμματι,
3193 2469 3590 2542 προῦπέφηναν
3611 2483 3628 2497 ·
3667 2467 3817 2540 [ωτι.
3850 2465 3887 2519 f.

591 2563 715 2634 ejus
757 2567 1182 2634 praeoccupante
1215 2559 1377 2615 oculo
1451 2558 1624 2614 visam
1675 2546 2192 2628 praemonstrarunt.

2301 2546 2434 2640 86.]7
2474 2546 2573 2621 καί
2607 2569 2635 2620 6
2681 2566 2777 2637 μὲν
2825 2565 3036 2632 πύλην
3099 2559 3561 2631 κεκλεισμένην,
3609 2557 3783 2628 μόνῳ
3819 2555 3890 2621 τῷ

593 2656 662 2712 Et
692 2656 837 2711 alius
868 2655 1091 2726 quidem
1143 2654 1385 2708 clausam
1427 2653 1663 2724 januam
1709 2652 1914 2722 solique
1969 2652 2079 2707 Deo
2116 2668 2192 2706 re-

2305 2661 2428 2728 Θεῷ
2456 2660 2834 2730 τηρουμένην
2875 2657 3190 2729 προέφησεν
3216 2673 3229 2687 ο
3261 2657 3290 2708 6
3330 2653 3407 2716 δὲ,
3439 2650 3649 2721 πηγὴν
3677 2650 3892 2718 ἐσφρα-

593 2757 866 2804 servatam
926 2747 1278 2818 praedixit":
1341 2746 1487 2802 alius
1535 2748 1732 2815 fontem
1793 2745 1972 2817 sigillo
2022 2745 2192 2799 muni-

2304 2754 2626 2828 γισμένην·
2645 2754 2734 2806 Ere
2741 2770 2833 2824 ρος
2851 2751 2907 2804 δέ
2927 2752 3336 2822 φησιν,”Εσται
3357 2746 3396 2813 ἠ
3407 2745 3535 2815 ρίζὶι
3548 2744 3660 2798 τοῦ
3676 2740 3890 2798 Ἰεσσαὶ

598 2852 712 2897 tum
739 2842 762 2874 ⁸
795 2860 810 2897 :
863 2841 1001 2897 alius
1042 2859 1056 2894 :
1095 2840 1234 2905 Erit,
1272 2841 1476 2911 inquit,
1519 2841 1582 2894 de
1621 2839 1802 2894 radix
1838 2838 2003 2894 Jessa:
2032 2839 2192 2910 virgo,

2306 2849 2344 2915 ὴ
2377 2845 2708 2916 παρθένοψ
2762 2841 2862 2895 καὶ
2925 2840 3110 2906 ἄνθος
3157 2839 3228 2892 ἐκ
3269 2836 3382 2907 τῆς
3436 2834 3608 2905 ρίζὴς
3674 2830 3890 2899 ἀναϐή-

597 2943 649 2989 et
693 2935 792 3004 ﬂos
844 2933 908 2987 de
944 2933 1124 2987 radice
1153 2932 1271 3002 ejus
1289 2929 1535 2986 ascendet
1568 2930 1825 2986 Dominus
1855 2929 1994 2986 Deus
2029 2940 2192 2985 nocte:

2308 2955 2480 2993 σεται
2512 2941 2544 2992 ὁ
2569 2937 2787 3005 Κύριος
2812 2935 2910 2989 καὶ
2942 2932 3088 2998 Θεὸς
3116 2929 3306 3002 ἡμῶν,
3349 2929 3419 2995 ἐξ
3460 2927 3658 2995 αὐτῆς
3704 2941 3891 2994 σωμα·

599 3043 667 3081 ea:
720 3027 834 3095 ipsa
870 3035 1188 3094 corporatus
1223 3027 1269 3079 '.
1311 3025 1462 3081 Idem
1490 3025 1719 3095 insuper
1752 3041 1767 3079 ε
1804 3024 1938 3078 Ecce
1998 3023 2153 3095 Virgo
2187 3065 2192 3078 ,

2309 3033 2601 3102 τούμενος
2628 3047 2642 3062 ο
2675 3033 2704 3084 6
2737 3029 2796 3083 δὲ
2827 3027 3011 3091 αὐτὸς,
3041 3027 3148 3082 Kal
3180 3025 3314 3080 ἰδοὺ
3345 3025 3383 3092 ἡ
3411 3021 3738 3090 παρθένος,
3775 3019 3889 3088 ἔφην

601 3119 803 3189 mquit,
876 3119 935 3172 in
999 3128 1147 3172 utero
1216 3117 1467 3180 habebit,
1538 3127 1585 3172 et
1637 3117 1808 3186 pariet
1872 3116 2192 3188 ﬁlium”,9

2311 3127 2382 3181 ὲν
2432 3124 2645 3196 γαστρὶ
2691 3122 2818 3188 ἔξει
2866 3121 2965 3175 καὶ
3024 3119 3256 3183 τέξεται
3321 3116 3482 3182 my,
3525 3113 3692 3183 δῆλον
3719 3113 3798 3166 ὅτι
3840 3109 3891 3173 ἐξ

605 3207 862 3262 videlicet
886 3222 955 3262 ex
986 3223 1046 3262 se
1077 3207 1368 3262 Dominum
1383 3207 1757 3272 incarnatum,
1795 3207 2011 3263 factieio
2039 3222 2192 3278 opere

2314 3219 2488 3289 αὐτῆς
2557 3219 2651 3272 τὸν
2720 3215 2927 3286 Κύριον
3001 3211 3506 3285 σαρκολογοῦμενον
3573 3207 3890 3277 δημιουργι-

607 3299 665 3352 in
698 3298 816 3368 ipsa
883 3297 1247 3364 habitantem,
1273 3313 1443 3353 carne
1471 3299 1736 3353 vestitum
1775 3296 1944 3353 Deum
1988 3314 2055 3353 ex
2092 3297 2192 3368 ips:

2317 3313 2429 3378 κῶς
2479 3312 2590 3384 (10)
2632 3313 2690 3366 ὲν
2733 3311 2875 3382 αὐτῇ
2928 3306 3273 3362 ὲνοικοῦντασ
3317 3303 3414 3358 καὶ
3472 3300 3808 3372 σαρκοφόρον
3839 3294 3891 3360 ὲξ

610 3389 1027 3461 procedentem.
1093 3389 1202 3444 Sed
1255 3403 1354 3443 cur
1417 3387 1532 3458 jam
1603 3398 1806 3444 cuncta
1885 3389 2003 3443 hate
2059 3389 2192 3445 testi

2317 3405 2490 3476 αὐτῆς
2512 3417 2542 3445 ιι
2570 3403 2704 3458 Θεὸν
2739 3400 3173 3474 προερχόμενον·
3227 3398 3318 3451 καὶ
3349 3395 3403 3449 τί
3445 3394 3509 3463 δὴ
3530 3403 3558 3432 ν
3599 3392 3778 3453 πάσας
3806 3388 3891 3450 τὰς

613 3483 798 3540 monia
834 3496 1180 3548 enumerem,
1211 3496 1332 3551 qua:
1350 3480 1612 3536 studiosis
1669 3480 1854 3551 potius
1882 3482 2192 3537 reservand:

613 3587 739 3615 cum
762 3577 787 3615 ν

2317 3499 2580 3562 τοιαύτας
2617 3494 2926 3568 μαρτυρίας
2967 3489 3335 3563 ἀπαριθμεῖν,
3369 3488 3426 3542 αἶ
3457 3487 3570 3550 τοῖς
3602 3481 3892 3554 φιλοπόνοις

2320 3590 2447 3615 ---Δ
2463 3605 2646 3615 -..υ-η.
2673 3603 2687 3615 .

608 3587 744 3636 sunt
762 3587 781 3632 ’ἑ

692 3670 781 3726 Vl.
825 3669 1014 3740 Neque
1043 3679 1225 3724 tamen
1257 3667 1544 3739 quisquam
1574 3666 1872 3733 existimet,
1903 3668 1972 3724 de
2001 3685 2222 3740 semper

619 3761 839 3833 virgine
887 3776 952 3815 ac
1005 3760 1236 3831 Deipara
1289 3757 1455 3814 Maria
1508 3759 1823 3814 testimonia
1881 3760 2146 3817 hactenus
2191 3779 2222 3818 a

619 3855 783 3910 nobis
810 3854 865 3907 in
892 3853 1133 3908 medium
1166 3853 1368 3908 frustra
1397 3868 1519 3908 esse
1548 3853 1760 3923 prolata
1791 3872 1806 3908 :
1839 3854 2043 3910 etenim
2079 3857 2224 3911 veri-

624 3947 752 4002 tatis
791 3947 976 4001 hostes
1008 3946 1256 4001 divinum
1305 3947 1425 4015 ejus
1468 3955 1684 4017 partum
1730 3958 2080 4018 apparenter,
2113 3966 2224 4006 non

625 4051 812 4097 autem
861 4055 1012 4106 vere,
1062 4047 1347 4110 peractum
1397 4048 1628 4094 censent
1676 4058 1689 4094 :
1737 4051 1794 4096 et
1836 4043 2059 4112 quidem
2106 4055 2230 4115 post

623 4135 873 4190 diviuum
902 4143 1121 4205 partum
1153 4133 1291 4187 alios
1329 4148 1548 4203 quoque
1584 4133 1760 4203 ipsam
1801 4134 2006 4192 liberos
2034 4153 2102 4193 ex
2131 4136 2230 4194 Jo-

623 4227 807 4296 sepho
840 4225 1147 4295 suscepisse
1174 4223 1491 4278 fabulantur
1523 4243 1536 4279 :
1563 4226 1958 4295 prophetarum
1992 4229 2192 4300 deniqu

2333 4237 2428 4292 τοῢ
2465 4236 2663 4308 Ἰωσὴφ
2709 4231 3085 4306 φληναφοῦσιν
3110 4246 3124 4260 ·
3183 4229 3282 4293 τὰς
3326 4227 3383 4281 δὲ
3427 4227 3555 4298 περὶ
3599 4224 3767 4294 αὐτῆς
3809 4217 3900 4272 τῶν

624 4320 774 4376 eirea
809 4320 983 4389 ipsam
1015 4317 1330 4373 testimonia
1359 4332 1470 4372 non
1499 4318 1819 4385 admittunt,
1849 4321 2015 4376 veluti
2043 4335 2192 4392 poste

2337 4329 2636 4404 προφητῶν
2670 4325 2977 4401 μαρτυρίας
3018 4324 3080 4380 οὐ
3127 4320 3536 4394 προσδέχονται,
3559 4315 3740 4378 καθὼς
3766 4311 3903 4364 ὓστε-

632 4412 954 4484 diligentius
1021 4408 1512 4465 demonstrabitur.
1587 4409 1791 4466 Dicunt
1860 4413 2109 4483 profecto
2175 4431 2192 4472 ε

2343 4401 2434 4496 ρον
2469 4421 2862 4494 ἀκριϐέστερον
2919 4415 3325 4489 δηλωθήσεταιο
3393 4412 3665 4480 φάσκουσι
3705 4408 3759 4460 δὲ
3809 4401 3902 4496 τοῖς

636 4505 816 4562 sancti
843 4503 1119 4577 Evangelii
1150 4501 1495 4573 apostolique
1528 4504 1824 4560 dietamina
1860 4507 2037 4577 sequi,
2068 4517 2192 4564 caete

2296 4576 2312 4587 _
2339 4494 2435 4572 τοῦ
2465 4518 2623 4587 ἁγίου
2652 4505 2990 4582 Εὐαγγελίου
3025 4511 3120 4565 καὶ
3149 4508 3243 4563 τοῦ
3273 4504 3598 4560 Ἀποστόλου
3627 4502 3800 4571 λόγοις
3828 4494 3901 4587 ἐξ·

633 4599 795 4670 roqui
826 4597 1016 4653 dolose
1046 4613 1112 4652 ac
1141 4599 1394 4654 simulate
1425 4597 1735 4653 stultissimi
1768 4575 2020 4655 homines
2051 4601 2192 4657 oviu:

2296 4576 2318 4630 )
2343 4575 2662 4667 ακολουθεῖν
2681 4649 2695 4672 ,
2731 4575 2966 4678 δολερῶς
3000 4606 3092 4659 καὶ
3127 4600 3376 4662 ὑπούλως
3413 4598 3490 4668 τῷ
3518 4596 3699 4668 κωδίῳ
3723 4593 3803 4646 τὸν
3825 4585 3904 4641 λύ-

633 4693 812 4750 vellus
857 4693 987 4764 lupo
1030 4693 1478 4765 cireuntponunt.
1523 4693 1686 4765 Atqui
1731 4704 1847 4750 tum
1892 4699 2243 4770 evangelicus

636 4787 860 4841 divinus
903 4787 1061 4849 liber,
1103 4797 1219 4841 tum
1269 4788 1435 4842 etiam
1489 4789 1845 4858 apostolicus,
1894 4768 2192 4849 continenti

2345 4794 2711 4864 εὐαγγελικῆς
2759 4791 2856 4845 καὶ
2899 4790 3050 4852 θείας
3090 4784 3373 4854 πτυκτῆςι
3395 4822 3410 4848 ,
3450 4781 3512 4834 οὐ
3547 4780 3654 4850 μὴν
3680 4773 3805 4832 ἀλλὰ
3828 4768 3906 4824 καὶ

2933 4883 2937 4884 ,
3173 4877 3199 4884 ..
3587 4873 3598 4884 ι
3768 4865 3784 4884 r
3811 4860 3884 4884 _-.I

641 4873 884 4928 reeitant
949 4875 1265 4930 testimonia
1321 4877 1749 4946 prophetarum,
1812 4895 2018 4952 eosque
2077 4891 2192 4939 testi

2345 4860 2853 4960 τῆς-ἀποπολικῆς
2875 4924 2890 4950 ,
2926 4877 3238 4950 ὲπισυχνῶς
3261 4889 3284 4917 ο
3322 4873 3741 4946 προσφερόντων
3768 4860 3902 4967 [cedo

642 4963 752 5021 ﬁde
780 4965 977 5037 dignos
1018 4967 1423 5035 demonstrant,
1451 4969 1541 5038 qui
1585 4971 1771 5026 omnia
1801 4972 1924 5029 sine
1959 4976 2190 5034 mendae

2349 4952 2490 5036 f.'84
2517 4977 2577 5053 b]
2609 4976 2708 5042 τὰς
2737 4952 2846 5033 τῶν
2887 4972 3188 5044 προφητῶν
3221 4965 3550 5042 μαρτυρίας,
3582 4963 3676 5017 καὶ
3701 4952 3900 5015 δεικνύν·

2319 3590 2448 3657 τετή
2457 3605 2651 3661 ρηνται
2673 3603 2689 3653 ;

2396 3680 2488 3750 ς’.
2543 3679 2635 3752 Μή
2685 3696 2770 3740 τις
2815 3677 2879 3748 δὴ
2930 3676 3079 3747 ἡμᾶς
3121 3672 3322 3726 οἰέσθω
3363 3669 3463 3733 τὰς
3508 3668 3638 3739 περὶ
3668 3666 3763 3736 τῆς
3790 3665 3892 3718 ἀει-

2326 3774 2597 3847 παρθένου
2645 3771 2741 3825 καὶ
2782 3769 3048 3823 Θεοτόκου
3085 3764 3307 3835 Μαρίας
3356 3760 3697 3833 μαρτυρίας,
3741 3757 3896 3847 μάτην

2327 3845 2531 3938 ἀρτίως
2562 3863 2642 3926 είς
2674 3860 2841 3930 μέσον
2870 3857 3244 3930 παραγαγεῖν’
3270 3854 3320 3908 ol
3343 3861 3370 3890 ³
3392 3852 3501 3923 γὰρ
3529 3850 3631 3920 τῆς
3660 3845 3896 3938 ἀληθείας

2329 3936 2516 4030 ἐχθροὶ
2564 3956 2656 4011 τὸν
2697 3955 2843 4008 θεῖον
2893 3952 3066 4022 αὐτῆς
3113 3949 3274 4003 τόκον
3325 3949 3383 4000 ὲν
3422 3944 3651 4015 δοκήσει
3696 3941 3784 3995 καὶ
3813 3936 3897 3990 οὐκ

2330 4053 2388 4106 ὲν
2415 4048 2648 4121 ἀληθείᾳ
2677 4045 3011 4118 γεγενῆσθαι
3051 4039 3475 4114 δογματίζουσιν
3496 4055 3511 4071 °
3539 4037 3636 4092 καὶ
3671 4033 3799 4108 μετά
3821 4031 3898 4084 τὸν

2333 4144 2478 4198 θεῖον
2529 4142 2690 4196 τόκον
2737 4141 2877 4196 καὶ]
2905 4137 3102 4201 ἄλλους
3136 4137 3288 4198 υἱοὺς
3337 4132 3508 4203 αὐτὴν
3537 4130 3820 4202 ἐσχηκέναι
3846 4123 3900 4175 ὲκ

2343 4721 2439 4758 κον
2491 4699 3000 4773 περικαλύπτοντες
3047 4697 3094 4748 οἱ
3139 4693 3526 4764 ἀνοητότατοι·
3566 4688 3661 4741 καί
3697 4703 3774 4739 τοι
3823 4679 3905 4747 τῆς

651 5217 664 5230 ἱ
717 5123 738 5155 ⁷
769 5121 972 5181 Ezech.
999 5140 1142 5192 κων,
1169 5125 1227 5181 2.
1301 5127 1324 5160 ⁸
1348 5126 1559 5184 Cantie.
1599 5144 1672 5193 tv,
1700 5129 1788 5184 12.
1864 5131 1969 5188 lsa.
2003 5149 2082 5203 ιι,
2107 5133 2162 5195 1.

2316 5139 2421 5194 lsa.
2451 5153 2547 5206 vn,
2581 5135 2670 5194 14.

1908 5272 2150 5353 vam
2177 5273 2616 5348 LECTIONESJ
2932 5277 2966 5284 -
3007 5282 3021 5296 ν

734 5393 847 5483 [Β.
881 5401 1000 5457 sine
1022 5402 1386 5479 diphthongo.
1498 5417 1536 5441 η
1575 5410 1639 5466 li.
1676 5413 1816 5478 ταῖς.
1939 5426 1966 5454 τι
1991 5417 2060 5474 R.
2083 5419 2137 5473 δέ

654 5468 853 5520 εγθων.
934 5484 956 5513 ³
1004 5475 1138 5520 Exin
1173 5493 1367 5520 nnw-m
1398 5485 1658 5520 vnnnlmln
1683 5488 2044 5520 nrmrnrmlnh
2083 5461 2192 5520 D....l

2322 5419 2388 5474 R.
2419 5421 2612 5489 ὲμφισ.
2719 5429 2747 5469 P
2779 5416 2844 5470 R.
2870 5414 3051 5477 οὗτος.
3171 5423 3200 5465 ει
3233 5410 3302 5468 ιι.
3331 5410 3608 5480 φίλαντος.
3711 5413 3734 5445 τ
3758 5401 3813 5455 ll.
3838 5391 3909 5476 βι-

2303 5507 2329 5520 ο
2439 5493 2452 5520 ι
2483 5489 2519 5520 n
2549 5489 2663 5520 ρηιι
2717 5487 2980 5520 ..ηοωιηω
3015 5485 3174 5520 ..Αυηρ
3198 5499 3297 5520 nm
3327 5483 3490 5520 “Am-.—
3591 5483 3621 5512 ιι
3659 5477 3721 5520 R-
3753 5473 3908 5520 ἀντηςο

687 5473 853 5554 χθών.
915 5484 956 5554 ’³
996 5473 1138 5554 i'lxitt
1173 5473 1367 5533 novent
1398 5485 1659 5554 vocabula
1683 5473 2052 5546 prétermittit
2083 5473 2192 5546 Rad

2303 5473 2384 5546 ς(
2439 5473 2462 5527 ι’
2482 5473 2527 5543 li
2549 5473 2690 5545 God.
2717 5487 2981 5543 mendose
3014 5473 3174 5554 μόνος
3198 5499 3306 5554 pro,
3327 5473 3511 5552 νόμος.
3591 5483 3621 5512 ιι
3753 5473 3908 5535 amc-

655 5548 682 5578 ν
714 5539 790 5594 Ita
828 5544 952 5598 cod.
993 5545 1229 5604 fortasse
1273 5566 1372 5620 pro
1410 5553 1510 5608 δεῖ.
1607 5563 1635 5592 ι
1658 5539 1725 5611 Β.
1754 5539 1850 5610 καὶ
1882 5539 2192 5629 ῥὲ6’ὸἰ.“““ῖ

2296 5602 2305 5616 .
2345 5539 2689 5636 εἰιιθ-καίίη
3154 5539 3170 5548 ’
3198 5539 3248 5596 ἰ
3279 5539 3413 5610 ουδ’.
3439 5539 3714 5623 ἑπισυχνιῖ·

2442 5825 2554 5898 (10)
2590 5825 2709 5882 Gal.
2748 5824 2836 5891 IV,
2868 5826 2938 5898 ﬁ:
2987 5822 3212 5898 Factum
3241 5839 3305 5878 ea:
3350 5820 3588 5898 muliere,
3631 5821 3810 5894 factum
3833 5827 3909 5870 tu:

2369 5893 2500 5971 tege.
2529 5893 2604 5956 lta
2635 5898 2726 5957 hic
2748 5897 2995 5970 intelligo
3019 5893 3452 5969 δημιουργικῶς.
