4142 6444
234 406 343 471 124

1370 402 1742 465 HISTORIA
1777 402 2398 465 MANICIL‘EORUM.

3404 407 3544 475 1250

236 541 349 577 των
373 520 574 586 αὐτοὺς
596 520 673 585 ὡς
693 519 1041 588 ἀξιοπίστους
1067 520 1369 591 μάρτυρας,
1389 520 1566 573 πάντα
1582 517 1809 587 ἀψευδῶ,

1934 518 2297 579 narraverint,
2352 517 2750 589 veritatemque
2806 526 3095 585 testantes,
3142 520 3209 575 ad
3263 523 3542 593 perspica-

233 615 853 686 προκαταγγείλαντας,
900 616 994 668 καὶ
1027 612 1448 685 μαρτυροῦντας
1480 615 1544 683 τῇ
1575 612 1825 684 ἀληθείᾳ,

232 708 329 761 καὶ
364 705 500 778 πρὸς
528 706 789 771 ὀξυοπίαν
835 707 927 760 καὶ
961 705 1245 775 ἀγχίνοιαν
1275 705 1404 766 τοὺς
1440 704 1717 774 ἀκροατὰς
1744 703 1829 756 δι’

234 802 551 870 εγείροντας
602 800 697 853 τοῦ
751 801 827 870 μὴ
876 798 1211 868 σφάλλεσθαι
1244 798 1343 867 τῆς
1377 795 1635 865 ἀληθείας
1666 798 1831 866 ἐπερ-

234 891 476 963 χομένης
515 890 705 961 ὥσπερ
742 890 1030 960 στοιχείοις
1068 893 1178 942 τισῖ
1220 890 1337 950 ταῖς
1372 886 1551 941 αὐτῶν
1583 888 1832 959 ἀπορρή-

237 999 388 1035 σεσιν
434 983 956 1052 ἐντετυπωμέκους,
1012 982 1107 1035 καὶ
1159 981 1394 1052 Θεωρίας
1437 980 1693 1035 ἐπίϐασιν
1732 982 1830 1053 τὴν

235 1075 438 1146 πρᾶξιν
488 1076 880 1145 ποιουμένουςο
926 1074 1043 1128 ἀλλ’
1078 1075 1106 1125 ὁ
1138 1075 1239 1145 μὲν
1271 1078 1399 1145 περὶ
1428 1075 1526 1146 τῆς
1552 1076 1831 1140 ἀείπαιδος

235 1165 442 1234 κυρίως
479 1167 572 1218 καί
602 1163 820 1234 ἀληθῶς
852 1164 1260 1235 δεδοξασμένης
1286 1164 1555 1219 Θεοτόκου
1587 1167 1683 1218 καὶ
1713 1167 1830 1219 ἀει-

233 1254 507 1325 παρθένου
545 1255 768 1326 Μαρίας
813 1253 1003 1324 λόγος,
1050 1254 1246 1324 μικρὸν
1279 1255 1631 1325 ἀναμεινάτω
1658 1271 1673 1286 ·
1724 1255 1829 1308 κᾶν

231 1349 283 1401 oi
351 1348 515 1401 δεινοὶ
570 1350 931 1403 Παυλικιάνοι
986 1350 1409 1422 διαῤῥὴγνυντο.
1459 1350 1829 1406 Ἐπανακτέον

229 1440 273 1494 δ’
308 1441 452 1510 ἡμᾶς
478 1442 600 1495 ὅθεν
635 1443 833 1513 μικρὸν
865 1444 1275 1514 ἀνεκφοιτήτως
1305 1443 1647 1515 ἀπέστημεν.

302 1531 374 1587 Z'.
431 1533 539 1587 Τοῦ
594 1535 833 1605 μεγάλου
867 1536 1049 1588 τοίνυν
1081 1533 1219 1588 Θεοῦ
1254 1536 1348 1588 καὶ
1379 1535 1633 1606 Σωτῆρος
1664 1534 1825 1607 ἡμῶν

226 1620 403 1691 Ἰησοῦ
440 1624 678 1695 Χριστοῦ
734 1627 829 1679 ἐπὶ
869 1628 969 1697 τῆς
1002 1627 1106 1695 γῆς
1134 1626 1395 1697 ὀφθέντος
1430 1628 1526 1681 καὶ
1556 1630 1687 1699 ἡμῖν
1714 1633 1828 1695 τοῖς

225 1714 540 1785 ἀνθρώποις
590 1720 1175 1789 συναναστραφέντος,
1216 1720 1366 1773 πᾶσα
1405 1719 1507 1789 μὲν
1553 1722 1617 1773 ἐκ
1645 1720 1827 1777 ποδῶν

224 1807 643 1881 είδωλολατρεία
682 1812 925 1880 οἴχεταιο
964 1813 1307 1881 Θεογνωσία
1338 1812 1395 1866 δὲ
1428 1812 1668 1881 ἀληθὴς
1711 1811 1827 1870 πᾶ-

1934 611 2073 665 ciam
2101 610 2411 680 mentisque
2431 626 2665 666 acumen
2687 611 2972 668 auditores
2997 628 3129 669 suos
3156 616 3538 681 excitaverint,

1933 704 2230 771 quominus
2281 720 2313 758 a
2362 704 2592 759 veritate
2637 704 2751 774 jam
2804 706 3134 761 adveniente
3194 707 3539 774 aberrarent,

1932 811 2096 867 quam
2142 796 2471 867 quibusdam
2515 798 2682 852 veluti
2735 798 3042 863 clementis,
3082 800 3535 870 praedictionibus

1932 889 2196 943 nimirum
2245 889 2382 951 suis,
2431 892 2863 961 impresserunt;
2903 902 2958 946 et
2995 902 3236 948 ostensa:
3280 894 3359 949 rei
3409 895 3539 950 fun-

1931 980 2247 1036 damentum
2297 982 2415 1052 ipso
2458 993 2658 1037 eventu
2710 985 3163 1054 comprobarunt.
3216 984 3329 1042 Sed
3383 990 3535 1043 enim

1931 1074 1999 1130 de
2040 1082 2304 1144 perpetua
2347 1076 2551 1145 puella,
2596 1077 2819 1147 proprie
2867 1092 3106 1147 vereque
3140 1079 3376 1147 gloriosa
3407 1080 3538 1135 Dei-

1930 1182 2060 1238 para
2105 1183 2431 1238 semperque
2476 1169 2686 1240 virgine
2736 1169 2923 1235 Maria,
2974 1172 3151 1225 oratio
3193 1172 3535 1242 aliquantum

1930 1259 2254 1327 diﬂ‘eratur;
2285 1260 2496 1315 etiamsi
2527 1261 2662 1315 diris
2690 1259 3018 1318 Paulicianis
3049 1264 3137 1317 ilia
3182 1274 3530 1336 rumpantur.

1930 1352 2066 1408 Illuc
2096 1353 2242 1408 enim
2275 1354 2456 1420 nobis,
2488 1354 2633 1410 unde
2673 1356 2838 1426 paulo
2864 1363 2991 1410 ante
3020 1357 3404 1427 discessimus,
3440 1375 3531 1417 re-

1928 1444 2209 1501 deundum
2242 1453 2343 1499 est.

2000 1534 2114 1594 VII.
2156 1535 2455 1607 Postquam
2498 1553 2730 1610 magnus
2772 1539 2956 1611 itaque
2998 1539 3146 1599 Deus
3177 1559 3242 1599 ac
3270 1544 3532 1601 Servator

1927 1639 2116 1684 noster
2153 1629 2313 1685 Jesus
2348 1629 2607 1684 Christus
2646 1631 2699 1685 in
2746 1639 2889 1687 terra
2935 1636 3207 1705 apparuit,
3248 1646 3303 1693 et
3334 1639 3528 1695 nobis-

1927 1738 2052 1778 cum
2100 1723 2420 1779 hominibus
2463 1732 2718 1780 versatus
2744 1735 2850 1792 est,
2882 1727 3060 1782 omnis
3090 1729 3309 1799 quidem
3351 1732 3527 1787 idolo-

1927 1833 2048 1872 rum
2079 1818 2260 1874 cultus
2291 1832 2321 1873 e
2362 1816 2545 1872 medio
2580 1817 2785 1885 cessit;
2821 1818 2916 1872 Dei
2947 1829 3129 1874 autem
3171 1838 3291 1876 vera
3336 1824 3524 1877 notitia

223 1917 349 1956 σαν
396 1903 512 1971 τὴν
551 1904 671 1975 γῆν
714 1904 920 1975 ὥσπερ
964 1906 1120 1976 ὕδωρ
1150 1906 1311 1961 πολὺ
1353 1905 1809 1976 κατεκάλυψεν-ί

1922 1911 2222 1965 universam
2266 1920 2465 1965 terram
2502 1918 2755 1980 tanquam
2785 1928 2941 1981 aqua:
2972 1912 3253 1967 inundatio
3299 1930 3527 1986 occupa-

222 1994 477 2048 ἐντεῦθεν
506 1997 539 2068 ή
569 1996 678 2050 τῶν
704 2000 976 2070 οὐρανίων
1008 1999 1103 2053 ἐπὶ
1126 1999 1229 2069 γῆς
1252 1998 1424 2070 ἀρετὴ
1452 1998 1816 2067 πολιτεύεται,

220 2086 319 2139 καὶ
361 2088 473 2149 τοῖς
506 2088 763 2156 ἀγγέλοις
795 2092 915 2150 ταῖς
949 2090 1174 2160 ἀρεταῖς
1204 2089 1658 2161 θεοκλυθούμενοι
1692 2109 1819 2145 συν-

218 2176 555 2248 αμιλλῶνται
604 2181 654 2233 oi
691 2181 973 2253 ἄνθρωποι
995 2199 1008 2213 ·
1050 2182 1146 2235 τοῦ
1185 2182 1423 2253 σταυροῦ
1454 2182 1564 2255 γὰρ
1594 2185 1685 2237 ἐπὶ
1712 2184 1818 2255 γῆς

216 2271 488 2339 παγέντος
509 2311 524 2336 ,
577 2272 674 2327 καὶ
721 2273 817 2327 τοῦ
866 2275 1037 2345 ἄρτου
1070 2278 1169 2348 τῆς
1203 2275 1351 2346 ζωῆς
1385 2275 1481 2330 τοῦ
1511 2280 1575 2330 ἐκ
1602 2276 1695 2330 τοῦ
1724 2278 1817 2332 οὐ·

220 2363 387 2434 ρανοῦ
432 2363 832 2438 φιλανθρώπως
875 2370 940 2438 τῇ
982 2366 1199 2432 θεότητι
1236 2369 1702 2437 συγκαταὸἀντος,
1755 2370 1815 2423 ού

214 2458 279 2511 τὸ
315 2458 470 2529 σῶμα
504 2458 939 2525 καταϐάσαντος,
981 2460 1098 2514 ἀλλ’
1126 2463 1190 2514 ἐκ
1222 2460 1329 2530 γῆς
1362 2462 1522 2516 τοῦτο
1576 2460 1818 2533 προσλα-

212 2549 449 2621 ὁομένου
474 2551 805 2621 ὁμοιοπαθὲς
830 2555 984 2625 ἡμῖν,
1011 2555 1105 2607 καὶ
1129 2554 1187 2607 ἐν
1210 2554 1286 2623 τῷ
1309 2554 1450 2625 ξύλῳ
1466 2554 1561 2608 τοῦ
1578 2553 1815 2626 σταυροῦ

212 2643 527 2712 ὑψωθέντος
552 2685 568 2710 ,
607 2647 703 2699 καὶ
730 2649 853 2711 ταῖς
878 2646 972 2699 τοῦ
1000 2646 1147 2701 θείου
1175 2646 1341 2701 αὑτοῦ
1372 2647 1605 2719 αἵματος
1637 2650 1814 2720 ῥανίσι

210 2734 316 2807 τὴν
344 2734 451 2807 γῆν
480 2737 953 2809 καταρδεύσαντος
984 2737 1143 2812 [cod.
1179 2738 1217 2793 ἶ.
1248 2737 1351 2812 85}
1379 2739 1555 2811 ὀσμὴν
1586 2738 1816 2811 εύῳδίας

215 2830 332 2900 (ll)
369 2830 576 2902 ταύτην
601 2831 886 2886 διαπνέειν
916 2832 1222 2904 πεποίηκεν
1248 2851 1261 2864 ·
1298 2832 1423 2903 ἥτις
1452 2832 1531 2904 τῷ
1556 2834 1815 2906 ἁγιασμῷ

208 2923 308 2977 τοῦ
340 2924 525 2995 τιμίου
552 2924 788 2995 αἵματος
817 2925 910 2978 καὶ
942 2924 1133 2990 ὓδατος
1156 2924 1325 2980 αὐτοῦ
1355 2926 1646 2980 πιανθεῖσα
1670 2966 1687 2991 ,
1724 2930 1813 2980 λος

206 3019 346 3087 γικὰ
400 3019 646 3090 ἠδύπνοα
700 3019 794 3072 καὶ
832 3019 1054 3073 ποικίλα
1087 3019 1225 3090 ἄνθη
1267 3019 1645 3091 βλαστάνουσα
1675 3038 1814 3075 παν-

202 3108 378 3181 ταχοῦ
414 3110 509 3164 καὶ
542 3109 639 3164 νῦν
668 3110 730 3164 οὐ
759 3110 1138 3182 διαλιμπάνει.
1196 3112 1599 3183 Προσκυνεῖται
1631 3113 1812 3166 τοίνυν

206 3201 403 3268 ξύλον,
454 3203 525 3256 δι’
560 3196 621 3257 οῦ
658 3203 909 3276 σωτηρία
944 3204 1022 3275 τῷ
1052 3204 1203 3273 γένει
1235 3204 1336 3275 μὲν
1363 3204 1473 3259 τῶν
1502 3203 1810 3277 ἀνθρώπων

1920 2001 1993 2056 vit
2017 2001 2198 2071 “.10
2217 2000 2350 2055 Exin
2375 2000 2683 2056 caelestium
2708 2001 2941 2056 honesta
2964 2003 3074 2057 vita
3095 2002 3265 2073 ρωνίι
3289 2003 3343 2058 in
3382 2013 3525 2060 terra

1921 2089 2285 2160 lrequcntari,
2313 2090 2539 2161 Deoque
2568 2090 2866 2147 familiares
2906 2092 3034 2147 facti
3080 2093 3333 2150 homines
3362 2112 3529 2168 ange-

1920 2182 2003 2237 los
2034 2182 2332 2238 virtutibus
2369 2183 2637 2237 temulari.
2682 2182 2859 2239 Cruce
2898 2187 3047 2240 enim
3090 2185 3145 2241 in
3195 2194 3396 2243 terram
3428 2189 3526 2245 de-

1920 2273 2064 2340 ﬁxa,
2115 2275 2352 2345 vilteque
2402 2291 2543 2347 pane
2592 2277 2660 2331 dc
2707 2278 2847 2332 coelo
2896 2279 3133 2351 benigne
3181 2279 3346 2335 simul
3396 2296 3522 2337 cum

1919 2365 2122 2421 deitate
2168 2367 2431 2433 demisso,
2481 2368 2629 2424 haud
2680 2385 2813 2425 sane
2860 2386 3095 2441 corpore
3129 2372 3277 2428 illinc
3314 2372 3521 2441 delato,

1918 2459 2015 2513 sed
2047 2459 2115 2513 de
2148 2467 2292 2514 terra
2327 2469 2567 2531 sumpto,
2611 2476 2771 2532 aeque
2821 2476 2886 2516 ac
2933 2477 3035 2516 nos
3076 2463 3347 2533 passibili,
3374 2473 3428 2519 et
3466 2465 3522 2521 in

1919 2548 2124 2619 lignum
2167 2551 2404 2615 sublato,
2432 2552 2714 2623 divinique
2750 2553 3038 2624 sanguinis
3064 2554 3234 2625 guttis
3264 2556 3521 2613 tellurem

1919 2642 2294 2714 irrigantibus,
2325 2645 2555 2717 contigit
2588 2656 2650 2700 ut
2686 2645 2804 2699 haec
2834 2646 3121 2701 suavitatis
3161 2647 3386 2703 odorem
3421 2668 3522 2706 ex-

1918 2735 2310 2807 spiraret,quae
2332 2736 2593 2792 nimirum
2620 2737 3057 2794 sanctiﬁcatione
3086 2741 3259 2811 ipsius
3284 2743 3518 2814 pretiosi

1915 2829 2198 2901 sanguinis
2234 2840 2291 2885 et
2330 2846 2486 2901 aqua:
2521 2831 2920 2904 pinguescens,
2972 2833 3256 2890 rationalia
3306 2836 3516 2905 odora;

1915 2930 2101 2975 menta
2140 2921 2434 2993 variosque
2478 2921 2640 2979 ﬂores
2672 2939 2821 2979 unnc
2858 2925 3022 2979 etiam
3061 2926 3262 2997 ubique
3304 2930 3512 3000 germi-

1915 3029 2049 3069 nare
2074 3030 2183 3069 non
2214 3015 2434 3071 desinit.
2473 3016 2749 3072 Adoratur
2775 3016 2959 3088 itaque
2988 3018 3216 3091 lignum,
3240 3038 3341 3092 per
3362 3022 3514 3093 quod

1914 3106 2063 3161 salus
2093 3106 2338 3160 humano
2371 3106 2561 3179 generi
2598 3108 2799 3163 donata
2840 3107 2976 3175 fuit;
3020 3124 3119 3180 per
3146 3112 3292 3182 quod
3340 3114 3518 3168 malo.

1915 3212 2037 3251 rum
2072 3208 2267 3252 auctor
2301 3198 2475 3253 hostis
2505 3197 2658 3253 humi
2703 3198 2937 3256 alllictus
2978 3201 3176 3257 lethale
3208 3203 3515 3263 visceribus

199 3295 530 3366 δεδώρηται,
562 3295 631 3348 δι’
653 3289 714 3350 οὗ
742 3298 771 3349 ὁ
796 3295 1111 3367 ἀρχέκακος
1137 3296 1335 3369 ἐχθρὸς
1363 3298 1442 3361 είς
1466 3298 1571 3369 γῆν
1600 3301 1807 3372 καταρ-

1913 3290 2113 3345 vulnus
2143 3293 2377 3360 accepit.
2409 3289 2627 3346 Etenim
2654 3292 2810 3349 nullo
2842 3293 2897 3347 in
2925 3293 3031 3349 alio
3061 3295 3267 3352 Christi
3298 3299 3515 3355 crucia-

204 3388 404 3461 ραγεὶς
454 3388 681 3460 καιρίαν
734 3389 793 3443 ἐν
821 3390 1022 3461 καρδίᾳ
1070 3391 1167 3462 τὴν
1211 3389 1429 3463 πληγὴν
1468 3392 1799 3457 εἰσεδέξατο.

199 3480 299 3534 Ἐν
328 3479 507 3534 οὐδενὶ
534 3480 642 3553 γάρ
673 3480 846 3553 ἑτέρῳ
876 3482 1130 3553 συμϐόλῳ
1156 3482 1251 3536 τοῦ
1277 3482 1517 3555 Χριστοῦ
1544 3484 1807 3557 παθημά-

196 3589 314 3625 των
366 3572 575 3642 φοὸερά
621 3572 888 3643 τεράστια
933 3573 1164 3628 τοιαῦτα
1193 3574 1457 3643 γέγονεν,
1509 3572 1598 3631 οἷα
1634 3579 1692 3632 ὲν
1723 3577 1804 3649 τῷ

194 3665 371 3737 τιμίῳ
402 3666 497 3722 καὶ
525 3666 780 3737 ζωοποιῷ
810 3666 904 3720 τοῦ
934 3666 1145 3737 Κυρίου
1177 3667 1400 3739 σταυρῷ
1427 3683 1441 3698 ·
1491 3668 1680 3740 νεκροὶ
1707 3669 1800 3723 ἀν-

197 3759 485 3830 ιστάμενοι
516 3760 613 3813 καὶ
642 3760 749 3830 πρὸ
772 3761 871 3830 τῆς
902 3762 958 3813 ἐν
987 3761 1063 3831 τῷ
1088 3759 1189 3832 ᾅδῃ
1213 3762 1443 3815 καθόδου
1469 3761 1565 3816 τοῦ
1592 3763 1800 3834 Κυρίου

194 3852 299 3907 καὶ
332 3853 471 3906 Θεοῦ
501 3853 680 3926 ήμῶν,
708 3854 1116 3923 καταπέτασμα
1150 3854 1513 3926 ῥηγνύμενον,
1550 3857 1621 3927 γῆ
1660 3874 1801 3910 σειο·

193 3947 363 4017 μένη,
391 3944 543 4017 ἥλιος
573 3946 959 4016 σκοτιζόμενος
988 3946 1081 4001 καὶ
1130 3947 1295 4001 πάλιν
1335 3947 1796 4019 ἀναφλεγόμενος,

192 4037 275 4107 τῷ
306 4036 409 4107 μὲν
438 4037 537 4109 τὴν
565 4037 673 4091 τῶν
703 4036 972 4091 Ἰουδαίων
1003 4038 1218 4103 δεικνὺς
1241 4039 1626 4110 σκοτόμαιναν,
1646 4039 1723 4109 τῷ
1740 4039 1797 4092 δὲ

194 4130 298 4199 τῆς
346 4129 699 4193 ἀναστάσεως
746 4130 1067 4200 προδεικνὺς
1098 4130 1199 4200 τὴν
1234 4131 1589 4203 φαιδρότητα.
1627 4131 1796 4196 Τέλος

186 4221 220 4290 ἡ
285 4218 505 4272 πάντων
553 4221 612 4273 ἐν
657 4220 737 4291 τῷ
781 4220 884 4293 ᾄδῃ
934 4222 1323 4291 κατεχομένων
1358 4222 1547 4293 ψυχῶν
1587 4223 1792 4277 ἀπολύ-

182 4325 396 4382 τρωσις
451 4312 521 4381 τῇ
570 4310 866 4382 ἐπιφανείᾳ
917 4310 1012 4365 τοῦ
1060 4312 1266 4383 Κυρίου
1317 4312 1414 4367 καὶ
1459 4312 1596 4367 Θεοῦ
1635 4313 1793 4385 ἡμῶν

186 4399 334 4473 πρὸς
362 4401 563 4466 αὐτοὺς
595 4403 863 4474 γενομένη
887 4420 900 4434 ·
956 4404 1053 4459 καὶ
1084 4405 1117 4473 ἡ
1144 4403 1236 4457 τοῦ
1265 4404 1391 4477 ᾅδου
1423 4405 1721 4470 κατάλυσις
1738 4407 1786 4471 δ,

182 4494 286 4549 τοῦ
323 4495 526 4565 μηκέτι
559 4496 811 4566 κατέχειν
855 4497 954 4561 τὰς
986 4497 1098 4550 τῶν
1128 4498 1187 4549 ἐν
1218 4498 1411 4569 Κυρίῳ
1444 4500 1787 4571 κεκοιμημέ-

182 4601 297 4641 νων
328 4582 531 4655 ψυχάς.
580 4584 767 4639 Ταῦτα
798 4587 977 4641 πάντα
1018 4588 1052 4658 ή
1085 4586 1180 4640 τοῦ
1209 4587 1355 4641 θείου
1383 4589 1619 4659 σταυροῦ
1651 4590 1787 4657 ἀήτ-

1913 3390 2069 3436 tuum
2102 3382 2351 3454 symbolo
2385 3383 2503 3437 haec
2536 3385 2823 3440 tremenda
2863 3386 3107 3459 prodigia
3134 3398 3347 3458 patrata
3392 3390 3520 3445 iue-

1910 3485 2061 3539 runt,
2105 3475 2413 3546 cuiusmodi
2462 3478 2519 3529 in
2565 3478 2878 3533 veneranda
2929 3486 2984 3533 et
3031 3479 3243 3535 viviﬁca
3297 3481 3513 3537 Domini

1907 3583 2073 3624 cruce
2107 3587 2121 3624 :
2159 3570 2362 3623 mortui
2392 3569 2657 3624 nimirum
2692 3571 2941 3626 suscitati
2980 3580 3108 3627 ante
3148 3573 3313 3627 etiam
3344 3589 3511 3643 quam

1906 3662 1971 3717 ad
2021 3661 2228 3717 inferos
2273 3661 2537 3717 Dominus
2588 3678 2653 3718 ac
2701 3664 2846 3719 Deus
2894 3673 3083 3719 noster
3125 3665 3512 3733 descenderet,

1905 3755 2086 3810 velum
2117 3755 2433 3818 discissum,
2474 3765 2617 3810 terra
2645 3766 2940 3823 commota,
2972 3758 3053 3813 sol
3090 3758 3417 3813 obscuratus
3455 3768 3513 3815 et

1904 3864 2102 3903 rursus
2168 3848 2542 3914 illuminatus;
2602 3858 2663 3902 ut
2720 3850 2905 3919 priore
2968 3860 3113 3905 statu
3177 3852 3511 3922 signiﬁcaret

1900 3939 2217 3994 Judzeorum
2275 3939 2552 4003 tenebras,
2600 3938 2774 3993 altero
2836 3949 3020 3994 autem
3089 3942 3509 3997 resurrectionis

1900 4031 2147 4086 laetitiam
2193 4030 2568 4100 portenderet.
2619 4028 2909 4085 Postremo
2948 4033 3193 4086 omnimn
3226 4034 3372 4102 apud
3418 4033 3507 4086 in-

1901 4122 2050 4178 feros
2103 4123 2452 4177 detentarnm
2509 4122 2820 4176 animarum
2876 4122 3097 4178 Christo
3151 4124 3387 4178 Domino
3439 4141 3505 4182 ac

1898 4218 2013 4273 Deo
2039 4227 2229 4273 nostro
2255 4218 2363 4273 illic
2387 4226 2687 4288 apparente
2732 4220 3057 4288 redemptio,
3088 4228 3143 4273 et
3176 4218 3349 4289 ipsius
3380 4218 3499 4274 orci

1896 4312 2199 4376 destitutio,
2247 4311 2545 4382 quominus
2586 4312 2792 4366 diutius
2842 4312 3079 4374 illorum,
3132 4313 3222 4382 qui
3275 4312 3328 4365 in
3387 4311 3496 4367 Do-

1895 4406 2049 4457 mino
2098 4403 2471 4467 dormieraut,
2530 4403 2745 4458 animas
2795 4404 3080 4458 retineret.
3144 4402 3267 4458 llmc
3312 4403 3497 4458 omnia

1894 4494 2096 4549 divinae
2135 4495 2316 4550 crucis
2347 4495 2547 4548 invicta
2581 4495 2665 4549 vis
2696 4494 2977 4549 tremenda
3010 4496 3193 4550 eﬂ‘ecit
3222 4493 3493 4566 prodigia,

1895 4587 2098 4642 virtute
2149 4587 2359 4643 scilicet
2406 4586 2604 4642 conﬁxi
2657 4586 2713 4640 in
2762 4602 2824 4641 ea
2874 4586 3081 4642 Christi
3128 4587 3224 4642 Dei
3290 4586 3493 4643 nostri.

182 4694 351 4747 τητος
400 4675 633 4747 δύναμις
681 4677 749 4730 τά
796 4677 1006 4750 φοϐερά
1047 4679 1346 4751 εἰργάσατο
1380 4680 1680 4751 τεράστια.
1719 4684 1783 4752 τῇ

1913 4679 2184 4735 Pudeﬁaut
2213 4679 2377 4750 igitur
2404 4687 2459 4734 et
2503 4679 2557 4733 in
2593 4677 2776 4751 fugam
2811 4687 3096 4735 vertantur
3139 4696 3203 4735 ac
3242 4691 3493 4751 pereant,

181 4767 415 4838 δυνάμει
444 4768 537 4822 τοῦ
564 4770 623 4822 ὲν
650 4768 803 4839 αὐτῷ
832 4773 1245 4841 προσπαγέντος
1270 4772 1509 4844 Χριστοῦ
1532 4772 1626 4825 τοῦ
1647 4773 1784 4827 Θεοῦ

183 4859 369 4930 ήμῶν.
425 4859 894 4931 Αίσχυνθήτωσαν
938 4858 1033 4915 οὖν
1080 4862 1176 4915 καὶ
1219 4862 1649 4933 ὲντραπήτωσαν
1689 4864 1785 4918 καὶ

182 4949 579 5005 ἀπολέσθωσαν
631 4953 680 5005 οἱ
731 4953 832 5024 τὴν
878 4952 1038 5018 δόξαν
1068 4953 1234 5007 αὐτοῦ
1276 4954 1657 5027 διαρνούμενοι
1689 4957 1785 5011 καὶ

186 5042 265 5114 μὴ
292 5046 729 5115 προσκυνοῦντες
754 5048 918 5104 αὐτὸν
942 5050 1254 5123 ἀδιστάκτῳ
1281 5050 1463 5106 πίστει
1481 5064 1502 5092 ο
1529 5050 1604 5115 ὡς
1632 5050 1779 5125 [cat].

236 5223 280 5255 ¹¹
318 5227 435 5288 Isa.
472 5240 549 5291 XI,
584 5226 638 5282 9.

1894 4773 1986 4842 qui
2027 4772 2208 4827 crucis
2233 4772 2460 4841 gloriam
2487 4780 2713 4842 negant,
2757 4787 2936 4841 neque
2973 4788 3094 4828 eam
3126 4772 3351 4828 indubia
3385 4773 3493 4829 ﬁde

1888 4881 1989 4922 ceu
2014 4865 2279 4921 divinitus
2311 4865 2500 4920 datum
2538 4864 2915 4934 invictumque
2943 4874 3207 4935 tropmum
3238 4864 3489 4919 adorant.

1887 4957 2031 5029 Ergo
2063 4959 2281 5013 invidus
2310 4968 2474 5028 atque
2501 4956 2777 5028 pessimus
2807 4965 2863 5011 et
2889 4944 3039 5012 boni
3060 4974 3188 5013 osm
3218 4956 3487 5022 diabolus,

1885 5052 2067 5124 capite
2096 5052 2232 5108 eliso
2265 5060 2321 5107 et
2360 5051 2525 5107 corde
2571 5065 2603 5105 a
2647 5049 2827 5106 crucis
2869 5052 3025 5107 hasta
3058 5049 3340 5115 transﬁxo,
3372 5048 3484 5121 jam

1482 5373 1702 5432 IARIIE
1761 5372 2170 5432 LECTIONES.

257 5506 283 5533 υ
314 5492 382 5547 R.
412 5492 767 5556 κατάλλυσις.
845 5503 868 5531 ι
899 5491 965 5547 R.
1007 5492 1207 5547 δίστει.

1685 5600 1918 5659 NOTAE.

245 5754 290 5825 (1
313 5753 358 5824 1)
396 5751 453 5808 ln
488 5761 640 5808 textu
670 5751 860 5825 Graeco
886 5750 1083 5807 Raderi
1117 5750 1335 5825 additur
1362 5746 1764 5825 πνευματικῆς,

169 5818 676 5901 ιιιιοιιςνυοοιξιιιυιῐι
722 5824 779 5879 in
822 5824 1273 5901 interpretatione
1314 5818 1765 5901 latinapejusdem

168 5891 462 5953 omittitur.
508 5896 648 5968 Ergo
687 5891 1297 5967 exemplar—typotheta:
1346 5891 1764 5964 lngolstadicnsi

1877 5746 2138 5803 traditum
2187 5747 2405 5803 videtur
2445 5746 2723 5802 interdum
2770 5746 2938 5801 fuisse
2973 5744 3249 5799 diversum
3281 5740 3349 5798 ab
3380 5741 3473 5797 illo

1874 5819 2019 5888 quod
2073 5820 2321 5874 ltaderus
2368 5819 2621 5873 Latinum
2667 5819 2916 5872 faciebat.
2968 5818 3023 5872 In
3076 5816 3266 5871 codice
3318 5824 3471 5869 certe

1875 5891 2129 5948 vaticano
2157 5892 2311 5947 deest
2343 5905 2463 5946 voc.
2502 5888 2902 5961 πνευματικῆς.
