4142 6426
680 400 784 469 Ξ51

2011 393 2250 455 PETRI
2290 393 2547 458 SICULI

3807 403 3929 470 125?.

634 532 750 572 non
785 515 884 586 ιι
931 521 1147 586 poterat
1198 522 1312 569 tam
1358 520 1571 583 aperte,
1603 516 1666 565 ut
1716 506 1952 571 solebat,
1986 507 2232 578 jucunda

2362 514 2378 565 ‘.
2415 509 2487 564 85
2523 507 2580 583 b]
2631 509 2969 584 θεοδώρητον
3012 514 3106 569 καὶ
3161 516 3594 590 ἀκαταμάχητον
3642 518 3928 589 τρόπαιον·

637 610 827 663 animo
877 623 978 663 suo
1026 606 1235 663 scelera
1281 614 1644 675 perpetrare:
1677 602 1891 657 occulte
1931 609 2112 656 tamen
2155 599 2240 654 in-

636 699 879 755 felicium
928 697 1321 752 nonnullornm
1364 695 1576 750 animas
1623 694 1780 749 furiis
1810 692 2046 765 agitans.
2084 707 2241 747 men-

639 799 833 861 tesque
869 791 1102 844 illudens
1145 787 1383 857 decepit,
1432 803 1527 857 per
1556 786 1815 859 falsorum
1863 784 2242 855 magistrorum

637 884 980 955 hypocrisim,
1026 882 1383 936 canteriatam
1430 880 1803 935 conscientia»:
1835 878 2140 931 habentium
2172 877 2241 943 ¹¹,

637 980 864 1049 dignum
901 979 1019 1033 illos
1064 976 1310 1033 fomitem
1358 972 1822 1046 iuexstinguibilis
1865 971 2009 1045 ignis
2053 986 2240 1027 secum

637 1074 868 1128 faciens.

636 1173 958 1241 ὑποκρίσει
1006 1168 1404 1240 ψευδολόγων
1441 1164 2101 1235 κεκαυτηριασμένωνο
2130 1164 2243 1234 τὴν

636 1264 815 1335 ἑαυτῴ
845 1261 1272 1331 ὑπεκκαύματα.

709 1379 846 1437 Vlll.
885 1379 991 1436 Sed
1013 1380 1193 1435 bonus
1230 1379 1611 1450 Optimusque,
1644 1376 1755 1431 imo
1786 1390 2103 1446 supremum
2138 1374 2243 1429 bo-

636 1490 797 1538 num,
835 1475 976 1543 Deus
1023 1489 1051 1527 a
1099 1482 1367 1527 consueto
1407 1470 1507 1527 suo
1540 1486 1695 1525 more
1741 1485 1850 1523 non
1897 1468 2065 1524 desiit
2102 1469 2244 1523 bene

638 1563 877 1620 faciendi
909 1562 1120 1617 homini
1157 1562 1416 1633 pretiosae
1448 1569 1719 1616 creatura:
1746 1574 1861 1614 suae
1889 1576 1903 1613 :
1937 1558 2031 1613 sed
2062 1558 2248 1629 posuit

637 1655 700 1709 in
740 1652 984 1709 Ecclesia
1029 1652 1267 1723 primum
1304 1652 1606 1723 apostolos,
1649 1648 1741 1720 qui
1777 1647 1998 1704 fuerant
2030 1654 2249 1718 specta-

640 1755 794 1803 tores
836 1746 958 1816 ejus
999 1755 1165 1816 atque
1206 1744 1465 1810 ministri,
1496 1754 1555 1798 ut
1585 1743 1757 1813 ipsius
1789 1741 2131 1807 corporalem
2160 1740 2246 1794 in-

642 1837 814 1893 finitaa
860 1838 1128 1908 potentiae
1188 1835 1712 1891 eondescensionem
1762 1834 1980 1905 publice
2029 1832 2248 1887 denun-

2346 604 2374 656 ὁ
2397 604 2530 670 γοῦν
2563 600 2837 673 βάσκανος
2866 604 2967 659 καὶ
2992 610 3357 681 παμπόνηρος
3386 611 3482 663 καὶ
3510 609 3811 680 μισόκαλος
3833 611 3930 666 διά-

2349 692 2503 757 ϐολος
2534 694 2634 766 τὴν
2662 696 2909 769 κεφαλὴν
2942 699 3299 765 συνθλασθεὶς
3340 702 3433 756 καὶ
3476 701 3576 772 τὴν
3608 702 3840 773 καρδίαν
3866 704 3934 773 τῷ

2350 787 2631 859 σταυρικῷ
2659 788 2847 861 δόρατι
2875 789 3166 864 διαπαρεὶς
3188 836 3203 861 ,
3239 794 3338 865 ούχ
3368 789 3479 858 οἷός
3505 812 3562 848 τε
3596 790 3670 867 ἦν
3699 795 3933 867 φανερῶς

2348 879 2525 944 οὕτως
2576 882 2644 935 τὰ
2691 882 2873 953 ἑαυτῷ
2921 884 3237 955 καταθύμια
3283 886 3359 949 ὡς
3396 884 3576 940 εἰώθει
3613 885 3929 955 ἐργάζεσθαι

2352 972 2735 1044 βδελύγματαο
2772 976 2951 1048 λάθρα
2986 976 3041 1030 δέ
3077 995 3242 1032 τινων
3274 978 3476 1061 ἀθλίων
3508 976 3611 1044 τὰς
3644 977 3823 1049 ψυχὰς
3853 979 3933 1031 ὲκο

2351 1066 2668 1137 ϐακχεύσας
2717 1068 2813 1121 καὶ
2856 1069 2951 1123 τὸν
2982 1067 3109 1123 νοῦν
3148 1070 3450 1139 φενακίσας
3502 1068 3843 1143 ὴπάτησενά
3876 1068 3936 1121 ἐν

2282 1166 2516 1221 οἰκείαν
2591 1166 2990 1235 συνείδησιν,
3039 1166 3166 1233 ἄξια
3194 1166 3289 1235 τοῦ
3351 1166 3622 1223 άσῦέστου
3650 1164 3826 1237 πυρὸς
3854 1164 3935 1220 σὺν

2422 1369 2505 1427 Η’.
2557 1371 2700 1427 Ἀλλ’
2752 1372 2855 1427 ούκ
2900 1372 3151 1427 ἐνέλιπεν
3193 1374 3221 1427 ό
3260 1372 3463 1441 ἀγαθὸς
3503 1374 3602 1428 καὶ
3634 1330 3935 1445 πανάγαθος

2349 1468 2445 1521 καὶ
2473 1466 2823 1538 ύπεράγαθος
2846 1466 3052 1537 Κύριος
3076 1466 3326 1539 συνήθως
3347 1468 3665 1539 εὐεργετεῖν
3682 1470 3743 1522 τὸ
3763 1470 3938 1524 έαυτού

2347 1559 2532 1631 τίμιον
2563 1558 2790 1631 πλάσμα
2817 1559 2910 1612 τὸν
2936 1557 3226 1629 ἄνθρωπον
3248 1556 3293 1597 ί·
3330 1558 3445 1613 ἀλλ’
3474 1558 3632 1613 ἔθετο
3658 1562 3717 1613 ἐν
3740 1563 3807 1632 τῇ
3832 1562 3941 1615 'Ex-

2351 1650 2557 1723 κλησίᾳ
2588 1651 2806 1723 πρῶτον
2836 1650 3197 1717 ἀποστόλους,
3227 1649 3304 1715 ὡς
3328 1651 3609 1717 αὐτόπτας
3637 1654 3737 1707 καὶ
3756 1654 3942 1724 ύπηρέ‹

2353 1759 2455 1807 τας
2503 1741 2603 1813 τὴν
2638 1740 2805 1795 αὑτοῦ
2840 1742 3280 1814 ἀπειροδύναμον
3316 1743 3647 1815 σωματικὴν
3682 1746 3940 1814 συγκατά-

2357 1836 2519 1889 6αοιν
2550 1835 2826 1908 άριδήλως
2855 1836 3275 1905 διαγγέλλοντας
3296 1878 3311 1903 ,
3365 1838 3462 1891 καὶ
3493 1838 3591 1901 τὰς
3624 1837 3941 1909 θεοσημείας

644 1930 883 1993 tiarcnt,
937 1937 993 1983 et
1043 1927 1228 1984 divina
1281 1927 1502 1983 oracula
1559 1926 1849 1982 verissime
1901 1932 2248 1990 enarrarent,

2362 1928 2685 1998 παναληθῶς
2718 1930 3097 2000 ὲκφράςοντας
3124 1945 3138 1961 ο
3180 1930 3319 2000 μήτε
3351 1932 3464 1995 τοῖς
3489 1933 3832 2001 σωματικοῖς
3862 1930 3941 1984 τοῦ

646 2037 833 2092 neque
871 2021 1216 2091 corporalem
1250 2020 1455 2075 Christi
1491 2020 1801 2091 passionem
1836 2018 2248 2084 erubescentes,

646 2128 832 2183 neque
883 2112 1147 2183 prodigiis
1207 2111 1459 2166 fraudem
1520 2110 1686 2165 ullam
1750 2109 2089 2173 tribuentes,
2155 2106 2253 2163 sed

648 2211 855 2281 ubique
887 2208 1136 2264 veritatis
1174 2223 1363 2263 curam
1401 2214 1679 2278 gerentes,
1713 2212 1769 2259 et
1804 2203 1899 2258 Dei
1948 2202 2110 2257 Verbi
2169 2201 2255 2255 in-

647 2301 1031 2358 carnationem
1080 2300 1351 2355 veraciter
1396 2298 1780 2370 praedicantes.
1832 2295 2089 2351 Secundo
2136 2295 2256 2348 loco

649 2396 973 2466 prophetas,
1022 2394 1114 2464 qui
1176 2393 1421 2447 occultas
1474 2390 1920 2460 iusanabilesque
1971 2389 2257 2460 passiones

648 2489 839 2544 divino
869 2497 1035 2559 atque
1066 2486 1279 2558 potenti
1312 2485 1489 2541 sancti
1514 2484 1756 2557 Spiritus
1792 2484 1970 2556 gladio
1999 2482 2261 2538 radicitus

651 2590 1030 2654 amputarent,
1067 2590 1123 2636 et
1157 2583 1333 2635 bonos
1363 2590 1525 2649 atque
1555 2579 1802 2651 vigentes
1833 2578 2095 2633 virtutum
2139 2592 2261 2631 sur-

652 2676 811 2731 culos
842 2676 1174 2731 insererent.
1201 2673 1391 2730 Tcrtio
1418 2674 1539 2729 loco
1564 2672 1820 2729 doctores
1845 2672 2090 2742 utrisque
2120 2685 2263 2741 pra:-

651 2769 820 2825 tlictis
868 2769 1185 2831 auxiliares,
1218 2783 1451 2839 qumque
1500 2768 1569 2822 ab
1616 2766 1724 2821 illis
1766 2773 1823 2821 et
1862 2776 1983 2820 acta
2026 2771 2082 2819 et
2118 2762 2261 2817 dicta

652 2866 876 2920 fuerant
892 2862 1193 2933 perfectius
1210 2862 1572 2933 explicantes.
1595 2859 1801 2915 llurum
1822 2858 2021 2914 divinis
2044 2856 2266 2927 dogma-

656 2956 808 3010 tibus
856 2964 1056 3009 cuncta
1114 2952 1554 3008 Christianorum
1612 2949 1852 3005 Ecclesia
1901 2958 1961 3003 ut
2008 2947 2135 3001 olim
2186 2945 2267 3001 sic

656 3065 809 3105 nunc
840 3047 1115 3109 firmatur,
1157 3047 1425 3102 adversus
1455 3061 1618 3116 quam
1653 3052 1839 3115 portas
1864 3041 2046 3107 inferi,
2066 3040 2267 3095 exitio-

659 3156 753 3196 sas
783 3140 995 3195 scilicet
1027 3140 1288 3205 haereses,
1316 3154 1599 3209 nunquam
1627 3136 1977 3206 praevaluisse
2006 3140 2099 3187 aut
2127 3147 2267 3202 prte-

2354 2020 2595 2092 Χριστοῦ
2624 2022 3127 2092 ἐπαισχυνομένους
3154 2022 3497 2094 παθήμασιν,
3524 2024 3671 2093 μήτε
3697 2024 3809 2085 τοῖς
3830 2023 3944 2077 θαύο

2360 2132 2493 2187 μασι
2544 2114 2741 2185 ψεῦδος
2791 2114 3274 2185 ἐπιφημίζοντας,
3336 2116 3473 2169 ἀλλὰ
3521 2116 3810 2188 πανταχοῦ
3858 2115 3943 2186 τῆς

2357 2206 2617 2279 ἀληθείας
2649 2205 3062 2278 φροντίζοντας,
3097 2207 3193 2261 καὶ
3223 2206 3323 2279 τὴν
3352 2207 3625 2281 ἔνσαρκον
3650 2209 3944 2280 οἰκονομίαν

2358 2300 2453 2353 τοῦ
2508 2298 2645 2353 Θεοῦ
2697 2299 2874 2369 Λόγου
2942 2299 3193 2370 ἁψευδῶς
3240 2301 3639 2373 κηρύττοντας.
3703 2301 3943 2374 Δεύτερον

2360 2393 2652 2464 προφήτας
2700 2392 2770 2445 τά
2816 2391 3183 2463 κεκρυμμένα
3230 2392 3327 2445 καὶ
3360 2392 3555 2448 ἀνίατα
3586 2394 3742 2465 πάθη
3775 2398 3839 2466 τῇ
3866 2394 3942 2448 τοῦ

2362 2484 2519 2554 ἁγίου
2562 2484 2885 2555 Πνεύματος
2933 2484 3055 2555 θεία
3079 2492 3106 2533 ι
3152 2483 3251 2555 τῆς
3287 2484 3537 2549 ἱξουσίας
3570 2487 3822 2559 μαχαίρᾳ
3853 2486 3943 2557 πρὸ

2366 2578 2537 2651 ῥιζῶν
2567 2578 3019 2642 ἀναστέλλοντας·
3056 2577 3155 2631 καὶ
3185 2578 3255 2630 τὰ
3284 2578 3501 2649 χρηστὰ
3528 2579 3669 2632 καὶιι
3701 2579 3943 2649 τεθηλότα

2363 2671 2470 2723 τῶν
2500 2670 2716 2741 ἀρετῶν
2763 2668 3209 2739 φυτουργοῦντας
3241 2669 3624 2742 βλαστήματα.
3662 2670 3853 2743 Τρίτον
3878 2672 3943 2725 δι-

2364 2764 2669 2827 δασκάλους
2692 2804 2708 2829 ,
2763 2763 2968 2834 ἀμφοῖν
3014 2764 3130 2817 τοῖν
3169 2763 3315 2817 δυοῖν
3346 2760 3494 2836 [cod.
3534 2762 3575 2817 f.
3611 2763 3707 2835 86]
3734 2781 3940 2836 συνηγο-

2369 2854 2598 2928 ροῦντας
2620 2898 2635 2921 ,
2672 2856 2770 2911 καὶ
2802 2857 2871 2910 τὰ
2900 2856 3035 2926 παρ’
3066 2856 3253 2919 αὐτοῖς
3282 2854 3601 2928 πραχθέντα
3629 2856 3726 2909 καὶ
3752 2856 3942 2927 λεχθέν-

2366 2969 2435 3004 τα
2460 2993 2474 3017 ,
2512 2950 2848 3023 τελεώτερον
2885 2949 3288 3021 σαφηνίζοντας
3313 2967 3326 2981 ’
3381 2950 3594 3003 τούτων
3646 2953 3759 3014 τοῖς
3803 2950 3942 3013 θείοις

2368 3047 2604 3116 δόγμασι
2660 3048 2813 3100 πᾶσα
2861 3044 2972 3099 τῶν
3018 3044 3370 3118 Χριστιανῶν
3404 3047 3749 3118 Ἐκκλησία,
3799 3046 3941 3100 πάλαι

2372 3141 2466 3194 καὶ
2515 3140 2610 3193 νῦν
2659 3139 3027 3211 κρατύνεται,
3068 3134 3136 3211 ἦς
3170 3138 3339 3193 πύλαι
3378 3138 3506 3211 ᾅδου
3540 3141 3601 3193 αἱ
3647 3137 3941 3212 φθοροποιαὶ

661 3233 954 3296 valituras,
991 3233 1162 3302 probe
1208 3232 1430 3295 scimus,
1464 3231 1619 3300 juxta
1666 3229 1885 3283 effatum
1920 3226 2169 3281 divinum
2199 3224 2260 3276 ¹⁸.

2373 3233 2617 3303 αἱρέσεις
2650 3233 2992 3303 κατίσχυσαν
3019 3233 3276 3286 οὐδέποτε
3306 3274 3320 3299 ,
3372 3232 3495 3287 οὐδὲ
3545 3233 3938 3304 κατισχύσουσιν

669 3327 1146 3397 Ινεδρυηιιιινρτιιηῐ
1188 3334 1370 3379 autem
1416 3322 1613 3377 fluetus
1657 3321 1927 3376 lueretieae
1963 3317 2266 3388 loquacita-

665 3422 762 3485 tis,
795 3428 850 3474 ct
893 3418 1122 3473 omnino
1168 3418 1383 3488 depulsi
1429 3426 1579 3471 sunt.
1618 3415 1833 3485 Quippe
1880 3428 1979 3483 per
2023 3420 2272 3482 tempora

667 3513 903 3585 singulis
954 3511 1294 3568 orthodoxiaa
1344 3507 1848 3580 propugnatoribus
1892 3504 2089 3575 singuli
2141 3516 2275 3557 (on-

671 3605 849 3679 gressi
906 3610 1038 3659 sunt
1122 3602 1539 3666 haeresiarchm;
1625 3601 1719 3655 scd
1775 3598 2025 3653 veritatis
2079 3592 2275 3649 lumini

671 3697 1060 3755 haereticorum
1100 3695 1340 3749 tenebrae
1374 3701 1683 3758 cesserunt,
1720 3700 1885 3760 atque
1932 3689 2001 3742 ita
2037 3686 2134 3741 Dei
2170 3687 2276 3741 Ec-

673 3791 859 3848 clesia:
898 3790 1242 3845 inconcussa:
1289 3796 1632 3841 manserunt.
1668 3788 1735 3837 At
1760 3780 2055 3837 miserrimi
2098 3777 2280 3833 haere-

676 3884 793 3951 tici,
826 3882 1041 3939 etiamsi
1073 3880 1351 3951 aliquanto
1386 3888 1634 3948 tempore.
1666 3871 2121 3930 abominabilium
2151 3883 2280 3925 sua-

678 3992 806 4035 rum
861 3975 1185 4047 opinionum
1231 3971 1490 4027 malitiam
1537 3969 1985 4038 parturiverunt,
2035 3972 2281 4017 attamen

680 4071 838 4129 haud
866 4070 1040 4126 multo
1069 4076 1191 4140 post
1212 4066 1472 4137 nequitia:
1504 4065 1749 4137 ipsorum
1781 4060 1989 4121 falsitas
2018 4057 2281 4127 dissipata

680 4166 821 4233 fuit;
866 4164 968 4234 12
1015 4177 1189 4234 eaque
1232 4176 1291 4217 re
1332 4161 1592 4217 omnibus
1623 4157 1894 4229 patefacta
1926 4162 1982 4209 et
2018 4150 2285 4207 extermi-

682 4268 849 4325 nata,
913 4256 1175 4311 Ecclesize
1232 4254 1325 4309 Dei
1386 4253 1818 4324 splenduerunt,
1872 4248 2192 4317 eaedemque
2225 4252 2283 4299 et

684 4364 834 4406 nunc
862 4357 917 4404 et
952 4346 1007 4401 in
1040 4356 1368 4418 perpetuum
1400 4341 1790 4416 splendebunt.

754 4536 851 4592 1X.
897 4534 1213 4591 Tenebrosa
1249 4531 1492 4599 interim,
1529 4545 1773 4596 comosa,
1807 4527 2146 4592 turbulenta,
2181 4523 2288 4581 im-

2373 3320 2432 3378 εὗ
2483 3324 2643 3395 ίσμεν
2667 3363 2681 3387 ,
2737 3324 2880 3377 κατὰ
2913 3325 3015 3393 τὴν
3050 3322 3201 3376 θείαν
3235 3324 3509 3393 ἀπόφασιν
3532 3341 3545 3355 ·
3591 3327 3674 3389 εἰς
3715 3324 3873 3395 ἀφρὸν
3896 3322 3939 3374 δὲ

2374 3418 2443 3470 τὰ
2478 3418 2702 3483 κύματα
2724 3420 2825 3488 τῆς
2858 3416 2967 3470 τῶν
3000 3418 3294 3489 αἱρετικῶν
3321 3419 3712 3488 γλωσσαλγίας
3744 3421 3939 3473 πάντοτε

2376 3510 2715 3563 διαλέλυνται
2745 3526 2759 3540 ’
2812 3511 2957 3564 κατὰ
3007 3510 3202 3580 καιρὸν
3247 3509 3499 3575 ἑκάστοις
3533 3515 3638 3583 τῆς
3666 3509 3939 3582 ὀρθοδοξίας

2382 3604 2691 3675 προμάχοις
2713 3643 2728 3667 ,
2769 3604 2996 3657 ἕκαστοι
3031 3604 3447 3674 συμπλακέντες
3475 3606 3838 3677 αἱρεσιάρχαι,
3866 3600 3939 3654 καὶ

2380 3697 2479 3767 τῆς
2504 3696 2765 3767 ἀληθείας
2813 3695 2892 3767 τῷ
2925 3698 3065 3764 ctu-ci.
3097 3697 3191 3750 τοῦ
3218 3696 3384 3768 ζόφου
3412 3698 3522 3751 τῶν
3546 3699 3809 3770 αἱρέσεων
3831 3696 3938 3747 into.

2379 3792 2733 3861 χωρήσαντος
2752 3832 2767 3856 ,
2803 3792 2861 3844 αἱ
2889 3790 2984 3844 τοῦ
3012 3790 3148 3845 Θεοῦ
3184 3791 3504 3864 Ἐκκλησίαι
3534 3792 3809 3863 διέμειναν
3830 3787 3939 3843 ἀσά-

2384 3884 2565 3937 λευτοι
2593 3899 2607 3913 ’
2646 3882 2771 3936 ἀλλ’
2807 3884 2857 3937 οἱ
2888 3884 2987 3954 μὲν
3014 3884 3306 3939 πανάθλιοι
3334 3888 3605 3956 αἱρετικοὶ
3641 3887 3689 3939 εἰ
3720 3885 3805 3939 καὶ
3832 3882 3939 3950 πρὲς

2384 3975 2566 4045 ὀλίγον
2618 3974 2727 4028 τῶν
2781 3976 3042 4047 μυσαρῶν
3091 3977 3270 4030 αὐτῶν
3316 3976 3567 4031 διανοιῶν
3634 3977 3735 4040 τὰς
3777 3972 3941 4029 κακίας

2384 4067 2574 4122 ῶδινον
2597 4110 2611 4134 ,
2674 4068 2821 4139 ὅμως
2868 4069 2987 4140 μετ’
3022 4070 3083 4123 ού
3121 4070 3255 4123 πολὺ
3296 4071 3396 4139 τῆς
3427 4068 3609 4123 αὐτῶν
3647 4072 3943 4136 κακουργίας

2385 4162 2447 4215 τὸ
2493 4160 2691 4231 ψεῦδος
2741 4163 3116 4234 διερῤήσσετο.
3146 4162 3258 4217 Καὶ
3291 4163 3490 4217 ’τούτου
3536 4166 3653 4226 τοῖς
3698 4164 3823 4215 πᾶσι
3853 4157 3943 4210 δια-

2387 4253 2727 4322 γνωσθέντος
2754 4256 2850 4308 καὶ
2875 4256 2939 4308 ὲκ
2966 4256 3144 4308 ποδῶν
3172 4255 3487 4326 γινομένου,
3513 4256 3568 4308 αἱ
3595 4254 3689 4309 τοῦ
3712 4250 3943 4307 6305137.-

2388 4344 2612 4417 κλησίαι
2639 4343 3071 4417 κατηυγάζοντο·
3105 4345 3243 4399 ἀλλὰ
3272 4346 3370 4400 καὶ¹
3393 4346 3487 4400 νῦν
3513 4346 3610 4401 καὶ
3639 4347 3716 4409 εἰς
3739 4343 3822 4397 τὸν
3839 4337 3943 4393 αἰῶ-

2390 4455 2478 4501 να,
2517 4439 3093 4511 καταυγασθήσονται.

2398 4555 2404 4573 ι
2463 4528 2541 4583 6'.
2595 4530 2659 4584 Ἦ
2708 4530 2763 4583 δὲ
2810 4531 3177 4602 ὲσκοτισμένη
3226 4530 3323 4587 καὶ
3358 4530 3705 4603 βορϐορώδης
3733 4528 3819 4584 καὶ
3844 4538 3946 4577 στα·

688 4626 1050 4685 mundissirna
1099 4624 1527 4679 Manichaeorum
1569 4621 1801 4679 haeresis
1838 4636 1869 4675 a
1910 4621 2125 4675 cunctis
2158 4634 2259 4691 gen

2362 4623 2600 4694 iottb'o‘rj;
2651 4624 2751 4676 καὶ
2800 4624 3123 4695 παμμίαρος
3171 4625 3268 4678 καὶ
3310 4624 3674 4696 αἰσχρουργὸς
3719 4621 3819 4674 τῶν
3852 4617 3947 4671 MI-

692 4722 840 4776 tibus
872 4720 1167 4790 exagitata,
1204 4727 1425 4788 propter
1454 4717 1796 4787 desperatam
1833 4713 1954 4784 ejus
1994 4714 2260 4769 medelam

2398 4714 2624 4787 νιχαίων
2655 4715 2868 4787 αἵρεσις
2901 4716 3006 4769 ὑπὸ
3039 4717 3255 4770 πάντων
3283 4716 3453 4770 ἐθνῶν
3482 4716 3779 4786 διωκομένη
3806 4710 3880 4764 διὰ
3900 4705 3946 4757 τὸ

692 4822 749 4868 et
807 4810 1106 4880 cujuslibet
1159 4809 1525 4879 improbitatis
1575 4808 1839 4871 cinnum,
1899 4806 2009 4859 alto
2073 4804 2255 4859 silenti

2392 4810 2615 4863 ἀνίατον
2668 4810 2838 4881 αὐτὴν
2881 4810 3153 4882 ὑπάρχειν
3194 4814 3292 4865 καὶ
3330 4811 3511 4881 πάσης
3540 4807 3816 4881 βδελυρίας
3843 4799 3942 4857 ἀνά·

692 4904 1093 4962 observabatur
1131 4904 1326 4957 arsuis
1377 4912 1431 4957 et
1487 4902 1790 4957 colebatur.
1841 4899 1957 4955 lloc
1999 4899 2145 4954 enim
2189 4898 2260 4953 illi

2395 4921 2595 4975 μεστον
2648 4904 2742 4958 καὶ
2793 4907 2919 4975 σιγῇ
2956 4904 3149 4978 βαθείᾳ
3199 4907 3328 4978 παρ’
3362 4905 3541 4958 αὐτῶν
3578 4902 3845 4974 τιμωμένη
3873 4890 3946 4946 καὶ

694 4998 969 5069 praecipue
1018 4996 1173 5052 cordi
1224 5004 1330 5057 est,
1373 5005 1434 5049 ut
1474 4994 1730 5066 mysteria
1786 5009 1883 5048 sua
1932 4991 2258 5061 hmresimqu

2396 4995 2689 5067 σεὸομένη.
2767 4995 2941 5051 Τοῦτο
2987 4996 3097 5069 γάρ
3148 4999 3297 5051 ἐστιν
3345 4997 3526 5061 αὐτοῖς
3581 4996 3641 5049 τὸ
3684 4983 3944 5064 περισπού-

695 5106 1040 5160 nequaquam
1073 5089 1329 5145 omnibus
1359 5088 1760 5152 consectaneis,
1790 5085 1992 5140 nedum
2029 5085 2260 5140 externis

2396 5087 2594 5141 δαστον
2618 5128 2634 5153 ,
2689 5088 2751 5141 τὸ
2800 5088 2876 5160 μὴ
2910 5088 3010 5153 τὰς
3037 5088 3259 5153 τελετὰς
3290 5089 3471 5142 αὐτῶν
3504 5089 3597 5141 καὶ
3626 5087 3721 5149 τὰς
3748 5079 3946 5153 αἱρέσεις

697 5182 1147 5247 communicent;
1205 5180 1300 5235 sed
1356 5180 1565 5250 paucis,
1607 5194 1745 5249 quos
1806 5178 1861 5231 in
1911 5192 2134 5231 suorum
2187 5191 2260 5228 nu

2402 5181 2484 5244 είς
2515 5181 2724 5244 πάντας
2753 5182 2848 5234 καὶ
2879 5182 3004 5244 τοὺς
3030 5182 3163 5253 παρ’
3188 5183 3370 5244 αὐτοῖς
3396 5182 3649 5246 οἰκείους,
3671 5169 3941 5244 οὕπωίθοάσ

699 5290 853 5330 mcro
889 5276 1069 5329 sciunt
1102 5273 1380 5345 impietate
1416 5272 1586 5343 magis
1624 5271 1919 5343 perfectos.
1956 5269 2260 5336 Quibusdar

2404 5272 2444 5327 ί.
2476 5274 2547 5327 86
2595 5271 2660 5344 1)]
2716 5272 2860 5341 λέγω
2910 5274 3036 5336 τοὺς
3084 5273 3283 5338 ξένους,
3326 5275 3507 5327 αὐτῶν
3536 5267 3943 5344 δημοσιεύεσθαι’

702 5383 832 5422 vero
875 5384 1055 5422 rerum
1114 5367 1413 5437 adjunctis,
1470 5366 1614 5421 haud
1674 5364 1876 5419 multos
1922 5372 2048 5418 ante
2096 5378 2260 5417 annos

2405 5364 2521 5419 ἀλλ’
2558 5365 2641 5428 εἰς
2684 5364 2899 5435 ὀλίγους
2944 5364 3039 5431 οὓς
3082 5366 3149 5421 ἂν
3185 5366 3343 5421 ἴδοιεν
3375 5368 3504 5439 παρ’
3533 5368 3712 5427 αὐτοῖς
3732 5350 3945 5439 τελεωτὲέ

700 5460 1016 5531 apostaiieis
1054 5460 1264 5514 viribus
1296 5459 1427 5513 satis
1468 5457 1787 5514 confirmata
1828 5466 1885 5511 et
1924 5457 2260 5522 instructa,<

2411 5472 2538 5526 ρους
2571 5455 2670 5527 τὴν
2700 5456 2959 5511 ἀσέϐειαν
2983 5475 2998 5490 ο
3054 5459 3267 5530 καιροῖς
3309 5458 3364 5512 δέ
3401 5475 3511 5511 τισι
3561 5458 3663 5527 πρὸ
3689 5452 3871 5526 χρόνων
3898 5438 3944 5493 οὗ

779 5628 821 5659 ¹²
851 5627 869 5682 1
905 5626 1045 5683 Tim.
1082 5644 1153 5690 μ’,
1185 5626 1241 5681 ΕΞ.
1319 5626 1361 5657 ¹³
1401 5625 1586 5680 Matth.
1623 5640 1733 5687 XVI,
1774 5624 1857 5680 ιδ.

2000 5745 2085 5800 VA
2097 5744 2238 5800 “lxii
2282 5742 2579 5801 LECTIUN
2591 5743 2691 5798 ES.

779 5894 804 5925 (ι
840 5888 902 5942 ιι.
938 5889 1235 5960 ἤπάτησῡθ.
1292 5900 1315 5928 ε
1345 5888 1408 5947 Π.
1434 5888 1987 5965 ,κεκατηριατμέλίων
2042 5887 2058 5926 ί
2088 5887 2153 5942 R.
2183 5887 2260 5943 οιύπ

2362 5930 2365 5941 .
2449 5888 2472 5926 δ
2509 5885 2661 5941 Deest
2698 5884 2816 5955 θείᾳ
2856 5885 2994 5957 apud
3027 5884 3123 5960 [ἶ.⁵
3167 5882 3191 5922 ³³
3227 5884 3289 5939 ll.
3320 5887 3410 5940 καὶ
3446 5884 3531 5937 τά.
