4142 6452
280 405 435 471 1253

1423 400 1796 465 HISTORIA
1836 399 2459 466 MANICIUEORUM.

3454 403 3591 473 1254

276 519 501 575 πολλῶν
545 519 666 583 ταῖς
710 515 1109 580 ἀποστατικαῖς
1154 513 1419 587 δυνάμεσι
1462 514 1686 579 τελείως
1726 516 1882 588 ἐνερ-

2014 516 2259 571 nalorum
2320 513 2586 586 principis
2640 511 2861 581 Satanae
2919 529 3156 574 erroneo
3213 515 3414 574 ducatu
3454 536 3590 592 pro-

251 617 518 685 ,γηθείσα
548 614 563 655 ἱ
601 612 697 668 καὶ
730 611 1133 684 μαθητευθεῖσα
1182 610 1279 664 καὶ
1310 609 1406 664 τοῦ
1439 609 1752 684 ἃρχεκάκου
1782 610 1888 662 Σα-

280 710 431 764 τανᾶ
476 711 544 778 τῇ
592 706 988 776 πεπλανημένη
1035 703 1230 777 όδηγίᾳ
1276 701 1748 773 προϐιϐασθεῖσα,
1786 702 1887 773 τὴν

281 799 458 854 αὐτοῦ
492 799 803 872 πρόδρομον
833 796 1173 850 ἀποστασίαν
1202 794 1446 848 ὼδίνασα
1477 793 1735 865 ἐκύησεν,
1772 794 1890 846 ἐτέ-

287 911 423 966 ρους
464 892 728 963 δαίμονας
766 889 1060 962 σαρκίνους
1110 889 1208 942 σὺν
1238 888 1317 958 τῷ
1345 886 1685 958 καθηγεμόνι
1709 885 1889 940 αὐτῶν

284 986 523 1056 διαϐόλῳ
558 984 908 1049 άναδείξασα·
947 981 1040 1046 οὓς
1073 981 1264 1051 μηδεὶς
1297 981 1593 1048 ἁπιστήσοι
1626 979 1891 1050 δαίμονας

288 1077 580 1149 ὑπάρχειν.
615 1076 658 1127 Τ
663 1077 696 1128 ἀ
720 1076 828 1144 γὰρ
857 1073 932 1145 μὴ
955 1073 1284 1144 τολμώμενα
1313 1070 1466 1142 παρά
1489 1071 1597 1124 τῶν
1618 1070 1891 1140 δαιμόνων

285 1170 548 1240 λέγεσθαι
594 1167 628 1239 ἢ
677 1166 1049 1239 πράττεσθαι,
1101 1165 1258 1218 αὐτοὶ
1287 1163 1520 1226 ἀναιδῶς
1552 1164 1647 1216 καὶ
1671 1164 1892 1234 ἀπηρν-

291 1261 643 1334 θριασμένως
689 1259 836 1313 κατά
879 1275 940 1310 τε
987 1255 1084 1310 τοῦ
1126 1257 1262 1310 Θεοῦ
1307 1255 1404 1308 τοῦ
1450 1255 1893 1326 παντοκράτορος

289 1354 389 1406 καὶ
434 1351 657 1405 πάντων
696 1348 1004 1422 ἀνθρώπων
1045 1345 1351 1419 πράττουσί
1379 1363 1439 1399 τε
1479 1346 1574 1400 καὶ
1601 1346 1854 1414 λέγουσιν
1877 1361 1892 1377 ο

289 1443 370 1507 ὡς
415 1442 565 1497 ἐστιν
604 1441 844 1514 ἀθρῆσαι
889 1441 1090 1504 αὐτοὺς
1122 1438 1519 1510 ἀνεπιμίκτους
1546 1439 1660 1501 τοῖς
1686 1435 1897 1509 ἀνθρὼ-

291 1552 421 1600 ποις
473 1535 822 1607 ὑπάρχοντας
873 1534 942 1588 δι’
976 1533 1154 1606 ἄκραν
1203 1531 1625 1604 αἰσχρουργίαν,
1668 1532 1764 1584 καὶ
1797 1528 1898 1602 τὴν

294 1629 505 1699 ἔρημον
553 1627 841 1690 οἰκοῦντας
893 1625 1085 1691 ὥσπερ
1133 1625 1257 1689 τοὺς
1298 1625 1591 1696 δαίμονας·
1632 1624 1730 1678 καὶ
1771 1620 1899 1686 ξένα

292 1721 420 1774 τινά
471 1720 567 1774 καὶ
607 1718 876 1774 ἀλλόκοτα
915 1717 1354 1788 ἐπιφημίζοντας
1393 1716 1781 1788 προϐλήματα,
1822 1716 1901 1781 ὡς

296 1814 458 1884 δῆθεν
489 1813 600 1875 τοῖς
629 1809 724 1865 τοῦ
757 1811 906 1882 ἱεροῦ
934 1810 1272 1880 Εὑαγγελίου
1311 1811 1406 1862 καὶ
1434 1808 1528 1862 τοῦ
1569 1806 1898 1863 Ἀποστόλου

1993 615 2170 671 vecta,
2196 604 2426 674 primam
2460 619 2615 659 suam
2655 603 2992 675 apostasiam
3033 605 3266 676 peperit,
3302 606 3438 661 alios
3467 624 3593 663 car-

1992 697 2145 752 nales
2170 698 2451 753 dzemones
2478 713 2604 753 cum
2635 697 2777 753 duce
2807 697 3050 769 ipsorum
3081 697 3298 753 diabolo
3329 699 3588 766 eii'erens,

1992 805 2132 861 quos
2160 798 2311 845 certe
2335 805 2498 845 nemo
2520 804 2642 846 esse
2677 791 2958 846 daemones
2987 789 3278 846 dubitabit.
3312 789 3447 847 Nam
3471 808 3594 864 qua:

1993 898 2063 937 ne
2092 882 2372 938 dmmones
2399 884 2622 953 quidem
2665 884 2852 939 dicere
2895 883 2982 940 vel
3028 899 3193 957 agere
3239 885 3444 950 ausint,
3489 887 3593 957 ipsi

1993 974 2344 1044 impudenter
2393 975 2513 1030 sine
2549 975 2663 1030 ullo
2702 977 2922 1043 rubore,
2964 984 3078 1031 tum
3126 975 3392 1032 adversus
3422 977 3594 1033 Deum

1997 1066 2450 1137 omnipotentem,
2486 1077 2602 1123 tum
2657 1078 2849 1124 contra
2910 1070 3163 1124 homines
3203 1080 3374 1142 agunt
3417 1079 3474 1126 et
3508 1070 3596 1126 di-

1999 1167 2153 1223 cunt,
2193 1159 2274 1214 uti
2309 1175 2502 1230 reapse
2525 1161 2711 1216 videre
2760 1171 2847 1217 est
2878 1161 2978 1217 hos
3010 1162 3293 1217 hominum
3329 1163 3596 1220 societate

1999 1261 2268 1319 extorres,
2310 1261 2535 1324 propter
2576 1270 2848 1309 summam
2896 1271 3111 1310 morum
3159 1255 3466 1312 foeditatem
3501 1256 3599 1313 de-

1999 1344 2147 1403 ser'ta
2199 1347 2320 1402 loca
2373 1346 2636 1411 incolere,
2670 1355 2730 1402 ut
2763 1348 3044 1404 daemones
3090 1347 3321 1414 faciunt,
3351 1356 3406 1405 et
3433 1363 3597 1420 pere-

2000 1438 2154 1510 grina
2187 1439 2436 1509 quaedam
2485 1449 2650 1510 atque
2696 1440 2933 1496 absurda
2981 1441 3341 1512 pronuntiare
3373 1441 3598 1512 proble-

2001 1540 2172 1596 mata,
2216 1531 2372 1601 quasi
2423 1547 2486 1586 ea
2541 1533 2681 1586 sacri
2724 1531 3005 1604 Evangelii
3056 1534 3402 1606 apostolique
3438 1534 3603 1592 dictis

2002 1624 2333 1680 conﬁrmare
2381 1634 2588 1696 queant
2634 1625 2689 1680 hi
2733 1627 3086 1698 sycophanta:
3119 1642 3184 1683 ac
3218 1628 3601 1684 detestabiles.

1999 1716 2123 1773 Jam
2153 1733 2284 1773 vero
2310 1733 2433 1790 quae
2465 1717 2576 1773 sint
2600 1717 2738 1785 haec,
2768 1727 2824 1773 et
2871 1719 3019 1774 unde
3046 1728 3102 1774 et
3125 1720 3345 1790 quando
3375 1721 3605 1777 exstite-

2005 1811 2137 1878 rint,
2172 1811 2279 1866 boc
2327 1811 2600 1866 sermonis
2652 1810 2828 1866 nostri
2868 1810 2993 1867 loco
3033 1827 3392 1882 exponemus,
3429 1829 3604 1884 pauca

297 1904 481 1973 λόγοις
512 1902 926 1974 ὲπερειδόμενοι
953 1901 1034 1955 oii
1071 1901 1408 1972 συκοφάνται
1439 1901 1534 1954 καὶ
1557 1901 1897 1972 παμμίαρον

2014 1905 2254 1977 qumdam
2295 1903 2689 1975 compendiose
2729 1905 3161 1974 complectentes
3200 1905 3454 1961 distincta
3496 1921 3605 1960 nu-

299 1998 439 2051 ἀ>.λά
464 1997 587 2050 τίνα
611 1995 786 2050 ταῦτα
812 1997 905 2048 καὶ
929 1995 1096 2049 πόθεν
1124 1996 1220 2049 καὶ
1248 1995 1399 2060 πότε,
1431 1993 1668 2049 ἐνταῦθα
1691 1993 1786 2048 τοῦ
1822 1993 1902 2047 λό-

299 2107 400 2158 γου
431 2089 726 2159 γενόμενος
757 2087 1123 2158 διηγήσομαι,
1172 2085 1564 2156 κεφαλαιώσας
1595 2087 1754 2156 ὀλίγα
1782 2087 1904 2142 τινὰ

295 2185 384 2246 εἰς
414 2180 685 2252 ἀριθμοὺς
720 2181 777 2233 ἐν
800 2179 932 2251 ψιλῇ
963 2179 1104 2243 τέως
1128 2178 1512 2251 ἀπαριθμήσει
1537 2221 1553 2246 ,
1605 2179 1695 2233 διὰ
1727 2179 1787 2233 τὸ
1813 2179 1906 2234 εὑ-

299 2273 701 2346 μνημόνευτον.
759 2269 873 2327 Εἴθ’
924 2271 1156 2343 ὕστερον
1208 2271 1348 2343 μετὰ
1392 2273 1491 2343 τὴν
1548 2273 1680 2344 περὶ
1725 2273 1906 2329 αὐτῶν

301 2367 586 2440 ἱστορίαν,
647 2367 892 2436 καὶτῆς
959 2367 1098 2438 πρὸς
1155 2367 1354 2430 αὐτοὺς
1410 2365 1734 2438 συμπλοκῆς
1795 2368 1907 2420 ἀπ-

299 2459 622 2534 αρξόμεθα,
656 2462 723 2531 τῇ
769 2458 865 2512 τοῦ
907 2458 1044 2513 Θεοῦ
1093 2459 1318 2530 βοηθείᾳ
1369 2458 1506 2531 πρὸς
1530 2459 1728 2522 αὐτοὺς
1755 2459 1912 2513 ἀντι-

306 2554 712 2626 μαχησάμενοι,
741 2554 841 2625 ὅση
896 2553 1149 2624 δύναμις,
1193 2551 1357 2616 εὐθὺς
1391 2569 1452 2605 τε
1481 2552 1582 2616 τὰς
1630 2552 1914 2623 Γραφικάς

2002 1998 2190 2062 meris,
2231 1998 2382 2053 brevi
2431 1998 2654 2053 interim
2690 1998 3090 2071 descriptione,
3121 2005 3184 2054 ut
3234 1997 3451 2054 facilius
3490 2012 3612 2053 me-

2004 2091 2194 2147 moria:
2229 2089 2584 2145 mandentur.
2619 2090 2827 2148 Deinde
2857 2099 2982 2163 post
3010 2089 3379 2160 conscriptam
3421 2089 3489 2145 de
3524 2087 3612 2145 his

2005 2184 2284 2242 hazreticis
2328 2184 2642 2248 historiam,
2687 2184 3010 2240 eorumdem
3056 2198 3278 2254 quoque
3324 2179 3614 2237 refutatio-

2006 2293 2132 2333 nem
2189 2276 2622 2347 auspicabimur,
2671 2275 2786 2332 Deo
2840 2275 3140 2332 auxiliante
3185 2273 3440 2346 prcelium
3485 2288 3612 2329 cum

2013 2369 2150 2440 ipsis
2196 2367 2430 2424 viriliter
2476 2379 2862 2436 conserentes;
2911 2369 3288 2438 continuoque
3336 2381 3406 2421 ex
3457 2380 3615 2420 sacra

2019 2461 2306 2534 Scriptura
2329 2462 2830 2518 demonstrationes
2863 2477 2927 2517 ac
2957 2459 3271 2517 testimonia
3299 2459 3366 2514 ad
3398 2456 3617 2529 singula

2019 2555 2200 2624 capita
2231 2553 2530 2610 ordinatim
2559 2553 2810 2624 apposita
2842 2553 3260 2624 subjungemus.

303 2649 617 2716 ἀποδείξεις
673 2666 732 2702 τε
799 2647 942 2703 καὶιί
1014 2647 1184 2722 [cod.
1241 2646 1282 2702 Γ.
1341 2647 1464 2721 87]
1524 2649 1832 2722 μαρτυρὶας
1895 2651 2014 2716 ἑνὸς
2069 2651 2304 2706 ἑκάστου
2361 2649 2660 2722 κεφαλαίου
2717 2650 2775 2705 ἐν
2827 2649 3190 2722 παραλλήλων
3261 2648 3418 2716 τάξει
3480 2648 3619 2704 ὐπο-

309 2740 576 2798 θήσομεν.

388 2758 448 2794 σο
525 2760 576 2798 ν.

349 2758 704 2907 ηι’.ι.1ἰιίρι”ιῖ›τον
728 2835 828 2908 μὲν
853 2833 964 2907 γάρ
994 2836 1108 2891 ἐστι
1135 2836 1197 2892 τὸ
1222 2837 1343 2892 κατ’
1367 2837 1568 2902 αὐτοὺς
1594 2837 1912 2910 γνώρισμα,

311 2926 376 2981 τδ
416 2925 512 2982 δύο
543 2928 720 3000 ἀρχάς
747 2928 1031 3000 ὁμολογεῖν
1059 2969 1075 2994 ,
1109 2930 1349 3001 πονηρὸν
1379 2928 1514 2984 Θεὸν
1543 2932 1640 2984 καὶ
1665 2930 1872 3001 ἀγαθόν
1898 2947 1914 2962 ’

314 3022 412 3075 καὶ
463 3020 622 3077 ἄλλον
665 3019 806 3078 εἶναι
853 3024 1010 3078 τοῦδε
1053 3023 1148 3079 τοῦ
1194 3025 1407 3095 κόσμου
1458 3025 1695 3097 ποιητήν
1724 3042 1785 3078 τε
1823 3025 1918 3079 καὶ

2085 2833 2158 2890 Χ.
2205 2833 2308 2906 13
2339 2832 2584 2889 Primum
2613 2839 2700 2888 est
2741 2833 2885 2904 apud
2929 2832 3053 2888 illos
3094 2831 3312 2888 axioma
3341 2832 3619 2906 principia

2015 2926 2125 2983 duo
2157 2924 2431 2992 conﬁteri,
2463 2923 2670 2979 malum
2725 2923 2938 2979 scilicet
2967 2923 3140 2980 Deum
3185 2932 3241 2978 et
3291 2923 3532 2993 bonum;
3565 2935 3622 2982 et

2016 3019 2250 3075 alterum
2279 3017 2500 3088 quidem
2531 3031 2657 3073 esse
2687 3017 2877 3072 mundi
2922 3016 3088 3087 hujus
3127 3015 3390 3073 faetorem
3420 3033 3486 3074 ac
3519 3017 3624 3072 Do-

316 3113 696 3188 ἐξουσιαστὴν,
719 3116 908 3188 ἓτερον
929 3117 987 3171 δὲ
1014 3118 1112 3171 τοῦ
1139 3117 1444 3189 μέλλοντος.
1467 3119 1578 3172 Καὶ
1594 3117 1752 3172 τοῦτό
1769 3120 1910 3172 ἐστιν

2023 3112 2256 3178 minam,
2291 3111 2522 3166 alterum
2558 3109 2749 3165 futuri.
2790 3111 2970 3178 Atque
2995 3108 3102 3165 hoc
3140 3124 3287 3180 saepe
3317 3109 3462 3180 apud
3498 3109 3622 3166 illos

318 3210 400 3273 εἰς
439 3209 639 3272 αὐτοὺς
689 3209 951 3274 πολλάκις
991 3211 1514 3283 ἐπισημειώσασθαι
1567 3211 1922 3283 ἀστειότητος

318 3301 505 3373 χάριν,
542 3298 640 3356 ἐνι
674 3303 960 3376 ἐλευθερίᾳ
1002 3303 1173 3358 ὄντων
1219 3305 1404 3359 αὐτῶν
1447 3305 1743 3376 λεγόμενον
1782 3305 1923 3377 πρός

319 3411 446 3447 τινα
465 3433 481 3458 ,
524 3393 707 3459 ὁποῖός
729 3397 878 3449 ἐστιν
909 3397 938 3448 ό
964 3396 1531 3467 προσδιαλεγόμενος·
1575 3395 1768 3450 Εἰπέιιι
1807 3415 1920 3469 μοι,

323 3487 494 3558 φησὶν
513 3525 529 3550 ,
584 3487 637 3541 τί
681 3488 798 3542 ἐστι
829 3488 891 3542 τὸ
918 3489 1155 3562 χωρίζον
1183 3491 1334 3561 ἡμᾶς
1367 3491 1432 3543 ἐκ
1458 3488 1566 3543 τῶν
1593 3489 1885 3561 Ῥωμαίων
1909 3505 1926 3555 ;

322 3578 552 3644 ἑαυτοὺς
593 3581 642 3634 οί
687 3581 944 3636 ἄσπονδοι
974 3583 1070 3637 κοιλ⁵
1099 3581 1364 3654 ἄχρηστοι
1397 3583 1491 3636 καὶ
1523 3582 1792 3636 άπιστοιη
1827 3582 1925 3636 καὶ

323 3671 618 3744 ἀχάριστοι
653 3675 748 3729 καὶ
778 3674 1112 3746 ἀφιλάγαθοι
1137 3717 1153 3744 ,
1187 3675 1555 3748 Χριστιανοὺς
1583 3676 1929 3731 ἀποκαλοῦν-

323 3783 448 3830 τεςο
507 3767 658 3839 ἡμᾶς
696 3768 753 3822 δὲ
800 3770 928 3835 τοὺς
957 3769 1177 3840 ἀληθῶς
1206 3771 1532 3843 ἐπωνύμους
1560 3770 1802 3845 Χριστοῦ
1832 3769 1928 3824 τοῦ

329 3858 593 3931 ἀληθινοῦ
640 3861 778 3916 Θεοῦ
822 3862 1023 3936 ἡμῶν,
1082 3863 1392 3936 Ῥωμαίους
1435 3864 1817 3937 ὀνομάζοντες,
1852 3864 1933 3936 τῷ

326 3951 530 4023 ἐθνικῷ
590 3952 820 4024 ὀνόματι
875 3954 945 4021 ,τὸ
997 3952 1189 4028 κύριον
1247 3957 1481 4027 ἀμεῖψαι
1563 3956 1930 4029 πειρώμενον

327 4037 483 4113 ᾧτινι
502 4046 704 4118 μᾶλλον
721 4049 881 4117 ἡμεῖς
895 4047 1217 4118 οίξάψευδεῖς
1237 4057 1261 4084 ο
1306 4050 1629 4123 Χριστιανοὶ
1671 4068 1729 4103 σε
1738 4049 1935 4121 pwer-

335 4133 477 4206 μεθα
500 4175 516 4198 ,
571 4135 605 4207 ἢ
653 4137 908 4208 χιλιάδων
957 4141 1052 4192 καὶ
1095 4140 1416 4211 μυρ;άδωνΡ
1445 4141 1673 4213 χρυσίου
1706 4140 1802 4193 καὶ
1830 4140 1936 4211 ἀρ-

334 4229 532 4300 γυρίου
581 4231 677 4284 καὶ
709 4229 877 4284 λίθων
908 4232 1105 4302 τιμίων
1138 4232 1247 4286 τῶν
1276 4235 1334 4286 ἐν
1365 4233 1474 4305 ὅλῳ
1505 4233 1582 4304 τῷ
1607 4233 1800 4304 κόσμῳ
1831 4233 1936 4286 ὑπ·

335 4321 620 4392 αρχόντων
676 4325 725 4378 εί
768 4321 837 4397 ἦν
881 4325 1114 4391 ἕκαστος
1161 4328 1318 4399 ἡμῶν
1363 4328 1575 4400 κύριος.
1609 4327 1845 4397 Λέγουσι
1877 4325 1936 4379 δὲ

333 4417 497 4472 τοῦτο
526 4413 668 4475 εἶναι
699 4421 762 4474 τὸ
793 4421 1026 4495 χωρίζον
1056 4424 1280 4487 αὐτοὺς,
1313 4423 1397 4477 ὅτι
1427 4424 1629 4476 ἐκεῖνοι
1655 4421 1752 4493 μὲν
1777 4420 1936 4475 ἄλλον

2023 3206 2318 3262 observare
2367 3204 2517 3268 hcet,
2565 3218 2692 3259 cum
2748 3202 2909 3258 liberi
2967 3211 3116 3267 sunt,
3157 3211 3214 3256 et
3259 3216 3384 3257 cum
3439 3201 3625 3274 aliquo

2025 3298 2272 3370 quolibet
2324 3297 2736 3366 colloquuntur,
2771 3294 2953 3366 lepide
2995 3294 3181 3349 dicere
3235 3294 3431 3374 solitos
3472 3313 3485 3350 :
3529 3295 3629 3352 Dic

2027 3389 2185 3455 mihi,
2213 3391 2457 3460 inquam,
2495 3389 2627 3460 quid
2680 3403 2782 3443 nos
2827 3403 2859 3442 a
2910 3386 3173 3442 Romanis
3218 3387 3518 3444 discernit?
3555 3386 3630 3444 Se

2029 3484 2180 3555 ipsos
2214 3483 2360 3538 enim
2409 3483 2467 3538 bi
2519 3481 2815 3554 foedifragi,
2865 3480 3040 3551 pravi,
3077 3479 3369 3545 increduli,
3406 3479 3627 3552 ingrati,

2029 3576 2252 3633 virtutis
2286 3590 2499 3640 osores,
2539 3575 2818 3647 appellant
2864 3572 3242 3638 Christianos;
3293 3586 3397 3627 nos
3445 3581 3632 3627 autem

2032 3671 2128 3742 qui
2154 3685 2285 3726 vere
2321 3685 2514 3725 sumus
2540 3668 2738 3724 Christi
2771 3667 2888 3723 veri
2919 3667 3015 3722 Dei
3045 3666 3219 3722 nostri
3253 3665 3633 3738 cognomines,

2034 3763 2316 3817 Romanos
2372 3772 2738 3831 nuncupant;
2822 3759 3013 3831 gentili
3069 3759 3291 3813 nomine
3352 3757 3636 3829 preprium

2033 3863 2285 3910 nostrum
2317 3860 2659 3907 commutare
2689 3861 2956 3907 conantes
2985 3868 3000 3906 :
3027 3865 3144 3921 .quo
3177 3860 3360 3906 tamen
3389 3865 3512 3915 nos,
3543 3850 3638 3921 qui

2035 3948 2151 4003 veri
2205 3946 2505 4003 Christiani
2548 3961 2764 4009 sumus,
2804 3945 2979 4016 magis
3023 3943 3342 4016 gloriamur,
3386 3958 3549 4013 quam
3594 3941 3643 3998 si

2037 4039 2204 4094 millia
2240 4047 2337 4092 aut
2371 4037 2540 4093 etiam
2571 4035 2846 4108 myriadas
2877 4033 2997 4088 auri
3030 4035 3316 4104 argentive
3361 4045 3459 4087 aut
3500 4031 3641 4102 lapi-

2038 4134 2168 4188 dum
2210 4132 2600 4203 pretiosorum,
2639 4139 2910 4200 quotquot
2947 4130 3007 4184 in
3039 4130 3175 4182 urbe
3206 4135 3356 4188 sunt,
3389 4127 3642 4197 posside-

2040 4240 2250 4280 remus.
2291 4224 2488 4278 Dicunt
2533 4234 2720 4277 autem
2776 4223 2828 4277 id
2879 4236 2981 4276 nos
3025 4221 3095 4275 ab
3136 4220 3270 4292 ipsis
3303 4219 3644 4284 discernere,

2038 4319 2167 4390 quia
2201 4317 2302 4390 ipsi
2338 4318 2505 4372 alium
2538 4313 2813 4370 afﬁrmant
2857 4329 2979 4369 esse
3011 4314 3186 4368 Deum
3221 4312 3410 4367 mundi
3443 4311 3650 4367 Condi-

2051 4423 2249 4477 torem,
2281 4411 2451 4465 alium
2495 4425 2628 4464 vero
2669 4424 2832 4479 quem
2889 4407 3168 4462 caelestem
3215 4413 3412 4461 vocant
3451 4403 3646 4466 Deum,

337 4509 475 4562 Θεὸν
528 4511 782 4581 λέγουσιν
829 4511 969 4569 εἶναι
1021 4516 1113 4569 τὸν
1163 4515 1260 4568 τοῦ
1297 4516 1508 4585 κόσμου
1542 4514 1810 4586 ποιητήνο
1846 4531 1910 4567 κα

2014 4508 2142 4579 μειυί
2167 4506 2374 4562 nullam
2408 4505 2574 4576 hujus
2608 4503 2818 4569 mundi,
2868 4501 2964 4557 sed
2996 4499 3183 4556 εαξοωὶ
3227 4507 3442 4553 tantum
3479 4496 3650 4552 futuri

337 4601 530 4673 ἕτερον
556 4601 714 4670 Θεὸν,
752 4603 811 4658 ὃν
845 4607 939 4660 καὶ
969 4607 1192 4679 Πατέρα
1225 4607 1552 4677 ἐπουράνιον
1577 4604 1825 4674 λέγουσι,
1869 4622 1908 4674 μ

2046 4610 2376 4673 potestatem
2433 4599 2655 4654 habet:
2711 4612 2814 4651 nos
2868 4611 3002 4651 vero
3052 4608 3223 4648 unum
3287 4589 3656 4659 eumdemque

340 4693 537 4765 ἔχοντα
553 4695 608 4750 δὲ
633 4696 886 4762 ἐξουσίαν
907 4701 965 4752 ἐν
983 4699 1120 4769 τῷδε
1151 4699 1229 4770 τῷ
1261 4697 1603 4770 κόσμῳ,ἀλλ’
1631 4700 1689 4751 ἐν
1716 4697 1795 4768 τῷ
1821 4697 1910 4768 μέ)

2049 4695 2224 4748 Deum
2276 4691 2628 4754 conﬁtemur,
2676 4703 2862 4743 rerum
2910 4687 3158 4741 omnium
3209 4682 3497 4746 factorem,
3533 4679 3655 4734 uni-

339 4788 489 4842 λοντι
515 4789 698 4846 αἰῶνι.
717 4788 908 4861 Ἡμεῖς
926 4792 984 4846 δὲ
1006 4793 1097 4846 τὸν
1115 4792 1278 4846 αὑτὸν
1304 4793 1400 4846 ἕνα
1415 4791 1546 4843 Θεὸν
1570 4788 1910 4861 ὁμολογοῦμε

2050 4784 2322 4840 rersalem
2353 4797 2539 4854 regem
2564 4789 2621 4836 et
2645 4779 3105 4849 omnipotentem.
3137 4775 3416 4846 Aiuntque
3448 4771 3610 4828 nobis
3636 4789 3652 4826 :

341 4881 442 4935 καὶ
477 4881 820 4954 παντουργὺν
854 4886 944 4937 καῖ
978 4884 1333 4956 παμϐασιλὲα
1366 4884 1460 4937 καὶ
1487 4883 1908 4953 παντοκράτορα

2053 4875 2167 4932 Vos
2225 4877 2278 4930 in
2320 4874 2512 4930 mundi
2562 4872 2918 4929 Conditorem
2971 4870 3216 4935 creditis,
3256 4881 3358 4921 nos
3403 4879 3538 4921 vero
3595 4863 3654 4917 in

344 4973 444 5026 καὶ
473 4972 694 5042 λέγουσι
727 4977 864 5046 πρὸς
890 4979 1071 5048 ἡμᾶς,
1105 4979 1188 5031 ὅτι
1225 4977 1437 5049 Ὑμεῖς,
1471 4977 1626 5048 φησὶ,
1663 4974 1910 5030 πιστεύετ

2057 4971 2207 5026 illum
2261 4969 2330 5025 de
2377 4983 2488 5039 quo
2527 4967 2582 5021 in
2640 4963 2953 5036 Evangeliis
3010 4961 3274 5017 Dominus
3311 4958 3469 5023 dicit,
3507 4955 3658 5049 quod

347 5066 430 5127 εἷς
473 5065 566 5120 τὸν
602 5046 1020 5142 κοσμοποιητὴν
1043 5111 1060 5139 ,
1114 5070 1275 5144 [ι-οά.
1393 5046 1553 5142 871)]
1587 5069 1748 5141 ήμεῖς
1777 5067 1834 5121 δὲ
1867 5069 1910 5120 εί

2061 5059 2249 5132 Neque
2287 5075 2462 5113 uocem
2487 5057 2602 5128 ejus
2632 5056 2879 5120 audistis,
2905 5072 3069 5126 neque
3103 5055 3325 5125 speciem
3363 5050 3570 5106 uidistis
3593 5046 3659 5106 "’.

348 5155 560 5210 ἐκεῖνον
595 5158 726 5228 περὶ
754 5154 817 5213 οῦ
852 5161 909 5213 ἐν
943 5161 1303 5230 Εὐάγγελίοις
1334 5162 1360 5215 ὁ
1390 5160 1597 5233 Κύριος
1626 5161 1776 5229 λέγει
1802 5199 1818 5222 ν
1868 5160 1910 5214 δἾ

2060 5155 2179 5222 Qua
2233 5155 2290 5209 in
2344 5169 2405 5208 re
2455 5151 2622 5207 stulte
2663 5149 2969 5220 stolide-que
3019 5147 3312 5211 blateraut,
3361 5151 3422 5198 ut
3469 5151 3660 5214 postea

354 5247 506 5303 Οὔτε
555 5251 770 5322 φωνὴν
812 5254 1001 5308 αὑτοῦ
1048 5256 1371 5322 ἀκηκόατε,
1406 5255 1545 5308 οὔτε
1573 5249 1734 5318 εἶδος
1764 5254 1910 5307 αὐτο

2063 5245 2554 5303 demonstrabitur.

349 5341 654 5413 ἑωράκατε
673 5362 687 5375 ·
747 5349 994 5417 ματαίως
1026 5349 1122 5403 καὶ
1145 5349 1432 5421 ἀνοήτωςίὶ
1459 5345 1948 5418 κενοφωνούμενοι,
1975 5341 2160 5406 καθὼς
2193 5339 2423 5410 ὕστερον
2453 5335 2854 5409 δηλωθήσεται.

433 5487 479 5522 ⁸⁸
505 5487 665 5543 Joan.
697 5505 752 5553 ν,
781 5489 872 5544 57.

1704 5597 1943 5657 νΑΒιᾹς
1990 5593 2402 5653 LECTIONES.

2531 5738 2545 5791 i
2589 5737 2655 5792 li.
2673 5732 3103 5808 iémpzrodgazvoi
3121 5727 3180 5782 οῦ
3200 5768 3226 5808 .7
3273 5797 3296 5808 _
3322 5725 3350 5765 ι
3391 5724 3490 5777 ilic
3518 5721 3661 5808 apud

440 5751 452 5792 ί
492 5751 710 5807 Abhinc
734 5751 932 5806 desunt
963 5749 1105 5820 apud
1140 5748 1204 5804 Β.
1234 5747 1502 5820 vocabula
1532 5747 1749 5820 decem.
1804 5742 2076 5820 usque_ad
2117 5741 2218 5820 τὴν
2251 5739 2439 5820 αὐτοῦ,

1044 5793 2501 5866 5,1;_‘.'.'...;.'.‘.“.;;.I:5;::.;;i'iz..f"i'n"¢isiigman.
2602 5823 2642 5851 ω
2670 5807 2738 5862 lt.
2765 5793 2958 5862 siné.‘
3021 5814 3046 5840 ο
3073 5801 3236 5857 Dcest
3267 5797 3490 5853 ἄπιστοι
3520 5793 3666 5866 apud

361 5823 428 5877 Β.
465 5823 728 5894 inseritur
758 5811 1133 5894 προφητέιῶν,
1159 5821 1306 5888 quod
1336 5819 1494 5894 deest
1532 5819 1583 5872 in
1612 5816 1820 5894 codice.
1891 5811 2143 5894 _1_Dcest
2171 5811 2229 5867 ἐν
2254 5817 2395 5884 apud
2435 5811 2501 5867 [ἰ.

361 5895 428 5949 li.
510 5903 536 5931 °
569 5893 634 5947 ιι.
670 5885 817 5965 ἡμᾶς
847 5885 944 5947 καῖ
973 5885 1246 5960 ἀψευδεῖς.
1349 5901 1376 5940 ιι
1408 5889 1474 5944 li.
1520 5888 1818 5962 κυριάδων.
1893 5897 1921 5938 (ι
1950 5885 2020 5941 R.
2054 5887 2282 5956 νοήτως.
