4142 6492
544 392 687 458 1255

1913 383 2145 447 PETRI
2187 383 2445 447 SICULI

3725 386 3871 453 1256

616 504 940 562 Secundum
987 512 1095 571 est,
1131 501 1280 576 quod
1314 500 1806 560 celebratissimam
1849 509 1903 556 et
1952 516 2146 572 perpe-

2323 500 2591 573 Δεύτερον
2617 542 2632 568 ,
2688 500 2750 556 τὸ
2798 502 2899 573 τὴν
2944 499 3301 575 πανύμνητον
3346 499 3443 558 καὶ
3483 501 3877 576 ἀειπάρθενον

542 610 642 655 tuo
686 598 957 670 virginem
1012 596 1327 668 Deiparam,
1364 597 1435 652 ab
1482 596 1602 667 ipso
1653 595 1820 650 etiam
1876 594 2148 649 honorum

542 690 831 746 hominum
854 704 1089 744 numero
1112 688 1303 744 rabide
1332 687 1667 753 excludunt;
1699 702 1878 757 neque
1904 686 2148 758 genitum

544 799 612 839 ex
645 799 709 839 ea
743 782 1063 847 Dominum,
1112 782 1209 837 sed
1246 781 1395 836 hunc
1440 780 1509 835 de
1561 780 1702 835 caelo
1745 794 1947 850 corpus
1987 793 2149 833 suum

545 874 834 937 detulisse,
873 873 1017 927 illam
1065 883 1251 927 autem
1306 881 1427 943 post
1476 871 1693 927 Domini
1734 880 1974 942 partum,
2014 869 2152 925 alios

543 981 766 1036 quoque
796 965 987 1019 dicunt
1018 964 1226 1018 liberos
1250 980 1318 1018 ex
1346 962 1590 1034 Josepho
1619 963 1951 1033 suscepisse.

621 1057 868 1112 Tertium
906 1064 989 1110 est
1017 1055 1162 1125 quod
1201 1054 1443 1110 divinam
1489 1056 1897 1125 verendamque
1927 1063 2152 1109 sancto-

547 1167 670 1207 rum
704 1149 1092 1221 mysteriorum
1122 1148 1371 1219 corporis
1398 1164 1463 1203 ac
1493 1149 1777 1219 sanguinis
1803 1148 2018 1202 Domini
2058 1148 2151 1202 Dei

550 1243 725 1299 nostri
769 1241 1251 1313 participationem
1285 1251 1641 1305 aversantur;
1682 1240 1788 1313 14
1828 1256 2005 1311 neque
2050 1241 2153 1296 hoc

547 1334 816 1398 contenti,
851 1335 975 1389 aliis
1012 1349 1232 1404 quoque
1265 1334 1410 1388 hanc
1441 1334 1773 1388 sententiam
1814 1334 2151 1389 suadendam

546 1438 749 1501 putant
796 1428 1072 1495 dicentes,
1108 1427 1265 1483 haud
1296 1442 1496 1499 panem
1531 1442 1595 1482 ac
1634 1427 1824 1482 vinum
1856 1444 1886 1482 a
1924 1428 2153 1485 Domino

548 1523 841 1595 discipulis
878 1510 998 1577 Suis
1028 1522 1086 1577 in
1125 1537 1283 1578 coena
1328 1521 1696 1592 prepositum,
1728 1521 1822 1577 sed
1853 1523 2153 1592 symbolice

546 1617 718 1672 verba
764 1631 866 1673 sua
909 1614 1327 1680 tantummodo,
1374 1614 1537 1685 panis
1588 1614 1812 1685 vinique
1864 1615 2006 1681 loco,
2054 1616 2152 1672 de-

548 1707 723 1764 disse.

548 1803 561 1833 τ
628 1798 900 1866 Quartum
948 1808 1054 1866 est,
1082 1798 1227 1869 quod
1282 1798 1510 1870 liguram
1555 1808 1720 1870 atque
1763 1799 2059 1857 elIieaeiam
2098 1810 2155 1857 et

2252 594 2520 648 Θεοτόκον
2566 595 2702 669 μηδὲ
2762 594 2865 649 κᾶν
2899 597 2957 649 ὲν
2984 596 3115 667 ψιλῇ
3151 596 3258 649 τῶν
3289 596 3512 666 ἀγαθῶν
3540 596 3879 668 ἀνθρώπων

2252 685 2475 737 τάττειν
2510 684 2769 756 ἀπεχθῶς
2803 685 3226 759 ἀπαριθμήσει·
3270 687 3408 757 μηδὲ
3444 687 3502 754 ἐξ
3526 688 3722 757 αὐτῆς
3749 704 3882 755 γενο

2255 779 2489 850 νηθῆναι
2540 782 2633 833 τὸν
2676 778 2885 852 Κύριον
2905 821 2919 846 ,
2958 779 3074 833 ἀλλ’
3104 780 3401 851 οὐρανόθεν
3432 781 3495 834 τὸ
3525 780 3709 851 σῶμα
3739 796 3880 834 κατ-

2256 871 2525 939 ενεγκεῖν·
2561 871 2657 924 καὶ
2685 871 2771 924 ὃτι
2800 871 2938 942 μετά
2964 870 3057 925 τὸν
3078 872 3174 926 τοῦ
3198 872 3403 944 Κυρίου
3428 873 3616 937 τόκον,
3646 870 3757 925 καὶ
3784 871 3883 925 ᾶλ-

2251 960 2400 1027 λους,
2436 964 2623 1033 φησιν,
2660 963 2812 1026 υἱοὺς
2842 962 3136 1034 ἐγέννησεν
3167 966 3232 1017 ὲκ
3260 961 3354 1017 τοῦ
3388 964 3627 1034 Ἰωσήφ.

2328 1057 2529 1126 Τρίτον
2548 1096 2563 1121 ,
2614 1056 2675 1109 τὸ
2706 1056 2806 1127 τὴν
2833 1056 2985 1110 Θείαν
3021 1058 3119 1111 καί¹
3147 1058 3384 1128 φρικτὴν
3411 1056 3521 1109 τῶν
3546 1056 3746 1124 ἁγίων
3776 1073 3884 1127 μυ-

2258 1150 2498 1221 στηρίων
2547 1148 2642 1201 τοῦ
2696 1148 2955 1219 σώματος
3007 1150 3101 1204 καὶ
3136 1149 3370 1221 αἵματος
3396 1148 3489 1203 τοῦ
3517 1149 3752 1221 Κυρίου
3786 1149 3885 1203 καὶ

2256 1242 2392 1296 Θεοῦ
2425 1242 2582 1314 ἡμῶν
2616 1242 2919 1315 μετάληψιν
2944 1242 3057 1315 (12)
3082 1242 3492 1316 ἀποτρέπεσθαι
3514 1252 3560 1297 τ.
3595 1243 3682 1295 Οῦ
3713 1242 3884 1314 μόνον

2255 1336 2333 1398 δὲ,
2370 1336 2505 1389 ἀλλὰ
2535 1338 2630 1390 καὶ
2657 1336 2849 1395 ἄλλους
2880 1336 3013 1407 περὶ
3036 1335 3229 1393 τούτου
3263 1334 3476 1390 πείθειν
3506 1334 3766 1389 οἴεσθαι·
3796 1334 3886 1388 λέ-

2259 1446 2450 1499 γοντες
2481 1430 2565 1483 ὅτι
2593 1430 2697 1482 οὐκ
2726 1425 2795 1499 ἦν
2825 1430 2991 1501 ἄρτος
3022 1430 3120 1484 καὶ
3147 1426 3318 1492 οἶνος,
3370 1428 3430 1481 ὃν
3460 1429 3490 1481 ό
3516 1427 3747 1497 Κύριος
3777 1426 3884 1480 ἐδί-

2258 1521 2348 1576 δου
2382 1523 2496 1584 τοῖς
2526 1522 2801 1593 μαθηταῖς
2825 1521 2993 1576 αὐτοῦ
3028 1523 3121 1575 ἐπὶ
3148 1520 3242 1575 τοῦ
3271 1521 3514 1586 δείπνου,
3551 1519 3708 1573 ἀλλὰ
3742 1536 3885 1590 cup.-

2257 1615 2492 1681 ϐολικῶς
2540 1615 2610 1669 τὰ
2658 1617 2883 1688 ῥήματα
2912 1616 3080 1671 αὐτοῦ
3132 1617 3319 1681 αὐτοῖς
3346 1616 3547 1682 ἐδίδου,
3589 1615 3679 1679 ὡς
3711 1614 3880 1686 ἄρτον

2260 1712 2355 1766 καὶ
2380 1707 2544 1765 οἶνον.

2334 1804 2616 1875 τέταρτον
2636 1846 2650 1871 ,
2683 1804 2747 1857 τὸ
2775 1802 2868 1857 τὸν
2894 1803 3064 1858 τύπον
3091 1803 3184 1857 καὶ
3210 1803 3311 1876 τὴν
3337 1802 3631 1875 ἐνέργειαν
3666 1802 3769 1856 καὶ
3792 1801 3881 1855 δύ-

549 1896 815 1952 virtutem
846 1893 1102 1963 pretiosa:
1123 1891 1464 1962 viviﬁcarque
1488 1892 1673 1948 crucis
1696 1908 1805 1947 non
1835 1894 2155 1963 admittunt,

2265 1914 2429 1968 ναμιν
2486 1896 2583 1950 τοῦ
2633 1897 2819 1968 τιμίου
2860 1898 2954 1950 καὶ
2991 1895 3258 1963 ζωοποιοῦ
3293 1896 3532 1969 σταυροῦ
3568 1895 3655 1968 μὴ
3682 1896 3882 1949 ἀποδέ-

551 1988 651 2043 sed
701 1985 965 2043 conviciis
1007 1984 1258 2056 plurimis
1300 2000 1422 2040 eam
1466 1984 1723 2055 pulsant;
1756 2002 1921 2058 quant
1968 1995 2152 2043 tamen

552 2078 659 2151 ipsi
686 2093 788 2149 per
807 2091 992 2132 aerem
1024 2075 1204 2130 dilfusi
1233 2074 1535 2141 daemones,
1562 2074 1605 2130 si
1630 2077 1795 2130 modo
1818 2076 2150 2146 descriptam

553 2170 827 2236 viderint,
878 2167 1062 2241 pavidi
1112 2166 1366 2239 fugiunt,
1419 2182 1542 2223 cum
1585 2167 1855 2222 malorum
1904 2168 2154 2239 principe

552 2264 826 2320 daamone.

625 2354 892 2421 Quintum
953 2364 1074 2421 est,
1132 2356 1278 2426 quod
1333 2354 1543 2411 nullum
1607 2355 1884 2427 rccipiunt
1938 2355 2155 2412 Veteris

552 2444 895 2501 Testamenti
939 2445 1164 2510 librum,
1204 2444 1533 2516 deceptores
1565 2460 1630 2500 ac
1665 2445 1817 2501 fures
1853 2447 2155 2517 prophetas

552 2538 918 2609 appellantes,
955 2537 1099 2593 sicut
1126 2546 1316 2608 postea
1352 2539 1573 2609 proprio
1601 2537 1655 2592 in
1688 2538 1809 2593 loco
1843 2540 2158 2594 accuratius

552 2632 915 2697 ostendetur;
972 2647 1076 2686 nec
1129 2631 1237 2686 nisi
1294 2639 1483 2686 sancta
1541 2640 1783 2702 quatuor
1840 2631 2153 2703 Evangelia,

551 2734 610 2782 et
663 2725 897 2796 apostoli
946 2724 1100 2779 Pauli
1150 2724 1574 2795 quatuordccim
1620 2724 1912 2795 Epistolas,
1964 2725 2157 2781 Jacobi

551 2818 903 2886 catholicam,
947 2816 1180 2874 Joannis
1226 2827 1360 2884 tres,
1405 2817 1578 2873 sancti
1618 2817 1773 2874 Juda:
1805 2819 2156 2883 catholicam,

555 2922 615 2968 et
646 2912 1023 2984 apostolorum
1058 2913 1227 2966 Actus
1258 2911 1337 2966 uti
1371 2922 1499 2966 sunt
1531 2911 1676 2982 apud
1704 2927 1807 2966 nos
1833 2912 1952 2967 sine
1992 2912 2159 2968 ullius

550 3006 708 3061 verbi
744 3005 1075 3060 mutatione.
1115 3002 1333 3060 Habent
1367 3003 1594 3075 insuper
1626 3004 1870 3076 magistri
1909 3005 1991 3059 sui
2026 3004 2157 3060 Ser-

553 3098 628 3171 gii
675 3097 787 3153 Deo
834 3097 1044 3153 invisas
1087 3096 1369 3168 epistolas,
1421 3096 1735 3153 omnimoda
1789 3098 2048 3169 superbia
2103 3107 2161 3153 et

554 3192 836 3262 impietate
890 3193 1104 3264 plenas.
1151 3191 1287 3246 Nam
1338 3192 1476 3247 duas
1527 3192 1827 3247 catholicas
1868 3191 2050 3265 magni
2092 3207 2159 3248 ac

2255 1990 2486 2062 χεσθαι,
2540 1988 2679 2043 ἀλλά
2736 1989 2964 2063 μυρίαις
3013 1988 3206 2061 ὕϐρεσι
3252 1987 3639 2061 περιϐάλλειν,
3680 1987 3754 2058 ἣν
3785 1986 3879 2039 καὶ

2255 2083 2305 2134 οἱ
2354 2082 2608 2152 δαίμονες
2654 2080 2712 2133 ἐν
2757 2081 2880 2151 ἀέρι
2932 2082 3031 2135 καὶ
3077 2080 3241 2153 μόνον
3288 2079 3723 2152 χαραττομένην
3754 2077 3875 2148 βλέυ

2256 2191 2453 2237 ποντες
2484 2175 2675 2246 τρόμῳ
2702 2173 3139 2247 δραπετεύουσι,
3179 2174 3278 2229 σὺν
3307 2174 3386 2245 τῷ
3411 2171 3656 2245 ἀρχηγῷ
3688 2172 3873 2226 αὐτῶν

2255 2266 2334 2338 τῷ
2360 2267 2619 2339 διαϐόλῳ.

2330 2363 2592 2431 Πέμπτον
2618 2400 2633 2426 ,
2681 2360 2743 2413 τὸ
2778 2358 2854 2431 μὴ
2886 2357 3254 2429 ἀποδέχεσθαι
3284 2358 3483 2422 αὐτοὺς
3514 2357 3622 2430 τὴν
3650 2356 3873 2414 οἱανοῦν

2258 2454 2476 2509 Βίϐλιον
2504 2452 2769 2518 Παλαιὰν,
2790 2451 3027 2517 πλάνους
3057 2452 3155 2505 καὶ
3188 2450 3395 2525 λῃστάς
3420 2451 3552 2515 τοὺς
3579 2452 3874 2522 προφήτας

2259 2540 2704 2607 ἀποκαλοῦντες,
2761 2539 2945 2604 καθὼς
2996 2538 3229 2610 ὕστερον
3276 2542 3335 2594 ὲν
3387 2540 3504 2611 ἰδίῳ
3548 2539 3749 2613 χωρίῳ
3778 2540 3869 2611 δη-

2259 2632 2569 2705 λωθήσεται
2616 2631 2947 2705 τελεώτερον
2972 2650 2986 2664 ·
3049 2633 3083 2701 ἢ
3144 2634 3307 2705 μόνον
3354 2633 3521 2707 [COtL
3551 2633 3590 2687 f.
3620 2632 3732 2705 88]
3770 2633 3867 2702 τὴν

2262 2728 2416 2782 θείαν
2446 2728 2541 2781 τοῦ
2575 2727 2735 2796 ἁγίου
2764 2727 3104 2796 Εὑαγγελίου
3132 2728 3444 2801 τετρακτὴν
3471 2744 3484 2758 ·
3521 2728 3621 2782 καὶ
3650 2728 3752 2791 τὰς
3776 2724 3865 2779 τοῦ

2268 2825 2432 2894 ἁγίου
2481 2824 2700 2879 Παύλου
2762 2820 2859 2877 τοῦ
2906 2820 3211 2876 ἀποστόλου
3259 2819 3682 2892 δεκατέσσαρας
3718 2820 3864 2874 Ἐπι-

2264 2917 2488 2982 στολάς·
2541 2916 2638 2971 καὶ
2672 2915 2770 2988 τὴν
2803 2914 3063 2970 Ἰακώϐου
3118 2912 3414 2983 καθολικὴν
3440 2912 3579 2982 (15)·
3633 2910 3862 2973 καὶτὰς

2260 3007 2515 3064 Ἰωάννου
2549 3010 2724 3080 τρεῖς·
2763 3010 2859 3062 καὶ
2887 3006 2986 3079 τὴν
3020 3005 3118 3060 τοῦ
3152 3004 3308 3074 ἁγίου
3344 3003 3514 3059 Ἰούδα
3541 3002 3861 3072 καθολικὴν·

2263 3102 2360 3155 καὶ
2406 3100 2506 3165 τὰς
2544 3099 2783 3172 Πράξεις
2813 3098 2922 3151 τῶν
2950 3099 3272 3152 ἀποστόλων
3303 3095 3381 3159 ὡς
3411 3095 3521 3149 εἰσὶ
3552 3095 3689 3166 παρ’
3712 3094 3858 3164 ⁴ἡμῖν,

2262 3194 2706 3267 ἀπαραλλάκτως
2762 3196 2821 3248 ὲν
2866 3192 3099 3257 λέξεσιν.
3136 3191 3365 3260 Ἔχουσι
3405 3188 3461 3240 δὲ
3511 3187 3614 3241 καὶ
3655 3184 3752 3239 τοῦ
3785 3185 3861 3238 δι-

554 3284 719 3342 solidi
750 3285 1004 3341 Ecclesia
1039 3284 1405 3349 fundamenti,
1438 3286 1704 3357 regnique
1731 3286 1998 3341 caelorum
2042 3286 2156 3342 cla-

2265 3288 2539 3344 δασκάλου
2573 3288 2755 3342 αὐτῶν
2786 3288 3018 3359 Σεργίου
3059 3282 3355 3346 ἐπιστολὰς
3384 3282 3725 3350 θεοστυγεῖς,
3766 3277 3860 3331 πά-

552 3376 730 3449 vigeri
780 3376 922 3432 Petri
975 3378 1353 3448 protapostoli,
1403 3392 1515 3432 non
1545 3378 1841 3450 recipiunt,
1893 3379 2021 3451 quia
2071 3379 2158 3434 in-

555 3471 716 3527 fenso
738 3470 1006 3526 adversus
1039 3484 1165 3525 eum
1195 3470 1382 3525 animo
1424 3478 1574 3536 sunt,
1604 3480 1659 3526 et
1690 3472 1999 3528 maledictis
2028 3488 2161 3529 cono

554 3564 826 3637 viciisque
855 3564 1109 3638 plurimis
1140 3573 1574 3634 prosequuntur,
1606 3565 1794 3621 nescio
1830 3565 1992 3636 cujus
2030 3564 2159 3621 mali

557 3656 661 3713 sibi
687 3657 898 3713 conscii
929 3675 944 3712 :
974 3657 1209 3713 fortasse
1234 3666 1440 3724 tamen,
1475 3668 1537 3713 ut
1564 3673 1667 3730 ego
1707 3658 1966 3722 arbitror,
1997 3666 2162 3727 atque

557 3758 621 3804 ut
658 3764 805 3821 saepe
857 3749 993 3821 ipsis
1033 3764 1220 3805 coram
1266 3751 1401 3815 dixi,
1432 3752 1560 3821 quia
1607 3758 1873 3807 eventura
1916 3752 2159 3822 peculia-

558 3842 697 3897 riter
726 3842 862 3914 ipsis
887 3843 1255 3913 improbitatis
1281 3860 1472 3899 eorum
1507 3860 1671 3900 causa
1701 3844 2030 3900 vaticinatus
2053 3853 2157 3911 est,

558 3950 683 4004 quae
712 3933 906 3989 beatus
932 3937 1214 4005 apostolus
1250 3935 1353 4007 15
1385 3936 1441 3990 in
1477 3937 1720 3994 secunda
1752 3936 1993 4008 Epistola
2021 3938 2157 3994 scri-

558 4026 642 4083 bit
672 4026 760 4082 bis
787 4028 1013 4084 verbis:
1057 4027 1375 4100 Propterea,
1422 4032 1602 4086 dilecti
1657 4048 1780 4095 met,
1816 4034 1927 4087 lucc
1980 4034 2158 4087 omnia

560 4128 938 4189 exspectantes,
974 4138 1159 4192 nempe
1188 4139 1306 4194 quae
1336 4124 1393 4177 in
1430 4125 1656 4178 secundo
1681 4125 1909 4179 adventu
1946 4124 2160 4180 Domini

558 4214 708 4283 ﬁent,
738 4216 969 4286 satagite
1007 4215 1344 4271 immaculati
1379 4216 1433 4270 in
1466 4233 1630 4287 pace;
1667 4227 1717 4273 et
1755 4217 1966 4273 Domini
1994 4219 2161 4273 nostri

559 4306 1045 4378 longanimitatem,
1094 4309 1321 4364 salutem
1369 4311 1730 4379 arbitremini,
1771 4311 1931 4367 ueluti
1981 4321 2030 4366 et
2074 4313 2160 4365 di-

562 4408 724 4488 lectus
751 4400 921 4471 frater
954 4411 1130 4456 noster
1158 4400 1365 4459 Paulus
1404 4405 1692 4460 secundum
1722 4408 1909 4461 datam
1937 4405 2035 4460 sibi
2064 4422 2158 4460 sa-

2263 3400 2363 3451 σης
2395 3380 2786 3454 ὑπερηφανίας
2814 3382 2907 3433 καὶ
2933 3378 3196 3442 ἀσεϐείας
3220 3374 3590 3447 ἀναμέστους.
3626 3372 3741 3436 Τὰς
3761 3369 3861 3440 γὰρ

2262 3477 2359 3531 δύο
2391 3475 2689 3539 καθολικὰς
2721 3474 2813 3528 τοῦ
2846 3472 3087 3544 μεγάλου
3121 3471 3217 3525 καὶ
3243 3464 3592 3541 ἀκραιφνοῦς
3616 3464 3857 3537 θεμελίου

2264 3571 2365 3641 τῆς
2427 3567 2759 3640 Ἐκκλησίας
2806 3565 2902 3619 τοῦ
2943 3564 3257 3635 κλειδούχνιυ
3292 3562 3393 3632 τῆς
3428 3559 3537 3613 τῶν
3566 3556 3813 3629 οὐρανῶν
3835 3564 3853 3591 ³

2268 3662 2553 3735 βασιλείας
2591 3662 2803 3733 Πέτρου
2850 3658 2946 3712 τοῦ
2989 3654 3449 3730 πρωταποστόλου
3497 3654 3559 3706 οὺ
3594 3652 3852 3723 δέχονται,

2266 3755 2479 3827 ἀπεχθὶ
2497 3773 2524 3819 ς
2551 3755 2679 3827 τρδς
2706 3753 2873 3808 αὐτὸν
2898 3751 3261 3821 διακείμενοι,
3287 3746 3384 3800 καὶ
3407 3744 3604 3817 ’ύϐρεσι
3626 3743 3722 3797 καὶ
3736 3742 3857 3794 ὀνει-

2266 3850 2480 3921 δισμοῖς
2532 3847 2752 3920 μυρίοις
2802 3844 3260 3917 περιϐάλλοντες·
3316 3840 3419 3893 οὐκ
3452 3835 3550 3890 οἷδ’
3604 3838 3632 3890 ὅ
3662 3852 3712 3889 τι
3745 3850 3855 3885 συν-

2271 3940 2475 4002 ιδόντες
2500 3956 2514 3971 ·
2553 3939 2699 4009 τάχα
2727 3937 2804 4001 δὲ,
2837 3936 2913 3999 ὡς
2945 3936 3055 4004 ἐγὼ
3085 3929 3479 4003 ὑπολαμϐάνω,
3513 3928 3657 3999 ὅπερ
3686 3924 3853 3984 αὐτοῖς

2267 4034 2365 4089 καὶ
2388 4031 2654 4095 πολλάκις
2682 4029 2823 4084 κατά
2848 4028 3141 4101 πρόσωπον
3168 4020 3345 4089 εἷπον,
3363 4022 3393 4076 δ
3402 4023 3453 4076 ,ἀ
3474 4021 3534 4075 τὸ
3560 4014 3853 4093 προφητεῦ-

2269 4145 2360 4181 σαι
2410 4125 2576 4180 αὐτὸν
2617 4123 2679 4176 τὸ
2719 4121 2915 4192 μέλλον
2955 4120 3039 4183 εἰς
3076 4117 3273 4179 αὐτοὺς
3303 4113 3524 4168 ἔσεσθαι
3559 4113 3625 4165 ὲκ
3652 4109 3748 4179 τῆς
3771 4107 3853 4160 ἁν-

2265 4218 2562 4290 οσιουργοῦ
2596 4216 2780 4272 αὐτῶν
2811 4214 3016 4277 κακίας
3049 4212 3272 4281 ἰδίωμα,
3310 4210 3368 4262 ὲν
3396 4202 3476 4270 οἷς
3510 4222 3677 4277 φησιν
3706 4204 3731 4255 ό
3762 4217 3852 4270 μα-

2265 4312 2458 4384 κάριος
2484 4310 2787 4373 ἀπόστολος
2837 4309 2897 4361 ὲν
2942 4309 3009 4376 τῇ
3053 4304 3285 4375 δευτέρᾳ
3331 4297 3628 4369 Ἐπιστολῇ
3660 4290 3849 4348 αὑτοῦ·

2266 4407 2347 4462 Δι’
2376 4406 2430 4471 ὃ,
2458 4404 2761 4478 ἀγαπητοί
2780 4420 2924 4475 μου,
2950 4398 3139 4455 ταῦτα
3162 4396 3361 4452 πάντα
3388 4387 3848 4464 προσδοκῶντες.

1895 4562 2132 4623 VARUS
2171 4559 2582 4619 LEC'llONES.

647 4687 670 4717 ι’
703 4677 773 4736 Β.
803 4680 1137 4756 ἀποτρέψαι.

1236 4688 1259 4718 ⁸
1293 4679 1362 4737 Β.
1399 4679 1604 4739 αὐτῶν.

2121 4843 2357 4901 ΝΟΤέΕ.

648 4962 760 5035 (12)
802 4962 1122 5033 Μετάληψιν
1174 4968 1504 5023 vocabulum
1561 4977 1847 5035 perperam
1913 4959 2159 5035 Raderus

2276 4960 2484 5035 μᾶλλον
2520 4958 2599 5025 τῷ
2642 4958 2785 5013 κατὰ
2834 4958 3093 5035 Λουκᾶνο-
3119 4959 3225 5035 ’καὶ
3268 4965 3331 5013 ιε’
3358 4950 3843 5035 (me‘ndosedi‘ade:

574 5033 667 5091 hic
707 5035 1121 5105 interpretatus,
1169 5038 1275 5094 loci
1327 5033 1676 5095 sententiam
1704 5035 1995 5097 subvertit,
2025 5033 2162 5105 scrig

573 5107 712 5178 hens
756 5123 774 5178 ;_
804 5103 955 5178 Quod
1013 5110 1248 5176 corporis
1295 5123 1341 5163 et
1395 5108 1671 5178 sanguinis
1728 5104 1942 5178 Domini
1996 5103 2165 5157 nostri

571 5176 700 5250 Iesu
722 5176 1371 5250 _Christi__conversionem
1403 5176 1608 5250 negent.
1636 5176 1797 5250 Atqui
1834 5185 2034 5245 prater
2067 5190 2166 5250 vo-

575 5246 756 5301 cabuli
817 5247 1119 5317 μετάληψις
1170 5262 1364 5305 ηοιιιηι
1419 5246 1664 5307 sensum.
1700 5248 1837 5317 ipse
1868 5255 2062 5302 auctor
2112 5246 2168 5298 in

576 5317 741 5372 tertio
781 5316 1170 5374 refutatiOnum
1220 5337 1475 5376 sermone
1520 5321 1599 5375 ait
1652 5316 1982 5373 Manichteos
2038 5331 2170 5371 cen-

576 5388 755 5465 suisse
785 5389 859 5465 μῂ
888 5388 998 5441 δεῖν
1018 5390 1124 5465 τῆς
1160 5392 1313 5465 ἱερᾶς
1336 5392 1543 5465 τροφῆς
1568 5389 1664 5465 τοῦ
1691 5389 1877 5459 τιμίου
1916 5388 2173 5456 σώματος

573 5459 671 5512 τοῦ
703 5458 910 5528 Κυρίου
942 5461 1042 5534 καλ
1079 5458 1227 5515 Θεοῦ
1260 5458 1416 5534 ἡμῶν
1451 5458 1716 5534 μετέχειν
1747 5458 1763 5491 ί
1791 5476 1893 5512 non
1924 5469 2165 5534 oportere

576 5546 792 5584 sacrum
821 5532 1031 5598 pretiosi
1055 5529 1539 5602 corporis'Domini
1570 5529 1771 5602 Deique
1807 5531 1973 5584 nostri
2007 5529 2172 5583 nutri-

576 5612 819 5672 mentum
840 5603 1185 5672 participare.

651 5674 764 5744 (15)
807 5670 864 5747 In
885 5670 1247 5747 hunclocum
1275 5674 1327 5730 in
1357 5676 1601 5747 margine
1625 5673 1920 5747 adnotatur
1949 5670 2173 5747 antiqua

574 5741 747 5817 manu
781 5761 794 5817 ς
832 5741 1115 5817 Οὐκ-οἶδα
1158 5747 1210 5817 εί
1259 5748 1381 5800 τότε
1436 5741 1692 5817 éipt‘ovto
1716 5748 1783 5814 τῇ
1836 5744 2098 5817 Ἰακωϐου
2140 5741 2173 5812 ἦ

577 5812 1057 5890 ἑτέρᾳ-ἐπιστολῇ,
1084 5816 1180 5885 καί¹
1203 5820 1323 5879 ταῖς
1357 5812 1596 5890 Πρᾶξεσι
1629 5815 1736 5890 τῷν
1758 5812 2105 5890 ἀποστόλων·
2126 5817 2176 5867 οἱ

576 5882 687 5954 γὰρ
717 5882 812 5935 νῦν
852 5882 1035 5954 μόνοις
1082 5884 1196 5951 τοῖς
1243 5891 1337 5942 δύο
1386 5882 1625 5961 χρῶνται
1678 5886 2050 5956 Εὑαγγελίοιςν
2083 5890 2179 5939 καὶ

2274 5024 2369 5087 rus
2406 5034 2499 5087 ἐπὶ
2529 5024 2630 5102 pro
2676 5037 2759 5096 ιε’,
2801 5039 2858 5086 et
2906 5047 3029 5102 mox
3080 5030 3225 5102 idem
3274 5024 3414 5085 male
3463 5024 3841 5102 entorolﬁlroo

2270 5104 2429 5172 ἀγίου
2472 5095 2690 5157 Παύλου
2728 5095 3061 5165 ἐπιστολαῖς·
3084 5101 3268 5171 ἔχουσι
3300 5103 3407 5171 γὰρ
3434 5099 3527 5172 καῖ
3556 5097 3688 5168 πρὸς
3714 5095 3837 5169 Λαο-

2269 5169 2439 5239 δικεῖς
2459 5174 2657 5245 ἑτέραν
2693 5173 3009 5245 ἐπιστολήν·
3032 5169 3176 5245 baud
3204 5174 3311 5226 scio
3346 5169 3413 5226 an
3445 5169 3587 5245 illius
3619 5174 3834 5245 temparts

2271 5240 2661 5301 Maniclta’i'usi
2685 5244 2791 5299 sint
2824 5240 3010 5297 Jacobi
3044 5243 3285 5313 Epistola
3324 5260 3394 5296 an
3423 5242 3554 5302 alia,
3578 5247 3624 5292 et
3654 5240 3838 5313 aposto—

2277 5318 2446 5371 lorum
2473 5316 2707 5371 Actibus.
2753 5315 3000 5384 Namque
3026 5301 3263 5368 Ito'dierni
3286 5316 3485 5367 duobus
3511 5301 3839 5384 tantummodo

2277 5399 2503 5442 utuntur
2533 5386 2852 5458 Evangeliis,
2878 5382 2927 5458 et
2961 5385 3351 5458 quidemgbucae
3372 5382 3711 5458 potissimum,
3735 5386 3835 5458 nec;

2277 5476 2381 5513 non
2429 5459 2523 5514 XV
2556 5451 2727 5513 sancli
2770 5457 2930 5510 Pauli
2971 5451 3267 5525 Epistolis;
3299 5451 3487 5509 habent
3534 5451 3835 5525 mima-liam

2272 5532 2439 5585 aliam
2478 5530 2758 5599 epistolam
2786 5530 2856 5582 ad
2886 5517 3259 5602 Laodicenses:
3284 5525 3577 5602 Epistulam
3619 5520 3682 5602 ad
3716 5517 3832 5602 Lat);

2272 5579 2532 5658 (iisiiss;
2547 5579 2755 5655 "alter
2789 5579 2916 5654 iis;
2935 5579 3197 5655 satis;
3216 5579 3372 5651 ‘i'n‘s’.
3399 5579 3683 5665 Augustini
3709 5579 3829 5661 quod

2273 5674 2549 5729 edidimus
2583 5670 2854 5742 Speculo;
2920 5672 3052 5726 item
3112 5671 3168 5724 in
3224 5668 3489 5742 Cavensis
3551 5666 3830 5742 ηιοῃξιξξεξςιι

2274 5746 2460 5815 prisco
2488 5729 2781 5817 bibliorum
2812 5729 3021 5817 codice,
3066 5756 3280 5817 necnon
3326 5740 3383 5792 in
3416 5738 3618 5817 aliquot

2276 5800 2400 5878 his;
2443 5824 2640 5886 prmtcr
2678 5814 2783 5869 alia
2815 5800 3129 5870 testimonia
3170 5821 3355 5866 vetera
3387 5826 3416 5865 a
3453 5800 3691 5864 Fabricio
3729 5800 3821 5851 lau-

2277 5889 2423 5944 data.
