4142 6442
344 413 485 480 1257
1487 414 1854 478 HISTORIA
1911 419 2528 483 MANICH/EORUM.
3502 435 3639 496 1253

337 537 415 590 τὰ
461 540 533 590 ἐν
573 533 650 604 τῇ
687 533 940 603 δευτέρᾳ
978 533 1088 589 τοῦ
1129 535 1352 605 Κυρίου
1387 536 1694 604 παρουσίᾳ
1723 536 1939 606 δῆλον,

2055 540 2302 594 nientiam
2341 543 2554 613 scripsit
2586 544 2748 610 vobis,
2779 547 2914 600 sicut
2940 557 2989 603 et
3012 550 3066 603 in
3106 553 3345 607 omnibus
3382 555 3636 625 Epistolis

339 629 435 684 ὅτι
479 627 877 684 σπουδάσατε
922 628 1175 683 ἄσπιλοι
1223 630 1323 684 καὶ
1370 629 1597 700 ἄμωμοι
1639 629 1938 696 αὐτῷού-

2055 633 2153 688 ςιιὶε
2193 633 2408 703 loquens
2452 637 2506 688 in
2550 636 2625 689 eis
2665 638 2730 691 de
2772 639 2852 693 his
2877 655 2897 694 :
2932 641 2988 694 in
3025 642 3211 713 quibus
3242 656 3363 699 sunt
3393 649 3640 718 quaedam

331 721 592 792 ρεθῆιναι
645 722 716 777 ἐν
761 722 1008 793 εἰρήνῃ·
1064 720 1164 776 καὶ
1211 721 1329 790 τὴν
1371 723 1478 778 τοῦ
1516 725 1739 793 Κυρίου
1770 725 1943 793 ἡμῶν

2055 724 2279 794 difﬁcilia
2319 725 2608 788 intellectu,
2647 744 2766 800 qum
2808 731 3010 786 indocti
3048 745 3098 786 et
3135 735 3406 791 instabiles
3442 741 3638 794 distor-

335 817 780 886 μακροθυμίαν,
799 817 1104 884 σωτηρίαν
1128 816 1392 886 ἡγεῖσθε·
1427 816 1623 883 καθὼς
1645 816 1739 871 καὶ
1759 820 1792 871 ό
1808 818 1945 886 dra-

2055 820 2297 887 quebunt.
2334 820 2470 873 sicut
2515 828 2564 874 et
2621 821 2852 885 reliquas
2894 827 3213 896 scripturas,
3256 836 3326 883 ad
3368 835 3642 902 prapriam

343 909 538 977 πητὸς
564 909 736 978 ἡμῶν
771 909 1038 979 ἀδελφὸς
1061 909 1306 977 Παῦλος
1337 909 1487 963 κατὰ
1515 908 1632 977 τὴν
1657 909 1944 964 δοθεῖσαν

2055 911 2284 979 ipsorum
2316 913 2665 981 perditionem
2703 917 2770 970 ¹⁵.
2815 915 2944 973 Haec
2991 918 3067 973 illi
3112 919 3385 991 vituperio
3421 933 3644 981 vertunt

344 1002 509 1069 αὐτῷ
552 992 780 1073 σοξρίαν
826 1003 1094 1074 ἔγραψεν
1133 1003 1314 1074 ὑμῖν,
1368 1003 1444 1069 ὡς
1481 1003 1582 1057 καὶ
1619 1004 1689 1057 ἐν
1718 1003 1944 1071 πάσαις

2055 1006 2335 1075 Apostolo,
2368 1019 2489 1075 quae
2517 1015 2724 1063 tamen-
2762 1009 2910 1064 laudi
2964 1021 3128 1079 sunt;
3165 1021 3355 1084 utpote
3399 1031 3430 1070 a
3468 1017 3642 1072 libero

345 1095 478 1162 ταῖς
501 1094 852 1160 ἐπιστολαῖς
879 1094 1088 1160 αὐτοῦ,
1119 1095 1330 1150 λαλῶν
1345 1095 1415 1149 ἐν
1435 1094 1644 1162 αὐταῖς
1661 1095 1795 1165 περὶ
1810 1097 1947 1150 τοὺ-

2055 1094 2308 1149 vatieinio
2352 1095 2618 1166 profecta,
2651 1107 2708 1153 et
2757 1100 2906 1156 omni
2947 1102 3226 1160 rhetorico
3272 1106 3506 1163 artiﬁcio
3549 1125 3640 1165 re-

346 1207 500 1244 τωνο
536 1189 688 1264 [cod.
723 1188 761 1246 f.
786 1190 876 1246 88.
899 1187 979 1258 1).]
1009 1188 1081 1242 ἐν
1111 1187 1207 1255 αἷς
1237 1190 1371 1244 ἐστι
1399 1187 1714 1256 δυσνόητά
1741 1203 1877 1242 τινα
1906 1186 1945 1242 ά

2055 1196 2192 1242 mota
2205 1229 2216 1242 .

349 1289 404 1341 oi
436 1285 683 1356 ἀμαθεῖς
733 1287 832 1340 καὶ
875 1286 1228 1355 ἀστήρικτοι
1270 1282 1788 1351 στρεϐλώσουσιν,
1822 1282 1902 1349 ὡς
1933 1281 2033 1338 καὶ
2075 1281 2183 1348 τὰς
2214 1283 2435 1349 λοιπὰς
2466 1284 2738 1353 γραφὰς,
2775 1288 2928 1358 πρὸς
2957 1289 3074 1360 τὴν
3105 1290 3266 1347 ιδιάν
3288 1293 3490 1348 αὐτῶν
3512 1295 3631 1350 ἀπ-

345 1379 586 1435 ώλειαν.
646 1374 816 1443 Οὗτός
867 1381 1018 1432 ἐστιν
1073 1379 1101 1431 ὁ
1152 1376 1282 1448 παρ’
1328 1375 1513 1440 αὐτοῖς
1558 1374 1659 1444 μὲν
1693 1373 1862 1444 ψόγος
1934 1374 2012 1445 τῷ
2063 1376 2374 1451 ’Λποστόλῳ
2423 1384 2868 1455 προσφερόμενος
2895 1401 2910 1415 ·
2969 1387 3122 1458 παρά
3181 1388 3240 1442 δὲ
3298 1391 3366 1462 τῇ
3408 1387 3640 1462 ἀληθεία

345 1474 626 1546 ἐγκώμιον
673 1474 824 1544 αὐτῷ
875 1474 1121 1545 ὑπάρχον
1171 1469 1746 1544 πεπαρρησιασμένης
1798 1470 2166 1541 προφητείας,
2215 1473 2399 1546 πάσης
2438 1479 2738 1550 ῥητορικῆς
2805 1480 3012 1552 πλοκῆς
3044 1482 3529 1555 ὑπεξῃρημένονι,

420 1568 643 1630 Ἕκτον,
709 1567 769 1619 τὸ
825 1566 953 1629 τοὺς
1007 1563 1421 1636 πρεσϐυτέρους
1476 1563 1576 1633 τῆς
1606 1561 1940 1634 Ἐκκλησίας

345 1658 762 1731 ἀποτρέπεσθαι
800 1676 815 1690 ο
841 1661 976 1730 φησὶ
1004 1661 1062 1714 δὲ
1095 1661 1177 1714 ὃτι
1207 1661 1255 1714 οἱ
1288 1657 1651 1730 πρεσϐύτεροι
1683 1657 1825 1710 κατὰ
1845 1654 1937 1708 τοῦ

346 1753 558 1826 Κυρίου
619 1753 986 1825 συνήχθησαν,
1020 1752 1116 1807 καὶ
1146 1752 1234 1806 διὰ
1295 1752 1452 1807 τοῦτο
1480 1752 1540 1805 οὐ
1585 1749 1690 1822 χρὴ
1740 1749 1940 1814 αὐτοὺς

347 1847 738 1918 ὀνομάζεσθαι,
769 1841 911 1917 ψιλῷ
947 1847 1027 1917 τῷ
1062 1845 1289 1916 ὀνόματι
1319 1846 1414 1900 καὶ
1447 1845 1597 1916 μόνῳ
1636 1843 1939 1914 ἀπεχθανό-

2055 1861 2166 1901 esse
2215 1849 2593 1920 usurpandum

353 1958 508 2011 μενοι
537 1956 550 1969 ·
577 1942 707 2013 περὶ
735 1933 810 1994 ὧν
843 1940 1067 2012 ὕστερον
1098 1941 1156 1993 ὲν
1177 1943 1245 2010 τῇ
1285 1938 1429 1993 κατὰ
1461 1939 1663 2009 βάθους
1690 1939 1938 2004 ἐξετάσει

349 2034 410 2086 ὲν
451 2033 564 2104 ἰδίῳ
610 2035 826 2106 ἑκάστῳ
880 2034 1163 2104 κεφαλαίῳ
1194 2034 1530 2105 σαφέστερον
1561 2031 1890 2104 λεχθήσεται
1922 2051 1935 2062 ·

346 2126 448 2198 ἤδη
481 2126 537 2179 δὲ
570 2127 755 2180 λοιπὸν
789 2126 1017 2180 καὶτῶν
1041 2125 1517 2198 ὑπομνηματικῶν
1545 2125 1798 2197 ἱστοριῶν
1830 2125 1940 2179 ὰπ-

347 2217 618 2290 ἀρξασθαι
654 2218 848 2288 καιρός
901 2221 1050 2273 ἐστιν
1070 2236 1082 2250 ·
1115 2217 1434 2290 ἀπάρξομαι
1464 2218 1510 2272 δ’
1537 2217 1738 2282 οὕτως,
1768 2218 1839 2272 τά
1880 2234 1940 2271 τε

346 2312 502 2383 παρὰ
559 2311 652 2365 τοῦ
690 2311 966 2383 μακαρίου
1015 2311 1288 2383 Κυρίλλου
1319 2314 1378 2364 ὲν
1418 2314 1542 2374 ταῖς
1569 2311 1944 2382 κατηχήσεσιν

349 2407 585 2479 ρηθέντα
623 2407 737 2477 (14)
773 2405 1016 2476 προθεὶς,
1053 2405 1150 2458 καὶ
1206 2404 1276 2458 τὰ
1332 2405 1468 2475 παρ’
1521 2403 1682 2474 ἡμῶν
1736 2403 1942 2476 ἀρτίως

347 2499 756 2570 διαγνωσθέντα
787 2497 1034 2563 ὑποθεὶς,
1069 2498 1147 2562 ὡς
1178 2497 1244 2552 ἃν
1277 2497 1385 2567 ἄρα
1409 2496 1714 2568 οἰκειοτέρα
1747 2499 1781 2567 ἡ
1811 2496 1944 2550 σκέ-

347 2595 444 2666 ψις
481 2595 798 2667 γενήσεται.

425 2687 529 2745 ΙΑ’.
571 2689 629 2742 ὐ
658 2686 974 2758 δυσώνυμος
1003 2685 1198 2757 Μάνης
1227 2684 1328 2738 οὐκ
1362 2684 1507 2737 ἔστιν
1535 2682 1643 2737 ἀπὸ
1681 2684 1945 2756 Χριστια-

350 2782 482 2846 νῶν,
520 2781 594 2854 μὴ
624 2781 838 2851 γένοιτο
867 2781 880 2834 l
905 2779 1025 2832 οὐδὲ
1070 2776 1216 2830 κατὰ
1258 2779 1351 2829 τὸν
1411 2777 1636 2848 Σίμωνα
1677 2775 1942 2848 ἐξεϐλήθη

350 2874 455 2944 τῆς
490 2871 842 2944 ’,Εκκλησίας,
878 2870 1002 2924 οὔτε
1031 2870 1216 2934 αὐτὸς,
1244 2866 1372 2922 οὔτε
1405 2869 1453 2921 οἱ
1494 2867 1601 2938 πρὸ
1629 2865 1799 2921 αὑτοῦ
1840 2865 1943 2936 τῆς

350 2966 613 3036 τοιαύτης
669 2963 871 3027 κακίας
927 2961 1236 3016 διδάσκαλοι
1266 2977 1280 2991 ο
1316 2959 1561 3030 κλέπτης
1609 2958 1719 3029 γάρ
1772 2959 1942 3024 ἐστιν,

351 3056 654 3128 ἀλλοτρίων
679 3055 946 3125 αἱρέσεων
973 3051 1231 3107 ἰδιοποιού
1241 3068 1402 3122 μενος
1438 3052 1508 3103 τὰ
1534 3050 1682 3104 κακά
1702 3065 1715 3078 ·
1750 3049 1868 3112 πῶς
1890 3048 1947 3102 δὲ

352 3150 450 3205 καὶ
496 3149 621 3204 τίνα
669 3149 892 3219 τρόπον,
930 3147 1225 3201 ἀκουστέον
1251 3163 1265 3178 '
1303 3145 1602 3208 ΣκυΟιανός
1652 3161 1736 3206 τις
1768 3138 1836 3215 ἦν
1889 3143 1948 3194 ὲν

2121 1563 2351 1622 Sextum
2391 1578 2496 1635 est,
2533 1572 2680 1640 quod
2717 1573 2963 1628 seniores
3003 1575 3396 1651 (presbyteros)
3436 1579 3505 1635 ab
3535 1579 3638 1637 Ec-

2049 1660 2214 1717 clesia
2244 1673 2456 1718 arcent.
2492 1665 2710 1721 Etenim
2744 1667 2934 1723 dicunt
2979 1670 3104 1740 quia
3150 1672 3396 1728 seniores
3437 1675 3636 1730 adver-

2049 1767 2140 1808 sus
2165 1753 2459 1810 Dominum
2509 1758 2919 1828 conspirarunt.
2958 1761 3164 1816 idcirco
3193 1763 3245 1818 id
3282 1779 3484 1820 nomen
3526 1783 3636 1822 non

2641 1869 2656 1905 :
2705 1867 2876 1921 quare
2921 1853 3007 1907 vel
3050 1854 3167 1910 solo
3209 1857 3370 1926 hujus
3399 1861 3639 1915 nominis

2048 1953 2184 1994 sono
2221 1951 2640 2010 exasperantur.
2672 1942 2752 1998 Ac
2780 1945 2848 1998 de
2878 1944 2964 1999 his
2995 1945 3227 2018 singulis
3271 1949 3529 2017 posthinc
3580 1951 3638 2004 in

2048 2033 2211 2102 plena
2271 2033 2665 2103 disputatione,
2729 2037 2957 2106 proprio
3025 2039 3296 2110 cujusque
3348 2043 3426 2095 rei
3487 2043 3640 2112 capi-

2049 2122 2185 2191 tulo,
2238 2123 2474 2180 lucidius
2529 2126 2763 2182 dicetur.
2806 2125 2965 2183 Nunc
3026 2139 3281 2199 superest
3351 2140 3412 2185 ut
3468 2131 3642 2186 histo-

2050 2214 2223 2268 ricum
2259 2216 2718 2271 commentarium
2756 2218 3126 2274 exonliamur.
3169 2220 3502 2291 Incipiemus
3541 2240 3639 2279 au-

2054 2316 2160 2362 tem
2193 2323 2223 2362 a
2263 2309 2653 2378 praeponendis
2682 2310 2770 2376 iis,
2803 2325 2926 2380 quae
2954 2311 3148 2366 beatus
3177 2311 3412 2386 Cyrillus
3456 2316 3509 2370 in
3553 2333 3646 2372 ca-

2053 2399 2366 2455 techesibus
2400 2401 2568 2468 dicit;
2609 2403 2812 2472 quibus
2847 2412 3056 2475 postea.
3087 2421 3210 2475 quae
3242 2408 3508 2476 nuperius
3543 2427 3644 2464 nos

2051 2497 2429 2568 cognovimus,
2461 2497 2804 2570 adjiciemus,
2842 2509 2903 2554 ut
2936 2500 3015 2555 rei
3043 2500 3355 2571 disquisitio
3399 2502 3646 2558 intimior

2053 2589 2168 2642 ﬁat.

2124 2681 2220 2738 XI.
2263 2683 2490 2740 Infausti
2520 2684 2762 2742 nominis
2788 2682 2976 2741 Manes
3003 2683 3352 2744 Christianus
3378 2705 3492 2745 non
3519 2689 3642 2757 fuit,

2053 2775 2232 2831 absit!
2286 2792 2465 2846 neque
2519 2784 2578 2831 ut
2633 2777 2822 2832 Simon
2875 2777 3117 2833 Ecclesia
3171 2780 3415 2849 ejectus,
3464 2797 3647 2853 neque

2055 2869 2174 2940 ipse
2211 2869 2422 2925 scilicet
2459 2884 2640 2940 neque
2683 2870 2894 2941 priores
2924 2872 3016 2926 illo
3046 2873 3210 2943 hujus
3239 2875 3498 2945 nequitiae
3531 2893 3647 2931 ma-

2056 2959 2235 3031 gistri.
2267 2960 2424 3016 lt‘uris
2444 2962 2591 3016 enim
2622 2962 2813 3029 instar,
2845 2978 2909 3017 ex
2939 2963 3135 3020 alienis
3163 2966 3464 3024 Ineresibus
3491 2985 3647 3024 suam

2055 3052 2311 3107 conﬂavit
2352 3053 2718 3122 iniquitatem.
2751 3054 3037 3121 Quomodo
3084 3067 3265 3113 autem
3310 3070 3366 3116 et
3404 3076 3511 3131 qua
3555 3079 3647 3118 ra-

2061 3139 2232 3205 tione,
2258 3141 2589 3196 audieudum
2615 3152 2717 3199 est.
2741 3143 3071 3216 Scylbianus
3092 3147 3312 3217 quidam
3338 3149 3392 3204 in
3415 3150 3649 3224 Egypto

352 3240 641 3313 Αἰγύπτῳ,
673 3239 991 3312 Σαρακηνὸς
1044 3237 1122 3308 τῷ
1170 3237 1341 3304 γένει,
1385 3236 1538 3290 οὐδὲν
1583 3234 1762 3289 κοινὸν
1824 3232 1945 3287 οὐδὲ

2061 3231 2184 3297 fuit,
2223 3248 2423 3304 genere
2465 3233 2793 3302 Saracenus,
2838 3238 2970 3292 nihil
3027 3254 3320 3295 commune
3363 3221 3648 3300 siveﬂcum

353 3336 494 3407 πρὸς
531 3333 861 3404 Ἰουδαϊσμὸν
900 3332 1020 3386 οὐδὲ
1045 3330 1183 3404 πρὸς
1208 3329 1644 3402 Χριστιανισμὺν
1674 3327 1952 3398 κεκτημέ-

355 3447 446 3492 νος
467 3448 481 3461 ·
511 3423 664 3492 οὗτος
694 3427 794 3500 τὴν
839 3426 1252 3498 Ἀλεξάνδρειαν
1286 3425 1516 3494 οἰκήσας
1545 3424 1638 3476 καὶ
1669 3422 1762 3475 τὸν
1803 3421 1952 3492 ’Δρι-

357 3521 666 3576 στοτελικὺν
731 3521 1119 3592 μιμησάμενος
1181 3516 1339 3587 βίον,
1399 3517 1676 3586 τέσσαρας
1733 3511 1950 3583 βίϐλους

357 3613 675 3679 συνέταξεν,
707 3614 836 3685 μίαν
867 3611 1211 3683 καλουμένην
1244 3610 1314 3664 Τὸ
1337 3609 1514 3680 ἅγιον
1555 3607 1951 3678 Εὑαγγέλιον,

360 3709 703 3776 νεκροποιεῖς
730 3715 759 3742 ³
786 3707 848 3759 οὐ
883 3703 1121 3777 Χριστοῦ
1150 3703 1381 3777 πράξεις
1411 3702 1800 3775 περιέχουσαν,
1831 3701 1950 3754 ἀλλ’

355 3801 548 3862 ἁπλῶς
581 3809 609 3838 ν
647 3799 820 3872 μόνην
849 3799 951 3869 τὴν
981 3793 1356 3869 προσηγορίαν
1391 3811 1404 3826 ⁶
1430 3797 1527 3850 καὶ
1556 3795 1722 3867 ἄλλην
1750 3795 1950 3848 καλου-

361 3893 532 3965 μένην
560 3891 922 3962 Κεφὼίαιονο
955 3890 1049 3943 καὶ
1074 3890 1174 3960 τὴν
1194 3889 1384 3961 τρίτην
1419 3887 1549 3941 Τῶν
1582 3886 1951 3958 μυστηρίων,

355 3986 483 4055 ἥτις
518 3985 633 4038 ἐστὶ
674 3985 809 4053 πρὸς
865 3981 966 4054 τὴν
999 3981 1444 4054 ἐπιτηδευθεῖσαν
1493 3981 1680 4043 αὐτοῖς
1723 3983 1955 4051 ἀνατρο-

357 4078 470 4150 πὴν
507 4077 600 4130 τοῦ
662 4077 830 4147 νόμου
885 4075 983 4130 καὶ
1026 4076 1135 4129 τῶν
1194 4074 1533 4146 προφητῶν·
1562 4075 1836 4143 τετάρτην
1885 4075 1952 4144 ἢν

360 4172 722 4238 περιφέρουσι
768 4167 1095 4236 Θησαυρὸν
1122 4165 1272 4234 ζωῆς
1305 4165 1597 4229 καλοῦντες
1621 4207 1636 4232 ,
1660 4166 1808 4236 ἥπερ
1838 4164 1956 4217 ἐστὶ

360 4261 635 4332 θησαυρὸς
683 4260 919 4315 θανάτου
957 4275 971 4290 ⁶
1012 4259 1261 4332 μαθητὴς
1308 4259 1364 4312 δὲ
1399 4255 1468 4329 ἦν
1498 4258 1675 4329 τούτῳ
1701 4256 1956 4328 Τερέϐιν-

361 4354 455 4418 Θος
527 4353 754 4426 ὀνόματι
802 4372 815 4385 ·
873 4351 1009 4407 ἀλλὰ
1063 4351 1157 4406 τὸν
1207 4352 1608 4423 προειρημένον
1658 4349 1956 4403 Σκυθιανδν

357 4446 590 4500 ἐλθόντα
651 4447 734 4510 είς
789 4445 889 4516 τὴν
928 4444 1190 4498 Ἰουδαίαν
1253 4444 1350 4496 καὶ
1397 4442 1801 4513 λυμαινόμενον
1857 4439 1957 4509 τὴν

360 4541 548 4612 χώραν
578 4541 719 4611 νόσῳ
742 4537 1062 4603 Θανατώσας
1084 4542 1112 4592 ὁ
1133 4537 1360 4609 Κύριος,
1393 4536 1600 4589 ἔπαυσε
1622 4537 1723 4606 τὴν
1755 4533 1958 4604 λοιμώ-

363 4635 430 4706 δη
465 4635 826 4688 κατάστασιν·
880 4635 908 4687 ὁ
957 4633 1014 4686 δὲ
1044 4632 1146 4700 τῆς
1175 4633 1374 4695 κακίας
1421 4627 1670 4701 μαθητὴς
1701 4626 1957 4698 Τερέὸινο

361 4728 477 4792 θος,
533 4728 876 4798 κληρονόμος
935 4725 1011 4779 ὢν
1045 4724 1141 4778 τοῦ
1169 4723 1399 4796 χρυσίου
1445 4723 1540 4776 καὶ
1580 4721 1690 4774 τῶν
1733 4720 1959 4790 βιϐλίων

360 4819 458 4873 καὶ
501 4819 601 4887 τῆς
655 4819 946 4888 αἱρέσεως,
985 4817 1438 4886 παραγενόμενος
1474 4815 1531 4867 ἐν
1593 4811 1958 4882 Παλαιστίνῃ,

360 4910 460 4965 καὶ
506 4913 565 4964 ὲν
627 4910 861 4982 Ἰουδαίᾳ.
912 4908 1338 4980 γνωριζόμενος,
1373 4907 1468 4961 καὶ
1527 4903 1682 4975 παρὰ
1741 4903 1964 4958 πάντων

362 5003 942 5074 καταγινωσκόμενος,
971 5003 1178 5056 ἐκεῖθεν
1215 5004 1296 5065 εἰς
1337 5001 1438 5072 τὴν
1482 4999 1720 5070 Περσίδα
1755 4997 1959 5070 μετῆλ⁶

363 5095 457 5150 Θεν
483 5111 497 5126 ο
527 5092 647 5150 εἶτα
698 5096 786 5149 ἵνα
821 5095 897 5167 μὴ
927 5097 993 5149 ἐκ
1021 5096 1122 5165 τῆς
1156 5094 1532 5166 προσηγορίας
1564 5094 1729 5146 κάκεῖ
1756 5091 1960 5161 γνωρί-

362 5190 548 5262 ζηται,
578 5190 811 5245 Βουδδᾶν
867 5189 1157 5261 ὠνόμασεν
1211 5188 1405 5242 ἑαυτόν
1433 5203 1448 5219 ⁶
1484 5186 1606 5241 ἀλλ’
1637 5184 1792 5257 εἶχεν
1845 5188 1964 5240 ὲκεί

442 5351 485 5384 ⁸⁸
518 5348 561 5405 ll
592 5349 742 5406 Petr.
772 5365 855 5416 Ill,
887 5348 1078 5405 M-IG.

2053 3325 2258 3381 Judmis
2295 3326 2412 3382 sive
2447 3343 2570 3382 cum
2606 3328 2936 3385 Christianis
2979 3332 3211 3388 habens.
3251 3334 3352 3390 llic
3395 3337 3650 3394 habitans

2051 3416 2420 3484 Alexandria,
2467 3421 2574 3491 16
2601 3421 2962 3478 Aristotelian
3011 3427 3298 3481 aemulator
3329 3429 3478 3494 vitae,
3511 3446 3650 3500 qua-

2055 3521 2178 3564 tuor
2199 3513 2508 3582 composuit
2534 3514 2731 3569 libros:
2761 3531 2931 3570 unum
2956 3516 3161 3571 dictum
3187 3517 3443 3573 Sanctum
3468 3519 3652 3574 Evan-

2054 3603 2269 3675 geliurn,
2303 3606 2638 3670 mortiferos,
2667 3624 2776 3662 non
2807 3617 2993 3663 autem
3022 3610 3248 3676 Christi,
3274 3622 3430 3667 actus
3468 3616 3652 3670 couti-

2056 3709 2314 3765 nentem,
2347 3701 2441 3755 sed
2494 3701 2718 3756 nomine
2764 3710 2927 3758 tenus
2976 3704 3052 3758 ita
3099 3705 3470 3775 appellatum;
3512 3709 3654 3763 alte-

2055 3809 2178 3847 rum
2209 3793 2419 3848 dictum
2463 3791 2774 3865 Capitulum
2806 3811 2825 3860 ;
2867 3798 3090 3852 tertium
3131 3799 3336 3854 dictum
3371 3800 3651 3871 Mysterio-

2057 3902 2197 3949 rum,
2225 3887 2316 3956 qui
2353 3887 2500 3942 favet
2541 3887 2676 3960 legis
2718 3905 2782 3942 ac
2829 3891 3246 3960 prephetarum,
3276 3909 3440 3962 quam
3476 3894 3655 3949 Mani—

2057 3979 2192 4032 chu-i
2243 3978 2452 4044 volunt,
2490 3979 2873 4035 destructioni.
2924 3980 3189 4046 Quartum
3226 3983 3650 4052 circumferunt,

2060 4073 2190 4127 Vita:
2237 4073 2546 4126 thesaurum
2602 4083 2886 4137 vocantes,
2936 4075 3027 4143 qui
3083 4085 3168 4130 est
3221 4077 3402 4146 potius
3459 4081 3654 4133 mortis

2057 4165 2371 4220 thesaurus.
2421 4164 2559 4220 lluic
2609 4174 2729 4240 erat
2780 4167 3082 4236 diseipnlus
3135 4168 3508 4226 Tcrebinthns
3556 4187 3658 4224 nn-

2057 4257 2228 4311 mine.
2279 4255 2387 4312 Sed
2434 4258 2584 4312 enim
2624 4256 2985 4330 Scythianum
3030 4260 3249 4328 quidem
3296 4277 3420 4315 eum
3467 4262 3522 4314 in
3560 4261 3657 4316 Ju-

2059 4347 2229 4401 daeum
2259 4348 2326 4402 ad
2356 4347 2708 4404 inliciendae:
2742 4350 2831 4404 lue
2867 4351 3143 4422 regionem
3180 4351 3425 4412 abiissel.
3462 4354 3658 4408 morbo

2064 4439 2328 4495 Dominus
2386 4442 2777 4514 exstinguens,
2841 4445 3004 4498 linem
3068 4446 3344 4514 pestilenti
3405 4447 3659 4502 instituto

1993 4569 2035 4626 ο
2066 4533 2347 4604 imposuit.
2397 4533 2666 4605 Nequitia:
2711 4544 2894 4592 autem
2933 4537 3236 4607 discipulus
3263 4537 3657 4605 Terebinthus,

2065 4623 2210 4690 auri,
2262 4625 2552 4687 librorum,
2602 4637 2766 4695 atque
2824 4626 3104 4680 haereseos
3170 4627 3366 4687 haeres.
3422 4641 3546 4680 cum
3604 4628 3661 4680 in

2062 4714 2409 4771 Pal-.estinam
2455 4719 2664 4786 pariter
2717 4720 2980 4783 venisset,
3044 4729 3096 4773 et
3147 4719 3200 4773 in
3232 4719 3421 4775 Judzea
3480 4721 3659 4791 palam

2064 4811 2420 4874 innotuissct,
2458 4811 2584 4866 inde
2618 4811 2674 4865 in
2710 4812 2988 4868 Persidem
3026 4813 3301 4883 migravit.
3345 4813 3549 4869 Deinde
3593 4832 3664 4870 ne

2064 4919 2132 4958 ex
2164 4903 2389 4958 nomine
2422 4903 2532 4960 illic
2564 4920 2784 4974 quoque.
2831 4914 3244 4976 agnosceretur,
3297 4905 3541 4961 Buddam
3573 4923 3666 4961 se-

2069 5008 2184 5054 met
2213 4999 2526 5069 appellavit.
2577 4997 2968 5054 Verumtamen
3012 4999 3085 5052 ibi
3119 5007 3314 5054 nactus
3352 5009 3436 5054 est
3469 4999 3667 5054 adser-

2071 5093 2246 5148 sarios
2273 5091 2621 5157 Mithriacos;
2659 5091 2956 5162 multisque
2986 5094 3278 5148 commotis
3319 5093 3670 5148 sermonibus

2071 5195 2128 5240 et
2187 5184 2670 5253 altercationibus,
2726 5185 3014 5240 convictus
3063 5183 3168 5239 fuit
3212 5203 3226 5240 :
3277 5195 3668 5256 postremoque

1664 5436 1901 5494 VARIIE
1941 5435 2347 5494 LECTIONES.

486 5589 503 5625 ί
533 5586 697 5644 Deest
728 5582 1153 5658 ὑπεξῃρημένον
1183 5579 1328 5653 apud
1355 5578 1422 5635 [ἶ.

1523 5587 1554 5618 τι
1587 5579 1750 5635 Deest
1781 5578 2129 5647 νεκροποιεῖς
2158 5575 2300 5647 apud
2333 5574 2400 5629 Β.
2480 5585 2507 5613 ν
2539 5573 2608 5630 R.
2643 5575 2741 5639 ὡς.

1864 5689 2100 5746 NOTIE.

442 5825 557 5893 Hi)
596 5821 817 5893 Scilicet
848 5807 1391 5893 Cyrillnslliepnsol.
1431 5806 1496 5893 ii;
1516 5801 1979 5893 Catechesi'sesta

368 5916 402 5956 a
435 5876 558 5969 cap:
584 5876 659 5948 2i
685 5902 740 5948 et
774 5876 1055 5956 dein'eeps,
1088 5885 1144 5938 in
1173 5881 1416 5937 editione
1454 5876 1651 5932 Tuttzei
1683 5878 1774 5946 qui
1808 5877 1970 5931 Petro

701 5987 980 6049 PATROL.
1011 5982 1129 6042 Gn.
1171 5975 1326 6038 CIV.

2092 5814 2282 5860 nostro
2320 5806 2392 5861 ob
2427 5804 2815 5879 corrigendum
2866 5805 3198 5876 quandoque
3227 5805 3414 5878 Cyrilli
3467 5817 3676 5866 textum

2082 5892 2218 5933 usus
2251 5887 2357 5933 est.

3208 5972 3286 6036 1ιο
