4142 6436
458 447 592 513 ῙΞΕῙ

1617 441 1985 503 HISTORIA
2035 437 2654 500 MANICII/EOIIUM.

3635 437 3768 501 1262

451 564 512 616 τὸ
564 559 1012 630 ἐπαγγείλασθαι
1079 557 1281 622 σῶσαι,
1315 557 1412 612 καὶ
1461 555 1813 626 ψεύσασθαι·
1857 553 2059 626 μᾶλλον

2169 566 2316 620 spem
2353 549 2645 616 fefellerat;
2681 549 2792 603 imo
2817 548 3020 619 potius,
3051 557 3110 602 ut
3151 549 3332 604 verius
3360 549 3558 614 dicam,
3587 552 3766 608 homi~

452 653 538 718 δέ,
577 654 627 705 εί
655 651 736 704 δεῖ
765 653 813 703 τ’
833 650 1033 722 ἀληθὲς
1063 651 1262 715 εἰπεῖν,
1293 647 1383 702 διὰ
1412 647 1473 701 τὸ
1495 646 1758 718 φονεῦσαι
1782 663 1794 676 ·
1828 647 1919 699 τὸν
1947 644 2056 717 γὰρ

453 744 760 814 δυνάμενον
807 743 894 795 διὰ
947 743 1048 813 τῆς
1114 743 1366 812 ἰατρικῆς
1420 739 1745 811 ἐπιμελείας
1793 739 2054 810 σωθῆναι,

457 829 615 897 οὗτος
644 837 772 898 τοὺς
811 835 1030 906 ἰατροὺς
1066 835 1383 903 ἀποστήσας
1415 832 1785 903 ἐφόνευσε,τῇ
1823 831 2057 903 ἀμελείᾳ

461 923 805 987 θανατώσας.
854 924 1020 996 Ἐμοῦ
1049 924 1105 977 δὲ
1145 923 1396 993 λέγοντος
1438 923 1508 976 τὰ
1539 924 1667 995 περὶ
1698 922 1864 977 αὑτοῦ
1896 924 2022 993 πάμ

457 1018 634 1072 πολλα
685 1019 853 1082 κακὰ,
921 1019 1172 1088 μέμνησο
1223 1017 1444 1090 πρῶτον
1507 1018 1610 1088 τὴν
1671 1018 2049 1089 βλασφημίαν,

457 1110 715 1180 δεύτερον
757 1109 856 1178 τὴν
891 1109 1137 1163 δουλείαν
1168 1125 1181 1140 ·
1213 1110 1312 1180 οὐχ
1354 1110 1436 1163 ὅτι
1486 1109 1720 1180 αἰσχύνη
1755 1113 1787 1181 ἡ
1819 1109 2054 1174 δουλεία,

442 1201 576 1255 ἀλλ’
608 1201 690 1252 ὅτι
745 1199 935 1253 δοῦλον
981 1200 1114 1253 ὄντα
1177 1199 1465 1272 ἐλευθερίᾳ
1524 1199 2050 1271 ἀντιπράττεσθαιί

457 1294 627 1347 κακόν
648 1311 662 1325 ·
695 1293 899 1360 τρίτον,
926 1292 987 1344 τὸ
1014 1292 1211 1362 ψεῦδος
1239 1292 1342 1361 τῆς
1367 1294 1705 1362 ἐπαγγελίας
1725 1310 1736 1322 ·
1767 1293 2055 1365 τέταρτον,

457 1387 553 1440 τὸν
623 1385 721 1440 τοῦ
787 1385 976 1448 παιδὸς
1045 1386 1254 1453 φόνον·
1321 1385 1418 1440 καὶ
1479 1386 1752 1456 πέμπτον,
1823 1386 1924 1456 τὴν
1964 1388 2055 1439 αξ-

460 1479 664 1549 σχύνην
697 1478 798 1549 τῆς
833 1478 1084 1548 φυλακῆς
1111 1493 1126 1508 ο
1153 1475 1248 1530 καὶ
1274 1477 1376 1531 οὐκ
1398 1473 1464 1549 ἦν
1496 1477 1728 1551 αἰσχύνη
1758 1478 1856 1548 τῆς
1882 1477 2056 1548 φυλαο

459 1574 562 1643 κῆς
597 1574 779 1643 μόνον,
813 1570 951 1624 ἀλλὰ
985 1570 1135 1640 καὶὴ
1165 1571 1229 1623 ἐκ
1257 1572 1356 1642 τῆς
1390 1571 1638 1641 φυλακῆς
1667 1571 1812 1642 φυγή
1845 1589 1857 1600 ·
1889 1569 1917 1620 0
1951 1571 2057 1641 γὰρ

456 1663 632 1734 λέγων
670 1663 865 1716 ἐαυτὸν
899 1661 1284 1734 Παράκλητον,
1319 1664 1415 1716 καὶ
1441 1663 1557 1734 ιτῆς
1591 1663 1850 1733 ἀληθείας
1882 1662 2054 1733 ὑπέρ-

461 1774 658 1829 μαχον,
689 1756 891 1826 ἔφυγεν
916 1774 930 1788 ·
958 1757 1060 1811 οὑκ
1088 1751 1158 1827 ἦν
1187 1756 1428 1828 διάδοχος
1477 1755 1653 1827 Ἰησοῦ
1690 1755 1783 1809 τοῦ
1820 1755 2058 1826 ἑτοίμως

457 1850 758 1920 ἐρχομένου
777 1851 857 1912 εἰς
876 1849 968 1902 τὸν
991 1849 1246 1918 σταυρδν,
1276 1847 1390 1901 ἀλλ’
1406 1841 1560 1910 οὗτος
1588 1847 1848 1912 ἐναντίως
1879 1848 2058 1916 φυγὰς

2161 644 2282 698 cida
2313 643 2599 696 exstiterat
2650 659 2663 695 :
2719 642 2924 697 etenim
2965 657 3091 697 eum
3141 642 3232 712 qni
3277 643 3589 697 medicinali
3629 663 3761 701 cura

2161 737 2343 792 sanari
2373 746 2604 806 poterat,
2633 736 2747 806 ipse
2771 735 3042 790 submotis
3069 736 3294 790 medicis
3319 736 3614 800 interfecit,
3645 756 3762 792 me-

2167 831 2304 885 delae
2354 829 2713 884 destitutione
2763 828 2830 883 ad
2883 836 3118 883 mortem
3171 829 3478 885 redactum.
3515 829 3598 885 Me
3633 849 3763 885 vero

2163 923 2333 977 multa
2369 923 2616 993 ejusdem
2657 923 2864 977 scelera
2909 938 3137 977 narrare
3182 923 3529 989 iustituente,
3576 941 3762 978 recor-

2161 1017 2314 1080 dare,
2348 1015 2542 1082 lector,
2569 1017 2744 1087 primo
2776 1016 3178 1087 blasphemiam
3210 1018 3372 1088 ejus;
3403 1018 3603 1073 deinde
3646 1037 3763 1072 ser-

2161 1111 2413 1177 vitutem,
2441 1126 2551 1164 non
2585 1111 2730 1180 quod
2755 1111 2992 1166 servitus
3025 1111 3226 1181 probro
3249 1112 3341 1174 sit,
3371 1112 3467 1166 sed
3491 1113 3616 1183 quia
3645 1113 3765 1168 olli-

2161 1201 2242 1256 cia
2268 1202 2376 1272 18
2404 1201 2561 1256 liberi
2589 1201 2824 1257 hominis
2849 1218 2876 1256 a
2905 1218 3064 1257 servo
3099 1203 3353 1274 usurpari
3383 1203 3630 1275 iniquum
3655 1216 3760 1262 est:

2163 1293 2334 1349 tertio
2366 1294 2486 1348 loco
2520 1293 2903 1363 promissionis
2932 1295 3224 1351 falsitatem
3256 1315 3268 1350 :
3299 1306 3494 1367 quarto
3523 1301 3764 1355 careeris

2163 1385 2519 1453 ignominiam
2544 1403 2558 1450 ;
2586 1402 2763 1456 neque
2788 1387 3027 1441 carceris
3051 1397 3262 1442 tantum
3287 1388 3770 1459 iguominiam.ve-

2164 1495 2282 1533 rum
2301 1479 2464 1532 etiam
2484 1494 2550 1533 ex
2577 1495 2794 1534 carcere
2823 1480 3026 1552 fugam.
3057 1479 3193 1535 Nam
3218 1481 3310 1551 qui
3339 1498 3397 1537 sc
3423 1482 3763 1540 I’aracletum

2162 1580 2216 1626 et
2246 1571 2491 1626 veritatis
2517 1571 2863 1627 defensorem
2887 1574 3124 1640 dicebat,
3157 1573 3294 1646 fugit
3327 1593 3340 1629 :
3377 1591 3478 1630 nec
3506 1575 3610 1630 fuit
3638 1593 3767 1647 pro-

2161 1662 2308 1718 fecto
2343 1662 2550 1718 Christi
2582 1663 2842 1730 imitator,
2882 1666 2973 1736 qui
3013 1675 3208 1737 sponte
3238 1665 3306 1721 ad
3333 1683 3552 1723 crucem
3577 1671 3765 1734 venit;

2163 1771 2353 1809 verum
2383 1757 2428 1810 is
2462 1765 2654 1811 contra
2686 1755 2809 1829 fuga
2843 1773 2901 1812 se
2935 1761 3208 1829 proripuit
3247 1778 3258 1813 :
3296 1776 3406 1830 quo
3453 1760 3616 1827 Iacto,
3672 1779 3766 1816 rex

2165 1845 2454 1900 Persarum
2475 1847 2599 1903 duci
2615 1847 2683 1902 ad
2705 1849 3030 1920 supplicium
3050 1852 3308 1907 custodes
3324 1855 3712 1925 carcerisjuss‘
3726 1867 3764 1910 t.

457 1938 527 2014 ἦν
554 1959 567 1972 ·
619 1937 739 1994 εἶτα
771 1944 798 1994 0
833 1940 1089 2011 βασιλεὺς
1135 1940 1363 2010 Περσῶν
1413 1938 1700 1993 ἐκέλευσεν
1745 1939 2058 2009 ἀπαχθῆναι

2169 1936 2341 1992 Causa
2358 1938 2520 2010 igitur
2534 1939 2836 1996 fuitMaues
2857 1950 2970 1996 tum
2989 1943 3172 1997 obitus
3187 1945 3341 2014 pueri
3358 1920 3767 2014 objactantiam

457 2036 585 2099 τοὺς
645 2034 1062 2106 δεσμοφύλακας
1107 2050 1122 2065 ο
1181 2034 1405 2097 αἴτιοςὸ
1447 2034 1642 2104 Μάνης
1699 2034 1726 2073 ε
1771 2032 1838 2086 δι’
1889 2033 2060 2104 ὑπερ-

455 2129 694 2200 ηφανίαν
743 2128 978 2182 θανάτου
1035 2127 1116 2199 τῷ
1157 2127 1308 2181 παιδὶ
1352 2127 1404 2193 δ,
1457 2128 1555 2180 καὶ
1594 2127 1769 2190 αἴτιος
1817 2126 2050 2180 Θανάτου

455 2224 570 2285 τοῖς
631 2219 1000 2291 δεσμοφύλαξι
1061 2218 1153 2273 διὰ
1201 2220 1299 2290 τὴν
1353 2220 1576 2290 φυγήν
1609 2219 1638 2271 0
1671 2213 1765 2271 οὖν
1816 2217 2052 2271 θανάτου

459 2314 756 2386 παραίτιος
785 2309 941 2376 οὗτος
975 2309 1086 2384 ἆρα
1119 2312 1549 2384 προσκυνεῖσθαι
1579 2311 1788 2380 ὀφείλει
1834 2307 1908 2373 ὡς
1937 2310 2055 2363 Πα-

463 2408 768 2480 ράκλητος;
803 2407 916 2460 Οὐκ
955 2405 1063 2459 ἔδει
1120 2403 1470 2477 μιμήσασθαι
1509 2405 1524 2444 ί
1577 2402 1807 2473 Ἰησοῦν,
1842 2402 1935 2456 καὶ
1974 2405 2053 2454 εἱ-

471 2505 617 2556 πεῐψ
665 2503 731 2555 Et
761 2499 866 2570 ἐμὲ
899 2499 1139 2568 ζητεῖτε,
1166 2497 1349 2568 ἄφετε
1401 2497 1654 2563 τούτους
1690 2495 1950 2566 ὑπάγειν
1972 2495 2054 2561 ¹⁷;

2169 2048 2348 2098 suam,
2391 2043 2506 2088 tum
2555 2035 2719 2089 etiam
2753 2037 2903 2091 necis
2950 2038 3241 2092 custodum
3290 2046 3516 2108 propter
3561 2038 3766 2111 fugam.

2167 2123 2382 2197 Ergone
2419 2125 2509 2180 hic
2549 2127 2740 2181 mortis
2760 2139 2952 2181 auctor
2989 2136 3045 2182 et
3084 2143 3230 2191 reus,
3255 2127 3469 2182 adorari
3509 2139 3766 2200 tanquam

2163 2216 2476 2273 Paraeletus
2531 2219 2725 2273 debet?
2768 2219 2960 2274 Nonne
2999 2235 3127 2275 eum
3179 2223 3423 2291 oportuit
3481 2222 3766 2277 Christum

2165 2311 2391 2376 imitari,
2410 2326 2475 2366 ac
2500 2311 2683 2368 dicere
2707 2331 2719 2366 :
2751 2311 2809 2368 Si
2841 2329 2922 2367 me
2944 2314 3206 2383 quarritis,
3236 2315 3392 2368 sinite
3407 2318 3498 2368 Iros
3523 2314 3771 2370 abire”?

2164 2400 2382 2469 Nonne,
2404 2402 2667 2468 utJonas,
2687 2405 2870 2460 dicere
2893 2405 3118 2462 debuit:
3143 2407 3328 2463 Tollite
3350 2425 3432 2463 me
3457 2419 3506 2463 et
3527 2409 3776 2479 projicite

2167 2497 2223 2550 in
2255 2513 2432 2552 mare:
2458 2509 2674 2568 propter
2709 2517 2789 2554 me
2813 2501 2952 2554 enim
2988 2511 3269 2571 tempestas
3297 2505 3407 2558 hare
3441 2505 3524 2558 "?

460 2596 563 2649 οὐκ
609 2595 716 2648 ἔδει
773 2594 918 2647 κατὰ
966 2591 1061 2646 τὸν
1098 2589 1112 2643 i
1168 2593 1354 2646 ἰωνᾶν
1372 2593 1546 2644 εἰπεῖν
1571 2607 1586 2622 ·
1625 2588 1838 2659 Ἀρατέ
1864 2605 1940 2658 με
1979 2587 2079 2641 καὶ
2119 2589 2417 2658 ἑμϐιὶλατε
2455 2595 2542 2660 εἰς
2571 2593 2686 2661 τὴν
2744 2592 3090 2661 θάλασσαν,
3160 2594 3236 2649 δι’
3264 2596 3370 2666 ἐμὲ
3407 2596 3519 2667 γὰρ
3545 2601 3578 2652 ό
3624 2600 3769 2653 κ.ἰύ-

461 2687 584 2743 δων
617 2684 797 2754 οὗτος
823 2688 866 2720 ¹⁹
891 2703 907 2754 ;

536 2785 635 2841 IA’.
672 2785 870 2854 Φεύγει
897 2782 916 2821 ι
953 2785 1018 2837 ἐκ
1050 2784 1148 2854 τῆς
1178 2781 1448 2853 φυλακῆς,
1475 2781 1570 2834 καὶ
1604 2779 1826 2851 ἔρχεται
1851 2779 1931 2841 εἰς
1962 2778 2062 2848 τὴν

466 2878 896 2950 Μεσοποταμίαν
925 2895 937 2909 ·
973 2877 1110 2932 ἀλλὰ
1153 2877 1374 2947 ἀπαντᾷ
1405 2875 1556 2946 αὐτῷ
1589 2873 1753 2928 ὅπλον
1781 2871 2065 2926 δικαιοσύ-

465 2991 586 3044 νης,
634 2972 932 3042 Ἀρχέλαος
963 2969 1262 3032 ἐπίσκοπος
1289 2968 1403 3040 (Π)
1437 2983 1450 2998 ο
1485 2967 1580 3020 καὶ
1627 2968 1722 3020 ἐπὶ
1756 2965 2066 3034 φιλοσόφων

467 3064 674 3137 κριτῶν
706 3063 954 3132 ἐλέγξας,
982 3063 1355 3134 ἀκροατήριον
1386 3059 1699 3131 Ἑλληνικὸν
1719 3058 2067 3128 συστησάμε-

468 3177 580 3225 νος,
614 3159 702 3212 ἵνα
736 3157 815 3228 μή
841 3155 1190 3227 Χριστιανῶν
1219 3154 1537 3226 κρινόντων,
1559 3152 1783 3218 δόξωσιν
1807 3153 1856 3204 οἱ
1879 3149 2068 3222 κριταὶ

2245 2775 2392 2831 XIV.
2433 2775 2593 2848 Fugit
2620 2793 2683 2832 ex
2715 2792 2958 2845 carcere,
2991 2779 3130 2834 etin
3170 2778 3626 2848 Mesopotamiam
3672 2807 3764 2844 ve.

2177 2871 2278 2925 nit.
2310 2869 2507 2925 Verum
2545 2871 2654 2928 illic
2693 2872 2933 2926 occurrit
2977 2871 3027 2927 ei
3063 2874 3228 2928 telum
3268 2876 3520 2946 justitiae,
3555 2880 3772 2936 Arche-

2175 2965 2296 3019 laus
2336 2965 2662 3035 episcopus,
2699 2966 3006 3035 praepositis
3049 2966 3257 3036 judicio
3306 2969 3669 3041 pliilOSOphis,
3718 2985 3772 3028 et

2175 3059 2436 3114 advocata
2465 3059 2822 3113 Ethnicorum
2865 3061 3154 3126 concione,
3192 3077 3262 3117 ne
3304 3063 3348 3116 si
3389 3062 3530 3120 forte
3557 3066 3774 3136 judica-

2179 3159 2299 3205 reut
2324 3151 2644 3216 Christiani,
2684 3151 2963 3206 videretur
2989 3153 3288 3223 gratiosum
3317 3171 3440 3210 esse
3478 3157 3771 3226 judicium.

467 3211 815 3324 χαρίζεσθαί
867 3211 1006 3317 Ᾰέγε
1032 3255 1094 3309 ’³,
1142 3211 1307 3318 φησίν
1363 3245 1393 3297 ὁ
1451 3211 1739 3316 Ἀρχέλαος
1790 3211 1932 3313 πρὸς
1974 3242 2061 3295 τὸν

2173 3242 2265 3299 Ille
2320 3256 2503 3298 autem
2552 3244 2788 3314 patentis
2831 3245 3067 3315 sepulcri
3109 3247 3282 3302 instar
3312 3265 3372 3302 os
3402 3249 3610 3305 habens
3642 3253 3708 3317 υ,
3744 3269 3774 3306 a

470 3344 775 3399 Μάνενταὸ
797 3351 826 3378 η
853 3341 1155 3412 κηρύσσεις
1187 3355 1202 3370 ο
1240 3340 1268 3392 0
1295 3338 1352 3391 δὲ
1384 3338 1459 3399 ὡς
1501 3337 1670 3405 τάφον
1707 3334 2062 3404 ἀνεῳγμένον

471 3438 610 3510 ἔχων
657 3437 720 3490 τὸ
778 3437 975 3506 στόμα,
1007 3434 1115 3489 ἀπ’)
1171 3433 1270 3503 τῆς
1314 3428 1671 3502 βλασφημίας
1697 3431 1918 3497 πρίῗιτον
1968 3426 2066 3480 τοῦ

475 3529 708 3600 Ποιητοῦ
753 3529 863 3582 τῶν
895 3528 1035 3581 ὅλων
1078 3526 1280 3596 ἦρχετο
1325 3525 1554 3593 φάσκων
1585 3561 1600 3587 ,
1641 3521 1722 3574 ὅτι
1754 3521 1781 3573 0
1819 3520 1920 3591 τῆς
1952 3519 2063 3572 Πα-

471 3624 633 3687 λαιᾶς
657 3621 812 3686 Θεὸς,
845 3619 1033 3674 κακῶν
1066 3615 1217 3672 ἐστιν
1247 3617 1480 3688 εὑρετής
1507 3633 1521 3647 ο
1548 3615 1724 3680 λέγων
1758 3615 1884 3684 περὶ
1938 3613 2067 3666 ἐαυ-

469 3713 589 3776 τοῦ,
638 3711 781 3782 Ἐγὼ
813 3711 933 3778 πῦρ
967 3707 1429 3762 καταναλίσκον
1458 3706 1503 3736 ⁸ο
1537 3721 1549 3732 ·
1582 3707 1610 3758 0
1639 3705 1697 3758 δέ
1733 3721 1826 3773 σος
1840 3703 1900 3766 ὸς
1941 3704 2069 3773 Ἀρ-

471 3805 664 3877 χέλαος
695 3805 879 3870 ἐξέλυε
925 3801 1024 3872 τὴν
1059 3799 1412 3872 βλασφημίαν
1449 3797 1596 3870 [cod.
1633 3797 1673 3851 f.
1711 3795 1827 3868 9L]
1861 3793 2066 3850 εἰπών·

471 3901 535 3954 Εἰ
559 3902 587 3953 0
607 3899 706 3969 τῆς
725 3897 968 3959 Παλαιᾶς
989 3894 1143 3956 Θεὸς,
1161 3893 1302 3947 κατὰ
1327 3893 1418 3946 τὸν
1444 3892 1536 3944 σιν
1553 3890 1731 3958 λόγον,
1751 3890 1860 3959 πῦρ
1875 3888 2070 3942 ἐαυτὸν

469 3995 640 4063 λέγει,
660 3993 804 4055 τίνος
827 3991 941 4050 υἱός
959 3993 1106 4042 ἐστιν
1128 3990 1156 4040 0
1171 3986 1365 4054 λέγων,
1387 3984 1513 4051 Πῦρ
1533 3979 1957 4054 ἦλθον-βαλεῖν
1971 3980 2070 4033 ἐπὶ

470 4086 586 4154 τὴν
619 4083 739 4154 γῆν
764 4086 806 4115 ἰ
837 4101 850 4150 ;
881 4085 976 4136 καὶ
1009 4083 1057 4133 εἰ
1092 4081 1284 4150 μέμφῃ
1319 4079 1411 4131 τὸν
1443 4077 1690 4146 λέγοντα,
1728 4075 1941 4141 Κύριος
1970 4076 2072 4126 0a-

469 4176 646 4233 νατοῖ
694 4175 789 4230 καὶ
824 4172 1102 4242 ζωογονεῖ
1122 4171 1191 4234 ³³,
1216 4170 1304 4224 διὰ
1347 4169 1397 4223 τί
1427 4169 1592 4239 τιμᾷς
1629 4166 1834 4237 Πέτρον
1867 4167 1912 4196 ²⁹
1932 4203 1946 4228 ,
1973 4163 2070 4234 τὴν

472 4269 716 4324 Ταϐιθάν
771 4268 870 4338 μὲν
920 4265 1236 4334 ἐγείραντα,
1283 4261 1385 4333 τὴν
1445 4260 1499 4313 δὲ
1538 4259 1861 4328 Σαπφειραν
1903 4256 2069 4309 θανα-

471 4364 726 4418 τώσαντα
758 4359 908 4433 (I8);
955 4360 1004 4411 εί
1037 4357 1096 4410 δέ
1130 4356 1224 4410 καὶ
1261 4355 1454 4426 μέμφῃ
1494 4355 1572 4406 ὅτι
1602 4352 1714 4422 πῦρ
1747 4349 2067 4419 ἡτοίμασεν,

468 4460 561 4514 διὰ
588 4459 641 4511 τί
677 4457 736 4510 οὐ
771 4457 962 4527 μέμφῃ
985 4452 1077 4506 τὸν
1117 4451 1368 4520 λέγοντα,
1399 4447 1736 4516 Πορεύεσθε
1751 4448 1839 4510 εἰς
1862 4443 1926 4497 τό
1949 4442 2070 4510 πῦρ

467 4553 536 4608 τὸ
588 4550 830 4605 αἰώνιον
860 4565 878 4615 ;
907 4550 956 4602 εἰ
1020 4545 1213 4616 μέμφῃ
1271 4542 1362 4596 τὸν
1409 4539 1680 4610 λέγοντα,
1721 4535 1872 4607 Ἐγὼ
1924 4535 2102 4601 Θεὸς,

471 4643 662 4699 ποιῶν
689 4641 946 4711 είρήνην
968 4639 1068 4693 καί
1105 4636 1318 4698 κτίζων
1357 4634 1534 4695 κακὰ,
1571 4632 1661 4686 διὰ
1694 4631 1744 4684 τί
1779 4630 1840 4684 ού
1875 4629 2071 4702 μέμφῃ

469 4738 562 4790 τὸν
607 4736 820 4806 Ἰησοῦν
869 4735 1116 4801 λέγοντα,
1161 4733 1283 4785 Οὐκ
1314 4725 1508 4800 ἦ10ον
1553 4724 1778 4791 ,βαλεῖν
1818 4721 2071 4792 εἰρήνην

469 4830 568 4883 ἐπὶ
601 4827 712 4898 τῆς
755 4825 888 4897 γῆς,
931 4826 1102 4881 ἀλλὰ
1133 4822 1480 4894 μιίχαιραν;
1517 4818 1845 4890 ἀμφοτέρων
1870 4816 2071 4870 dies.

1140 4982 1182 5014 ¹⁸
1211 4979 1336 5035 Jon.
1371 4995 1407 5042 I,
1444 4975 1528 5032 12.
1611 4975 1653 5008 ¹⁹
1685 4973 1824 5028 Psal.
1855 4988 1907 5029 v.
1943 4970 2030 5025 Il.

542 4990 585 5020 ¹⁷
619 4987 780 5043 Joau.
811 5001 969 5048 κει-ιιι,
1007 4984 1061 5040 8.
1140 4984 1182 5014 ¹⁸
1211 4984 1336 5035 Jon.
1371 4995 1407 5042 I,
1444 4984 1528 5032 12.
1611 4984 1653 5008 ιν
1685 4984 1784 5028 l’sa

548 5061 673 5110 Act.
724 5076 802 5110 ιι.
836 5059 945 5110 40;
981 5073 1036 5110 v.
1066 5055 1119 5110 5.
1198 5054 1242 5085 ’δ
1282 5052 1438 5107 Deut.
1479 5064 1652 5110 xxx”,
1691 5045 1784 5099 22.

470 5062 517 5093 "
548 5061 673 5116 Act.
724 5076 802 5126 ιι,
836 5059 945 5124 40;
981 5073 1036 5124 v,
1066 5055 1119 5110 5.

2110 4969 2157 5001 ²⁶
2207 4968 2364 5024 Deut.
2404 4986 2490 5035 tv,
2527 4967 2619 5024 ει.

1862 5044 1908 5074 ³⁸
1935 5042 2126 5096 Matth.
2163 5057 2290 5106 xxv,
2323 5041 2414 5096 Η.

2170 3337 2511 3406 blasphemia
2535 3337 2798 3392 adversus
2815 3338 3060 3392 oumium
3085 3355 3263 3393 rerum
3299 3339 3582 3396 Faetorem
3609 3359 3774 3398 exor-

2169 3445 2264 3484 sus
2297 3441 2382 3483 est
2405 3431 2593 3485 dicens
2626 3449 2638 3484 :
2675 3430 2884 3484 Veteris
2907 3429 3241 3487 Testamenti
3272 3433 3467 3500 Deum,
3505 3437 3771 3490 malorum

2168 3534 2292 3575 esse
2342 3520 2710 3587 inventorem,
2751 3521 3194 3591 quandoquidem
3251 3525 3319 3578 de
3377 3540 3436 3578 se
3482 3524 3557 3579 ait.
3599 3544 3611 3579 :
3663 3527 3776 3597 Ego

2173 3611 2310 3682 ignis
2361 3629 2669 3667 consumens
2721 3630 2837 3667 sum
2892 3615 2959 3668 ὀ.
2999 3614 3231 3684 Sapiens
3284 3631 3412 3671 vero
3473 3618 3776 3674 Archelaus

2169 3705 2568 3776 blasphemiam
2598 3707 2931 3762 dissolvebat
2964 3707 3193 3762 dicens:
3243 3707 3298 3762 Si
3333 3709 3536 3765 veteris
3583 3710 3777 3766 Testa-

2170 3797 2342 3852 meuti
2377 3798 2540 3862 Deus,
2576 3805 2636 3852 ut
2669 3798 2771 3858 ais.
2798 3799 2975 3870 ignem
3018 3815 3076 3854 se
3111 3799 3267 3866 dicit,
3290 3801 3576 3870 cujusuam
3603 3799 3774 3857 Filius

2172 3900 2257 3948 cst
2281 3891 2371 3962 qui
2403 3893 2480 3946 ait
2509 3909 2520 3944 :
2568 3891 2747 3961 Ignem
2784 3894 2901 3946 veni
2945 3894 3148 3946 mittere
3175 3893 3230 3946 in
3282 3903 3478 3947 terram
3499 3894 3582 3946 υἱ)
3613 3893 3772 3960 Quod

2173 3985 2217 4039 si
2250 3984 2608 4053 reprehendis
2636 3985 2909 4038 dicentem
2943 4002 2956 4038 :
2991 3983 3248 4037 Dominus
3289 3985 3574 4053 morti/ient
3612 3996 3661 4039 et
3697 3986 3774 4039 vi-

2171 4077 2350 4146 viﬁcat
2392 4077 2478 4134 “z
2531 4091 2646 4141 cur
2702 4075 2925 4130 Petrum
2987 4075 3256 4139 honoras,
3318 4077 3409 4145 qui
3485 4076 3772 4131 Tabitham

2171 4169 2389 4237 quidem
2422 4165 2788 4230 resuscitavit,
2829 4167 2924 4218 sed
2958 4166 3244 4234 Saphiram
3291 4165 3399 4218 leti
3429 4165 3654 4220 tradidit
3683 4166 3770 4218 ”?

2177 4257 2284 4328 19
2327 4257 2465 4311 Tum
2501 4256 2546 4310 si
2578 4257 2858 4326 vituperas
2879 4257 3024 4327 quod
3057 4257 3238 4326 ignem
3277 4257 3549 4325 paraverit
3575 4257 3644 4321 “,
3675 4273 3775 4312 cur

2172 4366 2283 4405 non
2314 4349 2672 4420 reprehendis
2694 4349 2788 4419 qui
2825 4348 2957 4403 dicit
2987 4345 3104 4401 :Ite
3130 4349 3184 4401 in
3208 4349 3379 4420 ignem
3411 4358 3667 4402 mternum
3689 4351 3774 4403 ’⁸2

2173 4439 2228 4494 Si
2247 4440 2560 4510 expostules
2581 4439 2724 4509 quod
2743 4439 2972 4495 dixerit:
2999 4439 3109 4511 Ego
3132 4439 3268 4493 Dens
3291 4441 3492 4508 faciens
3520 4458 3701 4511 pacem
3723 4453 3772 4496 et

2176 4549 2362 4587 creans
2392 4533 2537 4586 mala
2564 4534 2646 4600 ²⁶;
2693 4549 2792 4588 cur
2834 4548 2945 4587 non
2980 4533 3212 4603 castigas
3236 4532 3421 4588 Jesum
3456 4535 3722 4590 dicentem
3755 4555 3769 4589 :

2177 4627 2299 4682 Non
2327 4629 2444 4682 veni
2477 4643 2659 4696 pacem
2691 4629 2898 4681 mittere
2939 4628 2995 4680 in
3043 4638 3263 4692 terram,
3301 4629 3390 4682 sed
3421 4626 3662 4699 gladium
3686 4627 3771 4682 '7?

2178 4720 2316 4775 Cum
2342 4721 2503 4776 ambo
2531 4720 3014 4790 parialoqnantur,
3045 4721 3369 4774 alterutrum
3401 4730 3537 4786 stat;
3575 4735 3774 4790 nempe

2182 4822 2243 4868 ut
2282 4813 2369 4868 vel
2399 4812 2563 4868 ambo
2592 4813 2662 4868 ob
2693 4813 2943 4867 eamdem
2983 4812 3317 4867 locutionem
3350 4812 3478 4867 boni
3510 4815 3652 4879 sint;
3690 4813 3773 4867 vel

2731 4969 2773 5000 “
2809 4967 2939 5042 Luc.
2975 4984 3048 5042 litt
3072 4967 3220 5042 ,ωδ
3331 4967 3424 5042 ’τι
3455 4969 3589 5042 Reg.
3624 4985 3684 5030 ιι,
3715 4971 3770 5022 ὓ.

2489 5041 2535 5072 ³⁸
2573 5040 2643 5094 Is.
2680 5056 2803 5106 XLV,
2855 5040 2908 5092 7.
2985 5041 3029 5070 ’⁷
3069 5040 3258 5094 Matth.
3285 5057 3338 5105 Χ,
3365 5041 3454 5096 54.

1779 5158 2014 5216 VARle
2057 5157 2232 5212 LEC'I‘
2242 5155 2349 5212 1οΝ
2361 5155 2464 5212 ES.

547 5293 832 5368 {Cyrillus
871 5289 1188 5368 ἐλευθερίαν
1237 5283 1592 5368 πλάττεσθαι,
1649 5277 2308 5368 libertatemJsiutn‘larej!

478 5370 494 5411 i
530 5367 598 5425 R.
628 5357 977 5438 μιμίσασθαι.
1057 5357 1078 5414 ι’
1114 5360 1189 5416 Ita
1221 5374 1415 5429 reapse
1444 5357 1637 5424 codex,
1673 5369 1783 5408 non
1820 5362 2002 5406 autem
2030 5366 2061 5402 κ

2177 5357 2363 5406 αὐτόν.

721 5447 747 5476 ιι
777 5437 844 5490 li.
876 5439 924 5491 0.

470 5442 638 5510 λέγει.

2389 5275 2506 5329 ειῖ.
2579 5276 2797 5344 Μάνην.
2901 5272 3118 5332 hDeest
3160 5293 3240 5344 τῳ
3296 5275 3451 5328 παιδὶ
3491 5275 3634 5345 apud
3703 5274 3768 5332 [ι.

2474 5348 2499 5386 ι
2527 5347 2592 5402 Β.
2628 5347 2920 5419 ἐμϐάλετε.
3006 5346 3018 5385 ¹
3053 5349 3353 5418 Interponit
3382 5347 3548 5401 καὶίι.
3625 5357 3663 5382 ω
3704 5347 3772 5402 ιι.

2012 5512 2254 5570 NOTAE.

545 5652 654 5721 (I7)
690 5645 938 5721 Archelai
962 5659 1086 5699 cum
1116 5643 1339 5721 manete
1361 5639 1532 5721 multo
1564 5635 1843 5721 cepiosior
1873 5635 2066 5721 dispit-

475 5706 609 5778 tat‘io
632 5706 810 5777 exstat
839 5718 984 5773 edita
1016 5715 1342 5788 egregieque
1373 5706 1650 5788 illustrata—
1675 5726 1710 5788 ιι
1746 5708 1816 5762 cl.
1851 5706 2064 5788 viruit.

476 5798 541 5848 A.
569 5791 860 5863 Zaeagnio,
894 5780 1393 5863 bililio'tlie'e:e_'_\'at.
1419 5780 1848 5863 oliin‘prmfecto,
1872 5780 1927 5831 iu
1953 5780 2072 5846 ejus

477 5853 802 5922 collectidne
826 5875 1072 5915 monum.
1103 5866 1212 5912 vet.
1241 5856 1426 5909 lionue
1454 5853 1614 5907 1598.

555 5936 667 6008 (18)
723 5933 783 5988 In
823 5929 1028 5987 codicis
1069 5928 1316 5999 margine
1351 5927 1421 5980 ita
1463 5942 1476 5979 :

1521 5923 1617 5978 καὶ
1648 5921 1754 5996 μὴν
1783 5917 2075 5993 κύτὸςξέδι-

2174 5635 2364 5701 δαξας,
2414 5635 2490 5696 ὡς
2539 5632 2868 5702 ἀτιμάζουσι
2906 5631 3133 5699 Πέτρον,
3165 5630 3262 5693 τὰς
3310 5630 3367 5682 δέ
3425 5632 3657 5700 πράξεις
3711 5631 3773 5683 ού

2176 5706 2456 5778 δέχονταιε
2483 5705 2631 5774 atqui
2665 5715 2720 5778 tu
2748 5705 2859 5774 ipse
2894 5719 2986 5778 nos
3006 5703 3249 5763 docuisti,
3280 5708 3348 5778 oti
3375 5703 3501 5778 ipsis
3519 5703 3780 5778 contemni

2181 5773 2423 5841 Petrum,
2445 5786 2490 5829 et
2514 5773 2874 5845 apostolorum
2902 5775 3033 5825 Acta
3057 5789 3157 5825 non
3188 5773 3366 5845 recipi.
3395 5773 3602 5827 Tamen
3624 5775 3752 5828 alite

2183 5850 2252 5906 de
2283 5844 2656 5921 apostolorum
2684 5846 2834 5901 Actis
2865 5859 3030 5914 supra
3062 5860 3114 5914 p.
3150 5844 3236 5898 Η.
