4142 6448
515 449 661 512 1263

1918 447 2152 509 PETRI
2209 450 2463 513 SICULI

3688 457 3830 522 126$

519 569 562 622 si
596 563 943 636 inculpabilis
975 562 1141 619 Jcsus
1161 572 1247 620 est
1274 565 1345 619 ita
1371 563 1620 633 loquens,
1651 577 1750 618 cur
1779 562 1930 618 illum
1965 564 2079 618 vitu

2221 562 2511 634 λεγόντων,
2541 566 2688 620 δυοῖν
2719 567 2949 637 θάτερον
2976 587 2990 600 ο
3022 571 3053 642 ἢ
3086 571 3390 642 ἀμφότεροι
3421 572 3574 627 καλοὶ
3597 574 3695 628 διὰ
3720 578 3825 646 τὴν

519 674 679 729 peras
702 657 795 728 qui
818 657 1071 712 similiter
1093 656 1146 711 in
1168 664 1352 711 vetere
1379 655 1642 726 loquitur?
1665 654 1970 726 Respondit
1990 655 2120 712 huic

519 752 712 805 Manes
744 766 758 806 :
793 748 1058 816 Quisnam
1087 762 1218 802 vero
1247 745 1389 800 Deus
1407 745 1684 800 excaacat?
1712 745 1877 816 Atqui
1911 745 2113 802 Paulus

517 845 593 898 ait
617 861 629 898 ε
650 843 714 897 1η
748 842 935 914 quibus
969 841 1106 895 Deus
1136 839 1295 909 hujus
1317 837 1497 893 sa'culi
1519 839 1799 893 excwcavil
1823 838 2119 908 inﬁdelium

522 946 740 1000 mentes,
770 944 827 988 ut
856 951 960 988 non
992 932 1193 1004 fulgeat
1225 932 1352 1001 ipsis
1376 930 1702 986 illuminatio
1733 931 1968 985 scientia'
2001 932 2118 1001 glo-

517 1033 614 1085 riaz
665 1029 941 1100 Evangelii
1000 1027 1197 1088 Christi
1218 1025 1304 1078 '8?
1363 1025 1503 1079 Tum
1572 1040 1766 1079 rursus
1814 1025 2118 1080 Archelaus

517 1121 974 1192 subdistinguens
1015 1119 1137 1175 ait:
1197 1118 1340 1191 Lege
1393 1127 1551 1173 antea
1593 1117 1725 1188 quid
1778 1116 1882 1171 sibi
1933 1117 2063 1171 velit
2101 1133 2112 1169 :

513 1215 660 1286 quod
685 1213 730 1269 si
761 1213 926 1268 etiam
959 1221 1039 1267 est
1073 1221 1327 1283 opertmn
1370 1210 1726 1282 Evangelimn
1754 1219 2026 1275 nostrum,
2059 1211 2113 1264 in

516 1309 582 1364 iis
603 1308 693 1379 qui
725 1316 958 1378 pereunt
981 1315 1232 1377 opertum
1265 1314 1366 1360 est.
1406 1303 1600 1360 Viden’
1627 1304 1770 1370 quod
1802 1304 1868 1356 iis
1901 1303 1992 1374 qui
2023 1320 2114 1372 pe-

515 1411 670 1457 reunt
697 1409 935 1471 opertum
961 1401 1029 1454 sit
1061 1399 1152 1454 "‘i
1183 1400 1301 1454 Non
1338 1398 1478 1452 enim
1510 1406 1713 1468 oportet
1749 1395 1952 1452 Sancta
1984 1399 2115 1451 dare

512 1495 735 1548 canibus
759 1493 826 1545 ³ο.
847 1492 1115 1546 Prmterea
1141 1504 1273 1544 num
1299 1489 1500 1543 veteris
1523 1489 1903 1543 tantummodo
1921 1488 2116 1542 Testa-

515 1589 685 1643 menti
721 1587 868 1642 Deus
901 1585 1202 1640 inﬁdelium
1239 1591 1454 1638 mentes
1475 1582 1813 1637 excaecavit?
1843 1597 1913 1636 an
1945 1581 2110 1636 etiam

508 1679 672 1734 Jesus
700 1679 839 1748 ipse,
871 1675 962 1748 qui
989 1675 1215 1730 Paulum
1249 1689 1469 1745 quoque
1493 1675 1820 1740 exc-tecavit;
1849 1672 2110 1744 quoniam

508 1771 647 1826 dixit
681 1789 693 1824 :
741 1771 946 1824 Idcirco
983 1770 1037 1822 in
1082 1767 1352 1838 parabolis
1404 1767 1509 1821 illis
1545 1767 1749 1838 loquor,
1791 1777 1845 1820 ut
1879 1768 2110 1822 videntes

510 1881 616 1917 non
656 1863 869 1917 videant
891 1862 984 1915 "?
1014 1859 1152 1916 Num
1185 1861 1312 1932 quia
1342 1861 1566 1927 odisset,
1602 1860 1817 1915 volebat
1852 1875 1949 1914 eos
1987 1860 2108 1914 visu

2222 658 2514 728 ὁμολεξίαν
2541 677 2555 691 ο
2590 661 2623 731 ἢ
2655 662 2702 713 el
2736 679 2758 699 ο
2785 662 3124 735 ἀνέγκλητος
3159 665 3366 736 Ἰησοῦς
3405 666 3578 722 ταῦτα
3616 669 3830 738 λέγων,

2220 749 2312 804 διὰ
2360 752 2417 805 τι
2476 752 2659 822 λέγεις
2687 755 2776 808 τὸν
2823 756 2894 810 τὰ
2922 757 3087 828 ὃμοια
3115 760 3174 811 ἐν
3199 762 3267 832 τῇ
3299 760 3512 834 Παλαιᾷ
3539 761 3786 832 λέγοντα
3813 781 3830 828 ;

2225 839 2358 900 Εἶτα
2385 847 2414 899 6
2462 847 2655 917 Μάνης
2705 847 2844 918 πρὸς
2887 850 3052 904 αὑτὸν
3109 851 3295 921 λέγει·
3329 855 3438 908 Καὶ
3482 857 3638 919 ποῖος
3691 855 3833 920 Θεὸς

2220 937 2446 1006 τυφλοῖς
2481 937 2694 1003 Παῦλος
2751 940 2862 1012 γάρ
2921 944 3073 996 ἐστιν
3133 945 3162 997 6
3219 944 3434 1014 λέγων·
3484 947 3588 1002 Ἐν
3662 943 3763 1015 οἷς
3797 952 3833 1003 ὁ

2222 1030 2369 1097 Θεὸς
2391 1029 2499 1085 τοῦ
2537 1029 2754 1098 αἰῶνος
2796 1033 3012 1088 τούτου
3053 1034 3374 1104 ἐτύφλωσε
3423 1039 3495 1093 τὰ
3530 1039 3822 1110 νοήματα

2219 1123 2340 1176 τῶν
2368 1124 2648 1179 ἀπίστων
2675 1127 2754 1190 el;
2785 1126 2850 1180 τὸ
2868 1126 2955 1196 μὴ
2982 1128 3246 1198 αὐγάσαι
3279 1131 3486 1199 αὐτοῖς
3512 1132 3623 1188 τὸν
3647 1150 3834 1203 φωτι-

2217 1216 2378 1285 σμὸν
2397 1216 2795 1287 τῆςγγὼσεως
2811 1219 2922 1290 τῆς
2940 1220 3129 1289 δόξης
3156 1223 3262 1278 τοῦ
3285 1226 3669 1296 Εὐαγγελίου
3711 1228 3826 1282 τοῦ

2217 1311 2499 1377 Χριστοῦ.
2547 1313 2606 1365 '0
2635 1313 2692 1366 δὲ
2727 1315 3020 1388 ’Λρχέλαος
3059 1317 3245 1382 πάλιν,
3279 1318 3573 1386 ὐποστίξας
3596 1330 3628 1370 P
3662 1323 3827 1392 φησί’

2217 1402 2608 1473 Προανάγνωθι
2645 1404 2673 1458 ὃ
2702 1405 2850 1474 λέγει
2886 1406 2983 1460 νῦν
3007 1424 3021 1438 ·
3053 1409 3101 1461 εἰ
3131 1409 3186 1462 δὲ
3218 1411 3313 1464 καὶ
3367 1411 3482 1465 ἔστι
3532 1415 3829 1486 κεκαλυμ·

2218 1492 2380 1563 μένον
2434 1496 2496 1548 τὸ
2541 1497 2880 1565 Εὑαγγέλιον
2934 1498 3114 1570 ήμῶν,
3153 1501 3212 1554 ὲν
3261 1504 3374 1566 τοῖς
3407 1503 3824 1577 ἀπολλυμένοις

2214 1588 2333 1642 ἐστὶ
2362 1591 2822 1661 κεκαλυμμένον
2848 1609 2862 1623 ο
2893 1594 3024 1665 ὁρᾷς
3055 1594 3138 1648 ὅτι
3183 1594 3253 1649 ἐν
3303 1596 3427 1664 τοῖς
3463 1597 3826 1671 ἀπολλυμέ-

2212 1699 2342 1749 νοις
2367 1683 2742 1739 κεκάλυπται
2770 1687 2883 1750 ;οὺ
2909 1685 3007 1740 δεῖ
3021 1687 3133 1756 γὰρ
3158 1685 3389 1743 διδόναι
3416 1689 3492 1745 τὰ
3519 1690 3669 1761 ἅγια
3695 1692 3829 1760 τοῖς

2212 1774 2418 1829 κυσίν.
2459 1769 2594 1829 Εἶτα
2655 1779 2816 1844 μόνον
2842 1777 2871 1829 6
2911 1777 3010 1847 τῆς
3053 1777 3300 1841 Παλαιᾶς
3346 1778 3478 1844 Θεὸς
3524 1779 3819 1852 ἐτύφλωσε

2210 1867 2279 1920 τὰ
2305 1867 2553 1939 νοήματα
2572 1867 2682 1922 τῶν
2705 1867 2952 1922 ἀπίστων
2981 1885 2995 1934 ;
3023 1869 3056 1940 ἢ
3096 1869 3190 1924 καὶ
3229 1868 3437 1940 Ἰησοῦς
3462 1870 3636 1936 αὐτὸς
3659 1871 3690 1924 6
3717 1873 3815 1926 καὶ

504 1957 736 2012 carere?
765 1972 833 2010 an
863 1955 1045 2026 potius
1073 1955 1142 2009 ob
1168 1954 1572 2026 indignitatem,
1598 1951 1726 2023 quia
1753 1951 1944 2007 oculos
1970 1967 2092 2006 suos

2213 1927 2430 2014 Παῦλον
2459 1959 2754 2030 τυφλώσας
2781 1961 2882 2014 οὐκ
2920 1927 3132 2032 εῖρησςε,
3165 1961 3269 2016 Διὰ
3291 1927 3475 2018 τοῦτο
3514 1963 3591 2017 ἐν
3611 1927 3818 2034 ampu-

503 2058 704 2118 sponte
751 2047 1138 2104 occluserunt?
1184 2046 1285 2102 Ubi
1338 2046 1486 2100 enim
1540 2044 1848 2100 voluntaria
1895 2045 2104 2100 malitia

505 2151 612 2206 est,
666 2141 796 2194 inde
848 2155 908 2194 se
957 2139 1215 2192 subducit
1263 2137 1434 2207 gratia
1488 2135 1829 2190 illuminatis.
1885 2135 2100 2189 Etenim

505 2232 753 2296 habenti,
786 2231 1034 2296 dabitur;
1057 2229 1125 2283 ab
1155 2245 1222 2283 eo
1247 2241 1430 2283 autem
1454 2227 1547 2298 qui
1584 2243 1694 2282 non
1729 2227 1908 2288 habet.
1935 2227 2099 2281 etiam

501 2325 652 2394 quod
683 2322 896 2377 videtur
927 2323 1151 2383 habere,
1182 2320 1550 2375 auferetur".
1586 2319 1744 2386 Quod
1779 2319 1822 2373 si
1875 2319 2099 2390 quidam

500 2426 655 2471 recte
673 2417 1128 2486 interpretantur,
1153 2413 1342 2468 licebit
1359 2428 1469 2467 non
1495 2413 1677 2483 inepte
1694 2411 1858 2466 etiam
1875 2410 2062 2465 dicere
2082 2429 2096 2466 :

498 2513 828 2582 Quanquam
880 2509 1175 2565 excaecavit
1215 2507 1516 2562 inﬁdelium
1568 2516 1805 2568 mentes,
1840 2506 2096 2559 utetiam

497 2607 654 2662 Pauli
701 2605 891 2660 oculos
938 2603 1216 2668 Christus,
1265 2602 1473 2656 utiliter
1516 2600 1568 2654 id
1615 2609 1798 2655 tamen
1839 2601 1971 2671 egit,
2037 2608 2098 2653 ut

496 2700 574 2753 illi
615 2699 683 2753 ad
733 2700 1083 2753 sanctitatem
1139 2697 1500 2766 respicerent.
1549 2690 1671 2749 Non
1719 2693 1867 2749 enim
1907 2691 2092 2748 dixit:

494 2791 808 2848 Excmcavit
846 2791 1085 2846 animam
1117 2790 1361 2853 illorum,
1393 2789 1491 2844 sed
1521 2795 1724 2842 mentes
1756 2787 2056 2858 inﬁdelium
2075 2804 2094 2855 ;

492 2887 569 2940 ita
601 2893 661 2940 ut
684 2885 975 2940 verborum
1005 2899 1202 2938 sensus
1227 2882 1326 2938 sit:
1353 2880 1576 2936 Excmca
1599 2881 1922 2936 scortator-is
1939 2895 2093 2936 scor-

495 2987 704 3034 tantem
738 2986 1000 3041 mentem,
1041 2985 1102 3030 ut
1127 2975 1292 3029 homo
1318 2973 1389 3028 sit
1415 2973 1598 3028 salvus
1636 2990 1650 3027 :
1680 2987 1894 3026 exezeca
1921 2971 2094 3026 latro-

491 3071 580 3125 nis
624 3069 1043 3124 latrocinantem
1098 3081 1464 3138 rapacemque
1504 3064 1772 3126 animum,
1825 3073 1883 3118 ut
1925 3063 2091 3118 homo

491 3165 754 3220 salvetur.
795 3163 953 3228 Quod
1002 3161 1047 3216 si
1083 3161 1292 3216 dictum
1344 3159 1651 3230 intelligere
1697 3157 1777 3212 sic
1821 3157 2086 3220 nolueris,

489 3265 578 3312 est
623 3256 728 3310 alia
762 3270 981 3326 quoque
1023 3255 1356 3325 explanatio.
1399 3253 1652 3308 Excaacat
1700 3251 1811 3322 20
1861 3252 2088 3306 hebetes

487 3351 681 3405 oculos
713 3350 877 3404 etiam
907 3349 1009 3404 sol.
1035 3358 1091 3403 et
1111 3347 1403 3418 lippientes
1431 3355 1778 3401 exerceantur
1805 3346 1948 3409 luce;
1972 3361 2084 3399 non

487 3443 634 3512 quod
661 3450 1032 3497 exetecantetn
1058 3449 1309 3494 naturam
1331 3437 1412 3491 sol
1441 3437 1660 3502 habeat,
1684 3437 1778 3491 sed
1802 3436 1927 3504 quia
1953 3451 2088 3488 ocn-

485 3539 664 3592 lorum
703 3545 878 3591 status
919 3533 1173 3588 inﬁrmus
1201 3541 1304 3586 est.
1333 3531 1422 3587 Sic
1449 3531 1614 3586 etiam
1643 3529 1910 3589 inﬁdeles.
1936 3528 2086 3581 labo-

486 3629 738 3684 rantibus
769 3628 962 3682 morbo
990 3625 1298 3691 animabus,
1351 3633 1604 3694 Spectare
1651 3621 1960 3676 Divinitatis
1994 3637 2083 3675 ra-

483 3725 604 3778 dios
638 3730 942 3794 nequeunt.
999 3720 1064 3774 Et
1103 3735 1214 3773 non
1264 3718 1403 3773 dixit
1458 3733 1472 3771 :
1518 3715 1826 3771 Excmcavit
1867 3715 2084 3769 illorum

485 3826 723 3880 mentes,
751 3814 1049 3886 quominus
1093 3810 1445 3882 Evangelinm
1483 3809 1757 3878 fulgeret;
1811 3807 1908 3862 sed
1948 3822 2084 3877 quo-

483 3911 671 3966 minus
697 3906 1024 3962 illuminatio
1053 3904 1239 3977 gloria:
1270 3901 1550 3972 Evangelii
1581 3899 1786 3954 Christi
1823 3899 2076 3970 fulgeret.

478 4003 726 4072 Namque
751 4000 942 4056 audire
975 3995 1352 4068 Evangelium,
1382 3993 1595 4049 cunctis
1615 3993 1956 4057 conceditur;
1982 3992 2078 4047 sed

480 4110 666 4153 tamen
692 4093 972 4164 Evangelii
995 4090 1200 4146 Christi
1233 4089 1402 4161 gloria
1447 4087 1700 4142 ﬁdelibus
1735 4085 1958 4141 famulis
1989 4101 2084 4140 τοι·

473 4202 747 4248 servatur.
782 4186 1133 4257 Loquebatur
1163 4184 1346 4253 itaque
1377 4198 1474 4253 per
1494 4182 1788 4253 parabolas
1816 4179 2076 4235 Christus

475 4286 565 4352 iis,
604 4284 696 4355 qui
727 4283 918 4338 audire
953 4297 1064 4336 non
1105 4289 1391 4351 poterant;
1417 4277 1707 4347 discipulis
1740 4294 1869 4332 vero
1901 4277 2074 4347 priva-

474 4379 572 4433 tim
605 4376 894 4448 parabolas
931 4373 1239 4444 explicabat
1263 4372 1309 4403 ³³
1342 4389 1356 4425 :
1392 4387 1593 4441 nempe
1637 4370 1823 4441 gloriae
1866 4370 2068 4442 fulgor,

469 4470 793 4526 illuminatis
827 4469 921 4535 ﬁt;
971 4465 1266 4523 excxcatio
1308 4475 1520 4528 autem,
1561 4463 1893 4519 intidelihus.
1945 4464 2071 4518 llaec

467 4581 620 4620 nunc
661 4564 761 4620 tibi
793 4563 1051 4634 mysteria
1089 4561 1345 4617 edisserit
1389 4558 1650 4624 Ecclesia,
1683 4574 1752 4613 ex
1793 4557 2068 4613 catechu—

2209 2049 2417 2116 ϐολαῖς
2445 2050 2650 2116 αὐτοῖς
2680 2047 2872 2113 λαλῶ,
2896 2049 2987 2104 ὅτι
3002 2048 3345 2118 βλέποντες
3365 2053 3438 2105 οὐ
3454 2049 3778 2116 βλέπουσι
3793 2069 3819 2116 ,-

2208 2141 2296 2212 Μὴ
2325 2143 2501 2213 μισῶν
2525 2143 2725 2206 αὐτοὺς
2749 2142 3000 2196 ἐϐούλετο
3021 2141 3169 2216 [cod.
3194 2142 3233 2197 l'.
3257 2143 3468 2217 91.Ιμὴ
3492 2143 3723 2214 βλέπειν
3744 2145 3815 2216 ﬁl

2205 2233 2291 2288 διὰ
2315 2234 2377 2288 τὸ
2401 2235 2622 2302 ἀνάξιον
2641 2276 2658 2302 ,
2688 2235 2880 2307 ἐπειδὴ
2911 2236 3038 2298 τοὺς
3070 2234 3382 2304 ὀφθαλμοὺς
3417 2236 3606 2290 αὐτῶν
3640 2235 3817 2304 ἐκάμ-

2207 2342 2426 2396 μυσαν;
2465 2327 2599 2380 ὅπου
2652 2327 2764 2399 γὰρ
2805 2328 3268 2400 αὑτοπροαίρετος
3299 2338 3328 2378 9
3366 2328 3609 2399 πονηρία
3639 2368 3656 2392 ,
3697 2329 3817 2381 ἐκεῖ

2203 2421 2298 2472 καὶ
2332 2417 2514 2489 ἀποχὴ
2545 2420 2643 2489 τῆς
2677 2419 3030 2490 φωτιζούσης
3072 2422 3294 2492 χάριτος
3329 2436 3343 2449 °
3375 2419 3454 2491 τῷ
3482 2421 3597 2490 γὰρ
3629 2419 3812 2491 ἔχοντι

2200 2511 2522 2581 δοθήσεται·
2555 2511 2665 2565 ἀπὸ
2689 2513 2746 2565 δὲ
2779 2512 2872 2566 τοῦ
2903 2514 2977 2584 μὴ
3009 2513 3224 2584 ἔχοντος
3254 2515 3346 2568 καὶ
3383 2513 3413 2567 ὃ
3466 2513 3622 2568 δοκεῖ
3655 2513 3805 2586 ἔχειν

2199 2603 2503 2674 ἀρθήσεται
2553 2603 2648 2656 ἀπ’
2674 2603 2862 2658 αὐτοῦ.
2915 2605 2978 2658 Et
3009 2604 3069 2659 δὲ
3101 2605 3197 2658 καὶ
3249 2605 3475 2668 δικαίως
3532 2606 3687 2670 τινὲς
3725 2605 3810 2670 ἐξ-

2199 2695 2624 2767 ηγοῠιιται,ἓστι
2653 2699 2746 2751 καὶ
2801 2696 2973 2762 οὕτως
3009 2700 3208 2764 εἰπεῖν,
3241 2698 3304 2752 οὐ
3350 2697 3561 2768 φαῦλον
3605 2699 3722 2769 γὰρ
3749 2697 3809 2751 τὸ

2201 2789 2356 2860 Pili-‘3
2383 2804 2396 2819 '
2423 2789 2484 2841 Εἰ
2522 2789 2620 2842 καὶ
2653 2789 2934 2860 ἐτύφλωσε
2963 2789 3072 2845 τῶν
3117 2791 3365 2845 ἀπίστων
3400 2791 3472 2846 τὰ
3509 2793 3768 2864 νοήματα
3788 2833 3802 2858 ,

2197 2878 2273 2942 ὡς
2309 2879 2404 2933 καὶ
2445 2879 2659 2934 Παύλου
2689 2881 2817 2944 τοὺς
2847 2880 3162 2952 ὀφθαλμοὺς
3188 2881 3218 2934 6
3244 2881 3504 2954 Χριστὸς,
3557 2883 3658 2937 ἐπὶ
3702 2901 3803 2938 κα-

2197 2971 2273 3042 λῷ
2297 2973 2407 3042 γὰρ
2429 2971 2762 3042 ἐτύφλωσεν.
2785 2972 2876 3027 ἵνα
2900 2975 2980 3037 εἰς
3005 2972 3073 3026 τὰ
3095 2973 3228 3042 am
3258 2973 3554 3044 βλέψωσιν.
3584 2977 3662 3030 Οὐ
3685 2976 3792 3045 γὰρ

2195 3060 2370 3133 εἶπεν,
2390 3065 2730 3134 Ἐτύφλωσεν
2751 3065 2931 3120 αὐτῶν
2953 3065 3052 3134 τὴν
3068 3065 3268 3137 ψυχὴν,
3290 3067 3446 3133 ἀλλὰ,
3475 3067 3552 3122 τὰ
3574 3068 3801 3138 νοήμα-

2193 3177 2266 3214 τα
2297 3156 2416 3213 τῶν
2444 3159 2723 3214 ἀπίστων
2782 3176 2798 3190 ο
2832 3158 2894 3212 τὸ
2924 3158 2979 3212 δὲ
3010 3160 3321 3230 λεγόμενον,
3355 3160 3602 3215 τοιοῦτόν
3634 3163 3750 3216 ἐστι
3778 3174 3793 3188 ⁶

2193 3253 2490 3323 Τὺφλωσον
2513 3251 2608 3306 τοῦ
2644 3251 2848 3323 πόρνου
2887 3250 2954 3305 τὰ
2987 3241 3223 3324 πορνικὰ
3251 3253 3505 3325 νοήματα
3529 3296 3545 3322 ,
3584 3254 3683 3308 καὶ
3711 3252 3797 3307 σέ-

2194 3365 2407 3404 σωσται
2437 3349 2466 3401 6
2526 3348 2813 3420 ἄνθρωπος
2851 3364 2864 3378 ·
2905 3348 3192 3419 τύφλωσον
3232 3348 3327 3402 τοῦ
3371 3347 3578 3422 λῃστοῦ
3607 3349 3671 3404 τὸ
3703 3349 3794 3423 λῃ-

2190 3442 2412 3514 στρικὸν
2464 3443 2558 3496 καὶ
2593 3443 2934 3514 ἁρπακτικὸν
2961 3443 3162 3514 νόημα,
3205 3444 3299 3497 καὶ
3322 3443 3595 3498 σέσωσται
3627 3445 3662 3497 6
3698 3443 3790 3498 ἂν·

2188 3535 2216 3589 θ
2226 3553 2428 3605 ρωπος.
2475 3534 2621 3590 Ἀλλ’
2643 3536 2704 3588 οὐ
2731 3535 2906 3599 Θέλεις
2926 3534 3101 3600 οὕτως
3125 3536 3315 3606 νοῆσαι
3339 3553 3354 3600 ;
3388 3535 3507 3588 ἐστι
3532 3535 3634 3590 καὶ
3658 3534 3786 3605 ἄλλη

2187 3630 2451 3703 ἐξήγησις
2478 3648 2491 3661 ·
2521 3629 2716 3700 τυφλοῖ
2751 3630 2845 3684 καὶ
2891 3629 3044 3702 ἥλιος
3098 3632 3226 3695 τοὺς
3280 3629 3783 3701 ἀμϐλυωποῦντας,

2187 3727 2283 3782 καὶ
2316 3727 2366 3780 οἱ
2400 3725 2817 3796 ὀφθαλμιῶντες
2842 3725 3175 3796 τυφλοῦνται
3200 3723 3570 3795 βλαπτόμενοι
3599 3725 3666 3778 ἐκ
3693 3719 3781 3775 τοῦ

2186 3819 2366 3889 φωτός
2399 3834 2412 3848 ·
2445 3819 2545 3885 οὐχ
2565 3819 2646 3871 ὅτι
2677 3817 3018 3886 τυφλωτικδς
3045 3818 3074 3870 6
3103 3817 3255 3889 ἥλιος
3276 3857 3292 3882 ,
3318 3815 3432 3870 ἀλλ’
3466 3816 3554 3871 ὅτι
3589 3817 3622 3887 ἡ
3661 3813 3782 3869 ὑπό⁴

2185 3931 2378 3976 στασις
2426 3912 2535 3966 τῶν
2573 3911 2840 3984 ὀμμάτων
2905 3909 3082 3981 σαθρά
3142 3911 3312 3964 ἐστιν.
3359 3906 3552 3972 Οὕτως
3587 3905 3683 3962 καὶ
3729 3903 3776 3957 οἱ

2181 4009 2402 4064 ἄπιστοι
2436 4005 2719 4069 νοσοῦντες
2747 4005 2845 4068 τὰς
2889 4003 3068 4074 ψυχὰς
3096 4002 3290 4056 ἐνιδεῖν
3317 4003 3436 4064 ταῖς
3465 4001 3571 4072 τῆς
3600 3997 3778 4068 θεότη-

2179 4117 2271 4163 τος
2301 4100 2517 4152 ἀκτῖσιν
2547 4099 2607 4152 οὐ
2641 4098 2894 4152 δύνανται
2922 4112 2936 4126 ο
2970 4096 3065 4150 καὶ
3091 4094 3194 4148 οὒκ
3214 4088 3389 4158 εἶπεν,
3426 4091 3766 4162 Ἐτύφλωσεν

2179 4191 2359 4246 αὐτῶν
2415 4190 2485 4244 τὰ
2525 4191 2794 4261 νοήματα,
2835 4189 2916 4252 εἰς
2944 4186 3003 4240 τὸ
3045 4185 3120 4258 μὴ
3145 4185 3385 4254 αὐγάσαι
3425 4185 3488 4237 τὺ
3521 4179 3766 4251 Εὐαγγέ-

2176 4285 2307 4349 λιον,
2335 4282 2450 4338 ἀλλ’
2477 4286 2565 4348 εἰς
2588 4285 2653 4337 τὸ
2670 4281 2759 4351 μὴ
2782 4279 3051 4348 αὐγάσαι
3084 4279 3191 4332 τὸν
3210 4278 3527 4348 φωτισμὸν
3544 4275 3652 4346 τῆς
3666 4272 3760 4327 δό-

2176 4379 2290 4446 ξης
2313 4376 2420 4432 τοῦ
2433 4376 2808 4446 Εὐαγγελιόυ
2826 4372 2932 4428 τοῦ
2950 4370 3230 4442 Χριστοῦ.
3259 4371 3343 4438 Τὺξ
3354 4370 3452 4442 μὲν
3469 4369 3582 4440 γὰρ
3607 4363 3766 4422 ἀκοῦ-

2175 4489 2266 4526 σαι
2305 4469 2402 4524 τοῦ
2429 4468 2788 4538 Εὑαγγελίου,
2819 4467 2988 4522 πᾶσιν
3020 4463 3234 4535 ἐφίεται
3260 4480 3275 4495 ·
3319 4462 3469 4536 [cod.
3505 4461 3546 4517 ἰ.
3580 4457 3694 4530 92.]
3732 4457 3762 4527 ή

2171 4564 2229 4618 δὲ
2273 4563 2401 4629 δόξα
2451 4561 2548 4614 τοῦ
2588 4559 2927 4629 Εὐαγγελξου
2955 4554 3218 4628 Χριστοῦ,
3270 4555 3519 4626 γνησίοις
3565 4551 3764 4611 δούλοις

467 4673 756 4713 menorum
787 4655 958 4710 classe
983 4656 1096 4725 jam
1127 4668 1350 4725 egresso
1377 4670 1389 4706 :
1413 4668 1590 4722 neque
1622 4661 1804 4706 tamen
1829 4651 2067 4706 ethnicis

2192 4655 2487 4728 ιφώρισται
2516 4670 2530 4685 ο
2574 4653 2762 4723 ἔλεγεν
2799 4651 2894 4706 οὖν
2927 4653 2954 4705 6
3003 4649 3230 4722 Κύριος,
3266 4651 3376 4713 τοῖς
3415 4647 3492 4720 μὴ
3539 4643 3758 4702 ἀκοῦσαι

467 4752 592 4807 talia
622 4765 898 4822 exponere
925 4765 1042 4804 mos
1066 4759 1256 4804 noster
1286 4757 1388 4803 est.
1421 4747 1636 4819 Quippe
1671 4746 1908 4803 ethnicis
1943 4763 2062 4817 my~

463 4845 630 4899 steria
665 4845 733 4900 de
776 4843 957 4908 Patre,
1003 4843 1142 4899 Filio
1172 4852 1228 4899 et
1264 4843 1472 4914 Spiritu
1522 4859 1713 4899 saneto
1750 4858 1858 4898 non
1889 4844 2060 4898 tradi-

461 4951 585 4991 mus
613 4954 625 4990 :
661 4951 766 4991 nec
796 4935 928 5006 ipsis
955 4935 1177 5005 quidem
1209 4935 1624 4990 catechumenis
1651 4935 1829 4990 lucide
1855 4944 2062 5007 myste-

460 5027 540 5080 ria
579 5027 1091 5091 communieamus;
1142 5027 1237 5082 sed
1290 5036 1433 5083 tecte
1477 5027 1754 5098 loquimur
1797 5045 1960 5100 szepe,
1998 5038 2058 5084 ut

455 5119 490 5172 ii
520 5120 612 5189 qui
643 5128 848 5173 norunt
877 5119 1063 5174 lideles
1089 5119 1425 5191 int-:lligant;
1454 5127 1510 5176 ct
1539 5119 1630 5191 qui
1655 5119 1928 5192 ignorant,
1954 5122 2052 5178 dc-

454 5211 777 5267 trimentum
813 5228 922 5267 non
954 5212 1253 5283 patiantur.

513 5502 558 5536 "‘
615 5501 659 5557 ll
710 5499 836 5558 Cor.
903 5505 1062 5572 ml.

445 5592 520 5643 tv,
563 5575 650 5630 54.

1180 5503 1224 5534 ¹⁹
1278 5503 1416 5560 ibid.
1445 5544 1462 5571 ,
1494 5506 1548 5560 '5.

2169 4748 2522 4819 δυναμένοιςξ,
2597 4747 2657 4801 ὲν
2718 4743 3056 4816 παραϐολαῖς
3088 4759 3102 4774 ·
3169 4744 3282 4806 τοῖς
3343 4740 3400 4795 δὲ
3473 4736 3754 4812 μαθηταῖς,

2161 4840 2358 4896 ἐπέλυε
2408 4839 2528 4894 κατ’
2555 4837 2692 4892 ἰδίαν
2737 4837 2834 4902 τὰς
2867 4835 3184 4908 παραϐολάς
3215 4852 3230 4866 ⁸
3285 4837 3314 4888 6
3353 4831 3640 4905 αὖγασμδς
3662 4826 3755 4897 τῆς

2157 4934 2338 5003 δόξης,
2370 4931 2932 5003 τοῖςπεφωτισμένοις
2952 4945 2965 4959 °
2997 4931 3036 5002 ή
3057 4929 3116 4984 δὲ
3145 4927 3419 4999 τύφλωσις
3443 4969 3458 4994 ,
3486 4928 3598 4990 τοῖς
3627 4923 3752 4976 ἀπι-

2159 5028 2367 5082 στοῦσι.
2385 5027 2573 5081 Ταῦτα
2599 5024 2668 5078 τὰ
2685 5028 2962 5096 μυστήρια
2991 5023 3088 5077 νῦν
3116 5024 3148 5095 ἡ
3181 5009 3750 5093 Ἐκκλησῑαδιηγεῖταί

2156 5140 2260 5186 σοι,
2294 5120 2372 5192 τῷ
2403 5123 2464 5174 ἐκ
2494 5119 2923 5191 κατηχουμένων
2948 5115 3438 5189 μεταϐαλλλομὲνῳ
3469 5130 3484 5146 ο
3516 5114 3611 5167 οὐκ
3639 5106 3745 5161 ἔστι

2141 5216 2246 5286 γὰρ
2269 5213 2408 5276 ἔθος,
2452 5213 2685 5276 ἑθνικοῑς
2705 5209 3199 5284 διηγεῖσθαιταῦτα
3223 5223 3236 5238 ’
3267 5209 3328 5262 οὐ
3368 5223 3478 5278 γαρ
3522 5199 3738 5259 ἐθνικαῖς

2130 5306 2198 5359 τὰ
2228 5305 2356 5376 περὶ
2389 5303 2603 5375 Πατρὺς
2621 5303 2717 5358 καὶ
2747 5305 2880 5358 Υἱοῦ
2910 5303 3006 5358 καὶ
3029 5301 3184 5370 ἁγίου
3204 5299 3518 5371 Πνεύματος
3540 5287 3738 5366 διηγοῦ⁶

2125 5404 2264 5469 μευα
2280 5417 2351 5470 μυ
2361 5399 2458 5469 στή
2467 5398 2721 5469 ριαῄοῦδὲ
2741 5415 2804 5452 πε
2817 5399 2868 5468 pi
2887 5395 3202 5468 μυστηρίων
3217 5394 3311 5448 ἐπὶ
3331 5387 3732 5465 κατηχουμένων

1662 5505 1708 5537 ³⁰
1735 5507 1932 5565 Matth.
1975 5528 2070 5577 vn,
2135 5511 2190 5568 6.

2298 5514 2341 5545 ³¹
2402 5513 2594 5569 Matth.
2659 5529 2774 5578 xnt,
2830 5512 2920 5568 15.
3030 5511 3075 5544 ⁸³
3135 5509 3265 5566 ibid.
3333 5506 3416 5562 12.
3494 5505 3540 5538 ³⁸
3574 5498 3725 5556 Marco

1733 5721 1968 5779 VARIAS
2012 5723 2426 5782 LEC'I‘IONES.

505 5877 651 5953 °_$ic
683 5879 901 5953 corrigo
925 5898 990 5937 ex
1019 5881 1243 5953 Cyrillo.
1279 5883 1416 5940 Cod.
1458 5885 1504 5939 el
1535 5885 1614 5940 δέ.

431 5950 818 6019 explicandum
849 5950 1080 6010 Videtur
1116 5954 1433 6024 ὑποστίξας,
1460 5958 1620 6029 quasi
1667 5950 1977 6031 obtur'bans,
2016 5950 2292 6021 obsistens.

1710 5889 2004 5967 PCyjrillus
2055 5891 2870 5967 υποκρούσας,-ἱηιετρειιαηεξ
2912 5906 3058 5954 recte
3087 5911 3254 5965 sane;
3308 5901 3470 5966 atque
3504 5889 3570 5946 ita
3617 5879 3710 5936 fele

2388 5975 2417 6019 ιι
2454 5964 2520 6024 R.
2554 5964 2689 6021 αὐτὸ
2727 5985 2952 6041 προαιρ.
