4142 6440
443 456 582 522 1265

1578 455 1947 518 HISTORIA
1990 457 2613 520 MANICIL‘EORUM.

3609 458 3625 522 1
3639 461 3759 525 εςε

430 571 642 637 λευκῶς
668 568 941 642 λαλοῦμεν
966 579 988 608 τ
1019 568 1159 625 ἀλλά
1196 568 1461 632 πολλάκις
1492 563 1727 638 λέγομεν
1789 569 2323 643 ἐπικεκαλυμμένως
2352 582 2398 636 ⁸,
2461 571 2550 626 ἵνα
2576 573 2625 625 οἱ
2681 568 3047 640 γινώσκοντες
3116 568 3297 627 πιστοὶ
3357 572 3613 646 νοήσωσι.
3640 578 3737 630 καὶ

427 669 480 721 οί
512 666 588 739 μὴ
619 667 825 729 εἰδότες
858 664 933 737 μὴ
958 663 1226 736 βλαϐῶσι.

502 761 601 813 lE’.
656 757 880 820 Τούτοις
932 758 1028 809 καὶ
1074 755 1255 819 ἄλλοις
1311 754 1557 810 πλείοσιν
1612 757 1951 829 ἀνετρέπετο
2001 756 2030 808 6

2207 755 2326 811 XV.
2372 754 2468 813 His
2523 757 2759 828 aliisque
2798 758 3049 829 pluribus
3078 760 3420 831 argumentis
3452 762 3621 817 draco
3658 780 3746 819 re-

428 855 670 925 δράκων⁸
694 852 978 914 τοιαύταις
1013 849 1358 919 συμπλοκαῖς
1388 852 1756 905 κατεπάλαιεν
1790 851 1883 905 τὸν
1910 851 2034 905 Mai-

430 965 531 1017 νην
578 946 606 998 6
654 944 965 1015 Ἀρχέλαος.
1004 942 1201 1011 Φεύγει
1240 942 1405 996 πάλιν
1445 945 1542 996 καὶ
1597 942 1849 997 ἐντεῦθεν
1891 945 1919 996 ὀ
1972 945 2036 995 ἐκ

430 1041 531 1111 τῆς
563 1037 810 1108 φυλακῆς
842 1035 1053 1105 φυγώνο
1089 1036 1184 1087 καὶ
1210 1034 1302 1087 τὸν
1329 1034 1745 1105 ἀνταγωνιστὴν
1780 1034 2026 1105 διαδρὰς,

431 1131 654 1199 ἔρχεται
706 1128 787 1190 είς
832 1124 1030 1196 κώμην
1087 1124 1503 1194 εὐτελεστάτην,
1563 1122 1706 1178 κατά
1744 1123 1852 1193 ίτὸν
1911 1122 2036 1190 ὅφιν

431 1224 522 1277 τὸν
574 1224 633 1276 ἐν
684 1220 1001 1293 παραδείσῳ
1035 1219 1409 1273 καταλιπόντα
1446 1219 1539 1271 τὸν
1589 1218 1803 1287 Ἀδὰμ,
1834 1216 1930 1269 καὶ⁸
1968 1218 2035 1286 τῇ

431 1315 550 1388 Εὕα
596 1314 990 1388 προσελθόντα⁶
1041 1311 1157 1366 ἀλλ’
1204 1313 1233 1364 6
1286 1312 1310 1348 ι
1347 1310 1517 1373 καλὸς
1565 1310 1771 1381 ποιμὴν
1844 1308 2038 1379 Ἀρχέ-

429 1410 595 1475 λαος,
651 1410 763 1461 τῶν
818 1405 1110 1478 προϐάτων
1164 1404 1600 1476 προνοούμενος,
1642 1402 1893 1467 ἀκούσας,
1921 1402 2038 1471 ξτὴν

432 1499 631 1570 φυγὴν,
688 1499 892 1560 εὐθέως
932 1497 1209 1569 δραμαίως
1252 1497 1345 1549 ἐπὶ
1383 1499 1481 1567 τὴν
1530 1496 1625 1550 τοῦ
1674 1496 1841 1549 λύκου
1888 1494 2040 1549 ἐπεί-

430 1611 563 1662 γετο
606 1593 856 1665 ζήτησιν·
881 1593 1076 1663 Μάνης
1144 1591 1203 1644 δὲ
1246 1590 1372 1644 ἰδὼν
1422 1591 1515 1644 τὸν
1552 1592 1849 1656 ἀντίδικον,
1888 1590 2038 1657 ἐξαί-

430 1703 575 1757 φνης
598 1694 625 1722 ιι
665 1685 967 1756 ἐξεπήδησε
1002 1684 1098 1738 καὶ
1147 1682 1369 1751 ἔφυγεν·
1401 1682 1571 1753 ἔφυγε
1615 1682 1673 1734 δὲ
1719 1681 1820 1753 τὴν
1856 1680 2039 1734 τελευ-

431 1777 593 1831 ταίαν
626 1777 830 1848 φυγήν.
861 1779 923 1831 Οἱ
955 1778 1064 1849 γὰρ
1097 1776 1191 1829 τοῦ
1232 1776 1459 1847 Περσῶν
1487 1774 1754 1844 βασιλέως
1790 1775 2039 1827 ὑπασπι-

435 1873 562 1926 σταὶ
601 1869 883 1941 πανταχοῦ
913 1868 1367 1941 διερευνώμενοι,
1416 1868 1905 1939 καταλαμϐάνουσι
1948 1866 2041 1919 τὸν

433 1966 670 2036 φυγάδαο
700 1965 797 2019 καὶ
822 1967 888 2036 ἣν
915 1963 1147 2033 ὤφειλεν
1178 1964 1272 2017 ἐπὶ
1302 1963 1396 2017 τοῦ
1426 1962 1573 2035 [cet].
1607 1963 1647 2017 Γ.
1674 1962 1764 2018 92.
1796 1962 1878 2035 In]
1919 1962 2040 2033 Ἀρι

433 2058 630 2128 χελάου
658 2055 847 2109 λαϐεῖν
895 2056 1196 2121 ἀπόφασιν,
1231 2053 1439 2122 ταύτην
1489 2053 1845 2123 ἐπιφέρουσιν
1890 2051 2039 2122 αὐτῷ
2072 2088 2113 2143 Β

430 2152 483 2203 οἱ
508 2158 533 2186 ν
559 2148 655 2202 τοῦ
690 2146 955 2218 βασιλέως
985 2146 1279 2217 ὑπηρέταιο
1314 2144 1755 2214 συλλαμϐάνεται
1785 2146 1812 2197 6
1841 2144 2035 2215 Μάνης

430 2242 492 2295 ὃν
526 2239 929 2309 προσκυνοῦσιν
958 2240 1008 2292 οί
1044 2238 1211 2292 αὑτοῦ
1243 2238 1487 2309 μαθηταὶ
1527 2238 1601 2302 ὡς
1656 2236 2035 2308 Παράκλητον,

432 2335 530 2389 καὶ
558 2334 754 2401 ἄγεται
809 2332 944 2403 πρὸς
974 2331 1065 2385 τὸν
1100 2330 1325 2401 βασιλέα
1356 2348 1369 2362 ·
1406 2329 1687 2383 ὠνείδισεν
1720 2332 1747 2383 ὁ
1783 2328 2040 2400 βασιλεὺς

434 2426 599 2481 αὐτοῦ
627 2426 690 2480 τὸ
718 2425 935 2497 ψεῦδος,
974 2426 1068 2479 καὶ
1100 2424 1199 2495 τὴν
1237 2423 1417 2495 φυγὴν
1444 2424 1737 2495 ἐχλεύασεν
1766 2425 1857 2477 καὶ
1885 2432 1912 2460 ³
1941 2422 2040 2495 τὴν

433 2522 680 2576 δουλείαν
719 2538 733 2550 ⁸
775 2520 1057 2591 ἐξεδίκησε
1105 2520 1199 2574 τοῦ
1239 2520 1427 2581 παιδὸς
1469 2521 1560 2573 τὸν
1594 2520 1754 2589 φόνον
1788 2521 1882 2573 καὶ
1912 2537 2044 2573 κατ-

439 2615 647 2686 έκρινε·
680 2614 773 2668 καὶ
791 2614 881 2667 διὰ
912 2613 1095 2679 τοῦτο,
1124 2614 1219 2667 καὶ
1248 2613 1339 2666 διὰ
1357 2613 1448 2666 τὸν
1473 2613 1584 2666 τῶν
1606 2613 2040 2683 δεσμοφυλάκων

438 2706 619 2776 φόνον,
655 2706 949 2777 ἐκδαρῆναι
980 2705 1070 2759 τὸν
1097 2705 1293 2775 Μάνην
1321 2704 1582 2778 Περσικῷ
1619 2706 1772 2777 νόμῳ
1800 2705 2042 2776 προστά-

438 2799 561 2867 ξας
588 2802 680 2852 καὶ
732 2798 793 2852 τὸ
849 2799 948 2869 μὲν
1006 2797 1195 2852 λοιπὸν
1243 2798 1442 2868 σῶμα,
1494 2797 1708 2869 θηρίοις
1764 2799 2039 2868 παρεδόθη

439 2892 596 2963 βορά·
629 2892 690 2946 τὸ
719 2892 777 2946 δὲ
808 2893 909 2963 τῆς
941 2891 1211 2962 κακίστης
1239 2891 1469 2964 γνώμης
1497 2892 1707 2963 δοχεῖον
1747 2893 1810 2947 τὸ
1840 2893 2037 2963 δέρμα,

438 2984 677 3037 θυλάκου
704 2992 732 3031 ῐ
758 2983 915 3054 δίκην
950 2984 1057 3055 πρὸ
1080 2983 1193 3038 τῶν
1229 2984 1416 3037 πυλῶν
1447 2984 1753 3056 ἀνηρτήθη·
1784 2986 1812 3038 6
1847 2985 2041 3054 Παρά-

438 3075 638 3146 κλητον
666 3075 858 3129 ἑαυτὶν
883 3074 1077 3144 λέγων,
1108 3075 1204 3129 καὶ
1239 3076 1307 3129 τὰ
1338 3076 1604 3145 μέλλοντα
1635 3076 1837 3129 εἰδέναι
1866 3078 2042 3146 ἐπαγο

438 3167 790 3241 γελλόμενος,
826 3166 926 3239 τὴν
963 3166 1102 3220 ὶδίαν
1148 3167 1329 3238 φυγὴν
1358 3169 1453 3223 καὶ
1479 3167 1579 3241 τὴν
1606 3167 1913 3241 κατάληψιν
1940 3169 2042 3223 οὐκ

439 3258 607 3327 ἔγνω.

513 3350 633 3419 ις’.
666 3346 778 3407 Ἦν
801 3350 860 3406 δὲ
890 3350 997 3423 πρὸ
1028 3350 1221 3406 τούτου
1249 3352 1345 3406 ml.
1375 3352 1567 3425 ἔτερος
1600 3352 1701 3425 τῆς
1725 3353 1926 3418 κακίας
1958 3354 2039 3408 δι-

2140 846 2347 902 futatus
2378 857 2483 914 est;
2520 849 2741 912 talibus,
2779 850 3021 919 inquam.
3049 850 3441 906 luetaminibus
3467 852 3750 909 Manctcm.

2138 941 2449 996 debellabat
2483 943 2803 999 Archelaus.
2844 943 3006 1016 Fugit
3039 944 3203 1016 igitur
3236 946 3386 1001 illinc
3413 948 3601 1013 etiam,
3645 952 3741 1019 qui

2139 1033 2267 1086 olim
2293 1049 2516 1089 carcere
2545 1035 2839 1106 effugerat;
2873 1046 2927 1090 et
2959 1037 3334 1091 adversarium
3367 1048 3569 1104 vitans,
3593 1041 3745 1095 venit

2141 1122 2195 1177 in
2254 1124 2527 1194 quoddam
2567 1127 3022 1183 obscurissimum
3068 1128 3373 1199 oppidum,
3430 1142 3595 1200 prout
3651 1132 3741 1185 ille

2142 1233 2391 1287 serpens,
2421 1219 2513 1289 qui
2546 1220 2735 1275 relicto
2771 1219 2826 1274 in
2857 1223 3111 1291 paradiso
3140 1224 3374 1287 Adamn,
3411 1225 3645 1279 accessit
3673 1225 3740 1280 ad

2143 1310 2334 1364 Evam.
2378 1309 2483 1363 Sed
2531 1309 2678 1365 enim
2722 1310 2900 1366 bonus
2944 1322 3132 1383 pastor
3178 1313 3503 1377 Archelaus,
3553 1315 3740 1369 ovium

2143 1402 2303 1457 saluti
2337 1402 2651 1466 consulens,
2703 1402 2982 1458 intellecto
3013 1405 3237 1475 ciIugio,
3289 1405 3471 1459 statim
3521 1406 3741 1459 concito

2142 1510 2305 1551 cursu
2341 1495 2406 1549 ad
2458 1495 2568 1564 lupi
2620 1496 3057 1565 persecutionem
3105 1497 3405 1552 ferebatur.
3443 1497 3630 1553 Manes
3667 1510 3740 1553 ta-

2142 1602 2269 1641 men
2300 1595 2602 1656 conspecto
2642 1586 2977 1649 adversario,
3037 1587 3290 1657 protinus
3332 1588 3458 1658 fuga
3499 1604 3559 1642 se
3608 1590 3741 1643 sub-

2143 1678 2320 1743 duxit,
2346 1694 2469 1748 quae
2505 1680 2800 1748 czeteroqui
2827 1689 3101 1748 postrema
3148 1680 3196 1733 ei
3233 1680 3335 1733 fuit
3375 1700 3388 1734 :
3424 1696 3547 1734 nam
3598 1682 3741 1750 regis

2144 1771 2433 1826 Persarum
2469 1772 2670 1826 milites
2695 1772 2895 1841 ubique
2938 1772 3280 1843 indagantes,
3319 1774 3607 1843 fugitivum
3641 1776 3739 1828 dc-

2145 1865 2594 1935 prehenderuut;
2626 1874 2683 1919 et
2708 1881 2873 1933 quam
2908 1880 3091 1920 coram
3137 1866 3409 1920 Archelao
3457 1867 3743 1921 subiturus

2145 1966 2264 2011 erat
2293 1957 2644 2021 sententiam,
2684 1958 2826 2011 banc
2869 1958 3050 2012 eidem
3084 1957 3226 2028 regis
3257 1957 3493 2012 ministri
3532 1958 3743 2013 inflixe-

2146 2058 2293 2105 runt.
2322 2049 2829 2120 Comprehenditur
2857 2050 3064 2116 Manes,
3098 2066 3260 2120 quem
3292 2052 3372 2105 sui
3407 2052 3655 2121 discipuli
3685 2061 3744 2105 ut

2142 2144 2486 2199 Paracletum
2510 2144 2765 2210 adorant,
2797 2153 2962 2213 atque
2989 2144 3054 2198 ad
3086 2144 3191 2213 21
3218 2160 3398 2216 regem
3425 2144 3742 2199 deducitur.

2143 2234 2509 2306 Exprobravit
2543 2237 2593 2290 ei
2637 2252 2735 2291 rex
2767 2236 3109 2291 mendacium
3135 2253 3320 2299 suum.
3356 2236 3648 2307 fugamque
3687 2246 3745 2291 ct

2143 2328 2519 2398 captivitatem
2547 2328 2736 2394 irrisit;
2765 2328 2833 2383 de
2867 2328 2961 2382 filii
3002 2344 3137 2385 nece
3171 2346 3323 2383 reum
3366 2330 3657 2400 postulavit
3685 2341 3741 2384 et

2144 2420 2575 2488 condemnavit;
2608 2430 2771 2492 atque
2803 2423 2876 2477 ob
2908 2422 3047 2484 hate,
3090 2432 3145 2476 et
3183 2424 3255 2476 ob
3302 2424 3740 2479 carcerariorum

2143 2528 2362 2583 quoque
2394 2514 2765 2584 supplicium,
2813 2516 3083 2569 excoriari
3131 2514 3405 2570 Manetem
3461 2516 3745 2571 mandavit.

2144 2604 2261 2676 lege
2308 2605 2547 2666 Persica.
2590 2615 2644 2659 et
2684 2622 2886 2676 corpus
2935 2606 3203 2677 reliquum
3252 2607 3385 2663 feris
3436 2609 3742 2663 vorandum

2146 2697 2285 2751 tradi
2313 2718 2326 2753 :
2352 2698 2605 2769 pessima:
2628 2698 2846 2753 demum
2866 2700 3065 2755 mentis
3086 2701 3516 2771 receptaculum,
3536 2711 3742 2768 cutem,

2146 2791 2392 2861 inquam,
2418 2791 2636 2846 utriculi
2676 2792 2867 2855 instar,
2901 2793 3075 2862 portis
3116 2794 3400 2865 suspendi.
3437 2794 3529 2849 Sic
3558 2796 3744 2865 itaque

2144 2886 2211 2952 is,
2249 2885 2341 2955 qui
2384 2884 2724 2941 Paraclctum
2761 2901 2820 2940 se
2858 2887 3187 2957 appellabat,
3235 2900 3291 2944 et
3333 2889 3517 2943 futura
3548 2904 3744 2959 cogno-

2145 2993 2301 3034 scere
2326 2977 2629 3043 dictitabat,
2676 2977 2859 3051 fugam
2905 2994 3057 3033 suam
3081 2981 3744 3053 comprehensionemque

2144 3088 2253 3127 non
2283 3072 2458 3128 novit.

2220 3357 2362 3414 XVI.
2404 3359 2699 3417 Exstitcrat
2745 3370 2931 3417 tamen
2974 3372 3102 3417 ante
3145 3362 3296 3418 hunc
3347 3362 3489 3418 alius
3522 3377 3744 3433 quoque

438 3443 707 3507 ῑάτκαλος
737 3443 975 3515 ταύτης,
1006 3446 1260 3517 Ζαράνης
1300 3445 1550 3517 ὀνόματι,
1585 3449 1844 3519 ὀμόφρων
1874 3447 2040 3501 αὑτοῦ

2147 3450 2407 3518 nequitia:
2440 3453 2719 3523 magister,
2755 3453 2996 3510 Zaranes
3026 3455 3272 3520 nomine,
3297 3454 3543 3524 ejusdem
3576 3464 3742 3523 atque

440 3534 725 3606 ὑπάρχωνο
761 3534 1006 3606 μαθηταὶ
1026 3535 1082 3588 δὲ
1108 3535 1302 3590 τούτου
1333 3537 1425 3591 τοῦ
1456 3538 1803 3610 ἀντιχρίστου
1828 3538 2044 3593 Μάνενο

436 3644 530 3691 τος
551 3628 807 3697 γεγόνασι
826 3628 1035 3683 δώδεκα
1056 3627 1192 3699 (19)’
1218 3629 1482 3694 Σισίννιος
1507 3632 1536 3683 6
1557 3630 1751 3685 τούτου
1773 3632 2036 3703 διάδοχος·

437 3719 533 3771 καὶ
572 3718 777 3790 Θωμᾶς
819 3721 847 3773 6
885 3720 947 3773 τὸ
980 3720 1101 3774 κατ’
1136 3721 1302 3775 αὑτὸν
1342 3724 1687 3795 Ἀίανιχαῖκδν
1717 3725 2040 3795 εὐαγγέλιον

440 3813 733 3878 συντάξας
765 3813 1000 3877 Βουδδᾶς
1028 3823 1050 3850 ι
1079 3831 1162 3880 τε,
1196 3817 1292 3868 καὶ
1333 3816 1542 3889 Ἑρμᾶς
1567 3857 1582 3883 ,
1612 3819 1877 3883 Ἀδαντος
1898 3861 1914 3887 ,
1943 3820 2039 3874 καὶ

451 3906 817 3977 Ἀδήμαντος,
856 3904 917 3958 ὃν
952 3904 1278 3959 ἀπέστειλεν
1310 3910 1387 3972 εἰς
1416 3908 1649 3980 διάφορα
1679 3910 1918 3981 κλίματα
1941 3914 2041 3985 κή-

441 4016 583 4068 ρυκα
615 3998 718 4068 τῆς
753 3997 983 4069 πλάνηςο
1029 3999 1293 4069 ἐξηγηταὶ
1321 3999 1378 4053 δὲ
1410 4001 1559 4072 αύτῴ
1581 4002 1675 4054 καὶ
1710 4003 2041 4075 ὑπομνημα-

438 4092 621 4146 τισταὶ
671 4092 989 4160 γεγόνασιν,
1061 4092 1269 4165 Ἰέραξ,
1320 4093 1416 4146 καὶ
1491 4094 1890 4166 Ἡρακλείδης,
1944 4096 2042 4150 καὶ

452 4184 734 4255 ’Λςροὸνιος
760 4193 780 4215 ⁸
806 4200 819 4214 ·
858 4184 1106 4255 ὑπῆρχον
1133 4185 1191 4238 δὲ
1238 4184 1387 4256 αύτῷ
1430 4187 1525 4240 καὶ
1571 4187 1751 4260 ἕτεροι
1800 4188 2042 4260 μαθηταὶ

437 4280 610 4349 τρεῖς,
638 4276 899 4345 Ἀγάπιος
925 4279 953 4331 6
981 4279 1081 4349 τὴν
1118 4277 1452 4347 Ἐπτάλογον
1482 4281 1772 4348 συντάξας,
1806 4287 1901 4336 καὶ
1930 4284 2038 4337 Ζα-

440 4370 641 4442 ρούας,
676 4371 771 4425 καὶ
805 4370 1155 4438 Γαϐριάϐιος⁶
1200 4369 1348 4443 [cod.
1385 4370 1422 4426 f.
1474 4373 1593 4447 95.]
1631 4376 1822 4446 μηδεὶς
1847 4377 2041 4446 ἀναγι-

438 4464 700 4517 νωσκέτω
733 4462 795 4517 τὸ
842 4464 986 4517 κατά
1012 4464 1218 4532 Θωμᾶν
1261 4464 1584 4533 εὐαγγέλιον
1632 4468 1768 4536 (20)*
1820 4468 1882 4521 ού
1931 4469 2041 4540 γάρ

438 4560 589 4612 ἐστιν
620 4558 738 4622 ἐνὸς
766 4557 877 4613 τῶν
896 4556 1115 4613 ’δώδεκα
1137 4559 1483 4626 ἀποστόλων,
1505 4560 1621 4613 ἀλλ’
1649 4560 1767 4623 ὲνδς
1796 4560 1907 4613 τῶν
1938 4560 2043 4613 δώ-

437 4651 573 4704 δεκα
624 4651 812 4706 κακῶν
868 4650 965 4705 τοῦ
1017 4652 1370 4723 ἀντιχρίστου
1419 4652 1695 4717 Μάνεντος
1752 4652 2036 4725 μαθητῶν·

438 4746 586 4817 μήτε
620 4745 720 4817 τὴν
760 4746 1094 4815 Ἐπτάλογον
1135 4746 1422 4815 Ἀγαπίου·
1468 4749 1608 4819 μήτε
1644 4747 1741 4819 τὴν
1770 4749 1881 4803 τῶν
1918 4752 2039 4803 ἐπι-

2148 3541 2239 3596 hic
2265 3544 2577 3599 sententiae.
2620 3546 2794 3601 Porro
2820 3547 3140 3602 Antichristi
3181 3546 3412 3602 Manetis
3449 3547 3742 3603 duodecim

2147 3636 2299 3692 fuere
2324 3638 2577 3709 discipuli
2615 3657 2627 3692 :
2663 3640 2939 3695 Sisiunius
2967 3643 3089 3711 ejus
3127 3656 3416 3698 successor
3446 3659 3459 3696 :
3502 3639 3743 3696 Thomas

2145 3732 2239 3801 qui
2285 3731 2684 3789 Manicltaicum
2720 3736 3025 3791 secundum
3056 3752 3114 3792 se
3164 3737 3343 3805 ipsqu
3387 3735 3740 3806 Evangelium

2144 3823 2425 3878 condidit:
2464 3824 2699 3891 Buddas,
2721 3826 2969 3893 Hermas,
2992 3828 3266 3893 Adantus,
3298 3836 3354 3882 et
3378 3826 3741 3891 Ademantus,

2143 3933 2307 3987 quem
2349 3927 2687 3988 postremum
2735 3922 2803 3976 ad
2849 3923 3068 3978 diversa
3110 3922 3327 3977 climata
3360 3922 3509 3975 misit
3541 3920 3743 3975 erroris

2144 4011 2587 4080 praedicatorem.
2636 4010 2809 4082 ll'lijus
2834 4025 3018 4069 autem
3057 4016 3387 4086 interpretes
3432 4023 3486 4068 et
3531 4030 3561 4068 a
3592 4030 3743 4069 com—

2144 4099 2431 4154 mentariis
2460 4099 2686 4154 fuerunt
2714 4101 2931 4168 Ilierax,
2965 4114 3018 4157 et
3047 4103 3381 4164 Heraclides,
3409 4112 3461 4155 et
3496 4100 3745 4171 Aphtho-

2143 4194 2290 4245 nius.
2319 4191 2486 4247 Erant
2516 4194 2643 4248 huic
2665 4202 2721 4248 et
2753 4195 2841 4248 alii
2870 4196 3125 4264 discipuli
3161 4205 3273 4249 tres
3309 4214 3321 4248 :
3356 4194 3615 4265 Agapius,
3644 4192 3739 4263 qui

2148 4285 2510 4359 Heptalogum
2558 4289 2891 4358 composuit,
2937 4297 2993 4344 et
3033 4289 3258 4353 laruas,
3286 4297 3342 4343 et
3387 4288 3735 4343 Gabriabins.

2142 4379 2413 4435 Caeterum
2471 4397 2635 4437 nemo
2679 4382 2823 4451 legat
2867 4382 3212 4453 evangelium
3253 4380 3559 4435 secundum
3591 4379 3740 4434 Tho-

2144 4489 2325 4539 mam;
2362 4489 2541 4543 neque
2571 4474 2717 4528 enim
2760 4482 2845 4528 est
2879 4475 2968 4529 hic
3013 4490 3156 4528 unus
3184 4474 3251 4528 de
3281 4471 3571 4528 duodecim
3608 4487 3740 4541 apo-

2146 4566 2291 4628 tolis,
2325 4567 2419 4621 sed
2446 4584 2511 4621 ex
2538 4568 2828 4623 duodecim
2864 4569 3130 4639 improbis
3152 4566 3480 4621 Antichristi
3508 4564 3740 4619 Manetis

2142 4656 2447 4727 discipulis.
2478 4657 2666 4728 Neque
2699 4675 2892 4713 rursus
2921 4659 3109 4730 Agapii
3144 4657 3527 4728 lleptalogum,
3560 4672 3741 4725 neque

2143 4751 2499 4821 epistolarum
2534 4752 2890 4823 farraginem,
2918 4768 3097 4823 neque
3128 4752 3299 4806 ullum
3334 4753 3403 4807 ab
3426 4750 3513 4805 his
3559 4749 3741 4820 impiis

440 4838 646 4892 στολῶν
674 4838 872 4910 ὁμάδα·
906 4839 1049 4911 μήτε
1072 4839 1171 4911 τὴν
1198 4840 1379 4893 πᾶσαν
1407 4840 1563 4911 παρά
1587 4840 1795 4894 τούτων
1825 4840 2040 4894 ἀσεϐῶν

2144 4841 2346 4897 librum
2378 4844 2747 4915 compositum
2777 4844 2920 4914 legat
2944 4844 3010 4898 ad
3040 4844 3338 4898 multorum
3372 4840 3740 4911 corruptelam

437 4931 752 4985 ὲκτεθεῖσαν
785 4932 967 5003 βίϐλον
1003 4933 1450 5002 ἀναγινωσκέτω,
1487 4933 1568 4996 εἰς
1588 4932 1770 5004 λύμην
1800 4933 2034 4997 πολλῶν,

436 5027 533 5078 καὶ
561 5024 663 5095 τῆς
713 5026 924 5090 οἰκείας
947 5026 1129 5097 ψυχῆς
1159 5026 1459 5081 ἀπώλειαν·
1502 5028 1686 5082 πᾶσαν
1718 5028 1827 5099 γὰρ
1856 5027 2038 5080 αὐτῶν

439 5116 625 5187 βίϐλον
657 5118 734 5182 ὡς
761 5119 934 5190 ἀσεϐῆ
963 5119 1269 5191 διδάγματα
1299 5120 1639 5191 κατέχουσαν
1662 5121 1754 5174 καὶ
1786 5120 2036 5191 βλασφη-

2147 4937 2495 5007 ρτορτίιειιυο
2534 4940 2733 4991 animi:
2768 4940 3020 4991 exitium.
3055 4938 3299 4991 Cunctos
3338 4937 3487 4991 enim
3526 4936 3740 4990 illorum

2147 5027 2336 5088 libros.
2382 5039 2440 5083 ut
2481 5030 2665 5099 impiis
2708 5029 2976 5085 doctrinis
3022 5030 3285 5093 imbutos,
3332 5038 3387 5083 ct
3426 5027 3741 5084 omnimoda

2148 5122 2486 5193 blasphemia
2511 5132 2807 5189 scatentes;
2834 5124 3074 5193 itemque
3098 5138 3291 5177 omnes
3321 5137 3531 5192 preces,
3565 5132 3623 5175 ut
3659 5121 3744 5173 in-

1716 5298 1958 5354 VARIAE
1999 5297 2409 5357 LECTIONES.

517 5468 541 5498 τ
573 5460 637 5516 [ἶ.
670 5460 963 5532 λαλοῦμαι.
1042 5474 1063 5501 ³
1096 5463 1163 5517 Β.
1188 5463 1508 5517 ἑπικεκαλλ.

440 5550 559 5589 κου.

1592 5464 1609 5499 ί
1642 5461 1681 5502 η
1728 5462 1761 5502 ἦ
1859 5469 1888 5499 ι
1914 5461 1951 5502 R
2004 5461 2245 5502 ἓνοὲρουτιρ·

670 5460 963 5532 λαλοῦμαι.
1042 5474 1063 5501 ³
1096 5463 1163 5517 Β.
1188 5463 1508 5517 ἑπικεκαλλ.
1592 5464 1609 5499 ί
1642 5460 1706 5517 Β.
1728 5462 1782 5533 ἡ.
1859 5469 1888 5499 ι
1914 5460 1975 5517 R.
2004 5461 2265 5533 ὲφὲφνης.
2344 5473 2372 5501 ν
2394 5463 2461 5518 R.
2484 5464 2581 5516 καὶ
2604 5478 2702 5532 pro
2725 5465 2794 5517 οἱ.
2874 5472 2896 5498 ³
2936 5462 3001 5517 ιι.
3032 5462 3087 5515 δὲ
3117 5476 3201 5530 prc

664 5542 686 5569 ι
717 5532 976 5588 Mendose
1008 5536 1149 5603 apud
1175 5534 1440 5605 Cyril!um
1472 5533 1698 5597 Βαδδᾶς.
1728 5539 1795 5588 de
1822 5549 1933 5604 quo
1967 5534 2107 5589 falso
2143 5536 2409 5589 vocabulo
2454 5535 2660 5590 frustra
2693 5544 2890 5589 aestuat
2934 5534 3201 5588 Tutucus.

2344 5473 2372 5501 '
2394 5463 2461 5518 Β.
2484 5464 2581 5516 καὶ
2604 5478 2702 5532 pro
2725 5465 2794 5517 οἱ.
2874 5472 2896 5498 ³
2936 5462 3001 5517 ιι.
3032 5462 3087 5515 δὲ
3117 5476 3216 5530 pro
3238 5460 3349 5513 καί.
3430 5467 3456 5506 1
3482 5456 3545 5510 R.
3578 5453 3745 5525 θηλά-

2344 5538 2409 5583 ιΙο
2454 5535 2659 5583 frustra
2693 5544 2890 5583 mutual
2934 5534 3201 5583 Tultmus.
3326 5545 3339 5570 ι
3372 5529 3439 5583 R.
3478 5527 3738 5581 ’Λθὸνιο;.

3326 5545 3339 5570 ι
3372 5545 3439 5581 Ιὶ.
3484 5545 3738 5581 ’Λνονιοᾳ

1972 5644 2209 5701 NOTAE.

515 5762 628 5831 (l9)
676 5762 1018 5834 Augustinus
1075 5762 1209 5817 Itrer.
1251 5763 1319 5818 46
1354 5782 1365 5818 :
1399 5762 1719 5818 illiillic/treus
1764 5766 2037 5819 duodecim
2138 5774 2186 5819 et
2216 5764 2427 5818 tertium
2453 5764 2711 5817 decimum
2740 5764 3037 5834 principem
3066 5763 3320 5834 ipsorum.

439 5834 728 5902 discipulos
752 5834 975 5907 habuit,
997 5834 1067 5887 ad
1108 5836 1286 5907 instar
1314 5834 1588 5907 apostolici
1622 5837 1849 5897 numeri,
1883 5853 2038 5907 quem

440 5921 717 5975 numerum
775 5906 1058 5959 Manicha'i
1095 5906 1351 5975 hodieque
1398 5906 1699 5958 custodum:
1743 5924 1761 5961 :

438 5974 617 6029 electis
634 5977 743 6030 suis
758 5975 946 6030 habent
959 5974 1407 6047 duodecim,qum
1425 5976 1699 6046 appellant
1729 5980 2038 6049 magistros,

2211 5836 2325 5905 (‘20)
2372 5837 2445 5888 lle
2482 5827 2947 5906 l‘scudevaugelio
2995 5827 3223 5906 Thema:
3263 5829 3507 5906 breviter
3545 5827 3739 5906 Fabri-

1807 5902 1932 5960 nam
1975 5924 2040 5961 er
2139 5906 2257 5962 cius
2276 5902 2399 5961 cod.
2429 5908 2724 5977 apoerypli.
2752 5902 2913 5960 ΝῘΤ.
2936 5916 3068 5961 tom.
3108 5905 3147 5969 I,
3177 5920 3240 5977 p._
3263 5902 3390 5963 εις),
3415 5902 3532 5977 sive
3565 5902 3665 5955 hoc
3700 5914 3729 5952 a

2142 5978 2447 6033 Manicluro
2467 5973 2696 6033 auctore
2722 5977 2906 6045 fuerit,
2939 5977 3053 6032 sive
3079 5977 3147 6031 ab
3177 5975 3281 6029 alio
3311 5973 3525 6045 quovis.
