4142 6444
477 441 610 505 1257

1887 437 2117 500 PETRI
2163 438 2416 500 SICULI

3649 445 3776 510 1263

484 564 757 626 scribunt,
803 575 996 617 revera
1035 560 1344 633 praeStigias
1393 561 1600 632 potius,
1649 568 1838 614 sancta
1895 566 2073 612 nostra

2194 558 2323 628 μίας
2365 559 2549 630 πάσης
2580 557 3048 631 πεπληρωμένην,
3080 557 3177 614 καὶ
3214 559 3401 614 πᾶσαν
3442 559 3604 632 εὐχὴν
3630 561 3775 631 λεγο-

485 655 752 710 catholica
789 663 843 709 et
867 655 1162 725 apostolica
1187 654 1432 708 Ecclesia
1462 653 1817 707 anathemate
1838 650 2083 714 damnat,

489 766 598 804 una
635 765 760 804 cum
808 749 1028 803 illorum
1074 749 1182 819 22
1219 746 1550 816 scriptorum
1596 745 1938 804 auctoribus.
1983 759 2084 797 ceu

485 842 784 894 mnltormn
834 852 1265 908 magnorumque
1312 836 1577 891 malorum
1609 832 1988 890 inventoribus
2022 847 2086 887 ac

488 933 722 988 ducibus
753 933 1093 1004 perditionis.

554 1209 726 1266 XVII.
772 1211 941 1266 Nemo
981 1212 1146 1283 igitur
1183 1211 1252 1266 ah
1301 1211 1612 1266 animarum
1659 1212 2084 1282 corruptoribus

480 1303 797 1358 Manichzeis
829 1303 1221 1358 detrimentum
1260 1304 1474 1373 capiat;
1522 1303 1618 1374 qni
1660 1303 1859 1373 jejunii
1906 1303 2086 1358 tristi-

481 1397 610 1449 tiam
640 1396 919 1466 palearum
951 1396 1176 1451 decocto
1208 1397 1470 1451 simulant
1493 1414 1506 1450 :
1529 1396 1619 1467 qui
1655 1397 1901 1450 ciborum
1930 1413 2084 1452 crea-

478 1499 654 1544 torem
690 1490 1024 1560 vituperant,
1049 1491 1178 1544 dnm
1209 1489 1548 1555 belluantur;
1578 1490 1669 1559 qui
1701 1490 1922 1555 docent,
1955 1506 2081 1544 eum

476 1584 572 1654 qni
605 1585 765 1639 talem
790 1585 1015 1639 herbam
1049 1585 1298 1650 vulserit,
1329 1585 1382 1638 in
1409 1585 1584 1653 ipsam
1610 1583 1726 1638 fore
1753 1594 2080 1639 converten-

476 1679 630 1734 dum.
666 1678 798 1732 Nam
826 1679 870 1733 si
899 1679 964 1744 is,
993 1679 1084 1748 qui
1114 1679 1338 1733 herbam
1369 1689 1464 1734 aut
1501 1678 1734 1748 quodvis
1756 1679 1877 1732 olus
1904 1680 2083 1733 succi-

475 1773 577 1834 dit,
615 1772 670 1826 in
702 1773 754 1827 id
787 1773 1129 1828 convertitur
1158 1813 1172 1835 ,
1209 1774 1456 1842 profecto
1479 1771 1729 1842 agricolae
1759 1780 1813 1825 et
1855 1772 2082 1827 olitores

474 1867 532 1920 in
570 1866 847 1935 quodnam
886 1866 1085 1920 hormn
1111 1864 1540 1920 convertentur?
1575 1864 1707 1918 Nam
1746 1873 1894 1920 certe
1920 1864 2079 1919 olito-

2193 653 2364 722 μένην
2401 651 2535 724 παρ’
2569 651 2770 717 αὐτῶν,
2806 652 3008 724 μᾶλλον
3029 652 3088 706 δὲ
3114 653 3452 726 γοητείανοὴ
3486 654 3608 708 καθ’
3637 657 3777 725 ἡμᾶς

2190 745 2323 814 ἁγία
2354 745 2620 817 καθολικὴ
2648 745 2743 800 καὶ
2772 746 3110 818 ὰποστολικὴ
3162 745 3464 816 Ἐκκλησία
3515 747 3776 818 ἀνεθεμά-

2186 857 2340 904 τισε,
2400 840 2541 910 μετὰ
2591 840 2648 893 δέ
2691 840 2820 902 τοὺς
2857 840 3188 910 ἐκθεμένους
3234 842 3405 904 αὐτάς
3457 841 3534 905 ὡς
3571 841 3774 895 πολλῶν

2189 935 2284 988 καὶ
2311 935 2566 1005 μεγάλων
2589 933 2778 988 κακῶν
2802 935 3105 1006 ἐφευρετὰς
3120 935 3214 989 καὶ
3237 935 3468 1004 ὁδηγοὺς
3490 935 3774 998 ἀπωλείας

2187 1027 2551 1097 άνεθεμάτισε
2575 1027 2632 1080 δὲ
2655 1027 2749 1080 καὶ⁵
2782 1027 2997 1090 πάντας
3025 1027 3154 1089 τοὺς
3181 1025 3660 1097 μαθητευομένους
3688 1025 3776 1079 ὑπ’

2187 1121 2388 1173 αὐτῶν.

2258 1212 2360 1268 lZ'.
2402 1212 2493 1266 Διὸ
2535 1212 2728 1284 μηδεὶς
2769 1210 3226 1283 προσφθειρέσθω
3269 1213 3382 1275 τοῖς
3424 1209 3780 1281 ψυχοφθόροις

2186 1307 2533 1377 Μανιχαίοις·
2557 1310 2671 1370 τοῖς
2699 1305 2928 1374 στυγνὸν
2946 1306 3043 1376 τῆς
3067 1303 3345 1375 νηστείας,
3378 1303 3598 1374 ἀχύρων
3629 1303 3780 1358 ὕδασι

2188 1400 2680 1472 προσποιουμένοις
2705 1416 2718 1429 ·
2749 1401 2860 1462 τοῖς
2885 1398 3234 1453 διαϐάλλουσι
3266 1397 3366 1468 μέν
3393 1397 3486 1450 τὸν
3515 1396 3622 1450 τῶν
3647 1397 3780 1468 βρω-

2191 1496 2378 1564 μάτων
2413 1494 2717 1567 [ποιητὴνλ
2741 1493 3114 1564 λαιμαργοῦσι
3143 1491 3273 1566 [δέ’]
3299 1496 3413 1556 τοῖς
3442 1491 3779 1547 διδάσκουσιν

2185 1589 2266 1642 ὅτι
2302 1591 2330 1642 6
2361 1589 2521 1659 τήνδε
2553 1591 2653 1655 τὴν
2695 1587 2926 1658 βοτάνην
2976 1586 3258 1645 ἐκτίλλων,
3292 1587 3372 1649 εἰς
3402 1585 3573 1656 αὐτὴν
3619 1602 3777 1654 μετα-

2187 1683 2467 1736 6άλλεται’
2499 1684 2545 1734 εἰ
2574 1684 2683 1752 γάρ
2711 1681 2738 1732 6
2769 1680 3050 1750 ἐκτέμνων
3084 1679 3314 1750 βοτάνην
3339 1679 3372 1750 ἦ
3404 1696 3457 1731 τι
3483 1677 3595 1731 τῶν
3618 1677 3779 1748 λαχά-

2184 1794 2292 1829 νων
2323 1778 2401 1839 είς
2435 1775 2568 1828 αὐτὸ
2598 1774 3017 1845 μεταϐάλλεται,
3049 1773 3285 1842 γεωργοὶ
3308 1773 3337 1811 h
3366 1771 3461 1824 καὶ
3488 1772 3779 1843 κηπουρῶν

2186 1869 2374 1931 παῖδες
2402 1869 2483 1927 είς
2515 1868 2655 1921 πόσα
2685 1867 3224 1938 μεταϐληθήσονται;
3261 1865 3403 1919 κατὰ
3459 1865 3732 1918 τοσούτων
3754 1867 3782 1918 6

473 1975 592 2012 rem
634 1958 903 2028 plurimas
936 1958 991 2012 in
1038 1959 1236 2013 herbas
1279 1958 1472 2012 falcem
1510 1958 1727 2012 mittere
1761 1957 2073 2025 cernimus;

2182 1961 2460 2030 κηπουρὸς
2487 1961 2688 2031 ἤνεγκε
2717 1960 2814 2028 τὴν
2843 1959 3141 2030 δρεπάνην,
3160 1957 3235 2020 ὡς
3262 1957 3480 2028 δρῶμεν
3507 1968 3555 2018 θ,
3584 1959 3678 2010 καὶ
3705 1957 3779 2019 είς

473 2059 531 2104 at
594 2049 647 2104 in
695 2066 960 2120 quasnam
1018 2051 1306 2122 potissime
1365 2050 1886 2105 transformabitur?
1943 2050 2075 2104 Risu

472 2143 658 2198 hercle
701 2143 880 2216 digna:
938 2153 1068 2199 sunt
1117 2145 1203 2200 ha:
1261 2145 1548 2209 docti-inre,
1601 2145 1873 2215 vituperio
1917 2155 2082 2214 atque

471 2234 622 2287 omni
676 2234 974 2304 ignominia
1028 2238 1219 2306 plenae.
1265 2236 1452 2300 ldem,
1496 2246 1662 2306 puta,
1713 2238 1800 2291 vir
1843 2236 2082 2308 pastoris

469 2322 708 2377 ollieinm
740 2339 958 2394 gerens,
1001 2334 1055 2378 et
1084 2342 1240 2379 ovem
1273 2326 1551 2390 mactavit,
1582 2335 1638 2381 et
1678 2325 1867 2396 lupum
1900 2320 2080 2382 inter?

470 2414 644 2482 fecit;
699 2416 753 2469 in
811 2416 1086 2486 quodnam
1138 2433 1267 2487 ergo
1337 2418 1858 2491 transﬁgurahitur?
1919 2420 2078 2475 Iner-

471 2507 561 2556 tize
620 2503 714 2558 lilii
759 2504 1070 2568 Manichzei,
1118 2507 1252 2560 nihil
1289 2518 1585 2578 operantes
1626 2509 1863 2564 aliorum
1910 2525 2077 2580 opera

468 2594 780 2650 devorant:
816 2596 909 2665 qni
946 2599 1087 2657 illos.
1136 2614 1165 2652 a
1208 2600 1410 2670 quibus
1459 2600 1566 2655 cibi
1614 2600 1693 2655 eis
1741 2602 2073 2665 olTeruntnr,

467 2685 758 2739 renidente
810 2687 964 2741 vultu
1019 2681 1321 2759 excipiunt,
1383 2700 1440 2744 et
1496 2691 1902 2748 benedictionis
1953 2693 2076 2748 loco

467 2778 761 2833 maledicta
796 2781 1126 2850 rependunt.
1161 2782 1292 2836 Nam
1330 2799 1456 2839 cum
1488 2784 1568 2839 eis
1597 2785 1895 2856 quidquam
1931 2787 2074 2843 stul-

467 2881 557 2924 tus
595 2872 794 2942 aliquis
834 2874 1012 2932 olfert.
1044 2873 1330 2931 Paululum
1358 2877 1587 2945 absiste,
1635 2880 1816 2947 aiunt,
1867 2891 1923 2936 et
1973 2883 2072 2938 tibi

466 2961 808 3016 benedicam.
851 2964 1052 3020 Deinde
1093 2982 1288 3038 panem
1339 2983 1505 3024 manu
1558 2970 1864 3041 capientes,
1909 2974 2071 3029 sicuti

466 3065 694 3110 narrant
720 3059 810 3127 qni
846 3073 909 3112 ex
956 3059 1172 3114 illorum
1200 3071 1346 3116 cortu
1392 3071 1520 3118 sunt
1555 3065 1827 3131 conversi,
1865 3065 1976 3137 Ego
2019 3076 2072 3123 te

467 3162 577 3199 non
610 3147 733 3209 feci,
763 3146 1098 3205 Maniehmns
1125 3150 1304 3220 inquit
1338 3152 1490 3223 pani;
1525 3164 1580 3206 et
1608 3169 1731 3209 mox
1762 3155 1818 3209 in
1845 3157 2068 3212 unicum

466 3240 640 3293 Deum
676 3240 1007 3296 altissimum
1050 3243 1337 3299 maledicta
1383 3245 1694 3314 iaculatur;
1749 3248 2065 3315 maledicit,

2192 2056 2320 2106 ποῖα
2348 2051 2748 2123 μεταϐάλλεται
2770 2048 2914 2124 ἆρα;
2941 2052 3178 2120 γέλωτος
3200 2051 3417 2122 ἀληθῶς
3436 2051 3613 2105 ταῦτα
3639 2051 3776 2123 [cod.

2185 2146 2225 2200 f.
2255 2148 2324 2201 95
2352 2145 2432 2218 b.]
2478 2145 2549 2198 τὰ
2574 2145 2885 2216 διδάγματα
2911 2147 3008 2199 καὶ
3033 2145 3058 2183 ά
3091 2144 3494 2213 καταγνώσεως
3523 2145 3626 2199 πλί
3641 2161 3706 2215 ρη
3733 2155 3777 2209 e’

2183 2240 2276 2292 καὶ
2305 2239 2488 2309 πάσης
2520 2239 2811 2308 αἰσχύνηςο
2843 2240 2871 2291 6
2915 2236 3079 2300 αὐτὸς
3112 2235 3250 2307 ἀνὴρ
3293 2237 3498 2307 ποιμὴν
3538 2235 3616 2289 ὢν
3650 2253 3778 2306 προ-

2183 2332 2384 2397 ϐάτων,
2442 2335 2537 2386 καὶ
2569 2332 2843 2403 πρόϐατον
2887 2330 3069 2397 ἔθυσε,
3102 2332 3198 2384 καὶ
3229 2329 3394 2383 λύκον
3434 2331 3774 2383 ἀπέκτεινεν·

2181 2427 2263 2488 είς
2305 2427 2457 2478 ποῖον
2488 2424 2597 2494 ἄρα
2647 2423 3090 2495 μεταϐάλλεται;
3135 2425 3336 2494 ἀργίας
3370 2423 3572 2492 ἔγγονα
3607 2425 3777 2478 Μανι-

2180 2521 2326 2588 χαῖοι
2358 2518 2405 2570 οἱ
2457 2517 2534 2588 μὴ
2575 2515 2978 2587 ἐργαζόμενοι,
3009 2517 3105 2569 καὶ
3136 2515 3207 2568 τὰ
3249 2515 3359 2568 τῶν
3387 2516 3775 2587 ἐργαζομένων

2179 2611 2565 2674 κατεσθίοντες
2597 2612 2711 2679 (21)
2754 2611 2802 2663 oi
2854 2611 2980 2673 τοὺς
3029 2609 3442 2681 προσφέροντας
3483 2610 3670 2672 αὐτοῖς
3710 2609 3777 2662 τὰ

2181 2703 2452 2776 βρώματα
2495 2702 2744 2774 μειδιῶσι
2795 2703 3112 2774 προσώποις
3161 2700 3480 2772 δεχόμενοι,
3514 2701 3612 2754 καὶ
3656 2699 3772 2756 ἀντὶ

2177 2797 2427 2866 εὐλογίας
2456 2798 2704 2865 κατάρας
2736 2797 2920 2856 αὐτοῖς
2947 2794 3327 2858 ἀντιδιδόντες.
3354 2796 3525 2848 Ὅταν
3556 2793 3668 2864 γάρ
3695 2809 3773 2855 τις

2177 2883 2361 2948 αὐτοῖς
2402 2903 2454 2937 τι
2495 2885 2843 2958 προσενέγκῃ
2881 2884 3144 2954 ἀνόητος,
3188 2883 3400 2956 Μικρὸν
3428 2883 3573 2951 ἔξω,
3612 2883 3768 2952 φησὶ,

2178 2976 2338 3047 στῆθι
2393 2978 2488 3030 καὶ
2536 2977 2745 3046 εὐλογώ
2803 2993 2883 3030 σε.
2940 2971 3074 3029 Εἶτα
3117 2975 3412 3048 δεξάμενος
3463 2977 3544 3040 είς
3588 2978 3771 3046 χεῖρας

2174 3071 2266 3124 τὸν
2299 3071 2488 3144 ἄρτον,
2531 3071 2606 3135 ὡς
2649 3073 2696 3124 οἱ
2731 3069 2791 3135 ἐξ
2822 3071 3004 3124 αὐτῶν
3034 3071 3470 3141 μετανοήσαντες
3501 3069 3770 3139 ἐξωμολο-

2173 3169 2244 3239 γή
2255 3185 2435 3233 σαντο,
2477 3165 2622 3235 Ἐγώ
2641 3183 2699 3218 σε
2723 3167 2822 3220 οὐκ
2847 3164 3099 3236 ἐποίησα,
3128 3165 3294 3235 φησὶν
3326 3166 3354 3217 6
3373 3165 3673 3235 Mawxaio;
3699 3161 3772 3233 τῷ

2173 3263 2347 3332 ἄρτῳ,
2389 3262 2485 3316 καὶ
2529 3260 2778 3332 κατάρας
2816 3259 3025 3329 πέμπει
3065 3258 3270 3322 εἰς’τὸν
3315 3259 3477 3328 μόνον
3521 3257 3655 3310 Θεὸν
3686 3255 3772 3309 τον

465 3333 712 3402 inquam,
747 3333 909 3404 panis
931 3337 1188 3403 creatori,
1209 3347 1370 3408 atque
1403 3337 1478 3394 ita
1512 3355 1626 3394 rem
1654 3341 1723 3395 ab
1759 3357 1826 3396 eo
1859 3341 2061 3398 factam

2179 3357 2428 3428 ὕψιστον.
2474 3356 2570 3410 καὶ
2605 3357 2912 3426 καταρᾶται
2948 3354 3039 3407 τὸν
3076 3352 3421 3422 πεποιηκότα
3458 3351 3648 3405 αὐτόν·
3681 3350 3772 3403 καὶ

466 3423 732 3476 comedit.
767 3423 931 3494 Atqui
955 3425 998 3479 si
1031 3426 1211 3481 oblata
1237 3427 1422 3491 odisti,
1455 3443 1552 3482 cur
1589 3430 1882 3486 renidente
1916 3433 2071 3488 vultu

465 3515 788 3572 olTercnte-m
821 3521 1129 3591 aspexisti?
1174 3520 1232 3576 Si
1259 3522 1411 3577 danti
1461 3525 1691 3594 gratiam
1735 3526 1926 3591 habes,
1973 3543 2072 3583 cur

468 3611 695 3664 Anetori
723 3622 778 3666 et
817 3613 1066 3668 Creatori
1105 3615 1502 3684 blasphemiam
1532 3619 1833 3674 retribuis?
1890 3621 1955 3675 Et
1983 3621 2071 3676 in-

467 3717 634 3769 snper
663 3721 676 3756 :
701 3702 816 3774 Ego
839 3713 887 3758 te
913 3721 1023 3758 non
1046 3707 1182 3769 sevi,
1209 3707 1406 3777 inquit;
1431 3722 1670 3774 seratur,
1690 3713 1783 3782 qui
1813 3721 1864 3767 te
1893 3714 2067 3768 sevit!

466 3792 581 3860 ligo
612 3801 663 3846 te
705 3810 813 3848 non
847 3797 1052 3851 messui
1081 3815 1095 3862 ;
1139 3798 1376 3855 falcibus
1408 3813 1668 3867 metatur,
1712 3806 1807 3875 qui
1841 3815 1893 3862 te
1923 3823 2072 3864 mes-

464 3886 613 3940 suit!
646 3888 755 3956 Ego
789 3897 839 3942 te
890 3889 1016 3960 igne
1049 3907 1158 3946 non
1197 3895 1411 3961 assavi;
1453 3907 1690 3964 assetur,
1733 3899 1824 3970 qui
1878 3909 1930 3955 te
1979 3918 2070 3956 as—

463 3974 639 4030 savit!
693 3976 1019 4035 Praeclaram
1084 3984 1371 4040 enimvero
1428 3987 1699 4045 beneficio
1756 3991 2067 4047 mercedem

463 4068 671 4124 reddis.

457 4291 464 4306 '
532 4285 640 4356 23
673 4284 868 4343 XVIII.
897 4288 1086 4362 Magna
1110 4293 1330 4365 quidem
1363 4296 1479 4352 haec
1502 4315 1722 4371 quoque
1752 4301 1891 4358 mala
1913 4315 2062 4375 sunt,

463 4376 658 4447 exigua
697 4386 879 4434 tamen
935 4383 980 4438 si
1031 4399 1158 4440 cum
1218 4388 1442 4459 reliquis
1489 4404 1906 4464 comparentur.
1944 4398 2064 4455 Non

461 4469 638 4524 audeo
673 4471 889 4528 illormn
927 4475 1202 4532 lavacrum
1237 4497 1338 4536 nec
1358 4484 1502 4552 apud
1533 4487 1680 4542 viros
1714 4505 1893 4560 neque
1919 4494 2066 4562 apud

460 4561 694 4618 feminas
724 4569 977 4636 prodere.
1006 4573 1182 4627 Pudet
1212 4591 1298 4628 me
1328 4577 1583 4648 cuiquam
1616 4597 1900 4648 enarrare,
1940 4561 2068 4656 qni-

2171 3450 2348 3515 οὔτως
2374 3450 2549 3504 ἐσθίει
2579 3449 2640 3502 τὸ
2670 3448 3066 3519 πεποιημένον
3105 3448 3154 3500 εί
3189 3447 3369 3515 μισεῖς
3396 3443 3498 3509 τὰς
3532 3443 3770 3517 τροφάς,

2169 3545 2223 3598 τί
2243 3543 2521 3615 μειδιῶντι
2544 3543 2561 3582 ί
2583 3542 2864 3616 προσώπῳ
2883 3541 3200 3612 ἀπέϐλεψας
3218 3539 3295 3611 τῷ
3319 3541 3770 3611 προσενέγκαντι;

2171 3638 2329 3709 είτῷ
2375 3639 2661 3707 ἐνέγκαντι
2706 3636 2848 3708 ἔχεις
2883 3636 3066 3706 χάριν,
3115 3634 3204 3687 διά
3249 3633 3302 3686 τί
3341 3642 3367 3681 8
3427 3632 3672 3702 πέμπεις
3701 3629 3772 3698 τῷ

2171 3733 2654 3786 κατασκευάσαντι
2699 3732 2794 3785 καὶ
2830 3730 3302 3800 δημιουργήσαντι
3336 3726 3456 3797 Θεῷ
3484 3726 3588 3797 τὴν
3615 3725 3771 3795 βλασ-

2171 3824 2418 3896 φημίανς
2455 3826 2567 3878 Καὶ
2597 3824 2763 3878 πάλιν
2785 3840 2799 3856 ·
2835 3823 2978 3892 Ἐγώ
3006 3841 3064 3876 σε
3101 3822 3201 3875 οὐκ
3232 3819 3464 3890 ἔσπειρα
3487 3821 3540 3885 Ιι,
3574 3819 3736 3890 φησίν
3757 3835 3768 3848 ο

2172 3916 2410 3989 σπαρείη
2445 3918 2460 3957 ί
2495 3919 2523 3970 ὁ
2552 3916 2784 3988 σπείρας
2811 3933 2895 3970 σε.
2940 3914 3084 3983 Ἐγώ
3131 3931 3191 3968 σε
3217 3914 3318 3967 οὐκ
3351 3913 3582 3984 ἐθέρισα
3609 3953 3622 3975 ,
3654 3911 3772 3982 δρε-

2170 4009 2370 4072 πάναις
2419 4009 2696 4081 θερισθείη
2740 4012 2768 4063 ὁ
2817 4009 3042 4080 θερίσας
3090 4025 3187 4061 σεο
3223 4007 3336 4076 ἐγώ
3391 4023 3452 4060 σε
3499 4006 3637 4078 πυρὶ
3676 4005 3772 4058 οὐκ

2169 4101 2434 4174 ὤπτησα,
2463 4102 2728 4175 ὀπτηθείη
2755 4104 2783 4157 6
2815 4103 3066 4174 ὀπτήσας
3097 4119 3179 4156 σε.
3217 4101 3377 4156 Καλὰ
3406 4100 3474 4154 τά
3504 4100 3768 4172 ἀμοιϐαῖα

2167 4195 2268 4266 τῆς
2294 4194 2542 4264 χάριτος.

2240 4305 2352 4363 lll'.
2393 4308 2626 4377 Μεγάλα
2659 4307 2756 4380 μὲν
2801 4308 2950 4362 κακά
2977 4309 3072 4362 καὶ
3106 4306 3300 4363 ταῦτα’
3330 4308 3452 4363 ἀλλ’
3486 4307 3568 4361 ἐτι
3605 4304 3772 4378 μικρά

2167 4400 2308 4472 πρὸς
2337 4401 2405 4455 τὰ
2437 4401 2592 4456 ἄλλα*
2622 4403 2684 4456 οὐ
2711 4401 2898 4474 τολμῶ
2925 4402 3013 4455 ἐπ’
3040 4401 3255 4472 ἀνδρῶν
3285 4403 3381 4456 καὶ
3403 4402 3692 4472 γυναικῶν
3718 4399 3773 4452 τὸ

2167 4492 2395 4566 λουτρὸν
2422 4495 2535 4568 (9.2)
2586 4495 2767 4550 αὐτῶν
2813 4496 3203 4569 διηγήσασθαι.
3251 4497 3327 4566 053
3374 4495 3559 4567 τολμῶ
3604 4495 3772 4547 εἰπεῖν

2170 4588 2276 4641 τίνι
2309 4588 2689 4659 ἐμϐάπτοντες
2722 4589 2821 4662 τὴν
2873 4591 3088 4661 ἰσχάδα,
3119 4593 3232 4654 τοῖς
3283 4588 3489 4651 ἀθλίοις
3532 4587 3768 4641 διδόασι·

459 4656 696 4710 bnsnam
770 4660 986 4718 miseris
1063 4667 1349 4723 intinctam
1408 4673 1698 4730 mariscam
1759 4677 2061 4748 porrigant.

2179 4680 2319 4754 [cod.
2342 4656 2397 4736 vf.
2433 4682 2552 4756 94.]
2592 4683 2684 4738 διὰ
2717 4656 3018 4756 συσσήμων
3056 4684 3216 4756 μόνον
3246 4681 3548 4756 δηλούσθω·
3583 4683 3770 4754 ἄνδρες

464 4746 592 4805 llaec
625 4759 832 4806 tantum
854 4771 950 4824 per
965 4760 1188 4814 conseia
1218 4762 1371 4830 signa
1403 4767 1718 4834 pandantur
1750 4785 1763 4821 :
1791 4769 1890 4824 viri
1915 4746 2063 4827 enim

460 4857 582 4910 qua:
615 4845 716 4900 sibi
743 4847 797 4900 in
819 4850 1048 4905 somniis
1078 4855 1360 4917 eveniunt,
1387 4859 1647 4928 cogitent;
1674 4860 1913 4926 fen'tinae,
1944 4881 2066 4935 qua:

464 4935 518 4989 in
555 4939 878 4995 menstruis.
920 4940 1055 4997 Vere
1102 4960 1164 5000 os
1218 4947 1568 5016 inquinamus
1618 4951 1744 5006 talia
1795 4953 2064 5012 dicentes.

2174 4775 2284 4846 γάρ
2309 4774 2378 4828 τά
2405 4776 2462 4830 ἐν
2490 4779 2601 4842 τοῖς
2628 4780 3023 4849 ἐνυπνιασμοίς
3056 4778 3526 4850 ἐνθυμείσοωσαν,
3555 4776 3650 4828 καὶ
3675 4791 3772 4842 γυ-

2174 4871 2363 4934 ναῖκες
2389 4870 2458 4925 τὰ
2494 4874 2551 4925 ἐν
2587 4873 2868 4946 ἀφέδροις·
2909 4873 3198 4946 μιαίνομεν
3225 4873 3249 4913 ιι
3283 4874 3359 4935 ὡς
3404 4871 3623 4942 ἀληθῶς
3666 4865 3764 4922 τδι

2179 4963 2357 5034 στόμα
2404 4965 2580 5018 ταῦτα
2608 4965 2900 5036 λέγοντες
2953 4967 3029 5038 μὴ
3063 4965 3330 5037 ’Έλληνες
3358 4964 3561 5018 τούτων
3601 4977 3769 5033 μυσα-

1762 5091 1995 5190 νλιιιΑε
2039 5135 2450 5198 l.ECTl0.\°ES.

536 5251 564 5326 ξ)
600 5249 664 5304 R.
690 5250 942 5326 λεωργοί.

1025 5266 1045 5293 ο
1083 5256 1148 5314 Β.
1178 5259 1417 5328 ὁρῶμαι.

459 5323 484 5364 δ
517 5322 584 5378 R.
617 5322 836 5398 ἔπειρα.

940 5330 951 5368 ί
994 5326 1059 5383 li.
1097 5326 1306 5401 παρίειζ
1381 5333 1408 5374 κ
1445 5333 1511 5389 R.
1550 5338 1852 5410 μιαίνομαι.

1517 5262 1542 5303 ἀ
1588 5265 1748 5322 Deest
1780 5271 1876 5323 καὶ
1921 5273 2064 5339 apud
2102 5274 2164 5328 li.

1550 5338 1852 5396 μιαίνομαι.
1941 5343 1956 5382 ι
1996 5345 2060 5396 li.
2092 5347 2159 5396 τά

2017 5347 2060 5398 ἰ.
2092 5347 2180 5402 τά.

2279 5289 2302 5318 θ
2331 5277 2468 5336 Cod.
2500 5280 2738 5354 πλήρης.
2849 5283 2867 5323 ί
2906 5283 2971 5338 li.
3005 5284 3227 5356 μειδιῶν
3256 5285 3354 5356 τῷ.
3463 5295 3488 5334 8
3533 5283 3597 5344 li.
3626 5282 3760 5339 ὁταί.

2062 5488 2296 5548 ΝυΤίΕ.

531 5611 1018 5689 (21)ᾼυςιιειὶηιιε
1075 5619 1212 5675 liter.
1278 5620 1370 5687 46,
1430 5623 1498 5680 de
1565 5625 1880 5685 Manichzeis
1944 5633 2064 5689 ait:

461 5679 613 5768 Νίξιὶι
632 5679 638 5681 ’
670 5685 727 5768 in
750 5679 930 5768 “'agri:
965 5701 1266 5768 operantes,
1311 5679 1407 5748 nec
1439 5679 1602 5765 θροηιὰ
1626 5679 2070 5768 carpentem-nee

463 5754 655 5842 fallent
685 5754 964 5842 [οζίίιύίζα
992 5754 1262 5842 ὺςιιεηιρσζ
1285 5754 1594 5837 exspectant
1617 5754 1933 5842 liwc'aﬂ'erri

458 5821 553 5878 bus
572 5821 767 5882 suis’ab
800 5830 1133 5888 auditoribus
1161 5821 1292 5890 suis.

532 5897 856 5987 lter-Ite
903 5900 1128 5987 Tubunis
1169 5909 1310 5984 apud
1357 5909 1616 5987 Cyrillum
1675 5914 1927 5987 intelligit
1977 5919 2070 5976 hic

466 5962 745 6022 lavacrum
797 5973 1047 6041 baptismi
1081 5962 1262 6046 potius
1295 5962 2065 6062 qtlainvbalineatione;quo:

2176 5640 2478 5717 nianrmoa
2512 5643 2858 5700 Eueharistia
2889 5645 3158 5710 innuitur,
3188 5661 3352 5717 quam
3383 5657 3590 5702 veteres
3619 5645 3755 5699 illico

2181 5723 2304 5782 post
2330 5713 2658 5784 baptismum
2694 5717 3003 5771 sumebant.
3029 5713 3339 5788 Utrumque
3368 5729 3546 5774 autem
3585 5732 3758 5772 sacra-

2183 5792 2450 5860 mentuml
2481 5788 2727 5860 pessima
2774 5788 2998 5856 parodia
3053 5789 3335 5844 Manichtei
3389 5789 3754 5860 profanabant.

2179 5852 2256 5980 lDe
2312 5852 2556 5981 signum)
2603 5852 2824 5930 quidem
2883 5860 3046 5916 tradit
3100 5852 3754 5933 horrenda-Augustinus

2199 5942 2350 5981 netu.
2417 5969 2429 5981 .
3323 5971 3328 5976 .

2199 5942 2311 5981 ΚΒΓ.
2343 5942 2429 5982 41).
3323 5971 3328 5976 .
