4142 6510
460 419 594 486 1269

1624 415 1998 480 HISTORIA
2034 416 2649 484 MANlCHzEORUM.

3621 432 3759 499 1270

458 534 720 608 p'bTEpOt;
761 529 838 605 μὴ
875 530 1125 587 Ἰουδαῖοι
1156 528 1363 586 τούτων
1385 528 1777 599 ἀσεϐέστεροι;
1817 529 1893 602 μὴ
1924 546 2049 601 πορ-

2154 529 2295 586 Num
2338 532 2547 590 ethnici
2583 535 2671 591 his
2701 534 2999 597 fmdiores?
3037 558 3172 598 num
3217 544 3391 604 Judaei
3452 551 3541 606 his
3582 551 3766 606 scele-

454 622 706 686 νεύοντες
759 622 968 677 τούτων
1011 620 1484 695 ἀκαθαρτότεροι;
1536 619 1596 675 '0
1630 621 1730 693 μὲν
1778 621 1890 692 γὰρ
1923 636 2060 693 πορ-

455 712 691 776 νεύσας,
726 711 855 783 μίαν
883 712 1034 785 ὥραν
1066 713 1133 767 δι’
1161 712 1463 784 ἐπιθυμίαν
1514 713 1664 768 τελεῖ
1702 712 1803 786 τὴν
1834 711 2055 785 πρᾶξιν·

455 802 890 872 καταγινώσκων
930 804 989 857 δὲ
1037 804 1139 876 τῆς
1186 803 1441 876 πράξεως
1488 802 1567 868 ὡς
1613 803 1899 873 μιανθεὶς,
1946 797 2058 855 οἵδε

453 897 684 969 λουτροῦ
716 899 1067 970 ἐπιδεόμενος
1087 940 1101 964 ,
1152 901 1248 955 καὶ
1289 900 1551 970 γινώσκει
1582 903 1680 973 τῆς
1706 898 1961 972 πράξεως
1996 899 2059 952 τὺ

459 991 705 1061 μυσαρόν
736 1000 797 1028 αι’
826 993 854 1045 6
881 993 939 1047 δὲ
974 994 1298 1064 Μανιχαῖος,
1332 992 1725 1064 θυσιαστηρίου
1761 990 1947 1062 μέσον,
1981 990 2059 1055 ὡς

453 1082 691 1154 νομίζει,
739 1084 913 1139 ταῦτα
944 1085 1129 1157 τίθησι
1158 1085 1257 1140 καὶ
1296 1085 1502 1157 μιαίνει
1540 1086 1636 1139 καὶ
1675 1087 1777 1149 τὴν
1804 1085 2058 1156 γλῶσσαν

456 1176 635 1230 καὶτὸ
655 1176 851 1248 στόμα*
884 1178 1034 1249 παρὰ
1053 1177 1299 1233 τοιούτου
1325 1179 1615 1250 στόματος,
1640 1179 1766 1247 λέγε
1794 1196 1906 1250 μοι,
1925 1179 2056 1251 δέχῃ

454 1268 847 1337 διδασκαλίαν;
887 1272 1078 1326 τοῦτον
1128 1272 1185 1327 δὲ
1219 1273 1359 1337 ὅλως
1387 1274 1715 1343 ἀπαντήσας
1743 1273 1965 1345 ἀσπάζῃ
1998 1277 2057 1326 ὲν

453 1360 725 1432 φιλήματι
750 1380 764 1431 ;
797 1357 926 1435 ἆρα,
954 1365 1125 1436 χωρὶς
1150 1367 1251 1436 τῆς
1292 1365 1487 1436 λοιπῆς
1517 1365 1805 1432 ἀσεϐείας,
1833 1368 1895 1422 οὐ
1919 1366 2055 1437 φεύ-

451 1468 572 1521 γεις
608 1453 737 1517 τοὺς
767 1455 1222 1527 μεμολυσμένους
1251 1459 1277 1486 ³
1328 1461 1423 1512 καὶ
1461 1458 1683 1513 πάντων
1730 1459 2055 1515 ἀκολάστων

452 1544 745 1618 χείρονας,
782 1548 910 1612 τοὺς
958 1549 1141 1620 πάσης
1187 1550 1550 1622 προεστὼσης
1596 1552 2054 1624 μυσαρωτέρους;

455 1639 833 1710 παραγγέλλει
861 1641 1032 1697 ταῦτα
1057 1643 1246 1697 λοιπὸν
1273 1645 1307 1714 ὴ
1350 1644 1671 1716 Ἐκκλησία,
1700 1647 1793 1699 καὶ
1813 1645 2054 1700 διδάσκει

453 1733 554 1786 καὶ
572 1734 805 1788 ἅπτεται
825 1733 1125 1807 βορϐόρων,
1145 1736 1234 1790 ῖνα
1252 1738 1317 1790 σὺ
1335 1738 1410 1808 μὴ
1433 1736 1804 1810 ξέιορϐορωϐῇς⁸
1820 1740 1967 1808 λέγει
1982 1741 2054 1795 τὰ

455 1824 774 1897 τραύματα,
811 1828 900 1883 ἴνα
930 1829 994 1882 σὺ
1016 1829 1092 1900 μὴ
1116 1831 1553 1903 τραυματισθῇς.
1594 1834 1782 1905 Ἀρκεῖ
1802 1834 1860 1889 δέ
1885 1852 1966 1889 σοι
1991 1836 2053 1890 τὸ

2164 619 2402 677 stiores?
2432 638 2567 678 num
2597 635 2778 682 scorta
2809 627 2895 683 his
2928 629 3262 701 impuriora?
3294 635 3430 692 Nam
3463 640 3556 710 qui
3598 655 3753 696 scor-

2162 720 2330 780 tatur,
2362 731 2471 770 una
2520 716 2654 772 hora
2682 719 3000 790 cupiditatis
3037 739 3153 780 suas
3197 737 3380 784 actum
3420 733 3648 803 peragit.
3704 745 3762 789 ct

2159 821 2286 861 mox
2333 808 2460 864 facti
2492 809 2787 881 paenitens,
2828 814 3049 871 lavacro
3092 824 3353 890 tanquam
3402 822 3652 893 impurus
3696 843 3757 882 se

2158 914 2323 970 egere
2370 903 2495 968 scit,
2542 914 2598 961 et
2630 914 2767 963 actae
2804 909 2882 965 rei
2917 908 3220 968 linditatem
3263 917 3532 986 agnoscit.
3581 919 3757 975 Mani-

2158 996 2343 1050 chqu
2370 1004 2556 1052 autem
2588 999 2771 1055 medio
2793 999 2848 1055 in
2874 1002 3055 1069 altari,
3078 1014 3138 1060 ut
3159 1017 3333 1077 putat,
3363 1009 3479 1064 haec
3507 1014 3753 1082 exponit,

2157 1088 2510 1161 linguamque
2542 1092 2704 1148 simul
2726 1102 2783 1150 et
2816 1110 2880 1151 os
2899 1109 3248 1169 conspurcat.
3289 1100 3447 1158 Tunc
3481 1103 3644 1174 igitur
3666 1108 3758 1161 tali

2157 1179 2227 1236 ab
2255 1196 2370 1247 ore,
2398 1182 2505 1249 dic,
2541 1183 2722 1251 sodes,
2754 1185 3061 1244 doctrinam
3083 1190 3357 1262 suscipis?
3385 1193 3542 1250 Hunc
3577 1204 3631 1250 tu
3659 1197 3758 1250 ho-

2159 1271 2365 1327 minem
2412 1288 2536 1328 cum
2584 1276 2633 1330 ei
2687 1279 2975 1344 occurris,
3044 1282 3233 1338 osculo
3292 1284 3535 1341 salutas?
3586 1286 3750 1352 Num,

2158 1366 2361 1421 amissa
2395 1367 2559 1422 etiam
2600 1370 2845 1440 qualibet
2884 1374 2990 1429 alia
3042 1375 3347 1446 impietate,
3399 1393 3509 1433 non
3542 1380 3757 1451 defugis

2157 1454 2335 1513 haedos
2361 1458 2483 1526 hos,
2527 1468 2582 1515 et
2620 1462 2867 1532 quolibet
2889 1465 3101 1521 cinaeda
3132 1469 3369 1539 pejores,
3402 1479 3567 1542 atque
3604 1474 3756 1528 atnni

2157 1551 2459 1621 prostibula
2500 1551 2981 1613 detesmbiliores?
3010 1558 3281 1616 Cazterum
3314 1564 3605 1621 denuntiat
3635 1567 3753 1621 lnec

2157 1641 2420 1705 Ecclesia,
2444 1651 2501 1698 et
2526 1658 2746 1700 casuum
2775 1649 3180 1717 quodammodo
3203 1654 3443 1727 attingit,
3474 1672 3543 1711 ne
3584 1666 3638 1711 In
3673 1657 3756 1710 in-

2155 1735 2447 1805 quineris:
2506 1736 2733 1793 vulnera
2778 1752 2985 1807 narrat,
3035 1758 3106 1798 ne
3153 1753 3210 1799 tu
3249 1747 3576 1803 vulnereris.
3609 1748 3755 1804 Satis

2158 1834 2279 1883 esto
2314 1827 2413 1883 tibi
2456 1845 2577 1883 rem
2611 1831 2868 1893 novisse:
2900 1835 3337 1903 experimentum
3373 1853 3571 1907 capere
3596 1856 3752 1897 eave.

456 1922 658 1977 εἰδέναι
681 1933 705 1955 °
728 1925 909 1995 μόνον’
942 1927 1003 1980 τὸ
1026 1927 1084 1981 δὲ
1120 1930 1317 1999 πεῖραν
1358 1929 1545 1982 λαϐεῖν
1573 1930 1804 2002 ἀπέχου.
1842 1932 2050 2007 Βροντᾷ

2156 1921 2335 1978 Tanat
2370 1922 2536 1991 Deus,
2572 1935 2629 1980 et
2661 1926 2846 1982 cuncti
2889 1900 3287 1997 treiniscimus;
3326 1931 3400 1985 illi
3445 1900 3576 1987 vero
3607 1934 3755 1989 blas-

454 2014 610 2078 Θεδς,
640 2016 736 2070 καὶ
761 2017 963 2082 πάντες
986 2020 1262 2089 τρέμομεν
1289 2021 1610 2090 ι’,δκάκεῖνοι
1637 2023 2048 2097 βλασςρημοῦσιο

453 2108 761 2177 ἀστράπτει
795 2110 947 2175 Θεὸς,
979 2115 1075 2165 καὶ
1105 2112 1308 2177 πάντες
1357 2118 1435 2178 είς
1468 2116 1575 2186 γῆν
1617 2117 2012 2190 ἐπικλινόμεθα
2034 2162 2050 2188 ,

455 2198 702 2252 κάκεῖνοι
739 2200 869 2272 περὶ
895 2201 1127 2273 οὐρανὸν
1165 2203 1264 2267 τὰς
1295 2204 1619 2278 δυσφήμους
1649 2206 1835 2279 έχουσι
1875 2209 2054 2278 γλώσ-

455 2306 577 2354 σαςο
619 2290 827 2363 Ἰησοῦς
858 2295 886 2347 6
917 2294 1124 2366 Κύριος
1154 2299 1248 2350 καὶ
1273 2297 1407 2361 Θεὸς
1431 2298 1590 2369 ἡμῶν
1619 2298 1772 2368 λέγει
1801 2300 1928 2374 περὶ
1956 2301 2051 2356 τοῖ

454 2384 668 2454 [ἰατρὸς
696 2386 884 2453 αὑτοῦ,
914 2389 997 2442 ὅτι
1032 2390 1144 2445 Τὸν
1165 2390 1311 2463 lead.
1366 2392 1403 2446 f.
1438 2395 1508 2450 94
1541 2392 1621 2466 h.]
1660 2394 1832 2461 ἣλιον
1864 2393 2055 2450 αὑτοῦ

451 2477 776 2534 ἀνατέλλει
800 2481 899 2535 ἐπὶ
930 2484 1239 2551 πονηροὺς
1260 2486 1359 2539 καὶ
1389 2487 1673 2558 ἀγαθοὺς,
1704 2488 1806 2546 καί
1839 2487 2053 2560 βρέχει

451 2569 553 2623 ἐπὶ
587 2570 987 2641 δικίιίουςκαὶ
1018 2576 1290 2645 ἀδίκους,
1323 2580 1568 2634 κάκεῖνοι
1597 2581 1849 2652 λέγουσιν
1882 2583 1964 2637 ὅτι
1994 2584 2055 2652 ἐξ

452 2667 726 2735 ἐρωτικῆς
763 2668 961 2737 μανίας
1006 2669 1271 2739 γίνονται’
1315 2674 1410 2727 καὶ¹
1442 2674 1685 2743 τολμῶσι
1727 2674 1928 2746 λέγειν,
1970 2677 2051 2731 ὅτι

452 2758 570 2811 ἔστι
594 2777 673 2822 τις
700 2761 968 2832 παρθένος
1002 2764 1061 2816 ἐν
1094 2764 1311 2837 οὐρανῷ
1340 2767 1553 2838 εὐειδὴς
1586 2769 1725 2839 μετὰ
1764 2769 2052 2824 νεανίσκου

453 2849 691 2915 εὐειδοῦς
706 2862 755 2906 ιι.
783 2852 1038 2907 καὶκατὰ
1063 2854 1157 2909 τὸν
1173 2856 1282 2909 τῶν
1300 2857 1567 2930 καμήλων
1590 2859 1623 2932 ἢ
1643 2859 1824 2915 λύκων
1837 2878 1928 2915 και
1937 2861 2047 2932 ρδν,

451 2942 583 3005 τοὺς
614 2944 714 3014 τῆς
746 2948 980 3016 αἰσχρᾶς
1013 2947 1318 3019 ἐπιθυμίας
1339 2952 1569 3023 καιροὺς
1597 2952 1761 3022 ἔχειν’
1787 2954 1879 3007 καὶ
1913 2955 2055 3008 κατά

450 3035 544 3090 τὸν
568 3035 666 3090 τοῦ
696 3039 967 3110 χειμῶνος
1011 3042 1203 3113 καιρὸν
1228 3045 1516 3115 μανιωδῶς
1543 3046 1707 3100 αὐτὸν
1742 3048 2055 3120 ἐπιτρέχειν

450 3133 517 3201 τῇ
560 3132 842 3205 παρθένῳο
877 3135 975 3188 καὶ
1006 3135 1107 3208 τὴν
1141 3136 1242 3209 μὲν
1279 3148 1300 3175 τ
1335 3139 1583 3208 φεύγειν,
1620 3141 1710 3195 τὸν
1740 3141 1797 3194 δὲ
1828 3143 2052 3215 ἐπιτρέ-

2156 2015 2440 2085 phemant.
2480 2016 2743 2091 Fulgurat
2772 2018 2951 2087 Deus,
2991 2030 3046 2076 et
3089 2036 3283 2078 omnes
3334 2022 3485 2077 humi
3516 2036 3756 2094 proster-

2156 2110 2360 2179 nimur;
2390 2111 2463 2166 illi
2503 2112 2725 2169 interim
2754 2115 3022 2170 adversus
3048 2117 3249 2171 malum
3274 2116 3626 2187 blasphemas
3651 2118 3756 2171 lin-

2155 2214 2289 2270 gnas
2314 2210 2593 2257 exercent.
2616 2201 2781 2258 Jesus
2811 2201 3074 2259 Dominus
3108 2220 3171 2259 ac
3200 2204 3347 2260 Deus
3376 2215 3563 2260 noster
3585 2206 3660 2260 ait
3691 2206 3758 2260 tle

2157 2290 2316 2347 Patre
2347 2308 2448 2349 suo
2479 2311 2493 2348 :
2524 2296 2668 2365 quod
2691 2293 2870 2351 Solem
2897 2313 3054 2351 suum
3077 2297 3210 2351 oriri
3239 2298 3369 2369 facit
3408 2315 3569 2369 super
3589 2299 3759 2353 malas

2156 2393 2204 2437 et
2231 2384 2412 2451 bonos,
2448 2395 2498 2442 et
2526 2387 2661 2458 pluit
2680 2405 2839 2459 super
2861 2389 3038 2459 justas
3064 2400 3112 2445 et
3148 2391 3377 2460 injustas
3401 2392 3447 2423 ³⁵
3472 2411 3485 2447 :
3520 2391 3597 2445 illi
3627 2408 3757 2445 vero

2156 2479 2311 2534 aiunt
2342 2480 2555 2550 pluvias
2578 2497 2645 2537 ex
2675 2484 2941 2538 amatoria
2966 2484 3153 2540 furore
3182 2486 3497 2555 provenire;
3526 2486 3760 2539 audent-

2157 2586 2268 2640 que
2313 2573 2496 2628 «lieere
2522 2575 2815 2644 quamdam
2856 2574 2912 2629 in
2965 2575 3107 2630 ccelo
3150 2574 3437 2646 pulchram
3486 2576 3755 2647 virginem

2155 2663 2365 2719 versari
2401 2679 2526 2721 cum
2566 2666 2798 2735 pulchro
2836 2667 3043 2737 juvene
3075 2684 3089 2720 :
3135 2677 3192 2722 et
3233 2682 3341 2737 qua
3379 2666 3513 2720 anni
3542 2674 3756 2735 tempe-

2157 2766 2297 2813 state
2343 2759 2539 2814 cameli
2590 2775 2655 2814 ac
2697 2761 2813 2831 lupi
2866 2761 3248 2828 lihidinantur,
3292 2762 3484 2816 eadem
3536 2770 3593 2817 et
3637 2763 3758 2815 llius

2157 2858 2325 2905 castra
2353 2850 2497 2922 turpi
2533 2849 2644 2924 24
2673 2851 2909 2923 corripi;
2939 2862 2997 2907 et
3023 2851 3246 2908 hiemali
3279 2852 3583 2923 praesertim
3618 2862 3756 2907 tem-

2157 2959 2293 3014 pore
2323 2944 2528 3001 furiose
2556 2946 2710 3001 illum
2741 2946 2940 3017 virgini
2981 2947 3227 3012 instare;
3264 2956 3321 3002 et
3356 2948 3496 3001 hanc
3532 2947 3755 3017 quidem

2157 3036 2369 3109 fugere,
2401 3037 2552 3093 illum
2586 3039 2862 3109 persequi,
2899 3047 2955 3093 et
2996 3039 3374 3110 persequendo
3417 3039 3658 3104 sudare;
3687 3055 3756 3093 ex

2156 3128 2277 3198 eius
2312 3138 2496 3185 autem
2543 3129 2838 3184 sudoribus
2886 3129 3127 3200 pluviam
3175 3129 3311 3183 ﬁeri.
3353 3130 3497 3185 Sunt
3539 3128 3657 3183 inec
3699 3128 3753 3181 in

450 3241 617 3295 κοντα
648 3226 847 3297 ἱδροῦν·
882 3228 991 3282 ἀπὸ
1038 3229 1096 3282 δὲ
1143 3230 1252 3284 τῶν
1297 3231 1539 3304 ἱδρώτων
1575 3233 1742 3289 αὐτοῦ
1782 3230 1922 3290 εἶναι
1956 3235 2049 3290 τὸν

2159 3222 2583 3279 Manichaeorum
2626 3224 2780 3279 libris
2811 3224 3115 3295 perscripta
3152 3242 3166 3278 :
3216 3224 3333 3279 ha-c
3370 3239 3472 3279 nos
3502 3223 3754 3294 legimus,

450 3317 627 3372 ὑετόν.
660 3318 847 3374 Ταῦτα
880 3321 1194 3394 γέγραπται
1221 3324 1279 3377 ἐν
1307 3327 1428 3387 ταῖς
1466 3326 1575 3379 τῶν
1605 3328 1927 3399 Μανιχαίων
1962 3327 2049 3399 βί-

449 3411 623 3476 ϐλοις.
655 3412 842 3467 Ταῦτα
874 3415 1038 3484 ἡμεῖς
1069 3416 1385 3487 ἀνέγνωμεν
1417 3418 1777 3484 ἀπιστοῦντες
1809 3424 1922 3487 τοῖς
1960 3421 2053 3475 λε-

449 3502 705 3572 γομένοις
735 3512 783 3542 ⁸ο
817 3504 960 3577 ὑπὲρ
1007 3506 1240 3578 γάρέτῆς
1286 3509 1562 3582 ὑμετέρας
1605 3511 1911 3582 ἀσφαλείας
1951 3514 2051 3585 τὴν

447 3593 676 3649 ἐκείνων
732 3595 1011 3651 ἀπώλειαν
1052 3598 1732 3674 ὲπολυπραγμονήσαμενσ
1782 3604 1917 3659 ἀλλὰ
1954 3606 2052 3680 ῥύ-

448 3703 604 3741 σαιτο
630 3689 779 3758 ἡμᾶς
811 3691 839 3742 6
870 3690 1076 3761 Κύριος
1110 3694 1175 3745 ἐκ
1210 3695 1309 3763 τῆς
1338 3694 1596 3767 τοιαύτης
1633 3697 1844 3769 πλάνης
1879 3697 2015 3772 (25).

518 3778 618 3835 ΙΘ’.
663 3783 773 3836 Καὶ
811 3784 1108 3857 Σωκράτης
1155 3785 1213 3839 δὲ
1259 3790 1287 3841 6
1327 3788 1691 3859 Σχολαστικὸς
1724 3788 1838 3862 (24)
1872 3793 1901 3844 6
1947 3792 2048 3864 τὴν

442 3873 909 3948 ἐκκλησιαστικὴν
963 3879 1208 3950 ἱστορίαν
1256 3882 1758 3953 συγγραψάμενος,
1797 3884 1868 3939 τὰ
1915 3886 2047 3956 περὶ

445 3965 748 4020 Σκυοιανοῦ
767 3969 861 4021 καὶ
880 3969 1206 4042 Τερεὸίνΰου
1231 3971 1324 4024 τοῦ
1350 3973 1851 4044 μετονομασθέντος
1880 3973 1981 4028 Βου
1995 3976 2046 4029 δ-

442 4054 513 4109 53i
549 4056 662 4127 (25)
692 4059 969 4123 Μάνεντος
1010 4063 1067 4115 ὲν
1111 4062 1361 4135 ὲπιτόμῳ
1408 4063 1863 4135 διεξερχόμενος,
1900 4067 2043 4121 πάνυ

444 4152 730 4219 συμφωνεῖ
754 4151 831 4223 τῷ
854 4152 1076 4223 μεγάλῳ
1097 4155 1270 4225 Πατρὶ
1293 4154 1451 4225 ἡμῶν
1482 4155 1758 4227 Κυρῦ.λι;›·
1789 4155 1926 4212 ἀλλὰ
1949 4158 2043 4212 καὶ

443 4243 595 4296 πᾶσα
637 4244 671 4315 ἡ
725 4245 853 4315 ἰερά
895 4246 991 4300 καὶ
1039 4246 1160 4300 θεία
1202 4246 1419 4319 Γραφὴ,
1464 4248 1566 4318 τὴν
1600 4248 1782 4303 αὐτῶν
1826 4248 2040 4320 αἵρεσιν

443 4334 693 4406 σφοδρῶς
725 4337 1022 4410 ὲξελέγχει’
1052 4340 1173 4394 ὅθεν
1214 4343 1263 4394 οἱ
1298 4341 1597 4413 μετέπειτα
1641 4340 1847 4396 τούτων
1880 4360 2040 4413 γεγο-

440 4428 595 4493 νότες
627 4429 896 4502 διάδοχοι,
934 4432 1010 4504 μὴ
1061 4432 1321 4504 φέροντες
1356 4436 1483 4499 τοὺς
1532 4434 1793 4504 ἐλέγχους
1836 4435 1938 4507 τήν
1977 4452 2040 4489 τε

439 4522 643 4576 κακίαν
672 4524 792 4596 ἅμα
826 4525 1069 4596 καλύψαι
1102 4527 1446 4593 σπεύδοντες,
1486 4531 1838 4601 μηχανῶνται
1865 4528 2034 4583 κακός

2157 3320 2287 3391 quia
2316 3320 2673 3375 narrantibus
2706 3337 2819 3375 non
2855 3321 3258 3385 credebantus;
3287 3336 3412 3374 nam
3453 3335 3550 3389 pro
3578 3319 3754 3374 salute

2158 3421 2341 3468 vestra
2370 3422 2586 3484 pestem
2636 3413 2854 3468 illorum
2894 3412 3126 3469 scrutati
3172 3428 3382 3469 sumas.
3418 3412 3529 3468 Sed
3564 3428 3755 3468 errore

2155 3504 2471 3575 huiusmodi
2505 3505 2703 3561 liberet
2744 3520 2843 3560 nos
2874 3503 3176 3559 Dominus!

2221 3781 2370 3841 XlX.
2403 3783 2657 3840 Socrates
2688 3798 2904 3855 quoque
2941 3781 3325 3849 scholasticus,
3361 3782 3750 3840 ecclesiastica:

2150 3878 2397 3934 historia:
2425 3878 2679 3948 scriptor,
2703 3879 2832 3932 dum
2870 3894 2959 3932 res
2990 3876 3270 3949 Scythiani
3305 3892 3369 3931 ac
3397 3875 3748 3939 Tcrchinthi,

2146 3967 2239 4037 qui
2284 3981 2343 4021 se
2374 3964 2618 4021 Buddam
2664 3975 2853 4036 postea
2900 3965 3226 4031 nominavit,
3256 3979 3473 4020 necnon
3514 3964 3750 4019 Manetis

2146 4060 2387 4116 breviter
2424 4069 2632 4124 narrat,
2682 4074 2807 4113 cum
2857 4073 3055 4129 magna
3113 4067 3299 4112 nostra
3340 4056 3502 4112 Patre
3542 4057 3748 4128 Cyr-illo

2143 4152 2301 4209 valde
2324 4159 2613 4206 consonat.
2645 4150 2751 4205 Sed
2776 4159 2830 4205 et
2852 4165 3007 4205 saera
3040 4150 3221 4204 omnis
3240 4150 3424 4205 divina
3459 4149 3747 4219 Scriptura

2145 4242 2397 4299 haeresim
2438 4243 2681 4314 ipsorum
2726 4243 3085 4298 vehementer
3106 4241 3745 4315 castigat.Quamoln-em

2149 4337 2397 4408 priorum
2436 4335 2650 4390 illorum
2697 4350 3067 4399 successores,
3109 4332 3526 4405 caargutinnum
3569 4333 3748 4403 impa-

2142 4430 2341 4483 tientes
2368 4442 2631 4497 suamque
2669 4426 3074 4497 improbitatem
3099 4426 3277 4480 celare
3297 4424 3603 4492 studentes,
3624 4441 3745 4479 ma-

2140 4522 2381 4578 litiosum
2413 4520 2705 4575 artiﬁcium
2734 4519 3152 4592 ,excogitarunt,
3193 4533 3394 4588 nempe
3441 4527 3501 4572 ut
3528 4532 3743 4573 memo-

437 4633 627 4687 τεχνον
658 4617 904 4690 μέθοδον·
934 4621 1029 4675 καὶ
1060 4621 1160 4687 τὰς
1198 4622 1669 4694 μνημονευθείσας
1699 4623 1891 4686 ἀθέους
1913 4621 2035 4676 Μα-

2154 4628 2295 4675 ratos
2325 4616 2751 4673 Manichaeorum
2778 4616 2945 4671 libros
2970 4615 3295 4680 abolerent;
3342 4628 3571 4684 scopum
3616 4621 3744 4668 tan-

511 4798 554 4831 ιι
581 4797 779 4855 Matth.
807 4816 860 4869 ν,
892 4800 977 4855 is.

1728 4914 1968 4972 γΑιιιιΕ
2000 4915 2416 4973 LECTiONES.

511 5039 547 5104 δι’
584 5010 650 5082 li:
690 5029 944 5104 μισαρὸντ
1001 5100 1014 5104 _
1214 5031 1512 5104 μεμολισμ.

441 5111 464 5139 ι
490 5101 554 5157 ιι,
596 5099 755 5172 μετά.
835 5107 858 5135 ³
900 5099 1034 5155 Cod.
1059 5099 1396 5189 λελομένοις.

1626 5040 1652 5069 °
1685 5030 1754 5086 Β.
1818 5031 2241 5088 mendasissinte
2289 5031 2553 5101 εἰοτρύαι.

2673 5040 2704 5081 P
2757 5030 2820 5085 li.
2882 5031 3184 5101 τρέμομαι.
3298 5038 3326 5079 1
3376 5027 3441 5081 Π.
3493 5027 3744 5098 εύῃδοῦς.

1948 5244 2181 5301 NOTAE.

512 5360 959 5463 (232Pllactenus
1009 5380 1075 5420 ex
1119 5362 1319 5436 Cyrillo
1368 5362 1640 5419 llierosol.
1676 5362 1904 5421 Cateeh.
1962 5365 2031 5434 6,

436 5450 500 5490 ca
510 5452 558 5503 ρ.
595 5450 687 5490 oo.

513 5507 625 5569 (24)
663 5505 782 5578 Lib.
820 5521 858 5573 t,
893 5523 1015 5578 cap.
1043 5506 1135 5561 22.

513 5578 627 5647 (:25)
668 5577 812 5633 Cave
859 5576 1133 5649 intelligas
1177 5578 1327 5633 illum
1374 5592 1492 5633 αινο
1524 5576 1839 5633 Christiano
1873 5577 2033 5647 longe

437 5649 769 5703 anteriorem
805 5649 1071 5712 Buddam,
1098 5650 1190 5719 qui
1224 5658 1396 5705 totum
1431 5665 1572 5719 pene
1615 5650 1896 5703 Orientem
1939 5666 2033 5703 su-

438 5720 762 5788 perstitione
788 5736 887 5777 sua
909 5722 1218 5791 occupavit,
1245 5730 1301 5775 et
1329 5736 1476 5775 Itllllc
1506 5721 1822 5791 innumeros
1852 5719 2035 5775 adhuc

440 5791 605 5845 habet
639 5791 913 5858 asseclas;
958 5792 1027 5846 de
1050 5790 1172 5858 ’quo
1208 5792 1418 5847 scilicet
1445 5791 1745 5860 loquuntur
1775 5790 2032 5845 Clemens

437 5862 594 5916 Alex.
630 5860 831 5918 Strom.
871 5880 910 5927 ι,
957 5863 1044 5925 15.
1077 5876 1132 5918 et
1164 5863 1528 5933 Hieronymus
1556 5863 1760 5917 Contra
1787 5861 2033 5933 lavinia-

440 5948 597 5999 num,
630 5950 685 5989 ιι.
721 5934 809 5990 i2.
844 5933 941 5991 llie
967 5934 1114 5990 enim
1146 5931 1419 5992 recentior
1446 5931 1779 5991 Manichacus
1816 5932 2031 5989 Baddas

2142 5362 2363 5418 nannisi
2403 5362 2695 5418 ambitiose
2726 5378 2926 5417 nomen
2962 5361 3165 5417 veteris
3194 5360 3499 5429 usurparit.
3536 5357 3615 5429 Et
3650 5358 3738 5413 ille

2140 5434 2363 5504 quidem
2399 5434 2634 5502 priseus.
2665 5443 2725 5489 ut
2751 5434 2908 5510 aiunt.
2939 5434 3177 5510 praedicti
3207 5428 3466 5510 plentens
3502 5446 3565 5483 ac
3610 5428 3738 5510 ilic-

2141 5502 2426 5577 fanymus.
2451 5516 2641 5559 natum
2670 5521 2728 5559 se
2761 5506 2830 5559 de
2862 5502 3269 5577 virgineilixit,
3290 5513 3342 5557 et
3374 5503 3427 5555 in
3458 5502 3740 5577 montibus

2132 5571 2463 5640 educatum;
2510 5588 2696 5629 utrum
2730 5585 2914 5630 autem
2949 5571 3040 5632 hie
3072 5573 3408 5629 Manicha-ns
3454 5586 3646 5626 revera
3682 5571 3739 5625 in

2132 5647 2410 5709 erunibus,
2442 5646 2519 5700 uti
2566 5647 2776 5719 dictum
2823 5657 2909 5703 est
2950 5665 3003 5719 p.
3036 5646 3122 5711 l7,
3173 5655 3415 5719 veterem
3451 5642 3524 5697 sit
3567 5658 3739 5719 aemu-

2132 5718 2419 5793 latus,___an
2468 5718 2652 5787 potius
2704 5717 2923 5774 SLculus
2951 5712 3168 5773 'noster
3204 5713 3520 5793 historicus
3547 5782 3560 5793 _
3588 5712 3742 5793 hunc

2131 5782 2413 5853 cumillo,
2468 5782 2774 5860 icmparam
2832 5805 3040 5854 errore,
3090 5785 3415 5852 confundat,
3454 5782 3738 5856 ambigere

2132 5861 2283 5917 licet.
