4142 6494
439 375 572 440 19.71
1831 378 2064 439 PETRI
2119 379 2376 439 SICULI
3613 378 3760 444 1272

437 493 722 548 tummodo
787 492 1050 558 illorum,
1117 492 1312 548 tradita
1372 493 1516 547 inter
1580 507 1640 546 se
1691 509 1790 564 per
1846 501 2073 550 aetates.

2138 492 2394 563 νιχαῖκὰς
2422 489 2638 563 βίϐλους
2665 492 3121 564 ἀπορρίπτονται·
3149 491 3296 565 food.
3339 491 3378 550 ί.
3409 493 3534 568 95.]
3570 494 3674 548 τὸν
3699 496 3759 550 ἐν

437 586 710 652 doctrina,
742 587 1239 642 communicarent.
1271 587 1540 641 Praeterea
1573 587 1880 642 decernunt
1909 587 2035 641 nul-

2140 585 2333 648 αὐταῖς
2367 585 2425 638 δὲ
2473 584 2676 638 σκοπὸν
2721 588 2816 638 καὶ
2850 585 3009 655 μόνον
3040 585 3305 656 ἀλλήλους
3353 588 3497 642 κατά
3543 586 3761 656 γενεὰν

437 675 550 730 lum
583 676 750 731 alium
794 677 977 750 legere
1004 679 1200 732 librqu
1231 677 1418 742 licere,
1451 687 1652 748 praeter
1683 678 2033 750 Evangelium

2138 677 2234 731 καὶ
2261 677 2458 744 γενεὰν
2487 678 2553 730 ἐκ
2583 677 2936 748 παραδόσεως
2969 678 3305 732 διδάσκουσι-
3338 679 3761 751 δογματίζουσι

438 777 495 822 et
524 769 769 839 Apostoli
798 785 1018 825 sacrum
1051 770 1304 824 volumen
1331 787 1346 835 ;
1380 771 1452 823 ob
1491 770 1632 826 hanc
1667 770 1879 825 scilicet
1909 785 2037 824 cau-

2137 768 2193 820 δὲ
2223 768 2314 822 καὶ
2338 767 2517 833 τοῦτο,
2546 767 2628 839 μὴ
2658 767 2860 833 ἐξεῖναι
2894 769 3087 840 ἑτέρας
3117 768 3335 838 βίϐλους
3372 770 3431 822 τὸ
3465 771 3760 841 παράπαν

439 877 580 924 sam,
629 871 686 916 ut
736 862 1119 918 delicientibus
1159 861 1586 917 Maniehteorum
1627 862 1802 924 libris.
1846 873 1903 918 et
1939 879 2034 919 ve-

2139 859 2559 928 άναγινὼσκειν,
2594 862 2735 933 πλὴν
2787 862 2951 931 μόνου
2980 863 3076 916 τοῦ
3109 863 3440 932 Εὑαγγελίου
3485 866 3601 918 καὶ
3656 865 3763 935 τῆς

439 953 604 1009 tustis
647 953 810 1007 etiam
872 952 1098 1017 nostris,
1149 955 1416 1008 continua
1478 953 1922 1025 Evangeliorum,
1979 963 2036 1009 et

2140 956 2293 1025 ἱερᾶς
2341 953 2524 1024 βίϐλου
2558 955 2654 1008 τοῦ
2696 955 3019 1010 ’Λποστόλου
3051 957 3186 1026 (26)'
3221 956 3437 1010 ποιοῦσι
3477 956 3545 1010 δὲ
3589 955 3767 1009 τοῦτο

438 1047 723 1119 apostolici
759 1047 1056 1102 voluminis
1100 1047 1354 1113 lectione,
1385 1045 1603 1102 obviam
1643 1055 2034 1118 patentemque

2137 1047 2227 1102 διὰ
2256 1047 2512 1112 τοιαύτας
2542 1048 2724 1112 αἰτίας
2745 1089 2760 1112 ,
2793 1049 2941 1113 ὅπως
2969 1051 3034 1119 τῇ
3067 1049 3305 1121 ἀπουσίᾳ
3331 1049 3441 1102 τῶν
3469 1050 3768 1118 Μανιχαῐ-

437 1143 760 1198 accusanda:
807 1142 1051 1196 veritatis
1088 1140 1329 1195 habeant
1367 1140 1737 1205 occasionem,
1784 1147 1840 1194 et
1869 1140 2035 1194 rudes

2137 1142 2250 1195 κῶν
2286 1140 2506 1208 βίϐλων,
2554 1141 2650 1195 καὶ
2681 1141 2791 1194 τῶν
2821 1143 2952 1212 παρ’
2987 1143 3120 1212 ἡμῖν
3158 1143 3330 1196 ὅντων
3360 1141 3632 1196 παλαιῶν
3683 1140 3770 1211 βι-

439 1237 748 1306 idiotasque
783 1233 1092 1304 decipiendi
1123 1251 1136 1300 ;
1163 1233 1319 1304 quasi
1352 1233 1452 1304 ipsi
1501 1249 1532 1286 a
1573 1231 1795 1288 Christo
1824 1232 2036 1288 abomi-

2137 1233 2326 1297 ϐλίων,
2355 1235 2426 1305 τῇ
2455 1233 2735 1304 ἐπισυχνῷ
2766 1234 2782 1270 ⁸
2817 1234 2874 1288 δὲ
2902 1233 3207 1303 ἀναγνώσει
3237 1233 3347 1288 τῶν
3381 1233 3771 1302 Εὐαγγελίων

437 1327 677 1382 nandam
708 1325 1023 1395 hujusmodi
1063 1325 1316 1379 haeresim
1348 1323 1680 1394 acceperint,
1721 1322 1829 1394 25
1869 1323 2036 1380 item-

2137 1324 2232 1377 καὶ
2265 1324 2366 1394 τῆς
2399 1324 2766 1395 ἀποστολικῆς
2797 1324 2978 1394 βίϐλου
3000 1368 3013 1389 ,
3046 1326 3430 1396 εύλογοφανεῖς
3459 1323 3767 1396 ἀφορμὰς,

437 1437 544 1488 que
571 1435 601 1473 a
641 1418 911 1490 praeconis
935 1417 1257 1472 orthodoxa:
1287 1417 1411 1472 ﬁdei
1439 1417 1591 1471 Pauli
1637 1418 1872 1487 apostoli
1915 1434 2034 1472 ma-

2137 1415 2305 1487 ἔχωπι
2354 1419 2685 1488 κατηγορεῖν
2720 1418 2818 1488 τῆς
2858 1417 3118 1488 ἀληθείας
3158 1419 3254 1473 καὶ
3296 1419 3590 1490 ἐξαπατᾷν
3628 1420 3767 1482 τοὺς

435 1513 663 1584 gisterio
691 1530 705 1572 :
750 1513 1104 1571 suaveolcnle
1136 1513 1190 1566 in
1219 1511 1410 1582 primis
1454 1511 1802 1582 prctiosoqne
1829 1511 2033 1567 Christi

2137 1511 2373 1580 ἀμαθεῖς
2405 1511 2503 1565 καὶ
2539 1510 2782 1577 ἰδιώτας,
2815 1512 2898 1565 ὅτι
2929 1511 3038 1564 ἀπὸ
3077 1511 3316 1582 Χριστοῦ
3349 1511 3448 1582 τὴν
3477 1510 3767 1578 τοιαύτην

434 1608 659 1661 nomine
708 1606 1006 1676 pessimum
1057 1605 1201 1660 inter
1251 1604 1424 1658 malos
1467 1619 1733 1670 errorem,
1773 1613 2033 1673 tanquam

2136 1603 2649 1676 κατεϐδελυγμένην
2700 1604 2913 1676 αἰρεσιν
2962 1603 3296 1676 παρέλαϐον,
3342 1605 3438 1656 καὶ
3482 1604 3555 1656 ἐκ
3607 1602 3766 1656 διδα-

434 1700 600 1755 ovino
626 1700 825 1754 vellere
856 1699 1045 1770 lupum
1074 1706 1366 1768 contegere
1391 1705 1722 1767 satagentes.
1753 1695 1866 1750 llos
1884 1695 2034 1750 enim

2139 1697 2368 1762 σκαλίας
2398 1698 2491 1752 τοῦ
2533 1699 2778 1769 κήρυκος
2806 1701 2904 1767 τῆς
2931 1697 3216 1769 όρθοδόξου
3251 1695 3488 1760 πίστεως
3524 1695 3761 1750 [Ιαύλω

433 1793 597 1847 unice
630 1791 800 1846 libros
833 1807 958 1846 cum
986 1791 1191 1862 legant,
1232 1788 1739 1860 interpretationem
1787 1787 2031 1857 ipsorum

2136 1790 2232 1844 τοῦ
2253 1791 2576 1844 ἀποστόλου·
2607 1791 2685 1862 τῷ
2708 1791 2765 1844 δὲ
2792 1791 3147 1862 εύωδεστάτῳ
3172 1787 3412 1860 Χριστοῦ
3443 1790 3542 1843 καὶ
3582 1789 3763 1861 τιμίῳ

433 1889 501 1941 ad
525 1902 685 1942 suum
717 1885 933 1940 libitum
962 1885 1308 1953 distorquerc
1342 1890 1592 1952 queunt;
1633 1891 1860 1935 caeteras
1901 1895 2035 1934 vero
2068 1903 2069 1906 η

2138 1883 2366 1954 ὀνόματι
2402 1883 2500 1956 τὴν
2532 1887 2589 1938 ἐν
2626 1888 2819 1950 κακοῖς
2859 1884 3140 1956 ἐξαίρετον
3169 1883 3388 1952 ἀπάτην
3425 1881 3502 1946 ὠς
3537 1884 3603 1936 ἐν
3643 1900 3763 1935 κω-

433 1979 651 2033 divinas
680 1977 1014 2049 Scripturas,
1043 1990 1411 2046 nequaquam.
1455 1974 1576 2040 Quo
1617 1971 1679 2029 (it
1718 1981 1778 2027 ut
1823 1969 2034 2028 Veteris

2137 1976 2235 2048 δίῳ
2269 1977 2543 2048 προϐάτου
2572 1977 2736 2032 λύκον
2765 1977 3141 2050 περικαλύψαι
3173 1975 3545 2040 σπουδάζουσι
3569 1993 3584 2008 ο
3615 1975 3759 2030 ταῦ.-

435 2070 773 2126 'l‘estamenti
822 2070 992 2124 libros
1022 2068 1305 2140 abjieiant,
1357 2077 1415 2122 ut
1446 2066 1580 2132 dixi,
1614 2075 1838 2137 propter
1861 2065 2033 2120 obve-

2137 2087 2236 2135 τας
2273 2072 2382 2142 γὰρ
2429 2071 2531 2135 τὰς
2581 2071 2798 2142 βίϐλους
2844 2072 3014 2143 μόνας
3070 2068 3547 2138 ἀναγινώσκοντες
3578 2110 3602 2135 ,
3657 2069 3759 2140 τὴν

435 2165 654 2218 nientes
675 2162 802 2216 inde
825 2162 1230 2235 coargutiones;
1256 2171 1312 2216 et
1333 2160 1668 2216 deiferorum
1691 2173 1908 2228 quoque
1930 2157 2034 2212 Pa-

2138 2163 2440 2234 ἑρμηνείαν
2465 2165 2601 2234 πρὸς
2619 2163 2680 2217 τὸ
2700 2167 2899 2218 οἰκεῖον
2929 2163 3177 2236 βούλημα
3204 2162 3530 2233 διαστρέψαι
3559 2162 3760 2216 δύναν-

438 2265 582 2308 trum
603 2264 920 2310 nostrorum
944 2254 1166 2320 scripta,
1195 2267 1262 2306 ne
1284 2253 1352 2306 ab
1375 2251 1460 2305 his
1480 2251 1701 2305 malitiae
1729 2265 1841 2304 sua:
1868 2257 2034 2318 caput

2138 2273 2252 2310 ται·
2288 2257 2386 2318 τὰς
2415 2257 2472 2310 δὲ
2501 2256 2699 2320 λοιπὰς
2727 2257 2877 2322 Θείας
2903 2258 3150 2329 Γραφὰς,
3181 2255 3458 2325 οὐδαμῶς
3492 2255 3628 2308 ὅθεν
3654 2253 3758 2324 τῆς

434 2350 780 2405 debelletur:
816 2348 997 2419 itaque
1027 2348 1094 2402 ab
1125 2347 1190 2402 iis
1223 2357 1480 2418 tanquam
1515 2346 1637 2417 igne
1667 2344 1850 2400 cuncti
1879 2344 2036 2399 defuo

2138 2350 2238 2419 μὲν
2287 2349 2535 2414 Παλαιᾶς
2581 2351 2684 2415 τὰς
2715 2351 2934 2422 βίϐλους
2980 2339 3417 2417 ἀποϐάλλονται,
3452 2349 3530 2414 ὡς
3583 2348 3753 2421 ἔφην,

439 2444 621 2515 giunt.
659 2442 727 2497 At
756 2457 887 2496 vero
924 2458 1023 2494 nos
1054 2458 1120 2496 eo
1143 2438 1629 2508 vehementiusﬁd
1657 2439 1800 2492 hanc
1828 2448 2035 2492 sectam

2134 2443 2223 2496 διὰ
2254 2445 2379 2506 τοὺς
2408 2443 2664 2514 ἐλέγχους
2689 2461 2704 2475 ο
2746 2444 2846 2509 τὰς
2870 2443 2928 2497 δὲ
2971 2445 3082 2498 τῶν
3109 2443 3389 2515 θεοφόρων
3417 2443 3699 2514 Πατέρων
3728 2454 3756 2482 ιι

433 2536 886 2606 prosternendam
912 2535 1316 2599 incumbemus,
1352 2543 1515 2603 atque
1549 2548 1616 2587 ex
1650 2533 1758 2587 alio
1790 2533 1929 2586 libro
1970 2532 2038 2587 ad

2136 2533 2317 2604 ἡμῶν,
2367 2535 2517 2597 ὅπως
2572 2535 2647 2608 μὴ
2686 2535 2756 2589 δι’
2789 2535 2973 2589 αὐτῶν
3003 2535 3348 2608 θριαμϐευθῇ
3376 2537 3411 2606 ἡ
3443 2536 3600 2607 ἁρχὴ
3652 2535 3755 2604 τῆς

433 2632 896 2687 abundantiorem
926 2631 1223 2702 legentium
1271 2629 1688 2700 persuasionem
1722 2629 2036 2684 testimonia

2137 2628 2341 2692 κακίας
2365 2629 2568 2697 αὐτῶν,
2601 2633 2697 2685 καὶ
2729 2632 2929 2694 πάντες
2966 2631 3166 2694 αὐτοὺς
3200 2630 3275 2695 ὼς
3304 2632 3368 2683 ἐκ
3401 2631 3584 2702 πυρὸς
3615 2631 3757 2682 ἁπο-

436 2722 528 2776 hic
559 2721 926 2792 proferemus.

2139 2722 2406 2792 φύγωσιν·
2454 2725 2619 2795 ἡμεῖς
2668 2724 2725 2778 δὲ
2783 2725 3043 2780 ἐπιπλέον
3109 2723 3316 2796 ταύτην
3363 2719 3754 2794 θριαμϐεῦσαι

436 2817 854 2882 σπουδάζοντες,
897 2817 1045 2890 [cod.
1076 2816 1112 2871 l'.
1149 2816 1220 2873 95
1250 2816 1327 2890 b.]
1361 2816 1458 2870 καὶ
1523 2815 1586 2881 ἐξ
1639 2815 1836 2887 ἐτέρας
1875 2815 2062 2887 βίϐλου
2108 2820 2419 2893 μαρτυρίαν
2499 2822 2638 2892 πρὸς
2692 2820 3091 2892 περισσοτέραν
3137 2820 3247 2874 τῶν
3299 2818 3758 2889 ἐντυγχανόντων

434 2912 704 2966 πίπτωσιν
734 2909 970 2963 ἐνταῦθα
1004 2908 1465 2980 παραθησόμεθα.
1860 2905 1874 2918 ⁹

507 3003 627 3060 ΧΧ.
667 3003 886 3058 Etenim
921 3019 1151 3075 magnus
1183 3003 1346 3058 Pater
1370 3012 1558 3059 noster
1592 3016 1646 3060 et
1691 3005 2038 3061 thaumatur—

2223 3009 2307 3063 K'.
2352 3009 2412 3062 Ὀ
2442 3008 2551 3081 γὰρ
2584 3010 2758 3080 μέγας
2788 3009 2980 3082 Πατὴρ
3005 3011 3162 3082 ἡμῶν
3197 3012 3292 3066 καὶ
3325 3004 3753 3084 θαυματουργὸς

434 3114 536 3169 gus
567 3097 911 3167 Epiphanius
941 3096 1124 3167 Cypri,
1155 3095 1387 3150 Manetis
1417 3097 1470 3150 in
1501 3097 1878 3168 disputatione
1919 3099 2037 3154 cla-

2150 3100 2469 3170 Ἐπιφάνιος
2504 3105 2604 3173 τῆς
2638 3103 2868 3175 Κύπρου
2899 3105 3028 3176 περὶ
3063 3105 3164 3174 τῆς
3211 3105 3478 3174 ἐλέγξεως
3528 3105 3751 3158 Μάνεν-

433 3195 580 3258 dem,
610 3194 934 3263 justumque
987 3189 1280 3247 Persarum
1315 3190 1458 3261 regis
1501 3191 1570 3245 de
1619 3190 1766 3245 illata
1794 3191 1843 3245 ei
1901 3206 2069 3264 nece,

2146 3211 2239 3258 τος
2263 3194 2359 3249 καὶ
2387 3194 2482 3249 τοῦ
2517 3197 2582 3249 ἐκ
2608 3196 3012 3266 δικαιοκρισίας
3057 3196 3192 3251 Θεοῦ
3219 3198 3324 3250 ὑπὸ
3348 3197 3442 3251 τοῦ
3478 3197 3752 3268 βασιλέως

429 3285 700 3356 judicium
753 3299 1088 3349 memorans,
1141 3282 1259 3338 haec
1303 3283 1380 3338 ait
1412 3282 1606 3338 :Nouo
1649 3283 1925 3339 Valeriani
1982 3292 2039 3338 et

2146 3288 2373 3358 Περσῶν
2423 3288 2809 3359 ἐπενεχθέντος
2863 3289 3014 3360 αύτῷ
3057 3289 3288 3344 θανάτου
3361 3289 3749 3361 ἐπιμνησθεὶς,

433 3379 667 3435 Gallieni
717 3378 1087 3432 llotnanerum
1148 3377 1540 3448 imperatorum
1573 3393 1740 3443 anno,
1787 3377 2041 3434 ascendit

2144 3384 2275 3439 τάδε
2299 3385 2465 3455 φησιν
2518 3382 2656 3452 (27)’
2686 3381 2776 3437 Ἐν
2805 3382 2883 3454 τῷ
2903 3383 3077 3454 ἐνάτῳ
3103 3391 3130 3420 τ
3175 3383 3254 3436 ἔτι
3307 3384 3407 3454 τῆς
3465 3380 3755 3454 βασιλείας

435 3475 507 3528 de
531 3471 757 3527 Perside
791 3471 980 3526 Manes
1012 3485 1232 3525 carcere
1271 3471 1511 3541 elapsus,
1558 3479 1848 3542 propterea
1891 3470 2038 3541 quod

2148 3477 2519 3548 Οὐαλεριανοῦ
2555 3478 2651 3531 καὶ
2701 3476 3007 3531 Γαλλίνουι
3049 3476 3159 3531 τῶν
3207 3475 3473 3546 βασιλέων
3525 3473 3753 3546 Ῥώμης

436 3567 584 3638 regis
615 3566 901 3620 Persarum
961 3565 1073 3619 tilio
1104 3579 1266 3618 causa
1306 3563 1501 3619 mortis
1553 3565 1855 3620 exstitisset
1883 3583 1898 3621 :
1930 3579 2040 3635 quo

2149 3574 2319 3644 ἀνέϐη
2349 3573 2542 3643 Μάνης
2570 3572 2680 3627 άπὸ
2725 3571 3006 3643 Περσίδος,
3035 3570 3135 3638 τῆς
3187 3569 3435 3639 φυλακῆς
3468 3567 3753 3641 ἐκφυγὼν,

437 3669 461 3714 t
481 3675 687 3730 surpere
717 3660 879 3714 etiam
907 3674 1031 3714 cum
1057 3657 1326 3713 Archelao
1351 3657 1753 3713 Careharorum
1782 3658 1836 3712 in
1866 3657 2042 3714 Meso-

2148 3668 2238 3722 διά
2267 3667 2330 3722 τὸ
2365 3666 2680 3722 θανατῶσαι
2713 3667 2807 3720 τὸν
2833 3665 2949 3719 υἱὸν
2997 3665 3089 3720 τοῦ
3148 3665 3413 3736 βασιλέως
3474 3663 3711 3734 Περσῶν
3735 3678 3748 3691 ·

439 3752 678 3823 potantia
701 3752 961 3822 episc0po
986 3750 1288 3821 disputatio
1309 3751 1354 3804 ei
1385 3751 1618 3820 obtigit;
1659 3767 1688 3803 a
1723 3765 1830 3819 qua
1863 3750 2042 3806 vietus

2149 3763 2242 3816 ὅτε
2287 3762 2382 3815 καὶ
2420 3760 2560 3832 πρὸς
2619 3759 2914 3831 Ἀρχέλαον
2942 3757 3035 3813 τὸν
3080 3759 3383 3812 ἐπίσκοπον
3435 3758 3754 3828 Καρχάρων

440 3845 755 3912 discedens,
815 3845 955 3900 clam
1009 3843 1167 3913 fugit,
1228 3853 1284 3898 et
1334 3842 1692 3899 Diodoridem
1761 3843 2044 3915 ingressus

2148 3855 2250 3922 τῆς
2281 3851 2708 3923 Μεσοποταμίας
2766 3852 3078 3922 συζητήσας
3123 3851 3185 3904 τὸ
3233 3845 3399 3922 ἦττον
3441 3847 3753 3915 ἀπενεγκά-

439 3939 728 4010 Oppidum,
781 3937 837 3992 in
917 3937 1320 3993 Carcharorum
1383 3935 1606 4000 vicinia,
1680 3935 1863 4007 ibique
1913 3952 2041 3990 cum

2155 3964 2336 4018 μενος,
2368 3944 2671 4015 λεληθότως
2693 3944 2906 4014 ἀπέδρα
2937 3959 2949 3972 ·
3004 3944 3098 3997 καὶ
3129 3942 3386 3998 εἰσελθὼν
3426 3944 3508 4007 εἰς
3556 3940 3751 3996 Διοδω·

440 4031 738 4104 Tryphone
757 4031 997 4101 quodam
1021 4029 1372 4085 sanctissimo
1393 4029 1714 4100 presbytero
1737 4029 2044 4099 quaestione

2157 4041 2277 4112 ρίδα
2316 4049 2345 4090 7
2372 4040 2568 4110 κώμην
2605 4039 2706 4110 τῆς
2728 4040 3042 4111 Καρχάρων
3076 4037 3426 4110 περιοικίδος,
3452 4037 3548 4090 καὶ
3592 4033 3753 4104 συζη-

441 4127 713 4192 inslituta,
738 4125 809 4180 ab
848 4140 915 4179 eo
944 4124 1200 4195 perfusus
1234 4125 1445 4193 pudore
1466 4122 1590 4178 fuit.
1622 4123 1740 4190 Qua
1769 4123 1954 4178 audita
1985 4138 2044 4178 re

2151 4130 2326 4200 τήσας
2386 4127 2644 4200 Τρύφωνι
2693 4146 2799 4181 τινι
2866 4128 2945 4200 τῷ
3019 4129 3313 4200 ἁγιωτάτῳ
3368 4125 3749 4198 πρεσϐυτέρῳ,

440 4219 772 4286 Archelaus,
795 4218 940 4289 quod
977 4217 1123 4273 idem
1158 4233 1358 4288 nempe
1395 4216 1584 4272 Manes
1633 4233 1693 4272 se
1717 4217 2044 4273 contulisset

2151 4221 2376 4286 τελείως
2407 4232 2429 4259 τ
2467 4223 2598 4293 παρ’
2626 4220 2792 4274 αὐτοῦ
2826 4221 3194 4294 κατῃσχύνθη.
3235 4220 3504 4284 ’Δκούσας
3532 4221 3594 4274 δὲ
3629 4218 3749 4284 Ἀρ-

443 4315 510 4370 ad
545 4313 924 4386 Tryphonem,
951 4321 1008 4366 et
1037 4307 1168 4366 cum
1203 4326 1271 4366 eo
1301 4311 1655 4380 disceptaret,
1682 4311 1887 4367 cursim
1918 4311 2047 4367 illuc

2154 4315 2347 4388 χέλαος
2375 4317 2459 4370 ὅτι
2489 4307 2645 4378 οὗτος
2684 4317 2893 4380 ἐκεῖνος
2931 4315 3137 4386 ἔφθασε
3169 4315 3306 4388 πρὸς
3362 4315 3637 4387 Τρύφωνα
3659 4312 3749 4365 καὶ

447 4407 726 4479 profectus
769 4415 875 4468 est,
924 4405 1220 4474 dennoque
1269 4420 1394 4459 cum
1460 4404 1678 4459 Manete
1729 4404 2042 4476 disputans,

2152 4407 2392 4475 διάλεξιν
2421 4409 2559 4482 πρὸς
2590 4409 2756 4464 αὐτὸν
2785 4411 3044 4474 ποιεῖται,
3093 4407 3598 4479 ἐπικαταλαμϐάνει
3627 4406 3745 4476 δρο-

447 4517 674 4573 prursus
727 4501 882 4555 illum
931 4515 1056 4554 cum
1111 4499 1418 4570 ignominia
1477 4497 1767 4554 convicit:
1816 4509 2046 4570 eratque

2158 4499 2336 4570 μαῑως
2367 4501 2460 4552 καὶ
2510 4499 2674 4563 αὑτός
2705 4515 2719 4529 ο
2778 4499 2872 4553 καὶ
2917 4499 3053 4571 πρὸς
3084 4499 3174 4553 τδν
3222 4499 3416 4570 Μάνην
3455 4497 3747 4568 συζήτησιν

447 4595 634 4651 Manes
668 4612 794 4650 mox
835 4609 867 4650 a
910 4591 1114 4664 populo
1156 4592 1567 4647 interﬁciendus
1603 4611 1618 4660 ;
1664 4592 1759 4647 sed
1813 4593 1881 4647 ab
1926 4592 2083 4662 epi-j

2111 4605 2127 4657 ι
2154 4593 2311 4657 αὖθις
2332 4595 2587 4664 ποιήσας,
2611 4591 2834 4656 τελείως
2855 4592 3017 4646 αὑτὸν
3047 4593 3355 4665 κατῄσχυνε
3392 4609 3406 4623 ·
3470 4594 3566 4646 καὶ
3596 4584 3747 4659 ἔμελ-

447 4703 616 4759 sc0po
635 4687 906 4742 Archelao
931 4686 1264 4757 redemptus,
1286 4684 1339 4740 in
1366 4685 1647 4741 Persidem
1679 4685 1856 4740 rediit.
1891 4685 2050 4752 Quod

2153 4687 2246 4741 λεν
2272 4701 2299 4728 ιι
2350 4686 2512 4751 εὐθὺς
2547 4687 2652 4740 ὑπὸ
2681 4687 2777 4740 τοῦ
2812 4685 2944 4740 λαοῦ
2977 4686 3336 4741 θανατοῦσθαι
3365 4703 3378 4718 ·
3412 4679 3745 4758 λυτρωθεὶς1³

451 4781 542 4836 ubi
572 4797 667 4835 rex
719 4780 1010 4834 Persarum
1065 4778 1260 4845 audiit,
1310 4777 1478 4847 jussit
1536 4777 1584 4831 ei
1625 4776 1782 4846 quasi
1828 4791 2048 4831 saccum

2155 4779 2262 4832 ὑπὸ
2292 4778 2386 4832 τοῦ
2413 4778 2714 4832 ἐπισκόπου
2781 4778 3098 4850 Ἀρχελάου,
3157 4778 3474 4850 ἀνέκαμψεν
3521 4779 3602 4840 εἰς
3639 4773 3744 4843 ’τὴν

453 4874 652 4944 pellem
680 4872 791 4944 26
823 4872 1042 4927 detrahi
1073 4889 1088 4939 ;
1130 4881 1298 4942 atque
1355 4870 1430 4926 ita
1482 4869 1671 4925 Manes
1707 4869 1877 4925 linem
1925 4869 2052 4927 vitae

2157 4870 2396 4941 Περσίδα
2425 4887 2439 4901 ·
2466 4871 2705 4932 ἀκούσας
2727 4871 2782 4925 δὲ
2817 4873 2844 4926 ὁ
2875 4871 3128 4942 βασιλεὺς
3179 4871 3425 4942 Περσῶν,
3469 4870 3744 4925 ἐκέλευσεν

455 4983 569 5023 sua:
602 4966 754 5022 fecit.

2156 4963 2234 5025 ὡς
2286 4962 2522 5018 θύλακον
2578 4964 2741 5018 αὐτὸν
2775 4963 3117 5036 ἐκδαρῆναι·
3171 4966 3265 5018 καὶ
3295 4962 3466 5029 οὔτως
3510 4965 3572 5019 τὸ
3599 4961 3741 5021 τέλος

2157 5054 2252 5110 τοῦ
2290 5056 2408 5127 βίου
2440 5057 2608 5110 αὐτοῦ
2645 5059 2673 5112 ὁ
2694 5057 2889 5128 Μάνης
2915 5057 3307 5130 κατέστρεψεν.

1740 5249 1780 5303 ν
1793 5246 1978 5302 Alilx‘E
2030 5243 2327 5303 ΜΞΟΤΙΟΝ
2336 5245 2444 5301 ES.

570 5399 589 5433 ῑ
629 5394 702 5448 Ita
728 5392 851 5450 cod.
890 5392 954 5446 Ιῖ.
997 5392 1088 5446 ἐπὶ
1118 5391 1319 5462 συχνῷ.
1415 5403 1442 5430 ιι
1479 5391 1722 5462 πατρῶν.
1820 5399 1849 5430 ν
1877 5392 1950 5445 Ita
1983 5389 2204 5462 codaAt

2096 5389 2204 5462 .7At
2229 5388 2550 5462 Raéwcizrp.
2599 5461 2604 5462 ί
2648 5398 2676 5426 ³
2700 5387 2777 5444 lta
2812 5389 2938 5444 cod.
3010 5398 3038 5438 I
3067 5389 3133 5443 R.
3169 5386 3376 5458 Διοδορ.
3457 5394 3479 5421 ε
3516 5383 3594 5438 lla
3621 5378 3732 5437 cod.

566 5472 634 5524 At
662 5466 728 5522 Β.
764 5464 1018 5529 πελείως.
1126 5475 1153 5504 ⁸
1176 5463 1243 5520 Β.
1272 5461 1497 5536 ἕμηλεν.
1598 5461 1630 5504 κδ
1664 5465 1739 5520 Ita
1767 5462 1892 5518 cod.
1918 5462 1990 5517 At
2022 5461 2087 5516 li.
2117 5461 2202 5514 λυῖ

1664 5465 1739 5520 Ita
1767 5462 1892 5518 cod.
1918 5462 1990 5517 At
2022 5461 2087 5516 li.
2117 5461 2429 5533 λυπρεθεὶς,
2463 5461 2610 5532 quod
2638 5471 2817 5516 tamen
2855 5462 2912 5516 in
2944 5475 3122 5530 marg.
3153 5473 3300 5516 corr.

1998 5575 2230 5634 NOTAE.

531 5703 643 5770 (‘26)
684 5702 1014 5758 Manicluros
1039 5700 1110 5756 de
1156 5699 1278 5771 ipso
1303 5699 1656 5772 Testamento
1683 5699 1871 5764 Novo,
1907 5699 2056 5772 quod
2156 5698 2571 5772 gustinushazr.
2605 5697 2692 5772 id.
2735 5765 2764 5772 _
2822 5765 2874 5772 __
2964 5763 3003 5772 __
3048 5762 3060 5772 .
3107 5763 3121 5772 _
3221 5759 3253 5772 η
3295 5768 3303 5772 _
3387 5769 3396 5772 _
3665 5749 3701 5772 λη

461 5751 662 5828 vellent
1044 5751 1107 5827 Ei
1139 5751 1284 5841 qhod
1312 5751 2056 5838 ibiiéﬁi'{éjlxciséé'da‘ius:
2156 5751 2572 5841 (J—(‘é'lyllazres
2606 5768 2696 5824 46.
2732 5765 2837 5821 Sed
2864 5765 2916 5819 in
2964 5759 3257 5836 Epiphanii
3291 5768 3442 5816 textu
3479 5757 3623 5815 edito
3658 5751 3730 5807 di-

460 5847 549 5911 qui
601 5847 767 5897 etiam
813 5845 1020 5899 faciunt
1073 5844 1320 5898 hodierni
1352 5843 1616 5912 haeretici)
1652 5852 1707 5897 et
1759 5842 2056 5897 nommllas
2155 5843 2298 5899 citur
2323 5859 2468 5899 anno
2498 5854 2710 5912 quarto,
2746 5855 2854 5895 non
2884 5853 3040 5893 nouo.

466 5916 767 5987 scripturas
791 5917 1130 5988 apocryphas
1168 5915 1570 5988 anteposuisse,
1611 5914 1762 5972 testis
1808 5922 1894 5970 est
1943 5916 2051 5970 Au.
