4142 6438
327 423 470 493 1273

1474 423 1846 486 HISTORIA
1881 424 2042 486 MAN
2052 423 2500 490 [CHrEOI-KUM.

3503 425 3642 493 19M

402 545 534 600 KA'.
563 543 720 608 Τινὲς
753 543 812 597 δὲ
835 541 946 596 τῶν
977 537 1237 612 μαθητῶν
1273 538 1443 594 αὐτοῦ
1493 539 1740 611 ἔφθασαν
1779 540 1928 614 [θοὰ.

2111 540 2258 597 XXI.
2300 540 2566 597 Nonnulli
2597 555 2732 598 vero
2771 541 3174 612 discipulorum
3203 541 3326 612 ejus
3357 555 3638 600 venerunt

324 635 372 692 ΐ.
411 636 534 709 96.]
568 635 730 708 μέχρι
756 633 1094 705 Σαμωσάτου
1125 632 1227 703 τῆς
1255 631 1571 703 Ἀρμενίας,
1625 633 1721 687 καὶ
1764 633 1826 686 τὸ
1847 631 1932 697 ζι-

325 736 514 802 ζάνιον
543 736 636 790 τοῦ
665 733 908 807 πονηροῦ
949 737 1005 788 ἐν
1069 732 1218 802 αὐτῷ
1251 729 1748 803 κατασπείραντες,
1802 730 1932 783 πολ-

323 826 455 892 λοὺς
488 826 598 882 τῶν
628 829 809 881 ἐκεῖσε
844 823 1149 896 Ἀρμενίων
1172 823 1464 894 ἠπάτησαν
1500 838 1514 853 ο
1552 821 1691 892 μετὰ
1720 821 1776 874 δὲ
1805 821 1934 893 χρό-

325 937 454 982 νους
485 920 636 982 τινὰς
655 918 757 988 τῆς
789 916 1059 985 κακίστης
1095 914 1301 984 σπορᾶς
1334 913 1527 985 ηζρίζα
1559 911 1928 984 βλαστήσασα,

327 1011 554 1084 καρποῦ
588 1009 890 1080 θανασίμου
913 1009 1025 1071 τοῖς
1072 1005 1289 1070 πολλοῖς
1321 1006 1618 1076 μετέδωκε,
1669 1006 1926 1076 φθάσασα

320 1103 425 1156 καὶ
460 1103 622 1174 μέχρι
646 1100 955 1174 Φαναροίας
996 1110 1044 1154 ε.
1100 1097 1245 1170 Γυνὴ
1287 1098 1396 1169 γάρ
1431 1117 1514 1162 τις
1571 1102 1636 1153 ἐκ
1679 1099 1772 1154 τοῦ
1823 1101 1932 1153 Σα-

317 1194 588 1264 ειωσάτου
618 1192 916 1262 Καλλινίκη
948 1188 974 1229 ά
1003 1190 1264 1263 τοῦνομα,
1299 1191 1393 1245 δύο
1427 1193 1576 1256 υἱοὺς
1605 1191 1755 1262 ἔσχε,
1776 1191 1932 1246 Παῦ-

317 1286 419 1339 λον
450 1287 546 1341 καὶ
593 1285 850 1358 Ἰωάννην
883 1302 898 1315 ’
929 1285 1158 1348 τούτους
1214 1281 1308 1338 οὖν
1358 1285 1486 1349 τοὺς
1535 1284 1632 1339 δύο
1655 1287 1807 1356 ὄφεις
1842 1297 1866 1326 ο
1895 1288 1930 1359 ὴ

327 1379 509 1434 αὐτῶν
542 1385 841 1450 γεννήτρια
875 1379 1058 1451 ἔχιδνα
1097 1378 1565 1456 ἐκθρέψασαηκαὶ
1617 1380 1716 1452 τὴν
1778 1397 1932 1452 παμ-

331 1473 530 1544 μίαρον
559 1473 821 1541 διδάξασα
849 1474 1085 1545 αἵρεσιν,
1120 1473 1370 1543 κήρυκας
1409 1473 1508 1544 τῆς
1551 1472 1765 1545 πλάνης
1825 1475 1934 1528 άπ-

326 1564 572 1619 έστειλεν
605 1567 670 1619 ἐκ
694 1565 791 1619 τοῦ
816 1566 1152 1635 Σαμωσὰτου
1187 1579 1204 1595 ·
1235 1565 1285 1618 οἱ
1311 1565 1369 1618 δέ
1402 1565 1807 1632 καταλαϐόντες
1831 1567 1932 1638 τὴν

326 1656 546 1728 ἐνορίαν
565 1657 897 1728 Φαναροὶας,
927 1654 1092 1728 ἦλθον
1121 1657 1202 1721 εῖς
1249 1674 1376 1711 τινα
1428 1655 1646 1728 κώμην,
1675 1659 1774 1712 καὶ
1805 1660 1933 1724 τοὺς

327 1751 388 1803 ἐν
427 1750 567 1821 αὐτῇ
598 1750 886 1816 οἰκοῦντας
917 1751 1153 1822 ἀμαθεῖς
1187 1751 1279 1805 καὶ
1330 1751 1697 1822 ἀστηρίκτους
1744 1753 1934 1825 εὑρόν-

326 1861 440 1908 τες,
472 1845 652 1897 ἐκεῖσε
676 1844 768 1898 τὸν
797 1844 872 1898 ἱὸν
905 1845 1005 1914 τῆς
1039 1845 1306 1916 πονηρίας
1335 1844 1432 1899 καὶ
1487 1844 1550 1898 τὸ
1597 1846 1794 1916 πικρὸν
1846 1845 1932 1910 ζι-

2037 650 2213 705 usque
2250 632 2536 692 Samosata
2570 635 2844 692 Armenia:
2876 635 3095 700 urbem,
3129 651 3360 705 pravum
3416 636 3529 692 illic
3561 638 3640 692 zi-

2037 726 2254 781 zanium
2284 735 2552 792 serentes,
2577 726 2890 797 multosque
2933 726 3213 782 Armenia:
3244 726 3450 783 incolas
3473 728 3638 784 dece-

2036 826 2260 890 perunt.
2290 817 2417 874 Post
2445 819 2654 890 aliquot
2683 835 2882 886 annos,
2921 819 3176 890 pessima;
3202 819 3373 889 hujus
3399 820 3635 877 sationis

2035 923 2189 978 radix
2239 922 2479 980 fructum
2515 924 2844 996 germinavit
2895 923 3266 990 mortiferum,
3317 923 3386 979 ad
3417 922 3638 979 Phana-

2037 1032 2210 1072 rceam
2257 1033 2430 1087 usque
2461 1016 2813 1089 propaginem
2845 1017 3155 1089 porrigens.
3199 1015 3336 1071 Nam
3380 1017 3639 1072 Samosa-

2037 1109 2179 1163 tensi
2220 1109 2458 1175 mulieri,
2497 1109 2584 1164 cui
2653 1125 2857 1166 nomen
2937 1108 3238 1174 Callinicze,
3299 1108 3412 1164 duo
3477 1118 3638 1165 erant

2037 1201 2227 1267 liberi,
2249 1202 2452 1257 Paulus
2475 1211 2528 1258 et
2549 1203 2809 1268 Joannes,
2827 1217 2967 1273 quos
2986 1203 3356 1274 velutangues
3379 1201 3631 1272 geminos

2036 1295 2272 1368 genitrix
2322 1297 2509 1366 vipera
2562 1299 2869 1361 enutriens,
2929 1306 2985 1351 et
3040 1296 3337 1351 nefandam
3399 1296 3627 1352 edoctos

2037 1389 2316 1453 haeresim,
2374 1389 2765 1461 praedicatores
2815 1387 3022 1443 erroris
3069 1386 3372 1443 Samosatis
3424 1387 3631 1442 emisit.

2036 1483 2103 1538 Hi
2147 1499 2276 1538 vero
2301 1482 2355 1537 in
2410 1481 2700 1536 ﬁnitimam
2727 1482 2891 1538 delati
2931 1481 3316 1547 Phanarmam,
3362 1488 3635 1536 venerunt

2036 1572 2093 1626 in
2127 1572 2420 1642 quemdam
2453 1587 2673 1643 pagum,
2726 1573 2887 1642 cujus
2917 1572 3124 1628 incolas
3172 1573 3339 1628 rudes
3378 1581 3435 1627 et
3491 1574 3637 1626 male

2038 1664 2225 1720 ﬁrmos
2246 1665 2427 1727 nacti,
2463 1680 2737 1720 venenum
2790 1664 2862 1719 ibi
2895 1665 3178 1736 nequitiae,
3214 1674 3270 1720 et
3303 1679 3487 1719 amara
3516 1665 3636 1720 dia-

2043 1757 2152 1811 boli
2181 1756 2390 1811 zizania
2432 1756 2905 1812 disseminarunt:
2957 1756 3318 1826 quamobrem
3368 1757 3416 1811 is
3459 1771 3633 1827 pagus

2037 1850 2318 1922 Episparis
2374 1849 2522 1921 (Lat.
2575 1847 2965 1921 seminarium)
3013 1849 3342 1919 appellatur.
3403 1847 3636 1903 Harresis

328 1934 514 2000 ζάνιον
562 1935 658 1990 τοῦ
714 1936 915 2008 ἐχθροῦ
971 1940 1297 2006 ἐνέσπειραν
1321 1953 1334 1966 ·
1368 1937 1449 1990 διὸ
1482 1938 1769 2010 καὶμέχρι
1819 1938 1922 2007 τῆς

2037 1910 2260 2011 quoque
2293 1910 2478 1996 abhis
2528 1910 2986 2012 prmdicatoribus
3049 1955 3253 1994 nomen
3317 1938 3633 2004 contraxit;

329 2027 577 2099 σήμερον
607 2069 624 2095 ,
698 2030 731 2099 ἡ
789 2029 888 2100 μὲν
962 2029 1136 2105 κώμη,
1192 2030 1528 2101 Ἐπίσπαρις
1611 2032 1932 2104 μετωνομάη-

326 2121 454 2192 σθη,
507 2123 543 2192 ἡ
580 2121 638 2175 δὲ
682 2121 897 2193 αἵρεσις
949 2121 1094 2176 κατὰ
1131 2123 1230 2194 τὴν
1265 2123 1374 2175 τῶν
1418 2122 1778 2194 κηρυξάντων
1815 2124 1933 2178 ὀνο-

323 2213 530 2284 μασίαν
554 2230 570 2245 ·
600 2214 695 2267 καὶ
721 2215 832 2286 γὰρ
865 2215 930 2268 ἐκ
959 2216 1081 2268 τότε
1113 2217 1177 2268 ἐκ
1232 2217 1580 2288 Μανιχαίων,
1625 2217 1933 2290 ἐπεκλήθη-

319 2323 427 2360 σαν
453 2305 929 2362 Παυλικιάνοινοὶ
968 2304 1061 2363 οὖν
1086 2308 1474 2363 εὑσεϐέστατοι
1525 2309 1624 2364 καὶ
1657 2309 1929 2382 ὀρθόδοξοι

315 2397 482 2470 ἡμῶν
501 2398 746 2469 βασιλεῖς
779 2399 870 2455 ἵνα
891 2401 966 2472 μὴ
999 2401 1281 2455 ἐπιπλεῖον
1310 2401 1708 2474 διανεμηθεῖσα
1743 2405 1776 2474 ἡ
1816 2403 1933 2456 λοι-

320 2490 514 2562 μώδης
540 2492 731 2556 στάσις
781 2492 945 2565 αὕτη,
999 2493 1312 2565 λυμήνηται
1346 2494 1577 2560 πολλοὺς
1626 2496 1736 2549 τῶν
1798 2495 1934 2549 καθ’

313 2586 493 2655 ἡμᾶς,
526 2585 696 2657 θεῖκῷ
731 2585 882 2657 ζήλῳ
906 2585 1223 2657 κινούμενοι
1254 2589 1381 2651 τοὺς
1417 2589 1563 2642 κατὰ
1611 2588 1778 2641 τόπον
1837 2587 1931 2642 εὑ-

321 2676 683 2748 ρισκομένους
705 2682 806 2750 τῆς
857 2678 1175 2749 Ῥωμαῖκῆς
1195 2680 1374 2751 ἀρχῆς
1407 2679 1746 2751 ΙνΙανιχαὶους
1785 2679 1930 2733 κατὰ

313 2773 550 2842 καιροὺς
581 2773 1012 2827 ἁποκτέννουσιν
1038 2772 1152 2843 «28)
1189 2772 1331 2826 κατὰ
1359 2772 1419 2826 τὸ
1452 2772 1558 2826 ὑπὸ
1591 2773 1800 2843 Κυρίου
1851 2774 1930 2826 εἱ-

2032 2049 2160 2087 nam
2201 2048 2265 2087 ex
2294 2047 2363 2087 eo
2395 2040 2640 2103 tempore
2667 2047 2768 2103 pro
2792 2030 3114 2086 Manichaeis
3149 2029 3284 2086 dicti
3323 2039 3454 2086 sunt
3490 2029 3634 2083 Pau-

2031 2125 2237 2180 liciani.
2265 2127 2442 2180 Porro
2476 2125 2877 2196 religiosissimi
2927 2122 3335 2192 orthodoxique
3381 2120 3624 2192 impera-

2033 2226 2182 2272 tores
2202 2217 2399 2282 nostri,
2437 2233 2508 2272 ne
2537 2218 2757 2290 longius
2801 2217 3086 2287 serpendo
3111 2224 3262 2271 secta
3305 2215 3424 2269 haec
3459 2212 3638 2284 pesti-

2033 2312 2154 2366 lens
2167 2310 2368 2365 multos
2392 2321 2709 2365 nostrorum
2736 2309 3008 2373 inliceret,
3032 2308 3220 2364 divino
3239 2308 3358 2363 zelo
3373 2305 3639 2363 commoti

2036 2417 2399 2472 quoscunque
2429 2400 2666 2458 diversis
2697 2401 2836 2455 locis
2889 2401 2946 2455 in
2983 2399 3233 2454 Romana
3273 2397 3485 2452 ditione
3521 2393 3638 2450 Ma-

2035 2493 2279 2548 nichaeos
2329 2509 2428 2564 per
2473 2501 2721 2562 tempora
2775 2490 3286 2559 deprehenderunt,
3349 2485 3640 2557 suppliciis

2034 2585 2362 2652 adiciebant,
2401 2584 2560 2654 juxta
2624 2581 2848 2638 Domini
2907 2583 2962 2637 in
3009 2580 3321 2652 Evangeliis
3368 2577 3638 2634 eil‘atum:

2034 2676 2136 2742 Qui
2161 2675 2346 2730 nolunt
2385 2691 2467 2728 me
2501 2689 2724 2744 regnare
2752 2689 2915 2742 supra
2938 2688 3015 2740 se,
3041 2676 3145 2725 huc
3164 2670 3420 2724 adductos
3456 2683 3642 2721 coram

2031 2786 2114 2824 me
2146 2767 2423 2837 interﬁcite
2465 2767 2532 2822 ³⁵.

319 2865 560 2938 ρηειένον
618 2868 677 2919 ἐν
745 2865 1101 2934 Εὐαγγελὶοις
1133 2883 1148 2899 ·
1201 2865 1348 2934 Τοὺς
1381 2866 1468 2938 μὴ
1527 2866 1820 2934 θέλοντας
1884 2883 1965 2937 με
1995 2863 2371 2932 βασιλεῦσαι
2448 2863 2542 2916 ἐπ’
2623 2861 2888 2930 αὐτοὺς,
2960 2859 3244 2932 ἐνέγκατε
3297 2852 3642 2928 ἔμπροσθέν

305 2979 435 3032 μου
466 2959 510 3026 τ,
539 2960 640 3016 καὶ
661 2959 1092 3032 κατασφάξατε
1116 2965 1361 3030 αὐτούς.
1439 2977 1455 3025 ς

390 3076 520 3132 ΚΒ’.
573 3077 768 3131 Πολλοὶ
834 3079 934 3148 μὲν
989 3073 1084 3133 οὖν
1142 3079 1244 3149 τῆς
1277 3077 1397 3132 ’τοῦ
1422 3077 1559 3132 Θεοῦ
1590 3077 1923 3149 Ἐκκλησίας

312 3173 462 3224 κατὰ
490 3170 720 3242 καιροὺς
764 3171 1017 3241 ὑπῆρξαν
1049 3171 1100 3224 οἱ
1139 3172 1414 3242 πολέμιοι,
1468 3171 1921 3244 μυριοπλασῖονες

2109 3074 2278 3132 XXII.
2313 3074 2462 3130 Multi
2489 3089 2623 3130 sane
2659 3071 2920 3130 exstitere
2945 3086 3042 3142 per
3063 3079 3308 3140 tempora
3328 3067 3516 3123 hostes
3539 3066 3640 3122 Ec-

2029 3170 2210 3226 clesiae
2242 3168 2357 3234 Dei,
2379 3184 2499 3239 quae
2513 3167 2776 3238 plurimas
2806 3165 2882 3220 de
2911 3163 2995 3218 his
3026 3161 3288 3218 victorias
3316 3159 3521 3230 ubique
3544 3173 3640 3214 re-

311 3263 374 3316 δὲ
427 3261 634 3335 ταύτης
657 3264 714 3316 αἱ
744 3263 895 3316 νίκαι
927 3267 994 3334 τῇ
1030 3263 1197 3318 αὐτοῦ
1254 3265 1438 3336 χάριτι
1495 3263 1644 3336 [οοᾱ.
1680 3265 1717 3318 f.
1749 3264 1819 3320 96
1847 3262 1927 3336 b.]

2035 3264 2176 3319 tulit.
2199 3263 2331 3318 Nam
2360 3261 2488 3318 boni
2523 3276 2653 3316 osor
2684 3259 2925 3327 malique
2956 3255 3210 3311 inventor
3236 3254 3508 3319 diabolus,
3534 3267 3639 3309 ceu

313 3356 551 3410 πάντοτε
587 3355 970 3427 προσγίνονται
1005 3373 1019 3388 ο
1071 3358 1101 3409 ὁ
1157 3356 1269 3428 γὰρ
1320 3355 1618 3427 μισόκαλος
1678 3355 1775 3410 καὶ
1817 3354 1927 3409 τῶν

316 3449 507 3502 κακῶν
539 3449 839 3521 ἐφευρετὴς
863 3449 1111 3513 διάϐολος
1138 3490 1152 3514 ,
1192 3449 1269 3512 ὡς
1299 3445 1498 3521 οἷάπερ
1537 3449 1819 3514 πάνδεινὸς
1843 3467 1930 3515 τις

316 3542 515 3613 ἐχθρὸς
561 3544 656 3596 καὶ
699 3543 1032 3615 ιὶινήμεροςες
1095 3543 1194 3614 τὴν
1244 3543 1442 3598 ἐαυτοῦ
1502 3543 1787 3615 φαρέτραν
1846 3543 1928 3606 εἱς

323 3633 506 3704 μάτην
541 3631 789 3697 κενώσας
819 3635 880 3688 ἐν
914 3637 1034 3698 ταῖς
1086 3635 1325 3706 πρόσθεν
1361 3633 1632 3706 αἱρέσεσι,
1699 3633 1759 3686 τὸ
1805 3648 1930 3686 και-

317 3728 583 3800 ριώτερον
621 3727 787 3782 αὑτοῦ
824 3728 979 3799 βέλος
1010 3730 1070 3782 ἐν
1101 3731 1216 3792 τοῖς
1240 3727 1491 3801 ὑστέροις
1541 3728 1752 3798 καιροῖς
1811 3727 1928 3790 τοῖς

318 3819 638 3890 ἀνθρώποις
677 3821 981 3890 ἐπαφίησιν
1018 3839 1033 3852 ·
1065 3820 1255 3892 ἐπειδὴ
1287 3822 1382 3874 καὶ
1417 3821 1600 3872 πᾶσαν
1625 3817 1791 3872 αὑτοῦ
1826 3817 1928 3888 τὴν

313 3912 517 3965 κακίαν
545 3912 680 3982 πρὸς
702 3913 773 3966 τὰ
803 3912 914 3965 τῶν
966 3910 1184 3965 αἰώνων
1240 3911 1371 3982 τέλη
1426 3912 1529 3964 οὐκ
1586 3911 1928 3981 ἐπικεκρυμ-

317 4000 516 4070 μένως,
551 4000 690 4054 ἀλλὰ
713 4001 965 4072 φανερῶς
995 4003 1193 4074 δρᾶσαι
1221 4000 1714 4074 ωγχωρηθὴσεται
1772 3997 1928 4068 παρὰ

313 4092 410 4146 τοῦ
434 4093 544 4147 τῶν
578 4094 717 4148 ὅλων
745 4095 905 4162 Θεοῦ,
936 4096 1080 4149 κατὰ
1107 4097 1180 4148 τὰ
1219 4094 1558 4148 θεόπνευστα
1620 4094 1718 4147 καὶ
1763 4090 1927 4162 ἱερώ-

312 4203 454 4238 τατα
495 4187 686 4255 Λόγια.
723 4187 948 4258 Ποιήσει
991 4187 1122 4259 γὰρ,
1149 4188 1336 4258 φησὶν,
1374 4188 1402 4240 ὁ
1434 4186 1541 4240 ὑπὸ
1591 4185 1688 4238 τοῦ
1748 4200 1923 4253 πονη-

315 4276 412 4348 ροῦ
437 4277 658 4348 ἐνεργού
668 4296 828 4350 μενος
843 4278 1215 4350 Ἀντίχριστος
1234 4281 1459 4348 σημεῖα,
1483 4278 1563 4344 ὡς
1585 4275 1923 4345 πλανῆσαι,

311 4370 368 4423 εὶ
398 4369 688 4438 δυνατὸν,
741 4373 841 4426 καὶ
887 4372 1031 4438 τοὺς
1070 4371 1419 4437 ἐκλεκτούς.
1487 4371 1581 4424 Διὸ
1629 4372 1688 4424 ἐν
1723 4369 1928 4434 πάσαις

311 4462 437 4525 ταῖς
468 4462 714 4532 αἱρέσεσι
763 4464 1173 4536 φρυαξάμενος,
1211 4465 1270 4518 ἐν
1327 4467 1394 4535 τῇ
1425 4463 1664 4534 ξμυσαρᾷ
1713 4462 1928 4533 αἱρέσει

312 4552 426 4606 τῶν
472 4555 795 4627 Μανιχαίων
864 4557 978 4610 τῶν
1029 4557 1125 4610 καὶ
1167 4556 1554 4611 Παυλικιάνων
1613 4554 1927 4626 λεγομένων

315 4645 745 4719 μεγαλαυχήσας
771 4689 787 4712 ,

312 4741 667 4811 παραπείσας
706 4742 781 4814 μὴ
816 4742 1169 4816 ἐξαγορεύειν
1205 4742 1274 4798 τὰ
1314 4742 1630 4815 τραύματα,
1665 4742 1802 4796 ἀλλὰ
1827 4741 1919 4795 πί-

312 4850 428 4886 νειν
451 4833 521 4887 τὰ
551 4834 861 4908 δηλητήρια
893 4837 1152 4908 καθάπερ
1175 4833 1321 4892 οἱνον
1371 4836 1710 4907 εύφρόσυνον
1745 4853 1760 4869 ο
1823 4833 1922 4888 νῦν

307 4927 389 4990 ὡς
418 4927 629 4998 γελοῖον
661 4931 775 4992 τοῖς
815 4930 952 4983 πᾶσι
984 4931 1272 5002 πρόκειται
1308 4931 1410 4984 σὺν
1441 4931 1556 4992 τοῖς
1577 4927 1923 4998 πειθομένοις

309 5021 464 5092 αὐτῷ
523 5023 779 5094 καθάπερ
839 5025 1035 5094 νήπιον
1094 5023 1504 5095 ἐμπαιζόμενος
1540 5039 1554 5054 ο
1594 5021 1697 5091 τῆς
1725 5020 1922 5084 κακίας

311 5114 477 5168 αὐτοῦ
533 5115 995 5187 θριαμϐευθείσης
1047 5117 1104 5170 ἐν
1161 5119 1284 5180 ταῖς
1348 5115 1583 5188 ἡμέραις
1647 5111 1928 5167 Βασιλείου

391 5293 436 5327 ³⁵
459 5293 596 5351 Luc.
628 5310 742 5361 xxx,
777 5295 869 5350 27.
949 5295 992 5327 ³⁶
1015 5294 1210 5352 Matth.
1242 5310 1392 5362 xxnv,
1418 5293 1510 5348 24.

2030 3357 2250 3429 quidam
2283 3354 2596 3412 horrendus
2635 3367 2925 3422 saevusque
2953 3349 3146 3416 hostis,
3184 3357 3470 3420 postquam
3498 3346 3638 3417 pha-

2031 3461 2236 3506 retram
2284 3464 2441 3506 suam
2492 3448 2548 3502 in
2611 3445 2998 3516 superioribus
3057 3441 3362 3497 haeresibus
3427 3440 3634 3494 frustra

2030 3541 2386 3603 exhauserat,
2423 3537 2799 3593 exitiosiorem
2829 3535 3081 3605 sagittam
3122 3548 3279 3587 suam
3312 3531 3398 3585 his
3421 3538 3636 3601 postre-

2030 3635 2138 3689 mis
2170 3631 2513 3703 temporibus
2542 3629 2817 3700 jaculatus
2847 3635 2952 3683 est.
2981 3625 3264 3696 Siquidem
3286 3636 3456 3681 totam
3477 3639 3635 3678 suam

2029 3725 2294 3781 malitiam
2332 3725 2482 3778 circa
2512 3722 2839 3777 saeculorum
2883 3720 3046 3774 ﬁnem
3077 3718 3226 3773 haud
3269 3716 3485 3773 occulte
3535 3714 3633 3771 sed

2029 3819 2248 3890 publice
2296 3817 2404 3887 27
2465 3829 2725 3871 exercere
2779 3813 2994 3869 sinetur
3032 3813 3102 3868 ab
3167 3811 3461 3867 universali
3497 3811 3632 3874 Deo,

2030 3922 2195 3985 prout
2220 3913 2501 3981 inspirata:
2537 3909 2695 3963 aiunt
2725 3907 3114 3963 sacratissima:
3159 3905 3405 3960 Litteras.
3445 3901 3637 3958 Faciet

2029 4005 2201 4066 enim,
2230 4003 2567 4074 inquiunt,a
2613 4001 2834 4056 diabolo
2881 3997 3182 4052 instinctus
3239 3996 3625 4051 Antichristus

2029 4098 2181 4168 signa
2206 4096 2396 4159 multa,
2430 4095 2508 4148 ita
2535 4103 2592 4146 ut
2621 4093 2984 4163 decipiantur,
3019 4089 3066 4143 si
3107 4088 3226 4158 ﬁeri
3246 4097 3434 4157 potest,
3467 4087 3634 4140 etiam

2028 4182 2267 4238 eiecti“.
2301 4182 2484 4248 Quare
2523 4195 2649 4236 cum
2684 4180 2742 4234 in
2791 4179 3054 4233 omnibus
3105 4193 3166 4232 se
3206 4176 3512 4231 haeresibus
3542 4175 3634 4229 in-

2029 4279 2274 4334 solenter
2307 4276 2590 4349 gessisset,
2624 4275 2678 4329 in
2737 4273 2842 4328 hac
2883 4272 3109 4342 quidem
3159 4269 3398 4326 nefanda
3456 4268 3636 4324 Mani-

2029 4374 2332 4437 cliaaorum,
2359 4369 2527 4441 quiet
2556 4367 2858 4424 Paulieiani
2883 4365 3166 4430 dicuntur,
3195 4364 3436 4419 exsultat
3467 4363 3628 4430 adeo,

2030 4474 2091 4520 ut
2119 4464 2285 4520 etiam
2351 4461 2659 4517 vulneratis
2703 4460 2964 4526 suaserit,
3022 4458 3322 4529 quominus
3389 4457 3628 4512 vulnera

2029 4557 2186 4612 fateri
2227 4557 2416 4618 velint.
2453 4556 2548 4612 sed
2581 4554 2801 4611 exitiale
2829 4552 3011 4623 potius
3043 4565 3316 4606 venenum
3363 4557 3628 4619 tanquam

877 4648 1020 4703 ὥστε
1096 4649 1192 4702 καὶ
1263 4649 1392 4712 τοὺς
1451 4647 1927 4720 τιτρωσκομένους

2034 4651 2222 4706 vinum
2247 4649 2558 4704 exhilarans
2585 4620 2923 4702 combibant.
2957 4646 3214 4699 Attamen
3275 4642 3445 4698 draco
3483 4655 3634 4696 nunc

2029 4743 2276 4800 omnium
2311 4741 2443 4798 risui
2481 4749 2695 4812 prostat
2718 4755 2844 4795 cum
2891 4737 3007 4794 suis
3045 4735 3292 4801 asseclis,
3343 4750 3446 4790 ceu
3493 4749 3632 4805 puer

2029 4837 2120 4892 cui
2164 4835 2434 4900 illuditur,
2483 4842 2773 4904 postquam
2820 4831 2943 4901 ejus
2987 4828 3314 4900 improbitas
3359 4827 3632 4883 debellata

2034 4929 2156 4992 fuit,
2187 4926 2525 4998 temporibus
2580 4923 2761 4978 Basilii
2799 4931 2855 4977 ct
2902 4919 3254 4978 Constantini
3303 4934 3369 4974 ac
3428 4917 3632 4973 Leonis

2034 5019 2252 5091 piorum
2308 5016 2746 5073 orthodoxorum
2798 5028 3238 5086 magnorumque
3287 5027 3477 5083 regum
3523 5027 3630 5066 no—

2038 5121 2295 5167 strorum.
2332 5108 2468 5165 Nam
2502 5123 2628 5180 qua:
2661 5107 2791 5163 olim
2825 5107 3068 5164 latebant
3106 5105 3343 5178 pessima
3389 5120 3632 5172 venena,

1618 5433 1860 5492 VARle
1914 5433 2216 5492 LECTION
2226 5432 2335 5491 ES.

389 5588 412 5616 υ
457 5575 851 5647 Β.Φαναρίας.
928 5576 954 5616 (1
989 5577 1058 5634 Ii.
1094 5575 1390 5649 Καιλνίκη.
1471 5587 1494 5615 θ
1531 5574 1767 5647 Β.ὅφις.
1851 5573 1948 5630 ίΒ.
1990 5591 2104 5646 μοι.
2186 5575 2212 5614 Β
2247 5571 2330 5628 R.
2375 5572 2672 5644 ἀνήμενος.

1865 5715 2104 5775 NOTAE.

384 5866 500 5937 (‘28)
542 5866 849 5922 Praesertim
901 5866 1058 5937 jussu
1100 5866 1407 5937 Theodorei;
1435 5865 1728 5937 Auguste,
1770 5880 1891 5937 quae

384 5880 500 5937 (ιδ)
542 5880 849 5922 Praesertim
901 5883 1058 5937 jussu
1101 5880 1407 5923 'l'llCOtlnl‘a}
1435 5880 1713 5936 augusue,
1809 5880 1890 5921 uae

313 5939 611 6012 imperium
663 5954 764 6012 pro
816 5937 927 6008 ﬁlio
962 5939 1313 6008 adolescente
1356 5936 1618 6000 Micliaelc
1657 5935 1731 5994 ιιι
1770 5880 1890 6010 (acui

2001 5863 2239 5935 Basilius
2268 5861 2559 5935 successit)
2586 5857 3014 5921 administravit.
3055 5855 3278 5932 chesis
3301 5853 3614 5914 Ccdreuutn

1996 5935 2085 5997 ed.
2110 5933 2285 5996 Paris.
2312 5950 2368 6006 p.
2396 5933 2547 5993 541(
3101 5951 3111 5957 -
