4142 6424
607 395 749 462 1275

1974 392 2207 456 PETRI
2253 393 2425 456 SICU
2437 393 2508 455 LI

3770 392 3903 461 1276

597 524 654 568 et
683 510 900 568 cunctis
927 524 1096 582 prope
1127 508 1450 565 hominibus
1483 509 1665 581 ignota
1697 515 1878 573 erant,
1923 505 2194 561 nefando-

2308 505 2395 559 καὶ
2454 503 2872 560 Κωνσταντίνου
2928 503 3020 559 καὶ
3079 504 3309 570 Λέοντος
3363 505 3500 578 (‘29),
3528 506 3645 562 τῶν
3673 507 3904 563 εὐσεϐῶν

597 621 722 660 ium
744 603 955 660 scilicet
977 603 1228 672 dogmata
1253 600 1712 662 Paulicianorum,
1731 613 1792 652 ea
1809 613 1958 652 nunc
1982 597 2200 668 publice

595 701 795 766 patent
819 711 833 761 ;
857 693 1112 764 precibus
1141 693 1425 756 nimirum,
1465 690 1612 744 curis
1639 689 1948 754 indefessis,
1983 689 2200 758 lieoque

597 789 840 859 acceptis
863 787 1084 858 vigiliis,
1109 785 1453 856 sapit-utique
1481 783 1746 855 regimine
1767 782 2120 852 pacificorum
2146 792 2199 838 et

607 880 1044 935 orthodoxorum
1105 892 1539 948 magnorumque
1613 892 1803 946 regum
1856 883 2196 932 nostrorum.

525 1029 529 1032 λ
605 971 743 1028 Nam
802 989 926 1028 cum
986 972 1302 1042 superiores
1369 985 1562 1024 omnes
1622 969 1902 1040 principes
1955 969 2202 1026 latuisset

598 1067 814 1122 occulta
843 1065 1069 1120 nefaria:
1095 1065 1255 1134 hujus
1288 1065 1564 1120 lnercseos
1599 1063 1989 1133 fraus,justam
2019 1073 2200 1118 tamen

595 1158 1033 1215 dominationem
1094 1167 1452 1223 sanctorum,
1514 1171 1956 1228 magnormnque
2009 1156 2200 1211 mundi

596 1253 1035 1317 nioderatorum,
1099 1251 1413 1321 principum
1471 1259 1811 1315 nostrorum,
1859 1249 2035 1303 latere
2086 1265 2200 1303 non

593 1347 796 1418 potuit.
829 1345 1132 1417 Oportebat
1163 1345 1310 1399 enim
1348 1345 1466 1398 haec
1493 1344 1717 1399 demum
1780 1351 2027 1398 tortuosa
2058 1342 2202 1396 mala

595 1441 652 1494 in
684 1439 1027 1509 triumphum
1059 1438 1280 1508 publice
1315 1437 1440 1492 duci
1471 1454 1484 1490 :
1530 1444 1587 1491 ct
1616 1435 1840 1506 quidem
1882 1434 1987 1490 hoc
2040 1436 2202 1504 plano

593 1528 876 1600 regalique
933 1543 1200 1598 processu
1245 1535 1507 1596 rectaque
1545 1524 1635 1579 via
1698 1522 1965 1594 principis
2007 1537 2202 1577 revera

593 1622 813 1692 Optimi,
836 1636 1052 1676 summo
1081 1636 1270 1676 amore
1309 1618 1518 1684 dilecti,
1547 1617 1810 1688 omnique
1834 1632 1952 1672 aevo
1978 1627 2204 1686 propter

597 1731 700 1768 sua
735 1714 932 1769 eximia
965 1713 1214 1769 facinora
1252 1711 1615 1775 memorandi,
1648 1726 1773 1766 cum
1809 1727 1840 1764 a
1882 1710 1996 1764 Deo
2041 1725 2202 1765 coro-

593 1804 740 1860 natis
790 1804 918 1859 ﬁliis
945 1805 1082 1870 suis,
1117 1805 1332 1876 magnis
1381 1803 1585 1858 nostris
1638 1803 1883 1874 regibus,
1924 1802 2204 1857 Constan-

2305 598 2400 652 καὶ
2427 597 2728 669 ὀρθοδὸξων
2782 598 3087 669 μεγάλωνιι
3137 598 3401 670 βασιλέων
3446 601 3628 672 ἡμῶν.
3702 602 3786 657 Τά
3806 603 3904 676 γάρ

2305 691 2472 746 πάλαι
2496 691 2859 763 κεκρυμμένα
2890 691 3130 746 κάκιστα
3172 693 3188 732 ί
3229 692 3529 765 δηλητήρια
3579 695 3682 750 καὶ
3732 697 3904 767 σχεδὸν

2305 788 2518 851 πάντας
2551 785 2877 858 ἀνθρώπους
2901 785 3325 840 διαλανθάνοντα
3370 790 3498 859 περὶ
3554 788 3673 843 τῶν
3738 807 3904 862 μυσα-

2310 881 2418 952 ρῶν
2445 879 2852 944 Παυλικιάνων,
2885 879 2982 933 νῦν
3005 879 3259 952 φανερῶς
3283 880 3740 953 θριαμϐεύονται,
3768 882 3904 954 [cod.

2310 975 2351 1031 f.
2383 974 2503 1048 97.]
2544 978 2664 1040 ταῖς
2721 977 3026 1047 ἀγρύπνοις
3067 981 3399 1048 προσευχαῖς
3447 979 3540 1032 καὶ
3588 980 3910 1052 ἀκοιμήτοις

2309 1069 2607 1140 μερίμναις
2631 1069 2728 1122 καὶ
2767 1069 3072 1133 θεοδὲκτοις
3115 1071 3481 1140 ὲγρηγόρσεσι
3528 1071 3629 1125 καὶ
3685 1074 3753 1142 τῇ
3795 1075 3908 1126 ἐπι-

2309 1163 2616 1232 στημονικῇ
2659 1161 2953 1229 ποιμάνσει
3003 1161 3114 1217 τῶν
3144 1165 3508 1234 εἰρηνοποιῶν
3557 1165 3660 1219 καὶ
3699 1165 3908 1236 ὀρθοδό-

2307 1253 2414 1320 ξων
2463 1255 2718 1325 μεγάλων
2775 1254 3041 1326 βασιλέων
3103 1255 3282 1326 ἡμῶν.
3351 1257 3565 1322 Πάντας
3634 1257 3746 1329 γὰρ
3793 1259 3909 1323 τοὺς

2306 1346 2881 1428 προϐεϐασιλευκρτας
2907 1348 3178 1402 διαλαθὼν
3214 1352 3242 1404 ὁ
3274 1351 3742 1422 ἐγκεκρυμμένος
3763 1351 3903 1412 δόλος

2305 1439 2406 1508 τῆς
2441 1441 2693 1510 μυσαρᾶς
2712 1440 2920 1512 ταύτης
2955 1441 3248 1514 αἱρέσεως,
3271 1443 3372 1514 τὴν
3395 1443 3619 1498 δικαίαν
3639 1445 3908 1514 βασιλείαν

2306 1531 2416 1583 τῶν
2458 1532 2924 1601 κοσμοσυστάτων
2974 1532 3067 1585 καὶ
3115 1534 3285 1602 ἁγίων
3323 1533 3580 1604 μεγάλων
3655 1535 3908 1606 βασιλέων

2310 1623 2470 1695 ἡμῶν
2503 1625 2564 1677 οὐ
2598 1624 2865 1678 διέλαθεν.
2891 1625 3044 1679 Ἔδει
3079 1626 3180 1697 μὲν
3231 1626 3342 1699 γὰρ
3391 1627 3568 1682 ταῦτα
3605 1629 3678 1684 τὲ
3735 1629 3908 1683 σκολιὰ

2309 1717 2796 1788 οριαμ6ευθῆναι,τ
2833 1718 2992 1772 Ἀλλὰ
3028 1720 3127 1790 τῆς
3151 1719 3302 1785 λείας
3337 1723 3431 1774 καὶ
3473 1721 3906 1793 βασιλικωτάτης

2312 1808 2524 1879 βάσεως
2579 1810 2674 1864 καὶ
2726 1810 2946 1876 εὐθείας
2989 1811 3110 1865 ὁδοῦ
3159 1811 3556 1884 βασιλευούσης
3595 1817 3702 1885 τῆς
3751 1815 3905 1876 ὄντως

597 1901 717 1954 tino
755 1909 811 1954 et
839 1898 1024 1954 Leone
1048 1900 1328 1970 perpetuis
1359 1899 1640 1970 Augustis.
1668 1896 1894 1952 Scilicet
1928 1897 2045 1952 haec
2089 1897 2201 1968 28

2308 1902 2514 1972 ἀγαθῆς
2551 1903 2645 1956 καὶ
2668 1903 2972 1973 ὲπεράστου
3014 1905 3108 1958 καὶ
3142 1906 3221 1969 εἰς
3269 1905 3442 1960 αἰῶνα
3502 1907 3905 1979 μνημονευομέο

597 2007 723 2060 quae
754 1999 998 2046 sanctam
1023 2002 1078 2046 et
1109 1992 1325 2046 beatam
1352 1992 1587 2060 vitaeque
1637 1990 1919 2060 auspicem
1957 1991 2202 2046 divinam

599 2085 931 2140 Trinitatem
959 2100 1190 2139 numero
1227 2094 1501 2155 exazquat,
1529 2094 1846 2139 sanctorum
1890 2085 2205 2155 principum

605 2187 926 2233 nostrorum
955 2179 1192 2241 trinitas,
1236 2195 1376 2249 puro
1420 2178 1629 2232 lumine
1678 2179 1969 2242 illustrata,
2003 2178 2207 2233 divina:

598 2271 814 2326 notitiae
843 2272 1056 2326 radium
1078 2288 1178 2342 per
1203 2281 1472 2326 terrarum
1503 2273 1694 2326 orbem
1725 2271 2004 2335 ditl‘untlit,
2043 2271 2207 2341 eique

600 2365 940 2420 multimodis
986 2367 1246 2437 prodesse
1279 2381 1388 2418 non
1423 2365 1644 2420 desinit.
1684 2362 1847 2418 Certe
1896 2364 2200 2418 beneficio-

601 2474 726 2512 rum
771 2458 890 2528 ejus
923 2459 1352 2530 magnitudinem
1413 2466 1603 2528 gentes
1643 2456 1806 2511 etiam
1841 2457 2024 2526 lingua
2076 2457 2204 2510 bar-

600 2552 773 2616 barae,
826 2553 1185 2622 moribusque
1217 2552 1421 2615 ederae,
1455 2550 1732 2605 sentiunt.
1775 2549 1882 2606 Sed
1939 2551 2056 2605 haec
2102 2549 2203 2605 ha-

596 2653 815 2700 ClCﬂUS.

2302 2015 2420 2066 νης,
2445 1996 2534 2050 διὰ
2557 1996 2736 2050 πάντα
2751 1997 2817 2050 τὰ
2842 1997 2997 2068 τίμια
3017 1999 3187 2069 αὐτῆς
3217 2001 3644 2070 κατορθώματα·
3672 1999 3789 2071 ἅμα
3809 2000 3902 2054 τῶν

2303 2089 2616 2143 θεοσέπτων
2653 2091 2786 2144 υἱῶν
2813 2091 3007 2162 αὐτῆς,
3032 2091 3126 2146 καὶ
3155 2093 3410 2162 μεγάλων
3435 2093 3712 2164 βασιλέων
3734 2096 3764 2164 ἡ
3775 2094 3898 2164 μῶν,

2304 2184 2725 2239 Κωνσταντίνου
2757 2186 2853 2239 καὶ
2885 2185 3134 2251 Λέοντος,
3167 2185 3276 2237 τῶν
3306 2185 3545 2238 αἰωνίων
3570 2185 3899 2256 αὑγούστων.

2306 2279 2417 2349 Τῆς
2446 2277 2556 2349 γὰρ
2587 2277 2749 2345 ἁγίας
2779 2279 2874 2332 καὶ
2907 2278 3188 2351 μακαρίας
3215 2277 3532 2350 ζωαρχικῆς
3561 2280 3723 2342 θείας
3755 2280 3903 2350 Τριά-

2311 2371 2462 2443 δοςὴ
2518 2372 2808 2445 ἰσάριθμος
2861 2372 3002 2446 αὕτη
3055 2376 3167 2430 τῶν
3206 2373 3391 2443 ,ἁγίων
3438 2373 3709 2444 βασιλέων
3764 2373 3902 2445 ἡμῶν

2311 2465 2503 2536 Τριὰς,
2545 2468 2625 2538 τῷ
2679 2470 2945 2540 ἀκηράτῳ
2984 2470 3128 2540 φωτί⁸
3181 2470 3648 2542 λαμπρυνομένη,
3700 2470 3902 2528 ἀκτῖνας

2310 2557 2644 2628 θεογνωσίας
2675 2565 2741 2634 τῇ
2770 2564 3067 2636 οἰκουμένῃ
3096 2565 3395 2636 ἐκπέμπει,
3429 2566 3524 2618 καὶ
3567 2563 3776 2633 ταύτην
3819 2577 3900 2613 πο-

2309 2651 2536 2717 λυειδῶς
2585 2655 2953 2725 εὐεργετοῦσά
3010 2658 3072 2710 οὐ
3107 2657 3462 2726 διαλιμπάνει
3494 2674 3507 2687 ·
3547 2658 3650 2710 καὶ
3679 2655 3787 2725 γάρ
3816 2649 3897 2705 τοῦ

599 2740 865 2809 μεγέθους
897 2739 1004 2794 τῶν
1035 2740 1367 2811 εὐεργεσιῶν
1400 2739 1570 2813 αὐτῆς
1631 2739 1726 2795 καὶ
1757 2738 1826 2792 τὰ
1859 2737 2212 2808 ἀλλόγλωσσα
2251 2743 2346 2796 καὶ
2406 2746 2661 2818 ἀνήμερα
2701 2747 2829 2818 ἔθνη
2870 2747 3221 2804 αἰσθάνονται
3257 2750 3395 2822 (50).
3440 2748 3552 2803 Καὶ
3590 2747 3765 2805 ταῦτα
3816 2745 3898 2817 μὲν

598 2836 695 2888 ἐπὶ
722 2834 996 2889 τοσοῦτον.

673 2929 872 2984 XXJII.
909 2931 1053 2986 Sane
1082 2930 1361 3001 quodnam
1397 2928 1652 2984 habuerit
1701 2928 1908 2984 nefaria
1951 2927 2066 2982 haec
2091 2926 2204 2982 hzc-

600 3025 742 3081 rcsis
776 3024 1016 3091 initium,
1056 3025 1284 3094 copiose
1313 3024 1424 3093 jam
1459 3024 1720 3085 diximus,
1755 3022 1846 3077 ubi
1883 3023 1951 3077 de
1983 3021 2202 3076 Manete

597 3117 820 3178 ctaliis,
847 3126 904 3172 et
932 3117 1001 3172 de
1035 3115 1205 3171 Paulo
1237 3114 1638 3180 Samosatcnsi,
1692 3114 1975 3170 Callinica‘,
1999 3113 2201 3184 inani--

2386 2925 2514 2979 Kl".
2542 2925 2667 2989 Πῶς
2695 2925 2750 2980 δὲ
2778 2925 3100 3002 ἄραήάρχὴ
3133 2933 3232 3000 τῆς
3274 2933 3527 3002 μυσαροῖς
3569 2932 3778 3006 ταύτης
3823 2936 3897 2987 αἱ·

2317 3021 2521 3092 ρέσεως
2564 3021 2809 3090 γέγονεν,
2856 3021 2956 3093 ἤδη
3007 3025 3065 3075 ὲν
3111 3025 3186 3094 τῇ,
3230 3023 3319 3077 διὰ
3376 3024 3616 3090 πλάτους
3672 3028 3896 3098 διηγήσει

2311 3116 2443 3185 ἡμῖν
2465 3114 2713 3168 λέλεκται
2749 3115 2861 3185 (5|)
2896 3117 2953 3169 ἐν
2987 3111 3069 3179 οἷς
3095 3115 3358 3188 ἐλέγομεν
3380 3118 3507 3189 περί
3535 3137 3596 3174 τε
3645 3122 3896 3183 Μάνεντος

599 3209 769 3263 (ἸΗΒΞΙΞ
804 3208 937 3271 filio,
969 3210 1199 3279 ejusque
1246 3209 1413 3263 fratre
1455 3206 1670 3263 Joanne
1716 3207 1882 3263 verba
1940 3207 2197 3264 fecimus.

2313 3206 2408 3258 καὶ
2436 3205 2540 3276 τῆς
2568 3206 2773 3261 λοιπῶν
2807 3205 2905 3261 καὶ
2935 3206 3151 3262 Παύλου
3172 3208 3266 3263 τοῦ
3300 3208 3450 3281 [cod.
3492 3210 3531 3267 f.
3565 3212 3640 3267 97
3666 3211 3743 3285 b.]
3797 3212 3887 3264 Σα-

599 3299 804 3355 Verum
838 3309 894 3355 et
940 3301 1018 3366 hi,
1063 3301 1132 3355 de
1175 3301 1380 3371 quibus
1436 3317 1566 3356 mox
1622 3301 1934 3371 loquemur,
1983 3300 2199 3355 etiamsi

600 3409 742 3450 vana
765 3395 972 3465 aliquot
991 3394 1268 3466 prioribus
1293 3395 1596 3450 hanresibus
1625 3396 1886 3451 addidere
1912 3395 2200 3462 vocabula,

599 3490 743 3543 sicut
782 3489 838 3542 in
888 3494 981 3544 sex
1039 3489 1396 3545 sermonibus
1451 3506 1480 3544 a
1534 3489 1698 3544 nobis
1759 3490 2202 3544 demonstratum

598 3591 704 3647 cst,
725 3583 1084 3639 nihilominus
1096 3584 1318 3656 genuini
1339 3586 1688 3655 superiorum
1710 3584 2204 3640 baeresiarcharum

597 3678 806 3732 alumni
843 3677 1087 3737 fuerunt,
1116 3688 1282 3749 prout
1332 3679 1652 3750 singillatim
1686 3679 1864 3749 palam
1909 3677 2198 3733 faciemus.

600 3768 834 3834 Quinam
873 3785 1037 3838 porro
1073 3769 1125 3824 hi
1166 3769 1283 3825 sint
1333 3787 1510 3840 nuper
1538 3771 1739 3832 exorti,
1783 3770 1984 3839 quibus
2025 3769 2207 3824 Pauli-

598 3864 743 3917 ciani
774 3863 1110 3932 innituntur,
1147 3881 1397 3935 quosque
1423 3865 1522 3936 ipsi
1552 3865 1654 3921 sibi
1684 3865 1980 3937 magistros
2014 3865 2204 3920 inscri-

601 3958 758 4019 bunt,
816 3957 981 4012 modo
1037 3958 1334 4014 dicendmn
1398 3969 1503 4014 est.
1547 3958 1914 4014 Constantino
1966 3957 2202 4014 lleraclii

599 4065 637 4104 ιι
662 4059 800 4119 -ροῑο
819 4049 1108 4121 imperium
1135 4061 1376 4115 tenente,
1408 4052 1619 4107 exstitit
1638 4051 1936 4107 Armenius
1953 4053 2198 4122 quidam,

598 4143 823 4194 nomine
861 4141 1283 4208 Constantinus,
1357 4143 1412 4198 in
1482 4142 1888 4200 Samosatcnsis
1961 4145 2203 4217 regionis

601 4248 744 4304 pago
772 4233 1070 4295 Mananali.
1103 4237 1194 4306 qui
1228 4252 1399 4307 pagus
1435 4252 1584 4293 nunc
1612 4253 1831 4308 quoque
1871 4237 2203 4294 Manichaeos

599 4325 716 4379 alit.
777 4325 878 4382 l-lic
929 4327 1220 4384 diaconum
1257 4329 1550 4400 quemdam
1611 4331 1912 4400 captivum,
1978 4332 2045 4387 ad
2094 4349 2201 4402 pa-

602 4418 764 4474 triam
822 4435 976 4474 suam
1031 4422 1100 4477 de
1146 4421 1298 4491 Syria
1371 4431 1742 4478 revertentem
1806 4425 1887 4495 (ut
1944 4436 2204 4483 accurate

602 4512 946 4585 rcsrivimus)
1009 4524 1066 4570 et
1144 4514 1200 4570 in
1246 4531 1442 4587 pagum
1505 4516 1833 4571 Mananalim
1905 4517 2146 4572 delatum
2185 4558 2200 4583 ,

2311 3299 2608 3370 μωσατέως
2662 3299 2757 3353 τοῦ
2811 3300 2930 3354 υἰοῦ
2997 3301 3330 3374 Καλλινίκης
3394 3303 3495 3375 τῆς
3561 3304 3889 3376 Μανιχαίας,

2309 3392 2540 3463 ἁδελφοῦ
2570 3391 2626 3445 δὲ
2671 3393 2951 3446 Ἰωάννου·
2981 3392 3096 3447 ἀλλ’
3127 3396 3275 3466 ὅμως
3311 3396 3407 3448 καὶ
3457 3389 3608 3451 οὗτοι
3651 3397 3776 3468 περὶ
3829 3389 3892 3450 ὧν

2307 3483 2684 3556 διηγησόμεθα
2705 3486 2753 3538 εἰ
2791 3485 3129 3555 κενοφωνίας
3160 3485 3316 3550 τινάς
3345 3489 3464 3551 ταῖς
3503 3487 3753 3560 πρώταις
3791 3488 3892 3539 ἐπι-

2312 3575 2562 3646 συνῆψαν
2592 3576 2864 3648 αἱρέσεσι,
2887 3575 3073 3642 καθὼς
3109 3579 3167 3631 ὲν
3189 3580 3302 3642 τοῖς
3333 3578 3394 3644 ἒξ
3420 3579 3600 3649 λόγοις
3636 3581 3765 3652 ἡμῖν
3818 3578 3890 3630 δε-

2308 3668 2566 3741 δήλωται,
2583 3669 2718 3722 ἀλλὰ
2743 3669 2986 3742 μαθηταὶ
3010 3669 3119 3724 τῶν
3138 3673 3618 3744 προηγησαμένων
3632 3677 3889 3745 αἱρεσιαρ·

2309 3763 2420 3834 χῶν
2478 3762 2727 3835 ὑπῆρξαν
2760 3765 2994 3833 γνήσιοι,
3057 3761 3358 3836 καθώσπερ
3411 3765 3766 3838 λεπτομερῶς
3812 3763 3890 3832 δη-

2307 3856 2613 3930 λωθήσεται
2647 3873 2662 3888 ο
2687 3856 2830 3919 τίνες
2858 3856 2914 3910 δὲ
2950 3851 3098 3912 οὗτοι
3122 3859 3172 3910 οἰ
3209 3859 3407 3912 νεωστὶ
3434 3859 3797 3930 ἀναφανέντες
3823 3856 3890 3916 εἰς

2308 3949 2401 4014 οὒς
2432 3951 2482 4003 οἱ
2507 3950 2858 4004 Παυλικιάνοι
2888 3949 3282 4022 ὲπερείδονται,
3323 3954 3418 4006 καὶ
3449 3951 3542 4016 οὓς
3576 3952 3784 4008 ἑαυτῶν
3812 3948 3887 4001 δι-

2307 4043 2616 4109 δασκάλους
2646 4044 3072 4117 ἐπιγράφονται,
3106 4045 3208 4117 ἤδη
3231 4048 3452 4101 λεκτέον
3482 4062 3496 4076 ·
3524 4048 3584 4100 ἐν
3625 4049 3742 4109 ταῖς
3767 4040 3886 4113 ἡμέυ

2310 4157 2434 4211 ραις
2464 4137 2881 4194 Κωνσταντίνου
2911 4139 3006 4192 τοῦ
3035 4138 3304 4210 βασιλέως
3321 4140 3416 4194 τοῦ
3440 4139 3666 4210 ἔγγονος
3693 4138 3706 4192 i
3745 4138 3889 4205 Ἦρα·

2307 4229 2490 4284 κλείου
2527 4231 2664 4303 (5‘2).
2695 4231 2887 4301 γέγονέ
2928 4248 3014 4294 τις
3055 4230 3340 4302 Ἀρμένιος
3369 4232 3595 4305 ὀνόματι
3620 4236 3887 4288 Κώνσταν·

2307 4325 2453 4388 τῖνος
2500 4326 2560 4377 ἐν
2602 4323 2682 4394 τῷ
2739 4323 3062 4396 Σαμωσάτῳ
3109 4327 3210 4396 τῆς
3259 4323 3574 4396 ’Λρμενίας,
3637 4329 3694 4381 ἐν
3743 4324 3887 4390 κώμῃ

2306 4418 2939 4493 Μανανάλειλεγομένῃ,
2988 4419 3110 4490 ἥτις
3147 4417 3310 4490 κώμη
3353 4420 3448 4473 καὶ
3485 4421 3652 4493 μέχρι
3679 4418 3765 4473 τοῦ
3804 4413 3884 4466 νῦν

2306 4513 2647 4585 Μανιχαίους
2678 4513 2934 4584 ἐκτρέφει
2964 4513 2990 4554 ¹ί
3036 4531 3051 4546 ·
3088 4508 3241 4578 οὗτος
3292 4513 3539 4569 διάκονόν
3576 4532 3701 4570 τινα
3739 4513 3884 4580 αἰχμ-

601 4600 878 4672 liospitem
940 4603 1137 4660 diebus
1197 4604 1402 4676 aliquot
1465 4606 1612 4662 domi
1679 4611 1822 4680 suae;
1864 4607 2079 4663 habuit.
2155 4609 2201 4664 Is

2314 4609 2523 4663 άλωτον
2555 4607 2694 4680 πρὸς
2731 4608 2833 4680 τὴν
2856 4607 3066 4663 οἰκείαν
3088 4609 3326 4680 πατρίδα
3349 4611 3413 4663 ὲκ
3439 4609 3641 4682 Συρίας
3673 4610 3883 4673 ἐπανερ·

1899 4745 2140 4803 νΑιιιΑε
2200 4748 2612 4806 LECTIONES.

605 4839 625 4959 ἰ
674 4865 703 4906 h
727 4855 892 4921 Deest
922 4866 1062 4937 apud
1095 4865 1163 4922 B-
1197 4867 1473 4938 μεγάλων.
1554 4871 1570 4910 ί
1606 4866 1675 4923 Β.
1701 4869 1986 4925 κάλλιστα.

676 4986 1082 5062 ρωβιιείιὶιιιιι
1112 5003 1287 5062 Διιιιιιο
1327 4988 1411 5043 sui
1459 4989 1672 5060 imperii
1725 4990 1905 5061 primo
1970 4992 2198 5062 (Christi

603 5057 728 5126 867)
773 5057 1051 5128 Augustos
1105 5059 1298 5116 fecisse
1345 5057 1551 5115 liberos
1591 5057 1740 5117 suos
1770 5057 2198 5119 Constantinum

605 5130 722 5202 (qui
763 5132 1206 5186 adolescentulus
1238 5132 1376 5187 obiit
1403 5147 1493 5185 an.
1521 5133 1672 5202 879.)
1715 5142 1769 5187 ct
1798 5134 2060 5198 Leonem,
2094 5153 2198 5190 no-

603 5199 877 5273 tissimum
909 5209 1013 5256 est.
1049 5203 1332 5257 Cedrenus
1382 5203 1470 5257 ed.
1527 5199 1700 5257 Paris.
1744 5220 1796 5273 p.
1829 5205 1954 5260 569.
1999 5216 2055 5261 et
2083 5208 2196 5263 alii.

601 5271 789 5348 itaque
819 5273 873 5348 hi
906 5273 1016 5348 duo
1038 5283 1305 5348 apparent
1351 5273 1405 5327 in
1444 5274 1682 5348 numinis
1712 5271 2024 5346 Byzantinis
2055 5280 2198 5348 apud

605 5343 962 5418 Bandurium.
996 5343 1140 5418 Idem
1168 5344 1453 5418 Cedrenus
1479 5345 1719 5418 locacit.
1749 5343 1950 5418 aliique
1970 5343 2196 5405 narrant

599 5429 631 5468 a
677 5415 874 5488 Basilio
903 5430 1050 5470 anno
1093 5416 1304 5485 imperii
1365 5417 1526 5470 tertio
1558 5415 1927 5473 Alexandrum
1973 5436 2195 5488 quoque

602 5485 766 5540 tertio
797 5487 916 5542 loco
962 5487 1204 5559 genitum
1246 5503 1488 5559 purpura
1534 5488 1704 5543 fuisse
1752 5485 2034 5544 donatum.
2067 5485 2187 5547 Jain

599 5573 734 5611 vero
774 5573 898 5612 cum
931 5556 1118 5614 noster
1163 5556 1382 5613 Siculus
1414 5559 1502 5614 hic
1541 5569 1595 5613 et
1643 5559 1771 5614 alibi
1813 5563 1951 5616 duos
1983 5572 2192 5618 tantum

597 5624 1021 5705 Constantinum
1071 5639 1128 5685 et
1169 5628 1414 5705 Leonem
1444 5631 1595 5705 dicat
1627 5647 1773 5705 cum
1815 5643 1970 5702 patre
2002 5635 2194 5705 Augu-

599 5707 734 5760 stos,
769 5701 1020 5775 sequitur
1050 5709 1108 5775 ut
1145 5702 1372 5775 omnino
1404 5703 1545 5756 hanc
1570 5701 1869 5775 historiam
1911 5701 2198 5775 scripSErit

597 5784 744 5840 anno
804 5771 1129 5840 imperantis
1167 5770 1640 5835 Basiliisccundo,
1695 5786 1824 5829 ante
1875 5770 2193 5840 Alexandri,

605 5839 676 5892 de
711 5856 821 5909 quo
870 5839 1088 5906 reticet,
1139 5859 1464 5914 purpuram.
1524 5844 1711 5899 Primo
1772 5854 1958 5902 autem
2013 5839 2195 5903 Basilii

601 5923 754 5966 anno
787 5927 898 5968 non
927 5914 1105 5984 potuit
1141 5929 1256 5972 rem
1298 5915 1564 5986 scribere,
1601 5932 1766 5990 quam
1809 5917 1928 5990 ipse
1973 5919 2197 5976 nonnisi

2071 4871 2083 4921 i
2129 4871 2201 4928 lia
2233 4875 2357 4930 cod.

2476 4874 2501 4914 ιι
2536 4872 2601 4928 R.
2638 4873 2911 4945 ἐντρέφει.

2309 4995 2554 5052 secundo
2589 4995 2722 5052 egit.

2746 5065 3106 5138 Bulgarorum
3141 5061 3444 5139 prmsertim
3484 5059 3873 5118 conversionem

2312 5139 2416 5194 sub
2449 5138 2647 5192 Basilio
2681 5139 2815 5207 imp.

2379 5212 2491 5280 (5|)
2520 5198 2785 5279 Superius
2813 5223 2936 5279 cap.
2983 5209 3044 5264 ll
3084 5224 3236 5278 seqq.
3305 5203 3524 5280 Utinam
3558 5198 3869 5280 vero_habg-

2306 5265 2494 5335 remus
2541 5265 2701 5335 ve'tus
2729 5265 3078 5349 opusculum,
3109 5265 3290 5350 quem
3347 5274 3774 5350 Montfauconius
3807 5265 3860 5320 Β.

2296 5349 2456 5415 Μςςη
2523 5359 2560 5406 t.
2613 5351 2633 5405 Ι
2686 5348 2842 5421 μη
2875 5362 2929 5406 et
2986 5353 3053 5407 69
3101 5348 3367 5421 memorat
3410 5363 3475 5401 ex
3531 5348 3761 5421 catalago
3785 5354 3862 5393 vc-

2298 5424 2435 5478 teris
2466 5415 2812 5478 bibliothecae
2841 5424 2936 5492 qui
2966 5432 3052 5477 est
3087 5422 3140 5476 in
3171 5419 3454 5492 codicibus
3487 5415 3864 5492 reginmS_uec:e

2299 5495 2611 5556 Christinze,
2639 5494 2768 5549 olim
2791 5485 3133 5549 Pc'tavianisl
3161 5491 3253 5546 Sic
3276 5505 3405 5559 ergo
3431 5485 3685 5544 loco'cit;
3708 5485 3863 5559 Sync"

2300 5565 2471 5621 Salvii
2509 5567 2736 5636 episcopi
2775 5573 2823 5619 et
2859 5565 3116 5637 martyris
3161 5563 3292 5637 liber
3333 5556 3396 5614 de
3438 5577 3497 5615 eo
3541 5561 3676 5637 quod
3705 5556 3858 5637 Monet

2299 5655 2400 5691 non
2432 5639 2497 5691 sit
2533 5630 2717 5690 auctor
2767 5638 2980 5691 hatresis
3007 5630 3484 5698 ⁷ΜαιιίιςΙιιιῖονιιιη,
3543 5630 3631 5687 Sed
3677 5630 3860 5701 quidam

2297 5708 2616 5779 Sciit/limitis
2652 5717 2885 5778 tempore
2913 5707 3295 5779 apostolorum.

2370 5773 2482 5848 (52)
2511 5777 2634 5834 Fuit
2661 5773 3162 5834 hic'Constantinus
3185 5784 3547 5848 cognomento
3570 5773 3854 5848 Ροςοηῑιιεξξτ

2299 5835 2807 5979 ιιιιίιιόξοιιειιιιιιο,
2840 5865 2944 5907 avo
2996 5835 3279 5904 Heraclio?
3322 5847 3371 5902 ιε
3421 5835 3706 5918 ἱιιιι)οι·ἱιΓω
3745 5835 3855 5894 adi“

2299 5938 2391 5976 an.
2510 5925 2561 5976 δ.

2299 5938 2391 5976 an.
2432 5925 2561 5976 668.
