4142 6484
285 462 319 528 1
336 465 440 528 277

1467 456 1840 522 HISTORIA
1879 456 2494 521 MANICIIAEORUM.

3473 455 3614 523 1278

262 582 539 652 χόμενον,
574 579 650 644 ώς
683 577 928 644 ἀκριϐῶς
950 577 1251 649 ἐμάθομεν,
1280 576 1375 630 καὶ
1395 575 1494 648 τὴν
1531 576 1728 650 κώμην
1758 577 1880 630 Μα-

2007 582 2166 626 intem
2195 575 2444 642 captivus
2484 572 2624 628 duos
2661 586 2729 628 ex
2755 571 2908 645 Syria
2945 571 3112 628 libros
3142 573 3416 639 attulerat,
3440 589 3612 628 unum

266 675 516 728 νὰναλιν
551 673 856 743 φθάσαντα,
891 671 1088 738 ξενίζει
1129 672 1224 726 ἐπὶ
1253 673 1470 744 ἡμέρας
1517 673 1670 736 τινὰς
1705 675 1764 725 ἐν
1820 673 1899 744 τῷ

269 767 428 838 οἴκῳ
476 768 668 822 αὐτοῦ.
707 768 768 822 Ὀ
818 767 874 821 δὲ
927 767 1278 838 αἰχμάλωτος
1325 768 1390 819 ὲκ
1446 764 1648 836 Συρίας
1680 765 1900 836 βίϐλους

270 861 688 932 ἐπιφερόμενος
755 861 892 926 δύο,
955 862 1084 931 μίαν
1151 859 1248 913 τοῦ
1306 859 1463 928 ἀγίου
1523 860 1894 929 Εὑαγγελίου,

281 957 391 1008 καὶ
419 955 613 1026 ὲτέραν
643 955 740 1026 τὴν
776 955 871 1010 τοῦ
909 955 1262 1021 Ἀποστόλου,
1291 954 1496 1018 ταύτας
1521 955 1775 1026 δωρεῖται
1822 957 1902 1026 τῷ

280 1048 714 1120 Κωνσταντίνῳ,
757 1048 1124 1119 ἀμειϐόμενος
1164 1047 1313 1120 αὐτῷ
1369 1048 1468 1120 τὴν
1529 1049 1630 1118 τῆς
1692 1049 1899 1114 ξενοδοοο

285 1139 420 1211 χίας
476 1141 825 1210 ἀντάμειψιν.
871 1141 929 1194 ὐ
963 1140 1020 1195 δὲ
1051 1139 1236 1193 λαϐὼν
1290 1140 1390 1204 τὰς
1425 1140 1517 1194 δύο
1555 1140 1774 1212 βίϐλους
1802 1140 1898 1195 τοῦ

289 1249 355 1284 ’τε
393 1231 728 1300 Εὐαγγελίου
783 1232 880 1285 καὶ
910 1231 1005 1285 τοῦ
1043 1231 1390 1297 Ἀποστόλου,
1425 1232 1521 1284 καὶ
1554 1231 1652 1302 τὴν
1705 1232 1902 1303 ἀθέμι-

293 1341 390 1377 τον
431 1325 523 1378 καὶ
554 1326 807 1397 μυσαράν
849 1326 1017 1380 αὐτοῦ
1066 1326 1277 1397 αἵρεσιν
1324 1325 1539 1396 βλέπων
1601 1326 1901 1398 βδελυκτὴν

283 1417 445 1487 παρὰ
488 1417 708 1472 πάντων
746 1419 842 1471 καὶ
888 1418 1120 1487 φευκτέν
1173 1417 1527 1491 ὑπάρχουσαν
1569 1419 1658 1472 διὰ
1708 1419 1806 1482 τὰς
1841 1421 1900 1472 ἐν

289 1511 432 1580 αὐτῇ
468 1511 784 1583 δυσφημίας
827 1530 886 1565 τε
921 1513 1017 1566 καὶ
1049 1512 1464 1583 αἰσχρουργίας,
1516 1511 1687 1565 θέλων
1741 1507 1899 1575 αὖθις

289 1603 711 1657 ἀνανεώσασθαι
744 1605 826 1662 ἶτὸ
864 1605 1056 1671 κακὸν,
1096 1606 1408 1675 μηχανᾶται
1461 1606 1526 1658 ἐκ
1582 1604 1899 1676 διαϐολικῆς

289 1696 581 1765 ἐνεργείας
607 1695 681 1766 μὴ
711 1697 1190 1766 ἀναγινώσκεσθαι
1222 1697 1414 1769 ἑτέραν
1446 1697 1628 1769 βίϐλον
1651 1699 1714 1752 τὸ
1752 1716 1898 1771 παρ·

289 1790 463 1854 ἁπαν,
522 1789 662 1860 πλὴν
711 1790 804 1843 τοῦ
843 1791 1176 1858 Εὑαγγελίου
1229 1793 1328 1845 καὶ
1381 1791 1474 1844 τοῦ
1544 1791 1894 1857 Ἀποστὸλου,

287 1881 443 1944 ὅπως
472 1881 674 1953 δυνηθῇ
726 1882 794 1934 δι’
819 1881 1000 1934 αὐτῶν
1045 1881 1380 1950 ὲπικαλύψαι
1411 1882 1510 1951 τὴν
1547 1881 1650 1951 τῆς
1695 1883 1896 1946 κακίας

285 1971 502 2042 βλάϐην
523 1989 537 2002 ·
584 1971 776 2042 ὥσπερ
809 1974 858 2025 οἱ
908 1973 977 2025 τά
1008 1972 1313 2043 δηλητήρια
1343 1972 1614 2044 φάρμακα
1661 1973 1894 2037 διδόντες

282 2065 492 2129 πίνειν,
525 2064 614 2118 διά
647 2065 862 2136 μέλιτος
887 2067 1065 2119 ταῦτα
1096 2064 1107 2104 ι
1135 2066 1601 2119 ὲπικαλύπτουσιν
1624 2083 1637 2096 ’
1695 2067 1790 2120 καὶ
1827 2066 1892 2137 δὴ

278 2157 355 2208 ὲκ
417 2157 527 2208 τῶν
591 2157 1072 2228 μνημονευθεισῶν
1131 2160 1488 2229 Μανιχαῖκῶν
1541 2159 1740 2229 βίϐλων
1792 2162 1893 2226 τὰς

273 2251 551 2322 ἀφορμὰς
585 2252 827 2322 ἑκάστης
855 2252 1204 2324 βλασφημίας
1237 2255 1612 2325 παρειληφὼς,
1645 2255 1892 2328 ἠδυνήθη

273 2343 353 2397 ἐκ
389 2344 680 2415 συνεργίας
719 2345 1022 2415 σατανικῆς
1051 2349 1119 2400 τὰ
1160 2347 1253 2400 ’τοῦ
1279 2347 1616 2417 Εὐαγγελίου
1651 2349 1746 2402 καὶ
1796 2349 1892 2403 τοῦ

290 2434 626 2488 ’Λποστόλου
656 2438 905 2508 νοήματα
939 2441 996 2491 ἐν
1013 2441 1078 2509 τῇ
1109 2439 1402 2509 ἑρμηνεία,
1440 2440 1578 2512 πρὸς
1603 2441 1663 2494 τὸ
1689 2443 1892 2496 οἰκεῖον

281 2528 610 2600 διαστρέψαι
649 2528 922 2601 βούλημα.
959 2531 1072 2594 Τάς
1103 2531 1159 2585 δὲ
1191 2531 1453 2594 πολλάκις
1489 2532 1890 2602 μνημονευθεί-

285 2637 392 2682 σας
421 2620 639 2690 βίϐλους
662 2622 772 2674 τῶν
790 2623 1135 2694 Μανιχαίων,
1160 2623 1238 2687 ὡς
1277 2625 1622 2695 προείρηται,
1661 2625 1899 2698 ἀπερρί-

282 2711 461 2782 ψατοο
523 2713 611 2766 διὰ
659 2715 720 2768 τὸ
779 2715 876 2768 καὶ
935 2715 1171 2786 μάλιστα
1221 2717 1450 2782 πολλοὺς
1484 2719 1616 2788 ὁρᾷς
1655 2727 1688 2747 ⁸³³
1735 2718 1901 2770 ἕνεκα

284 2807 471 2860 αὐτῶν
506 2807 717 2877 ξίφεσιν
767 2811 1240 2880 ἀποκτενομὲνους
1275 2821 1322 2866 ι’.
1368 2813 1432 2864 ΟΞ
1477 2813 1586 2882 γὰρ
1634 2811 1901 2866 θειότατοι

289 2899 392 2953 καὶ
424 2900 697 2973 ὀρθὸδοξοι
734 2902 892 2972 ἡμῶν
930 2903 1040 2955 τῶν
1077 2903 1248 2968 ὅντως
1277 2905 1624 2974 Χριστιανῶν
1658 2904 1901 2973 βασιλεῖς

296 2993 442 3061 μετά
508 2994 730 3046 πάντων
788 2993 896 3046 τῶν
930 2995 1168 3064 ’ἀγαθῶν
1219 2995 1401 3049 αὐτῶν
1433 2996 1896 3067 κατορθωμάτωνι

2004 661 2180 715 sancti
2232 661 2534 732 Evangelii,
2566 661 2801 716 alterum
2831 663 3112 732 Apostoli,
3151 679 3292 734 quos
3321 664 3611 719 Constan—

2002 753 2123 807 tino
2158 753 2402 820 donavit,
2440 753 2669 825 hospitii
2725 755 3059 811 beneficium
3114 756 3163 810 ei
3215 773 3606 815 remunerans.

2005 846 2105 902 llic
2138 857 2322 902 autem
2350 848 2568 903 duobus
2591 848 2677 902 his
2708 847 2988 918 Evangelii
3011 857 3066 903 et
3087 849 3330 918 Apostoli
3365 851 3612 920 acceptis

2006 941 2182 1007 libris,
2226 941 2500 1012 simulque
2527 943 2722 997 videns
2775 941 3000 1012 impiam
3032 958 3188 996 ειιιιιιί
3220 959 3284 998 ac
3336 943 3610 998 nefariam

2006 1035 2116 1106 29
2160 1035 2414 1090 hmrcsim
2454 1036 2712 1092 omnibus
2733 1036 3109 1092 exsecrationi
3144 1052 3209 1091 ac
3243 1036 3611 1091 detestationi

2005 1126 2220 1190 haberi,
2259 1137 2482 1198 propter
2511 1127 2766 1184 infamias
2806 1129 3055 1199 ejusdem
3104 1145 3168 1184 ac
3200 1131 3607 1200 turpitudines;

2006 1229 2168 1291 capto
2197 1221 2427 1276 consilio
2448 1221 2652 1275 malum
2685 1222 2788 1276 hoc
2840 1222 3166 1289 renovandi,
3211 1223 3404 1276 statuit
3448 1223 3609 1278 insti-

2003 1328 2166 1386 gante
2188 1315 2461 1380 daalnone,
2492 1315 2703 1368 nullum
2727 1316 2954 1370 omnino
2985 1315 3152 1370 alium
3179 1316 3468 1387 legendum
3488 1331 3614 1372 esse

2003 1408 2226 1473 librum,
2284 1416 2481 1476 praeter
2515 1407 2874 1478 Evangelium
2915 1416 3083 1477 atque
3149 1408 3500 1477 Apostolum,
3553 1416 3614 1462 ul.

2006 1506 2082 1560 ita
2114 1516 2303 1576 posset
2351 1505 2624 1576 nequitiie
2655 1521 2769 1560 sua:
2804 1506 2983 1561 labem
3013 1507 3197 1562 velare
3228 1524 3242 1570 ;
3273 1506 3494 1561 illorum
3526 1506 3607 1560 in-

2005 1613 2121 1655 Star
2154 1600 2243 1669 qui
2272 1608 2541 1654 venenata
2573 1598 2868 1669 pharmaea
2909 1599 3288 1670 propitiantes,
3337 1600 3504 1654 melle
3543 1613 3608 1654 ea

2011 1691 2383 1763 a-loperiunt:
2424 1692 2534 1747 imo
2565 1693 2647 1746 sic
2690 1692 2879 1755 etiam,
2942 1709 3108 1762 quam
3156 1709 3224 1747 ex
3273 1693 3597 1749 memoratis

2006 1783 2436 1838 Manicharorum
2499 1783 2656 1838 libris
2721 1783 3060 1854 singularum
3119 1784 3639 1855 blasphemiarum.

2005 1893 2198 1932 ansam
2221 1886 2461 1946 ceperat,
2489 1893 2610 1932 eam
2641 1877 2910 1942 distortis,
2943 1893 3070 1932 cum
3101 1879 3349 1934 satanico
3379 1879 3608 1939 auxilio.

1928 1949 1971 2006 Β
2007 1972 2283 2042 Evangelii
2306 1980 2472 2041 atque
2516 1971 2763 2041 Apostoli
2799 1971 2864 2026 ad
2889 1971 3172 2042 pr0prium
3209 1972 3422 2025 libitum
3450 1973 3615 2026 inter-

2004 2063 2410 2133 pretationibus
2469 2063 2806 2119 confirmare
2876 2066 3105 2120 valeret.
3179 2065 3364 2119 Nihilo
3427 2075 3612 2119 tamen

2000 2157 2182 2211 minus
2205 2156 2499 2226 praedictos
2520 2155 2948 2212 Manichceorum
2981 2158 3172 2220 libros,
3191 2158 3384 2242 ut'jam
3405 2157 3613 2212 dictum

1994 2250 2118 2315 fuit,
2143 2249 2382 2304 abolevit
2411 2269 2422 2303 :
2459 2250 2530 2304 ob
2563 2249 2614 2303 id
2640 2249 3010 2319 potissimum,
3043 2251 3188 2321 quod
3219 2252 3414 2306 horum
3443 2266 3610 2306 causa

2006 2341 2531 2406 lihrorum,multos
2558 2342 2739 2412 giadio
2794 2343 3012 2397 videbat
3069 2343 3325 2398 interfici.
3381 2343 3603 2398 Etenim

2000 2435 2220 2506 augusti
2257 2444 2314 2489 et
2355 2434 2644 2489 orthodoxi
2683 2444 2884 2489 nostra:
2915 2435 3243 2490 Christiana:
3279 2451 3410 2490 vere
3442 2436 3620 2506 gentis

2007 2521 2388 2600 imperatores,
2413 2530 2556 2584 inter
2578 2539 2774 2584 caetera
2797 2545 2893 2584 sua
2924 2539 3072 2585 recte
3097 2541 3243 2596 aeta,
3271 2532 3374 2586 hoc
3397 2546 3618 2600 quoque

2009 2624 2329 2689 edixerunt,
2372 2634 2432 2680 ut
2481 2624 2535 2679 in
2590 2624 2922 2680 Manichmos
2948 2641 3011 2680 ac
3049 2625 3408 2680 Montanistas
3433 2625 3613 2696 gladio

2008 2718 2584 2784 animadverteretur;
2643 2719 2769 2774 libri
2828 2731 3012 2774 autem
3067 2720 3284 2774 illorum
3341 2720 3621 2789 comperti

2008 2810 2246 2865 flammis
2284 2811 2628 2866 traderentur
2658 2830 2672 2876 ;
2697 2828 2836 2882 quos
2868 2812 2912 2867 si
2942 2811 3064 2882 quis
3091 2813 3271 2867 celare
3300 2813 3618 2882 deprehen-

2009 2903 2250 2967 deretur,
2275 2903 2319 2958 is
2336 2905 2552 2974 quidem
2578 2905 2793 2975 capitali
2819 2905 3107 2960 sententiae
3124 2905 3510 2976 subjiceretur,
3529 2920 3618 2960 res

2009 3005 2192 3051 autem
2225 2996 2472 3066 ejusdem
2503 2997 2790 3052 familiaris
2821 2998 2874 3050 in
2902 2999 3094 3052 iiscum
3129 2996 3491 3067 redigeretur.

290 3089 611 3155 θεσπίζουσι
663 3092 755 3144 καὶ
799 3091 978 3158 τοῦτο,
1034 3092 1370 3163 Μανιχαίους
1416 3094 1510 3146 καὶ
1567 3093 1882 3156 Μοντανοὺς
1915 3091 2059 3162 ξίφει
2106 3093 2506 3164 τιμωρεῖσθαιο
2556 3094 2654 3157 τὰς
2694 3093 2750 3145 δὲ
2795 3092 3014 3161 βίϐλους
3041 3091 3226 3144 αὐτῶν
3293 3089 3622 3162 εὑρισκομέ-

287 3202 412 3249 νας,
449 3184 583 3255 πυρὶ
647 3184 1068 3256 παραδίδοσθαιο
1096 3189 1143 3240 εἰ
1208 3185 1267 3240 δέ
1295 3205 1378 3251 τις
1444 3185 1724 3258 φωραθείη
1763 3185 1970 3248 ταύτας
1989 3186 2381 3256 ἀποκρύπτων,
2421 3185 2512 3240 τὸν
2552 3184 2796 3238 τοιοῦτον
2863 3187 3034 3256 ψήφῳ
3085 3183 3321 3237 θανάτου
3379 3182 3624 3237 καθυπι-

290 3276 620 3330 6ἀλλεσθαι·
655 3278 722 3331 τὰ
789 3278 846 3332 δὲ
917 3279 1232 3350 ὑπάρχοντα
1259 3281 1408 3351 αὐτῷ
1460 3281 1518 3332 ἐν
1542 3281 1620 3352 τῷ
1653 3280 1747 3333 τοῦ
1767 3280 2029 3352 δημοσίου
2064 3278 2474 3347 εἰσκομίζεσθαι
2503 3279 2657 3349 μέρει
2683 3279 2818 3349 (55).

367 3367 494 3426 ΚΔ¹.
540 3369 597 3423 '0
633 3371 763 3438 γοῦν
798 3371 890 3424 τοῦ
925 3373 1203 3436 Μάνεντος
1233 3373 1482 3444 μαθητὴς
1539 3375 1884 3428 Κώνσταντῐ-

2066 3369 2256 3425 XXIV.
2287 3370 2522 3424 Manetis
2557 3371 2741 3439 itaque
2771 3367 3076 3438 discipulus
3102 3366 3522 3429 Constantinus,
3559 3375 3622 3422 ut

293 3479 386 3524 νος
420 3461 507 3514 ἵνα
525 3463 653 3525 τοὺς
687 3462 1169 3536 μαθητευομένους
1196 3465 1344 3537 αὑτῴ
1380 3465 1600 3529 τελείως
1638 3467 1900 3529 δελεάσας

291 3554 560 3626 ἀπολέσῃ,
591 3555 686 3608 καὶ
721 3559 926 3630 ποιήσῃ
954 3559 1342 3629 εὐπαράδεκτα
1364 3559 1435 3613 τὰ
1469 3558 1616 3632 [cod.
1647 3559 1686 3614 f.
1713 3563 1782 3616 98
1819 3561 1896 3634 b.]

295 3645 430 3717 παρ’
459 3645 626 3700 αὐτοῦ
665 3647 956 3720 λεγόμενα,
991 3650 1092 3715 τὰς
1131 3651 1459 3706 Οὐαλεντίου
1496 3660 1520 3687 ο
1547 3652 1900 3724 βλασφημίας

293 3739 392 3792 καὶ
422 3739 828 3810 τερατολογίας,
864 3741 973 3795 τῶν
1004 3744 1296 3815 τριάκοντα
1328 3744 1562 3812 αἰώνων,
1590 3746 1755 3814 φημὶ.
1802 3747 1898 3800 καὶ

295 3835 460 3900 θεῶν,
494 3836 574 3890 ἔτι
621 3837 677 3890 δὲ
714 3839 806 3891 καὶ
836 3838 936 3908 τὴν
961 3838 1053 3892 τοῦ
1083 3840 1397 3912 Κουϐρὶκου
1453 3842 1583 3912 περὶ
1614 3841 1708 3894 τοῦ
1741 3841 1900 3895 ὑετοῦ

297 3928 591 4002 πλαστώδη
628 3931 977 4002 μυθολογίαν,
1032 3934 1090 3997 ὅς
1125 3951 1290 4006 φησιν
1347 3935 1406 4002 ἐξ
1437 3935 1681 4006 ἱδρώτων
1716 3936 1899 3989 νεανί-

299 4044 431 4080 σκου
484 4027 726 4091 εὐειδοῦς
757 4029 1188 4100 κατατρέχοντος
1232 4030 1490 4101 παρθένῳ
1531 4029 1782 4098 γίνεσθαι
1811 4030 1902 4084 τὸν

298 4119 479 4184 ὑετὸν,
517 4122 612 4173 καὶ
640 4119 777 4174 ἄλλα
827 4119 951 4173 τινά
982 4121 1075 4189 ἀφ’
1101 4121 1298 4174 ἑαυτοῦ
1345 4120 1421 4184 ὡς
1449 4122 1900 4191 δυσπαράδεκτα,

296 4211 564 4282 ἠθέλησεν
586 4211 1007 4266 ἀποτείσασθαι·
1031 4212 1130 4282 οὐχ
1153 4213 1240 4265 ἵνα
1258 4212 1357 4283 τὴν
1383 4213 1650 4285 μεγίστην
1670 4214 1902 4288 λωφήσῃ

300 4304 526 4370 κακίαν,
557 4304 673 4356 ἀλλ’
702 4304 791 4358 ἵνα
821 4306 958 4377 πρὸς
992 4306 1188 4359 ἑαυτὸν
1227 4306 1456 4370 πολλοὺς
1505 4307 1900 4378 ἐφελκύσηται.

300 4396 615 4451 Βασιλείδου
650 4398 708 4452 δὲ
739 4400 831 4453 τοῦ
856 4399 1176 4472 δυσωνύμου
1200 4400 1300 4464 τὰς
1330 4401 1622 4480 ἀσελγείας
1664 4412 1691 4451 P
1723 4419 1784 4454 τε
1807 4402 1903 4455 καὶ

299 4493 372 4544 τὰ
403 4493 712 4562 μιάσματα,
736 4494 832 4547 καὶ
877 4492 988 4547 τῶν
1027 4493 1231 4548 λοιπῶν
1263 4495 1526 4549 ἁπάντων
1561 4496 1651 4549 τὸν
1681 4497 1901 4565 δυσώδη

302 4587 706 4659 ὑποδεξάμενος
741 4589 1004 4661 βόρϐορον
1031 4631 1044 4654 ,
1107 4589 1490 4644 ἀναδείκνυται
1533 4591 1655 4656 νέος
1703 4610 1788 4657 τις
1821 4593 1906 4645 ὁδ-

300 4682 439 4752 ηγὸς
467 4683 772 4748 ἀπωλείας.
807 4684 973 4739 Ὅθεν
1017 4685 1258 4749 ἅπαντες
1285 4688 1334 4739 οἱ
1359 4684 1456 4738 νῦν
1486 4686 1769 4758 περιόντες
1795 4685 1905 4739 τῶν

2009 3480 2141 3520 suos
2172 3463 2470 3532 discipulos
2495 3465 2729 3516 omnino
2753 3461 2996 3515 irrctitos
3022 3461 3295 3532 perderet,
3321 3470 3375 3516 et
3412 3461 3622 3516 doctri-

2008 3573 2134 3611 nam
2172 3572 2327 3611 suam
2353 3556 2565 3612 facilius
2601 3564 2910 3625 oggereret,
2931 3554 3203 3610 Valentini
3248 3554 3620 3624 blasphemias

2008 3660 2174 3720 atque
2198 3651 2516 3722 prazstigias,
2544 3649 2761 3720 triginta
2781 3665 3019 3714 :eonum,
3039 3650 3285 3719 inquam,
3308 3658 3471 3718 atque
3487 3648 3622 3702 dco-

2009 3761 2131 3800 rum
2167 3785 2181 3810 ,
2215 3755 2590 3815 praetereaque
2621 3744 2844 3799 Cubrici
2875 3744 2942 3798 de
2975 3743 3157 3813 pluvia
3183 3741 3474 3797 confictam
3505 3757 3622 3813 my-

2013 3840 2332 3912 thologiam,
2365 3839 2455 3910 qui
2487 3840 2564 3894 ait
2589 3855 2654 3893 ex
2685 3835 3470 3907 formosijuvenis.sudorihus
3501 3835 3611 3888 vir-

2018 3933 2199 4002 ginem
2233 3931 2638 4003 persequentis,
2673 3931 2915 4000 pluviam
2949 3929 3199 3992 confieri,
3239 3938 3296 3983 et
3349 3928 3616 3984 nonnulla

2013 4028 2145 4088 alia.
2175 4035 2363 4096 utpote
2401 4025 2616 4080 crcditu
2654 4023 2923 4089 diflieilia,
2967 4023 3302 4093 antiquanda
3357 4021 3619 4086 curavit;

2014 4123 2159 4178 haud
2187 4136 2321 4177 sane
2365 4128 2424 4174 ut
2453 4120 2596 4174 hanc
2619 4119 2688 4173 de
2719 4119 2904 4173 medio
2946 4117 3164 4172 tolleret
3204 4131 3481 4170 summam
3515 4129 3620 4169 ne-

2011 4217 2266 4288 quitiam,
2294 4214 2390 4270 sed
2427 4223 2487 4269 ut
2523 4213 2711 4283 plures
2727 4213 2792 4267 ad
2816 4227 2876 4267 se
2898 4210 3268 4281 pertraheret.
3303 4207 3618 4277 Caateroqui

2011 4309 2231 4364 infamis
2270 4308 2518 4364 Basilida:
2556 4308 2975 4378 etreliquorum
3021 4304 3132 4374 30
3158 4301 3410 4356 omnium
3463 4300 3618 4355 fusti-

2013 4405 2142 4460 dum
2171 4420 2390 4460 caenum
2424 4403 2790 4475 amplectens,
2817 4396 3068 4454 novellus
3112 4395 3332 4466 quidam
3365 4393 3623 4464 apparuit

2014 4495 2337 4567 perditionis
2365 4495 2495 4550 dux.
2535 4497 2714 4564 Atque
2744 4492 2875 4547 hinc
2907 4488 3126 4551 accidit,
3161 4495 3223 4542 ut
3272 4501 3469 4541 omnes
3517 4485 3616 4556 qui

2015 4604 2164 4643 nunc
2189 4599 2322 4644 sunt
2345 4588 2769 4642 Manicltmorum
2805 4581 3080 4652 discipuli,
3120 4579 3410 4650 praedictas
3461 4579 3624 4634 fabu-

2016 4683 2096 4737 las
2159 4681 2496 4750 ignorantes,
2534 4680 2860 4751 Scythiano,
2909 4674 3134 4740 Buddae,
3186 4680 3352 4742 atque
3394 4671 3620 4739 Maneti,

301 4776 624 4847 Μανιχαίων
660 4778 874 4844 παῖδες,
906 4777 1006 4840 τὰς
1033 4777 1481 4849 δραματουργίας
1509 4778 1718 4842 ταύτας
1740 4781 1899 4848 ἀγνο-

2013 4779 2138 4834 mali
2170 4779 2336 4850 hujus
2389 4777 2789 4850 antesignanis,
2833 4779 2977 4832 ultro
3032 4776 3325 4831 anathema
3381 4771 3616 4835 dicant;

303 4871 514 4936 οῦντες,
540 4871 839 4943 προθύμως
883 4871 1349 4944 ἁναθεματίζουσι
1381 4871 1702 4934 Σκυθιανδν,
1738 4873 1906 4926 Βουδ·

303 4963 401 5016 δὶν
455 4981 536 5029 τε,
598 4965 694 5018 καὶ
740 4964 1019 5029 Μάνεντα,
1049 4967 1176 5028 τοὺς
1225 4966 1326 5036 τῆς
1357 4965 1561 5029 κακίας
1609 4967 1905 5034 γεγονότας

306 5055 642 5127 ἀρχηγέτας·
686 5058 1102 5109 Κωνσταντῐνον
1131 5057 1188 5110 δὲ
1213 5056 1405 5110 τοῦτον
1428 5056 1521 5110 τὸν
1549 5057 1644 5111 καὶ
1679 5057 1906 5110 Σιλουα-

309 5151 398 5201 ν>ιν
433 5148 626 5203 ἑαυτὸν
655 5148 1024 5218 ὀνομάσαντα,
1060 5147 1155 5202 καὶ
1182 5149 1310 5213 τοὺς
1340 5147 1457 5219 μετ’
1487 5148 1651 5201 αὐτὸν
1689 5150 1907 5202 ἀναδει-

307 5241 537 5312 χθέντας
560 5239 636 5306 ὡς
656 5241 987 5305 ἀποστόλους
1008 5239 1248 5312 Χριστοῦ
1272 5240 1366 5294 καὶ
1391 5239 1670 5311 ἰσοτίμους
1698 5238 1914 5294 Παύλου

310 5331 602 5403 ἡγοῦνται.
636 5324 809 5397 Οὗτος
840 5334 1021 5386 τοίνυν
1046 5333 1075 5385 ὁ
1107 5334 1540 5399 Κωνσταντίνος,
1591 5333 1621 5385 ὁ
1672 5332 1771 5384 καὶ
1820 5333 1912 5386 Σι-

2011 4871 2432 4928 Constantinum
2464 4881 2648 4926 autem
2675 4870 2844 4935 hunc,
2867 4869 2959 4941 qui
2981 4885 3039 4924 se
3063 4869 3295 4935 insuper
3335 4865 3622 4921 Silvanum

2012 4966 2341 5030 nominavit,
2381 4981 2484 5021 nec
2523 4981 2631 5020 non
2690 4980 2785 5019 eos
2829 4964 2922 5035 qui
2984 4973 3108 5033 post
3155 4962 3310 5015 illum
3342 4971 3622 5029 apparue-

2014 5064 2165 5121 runt,
2200 5064 2255 5110 ut
2287 5055 2491 5111 Christi
2547 5055 2826 5126 apostolos
2860 5054 2978 5125 pari
3010 5069 3075 5108 ac
3111 5051 3345 5108 Paulum
3399 5051 3614 5103 honore

2016 5157 2447 5218 prosequantur.
2481 5149 2581 5204 llic
2639 5164 2771 5219 ergo
2815 5146 3236 5211 Constantinus,
3268 5144 3360 5215 qui
3425 5153 3482 5196 ct
3512 5139 3625 5195 Sil-

2025 5257 2223 5309 vanus,
2280 5240 2553 5298 Mananali
2611 5259 2750 5314 pago
2824 5241 3037 5307 relicto,
3108 5239 3410 5294 incolatum
3461 5249 3625 5290 suum

2027 5336 2310 5391 transtulit
2361 5337 2416 5390 in
2461 5345 2704 5392 castrum
2743 5335 3029 5392 Cibossam
3074 5349 3246 5406 prope
3296 5331 3618 5395 Coloneam,

969 5553 972 5556 4
1605 5473 1844 5531 V’ARl/E
1887 5475 2298 5534 LECTlONES.

393 5591 410 5633 ι
443 5594 606 5652 Deest
636 5594 812 5650 ταῦτα
834 5593 976 5666 apud
1006 5592 1072 5647 R.
1149 5602 1190 5632 ω
1227 5593 1364 5650 Cod.
1404 5592 1568 5667 ὁρῶν.
1647 5605 1673 5632 η
1696 5593 1764 5649 R.
1797 5595 2292 5669 ἀποκτενομένους.
2368 5603 2394 5634 ο
2421 5593 2501 5651 Ita
2528 5594 2650 5652 cod.
2724 5605 2752 5647 P
2790 5593 2857 5649 Β.
2883 5591 3165 5662 ἀσελγίας.

1855 5731 2090 5790 NOTAE.

389 5854 502 5922 (53)
531 5851 640 5909 Lex
663 5852 838 5925 civilis
860 5853 912 5908 in
950 5852 1132 5908 Photii
1158 5851 1515 5925 Syntagmate
1533 5851 1724 5923 Spicil.
1756 5851 1912 5925 Rom.

318 5936 358 5980 t.
405 5925 496 5979 VII
545 5939 598 5993 p.
630 5924 774 5980 383:
825 5927 888 5980 Οἱ
921 5923 1213 5993 Μανιχαῖοί
1249 5923 1504 5995 ἐσχάτωσ
1545 5924 1917 5994 τιμωροῦνται

318 6013 412 6053 και
437 5996 766 6071 δημεύονται
791 6015 805 6054 ι
834 5995 1112 6053 Manio/ma
1137 6006 1370 6053 extremo
1393 5995 1655 6066 supplicio
1683 5996 1916 6067 puniun-

2023 5859 2130 5917 tur,
2157 5858 2206 5905 et
2231 5865 2412 5923 eorum
2431 5840 3172 5923 bonapublicqntur.ibidem
3201 5854 3254 5909 p.
3288 5837 3415 5905 335,
3443 5853 3624 5911 ptume
3683 5884 3686 5886 .

2023 5930 2244 5980 exstant
2271 5922 2540 5977 adversus
2572 5919 2747 5977 libros
2779 5917 3186 5972 hmreticorum.
