  <div class='ocr_page' id='page_1' title='image "/cluster/home/n/w/nwhite01/storage/ocr_20150623/104:no.4/coo.31924054870088/649.png"; bbox 0 0 4142 6418; ppageno 0'>
   <div class='ocr_carea' id='block_1_1' title="bbox 618 364 2254 477">
    <p class='ocr_par' dir='ltr' id='par_1_1' title="bbox 618 394 2231 477">
     <span class='ocr_line' id='line_1_1' title="bbox 618 394 2231 477; baseline -0.013 -1"><span class='ocrx_word' id='word_1_1' title='bbox 618 410 760 477; x_wconf 64' lang='grc'><strong>1679</strong></span> <span class='ocrx_word' id='word_1_2' title='bbox 1995 394 2231 458; x_wconf 80' lang='lat' dir='ltr'><strong>PETRI</strong></span> 
     </span>
    </p>
   </div>
   <div class='ocr_carea' id='block_1_2' title="bbox 2256 364 3892 477">
    <p class='ocr_par' dir='ltr' id='par_1_2' title="bbox 2285 364 3892 455">
     <span class='ocr_line' id='line_1_2' title="bbox 2285 364 3892 455; baseline -0.003 0"><span class='ocrx_word' id='word_1_3' title='bbox 2285 390 2540 455; x_wconf 78' lang='lat' dir='ltr'><strong>srcuu</strong></span> <span class='ocrx_word' id='word_1_4' title='bbox 2684 364 2687 367; x_wconf 69' lang='grc'><em>’</em></span> <span class='ocrx_word' id='word_1_5' title='bbox 3778 383 3892 450; x_wconf 68' lang='lat'><strong>1230</strong></span> 
     </span>
    </p>
   </div>
   <div class='ocr_carea' id='block_1_3' title="bbox 616 497 2252 585">
    <p class='ocr_par' dir='ltr' id='par_1_3' title="bbox 616 507 2252 585">
     <span class='ocr_line' id='line_1_3' title="bbox 616 507 2252 585; baseline -0.008 -12"><span class='ocrx_word' id='word_1_6' title='bbox 616 519 809 577; x_wconf 85' lang='lat' dir='ltr'><strong>dicens</strong></span> <span class='ocrx_word' id='word_1_7' title='bbox 838 534 898 575; x_wconf 90' lang='lat' dir='ltr'><strong>se</strong></span> <span class='ocrx_word' id='word_1_8' title='bbox 928 531 1056 574; x_wconf 91' lang='lat' dir='ltr'><strong>esse</strong></span> <span class='ocrx_word' id='word_1_9' title='bbox 1084 516 1238 573; x_wconf 92' lang='lat' dir='ltr'><strong>illum</strong></span> <span class='ocrx_word' id='word_1_10' title='bbox 1274 514 1330 570; x_wconf 87' lang='lat' dir='ltr'><strong>in</strong></span> <span class='ocrx_word' id='word_1_11' title='bbox 1376 510 1627 585; x_wconf 83' lang='lat' dir='ltr'><strong>Apostoli</strong></span> <span class='ocrx_word' id='word_1_12' title='bbox 1657 507 1919 581; x_wconf 76' lang='lat' dir='ltr'><strong>Epistolis</strong></span> <span class='ocrx_word' id='word_1_13' title='bbox 1964 508 2221 563; x_wconf 85' lang='lat' dir='ltr'><strong>nomiua-</strong></span> <span class='ocrx_word' id='word_1_14' title='bbox 2250 571 2252 578; x_wconf 31' lang='grc' dir='ltr'><strong><em>η</em></strong></span> 
     </span>
    </p>
   </div>
   <div class='ocr_carea' id='block_1_4' title="bbox 2261 497 3897 585">
    <p class='ocr_par' dir='ltr' id='par_1_4' title="bbox 2261 497 3897 579">
     <span class='ocr_line' id='line_1_4' title="bbox 2261 497 3897 579; baseline -0.002 -20"><span class='ocrx_word' id='word_1_15' title='bbox 2261 525 2296 579; x_wconf 58' lang='grc' dir='ltr'>Α</span> <span class='ocrx_word' id='word_1_16' title='bbox 2322 504 2570 569; x_wconf 82' lang='grc' dir='ltr'>λουανὺς,</span> <span class='ocrx_word' id='word_1_17' title='bbox 2622 502 2724 573; x_wconf 77' lang='grc' dir='ltr'>τὴν</span> <span class='ocrx_word' id='word_1_18' title='bbox 2772 498 3088 556; x_wconf 79' lang='grc' dir='ltr'>Μανάναλιν</span> <span class='ocrx_word' id='word_1_19' title='bbox 3112 497 3443 568; x_wconf 73' lang='grc' dir='ltr'><strong>καταλείψας</strong></span> <span class='ocrx_word' id='word_1_20' title='bbox 3466 510 3516 567; x_wconf 73' lang='grc' dir='ltr'>(ι,</span> <span class='ocrx_word' id='word_1_21' title='bbox 3570 498 3743 553; x_wconf 84' lang='grc' dir='ltr'>ἐλθὼν</span> <span class='ocrx_word' id='word_1_22' title='bbox 3788 518 3897 555; x_wconf 84' lang='grc' dir='ltr'>κατ-</span> 
     </span>
    </p>
   </div>
   <div class='ocr_carea' id='block_1_5' title="bbox 619 592 2255 681">
    <p class='ocr_par' dir='ltr' id='par_1_5' title="bbox 619 601 2228 681">
     <span class='ocr_line' id='line_1_5' title="bbox 619 601 2228 681; baseline -0.009 -12"><span class='ocrx_word' id='word_1_23' title='bbox 619 623 737 669; x_wconf 92' lang='lat' dir='ltr'><strong>tum</strong></span> <span class='ocrx_word' id='word_1_24' title='bbox 771 612 1077 674; x_wconf 84' lang='lat' dir='ltr'><strong>Silvanum,</strong></span> <span class='ocrx_word' id='word_1_25' title='bbox 1103 626 1265 681; x_wconf 99' lang='lat' dir='ltr'><strong>quem</strong></span> <span class='ocrx_word' id='word_1_26' title='bbox 1298 608 1500 663; x_wconf 82' lang='lat' dir='ltr'><strong>Paulus</strong></span> <span class='ocrx_word' id='word_1_27' title='bbox 1521 620 1621 661; x_wconf 92' lang='lat' dir='ltr'><strong>ceu</strong></span> <span class='ocrx_word' id='word_1_28' title='bbox 1652 602 1866 658; x_wconf 79' lang='lat' dir='ltr'><strong>fidelem</strong></span> <span class='ocrx_word' id='word_1_29' title='bbox 1897 601 2228 672; x_wconf 82' lang='lat' dir='ltr'><strong>discipulum</strong></span> 
     </span>
    </p>
   </div>
   <div class='ocr_carea' id='block_1_6' title="bbox 2260 592 3896 681">
    <p class='ocr_par' dir='ltr' id='par_1_6' title="bbox 2326 592 3896 669">
     <span class='ocr_line' id='line_1_6' title="bbox 2326 592 3896 669; baseline -0.003 -18"><span class='ocrx_word' id='word_1_30' title='bbox 2326 598 2546 669; x_wconf 77' lang='grc' dir='ltr'>ᾤκησεν</span> <span class='ocrx_word' id='word_1_31' title='bbox 2571 596 2651 659; x_wconf 89' lang='grc' dir='ltr'><strong>είς</strong></span> <span class='ocrx_word' id='word_1_32' title='bbox 2676 592 2951 648; x_wconf 84' lang='grc' dir='ltr'>Κίϐοσσαν</span> <span class='ocrx_word' id='word_1_33' title='bbox 2976 593 3037 647; x_wconf 76' lang='grc' dir='ltr'>τὸ</span> <span class='ocrx_word' id='word_1_34' title='bbox 3059 593 3319 663; x_wconf 87' lang='grc' dir='ltr'>κάστρον,</span> <span class='ocrx_word' id='word_1_35' title='bbox 3337 592 3566 665; x_wconf 82' lang='grc' dir='ltr'><strong>πλησίον</strong></span> <span class='ocrx_word' id='word_1_36' title='bbox 3592 593 3896 659; x_wconf 83' lang='grc' dir='ltr'>Κολωνείας,</span> 
     </span>
    </p>
   </div>
   <div class='ocr_carea' id='block_1_7' title="bbox 621 681 2257 764">
    <p class='ocr_par' dir='ltr' id='par_1_7' title="bbox 621 693 2230 764">
     <span class='ocr_line' id='line_1_7' title="bbox 621 693 2230 764; baseline -0.008 -4"><span class='ocrx_word' id='word_1_37' title='bbox 621 705 679 760; x_wconf 83' lang='grc' dir='ltr'>ἰιι</span> <span class='ocrx_word' id='word_1_38' title='bbox 709 704 1084 760; x_wconf 82' lang='lat' dir='ltr'><strong>Macedoniam</strong></span> <span class='ocrx_word' id='word_1_39' title='bbox 1117 702 1285 757; x_wconf 89' lang='lat' dir='ltr'><strong>misit.</strong></span> <span class='ocrx_word' id='word_1_40' title='bbox 1336 698 1677 755; x_wconf 83' lang='lat' dir='ltr'><strong>Ostendebat</strong></span> <span class='ocrx_word' id='word_1_41' title='bbox 1726 694 1890 751; x_wconf 90' lang='lat' dir='ltr'><strong>simul</strong></span> <span class='ocrx_word' id='word_1_42' title='bbox 1944 693 2230 764; x_wconf 86' lang='lat' dir='ltr'><strong>discipulis</strong></span> 
     </span>
    </p>
   </div>
   <div class='ocr_carea' id='block_1_8' title="bbox 2264 681 3900 764">
    <p class='ocr_par' dir='ltr' id='par_1_8' title="bbox 2328 681 3900 757">
     <span class='ocr_line' id='line_1_8' title="bbox 2328 681 3900 757; baseline 0 -16"><span class='ocrx_word' id='word_1_43' title='bbox 2328 688 2505 757; x_wconf 80' lang='grc' dir='ltr'>λέγων</span> <span class='ocrx_word' id='word_1_44' title='bbox 2537 686 2731 741; x_wconf 83' lang='grc' dir='ltr'>ἐαυτὸν</span> <span class='ocrx_word' id='word_1_45' title='bbox 2758 681 2898 739; x_wconf 76' lang='grc' dir='ltr'>εἶναι</span> <span class='ocrx_word' id='word_1_46' title='bbox 2925 684 3017 739; x_wconf 77' lang='grc' dir='ltr'><strong>τδν</strong></span> <span class='ocrx_word' id='word_1_47' title='bbox 3046 686 3104 738; x_wconf 89' lang='grc' dir='ltr'><strong>ἐν</strong></span> <span class='ocrx_word' id='word_1_48' title='bbox 3133 686 3255 749; x_wconf 90' lang='grc' dir='ltr'>ταῖς</span> <span class='ocrx_word' id='word_1_49' title='bbox 3288 685 3607 749; x_wconf 73' lang='grc' dir='ltr'>ἐπιστολαῖς</span> <span class='ocrx_word' id='word_1_50' title='bbox 3634 684 3729 738; x_wconf 74' lang='grc' dir='ltr'><strong>τοῦ</strong></span> <span class='ocrx_word' id='word_1_51' title='bbox 3762 686 3900 741; x_wconf 79' lang='grc' dir='ltr'>Ἀπο-</span> 
     </span>
    </p>
   </div>
   <div class='ocr_carea' id='block_1_9' title="bbox 622 779 2258 865">
    <p class='ocr_par' dir='ltr' id='par_1_9' title="bbox 622 791 2230 865">
     <span class='ocr_line' id='line_1_9' title="bbox 622 791 2230 865; baseline -0.006 -12"><span class='ocrx_word' id='word_1_52' title='bbox 622 800 742 855; x_wconf 88' lang='lat' dir='ltr'><strong>suis</strong></span> <span class='ocrx_word' id='word_1_53' title='bbox 774 798 942 853; x_wconf 89' lang='lat' dir='ltr'><strong>etiam</strong></span> <span class='ocrx_word' id='word_1_54' title='bbox 978 797 1129 851; x_wconf 89' lang='lat' dir='ltr'><strong>illum</strong></span> <span class='ocrx_word' id='word_1_55' title='bbox 1154 793 1399 865; x_wconf 87' lang='lat' dir='ltr'><strong>Apostoli</strong></span> <span class='ocrx_word' id='word_1_56' title='bbox 1426 791 1631 846; x_wconf 91' lang='lat' dir='ltr'><strong>librum</strong></span> <span class='ocrx_word' id='word_1_57' title='bbox 1664 804 1829 859; x_wconf 85' lang='lat' dir='ltr'><strong>quem</strong></span> <span class='ocrx_word' id='word_1_58' title='bbox 1863 804 1891 842; x_wconf 92' lang='lat' dir='ltr'><strong>a</strong></span> <span class='ocrx_word' id='word_1_59' title='bbox 1924 798 2230 843; x_wconf 85' lang='lat' dir='ltr'><strong>memorato</strong></span> 
     </span>
    </p>
   </div>
   <div class='ocr_carea' id='block_1_10' title="bbox 2266 779 3902 865">
    <p class='ocr_par' dir='ltr' id='par_1_10' title="bbox 2330 779 3902 852">
     <span class='ocr_line' id='line_1_10' title="bbox 2330 779 3902 852; baseline 0 -18"><span class='ocrx_word' id='word_1_60' title='bbox 2330 781 2519 834; x_wconf 91' lang='grc' dir='ltr'>στόλου</span> <span class='ocrx_word' id='word_1_61' title='bbox 2578 781 2959 852; x_wconf 77' lang='grc' dir='ltr'><strong>ἐμφερόμενον</strong></span> <span class='ocrx_word' id='word_1_62' title='bbox 2999 780 3323 834; x_wconf 82' lang='grc' dir='ltr'>Σιλουανόν·</span> <span class='ocrx_word' id='word_1_63' title='bbox 3374 779 3433 833; x_wconf 87' lang='grc' dir='ltr'>ὃν</span> <span class='ocrx_word' id='word_1_64' title='bbox 3476 779 3800 833; x_wconf 82' lang='grc' dir='ltr'>ἀπέστειλεν</span> <span class='ocrx_word' id='word_1_65' title='bbox 3840 782 3902 846; x_wconf 82' lang='grc' dir='ltr'><strong>ὡς</strong></span> 
     </span>
    </p>
   </div>
   <div class='ocr_carea' id='block_1_11' title="bbox 623 869 2259 961">
    <p class='ocr_par' dir='ltr' id='par_1_11' title="bbox 623 879 2229 961">
     <span class='ocr_line' id='line_1_11' title="bbox 623 879 2229 961; baseline -0.008 -15"><span class='ocrx_word' id='word_1_66' title='bbox 623 900 915 961; x_wconf 86' lang='lat' dir='ltr'><strong>acceperat</strong></span> <span class='ocrx_word' id='word_1_67' title='bbox 940 889 1155 959; x_wconf 83' lang='lat' dir='ltr'><strong>captivo</strong></span> <span class='ocrx_word' id='word_1_68' title='bbox 1212 886 1468 947; x_wconf 86' lang='lat' dir='ltr'><strong>diacono,</strong></span> <span class='ocrx_word' id='word_1_69' title='bbox 1522 884 1850 952; x_wconf 87' lang='lat' dir='ltr'><strong>aiebatque:</strong></span> <span class='ocrx_word' id='word_1_70' title='bbox 1881 880 1993 935; x_wconf 77' lang='lat' dir='ltr'><strong>Vos</strong></span> <span class='ocrx_word' id='word_1_71' title='bbox 2046 879 2229 934; x_wconf 82' lang='lat' dir='ltr'><strong>Mace-</strong></span> 
     </span>
    </p>
   </div>
   <div class='ocr_carea' id='block_1_12' title="bbox 2266 869 3902 961">
    <p class='ocr_par' dir='ltr' id='par_1_12' title="bbox 2331 869 3902 944">
     <span class='ocr_line' id='line_1_12' title="bbox 2331 869 3902 944; baseline 0 -19"><span class='ocrx_word' id='word_1_72' title='bbox 2331 872 2525 926; x_wconf 83' lang='grc' dir='ltr'>πιστὸν</span> <span class='ocrx_word' id='word_1_73' title='bbox 2563 872 2815 944; x_wconf 81' lang='grc' dir='ltr'>μαθητὴν</span> <span class='ocrx_word' id='word_1_74' title='bbox 2845 870 3062 935; x_wconf 82' lang='grc' dir='ltr'><strong>Παῦλος</strong></span> <span class='ocrx_word' id='word_1_75' title='bbox 3090 873 3172 935; x_wconf 87' lang='grc' dir='ltr'><strong>είς</strong></span> <span class='ocrx_word' id='word_1_76' title='bbox 3205 879 3230 910; x_wconf 69' lang='grc'><em>³</em></span> <span class='ocrx_word' id='word_1_77' title='bbox 3278 869 3648 925; x_wconf 74' lang='grc' dir='ltr'><strong>Μακεδονίαν.</strong></span> <span class='ocrx_word' id='word_1_78' title='bbox 3690 871 3902 925; x_wconf 83' lang='grc' dir='ltr'>Ἐπεδεί-</span> 
     </span>
    </p>
   </div>
   <div class='ocr_carea' id='block_1_13' title="bbox 625 965 2261 1053">
    <p class='ocr_par' dir='ltr' id='par_1_13' title="bbox 625 973 2222 1053">
     <span class='ocr_line' id='line_1_13' title="bbox 625 973 2222 1053; baseline -0.009 -13"><span class='ocrx_word' id='word_1_79' title='bbox 625 986 801 1041; x_wconf 88' lang='lat' dir='ltr'><strong>dones</strong></span> <span class='ocrx_word' id='word_1_80' title='bbox 839 982 994 1047; x_wconf 92' lang='lat' dir='ltr'><strong>estis,</strong></span> <span class='ocrx_word' id='word_1_81' title='bbox 1029 997 1129 1053; x_wconf 86' lang='lat' dir='ltr'><strong>ego</strong></span> <span class='ocrx_word' id='word_1_82' title='bbox 1182 995 1315 1034; x_wconf 88' lang='lat' dir='ltr'><strong>vero</strong></span> <span class='ocrx_word' id='word_1_83' title='bbox 1364 978 1561 1033; x_wconf 83' lang='lat' dir='ltr'><strong>missus</strong></span> <span class='ocrx_word' id='word_1_84' title='bbox 1588 991 1617 1031; x_wconf 88' lang='lat' dir='ltr'><strong>a</strong></span> <span class='ocrx_word' id='word_1_85' title='bbox 1646 974 1816 1030; x_wconf 85' lang='lat' dir='ltr'><strong>Paulo</strong></span> <span class='ocrx_word' id='word_1_86' title='bbox 1859 974 1928 1028; x_wconf 89' lang='lat' dir='ltr'><strong>ad</strong></span> <span class='ocrx_word' id='word_1_87' title='bbox 1983 989 2082 1027; x_wconf 86' lang='lat' dir='ltr'><strong>vos</strong></span> <span class='ocrx_word' id='word_1_88' title='bbox 2111 973 2222 1027; x_wconf 89' lang='lat' dir='ltr'><strong>Sil-</strong></span> 
     </span>
    </p>
   </div>
   <div class='ocr_carea' id='block_1_14' title="bbox 2269 965 3905 1053">
    <p class='ocr_par' dir='ltr' id='par_1_14' title="bbox 2332 965 3905 1037">
     <span class='ocr_line' id='line_1_14' title="bbox 2332 965 3905 1037; baseline -0.001 -16"><span class='ocrx_word' id='word_1_89' title='bbox 2332 985 2464 1021; x_wconf 85' lang='grc' dir='ltr'>κνυε</span> <span class='ocrx_word' id='word_1_90' title='bbox 2502 978 2526 1006; x_wconf 81' lang='grc'><strong>⁸</strong></span> <span class='ocrx_word' id='word_1_91' title='bbox 2554 967 2612 1021; x_wconf 86' lang='grc' dir='ltr'>δὲ</span> <span class='ocrx_word' id='word_1_92' title='bbox 2642 970 2755 1031; x_wconf 89' lang='grc' dir='ltr'>τοῖς</span> <span class='ocrx_word' id='word_1_93' title='bbox 2790 966 3061 1037; x_wconf 80' lang='grc' dir='ltr'><strong>μαθηταῖς</strong></span> <span class='ocrx_word' id='word_1_94' title='bbox 3114 965 3281 1020; x_wconf 75' lang='grc' dir='ltr'>αὑτοῦ</span> <span class='ocrx_word' id='word_1_95' title='bbox 3332 966 3427 1020; x_wconf 80' lang='grc' dir='ltr'>καὶ</span> <span class='ocrx_word' id='word_1_96' title='bbox 3470 967 3573 1037; x_wconf 73' lang='grc' dir='ltr'><strong>τὴν</strong></span> <span class='ocrx_word' id='word_1_97' title='bbox 3628 965 3724 1019; x_wconf 86' lang='grc' dir='ltr'><strong>τοῦ</strong></span> <span class='ocrx_word' id='word_1_98' title='bbox 3768 968 3905 1020; x_wconf 77' lang='grc' dir='ltr'>Ἀπο-</span> 
     </span>
    </p>
   </div>
   <div class='ocr_carea' id='block_1_15' title="bbox 625 1059 2261 1140">
    <p class='ocr_par' dir='ltr' id='par_1_15' title="bbox 625 1063 2223 1140">
     <span class='ocr_line' id='line_1_15' title="bbox 625 1063 2223 1140; baseline -0.01 -8"><span class='ocrx_word' id='word_1_99' title='bbox 625 1090 821 1132; x_wconf 85' lang='lat' dir='ltr'><strong>vanus.</strong></span> <span class='ocrx_word' id='word_1_100' title='bbox 859 1072 926 1127; x_wconf 90' lang='lat' dir='ltr'><strong>Et</strong></span> <span class='ocrx_word' id='word_1_101' title='bbox 954 1073 1059 1127; x_wconf 89' lang='lat' dir='ltr'><strong>hoc</strong></span> <span class='ocrx_word' id='word_1_102' title='bbox 1088 1071 1309 1140; x_wconf 90' lang='lat' dir='ltr'><strong>quidem</strong></span> <span class='ocrx_word' id='word_1_103' title='bbox 1336 1077 1461 1140; x_wconf 90' lang='lat' dir='ltr'><strong>post</strong></span> <span class='ocrx_word' id='word_1_104' title='bbox 1486 1074 1777 1123; x_wconf 76' lang='lat' dir='ltr'><strong>sexcentos</strong></span> <span class='ocrx_word' id='word_1_105' title='bbox 1807 1081 1837 1119; x_wconf 92' lang='lat' dir='ltr'><strong>a</strong></span> <span class='ocrx_word' id='word_1_106' title='bbox 1884 1064 2035 1119; x_wconf 83' lang='lat' dir='ltr'><strong>Pauli</strong></span> <span class='ocrx_word' id='word_1_107' title='bbox 2069 1063 2223 1118; x_wconf 84' lang='lat' dir='ltr'><strong>testi-</strong></span> 
     </span>
    </p>
   </div>
   <div class='ocr_carea' id='block_1_16' title="bbox 2268 1059 3904 1140">
    <p class='ocr_par' dir='ltr' id='par_1_16' title="bbox 2336 1059 3904 1133">
     <span class='ocr_line' id='line_1_16' title="bbox 2336 1059 3904 1133; baseline -0.003 -17"><span class='ocrx_word' id='word_1_108' title='bbox 2336 1062 2523 1116; x_wconf 85' lang='grc' dir='ltr'>στόλου</span> <span class='ocrx_word' id='word_1_109' title='bbox 2559 1061 2705 1133; x_wconf 82' lang='lat' dir='ltr'><strong>[cod.</strong></span> <span class='ocrx_word' id='word_1_110' title='bbox 2736 1060 2774 1119; x_wconf 80' lang='grc' dir='ltr'>ί.</span> <span class='ocrx_word' id='word_1_111' title='bbox 2825 1059 2918 1133; x_wconf 86' lang='grc'><strong>99]</strong></span> <span class='ocrx_word' id='word_1_112' title='bbox 2954 1061 3137 1131; x_wconf 80' lang='grc' dir='ltr'>βίϐλον</span> <span class='ocrx_word' id='word_1_113' title='bbox 3165 1062 3343 1132; x_wconf 74' lang='grc' dir='ltr'>ἤνπερ</span> <span class='ocrx_word' id='word_1_114' title='bbox 3378 1059 3607 1130; x_wconf 73' lang='grc' dir='ltr'>εἴληφεν</span> <span class='ocrx_word' id='word_1_115' title='bbox 3638 1060 3787 1131; x_wconf 74' lang='grc' dir='ltr'>παρὰ</span> <span class='ocrx_word' id='word_1_116' title='bbox 3828 1062 3904 1113; x_wconf 79' lang='grc' dir='ltr'><strong>τοῦ</strong></span> 
     </span>
    </p>
   </div>
   <div class='ocr_carea' id='block_1_17' title="bbox 624 1152 2260 1227">
    <p class='ocr_par' dir='ltr' id='par_1_17' title="bbox 624 1156 2226 1227">
     <span class='ocr_line' id='line_1_17' title="bbox 624 1156 2226 1227; baseline -0.009 -3"><span class='ocrx_word' id='word_1_117' title='bbox 624 1168 813 1224; x_wconf 90' lang='lat' dir='ltr'><strong>monio</strong></span> <span class='ocrx_word' id='word_1_118' title='bbox 854 1180 1031 1221; x_wconf 82' lang='lat' dir='ltr'><strong>annos</strong></span> <span class='ocrx_word' id='word_1_119' title='bbox 1062 1163 1368 1219; x_wconf 81' lang='lat' dir='ltr'><strong>afﬁrmabat</strong></span> <span class='ocrx_word' id='word_1_120' title='bbox 1402 1176 1567 1227; x_wconf 91' lang='lat' dir='ltr'><strong>;cum</strong></span> <span class='ocrx_word' id='word_1_121' title='bbox 1602 1159 1648 1214; x_wconf 89' lang='lat' dir='ltr'><strong>is</strong></span> <span class='ocrx_word' id='word_1_122' title='bbox 1681 1157 1990 1222; x_wconf 89' lang='lat' dir='ltr'><strong>emerserit,</strong></span> <span class='ocrx_word' id='word_1_123' title='bbox 2025 1166 2087 1210; x_wconf 91' lang='lat' dir='ltr'><strong>ut</strong></span> <span class='ocrx_word' id='word_1_124' title='bbox 2112 1156 2226 1227; x_wconf 90' lang='lat' dir='ltr'><strong>jam</strong></span> 
     </span>
    </p>
   </div>
   <div class='ocr_carea' id='block_1_18' title="bbox 2267 1152 3903 1227">
    <p class='ocr_par' dir='ltr' id='par_1_18' title="bbox 2339 1152 3903 1227">
     <span class='ocr_line' id='line_1_18' title="bbox 2339 1152 3903 1227; baseline -0.001 -18"><span class='ocrx_word' id='word_1_125' title='bbox 2339 1154 2919 1227; x_wconf 77' lang='grc' dir='ltr'>προμνημονευθέντος</span> <span class='ocrx_word' id='word_1_126' title='bbox 2939 1154 3188 1209; x_wconf 80' lang='grc' dir='ltr'><strong>διακόνου</strong></span> <span class='ocrx_word' id='word_1_127' title='bbox 3209 1153 3303 1208; x_wconf 88' lang='grc' dir='ltr'><strong>τοῦ</strong></span> <span class='ocrx_word' id='word_1_128' title='bbox 3331 1152 3707 1224; x_wconf 73' lang='grc' dir='ltr'>αἰχμαλώτου,</span> <span class='ocrx_word' id='word_1_129' title='bbox 3733 1153 3903 1221; x_wconf 87' lang='grc' dir='ltr'>λέγων·</span> 
     </span>
    </p>
   </div>
   <div class='ocr_carea' id='block_1_19' title="bbox 623 1245 2259 1323">
    <p class='ocr_par' dir='ltr' id='par_1_19' title="bbox 623 1252 1940 1323">
     <span class='ocr_line' id='line_1_19' title="bbox 623 1252 1940 1323; baseline -0.009 -7"><span class='ocrx_word' id='word_1_130' title='bbox 623 1262 660 1316; x_wconf 89' lang='lat' dir='ltr'><strong>d</strong></span> <span class='ocrx_word' id='word_1_131' title='bbox 687 1260 888 1323; x_wconf 80' lang='lat' dir='ltr'><strong>ximus,</strong></span> <span class='ocrx_word' id='word_1_132' title='bbox 921 1260 1024 1313; x_wconf 92' lang='lat' dir='ltr'><strong>sub</strong></span> <span class='ocrx_word' id='word_1_133' title='bbox 1053 1256 1419 1313; x_wconf 86' lang='lat' dir='ltr'><strong>Constantino</strong></span> <span class='ocrx_word' id='word_1_134' title='bbox 1456 1252 1688 1308; x_wconf 86' lang='lat' dir='ltr'><strong>Heraclii</strong></span> <span class='ocrx_word' id='word_1_135' title='bbox 1717 1259 1940 1323; x_wconf 87' lang='lat' dir='ltr'><strong>nepote.</strong></span> 
     </span>
    </p>
   </div>
   <div class='ocr_carea' id='block_1_20' title="bbox 2271 1245 3907 1323">
    <p class='ocr_par' dir='ltr' id='par_1_20' title="bbox 2352 1245 3907 1321">
     <span class='ocr_line' id='line_1_20' title="bbox 2352 1245 3907 1321; baseline -0.001 -20"><span class='ocrx_word' id='word_1_136' title='bbox 2352 1250 2543 1321; x_wconf 77' lang='grc' dir='ltr'>Ὑμεῖς</span> <span class='ocrx_word' id='word_1_137' title='bbox 2579 1251 2704 1302; x_wconf 87' lang='grc' dir='ltr'>ἐστε</span> <span class='ocrx_word' id='word_1_138' title='bbox 2735 1249 2784 1302; x_wconf 76' lang='grc' dir='ltr'>οἱ</span> <span class='ocrx_word' id='word_1_139' title='bbox 2814 1247 3150 1312; x_wconf 74' lang='grc' dir='ltr'>Μακεδόνες,</span> <span class='ocrx_word' id='word_1_140' title='bbox 3193 1245 3306 1315; x_wconf 79' lang='grc' dir='ltr'><strong>ἐγὼ</strong></span> <span class='ocrx_word' id='word_1_141' title='bbox 3332 1245 3389 1300; x_wconf 86' lang='grc' dir='ltr'><strong>δέ</strong></span> <span class='ocrx_word' id='word_1_142' title='bbox 3422 1248 3538 1317; x_wconf 88' lang='grc' dir='ltr'>είμι</span> <span class='ocrx_word' id='word_1_143' title='bbox 3587 1248 3907 1310; x_wconf 73' lang='grc' dir='ltr'>Σιλουανδςό</span> 
     </span>
    </p>
   </div>
   <div class='ocr_carea' id='block_1_21' title="bbox 624 1339 3908 1423">
    <p class='ocr_par' dir='ltr' id='par_1_21' title="bbox 624 1339 3908 1423">
     <span class='ocr_line' id='line_1_21' title="bbox 624 1339 3908 1423; baseline -0.005 -12"><span class='ocrx_word' id='word_1_144' title='bbox 624 1356 735 1411; x_wconf 85' lang='grc' dir='ltr'>ὑπὸ</span> <span class='ocrx_word' id='word_1_145' title='bbox 780 1352 996 1408; x_wconf 79' lang='grc' dir='ltr'>Παύλου</span> <span class='ocrx_word' id='word_1_146' title='bbox 1053 1352 1183 1423; x_wconf 82' lang='grc' dir='ltr'>ὑμῖν</span> <span class='ocrx_word' id='word_1_147' title='bbox 1213 1347 1565 1411; x_wconf 87' lang='grc' dir='ltr'>ἀποσταλείς.</span> <span class='ocrx_word' id='word_1_148' title='bbox 1612 1346 1726 1401; x_wconf 76' lang='grc' dir='ltr'><strong>Καὶ</strong></span> <span class='ocrx_word' id='word_1_149' title='bbox 1775 1346 1935 1400; x_wconf 83' lang='grc' dir='ltr'>τοῦτο</span> <span class='ocrx_word' id='word_1_150' title='bbox 1981 1345 2039 1399; x_wconf 78' lang='grc' dir='ltr'>δὲ</span> <span class='ocrx_word' id='word_1_151' title='bbox 2088 1343 2231 1414; x_wconf 72' lang='grc' dir='ltr'>μετὰ</span> <span class='ocrx_word' id='word_1_152' title='bbox 2268 1344 2495 1417; x_wconf 85' lang='grc' dir='ltr'>χρόνους</span> <span class='ocrx_word' id='word_1_153' title='bbox 2552 1341 2872 1409; x_wconf 77' lang='grc' dir='ltr'>ἑξακοσίους</span> <span class='ocrx_word' id='word_1_154' title='bbox 2934 1341 3038 1413; x_wconf 83' lang='grc' dir='ltr'>τῆς</span> <span class='ocrx_word' id='word_1_155' title='bbox 3108 1340 3416 1412; x_wconf 78' lang='grc' dir='ltr'>μαρτυρίας</span> <span class='ocrx_word' id='word_1_156' title='bbox 3450 1339 3691 1406; x_wconf 81' lang='grc' dir='ltr'>Παύλου,</span> <span class='ocrx_word' id='word_1_157' title='bbox 3724 1342 3908 1410; x_wconf 66' lang='grc' dir='ltr'>ἀναφα-</span> 
     </span>
    </p>
   </div>
   <div class='ocr_carea' id='block_1_22' title="bbox 624 1436 3229 1515">
    <p class='ocr_par' dir='ltr' id='par_1_22' title="bbox 624 1436 3229 1515">
     <span class='ocr_line' id='line_1_22' title="bbox 624 1436 3229 1515; baseline -0.005 -13"><span class='ocrx_word' id='word_1_158' title='bbox 624 1448 741 1509; x_wconf 73' lang='grc' dir='ltr'>νεὶς</span> <span class='ocrx_word' id='word_1_159' title='bbox 769 1445 977 1514; x_wconf 77' lang='grc' dir='ltr'>ἔλεγεν,</span> <span class='ocrx_word' id='word_1_160' title='bbox 1008 1443 1085 1508; x_wconf 85' lang='grc' dir='ltr'>ὡς</span> <span class='ocrx_word' id='word_1_161' title='bbox 1118 1444 1229 1514; x_wconf 83' lang='grc' dir='ltr'><strong>γὰρ</strong></span> <span class='ocrx_word' id='word_1_162' title='bbox 1265 1444 1283 1481; x_wconf 64' lang='grc' dir='ltr'><strong>ί</strong></span> <span class='ocrx_word' id='word_1_163' title='bbox 1320 1442 1649 1515; x_wconf 86' lang='grc' dir='ltr'>προείρηται</span> <span class='ocrx_word' id='word_1_164' title='bbox 1683 1441 1776 1493; x_wconf 78' lang='grc' dir='ltr'><strong>ἐπὶ</strong></span> <span class='ocrx_word' id='word_1_165' title='bbox 1803 1439 2224 1494; x_wconf 83' lang='grc' dir='ltr'>Κωνσταντίνου</span> <span class='ocrx_word' id='word_1_166' title='bbox 2261 1437 2357 1492; x_wconf 85' lang='grc' dir='ltr'><strong>τοῦ</strong></span> <span class='ocrx_word' id='word_1_167' title='bbox 2389 1436 2615 1507; x_wconf 78' lang='grc' dir='ltr'>ἔγγονος</span> <span class='ocrx_word' id='word_1_168' title='bbox 2652 1436 3001 1507; x_wconf 75' lang='grc' dir='ltr'>Ἡρακλείου.</span> <span class='ocrx_word' id='word_1_169' title='bbox 3200 1471 3229 1499; x_wconf 72' lang='grc' dir='ltr'><strong><em>ο</em></strong></span> 
     </span>
    </p>
   </div>
   <div class='ocr_carea' id='block_1_23' title="bbox 703 1530 2339 1606">
    <p class='ocr_par' dir='ltr' id='par_1_23' title="bbox 703 1530 2233 1606">
     <span class='ocr_line' id='line_1_23' title="bbox 703 1530 2233 1606; baseline -0.006 -13"><span class='ocrx_word' id='word_1_170' title='bbox 703 1535 878 1594; x_wconf 81' lang='lat' dir='ltr'><strong>XXV.</strong></span> <span class='ocrx_word' id='word_1_171' title='bbox 913 1534 1033 1592; x_wconf 84' lang='lat' dir='ltr'><strong>Jam</strong></span> <span class='ocrx_word' id='word_1_172' title='bbox 1065 1550 1199 1590; x_wconf 88' lang='lat' dir='ltr'><strong>vero</strong></span> <span class='ocrx_word' id='word_1_173' title='bbox 1223 1533 1452 1606; x_wconf 82' lang='lat' dir='ltr'><strong>integris</strong></span> <span class='ocrx_word' id='word_1_174' title='bbox 1479 1534 1549 1588; x_wconf 74' lang='grc'><strong>27</strong></span> <span class='ocrx_word' id='word_1_175' title='bbox 1586 1532 1697 1587; x_wconf 89' lang='lat' dir='ltr'><strong>illic</strong></span> <span class='ocrx_word' id='word_1_176' title='bbox 1742 1540 1994 1586; x_wconf 89' lang='lat' dir='ltr'><strong>versatus</strong></span> <span class='ocrx_word' id='word_1_177' title='bbox 2050 1530 2233 1597; x_wconf 86' lang='lat' dir='ltr'><strong>annis,</strong></span> 
     </span>
    </p>
   </div>
   <div class='ocr_carea' id='block_1_24' title="bbox 2272 1530 3908 1606">
    <p class='ocr_par' dir='ltr' id='par_1_24' title="bbox 2416 1530 3908 1601">
     <span class='ocr_line' id='line_1_24' title="bbox 2416 1530 3908 1601; baseline 0.002 -18"><span class='ocrx_word' id='word_1_178' title='bbox 2416 1530 2547 1585; x_wconf 85' lang='lat' dir='ltr'><strong>KE&#39;.</strong></span> <span class='ocrx_word' id='word_1_179' title='bbox 2583 1531 2695 1585; x_wconf 82' lang='grc' dir='ltr'><strong>Καὶ</strong></span> <span class='ocrx_word' id='word_1_180' title='bbox 2729 1531 2793 1601; x_wconf 81' lang='grc' dir='ltr'>δὴ</span> <span class='ocrx_word' id='word_1_181' title='bbox 2844 1532 2902 1584; x_wconf 86' lang='grc' dir='ltr'><strong>ἐν</strong></span> <span class='ocrx_word' id='word_1_182' title='bbox 2944 1532 3089 1596; x_wconf 85' lang='grc' dir='ltr'>ὅλοις</span> <span class='ocrx_word' id='word_1_183' title='bbox 3115 1530 3299 1586; x_wconf 82' lang='grc' dir='ltr'>ἔτεσιν</span> <span class='ocrx_word' id='word_1_184' title='bbox 3326 1534 3502 1587; x_wconf 76' lang='grc' dir='ltr'>είκοσι</span> <span class='ocrx_word' id='word_1_185' title='bbox 3528 1531 3625 1585; x_wconf 80' lang='grc' dir='ltr'>καὶ</span> <span class='ocrx_word' id='word_1_186' title='bbox 3652 1531 3788 1585; x_wconf 75' lang='grc' dir='ltr'>ἑπτά</span> <span class='ocrx_word' id='word_1_187' title='bbox 3812 1531 3908 1586; x_wconf 84' lang='grc' dir='ltr'>δια-</span> 
     </span>
    </p>
   </div>
   <div class='ocr_carea' id='block_1_25' title="bbox 630 1623 2266 1697">
    <p class='ocr_par' dir='ltr' id='par_1_25' title="bbox 630 1624 2235 1697">
     <span class='ocr_line' id='line_1_25' title="bbox 630 1624 2235 1697; baseline -0.004 -11"><span class='ocrx_word' id='word_1_188' title='bbox 630 1630 841 1688; x_wconf 89' lang='lat' dir='ltr'><strong>multos</strong></span> <span class='ocrx_word' id='word_1_189' title='bbox 871 1628 976 1683; x_wconf 92' lang='lat' dir='ltr'><strong>loci</strong></span> <span class='ocrx_word' id='word_1_190' title='bbox 1006 1628 1203 1683; x_wconf 90' lang='lat' dir='ltr'><strong>incolis</strong></span> <span class='ocrx_word' id='word_1_191' title='bbox 1228 1626 1497 1697; x_wconf 85' lang='lat' dir='ltr'><strong>deceptis,</strong></span> <span class='ocrx_word' id='word_1_192' title='bbox 1530 1624 1758 1697; x_wconf 91' lang='lat' dir='ltr'><strong>dignum</strong></span> <span class='ocrx_word' id='word_1_193' title='bbox 1790 1624 2109 1696; x_wconf 88' lang='lat' dir='ltr'><strong>magisterio</strong></span> <span class='ocrx_word' id='word_1_194' title='bbox 2134 1639 2235 1679; x_wconf 90' lang='lat' dir='ltr'><strong>suo</strong></span> 
     </span>
    </p>
   </div>
   <div class='ocr_carea' id='block_1_26' title="bbox 2274 1623 3910 1697">
    <p class='ocr_par' dir='ltr' id='par_1_26' title="bbox 2338 1623 3910 1696">
     <span class='ocr_line' id='line_1_26' title="bbox 2338 1623 3910 1696; baseline -0.008 -6"><span class='ocrx_word' id='word_1_195' title='bbox 2338 1623 2539 1695; x_wconf 72' lang='grc' dir='ltr'>τρίψας</span> <span class='ocrx_word' id='word_1_196' title='bbox 2608 1624 2810 1690; x_wconf 79' lang='grc' dir='ltr'>ἐκεῖσε,</span> <span class='ocrx_word' id='word_1_197' title='bbox 2849 1623 3079 1688; x_wconf 80' lang='grc' dir='ltr'>πολλοὺς</span> <span class='ocrx_word' id='word_1_198' title='bbox 3132 1624 3245 1676; x_wconf 85' lang='grc' dir='ltr'>τῶν</span> <span class='ocrx_word' id='word_1_199' title='bbox 3294 1624 3580 1695; x_wconf 81' lang='grc' dir='ltr'><strong>ἐγχωρίων</strong></span> <span class='ocrx_word' id='word_1_200' title='bbox 3637 1624 3910 1696; x_wconf 77' lang='grc' dir='ltr'>πλανήσας,</span> 
     </span>
    </p>
   </div>
   <div class='ocr_carea' id='block_1_27' title="bbox 629 1715 2265 1789">
    <p class='ocr_par' dir='ltr' id='par_1_27' title="bbox 629 1716 2235 1787">
     <span class='ocr_line' id='line_1_27' title="bbox 629 1716 2235 1787; baseline -0.004 -10"><span class='ocrx_word' id='word_1_201' title='bbox 629 1723 759 1778; x_wconf 81' lang='lat' dir='ltr'><strong>vitae</strong></span> <span class='ocrx_word' id='word_1_202' title='bbox 830 1721 1038 1775; x_wconf 82' lang='lat' dir='ltr'><strong>exitum</strong></span> <span class='ocrx_word' id='word_1_203' title='bbox 1097 1718 1313 1774; x_wconf 82' lang='lat' dir='ltr'><strong>habuit.</strong></span> <span class='ocrx_word' id='word_1_204' title='bbox 1366 1716 1613 1787; x_wconf 80' lang='lat' dir='ltr'><strong>Namque</strong></span> <span class='ocrx_word' id='word_1_205' title='bbox 1676 1717 1974 1787; x_wconf 81' lang='lat' dir='ltr'><strong>imperator</strong></span> <span class='ocrx_word' id='word_1_206' title='bbox 2042 1718 2235 1773; x_wconf 89' lang='lat' dir='ltr'><strong>nescio</strong></span> 
     </span>
    </p>
   </div>
   <div class='ocr_carea' id='block_1_28' title="bbox 2273 1715 3909 1789">
    <p class='ocr_par' dir='ltr' id='par_1_28' title="bbox 2340 1715 3909 1789">
     <span class='ocr_line' id='line_1_28' title="bbox 2340 1715 3909 1789; baseline 0.001 -20"><span class='ocrx_word' id='word_1_207' title='bbox 2340 1715 2499 1781; x_wconf 80' lang='grc' dir='ltr'>ἀξίαν</span> <span class='ocrx_word' id='word_1_208' title='bbox 2527 1715 2629 1785; x_wconf 84' lang='grc' dir='ltr'>τῆς</span> <span class='ocrx_word' id='word_1_209' title='bbox 2670 1715 2873 1770; x_wconf 89' lang='grc' dir='ltr'>ἐαυτοῦ</span> <span class='ocrx_word' id='word_1_210' title='bbox 2903 1716 3251 1781; x_wconf 76' lang='grc' dir='ltr'>διδασκαλίας</span> <span class='ocrx_word' id='word_1_211' title='bbox 3275 1716 3375 1789; x_wconf 72' lang='grc' dir='ltr'><strong>τὴν</strong></span> <span class='ocrx_word' id='word_1_212' title='bbox 3406 1718 3790 1789; x_wconf 74' lang='grc' dir='ltr'>καταστροφὴν</span> <span class='ocrx_word' id='word_1_213' title='bbox 3833 1718 3909 1770; x_wconf 76' lang='grc' dir='ltr'><strong>τοῦ</strong></span> 
     </span>
    </p>
   </div>
   <div class='ocr_carea' id='block_1_29' title="bbox 632 1804 2268 1899">
    <p class='ocr_par' dir='ltr' id='par_1_29' title="bbox 632 1810 2234 1886">
     <span class='ocr_line' id='line_1_29' title="bbox 632 1810 2234 1886; baseline -0.004 -16"><span class='ocrx_word' id='word_1_214' title='bbox 632 1814 911 1886; x_wconf 88' lang='lat' dir='ltr'><strong>quomodo</strong></span> <span class='ocrx_word' id='word_1_215' title='bbox 936 1814 1100 1868; x_wconf 88' lang='lat' dir='ltr'><strong>rebus</strong></span> <span class='ocrx_word' id='word_1_216' title='bbox 1132 1814 1277 1867; x_wconf 87' lang='lat' dir='ltr'><strong>illius</strong></span> <span class='ocrx_word' id='word_1_217' title='bbox 1304 1812 1558 1883; x_wconf 81' lang='lat' dir='ltr'><strong>cognitis,</strong></span> <span class='ocrx_word' id='word_1_218' title='bbox 1593 1810 1895 1880; x_wconf 87' lang='lat' dir='ltr'><strong>palatinum</strong></span> <span class='ocrx_word' id='word_1_219' title='bbox 1938 1811 2234 1881; x_wconf 89' lang='lat' dir='ltr'><strong>quemdam</strong></span> 
     </span>
    </p>
   </div>
   <div class='ocr_carea' id='block_1_30' title="bbox 2275 1804 3911 1899">
    <p class='ocr_par' dir='ltr' id='par_1_30' title="bbox 2275 1804 3911 1899">
     <span class='ocr_line' id='line_1_30' title="bbox 2275 1804 3911 1899; baseline 0 -40"><span class='ocrx_word' id='word_1_220' title='bbox 2275 1845 2313 1899; x_wconf 77' lang='grc' dir='ltr'><strong><em>Β</em></strong></span> <span class='ocrx_word' id='word_1_221' title='bbox 2346 1806 2463 1877; x_wconf 85' lang='grc' dir='ltr'>βίου</span> <span class='ocrx_word' id='word_1_222' title='bbox 2514 1806 2752 1871; x_wconf 81' lang='grc' dir='ltr'>ἐδέξατο.</span> <span class='ocrx_word' id='word_1_223' title='bbox 2800 1807 2859 1861; x_wconf 89' lang='grc' dir='ltr'>Ὀ</span> <span class='ocrx_word' id='word_1_224' title='bbox 2889 1807 2994 1878; x_wconf 77' lang='grc' dir='ltr'>γὰρ</span> <span class='ocrx_word' id='word_1_225' title='bbox 3029 1808 3281 1878; x_wconf 73' lang='grc' dir='ltr'>βασιλεὺς</span> <span class='ocrx_word' id='word_1_226' title='bbox 3309 1810 3411 1862; x_wconf 85' lang='grc' dir='ltr'><strong>οὐκ</strong></span> <span class='ocrx_word' id='word_1_227' title='bbox 3436 1804 3535 1861; x_wconf 81' lang='grc' dir='ltr'>οἷδ’</span> <span class='ocrx_word' id='word_1_228' title='bbox 3571 1809 3725 1872; x_wconf 85' lang='grc' dir='ltr'>ὅπως</span> <span class='ocrx_word' id='word_1_229' title='bbox 3753 1808 3911 1878; x_wconf 79' lang='grc' dir='ltr'>μαθὼν</span> 
     </span>
    </p>
   </div>
   <div class='ocr_carea' id='block_1_31' title="bbox 635 1900 2271 1973">
    <p class='ocr_par' dir='ltr' id='par_1_31' title="bbox 635 1904 2241 1973">
     <span class='ocr_line' id='line_1_31' title="bbox 635 1904 2241 1973; baseline -0.004 -10"><span class='ocrx_word' id='word_1_230' title='bbox 635 1907 811 1973; x_wconf 92' lang='lat' dir='ltr'><strong>misit,</strong></span> <span class='ocrx_word' id='word_1_231' title='bbox 850 1907 1075 1961; x_wconf 90' lang='lat' dir='ltr'><strong>nomine</strong></span> <span class='ocrx_word' id='word_1_232' title='bbox 1104 1905 1441 1971; x_wconf 85' lang='lat' dir='ltr'><strong>Simeonem,</strong></span> <span class='ocrx_word' id='word_1_233' title='bbox 1468 1920 1594 1959; x_wconf 92' lang='lat' dir='ltr'><strong>cum</strong></span> <span class='ocrx_word' id='word_1_234' title='bbox 1643 1905 1925 1970; x_wconf 90' lang='lat' dir='ltr'><strong>mandato,</strong></span> <span class='ocrx_word' id='word_1_235' title='bbox 1962 1913 2023 1958; x_wconf 90' lang='lat' dir='ltr'><strong>ut</strong></span> <span class='ocrx_word' id='word_1_236' title='bbox 2057 1904 2241 1958; x_wconf 90' lang='lat' dir='ltr'><strong>homi-</strong></span> 
     </span>
    </p>
   </div>
   <div class='ocr_carea' id='block_1_32' title="bbox 2275 1900 3911 1973">
    <p class='ocr_par' dir='ltr' id='par_1_32' title="bbox 2346 1900 3911 1972">
     <span class='ocr_line' id='line_1_32' title="bbox 2346 1900 3911 1972; baseline -0.001 -17"><span class='ocrx_word' id='word_1_237' title='bbox 2346 1901 2415 1955; x_wconf 73' lang='grc' dir='ltr'><strong>τά</strong></span> <span class='ocrx_word' id='word_1_238' title='bbox 2456 1900 2579 1956; x_wconf 84' lang='grc' dir='ltr'>κατ’</span> <span class='ocrx_word' id='word_1_239' title='bbox 2619 1900 2807 1967; x_wconf 77' lang='grc' dir='ltr'>αὐτὸν,</span> <span class='ocrx_word' id='word_1_240' title='bbox 2831 1901 3154 1955; x_wconf 89' lang='grc' dir='ltr'>ἀποστέλλει</span> <span class='ocrx_word' id='word_1_241' title='bbox 3188 1902 3469 1972; x_wconf 86' lang='grc' dir='ltr'>βασιλικόν</span> <span class='ocrx_word' id='word_1_242' title='bbox 3499 1920 3648 1967; x_wconf 88' lang='grc' dir='ltr'>τινα,</span> <span class='ocrx_word' id='word_1_243' title='bbox 3684 1902 3911 1972; x_wconf 82' lang='grc' dir='ltr'>Συμεῶνα</span> 
     </span>
    </p>
   </div>
   <div class='ocr_carea' id='block_1_33' title="bbox 634 1996 2270 2069">
    <p class='ocr_par' dir='ltr' id='par_1_33' title="bbox 634 1997 2243 2069">
     <span class='ocr_line' id='line_1_33' title="bbox 634 1997 2243 2069; baseline -0.003 -14"><span class='ocrx_word' id='word_1_244' title='bbox 634 2016 765 2055; x_wconf 90' lang='lat' dir='ltr'><strong>nem</strong></span> <span class='ocrx_word' id='word_1_245' title='bbox 796 1999 1057 2069; x_wconf 76' lang='lat' dir='ltr'><strong>nequitia:</strong></span> <span class='ocrx_word' id='word_1_246' title='bbox 1084 2008 1363 2053; x_wconf 87' lang='lat' dir='ltr'><strong>auctorem</strong></span> <span class='ocrx_word' id='word_1_247' title='bbox 1398 1998 1751 2068; x_wconf 89' lang='lat' dir='ltr'><strong>lapidandum</strong></span> <span class='ocrx_word' id='word_1_248' title='bbox 1778 2006 1997 2052; x_wconf 86' lang='lat' dir='ltr'><strong>curaret</strong></span> <span class='ocrx_word' id='word_1_249' title='bbox 2026 2016 2040 2055; x_wconf 88' lang='lat'><strong>:</strong></span> <span class='ocrx_word' id='word_1_250' title='bbox 2073 1997 2243 2052; x_wconf 91' lang='lat' dir='ltr'><strong>disci-</strong></span> 
     </span>
    </p>
   </div>
   <div class='ocr_carea' id='block_1_34' title="bbox 2277 1996 3913 2069">
    <p class='ocr_par' dir='ltr' id='par_1_34' title="bbox 2347 1996 3913 2069">
     <span class='ocr_line' id='line_1_34' title="bbox 2347 1996 3913 2069; baseline -0.001 -18"><span class='ocrx_word' id='word_1_251' title='bbox 2347 1996 2710 2069; x_wconf 82' lang='grc' dir='ltr'>καλούμενον,</span> <span class='ocrx_word' id='word_1_252' title='bbox 2740 1997 3119 2068; x_wconf 74' lang='grc' dir='ltr'>παραγγείλας</span> <span class='ocrx_word' id='word_1_253' title='bbox 3154 1997 3307 2068; x_wconf 79' lang='grc' dir='ltr'>αὐτῷ</span> <span class='ocrx_word' id='word_1_254' title='bbox 3335 1997 3686 2068; x_wconf 84' lang='grc' dir='ltr'>λιθοϐολῆσαι</span> <span class='ocrx_word' id='word_1_255' title='bbox 3726 1998 3812 2051; x_wconf 81' lang='grc' dir='ltr'><strong>τὸν</strong></span> <span class='ocrx_word' id='word_1_256' title='bbox 3835 1998 3913 2067; x_wconf 75' lang='grc' dir='ltr'><strong>τῆς</strong></span> 
     </span>
    </p>
   </div>
   <div class='ocr_carea' id='block_1_35' title="bbox 638 2087 2274 2163">
    <p class='ocr_par' dir='ltr' id='par_1_35' title="bbox 638 2087 2243 2163">
     <span class='ocr_line' id='line_1_35' title="bbox 638 2087 2243 2163; baseline -0.001 -18"><span class='ocrx_word' id='word_1_257' title='bbox 638 2092 754 2163; x_wconf 92' lang='lat' dir='ltr'><strong>puli</strong></span> <span class='ocrx_word' id='word_1_258' title='bbox 784 2099 969 2146; x_wconf 86' lang='lat' dir='ltr'><strong>autem</strong></span> <span class='ocrx_word' id='word_1_259' title='bbox 1019 2089 1161 2158; x_wconf 87' lang='lat' dir='ltr'><strong>ejus,</strong></span> <span class='ocrx_word' id='word_1_260' title='bbox 1198 2097 1389 2158; x_wconf 87' lang='lat' dir='ltr'><strong>utpote</strong></span> <span class='ocrx_word' id='word_1_261' title='bbox 1445 2090 1517 2145; x_wconf 91' lang='lat' dir='ltr'><strong>ob</strong></span> <span class='ocrx_word' id='word_1_262' title='bbox 1548 2090 1828 2145; x_wconf 85' lang='lat' dir='ltr'><strong>inscitiam</strong></span> <span class='ocrx_word' id='word_1_263' title='bbox 1862 2090 2103 2160; x_wconf 86' lang='lat' dir='ltr'><strong>decepti,</strong></span> <span class='ocrx_word' id='word_1_264' title='bbox 2135 2087 2243 2143; x_wconf 84' lang='lat' dir='ltr'><strong>Ec—</strong></span> 
     </span>
    </p>
   </div>
   <div class='ocr_carea' id='block_1_36' title="bbox 2276 2087 3912 2163">
    <p class='ocr_par' dir='ltr' id='par_1_36' title="bbox 2347 2090 3912 2161">
     <span class='ocr_line' id='line_1_36' title="bbox 2347 2090 3912 2161; baseline -0.002 -16"><span class='ocrx_word' id='word_1_265' title='bbox 2347 2091 2548 2153; x_wconf 80' lang='grc' dir='ltr'>κακίας</span> <span class='ocrx_word' id='word_1_266' title='bbox 2565 2091 2826 2161; x_wconf 76' lang='grc' dir='ltr'>ἐργάτην,</span> <span class='ocrx_word' id='word_1_267' title='bbox 2846 2092 2969 2154; x_wconf 80' lang='grc' dir='ltr'>τοὺς</span> <span class='ocrx_word' id='word_1_268' title='bbox 2986 2090 3320 2161; x_wconf 74' lang='grc' dir='ltr'>δὲιμαθητὰς</span> <span class='ocrx_word' id='word_1_269' title='bbox 3337 2090 3525 2156; x_wconf 84' lang='grc' dir='ltr'>αὐτοῦ,</span> <span class='ocrx_word' id='word_1_270' title='bbox 3546 2090 3628 2154; x_wconf 84' lang='grc' dir='ltr'>ὡς</span> <span class='ocrx_word' id='word_1_271' title='bbox 3648 2090 3706 2158; x_wconf 79' lang='grc' dir='ltr'><strong>ἐξ</strong></span> <span class='ocrx_word' id='word_1_272' title='bbox 3728 2090 3912 2158; x_wconf 80' lang='grc' dir='ltr'>ἀγνοίας</span> 
     </span>
    </p>
   </div>
   <div class='ocr_carea' id='block_1_37' title="bbox 637 2181 2273 2257">
    <p class='ocr_par' dir='ltr' id='par_1_37' title="bbox 637 2181 2244 2252">
     <span class='ocr_line' id='line_1_37' title="bbox 637 2181 2244 2252; baseline -0.002 -13"><span class='ocrx_word' id='word_1_273' title='bbox 637 2184 822 2240; x_wconf 87' lang='lat' dir='ltr'><strong>clesiae</strong></span> <span class='ocrx_word' id='word_1_274' title='bbox 883 2181 979 2237; x_wconf 89' lang='lat' dir='ltr'><strong>Dei</strong></span> <span class='ocrx_word' id='word_1_275' title='bbox 1015 2182 1363 2236; x_wconf 86' lang='lat' dir='ltr'><strong>traderentur</strong></span> <span class='ocrx_word' id='word_1_276' title='bbox 1415 2183 1779 2238; x_wconf 86' lang='lat' dir='ltr'><strong>convertendi</strong></span> <span class='ocrx_word' id='word_1_277' title='bbox 1832 2192 1998 2252; x_wconf 91' lang='lat' dir='ltr'><strong>atque</strong></span> <span class='ocrx_word' id='word_1_278' title='bbox 2048 2197 2244 2236; x_wconf 91' lang='lat' dir='ltr'><strong>emen-</strong></span> 
     </span>
    </p>
   </div>
   <div class='ocr_carea' id='block_1_38' title="bbox 2274 2181 3910 2257">
    <p class='ocr_par' dir='ltr' id='par_1_38' title="bbox 2348 2183 3910 2257">
     <span class='ocr_line' id='line_1_38' title="bbox 2348 2183 3910 2257; baseline -0.001 -19"><span class='ocrx_word' id='word_1_279' title='bbox 2348 2183 2753 2255; x_wconf 86' lang='grc' dir='ltr'>ἀπατηθέντας,</span> <span class='ocrx_word' id='word_1_280' title='bbox 2786 2185 2843 2235; x_wconf 89' lang='grc' dir='ltr'><strong>ἐν</strong></span> <span class='ocrx_word' id='word_1_281' title='bbox 2890 2183 3240 2255; x_wconf 81' lang='grc' dir='ltr'>Ἐκκλησίαις</span> <span class='ocrx_word' id='word_1_282' title='bbox 3271 2183 3405 2238; x_wconf 83' lang='grc' dir='ltr'>Θεοῦ</span> <span class='ocrx_word' id='word_1_283' title='bbox 3433 2185 3577 2256; x_wconf 84' lang='grc' dir='ltr'>πρὸς</span> <span class='ocrx_word' id='word_1_284' title='bbox 3611 2184 3910 2257; x_wconf 72' lang='grc' dir='ltr'>ἐπιστροφὴν</span> 
     </span>
    </p>
   </div>
   <div class='ocr_carea' id='block_1_39' title="bbox 637 2275 2273 2351">
    <p class='ocr_par' dir='ltr' id='par_1_39' title="bbox 637 2275 2245 2347">
     <span class='ocr_line' id='line_1_39' title="bbox 637 2275 2245 2347; baseline -0.001 -15"><span class='ocrx_word' id='word_1_285' title='bbox 637 2277 841 2344; x_wconf 83' lang='lat' dir='ltr'><strong>dandi;</strong></span> <span class='ocrx_word' id='word_1_286' title='bbox 883 2292 1216 2347; x_wconf 89' lang='lat' dir='ltr'><strong>quamquam</strong></span> <span class='ocrx_word' id='word_1_287' title='bbox 1245 2276 1280 2329; x_wconf 90' lang='lat' dir='ltr'><strong>ii</strong></span> <span class='ocrx_word' id='word_1_288' title='bbox 1326 2275 1659 2331; x_wconf 84' lang='lat' dir='ltr'><strong>inemendati</strong></span> <span class='ocrx_word' id='word_1_289' title='bbox 1722 2286 2068 2332; x_wconf 90' lang='lat' dir='ltr'><strong>manserunt.</strong></span> <span class='ocrx_word' id='word_1_290' title='bbox 2109 2276 2245 2331; x_wconf 86' lang='lat' dir='ltr'><strong>illuc</strong></span> 
     </span>
    </p>
   </div>
   <div class='ocr_carea' id='block_1_40' title="bbox 2277 2275 3913 2351">
    <p class='ocr_par' dir='ltr' id='par_1_40' title="bbox 2350 2278 3913 2351">
     <span class='ocr_line' id='line_1_40' title="bbox 2350 2278 3913 2351; baseline -0.002 -19"><span class='ocrx_word' id='word_1_291' title='bbox 2350 2278 2732 2351; x_wconf 78' lang='grc' dir='ltr'>παραδοθῆναι</span> <span class='ocrx_word' id='word_1_292' title='bbox 2780 2278 2878 2332; x_wconf 78' lang='grc' dir='ltr'><strong>καὶ</strong></span> <span class='ocrx_word' id='word_1_293' title='bbox 2906 2278 3217 2350; x_wconf 77' lang='grc' dir='ltr'>διόρθωσιν,</span> <span class='ocrx_word' id='word_1_294' title='bbox 3257 2280 3306 2332; x_wconf 83' lang='grc' dir='ltr'>εἰ</span> <span class='ocrx_word' id='word_1_295' title='bbox 3332 2278 3427 2332; x_wconf 68' lang='grc' dir='ltr'><strong>καὶ</strong></span> <span class='ocrx_word' id='word_1_296' title='bbox 3456 2278 3774 2350; x_wconf 85' lang='grc' dir='ltr'>ἀδιόρθωτοι</span> <span class='ocrx_word' id='word_1_297' title='bbox 3795 2278 3913 2349; x_wconf 74' lang='grc' dir='ltr'>ἔμετ-</span> 
     </span>
    </p>
   </div>
   <div class='ocr_carea' id='block_1_41' title="bbox 639 2367 2275 2444">
    <p class='ocr_par' dir='ltr' id='par_1_41' title="bbox 639 2367 2245 2439">
     <span class='ocr_line' id='line_1_41' title="bbox 639 2367 2245 2439; baseline -0.001 -17"><span class='ocrx_word' id='word_1_298' title='bbox 639 2383 773 2438; x_wconf 88' lang='lat' dir='ltr'><strong>ergo</strong></span> <span class='ocrx_word' id='word_1_299' title='bbox 807 2368 1007 2439; x_wconf 88' lang='lat' dir='ltr'><strong>negotii</strong></span> <span class='ocrx_word' id='word_1_300' title='bbox 1036 2369 1200 2438; x_wconf 88' lang='lat' dir='ltr'><strong>hujus</strong></span> <span class='ocrx_word' id='word_1_301' title='bbox 1262 2368 1587 2439; x_wconf 84' lang='lat' dir='ltr'><strong>perﬁciendi</strong></span> <span class='ocrx_word' id='word_1_302' title='bbox 1622 2384 1789 2423; x_wconf 87' lang='lat' dir='ltr'><strong>causa</strong></span> <span class='ocrx_word' id='word_1_303' title='bbox 1840 2369 2126 2439; x_wconf 80' lang='lat' dir='ltr'><strong>profectus</strong></span> <span class='ocrx_word' id='word_1_304' title='bbox 2154 2367 2245 2422; x_wconf 89' lang='lat' dir='ltr'><strong>Si-</strong></span> 
     </span>
    </p>
   </div>
   <div class='ocr_carea' id='block_1_42' title="bbox 2277 2367 3913 2444">
    <p class='ocr_par' dir='ltr' id='par_1_42' title="bbox 2348 2369 3913 2444">
     <span class='ocr_line' id='line_1_42' title="bbox 2348 2369 3913 2444; baseline -0.003 -19"><span class='ocrx_word' id='word_1_305' title='bbox 2348 2388 2446 2425; x_wconf 86' lang='grc' dir='ltr'><strong>ναν</strong></span> <span class='ocrx_word' id='word_1_306' title='bbox 2475 2387 2489 2400; x_wconf 83' lang='lat'><strong><em>°</em></strong></span> <span class='ocrx_word' id='word_1_307' title='bbox 2536 2371 2675 2441; x_wconf 81' lang='grc' dir='ltr'>ὅπερ</span> <span class='ocrx_word' id='word_1_308' title='bbox 2718 2371 2813 2424; x_wconf 74' lang='grc' dir='ltr'><strong>καὶ</strong></span> <span class='ocrx_word' id='word_1_309' title='bbox 2842 2370 3087 2439; x_wconf 85' lang='grc' dir='ltr'>γέγονεν.</span> <span class='ocrx_word' id='word_1_310' title='bbox 3137 2369 3341 2424; x_wconf 85' lang='grc' dir='ltr'>Ἐλθὼν</span> <span class='ocrx_word' id='word_1_311' title='bbox 3381 2370 3490 2444; x_wconf 86' lang='grc' dir='ltr'><strong>γὰρ</strong></span> <span class='ocrx_word' id='word_1_312' title='bbox 3519 2372 3547 2424; x_wconf 83' lang='grc' dir='ltr'><strong>ὁ</strong></span> <span class='ocrx_word' id='word_1_313' title='bbox 3582 2370 3804 2442; x_wconf 86' lang='grc' dir='ltr'>Συμεὼν</span> <span class='ocrx_word' id='word_1_314' title='bbox 3842 2372 3913 2424; x_wconf 77' lang='grc' dir='ltr'><strong>καὶ</strong></span> 
     </span>
    </p>
   </div>
   <div class='ocr_carea' id='block_1_43' title="bbox 638 2462 2274 2535">
    <p class='ocr_par' dir='ltr' id='par_1_43' title="bbox 638 2462 2243 2535">
     <span class='ocr_line' id='line_1_43' title="bbox 638 2462 2243 2535; baseline 0 -21"><span class='ocrx_word' id='word_1_315' title='bbox 638 2476 826 2526; x_wconf 91' lang='lat' dir='ltr'><strong>meon,</strong></span> <span class='ocrx_word' id='word_1_316' title='bbox 883 2462 1033 2517; x_wconf 91' lang='lat' dir='ltr'><strong>socio</strong></span> <span class='ocrx_word' id='word_1_317' title='bbox 1064 2472 1351 2533; x_wconf 88' lang='lat' dir='ltr'><strong>assumpto</strong></span> <span class='ocrx_word' id='word_1_318' title='bbox 1381 2465 1623 2533; x_wconf 86' lang='lat' dir='ltr'><strong>quodam</strong></span> <span class='ocrx_word' id='word_1_319' title='bbox 1673 2479 1741 2517; x_wconf 64' lang='lat' dir='ltr'><strong>ex</strong></span> <span class='ocrx_word' id='word_1_320' title='bbox 1796 2464 2039 2535; x_wconf 86' lang='lat' dir='ltr'><strong>regionis</strong></span> <span class='ocrx_word' id='word_1_321' title='bbox 2091 2462 2243 2533; x_wconf 89' lang='lat' dir='ltr'><strong>prin-</strong></span> 
     </span>
    </p>
   </div>
   <div class='ocr_carea' id='block_1_44' title="bbox 2276 2462 3912 2535">
    <p class='ocr_par' dir='ltr' id='par_1_44' title="bbox 2349 2462 3912 2535">
     <span class='ocr_line' id='line_1_44' title="bbox 2349 2462 3912 2535; baseline -0.001 -19"><span class='ocrx_word' id='word_1_322' title='bbox 2349 2462 2687 2533; x_wconf 83' lang='grc' dir='ltr'>παραλαϐὼν</span> <span class='ocrx_word' id='word_1_323' title='bbox 2718 2462 2849 2532; x_wconf 86' lang='grc' dir='ltr'>μεθ’</span> <span class='ocrx_word' id='word_1_324' title='bbox 2883 2463 3077 2517; x_wconf 84' lang='grc' dir='ltr'>ἐαυτοῦ</span> <span class='ocrx_word' id='word_1_325' title='bbox 3134 2481 3255 2517; x_wconf 88' lang='grc' dir='ltr'>τινα</span> <span class='ocrx_word' id='word_1_326' title='bbox 3291 2463 3400 2517; x_wconf 83' lang='grc' dir='ltr'><strong>τῶν</strong></span> <span class='ocrx_word' id='word_1_327' title='bbox 3445 2466 3632 2518; x_wconf 81' lang='grc' dir='ltr'>ἐκεῖσε</span> <span class='ocrx_word' id='word_1_328' title='bbox 3672 2464 3912 2535; x_wconf 83' lang='grc' dir='ltr'>ἀρχόντων</span> 
     </span>
    </p>
   </div>
   <div class='ocr_carea' id='block_1_45' title="bbox 639 2552 2275 2628">
    <p class='ocr_par' dir='ltr' id='par_1_45' title="bbox 639 2552 2243 2627">
     <span class='ocr_line' id='line_1_45' title="bbox 639 2552 2243 2627; baseline 0.002 -22"><span class='ocrx_word' id='word_1_329' title='bbox 639 2552 877 2622; x_wconf 90' lang='lat' dir='ltr'><strong>cipibus,</strong></span> <span class='ocrx_word' id='word_1_330' title='bbox 918 2553 1006 2608; x_wconf 93' lang='lat' dir='ltr'><strong>cui</strong></span> <span class='ocrx_word' id='word_1_331' title='bbox 1037 2568 1239 2608; x_wconf 90' lang='lat' dir='ltr'><strong>nomen</strong></span> <span class='ocrx_word' id='word_1_332' title='bbox 1283 2553 1572 2627; x_wconf 80' lang='lat' dir='ltr'><strong>Tryphon,</strong></span> <span class='ocrx_word' id='word_1_333' title='bbox 1616 2572 1743 2611; x_wconf 93' lang='lat' dir='ltr'><strong>cum</strong></span> <span class='ocrx_word' id='word_1_334' title='bbox 1791 2556 1858 2610; x_wconf 88' lang='lat' dir='ltr'><strong>ad</strong></span> <span class='ocrx_word' id='word_1_335' title='bbox 1897 2571 2025 2609; x_wconf 88' lang='lat' dir='ltr'><strong>eum</strong></span> <span class='ocrx_word' id='word_1_336' title='bbox 2061 2554 2243 2609; x_wconf 89' lang='lat' dir='ltr'><strong>locum</strong></span> 
     </span>
    </p>
   </div>
   <div class='ocr_carea' id='block_1_46' title="bbox 2276 2552 3912 2628">
    <p class='ocr_par' dir='ltr' id='par_1_46' title="bbox 2348 2555 3912 2628">
     <span class='ocr_line' id='line_1_46' title="bbox 2348 2555 3912 2628; baseline -0.001 -19"><span class='ocrx_word' id='word_1_337' title='bbox 2348 2555 2589 2627; x_wconf 76' lang='grc' dir='ltr'>τοῦνομα</span> <span class='ocrx_word' id='word_1_338' title='bbox 2622 2558 2919 2627; x_wconf 67' lang='grc' dir='ltr'>Τρύφωνα,</span> <span class='ocrx_word' id='word_1_339' title='bbox 2976 2557 3071 2611; x_wconf 72' lang='grc' dir='ltr'><strong>καὶ</strong></span> <span class='ocrx_word' id='word_1_340' title='bbox 3105 2558 3396 2628; x_wconf 83' lang='grc' dir='ltr'>γενόμενος</span> <span class='ocrx_word' id='word_1_341' title='bbox 3452 2558 3548 2610; x_wconf 75' lang='grc' dir='ltr'>ἐπὶ</span> <span class='ocrx_word' id='word_1_342' title='bbox 3606 2558 3702 2613; x_wconf 85' lang='grc' dir='ltr'><strong>τοῦ</strong></span> <span class='ocrx_word' id='word_1_343' title='bbox 3755 2558 3912 2616; x_wconf 84' lang='grc' dir='ltr'>τόπον,</span> 
     </span>
    </p>
   </div>
   <div class='ocr_carea' id='block_1_47' title="bbox 638 2646 2274 2719">
    <p class='ocr_par' dir='ltr' id='par_1_47' title="bbox 638 2646 2246 2719">
     <span class='ocr_line' id='line_1_47' title="bbox 638 2646 2246 2719; baseline 0.002 -21"><span class='ocrx_word' id='word_1_344' title='bbox 638 2646 901 2711; x_wconf 85' lang='lat' dir='ltr'><strong>venisset,</strong></span> <span class='ocrx_word' id='word_1_345' title='bbox 936 2655 1166 2703; x_wconf 87' lang='lat' dir='ltr'><strong>cunctos</strong></span> <span class='ocrx_word' id='word_1_346' title='bbox 1183 2650 1602 2719; x_wconf 89' lang='lat' dir='ltr'><strong>comprehendit</strong></span> <span class='ocrx_word' id='word_1_347' title='bbox 1626 2658 1825 2719; x_wconf 89' lang='lat' dir='ltr'><strong>;atque</strong></span> <span class='ocrx_word' id='word_1_348' title='bbox 1853 2649 1918 2703; x_wconf 88' lang='lat' dir='ltr'><strong>ad</strong></span> <span class='ocrx_word' id='word_1_349' title='bbox 1946 2647 2246 2703; x_wconf 83' lang='lat' dir='ltr'><strong>australem</strong></span> 
     </span>
    </p>
   </div>
   <div class='ocr_carea' id='block_1_48' title="bbox 2279 2646 3915 2719">
    <p class='ocr_par' dir='ltr' id='par_1_48' title="bbox 2351 2647 3915 2719">
     <span class='ocr_line' id='line_1_48' title="bbox 2351 2647 3915 2719; baseline 0 -18"><span class='ocrx_word' id='word_1_350' title='bbox 2351 2647 2719 2718; x_wconf 82' lang='grc' dir='ltr'>συλλαμϐάνει</span> <span class='ocrx_word' id='word_1_351' title='bbox 2770 2649 2898 2712; x_wconf 85' lang='grc' dir='ltr'>τοὺς</span> <span class='ocrx_word' id='word_1_352' title='bbox 2927 2648 3136 2713; x_wconf 83' lang='grc' dir='ltr'>πάντας</span> <span class='ocrx_word' id='word_1_353' title='bbox 3184 2650 3276 2703; x_wconf 73' lang='grc' dir='ltr'><strong>καὶ</strong></span> <span class='ocrx_word' id='word_1_354' title='bbox 3311 2650 3542 2719; x_wconf 75' lang='grc' dir='ltr'>ἐνέγκας</span> <span class='ocrx_word' id='word_1_355' title='bbox 3581 2651 3776 2714; x_wconf 74' lang='grc' dir='ltr'>αὐτοὺς</span> <span class='ocrx_word' id='word_1_356' title='bbox 3800 2649 3915 2703; x_wconf 69' lang='grc' dir='ltr'>κατὰ</span> 
     </span>
    </p>
   </div>
   <div class='ocr_carea' id='block_1_49' title="bbox 641 2738 2277 2816">
    <p class='ocr_par' dir='ltr' id='par_1_49' title="bbox 641 2738 2246 2810">
     <span class='ocr_line' id='line_1_49' title="bbox 641 2738 2246 2810; baseline 0.002 -18"><span class='ocrx_word' id='word_1_357' title='bbox 641 2738 809 2792; x_wconf 86' lang='lat' dir='ltr'><strong>castri</strong></span> <span class='ocrx_word' id='word_1_358' title='bbox 850 2738 1102 2795; x_wconf 76' lang='lat' dir='ltr'><strong>Coloneae</strong></span> <span class='ocrx_word' id='word_1_359' title='bbox 1142 2750 1353 2810; x_wconf 90' lang='lat' dir='ltr'><strong>partem</strong></span> <span class='ocrx_word' id='word_1_360' title='bbox 1389 2743 1753 2809; x_wconf 79' lang='lat' dir='ltr'><strong>transferens,</strong></span> <span class='ocrx_word' id='word_1_361' title='bbox 1808 2742 2086 2797; x_wconf 79' lang='lat' dir='ltr'><strong>infelicem</strong></span> <span class='ocrx_word' id='word_1_362' title='bbox 2141 2742 2246 2796; x_wconf 83' lang='lat' dir='ltr'><strong>ho-</strong></span> 
     </span>
    </p>
   </div>
   <div class='ocr_carea' id='block_1_50' title="bbox 2279 2738 3915 2816">
    <p class='ocr_par' dir='ltr' id='par_1_50' title="bbox 2347 2742 3915 2816">
     <span class='ocr_line' id='line_1_50' title="bbox 2347 2742 3915 2816; baseline -0.003 -18"><span class='ocrx_word' id='word_1_363' title='bbox 2347 2743 2410 2798; x_wconf 83' lang='grc' dir='ltr'>τὸ</span> <span class='ocrx_word' id='word_1_364' title='bbox 2448 2743 2624 2797; x_wconf 89' lang='grc' dir='ltr'>νότιον</span> <span class='ocrx_word' id='word_1_365' title='bbox 2652 2744 2819 2815; x_wconf 86' lang='grc' dir='ltr'>μέρος</span> <span class='ocrx_word' id='word_1_366' title='bbox 2846 2742 2939 2797; x_wconf 90' lang='grc' dir='ltr'><strong>τοῦ</strong></span> <span class='ocrx_word' id='word_1_367' title='bbox 2987 2744 3227 2816; x_wconf 74' lang='grc' dir='ltr'>κάστρου</span> <span class='ocrx_word' id='word_1_368' title='bbox 3263 2744 3604 2809; x_wconf 84' lang='grc' dir='ltr'>Κολωνείας,</span> <span class='ocrx_word' id='word_1_369' title='bbox 3640 2746 3814 2814; x_wconf 80' lang='grc' dir='ltr'>ἵστησι</span> <span class='ocrx_word' id='word_1_370' title='bbox 3842 2743 3915 2795; x_wconf 73' lang='grc' dir='ltr'><strong>τὸν</strong></span> 
     </span>
    </p>
   </div>
   <div class='ocr_carea' id='block_1_51' title="bbox 640 2828 2276 2907">
    <p class='ocr_par' dir='ltr' id='par_1_51' title="bbox 640 2828 2243 2905">
     <span class='ocr_line' id='line_1_51' title="bbox 640 2828 2243 2905; baseline 0.003 -21"><span class='ocrx_word' id='word_1_371' title='bbox 640 2829 846 2884; x_wconf 90' lang='lat' dir='ltr'><strong>minem</strong></span> <span class='ocrx_word' id='word_1_372' title='bbox 866 2828 921 2883; x_wconf 93' lang='lat' dir='ltr'><strong>in</strong></span> <span class='ocrx_word' id='word_1_373' title='bbox 947 2830 1349 2902; x_wconf 89' lang='lat' dir='ltr'><strong>discipulorum</strong></span> <span class='ocrx_word' id='word_1_374' title='bbox 1370 2848 1595 2889; x_wconf 88' lang='lat' dir='ltr'><strong>suorum</strong></span> <span class='ocrx_word' id='word_1_375' title='bbox 1613 2844 1913 2905; x_wconf 89' lang='lat' dir='ltr'><strong>conspectu</strong></span> <span class='ocrx_word' id='word_1_376' title='bbox 1938 2834 2243 2901; x_wconf 85' lang='lat' dir='ltr'><strong>constituit,</strong></span> 
     </span>
    </p>
   </div>
   <div class='ocr_carea' id='block_1_52' title="bbox 2280 2828 3916 2907">
    <p class='ocr_par' dir='ltr' id='par_1_52' title="bbox 2347 2833 3916 2907">
     <span class='ocr_line' id='line_1_52' title="bbox 2347 2833 3916 2907; baseline -0.004 -14"><span class='ocrx_word' id='word_1_377' title='bbox 2347 2838 2585 2893; x_wconf 76' lang='grc' dir='ltr'>δείλαιον</span> <span class='ocrx_word' id='word_1_378' title='bbox 2619 2838 2715 2892; x_wconf 73' lang='grc' dir='ltr'><strong>καὶ</strong></span> <span class='ocrx_word' id='word_1_379' title='bbox 2757 2838 2887 2901; x_wconf 78' lang='grc' dir='ltr'>τοὺς</span> <span class='ocrx_word' id='word_1_380' title='bbox 2917 2837 3083 2891; x_wconf 82' lang='grc' dir='ltr'>αὐτοῦ</span> <span class='ocrx_word' id='word_1_381' title='bbox 3137 2837 3389 2907; x_wconf 77' lang='grc' dir='ltr'>μαθητὰς</span> <span class='ocrx_word' id='word_1_382' title='bbox 3418 2838 3715 2892; x_wconf 77' lang='grc' dir='ltr'>κατέναντι</span> <span class='ocrx_word' id='word_1_383' title='bbox 3755 2833 3916 2898; x_wconf 79' lang='grc' dir='ltr'>αὑτοῦ,</span> 
     </span>
    </p>
   </div>
   <div class='ocr_carea' id='block_1_53' title="bbox 640 2920 2276 3003">
    <p class='ocr_par' dir='ltr' id='par_1_53' title="bbox 640 2920 2241 3000">
     <span class='ocr_line' id='line_1_53' title="bbox 640 2920 2241 3000; baseline 0.004 -24"><span class='ocrx_word' id='word_1_384' title='bbox 640 2920 843 2992; x_wconf 90' lang='lat' dir='ltr'><strong>quibus</strong></span> <span class='ocrx_word' id='word_1_385' title='bbox 879 2924 1160 2979; x_wconf 83' lang='lat' dir='ltr'><strong>mandavit</strong></span> <span class='ocrx_word' id='word_1_386' title='bbox 1194 2936 1251 2981; x_wconf 91' lang='lat' dir='ltr'><strong>ut</strong></span> <span class='ocrx_word' id='word_1_387' title='bbox 1283 2943 1408 2983; x_wconf 93' lang='lat' dir='ltr'><strong>eum</strong></span> <span class='ocrx_word' id='word_1_388' title='bbox 1431 2928 1703 2999; x_wconf 87' lang='lat' dir='ltr'><strong>lapidibus</strong></span> <span class='ocrx_word' id='word_1_389' title='bbox 1733 2928 1838 3000; x_wconf 80' lang='lat'><strong>31</strong></span> <span class='ocrx_word' id='word_1_390' title='bbox 1872 2937 2199 2998; x_wconf 87' lang='lat' dir='ltr'><strong>appeterent</strong></span> <span class='ocrx_word' id='word_1_391' title='bbox 2228 2945 2241 2982; x_wconf 88' lang='lat'><strong>:</strong></span> 
     </span>
    </p>
   </div>
   <div class='ocr_carea' id='block_1_54' title="bbox 2282 2920 3918 3003">
    <p class='ocr_par' dir='ltr' id='par_1_54' title="bbox 2349 2926 3918 3003">
     <span class='ocr_line' id='line_1_54' title="bbox 2349 2926 3918 3003; baseline -0.004 -18"><span class='ocrx_word' id='word_1_392' title='bbox 2349 2926 2430 2995; x_wconf 70' lang='grc' dir='ltr'>οἷς</span> <span class='ocrx_word' id='word_1_393' title='bbox 2452 2931 2548 2985; x_wconf 78' lang='grc' dir='ltr'>καὶ</span> <span class='ocrx_word' id='word_1_394' title='bbox 2577 2929 3021 3003; x_wconf 79' lang='grc' dir='ltr'>παρεκελεύσατο</span> <span class='ocrx_word' id='word_1_395' title='bbox 3058 2929 3407 3001; x_wconf 82' lang='grc' dir='ltr'>λιθοϐολῆσαι</span> <span class='ocrx_word' id='word_1_396' title='bbox 3439 2930 3627 2985; x_wconf 82' lang='grc' dir='ltr'>αὐτόν.</span> <span class='ocrx_word' id='word_1_397' title='bbox 3655 2931 3718 2983; x_wconf 86' lang='grc' dir='ltr'><strong>Οἱ</strong></span> <span class='ocrx_word' id='word_1_398' title='bbox 3745 2929 3796 2982; x_wconf 84' lang='grc' dir='ltr'><strong>δέ</strong></span> <span class='ocrx_word' id='word_1_399' title='bbox 3816 2927 3918 2989; x_wconf 78' lang='grc' dir='ltr'>τοὺς</span> 
     </span>
    </p>
   </div>
   <div class='ocr_carea' id='block_1_55' title="bbox 639 3016 2275 3096">
    <p class='ocr_par' dir='ltr' id='par_1_55' title="bbox 639 3016 2247 3093">
     <span class='ocr_line' id='line_1_55' title="bbox 639 3016 2247 3093; baseline 0.002 -20"><span class='ocrx_word' id='word_1_400' title='bbox 639 3028 697 3074; x_wconf 92' lang='lat' dir='ltr'><strong>at</strong></span> <span class='ocrx_word' id='word_1_401' title='bbox 732 3019 784 3073; x_wconf 91' lang='lat' dir='ltr'><strong>hi</strong></span> <span class='ocrx_word' id='word_1_402' title='bbox 828 3016 1064 3088; x_wconf 84' lang='lat' dir='ltr'><strong>sumptis</strong></span> <span class='ocrx_word' id='word_1_403' title='bbox 1090 3021 1385 3091; x_wconf 86' lang='lat' dir='ltr'><strong>lapidibus,</strong></span> <span class='ocrx_word' id='word_1_404' title='bbox 1412 3038 1475 3077; x_wconf 91' lang='lat' dir='ltr'><strong>ac</strong></span> <span class='ocrx_word' id='word_1_405' title='bbox 1499 3022 1668 3077; x_wconf 91' lang='lat' dir='ltr'><strong>veluti</strong></span> <span class='ocrx_word' id='word_1_406' title='bbox 1699 3022 1767 3076; x_wconf 88' lang='lat' dir='ltr'><strong>ad</strong></span> <span class='ocrx_word' id='word_1_407' title='bbox 1798 3022 2049 3093; x_wconf 89' lang='lat' dir='ltr'><strong>proprias</strong></span> <span class='ocrx_word' id='word_1_408' title='bbox 2079 3036 2247 3077; x_wconf 89' lang='lat' dir='ltr'><strong>zonas</strong></span> 
     </span>
    </p>
   </div>
   <div class='ocr_carea' id='block_1_56' title="bbox 2283 3016 3919 3096">
    <p class='ocr_par' dir='ltr' id='par_1_56' title="bbox 2348 3022 3919 3096">
     <span class='ocr_line' id='line_1_56' title="bbox 2348 3022 3919 3096; baseline -0.004 -17"><span class='ocrx_word' id='word_1_409' title='bbox 2348 3025 2533 3089; x_wconf 83' lang='grc' dir='ltr'>λίθους</span> <span class='ocrx_word' id='word_1_410' title='bbox 2558 3024 2955 3096; x_wconf 87' lang='grc' dir='ltr'>λαμϐάνοντες,</span> <span class='ocrx_word' id='word_1_411' title='bbox 2978 3023 3193 3094; x_wconf 54' lang='grc' dir='ltr'>καὶιὼς</span> <span class='ocrx_word' id='word_1_412' title='bbox 3219 3024 3360 3095; x_wconf 83' lang='grc' dir='ltr'>πρὸς</span> <span class='ocrx_word' id='word_1_413' title='bbox 3386 3023 3486 3088; x_wconf 79' lang='grc' dir='ltr'>τὰς</span> <span class='ocrx_word' id='word_1_414' title='bbox 3537 3023 3751 3079; x_wconf 79' lang='grc' dir='ltr'>ἐαυτῶν</span> <span class='ocrx_word' id='word_1_415' title='bbox 3774 3022 3919 3087; x_wconf 79' lang='grc' dir='ltr'>ζώνας</span> 
     </span>
    </p>
   </div>
   <div class='ocr_carea' id='block_1_57' title="bbox 636 3114 2272 3190">
    <p class='ocr_par' dir='ltr' id='par_1_57' title="bbox 636 3114 2242 3186">
     <span class='ocr_line' id='line_1_57' title="bbox 636 3114 2242 3186; baseline -0.001 -18"><span class='ocrx_word' id='word_1_416' title='bbox 636 3127 839 3168; x_wconf 86' lang='lat' dir='ltr'><strong>manus</strong></span> <span class='ocrx_word' id='word_1_417' title='bbox 899 3114 1276 3182; x_wconf 85' lang='lat' dir='ltr'><strong>demittentes,</strong></span> <span class='ocrx_word' id='word_1_418' title='bbox 1327 3114 1540 3186; x_wconf 89' lang='lat' dir='ltr'><strong>lapides</strong></span> <span class='ocrx_word' id='word_1_419' title='bbox 1587 3123 1889 3169; x_wconf 86' lang='lat' dir='ltr'><strong>retrorsum</strong></span> <span class='ocrx_word' id='word_1_420' title='bbox 1942 3114 2242 3185; x_wconf 89' lang='lat' dir='ltr'><strong>jaciebant,</strong></span> 
     </span>
    </p>
   </div>
   <div class='ocr_carea' id='block_1_58' title="bbox 2284 3114 3920 3190">
    <p class='ocr_par' dir='ltr' id='par_1_58' title="bbox 2349 3114 3920 3190">
     <span class='ocr_line' id='line_1_58' title="bbox 2349 3114 3920 3190; baseline -0.003 -18"><span class='ocrx_word' id='word_1_421' title='bbox 2349 3118 2449 3182; x_wconf 81' lang='grc' dir='ltr'>τὰς</span> <span class='ocrx_word' id='word_1_422' title='bbox 2460 3118 2647 3190; x_wconf 89' lang='grc' dir='ltr'>χεῖρας</span> <span class='ocrx_word' id='word_1_423' title='bbox 2666 3117 3488 3189; x_wconf 81' lang='grc' dir='ltr'>προσκλίνοντες,όπισθοφανῶς</span> <span class='ocrx_word' id='word_1_424' title='bbox 3504 3116 3610 3185; x_wconf 83' lang='grc' dir='ltr'>τῆς</span> <span class='ocrx_word' id='word_1_425' title='bbox 3629 3116 3802 3187; x_wconf 78' lang='grc' dir='ltr'>χειρὸς</span> <span class='ocrx_word' id='word_1_426' title='bbox 3820 3114 3920 3176; x_wconf 68' lang='grc' dir='ltr'>τοὺς</span> 
     </span>
    </p>
   </div>
   <div class='ocr_carea' id='block_1_59' title="bbox 645 3196 2281 3283">
    <p class='ocr_par' dir='ltr' id='par_1_59' title="bbox 645 3206 2281 3282">
     <span class='ocr_line' id='line_1_59' title="bbox 645 3206 2281 3282; baseline -0.002 -17"><span class='ocrx_word' id='word_1_427' title='bbox 645 3210 912 3282; x_wconf 86' lang='lat' dir='ltr'><strong>magistro</strong></span> <span class='ocrx_word' id='word_1_428' title='bbox 939 3224 1040 3263; x_wconf 91' lang='lat' dir='ltr'><strong>suo</strong></span> <span class='ocrx_word' id='word_1_429' title='bbox 1075 3217 1389 3279; x_wconf 88' lang='lat' dir='ltr'><strong>parcentes,</strong></span> <span class='ocrx_word' id='word_1_430' title='bbox 1421 3223 1587 3277; x_wconf 90' lang='lat' dir='ltr'><strong>quem</strong></span> <span class='ocrx_word' id='word_1_431' title='bbox 1615 3222 1645 3261; x_wconf 90' lang='lat' dir='ltr'><strong>a</strong></span> <span class='ocrx_word' id='word_1_432' title='bbox 1674 3208 1789 3262; x_wconf 92' lang='lat' dir='ltr'><strong>Deo</strong></span> <span class='ocrx_word' id='word_1_433' title='bbox 1826 3206 1894 3263; x_wconf 90' lang='lat' dir='ltr'><strong>ad</strong></span> <span class='ocrx_word' id='word_1_434' title='bbox 1925 3223 1984 3262; x_wconf 93' lang='lat' dir='ltr'><strong>se</strong></span> <span class='ocrx_word' id='word_1_435' title='bbox 2013 3208 2246 3263; x_wconf 90' lang='lat' dir='ltr'><strong>missum</strong></span> <span class='ocrx_word' id='word_1_436' title='bbox 2274 3209 2281 3246; x_wconf 55' lang='grc' dir='ltr'><strong>ί</strong></span> 
     </span>
    </p>
   </div>
   <div class='ocr_carea' id='block_1_60' title="bbox 2282 3196 3918 3283">
    <p class='ocr_par' dir='ltr' id='par_1_60' title="bbox 2282 3196 3918 3283">
     <span class='ocr_line' id='line_1_60' title="bbox 2282 3196 3918 3283; baseline -0.004 -17"><span class='ocrx_word' id='word_1_437' title='bbox 2282 3196 2317 3255; x_wconf 73' lang='lat' dir='ltr'>C</span> <span class='ocrx_word' id='word_1_438' title='bbox 2354 3212 2536 3277; x_wconf 78' lang='grc' dir='ltr'>λίθους</span> <span class='ocrx_word' id='word_1_439' title='bbox 2564 3210 2871 3283; x_wconf 73' lang='grc' dir='ltr'>ἠκόντιζον,</span> <span class='ocrx_word' id='word_1_440' title='bbox 2906 3210 3217 3282; x_wconf 82' lang='grc' dir='ltr'>φειδόμενοι</span> <span class='ocrx_word' id='word_1_441' title='bbox 3244 3208 3337 3264; x_wconf 86' lang='grc' dir='ltr'><strong>τοῦ</strong></span> <span class='ocrx_word' id='word_1_442' title='bbox 3360 3208 3569 3263; x_wconf 90' lang='grc' dir='ltr'>οἰκείου</span> <span class='ocrx_word' id='word_1_443' title='bbox 3607 3206 3918 3267; x_wconf 76' lang='grc' dir='ltr'>διδασκάλου.</span> 
     </span>
    </p>
   </div>
   <div class='ocr_carea' id='block_1_61' title="bbox 642 3299 2278 3376">
    <p class='ocr_par' dir='ltr' id='par_1_61' title="bbox 642 3300 2249 3376">
     <span class='ocr_line' id='line_1_61' title="bbox 642 3300 2249 3376; baseline -0.001 -19"><span class='ocrx_word' id='word_1_444' title='bbox 642 3304 933 3376; x_wconf 86' lang='lat' dir='ltr'><strong>putabant.</strong></span> <span class='ocrx_word' id='word_1_445' title='bbox 966 3301 1085 3357; x_wconf 81' lang='lat' dir='ltr'><strong>Jam</strong></span> <span class='ocrx_word' id='word_1_446' title='bbox 1119 3301 1209 3357; x_wconf 92' lang='lat' dir='ltr'><strong>hic</strong></span> <span class='ocrx_word' id='word_1_447' title='bbox 1241 3300 1501 3356; x_wconf 87' lang='lat' dir='ltr'><strong>Silvanus</strong></span> <span class='ocrx_word' id='word_1_448' title='bbox 1528 3317 1655 3357; x_wconf 90' lang='lat' dir='ltr'><strong>cum</strong></span> <span class='ocrx_word' id='word_1_449' title='bbox 1676 3302 1885 3372; x_wconf 83' lang='lat' dir='ltr'><strong>aliquot</strong></span> <span class='ocrx_word' id='word_1_450' title='bbox 1905 3310 2069 3357; x_wconf 88' lang='lat' dir='ltr'><strong>antea</strong></span> <span class='ocrx_word' id='word_1_451' title='bbox 2088 3301 2249 3356; x_wconf 91' lang='lat' dir='ltr'><strong>annis</strong></span> 
     </span>
    </p>
   </div>
   <div class='ocr_carea' id='block_1_62' title="bbox 2284 3299 3920 3376">
    <p class='ocr_par' dir='ltr' id='par_1_62' title="bbox 2351 3299 3920 3375">
     <span class='ocr_line' id='line_1_62' title="bbox 2351 3299 3920 3375; baseline -0.005 -15"><span class='ocrx_word' id='word_1_452' title='bbox 2351 3307 2427 3371; x_wconf 80' lang='grc' dir='ltr'><strong>ὡς</strong></span> <span class='ocrx_word' id='word_1_453' title='bbox 2472 3306 2567 3360; x_wconf 80' lang='grc' dir='ltr'><strong>ἀτε</strong></span> <span class='ocrx_word' id='word_1_454' title='bbox 2600 3306 2667 3375; x_wconf 85' lang='grc' dir='ltr'>δὴ</span> <span class='ocrx_word' id='word_1_455' title='bbox 2712 3308 2776 3360; x_wconf 85' lang='grc' dir='ltr'><strong>ἐκ</strong></span> <span class='ocrx_word' id='word_1_456' title='bbox 2823 3306 2958 3359; x_wconf 87' lang='grc' dir='ltr'><strong>Θεοῦ</strong></span> <span class='ocrx_word' id='word_1_457' title='bbox 3016 3304 3416 3368; x_wconf 84' lang='grc' dir='ltr'>ἀποσταλέντος</span> <span class='ocrx_word' id='word_1_458' title='bbox 3458 3304 3651 3367; x_wconf 77' lang='grc' dir='ltr'>αὐτοῖς</span> <span class='ocrx_word' id='word_1_459' title='bbox 3708 3301 3842 3375; x_wconf 85' lang='lat' dir='ltr'><strong>[cod.</strong></span> <span class='ocrx_word' id='word_1_460' title='bbox 3890 3299 3920 3353; x_wconf 82' lang='grc' dir='ltr'><strong>ί.</strong></span> 
     </span>
    </p>
   </div>
   <div class='ocr_carea' id='block_1_63' title="bbox 637 3391 2273 3473">
    <p class='ocr_par' dir='ltr' id='par_1_63' title="bbox 637 3392 2247 3466">
     <span class='ocr_line' id='line_1_63' title="bbox 637 3392 2247 3466; baseline -0.002 -14"><span class='ocrx_word' id='word_1_461' title='bbox 637 3396 862 3452; x_wconf 79' lang='lat' dir='ltr'><strong>Justum</strong></span> <span class='ocrx_word' id='word_1_462' title='bbox 890 3395 1183 3466; x_wconf 87' lang='lat' dir='ltr'><strong>quemdam</strong></span> <span class='ocrx_word' id='word_1_463' title='bbox 1231 3392 1476 3460; x_wconf 90' lang='lat' dir='ltr'><strong>nomine,</strong></span> <span class='ocrx_word' id='word_1_464' title='bbox 1531 3394 1702 3450; x_wconf 79' lang='lat' dir='ltr'><strong>tilium</strong></span> <span class='ocrx_word' id='word_1_465' title='bbox 1752 3394 1859 3450; x_wconf 90' lang='lat' dir='ltr'><strong>sibi</strong></span> <span class='ocrx_word' id='word_1_466' title='bbox 1910 3394 2247 3466; x_wconf 86' lang='lat' dir='ltr'><strong>adeptasset,</strong></span> 
     </span>
    </p>
   </div>
   <div class='ocr_carea' id='block_1_64' title="bbox 2285 3391 3921 3473">
    <p class='ocr_par' dir='ltr' id='par_1_64' title="bbox 2354 3391 3921 3473">
     <span class='ocr_line' id='line_1_64' title="bbox 2354 3391 3921 3473; baseline -0.008 -17"><span class='ocrx_word' id='word_1_467' title='bbox 2354 3399 2425 3456; x_wconf 81' lang='lat'><strong>99</strong></span> <span class='ocrx_word' id='word_1_468' title='bbox 2462 3397 2566 3473; x_wconf 77' lang='lat'><strong>1).].</strong></span> <span class='ocrx_word' id='word_1_469' title='bbox 2604 3393 2773 3463; x_wconf 73' lang='grc' dir='ltr'>Οὗτος</span> <span class='ocrx_word' id='word_1_470' title='bbox 2796 3398 2890 3453; x_wconf 79' lang='grc' dir='ltr'><strong>οὖν</strong></span> <span class='ocrx_word' id='word_1_471' title='bbox 2923 3400 2951 3452; x_wconf 97' lang='lat'><strong>6</strong></span> <span class='ocrx_word' id='word_1_472' title='bbox 3004 3398 3291 3463; x_wconf 82' lang='grc' dir='ltr'>Σιλουανδς</span> <span class='ocrx_word' id='word_1_473' title='bbox 3324 3406 3353 3433; x_wconf 81' lang='grc' dir='ltr'>ιι</span> <span class='ocrx_word' id='word_1_474' title='bbox 3399 3397 3506 3469; x_wconf 83' lang='grc' dir='ltr'><strong>πρὸ</strong></span> <span class='ocrx_word' id='word_1_475' title='bbox 3549 3397 3762 3469; x_wconf 78' lang='grc' dir='ltr'>χρόνων</span> <span class='ocrx_word' id='word_1_476' title='bbox 3788 3391 3921 3447; x_wconf 84' lang='grc' dir='ltr'>τινῶν</span> 
     </span>
    </p>
   </div>
   <div class='ocr_carea' id='block_1_65' title="bbox 639 3484 2275 3561">
    <p class='ocr_par' dir='ltr' id='par_1_65' title="bbox 639 3487 2250 3561">
     <span class='ocr_line' id='line_1_65' title="bbox 639 3487 2250 3561; baseline -0.001 -17"><span class='ocrx_word' id='word_1_477' title='bbox 639 3504 880 3559; x_wconf 89' lang='lat' dir='ltr'><strong>eumque</strong></span> <span class='ocrx_word' id='word_1_478' title='bbox 941 3487 1295 3544; x_wconf 85' lang='lat' dir='ltr'><strong>Manichaica</strong></span> <span class='ocrx_word' id='word_1_479' title='bbox 1363 3489 1561 3544; x_wconf 66' lang='lat' dir='ltr'><strong>haeresi</strong></span> <span class='ocrx_word' id='word_1_480' title='bbox 1636 3488 1953 3553; x_wconf 88' lang='lat' dir='ltr'><strong>imbuisset,</strong></span> <span class='ocrx_word' id='word_1_481' title='bbox 2027 3488 2250 3561; x_wconf 84' lang='lat' dir='ltr'><strong>dignam</strong></span> 
     </span>
    </p>
   </div>
   <div class='ocr_carea' id='block_1_66' title="bbox 2288 3484 3924 3561">
    <p class='ocr_par' dir='ltr' id='par_1_66' title="bbox 2366 3484 3924 3561">
     <span class='ocr_line' id='line_1_66' title="bbox 2366 3484 3924 3561; baseline -0.006 -16"><span class='ocrx_word' id='word_1_482' title='bbox 2366 3491 2601 3547; x_wconf 82' lang='grc' dir='ltr'>Ἰοῦστόν</span> <span class='ocrx_word' id='word_1_483' title='bbox 2656 3509 2780 3545; x_wconf 87' lang='grc' dir='ltr'>τινα</span> <span class='ocrx_word' id='word_1_484' title='bbox 2835 3489 3173 3561; x_wconf 80' lang='grc' dir='ltr'>καλούμενον</span> <span class='ocrx_word' id='word_1_485' title='bbox 3205 3491 3285 3554; x_wconf 87' lang='grc' dir='ltr'><strong>είς</strong></span> <span class='ocrx_word' id='word_1_486' title='bbox 3319 3488 3596 3543; x_wconf 76' lang='grc' dir='ltr'>υἱοθεσίαν</span> <span class='ocrx_word' id='word_1_487' title='bbox 3626 3486 3823 3551; x_wconf 86' lang='grc' dir='ltr'>λαϐὼν,</span> <span class='ocrx_word' id='word_1_488' title='bbox 3847 3484 3924 3538; x_wconf 76' lang='grc' dir='ltr'><strong>καὶ</strong></span> 
     </span>
    </p>
   </div>
   <div class='ocr_carea' id='block_1_67' title="bbox 639 3580 2275 3657">
    <p class='ocr_par' dir='ltr' id='par_1_67' title="bbox 639 3580 2253 3653">
     <span class='ocr_line' id='line_1_67' title="bbox 639 3580 2253 3653; baseline 0.001 -19"><span class='ocrx_word' id='word_1_489' title='bbox 639 3580 955 3635; x_wconf 89' lang='lat' dir='ltr'><strong>alumnatus</strong></span> <span class='ocrx_word' id='word_1_490' title='bbox 990 3590 1047 3633; x_wconf 88' lang='lat' dir='ltr'><strong>et</strong></span> <span class='ocrx_word' id='word_1_491' title='bbox 1079 3580 1381 3653; x_wconf 88' lang='lat' dir='ltr'><strong>magisterii</strong></span> <span class='ocrx_word' id='word_1_492' title='bbox 1415 3590 1548 3637; x_wconf 90' lang='lat' dir='ltr'><strong>tunc</strong></span> <span class='ocrx_word' id='word_1_493' title='bbox 1589 3581 1857 3650; x_wconf 91' lang='lat' dir='ltr'><strong>temporis</strong></span> <span class='ocrx_word' id='word_1_494' title='bbox 1889 3580 1959 3635; x_wconf 89' lang='lat' dir='ltr'><strong>ab</strong></span> <span class='ocrx_word' id='word_1_495' title='bbox 1992 3596 2059 3635; x_wconf 91' lang='lat' dir='ltr'><strong>eo</strong></span> <span class='ocrx_word' id='word_1_496' title='bbox 2100 3596 2253 3635; x_wconf 84' lang='lat' dir='ltr'><strong>mer-</strong></span> 
     </span>
    </p>
   </div>
   <div class='ocr_carea' id='block_1_68' title="bbox 2286 3580 3922 3657">
    <p class='ocr_par' dir='ltr' id='par_1_68' title="bbox 2353 3582 3922 3657">
     <span class='ocr_line' id='line_1_68' title="bbox 2353 3582 3922 3657; baseline -0.004 -18"><span class='ocrx_word' id='word_1_497' title='bbox 2353 3584 2454 3657; x_wconf 84' lang='grc' dir='ltr'>τὴν</span> <span class='ocrx_word' id='word_1_498' title='bbox 2503 3585 2850 3656; x_wconf 81' lang='grc' dir='ltr'>Μανιχαῖκὴν</span> <span class='ocrx_word' id='word_1_499' title='bbox 2886 3583 3108 3649; x_wconf 80' lang='grc' dir='ltr'>διδάξας</span> <span class='ocrx_word' id='word_1_500' title='bbox 3137 3584 3370 3657; x_wconf 82' lang='grc' dir='ltr'>αἵρεσιν,</span> <span class='ocrx_word' id='word_1_501' title='bbox 3406 3582 3562 3648; x_wconf 82' lang='grc' dir='ltr'>ἀξίαν</span> <span class='ocrx_word' id='word_1_502' title='bbox 3595 3586 3699 3654; x_wconf 83' lang='grc' dir='ltr'>τῆς</span> <span class='ocrx_word' id='word_1_503' title='bbox 3724 3583 3922 3649; x_wconf 83' lang='grc' dir='ltr'>ἀνατρο-</span> 
     </span>
    </p>
   </div>
   <div class='ocr_carea' id='block_1_69' title="bbox 642 3672 2278 3750">
    <p class='ocr_par' dir='ltr' id='par_1_69' title="bbox 642 3672 2241 3743">
     <span class='ocr_line' id='line_1_69' title="bbox 642 3672 2241 3743; baseline 0.001 -17"><span class='ocrx_word' id='word_1_504' title='bbox 642 3672 833 3726; x_wconf 86' lang='lat' dir='ltr'><strong>cedem</strong></span> <span class='ocrx_word' id='word_1_505' title='bbox 903 3672 1114 3727; x_wconf 86' lang='lat' dir='ltr'><strong>retulit.</strong></span> <span class='ocrx_word' id='word_1_506' title='bbox 1174 3675 1221 3726; x_wconf 83' lang='lat' dir='ltr'><strong>A</strong></span> <span class='ocrx_word' id='word_1_507' title='bbox 1282 3675 1526 3743; x_wconf 87' lang='lat' dir='ltr'><strong>palatino</strong></span> <span class='ocrx_word' id='word_1_508' title='bbox 1573 3673 1721 3728; x_wconf 89' lang='lat' dir='ltr'><strong>enim</strong></span> <span class='ocrx_word' id='word_1_509' title='bbox 1774 3674 1965 3743; x_wconf 88' lang='lat' dir='ltr'><strong>jussus</strong></span> <span class='ocrx_word' id='word_1_510' title='bbox 2020 3673 2241 3738; x_wconf 83' lang='lat' dir='ltr'><strong>Justus,</strong></span> 
     </span>
    </p>
   </div>
   <div class='ocr_carea' id='block_1_70' title="bbox 2291 3672 3927 3750">
    <p class='ocr_par' dir='ltr' id='par_1_70' title="bbox 2358 3672 3927 3750">
     <span class='ocr_line' id='line_1_70' title="bbox 2358 3672 3927 3750; baseline -0.008 -16"><span class='ocrx_word' id='word_1_511' title='bbox 2358 3679 2464 3750; x_wconf 80' lang='grc' dir='ltr'>φῆς</span> <span class='ocrx_word' id='word_1_512' title='bbox 2500 3678 2597 3732; x_wconf 71' lang='grc' dir='ltr'>καὶ</span> <span class='ocrx_word' id='word_1_513' title='bbox 2648 3677 2998 3742; x_wconf 82' lang='grc' dir='ltr'>διδασκαλίας</span> <span class='ocrx_word' id='word_1_514' title='bbox 3048 3677 3110 3731; x_wconf 80' lang='grc' dir='ltr'>τὸ</span> <span class='ocrx_word' id='word_1_515' title='bbox 3158 3676 3417 3748; x_wconf 83' lang='grc' dir='ltr'>τηνικάδε</span> <span class='ocrx_word' id='word_1_516' title='bbox 3466 3677 3599 3748; x_wconf 87' lang='grc' dir='ltr'>παρ’</span> <span class='ocrx_word' id='word_1_517' title='bbox 3638 3674 3800 3729; x_wconf 81' lang='grc' dir='ltr'>αὑτοῦ</span> <span class='ocrx_word' id='word_1_518' title='bbox 3845 3672 3927 3741; x_wconf 82' lang='grc' dir='ltr'><strong>τὴν</strong></span> 
     </span>
    </p>
   </div>
   <div class='ocr_carea' id='block_1_71' title="bbox 648 3763 2284 3840">
    <p class='ocr_par' dir='ltr' id='par_1_71' title="bbox 648 3764 2254 3834">
     <span class='ocr_line' id='line_1_71' title="bbox 648 3764 2254 3834; baseline 0.001 -16"><span class='ocrx_word' id='word_1_519' title='bbox 648 3771 873 3832; x_wconf 91' lang='lat' dir='ltr'><strong>sumpto</strong></span> <span class='ocrx_word' id='word_1_520' title='bbox 917 3764 1122 3834; x_wconf 90' lang='lat' dir='ltr'><strong>lapide,</strong></span> <span class='ocrx_word' id='word_1_521' title='bbox 1188 3765 1473 3821; x_wconf 82' lang='lat' dir='ltr'><strong>hominem</strong></span> <span class='ocrx_word' id='word_1_522' title='bbox 1520 3781 1621 3821; x_wconf 90' lang='lat' dir='ltr'><strong>ceu</strong></span> <span class='ocrx_word' id='word_1_523' title='bbox 1666 3781 1873 3820; x_wconf 88' lang='lat' dir='ltr'><strong>novum</strong></span> <span class='ocrx_word' id='word_1_524' title='bbox 1936 3764 2254 3821; x_wconf 88' lang='lat' dir='ltr'><strong>Goliathum</strong></span> 
     </span>
    </p>
   </div>
   <div class='ocr_carea' id='block_1_72' title="bbox 2291 3763 3927 3840">
    <p class='ocr_par' dir='ltr' id='par_1_72' title="bbox 2357 3763 3927 3840">
     <span class='ocr_line' id='line_1_72' title="bbox 2357 3763 3927 3840; baseline -0.006 -16"><span class='ocrx_word' id='word_1_525' title='bbox 2357 3769 2593 3840; x_wconf 78' lang='grc' dir='ltr'>ἀμοιϐὴν</span> <span class='ocrx_word' id='word_1_526' title='bbox 2629 3769 2867 3835; x_wconf 80' lang='grc' dir='ltr'>ἐδέξατο.</span> <span class='ocrx_word' id='word_1_527' title='bbox 2904 3768 3251 3840; x_wconf 78' lang='grc' dir='ltr'>Ἐπιταχθεὶς</span> <span class='ocrx_word' id='word_1_528' title='bbox 3295 3768 3405 3839; x_wconf 83' lang='grc' dir='ltr'>γὰρ</span> <span class='ocrx_word' id='word_1_529' title='bbox 3432 3768 3585 3840; x_wconf 69' lang='grc' dir='ltr'>παρὰ</span> <span class='ocrx_word' id='word_1_530' title='bbox 3616 3768 3711 3821; x_wconf 90' lang='grc' dir='ltr'><strong>τοῦ</strong></span> <span class='ocrx_word' id='word_1_531' title='bbox 3748 3763 3927 3837; x_wconf 87' lang='grc' dir='ltr'>βασιλι-</span> 
     </span>
    </p>
   </div>
   <div class='ocr_carea' id='block_1_73' title="bbox 647 3854 2283 3935">
    <p class='ocr_par' dir='ltr' id='par_1_73' title="bbox 647 3856 2249 3929">
     <span class='ocr_line' id='line_1_73' title="bbox 647 3856 2249 3929; baseline 0.001 -18"><span class='ocrx_word' id='word_1_532' title='bbox 647 3856 967 3928; x_wconf 88' lang='lat' dir='ltr'><strong>percutiens</strong></span> <span class='ocrx_word' id='word_1_533' title='bbox 1012 3858 1335 3914; x_wconf 78' lang='lat' dir='ltr'><strong>interfecit:</strong></span> <span class='ocrx_word' id='word_1_534' title='bbox 1397 3860 1702 3929; x_wconf 71' lang='lat' dir='ltr'><strong>reciclitque</strong></span> <span class='ocrx_word' id='word_1_535' title='bbox 1745 3860 1798 3913; x_wconf 89' lang='lat' dir='ltr'><strong>in</strong></span> <span class='ocrx_word' id='word_1_536' title='bbox 1831 3875 1955 3913; x_wconf 92' lang='lat' dir='ltr'><strong>eum</strong></span> <span class='ocrx_word' id='word_1_537' title='bbox 1992 3859 2249 3915; x_wconf 85' lang='lat' dir='ltr'><strong>Davidica</strong></span> 
     </span>
    </p>
   </div>
   <div class='ocr_carea' id='block_1_74' title="bbox 2290 3854 3926 3935">
    <p class='ocr_par' dir='ltr' id='par_1_74' title="bbox 2359 3854 3926 3935">
     <span class='ocr_line' id='line_1_74' title="bbox 2359 3854 3926 3935; baseline -0.005 -18"><span class='ocrx_word' id='word_1_538' title='bbox 2359 3863 2459 3917; x_wconf 88' lang='grc' dir='ltr'><strong>κοῦ</strong></span> <span class='ocrx_word' id='word_1_539' title='bbox 2487 3865 2516 3917; x_wconf 89' lang='lat'><strong>6</strong></span> <span class='ocrx_word' id='word_1_540' title='bbox 2550 3862 2787 3928; x_wconf 78' lang='grc' dir='ltr'>Ἰοῦστος</span> <span class='ocrx_word' id='word_1_541' title='bbox 2810 3865 2903 3917; x_wconf 66' lang='grc' dir='ltr'><strong>καὶ</strong></span> <span class='ocrx_word' id='word_1_542' title='bbox 2924 3862 3266 3935; x_wconf 81' lang='grc' dir='ltr'>δραξάμενος</span> <span class='ocrx_word' id='word_1_543' title='bbox 3288 3861 3459 3925; x_wconf 89' lang='grc' dir='ltr'>λίθον,</span> <span class='ocrx_word' id='word_1_544' title='bbox 3488 3862 3565 3926; x_wconf 81' lang='grc' dir='ltr'><strong>ὡς</strong></span> <span class='ocrx_word' id='word_1_545' title='bbox 3596 3861 3720 3915; x_wconf 90' lang='grc' dir='ltr'>νέον</span> <span class='ocrx_word' id='word_1_546' title='bbox 3758 3854 3926 3912; x_wconf 53' lang='lat' dir='ltr'><strong>ratio</strong></span> 
     </span>
    </p>
   </div>
   <div class='ocr_carea' id='block_1_75' title="bbox 647 3948 2283 4026">
    <p class='ocr_par' dir='ltr' id='par_1_75' title="bbox 647 3952 2257 4022">
     <span class='ocr_line' id='line_1_75' title="bbox 647 3952 2257 4022; baseline 0.002 -19"><span class='ocrx_word' id='word_1_547' title='bbox 647 3964 755 4004; x_wconf 79' lang='lat' dir='ltr'><strong>vox</strong></span> <span class='ocrx_word' id='word_1_548' title='bbox 811 3965 933 4020; x_wconf 70' lang='lat' dir='ltr'><strong>quae</strong></span> <span class='ocrx_word' id='word_1_549' title='bbox 990 3952 1113 4007; x_wconf 88' lang='lat' dir='ltr'><strong>ait:</strong></span> <span class='ocrx_word' id='word_1_550' title='bbox 1157 3952 1361 4006; x_wconf 84' lang='lat' dir='ltr'><strong>Lacum</strong></span> <span class='ocrx_word' id='word_1_551' title='bbox 1417 3953 1646 4022; x_wconf 79' lang='lat' dir='ltr'><strong>aperuit,</strong></span> <span class='ocrx_word' id='word_1_552' title='bbox 1702 3962 1751 4007; x_wconf 79' lang='lat' dir='ltr'><strong>et</strong></span> <span class='ocrx_word' id='word_1_553' title='bbox 1798 3954 1973 4022; x_wconf 71' lang='lat' dir='ltr'><strong>effodit</strong></span> <span class='ocrx_word' id='word_1_554' title='bbox 2031 3970 2174 4019; x_wconf 87' lang='lat' dir='ltr'><strong>eum,</strong></span> <span class='ocrx_word' id='word_1_555' title='bbox 2208 3961 2257 4006; x_wconf 85' lang='lat' dir='ltr'><strong>et</strong></span> 
     </span>
    </p>
   </div>
   <div class='ocr_carea' id='block_1_76' title="bbox 2292 3948 3928 4026">
    <p class='ocr_par' dir='ltr' id='par_1_76' title="bbox 2357 3948 3928 4026">
     <span class='ocr_line' id='line_1_76' title="bbox 2357 3948 3928 4026; baseline -0.003 -17"><span class='ocrx_word' id='word_1_556' title='bbox 2357 3956 2551 4011; x_wconf 88' lang='grc' dir='ltr'>τοῦτον</span> <span class='ocrx_word' id='word_1_557' title='bbox 2579 3956 2830 4023; x_wconf 77' lang='grc' dir='ltr'>πατάξας</span> <span class='ocrx_word' id='word_1_558' title='bbox 2887 3958 3201 4022; x_wconf 79' lang='grc' dir='ltr'>ἀπέκτεινε,</span> <span class='ocrx_word' id='word_1_559' title='bbox 3231 3955 3328 4009; x_wconf 76' lang='grc' dir='ltr'>καὶ</span> <span class='ocrx_word' id='word_1_560' title='bbox 3375 3950 3540 4026; x_wconf 80' lang='grc' dir='ltr'>ἦλθεν</span> <span class='ocrx_word' id='word_1_561' title='bbox 3596 3955 3688 4007; x_wconf 79' lang='grc' dir='ltr'>ἐπ’</span> <span class='ocrx_word' id='word_1_562' title='bbox 3722 3949 3860 4021; x_wconf 82' lang='grc' dir='ltr'>αὐτῷ</span> <span class='ocrx_word' id='word_1_563' title='bbox 3902 3948 3928 4018; x_wconf 78' lang='grc' dir='ltr'>ἡ</span> 
     </span>
    </p>
   </div>
   <div class='ocr_carea' id='block_1_77' title="bbox 647 4042 2283 4124">
    <p class='ocr_par' dir='ltr' id='par_1_77' title="bbox 647 4044 2253 4115">
     <span class='ocr_line' id='line_1_77' title="bbox 647 4044 2253 4115; baseline 0.001 -19"><span class='ocrx_word' id='word_1_564' title='bbox 647 4052 980 4097; x_wconf 80' lang='lat' dir='ltr'><strong>convertetur</strong></span> <span class='ocrx_word' id='word_1_565' title='bbox 1004 4044 1156 4098; x_wconf 84' lang='lat' dir='ltr'><strong>labor</strong></span> <span class='ocrx_word' id='word_1_566' title='bbox 1190 4044 1304 4114; x_wconf 79' lang='lat' dir='ltr'><strong>ejus</strong></span> <span class='ocrx_word' id='word_1_567' title='bbox 1336 4046 1388 4098; x_wconf 84' lang='lat' dir='ltr'><strong>in</strong></span> <span class='ocrx_word' id='word_1_568' title='bbox 1412 4055 1567 4113; x_wconf 83' lang='lat' dir='ltr'><strong>caput</strong></span> <span class='ocrx_word' id='word_1_569' title='bbox 1601 4044 1767 4115; x_wconf 77' lang='lat' dir='ltr'><strong>ipsius</strong></span> <span class='ocrx_word' id='word_1_570' title='bbox 1795 4045 1862 4100; x_wconf 87' lang='grc'><strong>³⁷.</strong></span> <span class='ocrx_word' id='word_1_571' title='bbox 1900 4045 1995 4099; x_wconf 85' lang='lat' dir='ltr'><strong>[lle</strong></span> <span class='ocrx_word' id='word_1_572' title='bbox 2025 4045 2253 4099; x_wconf 90' lang='lat' dir='ltr'><strong>demum</strong></span> 
     </span>
    </p>
   </div>
   <div class='ocr_carea' id='block_1_78' title="bbox 2296 4042 3932 4124">
    <p class='ocr_par' dir='ltr' id='par_1_78' title="bbox 2360 4042 3932 4124">
     <span class='ocr_line' id='line_1_78' title="bbox 2360 4042 3932 4124; baseline -0.004 -20"><span class='ocrx_word' id='word_1_573' title='bbox 2360 4052 2631 4124; x_wconf 85' lang='grc' dir='ltr'>Δαυῖτικὴ</span> <span class='ocrx_word' id='word_1_574' title='bbox 2692 4050 2845 4121; x_wconf 78' lang='grc' dir='ltr'>φωνὴ</span> <span class='ocrx_word' id='word_1_575' title='bbox 2894 4051 2928 4121; x_wconf 82' lang='grc' dir='ltr'>ἡ</span> <span class='ocrx_word' id='word_1_576' title='bbox 2980 4050 3249 4119; x_wconf 84' lang='grc' dir='ltr'>λέγουσα·</span> <span class='ocrx_word' id='word_1_577' title='bbox 3303 4047 3545 4103; x_wconf 74' lang='grc' dir='ltr'>Λάκκον</span> <span class='ocrx_word' id='word_1_578' title='bbox 3601 4047 3812 4116; x_wconf 82' lang='grc' dir='ltr'>ὤρυξε,</span> <span class='ocrx_word' id='word_1_579' title='bbox 3849 4042 3932 4098; x_wconf 74' lang='grc' dir='ltr'><strong>καί</strong></span> 
     </span>
    </p>
   </div>
   <div class='ocr_carea' id='block_1_79' title="bbox 650 4132 2286 4212">
    <p class='ocr_par' dir='ltr' id='par_1_79' title="bbox 650 4134 2257 4210">
     <span class='ocr_line' id='line_1_79' title="bbox 650 4134 2257 4210; baseline 0.002 -20"><span class='ocrx_word' id='word_1_580' title='bbox 650 4134 832 4201; x_wconf 87' lang='lat' dir='ltr'><strong>locus,</strong></span> <span class='ocrx_word' id='word_1_581' title='bbox 865 4151 893 4190; x_wconf 89' lang='lat' dir='ltr'><strong>a</strong></span> <span class='ocrx_word' id='word_1_582' title='bbox 933 4138 1213 4209; x_wconf 89' lang='lat' dir='ltr'><strong>congestis</strong></span> <span class='ocrx_word' id='word_1_583' title='bbox 1264 4138 1337 4193; x_wconf 90' lang='lat' dir='ltr'><strong>ibi</strong></span> <span class='ocrx_word' id='word_1_584' title='bbox 1383 4138 1678 4209; x_wconf 89' lang='lat' dir='ltr'><strong>lapidibus,</strong></span> <span class='ocrx_word' id='word_1_585' title='bbox 1713 4154 1886 4210; x_wconf 90' lang='lat' dir='ltr'><strong>usque</strong></span> <span class='ocrx_word' id='word_1_586' title='bbox 1918 4139 1985 4194; x_wconf 89' lang='lat' dir='ltr'><strong>ad</strong></span> <span class='ocrx_word' id='word_1_587' title='bbox 2033 4139 2257 4195; x_wconf 85' lang='lat' dir='ltr'><strong>hodier-</strong></span> 
     </span>
    </p>
   </div>
   <div class='ocr_carea' id='block_1_80' title="bbox 2294 4132 3930 4212">
    <p class='ocr_par' dir='ltr' id='par_1_80' title="bbox 2360 4132 3930 4212">
     <span class='ocr_line' id='line_1_80' title="bbox 2360 4132 3930 4212; baseline -0.008 -13"><span class='ocrx_word' id='word_1_588' title='bbox 2360 4141 2721 4212; x_wconf 78' lang='grc' dir='ltr'>ἀνέσκαψεν</span> <span class='ocrx_word' id='word_1_589' title='bbox 2750 4142 2960 4197; x_wconf 83' lang='grc' dir='ltr'>αὐτόν·</span> <span class='ocrx_word' id='word_1_590' title='bbox 2984 4140 3082 4196; x_wconf 80' lang='grc' dir='ltr'>καὶ</span> <span class='ocrx_word' id='word_1_591' title='bbox 3112 4140 3463 4210; x_wconf 71' lang='grc' dir='ltr'>ἐπιστρέψει</span> <span class='ocrx_word' id='word_1_592' title='bbox 3492 4141 3527 4193; x_wconf 82' lang='grc' dir='ltr'><em>ὁ</em></span> <span class='ocrx_word' id='word_1_593' title='bbox 3547 4139 3740 4203; x_wconf 78' lang='grc' dir='ltr'>πόνος</span> <span class='ocrx_word' id='word_1_594' title='bbox 3768 4132 3930 4190; x_wconf 75' lang='grc' dir='ltr'>αὑτοῦ</span> 
     </span>
    </p>
   </div>
   <div class='ocr_carea' id='block_1_81' title="bbox 652 4226 2288 4304">
    <p class='ocr_par' dir='ltr' id='par_1_81' title="bbox 652 4229 1609 4304">
     <span class='ocr_line' id='line_1_81' title="bbox 652 4229 1609 4304; baseline 0.002 -18"><span class='ocrx_word' id='word_1_595' title='bbox 652 4245 790 4286; x_wconf 89' lang='lat' dir='ltr'><strong>num</strong></span> <span class='ocrx_word' id='word_1_596' title='bbox 824 4229 991 4299; x_wconf 91' lang='lat' dir='ltr'><strong>diem,</strong></span> <span class='ocrx_word' id='word_1_597' title='bbox 1023 4248 1255 4288; x_wconf 78' lang='lat' dir='ltr'><strong>acervus</strong></span> <span class='ocrx_word' id='word_1_598' title='bbox 1283 4232 1609 4304; x_wconf 90' lang='lat' dir='ltr'><strong>appellatur.</strong></span> 
     </span>
    </p>
   </div>
   <div class='ocr_carea' id='block_1_82' title="bbox 2296 4226 3932 4304">
    <p class='ocr_par' dir='ltr' id='par_1_82' title="bbox 2360 4226 3932 4304">
     <span class='ocr_line' id='line_1_82' title="bbox 2360 4226 3932 4304; baseline -0.006 -14"><span class='ocrx_word' id='word_1_599' title='bbox 2360 4237 2449 4301; x_wconf 80' lang='grc' dir='ltr'><strong>είς</strong></span> <span class='ocrx_word' id='word_1_600' title='bbox 2488 4233 2769 4304; x_wconf 68' lang='grc' dir='ltr'>κεφαλὴν</span> <span class='ocrx_word' id='word_1_601' title='bbox 2822 4232 3035 4287; x_wconf 81' lang='grc' dir='ltr'>αὐτοῦ.</span> <span class='ocrx_word' id='word_1_602' title='bbox 3084 4232 3144 4285; x_wconf 84' lang='lat'><strong>&#39;0</strong></span> <span class='ocrx_word' id='word_1_603' title='bbox 3168 4232 3226 4285; x_wconf 80' lang='grc' dir='ltr'><strong>δὲ</strong></span> <span class='ocrx_word' id='word_1_604' title='bbox 3257 4232 3422 4295; x_wconf 84' lang='grc' dir='ltr'>τόπος</span> <span class='ocrx_word' id='word_1_605' title='bbox 3476 4231 3686 4293; x_wconf 75' lang='grc' dir='ltr'>ἐκεῖνος</span> <span class='ocrx_word' id='word_1_606' title='bbox 3717 4229 3802 4282; x_wconf 82' lang='grc' dir='ltr'>διὰ</span> <span class='ocrx_word' id='word_1_607' title='bbox 3827 4226 3932 4288; x_wconf 76' lang='grc' dir='ltr'>τοὺς</span> 
     </span>
    </p>
   </div>
   <div class='ocr_carea' id='block_1_83' title="bbox 2365 4318 3933 4399">
    <p class='ocr_par' dir='ltr' id='par_1_83' title="bbox 2365 4318 3933 4399">
     <span class='ocr_line' id='line_1_83' title="bbox 2365 4318 3933 4399; baseline -0.003 -19"><span class='ocrx_word' id='word_1_608' title='bbox 2365 4327 2736 4399; x_wconf 82' lang='grc' dir='ltr'>συναχθέντας</span> <span class='ocrx_word' id='word_1_609' title='bbox 2786 4326 2874 4381; x_wconf 85' lang='grc' dir='ltr'>ἐπ’</span> <span class='ocrx_word' id='word_1_610' title='bbox 2904 4326 3054 4398; x_wconf 81' lang='grc' dir='ltr'><strong>αὑτῷ</strong></span> <span class='ocrx_word' id='word_1_611' title='bbox 3087 4324 3273 4389; x_wconf 88' lang='grc' dir='ltr'>λίθους</span> <span class='ocrx_word' id='word_1_612' title='bbox 3316 4322 3491 4396; x_wconf 80' lang='grc' dir='ltr'>σωρὸς</span> <span class='ocrx_word' id='word_1_613' title='bbox 3519 4321 3752 4395; x_wconf 83' lang='grc' dir='ltr'>ἐκλήθη,</span> <span class='ocrx_word' id='word_1_614' title='bbox 3794 4318 3933 4392; x_wconf 81' lang='grc' dir='ltr'>μέχρι</span> 
     </span>
    </p>
   </div>
   <div class='ocr_carea' id='block_1_84' title="bbox 2363 4422 2760 4493">
    <p class='ocr_par' dir='ltr' id='par_1_84' title="bbox 2363 4422 2760 4493">
     <span class='ocr_line' id='line_1_84' title="bbox 2363 4422 2760 4493; baseline 0.005 -18"><span class='ocrx_word' id='word_1_615' title='bbox 2363 4422 2463 4493; x_wconf 84' lang='grc' dir='ltr'><strong>τῆς</strong></span> <span class='ocrx_word' id='word_1_616' title='bbox 2497 4423 2760 4493; x_wconf 85' lang='grc' dir='ltr'>σήμερον.</span> 
     </span>
    </p>
   </div>
   <div class='ocr_carea' id='block_1_85' title="bbox 723 4507 2359 4587">
    <p class='ocr_par' dir='ltr' id='par_1_85' title="bbox 723 4512 2335 4587">
     <span class='ocr_line' id='line_1_85' title="bbox 723 4512 2335 4587; baseline 0.002 -18"><span class='ocrx_word' id='word_1_617' title='bbox 723 4512 915 4570; x_wconf 78' lang='lat' dir='ltr'><strong>XXVI.</strong></span> <span class='ocrx_word' id='word_1_618' title='bbox 946 4513 1116 4571; x_wconf 86' lang='lat' dir='ltr'><strong>Porro</strong></span> <span class='ocrx_word' id='word_1_619' title='bbox 1139 4514 1489 4572; x_wconf 87' lang='lat' dir='ltr'><strong>Constantini</strong></span> <span class='ocrx_word' id='word_1_620' title='bbox 1508 4514 1807 4587; x_wconf 91' lang='lat' dir='ltr'><strong>discipulos</strong></span> <span class='ocrx_word' id='word_1_621' title='bbox 1825 4513 2071 4582; x_wconf 87' lang='lat' dir='ltr'><strong>Simeon,</strong></span> <span class='ocrx_word' id='word_1_622' title='bbox 2096 4524 2261 4587; x_wconf 89' lang='lat' dir='ltr'><strong>prout</strong></span> <span class='ocrx_word' id='word_1_623' title='bbox 2295 4564 2335 4587; x_wconf 63' lang='grc' dir='ltr'>η</span> 
     </span>
    </p>
   </div>
   <div class='ocr_carea' id='block_1_86' title="bbox 2297 4507 3933 4587">
    <p class='ocr_par' dir='ltr' id='par_1_86' title="bbox 2297 4507 3933 4587">
     <span class='ocr_line' id='line_1_86' title="bbox 2297 4507 3933 4587; baseline -0.005 -21"><span class='ocrx_word' id='word_1_624' title='bbox 2297 4564 2335 4587; x_wconf 58' lang='grc' dir='ltr'>η</span> <span class='ocrx_word' id='word_1_625' title='bbox 2395 4560 2400 4565; x_wconf 83' lang='grc'>.</span> <span class='ocrx_word' id='word_1_626' title='bbox 2440 4515 2588 4582; x_wconf 62' lang='lat' dir='ltr'><strong>KCI’.</strong></span> <span class='ocrx_word' id='word_1_627' title='bbox 2636 4513 2795 4568; x_wconf 72' lang='grc' dir='ltr'>Κατὰ</span> <span class='ocrx_word' id='word_1_628' title='bbox 2834 4513 2891 4567; x_wconf 78' lang='grc' dir='ltr'><strong>δέ</strong></span> <span class='ocrx_word' id='word_1_629' title='bbox 2934 4512 3032 4585; x_wconf 81' lang='grc' dir='ltr'><strong>τὴν</strong></span> <span class='ocrx_word' id='word_1_630' title='bbox 3070 4511 3166 4566; x_wconf 86' lang='grc' dir='ltr'><strong>τοῦ</strong></span> <span class='ocrx_word' id='word_1_631' title='bbox 3198 4512 3463 4584; x_wconf 87' lang='grc' dir='ltr'>βασιλέως</span> <span class='ocrx_word' id='word_1_632' title='bbox 3499 4512 3750 4567; x_wconf 85' lang='grc' dir='ltr'>κέλευσιν</span> <span class='ocrx_word' id='word_1_633' title='bbox 3794 4510 3821 4562; x_wconf 93' lang='lat'><strong>6</strong></span> <span class='ocrx_word' id='word_1_634' title='bbox 3850 4507 3933 4560; x_wconf 87' lang='grc' dir='ltr'><strong>Συ-</strong></span> 
     </span>
    </p>
   </div>
   <div class='ocr_carea' id='block_1_87' title="bbox 654 4600 2290 4678">
    <p class='ocr_par' dir='ltr' id='par_1_87' title="bbox 654 4607 2261 4676">
     <span class='ocr_line' id='line_1_87' title="bbox 654 4607 2261 4676; baseline 0.002 -16"><span class='ocrx_word' id='word_1_635' title='bbox 654 4607 961 4676; x_wconf 87' lang='lat' dir='ltr'><strong>imperator</strong></span> <span class='ocrx_word' id='word_1_636' title='bbox 988 4607 1366 4672; x_wconf 85' lang='lat' dir='ltr'><strong>mandaverat,</strong></span> <span class='ocrx_word' id='word_1_637' title='bbox 1412 4607 1675 4662; x_wconf 72' lang='lat' dir='ltr'><strong>Ecclesia:</strong></span> <span class='ocrx_word' id='word_1_638' title='bbox 1715 4608 2120 4664; x_wconf 89' lang='lat' dir='ltr'><strong>convertendos</strong></span> <span class='ocrx_word' id='word_1_639' title='bbox 2145 4620 2261 4665; x_wconf 91' lang='lat' dir='ltr'><strong>tra-</strong></span> 
     </span>
    </p>
   </div>
   <div class='ocr_carea' id='block_1_88' title="bbox 2300 4600 3936 4678">
    <p class='ocr_par' dir='ltr' id='par_1_88' title="bbox 2300 4600 3936 4678">
     <span class='ocr_line' id='line_1_88' title="bbox 2300 4600 3936 4678; baseline 0 -19"><span class='ocrx_word' id='word_1_640' title='bbox 2300 4600 2335 4619; x_wconf 73' lang='lat'><strong>&quot;</strong></span> <span class='ocrx_word' id='word_1_641' title='bbox 2371 4604 2519 4678; x_wconf 85' lang='grc' dir='ltr'>μεὼν</span> <span class='ocrx_word' id='word_1_642' title='bbox 2566 4606 2692 4669; x_wconf 79' lang='grc' dir='ltr'>τοὺς</span> <span class='ocrx_word' id='word_1_643' title='bbox 2746 4604 2999 4677; x_wconf 83' lang='grc' dir='ltr'>μαθητὰς</span> <span class='ocrx_word' id='word_1_644' title='bbox 3049 4604 3466 4659; x_wconf 86' lang='grc' dir='ltr'>Κωνσταντίνου</span> <span class='ocrx_word' id='word_1_645' title='bbox 3492 4605 3549 4658; x_wconf 84' lang='grc' dir='ltr'><strong>ἐν</strong></span> <span class='ocrx_word' id='word_1_646' title='bbox 3610 4600 3936 4673; x_wconf 78' lang='grc' dir='ltr'>Ἐκκλησίαις</span> 
     </span>
    </p>
   </div>
   <div class='ocr_carea' id='block_1_89' title="bbox 655 4695 2291 4771">
    <p class='ocr_par' dir='ltr' id='par_1_89' title="bbox 655 4698 2258 4766">
     <span class='ocr_line' id='line_1_89' title="bbox 655 4698 2258 4766; baseline 0.004 -15"><span class='ocrx_word' id='word_1_647' title='bbox 655 4698 801 4754; x_wconf 86' lang='lat' dir='ltr'><strong>didit</strong></span> <span class='ocrx_word' id='word_1_648' title='bbox 830 4699 963 4764; x_wconf 88' lang='lat' dir='ltr'><strong>;sed</strong></span> <span class='ocrx_word' id='word_1_649' title='bbox 996 4699 1051 4754; x_wconf 89' lang='lat' dir='ltr'><strong>hi</strong></span> <span class='ocrx_word' id='word_1_650' title='bbox 1075 4701 1425 4756; x_wconf 84' lang='lat' dir='ltr'><strong>conversioni</strong></span> <span class='ocrx_word' id='word_1_651' title='bbox 1466 4702 1827 4766; x_wconf 88' lang='lat' dir='ltr'><strong>reluctantes,</strong></span> <span class='ocrx_word' id='word_1_652' title='bbox 1858 4702 2175 4759; x_wconf 89' lang='lat' dir='ltr'><strong>maluerunt</strong></span> <span class='ocrx_word' id='word_1_653' title='bbox 2205 4704 2258 4758; x_wconf 92' lang='lat' dir='ltr'><strong>in</strong></span> 
     </span>
    </p>
   </div>
   <div class='ocr_carea' id='block_1_90' title="bbox 2300 4695 3936 4771">
    <p class='ocr_par' dir='ltr' id='par_1_90' title="bbox 2365 4695 3936 4771">
     <span class='ocr_line' id='line_1_90' title="bbox 2365 4695 3936 4771; baseline -0.006 -18"><span class='ocrx_word' id='word_1_654' title='bbox 2365 4699 2504 4753; x_wconf 90' lang='grc' dir='ltr'>Θεοῦ</span> <span class='ocrx_word' id='word_1_655' title='bbox 2560 4699 2697 4771; x_wconf 76' lang='grc' dir='ltr'>πρὸς</span> <span class='ocrx_word' id='word_1_656' title='bbox 2740 4698 3077 4771; x_wconf 75' lang='grc' dir='ltr'>ἐπιστροφὴν</span> <span class='ocrx_word' id='word_1_657' title='bbox 3124 4698 3538 4770; x_wconf 74' lang='grc' dir='ltr'>παραδέδωκενο</span> <span class='ocrx_word' id='word_1_658' title='bbox 3590 4696 3705 4752; x_wconf 77' lang='grc' dir='ltr'>ἀλλ’</span> <span class='ocrx_word' id='word_1_659' title='bbox 3740 4695 3936 4767; x_wconf 80' lang='grc' dir='ltr'>ἔμειναν</span> 
     </span>
    </p>
   </div>
   <div class='ocr_carea' id='block_1_91' title="bbox 655 4783 2291 4869">
    <p class='ocr_par' dir='ltr' id='par_1_91' title="bbox 655 4792 2262 4869">
     <span class='ocr_line' id='line_1_91' title="bbox 655 4792 2262 4869; baseline 0.006 -25"><span class='ocrx_word' id='word_1_660' title='bbox 655 4793 880 4863; x_wconf 89' lang='lat' dir='ltr'><strong>propria</strong></span> <span class='ocrx_word' id='word_1_661' title='bbox 904 4792 1109 4848; x_wconf 90' lang='lat' dir='ltr'><strong>malitia</strong></span> <span class='ocrx_word' id='word_1_662' title='bbox 1138 4794 1303 4861; x_wconf 87' lang='lat' dir='ltr'><strong>mori,</strong></span> <span class='ocrx_word' id='word_1_663' title='bbox 1336 4811 1501 4866; x_wconf 86' lang='lat' dir='ltr'><strong>quam</strong></span> <span class='ocrx_word' id='word_1_664' title='bbox 1540 4796 1861 4866; x_wconf 71' lang='lat' dir='ltr'><strong>paenitentia</strong></span> <span class='ocrx_word' id='word_1_665' title='bbox 1910 4797 2083 4852; x_wconf 90' lang='lat' dir='ltr'><strong>Deum</strong></span> <span class='ocrx_word' id='word_1_666' title='bbox 2133 4814 2262 4869; x_wconf 83' lang='lat' dir='ltr'><strong>pro-</strong></span> 
     </span>
    </p>
   </div>
   <div class='ocr_carea' id='block_1_92' title="bbox 2297 4783 3933 4869">
    <p class='ocr_par' dir='ltr' id='par_1_92' title="bbox 2366 4783 3933 4864">
     <span class='ocr_line' id='line_1_92' title="bbox 2366 4783 3933 4864; baseline -0.006 -18"><span class='ocrx_word' id='word_1_667' title='bbox 2366 4792 2791 4862; x_wconf 82' lang='grc' dir='ltr'>ἀνεπίστροφοι,</span> <span class='ocrx_word' id='word_1_668' title='bbox 2841 4790 3044 4864; x_wconf 83' lang='grc' dir='ltr'>μᾶλλον</span> <span class='ocrx_word' id='word_1_669' title='bbox 3087 4789 3338 4861; x_wconf 80' lang='grc' dir='ltr'>ἑλόμενοι</span> <span class='ocrx_word' id='word_1_670' title='bbox 3373 4790 3837 4861; x_wconf 82' lang='grc' dir='ltr'>συναποθνήσκειν</span> <span class='ocrx_word' id='word_1_671' title='bbox 3880 4783 3933 4851; x_wconf 86' lang='grc' dir='ltr'>τῇ</span> 
     </span>
    </p>
   </div>
   <div class='ocr_carea' id='block_1_93' title="bbox 654 4878 2290 4958">
    <p class='ocr_par' dir='ltr' id='par_1_93' title="bbox 654 4883 2261 4958">
     <span class='ocr_line' id='line_1_93' title="bbox 654 4883 2261 4958; baseline 0.004 -22"><span class='ocrx_word' id='word_1_672' title='bbox 654 4883 854 4954; x_wconf 88' lang='lat' dir='ltr'><strong>pitiare</strong></span> <span class='ocrx_word' id='word_1_673' title='bbox 873 4892 1036 4954; x_wconf 91' lang='lat' dir='ltr'><strong>atque</strong></span> <span class='ocrx_word' id='word_1_674' title='bbox 1058 4894 1320 4941; x_wconf 86' lang='lat' dir='ltr'><strong>aeternam</strong></span> <span class='ocrx_word' id='word_1_675' title='bbox 1348 4888 1579 4943; x_wconf 89' lang='lat' dir='ltr'><strong>salutem</strong></span> <span class='ocrx_word' id='word_1_676' title='bbox 1597 4889 1882 4958; x_wconf 87' lang='lat' dir='ltr'><strong>consequi.</strong></span> <span class='ocrx_word' id='word_1_677' title='bbox 1909 4888 2051 4943; x_wconf 87' lang='lat' dir='ltr'><strong>Ecce</strong></span> <span class='ocrx_word' id='word_1_678' title='bbox 2079 4898 2261 4945; x_wconf 91' lang='lat' dir='ltr'><strong>autem</strong></span> 
     </span>
    </p>
   </div>
   <div class='ocr_carea' id='block_1_94' title="bbox 2299 4878 3935 4958">
    <p class='ocr_par' dir='ltr' id='par_1_94' title="bbox 2367 4878 3935 4956">
     <span class='ocr_line' id='line_1_94' title="bbox 2367 4878 3935 4956; baseline -0.006 -18"><span class='ocrx_word' id='word_1_679' title='bbox 2367 4885 2577 4939; x_wconf 81' lang='grc' dir='ltr'>ἑαυτῶν</span> <span class='ocrx_word' id='word_1_680' title='bbox 2623 4885 2815 4956; x_wconf 72' lang='grc' dir='ltr'>κακίᾳ,</span> <span class='ocrx_word' id='word_1_681' title='bbox 2856 4884 2891 4955; x_wconf 80' lang='grc' dir='ltr'>ἢ</span> <span class='ocrx_word' id='word_1_682' title='bbox 2924 4884 3014 4938; x_wconf 80' lang='grc' dir='ltr'><strong>διὰ</strong></span> <span class='ocrx_word' id='word_1_683' title='bbox 3044 4884 3335 4955; x_wconf 82' lang='grc' dir='ltr'>μετανοίας</span> <span class='ocrx_word' id='word_1_684' title='bbox 3372 4884 3462 4937; x_wconf 76' lang='grc' dir='ltr'><strong>τὸν</strong></span> <span class='ocrx_word' id='word_1_685' title='bbox 3495 4883 3628 4937; x_wconf 82' lang='grc' dir='ltr'>Θεὸν</span> <span class='ocrx_word' id='word_1_686' title='bbox 3669 4878 3935 4949; x_wconf 64' lang='grc' dir='ltr'>ἐξιλεὼσαυ</span> 
     </span>
    </p>
   </div>
   <div class='ocr_carea' id='block_1_95' title="bbox 654 4969 2290 5051">
    <p class='ocr_par' dir='ltr' id='par_1_95' title="bbox 654 4975 2263 5051">
     <span class='ocr_line' id='line_1_95' title="bbox 654 4975 2263 5051; baseline 0.004 -21"><span class='ocrx_word' id='word_1_687' title='bbox 654 4975 791 5030; x_wconf 93' lang='lat' dir='ltr'><strong>dum</strong></span> <span class='ocrx_word' id='word_1_688' title='bbox 828 4977 885 5031; x_wconf 90' lang='lat' dir='ltr'><strong>in</strong></span> <span class='ocrx_word' id='word_1_689' title='bbox 925 4976 1027 5032; x_wconf 92' lang='lat' dir='ltr'><strong>hos</strong></span> <span class='ocrx_word' id='word_1_690' title='bbox 1068 4978 1378 5049; x_wconf 91' lang='lat' dir='ltr'><strong>inquireret</strong></span> <span class='ocrx_word' id='word_1_691' title='bbox 1411 4979 1658 5047; x_wconf 92' lang='lat' dir='ltr'><strong>Simeon,</strong></span> <span class='ocrx_word' id='word_1_692' title='bbox 1699 4980 1828 5051; x_wconf 92' lang='lat' dir='ltr'><strong>quia</strong></span> <span class='ocrx_word' id='word_1_693' title='bbox 1873 4980 2078 5036; x_wconf 49' lang='lat' dir='ltr'><strong>divina).</strong></span> <span class='ocrx_word' id='word_1_694' title='bbox 2141 4990 2263 5036; x_wconf 90' lang='lat' dir='ltr'><strong>erat</strong></span> 
     </span>
    </p>
   </div>
   <div class='ocr_carea' id='block_1_96' title="bbox 2296 4969 3932 5051">
    <p class='ocr_par' dir='ltr' id='par_1_96' title="bbox 2370 4969 3932 5050">
     <span class='ocr_line' id='line_1_96' title="bbox 2370 4969 3932 5050; baseline -0.006 -16"><span class='ocrx_word' id='word_1_695' title='bbox 2370 4982 2519 5043; x_wconf 87' lang='grc' dir='ltr'>σθαι,</span> <span class='ocrx_word' id='word_1_696' title='bbox 2559 4979 2656 5033; x_wconf 75' lang='grc' dir='ltr'><strong>καὶ</strong></span> <span class='ocrx_word' id='word_1_697' title='bbox 2689 4978 2967 5050; x_wconf 88' lang='grc' dir='ltr'>σωτηρίας</span> <span class='ocrx_word' id='word_1_698' title='bbox 3011 4977 3231 5031; x_wconf 84' lang='grc' dir='ltr'>αἰωνίου</span> <span class='ocrx_word' id='word_1_699' title='bbox 3270 4979 3548 5047; x_wconf 86' lang='grc' dir='ltr'>ἐπιτυχεῖν</span> <span class='ocrx_word' id='word_1_700' title='bbox 3570 4992 3584 5006; x_wconf 90' lang='grc'><strong>·</strong></span> <span class='ocrx_word' id='word_1_701' title='bbox 3615 4975 3707 5039; x_wconf 76' lang='grc' dir='ltr'><strong>οὓς</strong></span> <span class='ocrx_word' id='word_1_702' title='bbox 3735 4969 3932 5041; x_wconf 82' lang='grc' dir='ltr'>ἀνακρί-</span> 
     </span>
    </p>
   </div>
   <div class='ocr_carea' id='block_1_97' title="bbox 657 5067 2293 5145">
    <p class='ocr_par' dir='ltr' id='par_1_97' title="bbox 657 5071 2257 5145">
     <span class='ocr_line' id='line_1_97' title="bbox 657 5071 2257 5145; baseline 0.003 -21"><span class='ocrx_word' id='word_1_703' title='bbox 657 5071 1024 5126; x_wconf 76' lang='lat' dir='ltr'><strong>institutionis</strong></span> <span class='ocrx_word' id='word_1_704' title='bbox 1071 5086 1289 5141; x_wconf 83' lang='lat' dir='ltr'><strong>expers,</strong></span> <span class='ocrx_word' id='word_1_705' title='bbox 1322 5073 1420 5128; x_wconf 92' lang='lat' dir='ltr'><strong>sed</strong></span> <span class='ocrx_word' id='word_1_706' title='bbox 1470 5082 1524 5128; x_wconf 93' lang='lat' dir='ltr'><strong>ct</strong></span> <span class='ocrx_word' id='word_1_707' title='bbox 1574 5073 1678 5129; x_wconf 86' lang='lat' dir='ltr'><strong>levi</strong></span> <span class='ocrx_word' id='word_1_708' title='bbox 1741 5085 1927 5129; x_wconf 90' lang='lat' dir='ltr'><strong>mente</strong></span> <span class='ocrx_word' id='word_1_709' title='bbox 1973 5074 2257 5145; x_wconf 77' lang='lat' dir='ltr'><strong>praeditus,</strong></span> 
     </span>
    </p>
   </div>
   <div class='ocr_carea' id='block_1_98' title="bbox 2292 5067 3928 5145">
    <p class='ocr_par' dir='ltr' id='par_1_98' title="bbox 2367 5067 3928 5144">
     <span class='ocr_line' id='line_1_98' title="bbox 2367 5067 3928 5144; baseline -0.008 -16"><span class='ocrx_word' id='word_1_710' title='bbox 2367 5092 2464 5138; x_wconf 88' lang='grc' dir='ltr'><strong>νας</strong></span> <span class='ocrx_word' id='word_1_711' title='bbox 2489 5075 2517 5126; x_wconf 90' lang='lat'><strong>6</strong></span> <span class='ocrx_word' id='word_1_712' title='bbox 2568 5071 2818 5144; x_wconf 85' lang='grc' dir='ltr'>Συμεὼν,</span> <span class='ocrx_word' id='word_1_713' title='bbox 2864 5073 2960 5126; x_wconf 75' lang='grc' dir='ltr'><strong>καὶ</strong></span> <span class='ocrx_word' id='word_1_714' title='bbox 2986 5070 3234 5144; x_wconf 86' lang='grc' dir='ltr'>ἀμύητος</span> <span class='ocrx_word' id='word_1_715' title='bbox 3260 5070 3334 5124; x_wconf 82' lang='grc' dir='ltr'>ὣν</span> <span class='ocrx_word' id='word_1_716' title='bbox 3370 5070 3561 5141; x_wconf 86' lang='grc' dir='ltr'>θεῖκῆς</span> <span class='ocrx_word' id='word_1_717' title='bbox 3590 5067 3928 5125; x_wconf 81' lang='grc' dir='ltr'>παιδεύσεως.</span> 
     </span>
    </p>
   </div>
   <div class='ocr_carea' id='block_1_99' title="bbox 658 5156 2294 5241">
    <p class='ocr_par' dir='ltr' id='par_1_99' title="bbox 658 5164 2260 5239">
     <span class='ocr_line' id='line_1_99' title="bbox 658 5164 2260 5239; baseline 0.003 -21"><span class='ocrx_word' id='word_1_718' title='bbox 658 5164 1027 5233; x_wconf 87' lang='lat' dir='ltr'><strong>perniciosam</strong></span> <span class='ocrx_word' id='word_1_719' title='bbox 1054 5164 1197 5220; x_wconf 88' lang='lat' dir='ltr'><strong>illam</strong></span> <span class='ocrx_word' id='word_1_720' title='bbox 1232 5164 1534 5221; x_wconf 90' lang='lat' dir='ltr'><strong>condidicit</strong></span> <span class='ocrx_word' id='word_1_721' title='bbox 1567 5166 1818 5221; x_wconf 64' lang='lat' dir='ltr'><strong>hmresim</strong></span> <span class='ocrx_word' id='word_1_722' title='bbox 1844 5183 1859 5232; x_wconf 90' lang='lat'><strong>;</strong></span> <span class='ocrx_word' id='word_1_723' title='bbox 1890 5183 2260 5239; x_wconf 88' lang='lat' dir='ltr'><strong>reversusque</strong></span> 
     </span>
    </p>
   </div>
   <div class='ocr_carea' id='block_1_100' title="bbox 2294 5156 3930 5241">
    <p class='ocr_par' dir='ltr' id='par_1_100' title="bbox 2371 5156 3930 5241">
     <span class='ocr_line' id='line_1_100' title="bbox 2371 5156 3930 5241; baseline -0.009 -19"><span class='ocrx_word' id='word_1_724' title='bbox 2371 5169 2574 5241; x_wconf 83' lang='grc' dir='ltr'>μᾶλλον</span> <span class='ocrx_word' id='word_1_725' title='bbox 2596 5167 2652 5221; x_wconf 91' lang='grc' dir='ltr'><strong>δέ</strong></span> <span class='ocrx_word' id='word_1_726' title='bbox 2678 5167 2880 5237; x_wconf 79' lang='grc' dir='ltr'>κοῦφος</span> <span class='ocrx_word' id='word_1_727' title='bbox 2902 5167 3025 5230; x_wconf 86' lang='grc' dir='ltr'>ταῖς</span> <span class='ocrx_word' id='word_1_728' title='bbox 3052 5166 3247 5237; x_wconf 69' lang='grc' dir='ltr'>φρεσὶν</span> <span class='ocrx_word' id='word_1_729' title='bbox 3274 5164 3560 5236; x_wconf 82' lang='grc' dir='ltr'>ὑπάρχων,</span> <span class='ocrx_word' id='word_1_730' title='bbox 3589 5163 3687 5233; x_wconf 84' lang='grc' dir='ltr'><strong>τὴν</strong></span> <span class='ocrx_word' id='word_1_731' title='bbox 3710 5156 3930 5229; x_wconf 81' lang='grc' dir='ltr'>ὀλεθρίαν</span> 
     </span>
    </p>
   </div>
   <div class='ocr_carea' id='block_1_101' title="bbox 658 5252 2294 5334">
    <p class='ocr_par' dir='ltr' id='par_1_101' title="bbox 658 5255 2259 5330">
     <span class='ocr_line' id='line_1_101' title="bbox 658 5255 2259 5330; baseline 0.003 -19"><span class='ocrx_word' id='word_1_732' title='bbox 658 5255 727 5311; x_wconf 91' lang='lat' dir='ltr'><strong>ad</strong></span> <span class='ocrx_word' id='word_1_733' title='bbox 754 5255 1164 5327; x_wconf 88' lang='lat' dir='ltr'><strong>imperatorem,</strong></span> <span class='ocrx_word' id='word_1_734' title='bbox 1184 5267 1239 5313; x_wconf 92' lang='lat' dir='ltr'><strong>et</strong></span> <span class='ocrx_word' id='word_1_735' title='bbox 1271 5258 1511 5313; x_wconf 89' lang='lat' dir='ltr'><strong>triennio</strong></span> <span class='ocrx_word' id='word_1_736' title='bbox 1538 5258 2016 5330; x_wconf 90' lang='lat' dir='ltr'><strong>Constantinopoli</strong></span> <span class='ocrx_word' id='word_1_737' title='bbox 2038 5270 2259 5327; x_wconf 76' lang='lat' dir='ltr'><strong>exacto,</strong></span> 
     </span>
    </p>
   </div>
   <div class='ocr_carea' id='block_1_102' title="bbox 2293 5252 3929 5334">
    <p class='ocr_par' dir='ltr' id='par_1_102' title="bbox 2367 5252 3929 5334">
     <span class='ocr_line' id='line_1_102' title="bbox 2367 5252 3929 5334; baseline -0.011 -17"><span class='ocrx_word' id='word_1_738' title='bbox 2367 5262 2573 5334; x_wconf 83' lang='grc' dir='ltr'>ταύτην</span> <span class='ocrx_word' id='word_1_739' title='bbox 2598 5260 2801 5332; x_wconf 75' lang='grc' dir='ltr'>ἔμαθεν</span> <span class='ocrx_word' id='word_1_740' title='bbox 2827 5258 3074 5331; x_wconf 77' lang='grc' dir='ltr'>αἵρεσινο</span> <span class='ocrx_word' id='word_1_741' title='bbox 3104 5259 3199 5313; x_wconf 71' lang='grc' dir='ltr'><strong>καὶ</strong></span> <span class='ocrx_word' id='word_1_742' title='bbox 3230 5256 3563 5327; x_wconf 79' lang='grc' dir='ltr'>ἀνακάμψας</span> <span class='ocrx_word' id='word_1_743' title='bbox 3589 5255 3721 5327; x_wconf 79' lang='grc' dir='ltr'>πρὸς</span> <span class='ocrx_word' id='word_1_744' title='bbox 3747 5254 3831 5306; x_wconf 73' lang='grc' dir='ltr'><strong>τὸν</strong></span> <span class='ocrx_word' id='word_1_745' title='bbox 3848 5252 3929 5320; x_wconf 77' lang='grc' dir='ltr'><strong>βα-</strong></span> 
     </span>
    </p>
   </div>
   <div class='ocr_carea' id='block_1_103' title="bbox 661 5346 2297 5423">
    <p class='ocr_par' dir='ltr' id='par_1_103' title="bbox 661 5348 2261 5422">
     <span class='ocr_line' id='line_1_103' title="bbox 661 5348 2261 5422; baseline 0.003 -19"><span class='ocrx_word' id='word_1_746' title='bbox 661 5348 810 5403; x_wconf 89' lang='lat' dir='ltr'><strong>domi</strong></span> <span class='ocrx_word' id='word_1_747' title='bbox 835 5364 949 5404; x_wconf 65' lang='lat' dir='ltr'><strong>sua:</strong></span> <span class='ocrx_word' id='word_1_748' title='bbox 985 5365 1234 5417; x_wconf 90' lang='lat' dir='ltr'><strong>manens,</strong></span> <span class='ocrx_word' id='word_1_749' title='bbox 1272 5367 1302 5405; x_wconf 87' lang='lat' dir='ltr'><strong>a</strong></span> <span class='ocrx_word' id='word_1_750' title='bbox 1332 5351 1549 5407; x_wconf 88' lang='lat' dir='ltr'><strong>diabolo</strong></span> <span class='ocrx_word' id='word_1_751' title='bbox 1583 5365 1706 5406; x_wconf 83' lang='lat' dir='ltr'><strong>mox</strong></span> <span class='ocrx_word' id='word_1_752' title='bbox 1746 5352 2009 5422; x_wconf 87' lang='lat' dir='ltr'><strong>percitus,</strong></span> <span class='ocrx_word' id='word_1_753' title='bbox 2044 5354 2261 5409; x_wconf 90' lang='lat' dir='ltr'><strong>cunctis</strong></span> 
     </span>
    </p>
   </div>
   <div class='ocr_carea' id='block_1_104' title="bbox 2292 5346 3928 5423">
    <p class='ocr_par' dir='ltr' id='par_1_104' title="bbox 2372 5346 3928 5423">
     <span class='ocr_line' id='line_1_104' title="bbox 2372 5346 3928 5423; baseline -0.011 -16"><span class='ocrx_word' id='word_1_754' title='bbox 2372 5354 2545 5418; x_wconf 85' lang='grc' dir='ltr'>σιλέα,</span> <span class='ocrx_word' id='word_1_755' title='bbox 2592 5352 2685 5407; x_wconf 70' lang='grc' dir='ltr'>καὶ</span> <span class='ocrx_word' id='word_1_756' title='bbox 2729 5351 2921 5423; x_wconf 85' lang='grc' dir='ltr'>τριετῆ</span> <span class='ocrx_word' id='word_1_757' title='bbox 2970 5349 3162 5421; x_wconf 83' lang='grc' dir='ltr'>χρόνον</span> <span class='ocrx_word' id='word_1_758' title='bbox 3191 5346 3481 5417; x_wconf 79' lang='grc' dir='ltr'>ἐπιμείνας</span> <span class='ocrx_word' id='word_1_759' title='bbox 3519 5346 3928 5399; x_wconf 81' lang='grc' dir='ltr'>Κωνσταντινου-</span> 
     </span>
    </p>
   </div>
   <div class='ocr_carea' id='block_1_105' title="bbox 663 5429 2299 5518">
    <p class='ocr_par' dir='ltr' id='par_1_105' title="bbox 663 5443 2261 5518">
     <span class='ocr_line' id='line_1_105' title="bbox 663 5443 2261 5518; baseline 0.002 -21"><span class='ocrx_word' id='word_1_760' title='bbox 663 5443 891 5509; x_wconf 88' lang='lat' dir='ltr'><strong>relictis,</strong></span> <span class='ocrx_word' id='word_1_761' title='bbox 928 5444 1069 5500; x_wconf 89' lang='lat' dir='ltr'><strong>clam</strong></span> <span class='ocrx_word' id='word_1_762' title='bbox 1100 5444 1333 5518; x_wconf 81' lang='lat' dir='ltr'><strong>aufugit,</strong></span> <span class='ocrx_word' id='word_1_763' title='bbox 1400 5446 1743 5515; x_wconf 81' lang='lat' dir='ltr'><strong>veniensque</strong></span> <span class='ocrx_word' id='word_1_764' title='bbox 1796 5444 1863 5499; x_wconf 88' lang='lat' dir='ltr'><strong>ad</strong></span> <span class='ocrx_word' id='word_1_765' title='bbox 1915 5446 2116 5503; x_wconf 89' lang='lat' dir='ltr'><strong>dictam</strong></span> <span class='ocrx_word' id='word_1_766' title='bbox 2164 5446 2261 5503; x_wconf 83' lang='lat' dir='ltr'><strong>Ci-</strong></span> 
     </span>
    </p>
   </div>
   <div class='ocr_carea' id='block_1_106' title="bbox 2294 5429 3930 5518">
    <p class='ocr_par' dir='ltr' id='par_1_106' title="bbox 2372 5429 3930 5513">
     <span class='ocr_line' id='line_1_106' title="bbox 2372 5429 3930 5513; baseline -0.012 -15"><span class='ocrx_word' id='word_1_767' title='bbox 2372 5443 2546 5509; x_wconf 85' lang='grc' dir='ltr'>πόλει,</span> <span class='ocrx_word' id='word_1_768' title='bbox 2583 5441 2725 5495; x_wconf 82' lang='grc' dir='ltr'>οἴκοι</span> <span class='ocrx_word' id='word_1_769' title='bbox 2759 5441 2958 5513; x_wconf 88' lang='grc' dir='ltr'>μένων,</span> <span class='ocrx_word' id='word_1_770' title='bbox 2994 5439 3215 5503; x_wconf 87' lang='grc' dir='ltr'>τελείως</span> <span class='ocrx_word' id='word_1_771' title='bbox 3242 5436 3561 5509; x_wconf 76' lang='grc' dir='ltr'>ἐνεργηθεὶς</span> <span class='ocrx_word' id='word_1_772' title='bbox 3593 5437 3693 5491; x_wconf 79' lang='grc' dir='ltr'>ὑπὸ</span> <span class='ocrx_word' id='word_1_773' title='bbox 3719 5432 3804 5487; x_wconf 88' lang='grc' dir='ltr'><strong>τοῦ</strong></span> <span class='ocrx_word' id='word_1_774' title='bbox 3835 5429 3930 5482; x_wconf 63' lang='grc' dir='ltr'>διας</span> 
     </span>
    </p>
   </div>
   <div class='ocr_carea' id='block_1_107' title="bbox 665 5520 2301 5612">
    <p class='ocr_par' dir='ltr' id='par_1_107' title="bbox 665 5537 2261 5612">
     <span class='ocr_line' id='line_1_107' title="bbox 665 5537 2261 5612; baseline 0.002 -20"><span class='ocrx_word' id='word_1_775' title='bbox 665 5537 907 5605; x_wconf 85' lang='lat' dir='ltr'><strong>bossam,</strong></span> <span class='ocrx_word' id='word_1_776' title='bbox 943 5538 1245 5609; x_wconf 88' lang='lat' dir='ltr'><strong>discipulos</strong></span> <span class='ocrx_word' id='word_1_777' title='bbox 1285 5539 1635 5597; x_wconf 88' lang='lat' dir='ltr'><strong>Constantini</strong></span> <span class='ocrx_word' id='word_1_778' title='bbox 1668 5538 1931 5612; x_wconf 82' lang='lat' dir='ltr'><strong>collegit;</strong></span> <span class='ocrx_word' id='word_1_779' title='bbox 1963 5540 2261 5611; x_wconf 77' lang='lat' dir='ltr'><strong>factusque</strong></span> 
     </span>
    </p>
   </div>
   <div class='ocr_carea' id='block_1_108' title="bbox 2287 5520 3923 5612">
    <p class='ocr_par' dir='ltr' id='par_1_108' title="bbox 2369 5520 3923 5604">
     <span class='ocr_line' id='line_1_108' title="bbox 2369 5520 3923 5604; baseline -0.009 -14"><span class='ocrx_word' id='word_1_780' title='bbox 2369 5537 2552 5603; x_wconf 79' lang='grc' dir='ltr'>ϐόλον,</span> <span class='ocrx_word' id='word_1_781' title='bbox 2614 5532 2935 5590; x_wconf 86' lang='grc' dir='ltr'>καταλιπὼν</span> <span class='ocrx_word' id='word_1_782' title='bbox 2982 5534 3221 5597; x_wconf 78' lang='grc' dir='ltr'>ἅπαντα,</span> <span class='ocrx_word' id='word_1_783' title='bbox 3265 5530 3545 5604; x_wconf 86' lang='grc' dir='ltr'>λαθραίως</span> <span class='ocrx_word' id='word_1_784' title='bbox 3588 5528 3823 5600; x_wconf 82' lang='grc' dir='ltr'>ἀπέδρα·</span> <span class='ocrx_word' id='word_1_785' title='bbox 3849 5520 3923 5576; x_wconf 77' lang='grc' dir='ltr'><strong>καὶ</strong></span> 
     </span>
    </p>
   </div>
   <div class='ocr_carea' id='block_1_109' title="bbox 707 5673 1292 5742">
    <p class='ocr_par' dir='ltr' id='par_1_109' title="bbox 707 5673 1292 5742">
     <span class='ocr_line' id='line_1_109' title="bbox 707 5673 1292 5742; baseline 0.002 -12"><span class='ocrx_word' id='word_1_786' title='bbox 707 5673 751 5704; x_wconf 81' lang='grc'><strong>³⁷</strong></span> <span class='ocrx_word' id='word_1_787' title='bbox 780 5674 919 5730; x_wconf 84' lang='lat' dir='ltr'><strong>Psal.</strong></span> <span class='ocrx_word' id='word_1_788' title='bbox 949 5690 1049 5741; x_wconf 88' lang='lat' dir='ltr'><strong>vn,</strong></span> <span class='ocrx_word' id='word_1_789' title='bbox 1079 5675 1167 5742; x_wconf 81' lang='grc'><strong>16,</strong></span> <span class='ocrx_word' id='word_1_790' title='bbox 1205 5676 1292 5731; x_wconf 81' lang='grc'><strong>17.</strong></span> 
     </span>
    </p>
   </div>
   <div class='ocr_carea' id='block_1_110' title="bbox 2295 4564 2335 4619">
    <p class='ocr_par' dir='ltr' id='par_1_110' title="bbox 2295 4564 2335 4619">
     <span class='ocr_line' id='line_1_110' title="bbox 2295 4564 2335 4619; baseline 0 0"><span class='ocrx_word' id='word_1_791' title='bbox 2295 4564 2335 4619; x_wconf 91' lang='lat' dir='ltr'><strong>D</strong></span> 
     </span>
    </p>
   </div>
   <div class='ocr_carea' id='block_1_111' title="bbox 1965 5770 2683 5832">
    <p class='ocr_par' dir='ltr' id='par_1_111' title="bbox 1965 5770 2683 5832">
     <span class='ocr_line' id='line_1_111' title="bbox 1965 5770 2683 5832; baseline -0.006 -3"><span class='ocrx_word' id='word_1_792' title='bbox 1965 5774 2206 5832; x_wconf 79' lang='lat' dir='ltr'><strong>VARle</strong></span> <span class='ocrx_word' id='word_1_793' title='bbox 2267 5770 2683 5832; x_wconf 74' lang='lat' dir='ltr'><strong>LECTIONES.</strong></span> 
     </span>
    </p>
   </div>
   <div class='ocr_carea' id='block_1_112' title="bbox 785 5901 3916 5991">
    <p class='ocr_par' dir='ltr' id='par_1_112' title="bbox 785 5901 3916 5991">
     <span class='ocr_line' id='line_1_112' title="bbox 785 5901 3916 5991; baseline -0.006 -17"><span class='ocrx_word' id='word_1_794' title='bbox 785 5922 814 5962; x_wconf 74' lang='grc' dir='ltr'><strong>ἰ</strong></span> <span class='ocrx_word' id='word_1_795' title='bbox 845 5913 908 5968; x_wconf 72' lang='grc' dir='ltr'><strong>Β.</strong></span> <span class='ocrx_word' id='word_1_796' title='bbox 936 5914 1325 5986; x_wconf 75' lang='grc' dir='ltr'>καταλλείψας.</span> <span class='ocrx_word' id='word_1_797' title='bbox 1387 5927 1408 5956; x_wconf 74' lang='grc' dir='ltr'><strong>τ</strong></span> <span class='ocrx_word' id='word_1_798' title='bbox 1440 5918 1602 5976; x_wconf 81' lang='lat' dir='ltr'><strong>Deest</strong></span> <span class='ocrx_word' id='word_1_799' title='bbox 1628 5920 1708 5983; x_wconf 87' lang='grc' dir='ltr'>εἰς</span> <span class='ocrx_word' id='word_1_800' title='bbox 1747 5920 1889 5991; x_wconf 82' lang='lat' dir='ltr'><strong>apud</strong></span> <span class='ocrx_word' id='word_1_801' title='bbox 1927 5914 1993 5975; x_wconf 83' lang='lat' dir='ltr'><strong>R.</strong></span> <span class='ocrx_word' id='word_1_802' title='bbox 2075 5930 2096 5959; x_wconf 77' lang='grc' dir='ltr'><strong>ι</strong></span> <span class='ocrx_word' id='word_1_803' title='bbox 2136 5918 2203 5974; x_wconf 75' lang='lat' dir='ltr'><strong>ti.</strong></span> <span class='ocrx_word' id='word_1_804' title='bbox 2236 5918 2397 5973; x_wconf 87' lang='grc' dir='ltr'>ἀπεδ.</span> <span class='ocrx_word' id='word_1_805' title='bbox 2482 5920 2499 5955; x_wconf 69' lang='grc' dir='ltr'><strong>ί</strong></span> <span class='ocrx_word' id='word_1_806' title='bbox 2533 5917 2695 5973; x_wconf 85' lang='lat' dir='ltr'><strong>Deest</strong></span> <span class='ocrx_word' id='word_1_807' title='bbox 2732 5915 2839 5986; x_wconf 78' lang='grc' dir='ltr'>γὰρ</span> <span class='ocrx_word' id='word_1_808' title='bbox 2867 5912 3008 5985; x_wconf 82' lang='lat' dir='ltr'><strong>apud</strong></span> <span class='ocrx_word' id='word_1_809' title='bbox 3038 5913 3103 5968; x_wconf 74' lang='lat' dir='ltr'><strong>ll.</strong></span> <span class='ocrx_word' id='word_1_810' title='bbox 3190 5925 3217 5952; x_wconf 79' lang='grc' dir='ltr'><strong>ιι</strong></span> <span class='ocrx_word' id='word_1_811' title='bbox 3252 5909 3316 5967; x_wconf 80' lang='grc' dir='ltr'>ιι.</span> <span class='ocrx_word' id='word_1_812' title='bbox 3351 5918 3405 5966; x_wconf 92' lang='lat' dir='ltr'><strong>ct</strong></span> <span class='ocrx_word' id='word_1_813' title='bbox 3443 5910 3566 5968; x_wconf 92' lang='lat' dir='ltr'><strong>cod.</strong></span> <span class='ocrx_word' id='word_1_814' title='bbox 3607 5901 3916 5961; x_wconf 76' lang='grc' dir='ltr'>Σαλουάνουςο</span> 
     </span>
    </p>
   </div>
  </div>
