4142 6478
293 427 440 493 1281

1464 435 1839 498 HISTORIA
1877 437 2500 502 MANICHEORUM.

3469 444 3612 510 1252

287 545 474 601 ἐλθὼν
521 548 602 612 εἰς
650 546 749 620 τὴν
788 547 1074 620 λεχθεῖσαν
1115 547 1418 616 Κίϐοσσαν,
1470 551 1597 614 τοὺς
1641 549 1890 622 μαθητὰς

2000 553 2301 624 impietatis
2330 555 2453 626 ejus
2503 567 2816 618 successor,
2847 551 3075 624 gloriam
3110 553 3300 623 etiam,
3330 567 3393 614 ut
3428 562 3614 616 caeteri

287 641 628 710 ἐπισυνάγει
671 641 1086 696 Κωνσταντίνου
1110 682 1127 709 ,
1176 640 1270 696 καὶ
1320 639 1534 710 γίνεται
1565 642 1665 713 τῆς
1698 641 1900 706 κακίας

285 732 545 805 διάδοχος
566 749 581 764 ’
614 733 858 801 εὐδοξίαν
881 751 961 798 τε,
1000 733 1077 799 ῶς
1116 733 1215 787 καὶ
1241 733 1291 787 oi
1321 732 1428 805 πρὸ
1464 731 1682 802 τούτου,
1719 731 1900 804 ἐαυτῷ

293 826 849 897 πραγματευόμενος,
933 825 1079 899 [cod.
1136 826 1176 881 f.
1247 825 1410 899 100.]
1493 827 1654 880 Τῖτον
1707 826 1901 880 ἑαυτὸν

289 920 578 992 ὀνομάζει.
596 920 738 991 Ἐγὼ
769 922 826 975 δὲ
853 920 1066 989 τοῦτον,
1105 923 1166 976 ού
1213 922 1373 976 Τῖτον
1399 920 1540 986 λέξω
1571 922 1654 994 (οὐ
1683 922 1794 994 γὰρ
1822 919 1893 994 ἦν

304 1012 551 1084 μιμητὴς
584 1013 746 1067 Τίτου
783 1013 878 1068 τοῦ
923 1017 982 1069 ἐν
1021 1015 1221 1088 Κρήτῃ
1258 1015 1364 1070 ὑπὸ
1393 1016 1610 1071 Παύλου
1637 1015 1732 1071 τοῦ
1760 1017 1901 1070 ἁπο-

304 1108 493 1161 στόλου
547 1108 1021 1180 χειροτονηθέντος
1047 1110 1402 1182 ἐπισκόπου),
1449 1111 1585 1165 ἀλλὰ
1639 1111 1899 1182 Κῆτονν·

308 1199 551 1272 μιμητὴς
580 1199 690 1272 γὰρ
739 1200 933 1271 γέγονε
967 1201 1064 1256 τοῦ
1101 1201 1400 1256 θαλασσίου
1435 1204 1636 1274 κήτους
1664 1201 1758 1256 τοῦ
1789 1205 1904 1266 τοῖς

305 1291 492 1345 ὓδασιν
522 1292 971 1363 ἐμφωλεύοντοςο
1015 1297 1145 1368 περὶ
1186 1296 1296 1366 γὰρ
1335 1297 1430 1350 τοῦ
1468 1296 1763 1351 θαλασσίου
1803 1298 1904 1368 κή-

301 1402 428 1449 τους
473 1385 607 1455 φασί
630 1400 656 1427 ι
690 1404 860 1454 τινες,
909 1389 992 1442 ὅτι
1025 1389 1086 1443 τὸ
1124 1388 1418 1444 θαλάσσιον
1453 1391 1641 1462 κῆτος,
1678 1389 1903 1445 ἀσπιδο-

299 1476 509 1548 χελώνη
553 1477 774 1548 λέγεται
796 1495 810 1510 ⁸
863 1479 1066 1534 ἔστιδὲ
1096 1481 1175 1552 τῷ
1221 1483 1466 1553 μεγέθει,
1499 1484 1650 1555 νήσῳ
1684 1483 1862 1547 ἐοικὸς
1885 1523 1900 1549 ,

301 1572 396 1624 καὶ
441 1573 628 1644 φωνὴν
657 1572 771 1644 ἔχει
806 1573 1034 1644 βαρεῖαν
1054 1590 1068 1605 ⁸
1107 1576 1232 1629 ὅθεν
1261 1577 1588 1646 ἀγνοοῦντες
1623 1578 1673 1631 οἱ
1705 1577 1902 1632 ναῦται

297 1665 389 1716 ἐπ’
422 1665 572 1736 αὐτῷ
601 1666 699 1731 τὰς
727 1666 979 1738 ἀγκύρας
1019 1669 1254 1737 τιθέασι,
1291 1669 1387 1725 καὶ
1417 1671 1727 1741 πηγνύντες
1756 1687 1900 1724 πασ-

302 1758 500 1822 σάλους
521 1799 536 1824 ,
578 1759 649 1813 τὰ
691 1759 853 1812 πλοῖα
880 1760 1238 1833 δεσμεύουσιν
1259 1779 1272 1793 ·
1306 1763 1394 1817 ἐπ’
1425 1763 1492 1818 ἂν
1529 1763 1586 1818 δὲ
1616 1763 1901 1834 ἁνάψωσιν

298 1850 388 1902 ἐπ’
417 1848 566 1922 αὐτῷ
588 1849 840 1923 κάμινον,
877 1853 1183 1926 θερμανθὲν
1212 1855 1274 1909 τὸ
1308 1856 1447 1921 ζῶον
1477 1855 1690 1928 ἁθρόως
1725 1874 1891 1911 κατα-

2008 645 2242 716 priores,
2299 646 2573 712 ambiens,
2605 645 2790 702 Titum
2836 664 2897 703 se
2941 647 3272 703 nominavit.
3308 648 3424 722 Ego
3474 667 3614 708 vero

2007 733 2157 790 hunc
2197 734 2380 790 Titum
2409 752 2525 792 nou
2572 737 2791 804 dicam;
2825 753 2935 792 non
2984 737 3133 794 enim
3186 738 3430 796 imitator
3492 750 3616 798 erat

2006 827 2153 884 illius
2175 831 2232 885 iu
2254 829 2416 886 Creta
2439 846 2470 885 a
2502 829 2672 886 I’aulo
2693 831 2945 903 apostolo
2969 832 3212 904 episcopi
3239 850 3254 900 ;
3283 834 3381 890 sed
3411 833 3612 890 Cetum

2005 923 2295 993 appellabo
2324 966 2338 990 ,
2399 924 2528 996 quia
2567 925 2782 981 marino
2817 925 3002 997 potius
3035 936 3157 982 ceto
3184 927 3382 984 similis
3412 929 3609 994 evasit,

2005 1015 2096 1086 qui
2127 1016 2229 1071 sub
2254 1016 2412 1087 aquis
2440 1018 2592 1073 latet.
2630 1018 2802 1074 Aiunt
2833 1021 2982 1074 enim
3010 1020 3259 1074 nonnulli
3298 1021 3448 1076 hunc
3484 1037 3606 1076 ma-

2008 1108 2188 1162 rinum
2238 1117 2421 1163 cetum
2467 1110 2950 1180 aspidochelonem
2981 1111 3272 1182 appellari,
3328 1119 3610 1184 tantaeque

2008 1201 2426 1272 magnitudinis,
2470 1209 2531 1256 ut
2558 1202 2629 1257 sit
2662 1203 2859 1259 insula:
2888 1219 3008 1274 par.
3051 1203 3245 1273 grandi
3272 1203 3440 1259 etiam
3467 1219 3606 1262 voce

2007 1303 2294 1348 sonantem
2328 1313 2341 1349 :
2369 1309 2531 1364 quam
2557 1311 2668 1350 rem
2692 1306 2870 1352 nautae
2899 1297 3236 1368 ignorantes,
3259 1297 3327 1352 ad
3349 1313 3477 1352 cum
3504 1313 3605 1352 an-

2010 1387 2210 1442 choras
2254 1386 2490 1456 iaciunt,
2529 1388 2806 1458 clavisque
2837 1389 3072 1444 conﬁxis
3116 1406 3287 1445 naves
3315 1391 3426 1462 32
3474 1392 3604 1447 reli-

2007 1489 2179 1552 gant;
2218 1481 2310 1536 ubi
2344 1491 2630 1552 postquam
2662 1483 2842 1537 iocum
2868 1483 3241 1551 inccnderinl,
3275 1485 3604 1542 calefactum

2006 1575 2210 1630 animal
2244 1585 2471 1647 repente
2527 1592 2586 1632 se
2619 1592 2908 1650 mergens,
2963 1586 3196 1635 cunctos
3245 1580 3351 1634 sub
3411 1579 3609 1652 abysso

2007 1669 2256 1724 sull‘ocat.
2285 1669 2378 1723 Sic
2397 1678 2451 1724 et
2483 1669 2585 1724 iste
2620 1685 2716 1725 eos
2731 1671 2823 1740 qui
2857 1671 3222 1742 improbitatis
3245 1671 3366 1742 ejus
3389 1671 3607 1743 magni-

2008 1761 2255 1816 tudinem
2285 1760 2627 1832 ignorabant,
2653 1775 2958 1831 vocemque
2992 1762 3288 1816 immanem
3319 1777 3427 1816 non
3456 1761 3610 1817 devi-

2010 1853 2218 1917 tabant,
2256 1850 2350 1906 sed
2380 1851 2564 1922 potius
2586 1851 2997 1917 auscultabunt,
3043 1851 3097 1904 in
3120 1865 3297 1921 coque
3338 1850 3456 1921 spei
3489 1866 3607 1906 sua:

297 1941 447 2008 δυὲν,
495 1944 706 2007 πάντας
745 1947 825 2009 είς
867 1946 1030 2016 βυθὸν
1085 1947 1403 2016 ἀποπνίγει.
1448 1946 1638 2012 Οὕτως
1676 1944 1769 2003 οὖν
1804 1949 1890 2002 καλ

2005 1947 2276 2000 anchoras
2303 1945 2634 2016 deligebaut,
2665 1951 2896 1998 cunctos
2952 1958 3049 2013 per
3084 1942 3267 2014 ignem
3301 1941 3354 1995 in
3405 1941 3606 1997 inferni

295 2032 479 2100 οὗτος,
520 2040 647 2102 τοὺς
679 2039 1057 2110 ἀγνοήσαντας
1089 2041 1255 2095 αὐτοῦ
1282 2043 1382 2112 τῆς
1412 2043 1615 2106 κακίας
1641 2044 1702 2096 τὸ
1733 2043 1902 2112 μέγε-

295 2127 414 2193 θος,
448 2131 542 2184 καὶ
575 2131 676 2201 τὴν
727 2131 954 2203 βαρεῖαν
999 2134 1185 2205 φωνὴν
1235 2134 1310 2207 μὴ
1345 2135 1724 2200 ὲκκλίναντας,
1763 2135 1900 2191 ἀλλὰ

290 2220 507 2290 μᾶλλον
551 2223 999 2302 ὑπακούσαντας,
1031 2227 1120 2280 ἐπ’
1148 2227 1298 2299 αὑτῷ
1325 2244 1383 2281 τε
1421 2228 1525 2297 τῆς
1553 2229 1772 2291 ἐλπίδος
1800 2228 1900 2299 τὴν

2011 2038 2283 2111 profunda
2312 2038 2570 2093 deduxit:
2601 2036 2807 2092 etenim
2853 2037 2979 2107 igne
3018 2052 3145 2091 cum
3191 2036 3452 2091 omnibus
3481 2052 3511 2090 a
3542 2050 3606 2091 se

2011 2129 2257 2201 deceptis
2299 2136 2664 2198 consumptus
2696 2127 2820 2195 fuit,
2861 2141 3027 2199 atque
3072 2127 3141 2183 ad
3174 2126 3453 2184 ﬂammam
3493 2127 3605 2182 mi-

2013 2223 2187 2295 gravit
2217 2221 2749 2293 inexstinguibilem.

287 2313 551 2389 ἄγκυραν
578 2318 870 2390 θεμένους,
905 2322 1116 2388 πάντας
1143 2323 1234 2378 διὰ
1272 2327 1445 2398 πυρὸς
1479 2326 1557 2390 είς
1583 2325 1744 2397 βυθὸν
1774 2324 1903 2398 βου
1939 2323 2226 2394 κατήγαγε
2247 2337 2261 2352 ’
2293 2319 2382 2374 διὰ
2415 2319 2586 2389 πυρὸς
2656 2319 2766 2391 γὰρ
2796 2316 3016 2373 λέλυται
3081 2318 3181 2373 σὺν
3207 2321 3322 2384 τοῖς
3357 2318 3475 2390 μετ’
3506 2318 3606 2372 αὖ·

289 2409 394 2474 τοῦ
427 2411 770 2484 πλανηθείσι,
799 2416 894 2469 καὶ
923 2416 1062 2488 πρὸς
1088 2415 1201 2488 πῦρ
1231 2418 1567 2492 ὲξεδήμησεν
1601 2419 1890 2474 ἄσϐεστον.

370 2499 496 2553 KZ'.
535 2501 740 2573 Τριετῆ
771 2503 880 2576 γὰρ
911 2505 1091 2559 ἐκεῖσε
1125 2507 1351 2572 τελέσας
1386 2508 1600 2580 χρόνον,
1635 2509 1730 2562 καὶ
1762 2508 1894 2562 πολ-

291 2590 422 2656 λοὺς
455 2593 771 2665 ἀπατήσας,
810 2595 1040 2669 ὕστερον
1076 2599 1430 2672 συζητήσεως
1463 2600 1766 2672 γενομένης
1795 2600 1894 2654 καὶ

290 2683 472 2754 λόγων
500 2685 714 2741 πολλῶν
743 2691 1081 2760 κινουμένων
1113 2693 1318 2763 μεταξῦ
1362 2693 1598 2748 Ἰούστου
1638 2694 1735 2749 τοῦ
1765 2713 1895 2767 προ-

293 2779 774 2850 μνημονευθέντος
813 2781 925 2836 τοῦ.
960 2787 1029 2856 τῇ
1070 2785 1166 2839 τοῦ
1207 2786 1357 2840 λίθου
1393 2786 1524 2860 βολῇ
1552 2796 1580 2836 θ’
1612 2787 1704 2842 τὸν
1731 2789 1892 2843 Κων-

295 2875 578 2927 σταντῖνον
624 2875 1002 2943 πατάξαντος,
1048 2879 1143 2932 καὶ
1176 2879 1484 2949 Συμεῶνος,
1516 2877 1610 2933 τοῦ
1651 2879 1746 2933 καὶ
1779 2880 1894 2952 Κή-

289 2981 452 3030 τους,
491 2966 622 3039 περὶ
660 2966 755 3021 τοῦ
803 2969 1161 3025 ἄποστολικοῦ
1215 2972 1383 3045 ῥητοῦ
1413 2972 1508 3027 τοῦ
1545 2975 1603 3028 ὲν
1639 2976 1706 3045 τῇ
1751 2973 1892 3046 πρὸς

292 3055 601 3122 Κολασσεῖς
633 3059 926 3134 Ἐπιστολῇ
961 3063 1215 3134 κειμένου
1270 3065 1573 3133 φάσκοντος
1594 3082 1608 3096 ο
1644 3065 1791 3139 [cod.
1845 3066 1884 3122 f.

292 3148 400 3206 100
437 3149 525 3224 b.]
569 3152 700 3206 Ὅτι
740 3152 812 3207 ἐν
841 3155 1002 3222 αὐτῷ
1026 3155 1272 3224 ἐκτίσθη
1307 3156 1380 3212 τὰ
1407 3157 1608 3212 πάντα
1634 3157 1706 3212 τά
1731 3175 1798 3212 τε
1817 3159 1888 3213 ἐν

2067 2500 2286 2557 XXVII.
2343 2497 2589 2571 Namque
2643 2499 2717 2555 ibi
2779 2500 3018 2556 triennio
3071 2503 3389 2571 demorans,
3447 2520 3604 2563 com-

1991 2595 2238 2666 pluribus
2259 2592 2450 2648 fraude
2468 2593 2737 2664 deceptis,
2755 2603 3034 2663 postremo
3051 2605 3168 2648 orta
3197 2599 3596 2666 controversia,

1991 2689 2287 2759 multisque
2309 2687 2577 2744 consertis
2601 2687 2948 2743 sermonibus
2967 2703 3092 2744 cum
3115 2705 3280 2760 supra
3297 2703 3598 2750 memorato

1989 2781 2148 2838 Iusto
2198 2781 2320 2848 illo,
2378 2795 2410 2836 a
2478 2795 2588 2852 quo
2652 2779 3049 2836 Constantinus
3113 2796 3247 2836 saxo
3303 2798 3603 2854 percussus

2000 2875 2180 2932 fuerat
2209 2891 2224 2941 ;
2264 2889 2389 2929 cum
2423 2872 2679 2937 Simeon,
2713 2873 2805 2943 qui
2843 2881 2899 2929 et
2951 2872 3138 2938 Cetus,
3174 2873 3244 2929 de
3295 2877 3603 2946 apostolico

2001 2967 2148 3023 dicto
2180 2966 2478 3022 dissereret
2505 2965 2570 3020 ad
2606 2964 2979 3030 Colosseuses,
3020 2965 3165 3035 quod
3200 2965 3271 3021 ita
3301 2981 3361 3021 se
3393 2967 3599 3025 habet:

2001 3059 2269 3126 Quoniam
2297 3059 2352 3112 in
2380 3058 2493 3128 ipso
2525 3058 2738 3111 condita
2774 3066 2896 3111 sunt
2919 3057 3165 3112 universa
3205 3059 3262 3112 in
3291 3058 3434 3113 caelis
3461 3070 3510 3114 et
3536 3060 3595 3114 iu

1999 3164 2164 3216 terra,
2195 3152 2424 3208 visibilia
2449 3162 2498 3206 et
2543 3150 2853 3215 invisibilia,
2896 3151 3003 3205 sive
3039 3151 3253 3216 Throni,
3285 3153 3390 3208 sive
3433 3153 3598 3207 Prin-

288 3242 531 3312 οὐρανῷ
559 3245 658 3300 καὶ
682 3246 783 3300 ἐπὶ
806 3247 916 3316 τῆς
939 3248 1072 3318 γῆς,
1100 3250 1172 3304 τὰ
1195 3250 1382 3318 δρατὰ
1416 3252 1516 3305 καὶ
1545 3250 1617 3305 τὰ
1643 3252 1888 3322 ἀόρατα,

1995 3249 2223 3318 cipatus,
2253 3248 2360 3302 sive
2389 3245 2724 3300 Poteslates:
2771 3245 2950 3298 omnia
2982 3261 3076 3314 per
3101 3245 3277 3315 ipsum
3303 3255 3354 3300 el
3399 3247 3457 3300 in
3483 3247 3602 3317 ipso

288 3335 414 3390 εἴτε
437 3339 668 3406 Θρόνοι,
697 3339 1064 3411 εἷτεἈρχαὶ,
1095 3342 1214 3397 εἴτε
1234 3341 1558 3409 Ἐξουσιάν
1590 3345 1666 3399 τὰ
1695 3344 1891 3400 πάντα

288 3427 368 3481 δι’
394 3430 583 3485 αὐτοῦ
615 3430 713 3485 καὶ
744 3433 828 3498 εἰς
871 3435 1062 3488 αὐτὸν
1093 3435 1343 3506 ἐκτίσθη
1362 3454 1376 3468 ο
1414 3438 1514 3492 καί
1543 3441 1728 3506 αὐτός
1758 3440 1893 3495 ἐστι

289 3520 410 3588 πρὸ
440 3521 706 3589 πάντων,
741 3526 840 3580 καὶ
866 3527 941 3581 τὰ
969 3527 1168 3582 πάντα
1195 3528 1456 3597 ὲγάὺτῷ
1482 3532 1887 3601 συνέστηκεν.

289 3606 427 3665 Εἶτα
449 3612 867 3688 διανισταμένου
894 3619 988 3673 τοῦ
1033 3620 1267 3676 Ἰούστου
1299 3625 1395 3677 καὶ
1438 3623 1715 3693 λέγοντος,
1740 3621 1890 3697 ’Λρα

290 3704 494 3776 μήπως
523 3708 826 3780 ἀπατῶμεν
856 3712 982 3775 τοὺς
1011 3711 1197 3779 λαοὺς,
1243 3715 1341 3768 καὶ
1371 3713 1549 3786 ψυχὰς
1582 3715 1890 3789 ἀνθρώπων

285 3799 567 3864 ἀσυνέτως
614 3802 944 3873 ἀπόλλομεν,
995 3803 1159 3876 ἔτερα
1203 3805 1551 3872 διδάσκοντες
1605 3811 1758 3880 παρὰ
1819 3811 1889 3865 τά

283 3893 623 3949 ἀποστολικά
653 3896 881 3968 ματα
900 3913 914 3926 °
941 3889 1016 3951 ὧν
1040 3897 1229 3969 ψυχῶν
1255 3899 1316 3952 τὸ
1341 3901 1518 3971 κρῖμα
1544 3901 1637 3954 ἐπὶ
1661 3902 1762 3972 τῆς
1791 3921 1888 3973 φο-

283 3985 456 4056 ϐερᾶς
488 3986 645 4059 δίκης
670 3990 833 4059 ἡμεῖς
862 3989 1226 4061 ἀποτίσομεν⁶
1259 3992 1287 4044 6
1317 3991 1544 4061 Συμεὼν
1595 3992 1697 4046 ούκ
1736 3994 1888 4046 ἐπεί-

284 4077 448 4131 Οετοο
495 4078 632 4134 ἀλλὰ
688 4079 889 4152 μᾶλλον
925 4081 1196 4154 ἐπέμενεν
1241 4081 1607 4155 διαστρέφων,
1642 4083 1720 4149 ὡς
1764 4084 1884 4149 ἔθος

281 4166 353 4242 ἦν
389 4171 561 4244 αὐτῷ,
617 4167 720 4228 ὦδε
771 4174 999 4228 κάκεῖσε
1057 4174 1152 4228 τοῦ
1207 4175 1369 4245 λόγου
1427 4175 1527 4247 τὴν
1583 4177 1883 4249 ἑρμηνείαν

281 4264 474 4334 ἄγωνο
511 4266 607 4320 καὶ
636 4269 938 4340 γενομένης
986 4267 1326 4338 φιλονεικίας
1377 4268 1625 4341 μεγάλης
1677 4267 1881 4340 μεταξὺ

295 4358 529 4413 Ἰούστου
585 4361 680 4414 καὶ
727 4362 822 4416 τοῦ
874 4361 1205 4432 Συμεῶνος,
1257 4363 1287 4416 6
1329 4361 1558 4426 Ἰοῦστος
1592 4361 1882 4433 ἀνέρχεται

279 4450 422 4522 πρὸς
453 4451 546 4507 τὸν
575 4453 877 4508 ἐπίσκοπον
911 4453 1242 4520 Κολωνείας,
1273 4455 1371 4508 καὶ
1397 4453 1496 4527 τὴν
1520 4455 1754 4526 δύναμιν
1783 4453 1880 4508 τοῦ

276 4545 644 4600 ἁποστολικοῦ
695 4547 862 4619 ῥητοῦ
926 4547 1118 4619 μαθεῖν
1161 4547 1510 4619 βουλόμενος,
1550 4543 1878 4620 ἀνήγγειλεν

277 4638 433 4710 αὐτῷ
484 4639 662 4694 πάντα
725 4640 855 4714 περί
909 4658 968 4694 τε
1018 4640 1214 4695 ἑαυτοῦ
1261 4643 1355 4696 καὶ
1392 4641 1502 4696 τῶν
1528 4642 1735 4697 λοιπῶν
1769 4641 1877 4696 τῶν

276 4733 556 4789 συνόντων
603 4733 776 4807 αὐτῷ,
827 4734 923 4788 καί
953 4734 1058 4806 τῆς
1089 4733 1439 4800 διδασκαλίας
1490 4733 1706 4790 αὐτῶνθ
1742 4737 1770 4788 ὁ
1822 4735 1878 4788 δὲ

275 4828 584 4892 ἐπίσκοπος
634 4828 804 4900 μηδὲν
857 4827 1152 4900 μελλήσας,
1195 4829 1443 4898 ἀνήγαγε
1493 4829 1624 4899 περὶ
1670 4828 1878 4882 τούτων

272 4921 354 4994 τῷ
387 4922 602 4992 βασιλεῖ
641 4922 933 4994 Ἰουστίνῳ,
967 4922 1045 4994 τῷ
1077 4922 1219 4994 μετὰ
1255 4921 1581 4993 Ἡράκλειον
1621 4921 1878 4992 βασιλεύ-

276 5036 436 5073 σαντι
458 5033 472 5047 ·
512 5017 702 5089 μαθὼν
735 5017 794 5071 δὲ
826 5019 855 5070 6
891 5016 1168 5088 βασιλεὺς,
1211 5015 1470 5070 ἐκέλευσε
1505 5015 1714 5078 πάντας
1743 5014 1876 5084 ὑφὲν

272 5111 673 5184 ἀνακριθῆναι·
706 5111 802 5165 καὶ
835 5111 960 5175 τοὺς
993 5107 1360 5180 ἐμμείναντας
1395 5111 1460 5179 τῇ
1495 5108 1671 5180 πλάνῃ
1691 5151 1706 5175 ,
1736 5108 1870 5178 πυρὶ

1995 3351 2172 3396 creata
2196 3350 2318 3396 sunt
2343 3357 2361 3395 :
2398 3349 2448 3394 et
2481 3341 2590 3409 ipse
2616 3348 2692 3395 est
2725 3349 2848 3395 ante
2873 3356 3075 3405 omnes,
3108 3348 3158 3393 et
3186 3341 3367 3394 omnia
3392 3342 3448 3394 in
3475 3342 3594 3411 ipso

1994 3443 2233 3490 constant
2258 3435 2344 3502 ³⁸;
2375 3449 2499 3488 mox
2524 3435 2763 3489 instante
2795 3431 2953 3488 Justo
3001 3448 3065 3487 ac
3107 3431 3323 3488 dicente
3354 3451 3368 3486 :
3403 3433 3599 3506 Agesis

1993 3529 2196 3590 sis.'ue
2221 3528 2431 3583 diutius
2462 3526 2693 3598 populos
2737 3525 3101 3596 decipiamus,
3138 3533 3193 3581 et
3229 3526 3442 3581 animas
3487 3527 3593 3581 ho-

1993 3624 2203 3679 minum
2234 3621 2559 3692 insipienter
2610 3619 2928 3690 perdamus,
2975 3619 3192 3673 diversa
3243 3617 3313 3672 ab
3367 3625 3595 3688 apostoc

1991 3716 2112 3771 licis
2144 3715 2329 3770 verbis
2359 3713 2626 3768 docentes
2654 3727 2670 3778 ;
2707 3711 2776 3766 de
2822 3725 3057 3780 quarum
3088 3708 3401 3763 animarum
3433 3709 3593 3762 dam-

1990 3809 2216 3865 natione
2245 3822 2348 3862 nos
2378 3806 2434 3860 in
2469 3803 2758 3860 tremendo
2807 3801 3020 3873 judicio
3049 3815 3242 3871 poenas
3294 3798 3551 3855 dabimus
3577 3815 3595 3864 ;

1991 3902 2215 3957 Simeon
2248 3914 2357 3954 non
2403 3907 2489 3953 est
2530 3912 2810 3961 assensus,
2858 3895 2955 3950 sed
3016 3909 3082 3948 eo
3121 3893 3293 3964 magis
3339 3891 3396 3947 in
3441 3907 3596 3947 more

1986 4009 2089 4050 suo
2114 3991 2426 4047 testimonia
2457 4005 2612 4044 sacra
2639 3986 3014 4058 dislorqueudi
3045 3984 3433 4056 perseveravit,
3472 4000 3598 4039 sus-

1984 4085 2163 4155 deque
2191 4083 2704 4154 interpretationem
2747 4094 2993 4134 versans.
3021 4079 3155 4132 Orto
3197 4078 3379 4148 itaque
3433 4078 3588 4148 gravi

1985 4178 2130 4232 inter
2173 4176 2388 4231 Iustum
2438 4190 2503 4229 ac
2553 4174 2872 4228 Simeonem
2922 4170 3173 4234 dissidio,
3228 4171 3463 4225 accessit
3520 4170 3591 4224 ad

1985 4271 2238 4325 (Solonem
2267 4267 2586 4337 episcopum
2609 4265 2816 4326 Justus,
2839 4263 2908 4316 ab
2941 4276 3117 4331 coque
3154 4260 3263 4316 vim
3300 4259 3593 4330 apostolici

1985 4363 2116 4420 dicti
2149 4363 2364 4418 discere
2415 4359 2626 4422 volens,
2659 4372 2748 4412 res
2802 4370 2932 4410 suas
2963 4363 3193 4408 cunctas
3239 4361 3295 4406 et
3326 4350 3590 4421 conjun-

1985 4465 2164 4510 torum
2193 4452 2489 4514 sociorum,
2523 4465 2627 4505 nec
2657 4464 2766 4503 non
2800 4446 3067 4502 doctrinae
3096 4459 3271 4517 genus
3297 4443 3583 4498 revelavit.

1983 4548 2053 4602 At
2086 4544 2382 4616 episc0pus
2410 4541 2530 4597 sine
2560 4555 2712 4595 mora
2731 4537 2915 4593 omnia
2947 4538 3065 4592 haec
3115 4533 3434 4591 Iustiniano
3459 4542 3588 4603 post

1914 4616 1956 4672 θ
1983 4637 2293 4694 Ileraolium
2330 4633 2625 4705 imperanti
2661 4631 2991 4704 signiﬁcavit
3021 4649 3034 4685 :
3059 4630 3260 4700 quibus
3280 4627 3586 4698 imperator

1979 4729 2234 4801 cognitis,
2281 4726 2565 4782 mandavit
2594 4725 2665 4780 de
2699 4722 2960 4777 omnibus
3014 4720 3176 4776 simul
3229 4717 3586 4791 congregatis

1977 4823 2342 4895 qua-stionem
2373 4820 2512 4884 ﬁeri,
2550 4827 2607 4872 et
2636 4816 2692 4871 iu
2737 4831 2925 4870 errore
2973 4813 3287 4884 pertinaces
3341 4810 3584 4865 ﬂammis

1979 4917 2140 4983 tradi,
2168 4915 2313 4984 quod
2345 4924 2397 4970 et
2417 4912 2619 4968 factum
2645 4917 2766 4965 est:
2799 4923 2924 4962 nam
2945 4922 3115 4977 prope
3149 4905 3303 4960 illum
3338 4903 3585 4974 appella-

1977 5016 2093 5062 tqu
2146 5006 2254 5078 33
2303 5020 2559 5060 acervum
2618 5000 2811 5074 grandi
2861 5013 2992 5070 rogo
3037 4995 3290 5063 incenso,
3348 5003 3581 5051 cunctos

1979 5103 2206 5160 omnino
2226 5109 2574 5158 exusseruut.

273 5179 658 5276 παραδοθῆναι
680 5213 726 5269 τ,
763 5203 902 5274 ὅπερ
947 5179 1044 5255 καί
1073 5179 1302 5270 γέγονε·
1338 5198 1568 5271 πλησίον
1766 5198 1868 5270 τῆς
1910 5193 2090 5267 σωροῦ
2119 5192 2299 5265 πυρὰν
2323 5191 2570 5264 μεγάλην
2635 5189 2966 5260 ἀνάψαντες,
3009 5185 3182 5259 ἄρδην
3241 5179 3585 5252 κατέφλεξαν

274 5310 545 5349 απαντας.

344 5329 616 5450 ΚΗἏἘῖς
653 5383 711 5440 δέ
739 5402 823 5448 τις
854 5383 914 5449 ἐξ
952 5383 1134 5438 αὐτῶν
1160 5383 1386 5455 ὀνόματι
1409 5382 1622 5449 Παῦλος
1666 5381 1870 5454 Ἀρμέ-

271 5498 385 5546 νιος
406 5478 485 5551 τῴ
512 5477 682 5548 γένει,
714 5477 855 5549 έχων
883 5474 979 5530 δύο
1008 5475 1180 5543 υἱοὺς,
1217 5467 1294 5529 ὧν
1317 5474 1387 5530 τὰ
1413 5474 1656 5547 ὀνόματα
1700 5471 1865 5546 [co-J.

345 5613 391 5644 ³⁸
417 5610 631 5668 Coloss.
656 5625 695 5673 ι,
731 5609 816 5666 l6.

2051 5377 2294 5435 XXVIII.
2339 5377 2416 5432 Ex
2467 5376 2556 5432 his
2605 5382 2792 5430 tamen
2852 5387 3020 5435 unus,
3078 5367 3302 5425 nomine
3356 5366 3586 5437 Paulus,

1978 5484 2140 5545 gente
2177 5472 2493 5537 Armenius,
2530 5485 2675 5543 .cum
2710 5468 2928 5526 duobus
2985 5463 3176 5520 liberis
3214 5460 3486 5534 Geguesio
3515 5476 3582 5518 ac

1572 5721 1802 5780 VARle
1859 5722 2271 5782 LECTIONES.

379 5882 406 5911 ν
440 5869 507 5925 Β.
535 5877 588 5923 et
615 5869 739 5924 cod.
790 5867 1145 5940 Kﬁtg;,quoil
1168 5866 1414 5940 fortasse
1443 5865 1575 5924 ferri
1611 5876 1807 5940 patest.

272 5960 417 6003 corr.
499 5950 521 5978 ι
557 5942 636 5998 lla
666 5941 791 5999 cod.
823 5941 892 5998 At
913 5938 980 5999 Β.
1008 5938 1430 6012 παραδοθέντες.
1471 6006 1478 6014 ⁹

1926 5881 1952 5911 ι
1984 5867 2052 5924 Β.
2090 5865 2247 5941 φησί.

2348 5866 2554 5927 7R.ct
2587 5863 2715 5923 cod.
2774 5859 2961 5936 βουλῇ.
3013 5855 3124 5913 Sed
3171 5851 3247 5908 II.
3309 5848 3368 5908 in
3398 5862 3575 5922 marg.
