4142 6438
669 411 810 475 1Ξ83

2076 405 2302 467 PETRI
2358 405 2614 468 SICULI

3813 410 3916 478 1234

659 522 982 586 Theodoro,
1040 520 1167 594 fuga
1221 520 1445 592 elapsus
1478 519 1628 576 venit
1688 518 2018 591 Episparim,
2053 520 2121 573 de
2152 534 2264 589 quo

2375 515 2407 570 Γ.
2443 517 2603 586 NL]
2636 519 2920 589 Γεγνέσιος
2969 521 3067 575 καὶ
3096 519 3394 593 Θεῶἳωρος,
3449 520 3565 594 μεθ’
3592 516 3669 576 ὧν
3703 525 3789 576 καὶ
3813 527 3917 579 ἀπο·

656 616 938 688 pagojam
970 615 1232 677 diximus.
1263 615 1355 668 ubi
1393 613 1567 669 fusius
1591 615 1659 669 de
1709 613 1881 669 Paulo
1929 628 1995 668 ac
2053 612 2269 668 Joanne

659 708 1037 765 Samosatcnsi
1066 707 1230 762 verba
1261 706 1514 773 fecimus,
1551 706 1835 763 Callinij
1869 705 2030 770 ﬁliis;
2087 723 2116 760 a
2157 721 2270 776 quo

657 799 829 856 Paulo
860 798 1157 855 Pauliciani
1193 814 1290 870 pro
1326 797 1641 854 Maniclucis
1665 799 2085 854 trausnominati
2113 806 2266 853 sunt.

659 894 955 950 Promovet
987 893 1171 963 itaque
1206 893 1407 948 Paulus
1441 893 1611 947 lilium
1643 909 1806 948 suum
1837 891 2170 961 Gegnesium
2201 891 2272 945 ad

660 986 962 1058 impietatis
1019 986 1424 1056 magisterium,
1475 1001 1641 1055 quem
1698 984 1862 1039 etiam
1915 982 2270 1038 Timotheum

659 1081 1020 1151 nuncupavit.
1063 1079 1327 1134 Coortum
1360 1089 1443 1133 est
1475 1088 1658 1132 tamen
1693 1077 1836 1132 inter
1882 1077 2022 1133 duos
2073 1076 2272 1132 fratres

661 1173 997 1244 Gegnesium
1056 1189 1119 1228 ac
1175 1172 1532 1228 Theodorum
1569 1171 1882 1234 dissidium,
1939 1171 2068 1225 dum
2123 1169 2274 1241 prior

661 1266 874 1322 diceret
905 1282 964 1322 se
993 1267 1237 1322 divinam
1270 1265 1507 1338 Spiritus
1536 1265 1764 1337 gratiam
1797 1265 2094 1334 recepisse,
2124 1264 2264 1318 alter

659 1359 904 1415 vicissim
940 1374 1000 1414 se
1048 1359 1101 1412 in
1143 1373 1270 1413 eum
1321 1358 1552 1430 gradum
1590 1357 1934 1413 obtruderet.
1981 1358 2162 1426 Atque
2198 1356 2272 1410 ita

658 1458 854 1504 mutuo
885 1449 1235 1510 dissidentes,
1291 1465 1619 1521 summoque
1666 1450 1794 1504 odio
1843 1448 2157 1520 ﬂagrantes,
2215 1448 2272 1503 hi

655 1543 1039 1599 abominanda:
1070 1551 1236 1597 sectze
1273 1542 1537 1613 praesides
1570 1558 1742 1613 usque
1793 1542 1862 1597 ad
1907 1542 2035 1597 vitae
2079 1541 2272 1597 termi-

656 1652 790 1690 num
821 1642 1270 1709 perseverarunt.

2373 610 2676 680 ὃιδράσκει,
2709 613 2931 685 ἔρχεται
2958 616 3040 679 εἰς
3083 615 3414 686 Ἐπίσπαριν
3443 614 3540 688 τὴν
3571 615 3918 688 προλεχθεῖσαν

2375 705 2508 774 ἡμῖν
2548 706 2606 757 ἐν
2657 708 2772 770 τοῖς
2824 707 2912 761 διὰ
2969 708 3232 774 πλάτους,
3291 710 3380 763 ὅτε
3437 709 3566 780 περὶ
3604 708 3804 763 Παύλου
3847 716 3920 764 καὶ

2387 798 2637 854 Ἰωάννου
2681 802 2792 854 τῶν
2836 803 3240 872 Σαμωσατέων,
3289 805 3397 858 τῶν
3450 804 3581 857 υἱῶν
3640 802 3921 876 Καλλινίκης

2374 891 2658 964 ἐλέγομεν,
2691 893 2784 964 ἀφ’
2807 888 2870 948 οῦ
2910 894 3146 962 Παύλου,
3181 896 3274 950 καὶ
3300 897 3675 960 Παυλικιάνοι,
3702 896 3810 948 ἁντί
3831 899 3924 952 M1-

2373 988 2600 1057 νιχαίων
2625 990 3152 1062 μετωνομάσθησαν.
3196 991 3566 1062 Προϐάλλεται
3592 990 3684 1044 οὖν
3707 995 3734 1046 6
3758 992 3923 1057 [11616;

2372 1081 2468 1134 τὸν
2499 1081 2697 1135 ἑαυτοῦ
2740 1083 2855 1135 υίδν
2888 1083 3179 1151 Γεγνέσιον
3227 1085 3308 1146 είς
3334 1083 3397 1136 τὸ
3425 1084 3525 1153 τῆς
3565 1085 3838 1156 ἀθεότητος
3865 1087 3922 1138 διο

2375 1173 2722 1241 δασκαλεῖον,
2772 1175 2834 1228 ὃν
2865 1175 2962 1230 καὶ
2995 1174 3264 1246 Τιμόθεον
3321 1175 3718 1246 μετονομάζει·
3748 1179 3833 1230 καὶ
3863 1179 3924 1245 γί-

2375 1285 2526 1323 νεται
2562 1268 2754 1332 στάσις
2786 1268 2992 1340 μεταξὺ
3044 1268 3372 1340 ἀμφοτέρων
3413 1269 3517 1322 τῶν
3560 1269 3814 1340 ἀδελφῶν,
3855 1272 3924 1322 Γε-

2380 1363 2623 1432 γνεσίου,
2649 1381 2722 1432 φη
2734 1364 2815 1430 μὶ,
2834 1364 2928 1417 καὶ
2949 1361 3226 1433 θεοδώρου
3249 1379 3263 1395 ·
3286 1361 3381 1416 τοῦ
3409 1363 3508 1432 μὲν
3533 1363 3779 1432 λέγοντος
3805 1364 3926 1434 χάριν

2376 1456 2661 1528 εἰληφέναι
2707 1456 2898 1527 Θεῖκὴν
2951 1457 3050 1526 τὴν
3097 1456 3192 1510 τοῦ
3245 1457 3599 1528 Πνεῦματος·
3634 1457 3693 1509 τὸ
3721 1458 3771 1510 δὲ
3802 1458 3926 1509 πάλιν

2377 1549 2568 1603 ἑαυτὸν
2597 1550 2688 1602 ἐπὶ
2710 1550 2869 1602 τοῦτο
2894 1549 3337 1620 προὸαλλομένου
3360 1565 3374 1580 ·
3412 1551 3508 1603 καὶ
3535 1548 3708 1612 οὕτως
3731 1552 3802 1613 εἰς
3825 1550 3924 1602 ἑαν-

2375 1641 2504 1704 τοὺς
2536 1641 2925 1705 στασιάζοντες
2964 1642 3058 1694 καὶ
3090 1641 3296 1694 τέλειον
3330 1643 3484 1710 μῖσος
3513 1640 3770 1711 ἀλλήλους
3799 1642 3928 1709 μισή-

2379 1750 2574 1797 σαντες
2621 1735 2671 1786 οἱ
2711 1733 2808 1787 τοῦ
2852 1733 3062 1804 μύσους
3108 1735 3428 1807 προστάται,
3478 1735 3755 1806 διέμειναν
3794 1733 3928 1798 οὕτως

2383 1825 2547 1898 μέχρι
2577 1826 2768 1889 τέλους
2802 1825 2949 1898 ζωῆς
2984 1827 3188 1882 αὐτῶν.

729 1913 925 1969 XXIX.
959 1911 1262 1984 Imperator
1303 1912 1472 1969 rebus
1518 1912 1716 1967 horum
1774 1912 2059 1968 hominum
2109 1913 2270 1968 intel-

2454 1917 2583 1972 ΚΘ.
2641 1919 2699 1970 ’0
2731 1917 2787 1970 δὲ
2825 1919 3080 1988 βασιλεὺς
3123 1919 3193 1970 τὰ
3228 1918 3357 1990 περὶ
3383 1917 3594 1972 τούτων
3623 1917 3840 1982 ἀκούσας
3862 1912 3928 1988 (ἦν

660 2007 816 2062 lectis
841 2009 998 2075 (erat
1029 2007 1229 2060 istunc
1253 2004 1364 2060 Leo
1400 2003 1714 2074 Isauricus)
1747 2004 1814 2059 ad
1840 2020 1899 2059 se
1926 2005 2258 2077 Gegnesium

659 2101 970 2166 accersivit,
1003 2115 1099 2155 seu
1130 2099 1484 2153 Timotheum
1515 2099 1601 2154 vel
1650 2098 1832 2169 potius
1863 2098 2274 2171 Thymotheum

661 2193 838 2266 (iram
880 2193 1020 2264 Dei)
1077 2202 1134 2248 et
1183 2193 1251 2247 ad
1288 2191 1975 2262 Constantinopolitanum
2034 2193 2272 2262 patriar-

661 2287 824 2342 cham
881 2286 1032 2341 misit
1084 2303 1096 2340 :
1147 2287 1235 2341 cui
1289 2285 1546 2356 pra-senti
1582 2286 1895 2357 patriarcha
1917 2287 1992 2342 ait
2031 2286 2184 2341 :Cur
2216 2295 2274 2341 tu

663 2379 828 2434 ﬁdem
855 2377 1238 2448 {orthodoxam
1297 2377 1550 2449 negasti?
1589 2379 1642 2432 Is
1689 2386 1877 2432 contra
1921 2396 1934 2432 :
1971 2380 2276 2433 Anatbema

660 2472 824 2527 ﬁdem
855 2471 1220 2526 orthodoxam
1250 2471 1471 2543 neganti
1499 2489 1513 2538 ;
1543 2471 1879 2543 intelligebat
1898 2481 2082 2527 autem
2112 2472 2275 2528 [idem

650 2562 1024 2617 orthodoxam
1055 2577 1177 2617 esse
1226 2563 1478 2617 haeresim
1539 2577 1716 2617 suam.
1774 2562 1988 2618 Rursus
2042 2565 2276 2634 patriar-

659 2657 764 2712 cha
796 2674 810 2710 :
840 2655 950 2712 Cur
976 2672 1089 2710 non
1132 2656 1333 2722 credis,
1363 2672 1543 2726 neque
1595 2657 1922 2728 obsequium
1977 2659 2275 2713 venerabili

658 2749 812 2805 cruci
843 2751 1114 2806 exhibes?
1143 2751 1212 2805 Et
1238 2751 1327 2806 ille
1366 2769 1379 2806 :
1413 2751 1718 2806 Anathema
1762 2767 1871 2806 non
1900 2752 2149 2807 adoranti
2179 2768 2277 2807 ne-

657 2859 768 2915 que
799 2844 1002 2899 colenti
1025 2844 1394 2900 venerandam
1421 2845 1805 2915 viviﬁcamque
1828 2861 2073 2903 crucem.
2103 2847 2276 2903 Porro

661 2951 886 2992 crucem
919 2937 1258 3007 iutelligebat
1313 2937 1590 2991 Christum
1629 2937 1828 3008 ipsum,
1866 2949 2275 3009 quatenusma-

658 3045 834 3084 unum
860 3030 1184 3085 extensione
1211 3045 1431 3084 erucem
1462 3031 1734 3085 ell‘ormat.
1777 3030 1990 3086 Rursus
2012 3047 2136 3087 eum
2190 3033 2275 3086 in-

660 3123 976 3194 terrogabat
1007 3143 1020 3178 :
1057 3122 1168 3177 Cur
1195 3139 1305 3178 non
1337 3124 1473 3179 colis
1499 3141 1679 3194 neque
1717 3126 1999 3181 veneraris
2028 3136 2273 3182 sanctam

658 3215 1000 3285 Deiparam?
1055 3217 1150 3271 llle
1211 3226 1452 3272 autem:
1513 3218 1820 3274 Anathema
1887 3237 2000 3275 non
2069 3219 2274 3275 colenti

661 3308 1066 3364 sanctissimam
1100 3308 1412 3378 Deiparam,
1448 3310 1503 3364 in
1538 3326 1702 3380 quam
1763 3310 2028 3366 Dominus
2081 3323 2271 3367 noster

657 3400 824 3456 Jesus
852 3400 1109 3456 Christus
1148 3402 1393 3466 introiit,
1435 3412 1684 3458 nostrum
1715 3406 1962 3459 omnium
1999 3405 2223 3460 Matrem
2253 3423 2267 3472 ;

658 3493 978 3566 intelligens
1006 3495 1220 3550 scilicet
1260 3511 1554 3566 supernam
1605 3495 1933 3565 Jerusalem,
1986 3499 2043 3553 in
2100 3517 2265 3570 quam

657 3587 974 3642 Praecursor
999 3598 1188 3642 noster
1218 3589 1496 3659 ingressus
1526 3603 1610 3644 est
1635 3591 1910 3646 Christus.
1970 3592 2162 3648 Denuo
2193 3594 2270 3648 illi

659 3681 970 3750 patriarcha
1009 3699 1023 3736 :
1057 3681 1169 3736 Cur
1209 3680 1423 3736 Domini
1457 3684 1629 3738 nostri
1657 3684 1790 3738 .lesu
1821 3685 2029 3739 Christi
2074 3687 2271 3741 imma-

658 3772 901 3827 culatum
933 3772 1042 3844 34
1071 3790 1273 3844 corpus
1324 3790 1387 3830 ac
1435 3776 1738 3845 pretiosum
1801 3777 2125 3848 sanguinem
2158 3794 2270 3835 non

659 3866 859 3930 sumis,
900 3868 996 3922 sed
1029 3884 1093 3922 ea
1138 3869 1321 3939 potius
1355 3870 1639 3940 despicis?
1668 3870 2045 3943 Thymotheus
2080 3889 2213 3929 vero
2255 3894 2268 3930 :

656 3961 968 4016 Anathema
1003 3977 1114 4016 non
1169 3962 1409 4017 sumenti
1459 3963 1546 4017 vel
1580 3967 1899 4035 aspernanli
1941 3981 2144 4038 corpus
2206 3982 2272 4022 ac

656 4054 987 4124 sanguinem
1025 4054 1246 4109 Domini
1309 4056 1487 4109 nostri
1511 4055 1642 4112 .lesu
1671 4058 1880 4113 Christi
1909 4103 1923 4124 ,
1957 4062 2125 4116 verba
2156 4062 2270 4117 sci-

653 4147 787 4202 licet
810 4147 953 4202 illius
985 4147 1321 4219 intelligens.
1358 4150 1592 4220 Insuper
1629 4151 1698 4205 de
1754 4162 1942 4207 sancta
1991 4155 2268 4211 catholica

655 4247 715 4294 et
742 4241 1042 4310 apostolica
1078 4241 1322 4297 Ecclesia
1379 4242 1768 4314 interrogatus,
1821 4246 1938 4314 pari
1978 4247 2140 4302 modo
2186 4264 2272 4301 re-

655 4334 989 4406 spondebat.
1031 4335 1357 4391 catholicam
1413 4345 1597 4391 tamen
1632 4339 1936 4395 Eeclesiam
1990 4342 2271 4412 appellans

655 4429 910 4499 synedria
972 4427 1422 4485 Manichmurum.
1472 4432 1540 4486 Et
1578 4432 1647 4487 de
1698 4433 1970 4504 baptismo
2012 4438 2269 4493 similiter

2378 2011 2435 2064 δὲ
2482 2010 2789 2081 τηνικαῦτα
2833 2011 2987 2064 Λέων
3028 2013 3057 2064 ὁ
3094 2010 3397 2083 Ἰσαυρος),
3441 2011 3844 2082 μεταστέλλεται
3863 2011 3928 2064 τὸν

2378 2105 2669 2173 Γεγνέσιον
2697 2104 2785 2158 τὸν
2813 2105 2906 2158 καὶ
2931 2105 3024 2157 τὸν
3053 2104 3341 2176 Τιμόθεον,
3381 2105 3588 2176 μᾶλλον
3603 2104 3659 2159 δὲ
3683 2105 3924 2177 Θυμόϐεον,

2380 2200 2474 2253 καὶ
2515 2198 2881 2269 παραπέμπει
2915 2198 3080 2252 αὐτὸν
3115 2199 3252 2271 προς
3291 2199 3384 2253 τὸν
3430 2200 3777 2272 πατριάρχην
3805 2201 3923 2251 Κων-

2381 2292 2884 2354 σταντινουπόλεως
2907 2308 2918 2320 ·
2952 2291 3028 2349 ὡς
3074 2292 3130 2345 δὲ
3164 2287 3305 2346 εἶδεν
3332 2291 3496 2345 αὑτὸν
3523 2293 3554 2344 6
3601 2293 3922 2364 πατριάρχης,

2379 2385 2529 2454 λέγει
2560 2385 2743 2456 αὐτῷ·
2787 2385 2884 2438 Διὰ
2915 2385 2968 2438 τί
3011 2385 3238 2457 ἠρνήσω
3277 2385 3376 2457 τὴν
3435 2383 3720 2456 ὀρθόδοξον
3761 2385 3924 2447 ais-av;

2394 2479 2452 2532 '0
2483 2479 2541 2532 δὲ
2573 2479 2743 2547 λέγει·
2806 2476 3080 2546 Ἀνάθεμα
3121 2475 3216 2529 τὸν
3264 2477 3652 2548 ἀρνησάμενον
3684 2475 3776 2548 τὴν
3813 2475 3928 2545 6906-

2377 2569 2532 2635 δοξον
2565 2569 2748 2622 πίστιν
2769 2587 2780 2598 ·
2813 2567 2968 2637 ἔλεγε
2998 2569 3054 2621 δὲ
3084 2567 3366 2638 ὀρθόδοξον
3398 2569 3611 2631 πίστιν,
3642 2569 3738 2638 τὴν
3765 2567 3928 2620 οἰκείαν

2379 2662 2616 2734 αἵρεσιν.
2671 2661 2782 2714 Καὶ
2821 2663 2848 2714 ὁ
2883 2661 3231 2733 πατριάρχης
3273 2659 3436 2714 πάλιν
3467 2660 3665 2729 λέγει·
3712 2662 3799 2715 Διὰ
3823 2659 3863 2713 τί
3884 2659 3927 2711 οὐ

2381 2757 2662 2821 πιστεύεις
2688 2758 2781 2811 καὶ
2813 2759 3142 2827 προσκυνεῖς
3186 2755 3279 2809 τὸν
3311 2754 3492 2826 τίμιον
3519 2755 3782 2826 σταυρὸνς
3823 2755 3868 2806 Ὀ
3889 2753 3929 2804 δὲ

2379 2854 2552 2922 λέγει·
2605 2852 2879 2922 Ἀνάθεμα
2904 2850 2996 2903 τὸν
3037 2851 3112 2920 μὴ
3151 2847 3568 2920 προσκυνοῦντα
3597 2849 3689 2900 καὶ
3717 2847 3784 2918 μὴ
3813 2843 3931 2898 σεϐό-

2383 2965 2545 3019 μενον
2588 2947 2680 3000 τὸν
2712 2945 2894 3017 τίμιον
2939 2943 3033 2998 καὶ
3081 2942 3345 3008 ζωοποιὸν
3409 2943 3671 3014 σταυρόν·
3721 2940 3851 3008 ἔλεγε
3889 2937 3930 2989 δὲ

2382 3041 2639 3110 σταυρὸν,
2692 3037 2852 3111 [emt
2910 3037 2947 3092 f.
2983 3038 3077 3091 101
3114 3035 3208 3107 1).]
3253 3036 3344 3088 τὸν
3384 3035 3628 3104 Χριστὸν
3654 3037 3716 3105 τῇ
3756 3033 3931 3086 ἐκτάσει

2380 3135 2490 3189 τῶν
2517 3133 2718 3206 χειρῶν
2751 3131 2984 3204 σταυρὸν
3033 3129 3424 3185 ἀποτελοῦντα.
3472 3128 3586 3182 Καὶ
3615 3128 3768 3183 πάλιν
3790 3124 3931 3196 ἐρωτᾷ

2381 3227 2684 3295 αύτὸνῆΔιὰ
2716 3229 2768 3280 τί
2797 3226 2857 3279 ού
2880 3225 3013 3296 σέϐῃ
3042 3224 3137 3278 καὶ
3158 3225 3488 3294 προσκυνεῖς
3513 3222 3617 3292 τὴν
3645 3221 3797 3290 ἁγίαν
3830 3218 3929 3271 Θεο-

2377 3322 2575 3387 τὸκον;
2625 3320 2681 3373 ὐ
2704 3319 2759 3373 δέ
2805 3333 2991 3389 φησιν·
3041 3317 3315 3387 ’Λνάοεμα
3344 3315 3435 3368 τὸν
3474 3314 3547 3386 μὴ
3573 3313 3930 3386 προσκυνοῦντα

2376 3417 2476 3488 τὴν
2505 3432 2686 3484 παναγ
2700 3417 2785 3468 ίαν
2809 3413 3096 3476 Θεοτὸκον,
3125 3415 3183 3465 ὲν
3271 3408 3518 3479 εἰσῆλθεν
3541 3411 3570 3462 ὁ
3599 3408 3792 3479 Κύριος
3811 3403 3930 3475 ἡμῶν

2391 3509 2602 3582 Ἰησοῦς
2643 3509 2901 3579 Χριστὸς,
2946 3506 3045 3578 τὴν
3085 3505 3298 3576 μητέρα
3332 3505 3550 3557 πάντων
3599 3502 3783 3574 ἡμῶν·
3810 3500 3930 3564 ἔλεγε

2377 3605 2434 3658 δὲ
2467 3602 2675 3674 ταύτην
2704 3596 2844 3654 εἶναι
2882 3600 2982 3670 τὴν
3015 3598 3130 3653 ἄνω
3171 3596 3558 3666 Ἰερουσαλὴμ,
3592 3598 3650 3650 ὲν
3741 3592 3931 3664 πρόδρο-

2382 3714 2481 3769 μος
2521 3695 2664 3768 ὑπὲρ
2713 3693 2874 3765 ἡμῶν
2923 3691 3145 3764 εἰσῆλθε
3178 3691 3432 3762 Χριστός.
3480 3691 3593 3742 Καὶ
3636 3688 3790 3742 πάλιν
3826 3684 3933 3753 πρὸς

2379 3788 2544 3844 αὐτόν
2578 3804 2742 3858 φησιν
2782 3786 2810 3838 ὁ
2855 3784 3243 3856 πατριάρχης·
3279 3781 3378 3835 Διὰ
3426 3782 3480 3834 τί
3526 3781 3590 3834 οῦ
3625 3775 3933 3852 μεταλαμΕῷ

2377 3901 2486 3946 νεις
2515 3881 2626 3951 (54)
2657 3879 2750 3934 τοῦ
2774 3880 3046 3950 ἁχράντςυ
3074 3876 3328 3949 σώματος
3355 3877 3448 3930 καὶ
3472 3874 3574 3930 τοῦ
3595 3874 3773 3944 τιμίου
3796 3871 3935 3940 αἷμα-

2377 3994 2469 4041 τος
2495 3974 2588 4028 τοῦ
2640 3973 2846 4044 Κυρίου
2890 3971 3047 4044 ἡμῶν
3089 3969 3265 4041 Ἰησοῦ
3310 3966 3574 4040 Χριστοῦ,
3613 3964 3745 4021 ἀλλά
3772 3960 3935 4031 ἀτιμά-

2379 4070 2493 4136 ζεις
2523 4067 2691 4135 αὐτό;
2741 4067 2798 4119 '0
2828 4066 2885 4120 δὲ
2921 4064 3199 4136 Θυμόθεος
3238 4063 3407 4132 λέγει·
3456 4061 3732 4132 Ἀνάθεμα
3761 4058 3842 4111 τὸν
3878 4054 3935 4125 μὴ

2381 4161 2871 4234 μεταλαμϐάνοντα
2894 4201 2908 4225 ,
2957 4159 2990 4229 ἦ
3050 4155 3390 4227 ἀτιμάζοντα
3427 4155 3486 4209 τὸ
3518 4156 3678 4224 σῶμα
3710 4152 3796 4206 καὶ
3825 4144 3936 4216 αἷμα

2376 4257 2472 4310 τοῦ
2506 4255 2714 4325 Κυρίου
2765 4253 2924 4325 ἡμῶν
2971 4252 3150 4326 Ἰησοῦ
3187 4249 3463 4322 Χριστοῦ·
3499 4248 3652 4316 ἔλεγε
3683 4247 3736 4300 δὲ
3773 4243 3834 4296 τὰ
3860 4241 3937 4312 {51'}-

2381 4364 2526 4418 ματα
2557 4346 2746 4400 αὐτοῦ.
2782 4345 2950 4397 11άλιν
2985 4343 3041 4396 δὲ
3069 4342 3198 4413 περὶ
3225 4340 3326 4410 τῆς
3359 4339 3523 4409 ἁγίας
3550 4333 3834 4405 καθολικῆς
3863 4326 3937 4381 καὶ

2377 4437 2751 4508 ἀποστολικῆς
2809 4436 3140 4505 Ἐκκλησίας
3189 4432 3510 4508 ἐρωτηθεὶς,
3545 4430 3800 4490 ὡσαύτως
3841 4423 3936 4476 ἔλε-

653 4520 1005 4590 loquebatur,
1069 4521 1364 4577 Dominum
1420 4522 1611 4579 Jesum
1663 4524 1951 4581 Christum
1998 4527 2261 4598 baptismi

2375 4549 2503 4603 yev;
2548 4529 2878 4598 Ἐκκλησίαν
2910 4527 3230 4598 καθολικὴν,
3262 4527 3331 4581 τὰ
3373 4524 3632 4595 συνέδρια
3663 4521 3766 4576 τῶν
3793 4518 3936 4572 Μανι-

653 4614 880 4668 nomine
914 4613 1249 4686 intelligens,
1287 4624 1345 4669 et
1378 4615 1526 4671 aliud
1568 4617 1749 4682 nihil;
1805 4620 1935 4689 quia
1993 4621 2264 4691 scriptum

656 4711 744 4758 est
778 4721 791 4757 :
826 4703 940 4776 Ego
974 4722 1092 4758 sum
1130 4723 1270 4776 aqua
1315 4708 1492 4762 vivens
1525 4708 1590 4762 ’9.
1625 4709 1805 4780 Atque
1842 4714 1912 4766 ita
1945 4712 2132 4768 omnia
2157 4714 2270 4769 dis-

658 4805 924 4867 torquens
978 4799 1378 4870 Thymotheus,
1413 4803 1553 4858 etin
1611 4805 1844 4875 singulis
1899 4808 2270 4862 anathemati-

659 4906 812 4955 zans,
851 4891 970 4947 vitii
1019 4907 1217 4961 expers
1242 4896 1487 4952 creditus
1517 4906 1630 4963 est;
1665 4907 2004 4970 acceptoque
2032 4900 2101 4955 ab
2160 4901 2269 4954 im-

656 4991 911 5052 peratore
928 4984 1125 5055 sigillo,
1146 4987 1309 5041 rediit
1335 4987 1658 5058 EpiSparim,
1681 4991 2035 5063 collectisque
2048 4993 2266 5050 cunctis

658 5073 943 5144 discipulis
967 5076 1099 5144 suis,
1127 5078 1381 5150 migravit
1401 5080 1468 5133 ad
1498 5083 1606 5135 Deo
1638 5082 1870 5139 invisam
1909 5085 2260 5152 Mananalim,

659 5167 808 5222 unde
833 5167 935 5223 fuit
962 5169 1229 5225 oriundus
1279 5171 1572 5241 praedictus
1603 5174 2017 5232 Constantinus.
2055 5177 2264 5235 Deinde

658 5261 861 5316 multos
890 5277 1064 5318 annos
1091 5263 1167 5320 ibi
1212 5274 1583 5322 commoratus
1606 5310 1623 5338 ,
1656 5278 1713 5327 et
1760 5271 1816 5326 in
1867 5289 2138 5329 summam
2173 5275 2260 5329 in-

729 5381 773 5414 ³³
801 5379 1067 5445 Joan.1v,
1100 5383 1188 5438 10.

2367 4625 2539 4697 χαίων
2573 4622 2870 4678 ἀποκαλῶν
2893 4637 2907 4651 ·
2939 4622 3035 4674 καὶ
3065 4621 3196 4691 περὶ
3224 4617 3319 4672 τοῦ
3351 4618 3730 4689 βαπτίσματος
3764 4609 3935 4680 ὁμοίως

2369 4720 2546 4787 ἔλεγε,
2587 4717 2678 4771 τὸν
2714 4715 2920 4788 Κύριον
2966 4713 3179 4786 Ἰησοῦν
3211 4713 3447 4784 Χριστὸν
3478 4712 3744 4782 ὑπάρχειν
3776 4706 3831 4759 τὸ
3859 4702 3935 4773 3i-

2369 4829 2606 4882 πτισμα,
2643 4812 2738 4864 καὶ
2765 4810 2868 4862 οῦκ
2907 4807 3035 4862 ἄλλο
3054 4823 3067 4837 ·
3127 4806 3261 4859 διότι
3289 4806 3602 4876 γέγραπται
3629 4820 3643 4834 ·
3684 4798 3815 4869 Ἐγώ
3838 4798 3934 4864 εἰμι

2369 4905 2438 4960 τὸ
2477 4905 2636 4974 ὕδωρ
2685 4903 2750 4958 τὸ
2802 4901 2948 4964 ζῶν·
2990 4899 3086 4954 καὶ
3133 4899 3307 4962 οὓτως
3341 4897 3522 4951 πάντα
3562 4893 3874 4965 διαστρέψας
3910 4885 3932 4936 δ

2375 4998 2677 5069 Θυμόθεος,
2715 4997 2810 5050 καὶ
2833 4995 2956 5048 καθ’
2984 4993 3216 5047 ἕκαστον
3253 4989 3681 5061 ἀναίὶεματίσας,
3715 4985 3784 5047 ὡς
3808 4978 3932 5036 ἀναί-

2373 5110 2489 5156 τιος
2521 5089 2698 5145 κακοῦ
2744 5087 3032 5160 ἐνομίσθη,
3059 5086 3156 5140 καὶ
3179 5083 3365 5138 λαϐὼν
3397 5083 3549 5154 παρὰ
3572 5080 3664 5136 τοῦ
3700 5072 3929 5162 βασιλέως

2375 5184 2638 5254 σιγίλλιον
2663 5182 2775 5254 (55)
2815 5178 2948 5254 ἦλθε
2981 5179 3144 5234 πάλιν
3185 5178 3266 5241 είς
3323 5175 3685 5247 Ἑπίσπαριν·
3710 5168 3794 5224 καὶ
3829 5180 3927 5218 συν-

2374 5273 2508 5340 άξας
2538 5272 2745 5336 πάντας
2765 5272 2895 5335 τοὺς
2926 5267 3178 5342 μαθητὰς
3211 5263 3379 5320 αὐτοῦ
3405 5264 3597 5336 φεύγει
3621 5262 3716 5317 σὺν
3749 5255 3922 5315 αὐτοῖς,

1933 5481 2169 5538 νΑιιιιΕ
2232 5479 2526 5538 LECTlON
2548 5482 2652 5536 ES.

727 5579 753 5608 ει
783 5564 850 5621 R.
883 5567 960 5633 ὠς
988 5569 1172 5634 αύτός.

2198 5668 2432 5727 NOTAE.

654 5781 676 5807 τ
730 5778 1082 5861 (δίλϐοιιΐρτ
1139 5797 1304 5861 supra
1363 5785 1562 5861 p._l3,
1615 5784 1791 5861 adn.,_
1837 5783 2258 5861 ubiARaderum

659 5854 1027 5917 correximus,
1086 5854 1178 5923 qui
1212 5865 1392 5927 tamen
1447 5855 1552 5910 hoc
1585 5858 1894 5927 posteriore
1949 5857 2072 5914 loco
2118 5866 2264 5914 recte

678 5933 1050 5990 nterpretatur
1081 5925 1402 5982 vocabulum
1437 5925 1898 6000 μεταλαμϐάνεις.

2445 5786 2556 5856 (55)
2590 5784 2837 5857 lutellige
2866 5786 3102 5857 diploma
3134 5784 3412 5857 evectionis
3439 5825 3453 5850 ,
3492 5774 3918 5857 Call;_sa?¢i"‘7’_'_j

2374 5834 2494 5940 dull
2867 5834 3580 5930 di—u-Cangi'us
3609 5834 3773 5905 Gloss.
3814 5834 3914 5895 med

2371 5937 2425 5984 et
2465 5946 2517 5984 In
2551 5970 2562 5984 .
2638 5939 2770 5984 atln.
