4142 6450
333 398 478 469 1285

1526 399 1894 462 HISTORIA
1935 396 2548 461 MANICHIEORUM.

3515 397 3604 464 1Ξέ
3621 400 3655 465 6

323 518 421 572 καὶ
470 513 741 586 κατῆλθεν
776 513 857 576 είς
907 514 1010 584 τὴν
1051 511 1370 567 θεόλευστον
1397 512 1732 578 Μανὰναλιν,
1778 512 1838 579 ἐξ

2032 509 2240 566 saniam
2278 518 2452 574 actus,
2491 510 2738 581 iramque
2763 519 2818 565 ct
2857 510 3067 566 rabiem
3096 521 3262 583 atque
3298 511 3632 569 anxietatem

324 607 609 680 ἀνεδείχθη
649 609 678 661 6
714 606 1054 679 προῤῥηθεὶς
1088 608 1525 668 Κωνσταντῖνος.
1581 601 1714 659 Εἶτα
1746 607 1925 658 ἐκεῖσε

325 700 554 773 χρόνους
596 698 817 760 ἱκανοὺς
862 696 1158 768 ἐπιμείνας
1211 695 1309 750 καὶ
1361 694 1516 768 [cod.
1567 693 1606 748 f.
1661 693 1801 768 102]
1844 695 1924 760 είς

328 796 496 865 ἄκρον
528 791 726 862 μανίας
749 789 949 854 ἐλάσας
980 789 1076 844 καὶ
1102 788 1276 861 θυμὸν
1298 789 1393 843 καὶ
1425 787 1595 861 ὀργὴν
1621 789 1714 842 καὶ
1743 787 1922 854 θλίψιν

2026 603 2126 657 sibi
2161 601 2231 656 ab
2259 603 2467 674 angelis
2499 603 2655 656 malis
2685 602 2958 658 immissas
2989 604 3309 674 experiens.
3348 605 3575 659 bubone
3599 621 3630 659 a

2027 694 2138 751 Deo
2189 712 2485 766 percussus
2518 696 2749 759 interiit,
2801 707 3092 768 postquam
3147 697 3376 770 integris
3408 698 3632 771 triginta

2021 789 2181 844 annis
2204 789 2383 860 impite
2407 799 2570 846 sectae
2596 789 2912 861 praefuerat.

328 888 634 958 ἀποστολὴν
679 887 747 942 δι’
786 886 1036 955 ἀγγέλων
1086 885 1342 957 πονηρῶν
1389 885 1702 956 δεξάμενος,
1751 883 2086 956 θεόπληκτος
2113 886 2427 957 γενόμενος,
2479 887 2584 941 ὑπὸ
2611 888 2704 942 τοῦ
2737 888 3013 960 βουϐῶνος
3059 888 3151 943 τὸν
3182 887 3297 960 βίον
3341 889 3631 961 κατέστρε-

329 986 430 1055 ψεν
464 987 522 1038 ἐν
555 985 699 1048 ὅλοις
730 982 1027 1054 τριάκοντα
1055 981 1205 1035 ἔτεσι
1239 982 1336 1036 καὶ
1361 980 1525 1045 αὐτὸς
1553 982 1653 1051 τῆς
1678 980 1933 1046 ἀσεϐείας
1963 983 2254 1052 γενόμενος
2286 981 2620 1053 προστάτης.

402 1076 482 1132 Λ’.
514 1071 684 1142 Οὗτος
717 1076 874 1148 ἔσχεν
912 1075 1051 1140 υἱὸν,
1081 1074 1324 1146 τοῦνομα
1353 1075 1665 1146 Ζαχαρίανο
1711 1075 1804 1128 καὶ
1833 1074 1926 1144 μί-

333 1173 481 1226 σθιον
511 1167 675 1241 αἶγας
720 1173 978 1242 νέμοντα,
1015 1171 1074 1224 ὃν
1113 1187 1244 1224 ποτε
1267 1170 1360 1223 ἐπὶ
1384 1170 1484 1240 τῆς
1507 1169 1627 1224 ὁδοῦ
1658 1165 1784 1243 εὗρε
1815 1170 1930 1223 κεί-

333 1282 495 1334 μενον
537 1265 1042 1336 ἐσπαργανωμένον
1073 1305 1089 1330 ,
1122 1265 1212 1318 διὰ
1263 1264 1324 1318 τὸ
1371 1266 1434 1318 ἐκ
1476 1264 1797 1335 παρανόμου
1835 1265 1930 1317 καὶ

331 1355 731 1427 μεμιαμμένης
761 1355 1049 1428 προελθεῖν
1093 1357 1280 1426 κοίτης
1299 1371 1312 1386 ·
1345 1351 1454 1409 οἶδε
1477 1355 1587 1426 γὰρ
1616 1356 1791 1426 πόρνη
1830 1355 1930 1425 τῆς

328 1447 538 1512 κοιλίας
562 1448 732 1520 αὐτῆς
764 1450 834 1504 τὰ
865 1448 1066 1517 ἔγγονα
1088 1449 1146 1500 ἐν
1175 1446 1279 1518 ὀδῷ
1315 1447 1531 1516 ῥίπτειν
1550 1487 1565 1513 ,
1617 1447 1846 1500 δεδιῶσα
1867 1447 1929 1500 τὸ

327 1543 580 1611 πταῖσμα
597 1557 612 1572 ο
639 1540 1011 1604 ἀποθανόντος
1037 1540 1219 1594 τοίνυν
1242 1539 1560 1610 Γεγνεσίου,
1594 1539 1928 1612 ἐσχίσθησαν

325 1637 374 1688 οἱ
422 1634 614 1690 τούτου
651 1635 929 1706 μαθηταίο
967 1635 1064 1688 καὶ
1098 1635 1148 1688 οἱ
1184 1635 1306 1706 μὲν,
1358 1634 1785 1707 προσερρύησαν
1819 1637 1927 1688 Ζα-

327 1729 527 1800 χαρίᾳο
571 1729 620 1781 οἱ
649 1727 728 1794 δὲ,
772 1728 972 1799 Ἰωσὴφ
1003 1726 1081 1798 τῷ
1110 1728 1251 1799 νόθῳ
1286 1727 1667 1800 προσέδραμον
1697 1744 1710 1757 ·
1741 1726 1916 1791 οὕτως

326 1821 436 1890 γὰρ
481 1819 820 1891 ὠνομάζετο.
844 1820 1096 1883 Στάσεως
1124 1816 1219 1875 οὖν
1250 1819 1454 1890 πολλῆς
1479 1818 1781 1890 γενομένης
1831 1836 1927 1889 με-

325 1913 460 1980 ταξὺ
491 1913 838 1984 ἀμφοτέρων,
871 1913 947 1976 ὡς
977 1913 1072 1966 καὶ
1101 1913 1194 1966 ἐπὶ
1224 1913 1332 1966 τῶν
1355 1911 1684 1983 πρὸξαύτῶν,
1717 1913 1812 1966 καὶ
1835 1911 1927 1965 θά-

2098 1074 2266 1129 XXX.
2303 1075 2440 1131 lluic
2463 1085 2582 1132 erat
2615 1075 2757 1131 filius
2786 1074 3010 1131 nomine
3033 1076 3349 1146 Zacharias,
3407 1098 3628 1140 necnon

2026 1169 2403 1225 mercenarius
2431 1170 2651 1240 quidam
2682 1185 2971 1240 caprarum
3009 1182 3220 1237 custos,
3274 1190 3444 1244 quem
3496 1178 3629 1234 olim

2027 1263 2082 1317 in
2114 1263 2200 1318 via
2237 1273 2520 1334 repererat
2562 1264 2748 1318 fasciis
2773 1264 3104 1331 involutum,
3157 1278 3450 1338 propterea
3484 1272 3631 1342 quod

2028 1355 2306 1426 illegitima
2366 1357 2688 1426 impuraque
2754 1357 2949 1426 copula
3021 1371 3349 1428 procreatus
3410 1362 3628 1421 fuisset.

2030 1450 2181 1505 Solet
2211 1448 2358 1504 enim
2391 1451 2652 1504 meretrix
2683 1450 2890 1506 ventris
2918 1451 3002 1505 sui
3067 1463 3278 1522 partus,
3331 1455 3402 1510 ob
3452 1458 3631 1529 culpte

2026 1551 2256 1599 metum.
2295 1545 2348 1596 in
2383 1543 2493 1597 vias
2523 1544 2814 1613 projicere.
2875 1544 3088 1600 Mortuo
3122 1545 3289 1616 igitur
3327 1547 3620 1620 Gegnesio,

2025 1637 2263 1693 schisma
2295 1637 2505 1692 exstitit
2531 1637 2928 1707 discipulorum
2960 1639 3117 1708 ejus;
3157 1641 3286 1696 aliis
3349 1641 3630 1701 Zachariae

2029 1732 2458 1794 adhterentibus,
2492 1731 2611 1786 aliis
2641 1743 2821 1786 autem
2884 1734 3133 1803 spurium
3189 1733 3492 1807 Josephum
3536 1755 3630 1796 se-

2025 1822 2321 1890 ctantibus,
2351 1825 2432 1880 sic
2460 1825 2607 1880 enim
2634 1825 2680 1880 is
2717 1825 3123 1881 nominabatur.
3161 1827 3350 1900 Magna
3378 1847 3508 1902 ergo
3539 1848 3627 1888 se—

2033 1921 2167 1975 ditio
2204 1921 2346 1974 inter
2374 1919 2474 1974 hos
2506 1919 2647 1974 duos
2673 1917 2904 1973 conflata
2927 1928 3032 1983 est,
3057 1920 3220 1975 sicuti
3250 1923 3626 1992 superioribus

323 2023 484 2076 τερος
519 2006 711 2061 ἑαυτὸν
761 2004 1138 2076 ψηφιζόμενος
1181 2005 1280 2077 τὴν
1314 2006 1476 2076 χάριν
1511 2005 1796 2076 εἰληφέναι
1829 2005 1916 2058 τοῦ

2030 2014 2192 2068 etiam
2224 2021 2524 2080 evenerat;
2561 2013 2689 2067 dum
2731 2020 2964 2082 uterque
2991 2012 3288 2068 afﬁrmaret
3315 2029 3373 2069 se
3396 2015 3625 2086 gratiam

324 2098 665 2168 Πνεύματος,
712 2098 815 2168 τὴν
869 2099 1150 2170 ἐνέργειαν
1204 2097 1407 2168 μᾶλλον
1457 2097 1554 2151 τοῦ
1603 2096 1920 2169 ἀκαθάρτου

319 2191 574 2256 ἐδέξαντο
624 2190 972 2262 πνεύματος·
1025 2189 1147 2245 εἶτα
1182 2191 1459 2262 θυμωθεὶς
1507 2191 1805 2264 Ζαχαρίας,
1846 2191 1923 2255 ὡς

318 2284 422 2353 τῆς
472 2285 734 2356 πατρῴας
775 2285 1110 2358 κληρουχίας
1157 2285 1450 2340 ἐκπίπτειν
1505 2285 1736 2357 μέλλων,
1785 2285 1922 2354 λίθῳ

322 2377 573 2444 πατάξας
618 2377 818 2448 Ἰωσὴφ
852 2379 944 2432 τὸν
991 2377 1350 2451 Ἀφρόνητον,
1393 2379 1525 2446 παρ’
1567 2377 1746 2448 ὀλίγον
1780 2379 1924 2433 ἀνεῖ-

318 2471 432 2526 λεν.
471 2470 630 2525 Μετά
679 2471 735 2524 δέ
771 2489 892 2526 τινα
941 2472 1134 2543 χρόνον
1181 2471 1441 2536 λαϐόντες
1499 2472 1752 2540 ἑκάτεροι
1793 2470 1921 2535 τοὺς

313 2561 554 2626 οἰκείους
588 2563 861 2633 μαθητὰς,
893 2564 1170 2634 ἠθέλησαν
1192 2564 1471 2637 λαθραίως
1493 2564 1802 2635 ἀποδρᾶσαι
1823 2562 1920 2618 τοῦ

317 2653 518 2708 τόπου·
558 2656 656 2709 καὶ
682 2656 746 2726 δὴ
784 2658 979 2727 μικρὸν
1009 2657 1349 2721 ἀποστάντες
1392 2657 1492 2727 τῆς
1544 2657 1740 2727 κώμης
1767 2695 1781 2719 ,
1813 2656 1920 2710 ὐπ-

315 2749 678 2814 οπτευθέντες
709 2750 815 2804 ὑπὸ
853 2750 963 2805 τῶν
1018 2752 1338 2823 Ἀγαρηνῶν
1389 2751 1528 2822 πρὸς
1566 2749 1917 2822 Ῥωμανίαν,

316 2841 670 2913 ἐξέρχεσθαι,
703 2844 799 2896 καὶ
833 2843 924 2897 ὑπ’
963 2842 1144 2898 αὐτῶν
1183 2843 1686 2916 ἁνερευνώμενοιο,
1739 2845 1768 2896 ό
1819 2844 1920 2914 μὲν

297 2934 600 3005 Ζαχαρίας
647 2934 724 2999 ὡς
776 2929 884 2988 εἶδε
917 2937 1018 3006 τὴν
1065 2935 1175 2988 τῶν
1232 2937 1555 3008 Ἀγαρηνῶν
1591 2935 1914 3008 ἐπιδρομὴν,

314 3029 446 3092 τοὺς
475 3029 710 3094 οἰκείους
739 3031 906 3095 ἐάσας
931 3030 951 3104 [
972 3033 1094 3088 cod.
1126 3034 1166 3088 f.
1204 3033 1302 3088 102
1330 3033 1421 3105 [λ]
1456 3033 1726 3105 μαθητὰς,
1759 3033 1919 3103 μόνος

314 3119 579 3190 ἐξέφυγεν
599 3139 614 3154 °
638 3121 733 3186 οὓς
759 3141 865 3194 περ
891 3125 1222 3194 φθάσαντες,
1272 3127 1320 3180 οἱ
1361 3127 1678 3198 ’Λγαρηνοὶ,
1707 3125 1918 3195 ξίφεσιν

315 3212 681 3269 ἀπέκτειναν·
715 3215 784 3268 δι’
817 3214 892 3268 ὃά
925 3215 1215 3287 ὠνειδίσθη
1262 3219 1289 3270 6
1324 3219 1604 3288 Ζαχαρίας
1631 3217 1784 3289 παρά
1807 3216 1918 3270 τῶν

315 3303 514 3367 ἄλλων,
543 3303 621 3368 ὡς
653 3305 943 3375 μισθωτὸς,
982 3309 1077 3362 καὶ
1141 3308 1242 3362 οὐκ
1264 3307 1340 3361 ῶν
1371 3311 1604 3380 ποιμήν.

2033 2100 2274 2172 Spiritus
2301 2111 2427 2156 esse
2466 2099 2742 2168 sortitum,
2778 2100 2870 2171 qui
2901 2100 3088 2170 potius
3141 2101 3342 2171 impuri
3400 2103 3626 2170 spiritus

2028 2194 2407 2264 operationem
2437 2201 2780 2263 receperant.
2817 2191 2936 2247 Mox
2966 2191 3157 2247 furens
3179 2193 3493 2260 Zacharias,
3521 2209 3623 2248 ceu

2023 2288 2114 2358 qui
2149 2288 2216 2342 de
2246 2295 2478 2358 paterna
2506 2285 2828 2342 haereditate
2857 2286 2973 2355 jam
3025 2285 3328 2349 excideret,
3359 2301 3489 2340 saxo
3530 2283 3627 2340 Jo-

2024 2380 2253 2452 sephum
2292 2379 2400 2451 35
2445 2379 2825 2450 Aphronetum
2873 2385 3159 2446 appetens.
3217 2378 3618 2448 propemodum

2023 2471 2240 2527 occidit.
2268 2469 2397 2525 Post
2419 2470 2755 2540 aliquantum
2773 2483 2902 2523 vero
2930 2476 3165 2537 tempus,
3191 2467 3428 2536 sumptis
3450 2481 3623 2520 unus-

2022 2565 2253 2635 quisque
2273 2563 2504 2634 propriis
2518 2562 2814 2632 discipulis,
2836 2561 3009 2614 moliti
3033 2569 3161 2614 sunt
3182 2560 3320 2613 clam
3335 2575 3400 2614 ex
3421 2575 3486 2614 eo
3501 2559 3628 2613 loco

2023 2657 2287 2728 aufugere
2314 2675 2327 2711 :
2358 2656 2452 2710 sed
2491 2671 2616 2709 cum
2664 2653 2945 2724 paululum
2992 2669 3021 2705 a
3058 2668 3197 2723 pago
3238 2651 3622 2714 recessissent,

2022 2753 2212 2806 oborta
2242 2757 2327 2805 est
2356 2747 2618 2821 Agarenis
2649 2747 2891 2814 suspicio
2921 2746 3060 2800 velle
3088 2745 3278 2799 cos'ad
3314 2746 3618 2798 llomanarn

2021 2840 2283 2896 ditionem
2313 2839 2545 2894 transire
2571 2855 2585 2904 ;
2607 2837 2837 2906 ideoque
2853 2836 2922 2891 ab
2956 2835 3038 2890 his
3069 2834 3381 2905 conquisiti.
3407 2834 3620 2888 Zacha-

2021 2933 2130 2988 rias
2143 2933 2363 3004 quidem
2379 2931 2752 3002 Agarenorum
2773 2930 3140 2984 incursionem
3161 2927 3372 2989 videns,
3391 2927 3625 2981 desertis

2021 3024 2258 3095 propriis
2280 3021 2562 3093 discipulis
2591 3023 2741 3076 solus
2773 3019 2942 3091 fugit;
2979 3033 3115 3088 quos
3142 3026 3442 3085 occupatos
3476 3019 3620 3086 Aga—

2023 3119 2162 3181 rcni,
2196 3115 2389 3188 gladiis
2419 3115 2819 3169 interemerunt
2847 3131 2859 3167 :
2890 3127 3012 3181 qua),
3040 3126 3127 3165 res
3158 3109 3438 3164 Zachariae
3475 3106 3623 3178 apud

2021 3216 2269 3272 cancros,
2307 3220 2407 3260 ceu
2429 3203 2772 3259 mercenaria
2793 3211 2849 3258 et
2876 3218 2982 3256 non
3013 3201 3242 3273 pastori,
3271 3200 3460 3255 odium
3485 3214 3622 3254 con-

2023 3299 2250 3357 Ciliavit.

388 3399 514 3454 AA'.
548 3399 746 3472 Ἰωσὴφ
781 3400 839 3453 δὲ
869 3401 900 3454 6
932 3401 1030 3455 καὶ
1075 3402 1408 3475 Ἀφρόνητος
1434 3403 1594 3473 γνοὺς
1616 3401 1796 3468 τοῦτο,
1821 3403 1916 3466 τὰς

2092 3393 2288 3449 XXXI.
2320 3392 2597 3462 Iosephus
2634 3399 2819 3445 autem
2868 3389 3242 3460 Aphronetus,
3295 3403 3359 3443 ea
3408 3403 3468 3442 re
3526 3404 3614 3443 cos

318 3493 535 3561 ἁμάξας
565 3494 854 3564 ἐνστρέφει
887 3494 964 3558 ὡς
1005 3496 1142 3566 πρὸς
1188 3496 1390 3566 Συρίαν
1415 3511 1427 3523 °
1459 3497 1554 3549 καὶ
1590 3496 1856 3549 ἐλθόντων
1887 3507 1912 3535 θ

315 3585 426 3637 τῶν
458 3585 816 3657 Σαρακηνῶν,
847 3587 984 3657 φησὶ
1013 3587 1151 3658 πρὸς
1179 3588 1402 3654 αὐτοὺς,
1437 3588 1512 3653 ὡς
1544 3589 1636 3642 ἐπὶ
1671 3588 1912 3660 γαλούρ-

316 3693 418 3746 για
468 3677 564 3730 καὶ
637 3677 898 3749 βουκόλια
952 3679 1336 3752 ἐξεληλυθέναι
1367 3696 1382 3710 '
1452 3684 1498 3735 οἱ
1549 3681 1607 3734 δὲ
1667 3683 1911 3752 Ἀγαρη·

313 3772 606 3843 νοὶ,ταύτῃ
650 3775 717 3844 τῇ
763 3772 1034 3844 ἀπολογίᾳ
1083 3773 1620 3846 πληροφορηθέντες,
1646 3776 1912 3839 ἐάσαντες

312 3865 515 3930 αὐτοὺς
555 3866 846 3937 ἀδικήτους
894 3866 1260 3940 ὑπεχώρησαν
1295 3868 1351 3906 τ’
1391 3869 1652 3941 εὐκαίρου
1685 3871 1741 3923 δὲ
1761 3869 1914 3940 ὥρας

313 3955 594 4028 ἐπιτυχὼν
637 3958 843 4028 Ἰωσὴφ
888 3960 918 4011 6
965 3959 1318 4030 Ἀφρόνητος,
1361 3961 1501 4030 μετά
1534 3961 1754 4015 πάντων
1791 3960 1911 4014 δια-

312 4049 468 4118 δρὰς,
503 4048 598 4102 τοῦ
615 4050 783 4103 τόπου
813 4049 1078 4121 ἐξέφυγεν
1107 4069 1121 4084 ο
1155 4052 1252 4106 καὶ
1271 4050 1444 4106 ἐλθὼν
1475 4053 1554 4114 είς
1581 4053 1680 4120 τὴν
1712 4052 1912 4106 πολλά-

314 4161 404 4206 κις
459 4142 934 4215 μνημονευθεῖσαν
989 4145 1186 4216 κώμην
1248 4145 1603 4217 Ἐπίσπαριν,
1659 4146 1913 4216 ἀσμένως

315 4237 469 4310 παρὰ
503 4237 612 4290 τῶν
641 4237 699 4291 ἐν
745 4237 885 4309 αὐτῇ
917 4237 1323 4292 κατοικούντων
1370 4238 1643 4310 ἀπεδέχθη
1673 4255 1688 4272 ο
1709 4239 1912 4303 πάντες

311 4329 425 4400 γὰρ
458 4328 751 4398 λαμπάδας
775 4328 1086 4400 άνάψαντες
1110 4333 1167 4385 ἐν
1195 4329 1410 4405 μεγάλῃ
1437 4334 1568 4403 τιμῇ
1587 4332 1680 4386 τὸν
1711 4331 1913 4402 πολλῆς

311 4421 539 4492 ἀτιμίας
573 4422 748 4486 ἄξιον,
776 4422 853 4487 ὡς
886 4422 984 4478 ἆτε
1034 4423 1098 4494 δὴ
1130 4423 1386 4495 μαθητὴν
1419 4425 1661 4496 Χριστοῦ
1718 4425 1911 4480 ὑποδέ-

311 4530 500 4583 χονται
536 4528 549 4542 ·
593 4516 755 4583 γνοὺς
806 4515 966 4568 τοῦτο
1001 4515 1258 4586 θεοφιλής
1284 4535 1367 4581 τις
1401 4519 1544 4589 ἀνὴρ
1569 4517 1678 4571 τῶν
1728 4520 1909 4572 ἐκεῖσε

309 4603 595 4675 ἀρχόντων
653 4605 1016 4676 Κρικοράχης
1073 4605 1392 4676 λεγόμενος,
1445 4606 1588 4676 μετά
1641 4605 1910 4658 πλείστων

311 4696 666 4767 στρατιωτῶν
713 4696 812 4769 τὴν
856 4697 1036 4751 οἰκίαν
1067 4697 1400 4763 ἐκύκλωσεν,
1429 4700 1487 4750 ἐν
1614 4698 1910 4753 κατέλυσεν

2018 3490 2185 3561 gnita,
2221 3502 2444 3543 currum
2475 3486 2771 3549 convertit,
2807 3492 3066 3554 tanquam
3097 3482 3142 3535 si
3174 3483 3231 3536 in
3262 3480 3470 3552 Syriam
3495 3497 3595 3551 per

2016 3592 2204 3654 geret;
2241 3590 2296 3635 et
2330 3578 2848 3646 supervenientibus
2907 3576 3198 3631 Saracenis
3245 3575 3384 3629 dixit
3433 3591 3494 3630 se
3540 3576 3624 3629 la-

2017 3675 2173 3732 ctarii
2221 3673 2404 3744 operis
2427 3688 2590 3728 causa
2622 3680 2676 3725 et
2727 3678 3106 3724 armentorum
3144 3669 3198 3722 in
3231 3669 3430 3724 itinere
3473 3684 3619 3725 esse.

2015 3767 2134 3834 Qua
2161 3765 2485 3821 defensione
2520 3762 2766 3834 persuasi
2807 3762 3090 3825 Saraceni,
3119 3761 3272 3815 illum
3304 3776 3426 3815 cum
3456 3761 3624 3816 sociis

2016 3859 2171 3914 abire
2209 3857 2490 3928 impunem
2524 3856 2789 3914 sinentes,
2821 3855 3217 3909 discesserunt.
3251 3852 3448 3907 Idonea
3476 3864 3628 3923 post-

2017 3953 2147 4006 hinc
2200 3935 2419 4020 captala
2452 3949 2604 4010 hora,
2661 3948 2938 4017 Josephus
2966 3949 3318 4017 Aphronetus
3348 3962 3471 4000 cum
3499 3962 3621 4001 om-

2015 4044 2180 4098 nibus
2230 4041 2545 4112 aufugiens,
2602 4041 2726 4094 loeo
2785 4040 3063 4105 excessit;
3127 4039 3512 4109 profectusque
3567 4039 3622 4092 in

2015 4151 2159 4206 saepe
2185 4143 2544 4188 memoratum
2576 4149 2772 4203 pagum
2818 4131 3145 4201 Episparim,
3178 4132 3410 4185 libenter
3437 4131 3508 4183 ab
3535 4130 3621 4183 in-

2015 4228 2148 4281 colis
2178 4233 2440 4296 cxceptus
2478 4224 2580 4278 fuit
2612 4243 2624 4278 :
2659 4224 2840 4278 cuncti
2874 4224 3021 4277 enim
3074 4223 3316 4276 incensis
3353 4221 3622 4291 lampadi-

2015 4319 2118 4373 bus
2159 4334 2358 4390 magno
2385 4316 2596 4371 honore
2643 4316 2946 4379 hominem,
2979 4314 3149 4370 tnulta
3189 4313 3492 4386 ignominia
3524 4315 3616 4369 di-

2015 4427 2204 4484 gnum,
2234 4421 2492 4479 tanquam
2522 4408 2724 4464 Christi
2755 4407 3087 4478 discipulum
3119 4415 3502 4477 susceperunt.
3539 4408 3617 4462 Ea

2014 4521 2073 4561 rc
2110 4505 2407 4567 intellecta,
2458 4504 2581 4572 pius
2615 4503 2836 4574 quidam
2873 4504 2958 4556 vir
2995 4517 3060 4556 ex
3095 4501 3199 4555 loci
3250 4499 3614 4570 principibus,

2013 4597 2240 4651 neruine
2289 4596 2670 4661 Cricorachcs,
2722 4612 2917 4666 magna
2974 4609 3098 4648 cum
3156 4593 3388 4646 militum
3451 4609 3618 4648 manu

2014 4691 2181 4753 rules,
2232 4689 2321 4743 ubi
2364 4688 2596 4742 llianetis
2657 4688 2961 4758 discipulus
3010 4686 3355 4750 versabatur,
3397 4685 3616 4748 cinxit;

308 4790 339 4842 ὁ
380 4788 636 4860 μαθητὴς
683 4788 779 4843 τοῦ
829 4791 1110 4855 Μάνεντος
1141 4808 1156 4823 ο
1203 4792 1300 4845 καὶ
1339 4794 1468 4856 τοὺς
1659 4793 1909 4865 μαθητάς

2020 4789 2068 4834 et
2093 4779 2329 4833 asscclas
2345 4777 2564 4848 quidem
2587 4779 2707 4846 ejus
2730 4775 3183 4846 coml'irehctnlit;
3218 4774 3314 4828 sed
3342 4773 3618 4844 Iosephus

307 4882 479 4936 αὐτοῦ
523 4882 805 4954 συνέσχεν,
842 4885 1005 4948 αὐτὸς
1029 4884 1086 4938 δέ
1109 4885 1333 4956 διαδρὰς
1359 4885 1539 4956 φυγὰς
1561 4883 1738 4958 ᾤχετο
1769 4887 1909 4957 πρὸς

307 4975 408 5047 τὴν
436 4975 680 5048 Φρυγίαν
719 4994 734 5008 ·
785 4979 880 5032 καὶ
910 4977 1163 5033 ἀπελθὼν
1212 4977 1536 5049 κατῴκησεν
1577 4983 1658 5043 εἰς
1699 4980 1907 5034 Ἀντιό-

307 5085 464 5139 χειαν
499 5069 598 5140 τῆς
642 5070 895 5134 Πισιδίας
924 5086 937 5100 ⁸
987 5071 1045 5124 ἐν
1075 5070 1220 5124 ἔτεσι
1265 5069 1322 5122 δὲ
1353 5071 1653 5140 τριάκοντα
1689 5071 1784 5124 καὶ
1812 5071 1908 5123 αὐ-

305 5161 399 5225 τὸς
452 5162 941 5234 ἐπαγωνισάμενος
996 5166 1063 5236 τῇ
1119 5163 1309 5234 κακίᾳ,
1344 5163 1500 5234 ἔλεγε
1535 5166 1648 5228 τοῖς
1707 5165 1904 5218 ἑαυτοῦ

309 5253 607 5327 μαθηταῖς,
641 5256 890 5328 μαθητὴς
932 5253 1075 5311 εἶναι
1131 5258 1346 5311 Παύλου
1395 5257 1490 5312 τοῦ
1528 5260 1830 5314 ἀποστόλου
1876 5261 1904 5313 ὁ

321 5345 742 5418 Ἐπαφρόδιτος,
777 5349 873 5400 καὶ
924 5347 1056 5418 παρ’
1116 5348 1286 5400 αὐτοῦ
1350 5347 1488 5419 πρὸς
1534 5348 1734 5413 αὐτοὺς
1792 5349 1898 5402 ἁπ-

305 5436 568 5491 εστάλθαι
605 5453 618 5467 ·
654 5435 800 5509 [cod.
834 5435 872 5490 f.
902 5435 1056 5509 105.]
1090 5434 1202 5506 ἐγὼ
1232 5436 1288 5490 δέ
1317 5435 1484 5490 αὐτὸν
1523 5435 1752 5501 εἰκότως
1800 5453 1902 5490 κα-

304 5530 449 5586 λέσω
465 5530 797 5602 Ἀφρόνητον
823 5547 838 5563 ·
863 5530 984 5587 λίαν
1016 5530 1127 5602 γὰρ
1156 5531 1372 5602 ὑπῆρχε
1395 5529 1488 5585 καὶ
1504 5528 1854 5601 γραμμάτων
1877 5527 1902 5568 8

2021 4871 2239 4940 elapsus
2267 4869 2417 4924 venit
2449 4868 2504 4922 in
2539 4867 2830 4938 Phrygiam
2863 4887 2875 4920 :
2909 4867 3148 4936 indeque
3200 4866 3522 4930 abscedens,
3561 4866 3616 4920 in

2022 4967 2156 5019 urbe
2186 4963 2401 5018 Pisidim
2428 4963 2720 5017 Antiochia
2744 4961 2967 5016 resedit.
3007 4961 3254 5031 Cumque
3282 4969 3338 5014 et
3369 4960 3484 5030 ipse
3517 4961 3619 5015 tri-

2017 5061 2166 5129 ginta
2194 5057 2354 5112 annis
2385 5056 2684 5127 nequitiam
2719 5071 2874 5109 suam
2920 5053 3286 5120 exercuisset,
3339 5053 3415 5107 ait
3446 5052 3615 5106 disci-

2014 5155 2158 5226 pulis
2189 5153 2327 5217 suis,
2371 5168 2432 5208 se
2467 5151 2620 5206 Pauli
2647 5149 2881 5220 apostoli
2923 5131 3277 5220 discipulum.
3303 5163 3426 5204 esse
3473 5149 3620 5218 Epa-

2013 5247 2349 5318 phroditum,
2373 5259 2542 5315 seque
2559 5243 2626 5298 ad
2646 5244 2765 5298 illos
2783 5243 2852 5297 ab
2875 5257 2942 5297 eo
2960 5244 3189 5296 missum
3215 5239 3406 5295 fuisse.
3434 5240 3503 5294 At
3518 5256 3622 5311 ego

2013 5356 2113 5410 pro
2160 5336 2555 5409 Epaphrodito,
2593 5334 2962 5407 Aphronitum
3015 5334 3210 5388 merito
3243 5348 3370 5387 eum
3424 5332 3616 5401 appel-

2011 5433 2135 5489 labo
2165 5451 2180 5488 :
2223 5431 2430 5487 ctenim
2460 5429 2764 5484 litterarum
2813 5443 3039 5499 prorsus
3083 5433 3248 5497 atque
3279 5426 3590 5498 phroneseo

2009 5541 2208 5599 expers
2245 5533 2364 5580 erat.
2397 5542 2412 5580 :
2445 5537 2683 5594 cumque
2721 5522 2925 5578 multos
2948 5520 3196 5576 scelestis
3215 5517 3430 5574 actibus
3455 5526 3620 5572 atter-

1615 5665 1855 5723 V'ARIAB
1908 5663 2323 5722 LECTIONES.

379 5814 409 5854 ι)
446 5813 509 5867 R.
544 5821 592 5868 cl
626 5813 751 5870 cod.
781 5813 1086 5871 δεδειῶσαι.

305 5884 656 5954 ἐξελθόντων.
741 5882 758 5923 ί
785 5883 851 5941 R.
878 5889 1044 5959 ἀπεχ.
1123 5889 1148 5928 ε
1176 5886 1241 5944 R.
1277 5882 1633 5964 γραμμάτου.

1187 5827 1209 5888 ς
1242 5817 1321 5872 lta
1357 5832 1550 5888 reapse
1579 5816 1702 5872 cod.
1733 5817 1803 5872 At
1829 5814 1892 5869 ιι.
1931 5813 2399 5887 ἀνερευνομένων,
2433 5813 2580 5886 quod
2614 5812 2668 5869 in
2696 5827 2870 5882 tnarg.
2907 5824 3056 5867 corr.

3153 5804 3178 5845 ιι
3213 5804 3275 5860 R.
3318 5801 3420 5857 διό.
3503 5813 3526 5843 ο
3555 5801 3623 5859 Β.
