4142 6424
592 352 734 418 1287
1955 351 2189 414 PETRI
2245 348 2497 413 SICULI
3757 361 3882 424 1283

585 485 672 524 nae
709 464 1138 540 pocnmfecisset
1169 466 1464 535 obnoxios,
1515 467 1633 539 ipse
1665 467 1916 539 Tquoque
1963 468 2017 523 in
2078 469 2184 524 IOC(

2310 464 2405 518 καὶ
2426 461 2745 535 φρονήσεως
2769 466 3000 536 ἄμοιρος
3028 481 3040 495 ·
3073 464 3304 530 πολλούς
3328 483 3389 520 τε
3425 469 3493 539 τῇ
3530 473 3744 542 πονηρᾷ
3786 490 3881 526 κα-

583 561 679 631 qui
709 561 911 616 dicitur
941 559 1376 631 Chortocopium
1406 561 1521 616 vita
1572 561 1684 634 36
1747 560 2011 616 excessit.
2082 560 2184 616 Hoc

2303 556 2542 627 κουργίᾳ
2573 553 2916 620 ὑπευθύνους
2950 557 3187 630 ποιήσας
3219 560 3318 631 τῆς
3350 561 3570 615 αἰωνίου
3592 562 3883 631 κολάσεως,

585 654 770 708 adhuc
794 653 1112 724 superstite,
1136 652 1404 724 discipula
1428 653 1604 724 ipsius
1629 653 1686 706 in
1710 652 1974 708 Armenia
1999 652 2184 706 mulier

2299 647 2642 718 κατέστρεψε
2693 651 2790 703 καὶ
2823 649 2989 714 αὐτὸς
3053 652 3236 705 ἐκεῖσε
3287 653 3380 706 τὸν
3433 654 3570 723 βίον,
3593 659 3677 722 εἰς
3731 661 3886 715 τόπον

585 744 864 816 quaedam,
911 745 981 799 ab
1033 761 1144 799 uno
1175 760 1244 800 ex
1277 744 1399 814 ejus
1452 743 1692 800 alumnis
1735 754 1993 814 corrupta
2025 743 2184 798 lilium

2296 738 2596 810 λεγόμενον
2653 741 3078 813 Χορτοκοπεῖον.
3135 745 3338 799 Τούτου
3396 747 3479 801 ἔτι
3533 750 3884 823 ὑπάρχοντος,

587 837 830 908 peperit,
868 835 1158 902 Hebraico,
1185 845 1244 892 ut
1273 836 1450 902 aiunt,
1510 851 1710 907 genere
1734 875 1750 901 ,
1802 835 2008 890 malitia
2063 834 2184 889 insi-

2311 830 2596 903 μαθήτρια
2614 832 2808 887 τούτου
2834 836 2914 897 είς
2948 835 3240 907 Ἀρμενίαν
3260 840 3396 910 γυνή
3427 858 3512 902 τις
3527 842 3709 896 ἐκτῶν
3729 846 3886 900 αὑτοῦ

589 946 778 1002 gnem,
841 945 1108 1001 spurcum
1183 930 1450 986 videlicet
1503 928 1804 984 Bahanem.
1863 929 2052 1000 Itaque
2109 927 2184 983 hic

2300 923 2562 993 μαθητῶν
2616 925 2990 997 μοιχευθεῖσα,
3051 929 3209 1000 ἔσχεν
3268 931 3403 995 υίὺν,
3459 931 3534 998 ῶς
3598 953 3789 1006 φασιν,
3833 939 3885 1005 ἐξ

588 1021 840 1078 Bahanes
873 1021 1176 1093 Aphroneti
1208 1037 1497 1078 successor
1527 1021 1652 1084 fuit,
1677 1023 1907 1092 ejusque
1940 1019 2184 1074 haeresim

2308 1014 2578 1083 Ἐϐραίων
2612 1061 2626 1081 ,
2697 1019 2788 1073 τὸν
2848 1021 2942 1074 ἐπὶ
3008 1023 3180 1094 κακίᾳ
3257 1025 3584 1097 περιϐόητον
3651 1029 3887 1099 ῥυπαρὸν

587 1114 921 1170 incolumem
959 1125 1126 1185 prout
1172 1126 1466 1186 exceperat
1509 1132 1538 1170 a
1595 1113 2026 1187 praecessoribus
2075 1113 2184 1168 suis

2296 1109 2543 1183 Βαάνην.
2581 1107 2751 1177 Οὗτος
2780 1113 2925 1169 οῦνὸ
2959 1116 3173 1186 Βαάνης
3223 1118 3529 1190 διαδέχεται
3565 1121 3659 1174 τὸν
3699 1123 3890 1196 ’Δφρόο

585 1207 740 1262 omni
808 1207 1128 1278 impuritate
1177 1208 1486 1264 confertum
1542 1210 1825 1272 retinens,
1880 1208 2184 1277 multosque

2295 1220 2457 1273 νητον
2485 1245 2500 1268 ,
2536 1207 2632 1259 καὶ
2678 1207 2776 1278 τὴν
2815 1209 3031 1280 αἵρεσιν
3070 1210 3216 1264 σώαν
3255 1213 3322 1282 ἣν
3361 1214 3702 1285 παρείληφεν
3746 1217 3888 1289 παρὰ

585 1300 884 1355 stultosad
942 1310 1248 1356 extremam
1306 1301 1676 1372 perditionem
1727 1301 2030 1369 deducens,
2075 1299 2184 1372 ipse

2296 1296 2403 1349 τῶν
2435 1297 2544 1369 πρὸ
2587 1298 2758 1353 αὐτοῦ
2778 1301 2877 1371 τὴν
2903 1302 3085 1372 πάσης
3111 1303 3458 1375 ἀκαθαρσίας
3484 1305 3668 1379 πλήρη
3687 1309 3715 1346 h
3762 1327 3887 1363 κατ-

581 1406 804 1462 quoque
840 1392 1099 1464 nequitiae
1123 1393 1384 1465 magister
1424 1394 1653 1450 exstitit.

653 1668 872 1726 XXXII.
907 1669 1048 1728 Ecce
1075 1681 1260 1728 autem
1284 1673 1449 1744 paulo
1471 1683 1599 1744 post
1651 1673 1792 1730 alius
1844 1675 1974 1732 item
2009 1691 2191 1734 emer-

577 1762 651 1818 sit
685 1778 752 1818 ex
777 1764 932 1819 urbis
977 1763 1165 1820 Tabiae
1196 1766 1473 1821 territorio
1517 1767 1765 1824 veritatis
1815 1769 2186 1825 adversarius.

2296 1387 2438 1458 έχων
2474 1405 2490 1420 ο
2530 1391 2626 1444 καὶ
2665 1391 2896 1455 πολλοὺς
2932 1395 3044 1448 τῶν
3082 1395 3339 1466 ἀφρόνων
3392 1399 3473 1461 εἰς
3499 1400 3717 1453 τελείαν
3746 1402 3887 1456 ἁπὼσ

2293 1480 2444 1534 λειαν
2473 1481 2644 1552 ἄγων,
2679 1485 2888 1555 γίνεται
2935 1488 3030 1542 καὶ
3095 1489 3260 1555 αὐτὸς
3315 1491 3417 1563 τῆς
3471 1496 3676 1560 κακίας
3745 1498 3886 1552 διδά·

2295 1576 2517 1639 σκαλος.

2367 1667 2502 1724 AB'.
2539 1669 2675 1724 Μετ’
2704 1671 2767 1726 ού
2791 1670 2964 1728 πολὺν
2991 1673 3049 1727 δὲ
3079 1676 3271 1745 χρόκον
3298 1679 3393 1732 καὶ
3427 1678 3618 1751 ἕτερός
3645 1699 3733 1748 τις
3766 1684 3886 1737 ἀνα-

2295 1761 2572 1816 δείκνυται
2617 1764 2715 1836 τῆς
2759 1766 3021 1837 ἀληθείας
3076 1769 3376 1836 ἀντίπαλος
3425 1774 3491 1828 ἐκ
3539 1775 3654 1829 τῶν
3711 1777 3883 1848 μερῶν

580 1854 684 1910 Est
711 1854 862 1908 enim
905 1854 978 1909 ibi
1027 1856 1315 1925 proximus
1366 1871 1560 1927 pagus,
1614 1857 1702 1912 cui
1736 1873 1941 1913 nomen
1983 1859 2184 1925 Annia,

2293 1853 2499 1918 Ταϐίας
2538 1859 2638 1927 τῆς
2694 1858 2904 1924 πόλεως
2927 1877 2940 1893 ο
2975 1860 3092 1915 ἔστι
3131 1863 3243 1935 γὰρ
3275 1866 3455 1919 ἐκεῖσε
3506 1837 3879 1940 πλησιάζουσα

583 1961 752 2014 quem
812 1945 900 2000 vir
953 1947 1178 2016 quidam
1235 1947 1515 2002 incolebat
1571 1947 1805 2019 Dryinus
1859 1949 2185 2019 appellatus.

577 2039 724 2096 lIuic
755 2039 901 2096 filius
926 2047 1069 2107 erat,
1093 2039 1320 2111 Sergius
1350 2039 1600 2106 nomine,
1622 2041 1825 2096 diaboli
1854 2042 2030 2097 miles.
2057 2041 2188 2098 Ser-

577 2131 723 2202 gius,
751 2131 994 2202 inquam,
1043 2131 1139 2201 qui
1193 2132 1393 2188 multos
1452 2132 1584 2187 fecit
1638 2132 1705 2188 de
1756 2133 1952 2188 ovibus
2005 2134 2184 2206 lupos,

576 2238 814 2294 quorum
848 2239 1017 2294 opera
1045 2223 1252 2279 Christi
1275 2240 1494 2296 gregem
1524 2225 1837 2296 dissipavit.
1882 2225 2107 2298 Sergius
2132 2227 2184 2282 in

576 2311 744 2366 ovina
772 2313 915 2382 pelle
942 2313 1127 2383 lupus,
1161 2313 1552 2370 fraudulentus
1579 2315 1846 2370 virtutum
1876 2316 2183 2383 simulator,

576 2412 648 2461 ac
671 2407 971 2462 multorum
1001 2407 1232 2478 proinde
1261 2408 1552 2479 deceptor;
1584 2406 1808 2482 Sergius
1827 2410 2007 2464 crucis
2027 2409 2186 2464 Chri-

578 2500 650 2554 sti
677 2500 953 2565 inimicus,
989 2507 1046 2555 et
1081 2501 1340 2555 atheismi
1373 2516 1456 2566 os,
1518 2499 1763 2571 Deiparaa
1818 2502 2184 2573 omniumque

575 2601 899 2648 sanctorum
941 2593 1299 2660 conviciator,
1333 2591 1534 2649 Christi
1564 2595 1938 2664 apostolorum
1987 2595 2184 2651 adver-

575 2685 780 2753 sarius,
811 2685 1208 2757 prophetarum
1236 2701 1384 2750 osor,
1424 2695 1483 2742 et
1531 2687 1840 2742 divinarum
1873 2688 2184 2759 Scriptura-

573 2794 700 2834 rum
735 2788 1027 2850 corruptor
1051 2795 1190 2850 quas
1222 2779 1289 2834 ad
1330 2780 1542 2835 fabulas
1573 2781 2034 2852 mendaciumque
2067 2783 2184 2839 dis-

575 2869 875 2938 torquebat
912 2887 927 2936 ;
981 2868 1206 2941 Sergius
1228 2869 1432 2926 Christi
1463 2871 1658 2934 hostis,
1701 2880 1758 2926 et
1790 2871 2048 2929 Ecclesiae
2082 2889 2183 2945 op-

571 2974 868 3034 pugnator,
902 2963 998 3033 qui
1038 2961 1134 3018 Dei
1189 2963 1391 3018 Filium
1441 2965 1679 3035 pedibus
1725 2967 2087 3032 conculcavit,
2129 2978 2186 3024 et

575 3057 708 3111 novi
745 3057 1089 3112 Testamenti
1123 3059 1447 3129 sanguinem
1471 3062 1760 3130 profanum
1804 3062 2090 3132 judicavit,
2129 3071 2186 3118 et

2290 1945 2453 2018 κώμη
2505 1949 2688 2004 Ἀννία
2735 1953 3073 2026 καλουμένη.
3107 1959 3163 2011 ὲν
3203 1952 3249 2033 [ﬁ
3300 1959 3546 2030 κατῴκει
3609 1963 3753 2033 ἀνήρ
3785 1981 3880 2026 τις,

2291 2040 2518 2110 Δρύῖνος
2564 2042 2992 2116 ὀνομαζόμενος.
3035 2049 3206 2115 Οὗτος
3248 2051 3408 2124 ἔσχεν
3476 2055 3617 2122 υίὺν,
3672 2057 3884 2128 Σέργιον

2292 2134 2651 2206 καλούμενον,
2683 2141 2776 2194 τὸν
2827 2142 2922 2194 τοῦ
2971 2142 3218 2198 διαϐόλου
3256 2146 3580 2219 ύπέρμαχον
3611 2165 3628 2180 ο
3673 2149 3882 2220 Σέργιον

2290 2227 2385 2280 τὸν
2440 2229 2672 2295 πολλοὺς
2713 2234 2777 2288 ὲκ
2821 2235 3124 2305 προϐάτων
3180 2237 3380 2304 λύκους
3413 2241 3747 2311 ποιήσαντα,
3776 2240 3882 2295 -καὶ

2291 2325 2357 2379 δι’
2396 2327 2410 2367 ί
2447 2322 2627 2378 αὐτῶν
2661 2327 3042 2398 σκορπίσαντα
3076 2331 3177 2394 τὰς
3203 2332 3303 2386 τοῦ
3346 2331 3590 2404 Χριστοῦ
3639 2334 3834 2402 ἀγέλας
3859 2351 3870 2362 ·

2293 2422 2523 2495 Σέργιον
2560 2421 2654 2474 τὸν
2703 2421 2876 2476 δεινὸν
2915 2423 3377 2495 προϐατόσχημον
3409 2424 3600 2489 λύκον,
3635 2425 3730 2479 τὸν
3761 2427 3880 2496 ἀρε-

2290 2515 2390 2578 τὰς
2423 2514 2614 2578 δολίως
2645 2513 3037 2584 ὑποκριθέντα,
3070 2516 3368 2569 κάντεῦθεν
3407 2517 3642 2582 πολλοὺς
3686 2517 3879 2582 ἐξαπα-

2289 2606 2572 2677 τήσαντα·
2631 2606 2863 2676 Σέργιον
2923 2605 3014 2659 τὸν
3071 2607 3266 2678 ἐχθρὸν
3339 2608 3437 2662 τοῦ
3498 2610 3740 2681 σταυροῦ
3797 2610 3878 2664 τοῦ

2291 2697 2558 2770 Χριστοῦ,
2599 2699 2660 2752 τὸ
2691 2699 2791 2770 τῆς
2825 2698 3124 2765 ἀθεότητος
3175 2702 3371 2772 στόμα,
3403 2703 3497 2758 τὸν
3549 2704 3658 2775 τῆς
3691 2705 3878 2775 θεομή-

2288 2806 2448 2863 τορος
2491 2791 2588 2845 καὶ
2642 2791 2860 2846 πάντων
2903 2793 3015 2846 τῶν
3063 2793 3239 2863 ἁγίων
3304 2795 3572 2867 ὑϐριστήν
3600 2811 3614 2826 ·
3666 2795 3877 2866 Σέργιον

2289 2885 2384 2940 τὸν
2417 2883 2564 2958 [c0d.
2597 2885 2637 2942 f.
2668 2887 2768 2942 150
2793 2886 2872 2959 b.]
2904 2887 3203 2959 ἀντίμαχον
3233 2889 3343 2943 τῶν
3375 2889 3470 2943 τοῦ
3497 2889 3742 2961 Χριστοῦ
3765 2891 3877 2944 ἀπο-

2293 2978 2495 3033 στόλων
2563 2979 2657 3034 τὸν
2717 2981 2847 3044 τοὺς
2904 2984 3195 3053 προφήτας
3261 2983 3596 3055 μισήσαντα,
3644 2985 3738 3038 καὶ
3791 2982 3876 3045 τὰς

2292 3069 2444 3134 θείας
2495 3071 2722 3141 Γραφάς
2761 3073 3207 3145 ἀποστραφέντα,
3241 3075 3337 3129 καὶ
3381 3076 3519 3146 πρὸς
3565 3076 3767 3148 μύθους
3794 3076 3877 3129 καὶ

573 3147 635 3202 in
688 3148 875 3218 gratia:
933 3148 1203 3218 Spiritum
1260 3150 1498 3221 iniurius
1547 3152 1670 3207 fuit.
1723 3152 1948 3226 Sergius
1969 3157 2061 3227 qui
2093 3173 2184 3212 se-

2289 3161 2462 3234 ψεύδη
2504 3164 2854 3236 ἐκτραπέντα
2883 3182 2896 3196 ·
2931 3167 3159 3238 Σέργιον
3187 3167 3280 3222 τὸν
3327 3169 3423 3222 τοῦ
3449 3147 3695 3240 Χριστοῦ
3729 3187 3876 3240 μιση-

573 3237 759 3307 ipsum
795 3238 934 3294 dixit
964 3239 1334 3304 Paraclelum,
1366 3251 1422 3298 et
1455 3242 1678 3315 Tychici
1716 3247 1819 3301 sibi
1846 3264 2051 3305 nomen
2085 3251 2188 3307 im-

570 3329 782 3400 posuit,
815 3339 982 3401 atque
1009 3347 1040 3386 a
1072 3333 1189 3388 suis
1213 3335 1499 3406 discipulis
1524 3354 1626 3393 ceu
1664 3341 1908 3411 Spiritus
1955 3355 2185 3402 sanctus

569 3423 832 3478 adoratus
857 3423 999 3492 fuit;
1033 3425 1256 3498 Sergius
1282 3429 1629 3486 tenebrarum
1667 3449 1878 3501 amans,
1906 3445 1963 3491 et
1995 3451 2053 3492 se
2098 3439 2186 3492 ni-

574 3513 880 3571 hilominus
922 3519 1260 3575 relucentem
1315 3523 1530 3578 stellam
1575 3527 1878 3596 appellans.
1915 3529 2022 3584 Sed
2054 3534 2184 3603 quid

572 3608 782 3679 plura?
821 3611 907 3665 vel
948 3626 1048 3666 cur
1078 3613 1196 3667 haec
1253 3615 1399 3671 haud
1455 3618 1622 3674 cilius
1676 3621 1992 3693 abrumpo?
2053 3626 2186 3680 Exi-

573 3698 744 3754 stimo
769 3699 916 3754 enim
940 3717 1011 3756 ne
1045 3703 1368 3759 universum
1403 3707 1626 3777 quidem
1659 3727 1865 3775 :evum,
1919 3717 2184 3786 nequitiae

571 3789 696 3859 eius
736 3789 900 3861 digne
937 3795 1265 3850 enarranda:
1295 3798 1431 3853 satis
1459 3799 1598 3854 fore.
1639 3801 1738 3857 llic
1769 3818 1900 3876 ergo
1933 3806 2180 3880 Sergius,

571 3881 804 3951 juvenili
832 3882 1014 3938 adhuc
1041 3894 1227 3952 aetate,
1291 3887 1579 3947 familiaris
1633 3893 1811 3951 factus
1860 3899 2184 3958 Manichteae

571 3973 792 4029 cuidam
835 3976 1194 4044 mulierculae,
1223 3990 1388 4052 atque
1422 3984 1492 4039 ab
1547 4001 1608 4040 ea
1667 3987 1954 4060 deceptus,
2023 3993 2184 4050 Anti-

575 4065 769 4121 christi
797 4066 909 4138 37
952 4085 1264 4140 praecursor
1290 4076 1519 4131 exstitit.
1551 4078 2004 4140 Consentaneum
2023 4089 2184 4160 quip-

573 4173 643 4229 pe
695 4157 800 4214 fuit
839 4169 901 4216 ut
944 4163 996 4217 hi
1030 4165 1364 4236 turpissima:
1419 4169 1693 4229 haereseos
1751 4179 2017 4249 magistri,
2047 4157 2183 4251 par-

574 4250 673 4304 tim
699 4267 766 4305 ex
796 4252 1088 4310 Saracenis
1119 4257 1350 4328 stirpem
1394 4260 1684 4331 ducerent,
1737 4270 1935 4336 partim
1994 4250 2180 4328 servili

579 4355 787 4410 genere
845 4353 1057 4410 essent,
1117 4349 1316 4417 partim
1373 4351 1442 4406 de
1506 4352 1873 4414 fornicatione
1926 4376 2184 4419 crearen-

573 4439 688 4496 tur,
741 4433 942 4503 partim
989 4436 1230 4508 denique
1284 4455 1316 4495 a
1362 4441 1582 4500 feminis
1610 4461 1856 4504 errorem
1899 4455 2181 4512 condisce-

573 4534 724 4580 rent.

2292 3254 2414 3326 τὴν,
2463 3256 2556 3310 τὸν
2597 3258 2700 3328 τῆς
2767 3257 3100 3328 Ἐκκλησίας
3153 3260 3434 3330 πολέμιον,
3471 3261 3563 3316 τὸν
3613 3262 3742 3318 Υίὺν
3792 3260 3873 3314 τοῦ

2292 3345 2429 3398 Θεοῦ
2480 3351 2978 3420 καταπατήσαντα,
3039 3353 3134 3406 καὶ
3175 3353 3238 3406 τὸ
3278 3347 3422 3424 αἷμα
3471 3355 3572 3424 τῆς
3625 3355 3875 3426 διαθήκης

2291 3439 2470 3493 κοινὸν
2495 3439 2508 3490 i
2549 3443 2921 3515 ἡγησάμενον,
2944 3446 3042 3498 καὶ
3089 3446 3150 3500 τὺ
3176 3445 3404 3518 Πνεῦμα
3426 3448 3526 3518 τῆς
3546 3447 3772 3519 χάριτος
3799 3450 3874 3501 ὲν-

2289 3531 2593 3605 υϐρίσαντα
2625 3553 2638 3568 ’
2707 3537 2933 3609 Σέργιον
2985 3538 3077 3593 τὸν
3124 3540 3317 3595 ἑαυτὸν
3375 3542 3736 3613 Παράκλητον
3794 3540 3871 3593 λέ-

2288 3642 2457 3694 γοντα
2496 3627 2632 3699 (56),
2666 3629 2903 3700 Τυχικόν
2942 3647 3004 3683 τε
3035 3631 3227 3685 ἑαυτόν
3273 3631 3587 3686 καλέσαντα
3637 3632 3732 3686 καὶ
3781 3629 3874 3684 ὑπὸ

2287 3720 2400 3773 τῶν
2443 3721 2586 3775 ἰδίων
2634 3723 2895 3794 μαθητῶν
2933 3723 3008 3788 ὡς
3033 3725 3261 3794 Πνεῦμα
3288 3723 3442 3794 ἆγιον
3473 3723 3871 3797 προσκυνούμε-

2288 3826 2378 3864 νον
2407 3826 2423 3842 ’
2455 3812 2681 3884 Σέργιον
2711 3814 2802 3868 τὸν
2834 3814 2930 3868 τοῦ
2980 3817 3207 3881 σκότους
3253 3818 3568 3890 προσφιλῆ,
3610 3819 3702 3872 τὸν
3759 3818 3874 3869 ἑαυ-

2288 3902 2380 3958 τὸν
2404 3905 2714 3980 λυχνοφανῆ
2743 3909 2951 3981 ἀστέρα
2981 3911 3209 3978 λέγοντα
3242 3927 3256 3942 ο
3283 3912 3378 3965 καὶ
3407 3912 3460 3964 τί
3482 3911 3563 3965 ἔτι
3590 3911 3763 3981 λέγω,
3789 3908 3872 3962 καὶ

2287 3998 2349 4050 ού
2401 4000 2762 4071 συμπεραίνω
2790 4003 3002 4073 ταχέως
3032 4019 3048 4071 ;
3078 3997 3236 4074 οἶμαι
3265 4004 3400 4077 εγάρ
3430 4004 3512 4058 ὅτι
3559 4005 3674 4058 οὐδ’
3720 4005 3748 4058 ό
3775 4003 3873 4065 πᾶς

2288 4093 2428 4148 αἰὼν
2480 4093 2581 4164 τὴν
2629 4093 2797 4148 αὐτοῦ
2835 4096 3037 4150 κακίαν
3073 4097 3311 4162 ἐπαξίως
3360 4097 3438 4168 τῷ
3466 4097 3683 4166 λέγοντι
3715 4099 3870 4167 ἐπαρ-

2287 4187 2437 4240 κέσοι
2465 4201 2480 4216 ·
2507 4179 2662 4249 οὗτος
2719 4187 2900 4242 τοίνυν
2944 4191 2972 4243 ὁ
3027 4190 3255 4260 Σέργιος
3307 4189 3387 4244 ἔτι
3425 4191 3553 4244 νέαν
3606 4194 3753 4261 ἄγων
3782 4189 3870 4259 τήν

2287 4279 2528 4350 ήλικίαν,
2561 4280 2888 4351 προσομιλεῖ
2947 4299 3055 4335 τινι
3121 4284 3346 4352 γυναικὶ
3405 4283 3540 4356 οὕσῃ
3575 4287 3639 4340 ἐκ
3704 4285 3868 4340 Μανι-

2287 4373 2458 4444 Xa.wa
2490 4389 2504 4404 °
2545 4373 2644 4428 καὶ
2695 4375 2753 4441 ἐξ
2811 4376 2983 4446 αὐτῆς
3023 4377 3350 4448 ἀπατηθεὶς,
3393 4378 3607 4446 γίνεται
3655 4377 3870 4449 πρόδρο-

2290 4482 2391 4535 μος
2421 4465 2516 4520 τοῦ
2573 4467 2950 4540 Ἀντιχρίστου
2975 4485 2990 4501 ·
3017 4469 3124 4524 ἔδει
3159 4471 3268 4542 γάρ
3319 4472 3444 4536 τοὺς
3494 4473 3598 4542 τῆς
3629 4471 3868 4543 ἐχθίστης

2215 4542 2559 4630 Ι)αίρε²σεως
2618 4560 3021 4628 διδασκάλους,
3085 4564 3215 4627 τοὺς
3273 4563 3372 4636 μὲν
3423 4567 3488 4618 ὲκ
3548 4542 3867 4636 Σαρακηνῶν

573 4618 938 4722 κατάγεσθαι,
984 4622 1114 4730 τούς
1171 4623 1227 4730 δὲ
1277 4627 1338 4692 ἐξ
1399 4628 1631 4686 οἰκετῶν
1677 4634 1989 4710 ὑπάρχειν,
2045 4646 2174 4711 τοὺς
2213 4648 2411 4718 ἄλλους
2479 4655 2545 4707 ὲκ
2587 4655 2848 4726 πορνείας
2909 4657 3276 4729 γεγεννῆσθαι
3343 4659 3394 4724 ιε,
3427 4659 3524 4712 καὶ
3554 4658 3774 4730 ἑτέρους
3810 4657 3867 4706 ἐκ

573 4710 858 4780 γυναικῶν
883 4715 1288 4786 παρειληφέναι
1313 4720 1414 4792 τὴν
1449 4722 1662 4794 πλάνην
1686 4729 1820 4800 ('57).

646 4807 888 4864 XXXIII.
918 4811 996 4867 Ne
1023 4829 1154 4869 vero
1185 4815 1472 4874 videamur
1499 4829 1704 4880 temere
1737 4827 1884 4884 hunc
1907 4847 2186 4904 accusare,

573 4918 665 4958 res
696 4903 869 4973 ipsius
903 4904 1148 4977 singulas
1187 4925 1550 4982 exponemus.
1605 4919 1671 4973 Et
1711 4922 1890 4990 primo
1934 4903 2186 4986 dicemus

573 4994 852 5064 quomodo
885 4996 1075 5053 infelix
1106 5001 1272 5057 homo
1295 5005 1361 5058 ad
1388 5005 1536 5060 hanc
1577 5007 1835 5068 hieresim
1870 5016 2186 5075 declinave-

574 5090 684 5156 rit;
719 5090 919 5148 deinde
941 5111 1006 5149 ex
1047 5097 1221 5167 ipsius
1248 5105 1624 5171 sermonibus,
1669 5111 1925 5178 quisnam
1956 5115 2045 5170 hic
2075 5117 2181 5171 mi-

575 5181 844 5240 serrimus
874 5186 944 5242 sit
967 5189 1052 5244 vel
1087 5191 1270 5260 potius
1295 5193 1484 5265 fuerit,
1510 5200 1688 5270 palam
1723 5203 2012 5263 faciemus.
2042 5208 2184 5266 IIuic

2361 4839 2487 4897 AI".
2530 4842 2651 4897 Ἵνα
2686 4844 2742 4898 δὲ
2791 4845 2867 4917 μὴ
2901 4845 3143 4916 δόξωμεν
3179 4847 3258 4913 είς
3316 4847 3498 4920 μάτην
3551 4845 3864 4916 κατηγορεῖν

2287 4933 2574 4999 αὐτοῦ,τά
2629 4937 2759 5009 περὶ
2810 4939 2978 4994 αὑτοῦ
3037 4942 3284 5013 μερικῶς
3337 4937 3864 5013 διηγησόμεθα’καὶ

2286 5027 2503 5098 πρῶτον
2567 5030 2668 5100 μὲν
2717 5031 2964 5103 εἴπωμεν
3025 5031 3040 5071 ι
3081 5033 3197 5099 πῶς
3249 5037 3277 5088 ὁ
3326 5034 3509 5099 ἄθλιος
3557 5037 3636 5098 είς
3677 5029 3862 5098 ταύτην

2295 5121 2572 5196 ἐξετράπη
2633 5125 2732 5198 τὴν
2767 5127 2985 5198 αἵρεσιν
3015 5145 3028 5160 ·
3071 5125 3173 5184 εἷθ’
3220 5129 3394 5194 οὕτως
3436 5131 3500 5184 ὲκ
3529 5129 3638 5184 τῶν
3667 5125 3860 5183 οἰκείων

2287 5214 2454 5269 αὑτοῦ
2488 5215 2688 5287 λογίων
2717 5223 3148 5294 παραστήσομεν
3177 5223 3364 5289 ὁποῖός
3390 5222 3477 5288 τίς
3511 5224 3651 5289 ἐστι,
3677 5216 3858 5293 μᾶλλον

1879 5415 2118 5474 νΑΒΙλΕ
2159 5418 2456 5482 LECTION
2464 5426 2569 5483 ES.

652 5539 682 5580 ιι
717 5538 859 5598 Cod.
891 5545 1133 5616 πλήρης.
1222 5547 1236 5586 ί
1270 5544 1335 5602 R.
1369 5548 1478 5604 διά.
1559 5551 1574 5604 ί
1611 5549 1749 5612 Cod.
1781 5559 1992 5614 καινόν.
2073 5563 2101 5602 k
2135 5563 2202 5623 Β.
2227 5529 2584 5639 γεγενῆσθαι.
2676 5570 2690 5609 ι
2723 5571 2866 5627 Cod.
2891 5573 3140 5647 εἴπομεν.

787 5702 1048 5794 Epeler
1059 5705 1314 5794 .Iladerus
1333 5711 1585 5794 defuisse
1616 5715 1752 5794 dicit
1775 5719 1830 5776 in
1855 5725 2152 5794 exemplari

563 5769 762 5864 .Gra‘eco.
795 5774 1070 5864 Sirlmoitdi
1097 5781 1260 5834 verba
1295 5784 1447 5853 plura
1470 5769 1649 5864 usque
1682 5769 2152 5864 ad

563 5842 854 5900 inclusive.
878 5847 985 5901 Sed
1020 5842 1310 5921 utcunque.
1336 5869 1401 5910 ea
1430 5872 1517 5913 res
1537 5842 1596 5914 se
1618 5842 2153 5932 habeatrin'codice

2269 5735 2640 5811 quidem_Vat.
2661 5739 3138 5811 undegexscripsit
3159 5741 3508 5810 Sirmondus,
3530 5743 3659 5799 nihil
3679 5742 3834 5798 deest.

2341 5808 2456 5887 ($7)
2496 5809 2636 5887 Sun_t
2695 5811 2749 5887 hi
2809 5808 3455 5887 Scythia—nus,fManes,
3497 5808 3840 5887 ‘Aphronelus

2265 5874 2564 5950 Bathanes,
2595 5881 2840 5954 Sergius,
2872 5874 2934 5940 ut
2958 5899 3022 5941 ex
3046 5874 3325 5956 praedictis
3348 5874 3584 5944 constat:
