4142 6440
355 416 494 484 1289

1514 413 1881 484 HISTORIA
1921 413 2538 479 MANICHEORUM.

3526 423 3664 490 1290

350 541 408 594 δὲ
440 535 509 612 ἦν
547 537 575 591 ὁ
605 534 898 601 πανάθλιος
933 549 948 566 ⁸
980 523 1138 598 οὗτος
1167 530 1347 588 τοίνυν
1392 530 1472 584 ἔτι
1520 532 1648 585 νέαν
1676 531 1825 600 ἄγων
1861 532 1954 601 τὴν

2068 531 2280 602 itaque,
2313 531 2544 603 juvenili
2577 531 2759 590 adhuc
2799 541 2982 603 actate,
3019 537 3250 610 contigit
3277 538 3335 596 in
3367 555 3668 600 consuetu-

355 633 575 703 ἡλικίαν
629 630 830 700 συνέϐη
887 631 946 682 ἐν
1008 625 1271 697 συντυχίᾳ
1306 623 1483 678 ἐλθεῖν
1525 625 1766 696 ἀσέμνου
1814 625 1960 687 τινὸς

355 721 636 792 γυναικὸς,
656 718 824 790 οὔσης
843 721 906 774 ἐκ
926 716 1074 790 [cod.
1099 717 1137 771 ί.
1169 713 1295 787 104]
1319 716 1684 785 Μανιχαῖκῆς,
1706 714 1782 779 ὡς
1803 713 1959 784 εἴρη-

355 834 471 881 ται,
511 813 812 886 αἱρέσεως·
841 814 874 884 ἡ
907 811 966 865 δὲ
996 809 1091 864 τοῦ
1118 809 1368 864 διαϐόλου
1405 807 1684 880 μαθήτρια
1717 806 1957 878 πανοῦρο

357 927 455 980 γος
487 909 810 980 ὑπάρχουσα
851 905 947 959 καὶ
1007 901 1260 967 ὕπουλος,
1296 901 1445 970 λέγει
1503 898 1652 971 αὐτῷ
1683 916 1698 930 ο
1748 899 1957 954 Ἀκούω

360 1001 495 1074 περὶ
527 1001 648 1066 σοῦ,
685 999 847 1069 κύριε
899 996 1115 1066 Σέργιε,
1146 995 1228 1048 ὅτι
1273 995 1333 1048 ἐν
1372 995 1657 1066 ἐπιστήμῃ
1695 993 1956 1065 γραμμά-

355 1114 465 1149 των
496 1096 593 1148 καὶ
614 1091 954 1153 παιδεύσεως
987 1089 1194 1154 πέλεις,
1221 1087 1318 1142 καὶ⁸
1355 1086 1562 1156 ἀγαθὸς
1599 1087 1742 1141 κατά
1774 1087 1954 1140 πάντα

357 1189 627 1259 ὑπάρχεις
679 1183 989 1254 ἄνθρωπος.
1021 1181 1160 1235 Εἰπέ
1217 1180 1312 1235 οὖν
1365 1198 1478 1252 μοι,
1501 1180 1590 1233 ἵνα
1622 1180 1675 1232 τί
1719 1180 1786 1233 τὰ
1835 1179 1955 1232 θεῖα

353 1281 456 1332 οὐκ
507 1277 909 1345 ἀναγινώσκεις
968 1273 1321 1342 Εὐαγγέλια;
1400 1273 1458 1326 '0
1505 1272 1562 1326 δὲ
1608 1275 1720 1334 τοῖς
1775 1271 1954 1341 λόγοις

354 1370 531 1440 αὐτῆς
561 1371 900 1438 κεπφωθεὶς,
936 1366 1011 1440 μὴ
1041 1364 1356 1436 κγινώσκων
1402 1364 1640 1435 μάλιστα
1668 1364 1761 1417 τὸν
1789 1366 1953 1433 ἐγκε-

353 1462 672 1533 κρυμμένον
696 1461 794 1531 τῆς
814 1460 1013 1523 κακίας
1051 1459 1128 1512 ἰὸν
1160 1469 1202 1497 ιιι
1224 1459 1282 1511 ἐν
1309 1457 1472 1527 αὐτῇ,
1496 1456 1668 1524 λέγει·
1697 1457 1810 1510 Οὐκ
1833 1455 1953 1522 ἐξε-

354 1571 472 1608 στιν
502 1556 634 1625 ἡμῖν
659 1555 945 1620 κθσμικοῖς
975 1546 1125 1605 οὖσιν
1155 1549 1330 1604 ταῦτα
1353 1548 1772 1618 ἀναγινώσκειν,
1800 1549 1848 1601 εί
1877 1548 1950 1621 μὴ

351 1651 467 1712 τοῖς
487 1647 695 1720 ἱερεῦσι
719 1651 748 1683 ³⁵
773 1645 976 1717 μόνοις·
1005 1646 1038 1716 ἡ
1062 1642 1120 1697 δέ
1144 1659 1278 1714 φησι
1301 1642 1439 1713 πρὸς
1459 1640 1641 1694 αὐτόν·
1667 1640 1782 1694 Οὐκ
1805 1639 1951 1694 ἔστιν

359 1741 556 1805 οὔτως,
581 1739 661 1802 ὡς
694 1739 757 1792 σὺ
779 1737 1189 1809 ὑπολαμϐάνεις
1220 1753 1234 1766 ο
1265 1736 1324 1788 οὐ
1356 1735 1465 1806 γάρ
1501 1735 1617 1787 ἐστι
1653 1750 1950 1806 προσωπο-

349 1832 518 1902 ληψία
543 1831 695 1904 παρά
720 1831 800 1902 τῷ
828 1829 950 1901 Θεῷ
969 1848 983 1861 ·
1018 1828 1259 1895 Πάντας
1287 1828 1398 1897 γὰρ
1429 1827 1590 1882 θέλει
1619 1826 1896 1897 σωθῆναι
1917 1829 1950 1882 ὁ

2064 623 2247 679 dinem
2279 623 2571 680 incurrere
2604 624 2914 682 inhonesta:
2953 628 3240 700 cujusdam
3289 631 3526 698 feminae.
3569 653 3662 693 se-

2062 724 2149 771 cta
2183 725 2244 771 ut
2285 717 2526 772 diximus
2559 717 2895 788 Manichaee,
2939 737 3062 792 qu2e
3111 723 3313 780 diaboli
3354 729 3545 785 callida
3598 748 3665 788 ac

2061 805 2249 862 dolosa
2305 808 2574 879 discipula
2622 810 2698 864 ait
2722 809 2801 866 illi
2837 822 2852 866 ':
2883 812 3062 869 Audio
3086 823 3160 881 te,
3206 817 3428 874 domine
3483 822 3661 894 Sergi,

2062 897 2259 953 litteris
2282 898 2698 971 disciplinisque
2725 903 3030 974 eruditum,
3061 917 3117 963 et
3143 911 3424 982 egregium
3455 931 3663 988 usque-

2059 1001 2276 1082 quaque
2295 989 2515 1082 virum.
2557 991 2650 1046 Dic
2699 1008 2831 1067 ergo
2862 995 3020 1064 mihi,
3052 1015 3154 1055 cur
3182 1002 3368 1059 divina
3408 1005 3662 1082 Evange—

2058 1075 2131 1131 lia
2154 1093 2266 1133 non
2295 1079 2464 1152 legas.
2497 1081 2591 1137 Ille
2621 1099 2751 1140 vero
2790 1087 2954 1158 hujus
2986 1091 3170 1148 verbis
3216 1094 3503 1169 deceptus,
3562 1075 3662 1158 ne-

2057 1188 2166 1243 que
2203 1175 2379 1231 latens
2403 1193 2677 1235 venenum
2714 1185 2977 1254 sentiens,
3022 1193 3305 1261 respondit
3343 1212 3357 1250 :
3391 1195 3510 1254 Non
3534 1199 3663 1259 licet

2058 1268 2354 1324 mundanis
2383 1272 2542 1327 nobis
2574 1274 2692 1330 hzcc
2713 1277 2914 1348 legere,
2948 1283 3044 1337 sed
3069 1291 3449 1347 tantummodo
3477 1309 3661 1351 sacer—

2052 1358 2296 1456 dotibus.
2330 1362 2634 1437 Respondit
2677 1371 2766 1426 illa
2794 1392 2809 1423 :
2847 1372 2968 1430 Non
2999 1377 3072 1432 ita
3127 1395 3188 1436 se
3240 1399 3329 1438 res
3378 1386 3564 1456 habet,
3599 1401 3662 1448 ut

2057 1453 2231 1554 reris;
2289 1457 2419 1526 quia
2470 1476 2581 1515 non
2631 1471 2718 1518 est
2772 1481 3138 1535 personarum
3199 1479 3450 1548 acceptio
3507 1453 3653 1554 apud

2055 1543 2231 1603 Deum
2265 1567 2278 1604 :
2316 1549 2438 1606 Vult
2476 1554 2616 1608 enim
2643 1556 2901 1614 Dominus
2933 1579 3110 1619 omnes
3135 1567 3309 1626 salvos
3335 1543 3474 1640 ﬁeri,
3503 1543 3557 1629 et.
3585 1580 3660 1632 ad

2053 1640 2297 1696 veritatis
2326 1645 2656 1714 agnitionem
2681 1651 2859 1704 venire
2887 1651 2952 1708 ‘°.
2992 1654 3099 1710 Sed
3153 1659 3282 1728 quia
3335 1665 3655 1725 sacerdotes

2054 1733 2221 1833 vestri
2258 1735 2507 1792 divinum
2542 1739 2784 1797 Verbum
2813 1749 3045 1815 qumstui
3072 1750 3298 1819 habent,
3325 1766 3380 1810 et
3404 1758 3658 1833 Evange-

2054 1825 2252 1882 liorum
2285 1831 2543 1901 mysteria
2572 1834 2773 1902 celant,
2810 1847 3103 1909 propterea
3135 1845 3205 1899 ad
3237 1861 3399 1904 aures
3443 1825 3658 1912 vestras

349 1897 589 1998 Κύριος,
615 1897 726 1994 σὶαις
752 1897 841 1990 εἰς
869 1897 1208 1992 ἐπίγνωσιν
1243 1920 1536 1988 ἀληθείας
1567 1919 1768 1974 ἐλθεῖν
1787 1935 1800 1949 ⁸
1835 1920 1952 1974 ἀλλ’

2057 1936 2170 1976 non
2202 1923 2410 1993 legunt,
2444 1941 2565 1995 quae
2592 1927 2646 1981 in
2671 1927 2778 1984 illis
2801 1933 3122 1990 scribuntur
3153 1941 3380 2009 omnia;
3416 1947 3514 2001 sed
3550 1947 3658 2004 alia

348 2018 540 2089 ἐπειδὴ
568 2017 616 2071 oi
686 2018 852 2088 ἱερεῖς
895 2015 1050 2086 ὑμῶν
1093 2013 1503 2085 καπηλεύονται
1548 2014 1639 2068 τὸν
1691 2014 1785 2068 τοῦ
1813 2013 1950 2068 Θεοῦ

345 2113 526 2180 λόγον,
565 2111 660 2164 καὶ
713 2111 782 2164 τὰ
815 2111 871 2164 ἐν
896 2109 1251 2178 Εὑαγγελίοις
1286 2109 1564 2181 μυστήρια
1597 2108 1950 2179 ἀποκρύϐουε-

347 2222 456 2268 σιν,
521 2203 611 2257 διὰ
653 2201 812 2256 τοῦτο
835 2203 936 2256 οὐκ
982 2201 1456 2270 ἀναγινώσκουσιν
1485 2203 1565 2264 είς
1625 2201 1868 2272 ὑπήκοον
1925 2209 1950 2236 °

345 2295 505 2366 ὑμῶν
531 2297 600 2348 τὰ
642 2297 700 2348 ἐν
741 2293 925 2357 αὐτοῖς
971 2292 1339 2364 γεγραμμένα
1386 2292 1603 2347 ἅπαντα
1636 2307 1651 2321 ⁸
1686 2292 1824 2347 ἀλλὰ
1877 2291 1949 2346 τὰ

348 2389 472 2460 μὲν,
498 2389 608 2451 ναὶ,
665 2387 734 2442 τὰ
767 2387 845 2455 δὲ,
881 2385 945 2440 οὔ
979 2401 994 2417 °
1018 2387 1167 2449 ὅπως
1201 2385 1276 2458 μὴ
1313 2385 1508 2455 ἐλθητε
1531 2388 1612 2451 είς
1653 2386 1950 2456 ἐπίγνωσιν

346 2481 609 2554 ἀληθείας
637 2499 652 2514 ο
686 2481 998 2553 γέγραπται
1025 2480 1154 2551 γὰρζ
1179 2482 1236 2534 ἐν
1264 2480 1470 2543 αὐτοῖς,
1495 2481 1577 2533 ὅτι
1617 2480 1720 2535 Ἐν
1740 2479 1946 2549 ἐκείνῃ

344 2571 423 2642 τῇ
456 2572 646 2644 ἡμέρᾳ
674 2571 838 2637 τινὲς
891 2571 1120 2640 ἐροῦσι,
1163 2570 1360 2648 Ιςύριε,
1409 2571 1609 2640 Κύριε,
1642 2573 1715 2625 οὐ
1752 2568 1834 2636 τῷ
1857 2569 1949 2637 σῷ

348 2666 601 2736 ὀνόματι
664 2664 946 2736 δαιμόνια
1016 2663 1390 2734 ἐξεϐάλομεν
1417 2704 1432 2729 ,
1494 2663 1593 2717 καὶ
1659 2662 1948 2733 δυνάμεις

345 2756 587 2823 πολλὰς
636 2756 1017 2826 ἐποιήσαμεν
1045 2771 1066 2822 ;
1099 2757 1193 2809 καὶ
1221 2754 1542 2827 ἀποκριθεὶς
1585 2755 1614 2808 ὁ
1668 2755 1942 2826 βασιλεὺς,

344 2850 465 2918 ἐρεῖ
483 2849 668 2913 αὐτοῖς
691 2864 708 2879 ⁸
747 2849 918 2920 Ἀμὴν
940 2849 1090 2922 ἀμὴν
1126 2849 1270 2919 λέγω
1293 2850 1442 2921 ὑμῖν,
1472 2851 1575 2902 οὐκ
1603 2844 1722 2903 οἶδα
1749 2850 1898 2920 ὑμᾶς
1926 2867 1940 2882 ·

2056 2013 2277 2084 quidem
2308 2016 2515 2086 utique,
2547 2019 2651 2073 alia
2689 2021 2939 2090 minime,
2982 2042 3052 2082 ne
3096 2029 3166 2084 ad
3211 2033 3462 2091 veritatis
3509 2039 3659 2094 noti-

2060 2107 2191 2162 tiam
2247 2111 2600 2179 perveuiatis.
2643 2113 2921 2186 Scriptum
2957 2121 3104 2176 enim
3143 2124 3198 2178 in
3234 2126 3342 2183 illis
3391 2139 3478 2186 est
3539 2132 3660 2191 fore

2055 2208 2116 2255 ut
2145 2200 2236 2255 illa
2277 2201 2365 2256 die
2395 2205 2644 2259 nonnulli
2683 2207 2868 2264 dicant
2894 2228 2908 2266 :
2932 2212 3178 2284 Domine,
3206 2217 3455 2289 Domine,
3489 2241 3662 2281 nonne

2053 2291 2110 2344 in
2141 2293 2355 2348 nomine
2382 2303 2473 2349 tuo
2503 2297 2770 2354 dwmonia
2792 2302 3066 2371 ejecimus,
3104 2319 3152 2363 et
3197 2312 3420 2370 virtutes
3457 2320 3658 2377 multas

2051 2386 2382 2453 patravimus
2420 2387 2508 2442 u?
2545 2389 3026 2467 Respondebitque
3078 2416 3171 2456 rex
3205 2405 3422 2463 :Amen
3445 2452 3461 2476 ,
3495 2425 3660 2470 amen

2049 2475 2176 2532 dico
2215 2478 2391 2545 vobis,
2440 2483 2632 2538 nescio
2663 2499 2780 2540 vos.
2828 2485 3088 2546 Scrutare
3117 2493 3282 2565 igitur
3312 2509 3368 2555 et
3400 2501 3611 2574 dispice
3635 2550 3652 2574 ,

2050 2585 2235 2626 nonne
2268 2574 2340 2627 ita
2373 2576 2644 2646 scriptum
2671 2581 2796 2635 est?
2842 2581 3082 2649 Quinam
3112 2605 3245 2648 vero
3283 2605 3415 2652 sunt
3449 2597 3504 2654 hi
3528 2604 3658 2672 qui-

2049 2663 2154 2720 bus
2185 2664 2450 2722 Dominus
2473 2669 2639 2734 dicet,
2665 2681 2791 2732 non:
2809 2676 2934 2730 novi
2969 2680 3110 2734 vos?
3158 2682 3253 2740 Ille
3281 2696 3465 2745 autem
3518 2663 3662 2750 insi-

2050 2758 2448 2829 pientissimus
2515 2761 2881 2836 indoctusque
2936 2783 3063 2826 cum
3118 2787 3307 2847 esset,
3373 2785 3662 2860 ambigens

2052 2851 2272 2904 silebat.

2052 2851 2272 2906 silebat.

346 2944 647 3015 ἐρεύνησον
684 2944 782 2998 καὶ
814 2943 912 3011 ἴδε,
946 2945 1007 2998 οὐ
1041 2944 1358 3017 γέγραπται
1404 2944 1626 3012 οὓτω;;
1692 2947 1788 2999 καὶ
1830 2947 1978 3011 τίνες
2053 2947 2190 3002 είσὶν
2250 2943 2397 3004 οὗτοι
2455 2951 2597 3025 πρὸς
2647 2952 2742 3019 οὓς
2799 2957 2827 3011 ὁ
2879 2954 3088 3032 Κύριος
3134 2963 3320 3038 λέξει,
3365 2973 3481 3029 οὐκ
3536 2974 3656 3032 οῖδα

347 3038 532 3107 (audi;
573 3039 601 3090 ὁ
648 3037 704 3090 δὲ
748 3037 1094 3107 ἀλογώτατος
1143 3037 1359 3109 ἀμαθὴς
1422 3037 1520 3105 ὢν,
1550 3038 1911 3110 ἐξαπορηθεὶς
1946 3037 2181 3096 ἐσιώπα.

420 3133 543 3185 AA'.
586 3130 746 3186 Ἔστι
812 3132 875 3185 δέ
927 3133 1032 3204 τὴν
1084 3133 1382 3204 ἑρμηνείαν
1439 3133 1533 3186 τοῦ
1584 3131 1945 3202 εὐαγγελικοῦ

2126 3136 2239 3207 38
2275 3135 2516 3193 XXXIV.
2557 3139 2772 3212 Reapse
2798 3154 2980 3202 tamen
3003 3155 3305 3225 evangelici
3335 3161 3465 3218 dicti
3511 3165 3656 3224 hanc

349 3223 517 3296 ῥητοῦ
560 3223 734 3287 οὕτως
764 3227 956 3297 νοῆσαι
987 3226 1099 3298 (58)
1131 3245 1147 3259 ·
1197 3226 1304 3280 εἰσί
1326 3244 1470 3292 τινες
1505 3229 1670 3298 μέχρι
1720 3230 1819 3299 τῆς
1851 3233 1953 3300 σή·-

2057 3242 2184 3283 esse
2214 3229 2728 3300 interpretationem
2761 3250 3020 3309 reputare
3056 3243 3201 3302 licet.
3240 3248 3499 3312 Nonnulli
3525 3273 3657 3318 sunt

351 3333 521 3388 μερον
545 3317 762 3389 ἡμέρας
796 3318 850 3371 οἵ
869 3337 1016 3382 τινες
1034 3319 1133 3390 τὴν
1169 3321 1226 3372 ὲν
1253 3320 1475 3390 Χριστῷ
1509 3322 1790 3373 πολιτείαν
1825 3340 1956 3375 κατ-

351 3414 560 3480 έχουσι,
587 3411 960 3479 καὶζδοκοῦσιν
982 3413 1225 3477 εὐσεϐῶς
1258 3414 1357 3485 ζῇν
1384 3428 1396 3440 ·
1429 3415 1516 3468 διὰ
1542 3415 1597 3468 δέ
1620 3415 1720 3478 τῆς
1738 3415 1957 3488 ἐπῳδῆς

353 3502 530 3554 οἴδασι
584 3502 846 3567 πολλάκις
891 3504 988 3557 καὶ
1029 3503 1290 3574 δαίμονας
1345 3506 1698 3574 φυγαδεύειν,
1731 3509 1826 3562 καὶ
1867 3525 1954 3563 νο⁴

357 3597 580 3665 σήματα
605 3596 702 3649 καὶ
732 3595 882 3666 πάθη
909 3595 1236 3668 θεραπεύειν
1267 3614 1280 3626 ·
1301 3597 1554 3670 καθάπερ
1579 3599 1750 3653 πάλαι
1777 3601 1827 3653 οἱ
1861 3600 1956 3654 τοῦ

347 3689 533 3742 Σκευᾶ
549 3689 703 3760 υίοὶῆ
731 3689 782 3742 oi
809 3688 1092 3759 λεγόμενοι
1117 3689 1430 3762 ὲξορκισταί
1451 3709 1462 3722 ·
1487 3693 1564 3756 ώς
1587 3695 1644 3746 ἐν
1667 3696 1786 3758 ταῖς
1808 3694 1957 3766 Πράσ-

348 3781 469 3848 ξεσι
510 3781 619 3835 τῶν
671 3777 992 3835 ἀποστόλων
1045 3781 1400 3854 γέγραπται,
1437 3784 1524 3838 ὅτι
1581 3785 1956 3856 ἐξορκίζοντες

345 3875 479 3939 τοὺς
512 3874 992 3946 δαιμονιζομένους
1034 3875 1254 3945 ἐλεγθνι·
1275 3877 1658 3951 Ἐξορκίζομεν
1683 3881 1828 3949 ὑμᾶς
1865 3880 1957 3934 τὸν

349 3967 590 4039 Χριστὸν
611 3967 669 4022 δν
695 3967 910 4032 Παῦλος
943 3969 1211 4040 κηρύσσει
1238 3981 1286 4036 Ρ,
1321 3971 1570 4034 ἐξέλθετε
1623 3974 1686 4024 ἐκ
1721 3971 1832 4024 τών
1871 3972 1959 4026 ἀν-

352 4059 592 4132 θρώπων
617 4077 631 4092 ·
671 4062 722 4114 0i
777 4061 836 4115 δὲ
881 4061 1140 4134 δαίμονες
1191 4064 1271 4136 τῷ
1314 4063 1465 4136 φόϐῳ
1515 4065 1618 4133 τῆς
1657 4065 1958 4135 ὀνομασίας

351 4153 622 4227 Χριστοῦ,
654 4154 1057 4227 ἐφυγαδεύοντο
1076 4174 1090 4188 ·
1119 4156 1294 4222 οὕτως
1313 4158 1410 4212 καί⁹
1439 4157 1536 4212 νῦν
1561 4158 1953 4226 τινεςποιοῦσι,

354 4248 456 4303 καὶ
501 4248 762 4320 ἀγνοῦσιν
803 4251 887 4305 ὅτι
949 4251 1038 4305 διὰ
1078 4251 1182 4322 τῆς
1223 4251 1445 4325 ἐπῳδῆς
1501 4253 1834 4307 ἐκπίπτουσι
1859 4254 1957 4324 τῆς

353 4338 569 4394 ἐαυτῶν
617 4341 896 4413 σωτηρίας
932 4357 946 4371 ·
974 4342 1029 4394 οί
1083 4341 1140 4395 δὲ
1195 4342 1490 4413 κράξονται
1517 4343 1597 4406 risv
1653 4344 1838 4416 ἐκείνῃ
1885 4346 1954 4415 τῇ

351 4431 544 4503 ἡμέρα
566 4430 840 4502 λέγοντες,
877 4431 1078 4505 Κύριε,
1125 4433 1320 4507 Κύριε,
1355 4436 1429 4490 οὐ
1472 4433 1554 4502 τῷ
1581 4435 1675 4502 σῷ
1709 4437 1957 4506 ὀνόματι

350 4520 636 4591 δαιμόνια
685 4514 1058 4595 ἐξεϐάλομεν
1109 4554 1138 4594 q
1163 4566 1178 4592 ,
1226 4524 1325 4578 καὶ
1370 4524 1659 4596 δυνάμεις
1716 4527 1956 4594 πολλὰς

351 4612 736 4686 ἐποιήσαμεν
759 4633 776 4683 ;
803 4617 914 4670 Καὶ
939 4616 1264 4688 ἀποκριθεὶς
1287 4619 1320 4670 ὁ
1346 4617 1570 4691 Κύριος,
1589 4619 1706 4690 ἐρεῖ
1733 4619 1915 4684 αὐτοῖς
1939 4635 1954 4650 ·

376 4709 555 4780 Ἀμὴν
578 4710 729 4782 ἀμὴν
759 4710 906 4780 λέγω
938 4711 1091 4782 ὑμῖν,
1124 4713 1224 4765 οὐκ
1264 4707 1382 4765 οἶδα
1418 4713 1582 4782 ὑμᾶς.
1619 4713 1741 4766 Εἰσὶ
1779 4713 1836 4766 δέ
1863 4713 1958 4766 καὶ

355 4802 563 4875 ἕτεροι,
587 4803 809 4868 οἵτινες
833 4805 1126 4874 μοναδικὸν
1175 4805 1290 4876 βίον
1320 4807 1414 4861 καὶ
1453 4807 1826 4878 ἀνεπίληπτον
1865 4809 1960 4862 ἀν-

355 4894 615 4949 ελάϐοντο
667 4895 766 4967 μὲν
787 4936 802 4962 ,
833 4897 1092 4950 ἐνέπεσον
1124 4897 1180 4950 δὲ
1205 4898 1264 4963 ἐξ
1302 4900 1527 4968 ἀγνοίας
1556 4899 1652 4954 καὶ
1689 4900 1960 4971 ἀμαθείας

358 4988 441 5050 εἰς
483 4987 748 5059 αἱρέσεις,
775 4990 870 5042 καὶ
921 4989 1012 5044 διὰ
1050 4990 1209 5044 τοῦτο
1238 4993 1338 5062 τῆς
1360 4993 1468 5046 τῶν
1515 4992 1764 5064 οὗρανῶν
1795 5002 1819 5033 τ
1842 4994 1958 5065 ιοὐκ

357 5079 745 5147 ἐπιτεύξονται
795 5081 1099 5153 βασιλείας.
1160 5084 1279 5137 Ἵνα
1334 5083 1392 5138 δὲ
1440 5085 1609 5156 μηδὲν
1666 5087 1963 5152 αὑτοῖςίέν

358 5170 546 5242 ἐκείνῃ
573 5175 640 5242 τῇ
665 5172 850 5246 ἡμέρᾳ
877 5173 1030 5245 παρὰ
1073 5173 1170 5228 τοῦ
1196 5173 1409 5230 δικαίου
1457 5176 1646 5247 κριτοῦ
1674 5178 1958 5250 χρεωστῆ-

2059 3336 2236 3390 usque
2277 3323 2343 3377 ad
2380 3335 2628 3396 tempora
2682 3338 2920 3396 nostra,:
2945 3336 3038 3405 qui
3084 3337 3429 3404 Christianos
3472 3367 3657 3412 mores

2059 3429 2172 3484 prae
2192 3430 2252 3469 se
2275 3415 2480 3482 ferunt,
2527 3420 2894 3494 religioseque
2923 3428 3184 3488 videntur
3217 3437 3432 3508 vivere;
3489 3456 3658 3504 caete-

2060 3520 2182 3558 rum
2206 3516 2262 3560 et
2293 3507 2722 3568 incantamentis
2774 3518 3104 3585 quibusdam
3174 3543 3320 3601 saepe
3376 3507 3657 3597 diemones

2058 3595 2250 3667 fugare
2294 3600 2494 3668 solent,
2543 3614 2598 3658 et
2645 3607 3002 3676 aegritudines
3052 3595 3391 3695 morbosque
3425 3595 3658 3704 curare;

2058 3690 2212 3746 sicut
2276 3694 2409 3748 olim
2439 3696 2630 3756 Scevee
2677 3701 2774 3757 filii
2798 3705 2864 3771 “,
2910 3707 3026 3764 sive
3048 3713 3142 3781 qui
3178 3690 3470 3780 exorcistae
3499 3690 3653 3783 dice:

2058 3783 2282 3892 bantur,
2315 3797 2374 3842 ut
2406 3788 2459 3842 in
2507 3795 2882 3862 apostolorum
2929 3801 3159 3862 Actibus
3197 3813 3479 3886 scribitur,
3529 3825 3653 3892 qui-

2057 3892 2166 3946 que
2211 3879 2579 3942 dzcmoniacos
2609 3891 2976 3950 exorcizando
3022 3899 3285 3960 aiebant:
3326 3879 3658 3982 Ailju'rai-uus

2057 3985 2157 4065 vos
2184 3973 2586 4065 pchhristum
2614 3996 2776 4050 quem
2830 3983 3036 4045 Paulus
3064 3996 3326 4062 pradicat
3357 4020 3371 4055 :
3404 3973 3548 4063 exite
3587 3973 3657 4065 de

2058 4059 2379 4158 hominibus
2415 4083 2430 4119 :
2461 4068 2740 4127 daemones
2769 4083 2956 4132 autem
2998 4059 3150 4138 metu
3181 4093 3421 4150 nominis
3453 4059 3656 4158 Christi

2056 4151 2360 4225 fugiebant.
2391 4157 2483 4214 Sic
2521 4176 2675 4218 nunc
2720 4167 2888 4224 etiam
2920 4175 3170 4232 nonnulli
3213 4194 3416 4252 agunt;

2059 4255 2264 4355 tamen,
2292 4265 2350 4306 se
2375 4262 2599 4324 propter
2642 4258 3056 4322 incantamenta
3083 4271 3275 4330 salutis
3305 4293 3418 4336 suae
3471 4283 3654 4355 jactu-

2058 4355 2174 4394 ram
2201 4341 2402 4401 facere.
2445 4347 2536 4402 Isti
2557 4350 2765 4408 scilicet
2797 4354 2888 4411 illa
2905 4358 2994 4414 die
3011 4361 3326 4426 clamabunt
3353 4341 3652 4438 dicentes:

2058 4435 2302 4505 Domine,
2339 4439 2586 4510 Domine,
2650 4463 2821 4503 nonne
2869 4452 2926 4506 in
2982 4457 3194 4513 nomine
3239 4471 3330 4518 tuo
3387 4467 3654 4530 deemom'a

2060 4531 2310 4634 eiecimus
2340 4543 2388 4588 et
2427 4537 2646 4593 virtutes
2691 4541 2890 4599 multas
2926 4551 3305 4617 patravimus?
3335 4557 3657 4634 Responde-

2061 4625 2251 4697 bitque
2285 4627 2589 4687 Dominus:
2644 4634 2840 4707 Amen,
2879 4655 3038 4698 amen
3071 4645 3197 4702 dico
3259 4625 3660 4722 vobis,-nescio

2063 4736 2183 4776 vos.
2231 4721 2373 4779 Sunt
2399 4734 2453 4781 et
2473 4726 2563 4782 alii
2588 4729 2812 4800 quidam
2851 4735 2946 4805 qui
2982 4739 3284 4801 solitariam
3319 4757 3376 4805 ct
3417 4751 3660 4827 irrepre-

2064 4810 2398 4869 hensibilem
2449 4816 2616 4873 vitam
2651 4820 2892 4893 amplexi
2931 4826 3184 4900 fuerant;
3241 4839 3338 4894 sed
3372 4810 3554 4900 tamen
3579 4810 3663 4903 in-

2065 4903 2221 4960 scitia
2254 4921 2351 4962 sua
2383 4923 2448 4965 ac
2474 4912 2712 4969 ruditate
2738 4916 2792 4970 in
2828 4917 3066 4978 haereses
3111 4925 3450 5002 inciderunt,
3512 4939 3664 4996 ideo-

2067 5011 2174 5065 que
2202 5000 2470 5076 crelorum
2505 5018 2731 5075 regnum
2760 5024 2871 5064 non
2903 5026 3336 5087 consequentur.
3371 5000 3450 5082 Ne
3479 5041 3662 5090 autem

432 5309 478 5341 ‘°
515 5309 530 5364 Ι
561 5309 711 5365 Tim.
747 5327 807 5378 ιι,
844 5312 900 5364 4.
976 5313 1020 5342 ⁸¹
1053 5311 1244 5368 Matth.
1282 5330 1378 5380 vn,
1407 5314 1500 5373 22.
1577 5315 1620 5347 δ’
1659 5317 1780 5373 Act.
1827 5335 1935 5385 XIX,
1968 5318 2058 5388 Μ,
2089 5322 2177 5380 15.
2223 5327 2245 5392 ξ

1666 5451 1906 5510 νΑΒΙΛΕ
1945 5456 2361 5518 LECTIONES.

477 5570 515 5592 ¹¹¹
548 5561 612 5616 Β.
656 5564 791 5619 υἱόν.
870 5573 896 5599 ιι
924 5563 985 5618 ιι.
1021 5567 1232 5637 ίερεῖσι.
1313 5574 1339 5603 ο
1376 5565 1438 5624 R.
1488 5569 1784 5642 ὑπήκοουν.
1863 5583 1889 5623 P
1914 5573 1981 5631 [ἰ.
2011 5576 2294 5650 κηρύττει.
2371 5592 2398 5632 (ι
2433 5580 2499 5640 R.
2549 5585 2874 5661 ἐκϐἀλομεν.

361 5674 502 5712 πων.

2961 5603 2981 5630 ¹⁵
3016 5593 3080 5648 ιι.
3149 5609 3202 5654 ct
3263 5605 3388 5660 cod.
3451 5610 3664 5688 ἀνθρώ.

1897 5763 2136 5822 NOTAE.

433 5847 548 5922 (58)
583 5845 741 5922 Hunc
791 5851 1194 5922 paragraphum
1225 5853 1295 5908 54

364 5917 475 5976 tius
500 5919 651 5992 loqui
680 5917 917 5978 videtur.

651 6013 925 6079 PATROL.
959 6017 1079 6080 Gn.
1115 6018 1268 6086 CIV.

1363 5870 1457 5910 orc
1518 5855 1831 5916 Manichaee:
1896 5859 2112 5920 feminae
2159 5863 2290 5923 facit
2329 5871 2546 5928 recitari
2598 5873 2885 5950 liaderus;
2925 5884 3058 5940 mihi
3136 5897 3319 5948 tamen
3351 5909 3544 5956 auctor
3574 5921 3671 5978 ρυ-

3278 6063 3352 6128 Μ
