4142 6436
549 387 680 453 1291

1923 385 1926 387 ’
1950 384 2184 446 PETRI
2225 384 2479 446 SICULI

3704 387 3827 454 129?.

544 513 790 574 Domine,
825 507 1064 567 Domine,
1096 518 1266 556 nonne
1294 501 1346 554 in
1390 500 1604 553 nomine
1635 511 1724 552 tuo
1753 500 1973 552 virtutes
2009 495 2137 549 mule

2254 511 2343 547 ται
2403 494 2848 565 ιι,λαμ6ἀνουσιν
2905 495 3140 551 ἐνταῦθα
3196 496 3513 569 χαρίσματα
3566 499 3820 569 ἰαμάτων,

538 618 621 664 tas
647 601 999 676 patrauimus,
1035 594 1262 651 audiant
1291 610 1304 646 :
1339 591 1541 653 Amice,
1571 607 1672 644 non
1701 591 1840 662 facio
1871 587 1966 642 tibi
1999 587 2148 651 iniu-

538 703 678 756 riam
710 716 722 753 :
758 693 899 768 quod
934 703 1083 746 tuum
1113 696 1230 742 erat
1268 683 1523 754 accepisti
1551 683 1609 738 in
1655 683 1766 737 vita
1814 691 1909 736 tua
1943 695 1960 735 :
2002 693 2145 734 nunc

541 795 667 850 tolle
692 791 830 865 quod
865 797 1016 842 tuum
1036 793 1134 850 est,
1163 791 1213 836 et
1235 779 1322 834 abi
1354 778 1424 834 “.

612 972 831 1034 XXXV.
867 971 996 1025 Haec
1020 975 1073 1022 et
1099 965 1202 1020 alia
1235 961 1550 1033 huiusmodi
1593 959 1854 1030 ignorans
1886 957 2138 1029 Sergius,

539 1067 830 1142 Evangelia
861 1043 1029 1133 cuipit
1053 1055 1323 1121 scrutari;
1359 1052 1766 1124 compertisque
1798 1049 1905 1105 illis
1935 1049 2138 1109 verbis.

536 1181 659 1236 qua:
687 1141 861 1229 turpis
889 1151 1085 1209 mulier
1103 1150 1337 1214 dixerat,
1370 1145 1447 1200 ait
1477 1144 1656 1199 cidem
1693 1161 1705 1196 :
1738 1144 1852 1214 Age
1874 1142 1962 1196 die
1984 1141 2138 1206 mihi,

535 1235 605 1313 de
635 1252 966 1326 quibusnam
1026 1245 1143 1299 hac
1189 1241 1266 1296 ait
1314 1235 1626 1293 Dominus?
1668 1235 1765 1290 Illa
1824 1250 1952 1290 vero
2011 1247 2143 1288 tunc

537 1348 758 1421 quidem
795 1353 1127 1410 responsum
1160 1351 1269 1390 non
1300 1329 1540 1386 reddidit
1569 1346 1583 1394 ;
1616 1327 1713 1383 sed
1743 1328 1974 1382 ulterius
2009 1344 2138 1397 per-

533 1420 667 1515 gens
690 1439 765 1492 ait
797 1454 810 1490 :
845 1436 919 1488 De
949 1431 1281 1502 quibusnam
1303 1425 1439 1480 dixit
1470 1422 1735 1477 Dominus
1763 1440 1774 1476 :
1803 1420 1955 1486 Quod
1984 1420 2139 1474 multi

532 1512 596 1590 ab
627 1532 841 1590 Oriente
871 1537 917 1582 et
953 1523 1235 1580 Occidente
1283 1517 1513 1581 venient,
1557 1524 1604 1568 et
1635 1530 1755 1567 cum
1808 1512 2136 1574 Abrahanio,

531 1631 743 1692 Isaaco,
787 1633 835 1678 et
876 1619 1074 1676 Jacobo
1115 1613 1418 1670 recumbent
1467 1612 1523 1664 in
1566 1625 1725 1680 regno
1783 1606 1880 1662 Dei
1912 1606 1978 1659 “.
2018 1604 2137 1658 Filii

529 1731 716 1779 autem
741 1716 852 1789 39
893 1711 1049 1784 regni
1089 1707 1436 1779 expellentur
1479 1703 1539 1758 in
1595 1701 1853 1757 tenebras
1898 1699 2138 1756 exterio-

524 1816 655 1873 res?
684 1812 920 1880 Quinam
947 1812 1076 1862 sunt
1106 1802 1272 1874 igitur
1301 1797 1452 1870 regni
1481 1796 1614 1851 lilii?
1647 1796 1698 1851 ls
1726 1803 1911 1850 autem
1935 1793 2124 1848 dicere

2255 590 2407 651 ὅπως
2441 589 2606 661 ἡνίκα
2637 589 3036 659 κεκράξωνται,
3064 591 3247 660 Κύριε
3292 593 3491 659 Κύριε,
3541 595 3614 648 οὐ
3645 594 3720 659 τῷ
3749 594 3831 661 σῷ

2255 681 2499 751 ὀνόματι
2521 683 3058 752 δυνάμεις-πολλὰς
3079 683 3452 755 ἐποιήσαμεν
3475 702 3494 752 ;
3516 686 3829 750 ἀκούσωσιν,

2267 775 2518 842 Ἑταῖρε,
2552 778 2664 830 οὐκ
2721 775 2909 830 ἀδικῶ
2940 792 3035 843 σε,
3065 777 3366 846 ἀπέλαϐες
3395 779 3470 835 τὰ
3523 781 3608 836 σὰ
3659 782 3727 837 ἐν
3765 783 3836 855 τῇ

2254 866 2369 937 ζωῇ
2399 870 2538 933 σοῦ,
2562 868 2682 922 νῦν
2709 862 2859 939 ἆρον
2885 871 2949 924 τὸ
2972 871 3092 926 σὸν
3119 872 3218 926 καὶ
3239 873 3452 945 ὕπαγε.

2318 961 2444 1014 AE'.
2483 961 2670 1014 Ταῦτα
2699 961 2883 1015 τοίνυν
2916 963 3012 1016 καὶ
3062 962 3130 1017 τὰ
3162 962 3386 1019 τοιαῦτα
3415 966 3627 1036 ἀγνοῶν
3651 967 3680 1020 ὁ
3708 969 3831 1041 Σέρ-

2240 1068 2384 1120 γιος,
2416 1053 2615 1124 ἐρευνᾷ
2661 1055 2720 1108 ὲν
2750 1056 2864 1116 τοῖς
2900 1054 3274 1124 Εὑαγγελίοις,
3315 1059 3412 1112 καὶ
3468 1059 3644 1130 εὑρὼν
3681 1062 3832 1130 ἐγγε-

2241 1145 2595 1215 γραμμένους
2617 1144 2764 1218 [σού.
2791 1145 2830 1199 ί.
2871 1145 3017 1218 105.1
3043 1147 3169 1210 τοὺς
3183 1146 3376 1218 λόγους
3397 1148 3491 1214 οὓς
3523 1152 3555 1221 ἡ
3585 1151 3744 1206 ἀθλία
3770 1156 3839 1208 εἵ-

2245 1255 2435 1308 ρηκεν,
2472 1239 2623 1308 λέγει
2651 1241 2789 1310 αὐτῇ
2818 1257 2831 1270 ο
2861 1241 2995 1293 Εἰπέ
3022 1257 3114 1311 μοι
3141 1243 3468 1312 περἰτίνων,
3503 1245 3676 1299 ταῦτα
3691 1247 3838 1316 6.1%-

2249 1351 2365 1405 ριος
2391 1335 2642 1404 εἴρηκεν;
2685 1333 2819 1386 Ἡδὲ
2841 1333 2982 1398 τέως
2997 1335 3290 1406 ἀπόκρισιν
3315 1337 3416 1391 ούκ
3439 1338 3642 1393 ἔδωκεν
3660 1341 3838 1412 αὐτῷ·

2248 1519 2334 1573 ὅτι
2355 1522 2575 1573 πολλοι
2596 1519 2713 1574 ἀπὸ
2733 1520 3067 1575 Ἀνατολῶν
3094 1522 3190 1576 καὶ
3223 1522 3483 1594 Δυσμῶν
3496 1525 3719 1594 ἥξουσι
3750 1529 3841 1583 καὶ

2244 1612 2770 1680 ἀνακλιθήσονται
2801 1615 2818 1649 ι
2861 1615 3015 1682 μετὰ
3049 1615 3328 1685 Ἀϐραὰμ,
3355 1617 3457 1671 καὶ
3491 1618 3724 1684 Ἰσαὰκ,
3750 1623 3844 1677 καὶ

2243 1706 2467 1771 Ἰακὼϐ,
2499 1706 2568 1760 ἐν
2582 1704 2658 1774 τῇ
2676 1706 2970 1774 βασιλείᾳ
2991 1705 3111 1761 τῶν
3134 1709 3448 1778 οίφανὼν;
3471 1713 3520 1765 οἱ
3548 1712 3607 1765 δὲ
3638 1713 3740 1767 υἱοὶ
3754 1718 3843 1786 τῆς

2243 1799 2523 1871 βασιλείας
2549 1797 3004 1868 βληθησονταιείς
3027 1799 3090 1854 τὸ
3106 1801 3294 1866 σκότος
3324 1802 3692 1877 τδὲξώτερον;
3711 1807 3845 1872 τίνες

527 1907 804 1969 nesciens,
832 1902 932 1955 hos
965 1911 1086 1953 esse
1109 1893 1408 1957 lsraelitas,
1433 1905 1667 1961 quorum
1702 1887 1806 1942 fuit
1835 1885 2057 1956 adoptio
2079 1895 2137 1940 et

2243 1886 2337 1944 οὖν
2359 1891 2495 1943 εἰσιν
2512 1889 2562 1942 oi
2585 1891 2691 1944 υἱοὶ
2707 1889 2809 1960 τῆς
2827 1890 3108 1961 βασιλείας
3130 1910 3145 1961 ;
3166 1894 3194 1947 ὁ
3209 1894 3266 1948 δὲ
3286 1895 3360 1966 μὴ
3374 1895 3530 1962 εἰδὼς
3550 1898 3745 1965 εἰπεῖν,
3769 1902 3842 1955 ὅτι

525 2001 710 2059 cultus
742 2005 798 2052 et
825 1989 1262 2065 promissiones;
1292 2000 1420 2038 nam
1450 1997 1645 2051 reapse
1674 1979 1928 2034 Christus
1956 1977 2135 2050 Israe-

529 2097 656 2151 litas
689 2085 1028 2156 nuncupavit
1054 2081 1213 2144 ﬁlios,
1251 2080 1395 2134 sicut
1418 2077 1652 2148 ipsemet
1677 2073 2003 2129 Chananaea:
2046 2072 2134 2129 di-

523 2189 598 2244 xit
625 2185 862 2241 :Nonest
888 2181 1081 2235 bonum
1107 2190 1315 2230 sumere
1332 2187 1521 2240 panem
1550 2169 1788 2239 ﬁliorum
1809 2168 1852 2199 “
1873 2183 1888 2234 ;
1910 2166 2136 2221 fuerunt

520 2291 707 2338 autem
719 2274 903 2350 ejecti,
925 2272 1051 2344 quia
1073 2270 1252 2342 ipsum
1277 2263 1668 2321 crucilixerunt
1681 2278 1696 2328 ;
1720 2261 1856 2326 haec,
1883 2260 2132 2330 inquam,

527 2349 791 2444 ignorans
821 2366 992 2424 miser
1043 2360 1293 2432 Sergius,
1339 2354 1776 2422 existimatusque
1825 2349 2130 2405 maenadcm

521 2443 669 2524 illam
698 2464 815 2520 fore
837 2459 939 2516 sibi
968 2456 1036 2513 ad
1062 2453 1293 2510 salutem
1313 2449 1534 2514 ducem,
1564 2445 1733 2517 ccepit
1761 2459 1882 2499 eam
1917 2443 2132 2498 instan-

524 2563 609 2617 te'r
648 2559 716 2614 de
745 2555 909 2613 modo
943 2549 1104 2608 dictis
1140 2547 1500 2617 interrogare.
1554 2541 1647 2595 llla
1683 2554 1815 2594 vero
1866 2536 2134 2608 perditio-

519 2656 608 2710 nis
635 2653 767 2717 dux,
805 2664 867 2704 os
899 2644 1111 2700 habens
1142 2650 1400 2709 tanquam
1435 2633 1756 2705 sepulcrum
1783 2639 2000 2702 patens,
2027 2627 2135 2683 ini-

525 2747 663 2801 tium
695 2734 1114 2812 blasphemandi
1149 2732 1278 2787 fecit
1306 2729 1574 2784 adversus
1615 2734 1838 2781 sanctos
1887 2722 2081 2778 dicens
2118 2738 2130 2772 :

518 2839 644 2896 Filii
676 2835 827 2909 regni
865 2843 994 2890 sunt
1017 2829 1109 2887 isti
1142 2827 1242 2892 tui,
1272 2824 1364 2896 qui
1394 2823 1673 2878 daamones
1705 2835 1772 2875 ex
1818 2815 2135 2872 hominibus

518 2907 1010 3003 fugantaquosqne
1034 2931 1092 2976 tu
1126 2920 1357 2975 deorum
1385 2915 1560 2968 instar
1587 2908 1888 2972 veneraris,
1914 2907 2135 2962 vivente

523 2999 934 3090 immortalique
961 3017 1076 3070 Deo
1102 3011 1389 3069 derelicto.
1425 3007 1492 3061 Hi
1529 3020 1662 3060 sane
1699 3003 1789 3058 illa
1821 3001 1910 3056 die
1938 2999 2006 3055 de
2035 3013 2131 3053 ere

516 3119 652 3190 justi
679 3113 881 3187 iudicis
916 3109 1142 3166 audient
1175 3125 1187 3160 :
1221 3103 1546 3159 Nullaten-us
1578 3114 1678 3170 ego
1711 3093 1841 3151 novi
1865 3109 1983 3150 vos.
2032 3091 2131 3147 At-

2241 1976 2393 2036 οὗτοί
2410 1981 2545 2034 εἰσιν
2563 1982 2611 2034 οί
2628 1981 2954 2052 Ἰσραηλῖται
2968 1994 3016 2048 ιι,
3031 1976 3106 2037 ὧν
3125 1978 3428 2055 ἡυίοθέσία,
3445 1989 3540 2040 καὶ
3555 1990 3590 2057 ἠ
3611 1989 3844 2061 λατρεία,

2240 2091 2269 2128 γ
2280 2074 2339 2129 αὶ
2361 2076 2390 2144 ἡ
2410 2073 2708 2142 ἐπαγγελία
2722 2074 2838 2140 (καὶ
2850 2074 2996 2146 γὰρό
3007 2077 3242 2147 Χριστὸς
3255 2079 3382 2143 τοὺς
3397 2079 3736 2152 Ἰσραηλίτας
3746 2082 3847 2138 ὀνο-

2244 2167 2407 2238 μάζει
2441 2165 2832 2231 τέκνα,’καυὼς
2855 2167 3017 2231 αὐτὸς
3041 2168 3178 2240 πρὸς
3199 2169 3297 2242 τὴν
3323 2172 3644 2232 Χαναναίαν
3669 2175 3848 2247 φησιν,

2236 2264 2359 2315 Οὐκ
2388 2261 2519 2315 ἔστι
2553 2262 2748 2316 καλὸν
2767 2261 2977 2316 λαϐεῖν
3006 2263 3115 2318 τὸν
3138 2264 3323 2333 ἄρτον
3350 2264 3470 2320 τῶν
3496 2268 3744 2322 τέκνων·
3769 2269 3846 2337 ἐξ·

2239 2350 2549 2424 εϐλήθησαν
2573 2351 2650 2419 δὲ,
2678 2353 2812 2407 διότι
2829 2353 3182 2428 ἐσταύρωσαν
3213 2359 3420 2431 αύτόν)·
3442 2362 3619 2417 ταῦτα
3647 2357 3742 2418 οὖν
3763 2365 3849 2434 ἀγα

2236 2445 2374 2498 νοῶν
2398 2447 2426 2498 ὁ
2456 2443 2640 2508 ἄθλιος
2675 2446 2902 2518 Σέργιος
2924 2487 2939 2513 ,
2959 2447 3054 2503 καὶ
3074 2448 3302 2521 νομίσας
3325 2455 3427 2526 τὴν
3452 2455 3690 2524 μαινάδα
3715 2457 3845 2510 ἐκεί-

2235 2556 2333 2609 νην
2348 2538 2541 2631 όδηγὸν
2574 2534 2714 2594 εἶναι
2738 2541 3049 2631 σωτηρίαςι
3063 2541 3268 2615 ἤρξατο
3285 2543 3538 2617 ὲμπόνως
3569 2549 3847 2623 ἐπερωτᾷν

2239 2630 2409 2704 αὐτὴν
2433 2650 2497 2686 πε
2507 2633 2561 2702 pi.
2590 2633 2700 2686 τῶν
2724 2633 2826 2704 ἤδη
2850 2630 3170 2704 λεχθέντων·
3193 2639 3225 2708 ἡ
3245 2638 3302 2691 δὲ
3329 2639 3424 2708 τῆς
3454 2641 3732 2707 ἀπωλείας
3773 2645 3849 2698 ὀδ-

2233 2725 2388 2796 ηγδς,
2430 2725 2505 2790 ὡς
2536 2724 2707 2794 τάφον
2743 2726 3094 2797 ἀνεῳγμένον
3125 2727 3322 2800 ἔχουσα
3350 2731 3411 2785 τὸ
3430 2733 3630 2804 στόμα,
3657 2735 3846 2807 ἧρξατο

2232 2817 2332 2889 τῆς
2373 2819 2514 2872 κατά
2543 2819 2652 2872 τῶν
2677 2819 2851 2887 ἁγίων
2877 2819 3229 2893 βλασφημίας
3254 2822 3489 2894 λέγουσα
3521 2842 3536 2857 ο
3576 2827 3697 2881 Υἱοὶ
3756 2829 3845 2898 τῆς

2235 2909 2518 2982 βασιλείας
2563 2905 2710 2966 οὗτοί
2750 2913 2891 2966 εἰσιν
2926 2915 2976 2967 oi
3018 2914 3165 2984 ἆγιοί
3202 2933 3316 2983 σου,
3358 2919 3409 2971 οἱ
3465 2919 3598 2984 τοὺς
3658 2920 3841 2992 δαίμοι

2241 3021 2341 3068 νας
2373 3002 2792 3074 φυγαδεύοντες,
2848 3004 3041 3060 καὶτὰ
3097 3005 3247 3079 πάοη
3299 3008 3704 3078 θεραπεύοντες
3743 3012 3844 3066 τῶν

2239 3096 2566 3170 ἀνθρώπων,
2598 3095 2693 3161 οὓς
2723 3097 2860 3172 σέϐῃ
2907 3097 2984 3162 ὡς
3047 3097 3242 3164 οεοὺς,
3291 3100 3706 3176 ὲγκαταλείψας
3760 3105 3843 3158 τὸν

520 3187 629 3284 que
683 3210 758 3265 ita
807 3202 1124 3277 evangelica
1171 3200 1375 3269 scripta
1415 3195 1743 3257 decurrens,
1789 3187 2128 3262 singularum

2243 3188 2420 3255 ζῶντα
2449 3190 2546 3244 καὶ
2595 3188 2869 3244 ἀθάνατον
2927 3189 3226 3261 Κύριονοοῖ
3260 3193 3356 3248 καὶ
3411 3196 3743 3252 ἀκούσονται
3793 3199 3845 3251 ἐν

519 3304 826 3359 dictionum
864 3276 1111 3360 sensum,
1153 3300 1318 3362 prout
1350 3306 1381 3344 a
1404 3287 1598 3360 Sergio
1627 3285 1748 3356 capi
1777 3299 1941 3356 posse.
1969 3281 2122 3336 vide-

2243 3279 2414 3350 ικείνῃ
2480 3281 2548 3350 τῇ
2587 3277 2776 3350 ἡμέρα⁵
2829 3279 2893 3332 ἐκ
2928 3280 3197 3350 στόματος
3225 3282 3320 3337 τοῦ
3374 3283 3588 3340 δικαίου
3633 3287 3838 3359 κριτοῦ,

516 3394 633 3457 bat,
690 3390 1040 3449 subvertens,
1095 3383 1249 3438 brevi
1283 3381 1433 3434 hunc
1483 3377 1667 3433 effecit
1715 3375 1918 3431 diaboli
1952 3371 2126 3428 011ὶοί-

518 3501 672 3551 nam,
725 3480 1182 3548 horrendumque
1237 3472 1456 3530 exacuit
1504 3472 1770 3526 adversus
1825 3469 2127 3523 humanum

519 3592 697 3650 genus
726 3575 936 3640 telum;
969 3568 1280 3641 cuiusmodi
1327 3579 1494 3621 nemo
1527 3564 1583 3620 in
1619 3560 2000 3633 superioribus
2035 3574 2131 3613 ex-

520 3669 684 3725 stitit.
720 3666 856 3721 Nam
915 3675 1279 3734 prmcessores
1310 3658 1451 3727 ejus,
1501 3654 1715 3712 etiamsi
1766 3653 1837 3708 ob
1900 3651 2130 3707 fetidum

524 3761 764 3818 lascivia:
797 3772 1040 3819 cccnum,
1101 3753 1278 3824 turpia
1322 3752 1488 3816 facta,
1542 3758 1598 3804 et
1647 3748 1912 3803 adversus
1961 3745 2131 3798 Deum

522 3858 765 3926 linguam
795 3850 1199 3920 blasphemam,
1247 3843 1448 3914 insigni
1497 3841 1705 3898 scelere
1753 3839 2024 3903 fuerunt;
2079 3845 2135 3890 at

525 3951 725 4003 saltem
755 3943 962 4000 vitandi
1019 3939 1340 3997 hominibus
1378 3935 1751 4006 apparebant;
1810 3946 1921 4002 quo
1973 3929 2136 3984 ﬁebat

526 4052 588 4098 ut
617 4039 777 4112 pauci
814 4038 882 4093 ab
908 4036 990 4092 eis
1029 4032 1442 4104 deciperentur.
1472 4028 1544 4084 At
1573 4027 1723 4084 enim
1761 4027 1864 4082 iste
1895 4024 2136 4096 turpitu-

527 4136 689 4191 dines
718 4132 1034 4200 multasque
1061 4127 1283 4182 illorum
1341 4121 1598 4180 libidines
1642 4121 1847 4186 vitans,
1905 4127 2138 4175 cunctas

531 4243 720 4285 tamen
777 4224 945 4282 simul
989 4219 1383 4293 blasphemias,
1412 4233 1515 4273 ceu
1571 4216 1822 4288 dogmata
1882 4213 2138 4270 salutaria

533 4322 896 4393 amplectens,
951 4315 1172 4389 pietatis
1231 4328 1469 4386 persona
1521 4311 1734 4373 induta,
1791 4308 1984 4380 lupum
2036 4309 2140 4364 sub

531 4417 698 4471 ovina
723 4411 866 4485 pelle
892 4408 1109 4466 celabat
1149 4426 1162 4462 :
1197 4420 1436 4476 eumque
1470 4418 1616 4460 verae
1643 4400 1925 4471 religionis
1970 4399 2142 4455 virtu-

539 4519 650 4563 lem
679 4514 924 4576 negaret,
959 4499 1256 4556 videbatur
1290 4496 1499 4570 ignaris
1532 4495 1774 4566 Optimus
1789 4493 1980 4550 salutis
2005 4492 2137 4548 dux.

531 4598 787 4656 imitatur
817 4595 967 4652 enim
995 4594 1256 4648 virtutem
1282 4589 1625 4662 improbitas,
1649 4596 1707 4644 et
1731 4587 1943 4642 zizania
1967 4587 2140 4642 videri

2232 3371 2315 3425 ὅτι
2355 3371 2507 3425 Οὺδέ
2524 3387 2671 3425 ποτε
2687 3371 2882 3440 ἔγνων
2911 3371 3198 3440 ὑμᾶς’καὶ
3229 3374 3403 3439 οὕτως
3431 3377 3500 3432 τὰ
3526 3380 3585 3432 ἐν
3607 3381 3845 3449 Εὐαγγέ-

2232 3463 2367 3528 λίοις
2426 3464 2791 3534 γεγραμμένα
2844 3462 3228 3538 διεξερχομένη
3265 3507 3281 3533 ,
3337 3468 3578 3540 ἐκάπης
3655 3472 3844 3538 λέξεως

2237 3565 2436 3634 νόημα,
2461 3564 2536 3628 ὡς
2562 3564 2866 3632 ἐγίνωσκεν
2913 3565 3079 3619 αὑτὸν
3125 3567 3348 3638 χωρεῖν,
3391 3563 3838 3636 διαστρεϐλοῡσα,

2235 3659 2378 3710 κατὰ
2403 3657 2596 3728 μικρὸν
2613 3657 2938 3712 ἀπετέλεσεν
2969 3658 3132 3713 αὐτὸν
3149 3658 3430 3730 ἐργαλεῖον
3448 3656 3542 3711 τοῦ
3576 3656 3848 3722 διαϐόλου,

2238 3751 2332 3806 καὶ
2348 3749 2521 3817 ὣξυνε
2553 3752 2725 3806 δεινὸν
2778 3752 2920 3806 κατὰ
2979 3757 3078 3826 τῆς
3104 3751 3428 3826 [001112105
3457 3751 3534 3825 1).]
3571 3750 3847 3824 ἀνθρωπό-

2237 3859 2402 3913 τητος
2425 3843 2521 3896 καὶ
2546 3843 2685 3917 αὕτη
2711 3843 2887 3915 βέλος,
2907 3841 3019 3899 οἷον
3040 3847 3104 3899 οὐ
3133 3846 3323 3916 γέγονε
3347 3846 3484 3898 πᾶσι
3509 3844 3850 3915 τοῖς,ἕμπρο-

2247 3936 2374 3988 σθεν
2401 3936 2590 3991 αὐτοῦ.
2624 3939 2688 3990 Oi
2725 3938 2832 4008 γὰρ
2858 3939 2965 4010 πρὸ
2990 3939 3156 3993 αὑτοῦ
3214 3940 3610 4009 ἀναφανέντες,
3675 3940 3722 3991 εἰ
3762 3935 3847 3990 καὶ

2239 4029 2328 4083 διὰ
2357 4027 2450 4082 τὸν
2487 4030 2699 4102 δυσώδη
2730 4030 2992 4102 βόρϐορον
3021 4033 3123 4102 τῆς
3178 4031 3480 4095 ἀκολασίας
3510 4032 3607 4086 καὶ
3631 4031 3729 4100 τὴν
3767 4029 3852 4083 ai-

2241 4121 2580 4194 σχρουργίαν
2600 4121 2709 4176 τῶν
2737 4121 3090 4192 μιασμάτων,
3113 4121 3209 4176 καὶ
3235 4121 3330 4186 τὰς
3346 4122 3425 4185 είς
3449 4119 3585 4175 Θεὸν
3609 4120 3850 4192 βλασφη-

2246 4215 2376 4285 μίας
2394 4213 2739 4286 ὲξαίρετοιτῂ
2757 4215 2928 4286 κακίᾳ
2965 4214 3237 4286 ὑπῆρχον,
3278 4211 3564 4284 ἁλλ’ὄμως
3603 4210 3852 4283 φευκτέοι

2245 4309 2360 4371 τοῖς
2388 4305 2698 4377 ἀνθρώποις
2737 4306 2832 4361 καλ⁵
2871 4306 3152 4377 βδελυκτοὶ
3178 4307 3346 4361 πᾶσιν
3379 4305 3668 4376 ἐφαίνοντο
3688 4321 3703 4336 ·
3736 4304 3849 4358 ὅθεν

2248 4399 2343 4453 καὶ
2363 4399 2536 4470 ὀλίγοι
2561 4403 2610 4454 οί
2628 4400 2688 4468 ἐξ
2714 4399 2895 4454 αὐτῶν
2919 4399 3291 4471 ἀπατώμενον
3313 4393 3486 4464 Οὗτος
3512 4399 3572 4454 δὲ
3597 4399 3726 4462 τοὺς
3757 4398 3850 4469 μὲν

2253 4495 2530 4567 μιασμοὺς
2559 4495 2655 4549 καὶ
2680 4496 2780 4558 τὰς
2810 4493 3013 4558 πολλὰς
3039 4493 3338 4559 ἀκολασίας
3369 4492 3551 4550 αὐτῶν
3575 4491 3848 4547 ἀποϐαλό-

2253 4607 2436 4661 μενος,
2459 4589 2560 4654 τὰς
2579 4589 2889 4660 δυσφημίας
2911 4588 2969 4642 δὲ
2997 4587 3174 4651 πάσας
3201 4586 3278 4652 ὡς
3303 4587 3548 4660 σωτήρια
3579 4602 3848 4656 περιπτυ-

534 4692 783 4750 triticum
821 4689 1068 4744 student.
1105 4686 1204 4741 His
1253 4700 1384 4756 ergo
1413 4683 1626 4739 artibus
1677 4696 1853 4752 usque
1901 4680 1967 4736 ad
2023 4680 2137 4735 haec

2251 4680 2483 4752 ξάμενος
2510 4681 2759 4750 δόγματα
2788 4719 2803 4743 ,
2843 4679 3048 4750 ἀρετάς
3075 4694 3230 4742 τινας
3276 4675 3465 4739 δολίως
3497 4676 3841 4744 ὑπεκρίνετο,

539 4799 793 4856 tempora
818 4780 1055 4837 inﬁrmis
1102 4778 1363 4834 illudunt.
1423 4775 1533 4832 Sed
1587 4774 1799 4830 utinam
1853 4774 2152 4829 liberemur

538 4890 739 4931 omnes
774 4890 841 4930 ex
867 4873 1066 4928 horum
1091 4869 1385 4926 artiﬁciosa
1411 4868 1640 4935 malitia,
1679 4867 1936 4939 precibus
1967 4875 2023 4921 et
2065 4866 2150 4921 in-

540 4969 882 5025 tercessione
915 4966 1282 5021 immaculata:
1305 4980 1369 5019 ac
1389 4962 1748 5019 sanctissimae
1770 4959 1882 5033 40
1905 4959 2150 5016 Dominae

540 5071 744 5118 nostrae
782 5059 1009 5131 prpprie
1059 5073 1299 5128 vereque
1347 5055 1593 5127 Deiparze
1642 5069 1862 5125 semper
1919 5053 2150 5124 virginis

536 5152 740 5218 Mariae,
776 5161 836 5207 et
866 5150 1113 5207 omnium
1149 5149 1494 5204 sanctorum!
1556 5145 1775 5200 Etenim
1828 5144 2005 5201 donec
2040 5146 2142 5200 mi-

540 5260 698 5301 seros
737 5243 807 5298 ad
868 5251 1178 5298 extremum
1235 5239 1464 5295 exitium
1519 5236 1826 5308 adegerint,
1859 5252 2141 5309 nunquam

544 5339 632 5393 his
664 5337 872 5410 grande
903 5350 1066 5390 suum
1109 5333 1351 5388 revelare
1406 5331 1584 5387 solent
1629 5328 1952 5401 mysterium
1998 5331 2145 5402 quod

542 5441 626 5487 est
657 5431 751 5487 Dei
781 5431 1022 5504 negatio.

612 5575 873 5633 "Matth.
910 5591 1002 5639 xx,
1050 5575 1136 5632 15,
1190 5571 1279 5626 ili.
1359 5573 1404 5606 ’⁸⁸
1461 5573 1654 5631 Matth.
1701 5591 1824 5640 vm,
1865 5576 1956 5633 11.

1837 5693 2080 5752 YARIAS

636 5845 658 5872 ³
686 5835 824 5890 Cod.
849 5811 1244 5904 Zpswovei’rat.

545 5918 642 5970 pro
673 5907 784 5960 καί.

1352 5840 1367 5873 ί
1409 5836 1474 5893 R.
1504 5845 1558 5893 et
1581 5827 1708 5887 cod.
1746 5829 2244 5902 ἁνακληϐήσονται.
2289 5886 2312 5898 _,

2250 4774 2346 4828 καὶ
2384 4773 2668 4837 εὐσεϐείας
2708 4771 2993 4843 μόρφωσιν
3028 4766 3412 4843 περικαλύψας
3435 4767 3528 4822 τὸν
3559 4767 3743 4832 λύκον,
3769 4765 3838 4829 ὡς

2250 4867 2308 4920 ὲν
2336 4865 2520 4936 κωδίῳ
2569 4863 2875 4937 προϐάτου·
2909 4863 3008 4934 τὴν
3061 4861 3119 4915 δὲ
3170 4861 3401 4932 δύναμιν
3422 4860 3523 4931 τῆς
3572 4857 3847 4919 εὐσεϐείας

2249 4959 2656 5033 ἀρνησάμενος,
2705 4957 2882 5012 ἐδόκει
2911 4958 3023 5020 τοῖς
3050 4955 3337 5025 ἀγνοοῦσιν
3393 4955 3614 5026 ἄριστος
3663 4950 3847 5023 eam;

2249 5053 2530 5126 σωτηρίας
2577 5049 3045 5123 καταφαίνεσθαι·
3087 5049 3333 5121 μιμεῖται
3380 5048 3491 5118 γὰρ
3521 5047 3622 5120 τὴν
3654 5045 3847 5118 ἀρετὴν

2249 5148 2285 5218 ἡ
2317 5145 2508 5213 κακία,
2537 5147 2637 5200 καὶ
2668 5161 2699 5200 x
2724 5146 2788 5198 τὸ
2827 5142 3072 5211 ζιζάνιον
3099 5141 3345 5214 βιάζεται
3397 5143 3544 5204 σῖτος
3597 5139 3847 5210 νομισθῆ-

2253 5257 2360 5295 ναι·
2389 5241 2447 5294 ὲν
2469 5238 2747 5303 τοιαύταις
2761 5237 2940 5292 τοίνυν
2965 5239 3081 5301 ταῖς
3107 5234 3411 5305 μεθοδείαις
3429 5233 3592 5306 μέχρι
3613 5236 3712 5303 τῆς
3738 5229 3845 5284 δεῦ-

2259 5349 2323 5405 ρο
2375 5331 2505 5396 τοὺς
2555 5329 2924 5403 ἀστηρίκτους
2968 5326 3331 5393 ἐξαπατῶσιν*
3362 5324 3498 5380 ἀλλὰ
3530 5322 3844 5398 ρυσθείημεν

2260 5425 2359 5496 τῆς
2399 5424 2734 5496 κακοτέχνου
2774 5421 2955 5476 αὐτῶν
3009 5419 3421 5494 μηχανουργίας
3455 5418 3713 5483 ἅπαντες,
3762 5416 3843 5469 εύ-

2031 5571 2078 5606 "
2111 5572 2306 5628 Matth.
2349 5586 2438 5638 xv,
2469 5569 2562 5625 26.

2145 5690 2555 5749 LECTIONES.

2373 5839 2397 5866 υ
2423 5825 2491 5882 R.
2532 5822 2906 5896 Ἰσραηλῆται.
3019 5828 3061 5892 τ,
3082 5816 3147 5873 [ἶ.
3175 5813 3486 5887 φευκταῖτο.
3565 5806 3678 5860 ³11.
3708 5796 3838 5856 κατὲι
