4142 6426
381 399 520 466 1293

1505 396 1819 463 IIISTORI
1835 409 1874 462 Α
1922 399 1974 462 Μ
1989 403 2455 465 ANllilleORU
2469 405 2546 464 Μ.

3543 410 3681 476 12θὶ

376 518 500 586 καῖς
549 513 644 568 καὶ
698 511 1017 585 πρεσϐείαις
1059 505 1158 584 τῆς
1215 516 1490 585 πανάγνου
1553 517 1643 570 καὶ
1676 518 1985 588 ὑπεραγίας
2023 518 2323 588 Δεσποίνης
2359 521 2520 592 ἡμῶν
2576 521 2780 593 κυρίως
2824 523 2918 576 καὶ
2981 523 3196 595 ἀληθῶς
3267 525 3532 582 Θεοτόκου
3588 523 3685 582 καὶ

392 606 784 679 Ἀειπαρθένου
807 607 1054 676 Μαρίας,
1089 604 1184 658 καὶ
1229 606 1448 660 πάντων
1481 608 1591 662 τῶν
1630 609 1821 678 ἀγίων.
1883 610 1992 663 Καὶ
2021 609 2130 681 γάρ
2159 611 2266 675 ἓως
2304 611 2371 664 ἂν
2393 614 2473 676 εἰς
2530 612 2746 668 τελείαν
2782 615 3060 670 ἀπώλειαν
3087 619 3216 684 τοῦς
3288 620 3511 688 ἀθλίους
3544 621 3690 688 ἄξω-

379 721 487 770 σιν,
515 704 618 758 οὐκ
646 702 1067 776 ἐξαγορεύουσιν
1100 703 1285 766 αὐτοῖς
1313 703 1374 756 τὸ
1405 705 1548 775 μέγα
1571 704 1752 758 αὐτῶν
1784 706 2107 777 μυστήριον,
2133 707 2273 777 ὅπερ
2305 707 2454 761 ἐστὶν
2489 707 2722 780 ἄρνησις
2739 709 2900 765 Θεοῦ.

449 818 594 890 ΔΕΓ.
638 821 696 874 Ὀ
737 821 796 875 δὲ
843 819 1167 892 ύπέρμαχος
1204 819 1298 873 τοῦ
1341 819 1591 875 διαϐόλου
1633 820 1860 889 Σέργιος
1908 821 1978 875 δι-

2161 826 2406 882 XXXVI.
2433 826 2552 883 Jam
2585 845 2717 885 vero
2745 839 3004 887 strenuus
3039 831 3242 888 diaboli
3271 833 3430 890 miles
3460 833 3688 910 Sergius

375 913 593 984 δαχθεὶς
627 911 780 982 παρὰ
804 910 956 983 [cm].
993 911 1029 964 Γ.
1088 909 1240 983 106]
1277 910 1378 980 τῆς
1437 910 1686 983 ὀλεθρίου
1719 911 1982 979 γυναικὸς

375 1006 475 1078 τὴν
509 1006 745 1078 αἵρεσιν,
772 1005 867 1059 καὶ
897 1004 1126 1074 νομίσας
1145 1004 1352 1067 πάντας
1379 1005 1700 1074 ἀνθρώπους
1725 1005 1851 1068 τοὺς
1883 1004 1984 1076 τὴν

375 1101 645 1172 εἱλικρινῆ
668 1099 762 1153 xxi.
781 1097 1085 1169 ἀμώμητον
1110 1100 1142 1168 ἡ
1152 1097 1266 1166 μῶν
1291 1099 1398 1150 τῶν
1423 1097 1594 1159 ὄντως
1630 1097 1980 1168 Χριστιανῶν

375 1195 709 1265 κατέχοντας
754 1193 849 1244 καὶ
898 1190 1101 1260 εὐσεϐῆ
1131 1189 1312 1242 πίστιν
1346 1191 1406 1242 ἐν
1457 1188 1707 1262 ἀπωλείᾳ
1746 1187 1979 1255 κεῖσθαι,

373 1285 704 1356 διεγείρεται
735 1281 884 1354 ζήλῳ
914 1280 1223 1351 Σατανικῷ,
1263 1281 1360 1334 καὶ
1404 1281 1614 1350 γίνεται
1657 1283 1774 1345 νέος
1803 1281 1982 1354 κῆρυξ

373 1380 474 1449 τῆς
513 1379 744 1448 πλάνηςο
773 1375 969 1430 ἑαυτόν
1001 1392 1060 1428 τε
1109 1375 1458 1445 ἐπονομάσας
1513 1373 1751 1444 Τυχικὺν
1780 1376 1873 1427 τὸν
1922 1375 1982 1428 ἐν

373 1473 496 1536 ταῖς
522 1469 838 1533 ἐπιστολαῖς
868 1469 1249 1542 ἐμφερόμενον
1281 1466 1377 1521 τοῦ
1410 1468 1709 1520 ἀποστόλου
1739 1468 1977 1534 Παύλου,

372 1565 488 1628 τοῖς
520 1565 686 1616 πᾶσιν
722 1562 910 1630 ἔλεγεν
945 1557 1088 1614 εἷναι
1120 1560 1370 1632 μαθητὴς
1397 1559 1491 1613 τοῦ
1510 1561 1857 1614 Ἀποστόλου’
1885 1560 1983 1614 καὶ

373 1657 505 1727 παρ’
549 1654 716 1708 αὐτοῦ
771 1652 1113 1707 ἀπεστάλθαι
1161 1652 1462 1724 κηρύσσειν
1505 1653 1566 1705 οὐ
1611 1651 1769 1722 λόγον
1821 1653 1979 1717 Θεοῦ,

373 1748 513 1802 ἀλλὰ
541 1747 752 1818 πλάνην
781 1745 1056 1818 ὀλεθρίαν.
1091 1739 1260 1809 Οὗτος
1320 1743 1625 1816 περιελθὼν
1654 1745 1754 1804 τὰς
1796 1744 1982 1809 πόλεις

374 1843 555 1906 πάσας
582 1840 802 1904 καὶτὰς
835 1841 1020 1911 χώρας
1062 1841 1274 1903 ἀόκνως
1327 1841 1385 1892 ἐν
1445 1835 1535 1903 αἷς
1565 1840 1593 1891 ὀ
1657 1839 1982 1904 Ἀπόστολος

374 1935 481 2007 πρὸ
520 1934 864 1987 ὀκτακοσίων
910 1934 1048 1986 ἐτῶν
1093 1933 1184 1986 τὸν
1219 1932 1377 2001 λόγον
1407 1933 1507 2003 τῆς
1541 1931 1804 2004 ἀληθείας
1851 1933 1983 2003 ἐκή-

374 2030 524 2098 ρυξε,
554 2024 783 2089 πολλοὺς
812 2025 1099 2096 ἀπέστησε
1149 2025 1247 2095 τῆς
1277 2024 1562 2098 ὀρθοδόξου
1597 2027 1856 2092 πίστεως,
1886 2027 1980 2080 καὶ

369 2121 448 2192 τῷ
480 2121 716 2191 διαϐόλῳ
756 2122 1114 2192 προσήγαγεν
1142 2137 1155 2150 ·
1181 2121 1257 2184 ὡς
1291 2122 1454 2184 αὐτὸς
1499 2123 1556 2174 ἐν
1589 2123 1691 2193 μιᾷ
1719 2123 1826 2175 τῶν
1857 2124 1980 2175 ἐπι-

371 2212 578 2267 ετολῶν
614 2211 779 2267 αὑτοῦ
821 2212 1011 2281 λέγει’
1058 2213 1192 2267 Ἀπὸ
1225 2214 1498 2268 ἀνατολῶν
1529 2218 1622 2268 καὶ
1657 2215 1819 2286 μέχρι
1850 2215 1976 2268 δυσ·
2010 2201 2054 2258 Β

371 2301 490 2373 μῶν
540 2303 634 2356 καὶ
661 2301 836 2373 saepe
882 2305 976 2355 καὶ
1010 2303 1196 2367 νότου,
1245 2304 1484 2376 ἔδραμον
1541 2306 1838 2378 κηρύσσων
1909 2307 1972 2360 τὸ

369 2396 702 2466 Εύαγγέλιον
731 2396 824 2450 τοῦ
851 2397 1114 2467 Χριστοῦ,
1140 2401 1253 2463 τοῖς
1286 2400 1441 2468 ἐμοῖς
1472 2402 1661 2468 γόνασι
1697 2401 1965 2473 βαρήσας’

367 2491 428 2543 ἐν
453 2489 598 2554 ὅλοις
630 2490 738 2563 γὰρ
783 2491 1344 2564 τριακοντατέσσαρσι
1391 2494 1606 2565 χρόνοις
1668 2495 1974 2567 ἐπικρατή-

368 2602 490 2647 σας,
548 2584 660 2638 ἀπὸ
709 2585 944 2656 Εἰρήνης
981 2586 1080 2656 τῆς
1132 2586 1451 2658 Αὐγούστης
1505 2588 1668 2658 μέχρι
1711 2587 1972 2658 Θεοφίλου

366 2675 460 2728 τοῦ
493 2675 780 2746 βασιλέως,
813 2680 1184 2748 συνεστήσατο
1233 2678 1332 2747 τὴν
1362 2678 1457 2732 νῦν
1495 2678 1793 2744 περιοῦσαν
1840 2682 1976 2734 ἀπο-

366 2765 613 2830 στασίαν,
639 2766 707 2836 ἢν
739 2764 955 2836 προέφη
976 2764 1434 2819 Θεσσαλονικεῦσι
1455 2765 1663 2828 Παῦλος
1687 2768 1715 2819 ὁ
1744 2767 1977 2820 ἀπόστο-

365 2857 476 2921 λος,
507 2856 574 2910 δι’
598 2851 666 2929 ἧς
683 2857 991 2927 ἐλυμήνατο
1018 2857 1269 2910 πλεῖστον
1299 2859 1463 2928 μέρος
1493 2859 1590 2928 τῆς
1617 2857 1711 2910 τοῦ
1732 2857 1972 2930 Χριστοῦ

381 2949 729 3021 Ἐκκλησίας.
750 2950 889 3013 Τοὺς
908 2950 1006 3021 μὲν
1025 2950 1132 3021 γὰρ
1161 2949 1488 3020 ἡλλοτρίωσε
1508 2950 1607 3020 τῆς
1633 2951 1973 3022 προσκαίρου

365 3041 537 3113 ζωῆς,
553 3041 661 3095 τῶν
687 3041 1152 3114 ἰδίωνμστερήσας,
1177 3047 1269 3095 καὶ
1293 3043 1400 3114 πρὸ
1421 3043 1614 3113 καιροῦ
1634 3043 1972 3108 θανατώσας·

367 3137 493 3199 τοὺς
519 3135 576 3189 δὲ
605 3137 701 3189 καὶ
728 3135 828 3205 τῆς
861 3136 1081 3189 αἰωνίου
1108 3135 1640 3207 ἐξακολουθήσαντας
1663 3137 1828 3190 αὑτοῦ
1855 3140 1974 3202 ταῖς

360 3228 680 3299 ϐδελυρίαις
705 3228 1039 3296 άπεξένωσε·
1065 3230 1293 3291 πολλοὺς
1316 3227 1619 3299 ὀμοζύγους
1642 3228 1972 3300 [coil.f.106.

367 3324 422 3377 υ.
454 3321 787 3395 ]διαζεύξας
821 3323 920 3386 τὰς
973 3323 1159 3385 κοίτας
1196 3322 1376 3375 αὐτῶν
1422 3321 1513 3375 δ.ἀ
1565 3322 1674 3374 τῶν
1709 3321 1974 3393 μαθητῶν

363 3413 532 3468 αὑτοῦ
557 3415 799 3485 ἐμίανεν·
821 3413 992 3466 πολλά
1008 3414 1182 3485 βρέφη
1200 3414 1310 3466 τῶν
1330 3413 1614 3485 μητρικῶν
1643 3415 1975 3479 ἀποσπάσας

367 3509 561 3578 μαζῶν
591 3508 680 3561 διὰ
706 3506 815 3561 τῶν
848 3507 1110 3578 μαθητῶν
1144 3508 1332 3573 αὐτοῦ,
1370 3510 1439 3562 τὰ
1493 3509 1591 3579 μὲν
1635 3507 1970 3574 ἐθανάτωσε,

364 3605 436 3655 τὰ
463 3601 521 3655 δὲ
563 3601 676 3655 τῶν
726 3601 931 3672 γονέων
963 3603 1257 3674 στερήσας,
1319 3603 1413 3655 καὶ
1459 3601 1597 3655 Θεοῦ
1642 3601 1735 3655 τοῦ
1769 3603 1970 3666 ζῶντος
2000 3583 2044 3641 C

365 3693 738 3765 ἀλλοτριώσας
773 3693 870 3746 τοῦ
905 3693 983 3765 τῷ
1030 3695 1146 3766 ἰδίῳ
1178 3694 1374 3764 αἵματι
1431 3694 1640 3758 πάντας
1673 3693 1972 3766 ἐλευθερώ-

369 3803 585 3852 σαντος,
631 3786 958 3857 Ἀγαρηνοῖς
1010 3786 1374 3856 ἀπεμπόλησε
1405 3803 1418 3817 ·
1467 3787 1698 3850 πολλοὺς
1737 3786 1968 3851 εὐειδεῖς

366 3879 689 3942 νεανίσκους
712 3879 809 3932 καὶ
833 3877 1080 3942 νεάνιδας
1107 3880 1416 3948 μονογενεῖς
1441 3878 1648 3947 γονέων
1671 3880 1967 3950 ἀποχωρή-

369 3985 491 4033 σας.
515 3969 595 4033 είς
621 3968 867 4022 δουλείαν
887 3968 1197 4040 Βαρϐάροις
1213 3968 1518 4042 παρέδωκε·
1549 3968 1778 4032 πολλοὺς
1820 3969 1977 4023 ἀδελ·

378 4061 516 4132 φοὺς
537 4062 633 4116 καὶ
645 4061 886 4130 ἀδελφάς
907 4063 1196 4132 συγγενεῖς
1215 4079 1275 4115 τε
1292 4063 1385 4114 καὶ
1408 4061 1597 4131 φίλους
1621 4061 1869 4133 ἀλλήλων
1890 4061 1969 4114 δι·

366 4155 584 4226 έστησε,
605 4153 819 4208 καὶτῶν
839 4153 984 4208 ἰδίων
1005 4153 1262 4222 ξενώσας,
1279 4154 1548 4227 ἀλλοδαπῇ
1563 4156 1634 4226 γῇ
1652 4163 1679 4203 γ
1702 4173 1776 4209 πα
1785 4153 1987 4226 ρέπεμ.

365 4247 489 4317 qm,
513 4240 591 4302 ὧν
607 4247 842 4319 ὀδυρμὸς
869 4247 1180 4319 καὶθρῆνος
1224 4247 1416 4319 μέχρις
1454 4248 1725 4320 οὐρανίων
1773 4247 1982 4310 ἀψίδων

367 4341 621 4412 ἀνῆκται·
654 4341 883 4405 πολλοὺς
910 4342 1241 4412 μονάζοντας
1264 4341 1362 4395 καὶ
1389 4340 1731 4412 μοναζούσας
1756 4340 1979 4412 Χριστῷ

366 4433 468 4506 τὴν
488 4434 791 4507 παρθενίαν
813 4435 1204 4506 ἀναθεμένους,
1224 4435 1312 4490 διὰ
1329 4435 1437 4488 τῶν
1462 4435 1678 4489 οἰκείων
1715 4435 1977 4506 μαθητῶν

365 4527 663 4601 διέφθειρε·
697 4527 906 4583 καὶτοῦ
927 4529 1066 4600 μονή
1078 4545 1202 4600 ρους
1228 4529 1683 4600 ἀπαλλοτριώσας
1720 4529 1859 4600 βίου,
1878 4530 1975 4584 τοῦ

368 4623 504 4677 Θεοῦ
533 4623 845 4690 άπεξένωσε
865 4639 880 4654 ’
908 4623 1136 4686 πολλοὺς
1176 4622 1344 4693 ἱερεῖς
1374 4622 1470 4676 καὶ
1500 4622 1731 4686 Λευίτας
1760 4625 1858 4694 τῆς
1878 4624 1974 4694 ὀρ-

369 4714 588 4780 θοδόξου
619 4716 860 4778 πίστεως
889 4715 1218 4778 ἀποσπάσας
1248 4715 1341 4768 καὶ
1391 4716 1456 4767 ἐκ
1483 4715 1772 4787 προϐάτων
1801 4716 1974 4788 θῆρας

368 4809 706 4872 ἀποτελέσας
725 4850 740 4874 ,
763 4809 862 4864 ἀνθ
873 4811 1220 4882 ρωποϐὀρους
1255 4813 1551 4883 εἰργάσατο
1572 4828 1588 4843 ο
1639 4812 1870 4877 πολλοὺς
1914 4814 1973 4867 ἐν

2091 920 2161 976 ab
2184 922 2413 977 exitiosa
2443 923 2649 978 femina
2676 925 2928 980 lmresim
2963 926 3215 994 edoctus,
3250 930 3687 1003 existimans-que

2087 1025 2320 1070 cunctos
2339 1016 2610 1084 homines,
2628 1019 2717 1089 qui
2732 1035 2928 1090 puram
2945 1032 3001 1075 et
3020 1021 3408 1093 inculpabilem
3434 1036 3688 1084 nostrum

2086 1124 2216 1164 vere
2247 1109 2684 1167 Christianorum
2738 1122 3053 1185 rcctamque
3117 1115 3282 1171 fidem
3318 1119 3580 1181 retinent,
3631 1119 3685 1182 in

2088 1203 2404 1272 perditione
2436 1207 2668 1270 versari,
2712 1209 2960 1263 satanit-o
3004 1208 3121 1264 zelo
3163 1212 3480 1282 corripitur,
3507 1215 3688 1284 ’filquc

2087 1310 2269 1350 novus
2299 1297 2506 1351 erroris
2537 1314 2742 1368 praeco,
2780 1311 2958 1355 semet
2983 1301 3287 1374 Tychicum
3321 1305 3471 1360 illum
3503 1308 3687 1362 nomi-

2085 1403 2226 1442 nans
2261 1429 2276 1454 ,
2335 1389 2427 1458 qui
2479 1391 2535 1444 in
2582 1393 2813 1460 apostoli
2867 1393 3014 1447 Pauli
3075 1396 3322 1466 epistolis
3377 1399 3680 1467 scribitur;

2086 1481 2408 1551 cunctisque
2483 1482 2667 1538 aiebat
2710 1499 2770 1539 se
2824 1485 2977 1540 Pauli
3028 1503 3150 1543 esse
3206 1489 3560 1562 discipulum,
3615 1496 3684 1551 ad

2095 1575 2328 1631 verbum
2375 1587 2394 1639 ',;
2419 1575 2514 1631 Dei
2603 1577 3059 1646 prazdicandum,
3150 1583 3236 1636 vel
3329 1587 3684 1655 pestilentem

2087 1667 2268 1740 potius
2353 1685 2623 1733 errorem,
2681 1672 2751 1726 ab
2837 1673 2928 1726 illo
3005 1675 3257 1732 missum.
3356 1678 3455 1736 llic
3519 1683 3685 1738 urbes

2084 1771 2315 1817 cunctas
2367 1778 2644 1834 pagosque
2701 1764 2934 1836 impigre
2995 1783 3313 1840 peragrans,
3367 1772 3424 1828 in
3483 1778 3685 1846 quibus

2082 1853 2380 1926 Apostolus
2418 1857 2765 1928 octingentos
2797 1869 2925 1914 ante
2963 1875 3139 1916 annos
3177 1865 3426 1922 veritatis
3454 1871 3685 1925 verbum

2085 1949 2502 2021 praedicaverat,
2541 1951 2746 2006 multos
2783 1952 2852 2006 ab
2883 1954 3191 2010 orthodoxa
3234 1956 3339 2013 fide
3372 1961 3592 2026 avertit,
3627 1971 3687 2017 et

2086 2045 2154 2099 ad
2187 2044 2468 2098 diabolum
2497 2044 2747 2108 adduxit,
2774 2054 2833 2099 ut
2860 2046 3093 2116 ipsemet
3114 2049 3168 2102 in
3196 2066 3302 2104 una
3325 2052 3685 2122 epistolarum

2084 2148 2311 2189 suarum
2342 2144 2532 2189 narrat
2566 2154 2579 2189 :
2610 2136 2692 2189 Ab
2720 2136 2934 2192 oriente
2956 2139 3023 2191 ad
3056 2154 3336 2208 occasum,
3362 2159 3394 2197 a
3430 2144 3592 2200 borea
3614 2147 3686 2202 ad

2087 2235 2340 2280 austrum
2401 2226 2642 2289 decurri,
2687 2226 2893 2281 Christi
2949 2229 3304 2302 Evangelium
3357 2234 3683 2302 praedicans,

2087 2317 2231 2372 meis
2266 2316 2429 2372 unice
2479 2318 2712 2389 genibus
2753 2320 2937 2374 nixus.
2991 2318 3146 2376 Totis
3183 2323 3330 2378 enim
3367 2336 3605 2395 quatuor
3625 2337 3684 2383 et

2087 2409 2309 2480 triginta
2340 2409 2523 2477 annis,
2547 2411 2616 2465 ab
2641 2411 2797 2467 lrene
2826 2413 3071 2484 Augusta
3103 2431 3275 2485 usque
3299 2417 3366 2472 ad
3401 2417 3688 2491 Theophi-

2086 2502 2198 2556 lum
2227 2503 2619 2572 imperatorem
2645 2515 2973 2574 przesentem
3007 2508 3149 2563 hanc
3179 2511 3515 2578 apostasiam
3541 2529 3683 2569 con-

2088 2593 2258 2660 flavit,
2292 2610 2457 2665 quam
2485 2593 3078 2654 Thessalonicensibus
3102 2600 3432 2670 pnedixerat
3456 2603 3682 2666 Paulus.

2085 2696 2318 2758 etquam
2336 2687 2624 2758 plurimam
2639 2689 2837 2745 Christi
2857 2691 3114 2748 Ecclesiae
3134 2704 3341 2764 partem
3360 2699 3682 2771 corrupit“.

2086 2782 2240 2836 Alios
2289 2781 2435 2837 enim
2483 2785 2771 2854 temporali
2811 2785 2913 2840 hac
2959 2787 3070 2842 vita
3117 2790 3397 2859 spoliavit,
3441 2795 3682 2864 propriis

2088 2877 2249 2930 bouis
2289 2892 2538 2942 eversos,
2577 2887 2635 2932 et
2693 2888 2823 2934 ante
2882 2890 3100 2952 tempus
3152 2885 3496 2951 exstinctos;
3543 2889 3685 2943 alios

2088 2970 2254 3024 etiam
2301 2981 2508 3026 aeterna
2557 2972 2689 3038 vita,
2747 2983 2937 3044 utpote
2995 2976 3168 3046 ipsius
3209 2979 3474 3048 nequitiae
3511 2981 3685 3037 factos

2090 3062 2328 3118 asseclas
2358 3079 2371 3117 :
2402 3065 2604 3119 multos
2635 3066 2896 3138 conjuges
2923 3067 3259 3136 dissociavit,
3296 3073 3515 3128 illorum
3563 3076 3686 3130 tha-

2091 3156 2265 3210 lamos
2300 3172 2398 3227 per
2437 3173 2570 3213 suos
2602 3159 2904 3230 discipulos
2935 3162 3185 3231 polluens
3215 3183 3227 3216 :
3274 3165 3515 3222 infantes
3544 3169 3685 3223 iuul.

2089 3257 2174 3302 tos
2203 3250 2471 3303 maternis
2489 3251 2752 3306 uberibus
2785 3254 3004 3308 avulsos
3032 3255 3428 3326 discipulorum
3458 3275 3684 3314 suormu

2091 3361 2257 3400 manu
2301 3345 2577 3402 interfecit
2613 3367 2626 3401 :
2663 3348 2800 3402 alios
2833 3351 3158 3418 parentibus
3187 3353 3544 3419 subtrahens,
3574 3364 3630 3410 et
3655 3375 3686 3411 a

2092 3439 2204 3493 Deo
2245 3439 2468 3494 vivente
2505 3441 2844 3506 abalienans,
2881 3446 2974 3512 qui
3013 3459 3110 3498 eos
3153 3445 3376 3515 praprio
3419 3451 3688 3519 sanguine

2087 3529 2440 3594 liberaverat,
2487 3532 2759 3603 Agarenis
2817 3532 3137 3588 vendendos
3188 3536 3420 3590 curavit.
3488 3536 3690 3592 Multos

2080 3623 2332 3693 speciosa
2382 3623 2557 3678 forma
2600 3624 3004 3688 adolescentes,
3047 3626 3368 3697 puellasque
3422 3629 3613 3685 uuieas
3657 3649 3689 3686 a

2080 3715 2407 3784 parentibus
2439 3717 2793 3780 abstrahens,
2819 3718 3091 3788 mancipia
3125 3718 3384 3774 Barbaris
3418 3724 3687 3779 vendidit.

2081 3805 2282 3862 Multos
2326 3807 2529 3863 fratres
2584 3819 2750 3879 atque
2805 3826 3048 3876 sorores,
3090 3809 3198 3882 41
3241 3822 3505 3883 cognatos
3549 3819 3688 3870 ami—

2083 3913 2313 3969 cos-que,
2362 3900 2604 3954 invicem
2653 3901 2990 3967 distrahens,
3042 3903 3391 3974 prepriisque
3433 3907 3690 3963 afﬁnibus

2089 3991 2359 4061 spolians,
2407 3993 2464 4046 in
2513 3993 2725 4047 alienas
2773 3995 3027 4064 regiones
3071 3998 3404 4062 amandavit,
3452 4016 3687 4070 quorum

2092 4089 2334 4154 gemitus
2390 4085 2750 4155 ploratusque
2782 4102 2958 4155 usque
3004 4087 3070 4142 ad
3121 4089 3366 4146 coelestia
3406 4093 3686 4151 lacunaria

2090 4175 2438 4230 attolluntur.
2459 4175 2786 4248 Complures
2813 4179 3079 4237 moniales
3105 4198 3170 4237 ac
3197 4188 3517 4255 monachos,
3544 4208 3687 4260 quo-

2087 4283 2208 4322 rum
2233 4268 2521 4340 virginitas
2553 4271 2770 4326 Christo
2797 4273 2976 4328 dicata
3003 4274 3204 4340 fuerat,
3225 4293 3325 4348 per
3351 4295 3481 4335 suos
3520 4283 3685 4339 disci-

2085 4363 2246 4432 pulos
2273 4364 2545 4434 corrupit,
2580 4373 2636 4418 et
2666 4365 2858 4421 czelibe
2902 4367 3015 4422 vita
3051 4370 3340 4432 abductos.
3371 4373 3484 4428 Deo
3515 4375 3679 4432 simul

2083 4455 2439 4510 abalienavit.
2477 4456 2808 4513 SacerdOIes
2836 4461 3042 4516 multos
3067 4472 3230 4532 atque
3265 4464 3462 4520 levitas
3492 4469 3560 4523 ab
3587 4484 3680 4524 or-

2083 4549 2326 4605 thodoxa
2355 4549 2461 4605 fide
2495 4551 2826 4617 abstractos,
2865 4563 2921 4609 et
2949 4570 3014 4608 ex
3054 4557 3250 4611 ovibus
3277 4557 3331 4613 in
3374 4558 3518 4614 feras
3549 4578 3677 4615 mu-

2083 4650 2247 4706 tatos,
2267 4651 2554 4699 voratores
2579 4644 2861 4700 hominum
2893 4646 3022 4702 fecit
3048 4665 3062 4702 :
3087 4661 3148 4703 ut
3179 4650 3333 4704 multi
3360 4651 3414 4705 in
3440 4653 3674 4708 vinculis

2079 4741 2243 4802 atque
2272 4733 2592 4790 carceribus
2628 4746 2985 4800 necarentur,
3031 4755 3198 4794 causa
3234 4739 3337 4796 fuit
3371 4761 3386 4803 ;
3437 4743 3574 4800 alios
3607 4760 3673 4800 ex

2076 4819 2342 4876 divitibus
2367 4838 2640 4893 pauperes
2665 4824 2922 4880 reddidit.
2947 4826 3160 4898 Ergone
3185 4837 3462 4886 tantorum
3480 4842 3676 4889 auctor

367 4908 591 4977 δεσμοῖς
620 4908 717 4960 καὶ
762 4907 1031 4975 φυλακαῖς
1080 4907 1465 4980 θανατωθῆναι
1520 4907 1793 4977 πεποίηκε
1821 4949 1836 4971 ,
1872 4909 1966 4991 καὶ

2085 4914 2345 4970 malorum
2376 4915 2592 4970 adorari
2626 4932 2729 4971 ceu
2754 4916 3072 4974 Paracletus
3098 4921 3307 4977 debet?
3338 4921 3472 4980 Nam
3501 4927 3672 4982 disci-

370 4997 565 5060 ἄλλους
589 4999 654 5051 ἐκ
686 4997 960 5050 πλουσίων
992 4999 1288 5068 εἰργάσατο
1316 4998 1578 5069 πένητας
1603 5001 1701 5052 καὶ
1727 4999 1968 5054 ὀτοσού-

367 5109 479 5146 των
510 5091 698 5146 κακῶν
752 5091 1065 5163 παραίτιος,
1121 5091 1550 5163 προσκυνεῖσθαι
1584 5092 1694 5164 ἄρα
1750 5093 1958 5161 ὀφείλει

2072 5005 2185 5076 puli
2230 5005 2351 5074 ejus
2394 5005 2589 5061 dicunt
2635 5019 2860 5065 orantes
2920 5027 2934 5063 :
2982 5009 3225 5083 Spiritus
3265 5016 3444 5072 sancti
3494 5019 3674 5075 oratio

2068 5098 2422 5153 miserebitur
2452 5099 2648 5154 nostri.

369 5185 448 5249 ὡς
471 5184 830 5256 Παράκλητος
856 5201 873 5252 ;
900 5187 996 5238 καὶ
1033 5184 1140 5256 γὰρ
1181 5184 1422 5257 μαθηταὶ
1449 5185 1615 5239 αὐτοῦ
1657 5187 1716 5237 ἐν
1745 5185 1824 5256 τῷ
1880 5187 2111 5259 ὀνόματι
2173 5190 2343 5244 αὐτοῦ
2417 5192 2705 5263 εὐχόμενοι
2749 5192 3034 5264 λέγουσιν’
3103 5197 3172 5252 Ἡ
3205 5200 3341 5273 εὐχὴ
3371 5201 3467 5256 τοῦ
3515 5201 3674 5273 ἁγίου

373 5279 515 5332 Πνεύ
525 5296 693 5349 ματος
722 5279 939 5349 ἐλεήσει
974 5279 1144 5349 ἡμᾶς.

443 5369 567 5426 AZ'.
617 5373 672 5424 '0
704 5373 762 5425 δὲ
795 5389 980 5443 φησιν,
1024 5371 1164 5440 Ἐγὼ
1192 5372 1301 5424 τῶν
1329 5373 1517 5426 κακῶν
1548 5373 1758 5429 τούτων
1818 5377 1971 5430 ἀναί-

369 5466 488 5529 τιός
532 5466 680 5536 εἰμι’
737 5464 911 5519 πολλά
954 5467 1064 5536 γάρ
1114 5465 1498 5536 παρήγγελλον
1540 5466 1721 5530 αὐτοῖς
1762 5469 1827 5520 ἐκ
1871 5466 1968 5520 τοῦ

375 5680 386 5697 ι
449 5623 496 5655 ⁸⁸
535 5623 577 5678 ll
611 5623 892 5691 TIICSSJI,
937 5624 986 5678 5.

1634 5739 1870 5796 ΥΑΒΗΕ

475 5900 501 5940 1
543 5891 607 5945 ll.
642 5890 919 5968 ἀλλοδαπῆ
947 5896 1037 5968 γῆ.

2151 5372 2420 5429 XXXVII.
2456 5375 2528 5430 At
2573 5375 2663 5431 ille
2704 5392 2764 5432 se
2811 5377 3081 5435 malorum
3142 5380 3340 5437 horum
3395 5383 3673 5446 insontem

2081 5465 2215 5522 dicit
2257 5481 2431 5523 :nam
2465 5481 2613 5539 sape
2645 5469 2990 5537 adhortatus,
3041 5472 3236 5544 inquit,
3278 5473 3489 5530 fueram
3539 5491 3602 5535 ut
3643 5499 3675 5536 ει

1940 5745 2341 5809 LECTlONES.
