4142 6506
528 468 548 532 1
564 469 664 531 295

1921 463 2155 527 PETRI
2199 467 2457 530 SICULI

3702 469 3841 540 1296

525 579 868 654 captivandis
904 578 1174 635 Romanis
1208 579 1584 647 abstinerent;
1618 596 1798 651 neque
1830 580 1964 636 mihi
2002 598 2114 636 mo-

2235 585 2652 654 ιὶχμαλωτίςειν
2712 587 2840 652 τοὺς
2880 587 3188 660 Ῥωμαίους
3232 590 3556 660 ἀποστῆναι,
3601 593 3702 645 καὶ
3738 594 3842 663 οὑχ

525 689 644 730 rem
669 679 986 744 gesserunt.
1020 671 1413 726 Verumtamen
1441 672 1717 741 quomodo
1755 673 2032 727 insontem
2071 681 2124 726 te

527 767 699 824 dicis?
760 765 896 820 Nam
951 766 994 821 si
1056 764 1154 820 tibi
1188 780 1298 819 non
1340 764 1734 831 obaudiebant,
1780 781 1880 821 cur
1921 765 2126 835 populo

529 857 843 914 contumaci
867 855 1176 920 annuebas,
1193 870 1355 924 quem
1382 871 1571 927 regere
1596 872 1707 910 non
1732 856 1993 912 valebas?
2015 855 2127 912 Cur

530 967 705 1022 usque
731 950 798 1006 ad
825 950 1036 1004 obitum
1073 963 1196 1002 cum
1223 948 1415 1002 iisdem
1453 958 1706 1004 versatus
1741 950 1846 1005 es?
1885 948 2042 1016 Quod
2081 949 2124 1004 si

529 1043 734 1100 Christi
759 1042 901 1097 viam
938 1040 1060 1094 illos
1089 1040 1346 1106 docebas,
1367 1057 1466 1096 cur
1493 1058 1604 1096 non
1643 1042 1694 1097 id
1720 1043 1950 1098 docuisti
1979 1044 2126 1114 quod

527 1135 782 1191 Christus
811 1132 986 1188 dixit:
1025 1131 1157 1186 Cum
1190 1133 1448 1200 persecuti
1483 1150 1569 1186 vos
1605 1133 1799 1204 fuerint
1832 1135 1886 1187 in
1919 1135 2018 1190 hac
2050 1137 2128 1188 ri-

530 1230 718 1288 vitate,
744 1226 908 1296 fugite
936 1224 992 1276 in
1029 1222 1198 1276 aliam
1221 1223 1263 1253 "
1282 1223 1304 1276 ?
1325 1221 1390 1278 Et
1417 1223 1639 1293 quidem
1670 1233 1721 1278 te
1749 1224 1971 1278 tuismet
2003 1241 2127 1278 ver-

537 1320 623 1374 bis
654 1331 968 1389 coarguam.
983 1315 1232 1386 Namque
1250 1316 1315 1370 ad
1339 1316 1716 1372 Coloneenses
1737 1316 1809 1370 ita
1830 1316 2126 1386 scripsisti:

546 1411 920 1465 I’robationem
950 1415 1135 1464 vestra:
1162 1409 1286 1477 ﬁdei
1324 1426 1442 1462 cum
1481 1410 1794 1478 prwsciatis,
1845 1410 1900 1462 in
1931 1425 2130 1462 memo-

539 1511 678 1562 riam
707 1505 852 1560 vobis
887 1521 1090 1570 revoco,
1121 1509 1259 1573 quod
1290 1504 1424 1557 sicut
1465 1504 1720 1574 prazteriti
1746 1503 1996 1572 temporis
2030 1502 2130 1555 Ec-

533 1602 708 1656 clesia:
759 1608 1000 1670 pastores
1069 1607 1229 1668 atque
1279 1598 1562 1668 magistros
1631 1597 1930 1650 habuerunt
1978 1595 2133 1666 (dicit

535 1695 794 1750 Videlicet
822 1691 1247 1747 Constantinum
1275 1699 1331 1744 et
1376 1689 1662 1760 reliquos),
1710 1690 1788 1743 ita
1833 1698 1881 1743 et
1922 1705 2010 1743 vos
2051 1689 2132 1741 lu-

530 1798 728 1844 centem
776 1785 1105 1856 lampadem,
1148 1783 1591 1853 splendidumque
1640 1783 1808 1847 sidus,
1851 1793 1901 1836 et
1941 1783 2130 1836 salutis

529 1885 717 1937 ducent
743 1879 1044 1949 accepistis,
1077 1886 1234 1947 prout
1266 1877 1522 1946 scriptum
1540 1885 1613 1930 est
1641 1893 1660 1930 :
1696 1895 1712 1927 ι
1752 1875 1903 1941 Quod
1933 1877 1977 1930 si
2009 1893 2130 1929 ocu-

2232 676 2554 746 ὑπήκουσάν
2616 693 2739 748 μοι·
2775 678 2922 751 [cod.
2979 680 3016 735 f.
3078 680 3226 755 107.]
3289 683 3382 736 καὶ¹
3439 683 3554 746 πῶς
3590 684 3846 737 ἀναίτιον

2231 768 2428 822 σαυτὸν
2461 772 2668 835 ποιεῖςς
2696 773 2757 826 Εἰ
2785 774 2894 846 γὰρ
2911 774 3008 845 οὑχ
3030 775 3305 845 ὑπήκουόν
3331 792 3434 839 σοι,
3460 777 3548 828 ἵνα
3575 775 3628 828 τί
3656 779 3835 831 ἀπει-

2231 859 2316 913 θεῖ
2365 864 2714 932 συνηυδῦκεις
2756 864 2894 935 λαῷ,
2969 866 3029 918 ὃν
3080 866 3417 938 κυϐερνῆσαι
3463 868 3564 921 οὑκ
3611 867 3847 938 ἵσχυες;

2230 956 2295 1008 Τί
2321 956 2375 1008 δὲ
2405 957 2496 1008 καὶ
2553 956 2715 1028 μέχρι
2766 958 2997 1012 θανάτου
3033 961 3149 1030 μετ’
3190 960 3370 1014 αὐτῶν
3418 961 3840 1032 συνδιέτριϐεςς

2231 1050 2292 1102 Εἰ
2320 1051 2376 1103 δὲ
2408 1052 2503 1103 καὶ
2528 1051 2626 1118 τὴν
2659 1052 2897 1123 Χριστοῦ
2925 1053 3043 1106 ὁδὸν
3069 1053 3276 1108 ὁδεύειν
3299 1054 3498 1118 αὐτοὺς
3529 1055 3844 1118 ἐδίδασκες,

2232 1146 2318 1198 ἵνα
2356 1146 2406 1198 τί
2454 1147 2548 1199 καὶ
2580 1147 2738 1199 τοῦτο
2767 1147 2866 1198 οὑκ
2899 1146 3178 1210 ἐδίδασκες
3229 1147 3453 1211 αὑτοὺς,
3493 1147 3634 1217 ὅπερ
3682 1147 3795 1216 ἔφη
3821 1150 3850 1200 ὁ

2232 1238 2644 1305 Κύριος,”οταν
2659 1237 2954 1292 διώκωσιν
2972 1239 3123 1306 ὑμᾶς
3139 1239 3206 1292 ἐκ
3219 1238 3328 1308 τῆς
3343 1241 3575 1306 πόλεως
3587 1241 3847 1307 ταύτης,

2231 1330 2480 1398 φεύγετε
2497 1332 2581 1394 εἰς
2615 1328 2726 1395 τὴν
2756 1328 2960 1397 ἄλλην
2980 1330 3238 1399 fluit-51$»
3267 1348 3324 1384 σε
3354 1331 3399 1384 δ’
3429 1328 3718 1400 οὖνὸμως,
3755 1334 3850 1384 καί

2233 1425 2298 1477 ἐκ
2330 1425 2438 1476 τῶν
2473 1424 2580 1476 σῶν
2615 1422 2834 1476 οἰκείων
2874 1425 3167 1493 ῥημάτων·
3195 1426 3306 1487 τοῖς
3337 1423 3448 1496 γὰρ
3476 1428 3531 1477 ἐν
3557 1425 3849 1495 Κολωνεία

2236 1516 2474 1587 ἔγραφες
2503 1525 2524 1551 ι
2556 1517 2682 1569 τάδε
2711 1533 2724 1546 ·
2764 1517 2832 1569 Τὸ
2879 1515 3155 1585 δοκίμιον
3183 1515 3351 1585 ὑμῶν
3378 1528 3404 1557 ι
3439 1515 3550 1585 τῆς
3576 1517 3847 1582 πίστεως

2233 1610 2700 1677 προεγνωκότες,
2728 1609 3081 1678 ὑπόμνησιν
3104 1609 3261 1677 πρὸς
3287 1608 3446 1680 ὑμᾶς
3479 1610 3847 1678 ποιούμεθα,

2235 1702 2326 1754 ὅτι
2361 1701 2567 1769 ὥσπερ
2597 1705 2656 1754 αἱ
2695 1702 3110 1771 παρελθοῦσαι
3149 1703 3505 1771 Ἐκκλησίαι
3549 1703 3848 1773 ποιμένας

2235 1795 2333 1847 καὶ
2364 1793 2780 1860 διδασκάλους
2799 1793 3089 1859 ἐδέξαντο
3142 1793 3318 1865 (λέγει
3341 1795 3398 1847 δὲ
3430 1795 3846 1848 Κωνσταντῖνον

2236 1888 2331 1941 καὶ
2353 1889 2479 1950 τοὺς
2505 1887 2772 1958 λοιποὺς),
2793 1889 2948 1942 οὕτω
2967 1888 3065 1943 καί
3084 1888 3255 1958 ὑμεῖς
3274 1887 3563 1959 λαμπάδα
3583 1889 3851 1957 φαεινὴν

533 1977 613 2030 lus
634 1987 755 2028 tuus
783 1974 942 2045 fuerit
971 1970 1218 2040 simplex,
1241 1980 1409 2024 totum
1428 1985 1617 2041 corpus
1641 1969 1874 2024 lucidum
1895 1971 1993 2025 erit
2012 1971 2078 2025 ".
2107 1988 2126 2022 ι

2240 1982 2337 2035 καὶ
2363 1949 2984 2050 ,λυχνοφανῦαστέρα
3004 1981 3102 2034 καί
3120 1949 3368 2050 dan-reir-
3379 1949 3690 2049 σωτηρίας
3723 1949 3847 2034 edi?-

531 2069 576 2124 Ο
604 2066 980 2123 infelicissimo
1007 2074 1062 2119 et
1098 2063 1246 2117 omni
1278 2062 1522 2132 nequitia
1553 2063 1750 2133 plene?
1779 2063 1836 2117 Si
1865 2063 2016 2118 Pauli
2050 2063 2134 2119 di-

532 2158 800 2230 scipulus,
828 2166 888 2211 ut
916 2156 1116 2225 jactas,
1149 2168 1233 2217 es,
1263 2168 1364 2206 cur
1385 2153 1706 2224 magistrum
1737 2169 1846 2207 non
1878 2153 2132 2218 imitaris,

530 2253 624 2325 qui
661 2267 721 2306 se
751 2249 996 2305 omnium
1021 2247 1356 2318 peripsema,
1375 2246 1712 2307 abortivum.
1734 2246 2136 2316 minimumque

531 2345 908 2418 apostolorum
943 2341 1202 2399 dicebat?
1238 2339 1347 2412 42
1376 2337 1460 2394 Tu
1495 2355 1628 2395 vero
1670 2348 1750 2394 tot
1783 2350 1976 2396 auctor
2015 2356 2136 2395 ma-

532 2442 733 2504 lorum,
766 2436 973 2492 nullius
999 2435 1079 2489 rei
1107 2436 1265 2489 bona:
1299 2432 1551 2498 etl‘ector,
1577 2433 1753 2506 magis
1787 2449 1954 2504 quam
1985 2432 2134 2488 Pha-

531 2535 726 2588 risaeus
773 2530 866 2584 ille
907 2527 1202 2601 gloriaris?
1235 2524 1431 2580 Nonne
1477 2525 1687 2581 dictum
1734 2525 1867 2582 illud
1913 2527 2133 2599 legisti:

531 2626 684 2692 Quod
720 2639 904 2693 nempe
923 2622 1012 2691 qui
1036 2637 1091 2675 se
1123 2620 1456 2674 commendat
1487 2618 1554 2685 δ’,
1579 2619 1796 2675 etiamsi
1834 2620 1978 2676 forte
2007 2636 2136 2676 vera

529 2721 699 2783 dicat,
731 2717 871 2773 nihil
900 2715 1024 2770 est?
1057 2713 1140 2768 Tu
1161 2727 1293 2767 vero
1311 2712 1676 2767 obtenebrata
1698 2712 1927 2768 omnino
1949 2723 2136 2769 mente

531 2813 827 2882 animoque
859 2824 986 2865 cum
1025 2807 1120 2872 sis,
1164 2805 1444 2877 quomodo
1486 2814 1539 2860 te
1590 2805 1931 2861 mendaciter
1983 2807 2137 2862 sidus

532 2904 902 2976 splendidum,
940 2901 1338 2970 lucentemque
1375 2898 1783 2969 lampadem,et
1817 2899 2010 2954 salutis
2037 2899 2137 2954 du-

533 3015 657 3056 cem
684 2993 1053 3064 dictitaslqui
1081 3008 1284 3062 nempe
1310 2998 1392 3046 tot
1417 2991 1630 3046 animas
1674 2992 2138 3061 pessumdedisti?

536 3093 695 3147 Tune
733 3088 926 3146 oculus
964 3085 1212 3157 corporis
1248 3083 1477 3148 Christi,
1523 3083 1670 3154 quod
1715 3091 1800 3138 est
1865 3084 2133 3148 Ecclesia,

531 3189 762 3244 demens
810 3183 977 3238 homo
1024 3189 1190 3249 atque
1238 3176 1480 3232 furiose?
1509 3175 1612 3241 Tu,
1653 3175 1901 3246 inquam,
1944 3177 2134 3242 miser,

534 3296 662 3337 cum
715 3292 894 3334 caecus
934 3274 1033 3340 sis,
1058 3271 1337 3344 quomodo
1377 3270 1498 3326 aliis
1537 3269 1604 3324 ad
1631 3269 1862 3325 salutem
1890 3269 1999 3325 dux
2033 3284 2134 3324 ex-

533 3373 724 3431 stitisti
747 3372 770 3425 ’ί
797 3370 992 3425 Nonne
1022 3365 1200 3438 legisti
1227 3381 1242 3430 ;
1267 3364 1414 3435 quod
1444 3365 1491 3418 si
1521 3380 1687 3419 aecus
1717 3379 1852 3418 cazco
1879 3363 2133 3417 ducatum

522 3475 771 3538 .prwstet,
825 3462 982 3517 ambo
1039 3461 1092 3513 in
1143 3460 1350 3529 foveam
1375 3457 1564 3511 cadent
1605 3456 1689 3510 ὀἳ
1729 3455 1958 3523 Qualem
2001 3472 2134 3511 vero

532 3562 794 3616 virtutem
831 3564 981 3610 tuam
1014 3552 1400 3616 itnitabuntur,
1437 3565 1565 3606 cum
1601 3549 1806 3605 clamas
1842 3567 1856 3604 :
1889 3548 2136 3604 lmitato-

535 3668 626 3708 res
658 3649 767 3705 mei
802 3654 1002 3709 estote,
1043 3660 1107 3699 ac
1132 3643 1369 3698 retinete
1406 3647 1662 3712 acceptas
1690 3657 1721 3696 a
1759 3656 1848 3696 me
1885 3641 2134 3696 traditio-

537 3744 678 3800 nes?
710 3742 792 3797 En
829 3741 1014 3808 itaque
1047 3735 1174 3791 ﬁdei
1205 3749 1271 3789 ac
1293 3733 1592 3806 magisterii
1615 3733 1691 3788 tui
1724 3748 1946 3804 germen
1972 3749 2137 3806 gran-

533 3841 658 3893 dem
686 3831 1002 3906 procreavit
1032 3829 1104 3883 im
1117 3829 1398 3899 pietatem.
1425 3827 1561 3881 Nam
1589 3827 1846 3897 discipuli
1881 3827 1982 3894 tui,
2007 3838 2135 3884 ante

531 3943 696 4000 quam
722 3935 772 3980 te
803 3934 1184 3996 agnoscerent,
1223 3936 1354 3976 oves
1394 3929 1590 3986 erant;
1652 3935 1802 3975 nunc
1833 3929 1886 3976 te
1925 3922 2134 3993 agnito,

532 4025 620 4078 vel
650 4019 833 4092 potius
862 4015 1032 4089 agniti
1059 4032 1089 4070 a
1119 4023 1196 4078 te,
1222 4014 1278 4068 in
1309 4013 1455 4069 feras
1477 4022 1608 4069 sunt
1631 4012 2007 4070 transformati
2037 4015 2136 4071 ho-

531 4109 748 4168 minum
783 4105 1180 4164 devoratrices.
1226 4105 1291 4160 Et
1333 4103 1497 4175 paulo
1534 4104 1769 4160 inferius
1815 4109 1931 4161 ait:
1964 4107 2134 4162 Nemo

529 4221 618 4260 vos
661 4203 878 4258 seducat
926 4198 1038 4254 ιιίίο
1067 4198 1247 4253 modo.
1299 4195 1415 4251 Has
1460 4197 1641 4268 itaque
1683 4198 2054 4266 promissiones
2099 4217 2131 4253 a

531 4299 646 4354 Dea
685 4295 960 4358 habentes,
999 4293 1133 4348 bona
1169 4291 1350 4346 animo
1398 4300 1580 4348 estote.
1619 4291 1730 4346 Nos
1773 4293 1912 4347 enim
1946 4295 2132 4348 vestris

531 4391 783 4447 cordibus
846 4386 1164 4458 conﬁdentes
1209 4387 1287 4439 ita
1334 4385 1614 4439 scribimus
1657 4385 1824 4443 vobis.
1867 4385 2138 4442 Ostiarius

527 4493 814 4558 pastorque
847 4482 1012 4536 bonus
1047 4489 1094 4535 et
1123 4481 1239 4534 dua:
1287 4478 1523 4547 corporis
1577 4475 1797 4544 Christi,
1833 4495 1898 4533 ac
1943 4480 2132 4534 domus

529 4579 633 4635 Dei
686 4576 903 4631 lucerna
955 4590 1048 4645 ego
1077 4588 1197 4628 sum
1220 4588 1240 4637 ;
1298 4581 1348 4625 et
1388 4571 1651 4625 vobiscum
1694 4587 1884 4626 maneo
1928 4574 2131 4627 cunctis

2239 2072 2450 2137 ξασθε,
2476 2072 2628 2125 κατὰ
2654 2076 2719 2127 τὸ
2740 2071 3155 2144 γεγραμμένον
3174 2091 3188 2105 ·
3221 2092 3240 2125 ι
3269 2074 3396 2127 Ὅτι
3429 2073 3540 2128 ἐὰν
3561 2077 3594 2127 o'
3624 2075 3847 2144 65:001-

2231 2167 2348 2235 μός
2379 2167 2752 2233 σουάπλοῦς
2782 2163 2844 2238 ᾖ,
2879 2166 3028 2221 ὅλον
3065 2167 3133 2221 τὸ
3177 2165 3351 2238 σῶμά
3394 2186 3512 2222 σου
3549 2168 3848 2238 φωτεινόν

2237 2259 2432 2313 ἔσται.
2463 2279 2481 2310 ι
2526 2254 2597 2312 Ὦ
2624 2260 2906 2330 τρισάθλιε
2934 2262 3030 2314 καὶ
3061 2260 3241 2332 πάσης
3271 2261 3504 2331 ἀνομίας
3541 2262 3845 2334 πεπληρω-

2241 2354 2404 2425 μένε·
2441 2355 2491 2408 εἱ
2520 2354 2768 2426 μαθητὴς
2808 2355 3050 2420 Παύλου,
3084 2353 3160 2416 ὡς
3189 2354 3392 2423 λέγεις,
3425 2354 3724 2426 ὑπάρχεις,
3763 2355 3844 2408 ἵνα

2238 2448 2291 2500 τί
2323 2448 2384 2501 οὐ
2424 2451 2568 2520 μιμῇ
2603 2449 2696 2501 τὸν
2722 2447 3080 2516 διδάσκαλον;
3117 2447 3290 2512 Αὐτὸς
3333 2449 3443 2519 γὰρ
3473 2449 3673 2502 ἑαυτὸν
3703 2449 3838 2503 πάν-

2237 2557 2351 2594 των
2380 2540 2670 2612 περίψημα
2722 2539 2934 2608 ἔλεγεν,
2962 2539 3245 2611 ἔκτρωμα,
3281 2543 3374 2594 καὶ
3420 2539 3713 2610 ἐλάχιστον
3738 2540 3840 2594 τῶν

2238 2633 2557 2687 ἀποστόλων
2582 2649 2594 2662 ·
2646 2633 2711 2686 σὺ
2744 2631 2802 2686 δὲ
2833 2632 3073 2686 τοσαῦτα
3113 2633 3322 2704 δράσας
3355 2633 3500 2686 κακὰ
3543 2634 3646 2686 καὶ
3675 2631 3838 2704 μηδὲν

2239 2724 2448 2792 ἀγαθὸν
2481 2723 2862 2794 κατορθώσας,
2891 2724 3030 2793 ὑπὲρ
3077 2721 3172 2776 τὸν
3211 2723 3509 2792 Φαρισαῖον
3550 2722 3829 2791 μεγαλαυ-

2239 2819 2391 2888 χεῖς;
2436 2818 2536 2870 οὐκ
2580 2817 2821 2886 ἀνέγνως
2865 2817 2930 2868 τὸ
2979 2817 3188 2884 φάσκον
3229 2815 3429 2883 λόγιον,
3464 2816 3544 2869 ὅτι
3576 2817 3607 2869 δ
3651 2813 3837 2868 ἑαυτὸν

2241 2912 2530 2979 συνιστῶν,
2571 2912 2725 2966 οὐδέν
2782 2913 2952 2978 ἐστιν,
2986 2913 3035 2964 εί
3089 2911 3185 2965 καὶ
3227 2911 3401 2982 ἁληοἧ
3438 2911 3636 2980 λέγεις
3679 2911 3832 2974 αὐτὸς

2237 3007 2296 3060 δὲ
2345 3005 2735 3077 ὲσκοτισμένος
2769 3006 2860 3059 τὸν
2888 3005 3014 3059 νοῦν
3059 3005 3280 3067 καὶτὰς
3329 3005 3532 3076 φρένας
3574 3003 3832 3076 ὑπάρχων

2238 3093 2306 3146 δι’
2344 3093 2492 3158 ὅλου,
2531 3093 2649 3157 πῶς
2703 3092 2919 3164 ψευδῶς
2975 3093 3125 3166 [cod.
3159 3092 3199 3148 ί.
3240 3092 3340 3148 107
3391 3092 3469 3166 b.]
3523 3092 3829 3165 λυχνοφανῆ

2240 3183 2449 3254 ἀστέρα
2484 3183 2709 3237 σεαυτὸν
2767 3183 2862 3236 καὶ
2905 3181 3166 3252 λαμπάδα
3217 3181 3446 3252 φαεινὴν
3495 3181 3595 3234 καὶ
3647 3179 3830 3251 ὁδηγὸν

2242 3275 2520 3346 σωτηρίας
2568 3274 2779 3342 ἔλεγες,
2809 3277 2837 3328 ὁ
2876 3273 3148 3337 τοσαύτας
3181 3273 3360 3344 ψυχάς
3399 3273 3716 3337 ἀπολέσας,
3743 3271 3828 3324 καὶ

2237 3367 2515 3438 ὀφθαλμὸν
2578 3367 2676 3420 τοῦ
2722 3367 2976 3438 σώματος
3024 3366 3128 3437 τῆς
3184 3366 3278 3419 τοῦ
3307 3365 3442 3419 Θεοῦ
3486 3363 3826 3435 Ἐκκλησίας,

2235 3461 2461 3532 ἔκφρων
2508 3462 2602 3515 καὶ
2631 3460 2976 3532 ἐμϐρόντητε
3003 3478 3017 3491 ·
3057 3463 3128 3515 Συ
3153 3457 3248 3514 οὖν
3298 3459 3500 3531 τυφλὸς
3548 3459 3824 3530 ὑπάρχων,

2235 3554 2411 3620 ἄθλιε,
2469 3554 2590 3617 πῶς
2649 3554 2832 3617 ἄλλοις
2877 3554 3072 3622 ὁδηγός
3123 3554 3354 3623 γέγονας
3394 3552 3704 3623 campi“;
3735 3550 3825 3602 οὐκ

2237 3648 2500 3716 ἀνέγνως,
2549 3648 2631 3700 ὅτι
2691 3647 2922 3715 τυφλός
2951 3647 3189 3715 τυφλὸν
3253 3645 3364 3699 ἐὰν
3395 3643 3610 3715 ὁδηγῇ,
3649 3639 3825 3711 ἀμφό-

2236 3757 2396 3809 τεροι
2465 3741 2551 3806 είς
2594 3740 2831 3808 βόθρον
2885 3737 3342 3808 ἐμπεσοῦνται;
3409 3737 3572 3792 ποίαν
3638 3736 3694 3788 δέ
3738 3750 3822 3786 σου

2236 3831 2576 3905 ζηλώσουσιν
2626 3834 2860 3904 ἀρετήν;
2891 3833 2974 3886 ὅτι
3001 3833 3226 3904 κράζεις
3251 3849 3271 3867 ο
3298 3831 3550 3903 Μιμηταί
3612 3846 3711 3902 μου
3744 3826 3823 3895 γίο

2236 3924 2435 3988 νεσθε,
2479 3925 2574 3976 καὶ
2634 3925 2887 3993 κρατεῖτε
2945 3924 3045 3986 τὰς
3103 3922 3434 3994 παραδόσεις
3488 3921 3554 3986 ἀς
3597 3917 3820 3990 παρελά-

2237 4015 2364 4068 ϐετε
2416 4013 2547 4081 παρ’
2580 4012 2736 4084 ἐμοῦ.
2775 4011 2903 4065 Ἰδοὺ
2942 4012 3124 4066 τοίνυν
3154 4014 3253 4082 τῆς
3293 4009 3529 4074 πίστεώς
3587 4028 3678 4065 σου
3736 4006 3820 4060 καὶ

2235 4105 2592 4167 διδασκαλίας
2645 4105 2859 4175 καρπὸς
2896 4103 3198 4175 ἐϐλάστησε
3245 4105 3493 4176 μεγάλην
3543 4101 3819 4157 ἀσέϐειανο

2235 4201 2284 4252 οἱ
2343 4199 2452 4272 γὰρ
2495 4199 2734 4270 μαθηταί
2784 4215 2878 4252 σου
2933 4198 3041 4270 πρὸ
3069 4197 3166 4252 τοῦ
3229 4216 3290 4252 σε
3349 4197 3639 4270 γνωρίσαι,
3695 4191 3819 4264 πρό·

2236 4292 2378 4346 ϐατά
2449 4292 2736 4363 ὑπῆρχον·
2791 4290 2888 4344 νῦν
2956 4291 3016 4345 δὲ
3085 4291 3306 4360 γνόντες
3391 4309 3450 4344 σε
3518 4291 3715 4362 μᾶλλον
3767 4282 3816 4337 δὲ

2236 4383 2578 4455 γνωσθέντες
2615 4384 2721 4438 ὑπὸ
2777 4383 2895 4451 σοῦ,
2955 4387 3035 4449 είς
3065 4384 3239 4457 θῆρας
3289 4383 3700 4455 μετεϐλήθησαν
3731 4380 3814 4431 ἀν-

2239 4478 2668 4552 θρωποϐόρους·
2738 4480 2834 4532 καὶ
2911 4479 3032 4548 μετ’
3097 4479 3256 4547 ὀλίγα
3311 4479 3478 4550 φησιν
3518 4495 3532 4510 ·
3610 4470 3815 4540 Μηδεὶς

2235 4570 2395 4641 ὑμᾶς
2451 4569 2814 4640 ἐξαπατήσῃ
2859 4571 3012 4625 κατὰ
3064 4572 3304 4642 μηδένα
3330 4572 3573 4641 τρόπον.
3613 4567 3814 4626 Ταύτας

530 4668 713 4723 diebus
745 4684 908 4738 usque
938 4667 1009 4720 ad
1050 4663 1236 4721 τιταιίὶ
1277 4665 1806 4719 consummationem.
1840 4664 1983 4720 Nam
2033 4667 2132 4721 etsi

2237 4663 2306 4718 δὲ
2340 4665 2448 4730 τὰς
2480 4663 2846 4734 ἐπαγγελίας
2889 4662 3138 4733 ἔχοντες
3188 4665 3257 4718 ἐκ
3303 4663 3473 4730 Θεοῦ,
3519 4654 3809 4730 θαρσεῖτεο

531 4776 751 4831 corpore
790 4759 1000 4826 absum,
1049 4767 1292 4812 attamen
1339 4757 1534 4827 spiritu
1581 4757 1845 4812 vobiscum
1880 4773 2019 4812 sum.
2053 4759 2131 4814 De

531 4863 741 4920 cwtero,
772 4851 1039 4924 gaudete;
1073 4859 1120 4904 et
1161 4849 1300 4904 Deus
1334 4850 1482 4919 pacis
1506 4850 1776 4904 vobiscum
1809 4851 1928 4906 erit.

2242 4757 2415 4828 ἡμεῖς
2454 4757 2564 4828 γὰρ
2615 4757 3008 4827 πεπεισμένοι
3063 4757 3237 4824 ὄντες
3285 4757 3355 4811 ὲν
3386 4756 3517 4822 ταῖς
3567 4748 3812 4820 καρδίαις

2240 4850 2445 4923 ὑμῶνν
2509 4852 2817 4923 γράφομεν
2857 4851 3032 4922 ὑμῖν-ο
3091 4851 3182 4906 ὅτι
3247 4855 3281 4906 ὁ
3339 4851 3602 4921 θυρωρός
3641 4842 3730 4899 καὶ
3781 4838 3809 4889 ό

531 4945 762 5018 ποιμὴν
792 4949 824 5001 ό
857 4946 1068 5012 καλὸς,
1099 4945 1200 4999 καὶ
1231 4946 1264 4999 ό
1294 4943 1513 5015 όδητὸς
1561 4943 1671 4998 τοῦ
1713 4945 1992 5014 σώματος
2026 4945 2134 5002 τοῦ
2159 4946 2444 5016 Χριστοῦ,
2504 4947 2603 5000 καὶ
2653 4948 2686 5000 ό
2745 4945 2979 5016 λύχνος
3022 4945 3129 5000 τοῦ
3157 4945 3327 5000 οῑκου
3377 4945 3486 4999 τοῦ
3528 4940 3671 4998 Θεοῦ
3712 4929 3809 5002 ἐγώ

529 5044 677 5111 ειμισ
717 5039 818 5093 καὶ
847 5037 976 5108 μεθ’
1005 5035 1175 5107 ὑμῶν
1195 5039 1314 5107 ειμι
1347 5035 1556 5102 πάσας
1588 5035 1696 5103 τὰς
1739 5037 1988 5108 ἡμέρας,
2019 5039 2133 5105 ἕως
2156 5039 2267 5110 τῆς
2306 5039 2670 5105 συντελείας
2733 5037 2842 5093 τοῦ
2889 5037 3142 5105 αἰῶνος·
3199 5040 3253 5093 εί
3310 5037 3420 5108 γὰρ
3461 5037 3560 5090 καὶ
3593 5031 3666 5099 τῷ
3702 5024 3804 5082 σώ-

525 5149 671 5204 ματι
721 5132 945 5201 ἄπειμι,
971 5129 1135 5185 ἀλλὰ
1162 5127 1244 5194 τῷ
1277 5131 1575 5201 πνεύματι
1621 5131 1746 5184 σὺν
1790 5131 1935 5202 ὑμῖν
1980 5134 2098 5204 ειμι
2124 5148 2138 5164 ο
2179 5134 2401 5188 λοιπὸν
2452 5132 2711 5203 χαίρετε,
2791 5131 3236 5200 καταρτίζεσθε,
3282 5133 3382 5187 καὶ
3458 5133 3492 5185 ό
3540 5129 3676 5194 Θεὸς
3710 5118 3802 5187 τῆς

530 5227 779 5299 εἰρήνης
807 5226 980 5282 ἔσται
998 5227 1130 5297 μεθ’
1162 5226 1351 5296 ὑμῶν.

600 5341 892 5399 XXXVIII.
921 5340 967 5397 Ο
993 5341 1242 5397 veritatis
1271 5340 1468 5407 hostis,
1503 5339 1579 5396 ﬁli
1609 5341 1835 5410 diaboli,
1864 5351 1920 5399 et
1942 5343 2128 5399 omni-

531 5438 710 5496 moda:
741 5436 964 5492 malitia:
1009 5437 1302 5506 operator!
1351 5435 1628 5506 quomodo
1663 5450 1832 5492 ausus
1870 5444 1958 5492 est
2009 5437 2128 5493 hate

525 5531 737 5603 eloqui,
767 5529 1037 5602 aequalem
1070 5538 1122 5584 te
1151 5527 1264 5584 Deo
1291 5527 1540 5584 faciens?
1573 5530 1734 5586 (lerte
1762 5529 1856 5601 qui
1887 5544 1950 5586 se
1973 5529 2127 5585 exal-

2310 5342 2446 5398 AH'.
2481 5339 2553 5397 Ὦ
2595 5343 2759 5417 ἐχθρὲ
2809 5344 2912 5416 τῆς
2959 5343 3242 5416 ἀληθείας,
3303 5343 3388 5398 υἱὲ
3432 5340 3691 5402 διαὸόλου,
3714 5330 3797 5433 καὶ

2236 5436 2420 5509 πάσης
2449 5437 2803 5510 ῥᾳδιουργίας
2839 5438 3049 5511 ὲργάτα
3075 5454 3088 5468 ’
3123 5436 3243 5501 πῶς
3271 5437 3579 5509 ἐτόλμησας
3605 5437 3793 5484 τοιαυτα

2233 5531 2709 5602 ἀποφθέγγεσθαι,
2749 5534 2862 5588 τσον
2892 5533 3086 5589 ἑαυτὸν
3132 5531 3304 5589 ποιῶν
3347 5533 3426 5604 τῷ
3477 5529 3624 5602 θεῷ;
3651 5525 3676 5577 ὁ
3705 5515 3790 5586 γὰρ

599 5680 647 5712 ⁸⁷
697 5678 889 5734 Matth.
934 5696 989 5736 Χ.
1018 5677 1109 5732 25.
1189 5676 1234 5708 ⁸⁸
1265 5674 1657 5746 Μῖιῑιίι.ιι,22.
1736 5675 2121 5744 "I|Cor.x,l

2262 5679 2309 5709 ⁸ο
2335 5676 2528 5732 Matth.
2563 5691 2654 5741 xv,
2685 5673 2770 5728 Η.

1045 5781 1048 5784 ί
1819 5815 2060 5873 vitam
2126 5815 2535 5875 LECTIONES.

586 5960 607 5987 ³
638 5949 707 6006 ll.
738 5948 968 6021 ἔγραφε.
1009 5928 1087 6020 ...ο
1125 5947 1189 6002 Β.
1224 5949 1402 6022 ἡμῶν.
