  <div class='ocr_page' id='page_1' title='image "/cluster/home/n/w/nwhite01/storage/ocr_20150623/104:no.4/coo.31924054870088/658.png"; bbox 0 0 4142 6430; ppageno 0'>
   <div class='ocr_carea' id='block_1_1' title="bbox 402 388 540 453">
    <p class='ocr_par' dir='ltr' id='par_1_1' title="bbox 402 388 540 453">
     <span class='ocr_line' id='line_1_1' title="bbox 402 388 540 453; baseline -0.007 0"><span class='ocrx_word' id='word_1_1' title='bbox 402 388 540 453; x_wconf 71' lang='lat'><strong>1:297</strong></span> 
     </span>
    </p>
   </div>
   <div class='ocr_carea' id='block_1_2' title="bbox 1536 387 2564 452">
    <p class='ocr_par' dir='ltr' id='par_1_2' title="bbox 1536 387 2564 452">
     <span class='ocr_line' id='line_1_2' title="bbox 1536 387 2564 452; baseline 0.004 -4"><span class='ocrx_word' id='word_1_2' title='bbox 1536 387 1913 450; x_wconf 70' lang='lat' dir='ltr'><strong>HISTORIA</strong></span> <span class='ocrx_word' id='word_1_3' title='bbox 1947 387 2564 452; x_wconf 65' lang='lat' dir='ltr'><strong>MANICHIEORUM.</strong></span> 
     </span>
    </p>
   </div>
   <div class='ocr_carea' id='block_1_3' title="bbox 3564 393 3702 459">
    <p class='ocr_par' dir='ltr' id='par_1_3' title="bbox 3564 393 3702 459">
     <span class='ocr_line' id='line_1_3' title="bbox 3564 393 3702 459; baseline 0.014 -2"><span class='ocrx_word' id='word_1_4' title='bbox 3564 393 3702 459; x_wconf 74' lang='lat'><strong>1293</strong></span> 
     </span>
    </p>
   </div>
   <div class='ocr_carea' id='block_1_4' title="bbox 395 499 2019 579">
    <p class='ocr_par' dir='ltr' id='par_1_4' title="bbox 395 499 2019 576">
     <span class='ocr_line' id='line_1_4' title="bbox 395 499 2019 576; baseline -0.001 -17"><span class='ocrx_word' id='word_1_5' title='bbox 395 503 550 575; x_wconf 77' lang='grc' dir='ltr'>ὑψῶν</span> <span class='ocrx_word' id='word_1_6' title='bbox 577 502 771 558; x_wconf 73' lang='grc' dir='ltr'>ἐαυτὸν</span> <span class='ocrx_word' id='word_1_7' title='bbox 794 503 1299 574; x_wconf 68' lang='grc' dir='ltr'><strong>ταπεινωθήσεται*</strong></span> <span class='ocrx_word' id='word_1_8' title='bbox 1331 502 1427 558; x_wconf 73' lang='grc' dir='ltr'><strong>καὶ</strong></span> <span class='ocrx_word' id='word_1_9' title='bbox 1459 501 1552 556; x_wconf 85' lang='grc' dir='ltr'><strong>τοῦ</strong></span> <span class='ocrx_word' id='word_1_10' title='bbox 1582 502 1731 575; x_wconf 89' lang='lat' dir='ltr'><strong>[cod.</strong></span> <span class='ocrx_word' id='word_1_11' title='bbox 1759 503 1795 558; x_wconf 87' lang='lat' dir='ltr'><strong>l&#39;.</strong></span> <span class='ocrx_word' id='word_1_12' title='bbox 1834 499 1989 576; x_wconf 71' lang='lat'><strong>408.]</strong></span> <span class='ocrx_word' id='word_1_13' title='bbox 2017 560 2019 565; x_wconf 68' lang='grc'><strong>,</strong></span> 
     </span>
    </p>
   </div>
   <div class='ocr_carea' id='block_1_5' title="bbox 2123 499 3707 579">
    <p class='ocr_par' dir='ltr' id='par_1_5' title="bbox 2123 506 3707 579">
     <span class='ocr_line' id='line_1_5' title="bbox 2123 506 3707 579; baseline 0.003 -18"><span class='ocrx_word' id='word_1_14' title='bbox 2123 516 2188 572; x_wconf 80' lang='lat' dir='ltr'><strong>at,</strong></span> <span class='ocrx_word' id='word_1_15' title='bbox 2243 507 2665 562; x_wconf 87' lang='lat' dir='ltr'><strong>humiliabitur:</strong></span> <span class='ocrx_word' id='word_1_16' title='bbox 2713 514 2788 574; x_wconf 88' lang='lat' dir='ltr'><strong>et,</strong></span> <span class='ocrx_word' id='word_1_17' title='bbox 2832 506 3188 578; x_wconf 78' lang='lat' dir='ltr'><strong>gloriﬁcantis</strong></span> <span class='ocrx_word' id='word_1_18' title='bbox 3240 510 3500 579; x_wconf 86' lang='lat' dir='ltr'><strong>seipsum,</strong></span> <span class='ocrx_word' id='word_1_19' title='bbox 3556 511 3707 566; x_wconf 84' lang='lat' dir='ltr'><strong>nulla</strong></span> 
     </span>
    </p>
   </div>
   <div class='ocr_carea' id='block_1_6' title="bbox 395 594 2000 666">
    <p class='ocr_par' dir='ltr' id='par_1_6' title="bbox 395 594 2000 666">
     <span class='ocr_line' id='line_1_6' title="bbox 395 594 2000 666; baseline 0.001 -17"><span class='ocrx_word' id='word_1_20' title='bbox 395 595 714 661; x_wconf 80' lang='grc' dir='ltr'><strong>δοξάζοντος</strong></span> <span class='ocrx_word' id='word_1_21' title='bbox 743 596 937 650; x_wconf 77' lang='grc' dir='ltr'>ἐαυτὸν</span> <span class='ocrx_word' id='word_1_22' title='bbox 968 597 1003 666; x_wconf 79' lang='grc' dir='ltr'><strong>ἡ</strong></span> <span class='ocrx_word' id='word_1_23' title='bbox 1028 595 1158 660; x_wconf 84' lang='grc' dir='ltr'>δόξα</span> <span class='ocrx_word' id='word_1_24' title='bbox 1196 595 1349 650; x_wconf 79' lang='grc' dir='ltr'>οὐδέν</span> <span class='ocrx_word' id='word_1_25' title='bbox 1375 596 1493 648; x_wconf 81' lang='grc' dir='ltr'>ἐστι</span> <span class='ocrx_word' id='word_1_26' title='bbox 1515 612 1528 624; x_wconf 86' lang='grc'><strong>·</strong></span> <span class='ocrx_word' id='word_1_27' title='bbox 1573 595 1666 648; x_wconf 75' lang='grc' dir='ltr'><strong>καὶ</strong></span> <span class='ocrx_word' id='word_1_28' title='bbox 1690 597 1718 647; x_wconf 91' lang='grc' dir='ltr'><strong>ὀ</strong></span> <span class='ocrx_word' id='word_1_29' title='bbox 1751 594 2000 666; x_wconf 82' lang='grc' dir='ltr'>βλασφη-</span> 
     </span>
    </p>
   </div>
   <div class='ocr_carea' id='block_1_7' title="bbox 399 684 1999 757">
    <p class='ocr_par' dir='ltr' id='par_1_7' title="bbox 399 684 1999 757">
     <span class='ocr_line' id='line_1_7' title="bbox 399 684 1999 757; baseline -0.001 -18"><span class='ocrx_word' id='word_1_30' title='bbox 399 686 520 757; x_wconf 86' lang='grc' dir='ltr'><strong>μῶν</strong></span> <span class='ocrx_word' id='word_1_31' title='bbox 547 685 604 738; x_wconf 85' lang='grc' dir='ltr'><strong>δέ</strong></span> <span class='ocrx_word' id='word_1_32' title='bbox 640 688 723 750; x_wconf 80' lang='grc' dir='ltr'><strong>εἰς</strong></span> <span class='ocrx_word' id='word_1_33' title='bbox 756 686 820 740; x_wconf 82' lang='grc' dir='ltr'><strong>τὸ</strong></span> <span class='ocrx_word' id='word_1_34' title='bbox 869 685 1098 757; x_wconf 78' lang='grc' dir='ltr'>Πνεῦμα</span> <span class='ocrx_word' id='word_1_35' title='bbox 1127 686 1189 739; x_wconf 82' lang='grc' dir='ltr'>τὸ</span> <span class='ocrx_word' id='word_1_36' title='bbox 1241 686 1421 756; x_wconf 84' lang='grc' dir='ltr'>ἆγιον,</span> <span class='ocrx_word' id='word_1_37' title='bbox 1466 685 1568 738; x_wconf 81' lang='grc' dir='ltr'><strong>οὐκ</strong></span> <span class='ocrx_word' id='word_1_38' title='bbox 1620 684 1735 756; x_wconf 78' lang='grc' dir='ltr'>ἔχει</span> <span class='ocrx_word' id='word_1_39' title='bbox 1782 686 1999 753; x_wconf 83' lang='grc' dir='ltr'>ἄφεσιν,</span> 
     </span>
    </p>
   </div>
   <div class='ocr_carea' id='block_1_8' title="bbox 396 777 2001 850">
    <p class='ocr_par' dir='ltr' id='par_1_8' title="bbox 396 777 2001 850">
     <span class='ocr_line' id='line_1_8' title="bbox 396 777 2001 850; baseline 0 -17"><span class='ocrx_word' id='word_1_40' title='bbox 396 778 523 833; x_wconf 77' lang='grc' dir='ltr'>οὒτε</span> <span class='ocrx_word' id='word_1_41' title='bbox 575 778 634 832; x_wconf 83' lang='grc' dir='ltr'><strong>ἐν</strong></span> <span class='ocrx_word' id='word_1_42' title='bbox 663 778 741 849; x_wconf 83' lang='grc' dir='ltr'>τῷ</span> <span class='ocrx_word' id='word_1_43' title='bbox 770 777 866 832; x_wconf 91' lang='grc' dir='ltr'><strong>νῦν</strong></span> <span class='ocrx_word' id='word_1_44' title='bbox 911 778 1091 842; x_wconf 76' lang='grc' dir='ltr'>αἰῶνι,</span> <span class='ocrx_word' id='word_1_45' title='bbox 1129 777 1253 832; x_wconf 79' lang='grc' dir='ltr'>οὔτε</span> <span class='ocrx_word' id='word_1_46' title='bbox 1301 781 1359 832; x_wconf 86' lang='grc' dir='ltr'><strong>ἐν</strong></span> <span class='ocrx_word' id='word_1_47' title='bbox 1408 778 1488 850; x_wconf 78' lang='grc' dir='ltr'>τῷ</span> <span class='ocrx_word' id='word_1_48' title='bbox 1524 779 1804 850; x_wconf 79' lang='grc' dir='ltr'>μέλλοντι·</span> <span class='ocrx_word' id='word_1_49' title='bbox 1840 780 1905 833; x_wconf 83' lang='grc' dir='ltr'><strong>σὺ</strong></span> <span class='ocrx_word' id='word_1_50' title='bbox 1942 779 2001 833; x_wconf 86' lang='grc' dir='ltr'><strong>δὲ</strong></span> 
     </span>
    </p>
   </div>
   <div class='ocr_carea' id='block_1_9' title="bbox 401 869 2002 942">
    <p class='ocr_par' dir='ltr' id='par_1_9' title="bbox 401 869 2002 942">
     <span class='ocr_line' id='line_1_9' title="bbox 401 869 2002 942; baseline 0.002 -19"><span class='ocrx_word' id='word_1_51' title='bbox 401 871 624 926; x_wconf 79' lang='grc' dir='ltr'>πάντων</span> <span class='ocrx_word' id='word_1_52' title='bbox 659 869 869 925; x_wconf 85' lang='grc' dir='ltr'>τούτων</span> <span class='ocrx_word' id='word_1_53' title='bbox 894 870 1199 936; x_wconf 81' lang='grc' dir='ltr'>ὑπεύθυνος</span> <span class='ocrx_word' id='word_1_54' title='bbox 1227 871 1496 942; x_wconf 82' lang='grc' dir='ltr'><strong>ὑπάρχεις</strong></span> <span class='ocrx_word' id='word_1_55' title='bbox 1522 889 1535 902; x_wconf 90' lang='grc'><strong>·</strong></span> <span class='ocrx_word' id='word_1_56' title='bbox 1576 873 1672 926; x_wconf 81' lang='grc' dir='ltr'><strong>καὶ</strong></span> <span class='ocrx_word' id='word_1_57' title='bbox 1708 872 1870 927; x_wconf 85' lang='grc' dir='ltr'>πάλιν</span> <span class='ocrx_word' id='word_1_58' title='bbox 1895 890 1968 942; x_wconf 80' lang='grc' dir='ltr'>φη</span> <span class='ocrx_word' id='word_1_59' title='bbox 1989 903 2002 912; x_wconf 89' lang='lat'><strong>-</strong></span> 
     </span>
    </p>
   </div>
   <div class='ocr_carea' id='block_1_10' title="bbox 2107 599 3702 672">
    <p class='ocr_par' dir='ltr' id='par_1_10' title="bbox 2107 599 3702 672">
     <span class='ocr_line' id='line_1_10' title="bbox 2107 599 3702 672; baseline 0.004 -19"><span class='ocrx_word' id='word_1_60' title='bbox 2107 599 2277 672; x_wconf 82' lang='lat' dir='ltr'><strong>gloria</strong></span> <span class='ocrx_word' id='word_1_61' title='bbox 2327 607 2469 655; x_wconf 90' lang='lat' dir='ltr'><strong>est:</strong></span> <span class='ocrx_word' id='word_1_62' title='bbox 2533 609 2591 655; x_wconf 86' lang='lat' dir='ltr'><strong>et</strong></span> <span class='ocrx_word' id='word_1_63' title='bbox 2640 599 2734 669; x_wconf 86' lang='lat' dir='ltr'><strong>qui</strong></span> <span class='ocrx_word' id='word_1_64' title='bbox 2791 600 3058 656; x_wconf 85' lang='lat' dir='ltr'><strong>adversus</strong></span> <span class='ocrx_word' id='word_1_65' title='bbox 3121 600 3385 671; x_wconf 75' lang='lat' dir='ltr'><strong>Spiritum</strong></span> <span class='ocrx_word' id='word_1_66' title='bbox 3451 611 3702 659; x_wconf 87' lang='lat' dir='ltr'><strong>sanctum</strong></span> 
     </span>
    </p>
   </div>
   <div class='ocr_carea' id='block_1_11' title="bbox 2107 689 3726 764">
    <p class='ocr_par' dir='ltr' id='par_1_11' title="bbox 2107 689 3726 764">
     <span class='ocr_line' id='line_1_11' title="bbox 2107 689 3726 764; baseline 0.004 -19"><span class='ocrx_word' id='word_1_67' title='bbox 2107 689 2476 760; x_wconf 88' lang='lat' dir='ltr'><strong>hlasphemat,</strong></span> <span class='ocrx_word' id='word_1_68' title='bbox 2522 690 2741 745; x_wconf 86' lang='lat' dir='ltr'><strong>veniam</strong></span> <span class='ocrx_word' id='word_1_69' title='bbox 2786 706 2896 745; x_wconf 91' lang='lat' dir='ltr'><strong>non</strong></span> <span class='ocrx_word' id='word_1_70' title='bbox 2951 691 3208 761; x_wconf 85' lang='lat' dir='ltr'><strong>impetrat</strong></span> <span class='ocrx_word' id='word_1_71' title='bbox 3271 708 3450 764; x_wconf 90' lang='lat' dir='ltr'><strong>neque</strong></span> <span class='ocrx_word' id='word_1_72' title='bbox 3499 695 3555 748; x_wconf 90' lang='lat' dir='ltr'><strong>in</strong></span> <span class='ocrx_word' id='word_1_73' title='bbox 3601 697 3726 759; x_wconf 71' lang='lat' dir='ltr'><strong>hoc,</strong></span> 
     </span>
    </p>
   </div>
   <div class='ocr_carea' id='block_1_12' title="bbox 2107 782 3705 857">
    <p class='ocr_par' dir='ltr' id='par_1_12' title="bbox 2107 782 3705 857">
     <span class='ocr_line' id='line_1_12' title="bbox 2107 782 3705 857; baseline 0.004 -19"><span class='ocrx_word' id='word_1_74' title='bbox 2107 782 2309 838; x_wconf 60' lang='lat' dir='ltr'><strong>saeculo</strong></span> <span class='ocrx_word' id='word_1_75' title='bbox 2343 797 2523 852; x_wconf 86' lang='lat' dir='ltr'><strong>neque</strong></span> <span class='ocrx_word' id='word_1_76' title='bbox 2550 783 2607 836; x_wconf 91' lang='lat' dir='ltr'><strong>in</strong></span> <span class='ocrx_word' id='word_1_77' title='bbox 2641 782 2847 838; x_wconf 85' lang='lat' dir='ltr'><strong>futuro.</strong></span> <span class='ocrx_word' id='word_1_78' title='bbox 2879 782 2960 838; x_wconf 88' lang='lat' dir='ltr'><strong>Tu</strong></span> <span class='ocrx_word' id='word_1_79' title='bbox 2999 784 3084 839; x_wconf 87' lang='lat' dir='ltr'><strong>his</strong></span> <span class='ocrx_word' id='word_1_80' title='bbox 3117 785 3376 840; x_wconf 90' lang='lat' dir='ltr'><strong>omnibus</strong></span> <span class='ocrx_word' id='word_1_81' title='bbox 3408 787 3581 857; x_wconf 90' lang='lat' dir='ltr'><strong>culpis</strong></span> <span class='ocrx_word' id='word_1_82' title='bbox 3601 789 3705 844; x_wconf 85' lang='lat' dir='ltr'><strong>oh-</strong></span> 
     </span>
    </p>
   </div>
   <div class='ocr_carea' id='block_1_13' title="bbox 2107 875 3709 948">
    <p class='ocr_par' dir='ltr' id='par_1_13' title="bbox 2107 875 3709 948">
     <span class='ocr_line' id='line_1_13' title="bbox 2107 875 3709 948; baseline 0.003 -18"><span class='ocrx_word' id='word_1_83' title='bbox 2107 878 2306 932; x_wconf 83' lang='lat' dir='ltr'><strong>noxius</strong></span> <span class='ocrx_word' id='word_1_84' title='bbox 2335 891 2415 931; x_wconf 89' lang='lat' dir='ltr'><strong>es.</strong></span> <span class='ocrx_word' id='word_1_85' title='bbox 2452 876 2666 932; x_wconf 82' lang='lat' dir='ltr'><strong>Rursus</strong></span> <span class='ocrx_word' id='word_1_86' title='bbox 2696 877 2775 932; x_wconf 90' lang='lat' dir='ltr'><strong>ait</strong></span> <span class='ocrx_word' id='word_1_87' title='bbox 2808 875 3071 948; x_wconf 82' lang='lat' dir='ltr'><strong>Sergius:</strong></span> <span class='ocrx_word' id='word_1_88' title='bbox 3104 876 3293 933; x_wconf 79' lang='lat' dir='ltr'><strong>Adhuc</strong></span> <span class='ocrx_word' id='word_1_89' title='bbox 3319 880 3430 943; x_wconf 90' lang='lat' dir='ltr'><strong>aio,</strong></span> <span class='ocrx_word' id='word_1_90' title='bbox 3466 878 3709 935; x_wconf 84' lang='lat' dir='ltr'><strong>Corinthi</strong></span> 
     </span>
    </p>
   </div>
   <div class='ocr_carea' id='block_1_14' title="bbox 401 964 2019 1039">
    <p class='ocr_par' dir='ltr' id='par_1_14' title="bbox 401 964 2003 1036">
     <span class='ocr_line' id='line_1_14' title="bbox 401 964 2003 1036; baseline 0.001 -18"><span class='ocrx_word' id='word_1_91' title='bbox 401 965 488 1018; x_wconf 86' lang='grc' dir='ltr'><strong>σίν</strong></span> <span class='ocrx_word' id='word_1_92' title='bbox 510 982 525 997; x_wconf 71' lang='grc'><strong>⁸</strong></span> <span class='ocrx_word' id='word_1_93' title='bbox 560 967 692 1020; x_wconf 85' lang='grc' dir='ltr'><strong>Ἔτι</strong></span> <span class='ocrx_word' id='word_1_94' title='bbox 733 964 803 1018; x_wconf 87' lang='grc' dir='ltr'>δὲ</span> <span class='ocrx_word' id='word_1_95' title='bbox 840 964 1020 1036; x_wconf 77' lang='grc' dir='ltr'>λέγω,</span> <span class='ocrx_word' id='word_1_96' title='bbox 1053 965 1170 1033; x_wconf 84' lang='grc' dir='ltr'><strong>τὴν</strong></span> <span class='ocrx_word' id='word_1_97' title='bbox 1201 965 1271 1020; x_wconf 87' lang='grc' dir='ltr'>ἑν</span> <span class='ocrx_word' id='word_1_98' title='bbox 1310 966 1577 1034; x_wconf 81' lang='grc' dir='ltr'><strong>Κορίνθῳ</strong></span> <span class='ocrx_word' id='word_1_99' title='bbox 1632 966 2003 1035; x_wconf 72' lang='grc' dir='ltr'><strong>Ἐκκλησίαν</strong></span> 
     </span>
    </p>
   </div>
   <div class='ocr_carea' id='block_1_15' title="bbox 2123 964 3709 1039">
    <p class='ocr_par' dir='ltr' id='par_1_15' title="bbox 2123 968 3709 1039">
     <span class='ocr_line' id='line_1_15' title="bbox 2123 968 3709 1039; baseline 0.004 -17"><span class='ocrx_word' id='word_1_100' title='bbox 2123 968 2403 1024; x_wconf 79' lang='lat' dir='ltr'><strong>Ecclesium</strong></span> <span class='ocrx_word' id='word_1_101' title='bbox 2457 969 2662 1024; x_wconf 91' lang='lat' dir='ltr'><strong>Paulus</strong></span> <span class='ocrx_word' id='word_1_102' title='bbox 2693 970 2999 1039; x_wconf 79' lang='lat' dir='ltr'><strong>wdiﬁcavit,</strong></span> <span class='ocrx_word' id='word_1_103' title='bbox 3021 969 3349 1027; x_wconf 77' lang='lat' dir='ltr'><strong>Macedonia:</strong></span> <span class='ocrx_word' id='word_1_104' title='bbox 3369 970 3622 1028; x_wconf 78' lang='lat' dir='ltr'><strong>Silvanus</strong></span> <span class='ocrx_word' id='word_1_105' title='bbox 3643 991 3709 1028; x_wconf 87' lang='lat' dir='ltr'><strong>ac</strong></span> 
     </span>
    </p>
   </div>
   <div class='ocr_carea' id='block_1_16' title="bbox 398 1057 2003 1128">
    <p class='ocr_par' dir='ltr' id='par_1_16' title="bbox 398 1057 2003 1128">
     <span class='ocr_line' id='line_1_16' title="bbox 398 1057 2003 1128; baseline 0 -16"><span class='ocrx_word' id='word_1_106' title='bbox 398 1057 759 1128; x_wconf 75' lang='grc' dir='ltr'><strong>ᾠκοδόμησε</strong></span> <span class='ocrx_word' id='word_1_107' title='bbox 812 1059 1095 1126; x_wconf 76' lang='grc' dir='ltr'>Παῦλοςο</span> <span class='ocrx_word' id='word_1_108' title='bbox 1155 1058 1274 1126; x_wconf 83' lang='grc' dir='ltr'>τὴν</span> <span class='ocrx_word' id='word_1_109' title='bbox 1321 1058 1392 1112; x_wconf 82' lang='grc' dir='ltr'>δὲ</span> <span class='ocrx_word' id='word_1_110' title='bbox 1437 1058 1853 1124; x_wconf 74' lang='grc' dir='ltr'><strong>Μακεδονίαν,</strong></span> <span class='ocrx_word' id='word_1_111' title='bbox 1905 1062 2003 1113; x_wconf 86' lang='grc' dir='ltr'><strong>Σι-</strong></span> 
     </span>
    </p>
   </div>
   <div class='ocr_carea' id='block_1_17' title="bbox 399 1150 2007 1222">
    <p class='ocr_par' dir='ltr' id='par_1_17' title="bbox 399 1150 2007 1222">
     <span class='ocr_line' id='line_1_17' title="bbox 399 1150 2007 1222; baseline -0.001 -16"><span class='ocrx_word' id='word_1_112' title='bbox 399 1151 669 1217; x_wconf 81' lang='grc' dir='ltr'>λουανός</span> <span class='ocrx_word' id='word_1_113' title='bbox 701 1151 799 1205; x_wconf 73' lang='grc' dir='ltr'>καὶ</span> <span class='ocrx_word' id='word_1_114' title='bbox 837 1151 1006 1218; x_wconf 81' lang='grc' dir='ltr'>Τῖτος</span> <span class='ocrx_word' id='word_1_115' title='bbox 1029 1167 1042 1182; x_wconf 74' lang='grc'><em>³</em></span> <span class='ocrx_word' id='word_1_116' title='bbox 1071 1150 1223 1222; x_wconf 70' lang='grc' dir='ltr'>λέγει</span> <span class='ocrx_word' id='word_1_117' title='bbox 1252 1151 1311 1205; x_wconf 87' lang='grc' dir='ltr'><strong>δέ</strong></span> <span class='ocrx_word' id='word_1_118' title='bbox 1359 1151 1726 1217; x_wconf 68' lang='grc' dir='ltr'><strong>Μακεδονίαν,</strong></span> <span class='ocrx_word' id='word_1_119' title='bbox 1774 1152 1834 1205; x_wconf 74' lang='grc' dir='ltr'>τὸ</span> <span class='ocrx_word' id='word_1_120' title='bbox 1881 1168 2007 1204; x_wconf 84' lang='grc' dir='ltr'>συν-</span> 
     </span>
    </p>
   </div>
   <div class='ocr_carea' id='block_1_18' title="bbox 2103 1060 3702 1138">
    <p class='ocr_par' dir='ltr' id='par_1_18' title="bbox 2103 1060 3702 1138">
     <span class='ocr_line' id='line_1_18' title="bbox 2103 1060 3702 1138; baseline 0.004 -24"><span class='ocrx_word' id='word_1_121' title='bbox 2103 1060 2272 1117; x_wconf 83' lang='lat' dir='ltr'><strong>Titus.</strong></span> <span class='ocrx_word' id='word_1_122' title='bbox 2291 1061 2430 1117; x_wconf 84' lang='lat' dir='ltr'><strong>Dicit</strong></span> <span class='ocrx_word' id='word_1_123' title='bbox 2446 1078 2612 1134; x_wconf 90' lang='lat' dir='ltr'><strong>porro</strong></span> <span class='ocrx_word' id='word_1_124' title='bbox 2630 1061 3002 1118; x_wconf 79' lang='lat' dir='ltr'><strong>Macedoniam</strong></span> <span class='ocrx_word' id='word_1_125' title='bbox 3021 1065 3336 1135; x_wconf 85' lang='lat' dir='ltr'><strong>synedrium</strong></span> <span class='ocrx_word' id='word_1_126' title='bbox 3362 1064 3418 1120; x_wconf 89' lang='lat' dir='ltr'><strong>in</strong></span> <span class='ocrx_word' id='word_1_127' title='bbox 3441 1066 3576 1121; x_wconf 87' lang='lat' dir='ltr'><strong>urbe</strong></span> <span class='ocrx_word' id='word_1_128' title='bbox 3592 1065 3702 1138; x_wconf 65' lang='lat'><strong>43</strong></span> 
     </span>
    </p>
   </div>
   <div class='ocr_carea' id='block_1_19' title="bbox 2099 1152 3710 1222">
    <p class='ocr_par' dir='ltr' id='par_1_19' title="bbox 2099 1152 3710 1222">
     <span class='ocr_line' id='line_1_19' title="bbox 2099 1152 3710 1222; baseline 0.002 -12"><span class='ocrx_word' id='word_1_129' title='bbox 2099 1152 2361 1221; x_wconf 88' lang='lat' dir='ltr'><strong>Cihossa;</strong></span> <span class='ocrx_word' id='word_1_130' title='bbox 2397 1153 2825 1211; x_wconf 87' lang='lat' dir='ltr'><strong>Constantinum</strong></span> <span class='ocrx_word' id='word_1_131' title='bbox 2855 1171 2987 1211; x_wconf 89' lang='lat' dir='ltr'><strong>vero</strong></span> <span class='ocrx_word' id='word_1_132' title='bbox 3019 1166 3076 1211; x_wconf 90' lang='lat' dir='ltr'><strong>et</strong></span> <span class='ocrx_word' id='word_1_133' title='bbox 3110 1155 3448 1222; x_wconf 86' lang='lat' dir='ltr'><strong>Simeonem,</strong></span> <span class='ocrx_word' id='word_1_134' title='bbox 3495 1157 3710 1214; x_wconf 84' lang='lat' dir='ltr'><strong>Silvani</strong></span> 
     </span>
    </p>
   </div>
   <div class='ocr_carea' id='block_1_20' title="bbox 401 1243 2019 1318">
    <p class='ocr_par' dir='ltr' id='par_1_20' title="bbox 401 1243 2007 1314">
     <span class='ocr_line' id='line_1_20' title="bbox 401 1243 2007 1314; baseline 0.002 -18"><span class='ocrx_word' id='word_1_135' title='bbox 401 1243 580 1314; x_wconf 81' lang='grc' dir='ltr'>έδριον</span> <span class='ocrx_word' id='word_1_136' title='bbox 615 1244 678 1296; x_wconf 89' lang='grc' dir='ltr'><strong>τὸ</strong></span> <span class='ocrx_word' id='word_1_137' title='bbox 731 1245 810 1307; x_wconf 81' lang='grc' dir='ltr'><strong>είς</strong></span> <span class='ocrx_word' id='word_1_138' title='bbox 842 1243 1122 1298; x_wconf 81' lang='grc' dir='ltr'>Κίϐοσσαν</span> <span class='ocrx_word' id='word_1_139' title='bbox 1152 1262 1164 1275; x_wconf 93' lang='grc'><strong>·</strong></span> <span class='ocrx_word' id='word_1_140' title='bbox 1223 1247 1318 1298; x_wconf 76' lang='grc' dir='ltr'><strong>καὶ</strong></span> <span class='ocrx_word' id='word_1_141' title='bbox 1359 1247 1771 1300; x_wconf 87' lang='grc' dir='ltr'>Κωνσταντῖνον</span> <span class='ocrx_word' id='word_1_142' title='bbox 1803 1246 1860 1299; x_wconf 82' lang='grc' dir='ltr'>δὲ</span> <span class='ocrx_word' id='word_1_143' title='bbox 1911 1246 2007 1299; x_wconf 68' lang='grc' dir='ltr'><strong>καὶ</strong></span> 
     </span>
    </p>
   </div>
   <div class='ocr_carea' id='block_1_21' title="bbox 2123 1243 3708 1318">
    <p class='ocr_par' dir='ltr' id='par_1_21' title="bbox 2123 1247 3708 1318">
     <span class='ocr_line' id='line_1_21' title="bbox 2123 1247 3708 1318; baseline 0.003 -16"><span class='ocrx_word' id='word_1_144' title='bbox 2123 1247 2322 1318; x_wconf 87' lang='lat' dir='ltr'><strong>[‘itique</strong></span> <span class='ocrx_word' id='word_1_145' title='bbox 2348 1249 2666 1305; x_wconf 82' lang='lat' dir='ltr'><strong>nominibus</strong></span> <span class='ocrx_word' id='word_1_146' title='bbox 2697 1249 2942 1304; x_wconf 80' lang='lat' dir='ltr'><strong>denotat.</strong></span> <span class='ocrx_word' id='word_1_147' title='bbox 2971 1249 3231 1305; x_wconf 83' lang='lat' dir='ltr'><strong>Achaiam</strong></span> <span class='ocrx_word' id='word_1_148' title='bbox 3261 1252 3489 1306; x_wconf 73' lang='lat' dir='ltr'><strong>erudivit</strong></span> <span class='ocrx_word' id='word_1_149' title='bbox 3529 1251 3708 1307; x_wconf 88' lang='lat' dir='ltr'><strong>Timo-</strong></span> 
     </span>
    </p>
   </div>
   <div class='ocr_carea' id='block_1_22' title="bbox 401 1337 2006 1408">
    <p class='ocr_par' dir='ltr' id='par_1_22' title="bbox 401 1337 2006 1408">
     <span class='ocr_line' id='line_1_22' title="bbox 401 1337 2006 1408; baseline 0.003 -19"><span class='ocrx_word' id='word_1_150' title='bbox 401 1337 678 1407; x_wconf 88' lang='grc' dir='ltr'>Σιμεῶνα,</span> <span class='ocrx_word' id='word_1_151' title='bbox 697 1337 985 1392; x_wconf 73' lang='grc' dir='ltr'>Σιλουανόν</span> <span class='ocrx_word' id='word_1_152' title='bbox 1005 1337 1098 1391; x_wconf 66' lang='grc' dir='ltr'>καὶ</span> <span class='ocrx_word' id='word_1_153' title='bbox 1123 1338 1281 1392; x_wconf 84' lang='grc' dir='ltr'>Τῖτον</span> <span class='ocrx_word' id='word_1_154' title='bbox 1310 1338 1608 1392; x_wconf 76' lang='grc' dir='ltr'>ἀποκαλεῖ·</span> <span class='ocrx_word' id='word_1_155' title='bbox 1632 1341 1740 1394; x_wconf 80' lang='grc' dir='ltr'><strong>Καὶ</strong></span> <span class='ocrx_word' id='word_1_156' title='bbox 1767 1340 2006 1408; x_wconf 73' lang='grc' dir='ltr'>Ἀχαΐαν</span> 
     </span>
    </p>
   </div>
   <div class='ocr_carea' id='block_1_23' title="bbox 399 1431 2002 1503">
    <p class='ocr_par' dir='ltr' id='par_1_23' title="bbox 399 1431 2002 1503">
     <span class='ocr_line' id='line_1_23' title="bbox 399 1431 2002 1503; baseline 0 -16"><span class='ocrx_word' id='word_1_157' title='bbox 399 1432 776 1500; x_wconf 83' lang='grc' dir='ltr'>ἀνιστόρησε</span> <span class='ocrx_word' id='word_1_158' title='bbox 803 1432 832 1472; x_wconf 73' lang='lat' dir='ltr'><strong>b</strong></span> <span class='ocrx_word' id='word_1_159' title='bbox 866 1433 1174 1502; x_wconf 83' lang='grc' dir='ltr'>Τιμόθεος’</span> <span class='ocrx_word' id='word_1_160' title='bbox 1211 1431 1360 1502; x_wconf 85' lang='grc' dir='ltr'>λέγει</span> <span class='ocrx_word' id='word_1_161' title='bbox 1403 1432 1460 1485; x_wconf 83' lang='grc' dir='ltr'>δὲ</span> <span class='ocrx_word' id='word_1_162' title='bbox 1496 1433 1597 1503; x_wconf 78' lang='grc' dir='ltr'>τὴν</span> <span class='ocrx_word' id='word_1_163' title='bbox 1645 1434 1965 1487; x_wconf 86' lang='grc' dir='ltr'>Μανάναλιν</span> <span class='ocrx_word' id='word_1_164' title='bbox 1989 1450 2002 1464; x_wconf 90' lang='grc'><strong>·</strong></span> 
     </span>
    </p>
   </div>
   <div class='ocr_carea' id='block_1_24' title="bbox 403 1523 2008 1597">
    <p class='ocr_par' dir='ltr' id='par_1_24' title="bbox 403 1523 2008 1597">
     <span class='ocr_line' id='line_1_24' title="bbox 403 1523 2008 1597; baseline 0.001 -18"><span class='ocrx_word' id='word_1_165' title='bbox 403 1525 499 1579; x_wconf 67' lang='grc' dir='ltr'><strong>καὶ</strong></span> <span class='ocrx_word' id='word_1_166' title='bbox 540 1523 634 1592; x_wconf 76' lang='grc' dir='ltr'><strong>τὸν</strong></span> <span class='ocrx_word' id='word_1_167' title='bbox 689 1524 1004 1593; x_wconf 85' lang='grc' dir='ltr'>Γεγνέσιον,</span> <span class='ocrx_word' id='word_1_168' title='bbox 1056 1525 1323 1597; x_wconf 88' lang='grc' dir='ltr'>Τιμόθεον</span> <span class='ocrx_word' id='word_1_169' title='bbox 1375 1525 1660 1596; x_wconf 77' lang='grc' dir='ltr'><strong>ὀνομάζει,</strong></span> <span class='ocrx_word' id='word_1_170' title='bbox 1704 1527 1795 1581; x_wconf 80' lang='grc' dir='ltr'><strong>τὸν</strong></span> <span class='ocrx_word' id='word_1_171' title='bbox 1837 1526 2008 1590; x_wconf 83' lang='grc' dir='ltr'>ὄντως</span> 
     </span>
    </p>
   </div>
   <div class='ocr_carea' id='block_1_25' title="bbox 401 1617 2011 1689">
    <p class='ocr_par' dir='ltr' id='par_1_25' title="bbox 401 1617 2011 1689">
     <span class='ocr_line' id='line_1_25' title="bbox 401 1617 2011 1689; baseline 0.001 -17"><span class='ocrx_word' id='word_1_172' title='bbox 401 1618 702 1689; x_wconf 84' lang='grc' dir='ltr'>Θυμόθεον.</span> <span class='ocrx_word' id='word_1_173' title='bbox 731 1617 853 1687; x_wconf 75' lang='grc' dir='ltr'><strong>Τὴν</strong></span> <span class='ocrx_word' id='word_1_174' title='bbox 872 1617 994 1672; x_wconf 87' lang='grc' dir='ltr'><strong>τῶν</strong></span> <span class='ocrx_word' id='word_1_175' title='bbox 1014 1619 1440 1688; x_wconf 76' lang='grc' dir='ltr'>Φιλιππησίων</span> <span class='ocrx_word' id='word_1_176' title='bbox 1463 1619 1807 1688; x_wconf 70' lang='grc' dir='ltr'><strong>ἐκκλησίαν</strong></span> <span class='ocrx_word' id='word_1_177' title='bbox 1857 1621 2011 1675; x_wconf 75' lang='grc' dir='ltr'>ἐλει-</span> 
     </span>
    </p>
   </div>
   <div class='ocr_carea' id='block_1_26' title="bbox 407 1712 2012 1785">
    <p class='ocr_par' dir='ltr' id='par_1_26' title="bbox 407 1712 2012 1785">
     <span class='ocr_line' id='line_1_26' title="bbox 407 1712 2012 1785; baseline 0 -19"><span class='ocrx_word' id='word_1_178' title='bbox 407 1713 750 1782; x_wconf 73' lang='grc' dir='ltr'>τούργησεν</span> <span class='ocrx_word' id='word_1_179' title='bbox 780 1712 1214 1782; x_wconf 67' lang='grc' dir='ltr'><strong>Ἐπαφρόδιτος</strong></span> <span class='ocrx_word' id='word_1_180' title='bbox 1237 1731 1250 1743; x_wconf 93' lang='grc'><strong>·</strong></span> <span class='ocrx_word' id='word_1_181' title='bbox 1294 1713 1444 1782; x_wconf 80' lang='grc' dir='ltr'>λέγει</span> <span class='ocrx_word' id='word_1_182' title='bbox 1469 1714 1526 1767; x_wconf 82' lang='grc' dir='ltr'><strong>δὲ</strong></span> <span class='ocrx_word' id='word_1_183' title='bbox 1548 1712 1638 1766; x_wconf 76' lang='grc' dir='ltr'>τὸν</span> <span class='ocrx_word' id='word_1_184' title='bbox 1661 1716 1724 1767; x_wconf 87' lang='grc' dir='ltr'><strong>ἐκ</strong></span> <span class='ocrx_word' id='word_1_185' title='bbox 1757 1713 2012 1785; x_wconf 78' lang='grc' dir='ltr'>πορνείας</span> 
     </span>
    </p>
   </div>
   <div class='ocr_carea' id='block_1_27' title="bbox 418 1803 2004 1877">
    <p class='ocr_par' dir='ltr' id='par_1_27' title="bbox 418 1803 2004 1877">
     <span class='ocr_line' id='line_1_27' title="bbox 418 1803 2004 1877; baseline 0.001 -21"><span class='ocrx_word' id='word_1_186' title='bbox 418 1804 620 1876; x_wconf 78' lang='grc' dir='ltr'>Ἰωσὴφ</span> <span class='ocrx_word' id='word_1_187' title='bbox 651 1803 744 1857; x_wconf 81' lang='grc' dir='ltr'><strong>τὸν</strong></span> <span class='ocrx_word' id='word_1_188' title='bbox 776 1803 1024 1869; x_wconf 79' lang='grc' dir='ltr'>αἰπόλον,</span> <span class='ocrx_word' id='word_1_189' title='bbox 1056 1804 1149 1857; x_wconf 77' lang='grc' dir='ltr'><strong>τὸν</strong></span> <span class='ocrx_word' id='word_1_190' title='bbox 1192 1805 1361 1870; x_wconf 80' lang='grc' dir='ltr'>ὅντως</span> <span class='ocrx_word' id='word_1_191' title='bbox 1405 1806 1740 1877; x_wconf 69' lang='grc' dir='ltr'>ἀφρόνητονσ</span> <span class='ocrx_word' id='word_1_192' title='bbox 1784 1807 1878 1860; x_wconf 74' lang='grc' dir='ltr'>καὶ</span> <span class='ocrx_word' id='word_1_193' title='bbox 1908 1808 2004 1859; x_wconf 83' lang='grc' dir='ltr'><strong>Φι-</strong></span> 
     </span>
    </p>
   </div>
   <div class='ocr_carea' id='block_1_28' title="bbox 2110 1343 3709 1418">
    <p class='ocr_par' dir='ltr' id='par_1_28' title="bbox 2110 1343 3709 1418">
     <span class='ocr_line' id='line_1_28' title="bbox 2110 1343 3709 1418; baseline 0.003 -21"><span class='ocrx_word' id='word_1_194' title='bbox 2110 1344 2280 1397; x_wconf 80' lang='lat' dir='ltr'><strong>(heus.</strong></span> <span class='ocrx_word' id='word_1_195' title='bbox 2314 1343 2455 1399; x_wconf 84' lang='lat' dir='ltr'><strong>Dicit</strong></span> <span class='ocrx_word' id='word_1_196' title='bbox 2485 1359 2615 1399; x_wconf 88' lang='lat' dir='ltr'><strong>vero</strong></span> <span class='ocrx_word' id='word_1_197' title='bbox 2647 1344 2908 1400; x_wconf 84' lang='lat' dir='ltr'><strong>Achaiam</strong></span> <span class='ocrx_word' id='word_1_198' title='bbox 2940 1359 3040 1415; x_wconf 90' lang='lat' dir='ltr'><strong>pro</strong></span> <span class='ocrx_word' id='word_1_199' title='bbox 3070 1345 3381 1414; x_wconf 84' lang='lat' dir='ltr'><strong>Mananali;</strong></span> <span class='ocrx_word' id='word_1_200' title='bbox 3413 1355 3466 1402; x_wconf 91' lang='lat' dir='ltr'><strong>et</strong></span> <span class='ocrx_word' id='word_1_201' title='bbox 3500 1345 3709 1418; x_wconf 81' lang='lat' dir='ltr'><strong>Gegne—</strong></span> 
     </span>
    </p>
   </div>
   <div class='ocr_carea' id='block_1_29' title="bbox 2111 1433 3709 1509">
    <p class='ocr_par' dir='ltr' id='par_1_29' title="bbox 2111 1433 3709 1509">
     <span class='ocr_line' id='line_1_29' title="bbox 2111 1433 3709 1509; baseline 0.002 -20"><span class='ocrx_word' id='word_1_202' title='bbox 2111 1435 2255 1490; x_wconf 87' lang='lat' dir='ltr'><strong>sium</strong></span> <span class='ocrx_word' id='word_1_203' title='bbox 2289 1435 2527 1505; x_wconf 85' lang='lat' dir='ltr'><strong>appellat</strong></span> <span class='ocrx_word' id='word_1_204' title='bbox 2551 1433 2925 1500; x_wconf 85' lang='lat' dir='ltr'><strong>Timotheum,</strong></span> <span class='ocrx_word' id='word_1_205' title='bbox 2961 1452 3089 1490; x_wconf 85' lang='lat' dir='ltr'><strong>vere</strong></span> <span class='ocrx_word' id='word_1_206' title='bbox 3117 1437 3548 1509; x_wconf 87' lang='lat' dir='ltr'><strong>Thymothcum.</strong></span> <span class='ocrx_word' id='word_1_207' title='bbox 3574 1437 3709 1492; x_wconf 88' lang='lat' dir='ltr'><strong>Phi-</strong></span> 
     </span>
    </p>
   </div>
   <div class='ocr_carea' id='block_1_30' title="bbox 2109 1526 3714 1600">
    <p class='ocr_par' dir='ltr' id='par_1_30' title="bbox 2109 1526 3714 1600">
     <span class='ocr_line' id='line_1_30' title="bbox 2109 1526 3714 1600; baseline 0.002 -20"><span class='ocrx_word' id='word_1_208' title='bbox 2109 1527 2428 1599; x_wconf 84' lang='lat' dir='ltr'><strong>lippensium</strong></span> <span class='ocrx_word' id='word_1_209' title='bbox 2459 1526 2709 1582; x_wconf 78' lang='lat' dir='ltr'><strong>Ecclesia:</strong></span> <span class='ocrx_word' id='word_1_210' title='bbox 2737 1528 3059 1582; x_wconf 86' lang='lat' dir='ltr'><strong>ministravit</strong></span> <span class='ocrx_word' id='word_1_211' title='bbox 3099 1529 3524 1600; x_wconf 86' lang='lat' dir='ltr'><strong>Epaphroditus.</strong></span> <span class='ocrx_word' id='word_1_212' title='bbox 3568 1529 3714 1584; x_wconf 82' lang='lat' dir='ltr'><strong>Dicit</strong></span> 
     </span>
    </p>
   </div>
   <div class='ocr_carea' id='block_1_31' title="bbox 2115 1620 3710 1692">
    <p class='ocr_par' dir='ltr' id='par_1_31' title="bbox 2115 1620 3710 1692">
     <span class='ocr_line' id='line_1_31' title="bbox 2115 1620 3710 1692; baseline 0.002 -16"><span class='ocrx_word' id='word_1_213' title='bbox 2115 1620 2368 1676; x_wconf 82' lang='lat' dir='ltr'><strong>videlicet</strong></span> <span class='ocrx_word' id='word_1_214' title='bbox 2407 1621 2656 1690; x_wconf 84' lang='lat' dir='ltr'><strong>Spurium</strong></span> <span class='ocrx_word' id='word_1_215' title='bbox 2689 1620 2990 1692; x_wconf 84' lang='lat' dir='ltr'><strong>Josephum</strong></span> <span class='ocrx_word' id='word_1_216' title='bbox 3025 1623 3336 1692; x_wconf 86' lang='lat' dir='ltr'><strong>caprarium</strong></span> <span class='ocrx_word' id='word_1_217' title='bbox 3376 1623 3552 1691; x_wconf 88' lang='lat' dir='ltr'><strong>illum,</strong></span> <span class='ocrx_word' id='word_1_218' title='bbox 3581 1639 3710 1679; x_wconf 89' lang='lat' dir='ltr'><strong>vere</strong></span> 
     </span>
    </p>
   </div>
   <div class='ocr_carea' id='block_1_32' title="bbox 2112 1709 3709 1782">
    <p class='ocr_par' dir='ltr' id='par_1_32' title="bbox 2112 1709 3709 1782">
     <span class='ocr_line' id='line_1_32' title="bbox 2112 1709 3709 1782; baseline 0.001 -17"><span class='ocrx_word' id='word_1_219' title='bbox 2112 1709 2519 1782; x_wconf 82' lang='lat' dir='ltr'><strong>Aphronitum;</strong></span> <span class='ocrx_word' id='word_1_220' title='bbox 2551 1709 2937 1780; x_wconf 88' lang='lat' dir='ltr'><strong>Philippenses</strong></span> <span class='ocrx_word' id='word_1_221' title='bbox 2959 1711 3202 1782; x_wconf 89' lang='lat' dir='ltr'><strong>appellat</strong></span> <span class='ocrx_word' id='word_1_222' title='bbox 3233 1711 3536 1782; x_wconf 78' lang='lat' dir='ltr'><strong>discipulos</strong></span> <span class='ocrx_word' id='word_1_223' title='bbox 3566 1713 3709 1782; x_wconf 87' lang='lat' dir='ltr'><strong>ejus.</strong></span> 
     </span>
    </p>
   </div>
   <div class='ocr_carea' id='block_1_33' title="bbox 2115 1799 3712 1871">
    <p class='ocr_par' dir='ltr' id='par_1_33' title="bbox 2115 1799 3712 1871">
     <span class='ocr_line' id='line_1_33' title="bbox 2115 1799 3712 1871; baseline 0.001 -14"><span class='ocrx_word' id='word_1_224' title='bbox 2115 1802 2542 1865; x_wconf 86' lang='lat' dir='ltr'><strong>Laodicensium,</strong></span> <span class='ocrx_word' id='word_1_225' title='bbox 2601 1799 2976 1871; x_wconf 78' lang='lat' dir='ltr'><strong>Ephesiorum,</strong></span> <span class='ocrx_word' id='word_1_226' title='bbox 3020 1818 3112 1856; x_wconf 85' lang='lat' dir='ltr'><strong>nec</strong></span> <span class='ocrx_word' id='word_1_227' title='bbox 3156 1819 3258 1857; x_wconf 88' lang='lat' dir='ltr'><strong>non</strong></span> <span class='ocrx_word' id='word_1_228' title='bbox 3315 1801 3712 1858; x_wconf 86' lang='lat' dir='ltr'><strong>Colossensium</strong></span> 
     </span>
    </p>
   </div>
   <div class='ocr_carea' id='block_1_34' title="bbox 405 1879 2019 1968">
    <p class='ocr_par' dir='ltr' id='par_1_34' title="bbox 405 1894 2002 1968">
     <span class='ocr_line' id='line_1_34' title="bbox 405 1894 2002 1968; baseline 0.003 -20"><span class='ocrx_word' id='word_1_229' title='bbox 405 1895 742 1966; x_wconf 79' lang='grc' dir='ltr'>λιππησίους</span> <span class='ocrx_word' id='word_1_230' title='bbox 773 1894 1030 1968; x_wconf 79' lang='grc' dir='ltr'>ὀνομάζει</span> <span class='ocrx_word' id='word_1_231' title='bbox 1063 1898 1189 1962; x_wconf 85' lang='grc' dir='ltr'>τοὺς</span> <span class='ocrx_word' id='word_1_232' title='bbox 1221 1896 1471 1967; x_wconf 75' lang='grc' dir='ltr'>μαθητὰς</span> <span class='ocrx_word' id='word_1_233' title='bbox 1499 1898 1689 1952; x_wconf 80' lang='grc' dir='ltr'>αὐτοῦ.</span> <span class='ocrx_word' id='word_1_234' title='bbox 1715 1899 1836 1966; x_wconf 74' lang='grc' dir='ltr'><strong>Τὴν</strong></span> <span class='ocrx_word' id='word_1_235' title='bbox 1852 1903 2002 1954; x_wconf 84' lang='grc' dir='ltr'>Λαο-</span> 
     </span>
    </p>
   </div>
   <div class='ocr_carea' id='block_1_35' title="bbox 2123 1879 3714 1968">
    <p class='ocr_par' dir='ltr' id='par_1_35' title="bbox 2123 1894 3714 1966">
     <span class='ocr_line' id='line_1_35' title="bbox 2123 1894 3714 1966; baseline 0.003 -18"><span class='ocrx_word' id='word_1_236' title='bbox 2123 1894 2383 1949; x_wconf 83' lang='lat' dir='ltr'><strong>Ecclesias</strong></span> <span class='ocrx_word' id='word_1_237' title='bbox 2410 1894 2618 1948; x_wconf 80' lang='lat' dir='ltr'><strong>edocuit</strong></span> <span class='ocrx_word' id='word_1_238' title='bbox 2650 1895 2924 1966; x_wconf 88' lang='lat' dir='ltr'><strong>Tychicus.</strong></span> <span class='ocrx_word' id='word_1_239' title='bbox 2965 1895 3175 1966; x_wconf 86' lang='lat' dir='ltr'><strong>Nempe</strong></span> <span class='ocrx_word' id='word_1_240' title='bbox 3204 1895 3564 1953; x_wconf 86' lang='lat' dir='ltr'><strong>Colossenses</strong></span> <span class='ocrx_word' id='word_1_241' title='bbox 3581 1897 3714 1952; x_wconf 84' lang='lat' dir='ltr'><strong>dicit</strong></span> 
     </span>
    </p>
   </div>
   <div class='ocr_carea' id='block_1_36' title="bbox 404 1986 2019 2061">
    <p class='ocr_par' dir='ltr' id='par_1_36' title="bbox 404 1989 2014 2061">
     <span class='ocr_line' id='line_1_36' title="bbox 404 1989 2014 2061; baseline 0.002 -19"><span class='ocrx_word' id='word_1_242' title='bbox 404 1989 623 2044; x_wconf 80' lang='grc' dir='ltr'><strong>δικέων</strong></span> <span class='ocrx_word' id='word_1_243' title='bbox 654 1990 754 2044; x_wconf 81' lang='grc' dir='ltr'>καὶ</span> <span class='ocrx_word' id='word_1_244' title='bbox 792 1991 1090 2059; x_wconf 65' lang='grc' dir='ltr'><em>Ἐφεσίων</em></span> <span class='ocrx_word' id='word_1_245' title='bbox 1127 1990 1488 2058; x_wconf 79' lang='grc' dir='ltr'><strong>ἐκκλησίαν,</strong></span> <span class='ocrx_word' id='word_1_246' title='bbox 1535 1990 1622 2045; x_wconf 81' lang='grc' dir='ltr'>ἔτι</span> <span class='ocrx_word' id='word_1_247' title='bbox 1654 1990 1723 2044; x_wconf 88' lang='grc' dir='ltr'>δὲ</span> <span class='ocrx_word' id='word_1_248' title='bbox 1756 1991 1856 2045; x_wconf 78' lang='grc' dir='ltr'>καὶ</span> <span class='ocrx_word' id='word_1_249' title='bbox 1897 1991 2014 2061; x_wconf 77' lang='grc' dir='ltr'>τὴν</span> 
     </span>
    </p>
   </div>
   <div class='ocr_carea' id='block_1_37' title="bbox 2123 1986 3710 2061">
    <p class='ocr_par' dir='ltr' id='par_1_37' title="bbox 2123 1986 3710 2061">
     <span class='ocr_line' id='line_1_37' title="bbox 2123 1986 3710 2061; baseline 0.002 -19"><span class='ocrx_word' id='word_1_250' title='bbox 2123 1989 2425 2060; x_wconf 77' lang='lat' dir='ltr'><strong>Argautas;</strong></span> <span class='ocrx_word' id='word_1_251' title='bbox 2483 1986 2772 2059; x_wconf 89' lang='lat' dir='ltr'><strong>Ephesios,</strong></span> <span class='ocrx_word' id='word_1_252' title='bbox 2816 1987 3271 2061; x_wconf 78' lang='lat' dir='ltr'><strong>Mapsuestenos;</strong></span> <span class='ocrx_word' id='word_1_253' title='bbox 3317 1990 3710 2058; x_wconf 86' lang='lat' dir='ltr'><strong>Laodicenses,</strong></span> 
     </span>
    </p>
   </div>
   <div class='ocr_carea' id='block_1_38' title="bbox 408 2081 2019 2154">
    <p class='ocr_par' dir='ltr' id='par_1_38' title="bbox 408 2082 2014 2154">
     <span class='ocr_line' id='line_1_38' title="bbox 408 2082 2014 2154; baseline 0.001 -17"><span class='ocrx_word' id='word_1_254' title='bbox 408 2082 529 2137; x_wconf 87' lang='grc' dir='ltr'><strong>τῶν</strong></span> <span class='ocrx_word' id='word_1_255' title='bbox 556 2082 994 2148; x_wconf 84' lang='grc' dir='ltr'>Κολασσαέων,</span> <span class='ocrx_word' id='word_1_256' title='bbox 1018 2083 1394 2154; x_wconf 79' lang='grc' dir='ltr'><strong>ἐμαθήτευσε</strong></span> <span class='ocrx_word' id='word_1_257' title='bbox 1434 2085 1711 2153; x_wconf 83' lang='grc' dir='ltr'><strong>Τυχικός.</strong></span> <span class='ocrx_word' id='word_1_258' title='bbox 1765 2085 1874 2139; x_wconf 71' lang='grc' dir='ltr'><strong>Καὶ</strong></span> <span class='ocrx_word' id='word_1_259' title='bbox 1904 2086 2014 2138; x_wconf 87' lang='grc' dir='ltr'><strong>Κο-</strong></span> 
     </span>
    </p>
   </div>
   <div class='ocr_carea' id='block_1_39' title="bbox 2123 2081 3716 2154">
    <p class='ocr_par' dir='ltr' id='par_1_39' title="bbox 2123 2081 3716 2154">
     <span class='ocr_line' id='line_1_39' title="bbox 2123 2081 3716 2154; baseline 0.003 -18"><span class='ocrx_word' id='word_1_260' title='bbox 2123 2082 2481 2153; x_wconf 75' lang='lat' dir='ltr'><strong>Dynopoleos,</strong></span> <span class='ocrx_word' id='word_1_261' title='bbox 2514 2081 2710 2137; x_wconf 87' lang='lat' dir='ltr'><strong>urbem</strong></span> <span class='ocrx_word' id='word_1_262' title='bbox 2737 2091 2901 2154; x_wconf 90' lang='lat' dir='ltr'><strong>atque</strong></span> <span class='ocrx_word' id='word_1_263' title='bbox 2942 2083 3308 2154; x_wconf 85' lang='lat' dir='ltr'><strong>provinciam.</strong></span> <span class='ocrx_word' id='word_1_264' title='bbox 3344 2084 3422 2138; x_wconf 90' lang='lat' dir='ltr'><strong>De</strong></span> <span class='ocrx_word' id='word_1_265' title='bbox 3473 2083 3560 2140; x_wconf 90' lang='lat' dir='ltr'><strong>his</strong></span> <span class='ocrx_word' id='word_1_266' title='bbox 3611 2084 3716 2140; x_wconf 86' lang='lat' dir='ltr'><strong>Ec-</strong></span> 
     </span>
    </p>
   </div>
   <div class='ocr_carea' id='block_1_40' title="bbox 408 2173 2019 2247">
    <p class='ocr_par' dir='ltr' id='par_1_40' title="bbox 408 2174 2006 2247">
     <span class='ocr_line' id='line_1_40' title="bbox 408 2174 2006 2247; baseline 0.001 -21"><span class='ocrx_word' id='word_1_267' title='bbox 408 2175 671 2238; x_wconf 81' lang='grc' dir='ltr'>λασσαεῖς</span> <span class='ocrx_word' id='word_1_268' title='bbox 707 2174 804 2246; x_wconf 84' lang='grc' dir='ltr'>μὲν</span> <span class='ocrx_word' id='word_1_269' title='bbox 832 2175 985 2244; x_wconf 81' lang='grc' dir='ltr'>λέγει</span> <span class='ocrx_word' id='word_1_270' title='bbox 1023 2177 1151 2239; x_wconf 80' lang='grc' dir='ltr'>τοὺς</span> <span class='ocrx_word' id='word_1_271' title='bbox 1197 2175 1532 2247; x_wconf 81' lang='grc' dir='ltr'>Ἀργαούτας</span> <span class='ocrx_word' id='word_1_272' title='bbox 1557 2194 1570 2208; x_wconf 87' lang='grc'>·</span> <span class='ocrx_word' id='word_1_273' title='bbox 1614 2176 1898 2246; x_wconf 77' lang='grc' dir='ltr'><strong>Ἐφεσίους</strong></span> <span class='ocrx_word' id='word_1_274' title='bbox 1925 2177 2006 2242; x_wconf 79' lang='grc' dir='ltr'><strong>δὲ,</strong></span> 
     </span>
    </p>
   </div>
   <div class='ocr_carea' id='block_1_41' title="bbox 2123 2173 3718 2247">
    <p class='ocr_par' dir='ltr' id='par_1_41' title="bbox 2123 2173 3718 2246">
     <span class='ocr_line' id='line_1_41' title="bbox 2123 2173 3718 2246; baseline 0.001 -18"><span class='ocrx_word' id='word_1_275' title='bbox 2123 2173 2297 2229; x_wconf 76' lang='lat' dir='ltr'><strong>clesiis</strong></span> <span class='ocrx_word' id='word_1_276' title='bbox 2336 2175 2643 2246; x_wconf 84' lang='lat' dir='ltr'><strong>generatim</strong></span> <span class='ocrx_word' id='word_1_277' title='bbox 2689 2174 2993 2245; x_wconf 78' lang='lat' dir='ltr'><strong>dicit,&#39;tres</strong></span> <span class='ocrx_word' id='word_1_278' title='bbox 3025 2192 3153 2233; x_wconf 87' lang='lat' dir='ltr'><strong>esse</strong></span> <span class='ocrx_word' id='word_1_279' title='bbox 3181 2192 3372 2241; x_wconf 87' lang='lat' dir='ltr'><strong>unam,</strong></span> <span class='ocrx_word' id='word_1_280' title='bbox 3413 2185 3468 2232; x_wconf 91' lang='lat' dir='ltr'><strong>et</strong></span> <span class='ocrx_word' id='word_1_281' title='bbox 3506 2177 3576 2233; x_wconf 88' lang='lat' dir='ltr'><strong>ab</strong></span> <span class='ocrx_word' id='word_1_282' title='bbox 3607 2192 3718 2231; x_wconf 94' lang='lat' dir='ltr'><strong>uno</strong></span> 
     </span>
    </p>
   </div>
   <div class='ocr_carea' id='block_1_42' title="bbox 405 2266 2019 2342">
    <p class='ocr_par' dir='ltr' id='par_1_42' title="bbox 405 2266 2011 2340">
     <span class='ocr_line' id='line_1_42' title="bbox 405 2266 2011 2340; baseline 0.001 -20"><span class='ocrx_word' id='word_1_283' title='bbox 405 2268 536 2330; x_wconf 69' lang='grc' dir='ltr'>τοὺς</span> <span class='ocrx_word' id='word_1_284' title='bbox 571 2266 629 2319; x_wconf 87' lang='grc' dir='ltr'><strong>ἐν</strong></span> <span class='ocrx_word' id='word_1_285' title='bbox 659 2266 1087 2340; x_wconf 74' lang='grc' dir='ltr'>Μομψουεστίᾳ·</span> <span class='ocrx_word' id='word_1_286' title='bbox 1123 2269 1408 2332; x_wconf 78' lang='grc' dir='ltr'>Λαοδικεῖς</span> <span class='ocrx_word' id='word_1_287' title='bbox 1437 2268 1493 2322; x_wconf 87' lang='grc' dir='ltr'><strong>δέ</strong></span> <span class='ocrx_word' id='word_1_288' title='bbox 1536 2269 1663 2332; x_wconf 83' lang='grc' dir='ltr'>τοὺς</span> <span class='ocrx_word' id='word_1_289' title='bbox 1687 2267 2011 2323; x_wconf 85' lang='grc' dir='ltr'>κατοικοῦν-</span> 
     </span>
    </p>
   </div>
   <div class='ocr_carea' id='block_1_43' title="bbox 2123 2266 3720 2342">
    <p class='ocr_par' dir='ltr' id='par_1_43' title="bbox 2123 2266 3720 2342">
     <span class='ocr_line' id='line_1_43' title="bbox 2123 2266 3720 2342; baseline 0.002 -20"><span class='ocrx_word' id='word_1_290' title='bbox 2123 2266 2354 2339; x_wconf 84' lang='lat' dir='ltr'><strong>I‘ychico</strong></span> <span class='ocrx_word' id='word_1_291' title='bbox 2403 2270 2808 2340; x_wconf 64' lang='lat' dir='ltr'><strong>repraesentari.</strong></span> <span class='ocrx_word' id='word_1_292' title='bbox 2866 2269 3057 2327; x_wconf 83' lang='lat' dir='ltr'><strong>Viden’</strong></span> <span class='ocrx_word' id='word_1_293' title='bbox 3139 2271 3416 2342; x_wconf 90' lang='lat' dir='ltr'><strong>quomodo</strong></span> <span class='ocrx_word' id='word_1_294' title='bbox 3474 2271 3720 2341; x_wconf 88' lang='lat' dir='ltr'><strong>seipsum</strong></span> 
     </span>
    </p>
   </div>
   <div class='ocr_carea' id='block_1_44' title="bbox 407 2359 2019 2432">
    <p class='ocr_par' dir='ltr' id='par_1_44' title="bbox 407 2359 2015 2432">
     <span class='ocr_line' id='line_1_44' title="bbox 407 2359 2015 2432; baseline 0.003 -20"><span class='ocrx_word' id='word_1_295' title='bbox 407 2377 509 2424; x_wconf 85' lang='grc' dir='ltr'><strong>τας</strong></span> <span class='ocrx_word' id='word_1_296' title='bbox 543 2359 729 2423; x_wconf 84' lang='grc' dir='ltr'>Κύνας</span> <span class='ocrx_word' id='word_1_297' title='bbox 763 2359 862 2432; x_wconf 83' lang='grc' dir='ltr'><strong>τὴν</strong></span> <span class='ocrx_word' id='word_1_298' title='bbox 883 2360 977 2414; x_wconf 89' lang='grc' dir='ltr'><strong>τοῦ</strong></span> <span class='ocrx_word' id='word_1_299' title='bbox 1008 2360 1185 2425; x_wconf 79' lang='grc' dir='ltr'>Κυνὸς</span> <span class='ocrx_word' id='word_1_300' title='bbox 1221 2360 1437 2432; x_wconf 80' lang='grc' dir='ltr'>χώραν·</span> <span class='ocrx_word' id='word_1_301' title='bbox 1476 2362 1832 2432; x_wconf 70' lang='grc' dir='ltr'>περὶτούτων</span> <span class='ocrx_word' id='word_1_302' title='bbox 1871 2363 2015 2417; x_wconf 75' lang='grc' dir='ltr'>πάν-</span> 
     </span>
    </p>
   </div>
   <div class='ocr_carea' id='block_1_45' title="bbox 2123 2359 3719 2432">
    <p class='ocr_par' dir='ltr' id='par_1_45' title="bbox 2123 2359 3719 2432">
     <span class='ocr_line' id='line_1_45' title="bbox 2123 2359 3719 2432; baseline -0.001 -18"><span class='ocrx_word' id='word_1_303' title='bbox 2123 2359 2375 2414; x_wconf 83' lang='lat' dir='ltr'><strong>obtrudat</strong></span> <span class='ocrx_word' id='word_1_304' title='bbox 2396 2360 2718 2431; x_wconf 85' lang='lat' dir='ltr'><strong>magistrum</strong></span> <span class='ocrx_word' id='word_1_305' title='bbox 2758 2360 2815 2415; x_wconf 90' lang='lat' dir='ltr'><strong>in</strong></span> <span class='ocrx_word' id='word_1_306' title='bbox 2842 2359 3168 2416; x_wconf 84' lang='lat' dir='ltr'><strong>Antichristi</strong></span> <span class='ocrx_word' id='word_1_307' title='bbox 3192 2360 3468 2432; x_wconf 83' lang='lat' dir='ltr'><strong>synedria,</strong></span> <span class='ocrx_word' id='word_1_308' title='bbox 3498 2369 3559 2414; x_wconf 88' lang='lat' dir='ltr'><strong>ut</strong></span> <span class='ocrx_word' id='word_1_309' title='bbox 3580 2359 3719 2414; x_wconf 81' lang='lat' dir='ltr'><strong>mul-</strong></span> 
     </span>
    </p>
   </div>
   <div class='ocr_carea' id='block_1_46' title="bbox 406 2451 2019 2527">
    <p class='ocr_par' dir='ltr' id='par_1_46' title="bbox 406 2452 2014 2527">
     <span class='ocr_line' id='line_1_46' title="bbox 406 2452 2014 2527; baseline 0.001 -21"><span class='ocrx_word' id='word_1_310' title='bbox 406 2470 520 2506; x_wconf 84' lang='grc' dir='ltr'>των</span> <span class='ocrx_word' id='word_1_311' title='bbox 551 2452 721 2522; x_wconf 79' lang='grc' dir='ltr'>λέγει,</span> <span class='ocrx_word' id='word_1_312' title='bbox 757 2453 840 2507; x_wconf 82' lang='grc' dir='ltr'><strong>ὅτι</strong></span> <span class='ocrx_word' id='word_1_313' title='bbox 889 2455 946 2507; x_wconf 78' lang='grc' dir='ltr'>αἱ</span> <span class='ocrx_word' id='word_1_314' title='bbox 971 2465 994 2492; x_wconf 74' lang='grc' dir='ltr'><strong>ο</strong></span> <span class='ocrx_word' id='word_1_315' title='bbox 1034 2458 1180 2527; x_wconf 80' lang='grc' dir='ltr'>τρεῖς</span> <span class='ocrx_word' id='word_1_316' title='bbox 1225 2456 1284 2509; x_wconf 78' lang='grc' dir='ltr'><strong>ἐν</strong></span> <span class='ocrx_word' id='word_1_317' title='bbox 1324 2457 1455 2521; x_wconf 88' lang='grc' dir='ltr'>εἰσι,</span> <span class='ocrx_word' id='word_1_318' title='bbox 1490 2456 1584 2509; x_wconf 75' lang='grc' dir='ltr'><strong>καὶ</strong></span> <span class='ocrx_word' id='word_1_319' title='bbox 1631 2456 1720 2526; x_wconf 72' lang='grc' dir='ltr'><strong>ὑφ’</strong></span> <span class='ocrx_word' id='word_1_320' title='bbox 1765 2455 1883 2518; x_wconf 83' lang='grc' dir='ltr'>ἐνὸς</span> <span class='ocrx_word' id='word_1_321' title='bbox 1919 2455 2014 2508; x_wconf 88' lang='grc' dir='ltr'><strong>τοῦ</strong></span> 
     </span>
    </p>
   </div>
   <div class='ocr_carea' id='block_1_47' title="bbox 2123 2451 3720 2527">
    <p class='ocr_par' dir='ltr' id='par_1_47' title="bbox 2123 2451 3720 2525">
     <span class='ocr_line' id='line_1_47' title="bbox 2123 2451 3720 2525; baseline -0.001 -18"><span class='ocrx_word' id='word_1_322' title='bbox 2123 2452 2155 2507; x_wconf 89' lang='lat' dir='ltr'><strong>ti</strong></span> <span class='ocrx_word' id='word_1_323' title='bbox 2165 2451 2412 2508; x_wconf 89' lang='lat' dir='ltr'><strong>tudinem</strong></span> <span class='ocrx_word' id='word_1_324' title='bbox 2429 2452 2668 2525; x_wconf 90' lang='lat' dir='ltr'><strong>decipiat</strong></span> <span class='ocrx_word' id='word_1_325' title='bbox 2681 2453 3138 2525; x_wconf 87' lang='lat' dir='ltr'><strong>appellationibus</strong></span> <span class='ocrx_word' id='word_1_326' title='bbox 3158 2453 3405 2510; x_wconf 89' lang='lat' dir='ltr'><strong>Ecclesia</strong></span> <span class='ocrx_word' id='word_1_327' title='bbox 3417 2469 3536 2508; x_wconf 90' lang='lat' dir='ltr'><strong>rum</strong></span> <span class='ocrx_word' id='word_1_328' title='bbox 3555 2452 3720 2507; x_wconf 89' lang='lat' dir='ltr'><strong>Chri-</strong></span> 
     </span>
    </p>
   </div>
   <div class='ocr_carea' id='block_1_48' title="bbox 411 2545 2019 2620">
    <p class='ocr_par' dir='ltr' id='par_1_48' title="bbox 411 2545 2017 2620">
     <span class='ocr_line' id='line_1_48' title="bbox 411 2545 2017 2620; baseline 0.002 -22"><span class='ocrx_word' id='word_1_329' title='bbox 411 2545 654 2616; x_wconf 85' lang='grc' dir='ltr'>Τυχικοῦ</span> <span class='ocrx_word' id='word_1_330' title='bbox 690 2545 1010 2618; x_wconf 81' lang='grc' dir='ltr'>μηνύονται.</span> <span class='ocrx_word' id='word_1_331' title='bbox 1052 2549 1220 2620; x_wconf 80' lang='grc' dir='ltr'>Ὁρᾷς</span> <span class='ocrx_word' id='word_1_332' title='bbox 1254 2547 1372 2612; x_wconf 85' lang='grc' dir='ltr'><strong>πῶς</strong></span> <span class='ocrx_word' id='word_1_333' title='bbox 1411 2549 1605 2602; x_wconf 85' lang='grc' dir='ltr'>ἐαυτδν</span> <span class='ocrx_word' id='word_1_334' title='bbox 1653 2548 2017 2619; x_wconf 79' lang='grc' dir='ltr'>προϐάλλεται</span> 
     </span>
    </p>
   </div>
   <div class='ocr_carea' id='block_1_49' title="bbox 2123 2545 3718 2620">
    <p class='ocr_par' dir='ltr' id='par_1_49' title="bbox 2123 2546 3718 2619">
     <span class='ocr_line' id='line_1_49' title="bbox 2123 2546 3718 2619; baseline -0.001 -17"><span class='ocrx_word' id='word_1_335' title='bbox 2123 2546 2233 2602; x_wconf 85' lang='lat' dir='ltr'><strong>sti?</strong></span> <span class='ocrx_word' id='word_1_336' title='bbox 2289 2546 2509 2602; x_wconf 86' lang='lat' dir='ltr'><strong>illarum</strong></span> <span class='ocrx_word' id='word_1_337' title='bbox 2571 2547 2826 2604; x_wconf 86' lang='lat' dir='ltr'><strong>videlicet</strong></span> <span class='ocrx_word' id='word_1_338' title='bbox 2877 2547 3102 2619; x_wconf 85' lang='lat' dir='ltr'><strong>indigne</strong></span> <span class='ocrx_word' id='word_1_339' title='bbox 3155 2547 3433 2617; x_wconf 85' lang='lat' dir='ltr'><strong>stulteque</strong></span> <span class='ocrx_word' id='word_1_340' title='bbox 3493 2549 3718 2601; x_wconf 79' lang='lat' dir='ltr'><strong>nomina</strong></span> 
     </span>
    </p>
   </div>
   <div class='ocr_carea' id='block_1_50' title="bbox 414 2637 2019 2714">
    <p class='ocr_par' dir='ltr' id='par_1_50' title="bbox 414 2637 2019 2714">
     <span class='ocr_line' id='line_1_50' title="bbox 414 2637 2019 2714; baseline 0.002 -24"><span class='ocrx_word' id='word_1_341' title='bbox 414 2637 741 2692; x_wconf 86' lang='grc' dir='ltr'>διδάσκαλον</span> <span class='ocrx_word' id='word_1_342' title='bbox 773 2639 856 2702; x_wconf 79' lang='grc' dir='ltr'><strong>εἰς</strong></span> <span class='ocrx_word' id='word_1_343' title='bbox 904 2638 974 2693; x_wconf 83' lang='grc' dir='ltr'>τὰ</span> <span class='ocrx_word' id='word_1_344' title='bbox 1004 2638 1100 2694; x_wconf 91' lang='grc' dir='ltr'><strong>τοῦ</strong></span> <span class='ocrx_word' id='word_1_345' title='bbox 1162 2641 1532 2713; x_wconf 86' lang='grc' dir='ltr'>Ἀντιχρίστου</span> <span class='ocrx_word' id='word_1_346' title='bbox 1584 2643 1879 2714; x_wconf 79' lang='grc' dir='ltr'>συνέδρια,</span> <span class='ocrx_word' id='word_1_347' title='bbox 1930 2639 2019 2695; x_wconf 83' lang='grc' dir='ltr'>διὰ</span> 
     </span>
    </p>
   </div>
   <div class='ocr_carea' id='block_1_51' title="bbox 2123 2637 3717 2714">
    <p class='ocr_par' dir='ltr' id='par_1_51' title="bbox 2123 2639 3717 2712">
     <span class='ocr_line' id='line_1_51' title="bbox 2123 2639 3717 2712; baseline -0.001 -15"><span class='ocrx_word' id='word_1_348' title='bbox 2123 2657 2416 2712; x_wconf 77' lang='lat' dir='ltr'><strong>usurpans,</strong></span> <span class='ocrx_word' id='word_1_349' title='bbox 2460 2657 2583 2712; x_wconf 78' lang='lat' dir='ltr'><strong>quae</strong></span> <span class='ocrx_word' id='word_1_350' title='bbox 2612 2641 2672 2696; x_wconf 91' lang='lat' dir='ltr'><strong>in</strong></span> <span class='ocrx_word' id='word_1_351' title='bbox 2711 2640 2958 2712; x_wconf 90' lang='lat' dir='ltr'><strong>Apostoli</strong></span> <span class='ocrx_word' id='word_1_352' title='bbox 2985 2639 3235 2710; x_wconf 90' lang='lat' dir='ltr'><strong>epistolis</strong></span> <span class='ocrx_word' id='word_1_353' title='bbox 3274 2639 3358 2696; x_wconf 84' lang='lat' dir='ltr'><strong>sic</strong></span> <span class='ocrx_word' id='word_1_354' title='bbox 3407 2639 3717 2710; x_wconf 84' lang='lat' dir='ltr'><strong>antiquitus</strong></span> 
     </span>
    </p>
   </div>
   <div class='ocr_carea' id='block_1_52' title="bbox 414 2727 2019 2805">
    <p class='ocr_par' dir='ltr' id='par_1_52' title="bbox 414 2727 2019 2804">
     <span class='ocr_line' id='line_1_52' title="bbox 414 2727 2019 2804; baseline 0.002 -22"><span class='ocrx_word' id='word_1_355' title='bbox 414 2727 517 2798; x_wconf 78' lang='grc' dir='ltr'>τὴν</span> <span class='ocrx_word' id='word_1_356' title='bbox 550 2729 764 2783; x_wconf 82' lang='grc' dir='ltr'>πολλῶν</span> <span class='ocrx_word' id='word_1_357' title='bbox 787 2729 1008 2801; x_wconf 87' lang='grc' dir='ltr'>ἀπάτην</span> <span class='ocrx_word' id='word_1_358' title='bbox 1037 2731 1179 2786; x_wconf 75' lang='grc' dir='ltr'>κατὰ</span> <span class='ocrx_word' id='word_1_359' title='bbox 1209 2734 1308 2804; x_wconf 80' lang='grc' dir='ltr'>τὴν</span> <span class='ocrx_word' id='word_1_360' title='bbox 1337 2733 1637 2804; x_wconf 76' lang='grc' dir='ltr'>ὀνομασίαν</span> <span class='ocrx_word' id='word_1_361' title='bbox 1669 2735 1779 2786; x_wconf 84' lang='grc' dir='ltr'><strong>τῶν</strong></span> <span class='ocrx_word' id='word_1_362' title='bbox 1818 2733 2019 2803; x_wconf 84' lang='grc' dir='ltr'>ἐκκλη-</span> 
     </span>
    </p>
   </div>
   <div class='ocr_carea' id='block_1_53' title="bbox 2123 2727 2680 2805">
    <p class='ocr_par' dir='ltr' id='par_1_53' title="bbox 2123 2734 2680 2805">
     <span class='ocr_line' id='line_1_53' title="bbox 2123 2734 2680 2805; baseline 0 -16"><span class='ocrx_word' id='word_1_363' title='bbox 2123 2735 2407 2805; x_wconf 69' lang='lat' dir='ltr'><strong>appellatae</strong></span> <span class='ocrx_word' id='word_1_364' title='bbox 2434 2734 2680 2791; x_wconf 84' lang='lat' dir='ltr'><strong>luerunt.</strong></span> 
     </span>
    </p>
   </div>
   <div class='ocr_carea' id='block_1_54' title="bbox 415 2821 3718 2896">
    <p class='ocr_par' dir='ltr' id='par_1_54' title="bbox 415 2821 3718 2896">
     <span class='ocr_line' id='line_1_54' title="bbox 415 2821 3718 2896; baseline 0.002 -23"><span class='ocrx_word' id='word_1_365' title='bbox 415 2821 549 2876; x_wconf 85' lang='grc' dir='ltr'>σιῶν</span> <span class='ocrx_word' id='word_1_366' title='bbox 570 2821 665 2875; x_wconf 86' lang='grc' dir='ltr'><strong>τοῦ</strong></span> <span class='ocrx_word' id='word_1_367' title='bbox 701 2823 963 2894; x_wconf 83' lang='grc' dir='ltr'>Χριστοῦ,</span> <span class='ocrx_word' id='word_1_368' title='bbox 993 2825 1104 2877; x_wconf 84' lang='grc' dir='ltr'><strong>τῶν</strong></span> <span class='ocrx_word' id='word_1_369' title='bbox 1143 2825 1201 2879; x_wconf 85' lang='grc' dir='ltr'>ὲν</span> <span class='ocrx_word' id='word_1_370' title='bbox 1223 2827 1343 2889; x_wconf 87' lang='grc' dir='ltr'>ταῖς</span> <span class='ocrx_word' id='word_1_371' title='bbox 1363 2825 1678 2888; x_wconf 79' lang='grc' dir='ltr'>ἐπιστολαῖς</span> <span class='ocrx_word' id='word_1_372' title='bbox 1713 2825 2042 2878; x_wconf 83' lang='grc' dir='ltr'>’Λποστόλου</span> <span class='ocrx_word' id='word_1_373' title='bbox 2077 2824 2492 2896; x_wconf 80' lang='grc' dir='ltr'>ἐμφερομένων,</span> <span class='ocrx_word' id='word_1_374' title='bbox 2524 2824 2932 2896; x_wconf 86' lang='grc' dir='ltr'>ὀνοματοθετῶν</span> <span class='ocrx_word' id='word_1_375' title='bbox 2961 2823 3172 2893; x_wconf 81' lang='grc' dir='ltr'><strong>ἀλόγως</strong></span> <span class='ocrx_word' id='word_1_376' title='bbox 3196 2822 3223 2863; x_wconf 71' lang='grc' dir='ltr'><em>δ</em></span> <span class='ocrx_word' id='word_1_377' title='bbox 3249 2821 3396 2895; x_wconf 88' lang='lat' dir='ltr'><strong>[cod.</strong></span> <span class='ocrx_word' id='word_1_378' title='bbox 3427 2821 3464 2878; x_wconf 82' lang='lat' dir='ltr'><strong>l&#39;.</strong></span> <span class='ocrx_word' id='word_1_379' title='bbox 3504 2822 3604 2879; x_wconf 81' lang='grc'><strong>108</strong></span> <span class='ocrx_word' id='word_1_380' title='bbox 3637 2823 3718 2896; x_wconf 87' lang='lat' dir='ltr'><strong>b.|</strong></span> 
     </span>
    </p>
   </div>
   <div class='ocr_carea' id='block_1_55' title="bbox 415 2914 2780 2991">
    <p class='ocr_par' dir='ltr' id='par_1_55' title="bbox 415 2914 2780 2991">
     <span class='ocr_line' id='line_1_55' title="bbox 415 2914 2780 2991; baseline 0.003 -24"><span class='ocrx_word' id='word_1_381' title='bbox 415 2914 514 2968; x_wconf 69' lang='grc' dir='ltr'><strong>καὶ</strong></span> <span class='ocrx_word' id='word_1_382' title='bbox 547 2914 667 2975; x_wconf 77' lang='grc' dir='ltr'>λίαν</span> <span class='ocrx_word' id='word_1_383' title='bbox 694 2915 944 2988; x_wconf 82' lang='grc' dir='ltr'><strong>ἀφρόνως</strong></span> <span class='ocrx_word' id='word_1_384' title='bbox 974 2915 1044 2970; x_wconf 82' lang='grc' dir='ltr'>τὰ</span> <span class='ocrx_word' id='word_1_385' title='bbox 1073 2918 1183 2985; x_wconf 82' lang='grc' dir='ltr'><strong>πρὸ</strong></span> <span class='ocrx_word' id='word_1_386' title='bbox 1212 2918 1422 2973; x_wconf 84' lang='grc' dir='ltr'>πολλῶν</span> <span class='ocrx_word' id='word_1_387' title='bbox 1444 2920 1652 2990; x_wconf 79' lang='grc' dir='ltr'>χρόνων</span> <span class='ocrx_word' id='word_1_388' title='bbox 1675 2921 1773 2983; x_wconf 71' lang='grc' dir='ltr'><strong>τὰς</strong></span> <span class='ocrx_word' id='word_1_389' title='bbox 1807 2917 2109 2989; x_wconf 81' lang='grc' dir='ltr'>ὀνομασίας</span> <span class='ocrx_word' id='word_1_390' title='bbox 2139 2918 2348 2972; x_wconf 87' lang='grc' dir='ltr'>ἐαυτῶν</span> <span class='ocrx_word' id='word_1_391' title='bbox 2383 2918 2740 2991; x_wconf 83' lang='grc' dir='ltr'>κληρωθέντα</span> <span class='ocrx_word' id='word_1_392' title='bbox 2765 2936 2780 2985; x_wconf 88' lang='grc'><strong>;</strong></span> 
     </span>
    </p>
   </div>
   <div class='ocr_carea' id='block_1_56' title="bbox 489 3007 2018 3084">
    <p class='ocr_par' dir='ltr' id='par_1_56' title="bbox 489 3007 2018 3084">
     <span class='ocr_line' id='line_1_56' title="bbox 489 3007 2018 3084; baseline 0.003 -21"><span class='ocrx_word' id='word_1_393' title='bbox 489 3007 616 3065; x_wconf 85' lang='grc' dir='ltr'><strong>ΛΘ’.</strong></span> <span class='ocrx_word' id='word_1_394' title='bbox 649 3011 863 3081; x_wconf 83' lang='grc' dir='ltr'>Φράσον</span> <span class='ocrx_word' id='word_1_395' title='bbox 893 3011 951 3064; x_wconf 80' lang='grc' dir='ltr'><strong>δέ</strong></span> <span class='ocrx_word' id='word_1_396' title='bbox 984 3029 1096 3082; x_wconf 88' lang='grc' dir='ltr'>μοι,</span> <span class='ocrx_word' id='word_1_397' title='bbox 1131 3015 1582 3084; x_wconf 79' lang='grc' dir='ltr'>συκοφάντα,τῆς</span> <span class='ocrx_word' id='word_1_398' title='bbox 1615 3013 1875 3084; x_wconf 75' lang='grc' dir='ltr'>ἀληθείας</span> <span class='ocrx_word' id='word_1_399' title='bbox 1894 3031 2018 3068; x_wconf 85' lang='grc' dir='ltr'>κατ-</span> 
     </span>
    </p>
   </div>
   <div class='ocr_carea' id='block_1_57' title="bbox 417 3103 2018 3178">
    <p class='ocr_par' dir='ltr' id='par_1_57' title="bbox 417 3103 2018 3178">
     <span class='ocr_line' id='line_1_57' title="bbox 417 3103 2018 3178; baseline 0.003 -23"><span class='ocrx_word' id='word_1_400' title='bbox 417 3103 623 3175; x_wconf 74' lang='grc' dir='ltr'>ήγορεο</span> <span class='ocrx_word' id='word_1_401' title='bbox 672 3103 889 3167; x_wconf 81' lang='grc' dir='ltr'>Παῦλος</span> <span class='ocrx_word' id='word_1_402' title='bbox 919 3104 950 3157; x_wconf 88' lang='grc' dir='ltr'><strong>ὀ</strong></span> <span class='ocrx_word' id='word_1_403' title='bbox 982 3105 1283 3170; x_wconf 80' lang='grc' dir='ltr'>ἀπόστολος</span> <span class='ocrx_word' id='word_1_404' title='bbox 1335 3108 1444 3161; x_wconf 79' lang='grc' dir='ltr'><strong>ἀπὸ</strong></span> <span class='ocrx_word' id='word_1_405' title='bbox 1488 3107 1878 3178; x_wconf 85' lang='grc' dir='ltr'>Ἱεροσολύμων</span> <span class='ocrx_word' id='word_1_406' title='bbox 1919 3106 2018 3178; x_wconf 85' lang='grc' dir='ltr'><strong>μὲ-</strong></span> 
     </span>
    </p>
   </div>
   <div class='ocr_carea' id='block_1_58' title="bbox 2195 3011 3718 3084">
    <p class='ocr_par' dir='ltr' id='par_1_58' title="bbox 2195 3011 3718 3084">
     <span class='ocr_line' id='line_1_58' title="bbox 2195 3011 3718 3084; baseline -0.001 -17"><span class='ocrx_word' id='word_1_407' title='bbox 2195 3011 2443 3067; x_wconf 80' lang='lat' dir='ltr'><strong>XXXIX.</strong></span> <span class='ocrx_word' id='word_1_408' title='bbox 2473 3014 2588 3084; x_wconf 86' lang='lat' dir='ltr'><strong>Age</strong></span> <span class='ocrx_word' id='word_1_409' title='bbox 2603 3013 2691 3068; x_wconf 88' lang='lat' dir='ltr'><strong>die</strong></span> <span class='ocrx_word' id='word_1_410' title='bbox 2723 3011 3252 3084; x_wconf 82' lang='lat' dir='ltr'><strong>mihi,sycophanta.</strong></span> <span class='ocrx_word' id='word_1_411' title='bbox 3281 3012 3527 3067; x_wconf 82' lang='lat' dir='ltr'><strong>veritatis</strong></span> <span class='ocrx_word' id='word_1_412' title='bbox 3553 3027 3718 3067; x_wconf 81' lang='lat' dir='ltr'><strong>accu-</strong></span> 
     </span>
    </p>
   </div>
   <div class='ocr_carea' id='block_1_59' title="bbox 2125 3101 3724 3175">
    <p class='ocr_par' dir='ltr' id='par_1_59' title="bbox 2125 3101 3724 3175">
     <span class='ocr_line' id='line_1_59' title="bbox 2125 3101 3724 3175; baseline 0 -17"><span class='ocrx_word' id='word_1_413' title='bbox 2125 3111 2312 3169; x_wconf 87' lang='lat' dir='ltr'><strong>sator;</strong></span> <span class='ocrx_word' id='word_1_414' title='bbox 2338 3101 2564 3168; x_wconf 89' lang='lat' dir='ltr'><strong>Paulus,</strong></span> <span class='ocrx_word' id='word_1_415' title='bbox 2590 3103 2684 3174; x_wconf 88' lang='lat' dir='ltr'><strong>qui</strong></span> <span class='ocrx_word' id='word_1_416' title='bbox 2713 3104 2812 3158; x_wconf 89' lang='lat' dir='ltr'><strong>abs</strong></span> <span class='ocrx_word' id='word_1_417' title='bbox 2844 3101 3243 3175; x_wconf 79' lang='lat' dir='ltr'><strong>Hierosolymis</strong></span> <span class='ocrx_word' id='word_1_418' title='bbox 3259 3118 3438 3173; x_wconf 82' lang='lat' dir='ltr'><strong>usque</strong></span> <span class='ocrx_word' id='word_1_419' title='bbox 3451 3103 3517 3158; x_wconf 87' lang='lat' dir='ltr'><strong>ad</strong></span> <span class='ocrx_word' id='word_1_420' title='bbox 3544 3103 3724 3174; x_wconf 78' lang='lat' dir='ltr'><strong>Illyri-</strong></span> 
     </span>
    </p>
   </div>
   <div class='ocr_carea' id='block_1_60' title="bbox 418 3194 2019 3290">
    <p class='ocr_par' dir='ltr' id='par_1_60' title="bbox 418 3194 2019 3270">
     <span class='ocr_line' id='line_1_60' title="bbox 418 3194 2019 3270; baseline 0 -22"><span class='ocrx_word' id='word_1_421' title='bbox 418 3213 512 3266; x_wconf 85' lang='grc' dir='ltr'><strong>χρι</strong></span> <span class='ocrx_word' id='word_1_422' title='bbox 541 3194 638 3250; x_wconf 89' lang='grc' dir='ltr'><strong>τοῦ</strong></span> <span class='ocrx_word' id='word_1_423' title='bbox 687 3194 990 3266; x_wconf 81' lang='grc' dir='ltr'>Ἰλλυρικοῦ</span> <span class='ocrx_word' id='word_1_424' title='bbox 1027 3197 1121 3250; x_wconf 76' lang='grc' dir='ltr'>καὶ</span> <span class='ocrx_word' id='word_1_425' title='bbox 1149 3196 1218 3250; x_wconf 81' lang='grc' dir='ltr'><strong>τὰ</strong></span> <span class='ocrx_word' id='word_1_426' title='bbox 1252 3199 1382 3270; x_wconf 76' lang='grc' dir='ltr'>περὶ</span> <span class='ocrx_word' id='word_1_427' title='bbox 1411 3197 1598 3270; x_wconf 78' lang='grc' dir='ltr'>κύκλῳ</span> <span class='ocrx_word' id='word_1_428' title='bbox 1626 3197 1862 3262; x_wconf 76' lang='grc' dir='ltr'>διδάξας,</span> <span class='ocrx_word' id='word_1_429' title='bbox 1899 3194 2019 3259; x_wconf 83' lang='grc' dir='ltr'><strong>πῶς</strong></span> 
     </span>
    </p>
   </div>
   <div class='ocr_carea' id='block_1_61' title="bbox 2123 3194 3724 3290">
    <p class='ocr_par' dir='ltr' id='par_1_61' title="bbox 2125 3195 3724 3265">
     <span class='ocr_line' id='line_1_61' title="bbox 2125 3195 3724 3265; baseline -0.001 -13"><span class='ocrx_word' id='word_1_430' title='bbox 2125 3212 2252 3252; x_wconf 91' lang='lat' dir='ltr'><strong>cum</strong></span> <span class='ocrx_word' id='word_1_431' title='bbox 2279 3195 2508 3250; x_wconf 85' lang='lat' dir='ltr'><strong>ﬁnitima</strong></span> <span class='ocrx_word' id='word_1_432' title='bbox 2555 3205 2755 3252; x_wconf 89' lang='lat' dir='ltr'><strong>cuncta</strong></span> <span class='ocrx_word' id='word_1_433' title='bbox 2783 3197 3046 3260; x_wconf 76' lang='lat' dir='ltr'><strong>erudivit,</strong></span> <span class='ocrx_word' id='word_1_434' title='bbox 3082 3196 3361 3265; x_wconf 88' lang='lat' dir='ltr'><strong>quomodo</strong></span> <span class='ocrx_word' id='word_1_435' title='bbox 3398 3197 3570 3251; x_wconf 87' lang='lat' dir='ltr'><strong>solam</strong></span> <span class='ocrx_word' id='word_1_436' title='bbox 3615 3197 3724 3252; x_wconf 87' lang='lat' dir='ltr'><strong>Co-</strong></span> 
     </span>
    </p>
   </div>
   <div class='ocr_carea' id='block_1_62' title="bbox 420 3286 2015 3361">
    <p class='ocr_par' dir='ltr' id='par_1_62' title="bbox 420 3286 2015 3361">
     <span class='ocr_line' id='line_1_62' title="bbox 420 3286 2015 3361; baseline 0.003 -22"><span class='ocrx_word' id='word_1_437' title='bbox 420 3286 597 3358; x_wconf 82' lang='grc' dir='ltr'>μόν.ην</span> <span class='ocrx_word' id='word_1_438' title='bbox 628 3287 728 3358; x_wconf 82' lang='grc' dir='ltr'>τὴν</span> <span class='ocrx_word' id='word_1_439' title='bbox 760 3287 871 3340; x_wconf 89' lang='grc' dir='ltr'><strong>τῶν</strong></span> <span class='ocrx_word' id='word_1_440' title='bbox 905 3287 1213 3358; x_wconf 80' lang='grc' dir='ltr'>Κορινθίων</span> <span class='ocrx_word' id='word_1_441' title='bbox 1263 3288 1595 3361; x_wconf 86' lang='grc' dir='ltr'>Ἐκκλησίαν</span> <span class='ocrx_word' id='word_1_442' title='bbox 1627 3289 2015 3361; x_wconf 76' lang='grc' dir='ltr'>ᾠκοδόμησεν;</span> 
     </span>
    </p>
   </div>
   <div class='ocr_carea' id='block_1_63' title="bbox 420 3380 2020 3455">
    <p class='ocr_par' dir='ltr' id='par_1_63' title="bbox 420 3380 2020 3455">
     <span class='ocr_line' id='line_1_63' title="bbox 420 3380 2020 3455; baseline 0 -21"><span class='ocrx_word' id='word_1_443' title='bbox 420 3381 532 3434; x_wconf 75' lang='grc' dir='ltr'>Καὶ</span> <span class='ocrx_word' id='word_1_444' title='bbox 563 3382 657 3434; x_wconf 76' lang='grc' dir='ltr'><strong>εἶθ</strong></span> <span class='ocrx_word' id='word_1_445' title='bbox 687 3380 902 3434; x_wconf 76' lang='grc' dir='ltr'>Παύλου</span> <span class='ocrx_word' id='word_1_446' title='bbox 957 3382 1199 3452; x_wconf 78' lang='grc' dir='ltr'>μαθηταὶ</span> <span class='ocrx_word' id='word_1_447' title='bbox 1235 3383 1480 3455; x_wconf 81' lang='grc' dir='ltr'>ὑπῆρχον</span> <span class='ocrx_word' id='word_1_448' title='bbox 1511 3384 1561 3436; x_wconf 81' lang='grc' dir='ltr'>οἱ</span> <span class='ocrx_word' id='word_1_449' title='bbox 1608 3384 1715 3437; x_wconf 81' lang='grc' dir='ltr'>ὑπὸ</span> <span class='ocrx_word' id='word_1_450' title='bbox 1751 3384 1845 3436; x_wconf 88' lang='grc' dir='ltr'><strong>σοῦ</strong></span> <span class='ocrx_word' id='word_1_451' title='bbox 1885 3401 2020 3454; x_wconf 88' lang='grc' dir='ltr'>μνη-</span> 
     </span>
    </p>
   </div>
   <div class='ocr_carea' id='block_1_64' title="bbox 423 3471 2021 3545">
    <p class='ocr_par' dir='ltr' id='par_1_64' title="bbox 423 3471 2021 3545">
     <span class='ocr_line' id='line_1_64' title="bbox 423 3471 2021 3545; baseline 0.003 -21"><span class='ocrx_word' id='word_1_452' title='bbox 423 3471 802 3543; x_wconf 84' lang='grc' dir='ltr'>μονευθέντες.</span> <span class='ocrx_word' id='word_1_453' title='bbox 839 3473 957 3537; x_wconf 90' lang='grc' dir='ltr'><strong>πῶς</strong></span> <span class='ocrx_word' id='word_1_454' title='bbox 1003 3474 1134 3545; x_wconf 86' lang='grc' dir='ltr'>παρ’</span> <span class='ocrx_word' id='word_1_455' title='bbox 1175 3473 1341 3528; x_wconf 82' lang='grc' dir='ltr'>αὐτοῦ</span> <span class='ocrx_word' id='word_1_456' title='bbox 1396 3474 1775 3545; x_wconf 78' lang='grc' dir='ltr'>ἐδιδάχθησαν,</span> <span class='ocrx_word' id='word_1_457' title='bbox 1825 3477 1918 3528; x_wconf 73' lang='grc' dir='ltr'><strong>καὶ</strong></span> <span class='ocrx_word' id='word_1_458' title='bbox 1963 3477 2021 3528; x_wconf 85' lang='grc' dir='ltr'><strong>ἐν</strong></span> 
     </span>
    </p>
   </div>
   <div class='ocr_carea' id='block_1_65' title="bbox 422 3566 2022 3640">
    <p class='ocr_par' dir='ltr' id='par_1_65' title="bbox 422 3566 2022 3640">
     <span class='ocr_line' id='line_1_65' title="bbox 422 3566 2022 3640; baseline 0.002 -22"><span class='ocrx_word' id='word_1_459' title='bbox 422 3567 566 3637; x_wconf 87' lang='grc' dir='ltr'>ποίῳ</span> <span class='ocrx_word' id='word_1_460' title='bbox 595 3567 768 3639; x_wconf 85' lang='grc' dir='ltr'>τόπῳ,</span> <span class='ocrx_word' id='word_1_461' title='bbox 803 3568 852 3620; x_wconf 77' lang='grc' dir='ltr'>οἱ</span> <span class='ocrx_word' id='word_1_462' title='bbox 886 3566 1024 3639; x_wconf 71' lang='grc' dir='ltr'>μετὰ</span> <span class='ocrx_word' id='word_1_463' title='bbox 1054 3568 1352 3622; x_wconf 82' lang='grc' dir='ltr'>ὀκτακόσια</span> <span class='ocrx_word' id='word_1_464' title='bbox 1380 3567 1476 3639; x_wconf 78' lang='grc' dir='ltr'><strong>ἐτη</strong></span> <span class='ocrx_word' id='word_1_465' title='bbox 1515 3568 1874 3640; x_wconf 75' lang='grc' dir='ltr'>γεννηθέντες</span> <span class='ocrx_word' id='word_1_466' title='bbox 1916 3568 2022 3622; x_wconf 87' lang='grc' dir='ltr'>ὑπ-</span> 
     </span>
    </p>
   </div>
   <div class='ocr_carea' id='block_1_66' title="bbox 419 3658 2023 3732">
    <p class='ocr_par' dir='ltr' id='par_1_66' title="bbox 419 3658 2023 3732">
     <span class='ocr_line' id='line_1_66' title="bbox 419 3658 2023 3732; baseline 0 -20"><span class='ocrx_word' id='word_1_467' title='bbox 419 3659 628 3729; x_wconf 76' lang='grc' dir='ltr'>ῆρχονς</span> <span class='ocrx_word' id='word_1_468' title='bbox 686 3659 812 3724; x_wconf 87' lang='grc' dir='ltr'><strong>Πῶς</strong></span> <span class='ocrx_word' id='word_1_469' title='bbox 841 3658 1099 3730; x_wconf 87' lang='grc' dir='ltr'>πολεμεῖς</span> <span class='ocrx_word' id='word_1_470' title='bbox 1127 3661 1227 3732; x_wconf 80' lang='grc' dir='ltr'><strong>τὴν</strong></span> <span class='ocrx_word' id='word_1_471' title='bbox 1258 3659 1553 3732; x_wconf 84' lang='grc' dir='ltr'>ἁλήθειαν;</span> <span class='ocrx_word' id='word_1_472' title='bbox 1602 3661 1726 3724; x_wconf 90' lang='grc' dir='ltr'><strong>Πῶς</strong></span> <span class='ocrx_word' id='word_1_473' title='bbox 1763 3661 1862 3714; x_wconf 70' lang='grc' dir='ltr'><strong>οὐκ</strong></span> <span class='ocrx_word' id='word_1_474' title='bbox 1891 3662 2023 3732; x_wconf 81' lang='grc' dir='ltr'>ἐρυ-</span> 
     </span>
    </p>
   </div>
   <div class='ocr_carea' id='block_1_67' title="bbox 425 3752 2028 3827">
    <p class='ocr_par' dir='ltr' id='par_1_67' title="bbox 425 3752 2028 3827">
     <span class='ocr_line' id='line_1_67' title="bbox 425 3752 2028 3827; baseline 0.002 -21"><span class='ocrx_word' id='word_1_475' title='bbox 425 3752 588 3827; x_wconf 79' lang='grc' dir='ltr'>Οριᾷς</span> <span class='ocrx_word' id='word_1_476' title='bbox 619 3752 873 3808; x_wconf 83' lang='grc' dir='ltr'>τοσοῦτον</span> <span class='ocrx_word' id='word_1_477' title='bbox 912 3753 1262 3824; x_wconf 75' lang='grc' dir='ltr'>ἐξαπατήσας</span> <span class='ocrx_word' id='word_1_478' title='bbox 1309 3754 1438 3808; x_wconf 82' lang='grc' dir='ltr'>λαὸν</span> <span class='ocrx_word' id='word_1_479' title='bbox 1473 3757 1530 3808; x_wconf 83' lang='grc' dir='ltr'><strong>ὲν</strong></span> <span class='ocrx_word' id='word_1_480' title='bbox 1582 3754 1882 3824; x_wconf 77' lang='grc' dir='ltr'>ἀπατηλοῖς</span> <span class='ocrx_word' id='word_1_481' title='bbox 1932 3756 2028 3826; x_wconf 79' lang='grc' dir='ltr'><strong>ῥή-</strong></span> 
     </span>
    </p>
   </div>
   <div class='ocr_carea' id='block_1_68' title="bbox 427 3845 2027 3919">
    <p class='ocr_par' dir='ltr' id='par_1_68' title="bbox 427 3845 2027 3919">
     <span class='ocr_line' id='line_1_68' title="bbox 427 3845 2027 3919; baseline -0.001 -17"><span class='ocrx_word' id='word_1_482' title='bbox 427 3863 562 3918; x_wconf 85' lang='grc' dir='ltr'>μασι</span> <span class='ocrx_word' id='word_1_483' title='bbox 593 3846 688 3901; x_wconf 81' lang='grc' dir='ltr'>καὶ</span> <span class='ocrx_word' id='word_1_484' title='bbox 717 3845 1260 3918; x_wconf 76' lang='grc' dir='ltr'>ὀνόμασιψευδέσιν;</span> <span class='ocrx_word' id='word_1_485' title='bbox 1310 3847 1430 3901; x_wconf 87' lang='grc' dir='ltr'>Ἵνα</span> <span class='ocrx_word' id='word_1_486' title='bbox 1477 3847 1528 3901; x_wconf 90' lang='grc' dir='ltr'><strong>τί</strong></span> <span class='ocrx_word' id='word_1_487' title='bbox 1575 3847 1871 3918; x_wconf 69' lang='grc' dir='ltr'>ἠγάπησας</span> <span class='ocrx_word' id='word_1_488' title='bbox 1929 3847 2027 3919; x_wconf 84' lang='grc' dir='ltr'>τὴν</span> 
     </span>
    </p>
   </div>
   <div class='ocr_carea' id='block_1_69' title="bbox 422 3937 2026 4010">
    <p class='ocr_par' dir='ltr' id='par_1_69' title="bbox 422 3937 2026 4010">
     <span class='ocr_line' id='line_1_69' title="bbox 422 3937 2026 4010; baseline -0.001 -17"><span class='ocrx_word' id='word_1_489' title='bbox 422 3938 586 4006; x_wconf 79' lang='grc' dir='ltr'>δόξαν</span> <span class='ocrx_word' id='word_1_490' title='bbox 631 3937 742 3992; x_wconf 90' lang='grc' dir='ltr'><strong>τῶν</strong></span> <span class='ocrx_word' id='word_1_491' title='bbox 783 3937 1112 4009; x_wconf 83' lang='grc' dir='ltr'>ἀνθρώπων,</span> <span class='ocrx_word' id='word_1_492' title='bbox 1167 3939 1262 3993; x_wconf 75' lang='grc' dir='ltr'>καὶ</span> <span class='ocrx_word' id='word_1_493' title='bbox 1309 3939 1371 3992; x_wconf 85' lang='grc' dir='ltr'><strong>οὐ</strong></span> <span class='ocrx_word' id='word_1_494' title='bbox 1417 3939 1516 4010; x_wconf 81' lang='grc' dir='ltr'><strong>τὴν</strong></span> <span class='ocrx_word' id='word_1_495' title='bbox 1565 3939 1660 3993; x_wconf 84' lang='grc' dir='ltr'><strong>τοῦ</strong></span> <span class='ocrx_word' id='word_1_496' title='bbox 1691 3941 1827 3993; x_wconf 82' lang='grc' dir='ltr'>Θεοῦ</span> <span class='ocrx_word' id='word_1_497' title='bbox 1855 3981 1869 4006; x_wconf 92' lang='grc'><strong>,</strong></span> <span class='ocrx_word' id='word_1_498' title='bbox 1930 3940 2026 3994; x_wconf 78' lang='grc' dir='ltr'><strong>καὶ</strong></span> 
     </span>
    </p>
   </div>
   <div class='ocr_carea' id='block_1_70' title="bbox 427 4029 2028 4103">
    <p class='ocr_par' dir='ltr' id='par_1_70' title="bbox 427 4029 2028 4103">
     <span class='ocr_line' id='line_1_70' title="bbox 427 4029 2028 4103; baseline 0.002 -20"><span class='ocrx_word' id='word_1_499' title='bbox 427 4029 770 4102; x_wconf 84' lang='grc' dir='ltr'>παρακαλεῖς</span> <span class='ocrx_word' id='word_1_500' title='bbox 816 4030 1072 4102; x_wconf 81' lang='grc' dir='ltr'>δεχθῆναι</span> <span class='ocrx_word' id='word_1_501' title='bbox 1129 4032 1281 4103; x_wconf 69' lang='grc' dir='ltr'>παρὰ</span> <span class='ocrx_word' id='word_1_502' title='bbox 1333 4034 1553 4085; x_wconf 75' lang='grc' dir='ltr'>πάντων</span> <span class='ocrx_word' id='word_1_503' title='bbox 1607 4033 1683 4094; x_wconf 80' lang='grc' dir='ltr'>ὼς</span> <span class='ocrx_word' id='word_1_504' title='bbox 1730 4033 2028 4096; x_wconf 79' lang='grc' dir='ltr'>ἀπόστολος</span> 
     </span>
    </p>
   </div>
   <div class='ocr_carea' id='block_1_71' title="bbox 427 4122 2023 4196">
    <p class='ocr_par' dir='ltr' id='par_1_71' title="bbox 427 4122 2023 4196">
     <span class='ocr_line' id='line_1_71' title="bbox 427 4122 2023 4196; baseline 0.003 -20"><span class='ocrx_word' id='word_1_505' title='bbox 427 4122 708 4194; x_wconf 86' lang='grc' dir='ltr'>Χριστοῦ,</span> <span class='ocrx_word' id='word_1_506' title='bbox 752 4122 930 4191; x_wconf 81' lang='grc' dir='ltr'>λέγων</span> <span class='ocrx_word' id='word_1_507' title='bbox 973 4123 1109 4194; x_wconf 77' lang='grc' dir='ltr'>πρὸς</span> <span class='ocrx_word' id='word_1_508' title='bbox 1143 4124 1352 4177; x_wconf 81' lang='grc' dir='ltr'>Λέοντα</span> <span class='ocrx_word' id='word_1_509' title='bbox 1400 4124 1492 4176; x_wconf 82' lang='grc' dir='ltr'><strong>τὸν</strong></span> <span class='ocrx_word' id='word_1_510' title='bbox 1538 4125 1819 4179; x_wconf 78' lang='grc' dir='ltr'>Μοντανόν</span> <span class='ocrx_word' id='word_1_511' title='bbox 1859 4125 1972 4196; x_wconf 79' lang='grc'><strong>(59)</strong></span> <span class='ocrx_word' id='word_1_512' title='bbox 2009 4142 2023 4155; x_wconf 88' lang='grc'><em>’</em></span> 
     </span>
    </p>
   </div>
   <div class='ocr_carea' id='block_1_72' title="bbox 428 4213 2030 4287">
    <p class='ocr_par' dir='ltr' id='par_1_72' title="bbox 428 4213 2030 4287">
     <span class='ocr_line' id='line_1_72' title="bbox 428 4213 2030 4287; baseline 0.001 -17"><span class='ocrx_word' id='word_1_513' title='bbox 428 4215 515 4270; x_wconf 87' lang='grc' dir='ltr'><strong>Σὺ</strong></span> <span class='ocrx_word' id='word_1_514' title='bbox 558 4213 628 4269; x_wconf 85' lang='grc' dir='ltr'>δὲ</span> <span class='ocrx_word' id='word_1_515' title='bbox 657 4215 930 4284; x_wconf 79' lang='grc' dir='ltr'>τήρησον</span> <span class='ocrx_word' id='word_1_516' title='bbox 973 4217 1240 4271; x_wconf 86' lang='grc' dir='ltr'>σεαυτόν</span> <span class='ocrx_word' id='word_1_517' title='bbox 1264 4233 1278 4248; x_wconf 76' lang='grc'><strong><em>⁸</em></strong></span> <span class='ocrx_word' id='word_1_518' title='bbox 1323 4216 1502 4282; x_wconf 77' lang='grc' dir='ltr'>ἔνδος</span> <span class='ocrx_word' id='word_1_519' title='bbox 1535 4218 1598 4269; x_wconf 86' lang='grc' dir='ltr'>τὸ</span> <span class='ocrx_word' id='word_1_520' title='bbox 1638 4217 1876 4286; x_wconf 81' lang='grc' dir='ltr'>τέμνειν</span> <span class='ocrx_word' id='word_1_521' title='bbox 1915 4218 2030 4287; x_wconf 80' lang='grc' dir='ltr'><strong>τὴν</strong></span> 
     </span>
    </p>
   </div>
   <div class='ocr_carea' id='block_1_73' title="bbox 428 4308 2030 4378">
    <p class='ocr_par' dir='ltr' id='par_1_73' title="bbox 428 4308 2030 4378">
     <span class='ocr_line' id='line_1_73' title="bbox 428 4308 2030 4378; baseline 0.001 -14"><span class='ocrx_word' id='word_1_522' title='bbox 428 4308 651 4378; x_wconf 78' lang='grc' dir='ltr'>ἀκλινῆ</span> <span class='ocrx_word' id='word_1_523' title='bbox 689 4309 920 4363; x_wconf 85' lang='grc' dir='ltr'>πίστιν.</span> <span class='ocrx_word' id='word_1_524' title='bbox 968 4308 1112 4362; x_wconf 83' lang='grc' dir='ltr'>Τίνα</span> <span class='ocrx_word' id='word_1_525' title='bbox 1145 4309 1256 4378; x_wconf 71' lang='grc' dir='ltr'>γὰρ</span> <span class='ocrx_word' id='word_1_526' title='bbox 1293 4310 1657 4378; x_wconf 77' lang='grc' dir='ltr'>κατηγορίαν</span> <span class='ocrx_word' id='word_1_527' title='bbox 1695 4311 1858 4378; x_wconf 76' lang='grc' dir='ltr'>ἔχεις</span> <span class='ocrx_word' id='word_1_528' title='bbox 1900 4311 2030 4365; x_wconf 82' lang='grc' dir='ltr'>καθ’</span> 
     </span>
    </p>
   </div>
   <div class='ocr_carea' id='block_1_74' title="bbox 431 4399 2031 4474">
    <p class='ocr_par' dir='ltr' id='par_1_74' title="bbox 431 4399 2031 4474">
     <span class='ocr_line' id='line_1_74' title="bbox 431 4399 2031 4474; baseline -0.002 -16"><span class='ocrx_word' id='word_1_529' title='bbox 431 4401 642 4473; x_wconf 67' lang='grc' dir='ltr'>τὶμῶν;</span> <span class='ocrx_word' id='word_1_530' title='bbox 675 4402 770 4469; x_wconf 77' lang='grc' dir='ltr'><strong>Μή</strong></span> <span class='ocrx_word' id='word_1_531' title='bbox 791 4418 928 4459; x_wconf 83' lang='grc' dir='ltr'>τινα</span> <span class='ocrx_word' id='word_1_532' title='bbox 949 4399 1423 4469; x_wconf 78' lang='grc' dir='ltr'>ἐπλεονέκτησα,</span> <span class='ocrx_word' id='word_1_533' title='bbox 1449 4400 1487 4469; x_wconf 81' lang='grc' dir='ltr'>ἢ</span> <span class='ocrx_word' id='word_1_534' title='bbox 1510 4400 2031 4474; x_wconf 69' lang='grc' dir='ltr'>ὑψηλορρόνησα;</span> 
     </span>
    </p>
   </div>
   <div class='ocr_carea' id='block_1_75' title="bbox 437 4492 2034 4562">
    <p class='ocr_par' dir='ltr' id='par_1_75' title="bbox 437 4492 2034 4562">
     <span class='ocr_line' id='line_1_75' title="bbox 437 4492 2034 4562; baseline -0.001 -13"><span class='ocrx_word' id='word_1_535' title='bbox 437 4497 520 4550; x_wconf 82' lang='grc' dir='ltr'><strong>Οὐ</strong></span> <span class='ocrx_word' id='word_1_536' title='bbox 549 4494 810 4550; x_wconf 82' lang='grc' dir='ltr'>δύνασαι</span> <span class='ocrx_word' id='word_1_537' title='bbox 838 4493 1050 4548; x_wconf 77' lang='grc' dir='ltr'>είπεῖν.</span> <span class='ocrx_word' id='word_1_538' title='bbox 1086 4495 1155 4547; x_wconf 86' lang='grc' dir='ltr'><strong>Εἰ</strong></span> <span class='ocrx_word' id='word_1_539' title='bbox 1180 4493 1249 4546; x_wconf 86' lang='grc' dir='ltr'>δὲ</span> <span class='ocrx_word' id='word_1_540' title='bbox 1287 4492 1384 4546; x_wconf 77' lang='grc' dir='ltr'>καὶ</span> <span class='ocrx_word' id='word_1_541' title='bbox 1405 4492 1613 4561; x_wconf 76' lang='grc' dir='ltr'>εἴπῃς·</span> <span class='ocrx_word' id='word_1_542' title='bbox 1653 4492 1724 4548; x_wconf 85' lang='grc' dir='ltr'>Ἡ</span> <span class='ocrx_word' id='word_1_543' title='bbox 1737 4493 2034 4562; x_wconf 78' lang='grc' dir='ltr'>μαρτυρία</span> 
     </span>
    </p>
   </div>
   <div class='ocr_carea' id='block_1_76' title="bbox 2123 3287 3724 3345">
    <p class='ocr_par' dir='ltr' id='par_1_76' title="bbox 2123 3287 3724 3345">
     <span class='ocr_line' id='line_1_76' title="bbox 2123 3287 3724 3345; baseline -0.001 0"><span class='ocrx_word' id='word_1_544' title='bbox 2123 3289 2456 3345; x_wconf 84' lang='lat' dir='ltr'><strong>rinthiorum</strong></span> <span class='ocrx_word' id='word_1_545' title='bbox 2482 3288 2781 3345; x_wconf 89' lang='lat' dir='ltr'><strong>Eeclesiam</strong></span> <span class='ocrx_word' id='word_1_546' title='bbox 2818 3288 3156 3344; x_wconf 66' lang='lat' dir='ltr'><strong>aediﬁcavit?</strong></span> <span class='ocrx_word' id='word_1_547' title='bbox 3193 3287 3261 3343; x_wconf 91' lang='lat' dir='ltr'><strong>Et</strong></span> <span class='ocrx_word' id='word_1_548' title='bbox 3288 3289 3334 3343; x_wconf 87' lang='lat' dir='ltr'><strong>si</strong></span> <span class='ocrx_word' id='word_1_549' title='bbox 3365 3287 3516 3343; x_wconf 83' lang='lat' dir='ltr'><strong>Pauli</strong></span> <span class='ocrx_word' id='word_1_550' title='bbox 3553 3289 3724 3344; x_wconf 88' lang='lat' dir='ltr'><strong>disci-</strong></span> 
     </span>
    </p>
   </div>
   <div class='ocr_carea' id='block_1_77' title="bbox 2124 3381 3726 3453">
    <p class='ocr_par' dir='ltr' id='par_1_77' title="bbox 2124 3381 3726 3453">
     <span class='ocr_line' id='line_1_77' title="bbox 2124 3381 3726 3453; baseline 0 -16"><span class='ocrx_word' id='word_1_551' title='bbox 2124 3382 2239 3453; x_wconf 87' lang='lat' dir='ltr'><strong>puli</strong></span> <span class='ocrx_word' id='word_1_552' title='bbox 2266 3390 2424 3437; x_wconf 89' lang='lat' dir='ltr'><strong>erant</strong></span> <span class='ocrx_word' id='word_1_553' title='bbox 2448 3381 2505 3436; x_wconf 89' lang='lat' dir='ltr'><strong>hi</strong></span> <span class='ocrx_word' id='word_1_554' title='bbox 2531 3381 2676 3452; x_wconf 90' lang='lat' dir='ltr'><strong>quia</strong></span> <span class='ocrx_word' id='word_1_555' title='bbox 2705 3391 2757 3436; x_wconf 91' lang='lat' dir='ltr'><strong>te</strong></span> <span class='ocrx_word' id='word_1_556' title='bbox 2784 3390 3184 3447; x_wconf 88' lang='lat' dir='ltr'><strong>memorantur,</strong></span> <span class='ocrx_word' id='word_1_557' title='bbox 3207 3381 3482 3452; x_wconf 82' lang='lat' dir='ltr'><strong>quomodo</strong></span> <span class='ocrx_word' id='word_1_558' title='bbox 3513 3381 3581 3436; x_wconf 87' lang='lat' dir='ltr'><strong>ab</strong></span> <span class='ocrx_word' id='word_1_559' title='bbox 3610 3381 3726 3452; x_wconf 89' lang='lat' dir='ltr'><strong>ipso</strong></span> 
     </span>
    </p>
   </div>
   <div class='ocr_carea' id='block_1_78' title="bbox 2127 3473 3728 3544">
    <p class='ocr_par' dir='ltr' id='par_1_78' title="bbox 2127 3473 3728 3544">
     <span class='ocr_line' id='line_1_78' title="bbox 2127 3473 3728 3544; baseline -0.002 -13"><span class='ocrx_word' id='word_1_560' title='bbox 2127 3475 2368 3532; x_wconf 82' lang='lat' dir='ltr'><strong>instituti</strong></span> <span class='ocrx_word' id='word_1_561' title='bbox 2418 3474 2668 3538; x_wconf 79' lang='lat' dir='ltr'><strong>fuerunt,</strong></span> <span class='ocrx_word' id='word_1_562' title='bbox 2714 3488 2898 3544; x_wconf 88' lang='lat' dir='ltr'><strong>quove</strong></span> <span class='ocrx_word' id='word_1_563' title='bbox 2940 3473 2996 3527; x_wconf 92' lang='lat' dir='ltr'><strong>in</strong></span> <span class='ocrx_word' id='word_1_564' title='bbox 3046 3473 3190 3538; x_wconf 89' lang='lat' dir='ltr'><strong>loco,</strong></span> <span class='ocrx_word' id='word_1_565' title='bbox 3239 3473 3333 3543; x_wconf 92' lang='lat' dir='ltr'><strong>qui</strong></span> <span class='ocrx_word' id='word_1_566' title='bbox 3376 3473 3728 3544; x_wconf 86' lang='lat' dir='ltr'><strong>octingentos</strong></span> 
     </span>
    </p>
   </div>
   <div class='ocr_carea' id='block_1_79' title="bbox 2127 3565 3730 3641">
    <p class='ocr_par' dir='ltr' id='par_1_79' title="bbox 2127 3565 3730 3641">
     <span class='ocr_line' id='line_1_79' title="bbox 2127 3565 3730 3641; baseline -0.001 -17"><span class='ocrx_word' id='word_1_567' title='bbox 2127 3578 2252 3640; x_wconf 87' lang='lat' dir='ltr'><strong>post</strong></span> <span class='ocrx_word' id='word_1_568' title='bbox 2275 3583 2451 3625; x_wconf 86' lang='lat' dir='ltr'><strong>annos</strong></span> <span class='ocrx_word' id='word_1_569' title='bbox 2474 3568 2641 3641; x_wconf 81' lang='lat' dir='ltr'><strong>geniti</strong></span> <span class='ocrx_word' id='word_1_570' title='bbox 2677 3567 2941 3623; x_wconf 79' lang='lat' dir='ltr'><strong>fuerunt?</strong></span> <span class='ocrx_word' id='word_1_571' title='bbox 2961 3565 3073 3623; x_wconf 89' lang='lat' dir='ltr'><strong>Cur</strong></span> <span class='ocrx_word' id='word_1_572' title='bbox 3094 3566 3382 3622; x_wconf 82' lang='lat' dir='ltr'><strong>veritatem</strong></span> <span class='ocrx_word' id='word_1_573' title='bbox 3405 3568 3730 3639; x_wconf 84' lang='lat' dir='ltr'><strong>oppugnas?</strong></span> 
     </span>
    </p>
   </div>
   <div class='ocr_carea' id='block_1_80' title="bbox 2129 3659 3730 3731">
    <p class='ocr_par' dir='ltr' id='par_1_80' title="bbox 2129 3659 3730 3731">
     <span class='ocr_line' id='line_1_80' title="bbox 2129 3659 3730 3731; baseline -0.001 -14"><span class='ocrx_word' id='word_1_574' title='bbox 2129 3661 2242 3718; x_wconf 88' lang='lat' dir='ltr'><strong>Cur</strong></span> <span class='ocrx_word' id='word_1_575' title='bbox 2271 3671 2324 3717; x_wconf 90' lang='lat' dir='ltr'><strong>te</strong></span> <span class='ocrx_word' id='word_1_576' title='bbox 2376 3677 2488 3716; x_wconf 89' lang='lat' dir='ltr'><strong>non</strong></span> <span class='ocrx_word' id='word_1_577' title='bbox 2533 3660 2704 3731; x_wconf 84' lang='lat' dir='ltr'><strong>pudet</strong></span> <span class='ocrx_word' id='word_1_578' title='bbox 2754 3668 2969 3716; x_wconf 85' lang='lat' dir='ltr'><strong>tantum</strong></span> <span class='ocrx_word' id='word_1_579' title='bbox 3012 3659 3276 3730; x_wconf 89' lang='lat' dir='ltr'><strong>populum</strong></span> <span class='ocrx_word' id='word_1_580' title='bbox 3318 3659 3730 3716; x_wconf 86' lang='lat' dir='ltr'><strong>luditicantibus</strong></span> 
     </span>
    </p>
   </div>
   <div class='ocr_carea' id='block_1_81' title="bbox 2126 3753 3728 3827">
    <p class='ocr_par' dir='ltr' id='par_1_81' title="bbox 2126 3753 3728 3827">
     <span class='ocr_line' id='line_1_81' title="bbox 2126 3753 3728 3827; baseline -0.003 -15"><span class='ocrx_word' id='word_1_581' title='bbox 2126 3755 2389 3827; x_wconf 85' lang='lat' dir='ltr'><strong>falsisque</strong></span> <span class='ocrx_word' id='word_1_582' title='bbox 2416 3755 2700 3811; x_wconf 88' lang='lat' dir='ltr'><strong>vocabulis</strong></span> <span class='ocrx_word' id='word_1_583' title='bbox 2733 3754 2965 3810; x_wconf 81' lang='lat' dir='ltr'><strong>fallere?</strong></span> <span class='ocrx_word' id='word_1_584' title='bbox 3001 3753 3114 3808; x_wconf 87' lang='lat' dir='ltr'><strong>Cur</strong></span> <span class='ocrx_word' id='word_1_585' title='bbox 3155 3753 3444 3809; x_wconf 90' lang='lat' dir='ltr'><strong>hominum</strong></span> <span class='ocrx_word' id='word_1_586' title='bbox 3476 3753 3728 3826; x_wconf 84' lang='lat' dir='ltr'><strong>gloriam,</strong></span> 
     </span>
    </p>
   </div>
   <div class='ocr_carea' id='block_1_82' title="bbox 2127 3846 3730 3919">
    <p class='ocr_par' dir='ltr' id='par_1_82' title="bbox 2127 3846 3730 3919">
     <span class='ocr_line' id='line_1_82' title="bbox 2127 3846 3730 3919; baseline -0.004 -14"><span class='ocrx_word' id='word_1_587' title='bbox 2127 3866 2241 3905; x_wconf 91' lang='lat' dir='ltr'><strong>non</strong></span> <span class='ocrx_word' id='word_1_588' title='bbox 2294 3848 2412 3916; x_wconf 85' lang='lat' dir='ltr'><strong>Dei,</strong></span> <span class='ocrx_word' id='word_1_589' title='bbox 2465 3848 2688 3918; x_wconf 82' lang='lat' dir='ltr'><strong>diligis?</strong></span> <span class='ocrx_word' id='word_1_590' title='bbox 2731 3855 2898 3919; x_wconf 88' lang='lat' dir='ltr'><strong>atque</strong></span> <span class='ocrx_word' id='word_1_591' title='bbox 2944 3847 3014 3903; x_wconf 89' lang='lat' dir='ltr'><strong>ab</strong></span> <span class='ocrx_word' id='word_1_592' title='bbox 3061 3846 3318 3902; x_wconf 91' lang='lat' dir='ltr'><strong>omnibus</strong></span> <span class='ocrx_word' id='word_1_593' title='bbox 3371 3863 3474 3903; x_wconf 87' lang='lat' dir='ltr'><strong>ceu</strong></span> <span class='ocrx_word' id='word_1_594' title='bbox 3525 3846 3730 3903; x_wconf 84' lang='lat' dir='ltr'><strong>Christi</strong></span> 
     </span>
    </p>
   </div>
   <div class='ocr_carea' id='block_1_83' title="bbox 2127 3939 3731 4012">
    <p class='ocr_par' dir='ltr' id='par_1_83' title="bbox 2127 3939 3731 4012">
     <span class='ocr_line' id='line_1_83' title="bbox 2127 3939 3731 4012; baseline -0.002 -15"><span class='ocrx_word' id='word_1_595' title='bbox 2127 3941 2424 4012; x_wconf 85' lang='lat' dir='ltr'><strong>Apostolus</strong></span> <span class='ocrx_word' id='word_1_596' title='bbox 2475 3940 2644 4010; x_wconf 89' lang='lat' dir='ltr'><strong>recipi</strong></span> <span class='ocrx_word' id='word_1_597' title='bbox 2704 3939 2808 4003; x_wconf 90' lang='lat' dir='ltr'><strong>vis,</strong></span> <span class='ocrx_word' id='word_1_598' title='bbox 2862 3939 3306 4011; x_wconf 86' lang='lat' dir='ltr'><strong>quandoquidem</strong></span> <span class='ocrx_word' id='word_1_599' title='bbox 3362 3939 3431 3995; x_wconf 87' lang='lat' dir='ltr'><strong>ad</strong></span> <span class='ocrx_word' id='word_1_600' title='bbox 3491 3939 3731 3995; x_wconf 86' lang='lat' dir='ltr'><strong>Leonem</strong></span> 
     </span>
    </p>
   </div>
   <div class='ocr_carea' id='block_1_84' title="bbox 2128 4031 3732 4095">
    <p class='ocr_par' dir='ltr' id='par_1_84' title="bbox 2128 4031 3732 4095">
     <span class='ocr_line' id='line_1_84' title="bbox 2128 4031 3732 4095; baseline -0.004 -4"><span class='ocrx_word' id='word_1_601' title='bbox 2128 4035 2521 4091; x_wconf 86' lang='lat' dir='ltr'><strong>Montanistam</strong></span> <span class='ocrx_word' id='word_1_602' title='bbox 2553 4033 2626 4087; x_wconf 89' lang='lat' dir='ltr'><strong>ita</strong></span> <span class='ocrx_word' id='word_1_603' title='bbox 2657 4031 2878 4095; x_wconf 85' lang='lat' dir='ltr'><strong>scribis.</strong></span> <span class='ocrx_word' id='word_1_604' title='bbox 2915 4031 2990 4085; x_wconf 88' lang='lat' dir='ltr'><strong>Tu</strong></span> <span class='ocrx_word' id='word_1_605' title='bbox 3025 4048 3148 4086; x_wconf 86' lang='lat' dir='ltr'><strong>vero</strong></span> <span class='ocrx_word' id='word_1_606' title='bbox 3181 4031 3276 4085; x_wconf 87' lang='lat' dir='ltr'><strong>tibi</strong></span> <span class='ocrx_word' id='word_1_607' title='bbox 3321 4047 3446 4085; x_wconf 84' lang='lat' dir='ltr'><strong>cave</strong></span> <span class='ocrx_word' id='word_1_608' title='bbox 3491 4048 3510 4085; x_wconf 93' lang='lat'><strong><em>:</em></strong></span> <span class='ocrx_word' id='word_1_609' title='bbox 3554 4033 3732 4086; x_wconf 79' lang='lat' dir='ltr'><strong>desine</strong></span> 
     </span>
    </p>
   </div>
   <div class='ocr_carea' id='block_1_85' title="bbox 2132 4120 3852 4192">
    <p class='ocr_par' dir='ltr' id='par_1_85' title="bbox 2132 4120 3852 4192">
     <span class='ocr_line' id='line_1_85' title="bbox 2132 4120 3852 4192; baseline -0.004 -11"><span class='ocrx_word' id='word_1_610' title='bbox 2132 4125 2368 4180; x_wconf 85' lang='lat' dir='ltr'><strong>scindere</strong></span> <span class='ocrx_word' id='word_1_611' title='bbox 2395 4140 2576 4180; x_wconf 87' lang='lat' dir='ltr'><strong>veram</strong></span> <span class='ocrx_word' id='word_1_612' title='bbox 2603 4122 2789 4192; x_wconf 83' lang='lat' dir='ltr'><strong>ﬁdem.</strong></span> <span class='ocrx_word' id='word_1_613' title='bbox 2833 4122 2974 4187; x_wconf 88' lang='lat' dir='ltr'><strong>Quid</strong></span> <span class='ocrx_word' id='word_1_614' title='bbox 3020 4121 3161 4175; x_wconf 88' lang='lat' dir='ltr'><strong>enim</strong></span> <span class='ocrx_word' id='word_1_615' title='bbox 3207 4123 3271 4174; x_wconf 88' lang='lat' dir='ltr'><strong>de</strong></span> <span class='ocrx_word' id='word_1_616' title='bbox 3302 4120 3451 4174; x_wconf 89' lang='lat' dir='ltr'><strong>nobis</strong></span> <span class='ocrx_word' id='word_1_617' title='bbox 3481 4132 3730 4190; x_wconf 78' lang='lat' dir='ltr'><strong>expostu-</strong></span> <span class='ocrx_word' id='word_1_618' title='bbox 3839 4147 3852 4158; x_wconf 63' lang='grc' dir='ltr'><strong>κ</strong></span> 
     </span>
    </p>
   </div>
   <div class='ocr_carea' id='block_1_86' title="bbox 2137 4210 3733 4288">
    <p class='ocr_par' dir='ltr' id='par_1_86' title="bbox 2137 4210 3733 4288">
     <span class='ocr_line' id='line_1_86' title="bbox 2137 4210 3733 4288; baseline -0.004 -14"><span class='ocrx_word' id='word_1_619' title='bbox 2137 4219 2254 4274; x_wconf 88' lang='lat' dir='ltr'><strong>las?</strong></span> <span class='ocrx_word' id='word_1_620' title='bbox 2287 4217 2433 4273; x_wconf 86' lang='lat' dir='ltr'><strong>Num</strong></span> <span class='ocrx_word' id='word_1_621' title='bbox 2474 4232 2569 4288; x_wconf 88' lang='lat' dir='ltr'><strong>ego</strong></span> <span class='ocrx_word' id='word_1_622' title='bbox 2609 4230 2930 4286; x_wconf 88' lang='lat' dir='ltr'><strong>quemquam</strong></span> <span class='ocrx_word' id='word_1_623' title='bbox 2973 4212 3242 4283; x_wconf 85' lang='lat' dir='ltr'><strong>spoliavi?</strong></span> <span class='ocrx_word' id='word_1_624' title='bbox 3285 4210 3432 4266; x_wconf 89' lang='lat' dir='ltr'><strong>Num</strong></span> <span class='ocrx_word' id='word_1_625' title='bbox 3480 4213 3733 4282; x_wconf 86' lang='lat' dir='ltr'><strong>cuiquam</strong></span> 
     </span>
    </p>
   </div>
   <div class='ocr_carea' id='block_1_87' title="bbox 2137 4304 3730 4385">
    <p class='ocr_par' dir='ltr' id='par_1_87' title="bbox 2137 4304 3730 4385">
     <span class='ocr_line' id='line_1_87' title="bbox 2137 4304 3730 4385; baseline -0.003 -18"><span class='ocrx_word' id='word_1_626' title='bbox 2137 4311 2404 4385; x_wconf 85' lang='lat' dir='ltr'><strong>palpando</strong></span> <span class='ocrx_word' id='word_1_627' title='bbox 2433 4312 2614 4382; x_wconf 67' lang='lat' dir='ltr'><strong>fucum</strong></span> <span class='ocrx_word' id='word_1_628' title='bbox 2661 4308 2806 4380; x_wconf 79' lang='lat' dir='ltr'><strong>feci?</strong></span> <span class='ocrx_word' id='word_1_629' title='bbox 2836 4304 2990 4360; x_wconf 83' lang='lat' dir='ltr'><strong>Nihil</strong></span> <span class='ocrx_word' id='word_1_630' title='bbox 3020 4305 3324 4374; x_wconf 86' lang='lat' dir='ltr'><strong>hujusmodi</strong></span> <span class='ocrx_word' id='word_1_631' title='bbox 3354 4305 3530 4360; x_wconf 85' lang='lat' dir='ltr'><strong>dicere</strong></span> <span class='ocrx_word' id='word_1_632' title='bbox 3564 4316 3730 4374; x_wconf 80' lang='lat' dir='ltr'><strong>potes.</strong></span> 
     </span>
    </p>
   </div>
   <div class='ocr_carea' id='block_1_88' title="bbox 2139 4398 3734 4473">
    <p class='ocr_par' dir='ltr' id='par_1_88' title="bbox 2139 4398 3734 4473">
     <span class='ocr_line' id='line_1_88' title="bbox 2139 4398 3734 4473; baseline -0.004 -12"><span class='ocrx_word' id='word_1_633' title='bbox 2139 4405 2290 4473; x_wconf 83' lang='lat' dir='ltr'><strong>Quod</strong></span> <span class='ocrx_word' id='word_1_634' title='bbox 2317 4405 2363 4459; x_wconf 90' lang='lat' dir='ltr'><strong>si</strong></span> <span class='ocrx_word' id='word_1_635' title='bbox 2399 4404 2562 4458; x_wconf 83' lang='lat' dir='ltr'><strong>etiam</strong></span> <span class='ocrx_word' id='word_1_636' title='bbox 2591 4401 2834 4455; x_wconf 73' lang='lat' dir='ltr'><strong>dixeris:</strong></span> <span class='ocrx_word' id='word_1_637' title='bbox 2871 4398 3250 4454; x_wconf 86' lang='lat' dir='ltr'><strong>Testimonium</strong></span> <span class='ocrx_word' id='word_1_638' title='bbox 3298 4409 3452 4458; x_wconf 84' lang='lat' dir='ltr'><strong>tuum</strong></span> <span class='ocrx_word' id='word_1_639' title='bbox 3505 4416 3610 4454; x_wconf 85' lang='lat' dir='ltr'><strong>non</strong></span> <span class='ocrx_word' id='word_1_640' title='bbox 3657 4411 3734 4454; x_wconf 84' lang='lat' dir='ltr'><strong>est</strong></span> 
     </span>
    </p>
   </div>
   <div class='ocr_carea' id='block_1_89' title="bbox 2140 4493 3735 4574">
    <p class='ocr_par' dir='ltr' id='par_1_89' title="bbox 2140 4493 3735 4574">
     <span class='ocr_line' id='line_1_89' title="bbox 2140 4493 3735 4574; baseline -0.004 -18"><span class='ocrx_word' id='word_1_641' title='bbox 2140 4516 2344 4565; x_wconf 83' lang='lat' dir='ltr'><strong>verum,</strong></span> <span class='ocrx_word' id='word_1_642' title='bbox 2388 4495 2501 4574; x_wconf 63' lang='grc'><strong>44</strong></span> <span class='ocrx_word' id='word_1_643' title='bbox 2526 4514 2559 4551; x_wconf 91' lang='grc' dir='ltr'><strong>α</strong></span> <span class='ocrx_word' id='word_1_644' title='bbox 2609 4512 2692 4550; x_wconf 90' lang='lat' dir='ltr'><strong>me</strong></span> <span class='ocrx_word' id='word_1_645' title='bbox 2721 4495 2857 4550; x_wconf 86' lang='lat' dir='ltr'><strong>absit</strong></span> <span class='ocrx_word' id='word_1_646' title='bbox 2886 4504 2944 4548; x_wconf 90' lang='lat' dir='ltr'><strong>ut</strong></span> <span class='ocrx_word' id='word_1_647' title='bbox 2988 4502 3038 4548; x_wconf 86' lang='lat' dir='ltr'><strong>te</strong></span> <span class='ocrx_word' id='word_1_648' title='bbox 3086 4493 3331 4547; x_wconf 85' lang='lat' dir='ltr'><strong>oderim:</strong></span> <span class='ocrx_word' id='word_1_649' title='bbox 3369 4493 3476 4547; x_wconf 87' lang='lat' dir='ltr'><strong>imo</strong></span> <span class='ocrx_word' id='word_1_650' title='bbox 3522 4511 3636 4559; x_wconf 91' lang='lat' dir='ltr'><strong>oro,</strong></span> <span class='ocrx_word' id='word_1_651' title='bbox 3675 4505 3735 4549; x_wconf 87' lang='lat' dir='ltr'><strong>ut</strong></span> 
     </span>
    </p>
   </div>
   <div class='ocr_carea' id='block_1_90' title="bbox 432 4584 2019 4665">
    <p class='ocr_par' dir='ltr' id='par_1_90' title="bbox 432 4584 2019 4656">
     <span class='ocr_line' id='line_1_90' title="bbox 432 4584 2019 4656; baseline -0.004 -11"><span class='ocrx_word' id='word_1_652' title='bbox 432 4603 554 4645; x_wconf 86' lang='grc' dir='ltr'>σου</span> <span class='ocrx_word' id='word_1_653' title='bbox 588 4589 699 4643; x_wconf 80' lang='grc' dir='ltr'>οὐκ</span> <span class='ocrx_word' id='word_1_654' title='bbox 725 4587 898 4642; x_wconf 82' lang='grc' dir='ltr'>ἐστιν</span> <span class='ocrx_word' id='word_1_655' title='bbox 921 4585 1178 4656; x_wconf 80' lang='grc' dir='ltr'>ἀληθὴς,</span> <span class='ocrx_word' id='word_1_656' title='bbox 1211 4586 1339 4656; x_wconf 80' lang='grc' dir='ltr'>ἐμοὶ</span> <span class='ocrx_word' id='word_1_657' title='bbox 1373 4585 1546 4655; x_wconf 81' lang='grc' dir='ltr'>δὲμὴ</span> <span class='ocrx_word' id='word_1_658' title='bbox 1590 4586 1827 4654; x_wconf 75' lang='grc' dir='ltr'>γένοιτο</span> <span class='ocrx_word' id='word_1_659' title='bbox 1851 4584 2019 4655; x_wconf 79' lang='grc' dir='ltr'>μισῆ-</span> 
     </span>
    </p>
   </div>
   <div class='ocr_carea' id='block_1_91' title="bbox 2123 4584 3739 4665">
    <p class='ocr_par' dir='ltr' id='par_1_91' title="bbox 2136 4585 3739 4665">
     <span class='ocr_line' id='line_1_91' title="bbox 2136 4585 3739 4665; baseline -0.002 -19"><span class='ocrx_word' id='word_1_660' title='bbox 2136 4589 2579 4665; x_wconf 85' lang='lat' dir='ltr'><strong>quemadmodum</strong></span> <span class='ocrx_word' id='word_1_661' title='bbox 2614 4586 2878 4658; x_wconf 90' lang='lat' dir='ltr'><strong>apostolos</strong></span> <span class='ocrx_word' id='word_1_662' title='bbox 2923 4585 3310 4656; x_wconf 79' lang='lat' dir='ltr'><strong>prop/telasque</strong></span> <span class='ocrx_word' id='word_1_663' title='bbox 3358 4587 3620 4656; x_wconf 84' lang='lat' dir='ltr'><strong>recepisti,</strong></span> <span class='ocrx_word' id='word_1_664' title='bbox 3647 4588 3739 4658; x_wconf 82' lang='lat' dir='ltr'><strong>qui</strong></span> 
     </span>
    </p>
   </div>
   <div class='ocr_carea' id='block_1_92' title="bbox 435 4678 2034 4754">
    <p class='ocr_par' dir='ltr' id='par_1_92' title="bbox 435 4678 2034 4754">
     <span class='ocr_line' id='line_1_92' title="bbox 435 4678 2034 4754; baseline 0 -19"><span class='ocrx_word' id='word_1_665' title='bbox 435 4683 544 4736; x_wconf 88' lang='grc' dir='ltr'>σαί</span> <span class='ocrx_word' id='word_1_666' title='bbox 581 4696 689 4742; x_wconf 76' lang='grc' dir='ltr'>σε·</span> <span class='ocrx_word' id='word_1_667' title='bbox 740 4680 904 4736; x_wconf 79' lang='grc' dir='ltr'>ἀλλὰ</span> <span class='ocrx_word' id='word_1_668' title='bbox 945 4679 1391 4748; x_wconf 75' lang='grc' dir='ltr'>παρακαλέσαι,</span> <span class='ocrx_word' id='word_1_669' title='bbox 1437 4678 1640 4754; x_wconf 81' lang='grc' dir='ltr'>ὥσπερ</span> <span class='ocrx_word' id='word_1_670' title='bbox 1669 4679 1853 4744; x_wconf 78' lang='grc' dir='ltr'><strong>ἐδέξω</strong></span> <span class='ocrx_word' id='word_1_671' title='bbox 1883 4682 2034 4736; x_wconf 82' lang='grc' dir='ltr'>ἀπο-</span> 
     </span>
    </p>
   </div>
   <div class='ocr_carea' id='block_1_93' title="bbox 433 4772 2035 4849">
    <p class='ocr_par' dir='ltr' id='par_1_93' title="bbox 433 4772 2035 4849">
     <span class='ocr_line' id='line_1_93' title="bbox 433 4772 2035 4849; baseline -0.001 -19"><span class='ocrx_word' id='word_1_672' title='bbox 433 4776 704 4842; x_wconf 77' lang='grc' dir='ltr'>στόλους</span> <span class='ocrx_word' id='word_1_673' title='bbox 737 4773 836 4828; x_wconf 76' lang='grc' dir='ltr'>καὶ</span> <span class='ocrx_word' id='word_1_674' title='bbox 877 4773 1212 4849; x_wconf 72' lang='grc' dir='ltr'>προφήτας,</span> <span class='ocrx_word' id='word_1_675' title='bbox 1253 4774 1311 4828; x_wconf 85' lang='grc' dir='ltr'>οἵ</span> <span class='ocrx_word' id='word_1_676' title='bbox 1335 4773 1499 4840; x_wconf 75' lang='grc' dir='ltr'>τινές</span> <span class='ocrx_word' id='word_1_677' title='bbox 1546 4775 1666 4827; x_wconf 80' lang='grc' dir='ltr'>εισι</span> <span class='ocrx_word' id='word_1_678' title='bbox 1715 4772 2035 4845; x_wconf 80' lang='grc' dir='ltr'>τέσσαρες,</span> 
     </span>
    </p>
   </div>
   <div class='ocr_carea' id='block_1_94' title="bbox 435 4865 2037 4939">
    <p class='ocr_par' dir='ltr' id='par_1_94' title="bbox 435 4865 2037 4939">
     <span class='ocr_line' id='line_1_94' title="bbox 435 4865 2037 4939; baseline -0.001 -15"><span class='ocrx_word' id='word_1_679' title='bbox 435 4868 608 4934; x_wconf 77' lang='grc' dir='ltr'>δέξαι</span> <span class='ocrx_word' id='word_1_680' title='bbox 654 4867 758 4922; x_wconf 78' lang='grc' dir='ltr'>καὶ</span> <span class='ocrx_word' id='word_1_681' title='bbox 812 4868 1105 4939; x_wconf 85' lang='grc' dir='ltr'>ποιμένας</span> <span class='ocrx_word' id='word_1_682' title='bbox 1151 4867 1252 4922; x_wconf 80' lang='grc' dir='ltr'>καὶ</span> <span class='ocrx_word' id='word_1_683' title='bbox 1300 4865 1744 4933; x_wconf 81' lang='grc' dir='ltr'>διδασκάλους,</span> <span class='ocrx_word' id='word_1_684' title='bbox 1800 4868 1902 4922; x_wconf 81' lang='grc' dir='ltr'>ἵνα</span> <span class='ocrx_word' id='word_1_685' title='bbox 1956 4868 2037 4938; x_wconf 80' lang='grc' dir='ltr'>μὴ</span> 
     </span>
    </p>
   </div>
   <div class='ocr_carea' id='block_1_95' title="bbox 437 4959 2037 5034">
    <p class='ocr_par' dir='ltr' id='par_1_95' title="bbox 437 4959 2037 5034">
     <span class='ocr_line' id='line_1_95' title="bbox 437 4959 2037 5034; baseline -0.002 -16"><span class='ocrx_word' id='word_1_686' title='bbox 437 4961 807 5034; x_wconf 60' lang='grc' dir='ltr'>θηριιλλωτος</span> <span class='ocrx_word' id='word_1_687' title='bbox 829 4963 988 5034; x_wconf 77' lang='grc' dir='ltr'>γίνῃ.</span> <span class='ocrx_word' id='word_1_688' title='bbox 1021 4962 1133 5016; x_wconf 78' lang='grc' dir='ltr'>Καὶ</span> <span class='ocrx_word' id='word_1_689' title='bbox 1167 4959 1402 5032; x_wconf 79' lang='grc' dir='ltr'>ἀλλαχοῦ</span> <span class='ocrx_word' id='word_1_690' title='bbox 1428 4960 1506 5009; x_wconf 60' lang='grc' dir='ltr'><strong>τον</strong></span> <span class='ocrx_word' id='word_1_691' title='bbox 1537 4959 1670 5030; x_wconf 73' lang='grc' dir='ltr'>ἔφης</span> <span class='ocrx_word' id='word_1_692' title='bbox 1697 4978 1712 4992; x_wconf 90' lang='grc'><strong>·</strong></span> <span class='ocrx_word' id='word_1_693' title='bbox 1751 4961 1816 5015; x_wconf 84' lang='grc' dir='ltr'>Ἡ</span> <span class='ocrx_word' id='word_1_694' title='bbox 1837 4961 2037 5031; x_wconf 82' lang='grc' dir='ltr'>πρώτη</span> 
     </span>
    </p>
   </div>
   <div class='ocr_carea' id='block_1_96' title="bbox 440 5053 2041 5126">
    <p class='ocr_par' dir='ltr' id='par_1_96' title="bbox 440 5053 2041 5126">
     <span class='ocr_line' id='line_1_96' title="bbox 440 5053 2041 5126; baseline 0.001 -18"><span class='ocrx_word' id='word_1_695' title='bbox 440 5055 692 5124; x_wconf 81' lang='grc' dir='ltr'>πορνεία</span> <span class='ocrx_word' id='word_1_696' title='bbox 724 5053 805 5124; x_wconf 76' lang='grc' dir='ltr'><strong>ἢν</strong></span> <span class='ocrx_word' id='word_1_697' title='bbox 839 5055 908 5110; x_wconf 80' lang='grc' dir='ltr'><strong>ἐκ</strong></span> <span class='ocrx_word' id='word_1_698' title='bbox 936 5054 1044 5110; x_wconf 90' lang='grc' dir='ltr'><strong>τοῦ</strong></span> <span class='ocrx_word' id='word_1_699' title='bbox 1075 5054 1250 5126; x_wconf 81' lang='grc' dir='ltr'>Ἀδὰμ</span> <span class='ocrx_word' id='word_1_700' title='bbox 1280 5055 1684 5124; x_wconf 76' lang='grc' dir='ltr'>περικείμεθα,</span> <span class='ocrx_word' id='word_1_701' title='bbox 1726 5056 2041 5125; x_wconf 75' lang='grc' dir='ltr'>εὐεργεσία</span> 
     </span>
    </p>
   </div>
   <div class='ocr_carea' id='block_1_97' title="bbox 440 5145 2037 5218">
    <p class='ocr_par' dir='ltr' id='par_1_97' title="bbox 440 5145 2037 5218">
     <span class='ocr_line' id='line_1_97' title="bbox 440 5145 2037 5218; baseline -0.001 -16"><span class='ocrx_word' id='word_1_702' title='bbox 440 5148 642 5202; x_wconf 82' lang='grc' dir='ltr'>ἐστίν·</span> <span class='ocrx_word' id='word_1_703' title='bbox 691 5146 730 5216; x_wconf 73' lang='grc' dir='ltr'><strong><em>ἡ</em></strong></span> <span class='ocrx_word' id='word_1_704' title='bbox 767 5146 837 5201; x_wconf 86' lang='grc' dir='ltr'>δὲ</span> <span class='ocrx_word' id='word_1_705' title='bbox 869 5145 1143 5217; x_wconf 85' lang='grc' dir='ltr'>δευτέρα,</span> <span class='ocrx_word' id='word_1_706' title='bbox 1167 5146 1381 5218; x_wconf 66' lang='grc' dir='ltr'>μείζῖυν</span> <span class='ocrx_word' id='word_1_707' title='bbox 1402 5157 1423 5183; x_wconf 73' lang='grc' dir='ltr'><em>ι</em></span> <span class='ocrx_word' id='word_1_708' title='bbox 1448 5146 1697 5214; x_wconf 81' lang='grc' dir='ltr'>πορνεία</span> <span class='ocrx_word' id='word_1_709' title='bbox 1724 5146 1877 5201; x_wconf 78' lang='grc' dir='ltr'><strong>ἐστὶ.</strong></span> <span class='ocrx_word' id='word_1_710' title='bbox 1905 5147 2037 5217; x_wconf 83' lang='grc' dir='ltr'>περὶ</span> 
     </span>
    </p>
   </div>
   <div class='ocr_carea' id='block_1_98' title="bbox 514 5223 1931 5366">
    <p class='ocr_par' dir='ltr' id='par_1_98' title="bbox 514 5223 1931 5366">
     <span class='ocr_line' id='line_1_98' title="bbox 514 5223 1931 5366; baseline 0.005 -14"><span class='ocrx_word' id='word_1_711' title='bbox 514 5298 559 5330; x_wconf 75' lang='grc'><strong>⁸³</strong></span> <span class='ocrx_word' id='word_1_712' title='bbox 583 5297 602 5352; x_wconf 95' lang='lat' dir='ltr'><strong>l</strong></span> <span class='ocrx_word' id='word_1_713' title='bbox 624 5298 747 5355; x_wconf 71' lang='lat' dir='ltr'><strong>Cor.</strong></span> <span class='ocrx_word' id='word_1_714' title='bbox 773 5299 971 5366; x_wconf 70' lang='lat' dir='ltr'><strong>v1,;18.</strong></span> <span class='ocrx_word' id='word_1_715' title='bbox 1916 5223 1931 5295; x_wconf 52' lang='grc' dir='ltr'><strong><em>Ι</em></strong></span> 
     </span>
    </p>
   </div>
   <div class='ocr_carea' id='block_1_99' title="bbox 2144 4679 3738 4755">
    <p class='ocr_par' dir='ltr' id='par_1_99' title="bbox 2144 4679 3738 4755">
     <span class='ocr_line' id='line_1_99' title="bbox 2144 4679 3738 4755; baseline -0.004 -14"><span class='ocrx_word' id='word_1_716' title='bbox 2144 4694 2264 4741; x_wconf 83' lang='lat' dir='ltr'><strong>sunt</strong></span> <span class='ocrx_word' id='word_1_717' title='bbox 2299 4692 2551 4755; x_wconf 84' lang='lat' dir='ltr'><strong>quatuor,</strong></span> <span class='ocrx_word' id='word_1_718' title='bbox 2581 4682 2656 4735; x_wconf 87' lang='lat' dir='ltr'><strong>itu</strong></span> <span class='ocrx_word' id='word_1_719' title='bbox 2685 4681 2850 4735; x_wconf 87' lang='lat' dir='ltr'><strong>etiam</strong></span> <span class='ocrx_word' id='word_1_720' title='bbox 2884 4687 3124 4750; x_wconf 86' lang='lat' dir='ltr'><strong>pastores</strong></span> <span class='ocrx_word' id='word_1_721' title='bbox 3147 4679 3378 4748; x_wconf 86' lang='lat' dir='ltr'><strong>recipias</strong></span> <span class='ocrx_word' id='word_1_722' title='bbox 3424 4689 3583 4751; x_wconf 81' lang='lat' dir='ltr'><strong>atque</strong></span> <span class='ocrx_word' id='word_1_723' title='bbox 3615 4697 3738 4734; x_wconf 90' lang='lat' dir='ltr'><strong>ma-</strong></span> 
     </span>
    </p>
   </div>
   <div class='ocr_carea' id='block_1_100' title="bbox 2139 4773 3734 4852">
    <p class='ocr_par' dir='ltr' id='par_1_100' title="bbox 2139 4773 3734 4852">
     <span class='ocr_line' id='line_1_100' title="bbox 2139 4773 3734 4852; baseline -0.005 -16"><span class='ocrx_word' id='word_1_724' title='bbox 2139 4781 2351 4852; x_wconf 85' lang='lat' dir='ltr'><strong>gistros,</strong></span> <span class='ocrx_word' id='word_1_725' title='bbox 2384 4795 2447 4833; x_wconf 87' lang='lat' dir='ltr'><strong>ne</strong></span> <span class='ocrx_word' id='word_1_726' title='bbox 2462 4780 2702 4850; x_wconf 78' lang='lat' dir='ltr'><strong>ferarum</strong></span> <span class='ocrx_word' id='word_1_727' title='bbox 2728 4775 2914 4846; x_wconf 75' lang='lat' dir='ltr'><strong>prwda</strong></span> <span class='ocrx_word' id='word_1_728' title='bbox 2933 4773 3061 4844; x_wconf 77' lang='lat' dir='ltr'><strong>ﬁas.</strong></span> <span class='ocrx_word' id='word_1_729' title='bbox 3081 4773 3226 4829; x_wconf 84' lang='lat' dir='ltr'><strong>Alibi</strong></span> <span class='ocrx_word' id='word_1_730' title='bbox 3251 4789 3471 4845; x_wconf 87' lang='lat' dir='ltr'><strong>quoque</strong></span> <span class='ocrx_word' id='word_1_731' title='bbox 3501 4773 3688 4830; x_wconf 83' lang='lat' dir='ltr'><strong>dixisti</strong></span> <span class='ocrx_word' id='word_1_732' title='bbox 3719 4790 3734 4829; x_wconf 92' lang='lat'><strong>:</strong></span> 
     </span>
    </p>
   </div>
   <div class='ocr_carea' id='block_1_101' title="bbox 2137 4866 3741 4943">
    <p class='ocr_par' dir='ltr' id='par_1_101' title="bbox 2137 4866 3741 4943">
     <span class='ocr_line' id='line_1_101' title="bbox 2137 4866 3741 4943; baseline -0.004 -16"><span class='ocrx_word' id='word_1_733' title='bbox 2137 4872 2325 4928; x_wconf 88' lang='lat' dir='ltr'><strong>Prima</strong></span> <span class='ocrx_word' id='word_1_734' title='bbox 2367 4870 2671 4943; x_wconf 79' lang='lat' dir='ltr'><strong>fornicatio,</strong></span> <span class='ocrx_word' id='word_1_735' title='bbox 2706 4885 2869 4931; x_wconf 89' lang='lat' dir='ltr'><strong>quam</strong></span> <span class='ocrx_word' id='word_1_736' title='bbox 2906 4883 2971 4921; x_wconf 74' lang='lat' dir='ltr'><strong>ex</strong></span> <span class='ocrx_word' id='word_1_737' title='bbox 2996 4866 3206 4920; x_wconf 83' lang='lat' dir='ltr'><strong>Adamo</strong></span> <span class='ocrx_word' id='word_1_738' title='bbox 3230 4866 3618 4933; x_wconf 76' lang='lat' dir='ltr'><strong>contraximus,</strong></span> <span class='ocrx_word' id='word_1_739' title='bbox 3653 4866 3741 4920; x_wconf 86' lang='lat' dir='ltr'><strong>be-</strong></span> 
     </span>
    </p>
   </div>
   <div class='ocr_carea' id='block_1_102' title="bbox 2139 4959 3738 5036">
    <p class='ocr_par' dir='ltr' id='par_1_102' title="bbox 2139 4959 3738 5036">
     <span class='ocr_line' id='line_1_102' title="bbox 2139 4959 3738 5036; baseline -0.006 -15"><span class='ocrx_word' id='word_1_740' title='bbox 2139 4966 2386 5036; x_wconf 79' lang='lat' dir='ltr'><strong>neﬁcium</strong></span> <span class='ocrx_word' id='word_1_741' title='bbox 2416 4972 2512 5019; x_wconf 86' lang='lat' dir='ltr'><strong>est.</strong></span> <span class='ocrx_word' id='word_1_742' title='bbox 2557 4961 2802 5018; x_wconf 88' lang='lat' dir='ltr'><strong>Secunda</strong></span> <span class='ocrx_word' id='word_1_743' title='bbox 2851 4959 3030 5030; x_wconf 83' lang='lat' dir='ltr'><strong>major</strong></span> <span class='ocrx_word' id='word_1_744' title='bbox 3065 4960 3354 5031; x_wconf 81' lang='lat' dir='ltr'><strong>fornicatio</strong></span> <span class='ocrx_word' id='word_1_745' title='bbox 3396 4970 3492 5025; x_wconf 83' lang='lat' dir='ltr'><strong>est,</strong></span> <span class='ocrx_word' id='word_1_746' title='bbox 3525 4959 3589 5012; x_wconf 88' lang='lat' dir='ltr'><strong>de</strong></span> <span class='ocrx_word' id='word_1_747' title='bbox 3633 4976 3738 5028; x_wconf 87' lang='lat' dir='ltr'><strong>qua</strong></span> 
     </span>
    </p>
   </div>
   <div class='ocr_carea' id='block_1_103' title="bbox 2139 5051 3740 5125">
    <p class='ocr_par' dir='ltr' id='par_1_103' title="bbox 2139 5051 3740 5125">
     <span class='ocr_line' id='line_1_103' title="bbox 2139 5051 3740 5125; baseline -0.002 -17"><span class='ocrx_word' id='word_1_748' title='bbox 2139 5055 2268 5109; x_wconf 87' lang='lat' dir='ltr'><strong>dicit</strong></span> <span class='ocrx_word' id='word_1_749' title='bbox 2297 5052 2543 5125; x_wconf 82' lang='lat' dir='ltr'><strong>(Paulus)</strong></span> <span class='ocrx_word' id='word_1_750' title='bbox 2567 5053 2612 5085; x_wconf 81' lang='lat'><strong>‘”</strong></span> <span class='ocrx_word' id='word_1_751' title='bbox 2640 5069 2653 5105; x_wconf 95' lang='lat'><strong>:</strong></span> <span class='ocrx_word' id='word_1_752' title='bbox 2686 5071 2704 5104; x_wconf 78' lang='grc' dir='ltr'><strong>ι</strong></span> <span class='ocrx_word' id='word_1_753' title='bbox 2740 5051 2843 5117; x_wconf 88' lang='lat' dir='ltr'><strong>Qui</strong></span> <span class='ocrx_word' id='word_1_754' title='bbox 2866 5051 3186 5124; x_wconf 73' lang='lat' dir='ltr'><strong>fornicatur,</strong></span> <span class='ocrx_word' id='word_1_755' title='bbox 3213 5051 3270 5104; x_wconf 89' lang='lat' dir='ltr'><strong>in</strong></span> <span class='ocrx_word' id='word_1_756' title='bbox 3310 5051 3585 5122; x_wconf 85' lang='lat' dir='ltr'><strong>proprium</strong></span> <span class='ocrx_word' id='word_1_757' title='bbox 3622 5068 3740 5104; x_wconf 82' lang='lat' dir='ltr'><strong>cor-</strong></span> 
     </span>
    </p>
   </div>
   <div class='ocr_carea' id='block_1_104' title="bbox 2139 5143 3742 5218">
    <p class='ocr_par' dir='ltr' id='par_1_104' title="bbox 2139 5143 3742 5218">
     <span class='ocr_line' id='line_1_104' title="bbox 2139 5143 3742 5218; baseline -0.003 -16"><span class='ocrx_word' id='word_1_758' title='bbox 2139 5165 2239 5218; x_wconf 88' lang='lat' dir='ltr'><strong>pus</strong></span> <span class='ocrx_word' id='word_1_759' title='bbox 2273 5157 2476 5218; x_wconf 85' lang='lat' dir='ltr'><strong>peccat.</strong></span> <span class='ocrx_word' id='word_1_760' title='bbox 2515 5165 2533 5200; x_wconf 86' lang='grc'><strong>›</strong></span> <span class='ocrx_word' id='word_1_761' title='bbox 2579 5146 2861 5218; x_wconf 84' lang='lat' dir='ltr'><strong>Addisquc</strong></span> <span class='ocrx_word' id='word_1_762' title='bbox 2897 5144 3086 5201; x_wconf 88' lang='lat' dir='ltr'><strong>dicens</strong></span> <span class='ocrx_word' id='word_1_763' title='bbox 3125 5163 3137 5198; x_wconf 88' lang='lat'>:</span> <span class='ocrx_word' id='word_1_764' title='bbox 3178 5145 3288 5200; x_wconf 81' lang='lat' dir='ltr'><strong>Nos</strong></span> <span class='ocrx_word' id='word_1_765' title='bbox 3317 5143 3511 5201; x_wconf 82' lang='lat' dir='ltr'><strong>Christi</strong></span> <span class='ocrx_word' id='word_1_766' title='bbox 3552 5162 3742 5215; x_wconf 83' lang='lat' dir='ltr'><strong>corpus</strong></span> 
     </span>
    </p>
   </div>
   <div class='ocr_carea' id='block_1_105' title="bbox 1705 5391 2398 5451">
    <p class='ocr_par' dir='ltr' id='par_1_105' title="bbox 1705 5391 2398 5451">
     <span class='ocr_line' id='line_1_105' title="bbox 1705 5391 2398 5451; baseline 0.003 -4"><span class='ocrx_word' id='word_1_767' title='bbox 1705 5391 1936 5448; x_wconf 66' lang='lat' dir='ltr'><strong>VABIIE</strong></span> <span class='ocrx_word' id='word_1_768' title='bbox 1995 5393 2398 5451; x_wconf 70' lang='lat' dir='ltr'><strong>LECTlONIiS.</strong></span> 
     </span>
    </p>
   </div>
   <div class='ocr_carea' id='block_1_106' title="bbox 527 5487 2019 5569">
    <p class='ocr_par' dir='ltr' id='par_1_106' title="bbox 527 5489 1999 5569">
     <span class='ocr_line' id='line_1_106' title="bbox 527 5489 1999 5569; baseline 0.001 -25"><span class='ocrx_word' id='word_1_769' title='bbox 527 5489 556 5530; x_wconf 74' lang='grc' dir='ltr'><strong>ι)</strong></span> <span class='ocrx_word' id='word_1_770' title='bbox 687 5490 1017 5569; x_wconf 43' lang='grc' dir='ltr'>ἀνιστόρισ-ε.</span> <span class='ocrx_word' id='word_1_771' title='bbox 1090 5501 1113 5528; x_wconf 72' lang='grc' dir='ltr'><strong>ε</strong></span> <span class='ocrx_word' id='word_1_772' title='bbox 1257 5493 1303 5569; x_wconf 76' lang='lat' dir='ltr'><strong>to</strong></span> <span class='ocrx_word' id='word_1_773' title='bbox 1338 5491 1527 5569; x_wconf 78' lang='lat' dir='ltr'><strong>pr_o_o_l.</strong></span> <span class='ocrx_word' id='word_1_774' title='bbox 1557 5491 1999 5569; x_wconf 56' lang='lat' dir='ltr'><strong>qttt)tLaaqtte_est</strong></span> 
     </span>
    </p>
   </div>
   <div class='ocr_carea' id='block_1_107' title="bbox 2123 5487 3739 5569">
    <p class='ocr_par' dir='ltr' id='par_1_107' title="bbox 2123 5487 3739 5569">
     <span class='ocr_line' id='line_1_107' title="bbox 2123 5487 3739 5569; baseline -0.004 -21"><span class='ocrx_word' id='word_1_775' title='bbox 2123 5494 2385 5569; x_wconf 76' lang='lat' dir='ltr'><strong>ndosum;</strong></span> <span class='ocrx_word' id='word_1_776' title='bbox 2426 5507 2550 5546; x_wconf 87' lang='lat' dir='ltr'><strong>nam</strong></span> <span class='ocrx_word' id='word_1_777' title='bbox 2583 5492 2751 5547; x_wconf 71' lang='lat' dir='ltr'><strong>codex</strong></span> <span class='ocrx_word' id='word_1_778' title='bbox 2788 5491 2954 5569; x_wconf 67' lang='lat' dir='ltr'><strong>habet</strong></span> <span class='ocrx_word' id='word_1_779' title='bbox 2977 5491 3071 5569; x_wconf 36' lang='grc' dir='ltr'><strong>αἱ.-</strong></span> <span class='ocrx_word' id='word_1_780' title='bbox 3091 5489 3238 5569; x_wconf 78' lang='lat' dir='ltr'><strong>quod</strong></span> <span class='ocrx_word' id='word_1_781' title='bbox 3265 5487 3598 5569; x_wconf 32' lang='lat' dir='ltr'><strong>referiturad</strong></span> <span class='ocrx_word' id='word_1_782' title='bbox 3629 5499 3739 5569; x_wconf 53' lang='lat' dir='ltr'><strong>tres</strong></span> 
     </span>
    </p>
   </div>
   <div class='ocr_carea' id='block_1_108' title="bbox 447 5561 2019 5634">
    <p class='ocr_par' dir='ltr' id='par_1_108' title="bbox 447 5561 2019 5634">
     <span class='ocr_line' id='line_1_108' title="bbox 447 5561 2019 5634; baseline 0.003 -21"><span class='ocrx_word' id='word_1_783' title='bbox 447 5563 734 5634; x_wconf 46' lang='lat' dir='ltr'><strong>praedictas</strong></span> <span class='ocrx_word' id='word_1_784' title='bbox 781 5561 1062 5634; x_wconf 73' lang='lat' dir='ltr'><strong>ecclesias.</strong></span> <span class='ocrx_word' id='word_1_785' title='bbox 1138 5563 1163 5601; x_wconf 74' lang='grc' dir='ltr'>ά</span> <span class='ocrx_word' id='word_1_786' title='bbox 1194 5562 1324 5616; x_wconf 75' lang='lat' dir='ltr'><strong>Cod.</strong></span> <span class='ocrx_word' id='word_1_787' title='bbox 1382 5565 1409 5614; x_wconf 85' lang='grc' dir='ltr'><strong>ὀ</strong></span> <span class='ocrx_word' id='word_1_788' title='bbox 1443 5561 1635 5629; x_wconf 66' lang='grc' dir='ltr'>λόγως.</span> <span class='ocrx_word' id='word_1_789' title='bbox 1691 5561 1755 5617; x_wconf 77' lang='lat' dir='ltr'><strong>R.</strong></span> <span class='ocrx_word' id='word_1_790' title='bbox 1790 5561 1816 5616; x_wconf 78' lang='grc' dir='ltr'><strong><em>ἆ</em></strong></span> <span class='ocrx_word' id='word_1_791' title='bbox 1857 5565 2019 5633; x_wconf 69' lang='grc' dir='ltr'>λόγως</span> 
     </span>
    </p>
   </div>
   <div class='ocr_carea' id='block_1_109' title="bbox 2123 5561 2651 5634">
    <p class='ocr_par' dir='ltr' id='par_1_109' title="bbox 2123 5565 2651 5634">
     <span class='ocr_line' id='line_1_109' title="bbox 2123 5565 2651 5634; baseline -0.002 -16"><span class='ocrx_word' id='word_1_792' title='bbox 2123 5565 2182 5619; x_wconf 84' lang='lat' dir='ltr'><strong>ed</strong></span> <span class='ocrx_word' id='word_1_793' title='bbox 2216 5566 2267 5619; x_wconf 90' lang='lat' dir='ltr'><strong>in</strong></span> <span class='ocrx_word' id='word_1_794' title='bbox 2303 5580 2474 5634; x_wconf 79' lang='lat' dir='ltr'><strong>marg.</strong></span> <span class='ocrx_word' id='word_1_795' title='bbox 2505 5580 2651 5618; x_wconf 87' lang='lat' dir='ltr'><strong>corr.</strong></span> 
     </span>
    </p>
   </div>
   <div class='ocr_carea' id='block_1_110' title="bbox 449 5631 1045 5704">
    <p class='ocr_par' dir='ltr' id='par_1_110' title="bbox 449 5631 1045 5704">
     <span class='ocr_line' id='line_1_110' title="bbox 449 5631 1045 5704; baseline 0.007 -20"><span class='ocrx_word' id='word_1_796' title='bbox 449 5641 474 5669; x_wconf 72' lang='grc'>³</span> <span class='ocrx_word' id='word_1_797' title='bbox 508 5631 572 5686; x_wconf 71' lang='grc' dir='ltr'>Π.</span> <span class='ocrx_word' id='word_1_798' title='bbox 594 5645 650 5688; x_wconf 88' lang='lat' dir='ltr'><strong>et</strong></span> <span class='ocrx_word' id='word_1_799' title='bbox 678 5635 800 5688; x_wconf 91' lang='lat' dir='ltr'><strong>cod.</strong></span> <span class='ocrx_word' id='word_1_800' title='bbox 839 5633 1045 5704; x_wconf 76' lang='grc' dir='ltr'>μεῖζον.</span> 
     </span>
    </p>
   </div>
   <div class='ocr_carea' id='block_1_111' title="bbox 2732 5557 3734 5632">
    <p class='ocr_par' dir='ltr' id='par_1_111' title="bbox 2732 5557 3734 5632">
     <span class='ocr_line' id='line_1_111' title="bbox 2732 5557 3734 5632; baseline -0.002 -16"><span class='ocrx_word' id='word_1_801' title='bbox 2732 5574 2755 5601; x_wconf 79' lang='lat'><strong>‘-‘</strong></span> <span class='ocrx_word' id='word_1_802' title='bbox 2792 5562 2857 5618; x_wconf 76' lang='grc' dir='ltr'><strong>Β.</strong></span> <span class='ocrx_word' id='word_1_803' title='bbox 2888 5573 2942 5618; x_wconf 77' lang='lat' dir='ltr'><strong>et</strong></span> <span class='ocrx_word' id='word_1_804' title='bbox 2973 5557 3184 5632; x_wconf 49' lang='grc' dir='ltr'>ευιΙίὴ.</span> <span class='ocrx_word' id='word_1_805' title='bbox 3269 5559 3344 5606; x_wconf 58' lang='lat'><strong>{&#39;3&#39;</strong></span> <span class='ocrx_word' id='word_1_806' title='bbox 3383 5557 3447 5613; x_wconf 75' lang='grc' dir='ltr'><strong>Β.</strong></span> <span class='ocrx_word' id='word_1_807' title='bbox 3482 5559 3734 5627; x_wconf 54' lang='grc' dir='ltr'>ἀλλογεοῦ.</span> 
     </span>
    </p>
   </div>
   <div class='ocr_carea' id='block_1_112' title="bbox 2001 5749 2234 5808">
    <p class='ocr_par' dir='ltr' id='par_1_112' title="bbox 2001 5749 2234 5808">
     <span class='ocr_line' id='line_1_112' title="bbox 2001 5749 2234 5808; baseline 0.017 -4"><span class='ocrx_word' id='word_1_808' title='bbox 2001 5749 2234 5808; x_wconf 55' lang='lat' dir='ltr'><strong>NOTAE.</strong></span> 
     </span>
    </p>
   </div>
   <div class='ocr_carea' id='block_1_113' title="bbox 523 5869 2019 5945">
    <p class='ocr_par' dir='ltr' id='par_1_113' title="bbox 523 5869 2019 5944">
     <span class='ocr_line' id='line_1_113' title="bbox 523 5869 2019 5944; baseline 0.001 -20"><span class='ocrx_word' id='word_1_809' title='bbox 523 5871 635 5942; x_wconf 67' lang='grc' dir='ltr'><strong>(ὅθ)</strong></span> <span class='ocrx_word' id='word_1_810' title='bbox 677 5871 980 5940; x_wconf 74' lang='grc' dir='ltr'>Μνντανδν,</span> <span class='ocrx_word' id='word_1_811' title='bbox 1026 5872 1107 5928; x_wconf 86' lang='lat' dir='ltr'><strong>vel</strong></span> <span class='ocrx_word' id='word_1_812' title='bbox 1139 5869 1476 5943; x_wconf 30' lang='lat' dir='ltr'><strong>“Montanum</strong></span> <span class='ocrx_word' id='word_1_813' title='bbox 1511 5873 1792 5944; x_wconf 78' lang='lat' dir='ltr'><strong>proprium</strong></span> <span class='ocrx_word' id='word_1_814' title='bbox 1829 5888 2019 5929; x_wconf 85' lang='lat' dir='ltr'><strong>nomen</strong></span> 
     </span>
    </p>
   </div>
   <div class='ocr_carea' id='block_1_114' title="bbox 2123 5869 3008 5945">
    <p class='ocr_par' dir='ltr' id='par_1_114' title="bbox 2123 5873 3008 5945">
     <span class='ocr_line' id='line_1_114' title="bbox 2123 5873 3008 5945; baseline 0.002 -15"><span class='ocrx_word' id='word_1_815' title='bbox 2123 5874 2163 5930; x_wconf 82' lang='lat' dir='ltr'><strong>cl</strong></span> <span class='ocrx_word' id='word_1_816' title='bbox 2189 5873 2575 5945; x_wconf 78' lang='lat' dir='ltr'><strong>appellativum</strong></span> <span class='ocrx_word' id='word_1_817' title='bbox 2607 5879 3008 5932; x_wconf 78' lang='lat' dir='ltr'><strong>niontunistant.</strong></span> 
     </span>
    </p>
   </div>
   <div class='ocr_carea' id='block_1_115' title="bbox 474 6039 516 6065">
    <p class='ocr_par' dir='ltr' id='par_1_115' title="bbox 474 6039 516 6065">
     <span class='ocr_line' id='line_1_115' title="bbox 474 6039 516 6065; baseline 0.071 -3"><span class='ocrx_word' id='word_1_818' title='bbox 474 6039 516 6065; x_wconf 55' lang='grc'><strong>⁸»-</strong></span> 
     </span>
    </p>
   </div>
  </div>
