4142 6428
368 382 500 450 1301
560 454 566 462 ,

1435 354 1444 364 ’
1509 380 1880 444 HISTORIA
1914 381 2531 448 MANICH/EORUM.

3539 386 3676 452 1302

369 493 648 559 σιλεύσας,
666 493 750 546 ὅτι
771 493 908 546 πολὺ
940 493 1105 564 μέρος
1124 487 1150 528 δ
1174 489 1288 545 τῶν
1313 490 1660 562 Χριστιανῶν
1678 494 1712 562 ἡ
1736 489 1962 562 τοιαύτη
1991 523 2006 555 λ

2111 495 2297 550 mitam
2339 505 2634 551 cernerent
2683 495 3128 553 Christianorum
3175 507 3391 570 partem
3439 499 3510 554 ab
3571 501 3677 554 hac

369 587 586 658 αἵρεσις
615 585 941 656 ἐλυμήνατο,
970 583 1364 655 ἐκπέμψαντες
1393 585 1538 639 κατᾶ
1569 584 1771 648 παντὸς
1803 583 1974 638 τόπου

374 677 478 748 τῆς
519 674 840 746 Ῥωμαῖκῆς
865 674 1065 744 ἀρχῆς,
1096 674 1228 738 τοὺς
1261 673 1686 746 εὑρισκομένους
1713 676 1773 727 ἐν
1801 673 1977 746 ταύτῃ

371 770 440 839 τῇ
496 765 719 838 μυσαρᾷ
768 765 980 838 αἱρέσει
1045 765 1400 821 ἀπέκτεννον.
1454 762 1712 820 ίἾνιλθεν
1767 763 1862 822 οὖν
1918 769 1980 822 τὸ

373 860 708 932 πρόσταγμα
738 859 834 915 τοῦ
870 860 1158 932 βασιλέως,
1187 862 1284 915 καὶ
1310 863 1391 926 είς
1419 862 1818 935 Ἀρμενιακοὺς
1842 861 1980 934 πρὸς

375 953 581 1022 Θωμᾶν
607 953 698 1008 τὸν
724 954 1024 1010 ἐπίσκοπον
1047 954 1508 1028 Νεοκαισαρείας,
1541 957 1638 1010 καὶ
1668 955 1760 1009 τὸν
1791 955 1978 1026 Παρα-

378 1046 650 1118 κονδάκην
684 1045 918 1119 ἔξαρχον
949 1047 1102 1103 ὄντα.
1136 1047 1296 1102 Κατὰ
1325 1044 1420 1102 οὖν
1450 1049 1550 1120 τὴν
1583 1048 1677 1103 τοῦ
1710 1047 1979 1120 βασιλέως

376 1139 652 1204 κέλευσιν,
703 1141 833 1204 τοὺς
877 1140 1310 1213 εὑρισκομένους
1359 1140 1546 1208 ἀξίους
1597 1141 1831 1197 Θανάτου
1885 1141 1983 1195 καὶ

373 1231 610 1302 ὁδηγοὺς
639 1230 920 1296 ἀπωλείας
947 1233 1280 1288 ἁπέκτεννον
1299 1249 1314 1266 ο
1350 1232 1575 1306 ὕστερον
1605 1233 1664 1288 δέ
1696 1250 1839 1294 τινες
1879 1232 1983 1284 τῶν

375 1325 471 1377 τοῦ
529 1324 758 1396 Σεργίου
797 1325 1081 1398 μαθητῶν,
1136 1328 1187 1380 οἱ
1239 1325 1522 1398 λεγόμενοι
1575 1327 1858 1388 Ἀστατοι,
1895 1325 1985 1378 διά

380 1417 677 1489 προδοσίας
718 1418 816 1473 καὶ
857 1418 1013 1473 δόλου
1045 1418 1139 1472 τὸν
1171 1419 1402 1490 ἔξαρχον
1437 1418 1790 1488 κατέσφαξαν
1825 1433 1839 1446 ⁸
1891 1418 1988 1473 καὶ

374 1512 431 1566 οἱ
479 1513 865 1584 Κυνοχωρῖται
896 1511 1121 1580 ὁμοίως,
1155 1511 1360 1582 Θωμᾶν
1388 1511 1482 1565 τὸν
1531 1510 1941 1583 μητροπολίτην
1969 1525 1984 1540 ’

378 1604 477 1658 καὶ
515 1602 690 1668 οὕτως
735 1602 1089 1676 προσέφυγον
1143 1604 1194 1656 οἱ
1241 1605 1500 1658 Ἀστατοι
1555 1604 1613 1655 ἐν
1665 1601 1985 1672 Μελιτηνῇο

380 1697 606 1768 ἀμηρᾶς
640 1694 696 1748 δὲ
725 1696 850 1748 τότε
877 1692 986 1748 τῶν
1017 1695 1196 1747 ἐκεῖσε
1239 1693 1410 1748 όντων
1438 1692 1774 1765 Σαρακηνῶν
1803 1691 1988 1762 ὑπῆρ-

380 1805 477 1860 χεν
505 1779 962 1859 όΜονοχεράρης
986 1803 999 1816 ·
1051 1785 1312 1850 λαϐόντες
1356 1785 1537 1839 τοίνυν
1571 1786 1700 1857 παρ’
1735 1782 1900 1837 αὑτοῦ
1937 1782 1989 1836 οί

2078 587 2269 643 haeresi
2305 587 2679 658 pessumdari,
2713 590 2931 659 jussere
2989 606 3089 661 per
3120 591 3436 646 universam
3474 593 3677 646 lloina-

2077 695 2206 734 nam
2259 680 2524 736 ditionem
2580 692 2850 753 quotquot
2905 682 3070 752 hujus
3119 682 3466 738 detestabilis
3513 698 3680 738 secue

2077 774 2344 844 comperti
2391 773 2646 838 fuissent,
2682 775 2885 831 occidi.
2928 774 3192 830 Pervenit
3238 775 3427 846 itaque
3471 775 3681 846 princi-

2079 880 2214 936 pum
2267 865 2508 921 edictum
2561 867 2614 921 in
2670 867 2991 922 Armeniam
3019 883 3243 939 quoque
3297 868 3369 922 ad
3409 866 3682 924 Caesareae

2084 955 2403 1028 episcopum
2431 957 2722 1026 Thomam,
2755 970 2810 1015 et
2845 959 3293 1015 Paracondacem
3337 959 3684 1030 praefectum.

2086 1047 2434 1120 Quapropter
2461 1067 2826 1123 quoscunque
2861 1052 3237 1119 inveniebant,
3278 1068 3382 1108 ceu
3424 1052 3690 1123 perditio-

2089 1143 2176 1196 nis
2199 1142 2371 1198 duces
2415 1158 2479 1198 ac
2509 1154 2689 1199 morte
2734 1145 2929 1217 dignos
2973 1144 3405 1200 interﬁciebant.
3430 1143 3690 1200 Nonnulli

2093 1245 2282 1307 postea
2325 1237 2498 1310 Sergii
2529 1239 2806 1308 discipuli,
2841 1240 3016 1295 Astati
3053 1240 3211 1299 dicti.
3243 1237 3559 1310 proditione
3589 1239 3690 1293 do-

2093 1327 2255 1396 loque
2281 1327 2601 1397 praefectum
2633 1327 3075 1394 interemerunt;
3103 1327 3444 1400 (Iynopolita:
3484 1329 3693 1398 pariter

2100 1417 2367 1472 Thomam
2397 1420 2836 1489 metmpolitam;
2871 1431 3036 1492 atque
3068 1423 3140 1477 ita
3165 1423 3338 1478 Astati
3377 1422 3691 1479 Melitenam

2095 1509 2488 1582 confugerunt,
2529 1512 2622 1567 ubi
2671 1513 2894 1584 regulus
2944 1514 3347 1569 Saracenorum
3398 1524 3519 1570 erat
3574 1515 3695 1570 Mo—

2096 1603 2470 1669 nocherares;
2518 1619 2549 1658 a
2588 1620 2700 1672 quo
2747 1605 2923 1660 Astati
2983 1621 3123 1677 pago
3174 1607 3434 1677 Argauno
3481 1605 3695 1672 donati,

2099 1695 2287 1750 sedem
2319 1694 2394 1750 ibi
2438 1693 2786 1759 deﬁxerant;
2813 1706 2869 1751 et
2905 1711 3028 1750 mox
3069 1697 3437 1767 undequaquc
3463 1713 3697 1752 numero

2098 1788 2264 1854 aucti,
2288 1787 2565 1843 Romanas
2600 1797 2776 1857 terras
2806 1787 3108 1858 deprzedari
3137 1798 3448 1860 cmperuut.
3471 1787 3698 1861 Sergius

386 1883 687 1945 νΑστατοι,
739 1879 834 1934 τὸν
880 1879 1175 1951 Ἀργαοῦν,
1229 1877 1562 1950 κατῴκησαν
1617 1880 1798 1932 ἐκεῖσε
1828 1894 1841 1908 ·
1895 1877 1992 1930 καὶ

2111 1889 2287 1936 autem
2318 1897 2443 1935 cum
2476 1879 2592 1936 suis
2624 1881 2849 1936 asseclis
2889 1881 3169 1951 aliquanto
3213 1890 3458 1951 tempore
3501 1881 3696 1936 demo-

379 1975 562 2039 οὕτως
628 1972 1091 2046 ἐπισυναχθέντες
1157 1975 1221 2026 ἐκ
1301 1973 1523 2026 πάντων
1588 1972 1700 2026 τῶν
1764 1969 1949 2042 μερῶν
1982 2010 1998 2036 ,

2111 1981 2254 2028 ratus
2328 1971 2442 2046 46
2513 1974 2780 2044 Argauni,
2859 1983 3049 2044 postea
3099 1973 3248 2043 justo
3299 1973 3419 2035 λ,ῡεί
3482 1974 3694 2044 judicio

382 2066 624 2139 ἤρξαντο
671 2065 986 2140 πραιδεὺειν
1036 2067 1136 2138 τὴν
1185 2065 1530 2136 Ῥωμανίαν·
1579 2067 1607 2119 ό
1656 2065 1712 2119 δὲ
1765 2064 1991 2135 Σέργιος

387 2160 724 2230 συνοικήσας
793 2157 935 2231 μετά
1017 2158 1128 2212 τῶν
1194 2156 1454 2229 μαθητῶν
1517 2156 1687 2212 αὑτοῦ
1755 2158 1838 2221 εἰς
1901 2154 1993 2208 τὸν

401 2253 669 2324 Ἀργαοῦν
698 2255 793 2307 ἐπὶ
824 2254 1056 2325 χρόνους
1097 2252 1272 2318 τινάς,
1323 2252 1550 2324 ὕστερον
1599 2254 1664 2306 ἐκ
1695 2252 2001 2323 δικαιοκρι-

391 2352 516 2410 σίας
563 2350 722 2412 θεοῦ,
757 2350 919 2424 ἀξίνῃ
951 2349 1235 2413 ἐκκοπεὶς,
1279 2347 1355 2412 ὼς
1395 2347 1494 2419 τὴν
1530 2346 1862 2416 Ἐκκλησίαν
1904 2345 1999 2400 τοῦ

391 2441 530 2494 Ε)εοῦ
576 2440 966 2511 διχοτομήσας,
1017 2440 1098 2504 εἰς
1144 2438 1256 2510 πῦρ
1325 2438 1542 2492 αίώνιον
1593 2435 1880 2509 βάλλεταιὶ
1921 2453 1934 2466 ·
1972 2437 2002 2488 ό

394 2535 506 2604 γὰρ
537 2531 787 2598 Τζανίων
819 2534 847 2586 ὁ
879 2531 988 2588 ἀπὸ
1018 2530 1360 2587 καστέλλουκ
1396 2531 1497 2602 τῆς
1530 2529 1880 2591 Νικοπόλεως
1902 2527 2002 2593 ὢν,

396 2631 478 2693 εἰς
509 2629 636 2700 ὅρος
665 2626 830 2680 αὑτὸν
862 2626 1116 2698 εὑρηκὼς
1152 2625 1363 2679 ἄνωθεν
1415 2622 1511 2676 τοῦ
1565 2621 1804 2693 Ἀργαοὺ
1855 2619 2006 2674 σανί-

395 2723 499 2783 δας
534 2717 928 2795 ἐργαζόμενον,
973 2717 1072 2789 τὴν
1102 2717 1294 2788 ἀξίνην
1325 2717 1391 2770 ἐκ
1439 2715 1550 2770 τῶν
1590 2713 1792 2786 χειρῶν
1835 2711 2004 2768 αὑτοῦ

399 2814 623 2878 λαϐὼν,
685 2812 934 2878 πατάξας
990 2809 1180 2865 τοῦτον
1242 2809 1564 2864 ἀπέκτεινεν
1594 2823 1609 2840 ⁶
1678 2807 1774 2860 καὶ
1832 2804 2005 2868 οὕτως

405 2909 515 2963 ἀπε
539 2907 719 2979 ρῤάγη
767 2905 830 2959 τὸ
885 2904 1112 2975 ἔσχατον
1168 2904 1260 2956 καὶ
1321 2901 1506 2974 μεῖξον
1567 2901 1789 2956 πάντων
1850 2897 2013 2971 [cod.

402 2998 446 3054 ἲ.
482 2999 586 3053 110
613 2997 698 3071 1).]
728 2996 837 3051 τῶν
873 2997 1083 3069 θηρίων
1125 2994 1333 3050 τούτιδε
1368 2994 1507 3066 βίου,
1543 2992 1747 3064 ἔτειτῷ
1778 2991 1884 3047 ἀπὺ
1911 2988 2022 3044 κτί-

407 3110 549 3158 σεως
569 3092 777 3164 κόσμου
799 3088 1252 3162 ἐξακισχιλιοστῷ
1272 3086 1672 3160 τριακοσιοστῷ
1692 3085 1863 3158 τρίτῳ
1881 3082 2016 3156 (40)’

412 3184 655 3257 μαθηταὶ
698 3185 757 3238 δὲ
802 3182 996 3238 τούτου
1031 3181 1285 3256 ὑπῆρχον
1314 3179 1738 3253 μυστικώτεροι,
1773 3177 2016 3250 Μιχαὴλ,

408 3277 505 3330 καὶ
555 3279 584 3330 ὁ
627 3276 974 3348 Κανακάρις,
1024 3274 1122 3329 καὶ
1180 3273 1437 3345 Ἰωάννης
1489 3275 1518 3327 ὁ
1567 3272 1862 3345 Ἀόρατος,
1910 3268 2009 3323 οἱι

2097 2064 2277 2122 securi
2296 2080 2494 2131 cmsus,
2516 2065 2664 2120 velut
2688 2065 2806 2136 ipse
2829 2064 3126 2122 Ecclesiam
3147 2065 3397 2122 bifariam
3419 2066 3701 2131 diviserat,

2100 2159 2156 2213 in
2184 2159 2368 2229 ignem
2397 2168 2665 2213 mternum
2699 2158 3011 2230 projicitur.
3043 2159 3185 2213 Nam
3222 2157 3430 2215 Tzanio
3453 2161 3700 2231 quidam,

2100 2250 2429 2321 Nicopoleos
2460 2251 2671 2305 castelli
2723 2251 2882 2317 ciris,
2919 2267 3044 2305 cum
3079 2252 3228 2307 hunc
3273 2251 3327 2305 in
3359 2263 3567 2319 monte,
3608 2253 3703 2323 qui

2105 2341 2370 2413 Argauno
2419 2341 2691 2408 imminet,
2744 2341 3049 2399 invenisset
3094 2361 3311 2400 asseres
3359 2356 3700 2417 operantem,

2107 2434 2289 2490 securi
2348 2434 2416 2489 de
2473 2450 2641 2489 manu
2690 2435 2812 2506 ejus
2861 2445 3073 2506 erepta,
3110 2453 3434 2507 percussmn
3480 2439 3700 2494 occidit.

2102 2527 2283 2598 Atque
2310 2525 2459 2581 hunc
2488 2527 2615 2581 vita:
2637 2526 2800 2581 linem
2835 2527 3030 2582 habuit
3061 2539 3339 2598 postrema
3379 2540 3436 2584 et
3467 2530 3703 2600 pessima

2104 2619 2352 2675 omnium
2394 2617 2535 2682 t‘cra,
2569 2634 2714 2672 anno
2742 2619 2811 2674 ab
2851 2620 2986 2674 orbe
3031 2620 3254 2676 condito
3322 2623 3484 2679 6305.
3532 2623 3707 2694 llujus

2107 2725 2269 2781 porro
2296 2708 2547 2778 discipuli
2575 2709 2748 2782 magis
2778 2709 2953 2764 intimi
2978 2721 3134 2766 erant
3163 2710 3412 2775 Michael,
3441 2723 3497 2768 ct
3523 2712 3704 2769 Cana-

2109 2803 2272 2870 caris,
2327 2811 2384 2858 et
2415 2801 2657 2858 Joannes
2687 2803 2947 2868 Aoratus,
2981 2812 3094 2859 tres
3142 2803 3315 2873 iniqui
3365 2804 3704 2870 sacerdotes,

2117 2914 2243 2954 cum
2273 2897 2385 2968 jam
2415 2905 2720 2952 memorato
2745 2895 3053 2962 Theodoto,
3116 2913 3218 2951 nec
3253 2913 3364 2952 non
3414 2897 3616 2952 Basilio
3652 2908 3711 2954 et

2117 2990 2360 3056 Zosimo,
2390 2989 2620 3060 aliisque
2649 2989 3045 3060 compluribus.
3085 2989 3149 3044 Hi
3182 3005 3314 3060 ergo
3345 2988 3521 3062 Sergii
3545 2991 3712 3048 disci-

2117 3083 2254 3155 puli,
2281 3084 2374 3154 qui
2399 3083 2563 3137 etiam
2597 3082 2997 3154 comperegrini
3028 3082 3149 3152 ejus
3187 3083 3534 3150 dicebantur,
3559 3085 3714 3141 velut

2119 3175 2322 3246 impuri
2364 3175 2587 3247 quidam
2631 3173 2973 3239 sacerdotes,
3012 3175 3276 3246 populum
3319 3175 3559 3248 Argauni
3601 3179 3715 3233 col-

2122 3269 2346 3335 lectum,
2373 3278 2498 3340 post
2545 3268 2792 3340 magistri
2829 3267 2916 3323 sui
2949 3266 3128 3338 Sergii
3171 3268 3408 3334 obitum,
3449 3268 3717 3325 doctrinis

409 3372 562 3442 τρεῖς
621 3371 832 3442 μιερεῖς
871 3369 1009 3441 (4|),
1061 3368 1159 3423 καὶ
1200 3369 1229 3420 ὁ
1285 3366 1684 3439 μνημονευθεὶς
1734 3365 2006 3429 Θεόδοτος,

2121 3361 2240 3432 ejus
2278 3371 2335 3416 et
2380 3362 2737 3416 decessorum
2783 3370 3226 3431 corrumpentes,
3285 3363 3480 3432 aequali
3524 3379 3718 3419 onmes

413 3462 696 3528 Βασίλειός
723 3480 806 3528 τε,
843 3463 941 3516 καὶ⁸
972 3461 1244 3532 Ζώσιμος,
1275 3461 1369 3515 καὶ
1397 3459 1577 3531 ἕτεροι
1611 3457 1817 3512 πολλοί.
1856 3451 2018 3511 Οὗτοι

413 3552 593 3607 τοίνυν
638 3555 689 3606 οἱ
739 3552 982 3624 μαθηταὶ
1029 3552 1217 3614 αὑτοῦ,
1270 3553 1318 3606 οί
1359 3552 1453 3606 καὶ
1503 3550 1836 3620 συνέκδημοι
1885 3545 2016 3618 παρ’

415 3646 603 3710 αὐτοῖς
635 3645 942 3718 λεγόμενοι,
975 3644 1052 3709 ὡς
1083 3647 1292 3717 μιερεῖς
1317 3661 1485 3710 τινες,
1516 3644 1608 3697 τὸν
1641 3642 1856 3696 ἅπαντα
1887 3641 2015 3694 λαὸν

415 3738 509 3792 τὸν
543 3738 1002 3811 συναθροισθέντα
1032 3739 1090 3792 ὲν
1114 3737 1193 3809 τῷ
1221 3736 1485 3809 Ἀργαοῦ,
1524 3736 1664 3807 μετὰ
1695 3734 1786 3788 τὸν
1815 3732 1910 3787 τοῦ
1936 3733 2018 3786 δι-

2126 3454 2292 3525 εταιιιι
2339 3462 2537 3519 erant;
2579 3453 2790 3507 nullum
2823 3453 2934 3524 jam
2982 3453 3332 3524 magistrum,
3375 3454 3518 3510 sicut
3555 3465 3720 3510 antea

2129 3563 2248 3600 mos
2297 3546 2493 3610 fuerat,
2527 3554 2809 3611 creantes;
2864 3546 2959 3600 sed
3008 3545 3241 3615 paritate
3291 3556 3530 3612 servata,
3581 3547 3722 3602 alios

2127 3652 2344 3708 quoque
2377 3637 2695 3693 sacerdotes
2736 3635 2840 3693 sub
2878 3652 2938 3692 se
2968 3635 3249 3692 habebant
3296 3654 3436 3708 quos
3479 3639 3725 3694 notarios

2127 3728 2498 3803 appellabant.

416 3831 691 3888 δασκάλου
722 3830 903 3885 αὐτῶν
929 3828 1158 3900 Σεργίου
1195 3829 1451 3894 θάνατον,
1492 3830 1614 3891 ταῖς
1647 3825 2021 3887 διδασκαλίαις
2069 3821 2242 3875 αὑτοῦ
2323 3837 2383 3872 τε
2444 3821 2542 3873 καὶ
2616 3820 2727 3874 τῶν
2777 3819 3259 3894 προηγησαμένων
3305 3821 3724 3892 λυμαινόμενοι,

425 3923 660 3994 ἰσότιμοι
713 3920 916 3986 πάντες
971 3921 1256 3993 ὑπῆρχονο
1317 3919 1518 3990 μηκέτι
1565 3917 1664 3971 ἕνα
1701 3914 2026 3970 διδάσκαλον
2065 3908 2514 3980 ἀνακηρύξαντες
2545 3910 2800 3984 καθάπερ
2835 3914 2884 3966 oi
2955 3912 3172 3985 πρώην,
3220 3913 3356 3967 ἀλλὰ
3388 3915 3588 3978 πάντες
3619 3917 3726 3969 ἴσοι

420 4017 580 4079 ὄντες
607 4032 621 4045 ·
667 4014 856 4087 ἔχουσι
899 4013 956 4067 δὲ
1003 4014 1100 4067 καὶ
1146 4010 1564 4082 ὑποϐεϐηκότας
1609 4009 1843 4080 μιερεῖς.
1877 4004 2165 4075 νοταρὶους
2196 4000 2330 4072 παρ’
2359 4002 2547 4064 αὐτοῖς
2575 4003 3038 4072 ὀνομαζομένους.

497 4111 631 4169 ΜΒ’.
686 4111 746 4166 Ὁ
792 4110 886 4165 οὖν
923 4110 1183 4182 Καρδίας
1228 4111 1286 4163 ἐν
1317 4110 1430 4171 τοῖς
1467 4107 1589 4160 τότε
1638 4106 1852 4174 καιροῖς
1897 4103 2030 4155 ἀνα-

427 4205 643 4276 φανεὶς,
701 4202 798 4256 καὶ
847 4199 942 4254 τοῦ
975 4200 1224 4273 ὀλεθρίου
1261 4199 1472 4254 ἐκείνου
1519 4195 1652 4249 λαοῦ
1703 4191 2029 4264 καθηγησά-

430 4314 630 4367 μενος,
681 4296 760 4358 εἰς
809 4291 1019 4363 πλῆθος
1091 4293 1255 4347 αὑτὸν
1301 4290 1613 4362 ἐπηύξησεν
1653 4327 1670 4352 ,
1719 4286 1890 4351 ὥστε,
1955 4283 2031 4356 μὴ

430 4389 786 4461 χωρουμένου
817 4386 984 4443 αὑτοῦ
1016 4388 1073 4440 ἐν
1106 4385 1186 4458 τῷ
1216 4381 1475 4455 Ἀργαοῦ,
1512 4381 1689 4436 ἐλθεῖν
1718 4379 1813 4435 καὶ
1848 4378 2033 4432 κτίσαι

432 4486 531 4556 τὴν
563 4482 853 4556 Τιὸρικὴν,
890 4481 985 4536 καὶ
1016 4480 1155 4551 αὑτῇ
1206 4478 1537 4548 κατοικῆσαι
1571 4493 1586 4508 ο
1638 4474 1774 4545 ὁμοῦ
1809 4473 1907 4544 μὲν
1939 4471 2035 4526 καὶ

433 4579 532 4650 τὴν
562 4578 700 4650 προς
728 4576 926 4639 αὐτοὺς
952 4571 1247 4646 τυραννίδα
1285 4571 1396 4624 τῶν
1423 4564 1837 4638 Μελιτηνιατῶν
1879 4565 2034 4632 ’Λγα-

2204 4097 2367 4152 XLII.
2394 4097 2514 4151 Jam
2544 4113 2673 4152 vero
2695 4099 2954 4168 Carbcas,
2981 4104 3073 4174 qui
3109 4122 3178 4160 eo
3203 4115 3451 4175 tempore
3483 4107 3732 4169 emersit,

2130 4201 2186 4247 ct
2216 4183 2527 4262 pestilentis
2579 4190 2724 4247 illius
2765 4193 2949 4266 populi
3024 4207 3204 4252 rector
3263 4198 3385 4262 fuit,
3440 4214 3731 4253 numerum

2131 4282 2378 4354 ejusdem
2409 4293 2696 4353 tantopere
2740 4286 2910 4349 auxit.
2946 4297 3006 4342 ut
3054 4304 3179 4342 cum
3227 4289 3486 4360 Argauno
3528 4291 3733 4360 oppido

2128 4377 2240 4447 jam
2271 4373 2545 4429 contineri
2576 4373 2720 4430 haud
2743 4387 2948 4447 posset,
2975 4378 3126 4433 illinc
3151 4377 3432 4449 profectus
3458 4381 3731 4435 'I'ihricam

2144 4466 2335 4521 urbem
2368 4464 2681 4520 fundaverit
2714 4476 2770 4521 ct
2800 4467 3132 4536 incoluerit;
3167 4477 3283 4523 tum
3319 4479 3380 4523 ut
3409 4469 3736 4525 Melitenen-

2143 4563 2283 4618 sium
2317 4562 2689 4631 Agarenorum
2728 4561 3072 4632 tyrannidem
3124 4561 3374 4632 fugeret;
3418 4573 3531 4616 ttnn
3568 4564 3736 4618 etiam

439 4671 620 4744 ρηνῶν
650 4669 960 4741 ἐκφεύγων,
995 4665 1132 4739 όμοῦ
1164 4666 1220 4720 δὲ
1251 4666 1346 4719 καὶ
1397 4664 1534 4734 αὑτῇ
1567 4658 1891 4730 ἀνεπιμιξίᾳ
1925 4657 2002 4712 τῶ

2111 4680 2116 4712 ι
2144 4663 2204 4710 ιιι
2237 4654 2376 4709 facta
2412 4654 2480 4708 ab
2506 4652 2821 4708 hominibus
2855 4653 3224 4725 separatione,
3263 4655 3611 4710 daemonibus
3657 4654 3737 4710 si-

437 4764 746 4836 ἀνθρώπων
793 4764 906 4828 τοῖς
940 4761 1159 4833 δαίμοσι
1207 4757 1430 4821 τελείως
1477 4751 1920 4825 ἐξομοιούμενος,
1967 4754 2037 4822 τῇ

452 4856 720 4929 Ἀρμενίᾳ
743 4868 785 4896 ιιι
815 4874 875 4910 τε
907 4852 1231 4927 πλησιάζειν
1261 4850 1455 4916 θέλων,
1486 4848 1582 4902 καὶ
1613 4849 1679 4918 τῇ
1723 4843 2035 4915 Ῥωμανίᾳ·

440 4951 585 5005 ὥστε
617 4950 746 5014 τοὺς
801 4949 901 5021 μὲν
931 4946 1290 5018 πειθομένους
1327 4941 1500 5014 αὐτῷ,
1530 4938 1903 5002 ὑποσπόνδους
1931 4953 2044 4990 ποι-

443 5044 652 5112 εἶσθαι,
703 5043 802 5098 καὶ
852 5043 998 5115 ἔχειν
1046 5041 1246 5104 αὐτοὺς
1307 5037 1445 5110 πρὸς
1493 5034 1555 5087 τὸ
1603 5029 2041 5103 αἰχμαλωτεὺειν

445 5135 598 5210 [cod.
625 5135 664 5192 f.
695 5135 821 5209 111]
853 5135 1271 5207 συλλήπτορας·
1307 5131 1432 5194 τοὺς
1461 5127 1519 5181 δὲ
1554 5127 1630 5198 μὴ
1660 5124 2040 5196 πειθομένους,

2145 4743 2326 4798 milior
2353 4742 2639 4807 evaderet;
2680 4753 2794 4797 tum
2823 4742 3088 4813 denique,
3117 4752 3178 4799 ut
3210 4745 3488 4799 Armenia:
3523 4753 3581 4799 et
3624 4745 3736 4798 lio-

2145 4851 2320 4893 mante
2364 4835 2557 4891 ditioni
2603 4835 2965 4914 p‘ropinquior
3013 4837 3190 4892 ﬁeret.
3237 4837 3382 4909 Ergo
3421 4837 3525 4892 sibi
3575 4839 3741 4894 obse-

2147 4941 2400 5005 quentes,
2425 4913 2634 4986 l'aadere
2660 4945 2844 4986 secum
2869 4930 3190 5003 copulabat.
3227 4942 3284 4988 et
3313 4933 3379 4987 ad
3416 4932 3741 5003 prazdandos

2150 5027 2402 5082 homines
2443 5021 2680 5077 habebat
2711 5023 2990 5093 adjutores
3019 5041 3032 5077 ι
3061 5025 3152 5095 qui
3186 5040 3348 5080 secus
3387 5041 3492 5080 non
3525 5025 3740 5080 obtem-

2148 5128 2430 5193 pcrarent,
2467 5116 2760 5174 Saracenis
2803 5117 3093 5181 vendebat,
3130 5119 3473 5190 depopulans
3518 5118 3742 5176 interim

1770 5284 2010 5343 VARIE
2040 5279 2449 5339 LECTIONES.

522 5387 549 5428 δ
585 5390 652 5445 Il.
688 5388 1040 5459 πολυμερῶς.

449 5463 520 5518 οἱ.
597 5470 636 5498 ιη
663 5460 798 5517 Cod.
830 5458 952 5524 ταῖς
994 5458 1306 5532 Ἀρμενίας.

1126 5386 1219 5441 IR.
1253 5387 1578 5443 ἀπέκτενον.
1611 5385 1688 5441 lta
1719 5395 1774 5442 et
1814 5399 1966 5440 mox.
2045 5379 2058 5432 i
2102 5378 2169 5434 Β.
2213 5378 2457 5451 βάλεται.

2537 5379 2564 5418 ιι
2607 5376 2672 5431 R.
2709 5389 2762 5433 et
2793 5377 2920 5434 cod.
2944 5377 3261 5432 καστέλλον.
3345 5377 3360 5416 ι
3395 5377 3460 5434 Β.
3517 5381 3608 5431 καὶ
3647 5391 3747 5449 pro

2035 5543 2269 5602 ΝΟΤΛΕ.

527 5650 640 5722 (10)
692 5650 886 5722 Attnus
931 5647 1023 5702 hic
1070 5647 1123 5722 in
1163 5663 1268 5701 cera
1307 5647 1924 5722 (Jmtstantinopolitanta
1987 5642 2056 5696 ab

455 5723 591 5778 orhe
620 5714 844 5776 condito
868 5718 1166 5788 respondet
1189 5734 1334 5772 anno
1359 5716 1565 5788 Christi
1608 5714 1908 5774 DCCXCV.
1947 5729 2056 5788 non

460 5803 645 5848 autem
697 5807 843 5846 anno
889 5785 1182 5853 DCCCXII,
1228 5797 1287 5846 ut
1334 5787 1526 5845 scribit
1585 5788 1834 5845 lladerus
1868 5785 2058 5842 nescio

460 5880 627 5935 quem
653 5862 924 5920 calculum
947 5869 1190 5920 secutus.

2231 5638 2345 5705 (tl)
2390 5637 2464 5692 De
2511 5636 2777 5707 vocabqu
2810 5652 3035 5707 μιερευς
3080 5637 3296 5707 erudite
3343 5636 3635 5691 disseritur
3688 5637 3739 5689 in

2159 5725 2299 5764 nova
2333 5708 2486 5763 lexici
2514 5706 2872 5777 Stcphaniani
2903 5706 3165 5772 editione,
3202 5706 3362 5776 cujus
3384 5707 3569 5774 verba,
3606 5722 3718 5777 quo

2157 5781 2302 5836 niam
2341 5779 2553 5852 publica
2585 5786 2734 5845 sunt,
2764 5779 2850 5833 hic
2881 5781 3112 5836 recitare
3142 5794 3251 5832 non
3283 5779 3536 5834 interest.
