4142 6454
534 373 669 441 1303

1918 378 2151 442 PETRI
2192 380 2444 441 SlCULl
3740 381 3827 445 130

524 490 807 548 Romanas
838 504 998 549 arces
1021 488 1090 548 ad
1117 490 1359 549 Pontum
1386 491 1560 562 sitas;
1592 490 1701 565 47
1733 491 2015 565 simulque
2047 493 2130 550 ob

2253 492 2591 562 Σαρακηνοτς
2640 489 3017 562 άπεμπολεῖν,
3071 490 3346 565 λεηλατῶν
3394 493 3492 559 τὰς
3544 494 3644 567 τῆς
3708 495 3828 548 Ῥω‹

525 584 677 637 vium
716 584 1031 657 perfugium
1070 599 1271 654 parans
1308 585 1374 639 iis
1413 585 1504 655 qui
1529 584 1585 639 in
1621 584 1855 655 imperio
1882 586 2132 642 Romano

527 681 756 743 propter
805 673 1063 730 haeresim
1115 674 1183 729 ad
1242 690 1435 730 necem
1479 675 1901 746 expetebantur,
1950 677 2133 732 oblata

528 761 637 815 loci
688 764 1129 834 opportunitate.
1160 762 1305 830 Quin
1350 764 1492 820 adeo
1561 778 1801 821 vesanos
1849 766 2129 834 homines,

527 863 850 935 quicunque
881 864 1388 935 intemperantioris
1409 882 1474 922 ac
1502 866 1805 923 laseivioris
1828 869 1953 924 vita:
1974 880 2133 926 erant

528 953 584 1005 in
615 952 724 1008 illis
757 953 1003 1018 arcibus,
1030 953 1228 1022 quibus
1260 956 1511 1024 proxima
1560 964 1679 1010 erat
1721 954 1969 1024 Tibrica,
2007 966 2129 1013 tur-

526 1045 684 1117 pium
715 1047 1062 1115 voluptatum
1086 1047 1308 1101 licentia
1340 1049 1408 1103 ad
1432 1064 1491 1103 se
1515 1048 1645 1104 illuc
1672 1049 1960 1105 invitabat.
1987 1051 2130 1123 Ergo

527 1134 738 1189 Carbea
764 1136 1006 1198 vivente,
1038 1135 1242 1206 partim
1294 1151 1362 1191 ex
1406 1136 1689 1206 prmdictis
1721 1139 1844 1209 ejus
1863 1141 2129 1196 sacerdo-

528 1224 676 1280 tibus
706 1225 818 1280 vita
856 1235 1238 1292 excesserunt,
1274 1224 1475 1297 partim
1518 1227 1727 1283 adhuc
1768 1242 2123 1301 supererant.

2241 584 2441 653 μανίας
2486 584 2688 654 ἄκρας,
2726 584 2826 647 τὰς
2860 585 2998 657 πρὸς
3038 585 3116 655 τῷ
3148 586 3332 657 Πόντῳ
3376 588 3670 657 κειμένας·
3720 588 3825 657 ἅμα

2234 676 2293 730 δὲ
2324 678 2385 730 τὸ
2420 678 2557 750 πρὸς
2585 679 2803 749 ἕτοιμον
2835 677 3174 749 καταφύγιον
3201 681 3314 743 τοῖς
3348 681 3407 733 ἐν
3440 679 3722 751 Ῥωμανία
3745 681 3826 733 διὰ

2234 772 2447 843 ταύτην
2476 772 2575 843 τὴν
2604 770 2819 844 αἵρεσιν
2853 773 3385 844 άποκτεννομένοιςη
3411 773 3511 845 τὴν
3543 774 3834 845 ἐπιτηδειόο

2236 879 2381 933 τητα
2424 860 2521 915 τοῦ
2558 862 2727 916 τόπου
2760 863 3205 934 παρασκευάζων
3234 880 3249 895 '
3304 865 3367 923 οὐ
3402 864 3563 933 μόνον
3597 865 3676 928 δὲ,
3709 866 3834 920 ἀλλὰ

2238 958 2333 1011 καὶ
2361 956 2490 1020 τοὺς
2520 954 2870 1027 λιχνοτέρους
2900 958 2996 1011 καὶ
3018 958 3355 1023 ἀκολάστους
3385 958 3711 1031 ἀνθρώπους
3744 960 3836 1013 καὶ

2242 1050 2487 1122 ἄφρονας
2518 1051 2629 1105 τῶν
2661 1052 2849 1121 ἄκρων
2881 1052 3107 1107 ἐκείνων
3142 1052 3617 1123 προσεγγιζόντων
3650 1056 3719 1125 τῇ
3750 1055 3837 1107 Τι-

2239 1143 2443 1214 6ρικῇ,
2492 1146 2562 1215 τῇ
2622 1144 2913 1216 ἐλευθερίᾳ
2966 1144 3077 1199 τῶν
3126 1145 3420 1216 αἰσχίστων
3451 1152 3477 1179 ο
3529 1145 3723 1201 παθῶν
3764 1145 3840 1208 εἰς

2236 1237 2429 1293 ἐαυτὸν
2482 1238 2576 1292 ἐπὶ
2626 1238 2688 1292 τὸ
2734 1236 2869 1291 αὐτὸ
2900 1238 3305 1310 ἐκκαλούμενος
3337 1255 3355 1271 ⁸
3414 1234 3619 1305 ζῶντος
3657 1238 3833 1292 τοίνυν

524 1321 718 1388 αὐτοῦ,
756 1320 807 1374 οί
843 1320 943 1392 μὲν
978 1321 1043 1375 ἐκ
1102 1322 1211 1377 τῶν
1286 1321 1779 1394 μνημονευθέντων
1822 1326 2063 1399 μιερέων
2130 1330 2323 1396 αὐτοῦ,
2376 1333 2470 1388 τὸν
2518 1332 2730 1389 ἑαυτῶν
2771 1334 2885 1406 βίον
2960 1332 3360 1405 κατέστρεψαν,
3412 1334 3461 1387 οί
3506 1332 3564 1388 δὲ
3616 1331 3838 1386 ὑπελεί-

568 1412 764 1470 θησαν.

568 1432 596 1467 υ
644 1432 764 1470 σαν.

523 1432 561 1484 φ
596 1433 787 1565 ἓιηί.
820 1508 929 1565 Sed
964 1517 1255 1581 postquam
1299 1510 1347 1567 is
1387 1526 1609 1582 quoque
1640 1510 1802 1577 obiit,
1830 1514 2136 1583 pestilentis

520 1603 711 1676 populi
772 1603 1117 1675 tyrannidem
1195 1618 1360 1674 aeque
1420 1605 1654 1676 arripuit
1707 1606 2133 1678 Chrysocheris,

2314 1517 2452 1574 ΜΓ.
2479 1519 2750 1575 Κάκείνου
2781 1519 2961 1574 τοίνυν
2988 1519 3052 1574 τὸ
3080 1520 3182 1592 ζῇν
3213 1518 3659 1592 ἀπορρήξαντος,
3689 1517 3839 1583 αὖθις

2241 1616 2551 1689 διαδέχεται
2578 1618 2680 1689 τὴν
2714 1614 3011 1688 τυραννίδα
3054 1614 3151 1670 τοῦ
3196 1614 3444 1685 ὀλεθρίου
3487 1613 3622 1668 λαοῦ
3680 1613 3836 1669 αὐτοῦ

521 1696 894 1752 consobrinus
925 1712 1203 1767 generque
1223 1696 1364 1766 ejus.
1391 1695 1566 1767 Hujus
1594 1711 1695 1752 nos
1720 1712 1856 1768 ergo
1882 1708 2130 1770 tempore

2239 1706 2589 1779 Χρυσοχέρις
2616 1709 2647 1761 ό
2675 1707 2899 1778 ἀνεψιὸς
2944 1707 3042 1762 καὶ
3072 1705 3325 1779 γαμδρδς
3368 1706 3557 1762 αὐτοῦ.
3599 1707 3696 1760 Ἐν
3726 1708 3839 1769 ταῖς

522 1789 805 1847 Tibricam
830 1787 1106 1853 venimus,
1132 1788 1396 1844 mandato
1419 1788 1592 1861 regio,
1609 1798 1670 1844 ut
1690 1790 1941 1860 captivos
1961 1792 2130 1848 duces

522 1891 969 1905 .........--a-..--....-
999 1898 1012 1905 -
1047 1880 1187 1905 ι...Α.Ι
1216 1889 1262 1905 ,ιι
1302 1880 1504 1905 tua"...
1541 1890 1619 1905 -..ι
1678 1882 1919 1905 ηΑ---..Λ-
1957 1883 2100 1905 ζμ..-

2238 1799 2479 1873 ἡμέραις
2505 1796 2600 1854 οὖν
2632 1799 2825 1865 αὐτοῦ,
2858 1799 3244 1871 παρεϐάλομεν
3271 1801 3431 1871 ἡμεῖς
3457 1801 3517 1854 ἐν
3545 1801 3613 1871 τῇ
3651 1800 3837 1869 Τιὸρι-

519 1891 1014 1954 permutat-emus;
1043 1880 1189 1951 quod
1212 1889 1269 1935 et
1300 1880 1507 1936 factum
1537 1890 1641 1947 est,
1678 1882 1926 1938 secundo
1956 1883 2128 1954 impe-

523 1976 703 2031 rantis
720 1975 907 2031 Basilii
930 1990 1079 2030 anno
1107 1982 1165 2030 et
1187 1975 1537 2030 Constantini
1561 1991 1625 2031 ac
1648 1974 1875 2045 Leonis,
1903 1976 2124 2048 piorum

515 2071 797 2142 juslorum
834 2083 1271 2141 magnorumque
1301 2084 1489 2141 regum
1527 2080 1868 2126 nostrorum.
1910 2070 1987 2127 lbi
2024 2073 2128 2128 ita-

519 2180 631 2235 que
680 2179 881 2218 novem
917 2163 1206 2219 mensibus
1249 2162 1543 2228 demorati,
1586 2164 1905 2221 viventibus
1945 2165 2127 2221 adhuc

519 2258 759 2329 impuris
797 2256 1002 2313 Basilio
1036 2267 1092 2312 et
1124 2256 1365 2323 Zosimo,
1410 2257 1572 2330 vulgo
1614 2258 1776 2314 dictis
1825 2275 2121 2330 compere-

521 2351 717 2423 grinis,
774 2351 1124 2421 supradictas
1178 2366 1268 2407 res
1318 2350 1513 2407 sedulo
1571 2352 2031 2425 pervestigantes,
2074 2362 2131 2408 et

520 2446 942 2502 commentariis
974 2447 1327 2516 mandantes,
1360 2464 1457 2503 eas
1501 2449 1767 2504 universo
1807 2450 1926 2505 urbi
1975 2462 2131 2522 pate-

519 2540 706 2596 facere
726 2540 1117 2597 constituimus
1142 2541 1334 2598 divino
1354 2543 1613 2598 mandato
1641 2543 1886 2613 ipsorum
1911 2554 2131 2601 sancto-

523 2650 653 2689 rum
698 2633 1137 2689 orthodoxorum
1186 2650 1631 2707 magnorumque
1671 2651 1860 2707 regum
1905 2648 2130 2691 nostro-

519 2742 674 2789 rum,
699 2741 804 2782 ceu
835 2726 974 2782 viles
1006 2724 1196 2782 [amuli
1237 2726 1565 2799 indignique
1607 2728 1782 2783 multo
1820 2744 1944 2783 cum
1977 2738 2129 2783 metu

521 2824 916 2892 obsequentes.
933 2819 1308 2887 Quarumdam
1335 2830 1520 2875 autem
1543 2820 1968 2891 exquisitiorum
1986 2821 2132 2892 apud

524 2933 622 2974 eos
647 2917 936 2974 haereseon
954 2916 1151 2972 notitia
1185 2916 1240 2971 in
1274 2915 1637 2986 sequentibus
1666 2916 1823 2971 vobis
1845 2917 2089 2972 tradetur
2116 2933 2131 2984 ;

524 3009 693 3066 modo
715 3010 876 3065 nobis
903 3008 1136 3064 misellis
1162 3008 1343 3063 faveat
1367 3007 1459 3063 ille
1493 3007 1582 3061 cui
1613 3006 1808 3077 gloria,
1835 3005 1997 3061 Pater
2026 3006 2135 3061 sci-

528 3105 658 3159 licet
685 3112 743 3159 et
792 3102 966 3158 Filius
1012 3112 1067 3158 et
1117 3109 1343 3157 sanctus
1390 3099 1654 3171 Spiritus,
1686 3115 1853 3156 verus
1880 3115 2136 3170 unusque

527 3194 699 3259 Deus,
731 3192 923 3264 reique
957 3191 1142 3249 omnis
1170 3191 1408 3246 visibilis
1441 3190 1848 3259 invisibilisque
1891 3197 2127 3255 creator,

527 3292 915 3349 conservator,
942 3297 1008 3338 ac
1034 3282 1300 3338 Dominus
1326 3281 1383 3337 in
1404 3281 1627 3338 saecula.
1650 3282 1849 3336 Amen.

2235 1896 2333 1965 κῇ,
2366 1892 2991 1957 ἀποσταλέντεςαεῖσε
3034 1892 3283 1957 δουλείας
3329 1891 3620 1964 βασιλικῆς
3659 1892 3839 1947 ἕνεκεν

2233 1986 2331 2041 τοῦ
2356 1985 2664 2054 ὑπαλλάξαι
2698 1987 2970 2057 ἄρχοντας
2992 1985 3396 2057 αἰχμαλώτους,
3436 1987 3576 2057 ὅπερ
3614 1986 3834 2054 γέγονεν

2234 2079 2295 2133 ἐν
2325 2078 2404 2149 τῷ
2434 2080 2676 2151 δευτέρῳ
2691 2078 2801 2133 ἔτει
2822 2079 2923 2151 τῆς
2946 2078 3229 2150 βασιλείας
3248 2078 3532 2132 Βασιλείου
3568 2080 3665 2132 καὶ
3681 2079 3835 2132 Κων-

2237 2172 2521 2228 σταντίνου
2553 2172 2651 2226 καὶ
2680 2171 3057 2237 Δέοντος,τῶν
3083 2171 3328 2225 εὐσεϐῶν
3360 2172 3457 2226 καὶ
3485 2172 3718 2226 δικαίων
3744 2189 3835 2243 με·

2234 2267 2420 2337 γάλων
2458 2266 2729 2338 βασιλέων
2763 2266 2944 2338 ἡμῶν.
2990 2266 3201 2320 Ἐκεῖσε
3244 2260 3340 2321 οὖν
3369 2268 3787 2338 ἐννεαμηνιαίον
3810 2275 3836 2316 P

2236 2360 2431 2433 χρόνον
2485 2359 2895 2430 διατρίψαντες,
2949 2358 3032 2413 ἔτι
3078 2359 3362 2430 περιόντος
3416 2358 3704 2412 Βασιλείου
3744 2358 3836 2412 καὶ

2234 2454 2489 2524 Ζωσίμου
2523 2452 2633 2506 τῶν
2668 2452 2883 2523 μιαρῶν
2922 2451 3279 2523 συνεκδήμων
3334 2450 3650 2521 λεγομένων
3675 2489 3693 2515 ,
3751 2448 3839 2503 καὶ

2234 2546 2369 2615 περὶ
2424 2544 2532 2598 τῶν
2569 2543 2951 2616 προτεθέντων
2993 2542 3242 2614 ἀκριϐῶς
3276 2544 3701 2615 ἐρευνήσαντες
3743 2541 3832 2594 καὶ

2234 2635 2728 2705 φιλοπονήσαντες,
2789 2632 2966 2687 ταῦτα
2999 2635 3166 2688 πᾶσιν
3196 2633 3615 2704 ἐσπουδάσαμεν
3668 2633 3833 2686 κατά-

2232 2727 2372 2798 δηλα
2400 2725 2687 2796 γενέσθαι*
2716 2724 2867 2799 [cod.
2900 2725 2941 2780 f.
2981 2727 3101 2790 111,
3140 2723 3226 2798 1).]
3256 2728 3339 2796 τῇ
3364 2727 3422 2779 ἐν
3451 2724 3572 2796 Θεῷ
3592 2723 3835 2778 κελεύσει

2230 2817 2344 2870 τῶν
2378 2816 2559 2869 αὐτῶν
2592 2816 2785 2884 ἁγίων,
2815 2816 2913 2870 καὶ
2940 2816 3241 2887 όρθοδόξων
3275 2817 3529 2888 μεγάλων
3581 2816 3839 2888 βασιλέων

2233 2907 2413 2977 ήμῶν,
2450 2908 2525 2970 ὡς
2553 2907 2755 2974 δοῦλοι,
2782 2908 2831 2962 εῑ
2852 2909 2947 2963 καὶ
2978 2908 3220 2973 εὐτελεῖς
3241 2907 3334 2962 καὶ
3354 2907 3583 2975 ἀνάξιοι,
3614 2910 3674 2961 ἐν
3698 2906 3837 2978 φόϐῳ

2236 3000 2419 3072 πολλῷ
2452 3000 2794 3067 ὐπείξαντες.
2820 3001 2931 3055 Καὶ
2970 3002 3100 3073 περὶ
3130 3000 3229 3072 μὲν
3272 3000 3487 3067 τούτου,
3527 3002 3671 3066 ἃλις·
3709 3002 3832 3072 περὶ

2233 3093 2291 3148 δέ
2320 3112 2484 3148 τινων
2520 3094 2873 3167 -παρ’⁷αὐτοῖς
2920 3093 3031 3147 τῶν
3065 3092 3411 3167 τελεωτέρων
3445 3094 3736 3168 αἱρέσεων,
3777 3095 3831 3146 ὲν

2240 3190 2354 3253 τοῖς
2384 3189 2584 3260 ἐφεξῆς
2622 3189 2751 3260 ὑμῖν
2782 3188 3191 3260 δηλωθήσεται·
3241 3189 3377 3259 ἡμῖν
3415 3191 3531 3252 τοῖς
3568 3188 3839 3243 εὐτελέσιν

2154 3270 2201 3335 C
2233 3278 2522 3352 ὀρέγοντος
2552 3289 2581 3330 τι
2618 3272 2663 3348 ᾧ
2690 3282 2725 3353 ἠ
2756 3279 2902 3346 δόξα,
2941 3278 3020 3352 τῷ
3050 3279 3230 3351 Πατρὶ
3250 3320 3264 3345 ,
3309 3279 3404 3332 καὶ
3450 3279 3532 3352 τῷ
3562 3278 3701 3351 Υίῷ,
3738 3277 3828 3333 καὶ

525 3375 607 3447 τῷ
626 3375 768 3447 ἁγίῳ
788 3373 1093 3447 Πνεύματι,
1126 3374 1204 3445 τῷ
1230 3373 1378 3446 μόνῳ
1399 3374 1591 3445 ἀληθεῖ
1629 3372 1772 3445 Θεῷ,
1824 3373 1922 3428 καὶ
1951 3372 2137 3445 πάσης
2166 3372 2401 3437 κτίσεως
2430 3373 2637 3446 ὁρατῆς
2674 3390 2751 3429 τε
2807 3374 2906 3429 καὶ
2962 3371 3200 3444 ἀοράτου
3252 3370 3574 3444 δημιουργῷ
3632 3389 3693 3427 τε
3734 3370 3825 3432 καὶ

535 3472 759 3544 συνοχεῖ
790 3469 887 3526 καὶ
913 3469 1265 3542 ἐξουσιαστῇ,
1295 3472 1377 3534 είς
1408 3472 1539 3535 τοὺς
1566 3470 1794 3535 αἰῶνας.
1841 3469 2039 3542 Ἀμήν.

607 3642 887 3699 Hactenus
917 3645 1093 3716 operis
1122 3660 1250 3713 pars
1280 3643 1339 3697 in
1360 3641 1560 3698 Raderi
1590 3642 1722 3697 libro
1746 3642 1964 3713 jamdiu
1990 3643 2132 3697 edita
2157 3659 2175 3698 :
2206 3644 2361 3715 cujus
2386 3660 2480 3699 nos
2537 3642 2780 3701 ercum
2811 3654 3013 3700 textum
3036 3662 3291 3718 perquam
3324 3650 3576 3700 accurate
3601 3642 3675 3697 ad
3693 3640 3832 3695 codi-

533 3754 646 3792 cem
676 3738 965 3809 exegimus,
991 3748 1048 3792 ut
1072 3737 1305 3807 plurima
1335 3747 1384 3791 et
1409 3738 1723 3809 gravissima
1756 3738 1966 3803 menda,
1985 3739 2093 3793 sive
2110 3737 2432 3809 Graecitatis,
2480 3741 2586 3795 sive
2609 3741 3023 3813 orthographia,
3055 3744 3162 3797 sive
3189 3741 3351 3796 etiam
3373 3737 3832 3807 interpunclionis,

538 3833 954 3891 excluderemus.
985 3832 1195 3889 Novam
1241 3851 1447 3906 quoque
1478 3834 1731 3890 Latinam
1761 3836 1980 3908 fecimus
2003 3836 2519 3907 interpretationem.
2562 3838 2828 3895 Caeterum
2882 3839 3082 3896 Raderi
3122 3840 3372 3895 Latinum
3401 3847 3601 3892 textum
3631 3836 3688 3889 in
3730 3834 3834 3888 sin-

540 3926 680 3999 gulis
711 3928 913 3983 mendis
940 3928 1262 3983 nominatim
1290 3928 1597 4001 objurgare,
1633 3930 1848 3983 minime
1876 3928 2101 3999 placuit.
2141 3931 2286 3987 Nam
2314 3950 2479 4005 neque
2534 3935 2679 3991 nobis
2712 3936 2842 4006 ipsis
2873 3944 3083 3997 tantum
3116 3934 3414 4001 tribuimus,
3452 3940 3509 3985 ut
3539 3927 3826 3991 erroribus,

568 4022 869 4097 priesertim
890 4022 946 4077 in
974 4038 1131 4090 opere
1155 4022 1424 4093 festinato,
1456 4022 1720 4077 immunes
1752 4038 1863 4078 esse
1882 4026 2154 4092 putemus.

1790 4234 2031 4293 VARUS
2094 4236 2502 4299 LECTIONES.

650 4424 679 4511 ξι
796 4418 1336 4511 ἁποκτεννομένοισι.

1452 4431 1476 4463 °
1511 4424 1580 4481 Β.
1604 4425 1926 4498 ἐλαχίστων.

546 4489 827 4557 postulare
862 4492 1046 4563 potius
1076 4489 1144 4563 ᾧ.

2042 4439 2073 4480 Ρ
2095 4428 2162 4485 R.
2193 4429 2606 4504 ἐννεαμηναῖον.

2708 4439 2738 4482 ιι
2767 4427 2903 4488 Cod.
2956 4428 3128 4503 αὐτῷ,
3183 4430 3276 4487 sed
3330 4428 3578 4503 syntaxis
3607 4428 3847 4501 ,videtur
