4142 6482
390 425 528 491 1205

1388 426 1648 489 SERMO
1688 429 1717 489 Ι
1756 428 2158 492 ADVERSUS
2197 429 2685 491 MANICHJEOS.

3560 434 3695 499 1306

388 583 3676 615 mm

563 740 917 876 ΤΟΥ
991 740 1577 878 ΑΥΤΟΥ
1665 745 2365 880 ΠΕΤΡΟΥ
2445 746 3499 888 ΣΙΚΕΛΙΩΤΟΥ

1555 987 1930 1074 ΛΟΓΟΣ

2030 988 2480 1079 ΠΡΩΤΟΣ

376 1171 537 1228 Κατὰ
561 1170 931 1242 Μανιχαίων,
955 1171 1076 1250 τῶν
1102 1172 1202 1225 καὶ
1230 1173 1679 1250 Παρλικιάνων,
1706 1170 1966 1250 “(En-@130
2001 1169 2379 1250 ἀρχᾲςιεῖνξιι
2411 1176 2740 1250 λεγόντων,
2771 1177 2883 1234 ἕνα
2910 1177 3264 1250 8862701768
3295 1178 3404 1234 τοῦ
3427 1179 3665 1250 κόσμου

842 1244 1105 1313 ποιητὴν
1143 1243 1245 1297 καὶ
1277 1243 1714 1313 ὲξουσιαστὴν,
1741 1243 1840 1297 καὶ
1867 1241 2086 1312 ἕτερον
2113 1245 2262 1299 Θεὸν
2285 1241 2442 1301 εἶναι
2469 1241 2578 1302 τοῦ
2602 1247 2951 1318 μέλλοντος
2978 1248 3215 1316 αἰῶνος.

881 1579 1769 1740 EJUSDEM
1886 1589 2467 1744 PETRI
2552 1587 3176 1753 SICULI

1515 1871 1960 1981 SEBMO
2026 1862 2543 1985 'PRIMUS

363 2080 688 2175 Adversus
738 2083 1144 2175 Agonichceos,
1186 2084 1296 2162 qui
1359 2090 1418 2144 et
1448 2084 1835 2175 Ῥίωίίσίαηί
1883 2084 2215 2175 dicuntur,
2270 2088 2393 2150 duo
2429 2089 2766 2175 principia
2826 2110 2956 2153 esse
3005 2094 3660 2175 afﬁrmantes;unum

443 2161 713 2259 quidem,
773 2165 971 2225 Deum
1025 2161 1215 2248 hujus
1269 2161 1490 2226 mundi
1521 2172 1868 2227 creatorem
1899 2174 1956 2227 et
1986 2161 2481 2239 dominatorem;
2511 2161 2787 2233 altei'um
2844 2191 3018 2250 vero,
3045 2161 3252 2237 'Deum
3282 2161 3655 2259 esse-futuri

448 2239 683 2305 surculi.

2249 2420 2333 2429 οι.
2396 2418 2426 2429 -σ

428 2562 512 2619 A'.
558 2562 757 2636 Ἀδόλῳ
812 2564 908 2620 καὶ
965 2564 1276 2638 ἀδιστάκτῳ
1332 2566 1429 2621 καὶ
1490 2568 1675 2641 τελείᾳ
1734 2571 1801 2641 τῇ
1870 2567 1960 2621 πί-

2142 2569 2319 2643 481.
2347 2567 2632 2624 Sinceram
2657 2577 2713 2624 et
2743 2567 3026 2624 indubiam
3050 2568 3464 2641 perfectamque
3493 2571 3678 2640 fidem,

356 2673 500 2723 στει,
543 2657 957 2731 ἀκαταγνώστῳ
1008 2676 1068 2712 τε
1121 2660 1216 2713 καὶ
1250 2659 1481 2733 καθαρῴ
1528 2662 1813 2728 συνειδότι,
1864 2663 1966 2734 τῆς

356 2751 500 2821 πρὸς
529 2751 630 2822 τὴν
655 2752 985 2824 ύπερούσιον
1014 2752 1465 2826 θεαρχικωτάτην
1502 2756 1597 2808 καὶ
1647 2756 1965 2828 ζωαρχικὴν

356 2844 450 2897 καὶ
482 2844 692 2899 ἑνιαίαν
742 2845 949 2917 Τριάδα
979 2846 1071 2900 τὸν
1117 2847 1277 2916 μόνον
1307 2847 1563 2917 ἀληθινὸν
1616 2848 1750 2901 θεὸν
1782 2850 1815 2919 ἡ
1826 2850 1964 2919 μῶν,

353 2936 451 2995 τὸν
475 2934 703 3007 ποιητὴν
726 2935 822 2989 τοῦ
855 2935 1087 3007 ούρανοῦ
1114 2938 1209 2989 καὶ
1238 2938 1336 3009 τῆς
1368 2938 1473 3008 γῆς
1518 2938 1615 2992 καὶ
1656 2938 1837 3009 πάσης
1870 2938 1967 2991 ἀο-

363 3029 530 3101 ράτου
557 3045 616 3081 τε
651 3028 746 3082 καλ⁸
773 3030 978 3100 ὁρατῆς
1017 3029 1270 3094 κτίσεως,
1330 3031 1562 3102 συνοχέα
1604 3049 1664 3086 τε
1688 3033 1783 3086 καὶ
1813 3031 1968 3098 ἐξου-

360 3125 612 3195 σιαστὴν,
649 3123 715 3177 ὲκ
748 3123 954 3191 γονέων
985 3141 1046 3177 τε
1072 3124 1169 3177 καὶ
1206 3125 1490 3195 προγόνων
1537 3126 1795 3192 ἀκλινοῦς
1829 3131 1966 3199 ὁμο-

353 3215 548 3285 λογίας
583 3215 871 3288 ὑπάρχων,
928 3216 1142 3289 μάρτυς
1180 3220 1215 3289 ὴ
1262 3219 1402 3290 αὐτὴ
1457 3220 1592 3289 ἁγία
1647 3221 1842 3292 Τριὰς,
1872 3223 1967 3276 καὶ

353 3309 566 3373 πάντες
589 3302 672 3373 οἷς
700 3311 1226 3382 συνανεστράφημεν
1276 3311 1558 3383 ἄνθρωποι
1584 3354 1599 3380 ,
1638 3315 1689 3368 εί
1726 3316 1822 3367 καὶ
1850 3318 1966 3380 τοῖς

353 3402 583 3466 οἰκείοις
613 3402 715 3473 τῆς
736 3402 977 3468 πίστεως
1015 3402 1203 3476 ἔργοις
1245 3405 1505 3478 ἐλλειπής
1540 3410 1654 3477 είμι
1682 3408 1967 3475 παντελῶς

362 3494 511 3567 [ϐοά.
536 3494 576 3550 f.
610 3494 762 3568 112.]
794 3495 907 3565 ἐγὼ
935 3499 963 3551 ὁ
995 3497 1324 3569 ἁμαρτωλὸς
1345 3502 1441 3554 καὶ
1473 3500 1711 3567 ἀνάξιος,
1732 3495 1777 3556 ὧ
1811 3502 1968 3575 ίερὼ-

358 3603 524 3642 τατον
556 3586 833 3660 ἄθροισμα
866 3588 964 3659 (1).
989 3589 1259 3661 Πείθομαι
1289 3591 1398 3663 γὰρ
1417 3593 1561 3663 ὑμᾶς
1591 3595 1794 3665 ὀμαδὸν
1823 3612 1965 3667 συμ-

365 3681 628 3751 παρεῖναι
650 3683 717 3751 τῇ
740 3680 849 3734 τῶν
884 3683 1266 3753 προκειμένων
1293 3684 1469 3752 λόγων
1492 3686 1756 3758 ἀκροάσει
1789 3705 1848 3741 τε
1872 3688 1968 3742 καὶ

355 3771 627 3837 ἐξετάσει,
661 3774 775 3834 τοῖς
817 3772 1158 3844 προλαὸοΰσι
1205 3775 1275 3830 τὰ
1324 3775 1584 3831 λείποντα
1623 3781 1967 3851 ἐπισυνάψαι

358 3865 732 3936 πειράσομαι·
766 3866 971 3938 μᾶλλον
997 3867 1055 3919 δὲ
1076 3866 1187 3920 τῶν
1218 3871 1639 3943 προειρημένων
1668 3873 1767 3944 ούχ
1797 3867 1962 3945 ἦττον

2070 2663 2614 2735 irreprebeusibilem
2644 2678 2949 2733 puramque
2972 2663 3373 2718 conscientiam
3406 2680 3534 2737 erga
3567 2681 3666 2720 su—

2069 2773 2320 2830 premam
2353 2765 2409 2812 ct
2443 2756 2713 2811 divinitus
2738 2756 3141 2820 dominantem,
3171 2755 3443 2812 vivificam
3477 2774 3679 2813 uuam-

2069 2866 2176 2920 que
2237 2849 2587 2913 Triuitatem,
2642 2847 2866 2902 unicum
2920 2864 3117 2903 verum
3172 2849 3348 2903 Deum
3399 2858 3675 2916 nostrum,

2071 2940 2196 2995 (ξαειὶ
2235 2948 2509 3010 terraique
2558 2947 2885 3003 creatorem,
2924 2938 3216 3008 omnisque
3254 2939 3549 2995 invisibilis
3589 2940 3679 2994 vi-

2069 3034 2352 3105 sibilisque
2394 3034 2471 3089 rei
2531 3041 2731 3089 creatae
2778 3042 3228 3089 conservatorem
3257 3048 3321 3088 ac
3352 3031 3676 3100 Dominum,

2068 3142 2157 3182 me
2189 3128 2303 3198 jam
2340 3126 2469 3181 inde
2496 3142 2526 3181 a
2562 3126 2910 3197 genitoribus
2940 3125 3502 3197 progenitoribusque
3535 3127 3678 3183 meis

2072 3219 2533 3275 indeclinabiliter
2576 3234 2701 3274 esse
2761 3218 3099 3289 professum,
3141 3219 3298 3275 testis
3347 3228 3433 3275 est
3484 3228 3679 3275 sancta

2069 3312 2187 3384 ipsa
2223 3312 2487 3377 Trinitas,
2536 3320 2595 3366 et
2635 3311 2825 3366 cuncti
2867 3313 3198 3381 quibuscum
3250 3320 3504 3367 versatus
3553 3328 3677 3367 sum

2072 3404 2360 3474 homines;
2410 3420 2725 3476 quanquam
2776 3404 3018 3475 propriis
3076 3404 3204 3459 ﬁdei
3260 3405 3523 3476 operibus
3573 3420 3678 3477 ego

2069 3515 2300 3571 prorsus
2339 3514 2523 3563 careo,
2548 3505 2810 3568 peccator
2832 3505 2887 3551 et
2916 3496 3197 3566 indignus,
3233 3512 3267 3551 ο
3298 3496 3673 3551 sacratissime

2071 3602 2423 3659 conventus;
2468 3605 2633 3660 quem
2670 3588 2797 3660 quia
2838 3588 3132 3644 confertim
3175 3588 3521 3658 superiorum
3558 3604 3679 3644 ser-

2070 3700 2299 3740 monum
2331 3682 2721 3740 auscultationi
2766 3690 2824 3737 et
2853 3680 3223 3751 disquisitioui
3250 3681 3470 3736 affuisse
3490 3680 3675 3745 audio,

2071 3791 2222 3831 nunc
2258 3791 2383 3846 quae
2417 3773 2653 3830 dicenda
2699 3780 3022 3843 supersunt,
3068 3770 3510 3841 praecedentibus
3541 3786 3680 3825 cou-

2071 3877 2297 3924 uectere
2326 3867 2505 3922 nitar:
2540 3866 2627 3922 vel
2644 3865 2830 3936 potius
2860 3865 3259 3921 accuratiorem
3291 3879 3457 3934 quam
3491 3872 3676 3929 antea,

358 3933 717 4030 évreﬁﬂavriiv
745 3933 961 4029 σκέψιν,
984 3960 1123 4017 ἀλλὰ
1149 3961 1247 4014 καὶ
1266 3933 1614 4034 οἰκειοτέραν
1638 3933 1957 4037 ποιῆσόμαι.

2068 3962 2277 4020 nedqu
2320 3962 2619 4027 minorem,
2653 3960 2851 4015 faciam
2879 3957 3428 4015 commentationem.
3466 3956 3532 4011 Et
3562 3957 3678 4027 pri-

360 4050 473 4104 Kal
504 4049 725 4121 πρῶτον
777 4050 878 4123 μὲν
930 4052 1033 4116 τὰς
1082 4053 1389 4124 προδήλους
1423 4055 1555 4125 παρ’
1592 4057 1776 4121 αὐτοῖς
1810 4060 1962 4130 αίρέο

361 4158 497 4207 σεις,
525 4143 583 4195 ὲν
605 4141 891 4214 κεφαλαίῳ
920 4144 1001 4196 ἐνὶ
1030 4144 1250 4215 ἑκάστῳ
1281 4144 1639 4216 θριαμϐεύσω
1664 4165 1676 4177 ·
1703 4150 1866 4213 εὐθύς
1900 4167 1961 4203 τε

355 4232 641 4298 ἐνστάσεις
674 4234 769 4289 καὶ
792 4235 1099 4299 ἀντιθέσεις
1137 4235 1450 4301 ἀκολούθως
1490 4238 1723 4293 ἑκάστου
1758 4242 1815 4293 ὲν
1847 4240 1963 4312 ἰδίῳ

357 4326 566 4399 χωρίῳ,
597 4326 676 4386 ὡς
704 4327 950 4398 ἐφικτὸν,
980 4329 1321 4401 ποιήσομαι·
1353 4330 1449 4384 καὶ
1493 4331 1633 4402 μετὰ
1667 4332 1828 4388 τοῦτο
1859 4334 1962 4406 τὴν

356 4419 569 4492 πληθὺν
590 4420 701 4475 τῶν
728 4420 832 4491 τῆς
857 4420 1009 4486 θείας
1046 4423 1272 4493 Γραφῆς
1304 4425 1627 4496 μαρτυριῶν
1657 4427 1958 4498 προσοίσω,

355 4512 421 4566 ἐκ
452 4513 633 4568 τετοῦ
684 4514 843 4583 ἁγίου
897 4516 1201 4574 ἀποστόλου
1264 4516 1481 4571 Παύλου
1537 4519 1961 4591 δεκατεσσάρων

355 4607 681 4677 ἐπιστολῶν,
740 4607 1025 4673 Ἰακώϐου,
1068 4610 1166 4667 καὶ
1206 4611 1458 4666 Ἰωάννου
1483 4654 1498 4676 ,
1538 4613 1629 4667 καὶ
1669 4613 1764 4667 τοῦ
1798 4615 1958 4683 ἁγίου

365 4699 558 4766 Ἰούδα,
586 4699 683 4754 καὶ
719 4700 829 4755 τῶν
860 4698 1124 4770 Πράξεων
1150 4701 1257 4755 τῶν
1282 4703 1599 4758 ἀποστόλων
1629 4704 1961 4777 ὲρανισάμε-

352 4809 483 4856 νο;’
541 4792 618 4857 ὡς
668 4792 779 4865 γὰρ
821 4795 1148 4867 προείρηται
1174 4796 1274 4867 (2),
1323 4797 1523 4851 ἐκεῖνοι
1568 4796 1716 4869 ἄλλῳ
1742 4800 1850 4852 τινὶ
1882 4798 1958 4872 μὴ

352 4886 554 4959 χρῆναι
583 4887 870 4943 πείθεσθαι
906 4889 1360 4960 ἐπαγγέλλονται,
1403 4892 1454 4945 εί
1486 4892 1563 4964 μὴ
1604 4892 1816 4958 τούτοις
1860 4895 1957 4948 καὶ

358 4984 564 5054 μόνοις.

425 5076 503 5131 B'.
545 5079 705 5132 Ἐστι
728 5078 838 5150 γὰρ
876 5081 1061 5146 αὐτοῖς
1088 5081 1147 5135 ἒν
1169 5083 1348 5137 ἐκεῖνο
1378 5085 1473 5139 καὶ
1508 5085 1627 5140 λίαν
1660 5086 1950 5158 πρόδηλον,

352 5174 414 5227 τὸ
434 5172 528 5227 δύο
554 5174 731 5246 ἀρχὰς
755 5176 1042 5247 ὁμολογεῖν
1070 5178 1171 5248 (5),
1200 5196 1336 5250 πονη
1347 5181 1438 5251 ρὸν
1454 5198 1513 5236 τε
1538 5180 1672 5234 Θεὸν
1700 5182 1794 5235 καὶ
1814 5184 1953 5249 ἀγα-

2065 4072 2158 4113 mo
2188 4054 2412 4125 quidem
2450 4060 2707 4123 patentes
2740 4051 2887 4123 apud
2918 4049 3254 4104 Manichazos
3282 4049 3523 4104 haereses
3556 4049 3676 4103 siu-

2063 4148 2202 4221 gulis
2249 4146 2506 4218 capitulis
2546 4144 2767 4215 publice
2809 4157 3121 4213 exponam:
3159 4140 3356 4195 deinde
3397 4140 3675 4196 contraria

2062 4250 2390 4315 argumenta
2439 4250 2496 4295 et
2536 4236 3030 4298 contradictiones,
3087 4250 3153 4288 ex
3196 4234 3389 4288 ordine
3428 4232 3673 4305 singula-

2062 4352 2208 4400 rum,
2255 4333 2480 4405 proprio
2525 4330 2584 4385 iu
2629 4330 2753 4385 loco
2801 4345 2902 4400 pro
2948 4327 3161 4383 viribus
3207 4342 3513 4397 exponam;
3561 4325 3675 4398 49

2061 4438 2340 4500 postremo
2378 4425 2613 4496 plurima
2654 4437 2722 4478 ex
2764 4421 2951 4477 divina
3001 4419 3292 4490 Scriptura
3347 4417 3669 4471 testimonia

2060 4522 2361 4593 proferam,
2396 4536 2465 4575 ex
2504 4517 2658 4573 Pauli
2706 4515 3125 4587 quatuordccim
3165 4512 3433 4582 epistolis,
3477 4511 3671 4568 Jacobi

2060 4616 2215 4681 item,
2248 4624 2303 4669 et
2322 4611 2575 4677 Joannis,
2607 4626 2673 4666 ac
2697 4608 2873 4665 sancti
2896 4608 3071 4674 Judze,
3106 4618 3163 4662 et
3192 4622 3260 4662 ex
3293 4605 3669 4675 apostolorum

2060 4708 2292 4765 Actibus
2324 4705 2573 4763 collecta.
2609 4702 2860 4774 Namque
2892 4701 2991 4763 illi,
3036 4708 3097 4755 ut.
3132 4701 3247 4771 jam
3274 4698 3409 4765 dixi,
3440 4697 3665 4754 nonnisi

2061 4801 2148 4857 his
2172 4800 2302 4857 solis
2326 4797 2665 4855 credendum
2697 4810 2822 4851 esse
2849 4792 3145 4849 afﬁrmant.

2131 5086 2194 5141 ll.
2238 5082 2591 5139 Notissimum
2632 5080 2778 5150 apud
2822 5079 2972 5148 ipsos
3017 5084 3187 5147 caput
3225 5073 3359 5129 illud
3402 5082 3507 5138 cst,
3555 5086 3666 5141 quo

2061 5178 2172 5235 duo
2210 5176 2480 5249 principia
2506 5172 2862 5236 conﬁtentur,
2898 5170 3102 5225 malum
3134 5168 3347 5224 scilicet
3373 5166 3566 5230 Deum,
3599 5179 3664 5219 ac

354 5266 475 5319 θόνσ
504 5266 597 5322 τὸν
630 5267 731 5339 μὲν
763 5268 919 5323 τοῦδε
950 5270 1046 5325 τοῦ
1077 5273 1286 5344 κόσμου
1318 5275 1552 5345 ποιητήν
1577 5292 1634 5328 τε
1668 5275 1762 5329 καὶ
1796 5276 1951 5340 ἐξου-

2066 5275 2304 5337 bonum;
2354 5270 2507 5325 illum
2534 5267 2756 5339 quidem
2806 5265 2996 5320 mundi
3036 5264 3204 5334 hujus
3241 5271 3548 5319 creatorem
3600 5275 3664 5313 ac

356 5360 605 5433 σικστὴν,
636 5362 729 5417 τὸν
767 5362 823 5415 δὲ
849 5362 944 5416 τοῦ
978 5364 1286 5435 μέλλοντος,
1311 5366 1371 5419 ὃν
1406 5368 1501 5419 καὶ
1544 5366 1761 5437 Πατέρα
1786 5368 1951 5420 ἐπου-

352 5453 541 5526 ράνιον
565 5453 947 5524 ὀνομάζουσιν,
984 5457 1105 5521 ταῖς
1156 5457 1251 5512 τοῦ
1300 5458 1622 5529 δυσωνύμου
1671 5460 1954 5525 Μάνεντος

353 5546 600 5619 αἱρέσεσι
621 5550 720 5614 τὰς
752 5548 889 5615 ἰδίας
919 5549 1137 5615 ἀπάτας
1186 5554 1545 5625 καταλλήλως
1576 5553 1952 5625 ὲπισυνάψαν-

2059 5366 2341 5422 dominum
2364 5404 2378 5428 ,
2410 5364 2559 5417 hunc
2587 5375 2718 5416 vero
2760 5357 2953 5421 futuri,
2995 5372 3159 5427 quem
3187 5356 3351 5410 etiam
3379 5354 3664 5409 caelestem

2060 5461 2280 5517 Patrem
2325 5455 2652 5520 nominant;
2701 5451 2925 5507 infamis
2958 5449 3189 5505 Manetis
3232 5446 3537 5501 hmrcsibus
3568 5460 3661 5498 cr-

2063 5569 2216 5610 rorcs
2256 5567 2387 5608 suos
2412 5549 2653 5607 vicissim
2687 5554 3105 5605 counectcntes.
3145 5544 3213 5599 Et
3243 5541 3404 5596 nobis
3430 5539 3655 5610 quidem

428 5708 506 5779 (ί)
538 5711 808 5785 Loquitur
844 5722 1057 5785 auctor
1096 5730 1223 5769 cum
1268 5714 1535 5785 Bulgaria:
1590 5717 1942 5772 sacerdotum
2053 5716 2129 5770 sis
2158 5723 2481 5785 muneratur
2510 5710 2891 5785 sermonibus,
2944 5707 2993 5762 id
3059 5712 3141 5761 est
3174 5705 3448 5758 lizrrcscos
3482 5699 3661 5753 Mani-

356 5790 526 5861 ctetu,
553 5792 719 5853 prout
750 5783 879 5863 fecit
910 5782 1074 5863 etiam
1135 5787 1189 5839 in
1246 5782 1474 5863 cpistola
1537 5790 1736 5863 przcvia
1769 5789 1945 5842 histo-

354 5856 484 5929 riae;
528 5869 670 5929 quos
700 5856 829 5929 quia
861 5856 1100 5925 priorem
1134 5859 1315 5927 operis
1341 5856 1550 5929 partem
1576 5861 1821 5916 studiose
1848 5876 1946 5914 au-

359 5923 480 5980 dire
516 5933 611 5981 aut
648 5923 896 5983 lectitare
934 5923 1186 5997 noverat,
1228 5923 1375 5986 nunc
1399 5930 1524 5986 aliis
1560 5930 1668 6003 jam
1717 5932 1950 6003 promis-

2057 5786 2265 5842 chaicm
2303 5782 2754 5838 refutationibus.

2130 5858 2207 5925 (“2)
2245 5858 2300 5910 In
2330 5854 2707 5925 historiaicap.
2748 5854 2827 5903 l0.

2134 5858 2186 5925 (“2
2245 5858 2300 5910 In
2330 5858 2558 5909 historia
2585 5868 2707 5921 cap.
2748 5858 2807 5903 it)

2134 5858 2210 5999 (δὲ
2242 5928 2377 5983 ltcm
2410 5926 2540 5981 bist.
2575 5924 2680 5980 loc.
2718 5925 2811 5977 cit.
