4142 6444
551 367 693 442 1307

1968 376 2198 438 PETRI
2239 378 2495 442 SICULI

3724 381 3863 451 1308

547 485 908 544 adversantes
949 488 1142 547 aiunt:
1178 489 1288 551 Vos
1312 496 1538 565 quidem
1577 493 1800 551 creditis
1839 492 1895 548 lu
1927 492 2157 549 Creato-

2283 515 2374 562 τες.
2416 499 2528 553 Καὶ
2557 501 2697 572 πρὸς
2729 503 2877 575 ἡμᾶς
2913 504 3014 576 μὲν
3044 505 3457 579 ἀποτεινόμενοι
3484 504 3756 574 λέγουσιν,
3775 502 3864 555 δτι

547 595 668 636 rem
694 580 866 637 Deum
897 585 1087 642 mundi
1125 587 1327 658 hujus;
1360 606 1462 646 nos
1501 605 1634 645 vero
1660 590 1716 643 in
1753 589 1905 643 illum
1941 587 2013 643 de
2039 604 2151 658 quo

546 685 805 733 sanctum
859 677 1216 753 Evangeliunt
1253 684 1425 740 dicit:
1471 684 1659 750 Neque
1697 701 1872 738 vocem
1913 684 2030 750 ejus
2057 701 2160 738 au-

546 771 726 837 distis,
759 790 925 845 neque
966 778 1193 846 speciem
1242 779 1360 855 ejus
1408 779 1644 845 vidistis,
1690 788 1740 835 et
1786 779 2004 834 verbum
2040 779 2158 850 ejus

550 880 660 918 non
689 866 890 922 habetis
940 868 997 922 in
1047 871 1190 925 vobis
1241 888 1460 927 manens
1490 873 1560 926 ⁸⁵.
1617 871 1726 927 Sed
1761 871 1911 927 enim
1961 871 2030 926 de
2055 870 2161 927 hoc

549 958 773 1030 quidem
815 960 975 1030 paulo
1009 971 1134 1031 post
1163 962 1470 1033 loquemur.
1514 963 1672 1018 Nunc
1696 961 2000 1032 Scriptura
2065 969 2150 1018 te-

551 1051 815 1108 stimonia
834 1068 955 1121 qua:
994 1053 1110 1109 sint
1134 1055 1443 1111 audiamus.
1475 1055 1619 1123 Quid
1661 1055 1750 1110 isti
1798 1055 1945 1111 enim
1981 1053 2160 1109 insani

551 1146 747 1202 aiunt?
789 1145 903 1202 Nos
949 1163 1019 1204 ex
1045 1147 1346 1222 Evangelio
1380 1160 1438 1206 et
1477 1168 1544 1206 ex
1570 1150 1842 1221 ,Apostolo
1870 1149 2166 1206 didicimus

552 1241 875 1297 existimare
897 1252 952 1297 et
977 1242 1179 1311 dicere,
1206 1246 1375 1300 alium
1402 1261 1527 1301 esse
1568 1245 1740 1300 Deum
1778 1245 1967 1300 mundi
1999 1245 2166 1314 hujus

547 1345 858 1390 creatorem
905 1350 970 1390 ac
1018 1335 1326 1404 dominum,
1351 1348 1408 1394 et
1427 1338 1595 1394 alium
1624 1338 1797 1394 futuri
1820 1337 2008 1410 ;juxta
2032 1337 2168 1392 illud

546 1426 804 1496 Apostoli
833 1427 1097 1484 etfatum:
1143 1428 1285 1486 Deus
1310 1431 1472 1501 hujus
1501 1431 1684 1486 surculi
1709 1430 1997 1485 excwcavit
2021 1447 2170 1484 men-

549 1529 631 1574 tes
662 1520 976 1590 inﬁdelium,
1011 1531 1068 1576 ut
1095 1540 1201 1578 non
1245 1524 1446 1597 fulgeat
1468 1525 1576 1580 illis
1604 1523 1938 1580 illuminatio
1981 1523 2170 1595 gloria:

551 1611 838 1686 Evangelii
866 1613 1064 1671 Christi
1099 1617 1168 1671 ".
1215 1616 1282 1672 Et
1320 1619 1432 1673 alio
1460 1618 1624 1673 loco:
1666 1616 1970 1672 Secundum
2014 1617 2171 1687 prin-

551 1706 725 1776 cipem
772 1709 1050 1778 potestatis
1114 1711 1256 1764 aeris
1301 1711 1462 1780 hujus
1487 1711 1558 1765 ³⁸.
1610 1709 1750 1766 Tum
1799 1710 1966 1766 etiam
2014 1711 2173 1780 juxta

552 1797 776 1853 Domini
810 1802 982 1856 verba
1028 1801 1085 1857 in
1116 1804 1291 1859 sacris
1333 1804 1648 1878 Evangeliis
1679 1823 1693 1860 :
1745 1804 1893 1859 Venit
1925 1805 2172 1874 princeps

2272 592 2487 664 Ὑμεῖς,
2522 596 2710 666 φησὶν,
2745 598 3031 652 πιστεύετε
3069 602 3150 664 εἰς
3181 600 3274 654 τὸν
3313 597 3721 670 κοσμοποιητὴν
3763 595 3867 649 τὸν

2259 685 2396 739 Θεὸν
2424 685 2521 740 τοῦ
2567 687 2777 760 κόσμου
2808 690 3024 758 τούτου,
3067 693 3232 764 ἡμεῖς
3258 693 3317 748 δὲ
3360 694 3441 758 είς
3499 693 3708 747 ἐκεῖνον
3729 689 3871 761 περὶ⁵

2259 771 2324 834 οὗ
2347 779 2407 834 τὸ
2429 778 2586 848 ἅγιον
2622 782 2964 852 Εὐαγγέλιον
3004 784 3154 854 λέγει
3179 827 3195 851 ,
3235 787 3317 840 ὅτι
3351 787 3504 842 Οὔτε
3517 784 3727 856 φωνὴν
3752 784 3872 836 αὐ-

2261 873 2370 928 τοῦ
2393 874 2712 944 ἀκηκόατε,
2748 875 2896 950 [cod.
2933 877 2973 933 f.
3008 879 3111 935 H2
3144 879 3233 952 In]
3275 879 3414 934 οὔτε
3464 874 3625 945 εἶδος
3670 873 3873 930 αὐτοῦ

2261 963 2579 1033 ἑωράκατε,
2621 967 2717 1022 καὶ
2744 967 2853 1023 τὸν
2879 969 3068 1039 λόγον
3093 969 3282 1025 αὑτοῦ
3312 971 3423 1024 οὐκ
3453 970 3622 1038 ἔχετε
3643 967 3873 1036 μένον-

2262 1074 2338 1111 τα
2365 1058 2435 1111 ἐν
2457 1059 2623 1127 ὑμῖν.
2663 1060 2830 1115 ’Λλλά
2856 1065 2986 1133 περὶ
3017 1063 3118 1133 μὲν
3156 1061 3350 1117 τούτου
3395 1060 3591 1132 μικρὸν
3631 1059 3874 1128 ’ὕστερον

2264 1150 2535 1222 ἐροῦμεν·
2565 1151 2705 1216 τέως
2739 1153 2798 1208 δὲ
2836 1153 2906 1208 τὰ
2935 1155 3191 1224 Γραφικά
3222 1153 3583 1226 προϐλήματα
3614 1146 3704 1206 οἶά
3724 1149 3874 1202 εἰσιν

2264 1243 2616 1314 ἀκούσωμεν.
2654 1247 2720 1300 Τί
2754 1248 2863 1319 γάρ
2896 1265 3059 1317 φασιν
3091 1249 3140 1302 οἱ
3167 1247 3422 1318 ἀνόητοι;
3467 1245 3653 1316 Ἡμεῖς
3684 1245 3750 1297 ὲκ
3765 1239 3873 1295 τοῦ

2268 1337 2604 1407 Εὑαγγελίου
2622 1341 2716 1393 καὶ
2737 1339 2830 1393 τοῦ
2871 1341 3197 1395 Ἀποστόλου
3235 1338 3615 1412 παρελάϐομεν
3638 1337 3781 1390 νοεῖν
3805 1351 3871 1387 τε

2269 1431 2368 1486 καὶ
2394 1432 2578 1501 λέγειν
2607 1433 2766 1489 ἄλλον
2799 1430 2940 1489 εἶναι
2967 1434 3102 1489 Θεὸν
3134 1434 3288 1488 τοῦδε
3320 1433 3414 1488 τοῦ
3449 1432 3653 1502 κόσμου
3698 1446 3872 1498 ποιη-

2269 1526 2372 1596 τὴν
2399 1542 2459 1579 τε
2492 1527 2587 1580 καὶ
2617 1526 3002 1600 ὲξουσιαστὴν,
3059 1528 3156 1582 καὶ
3201 1526 3388 1598 ἕτερον
3407 1524 3503 1579 τοῦ
3535 1523 3835 1595 μέλλοντος
3856 1537 3872 1551 ·

2271 1620 2416 1673 κατὰ
2443 1621 2504 1674 τὸ
2538 1621 2702 1692 ῥητὸν
2738 1620 2801 1675 τὸ
2832 1621 2939 1675 ὑπὸ
2969 1620 3064 1676 τοῦ
3107 1619 3435 1676 Ἀποστόλου
3467 1616 3778 1690 εἰρημένον,
3815 1615 3876 1666 Ὁ

2274 1711 2422 1779 Θεὸς
2469 1711 2688 1780 αἰῶνος
2743 1714 2962 1770 τούτου
3009 1714 3324 1784 ἐτύφλωσε
3361 1713 3434 1768 τὰ
3465 1709 3731 1781 νοήματα
3751 1706 3881 1762 τῶν·

2274 1805 2572 1871 ἀπίστων,
2598 1808 2687 1874 εἰς
2720 1810 2788 1862 τὸ
2807 1807 2894 1878 μὴ
2917 1807 3180 1877 αὐγάσαι
3207 1805 3413 1873 αὐτοῖς
3439 1805 3545 1859 τὸν
3566 1800 3880 1874 φωτισμὸν

552 1889 716 1959 hujus
754 1893 962 1958 mundi,
989 1901 1039 1948 et
1068 1892 1124 1948 in
1160 1895 1310 1949 nobis
1339 1895 1470 1950 nihil
1497 1896 1724 1950 inveniet
1758 1895 1826 1949 ⁸⁷.
1858 1894 1976 1951 lmo
2010 1909 2156 1965 saepe

2283 1896 2382 1966 rﬁc
2417 1897 2608 1967 δόξης
2660 1898 2768 1953 τοῦ
2819 1900 3193 1969 Εὐαγγελίου
3228 1897 3334 1952 τοῦ
3371 1893 3661 1966 Χρωτοῦο
3698 1892 3794 1945 καί
3822 1892 3883 1942 ἐν

556 1983 753 2038 mundi
786 1985 1093 2056 principem
1127 1990 1470 2059 nuncupavit
1502 1997 1813 2060 apostatam
1855 1987 2163 2043 diabolum.

2277 1989 2452 2063 ἑτέρῳ
2482 1992 2648 2062 φησίν
2671 2007 2683 2020 ·
2719 1993 2881 2046 Κατὰ
2903 1993 3012 2046 τὸν
3034 1991 3296 2062 ὖρχοντα
3325 1987 3437 2057 τῆς
3460 1984 3745 2052 ἐξουσίας
3769 1979 3881 2035 τοῦ

557 2077 737 2146 ἀέρος
766 2080 984 2135 τούτου
1009 2096 1021 2111 ’
1054 2083 1150 2136 καὶ
1184 2083 1328 2138 κατά
1354 2084 1416 2138 τὸ
1445 2084 1552 2139 ὑπὸ
1584 2085 1679 2139 τοῦ
1733 2086 1942 2158 Κυρίου
1972 2087 2032 2138 ὲν
2061 2087 2176 2150 τοῖς
2246 2087 2414 2157 ίεροῖς
2475 2086 2836 2158 Εὑαγγελίοις
2891 2088 3218 2159 λεγόμενον·
3267 2088 3331 2138 '0
3394 2084 3593 2153 ἄρχων
3630 2078 3737 2135 τοῦ
3789 2075 3886 2131 κδ’

558 2189 724 2243 σμου
768 2175 986 2229 τούτου
1009 2177 1267 2247 ἔρχεται,
1303 2178 1402 2233 καὶ
1433 2177 1504 2232 ὲν
1539 2179 1688 2251 ἡμῖν
1721 2179 1972 2250 εὑρήσει
1996 2177 2202 2235 οὐδέν.
2235 2181 2348 2237 Καὶ
2409 2183 2673 2248 πολλάκις
2733 2185 2974 2257 ἄρχοντα
3024 2181 3121 2236 τοῦ
3177 2180 3389 2252 κόσμου
3436 2178 3528 2232 τὸν
3563 2175 3885 2246 ἀποστάτην

558 2267 808 2324 διάϐολον
838 2271 1240 2328 ἀποκαλοῦντα.

634 2361 729 2420 lll.
775 2363 867 2420 llis
893 2367 1169 2435 quomodo
1194 2383 1297 2423 nos
1326 2370 1724 2426 occurremus?
1761 2370 1917 2438 Quod
1944 2372 2064 2428 haec
2096 2371 2174 2428 ita

562 2458 676 2515 sint
716 2459 943 2530 scripta,
977 2477 1046 2517 ne
1091 2478 1196 2518 nos
1243 2463 1471 2534 quidem
1513 2481 1782 2538 negamus
1828 2485 1840 2521 :
1893 2483 2019 2522 nam
2046 2468 2175 2523 mali

562 2553 712 2609 servi
744 2553 988 2611 ollicium
1030 2567 1116 2613 est
1146 2559 1534 2615 auctoritatem
1582 2561 1812 2616 herilem
1858 2562 2174 2633 repudiare,

563 2656 621 2703 ct
647 2657 837 2703 contra
868 2649 1162 2705 Dominum
1210 2651 1541 2724 insurgere;
1578 2662 1635 2709 et
1666 2670 1789 2725 quae
1822 2654 1877 2708 in
1911 2655 1978 2710 iis
2019 2655 2177 2712 libris

562 2741 656 2813 pie
678 2741 937 2812 justeque
962 2743 1105 2797 dicta
1140 2753 1272 2798 sunt
1312 2753 1368 2799 ct
1407 2755 1553 2810 acta,
1583 2746 1877 2802 sententia:
1905 2747 2176 2818 improbi-

589 2843 702 2888 tate
747 2835 976 2891 l'alsare:
1014 2837 1181 2892 veluti
1215 2837 1538 2894 calumniari
1583 2839 1758 2905 illum,
1795 2841 1886 2910 qui
1935 2840 2178 2896 fornica-

564 2927 772 2984 tionem
817 2939 986 2996 vetat,
1021 2931 1179 3001 quasi
1221 2942 1534 2990 contractas
1582 2933 1638 2988 in
1681 2933 1919 2990 Domino
1953 2934 2178 3012 nuptias

563 3022 941 3091 abominetur,
992 3025 1146 3081 omni
1212 3025 1326 3081 vini
1379 3025 1488 3098 50
1542 3037 1762 3100 gustatu
1822 3028 2177 3096 interdicere,

565 3114 717 3184 quod
765 3115 968 3186 alioqui
1006 3117 1154 3172 bona
1189 3117 1284 3172 Dei
1333 3127 1588 3174 creatura
1635 3129 1751 3179 est.
1797 3135 1978 3190 neque
2016 3135 2179 3191 repu-

566 3207 858 3273 diandum,
892 3210 987 3265 sed
1015 3226 1143 3266 cum
1176 3211 1477 3281 gratiarum
1520 3215 1703 3284 potius
1743 3213 1962 3269 actione
1994 3214 2182 3269 mode-

569 3304 692 3350 rate
734 3298 1087 3353 sumendum.
1121 3297 1445 3370 Hujusmodi
1472 3310 1528 3354 et
1553 3301 1689 3356 alias
1725 3301 1972 3372 reperies
1999 3301 2054 3356 in
2090 3318 2182 3357 sa-

565 3386 679 3442 cris
715 3388 1025 3460 divinisque
1053 3390 1354 3462 Scripturis
1395 3393 1713 3464 particulas,
1744 3394 1961 3465 poetico
2022 3394 2186 3450 modo

569 3481 660 3536 vel
693 3482 1040 3554 aanigmatico
1063 3496 1120 3540 et
1157 3485 1491 3558 quandoque
1536 3488 1776 3559 abrupto
1842 3489 1914 3544 ob
1977 3488 2186 3544 laconi-

574 3590 762 3631 smum
784 3575 1082 3646 dictionis;
1109 3594 1232 3650 quae
1269 3579 1560 3650 mysticum
1586 3581 1932 3636 auditoribus
1963 3597 2185 3638 sensum

571 3664 869 3734 objiciunt,
907 3668 955 3722 si
1005 3669 1170 3725 modo
1212 3670 1431 3726 sincero
1460 3672 1678 3738 auditu,
1709 3681 1768 3728 et.
1806 3688 1920 3728 non
1963 3673 2185 3728 aurium

573 3759 796 3830 pruritu
826 3759 976 3816 ducti
1017 3763 1181 3819 dictis
1219 3764 1531 3820 attendant.
1574 3766 1687 3822 Nos
1719 3775 1904 3821 autem
1958 3781 2185 3823 veraces

575 3851 675 3908 Dei
706 3851 1048 3920 adoratores,
1085 3856 1576 3915 Christianissima
1607 3868 1664 3915 et
1693 3860 2018 3915 rectissima:
2060 3877 2188 3917 scn-

574 3946 766 4002 tentiae
810 3949 983 4019 natio,
1033 3951 1116 4007 sic
1155 3951 1265 4008 illis
1306 3954 1788 4024 respondebimus.
1837 3956 1961 4010 Non
2005 3954 2082 4010 ita
2127 3970 2188 4010 se

574 4040 745 4097 habet
781 4050 838 4097 ut
863 4059 958 4098 vos
1005 4043 1188 4100 dicitis
1231 4055 1398 4118 atque
1444 4048 1749 4120 intelligitis
1775 4049 1976 4105 divinat
2018 4047 2174 4105 Scri-

572 4141 753 4205 pturae
783 4135 959 4203 locus,
993 4153 1161 4208 quem
1201 4154 1301 4194 vos
1343 4141 1544 4197 vestris
1584 4142 1841 4198 terminis
1885 4149 2052 4213 atque
2095 4156 2186 4198 re-

519 4262 524 4266 -
576 4227 720 4298 gulis
747 4230 1071 4285 conclusum
1118 4233 1350 4301 tenetis;
1387 4250 1516 4290 cum
1553 4244 1739 4289 tamen
1788 4236 1948 4306 pauci
1998 4236 2190 4291 admo-

577 4320 712 4375 dum
743 4322 862 4377 sitis
892 4332 946 4378 et
979 4323 1139 4380 facile
1169 4327 1567 4390 numerabiles,
1598 4336 1657 4383 ct
1687 4327 2097 4384 inconsiderate
2127 4342 2195 4383 ac

585 4424 795 4471 temere
830 4427 1027 4474 vestra:
1055 4428 1220 4476 secta:
1254 4421 1442 4477 omnia
1473 4422 1777 4488 retineatis,
1801 4431 1857 4477 et
1890 4423 1943 4477 in
2010 4437 2196 4478 come-

581 4505 859 4566 stionibus
886 4526 1107 4584 semper
1142 4514 1489 4586 crapulisque
1517 4531 1627 4570 non
1657 4525 1839 4571 autem
1871 4516 2055 4572 sobrie
2081 4516 2200 4570 haec

2356 2368 2600 2442 Γ’.“Πρδς
2620 2367 2716 2431 οὓς
2741 2365 2857 2432 πῶς
2877 2367 3268 2438 ἀπαντήσομεν
3287 2367 3432 2435 ;”Οτι
3469 2365 3567 2436 μὲν
3589 2364 3760 2419 ταῦτα
3785 2364 3880 2418 οὗ·

2283 2481 2392 2528 τως
2420 2464 2757 2534 γέγραπται,
2793 2461 2914 2515 οὐδὲ
2946 2463 3110 2532 ἡμεῖς
3155 2459 3458 2531 ἀθετοῦμεν
3478 2476 3491 2489 ·
3523 2459 3726 2513 δούλων
3769 2459 3880 2529 γὰρ

2284 2550 2474 2605 κακῶν
2504 2551 2720 2604 ἀθετεῖν
2749 2549 3090 2614 δεσποτείαν,
3125 2549 3218 2604 καὶ⁸
3251 2548 3650 2603 ἐπανίστασθαι
3689 2550 3878 2620 κυριό-

2284 2663 2432 2717 τητι,
2460 2645 2556 2697 καί⁸
2583 2645 2652 2698 τὰ
2681 2643 2814 2714 παρ’
2846 2643 3030 2697 αὐτῶν
3056 2641 3298 2705 εὐσεϐῶς
3337 2641 3435 2696 καὶ
3470 2641 3695 2706 δικαίως
3723 2643 3878 2712 λεγό-

2289 2739 2429 2812 μενά
2457 2755 2516 2791 τε
2553 2737 2650 2792 καὶ
2687 2737 3066 2808 πραττόμενα,
3121 2736 3399 2808 μοχθηρίᾳ
3444 2735 3669 2808 γνώμης
3696 2753 3878 2808 παρα-

2285 2831 2598 2904 γράφεσθαι
2626 2849 2639 2862 ·
2680 2825 2794 2886 οἷον
2845 2829 2938 2886 τὸν
2991 2829 3092 2903 τὴν
3148 2829 3411 2900 πορνείαν
3438 2831 3876 2901 ἀποτρεπόμενον

2288 2927 2675 2993 συκοφαντεῖν,
2713 2923 2789 2988 ὡς
2822 2924 2915 2978 τὸν
2939 2924 2998 2976 ὲν
3039 2922 3230 2995 Κυρίῳ
3261 2921 3440 2994 γάμον
3474 2922 3874 2994 βδελύττεσθαι·

2287 3018 2590 3084 παντελοῦς
2610 3017 2857 3089 γεύσεως
2889 3018 3037 3073 οἴνου
3065 3017 3428 3089 προστάττειν
3464 3016 3878 3085 διακωλύεσθαι,

2287 3117 2428 3188 ὅπερ
2459 3115 2671 3184 κτίσμα
2719 3113 2886 3170 καλόν
2933 3115 3052 3167 ἐστι
3086 3115 3179 3167 καὶ
3208 3113 3309 3166 οὐκ
3364 3112 3694 3183 ἀπόϐλητον,
3743 3111 3881 3182 μετά

2209 3229 2254 3291 C
2288 3211 2642 3282 εὐχαριστίας
2695 3207 2940 3279 μετρίως
2971 3206 3406 3277 λαμϐανόμενον.
3462 3205 3606 3278 [οοιΙ.
3639 3204 3676 3258 f.
3727 3203 3874 3276 113.]

2294 3306 2407 3360 Kal
2434 3304 2569 3359 ἄλλα
2597 3304 2720 3357 τινὰ
2749 3301 2976 3357 τοιαῦτα.
3005 3302 3178 3372 μυρία
3207 3300 3461 3372 εὑρήσεις
3484 3302 3543 3353 ὲν
3568 3301 3686 3363 ταῖς
3711 3298 3880 3368 ἱεραῖς

2295 3398 2391 3453 καὶ
2429 3397 2603 3462 θείαις
2627 3398 2876 3468 Γραφαῖς
2911 3394 3056 3450 κατά
3103 3394 3426 3466 ποιητικοὺς
3480 3393 3716 3465 τρόπους
3748 3392 3883 3447 αίνι-

2293 3489 2601 3560 γματωδῶς
2635 3489 2735 3560 μὲν
2763 3489 2855 3542 καὶ
2883 3485 3151 3551 ὲλλειπῶς
3179 3488 3270 3541 ὅτε
3295 3485 3451 3558 τύχοι
3472 3488 3538 3558 τῇ
3571 3484 3768 3558 φράσει
3793 3483 3882 3538 διὰ

2294 3583 2356 3636 τὸ
2381 3583 2676 3654 ἀπέριττον
2711 3581 3015 3653 λεγόμενα,
3053 3581 3334 3653 μυστικῶς
3356 3581 3414 3636 δὲ
3451 3583 3562 3645 τοῖς
3587 3581 3882 3651 ἀκροαταῖς

2295 3675 2626 3746 δηλούμενα,
2653 3677 2815 3746 εἴπερ
2847 3675 3042 3747 ἀληθεῖ
3082 3675 3366 3747 ἀκροάσει,
3394 3675 3490 3728 καὶ
3518 3674 3578 3727 οὐ
3606 3674 3881 3744 κνησμονῇ

2285 3767 2386 3837 τῆς
2427 3766 2603 3836 ἀκοῆς
2653 3765 2913 3838 ἀγόμενοι
2957 3769 3072 3830 τοῖς
3128 3764 3880 3837 λεγομένοιςῐπροσέχουσιν.

2297 3858 2489 3928 Ἡμεῖς
2521 3856 2578 3911 δὲ
2599 3858 2648 3910 οἱ
2668 3855 2916 3928 ἀληθινοὶ
2946 3855 3041 3910 τοῦ
3080 3854 3215 3909 Θεοῦ
3243 3856 3639 3926 προσκυνηταὶ,
3663 3854 3724 3906 τὸ
3753 3854 3884 3924 Χρι-

2289 3950 2716 4005 στιανικώτατον
2749 3951 2844 4005 καὶ
2865 3949 3280 4022 όρθοδοξότατον
3304 3947 3498 4018 φῦλον,
3521 3947 3659 4018 πρὸς
3691 3945 3884 4009 αὐτοὺς

2285 4043 2458 4106 οὕτως
2486 4043 2742 4116 ἐροῦμεν·
2772 4045 2888 4098 υὺκ
2907 4042 3079 4109 ἔστιν,
3114 4041 3191 4106 ῶς
3221 4059 3359 4111 φατε
3382 4042 3477 4095 καὶ
3507 4042 3677 4094 νοεῖτε
3705 4038 3766 4093 τὸ
3791 4041 3887 4109 τῆς

2293 4138 2448 4208 ἱερᾶς
2479 4137 2706 4208 Γραφῆς
2731 4135 2929 4209 χωρίον
2953 4139 3068 4201 τοῖς
3103 4136 3392 4208 ὑμετέροις
3410 4135 3557 4207 ὅροις
3583 4133 3679 4187 καὶ
3705 4133 3889 4203 νόμοις

2296 4228 2764 4299 περιειλημμένον
2797 4224 3004 4296 ὀλίγοις
3033 4226 3155 4281 οὖσι
3197 4227 3293 4279 καὶ
3333 4223 3748 4296 εὐαριθμήτοις,
3800 4221 3892 4276 καὶ

2297 4320 2679 4386 ἀνεξετάστως
2736 4321 2830 4374 καὶ
2884 4319 3270 4382 ἀϐασανίστως
3317 4319 3385 4373 τά
3431 4319 3533 4388 τῆς
3592 4315 3724 4387 παρ’
3761 4316 3890 4385 ὑμῖν

2301 4415 2602 4488 θρησκείας
2636 4415 2815 4470 πάντα
2847 4415 3165 4487 κατέχουσι,
3207 4415 3301 4469 καὶ
3349 4417 3407 4468 ἐν
3467 4414 3678 4484 κώμοις
3718 4412 3891 4465 ταῦτα

2307 4513 2402 4566 καὶ
2435 4510 2628 4580 μέθάις
2659 4510 2895 4564 πάντοτε
2927 4509 3018 4563 καὶ
3046 4510 3107 4562 οὐ
3156 4507 3441 4580 νηφαλέως
3486 4506 3852 4577 προφέρουσιν
3873 4520 3889 4535 ⁸

584 4599 871 4659 dictitetis.
915 4606 1022 4662 Sed
1051 4607 1142 4663 ille
1166 4609 1390 4665 demum
1429 4626 1628 4666 sensus
1656 4620 1760 4677 est,
1799 4627 1964 4682 quem
1989 4611 2183 4666 multo-

2303 4605 2419 4661 ἀλλ’
2448 4605 2475 4658 ὃ
2506 4604 2719 4659 πολλῶν
2749 4603 2912 4677 ἱερῶν
2951 4605 3044 4657 καὶ
3075 4602 3468 4675 ἀναριθμήτων
3492 4600 3735 4670 λογάδων
3769 4615 3895 4653 συν·

585 4710 711 4748 rum
736 4697 1083 4755 sacerdotum
1115 4712 1170 4758 et
1194 4703 1682 4761 innumerabilium
1710 4706 2044 4776 sapientium
2073 4716 2189 4761 tur-

589 4786 660 4842 ba
688 4791 991 4862 constituit,
1025 4794 1314 4863 laboriose,
1344 4799 1665 4869 prudenter,
1688 4799 1896 4862 sobrie.
1924 4815 2036 4855 non
2068 4800 2192 4858 sine

583 4881 809 4952 jejuniis
835 4900 899 4941 ac
926 4889 1203 4958 precibus,
1228 4907 1354 4948 cum
1387 4893 1544 4950 lance
1572 4894 1755 4950 omnia
1787 4910 1852 4950 ac
1873 4903 2075 4950 statera
2100 4895 2158 4950 in

595 4975 769 5031 sacris
811 4988 868 5033 et
911 4983 1270 5041 oecumenicis
1320 4987 1566 5057 synodis,
1599 4996 1765 5058 prout
1816 4989 1928 5044 Deo
1965 4988 2197 5062 dignum

594 5075 700 5131 cst,
740 5078 950 5125 rectum
975 5087 1098 5129 esse
1131 5075 1402 5133 deﬁnivit.
1437 5077 1683 5150 Namque
1709 5087 1766 5135 et
1794 5080 1938 5148 loco,
1973 5088 2030 5136 et
2059 5081 2200 5136 mul-

599 5159 855 5228 titudine,
882 5173 939 5219 et
972 5166 1170 5224 robore
1216 5179 1384 5240 atque
1430 5170 1628 5226 ﬁducia
1658 5188 1760 5228 nos
1791 5173 2030 5244 palmam
2063 5173 2200 5229 feri-

598 5267 756 5308 mus:
792 5254 958 5326 idque
973 5257 1110 5313 adeo
1136 5260 1305 5316 multa
1328 5261 1716 5318 benevolentia
1743 5265 1980 5336 permoti
2008 5265 2198 5320 vobis-

598 5358 724 5400 cum
756 5347 1056 5419 loquimur,
1112 5368 1347 5423 quorum
1394 5355 1647 5411 nonnulli
1697 5357 1949 5413 membra
2007 5365 2198 5413 nostra

599 5441 897 5514 aliquando
947 5444 1152 5512 fuistis,
1203 5457 1368 5519 atque
1401 5449 1600 5505 iterum
1646 5452 1877 5521 potestis
1918 5451 2110 5517 inseri,
2141 5460 2203 5506 ut

602 5537 839 5609 ingenue
901 5539 1187 5610 dicamus,
1250 5543 1295 5597 si
1341 5543 1564 5614 quidem
1616 5544 1828 5611 velitis,
1884 5545 1942 5600 in
1997 5546 2201 5602 bonam

599 5632 780 5689 oleam
807 5634 875 5690 ⁵³.

674 5725 765 5783 IV.
799 5726 1030 5800 Oportet
1066 5731 1256 5804 itaque
1288 5733 1656 5806 apostolicum
1685 5735 1891 5792 dictum
1928 5734 2204 5806 recapitu-

681 5886 727 5918 ⁵⁵⁵
755 5885 914 5942 Joan.
957 5906 1013 5958 v,
1043 5889 1133 5958 57,
1165 5891 1255 5946 '58.
1334 5893 1378 5926 ⁵³
1405 5891 1466 5967 ll_
1500 5890 1631 5948 Cor.
1662 5910 1737 5963 tv,
1779 5894 1832 5949 ὦ.
1912 5893 1957 5928 ⁸⁵
1985 5891 2191 5964 Ephcs.
2229 5907 2288 5957 ιι,
2329 5891 2386 5947 2.

2300 4699 2572 4769 εστήσατο
2624 4697 2834 4768 ὅμιλος,
2868 4694 3269 4767 πεπονημένως
3318 4693 3415 4749 καὶ
3451 4691 3896 4764 ὲπιστημονικῶς

2299 4793 2396 4846 καὶ
2429 4790 2716 4862 νηφαλέως
2772 4792 2830 4844 ὲν
2863 4789 3143 4859 νηστείαις
3202 4788 3298 4842 καὶ
3345 4787 3676 4858 προσευχαῖς
3718 4785 3897 4839 πάντα

2299 4883 2454 4955 ζυγῷ
2503 4885 2599 4937 καὶ
2650 4882 2874 4955 στάθμῃ
2913 4885 2972 4936 ὲν
3004 4883 3176 4953 ἱεραῖς
3209 4880 3304 4934 καί¹
3333 4879 3740 4950 οἱκουμενικαῖς
3767 4894 3895 4957 συν-

2300 4979 2442 5043 όδοις
2467 4976 2790 5048 θεοπρεπῶς
2819 4975 3174 5031 διῖθυνάντων
3194 4991 3207 5004 ·
3235 4973 3330 5027 καὶ
3359 4972 3467 5044 γὰρ
3501 4972 3597 5026 καὶ
3620 4961 3712 5042 τῷ
3740 4971 3894 5040 τόπῳ

2302 5071 2397 5125 καὶ
2426 5069 2504 5141 τῷ
2537 5069 2734 5142 πλήθει
2766 5070 2862 5123 καὶ
2885 5071 2953 5140 τῇ
2983 5065 3348 5140 διακρατήσει
3374 5063 3471 5117 καὶ
3495 5064 3560 5135 τῇ
3588 5061 3892 5133 παρρησίᾳ,

2303 5169 2465 5239 ἡμεῖς
2508 5164 2827 5237 κεκτήμεθα
2882 5163 2952 5218 τά
2981 5162 3277 5233 νικητήρια
3300 5177 3315 5192 ο
3369 5160 3463 5212 καὶ
3492 5157 3651 5212 τοῦτο
3683 5155 3772 5209 ὑπ’
3803 5155 3893 5208 εὖ·

2303 5258 2663 5330 γνωμοσύνης
2690 5256 2897 5327 πολλῆς
2924 5255 3061 5327 πρὸς
3089 5255 3236 5323 ὑμᾶς
3261 5249 3642 5321 διαλεγόμεθα,
3681 5247 3894 5318 μέλεσιν

2303 5353 2599 5426 ἡμετέροις
2621 5350 2750 5405 ποτέ
2779 5367 2923 5404 τισιν
2951 5349 3013 5413 ἐξ
3036 5346 3192 5419 ὑμῶν
3208 5345 3481 5414 γεγονόσι,
3506 5342 3599 5395 καὶ
3619 5342 3896 5409 έγκεντρι-

2310 5447 2504 5518 σθῆναι
2539 5446 2884 5516 δυναμένοις,
2939 5441 3250 5511 φιλαλήθως
3299 5439 3497 5503 εἰπεῖν,
3535 5437 3691 5505 εἴπερ
3737 5431 3897 5503 θελή-

2311 5558 2457 5596 σοιτε
2494 5539 2657 5596 πάλιν
2697 5540 2777 5603 εἰς
2805 5536 3138 5594 καλιέλαιον.

2384 5734 2457 5787 Δ’.
2507 5729 2631 5805 Χρὴ
2674 5729 2765 5783 οὖν
2825 5724 3185 5783 ἀποστολικὸν
3218 5721 3382 5796 ῥητὸν
3413 5713 3898 5788 ἀνακεφαλαιώσα-

2464 5891 2508 5924 ⁸⁷
2539 5888 2700 5945 Joan.
2748 5868 2979 5957 x1v,50.
3057 5881 3104 5918 ⁸⁸
3145 5881 3304 5939 ιιοηι-
3360 5895 3441 5946 XI:
3487 5871 3577 5932 εδδ
