4142 6486
341 442 488 510 1309

1361 440 1621 506 SERMO
1650 446 1678 507 Ι
1709 446 2109 542 ADVERSUS
2133 447 2619 515 MANIClIzEOS.

3521 458 3662 526 1310

344 560 476 613 σθαι
531 557 683 631 [cod.
717 556 757 614 f.
791 557 896 613 H5
925 553 984 628 b]
1017 553 1114 609 καὶ
1156 554 1334 609 εἰπεῖν
1357 571 1371 585 °
1435 555 1518 610 ὅτι
1575 557 1698 626 οὐχὶ
1742 557 1878 612 Θεὸν
1907 558 1934 629 ἢ

2051 559 2163 614 lare
2185 559 2456 616 dicendo:
2485 561 2632 632 quod
2666 577 3012 635 nequaquam
3047 563 3219 624 Deum
3246 579 3304 626 et
3331 569 3650 631 dominato-

342 649 704 722 ἐξουσιαστὴν
730 650 822 705 τοῦ
862 649 1073 720 κόσμου
1099 648 1193 701 τὸν
1223 648 1540 719 ἀποστάτην
1570 650 1665 703 καὶ
1709 650 1942 721 ἀδρανέ-

346 763 542 817 στερον
577 744 759 815 πάσης
786 743 1035 815 ἀράχνης
1071 741 1321 795 διάϐολον
1352 742 1381 794 6
1430 740 1576 804 Οεῖος
1618 741 1944 806 Ἀπόστολος

343 839 678 908 ὑποφαίνει·
712 836 827 892 ἀλλ’
857 835 1032 898 οὑτως
1059 835 1210 894 ὅστις
1232 835 1327 889 ἐὰν
1375 830 1432 907 ᾗ,
1483 835 1795 904 ἀνάγνωθιο
1827 835 1943 908 ἔχει

341 929 458 998 γάρ
487 947 538 982 τι
582 927 885 998 ἀμφίϐολον
917 927 950 996 ἡ
981 925 1128 993 λέξις
1166 927 1233 997 τῇ
1290 930 1492 998 στιγμῇ
1522 927 1939 999 διαιρούμενονο

345 1023 417 1076 El
437 1021 502 1074 δὲ
525 1019 624 1075 καὶ
641 1021 775 1074 ἐστι
799 1017 1259 1088 κεκαλυμμένον
1285 1019 1350 1072 τὸ
1362 1021 1487 1073 an
1498 1019 1734 1090 γγέ.ὶιον
1749 1021 1940 1090 ἡμῶν,

341 1112 416 1166 ἐν
441 1112 568 1179 τοῖς
591 1111 1041 1180 ἀπολλυμένοις
1057 1110 1189 1164 ἐστὶ
1207 1112 1687 1181 κεκαλυμμένον,
1711 1113 1780 1167 ἐν
1797 1108 1888 1180 οἷς
1911 1116 1945 1169 ό

348 1206 514 1272 Θεὸς.
533 1206 798 1260 Ἐνταῦοα
808 1205 871 1276 δὴ
889 1206 1290 1259 ἀναπνευστέον
1307 1207 1401 1259 καὶ
1418 1204 1593 1268 οὕτως
1610 1209 1942 1276 ὲπαγαγεῖνο

343 1298 438 1352 τοῦ
484 1298 680 1362 αἰῶνος
721 1299 915 1353 τούτου
965 1299 1246 1368 ἐτύφλωσε
1278 1300 1347 1352 τὰ
1375 1299 1622 1371 νοήματα
1674 1299 1783 1353 τῶν
1811 1300 1944 1354 ἀπί·

345 1407 510 1455 στων,
538 1393 643 1457 Εἰς
659 1391 726 1444 τὸ
748 1390 836 1462 μὴ
864 1391 1353 1462 αὐγάσαιλαὺτοῖς
1381 1392 1489 1446 τὸν
1505 1392 1816 1464 φωτισμὸν
1835 1391 1947 1463 τῆς

341 1481 533 1551 δόξης
559 1483 667 1538 τοῦ
684 1487 1061 1556 Euan-allati
1093 1485 1202 1541 τοῦ
1231 1485 1516 1555 Χριστοῦ·
1536 1487 1674 1558 ὅπερ
1705 1503 1938 1541 συντατ-

342 1576 842 1646 τόμενον,τοιοῦτὸν
873 1579 992 1632 ἐστι
1017 1595 1030 1610 ·
1066 1577 1190 1633 Τῶν
1203 1579 1450 1634 ἀπίστων
1482 1579 1576 1633 τοῦ
1604 1579 1799 1643 αἰῶνος
1820 1579 1944 1634 τού-

341 1687 441 1723 του
461 1672 530 1725 τά
560 1673 811 1743 νοήματα
833 1674 862 1725 ὁ
891 1673 1025 1736 Θεὸς
1063 1673 1365 1742 ἐτύφλωσε.
1396 1674 1507 1727 Καὶ
1536 1672 1772 1744 μάλιστα
1796 1674 1944 1728 εἰκό-

339 1783 454 1829 τως
473 1781 488 1796 ο
523 1765 653 1819 ποία
681 1765 792 1839 γὰρ
825 1766 968 1830 ἴασις
997 1769 1110 1831 τοῖς
1143 1767 1578 1839 βλαϐησομένοις
1599 1767 1659 1832 ἐξ
1686 1767 1944 1834 ἀπιστίας

341 1859 440 1912 καὶ
475 1860 740 1924 ἑκουσίως
772 1859 1214 1930 τυιρλὼττουσιν;
1260 1863 1342 1916 Οὺ
1374 1861 1486 1931 γὰρ
1518 1860 1731 1933 ἦλθον,
1767 1863 1936 1934 φησὶν

2051 666 2168 735 rem
2201 654 2390 708 mundi
2435 655 2746 725 Apostolus
2791 657 3018 714 denatat
3045 675 3170 716 esse
3199 673 3502 734 apostatam
3539 669 3660 726 dia-

2051 743 2264 812 bolum,
2319 746 2414 816 qui
2449 748 2696 818 qualibet
2740 765 3068 807 aranearum
3123 755 3230 810 tela
3269 757 3504 814 debilior
3553 771 3659 818 est.

2046 834 2415 896 Nihilominus
2436 842 2932 915 qu’omodocunque
2984 846 3153 903 dictio
3179 864 3240 903 se
3266 849 3489 917 habeat,
3508 853 3661 926 lege:

2048 928 2216 985 habet
2245 932 2393 986 enim
2429 933 2546 989 haec
2587 935 3004 1007 ambiguitatem
3037 940 3356 1009 quamdam,
3398 943 3442 998 si
3486 944 3665 1001 inter-

2051 1024 2354 1094 punctione
2382 1026 2771 1099 distinguitur:
2826 1030 2981 1095 Quod
3023 1035 3068 1087 si
3105 1035 3266 1089 etiam
3314 1048 3555 1106 opertum
3585 1049 3663 1096 est

2043 1118 2397 1191 Evangelium
2430 1132 2692 1188 nostrum,
2724 1125 2783 1178 in
2817 1126 2882 1180 iis
2916 1130 3008 1197 qui
3045 1107 3272 1198 pereunt
3296 1142 3372 1186 est
3396 1144 3660 1202 opertum,

2044 1213 2100 1267 in
2131 1215 2315 1282 quibus
2333 1225 2407 1268 est
2438 1215 2576 1271 Deus
2603 1217 2685 1278 ";
2744 1217 2832 1274 hic
2875 1235 3014 1275 sane
3042 1222 3433 1293 respirandum
3457 1236 3562 1294 est,
3603 1236 3663 1283 et

2045 1307 2243 1362 deinde
2268 1309 2711 1382 subiungendum
2733 1329 2747 1367 :
2771 1314 2939 1384 hujus
2963 1316 3146 1371 saeculi
3180 1320 3477 1376 excaecavit
3501 1337 3662 1378 men-

2047 1407 2128 1456 tes
2159 1399 2481 1464 infidelium.
2535 1411 2591 1457 ut
2624 1420 2730 1459 non
2785 1405 2986 1478 fulgeat
3039 1406 3143 1478 51
3187 1409 3300 1464 illis
3327 1410 3659 1469 illuminatio

2041 1494 2226 1564 gloria:
2249 1493 2519 1566 Evangelii
2555 1495 2776 1552 Christi.
2825 1497 2980 1564 Quod
3043 1499 3185 1555 facta
3218 1504 3654 1572 constructione,

2040 1585 2115 1642 ita
2156 1601 2216 1642 se
2248 1586 2407 1642 habet
2437 1606 2449 1642 :
2485 1587 2795 1644 lnlidelium
2849 1589 3017 1661 hujus
3045 1593 3229 1648 saeculi
3261 1604 3476 1651 mentes
3506 1597 3654 1653 Deus

2041 1677 2360 1733 excaecavit.
2415 1677 2673 1735 Profecto
2715 1681 3059 1749 iustissime;
3112 1699 3240 1740 nam
3287 1687 3436 1756 quod
3475 1703 3656 1748 reme-

2041 1769 2192 1825 dium
2231 1770 2314 1826 eis
2361 1781 2638 1842 superest,
2686 1773 2780 1842 qui
2827 1772 3218 1832 incredulitate
3295 1779 3566 1849 laborant,
3601 1791 3660 1840 et

2048 1871 2247 1931 sponte
2269 1863 2622 1920 caecuciunt?
2659 1863 2780 1919 Non
2813 1866 2952 1919 enim
2976 1868 3118 1931 ueni,
3157 1868 3337 1940 inquit
3362 1872 3655 1942 Dominus,

339 1952 372 2004 ὁ
419 1950 646 2022 Κύριος,
706 1951 962 2007 καλέσαι
998 1953 1291 2020 δικαίους,
1353 1952 1513 2008 ἀλλὰ
1546 1955 1934 2024 ἁμαρτωλοὺς

2041 1973 2228 2012 vocare
2239 1958 2414 2025 justas
2439 1959 2531 2012 sed
2546 1968 2848 2028 peccatores
2867 1959 2940 2014 ad
2965 1961 3330 2028 paenitentiam
3357 1964 3438 2019 ‘°:
3483 1967 3662 2035 poeni-

339 2044 429 2110 εἰς
467 2044 831 2112 μετάνοιαν·
867 2045 966 2116 τὴν
993 2046 1048 2100 δὲ
1081 2048 1372 2116 μετάνοιαν
1403 2049 1502 2102 οὑκ
1533 2049 1760 2107 ἄλλοθεν
1800 2049 1834 2122 ἢ
1879 2049 1941 2114 ἐξ

339 2131 596 2187 ἑκουσίου
634 2133 863 2205 γνώμης
885 2137 1044 2205 ἴσμεν
1071 2138 1389 2208 γινομένην.
1421 2139 1495 2193 Τὸ
1525 2143 1634 2211 γὰρ
1668 2141 1946 2206 ἀκουσίως

335 2227 650 2296 γινόμενον,
698 2228 822 2282 οὑδὲ
880 2231 1146 2302 μόνιμονο
1181 2232 1251 2287 δι’
1281 2233 1309 2286 ὃ
1345 2233 1472 2287 οὐδὲ
1517 2233 1778 2306 μετάνοια
1805 2228 1945 2289 ⁵ἀλλ’

334 2319 555 2391 ἀνάγκη
581 2321 675 2374 καὶ
703 2321 818 2375 ἔστι
849 2323 947 2377 καὶ
979 2324 1233 2394 λέγεται·
1263 2325 1353 2380 τοῦ
1385 2329 1805 2400 συναμφοτέρου
1829 2329 1945 2382 τοί-

281 2452 286 2456 -
334 2432 432 2469 νυν
463 2415 634 2470 δεῖται
663 2418 696 2488 ἡ
728 2417 995 2487 μετάνοια
1023 2421 1118 2473 καὶ
1147 2421 1246 2490 τῆς
1279 2421 1375 2476 τοῦ
1413 2420 1754 2492 θεραπευτοῦ
1783 2423 1946 2478 δυνά-

337 2525 509 2579 μεως,
547 2510 642 2563 καὶ
667 2510 768 2580 τῆς
794 2509 891 2564 τοῦ
923 2511 1370 2584 ϐεραπευομένου
1421 2514 1756 2586 εἰλικρινοῦς
1806 2516 1940 2570 ὑπο-

336 2599 645 2666 πτώσεως·
705 2603 971 2675 ἑκατέρου
1025 2606 1134 2676 γὰρ
1179 2605 1546 2674 ἐλλείποντος,
1604 2608 1938 2680 δυσχερὴςὴ

332 2695 623 2761 τελείωσις
648 2713 660 2726 ·
699 2698 1116 2770 παντοδύναμος
1157 2701 1258 2770 μέν
1289 2702 1435 2754 ἐστιν
1479 2703 1508 2755 ὁ
1533 2701 1667 2766 Θεὸς
1694 2704 1722 2754 ὁ
1750 2705 1815 2755 ὲκ
1865 2701 1939 2774 μὴ

333 2789 507 2842 ὄντων
539 2789 606 2844 τὰ
633 2790 812 2844 πάντα
838 2792 1203 2862 παραγαγὼν,
1241 2794 1338 2847 καὶ
1360 2793 1588 2859 δυνατός
1616 2795 1730 2848 ἐστι
1758 2796 1939 2849 πᾶσαν

331 2882 436 2950 τὴν
489 2882 670 2935 κτίσιν
715 2881 795 2952 τῷ
824 2883 992 2936 αὑτοῦ
1019 2887 1375 2956 παραστῆσαι
1414 2885 1741 2957 βουλήματι,
1793 2889 1938 2943 κατά

331 2977 437 3042 τὴν
472 2973 639 3027 αὑτοῦ
694 2974 915 3046 θέλησιν
963 2977 1056 3029 καὶ
1093 2979 1533 3050 ἡναγκασμένως
1581 2979 1933 3049 πορεύεσθαι.

335 3064 484 3139 [cor].
532 3066 571 3122 f.
629 3067 780 3140 HL]
814 3068 887 3122 Οὑ
927 3068 1176 3138 βούλεται
1219 3072 1276 3125 δὲ
1323 3072 1482 3126 τοῦτο
1517 3072 1586 3126 δι’
1627 3073 1936 3145 ὑπερϐολὴν

331 3161 696 3232 ἀγαοότητος,
753 3163 891 3218 ἀλλὰ
913 3165 1028 3228 τοῖς
1084 3164 1184 3236 μὲν
1243 3165 1474 3237 ἀψύχοις
1509 3166 1606 3220 καὶ
1635 3167 1852 3236 ἀλόγοις
1872 3167 1934 3221 τὸ

330 3256 640 3323 ἀναγκαῖον
668 3257 994 3328 ἀπένειμεν,
1021 3260 1136 3323 τοῖς
1173 3260 1229 3313 δὲ
1268 3260 1537 3332 ἐμψύχοις
1564 3261 1624 3314 τὸ
1644 3261 1932 3333 ἐνδεχόμε-

2054 2051 2284 2105 tentiam
2317 2067 2454 2106 vero
2503 2051 2649 2106 haud
2700 2051 2926 2107 aliunde
2965 2068 3132 2121 quam
3173 2055 3486 2112 voluntaria
3519 2058 3661 2114 deli-

2049 2142 2338 2200 beratione
2367 2143 2488 2200 ﬁeri
2516 2145 2746 2200 scimus.
2779 2143 2914 2200 Nam
2950 2146 3099 2215 quod
3131 2146 3302 2203 invite
3332 2147 3413 2216 lit,
3439 2164 3512 2206 ne
3541 2159 3660 2207 sta-

2047 2237 2159 2292 bile
2191 2237 2414 2306 quidem
2440 2246 2562 2292 est:
2602 2238 2835 2309 ideoque
2866 2237 3014 2293 haud
3059 2239 3386 2309 pcenitentia
3431 2242 3527 2297 sed
3563 2258 3664 2298 ne-

2047 2328 2282 2383 cessitas
2307 2337 2364 2383 et
2403 2338 2488 2384 est
2511 2337 2568 2384 et
2611 2329 2833 2385 dicitur.
2869 2330 3115 2400 Utraque
3148 2330 3318 2402 igitur
3359 2348 3418 2388 re
3446 2333 3656 2405 indiget

2044 2422 2394 2494 poenitentia,
2428 2438 2628 2494 nempe
2651 2434 2706 2478 et
2731 2424 2980 2479 sanantis
3010 2423 3235 2491 virtute,
3274 2435 3328 2481 et
3357 2427 3536 2482 sanati
3567 2428 3659 2484 in-

2044 2533 2224 2586 genua
2279 2517 2629 2573 humilitate:
2676 2518 2942 2573 alterutra
2972 2519 3121 2573 enim
3157 2519 3476 2587 deﬁciente,
3507 2521 3654 2578 dilIi-

2043 2607 2163 2661 cilis
2188 2607 2296 2663 erit
2337 2608 2412 2663 rei
2438 2623 2751 2665 successus.
2796 2610 3168 2681 Omnipotens
3199 2626 3332 2667 sane
3367 2621 3455 2668 est
3486 2612 3656 2680 Deus,

2041 2698 2134 2766 qui
2163 2712 2227 2752 ex
2273 2714 2380 2752 non
2419 2699 2763 2755 exstantibus
2820 2701 3004 2756 omnia
3037 2703 3315 2772 produxit,
3351 2711 3407 2758 et
3432 2712 3657 2759 creatu-

2042 2806 2160 2844 ram
2197 2806 2421 2845 omnem
2448 2802 2585 2846 nutu
2610 2808 2711 2848 suo
2740 2807 2937 2864 regere
2961 2805 3164 2864 potest,
3195 2805 3361 2866 atque
3391 2797 3458 2852 ad
3490 2813 3655 2853 suum

2040 2881 2260 2938 libitum
2303 2885 2389 2941 vel
2441 2885 2671 2940 invitam
2725 2886 3029 2944 inflectere.
3077 2888 3195 2943 Non
3237 2890 3312 2944 ita
3367 2900 3550 2946 tamen
3582 2893 3656 2948 ob

2040 2989 2318 3029 summam
2358 2991 2514 3030 suam
2546 2977 2850 3032 bonitatem
2884 2979 3034 3043 vult;
3063 2979 3158 3034 sed
3188 2980 3505 3037 inanimatis
3527 2983 3654 3053 qui-

2037 3066 2163 3124 dem
2194 3076 2251 3123 ct
2297 3069 2708 3126 irrationalibus
2753 3073 3144 3128 necessitatem
3195 3074 3468 3140 attribuit,
3509 3077 3642 3131 ani-

2036 3159 2200 3214 matis
2234 3175 2369 3216 vero
2395 3169 2451 3216 et
2492 3161 2857 3219 rationalibus
2885 3165 3344 3235 possibilitatem:
3378 3169 3518 3225 duas
3556 3169 3648 3225 his

2037 3261 2286 3321 patentes
2327 3254 2444 3310 vias
2475 3257 2798 3326 ostendens,
2832 3257 3132 3329 sinensque
3176 3260 3400 3317 interim
3477 3263 3656 3318 libero

330 3365 426 3403 νον
453 3365 466 3378 ·
507 3348 603 3402 δύο
651 3351 840 3412 αὐτοῖς
876 3351 1167 3419 ὑποδείξας
1218 3354 1370 3418 ὁδοὺς
1420 3354 1736 3418 ἀκωλύτους
1762 3372 1775 3386 °
1838 3358 1934 3411 καὶ

2041 3359 2160 3399 cum
2191 3345 2420 3402 arbitrio
2444 3349 2782 3418 procedere;
2815 3359 3074 3407 caeterum
3099 3353 3318 3423 utrique
3341 3354 3441 3409 via:
3465 3369 3655 3411 remu-

331 3441 506 3507 ἐάσας
537 3441 675 3509 τέως
706 3447 771 3516 τῇ
813 3444 1260 3518 αὑτεξουσιότητι
1288 3447 1642 3519 πορεύεσθαι,
1673 3450 1936 3518 ἐπαγγει-

331 3535 572 3606 λάμενός
591 3555 654 3590 τε
673 3538 774 3608 τὴν
805 3538 1044 3610 ἑκάστης
1077 3539 1200 3593 ὁδοῦ
1233 3539 1471 3612 ἀμοιϐὴν
1495 3543 1554 3594 ὲν
1576 3543 1642 3614 τῇ
1666 3541 1934 3611 παλιγγε-

329 3629 490 3700 νεσία
515 3631 616 3700 τῆς
645 3631 882 3702 φρικτῆς
909 3631 1170 3702 δευτέρας
1199 3634 1506 3704 παρουσίας
1534 3636 1647 3698 τοῖς
1670 3634 1934 3706 βουλομέ-

328 3739 447 3787 νοις
483 3718 570 3776 οἷα
626 3723 831 3778 θέλοιεν
879 3723 1255 3797 πορεύεσθαι,
1308 3727 1450 3782 κατά
1478 3728 1580 3798 τὴν
1636 3728 1933 3797 ἀναλογίαν

329 3815 572 3888 ἑκάστης
599 3815 904 3888 λήψεσθαι’
937 3819 996 3871 οὐ
1026 3820 1160 3873 Θεὸν
1193 3821 1285 3874 τὸν
1309 3822 1627 3892 ἀποστάτην
1655 3822 1748 3875 καὶ
1767 3839 1936 3894 πονη-

239 3930 250 3940 ·
331 3909 562 3981 ρότατον
595 3910 783 3965 δοῦλον
837 3914 1188 3984 παρεισάγει,
1227 3914 1342 3968 ἀλλ’
1375 3915 1578 3985 ἑαυτὴν
1607 3913 1755 3987 [οοιῑ.
1801 3915 1934 3968 ἑαυο

327 4001 448 4075 τὸν]
467 4002 742 4058 δείκνυσιν
770 4004 838 4057 δι’
857 4004 1165 4076 ὑπερϐολὴν
1191 4005 1515 4076 amem;
1535 4007 1643 4059 τῶν
1671 4007 1935 4070 ἑκουσίως

327 4096 756 4166 τυφλωττόντων
785 4097 916 4169 περὶ
950 4098 1050 4167 τὴν
1087 4097 1350 4168 ἀλήθειαν
1383 4097 1482 4161 τὰς
1514 4098 1685 4166 κόρας
1716 4097 1934 4167 ἀμϐλύ-

329 4204 444 4243 νειν
473 4189 504 4260 ἡ
531 4189 900 4254 ὲνυπόστατος
929 4188 1161 4260 ἀλήθεια
1181 4207 1194 4220 ο
1225 4189 1320 4243 καὶ
1351 4189 1460 4258 γὰρ
1489 4189 1611 4242 οὐδὲ
1639 4189 1741 4254 τὰς
1771 4188 1934 4258 ἡλια-

328 4279 436 4342 κὰς
467 4280 691 4344 ἀκτῖνας
714 4281 1023 4335 αἰτιάσαιτο
1051 4281 1116 4336 άν
1141 4299 1221 4345 τις
1252 4282 1380 4345 τοὺς
1401 4281 1652 4344 ἀσθενεῖς
1674 4281 1806 4354 περὶ
1833 4280 1934 4342 τὰς

329 4372 484 4443 ὄψεις
527 4373 1020 4440 ὲπισκοτιζούσας,
1073 4374 1265 4438 ἀτενὲς
1295 4374 1677 4445 πειρωμένους
1738 4374 1931 4438 αὑταῖς

330 4468 547 4538 ὲνορᾷν,
580 4467 654 4532 ὼς
678 4471 778 4536 τῆς
804 4468 982 4521 αὐτῶν
1016 4466 1346 4537 τυφλώσεως
1372 4467 1583 4532 αἰτίους
1612 4467 1928 4538 γινομένας,

329 4556 468 4612 ἀλλά
501 4576 647 4622 τινος
677 4559 890 4631 διαίτης
919 4561 1166 4631 πονηρᾶς
1191 4561 1224 4632 ἢ
1251 4559 1408 4614 νόσου
1444 4561 1657 4625 τούτοις
1689 4561 1929 4630 ἐπισκη-

2044 3438 2390 3494 nerationem
2423 3443 2707 3511 spondens
2730 3442 2787 3497 in
2817 3447 3235 3515 rcgeneratione
3263 3464 3385 3518 qua
3430 3447 3524 3502 ﬁet
3573 3463 3656 3505 se-

2041 3534 2224 3590 cundo
2262 3534 2384 3605 ejus
2448 3535 2677 3590 terribili
2719 3537 2984 3604 adventu,
3033 3549 3198 3609 prout
3250 3541 3503 3596 homim-s
3535 3556 3655 3598 ma-

2045 3626 2256 3704 luerint
2341 3627 2602 3682 alterutra
2677 3628 2938 3684 incedere
2976 3669 2990 3694 ,
3035 3647 3134 3701 pro
3207 3647 3308 3687 suo
3377 3648 3654 3704 quemque

2041 3702 2256 3774 merito.
2286 3728 2656 3789 recepturum.
2705 3720 2846 3775 Ecce
2893 3719 3064 3776 Deum
3111 3722 3271 3778 nobis
3296 3702 3410 3778 non
3430 3702 3658 3779 exhibet

2040 3819 2350 3881 apostatam
2387 3812 2545 3867 illum
2597 3827 2820 3868 servum
2878 3823 3046 3886 atque
3088 3816 3515 3886 nequissimum,
3553 3817 3652 3872 sed

2042 3905 2338 3973 semetipsa
2425 3905 2804 3970 demonstrat,
2858 3908 3158 3978 splendore
3207 3908 3402 3974 nimio,
3456 3924 3651 3966 eorum

2042 3997 2135 4067 qui
2180 4006 2377 4068 sponte
2402 3998 2703 4054 caacutiunt
2729 3999 2800 4054 ad
2830 4001 3140 4066 veritatem,
3178 4002 3414 4071 pupillas
3441 4002 3648 4058 obtun-

2042 4089 2180 4144 dens
2214 4089 2629 4160 enhypostatica
2658 4091 2880 4146 veritas.
2914 4091 3052 4145 Nam
3107 4107 3288 4162 neque
3330 4093 3514 4147 radios
3557 4109 3651 4148 so-

2041 4182 2185 4237 lares
2242 4183 2531 4253 quisquam
2589 4184 2894 4247 accusabit,
2950 4185 3106 4254 quasi
3157 4185 3349 4241 oculos
3398 4185 3650 4241 inﬁmos

2042 4278 2342 4332 obscurent
2370 4287 2518 4333 recta
2546 4278 2797 4334 volentes
2839 4279 3009 4334 solem
3042 4288 3314 4348 spectare,
3344 4288 3401 4333 et
3425 4279 3647 4334 illorum

2040 4371 2302 4426 caecitatis
2330 4387 2496 4427 causa
2521 4371 2662 4438 sint;
2713 4372 2809 4427 sed
2853 4371 2941 4427 vel
2975 4371 3118 4426 malo
3149 4372 3318 4426 victui
3358 4372 3445 4427 vel
3482 4374 3644 4428 invo-

2039 4465 2282 4520 luntario
2313 4464 2580 4520 incidenti
2613 4465 2806 4520 morbo
2840 4480 2957 4520 rem
3005 4464 3338 4535 imputabit:
3370 4464 3643 4535 siquidem

2039 4558 2238 4612 animae
2279 4558 2455 4614 morbi
2482 4575 2675 4614 omnes
2705 4558 3025 4614 volentibus
3057 4557 3378 4612 hominibus
3418 4556 3647 4616 evenire

327 4650 512 4721 ψάτης
567 4652 828 4706 ἀκουσίου
850 4669 865 4684 ’
919 4653 969 4705 εἰ
1004 4653 1098 4706 καὶ
1127 4654 1228 4723 τῆς
1255 4653 1438 4724 ψυχῆς
1495 4655 1668 4707 πᾶσαι
1697 4654 1752 4707 αἱ
1783 4653 1930 4708 νόσοι

2041 4652 2242 4708 solent.

328 4743 594 4808 ἑκουσίως
624 4746 737 4808 τοῖς
763 4744 1076 4816 ἀνθρώποις
1109 4745 1531 4815 ὲπισυμϐαίνειν
1557 4744 1894 4816 πεφύκασιν.

406 4835 480 4891 E'.
525 4835 667 4889 Ἀλλ’
701 4837 750 4888 εἰ
781 4837 876 4888 καὶ
897 4834 1080 4906 δῶμεν
1110 4834 1202 4889 τὸν
1237 4835 1380 4890 θεῖον
1438 4835 1766 4889 Ἀπὸστολον
1793 4837 1928 4889 Θεὸν

328 4930 595 5000 ὀνομάσαι
635 4927 730 4982 τὸν
779 4928 1047 4995 διάϐολον,
1111 4927 1408 4998 σκοπῶμεν
1438 4927 1604 4981 αὑτὸν
1635 4927 1738 4981 οὐκ
1781 4926 1928 4991 ἐξουο

329 5024 452 5085 σίας
493 5023 525 5092 ἦ
558 5023 881 5094 κυριότητος
913 5022 1105 5094 τρόπῳ
1161 5019 1319 5074 τοῦτο
1349 5019 1500 5091 αὑτῷ
1531 5021 1831 5090 ἀπονεῖμαι
1865 5019 1926 5074 τὸ

326 5117 520 5184 ὄνομα.
548 5117 674 5180 Πῶς
696 5115 845 5187 γάρς
884 5114 1033 5186 ὁλτοῦ
1067 5113 1246 5185 πράου
1285 5113 1381 5167 καὶ
1413 5111 1692 5183 εἰρηνικοῦ
1732 5113 1928 5182 ποιμέ-

327 5226 417 5272 νος
470 5208 720 5280 μαθητὴς
750 5207 888 5279 πρὸς
918 5207 1017 5279 τὴν
1073 5209 1213 5279 πρὸς
1249 5201 1433 5260 αὑτὸν
1469 5205 1648 5276 πάλην
1691 5207 1843 5277 ἡμᾶς
1865 5204 1924 5260 εὖ

330 5300 478 5370 μάλα
511 5301 769 5371 διεγείρει
798 5299 1025 5370 φάσκων
1047 5316 1060 5329 ·
1099 5299 1208 5354 Τοῦ
1237 5299 1477 5362 λοιποῦ,
1508 5298 1765 5366 ἀδελφοί
1779 5315 1922 5367 μου,

324 5393 784 5464 ἐνδυναμοῦσθε
835 5394 905 5448 ἐν
939 5393 1136 5462 Κυρίῳ
1173 5394 1270 5446 καὶ
1317 5393 1387 5446 ἐν
1417 5393 1496 5458 τῷ
1527 5391 1726 5460 κράτει
1773 5391 1921 5463 [οοιί.

322 5489 361 5542 Γ.
397 5488 494 5541 114
523 5487 605 5560 Ι).]
629 5487 739 5558 τῆς
767 5490 980 5558 ἰσχύος
1001 5486 1189 5541 αὐτοῦ
1210 5503 1222 5516 ·
1252 5486 1596 5540 ἐνδύσασθε
1627 5485 1744 5552 τὴν
1771 5501 1925 5537 ,παν-

322 5581 549 5634 οπλίαν
583 5580 691 5635 τοῦ
741 5581 888 5635 Θεοῦ
939 5580 1092 5648 πρὸς
1131 5580 1199 5633 τὸ
1233 5579 1533 5633 δύνασθαι
1583 5576 1740 5647 ὑμᾶς
1773 5575 1925 5646 στῆ-

322 5691 423 5730 ναι
464 5675 615 5743 πρὸς
647 5673 758 5741 τὰς
807 5673 1123 5743 μεθοδείας
1175 5673 1284 5728 τοῦ
1335 5672 1622 5726 διαϐόλου
1649 5687 1662 5701 ·
1693 5671 1784 5724 ὅτι
1811 5672 1924 5725 οὐκ

323 5766 500 5819 ἔστιν
527 5765 672 5835 ἡμῖν
693 5767 732 5835 ἡ
770 5765 936 5834 πάλη
967 5763 1118 5834 πρὸς
1157 5759 1302 5835 αζια
1330 5763 1431 5818 καὶ
1462 5762 1663 5835 σάρκα
1687 5803 1703 5830 ,
1764 5761 1925 5819 ἀλλὰ

396 5929 440 5961 ⁸³
498 5927 541 5984 ll
577 5929 701 5986 Cor.
740 5945 814 5996 Iv,
844 5933 898 5988 5.
974 5929 1019 5963 ⁶⁰
1051 5929 1186 5986 Luc.
1212 5947 1266 5996 v,
1301 5929 1393 5986 3‘2.

2104 4831 2171 4887 ν.
2206 4831 2326 4887 Jam
2357 4831 2458 4887 etsi
2491 4831 2632 4888 forte
2661 4833 3036 4888 concedamus
3068 4831 3379 4903 apostolum
3412 4829 3506 4886 Dei
3537 4843 3642 4885 no-

2031 4926 2180 4981 mine
2216 4925 2497 4980 diabolum
2537 4924 2812 4992 vocitare,
2867 4926 3378 4980 animadvertamus
3431 4923 3639 4994 ipsum,

2034 5035 2380 5089 nequaquam
2415 5018 2706 5088 potestatis
2740 5018 2827 5074 vel
2856 5019 3176 5074 dominatus
3205 5018 3419 5073 ratione
3458 5015 3564 5071 hoc
3588 5017 3641 5072 ei

2030 5127 2230 5166 nomen
2278 5110 2598 5165 attribuere.
2635 5110 2816 5177 Quid?
2847 5111 2928 5166 En
2977 5109 3250 5166 mansueti
3299 5105 3626 5179 paciﬁcique

2031 5203 2268 5276 pastoris
2302 5203 2607 5274 discipulus
2639 5204 2707 5258 ad
2742 5205 3096 5277 pugnandum
3129 5219 3255 5258 cum
3286 5201 3507 5258 diabolo
3539 5215 3641 5256 nos

2034 5298 2271 5353 maxime
2315 5299 2556 5353 concitat
2599 5299 2826 5354 dicens:
2881 5299 2956 5352 De
3004 5309 3220 5363 cwtero,
3266 5301 3462 5367 [rati-cs
3509 5295 3635 5359 mei,

2035 5394 2413 5464 confortamiui
2445 5394 2501 5446 in
2529 5391 2773 5454 Domino,
2807 5401 2855 5447 et
2888 5393 2941 5446 iu
2961 5393 3198 5462 potentia
3217 5391 3426 5444 virtutis
3469 5387 3586 5456 ejus
3617 5401 3634 5438 :

2035 5487 2236 5540 induite
2261 5502 2347 5540 vos
2364 5496 2648 5540 armatura
2673 5486 2790 5550 Dei,
2812 5497 2865 5540 ut
2890 5487 3102 5555 possitis
3123 5495 3268 5538 stare
3289 5483 3543 5536 adversus
3564 5481 3646 5533 iu-

2033 5581 2197 5634 sitlins
2232 5578 2430 5632 diaboli
2457 5595 2474 5634 :
2511 5579 2618 5650 52
2645 5581 2897 5651 quoniam
2927 5596 3031 5632 nou
3053 5589 3126 5633 cst
3151 5579 3296 5632 nobis
3326 5575 3635 5629 colluctatio

2036 5674 2286 5727 adversus
2313 5671 2629 5743 sanguinem
2675 5684 2723 5728 et
2754 5689 2992 5738 cru-nem,
3035 5673 3124 5726 sed
3163 5671 3414 5724 adversus
3450 5668 3642 5735 princi-

2035 5783 2122 5836 pes
2157 5779 2206 5821 et
2251 5772 2560 5836 potestates,
2607 5766 2857 5820 adversus
2895 5765 3079 5820 mumli
3111 5774 3334 5818 rectores
3357 5771 3405 5816 et
3451 5758 3639 5814 amuli
