4142 6440
592 385 728 454 1311

1984 380 2213 443 PETRI
2249 381 2503 444 SlCULI

3756 385 3872 452 1312

588 505 749 576 hujus
783 503 849 560 ⁶¹.
888 500 1028 574 Ergo
1057 514 1128 555 ne
1174 498 1442 555 adversus
1477 495 1646 553 Deum
1683 512 1784 552 nos
1817 512 2066 569 pugnare
2106 497 2196 552 in—

2321 498 2448 565 τρὸς
2492 497 2599 565 τὰς
2653 497 2964 565 ἐξουσίας,
3019 497 3172 568 πρὸς
3217 497 3874 568 τοὺςκοσιιοκρυίτοί-ος

587 599 773 662 struit,
814 595 906 652 ille
938 596 1033 666 qui
1064 593 1206 648 nihil
1237 604 1436 664 prater
1459 608 1660 662 corpus
1687 593 1912 648 interra
1957 606 2200 662 unquam

587 688 858 760 possedit,
891 688 1163 758 docetque
1193 695 1252 742 ut
1280 702 1352 741 ne
1380 701 1480 756 pro
1501 699 1735 755 corpore
1765 685 1860 739 sed
1892 700 1992 755 pro
2019 685 2202 739 anima

587 781 802 838 bellum
843 782 1210 852 suscipiamus
1252 778 1642 850 implacabile?
1688 776 1755 832 Et
1785 778 1879 848 qui
1914 793 1983 832 ne
2017 775 2202 831 homi-

587 874 761 929 nibus
789 873 1012 945 quidem
1046 872 1326 944 injuriosis
1353 881 1448 926 aut
1479 870 1904 941 percussoribus
1935 869 2022 924 vel
2052 869 2203 924 occi-

592 968 814 1022 soribus
846 966 1104 1023 resistere
1149 967 1328 1036 jubet,
1369 964 1648 1034 quomodo
1681 962 1725 1018 si
1758 962 2007 1017 novisset
2058 961 2206 1016 hunc

593 1073 722 1114 esse
770 1058 966 1123 Deum,
1016 1057 1178 1112 nobis
1211 1071 1339 1111 cum
1392 1055 1484 1110 illo
1537 1069 1786 1126 pugnare
1845 1051 2206 1124 praaciperct?

597 1151 737 1206 Item
778 1151 1046 1206 Dominus
1082 1149 1137 1204 in
1181 1149 1356 1206 sacris
1390 1147 1704 1218 Evangeliis
1736 1148 1867 1202 dum
1899 1147 2013 1201 ait:
2052 1146 2208 1200 Viae-

599 1246 727 1299 bam
760 1243 1024 1300 Satanam
1072 1252 1330 1312 tanquam
1379 1241 1560 1313 fulgur
1590 1241 1864 1295 cadentem
1897 1241 1942 1272 "
1971 1256 1986 1303 ;
2040 1238 2210 1294 Dum-

595 1354 701 1407 que
735 1338 906 1409 ignem
940 1345 1198 1392 teternum
1226 1336 1325 1405 ipsi
1365 1344 1414 1390 et
1445 1335 1650 1407 angelis
1676 1334 1792 1404 ejus
1829 1342 2084 1402 paratum
2115 1333 2208 1386 de-

594 1431 809 1484 nuntiat
837 1430 927 1497 ⁶³;
991 1428 1283 1501 fugitivum
1323 1428 1476 1483 illum
1522 1437 1579 1482 et
1626 1433 1932 1498 apostatam
1984 1440 2208 1480 servum

596 1528 766 1591 atque
814 1529 1122 1575 creaturam
1176 1519 1541 1585 demonstrat,
1594 1518 1668 1574 ob
1722 1533 1886 1573 suum
1935 1515 2209 1586 superbiae

600 1628 770 1670 causa
805 1614 1043 1684 lapsum,
1074 1611 1519 1684 inexstinguibili
1549 1611 1658 1683 igni
1702 1611 2015 1666 dedendum
2065 1609 2206 1676 fore,

596 1725 726 1766 cum
764 1709 1086 1780 apostaticis
1136 1707 1253 1764 suis
1294 1706 1682 1778 potestatibus.
1739 1704 1855 1778 Age
1901 1720 2034 1760 vero
2088 1704 2211 1760 ubi-

598 1820 736 1862 nam
768 1803 994 1868 audisti,
1044 1802 1131 1858 vel
1167 1801 1390 1872 quando
1432 1798 1634 1854 novisti
1687 1797 1862 1853 Deum
1893 1797 2205 1862 cadentem,

597 1908 697 1953 aut
725 1896 1069 1967 sempiterno
1103 1894 1232 1968 igne
1280 1893 1586 1965 punitum?
1639 1891 1748 1947 Sed
1798 1891 1948 1946 hunc
1981 1889 2212 1946 fortasse

601 1986 721 2058 pari
751 1985 978 2041 nomine
1024 1986 1199 2041 Deum
1249 1985 1569 2056 appellavit,
1619 1983 1961 2039 audientium
2011 1983 2216 2039 conde-

602 2079 876 2135 scendens
906 2077 1237 2143 inﬁrmitati,
1273 2079 1591 2148 sensimque
1611 2078 1680 2132 ab
1710 2077 1869 2133 idolis
1903 2077 2212 2142 retrahens,

604 2180 664 2228 et
692 2173 760 2227 ad
800 2171 1026 2226 unicum
1060 2172 1231 2227 Deum
1268 2171 1572 2235 adducens.
1610 2171 1742 2227 dum
1775 2180 1980 2241 quanta
2026 2169 2212 2225 futura

604 2263 678 2319 sit
709 2263 1015 2320 victoribus
1064 2264 1437 2319 remuneratio
1479 2263 1844 2329 demonstrat,
1877 2264 1949 2318 ob
2005 2263 2206 2318 luctam

603 2374 733 2416 cum
785 2359 1024 2430 superbo
1068 2369 1125 2415 et
1170 2359 1538 2430 gloriabundo
1592 2367 1940 2430 susceptam;
1973 2358 2020 2413 si
2059 2367 2211 2414 certe

607 2452 742 2508 lutei
789 2453 1051 2508 mortales
1103 2453 1517 2524 incorporeum,
1566 2452 1704 2508 viles
1733 2468 1797 2507 ac
1846 2451 2059 2508 minimi
2091 2467 2211 2507 ma-

605 2559 777 2617 gnum
805 2544 1098 2602 draconem
1132 2552 1440 2616 apostatam
1469 2543 1884 2600 debellaverint.

678 2810 772 2872 Vl.
829 2813 1008 2884 Atque
1065 2812 1173 2869 hoc
1219 2813 1534 2885 comperics
1587 2812 1891 2869 Corinthiis
1934 2813 1990 2867 in
2028 2814 2214 2884 priore

607 2905 843 2976 epistola
903 2906 1128 2962 beatum
1180 2906 1412 2961 Paulum
1467 2908 1803 2962 scribentem
1853 2906 2089 2962 dicere:
2137 2907 2213 2962 De

605 3000 739 3055 escis
772 3001 953 3072 itaque
974 3017 1091 3072 qua:
1120 3000 1278 3055 idolis
1300 3001 1672 3069 immolantur,
1697 3002 1893 3055 scimus
1924 3001 2051 3072 quia
2080 3001 2214 3055 nihil

2305 591 2414 646 τοῦ
2441 591 2677 660 κόσμου
2711 592 2809 646 καὶ
2844 591 3061 660 αίῶνος
3100 593 3340 648 τούτου.
3393 594 3534 664 Πρὸς
3579 593 3713 647 Θεὸν
3743 595 3876 648 πολε-

2309 685 2432 754 μεῖν
2456 684 2603 755 ἡμᾶς
2633 685 3076 755 παρασκευάζει,
3109 687 3139 738 ό
3173 685 3346 757 μηδὲν
3371 685 3507 756 πλὴν
3532 686 3628 740 τοῦ
3654 687 3878 757 σώματος

2306 777 2399 830 ἐπὶ
2429 779 2527 848 τῆς
2557 779 2658 848 γῆς
2687 795 2818 832 ποτε
2841 779 3210 848 κτησάμενος,
3243 779 3340 833 καὶ
3367 779 3636 834 διδάσκων
3666 780 3737 852 μὴ
3759 782 3879 852 ὑπὲρ

2305 871 2402 925 τοῦ
2437 871 2694 942 σώματος
2755 871 2873 926 ἀλλ’
2915 873 3058 943 ὑπὲρ
3111 872 3288 943 ψυχῆς
3339 874 3616 927 ποιεῖσθαι
3667 876 3880 943 πόλεμον

2307 963 2578 1019 ἄσπονδον
2603 981 2617 1031 ;
2645 965 2742 1018 καὶ
2761 967 2789 1018 ὁ
2813 965 2949 1037 μηδὲ
2973 965 3286 1038 ἀνθρώποις
3307 966 3588 1022 ἀδικοῦσιν
3615 967 3647 1039 ἢ
3671 966 3881 1021 τύπτον-

2311 1075 2394 1111 σιν
2431 1057 2463 1128 ῆ
2504 1057 2831 1113 θανατοῦσιν
2876 1059 3197 1130 ἀντιστῆναι
3234 1058 3493 1123 κελεύων,
3535 1059 3655 1124 πῶς
3687 1063 3734 1114 εί
3763 1061 3882 1129 ἔγνω

2307 1150 2499 1206 τοῦτον
2530 1147 2672 1206 εἶναι
2699 1152 2856 1216 Θεὸν,
2887 1153 3004 1223 μετ’
3031 1151 3200 1206 αὑτοῦ
3230 1153 3492 1222 πολεμεῖν
3519 1153 3672 1223 ἡμᾶς
3691 1153 3884 1206 ἐκέλευ-

2311 1261 2439 1307 σεν;
2478 1243 2642 1298 πάλιν
2673 1243 2732 1297 δὲ
2772 1244 2868 1297 καὶ
2897 1246 2924 1297 ὁ
2957 1244 3162 1315 Κύριος
3221 1245 3280 1296 ἐν
3317 1245 3484 1312 ἱεροῖς
3545 1245 3884 1313 Εὑαγγελίοις

2313 1334 2490 1404 λέγων
2515 1352 2527 1364 ·
2563 1334 2896 1402 Ἐθεώρουν
2923 1336 3034 1388 τὸν
3057 1333 3340 1392 Σατανᾶν
3361 1335 3442 1402 ὡς
3466 1336 3786 1405 ἀστραπὴν
3805 1353 3886 1391 σε·

2309 1429 2530 1482 σόντα·
2583 1428 2778 1482 καὶτὸ
2811 1428 2932 1496 πῦρ
2957 1429 3202 1484 αἰώνιον
3251 1427 3414 1495 αὐτῷ
3434 1429 3533 1483 καί
3574 1430 3702 1496 τοῖς
3732 1430 3883 1500 ἀγγέ-

2310 1523 2444 1586 λοις
2473 1519 2663 1575 αὐτοῦ
2718 1519 3081 1589 ὲτοιμασθὲν
3137 1521 3580 1590 προεμφαίνων,
3639 1521 3886 1592 δραπέτην

2311 1611 2407 1664 καὶ
2434 1609 2754 1681 ἀποστάτην
2768 1609 2956 1664 δοῦλον
2980 1610 3074 1663 καὶ
3093 1610 3304 1682 κτίσμα
3317 1610 3480 1664 αὑτὸν
3504 1611 3883 1677 ἀποδείκνυσιν,

2310 1703 2398 1757 διὰ
2423 1703 2522 1773 τὴν
2547 1701 2607 1767 ἐξ
2636 1702 3020 1774 ὑπερηφανίας
3053 1702 3218 1757 αὑτοῦ
3261 1702 3538 1756 ἔκπτωσιν
3563 1743 3578 1766 ,
3613 1703 3708 1756 τοῦ
3745 1703 3886 1758 ἀσϐέ-

2316 1811 2443 1848 στου
2485 1793 2658 1866 πυρδς
2713 1793 2969 1847 ὑπόδικον
3004 1793 3248 1859 ἔσεσθαι,
3283 1795 3382 1848 σὺν
3441 1797 3564 1858 ταῖς
3613 1795 3708 1848 ὑπ’
3750 1796 3886 1850 αὑτὸν

2316 1887 2714 1950 ἁποστατικαῖς
2773 1885 3076 1957 δυνάμεσιν
3101 1902 3116 1918 ο
3160 1885 3264 1940 ποῦ
3291 1886 3349 1941 δὲ
3407 1887 3656 1972 ἀκήκοας
3684 1888 3716 1960 ἦ
3745 1887 3886 1956 ἔγνως

2317 1981 2450 2034 ποτὲ
2501 1980 2634 2033 Θεὸν
2685 1979 3048 2046 ἐκπίπτοντα,
3083 1979 3118 2052 ἢ
3154 1981 3214 2033 ἐν
3252 1981 3388 2051 πυρὶ
3410 1980 3620 2049 αἰωνίῳ
3649 1980 3886 2051 τιμωρού-

2320 2091 2520 2146 μενον;
2554 2072 2669 2128 ἀλλ’
2704 2072 3018 2144 ὁμωνύμως
3040 2073 3230 2127 τοῦτον
3269 2073 3400 2138 ἴσως
3448 2073 3882 2144 προσηγόρευσεν,

2315 2169 2382 2238 τῇ
2423 2165 2531 2220 τῶν
2598 2167 2910 2221 ἀκουόντων
2967 2167 3229 2238 ἀσθενείᾳ
3291 2167 3765 2236 συγκαταϐαίνων,
3812 2166 3887 2220 καὶ

2311 2257 2623 2328 λεληθότως
2674 2260 2740 2313 ὲκ
2791 2258 2903 2312 τῶν
2957 2257 3194 2313 εἰδώλων
3221 2259 3473 2328 ἀπάγων,
3535 2262 3637 2315 καὶ
3668 2261 3795 2331 πρὸς
3815 2260 3886 2314 τὸν

2316 2345 2479 2416 μόνον
2541 2345 2676 2400 Θεὸν
2739 2347 3062 2419 προσάγων,
3100 2348 3198 2403 καὶ
3225 2349 3443 2414 δεικνὺς
3471 2351 3563 2404 οἵα
3613 2353 3725 2415 τοῖς
3750 2349 3885 2404 αὑτοῦ

2312 2440 2564 2508 νικηταῖς
2597 2440 2632 2510 ἡ
2663 2440 2867 2511 ἀμοιϐὴ
2892 2439 2992 2510 τῆς
3027 2441 3164 2512 πρὸς
3203 2442 3368 2496 αὑτὸν
3418 2443 3600 2514 πάλης
3632 2446 3884 2516 γενήσεται

2312 2533 2406 2588 τὸν
2439 2533 2790 2604 μεγάλαυχον
2832 2535 2926 2588 καὶ
2976 2535 3234 2601 ἀλαζόνα,
3269 2537 3476 2608 ἐάνπερ
3498 2541 3546 2592 οἱ
3581 2539 3792 2610 πήλινοι
3816 2539 3888 2591 τὸν

2317 2626 2466 2700 [cod.
2486 2627 2521 2682 ι.
2549 2625 2704 2699 ll5.]
2729 2627 3047 2699 ἀσώματον,
3071 2629 3167 2683 καὶ
3194 2632 3242 2684 οἱ
3266 2631 3508 2695 εὐτελεῖς
3531 2633 3629 2686 καὶ
3652 2632 3887 2703 ἐλάχιστοι

2314 2719 2407 2774 τὸν
2437 2719 2709 2792 δράκοντα
2739 2720 2829 2774 τὸν
2873 2721 3048 2792 μέγαν
3069 2723 3160 2776 τὸν
3183 2724 3502 2793 ἀποστάτην
3531 2727 3836 2796 νικήσωσιν.

2390 2814 2482 2879 (τ’.
2510 2812 2620 2865 Καὶ
2651 2811 2809 2865 τοῦτο
2851 2812 3110 2884 εὑρήσεις
3137 2816 3250 2878 τοῖς
3300 2815 3486 2880 αὐτοῖς
3516 2816 3817 2886 Κορινθίοις
3843 2817 3890 2867 ἐν

2320 2906 2388 2975 τῇ
2418 2903 2606 2975 πρώτῃ
2668 2904 2926 2976 ἐπιστολῇ
2979 2904 3071 2960 τὸν
3106 2906 3378 2979 μακάριον
3417 2907 3746 2962 Ἀπόστολον
3795 2911 3888 2961 ἐπι-

2323 2995 2611 3050 στέλλοντα
2662 2997 2756 3051 καὶ
2813 2997 3040 3065 λέγοντα
3063 3015 3076 3028 ·
3142 3000 3282 3068 Περὶ
3310 2999 3604 3069 βρώσεως
3659 2997 3768 3057 οὖν
3794 3000 3893 3054 τῶν

605 3104 686 3150 est
719 3095 922 3149 idolum
944 3096 1002 3149 in
1039 3097 1258 3163 mundo,
1281 3105 1331 3151 et
1367 3098 1507 3166 quod
1537 3096 1715 3150 nullus
1758 3095 1901 3150 alius
1937 3103 2013 3148 est
2043 3092 2207 3158 Deus,

2321 3086 2747 3155 εἰδωλοθύτων,
2771 3087 3018 3160 οἴδαμεν
3036 3088 3124 3144 ὅτι
3143 3089 3325 3145 οὐδὲν
3340 3092 3594 3147 εἴδωλον
3611 3095 3683 3148 ἐν
3697 3094 3894 3162 κόσμῳ.

609 3183 715 3238 nisi
745 3200 900 3238 unus.
937 3181 1083 3238 Nam
1125 3185 1224 3238 etsi
1274 3192 1399 3239 sunt
1447 3185 1540 3256 qui
1585 3185 1837 3239 dicantur
1869 3183 1966 3247 dii,
2019 3181 2128 3236 sive
2155 3181 2213 3234 in

608 3275 738 3331 ccelo
779 3277 886 3331 sive
915 3277 971 3330 in
1002 3287 1146 3332 terra
1176 3276 1245 3333 “.
1295 3277 1542 3333 Observa
1573 3276 1850 3348 dogmatis
1895 3283 2214 3331 accuratam

609 3367 954 3424 doctrinam:
983 3369 1078 3440 qui
1105 3369 1390 3436 dicuntur,
1425 3369 1532 3442 53
1558 3369 1756 3440 inquit,
1785 3384 1897 3423 non
1929 3367 2024 3438 qui
2063 3373 2214 3422 sunt.

608 3463 908 3534 Propterea
935 3464 1246 3520 obscuratis
1275 3464 1557 3520 mentibus
1605 3463 1859 3518 homines
1898 3460 2208 3516 miserrime

611 3557 720 3614 hoc
745 3558 1048 3627 patiuntur,
1083 3557 1288 3614 fabulis
1323 3567 1382 3613 et
1438 3557 1714 3630 ﬁgmentis
1744 3565 1910 3626 atque
1944 3556 2106 3611 idolis
2134 3554 2218 3611 di-

610 3648 805 3702 vinum
837 3663 1043 3704 nomen
1073 3656 1498 3705 commutantes.
1533 3647 1690 3716 Quod
1721 3657 1781 3703 ut
1813 3647 2074 3703 radicitus
2123 3662 2222 3702 ex-

612 3738 814 3808 stirpet
856 3753 1014 3794 sacer
1063 3741 1366 3812 Apostolus
1409 3749 1603 3795 contra
1651 3739 1780 3794 ait:
1828 3739 1994 3794 Nobis
2041 3748 2224 3793 tamen

614 3847 753 3886 unus
791 3831 930 3887 Deus
959 3831 1150 3900 Pater,
1184 3849 1250 3887 ea:
1294 3849 1398 3904 quo
1429 3833 1647 3898 omnia;
1699 3842 1748 3887 et
1777 3849 1914 3887 unus
1958 3833 2221 3887 Dominus

613 3924 772 3982 Jesus
799 3927 1040 3982 Christus
1066 3943 1158 3997 per
1185 3943 1339 3999 quem
1363 3928 1543 3981 omnia
1576 3928 1654 3992 ⁸³;
1698 3927 1796 3982 sed
1830 3937 1886 3983 et
1918 3943 2062 3982 unus
2097 3925 2224 3996 Spi-

615 4021 756 4076 ritus
785 4030 1032 4088 sanctus,
1089 4018 1145 4077 in
1176 4038 1288 4093 quo
1335 4021 1540 4078 omnia.
1593 4022 1764 4078 Porro
1812 4023 2121 4078 locutiones
2153 4035 2220 4074 ea:

617 4130 746 4186 quo,
795 4123 850 4169 et
883 4129 976 4182 per
1009 4128 1184 4185 quem,
1217 4123 1274 4169 et
1303 4114 1358 4169 in
1386 4131 1512 4185 quo,
1538 4123 1767 4170 naturas
1802 4131 1913 4170 non
1945 4115 2224 4178 dividunt,

614 4206 716 4264 sed
745 4221 1007 4277 personas
1039 4207 1328 4263 denotant.
1379 4205 1448 4262 Et
1477 4223 1602 4262 cum
1638 4208 1790 4278 prius
1829 4208 2062 4264 dixisset
2087 4223 2225 4260 unus

618 4300 764 4356 Deus
798 4301 870 4356 ob
895 4300 1224 4356 substantia:
1255 4299 1549 4360 unitatem.
1587 4317 1715 4355 mox
1745 4302 1928 4356 verbis
1962 4318 2056 4371 per
2073 4316 2229 4372 quem

2319 3179 2416 3234 καὶ
2439 3179 2528 3233 ὅτι
2542 3180 2744 3248 οὐδεὶς
2765 3183 2910 3248 Θεὸς
2935 3183 3159 3251 ἕτερος,
3186 3185 3238 3239 εὶ
3252 3183 3338 3254 μὴ
3357 3179 3466 3251 εἷς’
3497 3187 3598 3240 καὶ
3627 3187 3735 3256 γὰρ
3755 3186 3896 3254 ειπερ

2317 3273 2436 3327 εὶσὶ
2462 3275 2775 3343 ,λεγόμενοι
2798 3275 2918 3330 θεοὶ
2952 3274 3095 3348 [εἴτε
3123 3277 3193 3331 ἐν
3222 3278 3480 3351 οὐρανῷ]
3511 3280 3636 3334 alte
3663 3280 3757 3335 ἐπὶ
3786 3280 3894 3349 γῆς.

2320 3367 2567 3437 Πρόσχες
2586 3367 2926 3441 τῇάκριϐείᾳ
2945 3367 3038 3421 τοῦ
3063 3369 3352 3441 δόγματος,
3387 3370 3678 3443 λεγόμενοι
3707 3373 3806 3442 γὰρ
3831 3367 3896 3423 εἶ-

2321 3478 2444 3524 πεν,
2467 3461 2564 3532 οὑχ
2587 3461 2924 3534 ὑπάρχοντες
2946 3479 2959 3491 ·
2989 3463 3056 3516 δι’
3079 3463 3108 3516 ὃ
3132 3465 3181 3518 οἱ
3201 3465 3578 3536 ὲσκοτισμένοι
3599 3469 3721 3529 ταῖς
3733 3465 3900 3519 διανοί-

2322 3573 2411 3618 αις
2429 3553 2706 3626 ἄνορωποι
2740 3554 3053 3621 παναθλίως
3079 3557 3239 3611 τοῦτο
3260 3557 3585 3622 πεπόνθασι,
3612 3559 3798 3629 μύθοις
3824 3557 3902 3610 καὶ

2326 3647 2610 3719 πλάσμασι
2643 3649 2736 3701 καὶ
2761 3647 3003 3713 εἰδώλοις
3029 3649 3090 3703 τὸ
3133 3650 3274 3704 θεῖον
3307 3650 3708 3721 μεταϐαλόντες
3731 3650 3899 3719 δνομα·

2325 3740 2463 3811 ὅπερ
2496 3739 2602 3811 πρὸ
2632 3739 2800 3811 ῥιζῶν
2831 3741 3174 3796 ἀναστέλλων
3213 3745 3242 3796 ὁ
3268 3743 3409 3814 ἱερὸς
3425 3743 3753 3808 Ἀπόστολος
3790 3741 3903 3796 ἀνθ-

2326 3832 2592 3903 υποφέρει
2622 3851 2636 3864 ο
2690 3832 2856 3886 Ἀλλ’
2915 3833 3061 3903 ἡμῖν
3097 3829 3185 3902 εἷς
3227 3836 3374 3902 Θεὸς
3423 3838 3457 3890 ό
3490 3837 3720 3906 Πατὴρ,
3745 3836 3810 3901 ἐξ
3845 3829 3906 3889 οὗ

2328 3926 2401 3980 τὰ
2451 3924 2650 3979 πάντα
2674 3940 2686 3954 '
2746 3927 2846 3980 καὶ
2883 3921 2975 3994 εἷς
3019 3928 3236 3995 Κύριος
3279 3928 3520 3996 Ἰησοῦς
3544 3930 3817 3999 Χριστὸς,
3845 3927 3907 3981 δι’

2330 4016 2401 4076 οὗ
2438 4020 2509 4073 τὰ
2530 4018 2748 4074 πάντα.
2811 4019 2972 4073 Ἀλλά
2998 4021 3094 4073 καὶ
3142 4020 3200 4074 ἓν
3235 4021 3461 4094 Πνεῦμα
3502 4022 3683 4091 ἆγιον,
3710 4024 3766 4076 ὲν
3790 4014 3830 4090 ᾧ
3855 4019 3910 4072 τὰ

2330 4114 2512 4169 πάντα
2539 4113 2638 4185 (5‘)
2659 4129 2674 4143 '
2697 4112 2792 4166 τοῦ
2825 4113 2894 4179 ἐξ
2917 4109 3014 4179 οὗ,
3045 4115 3141 4168 καὶ
3167 4113 3240 4168 δι’
3273 4110 3368 4178 οὗ,
3400 4117 3492 4170 καὶ
3518 4115 3590 4171 ἐν
3621 4110 3692 4184 ᾧ,
3734 4116 3805 4188 μὴ
3828 4114 3911 4185 φύ-

2336 4222 2450 4268 σεις
2477 4204 2812 4276 τεμνόντων,
2846 4205 2963 4259 ἀλλ’
2999 4206 3332 4270 ὑποστάσεις
3372 4209 3909 4279 χαρακτηριζὸντων·

2339 4298 2437 4352 καὶ
2469 4298 2528 4350 τὸ
2561 4297 2682 4368 μὲν,
2715 4294 2806 4364 εἷς
2829 4297 2999 4365 Θεὸς,
3031 4299 3120 4352 διὰ
3154 4299 3254 4369 τὴν
3293 4299 3394 4370 τῆς
3409 4300 3600 4365 οὐσίας
3628 4302 3914 4370 ταυτότητα

617 4405 669 4451 et
699 4396 754 4450 in
783 4413 884 4467 quo
928 4412 1290 4467 personarum
1329 4395 1701 4452 differentiam
1743 4396 2007 4452 subdidit.
2061 4395 2215 4451 Unus

2323 4393 2579 4464 προσθεὶς
2602 4432 2617 4458 ,
2648 4392 2708 4446 τὸ
2727 4391 2796 4457 ἐξ
2826 4387 2899 4448 οὗ
2927 4392 3018 4446 καὶ
3041 4391 3115 4445 δι’
3141 4388 3212 4448 οὗ
3267 4394 3362 4446 καὶ
3409 4393 3480 4447 ἐν
3514 4387 3563 4462 ᾧ
3592 4393 3682 4447 διὰ
3706 4394 3802 4465 τὴν
3822 4391 3913 4444 τῶν

617 4504 750 4559 ergo
781 4488 927 4544 Deus
958 4488 1014 4543 in
1046 4488 1244 4555 tribus,
1279 4497 1336 4544 et
1371 4489 1473 4542 tria
1504 4503 1699 4554 unum,
1729 4495 1788 4541 ut
1835 4486 2098 4552 diximus,
2140 4489 2232 4559 qui

617 4598 788 4654 super
813 4581 998 4637 omnia
1034 4591 1090 4637 et
1131 4597 1230 4654 per
1263 4581 1472 4648 omnia,
1499 4582 1635 4637 etin
1671 4581 1935 4637 omnibus
1960 4593 2230 4652 permeat.

621 4672 744 4728 Alio
773 4681 957 4728 autem
986 4673 1107 4729 loco
1144 4674 1448 4728 humanum
1495 4682 1748 4728 ventrem
1792 4671 1965 4727 Deum
2009 4689 2231 4730 nuncu-

624 4769 721 4833 pat
744 4759 1061 4830 Apostolus,
1097 4762 1248 4819 haud
1293 4778 1433 4818 sane
1463 4762 1619 4834 quasi
1659 4761 1852 4817 mundi
1885 4762 2227 4833 Creatorem,

625 4852 726 4908 sed
753 4852 826 4908 ob
856 4867 1048 4908 curam
1078 4863 1135 4910 et
1178 4855 1387 4911 cultum
1419 4855 1468 4910 ei
1502 4855 1809 4912 adhibitum
1837 4875 1850 4912 :
1901 4855 2005 4912 hac
2037 4857 2232 4914 videli-

627 4951 720 5000 cet
741 4945 1094 5018 homonymia
1120 4948 1435 5004 luxuriosos
1457 4949 1768 5016 deterrens,
1800 4961 1966 5022 atque
1994 4951 2062 5008 ab
2086 4951 2236 5008 illius

629 5051 764 5092 cura
816 5048 1071 5094 avertere
1126 5040 1341 5107 volens,
1392 5042 1469 5098 ait
1521 5041 2018 5114 Philippensibus:
2076 5044 2238 5100 Multi

631 5129 938 5184 inordinate
968 5131 1266 5199 ambulant,
1300 5151 1432 5206 quos
1474 5151 1613 5204 stepe
1635 5137 1778 5190 vobis
1808 5137 2070 5202 dicebam,
2099 5154 2240 5192 nunc

634 5228 817 5274 autem
844 5229 895 5275 et
925 5222 1060 5292 [lens
1085 5224 1226 5290 dico,
1264 5226 1508 5280 inimicos
1547 5227 1722 5280 crucis
1746 5227 1974 5293 Christi,
2015 5245 2242 5299 quorum

2338 4484 2695 4539 ὑποστάσεων
2741 4484 3008 4555 διαφορὰν
3068 4485 3400 4556 ὑπήνεγκεν.
3459 4481 3555 4550 Εἷς
3587 4482 3681 4540 οὖν
3711 4487 3836 4548 Θεὸς
3866 4487 3914 4536 ὲν

2334 4579 2535 4649 τρισὶν,
2564 4578 2657 4631 καὶ
2679 4577 2748 4631 τά
2781 4579 2910 4650 τρία
2937 4578 3018 4645 ἓν,
3053 4578 3245 4650 ὥσπερ
3280 4578 3512 4650 ἔφαμεν,
3542 4581 3571 4633 ὁ
3601 4581 3694 4633 ἐπὶ
3718 4581 3914 4634 πάντων

2335 4672 2432 4726 καὶ
2459 4674 2515 4725 ὲν
2539 4675 2676 4726 πᾶσι
2701 4673 3076 4744 διῖκνούμενος
3103 4690 3118 4705 ο
3144 4673 3240 4727 κα)⁸
3293 4673 3352 4727 ἐν
3379 4673 3555 4746 ἑτέρῳ
3589 4673 3645 4728 δὲ
3689 4673 3788 4745 τὴν
3835 4676 3915 4726 ἀν-

2335 4765 2616 4836 θρωπίνην
2647 4765 2878 4832 κοιλίαν,
2913 4765 3047 4819 Θεὸν
3070 4764 3358 4837 ὠνόμασεν
3393 4767 3422 4819 ό
3465 4766 3810 4832 Ἀπόστολος,
3831 4764 3914 4831 οὑχ

2338 4857 2412 4920 ὡς
2444 4858 2651 4929 κόσμου
2688 4857 2940 4930 ποιητὴν,
2971 4857 3088 4912 ἀλλ’
3111 4860 3176 4912 ὲκ
3210 4859 3310 4925 τῆς
3336 4859 3467 4929 περὶ
3501 4858 3671 4932 αὐτὴν
3700 4857 3915 4925 σπουδῆς

2337 4951 2432 5004 καὶ
2465 4950 2723 5021 λατρείας
2744 4967 2757 4981 ·
2783 4950 2928 5023 [θοὰ.
2965 4951 3005 5006 f.
3029 4950 3134 5006 “5
3163 4950 3245 5022 b.]
3272 4951 3360 5005 διὰ
3383 4953 3480 5023 τῆς
3502 4952 3816 5023 ὁμωνυμίας
3835 4952 3913 5003 ἐκ-

2337 5044 2520 5114 φοϐῶν
2547 5045 2672 5108 τοὺς
2695 5043 3058 5110 ἀκολάστους,
3110 5044 3203 5098 καὶ
3240 5045 3542 5114 ἀνατρέψαι
3584 5046 3780 5106 αὐτοὺς
3828 5042 3913 5108 τῆς

2338 5138 2468 5208 περὶ
2499 5137 2668 5208 αὑτὴν
2697 5137 2936 5208 σπουδῆς
2971 5136 3318 5209 βουλόμενος,
3365 5139 3540 5207 λέγων
3584 5138 3718 5209 ripis;
3743 5136 3912 5188 Φιλιπ-

2340 5230 2605 5302 πησίους·
2632 5231 2859 5285 Πολλοὶ
2886 5230 3289 5299 γὰρ’ἀτάκτως
3331 5231 3784 5300 περιπατοῦσιν,
3821 5226 3910 5290 οὓς

634 5313 755 5382 ﬁnis
792 5314 1058 5381 interitus,
1089 5333 1318 5382 quorum
1355 5317 1497 5374 Deus
1536 5329 1715 5374 venter
1743 5329 1840 5386 est,
1874 5329 1924 5375 et
1958 5320 2134 5393 gloria
2179 5323 2217 5377 it

2343 5319 2645 5386 πολλάκις
2665 5322 2882 5392 ἔλεγον
2909 5320 3084 5390 ὑμῖν,
3116 5321 3232 5376 νῦν
3255 5321 3324 5374 δὲ
3371 5320 3470 5375 καὶ
3517 5320 3740 5376 κλαίων
3757 5319 3907 5388 ,λέγων

635 5407 931 5479 ignominia
950 5410 1189 5477 ipsorum
1204 5411 1272 5466 “.
1293 5413 1566 5484 Additque
1589 5431 1603 5468 :
1623 5413 1725 5479 Qui
1750 5423 1959 5470 terrena
1987 5417 2235 5485 sapiunt;

641 5511 824 5556 nostra
863 5503 1004 5559 enim
1053 5507 1380 5561 conversatio
1412 5507 1471 5560 in
1509 5506 1653 5563 cazlis
1691 5517 1765 5562 est
1788 5509 1854 5563 ⁸⁷.
1892 5507 1959 5562 Ει
1993 5509 2237 5564 iterum:

715 5687 758 5717 ⁶¹
794 5685 1000 5755 Ephes.
1052 5703 1129 5753 vr,
1177 5686 1265 5755 l0,
1315 5687 1401 5743 l2.

1511 5689 1555 5721 “
1590 5687 1725 5745 Luc.
1757 5706 1811 5756 x,
1848 5690 1934 5744 18.

648 5756 691 5788 ⁸⁷
724 5755 925 5827 Philip.
948 5772 1029 5820 III,
1059 5757 1146 5813 l8.

2039 5691 2084 5722 ⁸³
2112 5691 2302 5747 Matth.
2353 5708 2479 5758 xxv,
2525 5691 2612 5745 il.

2346 5414 2489 5480 τοὺς
2511 5413 2765 5484 ἐχθροὺς
2797 5413 2902 5466 τοῦ
2935 5411 3204 5482 σταυροῦ
3242 5414 3523 5482 Χριστοῦ,
3555 5407 3643 5468 ὧν
3673 5415 3731 5467 τὸ
3761 5412 3910 5473 τέλος

2349 5509 2637 5575 ἀπώλεια,
2663 5503 2752 5562 ὧν
2805 5511 2837 5562 ό
2901 5506 3048 5573 Θεὸς
3098 5509 3137 5576 ἡ
3162 5508 3385 5574 κοιλία,
3409 5508 3507 5562 καὶ
3529 5509 3566 5577 ἡ
3588 5507 3734 5574 δόξα
3763 5508 3826 5560 ἐν
3849 5499 3910 5569 τῇ

3389 5688 3432 5720 ⁸⁵
3467 5685 3600 5743 ἰὺίιΙ.

2724 5691 2768 5722 ⁸⁸
2797 5688 2815 5744 l
2858 5688 2985 5743 Cor.
3012 5702 3135 5752 vttt,
3175 5688 3230 5754 4,
3255 5687 3306 5742 5.
3389 5688 3432 5720 ⁸⁵
3467 5685 3600 5743 ibitl.
3691 5687 3759 5760 if“
3793 5682 3905 5742 ibid.

724 5849 823 5919 (3‘)
858 5849 1089 5905 Videtur
1120 5854 1346 5912 omnino
1385 5856 1527 5914 hanc
1555 5873 1770 5930 quoque
1801 5858 1869 5917 de
1903 5857 2110 5930 Spiritu
2134 5868 2326 5916 sancto
2359 5857 2683 5930 particulam
2717 5856 2913 5930 legisse
2944 5870 3134 5919 auctor
3161 5858 3304 5927 apud
3331 5860 3578 5920 Paulum.
