  <div class='ocr_page' id='page_1' title='image "/cluster/home/n/w/nwhite01/storage/ocr_20150623/104:no.4/coo.31924054870088/666.png"; bbox 0 0 4142 6472; ppageno 0'>
   <div class='ocr_carea' id='block_1_1' title="bbox 326 432 471 502">
    <p class='ocr_par' dir='ltr' id='par_1_1' title="bbox 326 432 471 502">
     <span class='ocr_line' id='line_1_1' title="bbox 326 432 471 502; baseline 0.028 -4"><span class='ocrx_word' id='word_1_1' title='bbox 326 432 471 502; x_wconf 76' lang='lat'>1313</span> 
     </span>
    </p>
   </div>
   <div class='ocr_carea' id='block_1_2' title="bbox 1336 436 2620 504">
    <p class='ocr_par' dir='ltr' id='par_1_2' title="bbox 1336 436 2620 504">
     <span class='ocr_line' id='line_1_2' title="bbox 1336 436 2620 504; baseline 0 -4"><span class='ocrx_word' id='word_1_2' title='bbox 1336 436 1594 501; x_wconf 85' lang='lat' dir='ltr'>SERMO</span> <span class='ocrx_word' id='word_1_3' title='bbox 1632 439 1660 500; x_wconf 89' lang='grc' dir='ltr'><strong>Ι</strong></span> <span class='ocrx_word' id='word_1_4' title='bbox 1698 439 2097 504; x_wconf 79' lang='lat' dir='ltr'><strong>ADVERSUS</strong></span> <span class='ocrx_word' id='word_1_5' title='bbox 2135 437 2620 501; x_wconf 66' lang='lat' dir='ltr'><strong>MANICHAZOS.</strong></span> 
     </span>
    </p>
   </div>
   <div class='ocr_carea' id='block_1_3' title="bbox 3492 443 3632 514">
    <p class='ocr_par' dir='ltr' id='par_1_3' title="bbox 3492 443 3632 514">
     <span class='ocr_line' id='line_1_3' title="bbox 3492 443 3632 514; baseline 0.007 -3"><span class='ocrx_word' id='word_1_6' title='bbox 3492 443 3632 514; x_wconf 71' lang='lat' dir='ltr'><strong>13H</strong></span> 
     </span>
    </p>
   </div>
   <div class='ocr_carea' id='block_1_4' title="bbox 319 527 1923 618">
    <p class='ocr_par' dir='ltr' id='par_1_4' title="bbox 319 527 1923 618">
     <span class='ocr_line' id='line_1_4' title="bbox 319 527 1923 618; baseline 0.002 -20"><span class='ocrx_word' id='word_1_7' title='bbox 319 549 595 617; x_wconf 72' lang='grc' dir='ltr'><strong>αἰσχύνῃ</strong></span> <span class='ocrx_word' id='word_1_8' title='bbox 641 544 872 602; x_wconf 80' lang='grc' dir='ltr'>αὐτῶν·</span> <span class='ocrx_word' id='word_1_9' title='bbox 907 527 1214 618; x_wconf 68' lang='grc' dir='ltr'>προσθεὶς,</span> <span class='ocrx_word' id='word_1_10' title='bbox 1269 548 1336 600; x_wconf 82' lang='grc' dir='ltr'><em>Οἱ</em></span> <span class='ocrx_word' id='word_1_11' title='bbox 1396 548 1469 601; x_wconf 82' lang='grc' dir='ltr'>τὰ</span> <span class='ocrx_word' id='word_1_12' title='bbox 1521 549 1756 618; x_wconf 73' lang='grc' dir='ltr'>ἐπίγεια</span> <span class='ocrx_word' id='word_1_13' title='bbox 1805 565 1923 617; x_wconf 73' lang='grc' dir='ltr'>ερρο</span> 
     </span>
    </p>
   </div>
   <div class='ocr_carea' id='block_1_5' title="bbox 2027 527 3644 618">
    <p class='ocr_par' dir='ltr' id='par_1_5' title="bbox 2050 546 3644 615">
     <span class='ocr_line' id='line_1_5' title="bbox 2050 546 3644 615; baseline 0.01 -16"><span class='ocrx_word' id='word_1_14' title='bbox 2050 546 2115 600; x_wconf 84' lang='grc' dir='ltr'><strong>1η</strong></span> <span class='ocrx_word' id='word_1_15' title='bbox 2147 563 2305 600; x_wconf 71' lang='lat' dir='ltr'><strong>carne</strong></span> <span class='ocrx_word' id='word_1_16' title='bbox 2337 547 2694 614; x_wconf 80' lang='lat' dir='ltr'><strong>ambulantes,</strong></span> <span class='ocrx_word' id='word_1_17' title='bbox 2725 563 2828 602; x_wconf 88' lang='lat' dir='ltr'><strong>non</strong></span> <span class='ocrx_word' id='word_1_18' title='bbox 2873 551 3160 605; x_wconf 78' lang='lat' dir='ltr'><strong>secundum</strong></span> <span class='ocrx_word' id='word_1_19' title='bbox 3189 568 3402 610; x_wconf 85' lang='lat' dir='ltr'><strong>carnem</strong></span> <span class='ocrx_word' id='word_1_20' title='bbox 3437 560 3644 615; x_wconf 77' lang='lat' dir='ltr'><strong>milita-</strong></span> 
     </span>
    </p>
   </div>
   <div class='ocr_carea' id='block_1_6' title="bbox 317 640 1930 712">
    <p class='ocr_par' dir='ltr' id='par_1_6' title="bbox 317 640 1930 712">
     <span class='ocr_line' id='line_1_6' title="bbox 317 640 1930 712; baseline 0.001 -20"><span class='ocrx_word' id='word_1_21' title='bbox 317 642 582 706; x_wconf 57' lang='grc' dir='ltr'>νοοῦντες</span> <span class='ocrx_word' id='word_1_22' title='bbox 607 657 621 672; x_wconf 80' lang='grc'><em>’</em></span> <span class='ocrx_word' id='word_1_23' title='bbox 646 641 820 712; x_wconf 70' lang='grc' dir='ltr'>ἡμῶν</span> <span class='ocrx_word' id='word_1_24' title='bbox 865 642 976 712; x_wconf 75' lang='grc' dir='ltr'>γὰρ</span> <span class='ocrx_word' id='word_1_25' title='bbox 1030 641 1099 695; x_wconf 85' lang='grc' dir='ltr'>τὸ</span> <span class='ocrx_word' id='word_1_26' title='bbox 1150 640 1488 711; x_wconf 74' lang='grc' dir='ltr'>πολίτευμα</span> <span class='ocrx_word' id='word_1_27' title='bbox 1527 641 1598 694; x_wconf 79' lang='grc' dir='ltr'><strong>ἐν</strong></span> <span class='ocrx_word' id='word_1_28' title='bbox 1651 640 1930 709; x_wconf 79' lang='grc' dir='ltr'><strong>οὐρανοῖς</strong></span> 
     </span>
    </p>
   </div>
   <div class='ocr_carea' id='block_1_7' title="bbox 319 723 1926 800">
    <p class='ocr_par' dir='ltr' id='par_1_7' title="bbox 319 723 1926 800">
     <span class='ocr_line' id='line_1_7' title="bbox 319 723 1926 800; baseline -0.002 -14"><span class='ocrx_word' id='word_1_29' title='bbox 319 731 606 800; x_wconf 80' lang='grc' dir='ltr'>ὑπάρχει.</span> <span class='ocrx_word' id='word_1_30' title='bbox 628 734 737 785; x_wconf 76' lang='grc' dir='ltr'>Καὶ</span> <span class='ocrx_word' id='word_1_31' title='bbox 777 732 962 786; x_wconf 83' lang='grc' dir='ltr'>πάλιν·</span> <span class='ocrx_word' id='word_1_32' title='bbox 984 731 1083 784; x_wconf 75' lang='grc' dir='ltr'>Ἐν</span> <span class='ocrx_word' id='word_1_33' title='bbox 1116 730 1299 798; x_wconf 79' lang='grc' dir='ltr'>σαρκί</span> <span class='ocrx_word' id='word_1_34' title='bbox 1329 728 1822 798; x_wconf 73' lang='grc' dir='ltr'>περιπατοῦντες,</span> <span class='ocrx_word' id='word_1_35' title='bbox 1853 723 1926 784; x_wconf 84' lang='grc' dir='ltr'>οὗ</span> 
     </span>
    </p>
   </div>
   <div class='ocr_carea' id='block_1_8' title="bbox 320 819 1928 893">
    <p class='ocr_par' dir='ltr' id='par_1_8' title="bbox 320 819 1928 893">
     <span class='ocr_line' id='line_1_8' title="bbox 320 819 1928 893; baseline -0.001 -17"><span class='ocrx_word' id='word_1_36' title='bbox 320 825 482 877; x_wconf 71' lang='grc' dir='ltr'>κατὰ</span> <span class='ocrx_word' id='word_1_37' title='bbox 540 823 742 893; x_wconf 81' lang='grc' dir='ltr'><strong>σάρκα</strong></span> <span class='ocrx_word' id='word_1_38' title='bbox 805 824 1273 893; x_wconf 81' lang='grc' dir='ltr'><strong>στρατευόμεθα·</strong></span> <span class='ocrx_word' id='word_1_39' title='bbox 1325 822 1398 875; x_wconf 83' lang='grc' dir='ltr'>τὰ</span> <span class='ocrx_word' id='word_1_40' title='bbox 1448 823 1560 891; x_wconf 79' lang='grc' dir='ltr'>γὰρ</span> <span class='ocrx_word' id='word_1_41' title='bbox 1598 821 1761 874; x_wconf 81' lang='grc' dir='ltr'>ὅπλα</span> <span class='ocrx_word' id='word_1_42' title='bbox 1817 819 1928 886; x_wconf 84' lang='grc' dir='ltr'>τῆς</span> 
     </span>
    </p>
   </div>
   <div class='ocr_carea' id='block_1_9' title="bbox 322 911 1927 985">
    <p class='ocr_par' dir='ltr' id='par_1_9' title="bbox 322 911 1927 985">
     <span class='ocr_line' id='line_1_9' title="bbox 322 911 1927 985; baseline -0.002 -16"><span class='ocrx_word' id='word_1_43' title='bbox 322 919 648 985; x_wconf 76' lang='grc' dir='ltr'><strong>στρατείας</strong></span> <span class='ocrx_word' id='word_1_44' title='bbox 683 914 854 985; x_wconf 74' lang='grc' dir='ltr'>ἡμῶν</span> <span class='ocrx_word' id='word_1_45' title='bbox 906 917 977 971; x_wconf 88' lang='grc' dir='ltr'>οὐ</span> <span class='ocrx_word' id='word_1_46' title='bbox 1022 915 1304 984; x_wconf 80' lang='grc' dir='ltr'><strong>σαρκικὰ,</strong></span> <span class='ocrx_word' id='word_1_47' title='bbox 1338 915 1502 969; x_wconf 75' lang='grc' dir='ltr'><em>ἀλλὰ</em></span> <span class='ocrx_word' id='word_1_48' title='bbox 1561 911 1794 967; x_wconf 78' lang='grc' dir='ltr'>δυνατὰ</span> <span class='ocrx_word' id='word_1_49' title='bbox 1847 912 1927 978; x_wconf 83' lang='grc' dir='ltr'>τῷ</span> 
     </span>
    </p>
   </div>
   <div class='ocr_carea' id='block_1_10' title="bbox 328 1005 1923 1080">
    <p class='ocr_par' dir='ltr' id='par_1_10' title="bbox 328 1005 1923 1080">
     <span class='ocr_line' id='line_1_10' title="bbox 328 1005 1923 1080; baseline -0.002 -20"><span class='ocrx_word' id='word_1_50' title='bbox 328 1007 474 1074; x_wconf 79' lang='grc' dir='ltr'>Θεῷ.</span> <span class='ocrx_word' id='word_1_51' title='bbox 537 1009 610 1062; x_wconf 86' lang='grc' dir='ltr'><strong>Οὺ</strong></span> <span class='ocrx_word' id='word_1_52' title='bbox 669 1008 780 1080; x_wconf 86' lang='grc' dir='ltr'><strong>γὰρ</strong></span> <span class='ocrx_word' id='word_1_53' title='bbox 838 1008 1116 1079; x_wconf 83' lang='grc' dir='ltr'>μάχαιραν</span> <span class='ocrx_word' id='word_1_54' title='bbox 1140 1007 1174 1078; x_wconf 81' lang='grc' dir='ltr'><strong>ἢ</strong></span> <span class='ocrx_word' id='word_1_55' title='bbox 1203 1007 1356 1073; x_wconf 77' lang='grc' dir='ltr'>τόξον</span> <span class='ocrx_word' id='word_1_56' title='bbox 1387 1009 1508 1070; x_wconf 89' lang='grc' dir='ltr'>ταῖς</span> <span class='ocrx_word' id='word_1_57' title='bbox 1536 1005 1724 1077; x_wconf 73' lang='grc' dir='ltr'>χερσὶν</span> <span class='ocrx_word' id='word_1_58' title='bbox 1747 1005 1923 1076; x_wconf 80' lang='grc' dir='ltr'>αἴρειν</span> 
     </span>
    </p>
   </div>
   <div class='ocr_carea' id='block_1_11' title="bbox 326 1097 1924 1172">
    <p class='ocr_par' dir='ltr' id='par_1_11' title="bbox 326 1097 1924 1172">
     <span class='ocr_line' id='line_1_11' title="bbox 326 1097 1924 1172; baseline -0.001 -20"><span class='ocrx_word' id='word_1_59' title='bbox 326 1100 612 1155; x_wconf 79' lang='grc' dir='ltr'>ἐκέλευσεν</span> <span class='ocrx_word' id='word_1_60' title='bbox 636 1100 773 1172; x_wconf 82' lang='grc' dir='ltr'>πρὸς</span> <span class='ocrx_word' id='word_1_61' title='bbox 797 1103 896 1171; x_wconf 83' lang='grc' dir='ltr'>τὴν</span> <span class='ocrx_word' id='word_1_62' title='bbox 923 1099 1378 1171; x_wconf 78' lang='grc' dir='ltr'><strong>ἀντιπαράταξιν,</strong></span> <span class='ocrx_word' id='word_1_63' title='bbox 1401 1097 1538 1152; x_wconf 86' lang='grc' dir='ltr'><strong>ἀλλά</strong></span> <span class='ocrx_word' id='word_1_64' title='bbox 1560 1097 1762 1170; x_wconf 88' lang='grc' dir='ltr'>νοερῶς</span> <span class='ocrx_word' id='word_1_65' title='bbox 1785 1098 1924 1171; x_wconf 72' lang='grc' dir='ltr'>πρὸς</span> 
     </span>
    </p>
   </div>
   <div class='ocr_carea' id='block_1_12' title="bbox 327 1189 1927 1264">
    <p class='ocr_par' dir='ltr' id='par_1_12' title="bbox 327 1189 1927 1264">
     <span class='ocr_line' id='line_1_12' title="bbox 327 1189 1927 1264; baseline -0.001 -20"><span class='ocrx_word' id='word_1_66' title='bbox 327 1194 655 1264; x_wconf 77' lang='grc' dir='ltr'><strong>ἀσωμάτους</strong></span> <span class='ocrx_word' id='word_1_67' title='bbox 681 1193 975 1264; x_wconf 88' lang='grc' dir='ltr'>πολεμίους</span> <span class='ocrx_word' id='word_1_68' title='bbox 1003 1192 1460 1263; x_wconf 78' lang='grc' dir='ltr'><strong>παρατάττεσθαι</strong></span> <span class='ocrx_word' id='word_1_69' title='bbox 1478 1209 1493 1222; x_wconf 89' lang='grc'><strong>·</strong></span> <span class='ocrx_word' id='word_1_70' title='bbox 1551 1191 1646 1244; x_wconf 76' lang='grc' dir='ltr'>καὶ</span> <span class='ocrx_word' id='word_1_71' title='bbox 1673 1189 1773 1254; x_wconf 85' lang='grc' dir='ltr'>τὰς</span> <span class='ocrx_word' id='word_1_72' title='bbox 1804 1189 1927 1260; x_wconf 83' lang='grc' dir='ltr'>βου-</span> 
     </span>
    </p>
   </div>
   <div class='ocr_carea' id='block_1_13' title="bbox 325 1283 1925 1358">
    <p class='ocr_par' dir='ltr' id='par_1_13' title="bbox 325 1283 1925 1358">
     <span class='ocr_line' id='line_1_13' title="bbox 325 1283 1925 1358; baseline -0.001 -21"><span class='ocrx_word' id='word_1_73' title='bbox 325 1287 421 1351; x_wconf 80' lang='grc' dir='ltr'><strong>λάς</strong></span> <span class='ocrx_word' id='word_1_74' title='bbox 447 1289 627 1341; x_wconf 83' lang='grc' dir='ltr'>αὐτῶν</span> <span class='ocrx_word' id='word_1_75' title='bbox 667 1289 768 1340; x_wconf 88' lang='grc' dir='ltr'><strong>οὐκ</strong></span> <span class='ocrx_word' id='word_1_76' title='bbox 792 1289 1233 1358; x_wconf 81' lang='grc' dir='ltr'>ὴναγκασμένως</span> <span class='ocrx_word' id='word_1_77' title='bbox 1281 1284 1633 1356; x_wconf 78' lang='grc' dir='ltr'><strong>τιτρώσκειν,</strong></span> <span class='ocrx_word' id='word_1_78' title='bbox 1679 1283 1797 1338; x_wconf 85' lang='grc' dir='ltr'>ἀλλ’</span> <span class='ocrx_word' id='word_1_79' title='bbox 1848 1283 1925 1347; x_wconf 85' lang='grc' dir='ltr'>ὡς</span> 
     </span>
    </p>
   </div>
   <div class='ocr_carea' id='block_1_14' title="bbox 325 1376 1928 1451">
    <p class='ocr_par' dir='ltr' id='par_1_14' title="bbox 325 1376 1928 1451">
     <span class='ocr_line' id='line_1_14' title="bbox 325 1376 1928 1451; baseline 0.001 -22"><span class='ocrx_word' id='word_1_80' title='bbox 325 1377 390 1430; x_wconf 85' lang='grc' dir='ltr'><strong>ἂν</strong></span> <span class='ocrx_word' id='word_1_81' title='bbox 415 1377 633 1450; x_wconf 85' lang='grc' dir='ltr'>θελήσοι</span> <span class='ocrx_word' id='word_1_82' title='bbox 655 1381 683 1432; x_wconf 99' lang='lat'><strong>6</strong></span> <span class='ocrx_word' id='word_1_83' title='bbox 707 1382 838 1451; x_wconf 77' lang='grc' dir='ltr'>παρ’</span> <span class='ocrx_word' id='word_1_84' title='bbox 863 1380 1045 1433; x_wconf 86' lang='grc' dir='ltr'>αὐτῶν</span> <span class='ocrx_word' id='word_1_85' title='bbox 1071 1379 1401 1450; x_wconf 86' lang='grc' dir='ltr'>βαλλόμενος</span> <span class='ocrx_word' id='word_1_86' title='bbox 1423 1395 1438 1408; x_wconf 84' lang='lat'>&#39;</span> <span class='ocrx_word' id='word_1_87' title='bbox 1467 1379 1627 1432; x_wconf 81' lang='grc' dir='ltr'>τοῦτο</span> <span class='ocrx_word' id='word_1_88' title='bbox 1643 1377 1752 1447; x_wconf 87' lang='grc' dir='ltr'><strong>γάρ</strong></span> <span class='ocrx_word' id='word_1_89' title='bbox 1772 1376 1928 1448; x_wconf 76' lang='grc' dir='ltr'>ἐνηλ-</span> 
     </span>
    </p>
   </div>
   <div class='ocr_carea' id='block_1_15' title="bbox 324 1470 1923 1544">
    <p class='ocr_par' dir='ltr' id='par_1_15' title="bbox 324 1470 1923 1544">
     <span class='ocr_line' id='line_1_15' title="bbox 324 1470 1923 1544; baseline 0.001 -21"><span class='ocrx_word' id='word_1_90' title='bbox 324 1470 610 1542; x_wconf 83' lang='grc' dir='ltr'>λαγμένως</span> <span class='ocrx_word' id='word_1_91' title='bbox 645 1473 753 1526; x_wconf 88' lang='grc' dir='ltr'><strong>τῶν</strong></span> <span class='ocrx_word' id='word_1_92' title='bbox 790 1474 1121 1544; x_wconf 83' lang='grc' dir='ltr'>σωματικῶν</span> <span class='ocrx_word' id='word_1_93' title='bbox 1152 1473 1390 1544; x_wconf 83' lang='grc' dir='ltr'>ὑπάρχει</span> <span class='ocrx_word' id='word_1_94' title='bbox 1449 1474 1735 1544; x_wconf 84' lang='grc' dir='ltr'>πολέμων·</span> <span class='ocrx_word' id='word_1_95' title='bbox 1789 1472 1923 1525; x_wconf 84' lang='grc' dir='ltr'>διότι</span> 
     </span>
    </p>
   </div>
   <div class='ocr_carea' id='block_1_16' title="bbox 324 1564 1924 1638">
    <p class='ocr_par' dir='ltr' id='par_1_16' title="bbox 324 1564 1924 1638">
     <span class='ocr_line' id='line_1_16' title="bbox 324 1564 1924 1638; baseline 0 -20"><span class='ocrx_word' id='word_1_96' title='bbox 324 1567 443 1618; x_wconf 84' lang='grc' dir='ltr'>ἐκεῖ</span> <span class='ocrx_word' id='word_1_97' title='bbox 476 1567 574 1637; x_wconf 83' lang='grc' dir='ltr'><strong>μὲν</strong></span> <span class='ocrx_word' id='word_1_98' title='bbox 597 1608 612 1630; x_wconf 86' lang='grc'><strong>,</strong></span> <span class='ocrx_word' id='word_1_99' title='bbox 659 1569 765 1622; x_wconf 79' lang='grc' dir='ltr'><strong>κᾶν</strong></span> <span class='ocrx_word' id='word_1_100' title='bbox 820 1570 895 1638; x_wconf 83' lang='grc' dir='ltr'>μὴ</span> <span class='ocrx_word' id='word_1_101' title='bbox 929 1568 1195 1638; x_wconf 78' lang='grc' dir='ltr'>βούλοιτο,</span> <span class='ocrx_word' id='word_1_102' title='bbox 1228 1568 1323 1632; x_wconf 90' lang='grc' dir='ltr'><strong>τάς</strong></span> <span class='ocrx_word' id='word_1_103' title='bbox 1371 1567 1590 1638; x_wconf 83' lang='grc' dir='ltr'>πληγάς</span> <span class='ocrx_word' id='word_1_104' title='bbox 1614 1564 1765 1637; x_wconf 88' lang='grc' dir='ltr'><strong>παρά</strong></span> <span class='ocrx_word' id='word_1_105' title='bbox 1814 1564 1924 1619; x_wconf 89' lang='grc' dir='ltr'><strong>τῶν</strong></span> 
     </span>
    </p>
   </div>
   <div class='ocr_carea' id='block_1_17' title="bbox 324 1657 1924 1732">
    <p class='ocr_par' dir='ltr' id='par_1_17' title="bbox 324 1657 1924 1732">
     <span class='ocr_line' id='line_1_17' title="bbox 324 1657 1924 1732; baseline -0.004 -18"><span class='ocrx_word' id='word_1_106' title='bbox 324 1659 640 1714; x_wconf 83' lang='grc' dir='ltr'>ἀντιπάλων</span> <span class='ocrx_word' id='word_1_107' title='bbox 673 1663 701 1714; x_wconf 93' lang='lat'><strong>6</strong></span> <span class='ocrx_word' id='word_1_108' title='bbox 734 1661 1138 1732; x_wconf 80' lang='grc' dir='ltr'>προσπολεμῶν</span> <span class='ocrx_word' id='word_1_109' title='bbox 1184 1660 1488 1731; x_wconf 84' lang='grc' dir='ltr'>εἰσδέχεται</span> <span class='ocrx_word' id='word_1_110' title='bbox 1508 1675 1528 1712; x_wconf 83' lang='grc'>·,</span> <span class='ocrx_word' id='word_1_111' title='bbox 1568 1657 1799 1711; x_wconf 75' lang='grc' dir='ltr'>ἐνταῦθα</span> <span class='ocrx_word' id='word_1_112' title='bbox 1823 1657 1924 1720; x_wconf 80' lang='grc' dir='ltr'><strong>οὐκ</strong></span> 
     </span>
    </p>
   </div>
   <div class='ocr_carea' id='block_1_18' title="bbox 325 1749 1925 1823">
    <p class='ocr_par' dir='ltr' id='par_1_18' title="bbox 325 1749 1925 1823">
     <span class='ocr_line' id='line_1_18' title="bbox 325 1749 1925 1823; baseline -0.002 -18"><span class='ocrx_word' id='word_1_113' title='bbox 325 1753 542 1822; x_wconf 82' lang='grc' dir='ltr'>ἀνάγκη</span> <span class='ocrx_word' id='word_1_114' title='bbox 575 1752 770 1805; x_wconf 70' lang='grc' dir='ltr'>ἕπεται</span> <span class='ocrx_word' id='word_1_115' title='bbox 798 1769 812 1782; x_wconf 79' lang='lat'><strong><em>°</em></strong></span> <span class='ocrx_word' id='word_1_116' title='bbox 847 1752 983 1806; x_wconf 85' lang='grc' dir='ltr'><strong>ἀλλά</strong></span> <span class='ocrx_word' id='word_1_117' title='bbox 1015 1751 1350 1823; x_wconf 86' lang='grc' dir='ltr'>προσϐάλλει</span> <span class='ocrx_word' id='word_1_118' title='bbox 1379 1752 1479 1822; x_wconf 77' lang='grc' dir='ltr'><strong>μὲν</strong></span> <span class='ocrx_word' id='word_1_119' title='bbox 1505 1752 1534 1804; x_wconf 90' lang='grc' dir='ltr'>ὁ</span> <span class='ocrx_word' id='word_1_120' title='bbox 1568 1749 1844 1818; x_wconf 86' lang='grc' dir='ltr'>πολέμιος,</span> <span class='ocrx_word' id='word_1_121' title='bbox 1868 1750 1925 1802; x_wconf 85' lang='grc' dir='ltr'><strong>ὲν</strong></span> 
     </span>
    </p>
   </div>
   <div class='ocr_carea' id='block_1_19' title="bbox 323 1840 1924 1916">
    <p class='ocr_par' dir='ltr' id='par_1_19' title="bbox 323 1840 1924 1916">
     <span class='ocr_line' id='line_1_19' title="bbox 323 1840 1924 1916; baseline -0.002 -20"><span class='ocrx_word' id='word_1_122' title='bbox 323 1847 392 1916; x_wconf 82' lang='grc' dir='ltr'>τῇ</span> <span class='ocrx_word' id='word_1_123' title='bbox 421 1844 888 1916; x_wconf 80' lang='grc' dir='ltr'>αὑτεξιουσιότητι</span> <span class='ocrx_word' id='word_1_124' title='bbox 943 1845 1003 1898; x_wconf 80' lang='grc' dir='ltr'>δὲ</span> <span class='ocrx_word' id='word_1_125' title='bbox 1059 1845 1217 1916; x_wconf 80' lang='grc' dir='ltr'>ἡμῶν</span> <span class='ocrx_word' id='word_1_126' title='bbox 1256 1847 1372 1898; x_wconf 75' lang='grc' dir='ltr'>ἐστι</span> <span class='ocrx_word' id='word_1_127' title='bbox 1432 1842 1494 1896; x_wconf 86' lang='grc' dir='ltr'><strong>τὸ</strong></span> <span class='ocrx_word' id='word_1_128' title='bbox 1523 1841 1777 1909; x_wconf 83' lang='grc' dir='ltr'>δέξασθαι</span> <span class='ocrx_word' id='word_1_129' title='bbox 1825 1840 1924 1911; x_wconf 81' lang='grc' dir='ltr'><strong>τὴν</strong></span> 
     </span>
    </p>
   </div>
   <div class='ocr_carea' id='block_1_20' title="bbox 327 1932 1923 2008">
    <p class='ocr_par' dir='ltr' id='par_1_20' title="bbox 327 1932 1923 2008">
     <span class='ocr_line' id='line_1_20' title="bbox 327 1932 1923 2008; baseline -0.003 -19"><span class='ocrx_word' id='word_1_130' title='bbox 327 1935 543 2006; x_wconf 81' lang='grc' dir='ltr'>πληγὴν</span> <span class='ocrx_word' id='word_1_131' title='bbox 573 1936 606 2007; x_wconf 85' lang='grc' dir='ltr'>ἢ</span> <span class='ocrx_word' id='word_1_132' title='bbox 642 1937 719 2008; x_wconf 82' lang='grc' dir='ltr'>μὴ</span> <span class='ocrx_word' id='word_1_133' title='bbox 753 1937 1009 2003; x_wconf 80' lang='grc' dir='ltr'>δέξασθαι</span> <span class='ocrx_word' id='word_1_134' title='bbox 1032 1954 1047 1968; x_wconf 78' lang='grc' dir='ltr'><strong>ο</strong></span> <span class='ocrx_word' id='word_1_135' title='bbox 1077 1940 1125 1990; x_wconf 88' lang='grc' dir='ltr'><strong>εἰ</strong></span> <span class='ocrx_word' id='word_1_136' title='bbox 1164 1937 1274 2006; x_wconf 87' lang='grc' dir='ltr'><strong>γάρ</strong></span> <span class='ocrx_word' id='word_1_137' title='bbox 1328 1953 1411 1989; x_wconf 91' lang='grc' dir='ltr'><strong>τοι</strong></span> <span class='ocrx_word' id='word_1_138' title='bbox 1467 1934 1567 2004; x_wconf 83' lang='grc' dir='ltr'>τὴν</span> <span class='ocrx_word' id='word_1_139' title='bbox 1617 1932 1923 2006; x_wconf 79' lang='grc' dir='ltr'>προσϐολὴν</span> 
     </span>
    </p>
   </div>
   <div class='ocr_carea' id='block_1_21' title="bbox 325 2027 1921 2100">
    <p class='ocr_par' dir='ltr' id='par_1_21' title="bbox 325 2027 1921 2100">
     <span class='ocr_line' id='line_1_21' title="bbox 325 2027 1921 2100; baseline 0.001 -21"><span class='ocrx_word' id='word_1_140' title='bbox 325 2027 718 2098; x_wconf 78' lang='grc' dir='ltr'>εἰσδεξώμεθα,</span> <span class='ocrx_word' id='word_1_141' title='bbox 767 2031 862 2083; x_wconf 72' lang='grc' dir='ltr'><strong>καὶ</strong></span> <span class='ocrx_word' id='word_1_142' title='bbox 895 2029 1102 2100; x_wconf 83' lang='grc' dir='ltr'>ταύτης</span> <span class='ocrx_word' id='word_1_143' title='bbox 1130 2030 1204 2093; x_wconf 82' lang='grc' dir='ltr'>ὡς</span> <span class='ocrx_word' id='word_1_144' title='bbox 1241 2028 1432 2100; x_wconf 84' lang='grc' dir='ltr'>ἀγαθῷ</span> <span class='ocrx_word' id='word_1_145' title='bbox 1482 2047 1588 2083; x_wconf 87' lang='grc' dir='ltr'>τινι</span> <span class='ocrx_word' id='word_1_146' title='bbox 1618 2030 1686 2100; x_wconf 86' lang='grc' dir='ltr'>τῇ</span> <span class='ocrx_word' id='word_1_147' title='bbox 1721 2044 1921 2098; x_wconf 87' lang='grc' dir='ltr'>πικρο-</span> 
     </span>
    </p>
   </div>
   <div class='ocr_carea' id='block_1_22' title="bbox 321 2119 1921 2194">
    <p class='ocr_par' dir='ltr' id='par_1_22' title="bbox 321 2119 1921 2194">
     <span class='ocr_line' id='line_1_22' title="bbox 321 2119 1921 2194; baseline 0.002 -23"><span class='ocrx_word' id='word_1_148' title='bbox 321 2119 462 2192; x_wconf 83' lang='grc' dir='ltr'>τάτῃ</span> <span class='ocrx_word' id='word_1_149' title='bbox 495 2121 812 2192; x_wconf 83' lang='grc' dir='ltr'>θελχθῶμεν</span> <span class='ocrx_word' id='word_1_150' title='bbox 840 2122 1089 2193; x_wconf 81' lang='grc' dir='ltr'>ήδύτητι,</span> <span class='ocrx_word' id='word_1_151' title='bbox 1127 2123 1269 2176; x_wconf 87' lang='grc' dir='ltr'><strong>κατὰ</strong></span> <span class='ocrx_word' id='word_1_152' title='bbox 1297 2121 1492 2194; x_wconf 78' lang='grc' dir='ltr'>μικρὸν</span> <span class='ocrx_word' id='word_1_153' title='bbox 1523 2121 1621 2193; x_wconf 76' lang='grc' dir='ltr'>τὴν</span> <span class='ocrx_word' id='word_1_154' title='bbox 1651 2120 1921 2192; x_wconf 83' lang='grc' dir='ltr'>σηπεδόνα</span> 
     </span>
    </p>
   </div>
   <div class='ocr_carea' id='block_1_23' title="bbox 321 2213 1921 2294">
    <p class='ocr_par' dir='ltr' id='par_1_23' title="bbox 321 2213 1921 2294">
     <span class='ocr_line' id='line_1_23' title="bbox 321 2213 1921 2294; baseline 0.001 -30"><span class='ocrx_word' id='word_1_155' title='bbox 321 2213 431 2266; x_wconf 83' lang='grc' dir='ltr'><strong>τῶν</strong></span> <span class='ocrx_word' id='word_1_156' title='bbox 463 2213 741 2294; x_wconf 65' lang='grc' dir='ltr'>λογιρ-μῶν</span> <span class='ocrx_word' id='word_1_157' title='bbox 773 2213 1128 2281; x_wconf 83' lang='grc' dir='ltr'>ὲπαύξοντες,</span> <span class='ocrx_word' id='word_1_158' title='bbox 1159 2214 1282 2268; x_wconf 90' lang='grc' dir='ltr'>τότε</span> <span class='ocrx_word' id='word_1_159' title='bbox 1330 2214 1516 2267; x_wconf 79' lang='grc' dir='ltr'>λοιπὸν</span> <span class='ocrx_word' id='word_1_160' title='bbox 1542 2213 1775 2277; x_wconf 70' lang='grc' dir='ltr'>καὶτοῖς</span> <span class='ocrx_word' id='word_1_161' title='bbox 1821 2214 1921 2284; x_wconf 81' lang='grc' dir='ltr'><strong>τῆς</strong></span> 
     </span>
    </p>
   </div>
   <div class='ocr_carea' id='block_1_24' title="bbox 325 2305 1922 2381">
    <p class='ocr_par' dir='ltr' id='par_1_24' title="bbox 325 2305 1922 2381">
     <span class='ocr_line' id='line_1_24' title="bbox 325 2305 1922 2381; baseline 0.001 -22"><span class='ocrx_word' id='word_1_162' title='bbox 325 2307 531 2377; x_wconf 79' lang='grc' dir='ltr'>σαρκὸς</span> <span class='ocrx_word' id='word_1_163' title='bbox 567 2307 750 2378; x_wconf 80' lang='grc' dir='ltr'>ἔργοις</span> <span class='ocrx_word' id='word_1_164' title='bbox 784 2305 931 2380; x_wconf 90' lang='lat' dir='ltr'><strong>[cod.</strong></span> <span class='ocrx_word' id='word_1_165' title='bbox 968 2307 1007 2362; x_wconf 82' lang='lat' dir='ltr'><strong>f.</strong></span> <span class='ocrx_word' id='word_1_166' title='bbox 1041 2306 1168 2381; x_wconf 82' lang='lat' dir='ltr'><strong>HG]</strong></span> <span class='ocrx_word' id='word_1_167' title='bbox 1213 2307 1385 2370; x_wconf 81' lang='grc' dir='ltr'>ἀδεῶς</span> <span class='ocrx_word' id='word_1_168' title='bbox 1420 2305 1850 2378; x_wconf 81' lang='grc' dir='ltr'>καταχρώμεθα,</span> <span class='ocrx_word' id='word_1_169' title='bbox 1885 2307 1922 2360; x_wconf 80' lang='grc' dir='ltr'><strong>ἆ</strong></span> 
     </span>
    </p>
   </div>
   <div class='ocr_carea' id='block_1_25' title="bbox 2033 641 3644 720">
    <p class='ocr_par' dir='ltr' id='par_1_25' title="bbox 2033 641 3644 720">
     <span class='ocr_line' id='line_1_25' title="bbox 2033 641 3644 720; baseline 0.009 -28"><span class='ocrx_word' id='word_1_170' title='bbox 2033 655 2150 693; x_wconf 84' lang='lat' dir='ltr'><strong>mus</strong></span> <span class='ocrx_word' id='word_1_171' title='bbox 2173 655 2192 694; x_wconf 89' lang='lat'><strong><em>:</em></strong></span> <span class='ocrx_word' id='word_1_172' title='bbox 2220 657 2450 710; x_wconf 83' lang='lat' dir='ltr'><strong>namque</strong></span> <span class='ocrx_word' id='word_1_173' title='bbox 2477 658 2633 695; x_wconf 85' lang='lat' dir='ltr'><strong>arma</strong></span> <span class='ocrx_word' id='word_1_174' title='bbox 2662 641 2868 697; x_wconf 75' lang='lat' dir='ltr'><strong>militia:</strong></span> <span class='ocrx_word' id='word_1_175' title='bbox 2888 653 3080 700; x_wconf 76' lang='lat' dir='ltr'><strong>nostra:</strong></span> <span class='ocrx_word' id='word_1_176' title='bbox 3111 661 3212 699; x_wconf 88' lang='lat' dir='ltr'><strong>non</strong></span> <span class='ocrx_word' id='word_1_177' title='bbox 3236 650 3476 704; x_wconf 78' lang='lat' dir='ltr'><strong><em>carnalia</em></strong></span> <span class='ocrx_word' id='word_1_178' title='bbox 3497 663 3644 720; x_wconf 80' lang='lat' dir='ltr'><strong>sunt,</strong></span> 
     </span>
    </p>
   </div>
   <div class='ocr_carea' id='block_1_26' title="bbox 2028 731 3643 808">
    <p class='ocr_par' dir='ltr' id='par_1_26' title="bbox 2028 731 3643 808">
     <span class='ocr_line' id='line_1_26' title="bbox 2028 731 3643 808; baseline 0.008 -22"><span class='ocrx_word' id='word_1_179' title='bbox 2028 731 2121 786; x_wconf 77' lang='lat' dir='ltr'><strong>sed</strong></span> <span class='ocrx_word' id='word_1_180' title='bbox 2168 733 2404 800; x_wconf 87' lang='lat' dir='ltr'><strong>potentia</strong></span> <span class='ocrx_word' id='word_1_181' title='bbox 2433 732 2543 787; x_wconf 85' lang='lat' dir='ltr'><strong>Deo</strong></span> <span class='ocrx_word' id='word_1_182' title='bbox 2567 733 2635 788; x_wconf 81' lang='grc'>⁸⁸.</span> <span class='ocrx_word' id='word_1_183' title='bbox 2673 734 2890 788; x_wconf 82' lang='lat' dir='ltr'><strong>Etenim</strong></span> <span class='ocrx_word' id='word_1_184' title='bbox 2923 751 3035 790; x_wconf 92' lang='lat' dir='ltr'><strong>non</strong></span> <span class='ocrx_word' id='word_1_185' title='bbox 3062 736 3299 808; x_wconf 83' lang='lat' dir='ltr'><strong>gladium</strong></span> <span class='ocrx_word' id='word_1_186' title='bbox 3333 749 3428 796; x_wconf 88' lang='lat' dir='ltr'><strong>aut</strong></span> <span class='ocrx_word' id='word_1_187' title='bbox 3451 757 3643 800; x_wconf 85' lang='lat' dir='ltr'><strong>arcum</strong></span> 
     </span>
    </p>
   </div>
   <div class='ocr_carea' id='block_1_27' title="bbox 2031 823 3643 899">
    <p class='ocr_par' dir='ltr' id='par_1_27' title="bbox 2031 823 3643 899">
     <span class='ocr_line' id='line_1_27' title="bbox 2031 823 3643 899; baseline 0.009 -23"><span class='ocrx_word' id='word_1_188' title='bbox 2031 823 2287 878; x_wconf 89' lang='lat' dir='ltr'><strong>manibus</strong></span> <span class='ocrx_word' id='word_1_189' title='bbox 2314 825 2505 880; x_wconf 89' lang='lat' dir='ltr'><strong>tollere</strong></span> <span class='ocrx_word' id='word_1_190' title='bbox 2554 826 2722 896; x_wconf 90' lang='lat' dir='ltr'><strong>jussit</strong></span> <span class='ocrx_word' id='word_1_191' title='bbox 2763 834 2951 881; x_wconf 88' lang='lat' dir='ltr'><strong>contra</strong></span> <span class='ocrx_word' id='word_1_192' title='bbox 3003 838 3272 884; x_wconf 80' lang='lat' dir='ltr'><strong><em>armatam</em></strong></span> <span class='ocrx_word' id='word_1_193' title='bbox 3317 831 3512 899; x_wconf 89' lang='lat' dir='ltr'><strong>aciem,</strong></span> <span class='ocrx_word' id='word_1_194' title='bbox 3544 836 3643 892; x_wconf 88' lang='lat' dir='ltr'><strong>scd</strong></span> 
     </span>
    </p>
   </div>
   <div class='ocr_carea' id='block_1_28' title="bbox 2027 916 3641 998">
    <p class='ocr_par' dir='ltr' id='par_1_28' title="bbox 2027 916 3641 998">
     <span class='ocr_line' id='line_1_28' title="bbox 2027 916 3641 998; baseline 0.007 -26"><span class='ocrx_word' id='word_1_195' title='bbox 2027 916 2474 973; x_wconf 89' lang='lat' dir='ltr'><strong>intellectualitcr</strong></span> <span class='ocrx_word' id='word_1_196' title='bbox 2527 928 2720 975; x_wconf 88' lang='lat' dir='ltr'><strong>contra</strong></span> <span class='ocrx_word' id='word_1_197' title='bbox 2764 921 3116 994; x_wconf 79' lang='lat' dir='ltr'><strong>incorporeas</strong></span> <span class='ocrx_word' id='word_1_198' title='bbox 3152 925 3338 980; x_wconf 89' lang='lat' dir='ltr'><strong>hostes</strong></span> <span class='ocrx_word' id='word_1_199' title='bbox 3392 928 3641 998; x_wconf 67' lang='lat' dir='ltr'><strong>praelium</strong></span> 
     </span>
    </p>
   </div>
   <div class='ocr_carea' id='block_1_29' title="bbox 2026 1009 3636 1087">
    <p class='ocr_par' dir='ltr' id='par_1_29' title="bbox 2026 1009 3636 1087">
     <span class='ocr_line' id='line_1_29' title="bbox 2026 1009 3636 1087; baseline 0.007 -23"><span class='ocrx_word' id='word_1_200' title='bbox 2026 1009 2340 1066; x_wconf 87' lang='lat' dir='ltr'><strong>instruere:</strong></span> <span class='ocrx_word' id='word_1_201' title='bbox 2395 1026 2630 1081; x_wconf 86' lang='lat' dir='ltr'><strong>quorum</strong></span> <span class='ocrx_word' id='word_1_202' title='bbox 2678 1014 2820 1070; x_wconf 90' lang='lat' dir='ltr'><strong>ictus</strong></span> <span class='ocrx_word' id='word_1_203' title='bbox 2861 1015 3005 1071; x_wconf 85' lang='lat' dir='ltr'><strong>haud</strong></span> <span class='ocrx_word' id='word_1_204' title='bbox 3044 1019 3359 1074; x_wconf 89' lang='lat' dir='ltr'><strong>necessario</strong></span> <span class='ocrx_word' id='word_1_205' title='bbox 3403 1019 3636 1087; x_wconf 88' lang='lat' dir='ltr'><strong>feriunt,</strong></span> 
     </span>
    </p>
   </div>
   <div class='ocr_carea' id='block_1_30' title="bbox 2024 1102 3642 1180">
    <p class='ocr_par' dir='ltr' id='par_1_30' title="bbox 2024 1102 3642 1180">
     <span class='ocr_line' id='line_1_30' title="bbox 2024 1102 3642 1180; baseline 0.008 -23"><span class='ocrx_word' id='word_1_206' title='bbox 2024 1102 2117 1157; x_wconf 90' lang='lat' dir='ltr'><strong>sed</strong></span> <span class='ocrx_word' id='word_1_207' title='bbox 2150 1112 2305 1172; x_wconf 88' lang='lat' dir='ltr'><strong>prout</strong></span> <span class='ocrx_word' id='word_1_208' title='bbox 2351 1103 2397 1158; x_wconf 91' lang='lat' dir='ltr'><strong>is</strong></span> <span class='ocrx_word' id='word_1_209' title='bbox 2444 1103 2680 1160; x_wconf 89' lang='lat' dir='ltr'><strong>voluerit</strong></span> <span class='ocrx_word' id='word_1_210' title='bbox 2710 1106 2803 1175; x_wconf 79' lang='lat' dir='ltr'><strong>qui</strong></span> <span class='ocrx_word' id='word_1_211' title='bbox 2854 1108 2924 1162; x_wconf 90' lang='lat' dir='ltr'><strong>ab</strong></span> <span class='ocrx_word' id='word_1_212' title='bbox 2976 1109 3041 1163; x_wconf 93' lang='lat' dir='ltr'><strong>iis</strong></span> <span class='ocrx_word' id='word_1_213' title='bbox 3069 1112 3369 1180; x_wconf 75' lang='lat' dir='ltr'><strong>appetitur.</strong></span> <span class='ocrx_word' id='word_1_214' title='bbox 3435 1113 3496 1167; x_wconf 87' lang='lat' dir='ltr'><strong>ln</strong></span> <span class='ocrx_word' id='word_1_215' title='bbox 3531 1113 3642 1170; x_wconf 88' lang='lat' dir='ltr'><strong>hoc</strong></span> 
     </span>
    </p>
   </div>
   <div class='ocr_carea' id='block_1_31' title="bbox 2023 1195 3630 1275">
    <p class='ocr_par' dir='ltr' id='par_1_31' title="bbox 2023 1195 3630 1275">
     <span class='ocr_line' id='line_1_31' title="bbox 2023 1195 3630 1275; baseline 0.01 -29"><span class='ocrx_word' id='word_1_216' title='bbox 2023 1195 2171 1248; x_wconf 90' lang='lat' dir='ltr'><strong>enim</strong></span> <span class='ocrx_word' id='word_1_217' title='bbox 2204 1211 2234 1249; x_wconf 89' lang='lat' dir='ltr'><strong>a</strong></span> <span class='ocrx_word' id='word_1_218' title='bbox 2282 1197 2658 1266; x_wconf 82' lang='lat' dir='ltr'><strong>corporalibus</strong></span> <span class='ocrx_word' id='word_1_219' title='bbox 2710 1199 2867 1254; x_wconf 87' lang='lat' dir='ltr'><strong>bellis</strong></span> <span class='ocrx_word' id='word_1_220' title='bbox 2901 1200 3211 1257; x_wconf 72' lang='lat' dir='ltr'><strong>differentia</strong></span> <span class='ocrx_word' id='word_1_221' title='bbox 3244 1212 3350 1269; x_wconf 87' lang='lat' dir='ltr'><strong>est,</strong></span> <span class='ocrx_word' id='word_1_222' title='bbox 3393 1206 3540 1275; x_wconf 88' lang='lat' dir='ltr'><strong>quod</strong></span> <span class='ocrx_word' id='word_1_223' title='bbox 3573 1208 3630 1262; x_wconf 91' lang='lat' dir='ltr'><strong>in</strong></span> 
     </span>
    </p>
   </div>
   <div class='ocr_carea' id='block_1_32' title="bbox 2025 1285 3627 1367">
    <p class='ocr_par' dir='ltr' id='par_1_32' title="bbox 2025 1285 3627 1367">
     <span class='ocr_line' id='line_1_32' title="bbox 2025 1285 3627 1367; baseline 0.006 -27"><span class='ocrx_word' id='word_1_224' title='bbox 2025 1285 2112 1340; x_wconf 93' lang='lat' dir='ltr'><strong>his</strong></span> <span class='ocrx_word' id='word_1_225' title='bbox 2133 1286 2327 1341; x_wconf 91' lang='lat' dir='ltr'><strong>nolens</strong></span> <span class='ocrx_word' id='word_1_226' title='bbox 2368 1287 2532 1342; x_wconf 85' lang='lat' dir='ltr'><strong>etiam</strong></span> <span class='ocrx_word' id='word_1_227' title='bbox 2566 1289 3001 1345; x_wconf 80' lang='lat' dir='ltr'><strong>adversariorum</strong></span> <span class='ocrx_word' id='word_1_228' title='bbox 3030 1292 3173 1348; x_wconf 91' lang='lat' dir='ltr'><strong>ictus</strong></span> <span class='ocrx_word' id='word_1_229' title='bbox 3212 1309 3466 1366; x_wconf 82' lang='lat' dir='ltr'><strong>pugnans</strong></span> <span class='ocrx_word' id='word_1_230' title='bbox 3495 1312 3627 1367; x_wconf 88' lang='lat' dir='ltr'><strong>per-</strong></span> 
     </span>
    </p>
   </div>
   <div class='ocr_carea' id='block_1_33' title="bbox 2034 1378 3642 1457">
    <p class='ocr_par' dir='ltr' id='par_1_33' title="bbox 2034 1378 3642 1457">
     <span class='ocr_line' id='line_1_33' title="bbox 2034 1378 3642 1457; baseline 0.009 -26"><span class='ocrx_word' id='word_1_231' title='bbox 2034 1378 2261 1447; x_wconf 88' lang='lat' dir='ltr'><strong>petitur,</strong></span> <span class='ocrx_word' id='word_1_232' title='bbox 2293 1379 2350 1432; x_wconf 91' lang='lat' dir='ltr'><strong>in</strong></span> <span class='ocrx_word' id='word_1_233' title='bbox 2401 1378 2509 1433; x_wconf 91' lang='lat' dir='ltr'><strong>illis</strong></span> <span class='ocrx_word' id='word_1_234' title='bbox 2554 1380 2702 1434; x_wconf 90' lang='lat' dir='ltr'><strong>nulla</strong></span> <span class='ocrx_word' id='word_1_235' title='bbox 2741 1392 2830 1436; x_wconf 91' lang='lat' dir='ltr'><strong>est</strong></span> <span class='ocrx_word' id='word_1_236' title='bbox 2866 1386 3193 1450; x_wconf 82' lang='lat' dir='ltr'><strong>necessitas,</strong></span> <span class='ocrx_word' id='word_1_237' title='bbox 3239 1386 3333 1441; x_wconf 90' lang='lat' dir='ltr'><strong>sed</strong></span> <span class='ocrx_word' id='word_1_238' title='bbox 3360 1388 3642 1457; x_wconf 83' lang='lat' dir='ltr'><strong>jaculatur</strong></span> 
     </span>
    </p>
   </div>
   <div class='ocr_carea' id='block_1_34' title="bbox 2028 1471 3641 1542">
    <p class='ocr_par' dir='ltr' id='par_1_34' title="bbox 2028 1471 3641 1542">
     <span class='ocr_line' id='line_1_34' title="bbox 2028 1471 3641 1542; baseline 0.007 -17"><span class='ocrx_word' id='word_1_239' title='bbox 2028 1471 2252 1542; x_wconf 90' lang='lat' dir='ltr'><strong>quidem</strong></span> <span class='ocrx_word' id='word_1_240' title='bbox 2305 1471 2504 1538; x_wconf 89' lang='lat' dir='ltr'><strong>hostis,</strong></span> <span class='ocrx_word' id='word_1_241' title='bbox 2576 1482 2950 1529; x_wconf 82' lang='lat' dir='ltr'><strong>verumtamen</strong></span> <span class='ocrx_word' id='word_1_242' title='bbox 3007 1486 3191 1531; x_wconf 91' lang='lat' dir='ltr'><strong>utrum</strong></span> <span class='ocrx_word' id='word_1_243' title='bbox 3242 1477 3410 1533; x_wconf 91' lang='lat' dir='ltr'><strong>ictum</strong></span> <span class='ocrx_word' id='word_1_244' title='bbox 3459 1496 3641 1537; x_wconf 86' lang='lat' dir='ltr'><strong>necne</strong></span> 
     </span>
    </p>
   </div>
   <div class='ocr_carea' id='block_1_35' title="bbox 2028 1555 3636 1644">
    <p class='ocr_par' dir='ltr' id='par_1_35' title="bbox 2028 1555 3636 1644">
     <span class='ocr_line' id='line_1_35' title="bbox 2028 1555 3636 1644; baseline 0.006 -24"><span class='ocrx_word' id='word_1_245' title='bbox 2028 1565 2402 1635; x_wconf 76' lang='lat' dir='ltr'><strong>excipiamus,</strong></span> <span class='ocrx_word' id='word_1_246' title='bbox 2431 1565 2593 1620; x_wconf 87' lang='lat' dir='ltr'><strong>liberi</strong></span> <span class='ocrx_word' id='word_1_247' title='bbox 2626 1555 2798 1621; x_wconf 81' lang='lat' dir='ltr'><strong>nostri</strong></span> <span class='ocrx_word' id='word_1_248' title='bbox 2829 1568 3040 1623; x_wconf 85' lang='lat' dir='ltr'><strong>arbitrii</strong></span> <span class='ocrx_word' id='word_1_249' title='bbox 3072 1567 3181 1642; x_wconf 59' lang='lat'><strong>55.</strong></span> <span class='ocrx_word' id='word_1_250' title='bbox 3206 1579 3308 1626; x_wconf 91' lang='lat' dir='ltr'><strong>est.</strong></span> <span class='ocrx_word' id='word_1_251' title='bbox 3335 1570 3390 1626; x_wconf 92' lang='lat' dir='ltr'><strong>Si</strong></span> <span class='ocrx_word' id='word_1_252' title='bbox 3413 1573 3636 1644; x_wconf 88' lang='lat' dir='ltr'><strong>quidem</strong></span> 
     </span>
    </p>
   </div>
   <div class='ocr_carea' id='block_1_36' title="bbox 2029 1658 3636 1737">
    <p class='ocr_par' dir='ltr' id='par_1_36' title="bbox 2029 1658 3636 1737">
     <span class='ocr_line' id='line_1_36' title="bbox 2029 1658 3636 1737; baseline 0.006 -24"><span class='ocrx_word' id='word_1_253' title='bbox 2029 1658 2193 1730; x_wconf 83' lang='lat' dir='ltr'><strong>igitur</strong></span> <span class='ocrx_word' id='word_1_254' title='bbox 2223 1658 2390 1714; x_wconf 89' lang='lat' dir='ltr'><strong>ictum</strong></span> <span class='ocrx_word' id='word_1_255' title='bbox 2419 1674 2520 1714; x_wconf 88' lang='lat' dir='ltr'><strong>ceu</strong></span> <span class='ocrx_word' id='word_1_256' title='bbox 2566 1659 2782 1732; x_wconf 78' lang='lat' dir='ltr'><strong>plagam</strong></span> <span class='ocrx_word' id='word_1_257' title='bbox 2823 1663 3227 1732; x_wconf 81' lang='lat' dir='ltr'><strong>exceperimus,</strong></span> <span class='ocrx_word' id='word_1_258' title='bbox 3267 1674 3432 1736; x_wconf 89' lang='lat' dir='ltr'><strong>atque</strong></span> <span class='ocrx_word' id='word_1_259' title='bbox 3464 1667 3636 1737; x_wconf 86' lang='lat' dir='ltr'><strong>hujus</strong></span> 
     </span>
    </p>
   </div>
   <div class='ocr_carea' id='block_1_37' title="bbox 2028 1752 3629 1826">
    <p class='ocr_par' dir='ltr' id='par_1_37' title="bbox 2028 1752 3629 1826">
     <span class='ocr_line' id='line_1_37' title="bbox 2028 1752 3629 1826; baseline 0.007 -22"><span class='ocrx_word' id='word_1_260' title='bbox 2028 1766 2315 1822; x_wconf 87' lang='lat' dir='ltr'><strong>peramara</strong></span> <span class='ocrx_word' id='word_1_261' title='bbox 2361 1752 2655 1807; x_wconf 88' lang='lat' dir='ltr'><strong>dulcedine</strong></span> <span class='ocrx_word' id='word_1_262' title='bbox 2720 1768 2824 1808; x_wconf 90' lang='lat' dir='ltr'><strong>ceu</strong></span> <span class='ocrx_word' id='word_1_263' title='bbox 2883 1755 3030 1810; x_wconf 90' lang='lat' dir='ltr'><strong>bono</strong></span> <span class='ocrx_word' id='word_1_264' title='bbox 3079 1757 3319 1826; x_wconf 87' lang='lat' dir='ltr'><strong>quodam</strong></span> <span class='ocrx_word' id='word_1_265' title='bbox 3369 1759 3629 1816; x_wconf 83' lang='lat' dir='ltr'><strong>delectati</strong></span> 
     </span>
    </p>
   </div>
   <div class='ocr_carea' id='block_1_38' title="bbox 2032 1844 3630 1920">
    <p class='ocr_par' dir='ltr' id='par_1_38' title="bbox 2032 1844 3630 1920">
     <span class='ocr_line' id='line_1_38' title="bbox 2032 1844 3630 1920; baseline 0.006 -21"><span class='ocrx_word' id='word_1_266' title='bbox 2032 1844 2322 1910; x_wconf 82' lang='lat' dir='ltr'><strong>fuerimus,</strong></span> <span class='ocrx_word' id='word_1_267' title='bbox 2356 1846 2755 1917; x_wconf 87' lang='lat' dir='ltr'><strong>cogitationum</strong></span> <span class='ocrx_word' id='word_1_268' title='bbox 2803 1849 2958 1902; x_wconf 85' lang='lat' dir='ltr'><strong>sanie</strong></span> <span class='ocrx_word' id='word_1_269' title='bbox 2992 1848 3257 1917; x_wconf 86' lang='lat' dir='ltr'><strong>paulatim</strong></span> <span class='ocrx_word' id='word_1_270' title='bbox 3285 1861 3468 1920; x_wconf 89' lang='lat' dir='ltr'><strong>aucta,</strong></span> <span class='ocrx_word' id='word_1_271' title='bbox 3501 1868 3630 1908; x_wconf 79' lang='lat' dir='ltr'><strong>mox</strong></span> 
     </span>
    </p>
   </div>
   <div class='ocr_carea' id='block_1_39' title="bbox 2031 1936 3634 2010">
    <p class='ocr_par' dir='ltr' id='par_1_39' title="bbox 2031 1936 3634 2010">
     <span class='ocr_line' id='line_1_39' title="bbox 2031 1936 3634 2010; baseline 0.004 -19"><span class='ocrx_word' id='word_1_272' title='bbox 2031 1936 2346 1992; x_wconf 86' lang='lat' dir='ltr'><strong>carnalibus</strong></span> <span class='ocrx_word' id='word_1_273' title='bbox 2378 1936 2637 2007; x_wconf 89' lang='lat' dir='ltr'><strong>operibus</strong></span> <span class='ocrx_word' id='word_1_274' title='bbox 2671 1953 2769 2008; x_wconf 92' lang='lat' dir='ltr'><strong>pro</strong></span> <span class='ocrx_word' id='word_1_275' title='bbox 2800 1937 2954 1992; x_wconf 92' lang='lat' dir='ltr'><strong>Iibito</strong></span> <span class='ocrx_word' id='word_1_276' title='bbox 2975 1937 3287 2005; x_wconf 89' lang='lat' dir='ltr'><strong>abutemur,</strong></span> <span class='ocrx_word' id='word_1_277' title='bbox 3319 1941 3634 2010; x_wconf 88' lang='lat' dir='ltr'><strong>cujusmodi</strong></span> 
     </span>
    </p>
   </div>
   <div class='ocr_carea' id='block_1_40' title="bbox 2031 2030 3637 2103">
    <p class='ocr_par' dir='ltr' id='par_1_40' title="bbox 2031 2030 3637 2103">
     <span class='ocr_line' id='line_1_40' title="bbox 2031 2030 3637 2103; baseline 0.003 -19"><span class='ocrx_word' id='word_1_278' title='bbox 2031 2039 2162 2084; x_wconf 92' lang='lat' dir='ltr'><strong>sunt</strong></span> <span class='ocrx_word' id='word_1_279' title='bbox 2207 2030 2622 2098; x_wconf 83' lang='lat' dir='ltr'><strong>fornicationes,</strong></span> <span class='ocrx_word' id='word_1_280' title='bbox 2668 2031 2959 2099; x_wconf 89' lang='lat' dir='ltr'><strong>adulteria,</strong></span> <span class='ocrx_word' id='word_1_281' title='bbox 3016 2041 3072 2087; x_wconf 91' lang='lat' dir='ltr'><strong>et</strong></span> <span class='ocrx_word' id='word_1_282' title='bbox 3121 2032 3329 2103; x_wconf 88' lang='lat' dir='ltr'><strong>reliqua</strong></span> <span class='ocrx_word' id='word_1_283' title='bbox 3372 2034 3637 2103; x_wconf 85' lang='lat' dir='ltr'><strong>nequitiae</strong></span> 
     </span>
    </p>
   </div>
   <div class='ocr_carea' id='block_1_41' title="bbox 2030 2123 3638 2198">
    <p class='ocr_par' dir='ltr' id='par_1_41' title="bbox 2030 2123 3638 2198">
     <span class='ocr_line' id='line_1_41' title="bbox 2030 2123 3638 2198; baseline 0.004 -22"><span class='ocrx_word' id='word_1_284' title='bbox 2030 2138 2250 2194; x_wconf 88' lang='lat' dir='ltr'><strong>genera.</strong></span> <span class='ocrx_word' id='word_1_285' title='bbox 2305 2123 2352 2176; x_wconf 88' lang='lat' dir='ltr'><strong>A</strong></span> <span class='ocrx_word' id='word_1_286' title='bbox 2396 2124 2596 2194; x_wconf 89' lang='lat' dir='ltr'><strong>quibus</strong></span> <span class='ocrx_word' id='word_1_287' title='bbox 2635 2140 2768 2180; x_wconf 87' lang='lat' dir='ltr'><strong>sane</strong></span> <span class='ocrx_word' id='word_1_288' title='bbox 2817 2140 3076 2197; x_wconf 81' lang='lat' dir='ltr'><strong>rogemus</strong></span> <span class='ocrx_word' id='word_1_289' title='bbox 3125 2124 3414 2182; x_wconf 86' lang='lat' dir='ltr'><strong>Dominum</strong></span> <span class='ocrx_word' id='word_1_290' title='bbox 3449 2136 3509 2183; x_wconf 85' lang='lat' dir='ltr'><strong>nt</strong></span> <span class='ocrx_word' id='word_1_291' title='bbox 3536 2143 3638 2198; x_wconf 84' lang='lat' dir='ltr'><strong>per</strong></span> 
     </span>
    </p>
   </div>
   <div class='ocr_carea' id='block_1_42' title="bbox 2031 2216 3636 2292">
    <p class='ocr_par' dir='ltr' id='par_1_42' title="bbox 2031 2216 3636 2292">
     <span class='ocr_line' id='line_1_42' title="bbox 2031 2216 3636 2292; baseline 0.002 -21"><span class='ocrx_word' id='word_1_292' title='bbox 2031 2216 2415 2286; x_wconf 71' lang='lat' dir='ltr'><strong>paenitentiam</strong></span> <span class='ocrx_word' id='word_1_293' title='bbox 2441 2232 2545 2272; x_wconf 91' lang='lat' dir='ltr'><strong>nos</strong></span> <span class='ocrx_word' id='word_1_294' title='bbox 2589 2217 2809 2289; x_wconf 89' lang='lat' dir='ltr'><strong>eripiat,</strong></span> <span class='ocrx_word' id='word_1_295' title='bbox 2842 2228 3048 2275; x_wconf 70' lang='lat' dir='ltr'><strong>nostra:</strong></span> <span class='ocrx_word' id='word_1_296' title='bbox 3099 2219 3262 2275; x_wconf 88' lang='lat' dir='ltr'><strong>simul</strong></span> <span class='ocrx_word' id='word_1_297' title='bbox 3297 2235 3477 2292; x_wconf 86' lang='lat' dir='ltr'><strong>operae</strong></span> <span class='ocrx_word' id='word_1_298' title='bbox 3507 2236 3636 2291; x_wconf 89' lang='lat' dir='ltr'><strong>par-</strong></span> 
     </span>
    </p>
   </div>
   <div class='ocr_carea' id='block_1_43' title="bbox 2033 2307 3013 2367">
    <p class='ocr_par' dir='ltr' id='par_1_43' title="bbox 2033 2307 3013 2367">
     <span class='ocr_line' id='line_1_43' title="bbox 2033 2307 3013 2367; baseline 0.003 -5"><span class='ocrx_word' id='word_1_299' title='bbox 2033 2317 2142 2363; x_wconf 90' lang='lat' dir='ltr'><strong>tem</strong></span> <span class='ocrx_word' id='word_1_300' title='bbox 2177 2307 2431 2364; x_wconf 89' lang='lat' dir='ltr'><strong>conferre</strong></span> <span class='ocrx_word' id='word_1_301' title='bbox 2463 2325 2572 2364; x_wconf 89' lang='lat' dir='ltr'><strong>non</strong></span> <span class='ocrx_word' id='word_1_302' title='bbox 2614 2310 3013 2367; x_wconf 86' lang='lat' dir='ltr'><strong>detrectantes.</strong></span> 
     </span>
    </p>
   </div>
   <div class='ocr_carea' id='block_1_44' title="bbox 320 2397 3637 2482">
    <p class='ocr_par' dir='ltr' id='par_1_44' title="bbox 320 2397 3637 2482">
     <span class='ocr_line' id='line_1_44' title="bbox 320 2397 3637 2482; baseline 0.003 -29"><span class='ocrx_word' id='word_1_303' title='bbox 320 2402 447 2455; x_wconf 88' lang='grc' dir='ltr'>τινά</span> <span class='ocrx_word' id='word_1_304' title='bbox 471 2403 577 2455; x_wconf 79' lang='grc' dir='ltr'>εἱσι</span> <span class='ocrx_word' id='word_1_305' title='bbox 600 2405 870 2472; x_wconf 87' lang='grc' dir='ltr'>πορνεῖαι,</span> <span class='ocrx_word' id='word_1_306' title='bbox 904 2405 1164 2474; x_wconf 78' lang='grc' dir='ltr'>μοιχεῖαι,</span> <span class='ocrx_word' id='word_1_307' title='bbox 1188 2407 1284 2458; x_wconf 77' lang='grc' dir='ltr'><strong>καὶ</strong></span> <span class='ocrx_word' id='word_1_308' title='bbox 1314 2405 1384 2459; x_wconf 89' lang='grc' dir='ltr'><strong>τά</strong></span> <span class='ocrx_word' id='word_1_309' title='bbox 1406 2404 1568 2458; x_wconf 79' lang='grc' dir='ltr'>λοιπά</span> <span class='ocrx_word' id='word_1_310' title='bbox 1596 2403 1695 2473; x_wconf 83' lang='grc' dir='ltr'><strong>τῆς</strong></span> <span class='ocrx_word' id='word_1_311' title='bbox 1734 2402 1937 2468; x_wconf 77' lang='grc' dir='ltr'>κακίας</span> <span class='ocrx_word' id='word_1_312' title='bbox 1985 2403 2102 2476; x_wconf 74' lang='grc' dir='ltr'>εἴδη</span> <span class='ocrx_word' id='word_1_313' title='bbox 2129 2420 2144 2435; x_wconf 84' lang='grc'>⁶</span> <span class='ocrx_word' id='word_1_314' title='bbox 2200 2397 2388 2476; x_wconf 85' lang='grc' dir='ltr'>ὧνπερ</span> <span class='ocrx_word' id='word_1_315' title='bbox 2436 2404 2725 2477; x_wconf 81' lang='grc' dir='ltr'>εὐξώμεθα</span> <span class='ocrx_word' id='word_1_316' title='bbox 2781 2406 2975 2478; x_wconf 88' lang='grc' dir='ltr'>Κυρίῳ</span> <span class='ocrx_word' id='word_1_317' title='bbox 3015 2405 3094 2480; x_wconf 83' lang='grc' dir='ltr'>τῷ</span> <span class='ocrx_word' id='word_1_318' title='bbox 3135 2407 3257 2480; x_wconf 82' lang='grc' dir='ltr'><strong>Θεῷ</strong></span> <span class='ocrx_word' id='word_1_319' title='bbox 3321 2408 3412 2463; x_wconf 90' lang='grc' dir='ltr'><strong>διά</strong></span> <span class='ocrx_word' id='word_1_320' title='bbox 3467 2426 3637 2482; x_wconf 83' lang='grc' dir='ltr'>μετα-</span> 
     </span>
    </p>
   </div>
   <div class='ocr_carea' id='block_1_45' title="bbox 322 2494 1914 2570">
    <p class='ocr_par' dir='ltr' id='par_1_45' title="bbox 322 2494 1914 2570">
     <span class='ocr_line' id='line_1_45' title="bbox 322 2494 1914 2570; baseline 0.003 -21"><span class='ocrx_word' id='word_1_321' title='bbox 322 2494 474 2558; x_wconf 79' lang='grc' dir='ltr'>νοίας</span> <span class='ocrx_word' id='word_1_322' title='bbox 507 2498 792 2566; x_wconf 74' lang='grc' dir='ltr'>ρυσθῆναι,</span> <span class='ocrx_word' id='word_1_323' title='bbox 822 2499 915 2551; x_wconf 79' lang='grc' dir='ltr'><strong>καὶ</strong></span> <span class='ocrx_word' id='word_1_324' title='bbox 947 2498 1014 2551; x_wconf 74' lang='grc' dir='ltr'><strong>τὰ</strong></span> <span class='ocrx_word' id='word_1_325' title='bbox 1042 2499 1172 2570; x_wconf 85' lang='grc' dir='ltr'>παρ’</span> <span class='ocrx_word' id='word_1_326' title='bbox 1196 2498 1410 2553; x_wconf 83' lang='grc' dir='ltr'>ἑαυτῶν</span> <span class='ocrx_word' id='word_1_327' title='bbox 1440 2498 1914 2568; x_wconf 71' lang='grc' dir='ltr'>συνεισφέροντες.</span> 
     </span>
    </p>
   </div>
   <div class='ocr_carea' id='block_1_46' title="bbox 400 2587 1923 2667">
    <p class='ocr_par' dir='ltr' id='par_1_46' title="bbox 400 2587 1923 2667">
     <span class='ocr_line' id='line_1_46' title="bbox 400 2587 1923 2667; baseline 0.002 -22"><span class='ocrx_word' id='word_1_328' title='bbox 400 2594 474 2646; x_wconf 90' lang='lat' dir='ltr'><strong>Z&#39;.</strong></span> <span class='ocrx_word' id='word_1_329' title='bbox 508 2593 569 2644; x_wconf 74' lang='lat' dir='ltr'><strong>Et</strong></span> <span class='ocrx_word' id='word_1_330' title='bbox 595 2592 641 2646; x_wconf 85' lang='grc' dir='ltr'>δ’</span> <span class='ocrx_word' id='word_1_331' title='bbox 670 2587 738 2646; x_wconf 84' lang='grc' dir='ltr'><strong>αὖ</strong></span> <span class='ocrx_word' id='word_1_332' title='bbox 778 2610 842 2661; x_wconf 87' lang='grc' dir='ltr'><strong>γε</strong></span> <span class='ocrx_word' id='word_1_333' title='bbox 889 2597 955 2666; x_wconf 86' lang='grc' dir='ltr'>τῇ</span> <span class='ocrx_word' id='word_1_334' title='bbox 995 2594 1274 2667; x_wconf 83' lang='grc' dir='ltr'>συμϐουλῇ</span> <span class='ocrx_word' id='word_1_335' title='bbox 1308 2594 1404 2648; x_wconf 83' lang='grc' dir='ltr'>τοῦ</span> <span class='ocrx_word' id='word_1_336' title='bbox 1438 2595 1612 2649; x_wconf 87' lang='grc' dir='ltr'>δολίου</span> <span class='ocrx_word' id='word_1_337' title='bbox 1656 2594 1791 2666; x_wconf 81' lang='grc' dir='ltr'>μηδὲ</span> <span class='ocrx_word' id='word_1_338' title='bbox 1823 2594 1923 2665; x_wconf 85' lang='grc' dir='ltr'><strong>τὴν</strong></span> 
     </span>
    </p>
   </div>
   <div class='ocr_carea' id='block_1_47' title="bbox 323 2685 1923 2759">
    <p class='ocr_par' dir='ltr' id='par_1_47' title="bbox 323 2685 1923 2759">
     <span class='ocr_line' id='line_1_47' title="bbox 323 2685 1923 2759; baseline 0.001 -21"><span class='ocrx_word' id='word_1_339' title='bbox 323 2685 498 2756; x_wconf 83' lang='grc' dir='ltr'>ἀκοὴν</span> <span class='ocrx_word' id='word_1_340' title='bbox 530 2686 883 2758; x_wconf 87' lang='grc' dir='ltr'>ὑποσχῶμεν,</span> <span class='ocrx_word' id='word_1_341' title='bbox 925 2688 1226 2758; x_wconf 85' lang='grc' dir='ltr'>προσϐαλεί</span> <span class='ocrx_word' id='word_1_342' title='bbox 1276 2687 1372 2758; x_wconf 80' lang='grc' dir='ltr'><strong>μὲν</strong></span> <span class='ocrx_word' id='word_1_343' title='bbox 1419 2686 1497 2751; x_wconf 85' lang='grc' dir='ltr'>ὡς</span> <span class='ocrx_word' id='word_1_344' title='bbox 1544 2687 1626 2759; x_wconf 81' lang='grc' dir='ltr'><strong>τῷ</strong></span> <span class='ocrx_word' id='word_1_345' title='bbox 1673 2686 1793 2757; x_wconf 84' lang='grc' dir='ltr'><strong>Θεῴ</strong></span> <span class='ocrx_word' id='word_1_346' title='bbox 1828 2687 1923 2739; x_wconf 74' lang='grc' dir='ltr'><strong>καὶ</strong></span> 
     </span>
    </p>
   </div>
   <div class='ocr_carea' id='block_1_48' title="bbox 327 2778 1924 2852">
    <p class='ocr_par' dir='ltr' id='par_1_48' title="bbox 327 2778 1924 2852">
     <span class='ocr_line' id='line_1_48' title="bbox 327 2778 1924 2852; baseline 0.001 -20"><span class='ocrx_word' id='word_1_347' title='bbox 327 2779 488 2850; x_wconf 84' lang='grc' dir='ltr'>Λόγῳ</span> <span class='ocrx_word' id='word_1_348' title='bbox 523 2779 766 2852; x_wconf 88' lang='grc' dir='ltr'>τρισσῶς</span> <span class='ocrx_word' id='word_1_349' title='bbox 789 2783 817 2834; x_wconf 91' lang='lat'><strong>6</strong></span> <span class='ocrx_word' id='word_1_350' title='bbox 843 2779 1129 2851; x_wconf 84' lang='grc' dir='ltr'>πολέμιος,</span> <span class='ocrx_word' id='word_1_351' title='bbox 1160 2780 1559 2851; x_wconf 71' lang='grc' dir='ltr'>ἀποκρουσθεὶς</span> <span class='ocrx_word' id='word_1_352' title='bbox 1585 2780 1631 2832; x_wconf 91' lang='grc' dir='ltr'>δ’</span> <span class='ocrx_word' id='word_1_353' title='bbox 1651 2779 1744 2850; x_wconf 85' lang='grc' dir='ltr'>ὑφ’</span> <span class='ocrx_word' id='word_1_354' title='bbox 1766 2778 1924 2850; x_wconf 82' lang='grc' dir='ltr'>ἡμῶν</span> 
     </span>
    </p>
   </div>
   <div class='ocr_carea' id='block_1_49' title="bbox 325 2869 1924 2942">
    <p class='ocr_par' dir='ltr' id='par_1_49' title="bbox 325 2869 1924 2942">
     <span class='ocr_line' id='line_1_49' title="bbox 325 2869 1924 2942; baseline 0.003 -20"><span class='ocrx_word' id='word_1_355' title='bbox 325 2872 454 2932; x_wconf 88' lang='grc' dir='ltr'>ταῖς</span> <span class='ocrx_word' id='word_1_356' title='bbox 487 2869 847 2941; x_wconf 81' lang='grc' dir='ltr'>θεοφράστοις</span> <span class='ocrx_word' id='word_1_357' title='bbox 875 2871 1210 2941; x_wconf 70' lang='grc' dir='ltr'>ἀποφάσεσι,</span> <span class='ocrx_word' id='word_1_358' title='bbox 1253 2875 1281 2925; x_wconf 87' lang='lat'><strong>6</strong></span> <span class='ocrx_word' id='word_1_359' title='bbox 1318 2872 1418 2942; x_wconf 84' lang='grc' dir='ltr'>μὲν</span> <span class='ocrx_word' id='word_1_360' title='bbox 1452 2870 1696 2924; x_wconf 79' lang='grc' dir='ltr'>ἐκποδὼν</span> <span class='ocrx_word' id='word_1_361' title='bbox 1729 2873 1786 2924; x_wconf 84' lang='grc' dir='ltr'>ὲν</span> <span class='ocrx_word' id='word_1_362' title='bbox 1826 2873 1924 2926; x_wconf 89' lang='grc' dir='ltr'>ἀν-</span> 
     </span>
    </p>
   </div>
   <div class='ocr_carea' id='block_1_50' title="bbox 328 2961 1924 3036">
    <p class='ocr_par' dir='ltr' id='par_1_50' title="bbox 328 2961 1924 3036">
     <span class='ocr_line' id='line_1_50' title="bbox 328 2961 1924 3036; baseline 0.001 -22"><span class='ocrx_word' id='word_1_363' title='bbox 328 2961 512 3032; x_wconf 86' lang='grc' dir='ltr'>ύδροις</span> <span class='ocrx_word' id='word_1_364' title='bbox 543 2963 733 3026; x_wconf 85' lang='grc' dir='ltr'>τόποις</span> <span class='ocrx_word' id='word_1_365' title='bbox 768 2964 860 3017; x_wconf 72' lang='grc' dir='ltr'><strong>καὶ</strong></span> <span class='ocrx_word' id='word_1_366' title='bbox 913 2964 1100 3035; x_wconf 83' lang='grc' dir='ltr'>ξηροῖς</span> <span class='ocrx_word' id='word_1_367' title='bbox 1130 2963 1281 3028; x_wconf 84' lang='grc' dir='ltr'>θείας</span> <span class='ocrx_word' id='word_1_368' title='bbox 1310 2964 1576 3036; x_wconf 74' lang='grc' dir='ltr'>ἐπιρροῆς</span> <span class='ocrx_word' id='word_1_369' title='bbox 1608 2963 1924 3034; x_wconf 84' lang='grc' dir='ltr'>ἀπελασθή-</span> 
     </span>
    </p>
   </div>
   <div class='ocr_carea' id='block_1_51' title="bbox 329 3055 1926 3128">
    <p class='ocr_par' dir='ltr' id='par_1_51' title="bbox 329 3055 1926 3128">
     <span class='ocr_line' id='line_1_51' title="bbox 329 3055 1926 3128; baseline -0.001 -21"><span class='ocrx_word' id='word_1_370' title='bbox 329 3071 523 3109; x_wconf 77' lang='grc' dir='ltr'>σεταιο</span> <span class='ocrx_word' id='word_1_371' title='bbox 570 3057 732 3127; x_wconf 84' lang='grc' dir='ltr'>ἡμεῖς</span> <span class='ocrx_word' id='word_1_372' title='bbox 760 3056 816 3110; x_wconf 87' lang='grc' dir='ltr'>δὲ</span> <span class='ocrx_word' id='word_1_373' title='bbox 866 3060 931 3128; x_wconf 82' lang='grc' dir='ltr'>τῇ</span> <span class='ocrx_word' id='word_1_374' title='bbox 968 3057 1078 3111; x_wconf 90' lang='grc' dir='ltr'><strong>τῶν</strong></span> <span class='ocrx_word' id='word_1_375' title='bbox 1122 3058 1297 3126; x_wconf 86' lang='grc' dir='ltr'>ἁγίων</span> <span class='ocrx_word' id='word_1_376' title='bbox 1328 3057 1579 3125; x_wconf 85' lang='grc' dir='ltr'>ἀγγέλων</span> <span class='ocrx_word' id='word_1_377' title='bbox 1630 3055 1926 3127; x_wconf 77' lang='grc' dir='ltr'>ἐπιστασία</span> 
     </span>
    </p>
   </div>
   <div class='ocr_carea' id='block_1_52' title="bbox 322 3145 1924 3222">
    <p class='ocr_par' dir='ltr' id='par_1_52' title="bbox 322 3145 1924 3222">
     <span class='ocr_line' id='line_1_52' title="bbox 322 3145 1924 3222; baseline -0.001 -22"><span class='ocrx_word' id='word_1_378' title='bbox 322 3145 407 3217; x_wconf 84' lang='grc' dir='ltr'>τῷ</span> <span class='ocrx_word' id='word_1_379' title='bbox 436 3146 568 3217; x_wconf 88' lang='grc' dir='ltr'>θείῳ</span> <span class='ocrx_word' id='word_1_380' title='bbox 600 3148 697 3202; x_wconf 73' lang='grc' dir='ltr'>καὶ</span> <span class='ocrx_word' id='word_1_381' title='bbox 751 3149 973 3222; x_wconf 82' lang='grc' dir='ltr'>ζωτικῷ</span> <span class='ocrx_word' id='word_1_382' title='bbox 1022 3149 1119 3203; x_wconf 75' lang='grc' dir='ltr'><strong>καὶ</strong></span> <span class='ocrx_word' id='word_1_383' title='bbox 1149 3150 1388 3222; x_wconf 79' lang='grc' dir='ltr'>οὐρανίῳ</span> <span class='ocrx_word' id='word_1_384' title='bbox 1419 3148 1718 3220; x_wconf 70' lang='grc' dir='ltr'>τραφέντες</span> <span class='ocrx_word' id='word_1_385' title='bbox 1753 3148 1924 3218; x_wconf 74' lang='grc' dir='ltr'>ἄρτῳ,</span> 
     </span>
    </p>
   </div>
   <div class='ocr_carea' id='block_1_53' title="bbox 325 3240 1924 3314">
    <p class='ocr_par' dir='ltr' id='par_1_53' title="bbox 325 3240 1924 3314">
     <span class='ocr_line' id='line_1_53' title="bbox 325 3240 1924 3314; baseline 0.001 -21"><span class='ocrx_word' id='word_1_386' title='bbox 325 3240 473 3294; x_wconf 82' lang='grc' dir='ltr'>κατὰ</span> <span class='ocrx_word' id='word_1_387' title='bbox 512 3241 712 3313; x_wconf 84' lang='grc' dir='ltr'>μικρὸν</span> <span class='ocrx_word' id='word_1_388' title='bbox 763 3246 829 3314; x_wconf 83' lang='grc' dir='ltr'>τῇ</span> <span class='ocrx_word' id='word_1_389' title='bbox 873 3246 1221 3314; x_wconf 83' lang='grc' dir='ltr'>πνευματικῇ</span> <span class='ocrx_word' id='word_1_390' title='bbox 1258 3243 1448 3314; x_wconf 78' lang='grc' dir='ltr'>ἡλικίᾳ</span> <span class='ocrx_word' id='word_1_391' title='bbox 1501 3242 1924 3312; x_wconf 77' lang='grc' dir='ltr'>ὲπαυξούμενοι,</span> 
     </span>
    </p>
   </div>
   <div class='ocr_carea' id='block_1_54' title="bbox 323 3333 1926 3407">
    <p class='ocr_par' dir='ltr' id='par_1_54' title="bbox 323 3333 1926 3407">
     <span class='ocr_line' id='line_1_54' title="bbox 323 3333 1926 3407; baseline 0 -21"><span class='ocrx_word' id='word_1_392' title='bbox 323 3337 408 3397; x_wconf 88' lang='grc' dir='ltr'><strong>εἰς</strong></span> <span class='ocrx_word' id='word_1_393' title='bbox 466 3334 665 3405; x_wconf 82' lang='grc' dir='ltr'>μέτρον</span> <span class='ocrx_word' id='word_1_394' title='bbox 711 3335 932 3406; x_wconf 82' lang='grc' dir='ltr'>ἡλικίας</span> <span class='ocrx_word' id='word_1_395' title='bbox 980 3335 1076 3388; x_wconf 79' lang='grc' dir='ltr'>τοῦ</span> <span class='ocrx_word' id='word_1_396' title='bbox 1127 3335 1499 3406; x_wconf 79' lang='grc' dir='ltr'>πληρώματος</span> <span class='ocrx_word' id='word_1_397' title='bbox 1545 3336 1640 3388; x_wconf 83' lang='grc' dir='ltr'>τοῦ</span> <span class='ocrx_word' id='word_1_398' title='bbox 1687 3333 1926 3407; x_wconf 82' lang='grc' dir='ltr'>Χριστοῦ</span> 
     </span>
    </p>
   </div>
   <div class='ocr_carea' id='block_1_55' title="bbox 322 3427 1925 3499">
    <p class='ocr_par' dir='ltr' id='par_1_55' title="bbox 322 3427 1925 3499">
     <span class='ocr_line' id='line_1_55' title="bbox 322 3427 1925 3499; baseline 0.001 -21"><span class='ocrx_word' id='word_1_399' title='bbox 322 3427 683 3498; x_wconf 80' lang='grc' dir='ltr'>ἐλευσόμεθα,</span> <span class='ocrx_word' id='word_1_400' title='bbox 715 3430 829 3491; x_wconf 84' lang='grc' dir='ltr'>τοῖς</span> <span class='ocrx_word' id='word_1_401' title='bbox 857 3431 1090 3499; x_wconf 79' lang='grc' dir='ltr'>καρποῖς</span> <span class='ocrx_word' id='word_1_402' title='bbox 1124 3428 1219 3481; x_wconf 81' lang='grc' dir='ltr'>τοῦ</span> <span class='ocrx_word' id='word_1_403' title='bbox 1277 3428 1592 3498; x_wconf 77' lang='grc' dir='ltr'>Πνεύματος</span> <span class='ocrx_word' id='word_1_404' title='bbox 1628 3427 1925 3496; x_wconf 82' lang='grc' dir='ltr'>στεφανού-</span> 
     </span>
    </p>
   </div>
   <div class='ocr_carea' id='block_1_56' title="bbox 327 3519 1923 3593">
    <p class='ocr_par' dir='ltr' id='par_1_56' title="bbox 327 3519 1923 3593">
     <span class='ocr_line' id='line_1_56' title="bbox 327 3519 1923 3593; baseline 0.001 -22"><span class='ocrx_word' id='word_1_405' title='bbox 327 3536 504 3590; x_wconf 84' lang='grc' dir='ltr'>μενοι,</span> <span class='ocrx_word' id='word_1_406' title='bbox 549 3520 748 3585; x_wconf 84' lang='grc' dir='ltr'>οἴτινές</span> <span class='ocrx_word' id='word_1_407' title='bbox 775 3523 914 3576; x_wconf 84' lang='grc' dir='ltr'>εἰσιν</span> <span class='ocrx_word' id='word_1_408' title='bbox 945 3521 1158 3592; x_wconf 83' lang='grc' dir='ltr'>ἀγάπη,</span> <span class='ocrx_word' id='word_1_409' title='bbox 1193 3521 1357 3593; x_wconf 78' lang='grc' dir='ltr'>χαρά,</span> <span class='ocrx_word' id='word_1_410' title='bbox 1389 3522 1603 3592; x_wconf 83' lang='grc' dir='ltr'>εἰρήνη,</span> <span class='ocrx_word' id='word_1_411' title='bbox 1646 3519 1923 3592; x_wconf 82' lang='grc' dir='ltr'>μακροθυ-</span> 
     </span>
    </p>
   </div>
   <div class='ocr_carea' id='block_1_57' title="bbox 324 3607 1917 3686">
    <p class='ocr_par' dir='ltr' id='par_1_57' title="bbox 324 3607 1917 3686">
     <span class='ocr_line' id='line_1_57' title="bbox 324 3607 1917 3686; baseline 0.003 -25"><span class='ocrx_word' id='word_1_412' title='bbox 324 3613 450 3680; x_wconf 87' lang='grc' dir='ltr'>μία,</span> <span class='ocrx_word' id='word_1_413' title='bbox 482 3613 810 3686; x_wconf 73' lang='grc' dir='ltr'>χρηστότης,</span> <span class='ocrx_word' id='word_1_414' title='bbox 836 3613 1190 3683; x_wconf 80' lang='grc' dir='ltr'>ἀγαθωσύνη,</span> <span class='ocrx_word' id='word_1_415' title='bbox 1215 3613 1339 3668; x_wconf 85' lang='grc' dir='ltr'>καθ’</span> <span class='ocrx_word' id='word_1_416' title='bbox 1359 3607 1434 3668; x_wconf 83' lang='grc' dir='ltr'>ὧν</span> <span class='ocrx_word' id='word_1_417' title='bbox 1458 3615 1558 3666; x_wconf 75' lang='grc' dir='ltr'><strong>οὐκ</strong></span> <span class='ocrx_word' id='word_1_418' title='bbox 1588 3612 1704 3666; x_wconf 78' lang='grc' dir='ltr'>ἔστι</span> <span class='ocrx_word' id='word_1_419' title='bbox 1730 3613 1917 3683; x_wconf 77' lang='grc' dir='ltr'>νόμος⁸</span> 
     </span>
    </p>
   </div>
   <div class='ocr_carea' id='block_1_58' title="bbox 320 3703 1919 3776">
    <p class='ocr_par' dir='ltr' id='par_1_58' title="bbox 320 3703 1919 3776">
     <span class='ocr_line' id='line_1_58' title="bbox 320 3703 1919 3776; baseline 0.001 -20"><span class='ocrx_word' id='word_1_420' title='bbox 320 3705 540 3772; x_wconf 80' lang='grc' dir='ltr'>Δικαίῳ</span> <span class='ocrx_word' id='word_1_421' title='bbox 577 3707 687 3773; x_wconf 74' lang='grc' dir='ltr'>γὰρ</span> <span class='ocrx_word' id='word_1_422' title='bbox 728 3709 916 3775; x_wconf 79' lang='grc' dir='ltr'>νόμος</span> <span class='ocrx_word' id='word_1_423' title='bbox 947 3708 1020 3760; x_wconf 85' lang='grc' dir='ltr'>οὐ</span> <span class='ocrx_word' id='word_1_424' title='bbox 1059 3706 1278 3760; x_wconf 61' lang='lat' dir='ltr'><strong>uehar</strong></span> <span class='ocrx_word' id='word_1_425' title='bbox 1307 3707 1407 3759; x_wconf 81' lang='grc' dir='ltr'>ὅσα</span> <span class='ocrx_word' id='word_1_426' title='bbox 1432 3705 1542 3776; x_wconf 77' lang='grc' dir='ltr'><strong>γὰρ</strong></span> <span class='ocrx_word' id='word_1_427' title='bbox 1569 3706 1598 3757; x_wconf 95' lang='lat'><strong>6</strong></span> <span class='ocrx_word' id='word_1_428' title='bbox 1627 3703 1788 3775; x_wconf 80' lang='grc' dir='ltr'>νόμος</span> <span class='ocrx_word' id='word_1_429' title='bbox 1820 3703 1919 3758; x_wconf 85' lang='grc' dir='ltr'>λα-</span> 
     </span>
    </p>
   </div>
   <div class='ocr_carea' id='block_1_59' title="bbox 320 3791 1946 3869">
    <p class='ocr_par' dir='ltr' id='par_1_59' title="bbox 320 3791 1946 3869">
     <span class='ocr_line' id='line_1_59' title="bbox 320 3791 1946 3869; baseline 0 -19"><span class='ocrx_word' id='word_1_430' title='bbox 320 3797 426 3861; x_wconf 86' lang='grc' dir='ltr'>λεῖ,</span> <span class='ocrx_word' id='word_1_431' title='bbox 454 3800 566 3862; x_wconf 85' lang='grc' dir='ltr'>τοῖς</span> <span class='ocrx_word' id='word_1_432' title='bbox 598 3799 673 3868; x_wconf 83' lang='grc' dir='ltr'>μὴ</span> <span class='ocrx_word' id='word_1_433' title='bbox 705 3798 998 3869; x_wconf 78' lang='grc' dir='ltr'>εὐνομοῦσι</span> <span class='ocrx_word' id='word_1_434' title='bbox 1021 3798 1192 3852; x_wconf 88' lang='grc' dir='ltr'>λαλεῖ.</span> <span class='ocrx_word' id='word_1_435' title='bbox 1214 3799 1353 3862; x_wconf 78' lang='grc' dir='ltr'>Τοὺς</span> <span class='ocrx_word' id='word_1_436' title='bbox 1381 3797 1440 3851; x_wconf 84' lang='grc' dir='ltr'>δὲ</span> <span class='ocrx_word' id='word_1_437' title='bbox 1477 3797 1755 3866; x_wconf 77' lang='grc' dir='ltr'>[Ινεύματι</span> <span class='ocrx_word' id='word_1_438' title='bbox 1782 3791 1946 3851; x_wconf 58' lang='grc' dir='ltr'>Θεοῦ</span> 
     </span>
    </p>
   </div>
   <div class='ocr_carea' id='block_1_60' title="bbox 2101 2590 3624 2669">
    <p class='ocr_par' dir='ltr' id='par_1_60' title="bbox 2101 2590 3624 2669">
     <span class='ocr_line' id='line_1_60' title="bbox 2101 2590 3624 2669; baseline 0.005 -23"><span class='ocrx_word' id='word_1_439' title='bbox 2101 2590 2218 2647; x_wconf 80' lang='lat' dir='ltr'><strong>Vll.</strong></span> <span class='ocrx_word' id='word_1_440' title='bbox 2261 2591 2425 2648; x_wconf 88' lang='lat' dir='ltr'><strong>Certe</strong></span> <span class='ocrx_word' id='word_1_441' title='bbox 2460 2593 2505 2648; x_wconf 92' lang='lat' dir='ltr'><strong>si</strong></span> <span class='ocrx_word' id='word_1_442' title='bbox 2553 2593 2861 2665; x_wconf 87' lang='lat' dir='ltr'><strong>deceptoris</strong></span> <span class='ocrx_word' id='word_1_443' title='bbox 2905 2595 3154 2651; x_wconf 88' lang='lat' dir='ltr'><strong>consiliis</strong></span> <span class='ocrx_word' id='word_1_444' title='bbox 3179 2612 3250 2652; x_wconf 88' lang='lat' dir='ltr'><strong>ne</strong></span> <span class='ocrx_word' id='word_1_445' title='bbox 3279 2611 3468 2652; x_wconf 87' lang='lat' dir='ltr'><strong>aurem</strong></span> <span class='ocrx_word' id='word_1_446' title='bbox 3496 2599 3624 2669; x_wconf 90' lang='lat' dir='ltr'><strong>qui-</strong></span> 
     </span>
    </p>
   </div>
   <div class='ocr_carea' id='block_1_61' title="bbox 2031 2685 3635 2759">
    <p class='ocr_par' dir='ltr' id='par_1_61' title="bbox 2031 2685 3635 2759">
     <span class='ocr_line' id='line_1_61' title="bbox 2031 2685 3635 2759; baseline 0.004 -19"><span class='ocrx_word' id='word_1_447' title='bbox 2031 2685 2156 2740; x_wconf 85' lang='lat' dir='ltr'><strong>dem</strong></span> <span class='ocrx_word' id='word_1_448' title='bbox 2203 2686 2596 2756; x_wconf 72' lang='lat' dir='ltr'><strong>przebebimus,</strong></span> <span class='ocrx_word' id='word_1_449' title='bbox 2633 2687 2986 2759; x_wconf 83' lang='lat' dir='ltr'><strong>aggredietur</strong></span> <span class='ocrx_word' id='word_1_450' title='bbox 3013 2688 3258 2758; x_wconf 91' lang='lat' dir='ltr'><strong>quidem,</strong></span> <span class='ocrx_word' id='word_1_451' title='bbox 3295 2697 3357 2744; x_wconf 92' lang='lat' dir='ltr'><strong>ut</strong></span> <span class='ocrx_word' id='word_1_452' title='bbox 3390 2699 3474 2745; x_wconf 90' lang='lat' dir='ltr'><strong>ter</strong></span> <span class='ocrx_word' id='word_1_453' title='bbox 3501 2691 3635 2747; x_wconf 89' lang='lat' dir='ltr'><strong>olim</strong></span> 
     </span>
    </p>
   </div>
   <div class='ocr_carea' id='block_1_62' title="bbox 2034 2774 3636 2853">
    <p class='ocr_par' dir='ltr' id='par_1_62' title="bbox 2034 2774 3636 2853">
     <span class='ocr_line' id='line_1_62' title="bbox 2034 2774 3636 2853; baseline 0.006 -24"><span class='ocrx_word' id='word_1_454' title='bbox 2034 2777 2209 2831; x_wconf 89' lang='lat' dir='ltr'><strong>Deum</strong></span> <span class='ocrx_word' id='word_1_455' title='bbox 2240 2774 2503 2841; x_wconf 84' lang='lat' dir='ltr'><strong>Verbum,</strong></span> <span class='ocrx_word' id='word_1_456' title='bbox 2539 2779 2751 2844; x_wconf 88' lang='lat' dir='ltr'><strong>hostis;</strong></span> <span class='ocrx_word' id='word_1_457' title='bbox 2803 2781 2898 2834; x_wconf 89' lang='lat' dir='ltr'><strong>sed</strong></span> <span class='ocrx_word' id='word_1_458' title='bbox 2928 2796 2958 2833; x_wconf 88' lang='lat' dir='ltr'><strong>a</strong></span> <span class='ocrx_word' id='word_1_459' title='bbox 2985 2779 3146 2836; x_wconf 89' lang='lat' dir='ltr'><strong>nobis</strong></span> <span class='ocrx_word' id='word_1_460' title='bbox 3173 2781 3376 2838; x_wconf 79' lang='lat' dir='ltr'><strong>divinis</strong></span> <span class='ocrx_word' id='word_1_461' title='bbox 3404 2796 3636 2853; x_wconf 86' lang='lat' dir='ltr'><strong>respon-</strong></span> 
     </span>
    </p>
   </div>
   <div class='ocr_carea' id='block_1_63' title="bbox 2032 2870 3633 2940">
    <p class='ocr_par' dir='ltr' id='par_1_63' title="bbox 2032 2870 3633 2940">
     <span class='ocr_line' id='line_1_63' title="bbox 2032 2870 3633 2940; baseline 0.002 -16"><span class='ocrx_word' id='word_1_462' title='bbox 2032 2870 2110 2924; x_wconf 91' lang='lat' dir='ltr'><strong>sis</strong></span> <span class='ocrx_word' id='word_1_463' title='bbox 2158 2871 2432 2940; x_wconf 89' lang='lat' dir='ltr'><strong>repulsus,</strong></span> <span class='ocrx_word' id='word_1_464' title='bbox 2478 2871 2669 2940; x_wconf 91' lang='lat' dir='ltr'><strong>procul</strong></span> <span class='ocrx_word' id='word_1_465' title='bbox 2701 2871 2755 2924; x_wconf 89' lang='lat' dir='ltr'><strong>in</strong></span> <span class='ocrx_word' id='word_1_466' title='bbox 2793 2871 2961 2927; x_wconf 88' lang='lat' dir='ltr'><strong>aridis</strong></span> <span class='ocrx_word' id='word_1_467' title='bbox 3006 2870 3170 2935; x_wconf 91' lang='lat' dir='ltr'><strong>locis,</strong></span> <span class='ocrx_word' id='word_1_468' title='bbox 3233 2881 3290 2927; x_wconf 91' lang='lat' dir='ltr'><strong>et</strong></span> <span class='ocrx_word' id='word_1_469' title='bbox 3329 2872 3517 2928; x_wconf 90' lang='lat' dir='ltr'><strong>divino</strong></span> <span class='ocrx_word' id='word_1_470' title='bbox 3547 2875 3633 2928; x_wconf 75' lang='lat' dir='ltr'><strong>in—</strong></span> 
     </span>
    </p>
   </div>
   <div class='ocr_carea' id='block_1_64' title="bbox 2031 2961 3632 3032">
    <p class='ocr_par' dir='ltr' id='par_1_64' title="bbox 2031 2961 3632 3032">
     <span class='ocr_line' id='line_1_64' title="bbox 2031 2961 3632 3032; baseline 0.001 -16"><span class='ocrx_word' id='word_1_471' title='bbox 2031 2961 2182 3016; x_wconf 80' lang='lat' dir='ltr'><strong>ﬂuxu</strong></span> <span class='ocrx_word' id='word_1_472' title='bbox 2235 2962 2572 3027; x_wconf 85' lang='lat' dir='ltr'><strong>carentibus,</strong></span> <span class='ocrx_word' id='word_1_473' title='bbox 2604 2961 2979 3032; x_wconf 83' lang='lat' dir='ltr'><strong>relegabitur:</strong></span> <span class='ocrx_word' id='word_1_474' title='bbox 3029 2977 3131 3016; x_wconf 91' lang='lat' dir='ltr'><strong>nos</strong></span> <span class='ocrx_word' id='word_1_475' title='bbox 3177 2969 3362 3016; x_wconf 89' lang='lat' dir='ltr'><strong>autem</strong></span> <span class='ocrx_word' id='word_1_476' title='bbox 3408 2971 3632 3018; x_wconf 88' lang='lat' dir='ltr'><strong>sancto-</strong></span> 
     </span>
    </p>
   </div>
   <div class='ocr_carea' id='block_1_65' title="bbox 2024 3054 3635 3127">
    <p class='ocr_par' dir='ltr' id='par_1_65' title="bbox 2024 3054 3635 3127">
     <span class='ocr_line' id='line_1_65' title="bbox 2024 3054 3635 3127; baseline 0.002 -17"><span class='ocrx_word' id='word_1_477' title='bbox 2024 3071 2147 3110; x_wconf 90' lang='lat' dir='ltr'><strong>rum</strong></span> <span class='ocrx_word' id='word_1_478' title='bbox 2177 3055 2494 3127; x_wconf 85' lang='lat' dir='ltr'><strong>angelorum</strong></span> <span class='ocrx_word' id='word_1_479' title='bbox 2527 3054 2855 3121; x_wconf 87' lang='lat' dir='ltr'><strong>ministerio,</strong></span> <span class='ocrx_word' id='word_1_480' title='bbox 2889 3054 3097 3121; x_wconf 85' lang='lat' dir='ltr'><strong>divino,</strong></span> <span class='ocrx_word' id='word_1_481' title='bbox 3138 3055 3364 3112; x_wconf 84' lang='lat' dir='ltr'><strong>viviﬁco</strong></span> <span class='ocrx_word' id='word_1_482' title='bbox 3390 3057 3635 3113; x_wconf 87' lang='lat' dir='ltr'><strong>coelesti-</strong></span> 
     </span>
    </p>
   </div>
   <div class='ocr_carea' id='block_1_66' title="bbox 2024 3148 3620 3220">
    <p class='ocr_par' dir='ltr' id='par_1_66' title="bbox 2024 3148 3620 3220">
     <span class='ocr_line' id='line_1_66' title="bbox 2024 3148 3620 3220; baseline 0.002 -16"><span class='ocrx_word' id='word_1_483' title='bbox 2024 3165 2132 3219; x_wconf 89' lang='lat' dir='ltr'><strong>que</strong></span> <span class='ocrx_word' id='word_1_484' title='bbox 2160 3165 2300 3220; x_wconf 88' lang='lat' dir='ltr'><strong>pane</strong></span> <span class='ocrx_word' id='word_1_485' title='bbox 2344 3148 2559 3214; x_wconf 88' lang='lat' dir='ltr'><strong>nutriti,</strong></span> <span class='ocrx_word' id='word_1_486' title='bbox 2592 3149 2855 3219; x_wconf 88' lang='lat' dir='ltr'><strong>paulatim</strong></span> <span class='ocrx_word' id='word_1_487' title='bbox 2883 3149 3116 3220; x_wconf 79' lang='lat' dir='ltr'><strong>spiritali</strong></span> <span class='ocrx_word' id='word_1_488' title='bbox 3155 3159 3318 3205; x_wconf 64' lang='lat' dir='ltr'><strong>aetate</strong></span> <span class='ocrx_word' id='word_1_489' title='bbox 3347 3152 3496 3206; x_wconf 87' lang='lat' dir='ltr'><strong>aucti</strong></span> <span class='ocrx_word' id='word_1_490' title='bbox 3524 3168 3620 3207; x_wconf 78' lang='lat' dir='ltr'><strong>us-</strong></span> 
     </span>
    </p>
   </div>
   <div class='ocr_carea' id='block_1_67' title="bbox 2025 3241 3625 3313">
    <p class='ocr_par' dir='ltr' id='par_1_67' title="bbox 2025 3241 3625 3313">
     <span class='ocr_line' id='line_1_67' title="bbox 2025 3241 3625 3313; baseline 0.001 -16"><span class='ocrx_word' id='word_1_491' title='bbox 2025 3258 2133 3313; x_wconf 90' lang='lat' dir='ltr'><strong>que</strong></span> <span class='ocrx_word' id='word_1_492' title='bbox 2162 3243 2228 3297; x_wconf 89' lang='lat' dir='ltr'><strong>ad</strong></span> <span class='ocrx_word' id='word_1_493' title='bbox 2255 3257 2570 3297; x_wconf 86' lang='lat' dir='ltr'><strong>mensuram</strong></span> <span class='ocrx_word' id='word_1_494' title='bbox 2599 3242 2774 3312; x_wconf 78' lang='lat' dir='ltr'><strong>plenae</strong></span> <span class='ocrx_word' id='word_1_495' title='bbox 2798 3241 2977 3297; x_wconf 81' lang='lat' dir='ltr'><strong>aetatis</strong></span> <span class='ocrx_word' id='word_1_496' title='bbox 3009 3241 3214 3298; x_wconf 86' lang='lat' dir='ltr'><strong>Christi</strong></span> <span class='ocrx_word' id='word_1_497' title='bbox 3239 3243 3625 3312; x_wconf 82' lang='lat' dir='ltr'><strong>deveniemus,</strong></span> 
     </span>
    </p>
   </div>
   <div class='ocr_carea' id='block_1_68' title="bbox 2028 3335 3634 3408">
    <p class='ocr_par' dir='ltr' id='par_1_68' title="bbox 2028 3335 3634 3408">
     <span class='ocr_line' id='line_1_68' title="bbox 2028 3335 3634 3408; baseline 0.001 -18"><span class='ocrx_word' id='word_1_498' title='bbox 2028 3335 2255 3405; x_wconf 82' lang='lat' dir='ltr'><strong>Spiritus</strong></span> <span class='ocrx_word' id='word_1_499' title='bbox 2288 3335 2560 3390; x_wconf 89' lang='lat' dir='ltr'><strong>fructibus</strong></span> <span class='ocrx_word' id='word_1_500' title='bbox 2589 3335 2893 3405; x_wconf 91' lang='lat' dir='ltr'><strong>perornati,</strong></span> <span class='ocrx_word' id='word_1_501' title='bbox 2928 3335 3022 3404; x_wconf 89' lang='lat' dir='ltr'><strong>qui</strong></span> <span class='ocrx_word' id='word_1_502' title='bbox 3052 3344 3186 3390; x_wconf 90' lang='lat' dir='ltr'><strong>sunt</strong></span> <span class='ocrx_word' id='word_1_503' title='bbox 3215 3335 3478 3402; x_wconf 79' lang='lat' dir='ltr'><strong>Charitas,</strong></span> <span class='ocrx_word' id='word_1_504' title='bbox 3502 3353 3634 3408; x_wconf 83' lang='lat' dir='ltr'><strong>gau-</strong></span> 
     </span>
    </p>
   </div>
   <div class='ocr_carea' id='block_1_69' title="bbox 2035 3427 3629 3500">
    <p class='ocr_par' dir='ltr' id='par_1_69' title="bbox 2035 3427 3629 3500">
     <span class='ocr_line' id='line_1_69' title="bbox 2035 3427 3629 3500; baseline 0.001 -18"><span class='ocrx_word' id='word_1_505' title='bbox 2035 3428 2208 3493; x_wconf 89' lang='lat' dir='ltr'><strong>dium,</strong></span> <span class='ocrx_word' id='word_1_506' title='bbox 2269 3444 2412 3498; x_wconf 82' lang='lat' dir='ltr'><strong>pax,</strong></span> <span class='ocrx_word' id='word_1_507' title='bbox 2470 3427 2878 3500; x_wconf 83' lang='lat' dir='ltr'><strong>longanimitas,</strong></span> <span class='ocrx_word' id='word_1_508' title='bbox 2941 3428 3328 3494; x_wconf 88' lang='lat' dir='ltr'><strong>mansuetudo,</strong></span> <span class='ocrx_word' id='word_1_509' title='bbox 3384 3429 3629 3496; x_wconf 87' lang='lat' dir='ltr'><strong>bonitas,</strong></span> 
     </span>
    </p>
   </div>
   <div class='ocr_carea' id='block_1_70' title="bbox 2033 3519 3634 3590">
    <p class='ocr_par' dir='ltr' id='par_1_70' title="bbox 2033 3519 3634 3590">
     <span class='ocr_line' id='line_1_70' title="bbox 2033 3519 3634 3590; baseline -0.001 -15"><span class='ocrx_word' id='word_1_510' title='bbox 2033 3529 2226 3575; x_wconf 89' lang='lat' dir='ltr'><strong>contra</strong></span> <span class='ocrx_word' id='word_1_511' title='bbox 2251 3535 2389 3590; x_wconf 89' lang='lat' dir='ltr'><strong>quas</strong></span> <span class='ocrx_word' id='word_1_512' title='bbox 2425 3520 2574 3574; x_wconf 88' lang='lat' dir='ltr'><strong>nulla</strong></span> <span class='ocrx_word' id='word_1_513' title='bbox 2605 3519 2693 3574; x_wconf 81' lang='lat' dir='ltr'><strong>lex</strong></span> <span class='ocrx_word' id='word_1_514' title='bbox 2722 3529 2837 3574; x_wconf 90' lang='lat' dir='ltr'><strong>est:</strong></span> <span class='ocrx_word' id='word_1_515' title='bbox 2872 3520 3019 3574; x_wconf 84' lang='lat' dir='ltr'><strong>Nam</strong></span> <span class='ocrx_word' id='word_1_516' title='bbox 3065 3520 3217 3589; x_wconf 82' lang='lat' dir='ltr'><strong>justo</strong></span> <span class='ocrx_word' id='word_1_517' title='bbox 3265 3519 3348 3574; x_wconf 72' lang='lat' dir='ltr'><strong>lex</strong></span> <span class='ocrx_word' id='word_1_518' title='bbox 3381 3537 3487 3574; x_wconf 88' lang='lat' dir='ltr'><strong>non</strong></span> <span class='ocrx_word' id='word_1_519' title='bbox 3516 3537 3634 3575; x_wconf 81' lang='lat' dir='ltr'><strong>con-</strong></span> 
     </span>
    </p>
   </div>
   <div class='ocr_carea' id='block_1_71' title="bbox 2032 3611 3634 3682">
    <p class='ocr_par' dir='ltr' id='par_1_71' title="bbox 2032 3611 3634 3682">
     <span class='ocr_line' id='line_1_71' title="bbox 2032 3611 3634 3682; baseline 0.004 -16"><span class='ocrx_word' id='word_1_520' title='bbox 2032 3614 2276 3667; x_wconf 80' lang='lat' dir='ltr'><strong>stituitur</strong></span> <span class='ocrx_word' id='word_1_521' title='bbox 2311 3613 2394 3666; x_wconf 68' lang='grc' dir='ltr'><strong>σοι</strong></span> <span class='ocrx_word' id='word_1_522' title='bbox 2446 3611 2714 3682; x_wconf 90' lang='lat' dir='ltr'><strong>quidquid</strong></span> <span class='ocrx_word' id='word_1_523' title='bbox 2744 3612 2892 3667; x_wconf 87' lang='lat' dir='ltr'><strong>enim</strong></span> <span class='ocrx_word' id='word_1_524' title='bbox 2933 3611 3016 3666; x_wconf 79' lang='lat' dir='ltr'><strong>lex</strong></span> <span class='ocrx_word' id='word_1_525' title='bbox 3049 3612 3310 3682; x_wconf 89' lang='lat' dir='ltr'><strong>loquitur,</strong></span> <span class='ocrx_word' id='word_1_526' title='bbox 3343 3628 3454 3667; x_wconf 92' lang='lat' dir='ltr'><strong>non</strong></span> <span class='ocrx_word' id='word_1_527' title='bbox 3490 3613 3634 3672; x_wconf 88' lang='lat' dir='ltr'><strong>bene</strong></span> 
     </span>
    </p>
   </div>
   <div class='ocr_carea' id='block_1_72' title="bbox 2033 3703 3633 3776">
    <p class='ocr_par' dir='ltr' id='par_1_72' title="bbox 2033 3703 3633 3776">
     <span class='ocr_line' id='line_1_72' title="bbox 2033 3703 3633 3776; baseline 0.001 -16"><span class='ocrx_word' id='word_1_528' title='bbox 2033 3705 2260 3760; x_wconf 91' lang='lat' dir='ltr'><strong>moratis</strong></span> <span class='ocrx_word' id='word_1_529' title='bbox 2282 3705 2546 3775; x_wconf 87' lang='lat' dir='ltr'><strong>loquitur.</strong></span> <span class='ocrx_word' id='word_1_530' title='bbox 2573 3705 2642 3759; x_wconf 82' lang='lat' dir='ltr'><strong>At</strong></span> <span class='ocrx_word' id='word_1_531' title='bbox 2663 3704 2784 3759; x_wconf 90' lang='lat' dir='ltr'><strong>illos</strong></span> <span class='ocrx_word' id='word_1_532' title='bbox 2814 3703 2908 3774; x_wconf 92' lang='lat' dir='ltr'><strong>qui</strong></span> <span class='ocrx_word' id='word_1_533' title='bbox 2941 3703 3037 3759; x_wconf 87' lang='lat' dir='ltr'><strong>Dei</strong></span> <span class='ocrx_word' id='word_1_534' title='bbox 3061 3703 3256 3775; x_wconf 89' lang='lat' dir='ltr'><strong>spiritu</strong></span> <span class='ocrx_word' id='word_1_535' title='bbox 3285 3715 3547 3776; x_wconf 82' lang='lat' dir='ltr'><strong>aguntur,</strong></span> <span class='ocrx_word' id='word_1_536' title='bbox 3574 3715 3633 3762; x_wconf 83' lang='lat' dir='ltr'><strong>et</strong></span> 
     </span>
    </p>
   </div>
   <div class='ocr_carea' id='block_1_73' title="bbox 2031 3793 3629 3868">
    <p class='ocr_par' dir='ltr' id='par_1_73' title="bbox 2031 3793 3629 3868">
     <span class='ocr_line' id='line_1_73' title="bbox 2031 3793 3629 3868; baseline 0.001 -18"><span class='ocrx_word' id='word_1_537' title='bbox 2031 3797 2126 3851; x_wconf 85' lang='lat' dir='ltr'><strong>ﬁlii</strong></span> <span class='ocrx_word' id='word_1_538' title='bbox 2163 3795 2254 3850; x_wconf 84' lang='lat' dir='ltr'><strong>Dei</strong></span> <span class='ocrx_word' id='word_1_539' title='bbox 2286 3811 2384 3866; x_wconf 88' lang='lat' dir='ltr'><strong>per</strong></span> <span class='ocrx_word' id='word_1_540' title='bbox 2411 3796 2642 3868; x_wconf 84' lang='lat' dir='ltr'><strong>gratiam</strong></span> <span class='ocrx_word' id='word_1_541' title='bbox 2686 3802 2834 3860; x_wconf 89' lang='lat' dir='ltr'><strong>sunt,</strong></span> <span class='ocrx_word' id='word_1_542' title='bbox 2868 3809 2991 3864; x_wconf 66' lang='lat' dir='ltr'><strong>quae</strong></span> <span class='ocrx_word' id='word_1_543' title='bbox 3024 3793 3112 3848; x_wconf 79' lang='lat' dir='ltr'><strong>lex</strong></span> <span class='ocrx_word' id='word_1_544' title='bbox 3141 3793 3395 3850; x_wconf 85' lang='lat' dir='ltr'><strong>erudiet?</strong></span> <span class='ocrx_word' id='word_1_545' title='bbox 3424 3797 3629 3865; x_wconf 86' lang='lat' dir='ltr'><strong>quibus</strong></span> 
     </span>
    </p>
   </div>
   <div class='ocr_carea' id='block_1_74' title="bbox 322 3885 1923 3963">
    <p class='ocr_par' dir='ltr' id='par_1_74' title="bbox 322 3891 1923 3963">
     <span class='ocr_line' id='line_1_74' title="bbox 322 3891 1923 3963; baseline 0.001 -20"><span class='ocrx_word' id='word_1_546' title='bbox 322 3907 431 3962; x_wconf 85' lang='grc' dir='ltr'><strong>χρη</strong></span> <span class='ocrx_word' id='word_1_547' title='bbox 442 3891 780 3962; x_wconf 87' lang='grc' dir='ltr'>ματίσαντας</span> <span class='ocrx_word' id='word_1_548' title='bbox 817 3892 1022 3962; x_wconf 88' lang='grc' dir='ltr'>χάριτι,</span> <span class='ocrx_word' id='word_1_549' title='bbox 1047 3895 1201 3956; x_wconf 88' lang='grc' dir='ltr'>ποῖος</span> <span class='ocrx_word' id='word_1_550' title='bbox 1228 3893 1338 3963; x_wconf 81' lang='grc' dir='ltr'>ἄρα</span> <span class='ocrx_word' id='word_1_551' title='bbox 1374 3891 1540 3962; x_wconf 87' lang='grc' dir='ltr'>νόμος</span> <span class='ocrx_word' id='word_1_552' title='bbox 1567 3891 1923 3961; x_wconf 86' lang='grc' dir='ltr'>παιδαγωγή-</span> 
     </span>
    </p>
   </div>
   <div class='ocr_carea' id='block_1_75' title="bbox 2027 3885 3630 3963">
    <p class='ocr_par' dir='ltr' id='par_1_75' title="bbox 2028 3885 3630 3958">
     <span class='ocr_line' id='line_1_75' title="bbox 2028 3885 3630 3958; baseline 0.001 -16"><span class='ocrx_word' id='word_1_553' title='bbox 2028 3887 2299 3958; x_wconf 85' lang='lat' dir='ltr'><strong>profunda</strong></span> <span class='ocrx_word' id='word_1_554' title='bbox 2328 3887 2617 3957; x_wconf 62' lang='lat' dir='ltr'><strong>sapientiae</strong></span> <span class='ocrx_word' id='word_1_555' title='bbox 2653 3887 2904 3958; x_wconf 80' lang='lat' dir='ltr'><strong>abyssus,</strong></span> <span class='ocrx_word' id='word_1_556' title='bbox 2939 3885 3361 3956; x_wconf 88' lang='lat' dir='ltr'><strong>participatione</strong></span> <span class='ocrx_word' id='word_1_557' title='bbox 3395 3903 3516 3954; x_wconf 89' lang='lat' dir='ltr'><strong>sua,</strong></span> <span class='ocrx_word' id='word_1_558' title='bbox 3544 3889 3630 3942; x_wconf 90' lang='lat' dir='ltr'><strong>di-</strong></span> 
     </span>
    </p>
   </div>
   <div class='ocr_carea' id='block_1_76' title="bbox 323 3983 1919 4058">
    <p class='ocr_par' dir='ltr' id='par_1_76' title="bbox 323 3983 1919 4058">
     <span class='ocr_line' id='line_1_76' title="bbox 323 3983 1919 4058; baseline 0.001 -21"><span class='ocrx_word' id='word_1_559' title='bbox 323 4001 506 4052; x_wconf 86' lang='grc' dir='ltr'>σειεν;</span> <span class='ocrx_word' id='word_1_560' title='bbox 548 3983 644 4048; x_wconf 88' lang='grc' dir='ltr'><strong>οὒς</strong></span> <span class='ocrx_word' id='word_1_561' title='bbox 676 3986 708 4056; x_wconf 79' lang='grc' dir='ltr'>ἡ</span> <span class='ocrx_word' id='word_1_562' title='bbox 738 3985 1166 4058; x_wconf 82' lang='grc' dir='ltr'>ἀνεξερεύνητος</span> <span class='ocrx_word' id='word_1_563' title='bbox 1210 3986 1313 4054; x_wconf 77' lang='grc' dir='ltr'><strong>τῆς</strong></span> <span class='ocrx_word' id='word_1_564' title='bbox 1362 3984 1556 4054; x_wconf 84' lang='grc' dir='ltr'>σοφίας</span> <span class='ocrx_word' id='word_1_565' title='bbox 1587 3984 1825 4048; x_wconf 78' lang='grc' dir='ltr'>ἄϐυσσος</span> <span class='ocrx_word' id='word_1_566' title='bbox 1849 3987 1919 4057; x_wconf 81' lang='grc' dir='ltr'>τῇ</span> 
     </span>
    </p>
   </div>
   <div class='ocr_carea' id='block_1_77' title="bbox 318 4077 1923 4151">
    <p class='ocr_par' dir='ltr' id='par_1_77' title="bbox 318 4077 1923 4151">
     <span class='ocr_line' id='line_1_77' title="bbox 318 4077 1923 4151; baseline 0 -21"><span class='ocrx_word' id='word_1_567' title='bbox 318 4077 527 4147; x_wconf 78' lang='grc' dir='ltr'>ἑαυτῆς</span> <span class='ocrx_word' id='word_1_568' title='bbox 577 4079 841 4151; x_wconf 78' lang='grc' dir='ltr'>μετουσίᾳ</span> <span class='ocrx_word' id='word_1_569' title='bbox 895 4079 1151 4142; x_wconf 85' lang='grc' dir='ltr'>θεοειδεῖς</span> <span class='ocrx_word' id='word_1_570' title='bbox 1210 4078 1395 4150; x_wconf 80' lang='grc' dir='ltr'>πηγὰς</span> <span class='ocrx_word' id='word_1_571' title='bbox 1428 4078 1752 4132; x_wconf 88' lang='grc' dir='ltr'>ἀναδίδωσιν</span> <span class='ocrx_word' id='word_1_572' title='bbox 1808 4079 1923 4142; x_wconf 89' lang='grc' dir='ltr'>τοῖς</span> 
     </span>
    </p>
   </div>
   <div class='ocr_carea' id='block_1_78' title="bbox 319 4169 1924 4242">
    <p class='ocr_par' dir='ltr' id='par_1_78' title="bbox 319 4169 1924 4242">
     <span class='ocr_line' id='line_1_78' title="bbox 319 4169 1924 4242; baseline 0.001 -21"><span class='ocrx_word' id='word_1_573' title='bbox 319 4169 634 4234; x_wconf 84' lang='grc' dir='ltr'>καλλίστοις</span> <span class='ocrx_word' id='word_1_574' title='bbox 696 4170 938 4241; x_wconf 84' lang='grc' dir='ltr'>νάμασιν</span> <span class='ocrx_word' id='word_1_575' title='bbox 990 4171 1120 4235; x_wconf 76' lang='grc' dir='ltr'>τοὺς</span> <span class='ocrx_word' id='word_1_576' title='bbox 1175 4169 1670 4242; x_wconf 80' lang='grc' dir='ltr'>διαπορευομένους</span> <span class='ocrx_word' id='word_1_577' title='bbox 1723 4187 1924 4224; x_wconf 90' lang='grc' dir='ltr'>κατευ-</span> 
     </span>
    </p>
   </div>
   <div class='ocr_carea' id='block_1_79' title="bbox 321 4261 1919 4335">
    <p class='ocr_par' dir='ltr' id='par_1_79' title="bbox 321 4261 1919 4335">
     <span class='ocr_line' id='line_1_79' title="bbox 321 4261 1919 4335; baseline -0.001 -19"><span class='ocrx_word' id='word_1_578' title='bbox 321 4261 676 4332; x_wconf 85' lang='grc' dir='ltr'>φραίνοντας.</span> <span class='ocrx_word' id='word_1_579' title='bbox 712 4264 785 4317; x_wconf 84' lang='lat'>1‘6</span> <span class='ocrx_word' id='word_1_580' title='bbox 823 4263 882 4317; x_wconf 86' lang='grc' dir='ltr'>δὲ</span> <span class='ocrx_word' id='word_1_581' title='bbox 931 4264 1036 4316; x_wconf 83' lang='grc' dir='ltr'><strong>ὑπὸ</strong></span> <span class='ocrx_word' id='word_1_582' title='bbox 1082 4263 1177 4317; x_wconf 82' lang='grc' dir='ltr'>τοῦ</span> <span class='ocrx_word' id='word_1_583' title='bbox 1235 4263 1442 4334; x_wconf 85' lang='grc' dir='ltr'>Κυρίου</span> <span class='ocrx_word' id='word_1_584' title='bbox 1474 4263 1804 4335; x_wconf 58' lang='grc' dir='ltr'>εἰρημένον</span> <span class='ocrx_word' id='word_1_585' title='bbox 1865 4263 1919 4315; x_wconf 90' lang='lat'><strong>&#39;0</strong></span> 
     </span>
    </p>
   </div>
   <div class='ocr_carea' id='block_1_80' title="bbox 317 4354 1918 4426">
    <p class='ocr_par' dir='ltr' id='par_1_80' title="bbox 317 4354 1918 4426">
     <span class='ocr_line' id='line_1_80' title="bbox 317 4354 1918 4426; baseline 0.001 -19"><span class='ocrx_word' id='word_1_586' title='bbox 317 4355 523 4424; x_wconf 75' lang='grc' dir='ltr'>ἅρχων</span> <span class='ocrx_word' id='word_1_587' title='bbox 557 4354 667 4408; x_wconf 80' lang='grc' dir='ltr'>τοῦ</span> <span class='ocrx_word' id='word_1_588' title='bbox 696 4357 930 4426; x_wconf 82' lang='grc' dir='ltr'>κόσμου</span> <span class='ocrx_word' id='word_1_589' title='bbox 958 4357 1174 4411; x_wconf 86' lang='grc' dir='ltr'>τούτου</span> <span class='ocrx_word' id='word_1_590' title='bbox 1206 4356 1464 4426; x_wconf 78' lang='grc' dir='ltr'>ἔρχεται,</span> <span class='ocrx_word' id='word_1_591' title='bbox 1496 4355 1667 4418; x_wconf 75' lang='grc' dir='ltr'>οὕτως</span> <span class='ocrx_word' id='word_1_592' title='bbox 1701 4354 1918 4409; x_wconf 83' lang='grc' dir='ltr'>ὀπτέον⁶</span> 
     </span>
    </p>
   </div>
   <div class='ocr_carea' id='block_1_81' title="bbox 320 4448 1922 4522">
    <p class='ocr_par' dir='ltr' id='par_1_81' title="bbox 320 4448 1922 4522">
     <span class='ocr_line' id='line_1_81' title="bbox 320 4448 1922 4522; baseline -0.001 -19"><span class='ocrx_word' id='word_1_593' title='bbox 320 4449 554 4504; x_wconf 87' lang='grc' dir='ltr'>Πάντων</span> <span class='ocrx_word' id='word_1_594' title='bbox 581 4449 695 4503; x_wconf 89' lang='grc' dir='ltr'><strong>τῶν</strong></span> <span class='ocrx_word' id='word_1_595' title='bbox 723 4451 1001 4522; x_wconf 85' lang='grc' dir='ltr'>αἰσθητῶν</span> <span class='ocrx_word' id='word_1_596' title='bbox 1032 4449 1352 4521; x_wconf 86' lang='grc' dir='ltr'>κτισμάτων</span> <span class='ocrx_word' id='word_1_597' title='bbox 1386 4449 1617 4521; x_wconf 83' lang='grc' dir='ltr'>περιοχὴ</span> <span class='ocrx_word' id='word_1_598' title='bbox 1643 4450 1671 4503; x_wconf 91' lang='lat'><strong>6</strong></span> <span class='ocrx_word' id='word_1_599' title='bbox 1692 4448 1922 4521; x_wconf 83' lang='grc' dir='ltr'>οὐρανός</span> 
     </span>
    </p>
   </div>
   <div class='ocr_carea' id='block_1_82' title="bbox 319 4541 1923 4614">
    <p class='ocr_par' dir='ltr' id='par_1_82' title="bbox 319 4541 1923 4614">
     <span class='ocr_line' id='line_1_82' title="bbox 319 4541 1923 4614; baseline 0.001 -19"><span class='ocrx_word' id='word_1_600' title='bbox 319 4543 493 4597; x_wconf 79' lang='grc' dir='ltr'>ἐστιν.</span> <span class='ocrx_word' id='word_1_601' title='bbox 527 4543 610 4596; x_wconf 90' lang='grc' dir='ltr'><strong>Τά</strong></span> <span class='ocrx_word' id='word_1_602' title='bbox 638 4543 697 4596; x_wconf 78' lang='grc' dir='ltr'>δὲ</span> <span class='ocrx_word' id='word_1_603' title='bbox 727 4543 1030 4614; x_wconf 83' lang='grc' dir='ltr'>ἐπουράνια</span> <span class='ocrx_word' id='word_1_604' title='bbox 1065 4544 1161 4596; x_wconf 76' lang='grc' dir='ltr'><strong>καὶ</strong></span> <span class='ocrx_word' id='word_1_605' title='bbox 1192 4542 1357 4614; x_wconf 84' lang='grc' dir='ltr'>νοερὰ</span> <span class='ocrx_word' id='word_1_606' title='bbox 1386 4544 1645 4614; x_wconf 88' lang='grc' dir='ltr'>τάγματα</span> <span class='ocrx_word' id='word_1_607' title='bbox 1681 4541 1923 4613; x_wconf 83' lang='grc' dir='ltr'>πρότερα</span> 
     </span>
    </p>
   </div>
   <div class='ocr_carea' id='block_1_83' title="bbox 316 4633 1924 4708">
    <p class='ocr_par' dir='ltr' id='par_1_83' title="bbox 316 4633 1924 4708">
     <span class='ocr_line' id='line_1_83' title="bbox 316 4633 1924 4708; baseline 0 -20"><span class='ocrx_word' id='word_1_608' title='bbox 316 4635 414 4688; x_wconf 70' lang='grc' dir='ltr'><strong>καὶ</strong></span> <span class='ocrx_word' id='word_1_609' title='bbox 445 4634 753 4708; x_wconf 79' lang='grc' dir='ltr'>τιμιώτερα</span> <span class='ocrx_word' id='word_1_610' title='bbox 795 4639 904 4689; x_wconf 74' lang='grc' dir='ltr'><strong>τῶν</strong></span> <span class='ocrx_word' id='word_1_611' title='bbox 935 4635 1040 4689; x_wconf 79' lang='grc' dir='ltr'>ὑπὸ</span> <span class='ocrx_word' id='word_1_612' title='bbox 1073 4636 1164 4689; x_wconf 80' lang='grc' dir='ltr'><strong>τὸν</strong></span> <span class='ocrx_word' id='word_1_613' title='bbox 1195 4636 1428 4707; x_wconf 81' lang='grc' dir='ltr'>οὐρανὸν</span> <span class='ocrx_word' id='word_1_614' title='bbox 1459 4635 1609 4702; x_wconf 84' lang='lat' dir='ltr'><strong>lcod.</strong></span> <span class='ocrx_word' id='word_1_615' title='bbox 1643 4635 1679 4689; x_wconf 87' lang='lat' dir='ltr'><strong>f.</strong></span> <span class='ocrx_word' id='word_1_616' title='bbox 1711 4635 1809 4690; x_wconf 79' lang='lat' dir='ltr'><strong>HG</strong></span> <span class='ocrx_word' id='word_1_617' title='bbox 1841 4633 1924 4707; x_wconf 90' lang='lat' dir='ltr'><strong>b.]</strong></span> 
     </span>
    </p>
   </div>
   <div class='ocr_carea' id='block_1_84' title="bbox 317 4729 1925 4802">
    <p class='ocr_par' dir='ltr' id='par_1_84' title="bbox 317 4729 1925 4802">
     <span class='ocr_line' id='line_1_84' title="bbox 317 4729 1925 4802; baseline 0.002 -22"><span class='ocrx_word' id='word_1_618' title='bbox 317 4729 501 4800; x_wconf 81' lang='grc' dir='ltr'>ἴσμεν,</span> <span class='ocrx_word' id='word_1_619' title='bbox 533 4729 630 4782; x_wconf 75' lang='grc' dir='ltr'>καὶ</span> <span class='ocrx_word' id='word_1_620' title='bbox 660 4729 1000 4802; x_wconf 76' lang='grc' dir='ltr'>ἐνδοξότερα,</span> <span class='ocrx_word' id='word_1_621' title='bbox 1029 4732 1095 4801; x_wconf 82' lang='grc' dir='ltr'>τῇ</span> <span class='ocrx_word' id='word_1_622' title='bbox 1134 4729 1267 4802; x_wconf 73' lang='grc' dir='ltr'>πρὸς</span> <span class='ocrx_word' id='word_1_623' title='bbox 1284 4729 1416 4783; x_wconf 85' lang='grc' dir='ltr'>Θεὸν</span> <span class='ocrx_word' id='word_1_624' title='bbox 1439 4729 1698 4800; x_wconf 82' lang='grc' dir='ltr'>ὲγγύτητι</span> <span class='ocrx_word' id='word_1_625' title='bbox 1725 4729 1925 4801; x_wconf 79' lang='grc' dir='ltr'>ἐλλαμ-</span> 
     </span>
    </p>
   </div>
   <div class='ocr_carea' id='block_1_85' title="bbox 317 4812 1916 4895">
    <p class='ocr_par' dir='ltr' id='par_1_85' title="bbox 317 4812 1916 4895">
     <span class='ocr_line' id='line_1_85' title="bbox 317 4812 1916 4895; baseline -0.001 -19"><span class='ocrx_word' id='word_1_626' title='bbox 317 4824 554 4894; x_wconf 86' lang='grc' dir='ltr'>πόμενα,</span> <span class='ocrx_word' id='word_1_627' title='bbox 598 4824 696 4876; x_wconf 73' lang='grc' dir='ltr'><strong>καὶ</strong></span> <span class='ocrx_word' id='word_1_628' title='bbox 734 4824 1011 4895; x_wconf 79' lang='grc' dir='ltr'>ἄφθαρτα.</span> <span class='ocrx_word' id='word_1_629' title='bbox 1065 4823 1146 4876; x_wconf 88' lang='grc' dir='ltr'><strong>Τά</strong></span> <span class='ocrx_word' id='word_1_630' title='bbox 1194 4823 1239 4876; x_wconf 86' lang='grc' dir='ltr'>δ’</span> <span class='ocrx_word' id='word_1_631' title='bbox 1270 4812 1427 4886; x_wconf 74' lang='grc' dir='ltr'>ἄλλα,</span> <span class='ocrx_word' id='word_1_632' title='bbox 1450 4823 1667 4877; x_wconf 80' lang='grc' dir='ltr'>ἐναντία</span> <span class='ocrx_word' id='word_1_633' title='bbox 1692 4822 1916 4877; x_wconf 82' lang='grc' dir='ltr'>τούτων.</span> 
     </span>
    </p>
   </div>
   <div class='ocr_carea' id='block_1_86' title="bbox 325 4915 1924 4988">
    <p class='ocr_par' dir='ltr' id='par_1_86' title="bbox 325 4915 1924 4988">
     <span class='ocr_line' id='line_1_86' title="bbox 325 4915 1924 4988; baseline 0.001 -19"><span class='ocrx_word' id='word_1_634' title='bbox 325 4917 388 4969; x_wconf 80' lang='grc' dir='ltr'>Ὀ</span> <span class='ocrx_word' id='word_1_635' title='bbox 411 4915 546 4986; x_wconf 82' lang='grc' dir='ltr'>γοῦν</span> <span class='ocrx_word' id='word_1_636' title='bbox 583 4916 940 4988; x_wconf 80' lang='grc' dir='ltr'>ὑπερήφανος</span> <span class='ocrx_word' id='word_1_637' title='bbox 987 4917 1084 4971; x_wconf 80' lang='grc' dir='ltr'><strong>καὶ</strong></span> <span class='ocrx_word' id='word_1_638' title='bbox 1123 4916 1488 4988; x_wconf 82' lang='grc' dir='ltr'>παμπόνηρος</span> <span class='ocrx_word' id='word_1_639' title='bbox 1535 4915 1780 4980; x_wconf 77' lang='grc' dir='ltr'>διάϐολος</span> <span class='ocrx_word' id='word_1_640' title='bbox 1835 4915 1924 4970; x_wconf 82' lang='grc' dir='ltr'>διὰ</span> 
     </span>
    </p>
   </div>
   <div class='ocr_carea' id='block_1_87' title="bbox 315 5010 1924 5084">
    <p class='ocr_par' dir='ltr' id='par_1_87' title="bbox 315 5010 1924 5084">
     <span class='ocr_line' id='line_1_87' title="bbox 315 5010 1924 5084; baseline -0.001 -19"><span class='ocrx_word' id='word_1_641' title='bbox 315 5010 418 5084; x_wconf 83' lang='grc' dir='ltr'><strong>τὴν</strong></span> <span class='ocrx_word' id='word_1_642' title='bbox 467 5011 662 5066; x_wconf 80' lang='grc' dir='ltr'>ἑαυτοῦ</span> <span class='ocrx_word' id='word_1_643' title='bbox 699 5011 1082 5084; x_wconf 82' lang='grc' dir='ltr'>ὑπερηφανίαν</span> <span class='ocrx_word' id='word_1_644' title='bbox 1128 5013 1222 5065; x_wconf 76' lang='grc' dir='ltr'>καὶ</span> <span class='ocrx_word' id='word_1_645' title='bbox 1273 5011 1562 5076; x_wconf 78' lang='grc' dir='ltr'>ἀλαζονίαν</span> <span class='ocrx_word' id='word_1_646' title='bbox 1608 5013 1719 5064; x_wconf 88' lang='grc' dir='ltr'><strong>τῶν</strong></span> <span class='ocrx_word' id='word_1_647' title='bbox 1760 5013 1924 5064; x_wconf 79' lang='grc' dir='ltr'>ἐπου-</span> 
     </span>
    </p>
   </div>
   <div class='ocr_carea' id='block_1_88' title="bbox 315 5102 1920 5176">
    <p class='ocr_par' dir='ltr' id='par_1_88' title="bbox 315 5102 1920 5176">
     <span class='ocr_line' id='line_1_88' title="bbox 315 5102 1920 5176; baseline -0.002 -17"><span class='ocrx_word' id='word_1_648' title='bbox 315 5104 522 5175; x_wconf 83' lang='grc' dir='ltr'>ρανίων</span> <span class='ocrx_word' id='word_1_649' title='bbox 551 5105 832 5168; x_wconf 75' lang='grc' dir='ltr'>ἀπωσθεὶς</span> <span class='ocrx_word' id='word_1_650' title='bbox 864 5104 1168 5176; x_wconf 89' lang='grc' dir='ltr'>περιϐόλων</span> <span class='ocrx_word' id='word_1_651' title='bbox 1204 5104 1301 5158; x_wconf 75' lang='grc' dir='ltr'><strong>σὺν</strong></span> <span class='ocrx_word' id='word_1_652' title='bbox 1329 5103 1407 5174; x_wconf 79' lang='grc' dir='ltr'><strong>τῷ</strong></span> <span class='ocrx_word' id='word_1_653' title='bbox 1434 5103 1622 5174; x_wconf 83' lang='grc' dir='ltr'>οἰκείῳ</span> <span class='ocrx_word' id='word_1_654' title='bbox 1650 5102 1920 5173; x_wconf 88' lang='grc' dir='ltr'>τάγματι,</span> 
     </span>
    </p>
   </div>
   <div class='ocr_carea' id='block_1_89' title="bbox 315 5195 1923 5270">
    <p class='ocr_par' dir='ltr' id='par_1_89' title="bbox 315 5195 1923 5270">
     <span class='ocr_line' id='line_1_89' title="bbox 315 5195 1923 5270; baseline -0.004 -18"><span class='ocrx_word' id='word_1_655' title='bbox 315 5198 425 5252; x_wconf 81' lang='grc' dir='ltr'><strong>ὑπὸ</strong></span> <span class='ocrx_word' id='word_1_656' title='bbox 457 5199 556 5269; x_wconf 82' lang='grc' dir='ltr'>τῆς</span> <span class='ocrx_word' id='word_1_657' title='bbox 588 5198 844 5270; x_wconf 75' lang='grc' dir='ltr'>οὐρανίου</span> <span class='ocrx_word' id='word_1_658' title='bbox 881 5197 1119 5267; x_wconf 83' lang='grc' dir='ltr'>σφαίρας</span> <span class='ocrx_word' id='word_1_659' title='bbox 1160 5195 1517 5268; x_wconf 81' lang='grc' dir='ltr'>περιέχεσθαι</span> <span class='ocrx_word' id='word_1_660' title='bbox 1548 5195 1787 5264; x_wconf 80' lang='grc' dir='ltr'>λέγεται.</span> <span class='ocrx_word' id='word_1_661' title='bbox 1835 5195 1923 5258; x_wconf 86' lang='grc' dir='ltr'>Ὠς</span> 
     </span>
    </p>
   </div>
   <div class='ocr_carea' id='block_1_90' title="bbox 2024 3979 3630 4051">
    <p class='ocr_par' dir='ltr' id='par_1_90' title="bbox 2024 3979 3630 4051">
     <span class='ocr_line' id='line_1_90' title="bbox 2024 3979 3630 4051; baseline -0.001 -13"><span class='ocrx_word' id='word_1_662' title='bbox 2024 3981 2183 4038; x_wconf 84' lang='lat' dir='ltr'><strong>vinas</strong></span> <span class='ocrx_word' id='word_1_663' title='bbox 2230 3982 2509 4038; x_wconf 88' lang='lat' dir='ltr'><strong>scatebras</strong></span> <span class='ocrx_word' id='word_1_664' title='bbox 2560 3979 2812 4045; x_wconf 84' lang='lat' dir='ltr'><strong>all‘undit,</strong></span> <span class='ocrx_word' id='word_1_665' title='bbox 2855 3979 3082 4050; x_wconf 89' lang='lat' dir='ltr'><strong>optimis</strong></span> <span class='ocrx_word' id='word_1_666' title='bbox 3119 3979 3344 4036; x_wconf 84' lang='lat' dir='ltr'><strong>fluentis</strong></span> <span class='ocrx_word' id='word_1_667' title='bbox 3392 3990 3630 4051; x_wconf 67' lang='lat' dir='ltr'><strong>praeter-</strong></span> 
     </span>
    </p>
   </div>
   <div class='ocr_carea' id='block_1_91' title="bbox 2025 4070 3624 4143">
    <p class='ocr_par' dir='ltr' id='par_1_91' title="bbox 2025 4070 3624 4143">
     <span class='ocr_line' id='line_1_91' title="bbox 2025 4070 3624 4143; baseline -0.002 -14"><span class='ocrx_word' id='word_1_668' title='bbox 2025 4083 2220 4130; x_wconf 89' lang='lat' dir='ltr'><strong>euntes</strong></span> <span class='ocrx_word' id='word_1_669' title='bbox 2275 4088 2549 4128; x_wconf 88' lang='lat' dir='ltr'><strong>recreans.</strong></span> <span class='ocrx_word' id='word_1_670' title='bbox 2610 4071 2732 4126; x_wconf 87' lang='lat' dir='ltr'><strong>Jam</strong></span> <span class='ocrx_word' id='word_1_671' title='bbox 2787 4070 3004 4126; x_wconf 91' lang='lat' dir='ltr'><strong>Domini</strong></span> <span class='ocrx_word' id='word_1_672' title='bbox 3058 4070 3310 4127; x_wconf 80' lang='lat' dir='ltr'><strong>dictum:</strong></span> <span class='ocrx_word' id='word_1_673' title='bbox 3364 4071 3624 4143; x_wconf 77' lang='lat' dir='ltr'><strong>Princeps</strong></span> 
     </span>
    </p>
   </div>
   <div class='ocr_carea' id='block_1_92' title="bbox 2024 4163 3629 4238">
    <p class='ocr_par' dir='ltr' id='par_1_92' title="bbox 2024 4163 3629 4238">
     <span class='ocr_line' id='line_1_92' title="bbox 2024 4163 3629 4238; baseline -0.002 -16"><span class='ocrx_word' id='word_1_674' title='bbox 2024 4168 2184 4238; x_wconf 80' lang='lat' dir='ltr'><strong>hujus</strong></span> <span class='ocrx_word' id='word_1_675' title='bbox 2223 4166 2406 4221; x_wconf 85' lang='lat' dir='ltr'><strong>mundi</strong></span> <span class='ocrx_word' id='word_1_676' title='bbox 2455 4166 2600 4220; x_wconf 80' lang='lat' dir='ltr'><strong>venit</strong></span> <span class='ocrx_word' id='word_1_677' title='bbox 2620 4164 2689 4230; x_wconf 76' lang='grc' dir='ltr'><strong>⁷ο,</strong></span> <span class='ocrx_word' id='word_1_678' title='bbox 2727 4163 2806 4219; x_wconf 89' lang='lat' dir='ltr'><strong>sic</strong></span> <span class='ocrx_word' id='word_1_679' title='bbox 2835 4171 2919 4218; x_wconf 88' lang='lat' dir='ltr'><strong>est</strong></span> <span class='ocrx_word' id='word_1_680' title='bbox 2952 4163 3439 4218; x_wconf 87' lang='lat' dir='ltr'><strong>considerandum.</strong></span> <span class='ocrx_word' id='word_1_681' title='bbox 3473 4164 3629 4220; x_wconf 86' lang='lat' dir='ltr'><strong>Cun-</strong></span> 
     </span>
    </p>
   </div>
   <div class='ocr_carea' id='block_1_93' title="bbox 2024 4256 3629 4326">
    <p class='ocr_par' dir='ltr' id='par_1_93' title="bbox 2024 4256 3629 4326">
     <span class='ocr_line' id='line_1_93' title="bbox 2024 4256 3629 4326; baseline -0.002 -10"><span class='ocrx_word' id='word_1_682' title='bbox 2024 4273 2238 4317; x_wconf 89' lang='lat' dir='ltr'><strong>ctarum</strong></span> <span class='ocrx_word' id='word_1_683' title='bbox 2272 4258 2615 4315; x_wconf 88' lang='lat' dir='ltr'><strong>sensibilium</strong></span> <span class='ocrx_word' id='word_1_684' title='bbox 2648 4265 3028 4312; x_wconf 89' lang='lat' dir='ltr'><strong>creaturarum</strong></span> <span class='ocrx_word' id='word_1_685' title='bbox 3074 4256 3484 4326; x_wconf 87' lang='lat' dir='ltr'><strong>receptaculum</strong></span> <span class='ocrx_word' id='word_1_686' title='bbox 3513 4271 3629 4312; x_wconf 67' lang='lat' dir='ltr'><strong>cu:-</strong></span> 
     </span>
    </p>
   </div>
   <div class='ocr_carea' id='block_1_94' title="bbox 2020 4348 3615 4416">
    <p class='ocr_par' dir='ltr' id='par_1_94' title="bbox 2020 4348 3615 4416">
     <span class='ocr_line' id='line_1_94' title="bbox 2020 4348 3615 4416; baseline -0.004 -6"><span class='ocrx_word' id='word_1_687' title='bbox 2020 4355 2137 4410; x_wconf 85' lang='lat' dir='ltr'><strong>lum</strong></span> <span class='ocrx_word' id='word_1_688' title='bbox 2169 4364 2274 4410; x_wconf 89' lang='lat' dir='ltr'><strong>est.</strong></span> <span class='ocrx_word' id='word_1_689' title='bbox 2321 4353 2588 4408; x_wconf 77' lang='lat' dir='ltr'><strong>leestes</strong></span> <span class='ocrx_word' id='word_1_690' title='bbox 2635 4365 2766 4405; x_wconf 87' lang='lat' dir='ltr'><strong>vero</strong></span> <span class='ocrx_word' id='word_1_691' title='bbox 2808 4348 3204 4405; x_wconf 87' lang='lat' dir='ltr'><strong>intellectuales</strong></span> <span class='ocrx_word' id='word_1_692' title='bbox 3231 4349 3478 4416; x_wconf 84' lang='lat' dir='ltr'><strong>ordines,</strong></span> <span class='ocrx_word' id='word_1_693' title='bbox 3515 4365 3615 4404; x_wconf 86' lang='lat' dir='ltr'><strong>su-</strong></span> 
     </span>
    </p>
   </div>
   <div class='ocr_carea' id='block_1_95' title="bbox 2020 4443 3627 4522">
    <p class='ocr_par' dir='ltr' id='par_1_95' title="bbox 2020 4443 3627 4522">
     <span class='ocr_line' id='line_1_95' title="bbox 2020 4443 3627 4522; baseline -0.003 -18"><span class='ocrx_word' id='word_1_694' title='bbox 2020 4449 2269 4522; x_wconf 88' lang='lat' dir='ltr'><strong>periores</strong></span> <span class='ocrx_word' id='word_1_695' title='bbox 2319 4446 2730 4516; x_wconf 89' lang='lat' dir='ltr'><strong>nobilioresque</strong></span> <span class='ocrx_word' id='word_1_696' title='bbox 2762 4443 3118 4500; x_wconf 85' lang='lat' dir='ltr'><strong>terrestribus</strong></span> <span class='ocrx_word' id='word_1_697' title='bbox 3153 4457 3276 4498; x_wconf 89' lang='lat' dir='ltr'><strong>esse</strong></span> <span class='ocrx_word' id='word_1_698' title='bbox 3312 4445 3537 4508; x_wconf 85' lang='lat' dir='ltr'><strong>scimus,</strong></span> <span class='ocrx_word' id='word_1_699' title='bbox 3569 4452 3627 4499; x_wconf 88' lang='lat' dir='ltr'><strong>et</strong></span> 
     </span>
    </p>
   </div>
   <div class='ocr_carea' id='block_1_96' title="bbox 2024 4534 3626 4614">
    <p class='ocr_par' dir='ltr' id='par_1_96' title="bbox 2024 4534 3626 4614">
     <span class='ocr_line' id='line_1_96' title="bbox 2024 4534 3626 4614; baseline -0.003 -18"><span class='ocrx_word' id='word_1_700' title='bbox 2024 4537 2321 4614; x_wconf 78' lang='lat' dir='ltr'><strong>gloriOsius</strong></span> <span class='ocrx_word' id='word_1_701' title='bbox 2347 4540 2418 4595; x_wconf 94' lang='lat' dir='ltr'><strong>ob</strong></span> <span class='ocrx_word' id='word_1_702' title='bbox 2450 4539 2545 4593; x_wconf 90' lang='lat' dir='ltr'><strong>Dei</strong></span> <span class='ocrx_word' id='word_1_703' title='bbox 2575 4535 3040 4608; x_wconf 89' lang='lat' dir='ltr'><strong>propinquitatem</strong></span> <span class='ocrx_word' id='word_1_704' title='bbox 3072 4534 3366 4606; x_wconf 79' lang='lat' dir='ltr'><strong>fulgentes,</strong></span> <span class='ocrx_word' id='word_1_705' title='bbox 3408 4535 3477 4590; x_wconf 88' lang='lat' dir='ltr'><strong>ad</strong></span> <span class='ocrx_word' id='word_1_706' title='bbox 3505 4552 3626 4592; x_wconf 84' lang='lat' dir='ltr'><strong>ma-</strong></span> 
     </span>
    </p>
   </div>
   <div class='ocr_carea' id='block_1_97' title="bbox 2029 4625 3628 4699">
    <p class='ocr_par' dir='ltr' id='par_1_97' title="bbox 2029 4625 3628 4699">
     <span class='ocr_line' id='line_1_97' title="bbox 2029 4625 3628 4699; baseline -0.001 -15"><span class='ocrx_word' id='word_1_707' title='bbox 2029 4631 2207 4685; x_wconf 91' lang='lat' dir='ltr'><strong>litiam</strong></span> <span class='ocrx_word' id='word_1_708' title='bbox 2241 4629 2470 4684; x_wconf 81' lang='lat' dir='ltr'><strong>minime</strong></span> <span class='ocrx_word' id='word_1_709' title='bbox 2515 4627 2736 4699; x_wconf 83' lang='lat' dir='ltr'><strong>quidem</strong></span> <span class='ocrx_word' id='word_1_710' title='bbox 2769 4625 3041 4696; x_wconf 83' lang='lat' dir='ltr'><strong>proclives</strong></span> <span class='ocrx_word' id='word_1_711' title='bbox 3086 4635 3250 4696; x_wconf 89' lang='lat' dir='ltr'><strong>atque</strong></span> <span class='ocrx_word' id='word_1_712' title='bbox 3293 4625 3628 4698; x_wconf 82' lang='lat' dir='ltr'><strong>incorrupti-</strong></span> 
     </span>
    </p>
   </div>
   <div class='ocr_carea' id='block_1_98' title="bbox 2029 4719 3626 4781">
    <p class='ocr_par' dir='ltr' id='par_1_98' title="bbox 2029 4719 3626 4781">
     <span class='ocr_line' id='line_1_98' title="bbox 2029 4719 3626 4781; baseline -0.003 -1"><span class='ocrx_word' id='word_1_713' title='bbox 2029 4725 2191 4781; x_wconf 90' lang='lat' dir='ltr'><strong>biles.</strong></span> <span class='ocrx_word' id='word_1_714' title='bbox 2244 4723 2351 4778; x_wconf 80' lang='lat' dir='ltr'><strong>Alii</strong></span> <span class='ocrx_word' id='word_1_715' title='bbox 2392 4737 2527 4778; x_wconf 79' lang='lat' dir='ltr'><strong>vero</strong></span> <span class='ocrx_word' id='word_1_716' title='bbox 2571 4721 2658 4776; x_wconf 90' lang='lat' dir='ltr'><strong>bis</strong></span> <span class='ocrx_word' id='word_1_717' title='bbox 2689 4719 2951 4776; x_wconf 90' lang='lat' dir='ltr'><strong>contrarii</strong></span> <span class='ocrx_word' id='word_1_718' title='bbox 2987 4720 3212 4774; x_wconf 87' lang='lat' dir='ltr'><strong>fuerunt</strong></span> <span class='ocrx_word' id='word_1_719' title='bbox 3236 4719 3482 4774; x_wconf 90' lang='lat' dir='ltr'><strong>ordines.</strong></span> <span class='ocrx_word' id='word_1_720' title='bbox 3517 4720 3626 4775; x_wconf 83' lang='lat' dir='ltr'><strong>Su-</strong></span> 
     </span>
    </p>
   </div>
   <div class='ocr_carea' id='block_1_99' title="bbox 2028 4808 3624 4887">
    <p class='ocr_par' dir='ltr' id='par_1_99' title="bbox 2028 4808 3624 4887">
     <span class='ocr_line' id='line_1_99' title="bbox 2028 4808 3624 4887; baseline -0.006 -16"><span class='ocrx_word' id='word_1_721' title='bbox 2028 4816 2238 4887; x_wconf 87' lang='lat' dir='ltr'><strong>perbus</strong></span> <span class='ocrx_word' id='word_1_722' title='bbox 2264 4829 2396 4884; x_wconf 84' lang='lat' dir='ltr'><strong>ergo</strong></span> <span class='ocrx_word' id='word_1_723' title='bbox 2421 4824 2480 4868; x_wconf 91' lang='lat' dir='ltr'><strong>et</strong></span> <span class='ocrx_word' id='word_1_724' title='bbox 2513 4810 2882 4882; x_wconf 86' lang='lat' dir='ltr'><strong>nequissimus</strong></span> <span class='ocrx_word' id='word_1_725' title='bbox 2924 4809 3197 4872; x_wconf 86' lang='lat' dir='ltr'><strong>diabolus,</strong></span> <span class='ocrx_word' id='word_1_726' title='bbox 3225 4808 3295 4864; x_wconf 93' lang='lat' dir='ltr'><strong>ob</strong></span> <span class='ocrx_word' id='word_1_727' title='bbox 3324 4808 3624 4863; x_wconf 86' lang='lat' dir='ltr'><strong>elationem</strong></span> 
     </span>
    </p>
   </div>
   <div class='ocr_carea' id='block_1_100' title="bbox 2031 4900 3625 4978">
    <p class='ocr_par' dir='ltr' id='par_1_100' title="bbox 2031 4900 3625 4978">
     <span class='ocr_line' id='line_1_100' title="bbox 2031 4900 3625 4978; baseline -0.006 -13"><span class='ocrx_word' id='word_1_728' title='bbox 2031 4925 2190 4966; x_wconf 90' lang='lat' dir='ltr'><strong>suam</strong></span> <span class='ocrx_word' id='word_1_729' title='bbox 2229 4917 2284 4963; x_wconf 91' lang='lat' dir='ltr'><strong>et</strong></span> <span class='ocrx_word' id='word_1_730' title='bbox 2308 4905 2627 4978; x_wconf 79' lang='lat' dir='ltr'><strong>iactantiam</strong></span> <span class='ocrx_word' id='word_1_731' title='bbox 2673 4901 2992 4959; x_wconf 69' lang='lat' dir='ltr'><strong>ecelestibus</strong></span> <span class='ocrx_word' id='word_1_732' title='bbox 3026 4901 3235 4973; x_wconf 88' lang='lat' dir='ltr'><strong>ejectus</strong></span> <span class='ocrx_word' id='word_1_733' title='bbox 3282 4900 3456 4972; x_wconf 87' lang='lat' dir='ltr'><strong>septis</strong></span> <span class='ocrx_word' id='word_1_734' title='bbox 3495 4915 3625 4956; x_wconf 88' lang='lat' dir='ltr'><strong>cum</strong></span> 
     </span>
    </p>
   </div>
   <div class='ocr_carea' id='block_1_101' title="bbox 2027 4993 3623 5073">
    <p class='ocr_par' dir='ltr' id='par_1_101' title="bbox 2027 4993 3623 5073">
     <span class='ocr_line' id='line_1_101' title="bbox 2027 4993 3623 5073; baseline -0.006 -16"><span class='ocrx_word' id='word_1_735' title='bbox 2027 5001 2386 5073; x_wconf 80' lang='lat' dir='ltr'><strong>Stipatoribus</strong></span> <span class='ocrx_word' id='word_1_736' title='bbox 2412 4997 2706 5062; x_wconf 88' lang='lat' dir='ltr'><strong>suis,infra</strong></span> <span class='ocrx_word' id='word_1_737' title='bbox 2737 4996 3018 5051; x_wconf 79' lang='lat' dir='ltr'><strong>C(elestem</strong></span> <span class='ocrx_word' id='word_1_738' title='bbox 3045 4993 3317 5064; x_wconf 75' lang='lat' dir='ltr'><strong>sphaeram</strong></span> <span class='ocrx_word' id='word_1_739' title='bbox 3350 4993 3623 5048; x_wconf 89' lang='lat' dir='ltr'><strong>contineri</strong></span> 
     </span>
    </p>
   </div>
   <div class='ocr_carea' id='block_1_102' title="bbox 2027 5087 3627 5164">
    <p class='ocr_par' dir='ltr' id='par_1_102' title="bbox 2027 5087 3627 5164">
     <span class='ocr_line' id='line_1_102' title="bbox 2027 5087 3627 5164; baseline -0.007 -13"><span class='ocrx_word' id='word_1_740' title='bbox 2027 5094 2254 5151; x_wconf 88' lang='lat' dir='ltr'><strong>dicitur.</strong></span> <span class='ocrx_word' id='word_1_741' title='bbox 2312 5092 2457 5164; x_wconf 81' lang='lat' dir='ltr'><strong>Ergo</strong></span> <span class='ocrx_word' id='word_1_742' title='bbox 2505 5091 2658 5146; x_wconf 85' lang='lat' dir='ltr'><strong>illum</strong></span> <span class='ocrx_word' id='word_1_743' title='bbox 2705 5097 2895 5159; x_wconf 88' lang='lat' dir='ltr'><strong>utpote</strong></span> <span class='ocrx_word' id='word_1_744' title='bbox 2942 5087 3147 5157; x_wconf 89' lang='lat' dir='ltr'><strong>pariter</strong></span> <span class='ocrx_word' id='word_1_745' title='bbox 3190 5094 3534 5151; x_wconf 88' lang='lat' dir='ltr'><strong>creaturam,</strong></span> <span class='ocrx_word' id='word_1_746' title='bbox 3568 5093 3627 5140; x_wconf 83' lang='lat' dir='ltr'><strong>et</strong></span> 
     </span>
    </p>
   </div>
   <div class='ocr_carea' id='block_1_103' title="bbox 2032 5178 3623 5249">
    <p class='ocr_par' dir='ltr' id='par_1_103' title="bbox 2032 5178 3623 5249">
     <span class='ocr_line' id='line_1_103' title="bbox 2032 5178 3623 5249; baseline -0.008 -5"><span class='ocrx_word' id='word_1_747' title='bbox 2032 5186 2310 5244; x_wconf 92' lang='lat' dir='ltr'><strong>sensibilis</strong></span> <span class='ocrx_word' id='word_1_748' title='bbox 2337 5184 2525 5241; x_wconf 91' lang='lat' dir='ltr'><strong>mundi</strong></span> <span class='ocrx_word' id='word_1_749' title='bbox 2560 5183 2817 5247; x_wconf 89' lang='lat' dir='ltr'><strong>incolam,</strong></span> <span class='ocrx_word' id='word_1_750' title='bbox 2849 5189 2996 5236; x_wconf 89' lang='lat' dir='ltr'><strong>recte</strong></span> <span class='ocrx_word' id='word_1_751' title='bbox 3028 5178 3293 5235; x_wconf 91' lang='lat' dir='ltr'><strong>Dominus</strong></span> <span class='ocrx_word' id='word_1_752' title='bbox 3319 5179 3623 5249; x_wconf 82' lang='lat' dir='ltr'><strong>principem</strong></span> 
     </span>
    </p>
   </div>
   <div class='ocr_carea' id='block_1_104' title="bbox 315 5268 1923 5363">
    <p class='ocr_par' dir='ltr' id='par_1_104' title="bbox 315 5284 1916 5363">
     <span class='ocr_line' id='line_1_104' title="bbox 315 5284 1916 5363; baseline -0.004 -19"><span class='ocrx_word' id='word_1_753' title='bbox 315 5288 413 5345; x_wconf 83' lang='grc' dir='ltr'><strong>οὖν</strong></span> <span class='ocrx_word' id='word_1_754' title='bbox 443 5291 650 5363; x_wconf 88' lang='grc' dir='ltr'>κτίσμα</span> <span class='ocrx_word' id='word_1_755' title='bbox 697 5290 827 5344; x_wconf 79' lang='grc' dir='ltr'>ὄντα</span> <span class='ocrx_word' id='word_1_756' title='bbox 878 5291 1132 5343; x_wconf 82' lang='grc' dir='ltr'>κάκεῖνον</span> <span class='ocrx_word' id='word_1_757' title='bbox 1183 5289 1279 5342; x_wconf 76' lang='grc' dir='ltr'><strong>καὶ</strong></span> <span class='ocrx_word' id='word_1_758' title='bbox 1329 5288 1478 5341; x_wconf 90' lang='grc' dir='ltr'>τόνδε</span> <span class='ocrx_word' id='word_1_759' title='bbox 1511 5287 1602 5341; x_wconf 83' lang='grc' dir='ltr'><strong>τὸν</strong></span> <span class='ocrx_word' id='word_1_760' title='bbox 1658 5284 1916 5357; x_wconf 74' lang='grc' dir='ltr'>αἰσθητὸν</span> 
     </span>
    </p>
   </div>
   <div class='ocr_carea' id='block_1_105' title="bbox 2027 5268 3620 5363">
    <p class='ocr_par' dir='ltr' id='par_1_105' title="bbox 2027 5270 3620 5352">
     <span class='ocr_line' id='line_1_105' title="bbox 2027 5270 3620 5352; baseline -0.009 -13"><span class='ocrx_word' id='word_1_761' title='bbox 2027 5282 2184 5347; x_wconf 86' lang='lat' dir='ltr'><strong>dixit,</strong></span> <span class='ocrx_word' id='word_1_762' title='bbox 2213 5279 2446 5352; x_wconf 84' lang='lat' dir='ltr'><strong>primam</strong></span> <span class='ocrx_word' id='word_1_763' title='bbox 2474 5277 2642 5333; x_wconf 80' lang='lat' dir='ltr'><strong>veluti</strong></span> <span class='ocrx_word' id='word_1_764' title='bbox 2672 5285 3004 5340; x_wconf 80' lang='lat' dir='ltr'><strong>creaturam,</strong></span> <span class='ocrx_word' id='word_1_765' title='bbox 3036 5283 3093 5329; x_wconf 89' lang='lat' dir='ltr'><strong>et</strong></span> <span class='ocrx_word' id='word_1_766' title='bbox 3119 5288 3233 5344; x_wconf 63' lang='lat' dir='ltr'><strong>prae</strong></span> <span class='ocrx_word' id='word_1_767' title='bbox 3271 5272 3486 5328; x_wconf 63' lang='lat' dir='ltr'><strong>caeteris</strong></span> <span class='ocrx_word' id='word_1_768' title='bbox 3511 5270 3620 5342; x_wconf 79' lang='lat'><strong>55</strong></span> 
     </span>
    </p>
   </div>
   <div class='ocr_carea' id='block_1_106' title="bbox 314 5379 1920 5455">
    <p class='ocr_par' dir='ltr' id='par_1_106' title="bbox 314 5379 1920 5455">
     <span class='ocr_line' id='line_1_106' title="bbox 314 5379 1920 5455; baseline -0.005 -17"><span class='ocrx_word' id='word_1_769' title='bbox 314 5384 524 5454; x_wconf 86' lang='grc' dir='ltr'>κόσμον</span> <span class='ocrx_word' id='word_1_770' title='bbox 559 5383 1018 5455; x_wconf 84' lang='grc' dir='ltr'>περιπολεύοντα,</span> <span class='ocrx_word' id='word_1_771' title='bbox 1054 5381 1281 5445; x_wconf 82' lang='grc' dir='ltr'>εἰκότως</span> <span class='ocrx_word' id='word_1_772' title='bbox 1329 5383 1358 5435; x_wconf 92' lang='lat'><strong>6</strong></span> <span class='ocrx_word' id='word_1_773' title='bbox 1416 5380 1622 5452; x_wconf 85' lang='grc' dir='ltr'>Κύριος</span> <span class='ocrx_word' id='word_1_774' title='bbox 1679 5379 1920 5451; x_wconf 82' lang='grc' dir='ltr'>ἄρχοντα</span> 
     </span>
    </p>
   </div>
   <div class='ocr_carea' id='block_1_107' title="bbox 315 5469 1920 5547">
    <p class='ocr_par' dir='ltr' id='par_1_107' title="bbox 315 5469 1920 5547">
     <span class='ocr_line' id='line_1_107' title="bbox 315 5469 1920 5547; baseline -0.006 -17"><span class='ocrx_word' id='word_1_775' title='bbox 315 5477 486 5530; x_wconf 75' lang='grc' dir='ltr'>αὑτὸν</span> <span class='ocrx_word' id='word_1_776' title='bbox 536 5477 779 5547; x_wconf 77' lang='grc' dir='ltr'>εἴρηκεν,</span> <span class='ocrx_word' id='word_1_777' title='bbox 807 5474 1013 5528; x_wconf 76' lang='grc' dir='ltr'>ὡσανεὶ</span> <span class='ocrx_word' id='word_1_778' title='bbox 1037 5473 1258 5545; x_wconf 85' lang='grc' dir='ltr'>πρῶτον</span> <span class='ocrx_word' id='word_1_779' title='bbox 1283 5471 1496 5543; x_wconf 88' lang='grc' dir='ltr'>κτίσμα</span> <span class='ocrx_word' id='word_1_780' title='bbox 1523 5471 1618 5525; x_wconf 73' lang='grc' dir='ltr'><strong>καὶ</strong></span> <span class='ocrx_word' id='word_1_781' title='bbox 1660 5469 1920 5541; x_wconf 80' lang='grc' dir='ltr'>τιμιώτε-</span> 
     </span>
    </p>
   </div>
   <div class='ocr_carea' id='block_1_108' title="bbox 317 5558 1920 5642">
    <p class='ocr_par' dir='ltr' id='par_1_108' title="bbox 317 5558 1920 5642">
     <span class='ocr_line' id='line_1_108' title="bbox 317 5558 1920 5642; baseline -0.006 -19"><span class='ocrx_word' id='word_1_782' title='bbox 317 5586 411 5642; x_wconf 90' lang='grc' dir='ltr'><strong>ρον</strong></span> <span class='ocrx_word' id='word_1_783' title='bbox 435 5569 731 5640; x_wconf 86' lang='grc' dir='ltr'>γενόμενον</span> <span class='ocrx_word' id='word_1_784' title='bbox 758 5568 916 5622; x_wconf 84' lang='grc' dir='ltr'>τοῦδε</span> <span class='ocrx_word' id='word_1_785' title='bbox 944 5565 1042 5621; x_wconf 83' lang='grc' dir='ltr'>τοῦ</span> <span class='ocrx_word' id='word_1_786' title='bbox 1065 5565 1386 5637; x_wconf 84' lang='grc' dir='ltr'>αἰσθητικοῦ</span> <span class='ocrx_word' id='word_1_787' title='bbox 1421 5565 1650 5636; x_wconf 85' lang='grc' dir='ltr'>κόσμου.</span> <span class='ocrx_word' id='word_1_788' title='bbox 1681 5558 1790 5616; x_wconf 79' lang='grc' dir='ltr'>Ἱιν</span> <span class='ocrx_word' id='word_1_789' title='bbox 1811 5561 1920 5634; x_wconf 87' lang='grc' dir='ltr'><strong>γάρ</strong></span> 
     </span>
    </p>
   </div>
   <div class='ocr_carea' id='block_1_109' title="bbox 312 5655 1916 5734">
    <p class='ocr_par' dir='ltr' id='par_1_109' title="bbox 312 5655 1916 5734">
     <span class='ocr_line' id='line_1_109' title="bbox 312 5655 1916 5734; baseline -0.006 -17"><span class='ocrx_word' id='word_1_790' title='bbox 312 5679 448 5717; x_wconf 89' lang='grc' dir='ltr'>ποτε</span> <span class='ocrx_word' id='word_1_791' title='bbox 480 5663 719 5734; x_wconf 86' lang='grc' dir='ltr'>κρείττω</span> <span class='ocrx_word' id='word_1_792' title='bbox 739 5661 848 5716; x_wconf 89' lang='grc' dir='ltr'><strong>τῶν</strong></span> <span class='ocrx_word' id='word_1_793' title='bbox 878 5659 1174 5733; x_wconf 84' lang='grc' dir='ltr'>αἰσθητῶν,</span> <span class='ocrx_word' id='word_1_794' title='bbox 1207 5661 1234 5713; x_wconf 89' lang='lat'><strong>6</strong></span> <span class='ocrx_word' id='word_1_795' title='bbox 1263 5658 1356 5712; x_wconf 76' lang='grc' dir='ltr'>καὶ</span> <span class='ocrx_word' id='word_1_796' title='bbox 1381 5658 1480 5729; x_wconf 85' lang='grc' dir='ltr'>τῆς</span> <span class='ocrx_word' id='word_1_797' title='bbox 1505 5655 1774 5721; x_wconf 84' lang='grc' dir='ltr'>δυσώδους</span> <span class='ocrx_word' id='word_1_798' title='bbox 1818 5656 1916 5709; x_wconf 87' lang='grc' dir='ltr'>κό-</span> 
     </span>
    </p>
   </div>
   <div class='ocr_carea' id='block_1_110' title="bbox 309 5749 1919 5832">
    <p class='ocr_par' dir='ltr' id='par_1_110' title="bbox 309 5749 1919 5832">
     <span class='ocr_line' id='line_1_110' title="bbox 309 5749 1919 5832; baseline -0.006 -22"><span class='ocrx_word' id='word_1_799' title='bbox 309 5773 453 5828; x_wconf 80' lang='grc' dir='ltr'>πρου</span> <span class='ocrx_word' id='word_1_800' title='bbox 511 5755 716 5826; x_wconf 82' lang='grc' dir='ltr'>ἀρτίως</span> <span class='ocrx_word' id='word_1_801' title='bbox 770 5754 1036 5825; x_wconf 83' lang='grc' dir='ltr'>ὑπάρχων</span> <span class='ocrx_word' id='word_1_802' title='bbox 1091 5750 1556 5822; x_wconf 81' lang='grc' dir='ltr'>ἀκαθαρτότερος.</span> <span class='ocrx_word' id='word_1_803' title='bbox 1603 5749 1716 5802; x_wconf 71' lang='grc' dir='ltr'><strong>Καὶ</strong></span> <span class='ocrx_word' id='word_1_804' title='bbox 1753 5749 1919 5832; x_wconf 74' lang='grc' dir='ltr'>ᾑμεῖς</span> 
     </span>
    </p>
   </div>
   <div class='ocr_carea' id='block_1_111' title="bbox 385 5909 1928 5986">
    <p class='ocr_par' dir='ltr' id='par_1_111' title="bbox 385 5909 1928 5986">
     <span class='ocr_line' id='line_1_111' title="bbox 385 5909 1928 5986; baseline -0.004 -14"><span class='ocrx_word' id='word_1_805' title='bbox 385 5913 430 5948; x_wconf 81' lang='grc'><strong>⁸⁸</strong></span> <span class='ocrx_word' id='word_1_806' title='bbox 462 5915 509 5972; x_wconf 89' lang='lat' dir='ltr'><strong>ll</strong></span> <span class='ocrx_word' id='word_1_807' title='bbox 553 5915 676 5974; x_wconf 87' lang='lat' dir='ltr'><strong>Cor.</strong></span> <span class='ocrx_word' id='word_1_808' title='bbox 703 5931 756 5986; x_wconf 64' lang='grc' dir='ltr'><strong>ι,</strong></span> <span class='ocrx_word' id='word_1_809' title='bbox 782 5915 848 5973; x_wconf 81' lang='grc'><strong>5.’</strong></span> <span class='ocrx_word' id='word_1_810' title='bbox 913 5916 958 5947; x_wconf 74' lang='grc'>⁸⁸</span> <span class='ocrx_word' id='word_1_811' title='bbox 998 5912 1018 5969; x_wconf 90' lang='lat' dir='ltr'><strong>l</strong></span> <span class='ocrx_word' id='word_1_812' title='bbox 1050 5913 1191 5972; x_wconf 93' lang='lat' dir='ltr'><strong>Tim.</strong></span> <span class='ocrx_word' id='word_1_813' title='bbox 1228 5930 1265 5984; x_wconf 87' lang='grc' dir='ltr'><strong>ι,</strong></span> <span class='ocrx_word' id='word_1_814' title='bbox 1297 5915 1350 5972; x_wconf 88' lang='lat'><strong>9.</strong></span> <span class='ocrx_word' id='word_1_815' title='bbox 1427 5909 1655 5970; x_wconf 76' lang='lat' dir='ltr'><strong>&quot;Joan.</strong></span> <span class='ocrx_word' id='word_1_816' title='bbox 1693 5926 1809 5980; x_wconf 76' lang='lat' dir='ltr'><strong>xw,</strong></span> <span class='ocrx_word' id='word_1_817' title='bbox 1837 5909 1928 5967; x_wconf 82' lang='lat'><strong>50.</strong></span> 
     </span>
    </p>
   </div>
   <div class='ocr_carea' id='block_1_112' title="bbox 2018 5365 3621 5445">
    <p class='ocr_par' dir='ltr' id='par_1_112' title="bbox 2018 5365 3621 5445">
     <span class='ocr_line' id='line_1_112' title="bbox 2018 5365 3621 5445; baseline -0.009 -12"><span class='ocrx_word' id='word_1_818' title='bbox 2018 5376 2215 5433; x_wconf 90' lang='lat' dir='ltr'><strong>mundi</strong></span> <span class='ocrx_word' id='word_1_819' title='bbox 2250 5374 2418 5445; x_wconf 83' lang='lat' dir='ltr'><strong>hujus</strong></span> <span class='ocrx_word' id='word_1_820' title='bbox 2463 5372 2818 5428; x_wconf 90' lang='lat' dir='ltr'><strong>nobiliorem.</strong></span> <span class='ocrx_word' id='word_1_821' title='bbox 2843 5368 2971 5424; x_wconf 89' lang='lat' dir='ltr'><strong>Fuit</strong></span> <span class='ocrx_word' id='word_1_822' title='bbox 3000 5367 3147 5423; x_wconf 89' lang='lat' dir='ltr'><strong>enim</strong></span> <span class='ocrx_word' id='word_1_823' title='bbox 3177 5365 3472 5436; x_wconf 81' lang='lat' dir='ltr'><strong>aliquando</strong></span> <span class='ocrx_word' id='word_1_824' title='bbox 3499 5380 3621 5420; x_wconf 79' lang='lat' dir='ltr'><strong>sen-</strong></span> 
     </span>
    </p>
   </div>
   <div class='ocr_carea' id='block_1_113' title="bbox 2026 5458 3618 5530">
    <p class='ocr_par' dir='ltr' id='par_1_113' title="bbox 2026 5458 3618 5530">
     <span class='ocr_line' id='line_1_113' title="bbox 2026 5458 3618 5530; baseline -0.009 -6"><span class='ocrx_word' id='word_1_825' title='bbox 2026 5467 2280 5524; x_wconf 84' lang='lat' dir='ltr'><strong>sibilibns</strong></span> <span class='ocrx_word' id='word_1_826' title='bbox 2315 5463 2532 5521; x_wconf 91' lang='lat' dir='ltr'><strong>cunctis</strong></span> <span class='ocrx_word' id='word_1_827' title='bbox 2569 5462 2784 5526; x_wconf 85' lang='lat' dir='ltr'><strong>melior,</strong></span> <span class='ocrx_word' id='word_1_828' title='bbox 2817 5459 2911 5530; x_wconf 90' lang='lat' dir='ltr'><strong>qui</strong></span> <span class='ocrx_word' id='word_1_829' title='bbox 2943 5475 3093 5514; x_wconf 85' lang='lat' dir='ltr'><strong>nunc</strong></span> <span class='ocrx_word' id='word_1_830' title='bbox 3125 5467 3211 5514; x_wconf 90' lang='lat' dir='ltr'><strong>est</strong></span> <span class='ocrx_word' id='word_1_831' title='bbox 3240 5458 3445 5513; x_wconf 89' lang='lat' dir='ltr'><strong>fetente</strong></span> <span class='ocrx_word' id='word_1_832' title='bbox 3475 5464 3618 5511; x_wconf 89' lang='lat' dir='ltr'><strong>ster-</strong></span> 
     </span>
    </p>
   </div>
   <div class='ocr_carea' id='block_1_114' title="bbox 2019 5545 3618 5628">
    <p class='ocr_par' dir='ltr' id='par_1_114' title="bbox 2019 5545 3618 5628">
     <span class='ocr_line' id='line_1_114' title="bbox 2019 5545 3618 5628; baseline -0.009 -12"><span class='ocrx_word' id='word_1_833' title='bbox 2019 5574 2150 5616; x_wconf 91' lang='lat' dir='ltr'><strong>core</strong></span> <span class='ocrx_word' id='word_1_834' title='bbox 2180 5556 2469 5628; x_wconf 89' lang='lat' dir='ltr'><strong>impurior.</strong></span> <span class='ocrx_word' id='word_1_835' title='bbox 2503 5554 2572 5608; x_wconf 85' lang='lat' dir='ltr'><strong>Et</strong></span> <span class='ocrx_word' id='word_1_836' title='bbox 2611 5568 2716 5608; x_wconf 91' lang='lat' dir='ltr'><strong>nos</strong></span> <span class='ocrx_word' id='word_1_837' title='bbox 2758 5567 2978 5623; x_wconf 87' lang='lat' dir='ltr'><strong>quoque</strong></span> <span class='ocrx_word' id='word_1_838' title='bbox 3009 5548 3335 5622; x_wconf 86' lang='lat' dir='ltr'><strong>principium</strong></span> <span class='ocrx_word' id='word_1_839' title='bbox 3378 5545 3618 5603; x_wconf 88' lang='lat' dir='ltr'><strong>sensibi-</strong></span> 
     </span>
    </p>
   </div>
   <div class='ocr_carea' id='block_1_115' title="bbox 2023 5639 3616 5708">
    <p class='ocr_par' dir='ltr' id='par_1_115' title="bbox 2023 5639 3616 5708">
     <span class='ocr_line' id='line_1_115' title="bbox 2023 5639 3616 5708; baseline -0.008 -4"><span class='ocrx_word' id='word_1_840' title='bbox 2023 5650 2158 5708; x_wconf 88' lang='lat' dir='ltr'><strong>lium</strong></span> <span class='ocrx_word' id='word_1_841' title='bbox 2201 5647 2450 5704; x_wconf 90' lang='lat' dir='ltr'><strong>omnium</strong></span> <span class='ocrx_word' id='word_1_842' title='bbox 2503 5643 2598 5698; x_wconf 88' lang='lat' dir='ltr'><strong>Dei</strong></span> <span class='ocrx_word' id='word_1_843' title='bbox 2649 5650 3025 5698; x_wconf 87' lang='lat' dir='ltr'><strong>creaturarum</strong></span> <span class='ocrx_word' id='word_1_844' title='bbox 3073 5639 3271 5696; x_wconf 86' lang='lat' dir='ltr'><strong>coelum</strong></span> <span class='ocrx_word' id='word_1_845' title='bbox 3304 5647 3616 5708; x_wconf 87' lang='lat' dir='ltr'><strong>terramque</strong></span> 
     </span>
    </p>
   </div>
   <div class='ocr_carea' id='block_1_116' title="bbox 2019 5731 3612 5809">
    <p class='ocr_par' dir='ltr' id='par_1_116' title="bbox 2019 5731 3612 5809">
     <span class='ocr_line' id='line_1_116' title="bbox 2019 5731 3612 5809; baseline -0.012 -6"><span class='ocrx_word' id='word_1_846' title='bbox 2019 5757 2143 5803; x_wconf 85' lang='lat' dir='ltr'><strong>esse</strong></span> <span class='ocrx_word' id='word_1_847' title='bbox 2182 5739 2448 5807; x_wconf 88' lang='lat' dir='ltr'><strong>dicimus,</strong></span> <span class='ocrx_word' id='word_1_848' title='bbox 2484 5751 2597 5795; x_wconf 90' lang='lat' dir='ltr'><strong>non</strong></span> <span class='ocrx_word' id='word_1_849' title='bbox 2637 5737 2784 5809; x_wconf 91' lang='lat' dir='ltr'><strong>quod</strong></span> <span class='ocrx_word' id='word_1_850' title='bbox 2825 5735 2946 5794; x_wconf 69' lang='lat' dir='ltr'><strong>bmc</strong></span> <span class='ocrx_word' id='word_1_851' title='bbox 2976 5733 3189 5794; x_wconf 61' lang='lat' dir='ltr'><strong>caeteris</strong></span> <span class='ocrx_word' id='word_1_852' title='bbox 3233 5731 3612 5797; x_wconf 88' lang='lat' dir='ltr'><strong>dominentur,</strong></span> 
     </span>
    </p>
   </div>
  </div>
