4142 6436
619 384 766 452 1315

2025 389 2258 450 PETRI
2295 390 2549 452 SICULl

3776 385 3880 454 1316

601 499 702 555 sed
737 500 867 570 quia
906 497 1244 571 principium
1275 498 1478 556 divinae
1525 497 1820 555 creationis
1850 496 2022 552 fuere.
2057 498 2217 553 Prin-

2337 501 2436 572 γὰρ
2478 499 2656 571 ἀρχὴν
2695 497 2806 552 τῶν
2856 496 3129 567 αἰσθητῶν
3158 496 3254 551 τοῦ
3291 497 3428 551 Θεοῦ
3482 497 3789 566 κτισμάτων
3815 501 3884 551 τὸν

604 592 814 664 cipales
861 594 992 649 item
1041 594 1188 649 viros
1218 603 1274 650 et
1322 594 1708 650 honoratiores
1744 595 1797 647 in
1841 593 2074 648 urbibus
2120 601 2216 648 aut

602 686 778 759 pagis,
808 702 1070 758 proceres
1097 703 1162 742 ac
1188 689 1472 759 principes
1497 688 1685 743 dicere
1713 687 1976 751 solemus,
2017 686 2121 740 etsi
2160 687 2213 739 in

605 780 883 836 neminem
915 789 1244 851 potestatem
1281 782 1542 838 habeant.
1576 781 1668 838 Sic
1696 796 1830 846 ergo
1854 797 1885 836 a
1930 795 2017 836 me
2048 779 2216 834 intel-

603 871 793 943 ligitur
824 874 990 944 hujus
1024 873 1214 928 mundi
1249 873 1527 946 princeps.

2322 593 2554 663 οὐρανὸν
2586 593 2682 646 καὶ
2713 591 2811 661 τὴν
2843 591 2950 660 γῆν
2981 587 3140 660 ,εἶναι
3191 589 3446 660 λέγομεν,
3485 589 3590 660 οὐχ
3635 591 3716 643 ὅτι
3746 590 3887 644 ἀλλων

2323 685 2488 738 τινῶν
2545 684 2954 750 ἐξουσιάζουσιν
2986 723 3002 747 ,
3034 683 3148 736 ἀλλ’
3175 683 3259 735 ὅτι
3308 683 3454 753 ἀρχὴ
3497 681 3602 750 τῆς
3651 681 3739 734 τοῦ
3785 682 3890 736 Θεοῦ

2325 778 2691 850 δημιουργίας
2721 777 2882 832 εἰσίν.
2916 776 3028 831 Καὶ
3064 776 3191 840 τοὺς
3222 775 3475 846 πρώτους
3514 775 3614 828 καὶ
3646 777 3891 845 ἐντιμοτέ-

2330 888 2458 941 ρους
2506 873 2564 925 ὲν
2599 873 2718 934 ταῖς
2771 869 3056 940 πόλεσινῆ
3110 871 3168 922 ὲν
3209 871 3329 932 ταῖς
3367 867 3592 937 κώμαις
3641 869 3895 938 προοίκιυς

603 965 702 1019 καὶ
748 965 1020 1037 ἄρχοντας
1067 965 1342 1036 εἰώθαμεν
1396 963 1599 1036 λέγειν,
1647 965 1855 1036 καίπερ
1918 961 2084 1018 τινῶν
2136 962 2212 1034 μὴ
2286 961 2723 1028 ἐξουσιάζοντας.
2757 960 2916 1015 Οὕτω
2962 961 3164 1014 νοεῖταί
3213 960 3365 1032 μοιὸ
3395 960 3590 1032 ἄρχων
3608 959 3700 1013 τοῦ
3724 963 3896 1033 κόσμον

603 1073 699 1112 του
707 1073 800 1110 του
809 1095 824 1111 .

675 1150 818 1206 Vill.
863 1149 1029 1217 Quod
1087 1149 1134 1205 si
1184 1148 1325 1206 forte
1374 1151 1808 1208 concederemus
1861 1153 2040 1225 ipsum
2101 1155 2230 1210 huic

604 1244 812 1301 mundo
834 1243 1130 1310 dominari,
1157 1251 1290 1298 tunc
1319 1243 1390 1298 ita
1424 1243 1722 1300 dicendum
1752 1255 1856 1301 est.
1906 1246 2082 1303 llomo
2106 1265 2231 1320 par-

605 1353 709 1394 vus
749 1337 992 1392 mundus
1033 1346 1089 1390 et
1118 1346 1203 1392 est
1243 1346 1300 1391 et
1334 1337 1536 1392 dicitur
1565 1355 1580 1392 :
1611 1355 1774 1408 quam
1806 1357 1919 1394 rem
1962 1341 2102 1396 bene
2135 1359 2230 1396 co-

605 1447 858 1504 gnosces,
890 1431 936 1487 si
975 1430 1249 1485 elementa
1290 1429 1511 1502 singula
1561 1433 1764 1503 quibus
1791 1443 2011 1490 constat
2043 1437 2229 1491 consi-

606 1524 928 1587 deraveris,
980 1531 1038 1578 et
1081 1525 1304 1579 cuinam
1353 1523 1566 1596 singula
1620 1527 1902 1582 mundano
1954 1529 2228 1586 elemento

606 1618 1002 1688 respondeant,
1038 1625 1095 1671 et
1130 1616 1277 1671 unde
1312 1618 1745 1689 unumquodque
1811 1622 2120 1677 consistat:
2154 1624 2226 1678 ita

606 1719 668 1766 ut
699 1710 768 1777 si,
801 1709 1034 1765 consilio
1072 1708 1278 1780 aliquo,
1317 1711 1403 1764 vel
1433 1726 1607 1766 unum
1641 1726 1707 1766 ex
1739 1713 2031 1768 elementis
2057 1731 2221 1768 umn-

2405 1151 2488 1206 η’.
2531 1151 2670 1206 Ἀλλ’
2691 1152 2741 1204 εἰ
2775 1151 2874 1204 καὶ
2919 1150 3102 1221 δῶμεν
3145 1149 3308 1204 αὑτὸν
3339 1150 3533 1220 ἄρχειν
3572 1150 3667 1204 καὶ
3695 1150 3901 1216 ἐξουσιά-

2331 1248 2446 1312 ζειν
2478 1245 2632 1300 τοῦδε
2674 1245 2770 1298 τοῦ
2816 1246 3048 1315 κόσμου,
3077 1243 3271 1316 ῥητέον
3301 1244 3500 1309 οὕτως·
3553 1244 3616 1299 Ὁ
3649 1245 3901 1317 ἄνθρωπος

2334 1341 2530 1409 μικρὸς
2563 1339 2770 1409 κόσμος
2793 1337 2889 1391 καὶ
2913 1338 3027 1390 ἔστι
3054 1338 3150 1390 καὶ
3181 1338 3421 1404 λέγεταιο
3458 1340 3558 1392 καὶ
3590 1337 3744 1391 τοῦτο
3771 1340 3900 1408 ἀκρι-

2333 1433 2442 1494 ϐῶς
2468 1433 2654 1503 γνώσῃ
2688 1431 2798 1484 τῶν
2844 1432 2974 1502 περὶ
3016 1430 3180 1484 αὑτὸν
3213 1431 3500 1500 στοιχείων
3533 1431 3899 1502 ἀναλογισάμε-

2332 1543 2420 1590 νος
2467 1526 2566 1597 τὴν
2616 1525 2888 1588 σύνθεσιν,
2936 1524 3031 1578 καὶ
3063 1526 3217 1577 ποῖον
3241 1525 3477 1578 ἕκαστον
3514 1525 3657 1594 ποίῳ
3683 1524 3899 1596 κοσμικῷ

2333 1619 2584 1690 στοιχείῳ
2612 1617 2810 1682 ἔοικεν,
2842 1618 2938 1671 καὶ
2977 1620 3042 1671 ἐκ
3070 1619 3225 1672 ποίου
3255 1618 3491 1672 ’ἑκαστον
3523 1618 3899 1687 μεταλαμϐάνει

2333 1712 2426 1766 καὶ⁴
2457 1711 2794 1764 συνίσταται·
2832 1708 2979 1783 [cod.
3007 1712 3044 1764 Γ.
3071 1710 3222 1781 117.]
3253 1710 3391 1764 ὥστε
3412 1713 3462 1764 εἰ
3503 1710 3718 1782 ἐπινοίᾳ
3745 1711 3834 1763 τινὶ
3854 1709 3899 1762 ἓν

607 1800 790 1867 danis,
830 1799 1070 1866 deﬁciat,
1106 1800 1220 1870 jam
1258 1815 1370 1855 non
1407 1801 1478 1856 sit
1513 1801 1679 1858 homo
1711 1803 1914 1858 animal
1952 1806 2221 1860 rationale

2337 1803 2444 1856 τῶν
2492 1802 2776 1873 κοσμικῶν
2810 1805 3093 1873 στοιχείων
3139 1802 3404 1872 ἐκλείψει,
3452 1803 3562 1856 οὐκ
3612 1802 3759 1854 ἔσται
3787 1801 3897 1866 ζῶον

609 1892 869 1958 mortale,
903 1907 1088 1962 neque
1122 1892 1254 1946 item
1287 1893 1546 1950 universa
1577 1903 1735 1951 terrae
1775 1895 1982 1952 fabrica
2015 1897 2226 1954 diutius

611 1984 898 2041 subsistat.
929 1983 1068 2056 Ergo
1094 1999 1220 2039 cum
1247 1994 1425 2040 semet
1456 1987 1711 2044 homines
1740 1989 1809 2044 ab
1849 2005 1960 2045 uno
1991 1991 2225 2062 purissi-

613 2092 817 2147 moque
872 2075 986 2131 Deo
1035 2085 1233 2148 sponte
1282 2079 1699 2148 separaverint,
1755 2081 1973 2137 blandis
2023 2083 2225 2138 diaboli

610 2170 759 2225 escis
784 2169 972 2235 illecti,
993 2177 1049 2225 et
1070 2171 1384 2227 carnalibus
1408 2172 1605 2228 irretiti
1624 2176 1975 2246 corruptelis,
1994 2192 2226 2247 quarum

616 2263 708 2318 ille
731 2263 995 2334 magister
1020 2271 1128 2330 est,
1159 2262 1341 2335 ipsum
1364 2277 1772 2337 consequenter
1793 2277 2099 2339 apostatam
2125 2270 2228 2326 sibi

623 2355 931 2428 principem
963 2355 1272 2413 effecerunt
1302 2376 1315 2412 :
1350 2374 1515 2427 quem
1547 2376 1733 2415 rerum
1765 2361 1970 2424 exitus,
2003 2377 2114 2417 non
2149 2363 2231 2418 di-

612 2446 741 2505 vina
766 2446 1118 2505 Providentia
1149 2450 1458 2522 principem
1482 2453 1772 2509 constituit
1799 2455 2019 2521 mundi,
2063 2456 2117 2510 id
2147 2465 2234 2511 est

617 2541 1057 2599 inconstantium
1082 2553 1137 2599 et
1161 2544 1245 2599 sui
1273 2545 1490 2600 arbitrii
1516 2545 1802 2602 hominum
1830 2548 2229 2620 improborum.

617 2632 757 2688 Nam
793 2649 988 2704 reapse
1031 2635 1163 2691 solis
1194 2636 1460 2706 improbis
1509 2637 1827 2694 dominatur
1856 2657 1871 2694 :
1912 2654 2072 2695 secus
2103 2655 2233 2696 vero

613 2727 776 2784 bonis
802 2726 1054 2799 frugique
1082 2729 1401 2784 hominibus
1426 2730 1566 2786 adeo
1598 2746 1708 2786 non
1736 2733 1988 2803 imperat,
2021 2741 2079 2787 ut
2099 2749 2224 2788 cum

618 2826 768 2874 metu
804 2819 988 2889 potius
1020 2819 1088 2874 iis
1122 2821 1357 2884 serviat,
1385 2830 1441 2876 ct
1479 2821 1724 2893 ipsorum
1756 2824 2000 2895 jussibus
2028 2825 2227 2880 timens

623 2921 982 2982 tremensque
1024 2913 1392 2985 obtemperet,
1452 2915 1498 2972 si
1543 2917 1676 2986 quid
1716 2917 1818 2987 ipsi
1855 2924 1915 2971 ut
1954 2919 2229 2989 mancipio

619 3009 909 3064 mandent.
929 3009 1108 3065 Veluti
1128 3007 1281 3064 Pauli
1305 3009 1466 3080 jussu
1498 3010 1830 3082 pythonicus
1869 3011 2094 3081 spiritus
2117 3012 2230 3081 eje-

613 3110 738 3158 ctus
761 3099 865 3156 fuit
885 3101 927 3132 “
952 3118 966 3166 ;
995 3112 1050 3157 et
1072 3101 1240 3156 homo
1257 3101 1347 3156 ille
1369 3103 1464 3172 qui
1489 3103 1739 3157 Corinthi
1763 3112 2089 3173 peccaverat
2111 3103 2230 3157 dia-

2331 1894 2552 1962 λογικὶν
2605 1893 2798 1964 Θνητὺν
2828 1894 2887 1947 τὸ
2918 1896 3202 1964 παράπαν,
3232 1894 3347 1948 ἀλλ’
3377 1895 3505 1949 οὐδὲ
3561 1897 3710 1948 πᾶσα
3747 1895 3777 1964 ἠ
3819 1896 3895 1964 τῆς

2335 1986 2440 2056 γῆς
2494 1986 2876 2055 διακόσμησις.
2945 1984 3207 2049 Ἑαυτοὺς
3263 1982 3358 2040 οῦν
3408 1989 3460 2039 οἱ
3511 1985 3783 2057 ἄνθρωποι
3823 1983 3895 2037 τοῦ

2339 2079 2504 2149 μόνου
2562 2079 2660 2130 καὶ
2711 2076 3107 2149 καθαρωτάτου
3140 2075 3275 2130 Θεοῦ
3325 2077 3621 2141 ἑκουσίως,
3655 2075 3892 2146 ἀποχωρί-

2338 2187 2553 2235 σαντες,
2604 2170 2698 2223 καὶ
2750 2174 2863 2233 τοῖς
2899 2169 2996 2224 τοῦ
3048 2168 3288 2241 πονηροῦ
3341 2170 3712 2232 θωπευτικοῖς
3765 2184 3892 2238 προσ-

2341 2265 2564 2336 ρυέντες
2615 2263 2968 2335 δελεάσμασι,
3002 2263 3237 2327 καὶτοῖς
3267 2267 3563 2335 σαρκικοῖς
3594 2241 3885 2323 συνδεθέιπις

2335 2360 2634 2430 μιάσμασι,
2665 2352 2744 2413 ὧν
2792 2359 2956 2422 αὑτός
3002 2360 3120 2412 ἐστι
3153 2357 3499 2425 διδάσκαλος,
3535 2358 3762 2420 εἰκότως
3801 2357 3886 2408 ἑαν-

2330 2453 2440 2506 τῶν
2472 2453 2712 2524 ἄρχοντα
2733 2452 2826 2504 τὸν
2859 2452 3176 2522 ἀποστάτην
3197 2451 3536 2520 πεποίηκαν⁶
3562 2450 3623 2503 ὃν
3648 2451 3679 2519 ἡ
3710 2447 3890 2507 ἔκϐασις

2329 2547 2439 2601 τῶν
2470 2547 2840 2618 πραγμάτων,
2879 2545 2978 2616 οὐχ
3016 2547 3050 2613 ἠ
3105 2545 3226 2598 θεία
3269 2547 3497 2616 πρόνοια
3550 2542 3782 2610 ἀνέδειξε
3821 2538 3890 2592 τοῦ

2332 2643 2541 2711 κόσμου
2583 2641 2822 2710 ἄρχοντα
2857 2639 2965 2692 τῶν
2998 2637 3406 2710 ἐθελοτρέπτων
3439 2639 3542 2692 καὶ
3571 2633 3892 2700 αὐτεξουσίων

2336 2733 2432 2786 καὶ
2487 2733 2742 2804 πονηρῶν
2772 2731 3103 2803 ἀνθρώπων.
3139 2733 3227 2785 Ἑν
3265 2733 3374 2804 γὰρ
3404 2736 3521 2791 τοῖς
3551 2733 3739 2794 κακοῖς
3769 2730 3893 2797 ἄρχει

2338 2827 2433 2878 καὶ
2475 2825 2656 2894 μόνον’
2706 2827 2802 2880 καὶ
2855 2826 2915 2878 ὲν
2965 2825 3022 2879 δὲ
3070 2827 3184 2889 τοῖς
3233 2828 3328 2879 καὶ
3359 2827 3593 2892 ἀγαθοῖς
3625 2820 3894 2893 ἀνθρώποις

2337 2919 2596 2972 οὺδέποτε
2630 2914 2819 2990 ἦρξεν,
2855 2919 3056 2990 μᾶλλον
3091 2919 3148 2972 δὲ
3187 2919 3280 2973 καὶ
3333 2919 3474 2989 μετά
3531 2918 3701 2988 φόϐου
3748 2915 3896 2975 αὐτοῖς

2336 3009 2680 3074 δεδούλωται,
2735 3014 2802 3083 τῇ
2841 3011 3137 3082 προστάξει
3161 3012 3370 3076 λαύτών
3419 3011 3576 3080 φόϐῳ
3612 3009 3703 3063 καί
3744 3005 3896 3078 τρόμῳ

2342 3103 2608 3167 ὑπείκων,
2636 3105 2688 3156 εἴ
2717 3122 2770 3157 τι
2794 3103 2860 3156 ἂν
2887 3103 3036 3174 αὐτῷ
3075 3105 3149 3159 ὡς
3177 3103 3501 3174 ἀνδραπόδῳ
3535 3098 3896 3172 προστάξωσιν.

615 3193 743 3250 bolo
772 3194 842 3249 ab
880 3193 1074 3248 eodem
1114 3193 1284 3248 Paulo
1317 3196 1384 3248 ad
1429 3195 1596 3249 breve
1647 3204 1864 3266 tempus
1904 3195 2134 3250 traditus
2158 3196 2228 3257 "',

2354 3197 2441 3260 Ὠς
2485 3197 2697 3250 Παύλου
2727 3200 2794 3268 τῇ
2832 3199 3080 3250 κελεύσει
3109 3197 3169 3250 τὸ
3200 3196 3473 3249 πυθώνιον
3501 3195 3720 3266 πνεῦμα
3742 3189 3896 3257 ἐξελή-

614 3302 746 3344 mox
787 3302 900 3342 non
939 3287 1061 3342 sine
1108 3303 1305 3359 magna
1349 3297 1623 3358 potestate
1662 3299 1918 3360 receptus
1957 3289 2078 3344 fuit.
2124 3288 2230 3344 Res

616 3381 850 3452 insuper
899 3379 960 3436 ﬁt
1003 3381 1319 3451 explorata,
1365 3382 1628 3452 quoniam
1675 3398 1820 3454 saepe
1867 3382 2117 3438 nonnulli
2160 3382 2229 3436 de

616 3481 767 3530 recta
793 3474 879 3529 via
913 3483 1112 3545 sponte
1143 3474 1425 3529 declinant
1450 3475 1516 3529 ad
1555 3492 1906 3545 perversam;
1939 3487 1996 3532 et
2028 3493 2094 3530 cx
2129 3477 2231 3531 hac

617 3583 813 3623 rursus
847 3569 903 3623 in
942 3577 1150 3624 rectam
1192 3568 1471 3624 redeunt:
1506 3570 1653 3639 quod
1695 3569 1749 3623 in
1783 3570 2076 3625 mundanis
2115 3570 2230 3624 elc-

619 3659 826 3714 mentis
851 3658 968 3714 fieri
996 3659 1210 3728 nequit.
1242 3659 1432 3729 Neque
1456 3660 1603 3714 cnim
1624 3661 1764 3732 ignis
1786 3659 1895 3733 56
1912 3678 2151 3731 unquam
2175 3663 2231 3716 in

619 3766 821 3822 aquam
861 3759 1133 3814 vertetur,
1178 3765 1284 3806 nec
1324 3751 1380 3805 in
1425 3753 1606 3821 ignem
1652 3769 1834 3823 aqua;
1873 3763 1969 3808 aut
2008 3763 2152 3810 terra
2186 3754 2243 3808 in

621 3858 836 3909 aerem,
865 3843 952 3899 vel
984 3843 1040 3898 in
1073 3851 1276 3899 terram
1319 3860 1440 3910 aer,
1481 3846 1576 3900 sed
1616 3846 1808 3904 eadem
1841 3862 2060 3916 semper
2091 3853 2240 3908 sunt,

624 3935 912 3994 Creatoris
937 3936 1035 3991 Dei
1059 3947 1319 3993 concreta
1343 3947 1398 3993 et
1422 3949 1745 3994 conservata
1777 3939 2063 3995 tremendo
2085 3955 2244 3994 man-

625 4031 758 4088 dato
785 4043 964 4100 usque
1003 4029 1073 4083 ad
1107 4041 1412 4084 extremam
1447 4030 1615 4085 diem.
1658 4030 1901 4097 Quorum
1939 4030 2244 4087 elemento-

627 4138 754 4179 rum
779 4121 826 4177 si
855 4122 998 4178 forte
1026 4122 1371 4178 dominatum
1414 4132 1813 4194 pelestatcmve
1846 4126 1933 4181 ille
1962 4126 2248 4197 improbus

626 4216 716 4272 vel
741 4215 1075 4270 brevissimo
1107 4223 1362 4285 tempore
1397 4225 1594 4269 nactus
1621 4225 1786 4278 esset,
1814 4216 1999 4270 omnia
2025 4216 2248 4286 jamdu-

629 4311 766 4366 dum
801 4309 1097 4365 avertisset
1127 4324 1464 4378 pessumquc
1489 4308 1752 4364 dedisset.
1787 4308 1895 4365 Sed
1923 4309 2072 4364 enim
2100 4324 2170 4365 ne
2194 4309 2250 4364 in

628 4419 834 4474 porcos
859 4401 1081 4473 quidem
1116 4410 1446 4472 potestatem
1481 4401 1674 4456 habuit
1704 4401 1772 4469 ⁷³,
1809 4412 1869 4457 ιιι
1897 4416 1964 4456 ex
1999 4403 2250 4472 Evange—

624 4495 719 4552 liis
759 4495 1106 4561 audivimus,
1146 4493 1252 4549 nisi
1309 4495 1665 4566 permittente
1710 4493 1841 4550 Deo.
1888 4495 2026 4550 Cum
2057 4504 2241 4549 autem

2339 3292 2499 3346 λαται
2533 3308 2546 3320 ·
2581 3292 2676 3345 καὶ
2720 3293 2748 3344 ὁ
2779 3293 2838 3344 ὲν
2867 3290 3118 3364 Κορίνθῳ
3148 3291 3548 3361 παρανομήσας
3589 3287 3668 3360 τῷ
3702 3282 3899 3348 διαϐόλῳ

2341 3385 2447 3439 ὑπὸ
2499 3385 2712 3438 Παύλου
2743 3385 2880 3456 πρὸς
2931 3386 3129 3456 μικρὸν
3170 3384 3466 3455 παρεδόθη,
3500 3385 3600 3437 καὶ
3625 3382 3776 3437 πάλιν
3803 3374 3901 3444 ἐλή-

2342 3477 2451 3547 φθη
2487 3515 2502 3537 ι
2556 3475 2698 3530 κατὰ
2740 3475 2946 3545 πολλὴν
2988 3474 3256 3541 ἐξουσίαν.
3299 3475 3468 3545 Δῆλον
3523 3475 3586 3528 δὲ
3636 3472 3725 3527 καὶ
3775 3468 3902 3522 τοῦτο

2339 3572 2434 3626 διὰ.
2466 3571 2526 3624 τὸ
2556 3571 2819 3633 πολλάκις
2848 3570 2912 3622 ἐκ
2967 3569 3066 3640 τῆς
3122 3569 3340 3631 εὐθείας
3398 3568 3520 3622 ὁδοῦ
3575 3561 3903 3630 αὐτεξουσίως

2342 3664 2494 3726 τινὰς
2517 3661 2611 3714 ἐπὶ
2639 3664 2735 3733 τὴν
2765 3660 2992 3714 σκολιὰν
3018 3660 3310 3727 ἐκκλίνειν,
3341 3661 3436 3714 καὶ
3470 3659 3638 3715 πάλιν
3671 3658 3771 3712 ἀπὸ
3795 3653 3902 3708 ταὺ-

2342 3770 2442 3824 της
2475 3752 2566 3805 ἐπὶ
2601 3753 2700 3824 τὴν
2735 3751 2976 3804 εὐθεῖαν·
3011 3752 3150 3820 ὅπερ
3178 3751 3272 3804 ἐπὶ
3319 3751 3429 3803 τῶν
3460 3748 3744 3822 κοσμικῶν
3785 3760 3905 3798 στοι-

2343 3845 2508 3916 χείων
2556 3844 2842 3916 ἀμήχανόν
2880 3861 3013 3898 ποτε
3043 3844 3319 3912 γενέσθαι.
3355 3845 3430 3897 Οὐ
3478 3845 3588 3914 γὰρ
3622 3845 3685 3896 ἂν
3715 3839 3904 3892 πώποτε

2341 3939 2402 3992 τὸ
2433 3936 2546 4009 πῦρ
2584 3941 2664 4002 εἰς
2708 3937 2855 4008 ὕδωρ
2906 3937 3299 4009 μεταϐληθείη,
3333 3936 3365 4009 ἢ
3397 3936 3458 3991 τὸ
3510 3936 3660 4006 ὕδωρ
3689 3936 3763 3996 εἰς
3796 3927 3904 3998 πῦρ.

2343 4034 2376 4104 ἢ
2423 4035 2456 4105 ἡ
2500 4037 2571 4106 γῆ
2613 4035 2696 4096 είς
2753 4035 2910 4105 ἀέρα,
2939 4033 3084 4106 [cod.
3117 4034 3153 4087 ί.
3189 4034 3289 4088 H7
3321 4033 3400 4106 h.]
3432 4034 3463 4105 ἢ
3499 4033 3529 4085 ὁ
3562 4034 3674 4106 ἀὴρ
3704 4031 3778 4092 εἰς
3803 4025 3904 4095 γῆν,

2345 4127 2460 4180 ἀλλ’
2482 4128 2573 4182 ἀεὶ
2599 4127 2864 4191 ὡσαύτως
2888 4127 3026 4180 εἰσὶν
3055 4128 3434 4198 ἀμετάϐλητα,
3453 4127 3532 4198 τῷ
3552 4128 3649 4181 τοῦ
3679 4127 3906 4194 δημιουρ·

2347 4221 2446 4291 γοῦ
2498 4222 2594 4275 καὶ
2633 4221 2770 4274 Θεοῦ
2819 4220 3231 4292 συντηρούμενα
3266 4223 3493 4292 ἐμφόὸῳ
3527 4220 3905 4294 προστάγματι.

2350 4314 2514 4386 μέχρι
2563 4317 2664 4386 τῆς
2705 4313 3022 4376 τελευταίας
3062 4314 3292 4385 ἡμέρας.
3325 4309 3428 4366 ’Ὧν
3472 4317 3520 4368 εί
3559 4316 3620 4367 ἐν
3666 4306 3906 4378 ἀκαριαέῳ

2348 4409 2525 4481 χρόνῳ
2555 4411 2583 4462 ὁ
2616 4408 2854 4479 πονηρὸς
2883 4403 3051 4479 ἦρξεν
3078 4425 3209 4460 ποτε
3238 4407 3270 4478 ἢ
3296 4407 3630 4474 ὲξουσίασεν,
3656 4406 3818 4460 πάντα
3851 4397 3904 4452 ἂν

2349 4499 2648 4570 ἀνέτρεψεν
2681 4499 2778 4553 καὶ
2807 4499 3086 4569 συνέχεεν.
3123 4498 3265 4550 Ἀλλ’
3296 4498 3416 4552 οὐδὲ
3440 4499 3547 4570 γὰρ
3571 4497 3710 4553 κατά
3739 4493 3906 4566 χοίρων

629 4597 964 4662 potestatem
987 4588 1380 4644 adversuseos
1405 4587 1743 4657 impetravit,
1767 4588 1897 4658 quid
1922 4587 2004 4643 eis
2024 4586 2234 4652 feceritl

2350 4593 2600 4660 ἐξουσίαν
2621 4591 2756 4663 ἔχει,
2783 4594 2975 4664 ὥσπερ
2999 4592 3056 4644 ὲν
3076 4594 3190 4657 τοῖς
3219 4592 3572 4660 Εὐαγγελίοις
3597 4591 3901 4664 ἠκούσαμεν,

633 4681 918 4737 neminem
963 4696 1158 4735 eorum
1210 4679 1308 4750 qui
1358 4680 1451 4735 Dei
1486 4679 1785 4736 Ecclesium
1835 4679 2243 4751 ingrediuntur,

633 4774 894 4845 ignorare
917 4771 1179 4828 arbitror.

704 4957 803 5015 IX.
835 4959 985 5015 Alias
1009 4974 1234 5030 quoque
1264 4958 1474 5016 similes
1514 4959 1706 5028 accipe
1742 4958 2034 5030 imagines.
2067 4956 2249 5012 Veluti

634 5053 683 5111 si
707 5053 802 5124 qui
829 5052 1088 5122 ί]οείιίοεί
1124 5065 1179 5108 et
1215 5054 1550 5125 sanguinarii
1589 5055 1845 5110 homines
1867 5053 1988 5108 loco
2027 5052 2251 5108 latroci~

632 5146 744 5202 niis
761 5146 965 5201 idoneo
987 5157 1422 5219 congregemur,
1450 5147 1826 5218 paulatimque
1848 5163 2079 5202 numero
2103 5147 2250 5201 aucti

633 5241 832 5295 ducem
875 5240 978 5295 sibi
1020 5256 1088 5296 ex
1137 5241 1225 5296 his
1269 5241 1512 5312 aliquem
1555 5251 1767 5308 creent,
1806 5239 1954 5296 haud
1993 5239 2250 5311 equidem

634 5332 749 5390 Deo
768 5334 819 5390 id
846 5333 903 5388 ﬁt
926 5341 1228 5403 annuente,
1250 5337 1346 5392 sed
1377 5351 1477 5391 suo
1500 5336 1731 5393 caedium
1758 5335 1939 5392 studio
1958 5344 2015 5392 et
2036 5350 2251 5390 morum

634 5427 928 5497 iniquitate
954 5427 1244 5484 suadente.
1274 5428 1343 5484 Et
1366 5445 1583 5486 mecum
1613 5431 1704 5486 hic
1735 5430 2046 5497 considera,
2076 5445 2241 5501 pror-

631 5536 730 5575 sus
759 5535 1026 5592 apparere
1060 5521 1180 5577 sine
1218 5522 1314 5577 Dei
1355 5530 1494 5578 nutu
1538 5523 1686 5578 hunc
1719 5523 1788 5578 ab
1823 5522 1928 5578 illis
1952 5521 2238 5593 principa-

637 5621 753 5669 tum
782 5624 1050 5683 creatum,
1086 5617 1215 5688 quia
1251 5619 1454 5673 multos
1481 5618 1694 5674 scimus
1724 5619 1968 5673 latrones
1999 5625 2056 5672 et
2096 5633 2241 5689 prae-

635 5704 809 5761 dones
840 5708 1166 5780 resipuisse,
1199 5709 1337 5766 alios
1365 5717 1600 5778 mature,
1638 5709 1776 5767 alios
1806 5711 1954 5768 circa
1975 5709 2107 5765 vitae
2145 5726 2242 5764 oc-

722 5862 762 5893 "
799 5863 920 5921 Act.
945 5867 1169 5935 “1,18.
1245 5869 1293 5902 ⁷³
1324 5869 1345 5924 ἰ
1378 5868 1505 5925 Cor.
1537 5886 1592 5940 ν,
1619 5869 1671 5926 5.
1751 5871 1793 5903 ⁷³
1830 5869 2022 5927 Matth.
2057 5885 2140 5936 ιιι,
2171 5874 2261 5929 51.

2349 4686 2426 4757 μὴ
2459 4685 2553 4739 τοῦ
2582 4685 2718 4740 Θεοῦ
2762 4684 3197 4758 συγχωροῦντος.
3235 4685 3365 4739 Ὅτε
3418 4685 3530 4756 γὰρ
3583 4689 3677 4739 καὶ
3721 4678 3907 4742 ἐδέξατο

2347 4777 2471 4832 κατ’
2503 4778 2684 4832 αὐτῶν
2722 4777 2996 4846 ἐξουσίαν,
3024 4777 3086 4830 τὺ
3115 4776 3168 4831 τί
3197 4776 3460 4848 δέδρακεν
3511 4779 3592 4841 εἰς
3622 4775 3822 4834 αὐτοὺς.
3843 4758 3904 4819 οἶ·

2347 4889 2448 4944 μαι
2481 4869 2557 4942 μὴ
2588 4872 2804 4940 ἀγνοεῖν
2833 4888 2954 4924 τινα
2983 4871 3040 4922 ἐν
3077 4870 3378 4941 Ἐκκλησία
3407 4869 3544 4923 Θεοῦ
3573 4870 3846 4923 εἰσιόντων.

2417 4962 2496 5017 θ’.
2533 4963 2680 5019 Λάὃε
2720 4981 2814 5034 μοι
2854 4962 2910 5016 δὲ
2956 4962 3049 5016 καί
3101 4979 3252 5026 τινας
3281 4961 3497 5024 εἰκόνας
3541 4962 3727 5015 τούτου
3757 4964 3904 5023 παραυ

2351 5057 2636 5128 πλησίους.
2681 5057 2895 5129 Ὥσπερ
2921 5057 3015 5109 ἐάν
3049 5073 3193 5120 τινες
3224 5057 3474 5124 ἀσελγεῖς
3512 5055 3607 5109 καὶ
3661 5044 3902 5124 μιαιφῦνοι

2352 5149 2548 5220 ἄνδρες
2583 5149 2676 5202 ἐπὶ
2708 5148 2769 5202 τὸ
2811 5149 2946 5203 αὐτὸ
2976 5149 3113 5218 πρὸς
3132 5149 3423 5222 λῃστρικὸν
3459 5150 3626 5202 τόπον
3658 5142 3898 5211 συναθροι·

2353 5243 2576 5309 σθῶσιν,
2593 5243 2685 5297 καὶ
2698 5243 2840 5297 κατὰ
2865 5243 3062 5314 μικρὸν
3085 5242 3306 5305 πλείους
3327 5244 3604 5313 γινόμενοι
3619 5237 3811 5301 ἑαυτοῖς
3826 5230 3899 5284 ἕνα

2351 5335 2474 5391 τινὰ
2489 5334 2840 5402 ἀναδείξωσιν
2855 5338 3116 5408 ἄρχοντα,
3132 5336 3194 5390 οὐ
3205 5335 3300 5391 τοῦ
3311 5335 3448 5389 Θεοῦ
3465 5338 3531 5390 αὑ
3538 5338 3649 5399 τοῖς
3661 5334 3799 5389 τοῦτο
3812 5326 3899 5377 ἐπι·

2353 5430 2670 5493 νεύσαντος,
2689 5429 2804 5483 ἀλλ’
2837 5428 2898 5495 ἐξ
2923 5429 3131 5493 οἰκείας
3159 5429 3472 5501 μιαιφονίας
3499 5429 3675 5484 αὐτῶν
3701 5426 3784 5483 καὶ
3807 5417 3900 5474 τύδ’

2347 5524 2647 5596 χρουργίας
2685 5522 2842 5577 τοῦτο
2881 5522 3356 5593 ἐπιτηδεύσαντες.
3397 5523 3656 5594 Οῦτωμοι
3686 5521 3780 5576 νόει
3799 5510 3896 5566 κάν-

2348 5615 2524 5672 ταῦθα
2550 5613 2688 5687 [cod.
2721 5615 2817 5669 καὶ
2855 5612 3055 5686 ταῦθα]
3082 5630 3096 5645 ⁸
3151 5617 3247 5668 καὶ
3278 5613 3438 5668 τοῦτο
3461 5615 3619 5688 δῆλον
3639 5615 3718 5668 ὅτι
3754 5602 3896 5662 οὐκέκ

2349 5708 2488 5764 Θεοῦ
2523 5712 2708 5775 αὐτοῖς
2736 5708 2898 5763 τοῦτο
2940 5708 3268 5782 ὲφηύρηται,
3319 5710 3377 5778 ἐξ
3424 5702 3498 5764 ὧν
3526 5709 3746 5771 πολλοὺς
3775 5703 3896 5768 ἴσμεν
