4142 6436
297 400 439 469 1317
1288 404 1546 468 SEBMO
1580 407 1608 467 Ι
1660 408 1762 470 AD
1780 405 1893 470 V’El

1997 408 2078 469 US
2117 408 2607 471 MANICH/EOS.
3463 413 3602 480 1318

291 514 506 590 λῃστὰς
538 512 632 567 καὶ
659 511 1054 584 τυμϐωρύχους
1081 514 1474 583 μεταγνόντας,
1503 515 1634 578 τοὺς
1674 513 1774 585 μὲν
1799 532 1893 569 τα·

1998 530 2213 578 casum,
2231 525 2287 570 et
2309 531 2408 570 sua
2432 515 2758 586 poenitentia
2781 517 2951 571 Deum
2975 517 3236 587 placasse,
3262 519 3611 593 salutemque

295 608 608 678 χέως,τοῦς
644 607 702 660 δὲ
728 607 824 660 καὶ
857 607 988 678 περὶ
1017 606 1115 670 τὰς
1137 607 1348 677 δυσμὰς
1373 607 1470 661 τοῦ
1505 607 1716 662 ἑαυτῶν
1752 608 1892 680 βίου,

2001 618 2334 662 consecutos
2365 625 2378 661 ε
2407 624 2642 678 quorum
2673 608 2718 666 si
2743 617 2932 664 coacta
2954 619 3141 665 etnon
3167 611 3339 668 libera
3363 629 3614 671 commo-

297 699 400 754 καὶ
425 698 514 754 διὰ
543 698 836 770 μετανοίας
859 701 950 753 τὸν
974 698 1111 752 Θεὸν
1143 697 1635 771 ἐξιλεωσαμένους,
1671 701 1766 756 καὶ
1797 704 1893 773 τῆς

2004 695 2080 751 tio
2115 696 2344 764 fuisset,
2385 714 2495 753 non
2535 698 2610 753 ita
2657 699 2817 755 facile
2863 701 3059 756 mutati
3112 712 3321 758 essent.
3351 704 3608 764 Rursus:

299 790 583 862 σωτηρίας
635 789 998 862 ἐπιτυχόντας
1020 805 1034 820 ·
1067 783 1144 844 ὧν
1197 791 1247 844 εἰ
1293 792 1733 862 ἡναγκασμένως
1762 788 1832 864 ἦν
1859 795 1893 865 ἡ

2005 784 2188 842 Veluti
2216 789 2261 842 si
2287 790 2412 859 quis
2443 790 2707 862 fugitivus
2730 807 2924 848 servus
2947 794 3040 864 qui
3071 795 3328 850 clementi
3357 797 3612 869 bonoque

297 884 539 953 κίνησις,
586 885 687 938 οὐκ
732 883 799 938 ἂν
854 881 1028 948 οῦτως
1063 884 1276 955 ταχέως
1320 885 1730 956 μετεϐάλλοντο.
1787 887 1901 941 Καὶ

299 974 504 1027 πάλιν⁹
530 973 743 1046 Ὥσπερ
775 975 828 1029 ετ
872 993 956 1038 τις
974 975 1253 1046 δραπέτης
1277 974 1462 1040 δοῦλος
1495 975 1636 1048 ἔχων
1664 980 1901 1050 χρηστὸν

300 1067 400 1119 καὶ
429 1066 635 1136 ἀγαθὸν
667 1066 960 1138 δεσπότην,
1001 1067 1192 1121 τούτου
1220 1068 1643 1140 ἀποχωρισθεὶς,
1670 1069 1819 1142 [cod.
1861 1073 1899 1128 l'.

303 1158 456 1231 118.]
487 1158 623 1228 πρὸς
652 1159 857 1231 λῃστάς
902 1159 935 1230 ἢ
986 1159 1238 1223 ἐθνικοὺς
1262 1159 1648 1232 αὑτομολήσει,
1678 1163 1774 1217 καὶ
1807 1162 1902 1217 ἐνα

301 1253 426 1305 τινά
452 1253 564 1305 τῶν
594 1251 729 1324 παρ’
757 1253 940 1317 αὐτοῖς
987 1254 1250 1325 γνωρίσει
1299 1254 1537 1326 ἄρχοντα
1567 1256 1600 1327 ἦ
1650 1255 1898 1327 βασιλέα.

303 1346 415 1400 Καὶ
445 1347 549 1410 ἕως
584 1348 682 1417 μὲν
729 1342 799 1418 ἦν
838 1348 990 1419 παρὰ
1039 1348 1120 1420 τῷ
1149 1349 1374 1421 χρηστῷ
1403 1350 1658 1422 δεσπότῃ.
1691 1352 1900 1404 ἐκεῖνον

302 1439 396 1492 καὶ
423 1434 568 1508 εἶχεν
601 1438 698 1493 καὶ
721 1439 972 1511 ὠνόμαζε
996 1440 1225 1510 Κύριον,
1253 1443 1390 1513 ὅπερ
1415 1438 1482 1514 ἦν
1509 1443 1710 1515 ἀληθές
1730 1459 1744 1473 ⁸
1778 1439 1900 1497 εἶτα

300 1529 441 1600 πρὸς
463 1530 591 1594 τοὺς
621 1531 900 1595 ἐναντίους
928 1531 1203 1598 ἀπελθὼν,
1231 1535 1441 1588 ἐκεῖνον
1481 1530 1628 1605 εἶχεν
1660 1535 1901 1606 ἄρχοντα

301 1619 362 1673 ὃν
394 1622 710 1692 ᾑρετίσατο.
768 1623 1038 1686 Πολλάκις
1070 1623 1126 1677 δέ
1181 1625 1508 1695 μεταγνοὺς,
1538 1626 1636 1679 καὶ
1682 1629 1749 1680 ἐκ
1789 1628 1901 1681 τῶν

300 1713 585 1785 δυσμενῶν
638 1714 1110 1789 παλινδρομήσας,
1157 1719 1320 1774 πάλιν
1368 1716 1481 1790 εἶχε
1535 1720 1627 1773 τὸν
1681 1720 1898 1792 πρῶτον

301 1807 540 1878 χρηστὸν
568 1807 662 1862 καὶ
694 1809 898 1877 ἀγαθὸν
927 1810 1218 1882 δεσπότηψ
1249 1810 1395 1865 οῦτω
1423 1811 1726 1867 κάνταῦθα.
1747 1813 1893 1878 Ἕως

2009 881 2142 936 hero
2172 882 2418 950 suberat,
2452 885 2654 940 deinde
2687 890 2790 941 hoc
2822 887 3107 953 derelicto,
3150 888 3219 944 ad
3250 889 3494 948 latrones
3524 893 3612 950 vel

2009 975 2262 1032 ethnicos
2302 977 2628 1050 transfugiat
2653 1021 2669 1045 ,
2713 990 2768 1035 et
2812 997 2985 1036 unum
3017 984 3263 1052 quemvis
3305 986 3448 1056 apud
3489 985 3615 1042 illos
3717 1007 3723 1012 -

2000 1079 2263 1141 agnoscat
2305 1071 2612 1142 principem
2647 1081 2742 1128 aut
2782 1089 2987 1144 regem.
3033 1074 3134 1131 llic
3181 1074 3358 1133 donec
3387 1079 3612 1149 quidem

2001 1163 2145 1232 apud
2167 1163 2465 1234 benignum
2505 1164 2700 1220 herum
2729 1176 2869 1234 erat,
2897 1169 3046 1224 hunc
3067 1179 3124 1224 et
3154 1170 3398 1226 habebat
3425 1172 3608 1228 domi-

2001 1272 2134 1311 num
2162 1265 2218 1312 et
2251 1258 2584 1328 appellabat,
2619 1261 2696 1316 uti
2727 1277 2922 1332 reapse
2947 1271 3069 1318 erat
3098 1283 3111 1320 :
3149 1265 3350 1322 deinde
3378 1267 3446 1322 ad
3470 1283 3610 1324 con-

2003 1349 2202 1406 trarios
2236 1359 2628 1420 transgressus,
2665 1355 2815 1408 illum
2848 1356 3084 1412 habebat
3107 1359 3411 1430 principem
3437 1377 3606 1432 quem

2000 1442 2296 1514 delegerat.
2325 1441 2607 1500 Poenitens
2635 1455 2838 1513 tamen,
2865 1459 2924 1504 ut
2956 1465 3102 1519 smpe
3151 1452 3372 1518 accidit,
3396 1469 3426 1508 a
3449 1457 3611 1512 satvis

2000 1535 2108 1591 illis
2133 1535 2445 1602 discedens,
2476 1539 2657 1594 denuo
2682 1541 2922 1610 primum
2962 1543 3152 1598 habuit
3179 1545 3482 1614 benignum
3505 1548 3610 1602 bo~

2000 1641 2242 1696 numque
2288 1627 2594 1683 dominum.
2660 1629 2752 1685 Sic
2800 1632 2961 1687 nobis
3015 1635 3292 1694 usuvenit.
3349 1636 3614 1703 Quandiu

2000 1727 2338 1789 praeceptum
2367 1719 2806 1789 observavimus,
2841 1725 2909 1779 ad
2937 1733 3132 1780 nutum
3158 1728 3612 1801 voluntatemque

2005 1809 2101 1865 Dei
2130 1811 2406 1874 viventes,
2434 1827 2562 1868 eum
2594 1815 2689 1884 qui
2717 1831 2819 1870 nos
2849 1819 3060 1872 creavit
3095 1820 3388 1876 habuimus
3422 1823 3614 1893 appel-

303 1899 403 1970 μὲν
437 1900 534 1972 τὴν
563 1901 784 1972 ἐντολὴν
813 1904 1189 1974 ἐφυλάττομεν
1218 1907 1285 1976 τῇ
1310 1903 1473 1976 βουλῇ
1508 1905 1604 1959 καὶ
1626 1908 1690 1978 τῇ
1727 1923 1893 1977 προσ-

2003 1901 2346 1974 lavimusque
2384 1904 2579 1960 Deum.
2623 1907 2731 1962 Sed
2772 1917 3066 1978 postquam
3105 1910 3160 1965 in
3203 1912 3298 1966 Dei
3341 1914 3616 1970 mandatis

294 1994 450 2062 τάξει
478 1994 572 2049 τοῦ
598 1996 734 2049 Θεοῦ
771 1997 1159 2069 πορευόμενοι,
1192 2000 1284 2052 τὸν
1314 1998 1600 2054 πλάσαντα
1637 1999 1771 2053 Θεὸν
1797 1999 1894 2053 καὶ

294 2087 520 2158 εἴχομεν
565 2089 662 2165 καὶ
689 2089 1068 2161 ὠνομάζομεν.
1096 2092 1175 2164 Τῇ
1201 2092 1392 2164 ἐντολῇ
1423 2093 1478 2147 δὲ
1502 2091 1597 2146 τοῦ
1639 2092 1775 2147 Θεοῦ
1815 2095 1891 2166 μὴ

292 2181 681 2252 ἐμμείναντες,
711 2183 849 2237 ἀλλὰ
875 2186 946 2256 τῇ
993 2185 1277 2258 συμϐουλῇ
1327 2186 1422 2239 τοῦ
1470 2185 1668 2257 ἐχθροῦ
1698 2187 1894 2254 ἐξακο-

291 2272 684 2344 λουθήσαντες,
721 2276 812 2328 τὸν
842 2275 976 2330 Θεὸν
1008 2277 1109 2347 μὲν
1145 2277 1366 2350 ἔχομεν,
1398 2279 1507 2334 κᾶν
1555 2279 1632 2351 μὴ
1684 2277 1892 2350 βουλώ-

296 2365 463 2436 μεθα,
491 2366 731 2439 ἄρχοντα
760 2385 773 2399 ·
796 2362 950 2438 ᾧτινι
977 2371 1498 2443 ὴπειθαρχὴσαμεν,
1531 2375 1654 2436 ταῖς
1679 2372 1899 2444 ἡδοναῖς

292 2459 390 2513 καὶ
413 2463 535 2523 ταῖς
556 2462 856 2532 ἁμαρτίαις
887 2463 1392 2536 αὑτοδουλούμενοι·
1427 2465 1543 2520 ἀλλ’
1574 2466 1638 2519 οὐ
1671 2465 1897 2530 πάντες.

294 2549 452 2602 Εἰσὶν
503 2550 613 2622 γὰρ
671 2552 803 2623 παρ’
837 2555 972 2624 ἡμῖν
1008 2554 1105 2608 καὶ
1147 2557 1254 2628 πρὸ
1286 2559 1382 2612 τοῦ
1423 2558 1591 2629 νόμου
1625 2559 1722 2612 καὶ
1759 2559 1901 2629 μετά

292 2641 460 2711 νόμον
510 2643 702 2714 ἄνδρες
764 2643 1006 2717 ἄπειροι,
1038 2647 1234 2712 οἵτινες
1283 2648 1361 2720 τῷ
1418 2649 1602 2720 ἐχθρῷ
1657 2649 1903 2720 στερῤὦς

293 2735 678 2804 ἀντετάξαντο,
715 2739 810 2792 καὶ
863 2739 924 2792 τὸ
977 2740 1077 2811 τῆς
1125 2741 1370 2806 δουλείας
1405 2743 1573 2796 αὑτοῦ
1619 2742 1784 2814 βάρος
1833 2742 1890 2809 ἐξ

292 2826 505 2882 ἑαυτῶν
537 2829 919 2897 ἀπεσείσαντο,
947 2832 996 2884 εί
1027 2831 1121 2884 καὶ
1161 2831 1239 2902 τῷ
1270 2831 1487 2902 φυσικῷ
1518 2830 1613 2885 τοῦ
1659 2830 1890 2885 θανάτου

293 2923 526 2994 κρίματι
565 2925 767 2990 πάντες
813 2925 1162 2998 ὑπήχθησαν,
1191 2927 1445 2998 πατρῷον
1477 2927 1892 2990 ἀποτιννύοντες

291 3016 538 3088 ὄφλημα,
577 3018 674 3072 καὶ
709 3020 775 3074 ἐκ
811 3018 947 3074 Θεοῦ
993 3020 1200 3092 ταύτην
1235 3021 1335 3092 τὴν
1357 3023 1633 3093 τιμωρίαν
1661 3021 1895 3092 δεξάμε-

291 3125 396 3163 νοι.
446 3110 558 3164 Καὶ
601 3111 740 3165 εἰσιν
772 3112 949 3185 ἕτεροι
979 3113 1180 3179 οἵτινες
1209 3114 1288 3186 τῷ
1317 3113 1497 3188 ἐχθρῷ
1527 3113 1892 3186 ἐξακολουθῆ’

2012 2010 2122 2050 non
2152 1995 2514 2066 perstitimus,
2540 1997 2636 2053 sed
2670 1998 2880 2054 inimici
2909 2001 3141 2056 consilia
3168 2003 3361 2057 sectati
3400 2019 3615 2071 sumus,

2010 2088 2181 2144 Deum
2207 2089 2430 2160 quidem
2475 2090 2581 2162 57
2619 2092 2823 2158 adhuc,
2852 2093 3103 2150 volentes
3143 2096 3419 2162 nolentes,
3460 2098 3619 2168 prin-

2010 2183 2188 2253 cipem
2223 2183 2510 2250 habemus,
2542 2186 2630 2240 cui
2660 2201 2770 2241 non
2803 2187 3149 2243 obedivimus
3182 2188 3314 2244 dum
3355 2191 3616 2262 volupta-

2010 2277 2159 2331 tibus
2184 2285 2241 2331 et
2261 2278 2504 2348 peccatis
2530 2288 2729 2349 sponte
2752 2280 3150 2337 serviebamus.
3177 2281 3303 2338 Non
3325 2282 3399 2338 ita
3426 2293 3615 2339 tamen

1999 2383 2059 2424 se
2087 2369 2272 2424 cuncti
2293 2380 2602 2441 gesserunt.
2636 2372 2982 2426 Exstiterunt
3007 2373 3154 2428 enim
3189 2382 3246 2429 et
3268 2383 3397 2430 ante
3425 2375 3610 2446 legem

1999 2472 2201 2534 etpost
2226 2463 2402 2535 legem
2434 2464 2712 2520 innumeri
2739 2464 3010 2530 homines,
3042 2465 3139 2536 qui
3170 2465 3398 2523 inimico
3429 2467 3609 2523 ﬁrmi-

2001 2566 2085 2612 ter
2115 2559 2466 2621 restiterunt,
2501 2559 2733 2630 ejusque
2770 2559 2972 2615 servile
3007 2561 3201 2631 jugum
3238 2576 3268 2615 a
3299 2576 3359 2616 se
3397 2563 3616 2633 rejece-

2001 2660 2166 2716 runt,
2211 2651 2428 2707 etiamsi
2457 2652 2698 2707 naturali
2733 2653 2929 2708 mortis
2960 2655 3252 2710 sententiae
3281 2670 3476 2711 omnes
3505 2655 3610 2711 ob-

2001 2745 2146 2798 noxii
2196 2744 2449 2807 fuerunt,
2490 2746 2728 2816 patriqu
2770 2746 3121 2800 exsolventes
3167 2747 3448 2814 debitum,
3498 2747 3612 2803 Deo

2001 2835 2145 2889 hanc
2174 2851 2393 2905 pmnam
2419 2835 2552 2903 ipsis
2587 2836 2928 2906 imponente.
2962 2835 3072 2889 Alii
3099 2836 3344 2902 demum,
3378 2837 3471 2907 qui
3495 2836 3610 2893 in‘-

2000 2928 2145 2983 mico
2190 2937 2366 2982 semet
2395 2929 2754 2991 addixeram,
2788 2928 3172 2983 incredulitate
3207 2944 3271 2984 ac
3308 2929 3612 3001 voluptati-

2000 3021 2104 3076 bus
2141 3021 2432 3092 captivati,
2480 3021 2846 3077 nihilominus
2888 3020 3002 3077 Deo
3043 3022 3245 3077 iterum
3289 3037 3390 3094 per
3428 3021 3614 3094 pumi-

2003 3114 2237 3170 tentiam
2270 3114 2622 3170 renonciliati
2655 3123 2808 3169 sunt.

292 3223 512 3272 σαντες,
570 3207 666 3261 καλ⁸
707 3207 1069 3274 δουλωθέντες
1105 3210 1164 3276 ἐξ
1219 3211 1482 3275 ἀπιστίας
1527 3211 1620 3265 καὶ
1659 3210 1885 3282 ἡδονῶν,
1916 3209 2080 3285 πάλιν
2111 3209 2190 3280 τῷ
2237 3209 2431 3282 ἀταθῷ
2480 3209 2602 3280 Θεῷ
2636 3208 2824 3282 ιήμῶν
2889 3209 2980 3265 διά
3036 3209 3332 3281 μετανοίας
3389 3209 3614 3265 031:0th-

292 3298 487 3373 θησαν.

366 3391 422 3447 l'.
455 3393 580 3448 ’Ὀτι
613 3393 670 3448 δὲ
686 3389 768 3460 εἷς
794 3396 944 3450 ἐστιν
965 3397 993 3448 ὁ
1018 3395 1174 3462 Θεὸς,
1203 3397 1457 3468 ἀόρατος,
1488 3397 1884 3471 ἀπερίληπτος,

2065 3395 2136 3450 Χ.
2173 3395 2331 3462 Quod
2356 3403 2542 3450 autem
2573 3394 2720 3450 Deus
2745 3410 2888 3451 unus
2911 3395 3003 3461 sit,
3040 3395 3354 3462 invisibilis,
3389 3397 3608 3455 incom-

290 3490 690 3560 ἀκατανόητος,
773 3491 1211 3562 ἀσχημάτιστος,
1303 3492 1565 3558 ἀνείδεος,
1651 3491 1888 3563 ἀναφὴς,

291 3583 734 3654 ἁπερίγραπτος,
797 3584 1258 3656 ἀπειροδύναμος,
1314 3584 1462 3658 [cod.
1515 3586 1552 3639 ί.
1609 3585 1736 3640 118.
1806 3581 1890 3657 1).]

289 3675 608 3744 ἀσώματος,
642 3669 705 3730 οὗ
725 3674 849 3730 οὕτε
875 3672 1018 3741 εἶδός
1081 3677 1214 3730 ποτέ
1249 3696 1334 3742 τις
1382 3678 1597 3750 ἑώρακε
1645 3677 1891 3742 πώποτε,

289 3765 416 3822 οὔτε
439 3768 625 3840 φωνὴν
675 3769 844 3822 αὐτοῦ
884 3771 1145 3841 ἀκήκοεν,
1197 3769 1322 3824 οὒτε
1355 3772 1456 3842 τὴν
1510 3769 1672 3840 φύσιν
1726 3767 1894 3824 αὑτοῦ

287 3859 453 3914 ὁποία
475 3861 596 3916 ἐστὶ
625 3860 951 3929 κατέλαϐεν,
981 3865 1118 3916 πᾶσι
1164 3865 1278 3927 τοῖς
1302 3861 1428 3916 νοῦν
1466 3862 1656 3934 έχουσι
1696 3861 1896 3934 πρόδη-

289 3954 382 4008 λον
411 3970 426 3986 ⁸
459 3958 540 4018 εἰς
565 3954 626 4009 ὃν
659 3954 758 4008 ἕνα
781 3955 994 4009 καὶτὸν
1031 3956 1195 4009 αὑτὸν
1234 3956 1397 4027 μόνον
1447 3956 1581 4009 Θεὸν
1639 3955 1897 4009 πιστεύο-

292 4067 396 4122 μεν
425 4051 588 4122 ἡμεῖς
616 4050 665 4104 οί
713 4049 886 4113 ὅντως
938 4048 1186 4119 ἀληθινοὶ
1231 4048 1559 4118 Χριστιανοὶ
1601 4048 1694 4102 τὸν
1738 4064 1892 4119 τρισ-

289 4144 446 4213 άγιον
477 4144 572 4197 καὶ
597 4143 1057 4215 τρισυπόστατον,
1083 4143 1178 4195 τὸν
1214 4141 1474 4214 ἁφύρτως
1498 4141 1791 4212 ἑνούμενον
1825 4141 1892 4212 τῇ

289 4236 472 4309 οὐσίᾳ,
496 4237 594 4291 καὶ
629 4237 890 4309 ἀτμήτως
922 4236 1306 4308 διαιρούμενον
1350 4237 1472 4299 ταῖς
1517 4235 1853 4289 ὑποστάσεσι
1873 4247 1889 4264 ⁸

289 4331 384 4385 τὸν
404 4331 501 4385 ’ἐνα
522 4330 580 4384 δέ
603 4331 702 4402 τῆς
735 4331 907 4401 αὐτῆς
935 4329 1099 4395 ἁγίας
1154 4329 1384 4403 Τριάδος
1435 4329 1792 4401 σαρκωθέντα
1820 4327 1890 4384 δι’

289 4425 442 4495 ἡμᾶς
469 4423 852 4487 ἁναλλοιώτως
900 4424 999 4477 καὶ
1043 4423 1335 4494 ἀτρέπτως
1380 4423 1649 4495 ὁραθέντα
1701 4441 1762 4476 τε
1792 4425 1890 4480 καὶ

287 4515 685 4588 ψηλαφηθέντα
713 4515 904 4587 σαρκὶ,
941 4517 1039 4571 καὶ
1061 4516 1470 4586 σταυρωθέντα,
1503 4517 1598 4570 καὶ
1623 4517 1889 4588 ταφέντα,

289 4611 386 4663 καὶ
435 4610 769 4676 ἀναστάντα,
823 4609 920 4663 καὶ
983 4607 1080 4662 νῦν
1134 4609 1447 4680 καθήμενον
1493 4610 1554 4662 ἐν
1598 4608 1750 4680 δεξιᾷ
1794 4608 1891 4663 τοῦ

289 4700 527 4772 Ματρὸς,
553 4697 737 4762 καθὼς
766 4699 980 4763 Παῦλος
1033 4700 1063 4753 ὁ
1114 4700 1261 4772 ἱερὸς
1314 4699 1612 4763 ἀπόστολός
1677 4718 1845 4773 φησιν
1874 4716 1889 4732 ·

1994 3489 2420 3562 prehensibilis,
2471 3487 2774 3544 intellectui
2832 3489 3168 3560 impervius,
3227 3491 3351 3545 sine
3411 3491 3606 3563 ﬁgura,

1997 3583 2119 3638 sine
2147 3582 2352 3653 specie,
2382 3597 2494 3636 non
2519 3581 2830 3652 palpabilis,
2859 3581 3390 3654 incircumscriptus,
3417 3584 3610 3641 inﬁni-

1996 3684 2067 3732 ιω
2114 3676 2412 3745 potentias,
2471 3675 2854 3746 incorporeus,
2911 3677 3073 3746 cujus
3121 3691 3304 3747 neque
3359 3678 3608 3745 speciem

1997 3771 2288 3841 quisquam
2312 3770 2452 3826 vidit
2487 3784 2750 3839 unquam.
2777 3784 2955 3839 neque
2976 3785 3167 3825 vocem
3197 3771 3394 3837 audiit,
3423 3787 3608 3844 neque

1998 3875 2249 3919 naturam
2272 3863 2579 3934 cujusmodi
2609 3863 2682 3917 sit
2710 3862 3150 3932 comprehendit,
3189 3863 3316 3929 hoc,
3351 3864 3602 3935 inquam,

1997 3958 2255 4012 omnibus
2294 3966 2482 4010 mente
2520 3955 2769 4025 pmditis
2813 3955 3158 4024 exploratum
3193 3963 3300 4010 est.
3334 3957 3395 4010 in
3435 3972 3602 4027 quem

1993 4065 2165 4104 unum
2207 4049 2574 4117 eumdemque
2617 4047 2795 4101 solum
2834 4046 3007 4102 Deum
3051 4046 3332 4102 credimus
3370 4064 3474 4104 nos
3508 4049 3605 4118 qui

1991 4157 2123 4197 vere
2157 4139 2460 4197 Christiani
2491 4155 2703 4205 sumus,
2742 4149 2825 4193 ter
2863 4147 3139 4202 sanctum,
3180 4151 3260 4193 ter
3293 4139 3605 4212 bypostati-

1991 4251 2143 4300 cum,
2169 4233 2459 4290 inconfusc
2490 4233 2706 4288 unitum
2735 4233 3046 4289 substantia
3071 4275 3085 4299 ,
3135 4234 3370 4291 indivise
3400 4238 3603 4292 distin-

1991 4338 2141 4386 ctum
2167 4329 2440 4401 personis.
2463 4326 2644 4384 Unum
2667 4343 2799 4382 vero
2820 4327 2889 4382 de
2911 4337 3097 4383 sancta
3121 4329 3312 4384 eadem
3335 4330 3377 4384 Τ
3386 4331 3606 4389 rinitate

1988 4423 2330 4478 inearnatum
2365 4435 2468 4492 pro
2501 4420 2678 4485 nobis,
2715 4419 2967 4475 informa
3004 4428 3192 4476 nostra
3229 4420 3595 4477 immutabili-

1990 4523 2076 4570 ter
2106 4522 2163 4569 et
2186 4512 2570 4569 invertibiliter
2591 4512 2770 4568 visum
2791 4528 2913 4569 esse
2933 4522 2989 4568 et
3015 4514 3297 4584 palpatum
3319 4515 3374 4569 in
3401 4531 3594 4585 carne,

1990 4607 2316 4662 cruciﬁxum
2343 4648 2356 4673 ,
2400 4607 2712 4678 sepultum,
2756 4607 2812 4662 in
2849 4608 3017 4663 vitam
3059 4617 3414 4674 revocatum,
3445 4619 3500 4665 et
3546 4610 3606 4666 in

1991 4697 2172 4755 Patris
2199 4699 2424 4755 dexlera
2466 4699 2749 4754 sedentem
2769 4741 2782 4763 ,
2829 4707 2891 4753 ut
2922 4699 3205 4770 apostolus
3237 4698 3440 4756 Paulus
3479 4700 3556 4756 ait
3589 4718 3604 4756 :

289 4789 415 4843 Ὅτι
435 4790 802 4860 συνήγειρεν
827 4788 928 4844 καὶ
949 4789 1361 4846 συνεκάθισεν
1386 4790 1544 4859 ἡμᾶς
1563 4793 1596 4845 ὀ
1623 4793 1769 4859 Θεὸς
1793 4792 1893 4847 καὶ

1997 4807 2196 4863 nempe
2245 4793 2385 4863 quod
2430 4793 2861 4847 conresuscitavit
2920 4802 2970 4846 et
3011 4793 3294 4848 consedere
3340 4795 3463 4865 fecit
3511 4811 3609 4851 nos

286 4880 494 4950 Πατὴρ
516 4880 578 4934 ἐν
603 4881 731 4948 τοῖς
756 4883 1142 4952 ἐπουρανίοις
1163 4882 1235 4935 ἐν
1284 4881 1456 4951 δεξιᾷ
1481 4882 1593 4952 τῆς
1623 4886 1892 4955 μεγαλωσ-

287 4975 514 5042 σύνης,
552 4973 623 5027 ἐν
651 4973 886 5044 Χριστῷ
938 4969 1145 5044 Ἰησοῦ
1200 4973 1283 5040 τῷ
1340 4975 1540 5043 Κυρίῳ
1563 4974 1887 5046 ζήμῶν.οὑ

287 5066 398 5139 γὰρ
429 5067 641 5131 πάντας
686 5066 1014 5137 ἀνθρώπους
1066 5069 1196 5131 τοὺς
1248 5067 1376 5122 καθ’
1437 5068 1649 5124 ἕκαστα
1705 5068 1888 5141 (τοῦτο

286 5161 400 5232 γὰρ
420 5160 482 5214 οὐ
507 5159 584 5231 νῷ
637 5161 820 5233 μόνον,
857 5160 994 5215 ἀλλὰ
1024 5162 1119 5214 καὶ
1163 5160 1418 5232 αἰσθήσει
1480 5162 1883 5234 καταληπτὸν),

288 5252 429 5308 ἀλλὰ
456 5253 557 5325 τὴν
587 5254 1037 5325 προσληφθεῖσαν
1063 5254 1124 5320 ἐξ
1174 5255 1333 5326 ήμῶν
1381 5255 1640 5328 ἀπαρχὴν
1663 5255 1764 5326 τῆς
1794 5257 1890 5310 ἀν-

290 5339 577 5420 θρωπίνης
599 5347 839 5418 φύσεως,
871 5349 968 5403 καὶ
1028 5347 1153 5402 καθ’
1184 5349 1488 5403 ὑπόστασιν
1537 5349 1615 5422 τῷ
1664 5347 1888 5421 Χριστῷ

286 5442 587 5498 ἐνωθεῖσαν
635 5445 694 5496 ἐν
746 5441 899 5515 δεξιᾷ
933 5442 1032 5514 τῆς
1081 5443 1478 5513 μεγαλωσύνης
1529 5445 1588 5496 ἐν
1635 5443 1891 5514 οὐρανοῖς

286 5535 544 5590 ἐκάθισεν
566 5552 579 5566 ·
605 5537 663 5588 ἐν
688 5529 941 5606 ᾧΚυρίῳ
981 5535 1076 5590 καὶ
1110 5533 1233 5606 Θεῷ
1295 5535 1456 5607 ἡμῶν
1501 5534 1600 5599 τὰς
1659 5533 1886 5600 ἐλπίδας

286 5628 450 5702 ἡμῶν
472 5630 655 5695 πάσας
677 5628 878 5702 ἔχομεν
898 5647 913 5662 ο
950 5629 1049 5683 καὶ
1089 5629 1152 5683 ὃν
1207 5627 1391 5700 πάσης
1414 5627 1650 5693 κτίσεως
1679 5629 1886 5701 ὁρατῆς

287 5740 348 5778 τε
379 5725 473 5778 καὶ
519 5725 754 5795 ἀοράτου
784 5723 884 5795 τὴν
950 5723 1200 5790 ἐξουσίαν
1279 5721 1425 5793 ἔχειν
1468 5722 1880 5796 ὁμολογοῦμεν

360 5885 409 5917 ⁷⁵
471 5882 675 5954 prcs.
721 5897 802 5950 ιι,
855 5884 938 5953 ιί.⁴

1997 4885 2139 4941 Deus
2176 4884 2342 4939 Pater
2386 4886 2444 4939 iu
2498 4885 2786 4940 caelestibus
2812 4886 2868 4940 in
2909 4886 3129 4940 dextera
3169 4887 3509 4956 majestatis,
3548 4889 3608 4943 in

1997 4978 2206 5032 Christo
2230 4978 2356 5033 Iesu
2389 4977 2618 5032 Domino
2642 4978 2901 5034 nostra".
2929 4979 3049 5034 Non
3064 4987 3245 5035 tamen
3265 4995 3456 5035 omnes
3485 4979 3606 5034 sin-

1996 5071 2221 5143 gillatim
2257 5070 2508 5126 homines
2532 5073 2674 5142 (qua:
2705 5087 2792 5128 res
2822 5087 2933 5128 non
2964 5082 3147 5128 meute
3176 5073 3380 5137 solum,
3403 5087 3601 5128 verum

1995 5165 2162 5221 etiam
2197 5180 2366 5220 sensu
2398 5166 2794 5237 cognoscitur),
2829 5168 2927 5222 sed
2955 5174 3296 5238 assumptam
3327 5181 3396 5222 ex
3415 5167 3600 5233 nobis,

1986 5259 2156 5316 veluti
2179 5259 2446 5331 primitias
2464 5259 2718 5316 humanas
2739 5269 2974 5325 naturae,
2997 5260 3339 5334 hypostatice
3381 5260 3609 5318 Christo

1987 5353 2198 5409 unitam
2242 5368 2470 5408 carnem
2508 5354 2564 5407 in
2597 5353 2821 5409 dextera
2853 5354 3156 5424 maiestatis
3192 5354 3246 5410 in
3279 5353 3435 5409 caelis
3472 5353 3605 5409 fecit

1987 5445 2312 5501 consedere.
2338 5443 2398 5498 ln
2427 5459 2538 5514 quo
2563 5442 2796 5499 Domino
2822 5460 2887 5500 ac
2912 5445 3025 5500 Deo
3044 5453 3236 5500 nostro
3258 5458 3386 5516 spes
3407 5457 3605 5500 omnes

1991 5546 2208 5593 nostras
2242 5535 2564 5602 deﬁximus,
2604 5553 2767 5609 quem
2805 5537 2860 5592 in
2904 5552 3125 5593 omnem
3174 5551 3292 5591 rem
3333 5543 3601 5600 creatam,

1991 5630 2266 5686 visibilem
2355 5639 2520 5701 atque
2581 5631 2954 5697 invisibilem,
3003 5638 3334 5701 potestatem
3391 5627 3602 5685 habere

1991 5723 2351 5792 confitemur;
2386 5732 2440 5782 et
2470 5739 2635 5796 quem
2669 5724 2903 5781 ﬁrmiter
2941 5737 3183 5794 vereque
3211 5731 3603 5794 exspectamus
