4142 6440
541 389 678 456 1319

1928 379 2160 444 PETRI
2200 379 2474 444 SICULI.

3704 376 3836 444 1320

535 509 877 566 dominatum
901 508 1013 580 58
1049 510 1505 578 potentatumque
1540 498 1860 554 habiturum
1893 511 2140 568 praesen-

2266 502 2350 554 καὶ
2387 498 2446 552 ὃν
2469 495 2701 569 βεϐαίως
2722 497 2817 551 καὶ
2837 496 3057 569 άληθῶς
3081 497 3370 570 προσδοκῶ
3382 515 3482 570 μεν
3510 496 3611 569 τὴν
3646 497 3835 584 κυρίαν

537 603 611 656 tis
636 600 914 670 futurique
949 597 1231 669 temporis,
1257 603 1313 650 et
1338 591 1529 647 mundi
1561 600 1616 646 et
1639 589 1987 654 aaternitatis,
2011 603 2136 643 cum

538 689 702 745 Patre
730 689 1004 761 principio
1049 693 1273 743 carente
1317 691 1636 754 regnantem
1658 722 1671 746 ,
1709 689 1765 735 et
1801 695 1928 735 cum
1959 677 2140 733 omni-

539 792 767 854 potente
800 783 920 854 ejus
960 780 1168 853 Spiritu
1205 793 1302 850 per
1337 775 1535 831 sacula
1566 773 1914 830 saeculorum.
1940 770 2132 826 Amen.

609 1062 702 1119 XI.
747 1062 942 1118 Adhuc
979 1068 1163 1114 tamen
1208 1051 1582 1111 necessarium
1621 1059 1710 1107 est
1759 1049 1828 1106 de
1881 1048 2144 1121 praedicto

539 1163 864 1228 argumento
908 1167 1079 1224 pauca
1131 1150 1437 1211 disserere,
1489 1145 1632 1201 sicut
1681 1143 1842 1198 initio
1876 1142 2146 1198 sermonis

542 1251 707 1322 hujus
749 1247 1122 1319 promisimus,
1161 1241 1230 1297 ad
1274 1238 1631 1314 ignominiam
1678 1238 2146 1308 increpationem-

543 1359 651 1414 que
685 1341 926 1397 hostium
962 1337 1057 1393 Dei
1092 1336 1435 1406 impurorum
1465 1332 1930 1397 Manichaeorum;
1963 1330 2054 1401 qui
2090 1346 2150 1386 se

541 1435 687 1508 quod
713 1449 824 1490 non
851 1441 1002 1494 sunt,
1030 1434 1378 1501 nuncupant;
1404 1425 1550 1498 quod
1577 1435 1762 1480 autem
1789 1431 1940 1490 sunt,
1964 1422 2159 1477 audire

541 1543 654 1583 non
685 1521 1059 1581 sustinent.Si
1098 1521 1243 1576 enim
1300 1535 1365 1574 es
1423 1534 1578 1575 sacra
1609 1515 1890 1586 Scriptura
1928 1515 2160 1570 demon-

551 1618 836 1682 strabitur,
869 1629 1039 1670 unum
1065 1613 1439 1682 eumdemque
1467 1625 1592 1666 esse
1617 1617 1673 1664 et
1701 1623 1810 1662 non
1842 1606 2031 1673 alium,
2058 1605 2157 1676 qui

542 1711 742 1768 coelum
809 1719 1124 1777 terramque
1168 1705 1300 1760 fecit
1362 1719 1460 1775 per
1504 1701 1739 1768 Filium;
1784 1701 2151 1771 eumdemque

2249 590 2344 643 καὶ
2371 587 2693 643 δεσποτείαν
2723 587 2868 659 ἔχειν
2887 590 2984 642 καὶ
3011 589 3108 643 τοῦ
3140 588 3412 660 παρόντος
3446 587 3545 642 καὶ
3571 582 3669 640 τοῦ
3707 586 3834 655 μέλ-

2247 682 2435 744 λοντος
2459 681 2556 733 καὶ
2587 679 2796 752 κόσμου
2821 680 2916 734 καὶ
2966 679 3186 745 αἰῶνος,
3218 681 3315 736 σὺν
3340 677 3490 754 [cod.
3522 677 3563 733 f.
3589 675 3740 750 119.]
3763 677 3838 747 τῷ

2251 776 2478 848 ἀνάρχῳ
2508 775 2685 845 [Ia-cpi.
2747 772 3126 845 βασιλεύοντα,
3159 775 3256 829 καὶ
3314 774 3394 846 τῷ
3428 772 3839 842 νπαντοδυνάμῳ

2252 868 2418 924 αὑτοῦ
2484 867 2767 940 Πνεύματι
2825 869 2906 932 εἰς
2979 869 3107 934 τοὺς
3149 868 3355 932 αἰῶνας
3422 866 3534 921 τῶν
3607 864 3836 920 αἰώνων.

2264 964 2462 1033 Ἀμήν.

2327 1058 2430 1110 1Λ’.
2470 1055 2663 1125 Ὅμως
2683 1055 2984 1123 ἀναγκαῖον
3006 1052 3088 1108 ἔτι
3110 1053 3205 1108 καὶ
3232 1053 3360 1124 περὶ
3387 1051 3482 1107 τοῦ
3530 1050 3834 1125 προκειμέι

2255 1167 2347 1202 νου
2375 1147 2588 1218 βραχέα
2617 1146 2921 1209 διαλαΰεῖν,
2955 1145 3142 1210 καθὼς
3164 1147 3222 1200 ὲν
3243 1147 3387 1218 ἀρχῇ
3425 1143 3583 1199 τοῦδε
3637 1144 3732 1198 τοῦ
3755 1143 3843 1196 λό-

2255 1259 2355 1312 γου
2385 1239 2758 1312 ὑπεσχόμεθα,
2798 1239 2935 1310 πρὸς
2980 1238 3247 1311 αἰσχύνην
3277 1240 3374 1292 καὶ
3399 1237 3704 1306 ὀνειδισμὸν
3736 1235 3844 1290 τῶν

2259 1334 2546 1405 Θεομάχων
2579 1334 2675 1386 καὶ
2707 1334 2941 1387 ἀνοσίων
2966 1332 3310 1404 Μανιχαίων,
3329 1331 3438 1384 τῶν
3465 1329 3842 1400 ὀνομαζόντων

2262 1423 2362 1495 μὲν
2390 1424 2619 1486 ὲαυτοὺς
2650 1424 2790 1495 ὅπερ
2817 1423 2918 1476 οὑκ
2946 1424 3107 1486 εἰσὶν,
3141 1423 3311 1476 ὄντων
3372 1423 3430 1476 δὲ
3452 1424 3590 1494 ὅπερ
3629 1421 3847 1477 ἀκούειν

2258 1518 2358 1572 οὑκ
2391 1517 2697 1588 ἀνέχονται.
2727 1518 2789 1570 Εἰ
2819 1517 2929 1587 γάρ
2955 1516 3310 1588 δειχθήσεται
3338 1517 3495 1588 παρά
3544 1517 3644 1587 τῆς
3695 1516 3848 1586 ἱερᾶς

2259 1614 2506 1686 Γραφῆς,
2538 1613 2667 1667 ὃτιό
2703 1613 2868 1678 αὑτὸς
2897 1610 2977 1676 εἷς
3026 1612 3160 1677 Θεός
3194 1616 3365 1677 ἐστιν,
3415 1613 3511 1666 καὶ
3555 1612 3655 1664 οὐκ
3693 1611 3848 1674 ἄλλος

2260 1707 2288 1760 6
2321 1707 2411 1760 τὸν
2445 1706 2678 1774 οὐρανὸν
2717 1707 2814 1760 καὶ
2861 1707 2963 1778 τὴν
2992 1707 3096 1777 γῆν
3127 1706 3362 1777 ποιήσας
3397 1704 3464 1758 δι’
3490 1703 3622 1756 Tia-3
3645 1720 3660 1734 °
3689 1703 3851 1765 αὑτὸς

543 1802 764 1857 Patrem
783 1814 905 1855 esse
931 1796 1147 1852 Domini
1170 1794 1346 1851 nostri
1374 1793 1505 1849 Jesu
1526 1791 1730 1848 Christi
1755 1800 1812 1846 et
1837 1806 1945 1846 non
1968 1790 2147 1846 diver-

2266 1800 2312 1853 δὲ
2363 1800 2460 1854 καὶ
2503 1800 2694 1871 Πατὴρ
2743 1798 2839 1854 τοῦ
2907 1799 3112 1870 Κυρίου
3157 1799 3318 1870 ἡμῶν
3379 1797 3556 1870 Ἰησοῦ
3613 1795 3850 1868 Χριστοῦ

545 1909 701 1960 sum,
732 1891 1098 1960 eumdemque
1134 1888 1256 1942 sine
1297 1885 1480 1957 specie
1518 1894 1573 1941 et
1616 1884 1736 1939 sine
1780 1883 1972 1955 ﬁgura,
2005 1883 2153 1954 quod

547 1985 616 2040 ad
651 1983 891 2039 divinam
918 1978 1281 2036 substantiam
1307 1977 1527 2041 attinet,
1561 1983 1822 2046 superest
1847 1983 1906 2028 ut
1936 1972 2010 2026 illi
2048 1971 2155 2028 uti-

547 2092 655 2148 que
699 2075 938 2130 habeant
979 2072 1124 2143 apud
1175 2086 1234 2126 se
1259 2069 1424 2124 alium
1466 2068 1671 2133 Deum,
1704 2082 1869 2138 quem
1904 2065 2154 2120 maleﬁco

549 2166 770 2240 ingenio
801 2175 856 2221 et
889 2162 1094 2219 infelici
1124 2170 1312 2217 mente
1350 2160 1452 2216 sibi
1485 2160 1829 2231 contingunt.
1864 2159 2036 2213 Porro
2063 2157 2155 2213 ille

550 2260 785 2331 (noster)
830 2257 923 2327 qui
968 2256 1060 2322 sit,
1099 2254 1328 2326 pateﬁet
1357 2252 1503 2308 veris
1537 2251 1953 2323 Scripturarum
1995 2250 2153 2305 testi-

550 2351 752 2408 moniis
782 2351 837 2404 in
869 2350 1114 2405 medium
1148 2346 1349 2403 allatis.
1375 2345 1476 2402 Hic
1502 2345 1671 2417 igitur
1695 2343 2071 2416 proferantur,
2101 2353 2157 2399 et

548 2444 922 2517 evangelicam
944 2441 1233 2497 articulate
1265 2448 1556 2495 sonantem
1586 2438 1773 2492 tubam
1799 2437 2028 2493 audiant
2057 2452 2151 2506 pa-

548 2541 657 2595 lam
687 2539 982 2594 dicentem.
1016 2534 1282 2590 Dominus
1314 2532 1492 2588 dixit:
1521 2530 1697 2602 Opera
1729 2547 1846 2603 qua:
1869 2547 1962 2602 ego
1991 2531 2153 2602 facio,

549 2633 911 2688 testimonium
929 2630 1205 2700 perhibent
1223 2631 1288 2682 de
1310 2643 1412 2691 me,
1438 2627 1579 2697 quod
1603 2625 1767 2681 Pater
1783 2642 1865 2680 me
1881 2624 2154 2680 miserit".

551 2721 657 2776 Et:
685 2719 786 2785 Qui
804 2736 887 2773 me
912 2718 1055 2772 misit
1076 2716 1262 2782 Pater,
1296 2717 1406 2785 ipse
1432 2714 1790 2769 testimonium
1813 2713 2076 2784 perhibuit
2094 2714 2158 2768 de

549 2830 635 2869 me
655 2814 722 2866 ⁷⁵.
773 2811 1008 2868 Ubinam
1050 2825 1182 2866 vero
1211 2816 1446 2864 testatus
1489 2807 1582 2871 sit,
1613 2806 1960 2874 concorditer
1992 2822 2160 2862 evan~

2263 1894 2532 1964 ὑπάρχων
2597 1894 2693 1947 καὶ
2752 1894 2851 1964 οὐχ
2903 1894 3114 1963 ἕτερος,
3161 1894 3191 1946 6
3255 1892 3415 1957 αὐτὸς
3472 1891 3714 1954 ἀνείδεος
3763 1889 3854 1944 καὶ

2265 1985 2681 2056 ἀσχημάτιστος
2731 1985 2998 2056 ὑπάρχων
3067 1982 3211 2038 κατὰ
3277 1983 3377 2056 τὴν
3435 1982 3586 2037 θείαν
3642 1981 3850 2046 οὐσίαν,

2261 2078 2512 2131 λείπεται
2542 2076 2747 2141 αὑτοὺς,
2779 2077 2890 2148 ἄρα
2913 2076 3056 2147 ἔχειν
3091 2075 3222 2148 παρ’
3248 2076 3463 2140 ἑαυτοῖς
3482 2076 3670 2144 ἕτερον
3699 2073 3850 2138 Θεὸν,

2261 2167 2321 2220 ὃν
2351 2167 2668 2239 κακούργου
2724 2168 2972 2238 σκέψεως
3025 2170 3122 2222 καὶ
3179 2169 3576 2238 κακοδαίμονος
3622 2166 3855 2230 διανοίας

2264 2261 2480 2324 ἑαυτοῖς
2550 2259 3034 2315 ἀναπλάττουσιν·
3096 2259 3157 2324 ὃς
3227 2261 3325 2314 καὶ
3407 2258 3855 2332 φανερωθήσεται

2263 2353 2454 2417 ὁποῖός
2483 2353 2621 2416 ἐστι,
2647 2352 2758 2406 τῶν
2798 2352 3096 2424 Γραφικῶν
3153 2352 3372 2425 άληθῶς
3433 2352 3756 2424 μαρτυριῶν
3780 2353 3854 2415 εἰς

2268 2443 2436 2514 μέσον
2477 2440 2906 2515 προτιθεμένων.
2948 2441 3299 2512 ’Λγέσθωσαν
3355 2441 3538 2495 τοίνυν
3597 2439 3852 2507 ἐνταῦθα,

2264 2536 2488 2607 καὶτῆς
2536 2535 2910 2606 εὑαγγελικῆς
2966 2536 3236 2607 ἐνάρθρου
3301 2534 3605 2606 σάλπιγγος
3669 2533 3855 2602 σαφῶς

2264 2625 2534 2698 λεγούσης
2555 2627 2910 2681 ἁκουέτωσαν
2943 2641 2960 2659 ο
3003 2620 3158 2680 εἶπεν
3185 2627 3213 2679 6
3243 2624 3454 2696 Κύριος
3483 2640 3496 2655 ·
3535 2623 3615 2678 Τὰ
3650 2621 3798 2692 ἔργα
3819 2621 3857 2674 d

2261 2719 2378 2789 ἐγὼ
2393 2719 2543 2774 ποιῶ
2562 2720 2853 2790 μαρτυρεῖ
2873 2719 3005 2790 περὶ
3027 2718 3196 2791 ἐμοῦ,
3229 2718 3320 2772 ὅτι
3371 2719 3405 2772 ὀ
3431 2716 3638 2786 Πατήρ
3659 2716 3860 2786 μεάπ-

2263 2813 2545 2869 ἐστειλεν
2570 2829 2584 2844 ·
2612 2813 2713 2868 καὶ
2738 2817 2770 2868 ὁ
2808 2814 3054 2884 πέμψας
3084 2829 3161 2883 με
3179 2809 3402 2882 Πατὴρ,
3431 2810 3616 2875 αὐτὸς
3636 2824 3859 2879 μεμαρ-

552 2907 764 2980 gelistze
803 2905 994 2961 dicunt
1022 2922 1036 2959 :
1060 2902 1383 2975 Baptizatus
1410 2901 1668 2956 Dominus
1696 2899 1851 2955 Jesus
1890 2901 2160 2972 confestim

2267 2907 2529 2974 τύρ-ηκεν
2572 2905 2705 2973 περὶ
2758 2904 2942 2975 ἐμοῦ·
2969 2906 3091 2965 εποῦ
3133 2905 3192 2958 δὲ
3249 2907 3360 2978 ἄρα
3406 2902 3857 2976 μεμαρτύρηκεν,

551 2999 792 3053 ascendit
815 2998 879 3052 de
913 3014 1092 3069 aqua;
1123 3006 1173 3049 et
1199 3013 1314 3051 ecce
1345 2995 1518 3065 aperti
1549 3001 1670 3048 sunt
1697 2993 1743 3047 ei
1770 2991 1906 3060 cazli,
1931 2993 2160 3063 viditque

2271 2995 2582 3068 συμφώνως
2611 2997 2662 3049 οἱ
2718 2995 3106 3066 εὑαγγελισταί
3173 3012 3372 3066 φασιν·
3432 2993 3798 3059 Βαπτισθείς
3828 2992 3860 3045 ὁ

553 3090 814 3162 Spiritum
857 3090 954 3144 Dei
999 3091 1397 3145 descendentem
1433 3089 1571 3142 sicut
1609 3086 1905 3140 columbam
1928 3127 1944 3153 ,
1985 3093 2035 3140 et
2073 3102 2160 3140 ve-

2275 3090 2493 3157 Κύριος
2528 3089 2776 3158 Ἰησοῦς·
2818 3089 3005 3158 ἀνέϐη
3061 3090 3246 3157 εὐθὺς
3268 3089 3386 3145 ἀπὸ
3428 3087 3538 3144 τοῦ
3592 3087 3816 3152 ὕδατος
3844 3102 3858 3117 ι

553 3187 783 3240 nientem
853 3201 1012 3254 super
1075 3201 1147 3238 sc.
1207 3182 1275 3237 Et
1326 3199 1442 3238 ecce
1494 3199 1594 3236 vox
1653 3184 1718 3236 de
1757 3181 1900 3235 cwlis
1945 3182 2160 3234 dicens:

2276 3182 2522 3237 καὶίδοὺ
2547 3182 2948 3253 ἀνεῴχθησαν
2970 3182 3134 3250 αὐτῷ
3171 3187 3226 3238 οὶ
3270 3183 3519 3252 οὐρανοί
3573 3181 3674 3236 καὶ
3707 3177 3865 3234 εἶδεν

553 3277 655 3333 Hic
689 3288 764 3332 est
789 3275 836 3329 F
841 3277 967 3330 ilius
1019 3292 1167 3330 meus
1204 3274 1428 3329 dilectus
1477 3275 1532 3328 in
1555 3289 1655 3344 quo
1697 3272 1825 3327 mihi
1861 3272 1987 3326 bene
2024 3287 2160 3326 com-

2272 3278 2339 3330 τὸ
2373 3277 2617 3346 Πνεῦμα
2636 3277 2744 3330 τοῦ
2770 3277 2918 3332 Θεοῦ
2941 3275 3463 3332 καταϐαῖνονὼσεὶ
3484 3274 3862 3344 περιστερὰν,

557 3372 826 3441 placui".
862 3369 1077 3425 Rursus
1111 3369 1179 3424 de
1229 3367 1438 3422 Christi
1471 3366 1955 3439 transﬁguratione
2003 3365 2160 3420 iidem

2269 3369 2369 3422 καὶ
2400 3369 2734 3440 ἐρχόμενον
2761 3371 2855 3424 ἐπ’
2897 3371 3088 3424 αὐτόν
3113 3386 3125 3398 ·
3153 3371 3252 3424 καί
3290 3368 3420 3424 ὶδοὺ
3451 3367 3620 3438 φωνὴ
3659 3366 3730 3421 ἐκ
3751 3365 3866 3419 τῶν

555 3466 714 3521 aiunt
741 3486 752 3520 :
785 3463 1091 3534 Suscipiens
1118 3462 1377 3516 Dominus
1403 3461 1553 3515 Jesus
1584 3460 1808 3515 Petrum
1833 3469 1881 3514 et
1909 3459 2160 3514 Iacobum

2266 3462 2823 3534 οἰιοανῶνλέγηουσα
2843 3478 2856 3492 ·
2889 3458 3068 3530 οὗτός
3096 3463 3270 3517 ἐστιν
3299 3465 3331 3516 ὁ
3372 3462 3505 3528 Υἱός
3519 3479 3638 3531 μου
3663 3463 3698 3515 ό
3724 3461 3867 3527 ἀττα-

557 3576 620 3614 ac
651 3558 921 3613 Joannem
961 3559 1186 3629 fratrem
1239 3555 1377 3625 ejus,
1409 3555 1560 3609 duxit
1599 3571 1685 3608 eos
1720 3555 1776 3609 in
1810 3564 2041 3608 montem
2072 3570 2164 3607 ea:-

560 3651 756 3706 celsum
784 3649 1116 3705 seorsum.Et
1148 3649 1563 3720 transﬁguratus
1597 3658 1810 3703 astante
1830 3665 1915 3720 eos
1934 3649 1999 3702 ⁷⁸.
2029 3646 2163 3714 Qui-

557 3743 663 3799 bus
704 3743 872 3798 etiam
912 3741 1166 3796 exhibuit
1209 3742 1449 3812 speciem
1490 3756 1723 3807 novam,
1762 3750 2026 3812 quantum
2059 3740 2164 3810 ipsi

561 3849 762 3904 capere
795 3840 1053 3904 poterant
1085 3850 1100 3887 :
1132 3833 1224 3902 qui
1260 3847 1386 3888 cum
1417 3832 1728 3903 splendoris
1758 3833 2164 3889 vehementiam

561 3942 677 3981 non
711 3925 940 3990 ferrent,
969 3926 1122 3980 humi
1151 3925 1584 3997 procumbentes
1608 3941 1805 3982 Somno
1836 3942 1895 3982 se
1929 3928 2167 3982 tradide-

561 4026 715 4077 runt.
761 4017 832 4073 Et
868 4032 997 4074 ecce
1041 4034 1146 4073 vox
1188 4017 1256 4073 de
1293 4017 1442 4072 nube
1482 4018 1715 4074 dicens:
1754 4019 1858 4073 llic
1886 4029 1960 4074 est
1995 4020 2166 4075 Filius

2263 3555 2454 3622 πητὸς
2470 3556 2539 3609 ἐν
2564 3548 2612 3621 ᾧ
2639 3556 2960 3624 ηὑδόκησα
2983 3572 2996 3586 ·
3031 3557 3125 3610 καὶ
3152 3555 3316 3610 πάλιν
3347 3555 3582 3628 περὶτῆς
3613 3553 3710 3606 τοῦ
3737 3554 3869 3624 Χρι-

2265 3645 2393 3700 στοῦ
2453 3647 2960 3719 μεταμορφώσεως,
2989 3647 3038 3699 οἱ
3069 3646 3225 3700 αὑτοὶ
3265 3662 3464 3714 φασιν·
3499 3643 3871 3714 Παραλαϐὼν

2261 3741 2476 3810 Κύριος
2531 3740 2764 3809 Ἰησοῦς
2785 3741 2892 3794 τὸν
2920 3738 3143 3810 Πέτρον
3180 3739 3280 3794 καὶ
3312 3737 3594 3793 Ἰάκωϐον
3629 3737 3733 3793 καί
3766 3739 3874 3793 ἰω-

2261 3831 2459 3900 άννην
2484 3831 2591 3886 τὸν
2612 3832 2885 3902 ἀδελφὸν
2913 3833 3124 3898 αὐτοῦ,
3168 3832 3506 3902 ἀνήνεγκεν
3531 3831 3757 3898 αὐτοὺς
3787 3831 3874 3896 εις

2263 3925 2399 3993 ὅρος
2432 3927 2685 3996 ὑψηλὸν
2713 3926 2992 3988 κατιδίαν
3016 3943 3028 3958 ·
3059 3927 3156 3981 καί
3184 3926 3612 3998 μετεμορφώθη
3641 3926 3870 3996 ἔμπρο-

2263 4021 2416 4072 σθεν
2451 4018 2674 4076 αὐτῶν.
2724 4015 2820 4083 Οἷς
2860 4019 2957 4073 καὶ
2989 4019 3322 4092 παρεδείκνυ
3353 4017 3493 4083 εἶδος
3546 4019 3721 4084 ξένον,
3753 4019 3876 4072 ὅσον

565 4127 714 4166 meus
744 4109 964 4164 dilectus
1007 4111 1063 4164 in
1101 4127 1204 4181 quo
1241 4110 1352 4184 59
1386 4113 1514 4166 mihi
1542 4114 1667 4167 bene
1700 4113 2017 4184 complacui.
2051 4113 2160 4169 Han

2278 4113 2480 4185 χωρεῖν
2517 4111 2784 4183 ἠδύναντο
2809 4127 2824 4142 ’
2851 4112 2902 4166 οἳ
2942 4114 3039 4168 καὶ
3085 4114 3185 4184 τὴν
3220 4112 3528 4185 ὑπερϐολὴν
3570 4112 3769 4184 αἴγλης
3802 4112 3877 4184 μὴ

564 4219 677 4258 una
715 4217 851 4259 voce
884 4203 1240 4274 evangelistae
1276 4214 1409 4260 tres.
1434 4202 1682 4260 Joannes
1705 4213 1892 4260 autem
1927 4205 2034 4262 ait:
2069 4207 2160 4264 Do-

2281 4205 2600 4275 ἐνεγκόντες
2639 4205 2736 4260 ἐπὶ
2795 4205 2897 4277 τὴν
2953 4205 3058 4278 γῆν
3113 4205 3520 4270 καταπεσόντες
3565 4207 3648 4270 εἰς
3710 4205 3880 4259 ὑπνον

565 4294 753 4350 minus
796 4292 980 4348 dixit:
1023 4291 1279 4364 Clariﬁca
1321 4311 1423 4362 me,
1487 4293 1686 4361 Pater,
1731 4294 1981 4350 claritate
2018 4313 2160 4367 quan

2282 4298 2602 4369 ἐτρέποντο.
2636 4298 2747 4352 Καὶ
2779 4298 2889 4353 ίδοὺ
2926 4299 3080 4370 φωνὴ
3113 4299 3178 4353 ἐκ
3211 4300 3309 4369 τῆς
3333 4299 3566 4370 νεφέλης
3617 4299 3877 4368 λέγουσα·

569 4387 735 4441 habui
777 4386 928 4457 prius
960 4402 1124 4457 quam
1157 4388 1388 4442 mundus
1424 4386 1574 4456 ﬁeret
1609 4389 1753 4458 apud
1781 4397 1830 4443 te
1860 4389 1929 4442 7°.
1959 4387 2100 4446 Ecce
2127 4405 2156 4444 e

2285 4386 2478 4460 Οὗτός
2504 4391 2676 4446 ἐστιν
2705 4393 2740 4447 d
2779 4393 3056 4464 Υἱόςμου
3078 4395 3112 4449 ό
3154 4394 3462 4464 ἀγαπητὸς
3500 4394 3572 4449 ἐν
3614 4388 3664 4462 ᾧ
3693 4393 3880 4462 ηὐδό-

565 4480 717 4552 apud
743 4479 922 4550 ipsum
945 4487 1179 4535 testatur
1207 4481 1478 4536 mundum
1507 4479 1677 4537 fuisse
1706 4481 2046 4554 bypostatica
2075 4498 2160 4538 ve-

2281 4498 2446 4554 κησα
2467 4523 2482 4538 .
2507 4483 2696 4539 Ταῦτα
2722 4485 2822 4557 μὲν
2847 4485 2898 4539 oi
2927 4487 3076 4558 τρεῖς
3100 4486 3489 4556 εὑαγγελισταὶ
3528 4485 3840 4556 συμφώνως
3863 4500 3877 4515 °

573 4575 733 4640 ritas,
773 4573 1033 4628 videlicet
1067 4582 1198 4629 ante
1229 4575 1395 4630 etiam
1425 4575 1619 4630 mundi
1648 4576 1986 4630 creationem
2014 4576 2160 4632 clari-

2279 4578 2309 4630 6
2363 4576 2420 4630 δὲ
2481 4577 2740 4649 Ἰωάννης
2785 4577 2990 4650 φησίν·
3057 4576 3228 4632 Εἶπεν
3264 4581 3292 4633 6
3343 4579 3572 4652 Κύριος,
3603 4579 3883 4644 Δόξασόν

570 4666 740 4722 ﬁcato
789 4665 928 4721 Filio
975 4667 1122 4738 apud
1154 4667 1414 4736 Patrem;
1457 4683 1571 4724 non
1604 4679 1788 4724 autem
1819 4669 1963 4740 apud
1993 4685 2156 4741 quem

2278 4686 2381 4740 με,
2419 4668 2637 4742 Πάτερ,
2671 4669 2744 4740 τῇ
2765 4671 2915 4741 δόξῃ
2935 4665 3164 4745 ᾖεῖχον
3190 4673 3308 4742 πρὸ
3347 4672 3456 4727 τοῦ
3505 4673 3615 4727 τὸν
3645 4674 3884 4742 κόσμον

573 4773 743 4830 quam
767 4758 960 4822 alium,
985 4769 1048 4815 ut
1073 4753 1172 4816 v'os
1197 4760 1405 4826 dicitis,
1435 4762 1702 4818 mundum
1736 4761 1930 4818 fuisse.
1958 4761 2160 4831 Statim

2285 4765 2625 4838 εἶναιπαρὰ
2648 4769 2770 4824 σοί.
2823 4770 2956 4824 ’1δοὺ
3011 4769 3107 4823 καὶ
3142 4769 3273 4843 παρ’
3327 4768 3477 4840 αὑτῷ
3526 4768 3617 4823 τὸν
3676 4768 3883 4839 κόσμον

575 4866 684 4922 que
705 4865 814 4906 vox
839 4850 910 4906 de
939 4851 1080 4908 cmlo
1110 4853 1331 4924 delapsa
1359 4854 1438 4909 ait
1462 4872 1476 4908 :
1501 4857 1573 4909 Et
1603 4854 1901 4924 clariﬁcavi
1921 4865 1970 4910 et
1995 4856 2160 4911 iterun

2286 4855 2430 4915 εἴναι
2491 4862 2766 4934 μαρτυρεῖ
2815 4862 2847 4932 ὴ
2901 4861 3268 4924 ἐνυπόστατος
3334 4859 3583 4931 ἀλήθεια,
3640 4858 3884 4931 δηλονότι

574 4941 883 5012 clariﬁcabo
911 4940 981 4998 ⁸ο.
1013 4941 1181 4999 Vides
1227 4945 1477 5001 auditam
1508 4945 1679 5003 fuisse
1709 4946 1890 5004 Patris
1931 4963 2125 5004 vocem
2155 4967 2160 5002 ι

2276 4953 2400 5030 ,πρὸ
2421 4951 2518 5008 τοῦ
2550 4953 2844 5025 κτισθῆναι
2867 4953 2958 5007 τὸν
2990 4954 3195 5026 κόσμον
3232 4953 3599 5025 δοξαζομένου
3630 4951 3727 5006 τοῦ
3751 4949 3884 5006 Υίοῦ

577 5034 952 5107 praesentibus
994 5044 1268 5108 quotquot
1317 5039 1408 5094 illa
1438 5040 1721 5097 auditione
1758 5041 1908 5114 digni
1938 5041 2185 5098 fuerunt.

577 5125 705 5180 Non
739 5133 922 5180 tamen
953 5128 1252 5184 audierunt
1296 5129 1509 5204 indigni
1538 5149 1553 5187 :
1599 5131 1761 5188 sicuti
1793 5149 1864 5190 ne
1891 5134 2186 5207 transﬁgu-

584 5215 820 5273 rationis
850 5219 1074 5290 quidem
1113 5220 1292 5277 lucem
1321 5223 1462 5279 vidit
1483 5224 1731 5296 proditor
1757 5225 1948 5283 ludas.
1973 5225 2186 5300 Reliqui

585 5327 722 5368 vero
752 5313 982 5384 apostoli
1010 5313 1164 5385 digni
1195 5331 1329 5372 sane
1359 5329 1523 5374 erant
1555 5319 1675 5390 ejus
1710 5320 1944 5389 visione,
1973 5323 2082 5394 sed
2103 5332 2188 5380 ta-

581 5419 719 5460 men
741 5404 1000 5476 prudenti
1027 5405 1241 5464 ratione
1263 5423 1293 5463 a
1317 5409 1549 5468 Domino
1572 5414 1921 5485 pra-termissi
1945 5427 2095 5483 sunt,
2118 5433 2191 5473 ne

587 5495 920 5554 invidiosius
949 5507 1005 5556 et
1027 5499 1454 5560 inexcusabilius
1479 5504 1581 5577 ipsi
1614 5505 1774 5563 ﬁeret
1799 5507 1946 5579 quod
1978 5523 2206 5565 nonum.

2293 5049 2448 5121 παρά
2473 5046 2550 5119 τῷ
2583 5049 2762 5120 Ιίατρί
2787 5063 2801 5079 ⁶
2837 5049 3016 5104 καὶοὺ
3059 5051 3189 5122 παρ’
3207 5050 3413 5121 ὲτέροῳ
3464 5045 3605 5103 εἶναι
3649 5049 3741 5102 τὸν
3795 5047 3886 5101 κό-

2295 5160 2455 5215 σμον,
2483 5140 2670 5207 καθὼς
2695 5142 3020 5213 αὑτοίφατε
3043 5161 3058 5176 ο
3086 5145 3180 5197 καὶ
3219 5144 3424 5208 εὐθέως
3458 5143 3613 5216 φωνὴ
3669 5142 3885 5212 ἐγένετο

2293 5238 2360 5290 ὲκ
2387 5235 2498 5289 τῶν
2520 5235 2770 5310 οὐρανῶν
2803 5237 3041 5308 λέγουσα
3063 5254 3077 5268 ·
3116 5235 3228 5293 Καὶ
3252 5235 3543 5302 ἐδόξασα,
3575 5235 3677 5289 καὶ
3698 5232 3886 5288 πάλιν

2297 5325 2560 5391 δοξάσω.
2587 5326 2694 5380 Ἴδε
2711 5327 2794 5381 ὅτι
2817 5329 3005 5399 φωνὴν
3020 5328 3187 5382 αὑτοῦ
3215 5329 3265 5382 οἱ
3291 5327 3562 5399 παρόντες
3584 5326 3886 5398 ἀκηκόασιν

2297 5419 2347 5473 οἱ
2381 5417 2549 5483 ἀξίως
2576 5421 2880 5492 χωρητικοὶ
2909 5422 3008 5492 τῆς
3040 5421 3303 5492 τοιαύτης
3343 5421 3556 5490 ἀκοῆς·
3593 5418 3693 5472 οὑκ
3744 5416 3885 5485 ἀκη-

2296 5511 2456 5566 κόασι
2497 5511 2553 5566 δὲ
2587 5514 2807 5578 πάντως
2830 5515 2881 5568 οἱ
2912 5514 3147 5580 ἀνάξιοι,
3172 5514 3362 5584 ὥσπερ
3385 5513 3508 5567 οὑδὲ
3532 5512 3706 5583 τὸτῆς
3726 5525 3887 5582 μετα-

583 5591 926 5650 exclusisset.
1219 5599 1224 5605 '

2303 5603 2640 5678 μορφώσεως
2689 5606 2806 5678 φῶς
2848 5607 3051 5673 Ἰούδας
3083 5609 3112 5661 ὁ
3171 5607 3548 5680 προδότηςοοὶ
3598 5607 3656 5662 δὲ
3702 5600 3879 5660 λοιποὶ

749 5785 923 5893 ἐθειξό
957 5789 1474 5893 ltati-56",".Immi’hid,
1540 5797 1632 5856 57.
1711 5799 1756 5834 ’⁷
1785 5799 1980 5859 Matth.
2013 5803 2150 5872 "1,1

2293 5803 2338 5838 ’⁸
2366 5803 2560 5863 Matth.
2589 5821 2725 5877 mi,
2760 5807 2810 5875 i;
2849 5807 3016 5866 Marc.
3051 5825 3126 5879 ix,
3154 5809 3206 5877 1;
3233 5809 3368 5866 Luc.
3398 5824 3475 5878 ix,
3503 5807 3594 5866 28.
3661 5814 3704 5847 7°
3727 5811 3882 5868 Jo.m.

586 5870 718 5924 xm,
748 5861 802 5912 5.
877 5862 923 5893 ’⁵ο
947 5861 1102 5919 Joan.
1139 5880 1268 5936 xv",
1291 5867 1380 5927 28.
