4142 6432
309 346 441 413 1321

1298 339 1558 402 SERMO
1598 339 1626 400 Ι
1664 337 2067 401 ADVERSUS
2108 336 2597 400 ΜΑΝΙΟΗίΕ-ΟΞ.

3458 333 3598 398 Ῑ3Ξ2

299 453 597 511 ἀπόστολοι
626 453 769 519 ἄξιοι
804 452 906 526 μὲν
927 449 1023 507 τοῦ
1051 451 1201 522 ,ἰδεῖν
1267 451 1432 508 αὑτὸν
1505 448 1777 521 ὑπῆρχον,
1826 448 2193 519 οἰκονομικῶς
2239 448 2298 503 δὲ
2343 448 2451 503 ὑπὸ
2521 448 2622 504 τοῦ
2674 449 2886 522 Κυρίου
2958 449 3405 523 ἀπελείφθησαν·
3453 447 3597 504 ὥστε

309 544 789 615 ἀνεπαχθέστερον
837 542 988 614 αὑτῷ
1031 540 1183 614 (cod.
1241 540 1284 597 ι.
1320 539 1471 614 120.]
1507 540 1767 611 γενέσθαι
1815 540 1910 594 καὶ
1943 538 2353 608 ἀναπολόγητον
2390 540 2454 594 τὸ
2478 540 2698 595 ἔννατον
2720 540 3144 626 ἀπολειφθῆναι.

375 640 479 696 IB'.
510 638 622 691 Καὶ
670 640 700 691 6
747 638 1021 710 μακάριος
1080 637 1381 699 ἀπόστολος
1428 634 1641 702 Παῦλός
1704 650 1895 707 φησιν·

2077 635 2193 691 XII.
2239 636 2438 690 Beatus
2467 652 2688 706 quoque
2723 636 3005 708 apostolus
3045 635 3246 691 Paulus
3285 636 3382 699 ait,
3410 634 3597 691 Domi-

303 733 387 786 δτι
421 732 450 785 ὁ
502 731 711 804 Κύριος
773 729 1024 803 ἐγερθεὶς
1088 729 1157 783 ὲκ
1191 728 1405 800 νεκρῶν
1470 727 1639 798 ὥερθη
1709 724 1905 798 Κηφᾷ,

304 817 437 876 εἶτα
475 820 602 889 τοῖς
642 818 876 874 δώδεκα
902 860 918 886 ,
973 820 1181 874 ἔπειτα
1230 818 1435 874 ἐπάνω
1479 820 1906 885 πεντακοσίοις

307 915 602 986 ἀδελφοῖς
643 914 888 985 ἐφάπαξ
913 954 929 978 .
970 914 1183 969 ἔπειτα
1227 912 1397 985 ὤφθη
1454 913 1727 981 Ἰακώϐῳ,
1780 909 1911 969 εἷτα

308 1005 437 1073 τοῖς
470 1006 847 1073 ἀποστόλοις
899 1004 1117 1073 πᾶσιν,
1163 1006 1451 1075 δηλονότι
1510 1007 1628 1076 πρὸ
1657 1006 1770 1076 τῆς
1806 1007 1909 1062 ἐν-

307 1096 420 1161 δόξ’
426 1115 494 1152 ου
519 1097 707 1152 αὐτοῦ
725 1099 815 1164 εις
846 1098 1155 1166 οὐρανοὺς
1187 1098 1562 1170 ἀναλήψεως
1584 1120 1597 1132 ·
1632 1099 1906 1170 ἔσχατον

310 1190 382 1242 δὲ
412 1189 658 1244 πάντων
703 1191 964 1261 ὡσπερεὶ
993 1190 1075 1258 τῷ
1122 1192 1450 1263 ἐκτρώματι
1470 1194 1643 1265 ὤφθη
1685 1193 1865 1264 κάμοί
1891 1209 1906 1225 ·

311 1282 518 1355 νοερῶς
574 1283 794 1349 πάντως
837 1286 935 1339 καὶ
966 1285 1353 1356 ὀπτανόμενος
1407 1288 1504 1341 καὶ
1566 1285 1910 1358 προσκαλού-

314 1392 476 1446 μενος
504 1375 671 1430 αὐτὸν
720 1377 860 1449 πρὸς
877 1377 975 1447 τὴν
1005 1378 1309 1446 ἐπίγνωσιν
1345 1376 1545 1432 ἑαυτοῦ
1573 1380 1605 1432 6
1658 1378 1868 1451 Κύριος
1891 1388 1907 1411 δ

314 1469 454 1540 μετά
479 1468 587 1540 γὰρ
642 1472 980 1525 ἐνιαυσιαῖον
1036 1471 1226 1541 σχεδὸν
1281 1471 1476 1543 χρόνον
1520 1472 1621 1544 τῆς
1666 1472 1907 1545 Χριστοῦ

312 1560 452 1631 πρὸς
500 1561 767 1633 οὐρανοὺς
816 1561 1168 1633 ἀναλήψεως,
1211 1563 1517 1627 πιστεύσας
1554 1564 1652 1619 καὶ
1707 1564 1911 1635 βαπτι-

312 1648 513 1717 σθεὶςό
542 1653 888 1721 ’Δπόστολος,
941 1656 1045 1727 τῆς
1091 1657 1426 1729 οἰκουμένης
1467 1657 1575 1712 ὑπὸ
1607 1656 1702 1712 τοῦ
1744 1658 1906 1727 ἁγίου

313 1747 640 1820 Πνεὺματος
698 1749 1016 1822 προεϐλήθη
1080 1749 1441 1814 διδάσκαλος·
1507 1751 1606 1805 καὶ
1674 1751 1917 1815 ἀναστὰς

315 1841 421 1911 μὲν
442 1843 470 1894 6
501 1841 709 1913 Κύριος
731 1842 800 1895 ἐκ
824 1842 1058 1914 νεκρῶν,
1087 1842 1420 1913 σωματικῶς
1447 1845 1562 1908 τοῖς
1592 1842 1917 1907 ἀποστόλοις

314 1931 624 1999 ὡπτάνετο,
652 1932 929 2005 ὀρώμενός
957 1951 1017 1987 τε
1046 1934 1140 1987 καὶ
1160 1939 1227 2006 τῇ
1280 1936 1427 2007 χειρὶ
1452 1935 1548 1989 τοῦ
1588 1934 1911 2006 πολυπράγ-

2006 746 2141 785 num
2162 746 2193 784 e
2216 730 2444 785 mortuis
2466 731 2813 796 suscitatum,
2838 732 3013 786 visum
3042 748 3149 786 esse
3172 730 3381 801 Cap/tae,
3414 733 3601 787 deinde

2006 823 2317 886 duodecim,
2373 823 2568 877 deinde
2626 821 2745 893 plus
2800 840 2963 894 quam
3006 824 3307 895 quingentis
3345 824 3603 895 fratribus

2005 912 2167 967 simul
2193 928 2212 967 :
2245 912 2435 967 deinde
2483 914 2653 967 visum
2697 931 2805 969 esse
2846 915 3090 972 Jacobo:
3124 917 3315 971 deinde
3355 918 3606 988 apostolis

2009 1006 2283 1070 omnibus,
2320 1004 2557 1060 videlicet
2593 1018 2719 1061 ante
2754 1008 3043 1079 gloriosam
3077 1009 3193 1079 ejus
3220 1010 3277 1063 in
3302 1011 3490 1065 caelum
3520 1028 3609 1064 us-

2008 1098 2380 1169 sumptionem.
2450 1097 2748 1153 Novissime
2803 1111 2984 1155 autem
3046 1103 3284 1156 omnium
3351 1113 3608 1174 tanquam

2010 1189 2251 1245 abortivo
2283 1191 2424 1245 visus
2450 1200 2525 1245 est
2550 1201 2598 1246 et
2626 1194 2755 1246 mihi
2778 1193 2821 1224 ⁸⁸
2848 1211 2861 1247 z
2893 1195 3337 1252 intellectualiler
3357 1199 3608 1264 omnino,

2011 1292 2067 1339 et
2094 1291 2272 1338 seruet
2297 1284 2597 1341 ostendens
2628 1286 2891 1342 Dominus
2921 1297 2977 1343 et
3009 1289 3160 1343 illum
3190 1290 3257 1345 ad
3298 1290 3382 1347 sui
3416 1291 3609 1363 cogni-

2013 1378 2222 1433 tionem
2255 1376 2522 1433 invitans.
2566 1380 2726 1435 Anno
2758 1380 2913 1435 enim
2949 1378 3122 1437 ferme
3167 1393 3360 1439 exacto
3394 1399 3462 1440 ex
3502 1400 3614 1455 quo

2014 1470 2268 1527 Christus
2310 1470 2365 1526 in
2398 1471 2598 1526 coelum
2643 1482 2960 1544 assumptus
2995 1473 3207 1543 fuerat,
3250 1476 3357 1532 ﬁde
3397 1493 3462 1533 ac
3514 1478 3614 1533 ba-

2012 1563 2216 1634 ptismo
2249 1572 2508 1634 suscepto
2537 1564 2852 1634 Apostolus,
2882 1567 3075 1622 mundi
3102 1584 3133 1622 a
3174 1569 3383 1639 Spiritu
3422 1580 3614 1626 sancto

2012 1655 2351 1712 constitutus
2379 1663 2463 1710 est
2490 1656 2704 1711 doctor.
2733 1656 2793 1710 Et
2824 1658 3121 1714 suscitatus
3149 1660 3373 1730 quidem
3404 1676 3436 1717 e
3464 1679 3616 1718 mor—

2014 1747 2123 1803 tuis
2152 1747 2423 1803 Dominus
2455 1747 2721 1818 apostolis
2753 1749 3028 1819 apparuit,
3069 1752 3327 1823 visusque
3355 1762 3412 1808 et
3449 1770 3615 1808 manu

2013 1854 2045 1895 a
2069 1839 2290 1897 curioso
2312 1839 2524 1895 Tboma
2548 1839 2821 1911 palpatus,
2854 1849 2912 1895 et
2947 1842 3235 1913 cumEipsis
3262 1856 3619 1900 conversatus

2018 1938 2105 1986 est
2132 1946 2203 1986 ne
2234 1931 2558 2002 phantasma
2588 1931 2859 2002 quoddam
2898 1931 3326 1999 existimaretur,
3364 1935 3458 1990 sed
3491 1952 3621 1992 vera

315 2041 481 2096 μονος
517 2000 1137 2096 Θωμᾶῠψηλαφούμενος
1168 2000 1389 2081 ista;
1427 2029 1614 2091 αὐτοῖς
1656 2000 1919 2099 ait;ng-

2026 2022 2206 2093 potius
2246 2022 2496 2093 corporis
2528 2036 2560 2077 e
2598 2023 2835 2078 mortuis
2884 2024 3242 2081 resurrectio.
3289 2027 3410 2082 Pari
3459 2029 3624 2083 modo

316 2130 429 2178 νος,
474 2112 619 2167 ῶστε
651 2114 728 2186 μὴ
788 2114 1114 2187 νομισθῆναι
1165 2119 1443 2186 φαντασία
1481 2136 1592 2186 τις,
1620 2118 1737 2173 ἀλλ’
1766 2119 1918 2190 ἀλη-

315 2204 428 2269 θῶς
454 2204 718 2278 σώματος
753 2209 819 2261 ὲκ
859 2208 1072 2280 νεκρῶν
1106 2210 1405 2275 ἀνάστασις
1422 2227 1438 2243 ·
1466 2210 1670 2282 ὁμοίως
1691 2212 1786 2265 καὶ
1806 2212 1922 2275 τοῖς

315 2298 529 2363 λοιποῖς
565 2299 763 2365 ἀξίοις.
791 2301 884 2373 Τῷ
935 2303 994 2356 δὲ
1060 2302 1235 2375 λοιπῷ
1297 2302 1459 2375 δήμῳ
1505 2303 1615 2358 τῶν
1653 2303 1924 2358 Ἰουδαίων

314 2392 420 2446 οὐκ
443 2389 621 2464 ὤφθη·
658 2393 722 2447 οὐ
777 2394 889 2465 γὰρ
927 2390 1073 2467 ἦσαν
1099 2395 1247 2461 ἄξιοι
1305 2395 1619 2451 ἀναστάντα
1665 2395 1742 2460 ὡς
1786 2394 1925 2467 Θεὸν

318 2485 388 2538 ὲκ
426 2484 640 2556 νεκρῶν
659 2484 789 2539 ἰδεῖν
814 2486 874 2541 ὃν
906 2486 983 2552 ὼς
1006 2488 1320 2559 κακοῦργον
1349 2488 1727 2561 ἐσταύρωσαν.
1762 2485 1927 2541 Ἀλλά

321 2576 419 2630 καὶ
446 2577 652 2648 νοερῶς
689 2582 802 2643 τοῖς
843 2578 1020 2645 ἀξίοις
1056 2579 1349 2636 ὠπτάνετο
1383 2580 1462 2654 νῷ
1514 2583 1683 2653 μόνῳ,
1734 2583 1782 2635 εἰ
1830 2582 1928 2635 καὶ

318 2661 444 2716 λίαν
469 2662 730 2735 ἀμυδρῶς
779 2666 1299 2737 σκιαγραφούμενος
1325 2684 1340 2697 ’
1384 2666 1570 2731 καθὼς
1653 2666 1793 2738 πρὸς
1835 2666 1928 2721 τὸν

317 2753 591 2807 Φίλιππον
619 2756 647 2808 6
670 2754 877 2827 Κύριος
919 2756 1027 2828 ἔφη
1053 2772 1067 2786 ·
1106 2756 1173 2811 ’0
1223 2758 1503 2827 ἑωρακὼς
1549 2757 1678 2829 ἐμὲ,
1702 2758 1929 2828 ἑώρακε

320 2847 437 2902 τὸν
458 2847 698 2917 Πατέρα
736 2867 885 2920 μου,
951 2850 1235 2905 τουτέστιν
1282 2851 1656 2923 όξνενοηκώςο
1709 2854 1771 2908 οὐ
1819 2854 1929 2923 γὰρ

324 2944 664 3012 σωματικοῖς
676 2941 975 3015 ὀφθαλμοῖς
990 2943 1184 3015 ὁρᾶται
1204 2944 1266 2997 τὸ
1278 2943 1434 2998 Θεῖον
1448 2943 1598 3017 [cod.
1618 2943 1657 2999 Γ.
1676 2944 1798 2999 120.
1819 2945 1872 3000 b.
1884 2943 1925 3018 ],

325 3026 467 3091 ἀλλά
490 3036 572 3091 νοῒ
594 3038 720 3092 ὅσον
745 3039 1045 3111 ἐνδέχεται.
1069 3042 1136 3097 Ei
1166 3042 1275 3114 γὰρ
1317 3044 1410 3098 καὶ
1454 3043 1516 3097 τὸ
1556 3044 1713 3098 Θεῖον
1747 3045 1924 3115 ἀσχηο

324 3129 594 3201 μάτιστόν
630 3131 749 3186 ἐστι
773 3133 869 3189 καὶ
899 3133 1342 3206 ἀπερίγραπτον,
1374 3134 1491 3189 ἀλλ’
1515 3131 1598 3201 οἷς
1626 3132 1772 3191 οἶδεν
1797 3138 1925 3208 τρό-

327 3238 456 3286 ποις
477 3222 792 3295 οἰκονομίας
821 3226 936 3288 τοῖς
958 3225 1136 3290 ἀξίοις
1160 3226 1486 3293 ὀπτάνεται,
1511 3226 1810 3292 πολυειδῶς
1829 3227 1925 3282 καὶ

327 3311 693 3387 πολυτρόπως
710 3316 813 3387 τῆς
847 3317 1125 3390 σωτηρίας
1154 3318 1376 3373 πάντων
1410 3318 1836 3391 προνοούμενος.

398 3409 501 3463 ll".
546 3409 672 3463 Ὀτι
718 3409 775 3464 δὲ
806 3411 1017 3476 ὀαὺτὺς
1072 3412 1206 3477 Θεός
1269 3414 1418 3468 ἐστιν
1449 3413 1544 3467 καὶ
1584 3412 1687 3466 οὐκ
1716 3412 1875 3476 ἀλλος
1899 3410 1929 3463 ό

332 3501 569 3572 ποιητὴς
594 3502 690 3556 τοῦ
715 3502 951 3574 οὐρανοῦ
984 3505 1081 3558 καὶ
1124 3505 1223 3577 τῆς
1276 3507 1377 3578 γῆς
1412 3507 1508 3561 καὶ
1568 3506 1791 3561 πάντων
1821 3502 1934 3558 τῶν

329 3594 394 3649 ὲν
420 3595 607 3660 αὐτοῖς
640 3595 831 3662 ὄντων,
861 3598 891 3650 6
926 3596 1090 3661 αὐτὸς
1124 3599 1222 3653 καὶ
1253 3598 1488 3670 ἀόρατος
1515 3602 1583 3669 τῇ
1608 3598 1729 3671 θείᾳ
1752 3597 1934 3669 οὐσίᾳ,

332 3685 429 3740 καὶ
460 3686 652 3760 Πατὴρ
711 3689 1044 3761 ὑπουράνιος
1096 3689 1387 3763 ὑπάρχων,
1430 3691 1526 3746 καὶ
1567 3693 1627 3745 ὲν
1659 3692 1737 3762 τῷ
1775 3688 1941 3744 παντὶ

330 3779 414 3834 ὣν
468 3780 567 3834 καὶ
601 3781 745 3853 ὑπὲρ
792 3782 856 3835 τὸ
892 3780 1044 3855 ὕπαρ
1094 3783 1192 3852 ῶν,
1247 3784 1499 3859 ἀκριϐῶς
1550 3784 1644 3838 διά
1691 3784 1940 3857 βραχέων

332 3877 608 3933 ἄκουσονο
645 3872 803 3932 εἶπεν
862 3879 891 3932 6
955 3878 1161 3951 Κύριος
1185 3895 1200 3910 ⁸
1252 3879 1773 3951 Ἐξομολογοῦμαί
1811 3892 1939 3944 σοι,

334 3969 552 4041 Πάτερ,
573 3971 749 4041 Κύριε
776 3970 884 4026 τοῦ
910 3971 1175 4040 οὐρανοῦ
1192 3972 1295 4026 καὶ
1330 3971 1441 4041 τῆς
1463 3971 1579 4042 γῆς
1599 3986 1614 4001 ⁸
1634 3972 1732 4025 καὶ
1752 3969 1938 4023 πάλιν⁶

337 4065 600 4118 Γίνεσθε
628 4064 1006 4133 οἰκτίρμονες
1051 4064 1134 4131 ὡς
1176 4066 1210 4120 ό
1265 4062 1469 4132 Πατὴρ
1502 4062 1673 4134 ὑμῶν
1699 4066 1732 4118 ό
1767 4060 1945 4131 οὐρά-

337 4170 492 4222 νιος,
530 4154 623 4209 ὅτι
647 4155 755 4208 τὸν
784 4154 967 4224 ἣλιον
993 4155 1187 4210 αὐτοῦ
1246 4154 1572 4210 ἀνατέλλει
1617 4154 1723 4208 ἐπὶ
1755 4170 1947 4222 πονη-

331 4246 487 4316 ροὺς
514 4246 618 4301 καὶ
647 4247 935 4318 ἀγαθοὺς,
968 4247 1066 4302 καὶ
1110 4248 1325 4319 ,ϐρέχει
1373 4247 1479 4303 ἐπὶ
1526 4248 1800 4315 δικαίους
1847 4246 1947 4302 καὶ

343 4337 622 4406 ἀδίκους.
694 4340 809 4393 Καὶ
868 4339 1037 4393 πάλιν
1068 4354 1082 4369 ·
1135 4338 1285 4409 Ἐγὼ
1333 4338 1404 4393 δὲ
1452 4337 1610 4409 λέγω
1666 4341 1814 4410 ὑμῖν
1860 4339 1948 4410 μὴ

1949 3354 1998 3417 C

2024 2130 2151 2170 cum
2192 2116 2407 2171 caeteris
2442 2115 2626 2187 dignis
2650 2116 2786 2179 egit.
2828 2117 3224 2173 Verumtamen
3268 2120 3483 2191 reliquo
3510 2121 3624 2177 Ju-

2024 2205 2269 2261 dazorum
2294 2206 2498 2277 populo
2527 2222 2634 2261 non
2660 2209 2916 2278 apparuit
2943 2228 2957 2265 :
2988 2226 3097 2265 non
3123 2212 3269 2266 enim
3297 2213 3444 2279 digni
3467 2224 3628 2269 erant

2025 2298 2214 2354 videre
2258 2300 2644 2355 resuscitatum
2676 2315 2707 2353 e
2738 2302 2971 2356 mortuis
3004 2311 3067 2357 ut
3099 2302 3307 2371 Deum,
3341 2321 3507 2376 quem
3546 2307 3628 2361 uti

2030 2389 2335 2446 maleﬁcum
2380 2390 2790 2445 crucitixerant.
2839 2390 2948 2446 Sed
2990 2393 3141 2448 enim
3187 2395 3631 2450 intellertualiter

2028 2498 2247 2555 quoque
2279 2499 2309 2538 a
2341 2483 2522 2553 dignis
2550 2486 2797 2540 cernitur
2824 2494 3007 2540 mente
3043 2486 3179 2550 sola,
3204 2487 3304 2541 etsi
3333 2487 3631 2543 admodum

2030 2577 2247 2632 exiliter
2292 2576 2672 2632 adumbratus.
2728 2578 2852 2650 ,ϐο
2904 2579 3077 2635 Siculi
3127 2580 3381 2652 Philippo
3449 2581 3633 2636 aiebat

2032 2667 2333 2725 Dominus:
2375 2667 2479 2733 Qui
2508 2670 2637 2723 vidit
2661 2687 2763 2731 me,
2799 2672 2930 2725 vidit
2954 2683 3000 2726 et
3026 2671 3244 2727 Patrem
3273 2690 3453 2727 meum
3477 2674 3546 2739 ⁸³,
3581 2674 3633 2729 id

2031 2771 2116 2817 est
2137 2762 2230 2832 qui
2265 2762 2538 2833 intelligit.
2572 2762 2762 2833 Neque
2792 2764 2940 2818 enim
2971 2765 3260 2835 corporeis
3292 2766 3468 2821 oculis
3510 2781 3635 2820 cer-

2033 2854 2195 2931 nitur
2216 2856 2380 2920 Deus,
2416 2856 2513 2911 sed
2545 2864 2731 2911 mente
2764 2858 3174 2925 tantunnuodo,
3208 2867 3475 2928 quantum
3519 2857 3635 2913 lieri

2033 2954 2230 3017 potest.
2272 2945 2388 3002 Etsi
2429 2962 2562 3021 vero
2599 2955 2752 3002 caret
2797 2946 2969 3019 ﬁgura
3016 2956 3073 3002 et
3119 2947 3638 3019 circumscriptione

2037 3034 2215 3100 Deus,
2261 3044 2507 3092 attamen
2548 3037 2668 3108 ipse
2707 3052 2808 3108 pro
2834 3053 2931 3090 sua
2975 3036 3248 3107 sapientia
3285 3038 3488 3107 quibus
3525 3040 3641 3093 vult

2036 3127 2213 3183 uindis
2230 3129 2289 3183 ﬁt
2310 3128 2665 3200 conspicuus,
2688 3129 2951 3201 variaque
2975 3129 3190 3185 ratione
3210 3144 3276 3185 ac
3299 3129 3639 3202 plurifariam

2043 3221 2293 3277 onmium
2324 3221 2488 3277 saluti
2522 3221 2779 3278 consulit.

2110 3410 2254 3468 Xlll.
2284 3409 2444 3479 Quod
2482 3420 2669 3467 autem
2710 3410 2853 3467 idem
2882 3412 3057 3476 Deus,
3091 3420 3148 3467 et
3185 3425 3295 3467 non
3326 3410 3486 3476 alius,
3520 3411 3646 3467 coeli

2042 3516 2312 3576 terraeque
2346 3514 2404 3560 et
2438 3506 2688 3561 omnium
2736 3521 2858 3576 quae
2897 3505 2954 3560 in
2981 3506 3062 3560 eis
3101 3514 3251 3572 sunt,
3292 3514 3507 3561 creator
3551 3506 3647 3571 sit,

2045 3599 2302 3671 idemque
2341 3599 2632 3655 invisibilis
2660 3599 2714 3654 in
2744 3598 2929 3655 divina
2960 3598 3300 3664 substantia,
3337 3597 3501 3654 Pater
3533 3613 3650 3654 cte-

2047 3692 2223 3758 lestis,
2264 3691 2469 3763 ubique
2505 3692 2801 3757 exsistens,
2849 3698 2906 3747 et
2945 3691 3096 3746 omni
3127 3704 3272 3745 verte
3312 3687 3514 3745 visioni
3547 3675 3645 3743 su—

2051 3785 2270 3857 perior;
2305 3785 2498 3857 paucis
2527 3790 2785 3842 accurate
2814 3784 2963 3839 audi.
3004 3783 3273 3839 Dominus
3304 3782 3480 3839 dixit:
3512 3779 3652 3838 Cou-

2043 3877 2198 3947 ﬁteor
2214 3879 2331 3946 tibi,
2365 3877 2551 3941 Pater,
2572 3877 2795 3932 Domine
2835 3876 2953 3931 caeli
2974 3885 3023 3931 et
3049 3884 3205 3931 terra:
3231 3874 3298 3930 ”.
3329 3873 3398 3929 Et
3427 3889 3642 3931 rursus:

2041 3971 2226 4027 Estote
2272 3971 2637 4027 misericordes
2660 3970 2817 4024 sicuti
2850 3968 3016 4024 Pater
3061 3977 3232 4023 vester
3260 3967 3514 4033 caelestis,
3557 3967 3651 4039 qui

2040 4064 2203 4120 solem
2230 4079 2389 4118 suum
2419 4062 2551 4117 oriri
2573 4061 2702 4133 facit
2726 4077 2887 4129 super
2920 4060 3091 4114 malos
3122 4068 3171 4114 et
3204 4058 3366 4113 bonos
3386 4101 3402 4125 ,
3437 4067 3487 4113 et
3510 4058 3649 4127 pluit

2040 4172 2200 4226 super
2217 4156 2391 4226 justas
2425 4163 2585 4225 atque
2618 4153 2847 4222 injustas
2870 4150 2940 4206 3“.
2975 4152 3040 4206 Et
3071 4151 3293 4205 denuo:
3324 4152 3437 4221 Ego
3466 4160 3649 4205 autem

2049 4252 2167 4306 dico
2188 4251 2362 4314 vobis,
2398 4266 2462 4304 ne
2486 4248 2683 4320 juretis
2710 4247 2926 4302 omnino
2955 4262 3120 4317 neque
3150 4262 3243 4314 per
3265 4244 3485 4308 calum,
3520 4244 3650 4315 quia

2050 4345 2271 4399 thronus
2301 4341 2395 4397 Dei
2415 4351 2529 4406 est;
2557 4358 2722 4412 neque
2744 4357 2837 4411 per
2856 4349 3076 4403 terram,
3098 4339 3225 4409 quia
3249 4336 3536 4392 scabellum
3571 4345 3647 4391 est

344 4433 568 4503 ὀμόσαι
597 4432 756 4499 ὅλως
793 4433 951 4504 μήτε
980 4432 1054 4489 ἐν
1084 4431 1166 4500 τῷ
1199 4432 1436 4504 οὐρανῷ
1461 4435 1551 4488 ὅτι
1578 4434 1794 4504 θρόνος
1816 4434 1923 4489 ἐστ

2051 4437 2246 4505 pedum
2289 4435 2404 4506 ejus
2433 4435 2502 4490 “.
2553 4434 2687 4491 Item
2731 4433 3073 4505 Apostolus:
3108 4430 3375 4497 Quoniam
3420 4432 3481 4485 in
3534 4432 3651 4500 ipso

345 4525 455 4580 τοῦ
484 4525 656 4593 Θεοῦ,
668 4524 826 4596 μήτε
854 4527 924 4581 ἐν
948 4525 1026 4596 τῇ
1055 4525 1135 4597 γῇ
1165 4527 1257 4581 ὅτι
1296 4525 1636 4582 ὑποπόδιόν
1661 4527 1796 4581 ἐστι
1832 4525 1923 4581 tein

2051 4538 2232 4583 creata
2256 4538 2381 4583 sunt
2411 4529 2665 4583 universa
2694 4528 2750 4582 in
2777 4526 2923 4581 cadis
2952 4535 3001 4581 et
3026 4525 3083 4580 in
3110 4535 3273 4590 terra,
3294 4523 3402 4578 sive
3432 4523 3649 4590 Turoni,

345 4615 553 4673 ποδῶν
605 4618 796 4675 αὑτοῦ
819 4635 834 4651 ο
868 4618 981 4672 Καὶ
1037 4619 1068 4673 6
1113 4618 1440 4683 ’Δπόστολος
1466 4631 1481 4648 ⁸
1517 4618 1649 4673 Ὅτι
1688 4619 1761 4673 ἐν
1785 4619 1923 4686 αὐτά

2051 4617 2160 4672 sive
2195 4617 2631 4672 Dominationes:
2662 4617 2841 4672 omnia
2864 4633 2959 4689 per
2980 4618 3154 4687 ipsum
3175 4626 3225 4671 et
3250 4616 3307 4671 in
3332 4617 3445 4686 ipso
3467 4626 3651 4675 creata

344 4712 603 4780 ἐκτίσθη
632 4711 708 4766 τὰ
740 4709 941 4767 πάντα
970 4711 1043 4768 τὰ
1070 4712 1142 4767 ἐν
1183 4713 1421 4783 οὐρανῷ
1443 4712 1543 4767 καὶ
1573 4712 1646 4768 τὰ
1673 4712 1773 4768 ἐπὶ
1808 4712 1922 4786 γῆς

2051 4718 2218 4764 sunt:
2256 4718 2305 4764 et
2339 4710 2454 4780 ipse
2492 4718 2570 4764 est
2600 4718 2727 4763 ante
2766 4725 2972 4776 omnes,
3002 4721 3050 4763 et
3081 4708 3259 4763 omnia
3292 4711 3348 4763 in
3382 4710 3498 4779 ipso
3524 4725 3654 4763 con-

344 4801 472 4856 εῖτε
500 4800 699 4870 θρόνοι
729 4801 853 4856 εἴτε
893 4803 1076 4873 ἀρχαί
1105 4816 1120 4834 ⁸
1152 4804 1229 4859 τὰ
1256 4802 1457 4859 πάντα
1516 4803 1592 4858 δι’
1613 4805 1805 4862 αὑτοῦ
1844 4823 1923 4860 κα

2049 4811 2196 4856 stant
2213 4802 2280 4856 ⁸⁸.
2311 4790 2542 4874 Insuper
2571 4801 2769 4874 legesis
2804 4801 2957 4857 Pauli
2984 4801 3218 4873 apostoli
3252 4801 3322 4857 ad
3349 4801 3657 4858 Athenien-

348 4896 440 4963 εὶς
458 4895 654 4950 αὐτὸν
675 4894 948 4951 ἔκτισται
971 4912 987 4928 ·
1022 4895 1126 4951 και
1157 4898 1343 4964 αὑτός
1360 4898 1497 4953 ἐστι
1528 4901 1642 4969 πρὸ
1679 4898 1923 4954 πάντων

2052 4908 2145 4949 ses
2183 4894 2508 4949 concionem
2529 4893 2576 4929 ⁸⁷
2624 4909 2749 4964 quae
2805 4894 2861 4948 in
2914 4893 3233 4965 apostolicis
3275 4893 3506 4950 Actibus
3545 4904 3653 4950 est.

353 4988 555 5044 καὶτὰ
574 4989 775 5044 πάντα
796 4990 871 5045 ἐν
905 4990 1069 5057 αὐτῷ
1096 4989 1507 5055 συνέστηκεν.
1540 4993 1649 5046 Καὶ
1682 4992 1783 5063 τὴν
1812 4994 1921 5065 πρὸ

2053 4986 2381 5058 Rursusque
2410 4988 2463 5042 in
2486 4986 2683 5043 iisdem
2717 4987 2948 5044 Actibus
2973 4987 3242 5059 scriptum
3271 4994 3359 5043 est
3383 5005 3399 5045 :
3430 4992 3662 5059 Aposto-

351 5084 483 5145 τοὺς
552 5081 878 5154 Ἀθηναίους
952 5082 1012 5137 δὲ
1065 5083 1414 5158 δημηγορίαν
1489 5085 1586 5139 τοῦ
1648 5085 1923 5140 ἀποστόλο·

2056 5080 2134 5135 tos
2156 5081 2401 5135 dimissos
2419 5081 2621 5136 venisse
2641 5080 2713 5135 ad
2732 5097 2877 5148 suos,
2901 5080 2953 5135 id
2987 5092 3073 5136 est
3099 5080 3358 5137 dimissos
3382 5096 3413 5135 a
3443 5079 3666 5137 Iudaeo-

354 5171 572 5227 Παύλου
604 5173 883 5245 ἀνάγνωθι
912 5173 1012 5245 τὴν
1047 5175 1105 5228 ἐν
1133 5177 1255 5240 ταῖς
1288 5175 1526 5249 Πράξεσι
1556 5177 1819 5249 κειμένην
1843 5178 1920 5230 τῶ

2058 5191 2181 5229 rum
2212 5175 2503 5247 syueilrio;
2535 5175 2710 5246 iisque
2739 5174 3079 5231 nuntiavisse
3100 5190 3222 5245 qua:
3248 5174 3347 5230 sibi
3369 5176 3664 5247 pontifices

354 5265 706 5321 ἀποστόλωνο
742 5267 837 5321 καὶ
863 5268 1028 5323 πάλιν
1053 5269 1111 5321 ὲν
1152 5270 1275 5333 ταῖς
1323 5270 1519 5335 αὐταῖς
1572 5270 1812 5342 Πράξεσι
1858 5271 1918 5339 πί

2064 5266 2423 5337 senioresque
2464 5266 2738 5322 dixerant.
2792 5265 2912 5333 Qua
2954 5281 3015 5322 re
3058 5265 3244 5321 audita
3273 5282 3467 5323 vocem
3496 5266 3663 5322 simul

355 5376 625 5432 γραπται,
655 5360 739 5415 ὅτι
781 5359 1218 5430 Ἀπολυθέντες
1272 5364 1328 5418 al
1374 5364 1709 5420 ἀπόστολοι
1766 5360 1923 5437 ἦλθο

2065 5377 2260 5417 omnes
2282 5361 2599 5417 extulerunt
2627 5360 2874 5417 dicentes
2900 5378 2913 5416 :
2952 5360 3270 5415 Dominatar
3304 5360 3546 5424 Domine,
3572 5360 3663 5431 qui

358 5455 511 5520 πρὸς
530 5453 678 5522 τοὺς
705 5452 917 5521 ἰδίους,
941 5454 1185 5528 δηλονότι
1211 5457 1279 5511 ἐκ
1314 5456 1410 5512 τοῦ
1439 5458 1715 5530 συνεδρίου
1748 5458 1923 5513 ἀπολυ

2068 5456 2237 5527 fecisti
2268 5453 2481 5520 calum,
2515 5464 2564 5509 et
2591 5463 2792 5509 terram
2825 5471 2890 5508 ac
2925 5471 3108 5522 mare,
3147 5462 3196 5509 et
3227 5455 3407 5508 omnia
3450 5469 3569 5525 qua:
3607 5454 3666 5508 in

360 5546 547 5612 θέντες
575 5547 687 5601 τῶν
733 5548 1029 5616 Ἰουδαίων,
1054 5551 1148 5602 καὶ
1174 5547 1322 5622 [cod.
1358 5550 1399 5605 f.
1424 5550 1575 5624 121.]
1609 5551 1923 5623 ἀπήγγειλα

2066 5551 2140 5605 eis
2169 5560 2317 5615 sunt;
2341 5549 2433 5621 qui
2469 5564 2565 5620 per
2599 5547 2864 5619 Spiritum
2886 5563 3137 5605 sanctum
3164 5564 3261 5604 ore
3285 5547 3464 5603 Patris
3488 5548 3666 5603 nostri

367 5638 560 5703 αὐτοῖς
590 5639 691 5694 ὅσα
722 5640 859 5713 πρὸς
882 5642 1083 5706 αὐτοὺς
1113 5643 1164 5697 οἱ
1216 5644 1499 5717 ἀρχιερεῖς
1520 5645 1683 5699 καὶοὶ
1714 5644 1923 5717 πρεσὸὐ

2072 5641 2291 5698 Davidis
2322 5642 2479 5713 pueri
2511 5641 2588 5697 tui
2614 5641 2801 5697 dixisti
2833 5661 2845 5697 ε
2875 5639 3053 5708 Quare
3094 5643 3421 5713 fremuerunt
3466 5650 3666 5711 gentes,

379 5760 831 5900 ,τέἑιξῖἷῖἑέ
857 5759 949 5817 58.
1027 5760 1075 5792 θ’
1104 5759 1268 5817 Joan.
1306 5779 1420 5831 xw,
1446 5762 1500 5820 9.
1576 5764 1624 5798 ⁸³
1653 5762 1790 5822 Luc.
1823 5780 1879 5831 ι,
1914 5763 2005 5821 ill.
2084 5763 2130 5797 “
2160 5762 2297 5820 Luc.
2333 5762 2523 5831 rt,56.
2584 5761 3031 5832 "Mattlt.v,54.
3105 5761 3153 5794 “
3178 5758 3561 5828 (101033.516,
3586 5762 3669 5816 l7.

716 5927 992 5991 Pnnoc.
1042 5932 1161 5997 (in.
1208 5932 1364 5995 CIV.

3283 5925 3360 5986 62
