4142 6430
560 335 701 400 1323

1925 322 2158 386 PETRI
2214 319 2471 386 SICULI

3716 313 3833 378 ιδρι

552 460 602 504 et
624 445 805 519 populi
831 442 1074 497 meditati
1092 450 1213 496 sunt
1234 439 1460 494 inania?
1485 438 1779 493 Astiteruut
1805 452 1950 507 reges
1974 446 2149 499 teme,

2280 451 2408 505 τεροι
2437 426 2594 487 εἶπον
2620 448 2633 463 ·
2662 431 2711 486 οἱ
2740 430 2799 486 δὲ
2844 429 3181 492 ἀκούσαντες
3237 423 3382 499 ἦραν
3431 426 3613 499 φωνὴν
3652 430 3833 500 ὁμοθυ-

558 552 610 597 et
637 538 899 611 principes
934 543 1283 589 convenerunt
1324 534 1381 587 in
1406 549 1570 586 unum
1596 532 1848 585 adversus
1876 528 2164 583 Dominum

549 645 597 690 et
636 633 887 687 adversus
930 628 1202 683 Christum
1248 624 1415 696 ejus?
1453 622 1819 680 Convenerunt
1867 622 2007 675 enim
2047 636 2167 675 vere

558 727 813 781 adversus
842 738 1068 793 puerum
1100 731 1249 774 tuum
1274 718 1477 783 Jesum,
1506 734 1660 788 quem
1688 715 1911 776 auxisti,
1936 713 2169 767 Herodes

553 829 603 874 et
635 818 856 873 Pontius
891 815 1103 869 Pilatus
1127 829 1243 867 cum
1267 811 1507 883 gentibus
1528 818 1577 864 et
1607 807 1817 879 populis
1848 805 2040 868 Israel,
2059 804 2167 875 61

554 914 737 983 facere
762 924 879 981 qua
906 924 1097 962 manus
1125 916 1218 959 tua
1250 912 1299 957 et
1328 904 1609 958 consilium
1649 911 1799 955 tuum
1830 900 2172 953 decreverunt

555 1004 676 1073 ﬁeri
698 1001 766 1055 ⁸⁸.
800 1001 1077 1054 Sexcenta
1126 995 1231 1049 alia
1257 994 1531 1065 ejusmodi
1565 1001 1720 1058 sunt,
1750 1000 1812 1046 ut
1842 990 2006 1062 paulo
2038 995 2167 1060 post

553 1089 1050 1150 demonstrabitur.

2276 524 2445 596 μαδὸν
2478 522 2731 593 λέγοντες
2751 539 2766 555 ο
2789 522 3067 576 Δέσποτα
3110 520 3313 588 Κύριε,
3348 522 3381 572 ό
3435 519 3689 588 ποιήσας
3740 522 3835 575 τὸν

2275 616 2538 686 οὐρανὸν
2555 615 2654 670 καί
2682 615 2800 684 τὴν
2820 612 2940 684 γῆν
2954 612 3055 667 καί
3077 610 3195 681 τὴν
3210 611 3533 666 θάλασσαν
3552 612 3646 666 καί
3662 612 3841 670 πάντα

2276 710 2350 764 τὰ
2382 710 2453 764 ἐν
2477 708 2717 776 αὐτοῖς·
2757 710 2787 763 6
2838 706 2933 761 τοῦ
2984 706 3203 776 Πατρδς
3232 704 3391 776 ἡμῶν
3422 704 3510 758 διά
3550 705 3838 775 Πνεῦματος

2282 801 2463 871 ἁγίου,
2496 799 2770 870 στόματος
2801 798 2967 852 Δαῦὶδ
3005 796 3201 859 παιδός
3268 812 3361 849 σου
3409 793 3601 861 είπὼν,
3651 796 3769 850 Ἵνα
3792 799 3841 852 τι

2279 892 2593 963 ἐφρύαξαν
2611 892 2781 959 ἐθνη,
2810 890 2909 944 καί
2938 890 3077 944 λαοί
3108 886 3486 958 ἐμελέτησαν
3518 885 3684 951 κενά;
3708 904 3845 957 παρ-

2278 987 2555 1054 έστησαν
2602 989 2656 1040 ot
2700 984 2985 1050 ,βασιλεῖς
3032 980 3145 1051 τῆς
3185 979 3304 1051 γῆς
3344 980 3444 1034 καί
3484 983 3539 1035 οι
3579 980 3849 1050 ἄρχοντες

2280 1079 2692 1148 συνήχθησαν
2738 1076 2836 1131 ἐπι
2857 1076 2924 1130 τὸ
2952 1075 3124 1140 αὐτὸ,
3154 1073 3307 1129 κατὰ
3347 1071 3459 1126 τοῦ
3500 1074 3715 1141 Κυρίου
3759 1072 3848 1127 καί

555 1192 711 1245 κατὰ
741 1190 846 1244 τοῦ
873 1186 1133 1259 Χριστοῦ
1163 1182 1354 1239 αὑτοῦ
1374 1200 1389 1215 ο
1434 1177 1851 1248 συνήχθησαν
1899 1175 2013 1247 γὰρ
2066 1173 2162 1229 ἐπ’
2192 1174 2482 1243 ἀληθείας
2499 1170 2600 1226 ἐπὶ
2664 1170 2775 1225 τὸν
2807 1166 2994 1223 παῖδά
3021 1182 3140 1223 σου
3187 1167 3454 1237 Ἰησοῦν,
3494 1166 3569 1221 ὃν
3590 1166 3848 1237 ἔχρισας,

563 1279 831 1350 Ἠρώδης
855 1297 919 1332 τε
952 1277 1054 1334 καί
1086 1277 1342 1341 Πόντιος
1390 1272 1652 1337 Πιλᾶτος
1673 1269 1798 1323 σὺν
1821 1267 2029 1322 ἔθνεσι
2084 1265 2187 1320 καί
2251 1264 2426 1333 λαοῖς
2500 1262 2775 1332 Ἰσραὴλ,
2825 1260 3081 1331 ποιῆσαι
3121 1260 3241 1314 ὅσα
3273 1262 3312 1330 ἡ
3359 1260 3490 1329 χείρ
3538 1276 3654 1314 σου
3690 1260 3783 1314 καί
3817 1261 3848 1331 ὴ

550 1372 760 1441 ,βουλή
811 1390 929 1427 σου
1000 1370 1301 1441 προώρισε
1358 1365 1645 1439 γενέσθαι
1674 1379 1689 1395 ο
1734 1360 1837 1417 καὶ
1891 1360 2055 1416 ἄλλα
2098 1359 2170 1413 δὲ
2220 1358 2409 1430 μυρία
2424 1354 2672 1413 τοιαῦτά
2740 1355 2937 1423 ἐστιν,
3021 1354 3177 1423 ἅπερ
3221 1354 3443 1426 μικρὸν
3468 1352 3723 1424 ὕστερον
3755 1352 3851 1423 δη-

563 1464 730 1534 λωθή
737 1480 906 1519 σεται
916 1503 931 1518 .

638 1557 782 1615 XIV.
819 1555 984 1613 Vides
1020 1556 1208 1627 itaque
1242 1564 1303 1611 ut
1332 1553 1566 1611 absurda
1601 1564 1695 1609 tua
1733 1552 2000 1609 dissoluta
2038 1550 2162 1606 fue—

558 1665 691 1709 runt
721 1660 1045 1725 argumenta
1082 1651 1150 1705 ab
1182 1648 1513 1721 evangelicis
1554 1646 1983 1718 apostolicisquc
2018 1644 2163 1700 toni-

2341 1546 2429 1603 IA.
2447 1545 2557 1601 Ἴδε
2579 1562 2661 1600 σοι
2680 1543 2863 1600 τοίνυν
2892 1543 3232 1600 διαλέλυνται
3254 1543 3325 1598 τά
3340 1542 3451 1597 τῶν
3466 1542 3674 1615 προϐλη
3683 1542 3854 1614 μάτων

2270 1645 2449 1699 ἄτοπα
2474 1645 2594 1709 ταῖς
2621 1642 3012 1713 εὐαγγελικαῖς
3041 1642 3136 1696 καὶ
3174 1640 3563 1704 ἀποστολικαῖς
3602 1639 3850 1711 βρονταῖς,

560 1747 761 1810 tribus,
809 1761 911 1801 ceu
956 1743 1238 1817 grandinis
1280 1743 1532 1814 quaedam
1566 1742 1733 1795 turris
1766 1748 2032 1811 perpetuo
2063 1739 2163 1794 de-

2280 1737 2345 1802 ὦς
2361 1731 2452 1792 οἶά
2478 1754 2563 1801 τις
2586 1736 2831 1808 χαλάζης
2861 1734 3072 1808 πύργος
3104 1734 3253 1807 lead.
3289 1733 3545 1804 ίχαλάνης
3572 1732 3759 1805 πυγδς]
3788 1734 3855 1797 είς

557 1842 729 1911 jecta,
753 1840 885 1895 dum
911 1839 1351 1893 demonstratum
1376 1845 1480 1903 est,
1513 1854 1542 1891 a
1562 1835 1725 1890 Patre
1748 1835 1964 1890 Domini
1988 1833 2164 1890 nostri

2280 1829 2426 1893 τέλος
2459 1828 2896 1898 καταϐληθέντα,
2926 1829 2986 1881 ὲν
3006 1826 3087 1899 τῷ
3111 1824 3395 1898 δειχθῆναι
3412 1828 3497 1880 ὅτι
3520 1827 3547 1878 6
3569 1824 3755 1895 Πατὴρ
3773 1822 3857 1878 τοῦ

558 1934 693 1990 Jesu
723 1933 952 1995 Christi,
993 1931 1261 1987 invisibili
1293 1939 1350 1986 et
1386 1930 1537 1984 nulla
1573 1930 1744 2002 ﬁgura
1773 1928 2025 2000 praedito,
2066 1943 2169 1999 per

2276 1922 2485 1994 Κυρίου
2509 1921 2671 1993 ήμῶν
2697 1920 2873 1992 Ἰησοῦ
2888 1919 3150 1993 Χριστοῦ,
3168 1923 3196 1974 6
3209 1919 3439 1990 ἀόρατος
3452 1919 3545 1972 καὶ
3572 1918 3857 1991 ἀσχημάτι-

565 2026 765 2080 Filium
808 2025 952 2095 ejus,
983 2032 1315 2093 cooperante
1351 2030 1544 2077 sancto
1577 2020 1821 2092 Spiritu,
1855 2027 2167 2075 creaturam

2280 2033 2418 2082 πος,
2436 2015 2525 2070 διὰ
2540 2015 2635 2069 τοῦ
2660 2014 2792 2069 Υίοῦ
2812 2013 2978 2069 αὐτοῦ
3000 2017 3069 2086 τῇ
3096 2013 3392 2085 συνεργείᾳ
3415 2010 3510 2067 τοῦ
3532 2012 3691 2082 ἁγίου
3709 2010 3857 2066 Ilvati-

561 2130 787 2169 omnem
842 2122 953 2168 tam
998 2120 1354 2184 apparentem
1399 2127 1562 2182 quam
1623 2109 1952 2165 invisibilem
2000 2106 2171 2163 fuisse

560 2206 862 2264 conditam.
890 2206 1157 2273 Quisnam
1192 2206 1259 2261 sit
1292 2206 1477 2275 itaque
1501 2202 1645 2275 apud
1672 2218 1771 2258 vos
1794 2201 1974 2256 cultus
2003 2200 2169 2266 Deus,

560 2299 872 2355 edisserite.
920 2298 1122 2369 Utique
1171 2298 1324 2353 illum
1376 2312 1500 2352 esse
1532 2296 1730 2352 dicetis
1772 2310 1937 2367 quem
1975 2292 2168 2348 Manes

562 2394 754 2449 coluit.
782 2392 943 2448 Certe
976 2408 1076 2447 vos
1120 2391 1414 2463 imaginem
1455 2390 1675 2462 quidem
1710 2388 1805 2444 Dei
1848 2387 2021 2443 nostri
2051 2401 2165 2441 non

561 2485 802 2550 vidistis,
834 2484 928 2555 qui
968 2484 1280 2540 divinorum
1313 2499 1631 2539 sermonum
1671 2481 2017 2552 splendores,
2060 2495 2164 2535 ceu

560 2594 631 2632 ex
663 2578 1116 2649 soleimaginem,
1141 2578 1362 2633 emittit.
1395 2576 1581 2648 Imago
1605 2576 1753 2630 enim
1782 2574 1933 2638 solis,
1962 2573 2160 2645 inquit,

562 2670 661 2725 lux
693 2680 797 2725 est.
834 2668 1070 2723 Visualis
1100 2684 1231 2741 ergo
1265 2669 1344 2724 vis
1374 2684 1501 2724 cum
1538 2666 1613 2722 sit
1642 2666 1837 2722 debilis
1862 2676 1917 2720 et
1947 2664 2165 2719 inﬁrma

561 2765 633 2819 ad
653 2763 833 2818 solare
853 2778 1055 2835 corpus
1076 2763 1198 2817 sine
1222 2762 1405 2832 aliquo
1429 2760 1759 2816 intermedio
1783 2758 2168 2830 spectandum,

2273 2130 2447 2185 ματος
2466 2114 2648 2167 πᾶσαν
2668 2111 2768 2182 τὴν
2796 2111 2979 2167 κτίσιν
3014 2111 3257 2183 φανεράν
3295 2127 3355 2164 τε
3379 2111 3475 2163 καὶ
3506 2110 3736 2181 ἀόρατον
3759 2125 3858 2162 συν-

2272 2207 2559 2277 εστήσατο.
2590 2206 2688 2270 Τίς
2714 2205 2809 2260 οὖν
2834 2206 2984 2259 ἐστιν
3006 2206 3036 2258 6
3056 2204 3187 2277 παρ’
3220 2204 3374 2275 ὑμῶν
3396 2203 3531 2267 Θεὸς
3561 2202 3853 2275 σεϐόμενος,

2274 2300 2467 2354 είπατε
2490 2302 2505 2329 δ
2534 2297 2754 2362 πάντως
2782 2298 2892 2369 ἄρα
2926 2298 3012 2352 ὅτι
3043 2299 3073 2352 6
3104 2296 3257 2368 παρὰ
3286 2294 3378 2350 τοῦ
3412 2296 3697 2357 Μάνεντος
3726 2293 3859 2347 σεϐό-

2277 2406 2463 2462 μενος·
2488 2390 2570 2444 ὅτι
2598 2389 2657 2444 δὲ
2678 2390 2836 2443 αὐτοὶ
2850 2387 2977 2443 οὔτε
2991 2384 3132 2454 εἶδος
3148 2389 3243 2442 τοῦ
3259 2388 3397 2442 Θεοῦ
3418 2388 3579 2460 ἡμῶν
3594 2388 3855 2459 ἑωράκατε

2273 2483 2372 2547 τὰς
2395 2482 2503 2539 τῶν
2523 2483 2687 2537 θείων
2705 2482 2874 2538 αὑτοῦ
2903 2481 3081 2553 λόγων
3110 2480 3402 2555 ἀστραπὰς
3423 2482 3499 2547 ὡς
3518 2475 3610 2535 οἵα
3636 2480 3695 2547 ἐξ
3721 2479 3858 2553 ἡλίου

2273 2572 2415 2639 εἶδος
2442 2575 2906 2646 ἔμπορευόμενον.
2930 2570 3085 2639 Εἶδος
3109 2574 3243 2647 γάρ,
3272 2576 3455 2646 φησὶν,
3478 2573 3634 2646 ἡλίου
3650 2575 3708 2627 τδ
3729 2574 3855 2644 etii,“

2279 2668 2455 2740 ἤγουν
2484 2668 2609 2739 ὄψις
2629 2667 2820 2733 άτονος
2848 2662 2986 2722 οὖσα
3029 2669 3127 2723 καὶ
3174 2669 3409 2741 ἀσθενὴς
3458 2669 3599 2741 πρὸς
3648 2668 3743 2741 τὴν
3774 2666 3856 2721 τοῦ

2268 2761 2500 2833 ἡλιακοῦ
2534 2760 2791 2834 σώματος
2820 2760 2970 2836 [cod.
3009 2760 3048 2816 ί.
3079 2761 3205 2816 ηε.
3232 2760 3311 2834 b.]
3339 2763 3602 2833 ἀντωπὴν
3624 2762 3850 2833 ἀμέσως,

569 2856 754 2911 utitur
803 2854 1132 2910 intermedia
1182 2854 1418 2926 imagine
1466 2861 1631 2924 atque
1677 2852 1751 2906 ita
1794 2851 1915 2905 sine
1968 2850 2171 2919 damno

2280 2855 2530 2927 χρωμένη
2560 2857 2617 2909 ὲν
2650 2855 2807 2927 μέσῳ
2859 2855 2941 2927 τῷ
2978 2853 3111 2908 εῖδει
3151 2854 3249 2908 καὶ
3299 2854 3557 2920 ἀϐλαϐῶς
3585 2854 3860 2925 καταλάμ-

563 2947 896 3002 illustratur.
930 2945 1024 3001 Sic
1046 2945 1289 3001 divinam
1331 2960 1551 3016 quoque
1580 2953 1638 2998 et
1667 2942 2048 3013 incorpoream
2086 2941 2170 2995 lu-

562 3052 689 3093 cem
715 3036 967 3093 existima
998 3050 1164 3106 puras
1188 3044 1403 3090 mentes
1434 3034 1733 3099 illustrare,
1756 3046 1858 3087 ceu
1882 3031 2038 3086 velox
2067 3028 2175 3084 ful-

2272 2964 2468 3001 πεταιο
2504 2946 2650 3002 οὕτω
2693 2948 2791 3002 καὶ¹
2833 2948 2895 3002 τὸ
2930 2948 3075 3002 θεῖον
3106 2947 3223 3018 φῶς
3253 2948 3350 3002 καί
3374 2945 3675 3020 ἀσώματον
3702 2946 3859 3000 ἐννόει

2275 3057 2369 3111 μοι
2421 3040 2517 3095 τὸν
2566 3040 2985 3113 κεκαθαρμένον
3018 3040 3148 3095 νοῦν
3199 3039 3577 3113 περιλάμπειν
3624 3040 3862 3107 καθάπερ

561 3146 704 3203 gur,
746 3128 877 3184 dum
915 3127 1266 3199 jucunditate
1305 3136 1579 3182 amatores
1617 3140 1749 3181 suos
1794 3124 1864 3179 ad
1903 3123 2172 3194 majorem

2281 3133 2572 3206 ἀστραπῆς
2601 3134 2789 3205 τάχος,
2812 3135 2882 3206 τῇ
2920 3132 3222 3205 γλυκτύητι
3250 3134 3377 3197 τοὺς
3402 3134 3662 3207 ἐραστάς
3703 3131 3862 3188 αὑτοῦ

567 3223 929 3294 cupiditatem
959 3221 1238 3288 incendit,
1269 3230 1433 3291 atque
1461 3220 1529 3276 ad
1571 3217 1869 3291 petendum
1913 3218 2175 3273 adhorta-

2280 3224 2423 3297 πρὸς
2473 3226 2702 3298 μείζονα
2754 3227 2921 3281 πόθον
2984 3226 3299 3297 ἀναφλέγον
3364 3225 3463 3282 καὶ
3521 3226 3861 3299 παρακαλεῖν

568 3326 682 3382 tur,
709 3325 771 3369 ut
804 3315 849 3370 is
875 3314 971 3385 qui
1004 3314 1310 3369 illustratus
1332 3312 1470 3380 fuit,
1514 3313 1619 3367 hac
1645 3313 1830 3367 divina
1867 3325 2088 3382 semper
2122 3318 2178 3365 et

568 3412 892 3480 incorrupta
926 3409 1048 3463 luce
1078 3408 1410 3463 illustretur.
1460 3407 1572 3463 Sed
1612 3422 1795 3477 neque
1830 3421 2022 3460 vocem
2055 3404 2179 3474 ejus

570 3502 767 3557 audire
811 3501 980 3557 vultis
1022 3516 1146 3571 qua:
1184 3508 1589 3571 praaceptorum
1634 3496 2042 3553 observantiam
2074 3495 2181 3551 im-

562 3604 753 3667 .perat.
778 3593 915 3649 Nam
936 3592 1220 3649 consecuti
1253 3592 1481 3647 etl'ectus
1510 3592 1897 3647 demonstrant
1930 3606 2028 3645 vos
2060 3591 2181 3660 ejus

566 3703 890 3743 sermonem
939 3687 1087 3742 baud
1130 3685 1334 3741 habere
1375 3685 1431 3739 in
1468 3684 1625 3740 vobis
1665 3691 2004 3739 manentem.
2045 3680 2185 3738 Nam

561 3795 741 3851 quem
772 3780 889 3851 ipse
915 3779 1084 3847 misit,
1110 3778 1240 3833 huic
1267 3792 1361 3833 vos
1386 3792 1497 3832 non
1526 3775 1773 3842 creditis,
1817 3790 2000 3846 neque
2036 3773 2184 3829 Scri-

575 3884 767 3946 pturas
809 3871 1044 3928 serutari
1090 3871 1276 3929 vultis.
1301 3869 1420 3926 Non
1458 3871 1606 3926 enim
1639 3869 1966 3925 existimatis
2004 3883 2183 3940 neque

575 3966 812 4038 speratis
842 3964 1009 4020 vitam
1042 3965 1097 4019 in
1124 3964 1230 4019 illis
1252 3972 1516 4019 aeternam
1544 3962 1769 4018 habere.
1802 3960 1913 4017 Illae
1937 3959 2085 4016 enim
2111 3960 2183 4016 de

575 4062 697 4132 ipso
725 4068 1019 4124 testantur,
1049 4058 1289 4129 ideoque
1320 4057 1438 4113 illas
1471 4073 1583 4114 non
1619 4054 1971 4124 scrutamini,
2006 4070 2075 4110 ne
2110 4054 2179 4111 ad

574 4157 758 4226 ipsum
800 4153 1036 4210 veniatis
1084 4153 1367 4224 vitamque
1416 4161 1683 4207 aeternam
1736 4148 2177 4221 consequamini.

571 4248 722 4306 Satis
747 4249 953 4320 quippe
979 4247 1324 4319 exploratum
1352 4255 1437 4302 est
1472 4261 1571 4301 vos
1600 4245 1693 4301 Dei
1733 4244 2056 4300 charitatem
2078 4242 2183 4298 mi-

573 4343 729 4397 nime
773 4341 1001 4396 habere.
1032 4338 1138 4406 Qui
1182 4337 1329 4395 enim
1366 4338 1483 4394 ﬁeri
1515 4345 1731 4409 potest,
1762 4346 1823 4393 ut
1854 4336 2181 4392 charitatem

578 4432 676 4487 Dei
714 4430 983 4497 habeatis,
1020 4430 1114 4500 qui
1146 4428 1446 4499 impiorum
1480 4436 1646 4497 atque
1675 4425 1950 4481 fallat-ium
1986 4423 2184 4481 stultas

2278 3320 2753 3394 προτρεπόμενον,
2785 3318 3020 3373 πάντοτε
3048 3318 3128 3390 τῷ
3165 3317 3392 3389 τοιούτῳ
3438 3320 3584 3388 φωτὶ
3644 3318 3723 3390 τῷ
3747 3318 3865 3387 θείῳ

2278 3411 2376 3465 καὶ
2421 3410 2713 3481 ἀκηράτῳ,
2765 3408 3148 3481 ὲλλάμπεσθαι
3176 3410 3238 3463 τὸ
3287 3407 3867 3481 ὲλλαμπόμενονοάλλ⁹

2280 3505 2406 3561 οὔτε
2463 3504 2652 3577 φωνὴν
2704 3504 2873 3559 αὑτοῦ
2927 3503 3151 3560 ἀκούειν
3208 3502 3394 3558 θέλετε
3443 3504 3547 3576 τὴν
3576 3505 3690 3558 τῶν
3719 3503 3869 3558 θείων

2281 3598 2515 3651 ἐντολῶν
2546 3597 2884 3668 συντήρησιν
2908 3596 3334 3668 νομοθετοῦσαν.
3370 3598 3453 3652 Τὰ
3488 3597 3597 3669 γάρ
3634 3600 3870 3669 ἑπόμενα

2282 3689 2559 3745 δείκνυσιν
2576 3690 2659 3743 δτι
2682 3690 2775 3744 τὸν
2796 3690 2956 3759 λόγον
2971 3689 3140 3745 αὑτοῦ
3167 3692 3225 3744 ὲν
3245 3690 3376 3761 ὑμῖν
3395 3692 3498 3745 οὐκ
3518 3690 3676 3762 ἔχετε
3694 3692 3871 3763 μένον·-

2280 3799 2369 3837 τα.
2382 3784 2479 3838 Ὃν
2503 3781 2611 3853 γὰρ
2624 3781 2789 3847 αὐτὸς
2807 3782 3148 3849 ἀπέστειλεν,
3165 3782 3341 3855 τούτῳ
3360 3783 3517 3855 ὑμεῖς
3533 3785 3596 3837 οὑ
3624 3782 3873 3839 πιστεύε-

2279 3891 2364 3943 τε,
2394 3876 2457 3929 οὐ
2484 3875 2595 3948 γὰρ
2619 3875 2828 3929 δοκεῖτε
2881 3875 3003 3930 0662-:
3037 3874 3222 3929 θέλετε
3278 3874 3427 3948 [cod.
3474 3875 3623 3948 θέτε]
3653 3877 3873 3947 ὲρευνᾷν

2280 3967 2378 4030 τάς
2424 3966 2649 4038 Γραφάς
2676 3983 2690 3998 υ
2726 3966 2787 4020 οὐ
2822 3965 2933 4037 γάρ
2964 3966 3175 4021 δοκεῖτε
3214 3966 3336 4020 οὐδὲ
3386 3966 3639 4031 ἐλπίζετε
3690 3968 3749 4021 ἐν
3781 3968 3874 4021 αὑ-

2280 4062 2400 4124 ταῖς
2425 4059 2571 4131 ζωὴν
2611 4060 2758 4131 ἔχειν
2783 4058 3038 4115 αίὼνιονο
3072 4062 3276 4114 ἐκεῖναι
3309 4060 3424 4133 γάρ
3448 4062 3587 4113 εἰσιν
3629 4062 3690 4115 αί
3739 4078 3876 4132 μαρ-

2280 4152 2546 4226 τυροῦσαι
2590 4153 2723 4225 περὶ
2754 4152 2920 4207 αὐτοῦ
2944 4170 2960 4185 ο
2992 4155 3088 4208 καὶ
3131 4151 3222 4207 διὰ
3267 4152 3428 4207 τοῦτο
3468 4152 3572 4207 οὐκ
3618 4154 3877 4223 ὲρευνᾶτε

2282 4247 2477 4312 αὐτὰς,
2508 4247 2659 4311 ὅπως
2690 4245 2766 4319 μὴ
2821 4245 3015 4318 ἔλθητε
3044 4244 3183 4317 πρὸς
3215 4245 3404 4310 αὑτὸν,
3453 4245 3541 4301 ῐνα
3568 4242 3721 4317 ζωὴν
3750 4244 3878 4299 alii»

2287 4358 2404 4395 νιον
2439 4338 2602 4411 ἓξητε
2623 4356 2638 4371 ·
2681 4337 2952 4409 ἔγνωσται
2989 4339 3099 4411 γὰρ
3132 4338 3263 4412 περὶ
3297 4339 3453 4411 ὑμῶν
3501 4339 3585 4395 ὅτι
3617 4340 3721 4414 τὴν
3748 4340 3882 4410 ἀγά-

2285 4448 2397 4504 πην
2449 4431 2546 4486 τοῦ
2603 4430 2741 4485 Θεοῦ
2791 4431 2895 4485 οὐκ
2936 4430 3090 4503 ἔχετε
3121 4433 3181 4486 ὲν
3229 4434 3474 4498 ἑαυτοῖς·
3526 4432 3648 4499 πῶς
3678 4436 3790 4506 γάρ
3831 4432 3879 4485 ol

570 4525 861 4589 doctrinas
882 4525 1269 4596 magistrorum
1301 4520 1610 4586 sectamini,
1644 4527 1701 4576 et
1729 4534 1851 4574 eam
1883 4534 2007 4590 qua:
2031 4516 2175 4589 apud

2288 4527 2408 4589 ταῖς
2434 4526 2622 4589 κεναῖς
2654 4525 2752 4580 καὶ
2805 4524 3069 4597 ματαίαις
3115 4524 3298 4593 δόξαις
3335 4525 3447 4579 τῶν
3497 4525 3736 4581 ἀνοσίων
3789 4526 3881 4582 καὶ

579 4620 758 4677 solum
791 4617 965 4675 Deum
995 4626 1078 4674 est
1108 4615 1339 4690 gloriam
1368 4630 1480 4671 non
1513 4614 1793 4688 quaeritis?

656 4902 777 4960 XV.
822 4901 935 4958 Nos
965 4900 1189 4972 quidem
1236 4899 1340 4955 etsi
1384 4898 1604 4955 carneis
1635 4898 1811 4956 oculis
1854 4898 2187 4956 invisibilem

587 4999 760 5055 Deum
788 5012 912 5053 esse
938 4994 1193 5060 fatemur,
1216 5009 1453 5064 namque
1472 4994 1583 5066 62
1604 4994 1990 5065 incorporeum
2013 5010 2044 5050 a
2060 5010 2184 5051 cor-

584 5102 755 5161 poreo
784 5101 951 5141 sensu
971 5083 1204 5155 spectari
1226 5084 1565 5155 impossibile
1588 5094 1707 5151 est;
1729 5101 1838 5140 non
1873 5085 2077 5141 idcirco
2098 5096 2183 5143 ta-

586 5191 716 5231 men
756 5173 963 5229 divinis
989 5172 1405 5243 operationibus
1437 5176 1849 5232 communieare
1879 5175 2183 5234 humanum

586 5281 763 5340 genus
780 5280 1067 5338 negamus;
1087 5265 1181 5320 sed
1201 5264 1647 5321 intellectualiter
1664 5284 1763 5338 pro
1781 5284 2181 5342 suaequemque

584 5358 844 5433 puritatis
873 5359 1042 5430 gradu
1069 5358 1255 5413 videre
1281 5358 1455 5413 Deum
1476 5375 1767 5416 censemus
1793 5373 2060 5434 quantum
2076 5366 2182 5420 ho-

587 5449 721 5506 mini
752 5448 834 5504 fas
866 5457 972 5514 est,
1000 5465 1063 5503 ea
1093 5448 1351 5504 nimirum
1381 5450 1592 5505 ratione
1619 5468 1743 5522 qua:
1775 5464 1904 5509 nota
1938 5454 2050 5510 Deo
2081 5457 2182 5513 soli

583 5543 834 5614 operanti
863 5551 948 5598 est
969 5583 983 5606 ,
1016 5552 1072 5598 et
1103 5542 1171 5597 iis
1195 5542 1361 5597 etiam
1385 5542 1439 5597 in
1470 5544 1671 5614 quibus
1705 5544 1848 5603 Deus
1879 5560 2180 5619 operatur:

583 5649 897 5706 quanquam
939 5633 1053 5690 ﬁeri
1085 5649 1196 5689 non
1228 5641 1428 5706 potest,
1478 5646 1539 5693 ut
1562 5636 1740 5708 qualis
1767 5649 2083 5713 quantaque
2115 5643 2185 5701 sit

655 5790 701 5823 ⁸³
733 5792 855 5847 Act.
890 5809 963 5860 ιν,
988 5791 1183 5848 ’ἓὸ-ἐὶὸ.

2210 4588 2322 4671 De

2327 4617 2625 4673 πατεώνων
2656 4617 2813 4690 ὑμῶν
2860 4617 3367 4684 ὲξακολουθοῦντες,
3421 4619 3518 4673 καὶ
3566 4619 3670 4693 τὴν
3720 4619 3871 4692 παρὰ

2282 4709 2379 4764 τοῦ
2435 4710 2601 4783 μόνου
2654 4710 2795 4767 Θεοῦ
2840 4711 3001 4779 δόξαν
3057 4712 3135 4785 μὴ
3181 4710 3593 4786 ἐπιζητοῦντες,
3653 4714 3881 4785 ἀγάπην

2286 4804 2447 4859 θείαν
2468 4804 2633 4877 ἒξητε
2654 4822 2673 4876 ;

2358 4895 2464 4953 lE'.
2480 4898 2675 4970 Ἰίμεῖς
2706 4898 2808 4972 μὲν
2831 4895 2927 4954 οὖν
2952 4899 3002 4953 εί
3036 4900 3133 4953 καὶ
3160 4898 3365 4972 σαρκὸς
3388 4898 3691 4973 ὀφθαλμοῖς
3715 4899 3885 4955 ἀθεώ-

2295 5007 2459 5063 ρητον
2494 4991 2587 5046 τὸν
2636 4992 2772 5047 Θεὸν
2800 4988 2943 5047 εἶναι
2968 4992 3344 5064 ὁμολογοῦμεν
3368 4992 3483 5065 (τὸν
3510 4993 3623 5067 γάρ
3651 4994 3883 5065 ἀσώμα-

2290 5099 2385 5138 τον
2423 5087 2712 5158 σωματικῇ
2736 5085 2993 5158 αίσοήσει
3032 5086 3301 5159 ὁραθῆναι
3339 5085 3649 5159 ἀδύνατον),
3682 5086 3802 5141 ἀλλ’
3825 5086 3883 5140 οὗ

2294 5179 2450 5251 παρά
2478 5179 2640 5232 τοῦτο
2662 5179 2772 5233 τῶν
2804 5178 2966 5233 θείων
2993 5179 3078 5232 ὲνε
3090 5177 3289 5250 ργειῶν
3309 5179 3581 5251 ἀμέτοχον
3603 5178 3664 5233 τὸ
3684 5177 3886 5251 ἀνθρώ-

2293 5288 2454 5326 πινον
2484 5272 2641 5341 γένος
2684 5272 2836 5346 [εοό.
2864 5272 2902 5327 ί.
2949 5274 3103 5347 122.]
3133 5273 3402 5345 ὑπάρχειν
3432 5272 3669 5344 λέγομεν
3699 5287 3714 5303 ·
3751 5270 3884 5326 ἀλλά

2292 5364 2496 5435 νοερῶς
2551 5365 2693 5419 κατά
2745 5365 2847 5438 τὴν
2915 5367 3213 5435 ἀναλογίαν
3250 5366 3351 5435 τῆς
3392 5365 3720 5435 καθάρσεως
3753 5366 3883 5435 όρᾷν

2291 5457 2385 5512 τὸν
2419 5457 2577 5524 Θεὸν,
2605 5459 2732 5513 ὅσον
2762 5461 2989 5531 ἐφικτόν
3018 5462 3167 5514 ἐστιν
3211 5458 3484 5529 ἀνθρώπῳ
3515 5458 3881 5531 γινώσκομεν,

2292 5554 2521 5625 τρόποις
2574 5550 2656 5621 οἷς
2718 5557 2883 5628 μόνος
2952 5553 3095 5612 οἶδεν
3148 5558 3176 5610 6
3210 5554 3387 5609 ταῦτα
3419 5555 3682 5628 ἐνεργῶν,
3714 5556 3807 5609 καὶ
3836 5556 3882 5606 οἱ

2293 5646 2520 5703 τοιαῦτα
2555 5650 2981 5723 ὲνεργούμενοι·
3020 5652 3069 5704 εί
3110 5648 3205 5705 καὶ
3248 5647 3325 5721 μὴ
3361 5648 3471 5702 πᾶν
3500 5649 3726 5721 ἐφικτὸν
3764 5651 3884 5704 ὅσον
