4142 6436
455 395 594 461 1325

1451 393 1712 463 SERMO
1755 393 1781 453 ῐ
1823 389 2225 456 ADVERSUS
2266 389 2753 454 MANICILEUS.

3625 393 3761 457 13%

453 509 604 563 ἐστὶν
651 507 713 561 τὸ
764 507 1052 579 ἀμήχανον
1110 504 1290 559 ἐκεῖνο
1345 504 1443 558 καὶ
1489 502 1880 573 ἀκατάληπτον
1930 499 2034 571 φῶςΙ

2150 498 2385 570 simplex
2423 498 2514 557 illa
2562 510 2619 556 et
2649 497 3229 572 incomprehensibilis
3272 503 3402 569 lux,
3454 515 3760 575 spectetur.

455 598 874 671 ἐνοπτρίζεσθαι
895 616 910 629 '
952 597 1207 668 ἀγγέλοις
1231 597 1343 669 γὰρ
1376 595 1556 667 ἁγίοις
1585 595 1918 664 δυσέφικτον
1948 594 2050 664 τῆς

422 690 610 757 ¹θείας
663 690 1011 763 φωτοχυσίας
1064 690 1324 759 πέλαγος,
1377 689 1513 743 ἀλλά
1546 689 1671 743 καθ’
1720 688 1846 742 ὅσον
1900 686 2051 739 ἐστὶν

420 788 425 793 ’
457 782 652 847 σκεῦος
694 780 1110 853 κεκαθαρμένον
1145 778 1541 850 ἐλλάμπεσθαι,
1574 777 1764 849 ὥσπερ
1792 776 1877 847 ξεν
1912 775 2052 847 ήλίῳ

451 877 606 930 ἐστιν
638 876 766 930 ἰδεῖν
796 873 866 930 τὰ
894 875 1112 947 καθαρά
1139 874 1235 927 καὶ
1270 871 1450 943 ὑλώδη
1480 871 1578 926 καὶ
1612 871 1916 942 λεπτότερα
1955 868 2055 923 καὶ

452 954 701 1039 ὐδατὼδη
750 966 1004 1039 σώματα,
1053 966 1392 1038 τρανοτέραν
1441 964 1674 1036 ἡλιακὴν
1727 962 2055 1034 λαμπηδόνα

452 1058 845 1131 είσδεχόμενα’
891 1057 963 1112 τά
1014 1057 1059 1111 δ’
1090 1056 1312 1111 ἐναντία
1338 1055 1547 1110 τούτων
1592 1053 1844 1126 ἀμυδρὰν
1871 1053 2058 1119 ἐξεπι-

456 1148 697 1213 πολαίως
745 1146 844 1202 καὶ
873 1146 1036 1217 μόνον
1080 1144 1450 1216 αὐγάζουσαν,
1480 1144 1577 1197 καὶ
1609 1141 1685 1213 μὴ
1718 1140 1808 1195 διά
1830 1140 1930 1211 τὴν
1957 1137 2061 1207 τῆς

448 1240 589 1313 ὕλης
618 1240 1144 1312 ἀνεπιτηδειότητα’
1186 1237 1335 1293 οὕτω
1365 1236 1462 1291 καὶ
1511 1236 1541 1289 6
1569 1234 1704 1298 Θεὸς
1752 1232 1822 1287 τὰ
1877 1230 2060 1285 πάντα

449 1334 540 1389 ἐπ’
599 1334 722 1405 ῐσης
780 1328 1055 1403 φωτίζει,
1084 1331 1200 1386 ἀλλ’
1240 1331 1275 1402 ἡ
1320 1330 1557 1402 διαφορά
1598 1327 1708 1383 τῶν
1733 1318 1877 1381 ὑλῶν
1901 1325 2061 1381 δοκεῖ

452 1428 577 1500 μὲν,
605 1429 666 1483 οὐ
706 1428 890 1491 καλῶς
941 1427 1019 1493 δὲ,
1070 1428 1201 1491 τοὺς
1235 1428 1335 1498 μὲν
1365 1425 1591 1497 μᾶλλον,
1631 1423 1760 1488 τοὺς
1791 1422 1849 1477 δέ
1881 1417 2045 1496 ἦττον

443 1521 733 1592 φωτίζειν.
783 1521 941 1575 Θέλει
965 1518 1078 1591 γὰρ
1115 1519 1143 1572 6
1166 1518 1298 1582 Θεὸς
1333 1517 1545 1582 πάντας
1576 1514 1907 1587 ἀνθρώπους
1933 1530 2042 1567 σω·-

447 1612 635 1680 θῆναι,
670 1612 777 1666 καῖ’
806 1614 889 1677 είς
920 1611 1223 1680 ἐπίγνωσιν
1245 1608 1508 1681 ἀληθείας
1541 1607 1741 1672 ἐλθεῖν,
1770 1607 1831 1661 οὐ
1856 1606 2044 1679 βιάζε-

2159 589 2406 663 Namque
2459 601 2515 647 et
2558 592 2770 664 angelis
2814 594 3023 649 sanctis
3065 610 3237 666 prope
3280 596 3620 654 inaccessum
3675 614 3764 657 est

2160 684 2350 740 cﬂ‘usa:
2370 684 2567 739 divina:
2590 686 2728 740 lucis
2750 686 3105 758 pelagus,sed
3132 702 3231 757 pro
3250 689 3396 743 vasis
3419 690 3500 744 sui
3521 692 3761 761 puritate

2159 778 2549 833 collustrantur
2581 798 2593 833 :
2636 778 2783 833 sicut
2824 779 2892 833 de
2924 780 3040 834 sole
3070 782 3365 836 observare
3399 782 3565 849 licet,
3601 785 3761 856 cujus

2122 884 2125 885 '
2161 870 2375 925 radium
2402 888 2539 942 pura
2564 886 2660 925 seu
2695 871 2888 935 vitrea,
2909 872 3152 937 subtilia,
3172 880 3269 927 aut
3295 889 3499 943 aquosa
3530 890 3759 946 corpora

2158 963 2322 1019 facile
2355 963 2637 1035 excipiunt
2664 982 2678 1019 :
2709 965 2984 1020 contraria
3029 974 3216 1021 autem
3250 966 3427 1023 levem
3456 984 3521 1024 ac
3566 984 3761 1043 super-

2157 1054 2426 1111 ﬁciarium
2461 1071 2527 1112 ac
2551 1057 2644 1113 vix
2694 1056 3100 1113 illuminantem
3121 1099 3138 1125 ,
3168 1075 3283 1115 non
3318 1060 3549 1117 interius
3590 1078 3759 1133 pene-

2158 1158 2395 1205 trantem
2428 1150 2727 1221 recipiunt,
2748 1152 2879 1222 quia
2905 1152 2957 1207 ei
2986 1153 3064 1207 rei
3088 1152 3354 1211 inhabilis
3386 1156 3621 1213 materia
3647 1166 3753 1213 est.

2158 1241 2251 1299 Sic
2279 1244 2445 1298 etiam
2488 1244 2635 1299 Deus
2666 1245 2851 1299 omnia
2886 1246 3174 1315 aequaliter
3201 1249 3513 1316 collustrat,
3551 1250 3649 1306 sed
3683 1251 3757 1307 ob

2163 1335 2528 1392 materialium
2551 1336 2893 1407 obiectorum
2924 1337 3291 1396 differentiam
3316 1342 3554 1409 videtur,
3581 1358 3755 1414 quan-

2153 1439 2318 1498 Quam
2362 1429 2507 1484 haud
2554 1438 2725 1494 recte,
2764 1430 2901 1485 alios
2938 1430 3151 1503 magis,
3200 1433 3339 1490 alios
3390 1451 3524 1491 vero
3567 1436 3755 1493 minus

2154 1520 2487 1579 illuminare.
2528 1520 2657 1577 Vult
2697 1524 2845 1578 enim
2874 1524 3019 1581 Deus
3041 1540 3236 1581 omnes
3270 1526 3528 1583 homines
3570 1529 3755 1586 salvos

2153 1612 2295 1681 ﬁeri,
2317 1623 2373 1670 et
2390 1612 2456 1669 ad
2481 1613 2818 1684 agnitionem
2838 1616 3089 1673 veritatis
3109 1618 3322 1685 venire,
3344 1620 3449 1674 etsi
3471 1620 3751 1676 neminem

441 1726 537 1762 ται
564 1708 624 1761 δέ
654 1724 777 1761 τινα
806 1706 898 1760 διὰ
923 1706 984 1760 τὸ
1010 1703 1379 1770 αὐτεξούσιον.
1410 1704 1565 1775 Τάχα
1591 1702 1650 1756 δέ
1688 1703 1783 1757 καὶ
1810 1701 1911 1765 τάς
1949 1703 2034 1755 ἐπί

2152 1706 2331 1778 cogit,
2375 1715 2436 1761 ut
2468 1705 2704 1761 liberum
2748 1718 2969 1763 maneat
3015 1709 3325 1766 arbitrium.
3368 1709 3547 1783 Prope
3586 1714 3751 1769 etiam

446 1802 548 1871 τῆς
581 1800 685 1870 γῆς
714 1799 810 1853 τοῦ
833 1799 1039 1871 Κυρίου
1070 1798 1394 1869 σωματικὰς
1414 1796 1513 1867 τῆς
1541 1794 1830 1867 διατριϐῆς
1850 1793 2034 1864 θεοση-

2148 1797 2323 1853 ausim
2358 1798 2542 1853 dicere
2573 1798 2868 1854 invisibilia
2899 1800 3071 1857 fuisse
3102 1801 3323 1857 Domini
3352 1779 3567 1858 cum-in
3599 1815 3747 1861 terra

446 1890 613 1956 μείας
666 1890 934 1960 ἀοράτους
993 1885 1135 1942 εἷναί
1190 1905 1359 1959 φημι,
1417 1888 1466 1940 εί
1500 1886 1596 1941 καὶ
1647 1886 1869 1940 ἐδόκουν
1895 1885 2041 1939 τισὶν

433 1978 679 2051 ὁρᾶσθαι
712 1978 802 2032 διὰ
839 1978 899 2032 τὸ
927 1977 1307 2048 ἀνέκφραστον
1329 1993 1342 2006 ·
1374 1978 1457 2032 ὅτι
1494 1977 1555 2031 οὐ
1583 1976 1774 2049 σμίλῃ,
1806 1976 1869 2031 οὐ
1900 1992 2038 2030 καυ-

400 2070 408 2077 ’
438 2072 590 2143 τῆρι,
625 2072 688 2125 οὐ
724 2070 1026 2142 φαρμάκῳ,
1061 2070 1163 2123 οὐκ
1190 2064 1338 2141 ἄλλῳ
1384 2067 1495 2122 τινὶ
1550 2066 1783 2140 ἰατρικῷ
1832 2065 2038 2139 βοηθή-

438 2181 575 2235 ματι
598 2162 735 2235 πρὸς
762 2164 833 2217 τὰ
854 2163 1082 2217 τοιαῦτα
1114 2163 1345 2234 ἐχρᾶτο’
1381 2159 1698 2233 annexi,»
1750 2158 2035 2214 Θάλασσαν

438 2256 720 2328 ἐχαλίνου,
785 2255 1049 2327 δαίμονας
1110 2254 1465 2324 ἀπήλαυνεν,
1517 2255 1749 2326 νεκροὺς
1807 2254 2038 2319 ἀνίστα,

432 2348 664 2419 τυφλοῖς
692 2347 753 2401 τὸ
796 2347 1018 2418 βλέπειν
1046 2347 1355 2420 ἐχαρίζετο,
1386 2347 1738 2418 παραλύτους
1777 2346 2041 2417 ἔσφιγγεν

438 2441 591 2515 [cod.
653 2440 693 2496 Γ.
748 2440 878 2495 422.
936 2439 1037 2514 b.],
1079 2440 1320 2514 λεπροὺς
1378 2439 1730 2513 ὲκαθάριζεν,
1762 2440 1858 2495 καὶ
1887 2439 2037 2507 ἅπαξ

439 2534 632 2599 ἁπλῶς
662 2537 846 2589 πᾶσαν
897 2534 1056 2588 νόσον
1088 2534 1184 2588 καὶ
1206 2534 1393 2588 πᾶσαν
1419 2534 1694 2606 μαλακίαν
1739 2533 1885 2605 λόγῳ
1910 2532 2036 2587 ἐθε-

438 2636 741 2708 ράπευσεν,
769 2632 863 2688 τὸν
892 2632 1117 2704 Πατέρα
1154 2631 1295 2703 ἔχων
1323 2634 1383 2686 ἐν
1406 2630 1610 2702 ἐαυτῷ,
1640 2630 1737 2686 καὶ
1768 2629 1935 2695 αὐτὸς
1956 2628 2035 2684 ὣν

439 2731 541 2782 σὺν
566 2728 645 2798 τῷ
671 2728 849 2799 Πατρὶ
880 2725 1247 2792 ἀδιαστάτως,
1290 2726 1388 2779 σὺν
1422 2722 1502 2796 τῷ
1524 2722 1666 2795 ἀγίῳ
1712 2723 1808 2776 καὶ
1848 2726 2035 2777 σνναῖο

438 2819 540 2890 δίῳ
586 2816 684 2871 καὶ
729 2817 986 2888 ζωοποιῷ
1025 2815 1346 2887 Πνεύματι·
1411 2815 1510 2870 καὶ
1582 2814 1919 2886 σωματικῶς
1976 2816 2036 2868 ἐν

431 2911 594 2982 τόπῳ
638 2909 764 2964 τότε
802 2908 1309 2981 περιγραφόμενος,
1368 2907 1465 2963 καὶ
1514 2908 1936 2981 ἀπερίγραπτος
1965 2910 2034 2979 τῇ

439 3002 566 3075 θείᾳ
593 3002 758 3075 οὐσίᾳ
785 3004 898 3067 τοῖς
941 3003 1077 3056 πᾶσι
1108 2999 1303 3072 παρὼν
1333 3000 1431 3055 καὶ
1479 3001 1549 3056 τά
1571 3001 1754 3055 πάντα
1781 2999 2029 3075 πληρῶν,

2148 1891 2531 1946 demereretur
2566 1890 2865 1960 miracula,
2911 1892 3042 1950 licet
3083 1909 3149 1949 ea
3192 1896 3443 1950 nonnulli
3473 1912 3533 1950 se
3561 1897 3749 1953 videre

2147 1982 2450 2053 putabant,
2486 1981 2614 2053 quia
2654 1999 2847 2054 reapse
2892 1985 3190 2041 inell'abilia
3234 1996 3383 2043 sunt.
3432 1987 3553 2042 Non
3600 1990 3747 2045 enim

2146 2076 2381 2147 scalpro,
2411 2084 2508 2132 aut
2545 2078 2814 2144 cauterio,
2848 2078 2936 2133 vel
2966 2077 3289 2149 pbarmaco,
3316 2079 3401 2133 vel
3424 2078 3531 2134 alio
3555 2082 3751 2150 quovis

2145 2170 2362 2225 medico
2408 2170 2688 2241 adiutorio
2724 2170 2793 2227 ad
2830 2187 2926 2227 eas
2966 2172 3284 2227 curationes
3322 2173 3615 2239 utebatur;
3649 2177 3744 2231 sed

2139 2264 2313 2320 verbo
2333 2280 2484 2319 mare
2501 2264 2910 2335 compescebat,
2932 2264 3214 2321 daemones
3234 2263 3477 2338 fugabat,
3499 2278 3747 2324 mortuos

2140 2356 2461 2422 suscitabat,
2498 2358 2660 2413 caecis
2690 2358 2870 2414 visum
2904 2358 3166 2425 donabat,
3205 2359 3535 2431 paralyticos
3565 2360 3747 2417 ﬁrma-

2133 2448 2267 2518 bat;
2300 2460 2356 2507 et
2395 2458 2457 2505 ut
2485 2466 2598 2505 uno
2622 2451 2794 2507 verbo
2820 2450 3033 2515 dicam,
3076 2465 3243 2506 omne
3269 2452 3450 2507 morbi
3480 2468 3657 2524 genus
3690 2462 3747 2509 et

2134 2545 2413 2617 languoris
2456 2544 2625 2600 verbo
2669 2545 2943 2608 sanabat,
2971 2542 3193 2599 Patrem
3232 2545 3288 2599 in
3328 2561 3389 2600 se
3428 2561 3654 2615 gerens,
3686 2556 3749 2602 et

2135 2634 2255 2706 ipse
2273 2634 2334 2689 in
2358 2634 2520 2689 Patre
2554 2634 2867 2690 consistens
2896 2634 3133 2690 indivise
3155 2650 3281 2689 cum
3312 2650 3428 2689 5311(
3450 2645 3503 2690 ιο
3530 2645 3749 2691 etcoae-

2134 2732 2295 2783 terno
2325 2728 2541 2783 viviﬁco
2582 2725 2813 2799 Spiritu.
2847 2726 2916 2783 Et
2950 2737 3081 2785 tunc
3115 2728 3341 2799 quidem
3382 2729 3745 2799 corporaliter

2134 2818 2617 2889 circumscriptus,
2658 2820 2845 2875 divina
2893 2830 3078 2876 tamen
3123 2821 3432 2878 substantia
3469 2822 3739 2888 ίιςῆιιίιυε,

2134 2910 2349 2965 cunctis
2370 2925 2637 2981 prazsens,
2656 2911 2843 2967 omnia
2870 2911 3127 2984 implens,
3152 2929 3495 2985 quaecunque
3518 2916 3570 2969 in
3599 2917 3741 2972 coal.

2139 3009 2395 3073 terraque
2419 3012 2569 3070 sunt,
2590 3003 2706 3059 etsi
2726 3020 2833 3075 qua
2860 3005 2965 3060 alia
2984 3005 3128 3060 ultra
3150 3006 3320 3062 caalos
3334 3018 3423 3064 est
3446 3018 3699 3064 creatura
3720 3028 3739 3065 :

428 3096 539 3150 ὅσα
558 3112 617 3149 τε
648 3098 708 3149 ἐν
728 3093 944 3166 οὐρανῷ
969 3095 1065 3148 καὶ
1095 3094 1197 3148 ὅσα
1231 3111 1291 3147 τε
1315 3094 1409 3148 ἐπὶ
1436 3093 1539 3163 τῆς
1583 3092 1713 3164 γῆς,
1745 3095 1841 3147 καὶ
1864 3094 1917 3147 εί
1946 3092 2030 3156 τίς

2137 3095 2631 3167 demonstransque
2670 3098 2929 3153 eumdem
2971 3113 3032 3153 se
3070 3114 3225 3165 esse,
3267 3100 3360 3171 qui
3392 3101 3591 3157 omium
3627 3113 3744 3157 ων.

400 3190 589 3243 ’ἐστιν
641 3188 809 3261 ἑτέρα
860 3187 1039 3252 κτίσις
1092 3187 1201 3241 τῶν
1267 3187 1519 3257 οὐρανῶν
1578 3186 1873 3243 ἐπέκεινα·
1937 3188 2034 3242 καὶ

2138 3202 2366 3258 ramque
2406 3195 2464 3243 et
2493 3206 2645 3246 mare
2678 3200 2735 3247 et
2773 3190 3042 3261 quidquid
3078 3193 3164 3248 his
3199 3194 3539 3261 continetur,
3571 3197 3742 3253 verbo

428 3281 655 3345 δεικνὺς
675 3281 752 3345 ὡς
781 3280 947 3343 αὐτός
974 3283 1124 3334 ἐστιν
1163 3279 1192 3332 6
1220 3279 1317 3333 καὶ
1351 3279 1445 3333 τὸν
1500 3280 1738 3351 οὐρανὸν
1785 3282 1878 3334 καὶ
1934 3281 2039 3353 τὴν

433 3376 540 3445 γῆν
575 3372 672 3427 καὶ
709 3372 809 3445 τὴν
850 3372 1128 3428 θάλασσαν
1152 3374 1246 3425 καὶ
1276 3370 1457 3425 πάντα
1492 3372 1560 3425 τά
1591 3374 1649 3426 ἐν
1679 3373 1865 3438 αὐτοῖς
1892 3372 2036 3446 λόγῳ

428 3467 694 3538 ποιήσας.
745 3466 805 3519 'O
837 3465 1001 3528 αὐτὸς
1034 3464 1092 3518 δέ
1113 3462 1249 3529 Θεὸς
1270 3463 1319 3517 εί
1342 3462 1439 3517 καὶ
1464 3464 1648 3536 σάρκα
1672 3465 2033 3536 προσέλαϐεν,

432 3561 533 3614 καὶ
585 3560 655 3613 τά
689 3560 916 3614 τοιαῦτα
947 3560 1094 3633 λόγῳ
1139 3560 1383 3631 ἐνεργῶν
1430 3558 1713 3631 θεοπρεπῆ
1751 3558 2030 3631 θαύματα.

432 3653 555 3706 Τίνι
584 3652 695 3725 γὰρ
728 3651 876 3725 ἄλλῳ
925 3654 975 3707 εί
1006 3652 1082 3725 μὴ
1121 3652 1201 3724 τῷ
1247 3651 1460 3725 Κτίστῃ
1515 3652 1783 3707 ὑπακούει
1816 3652 1887 3705 τὰ
1916 3650 2032 3706 κτί-

396 3758 399 3763 '
432 3761 656 3816 σματα;
688 3744 827 3800 ἀλλά
852 3747 949 3800 καὶ
976 3746 1055 3809 είς
1073 3744 1202 3809 τοὺς
1224 3745 1621 3816 ἀτελευτήτους
1645 3743 1799 3798 ἔσται
1827 3742 2032 3807 αἰῶνας

431 3840 542 3893 τῶν
568 3839 806 3905 αἰώνων,
837 3839 911 3893 τὰ
937 3838 1119 3893 πάντα
1142 3837 1517 3909 διακυϐερνῶν
1539 3837 1635 3891 καὶ
1660 3836 1901 3909 συνέχων
1951 3835 2031 3908 τῷ

394 3923 403 3951 ³
433 3933 837 4005 παντοδυνάμῳ
875 3933 1044 3987 αὐτοῦ
1078 3932 1174 3987 καὶ
1205 3931 1555 4003 προνοητικῶ
1586 3931 1917 4003 βουλήματι.

396 4025 405 4031 ’
500 4023 624 4095 ις’.
659 4023 727 4079 Τί
771 4024 956 4079 τοίνυν
1002 4026 1175 4087 ἐστὶν,
1222 4017 1269 4077 ὧ
1312 4016 1487 4088 οὗτοι,
1538 4025 1568 4078 6
1617 4024 1718 4094 τὴν
1748 4023 2025 4095 ὑμετέραν

2135 3283 2361 3335 creavit.
2392 3281 2538 3338 Idem
2577 3282 2721 3337 Deus
2759 3298 2984 3340 carnem
3013 3301 3233 3356 quoque
3270 3286 3379 3358 63
3414 3289 3737 3359 assumpsit,

2133 3380 2189 3426 et
2230 3381 2381 3427 tanta
2422 3374 2591 3429 verbo
2635 3376 2873 3445 patravit
2926 3378 3037 3431 Deo
3064 3377 3229 3449 digna
3252 3379 3537 3435 miracula.
3572 3379 3741 3437 l’orro

2132 3463 2355 3519 Cuinam
2399 3464 2489 3519 alii
2543 3475 2743 3536 praeter
2780 3484 2944 3539 quam
2988 3467 3242 3524 Creatori
3276 3469 3547 3525 obediuut
3584 3485 3739 3527 crea-

2136 3554 2319 3611 turae?
2366 3558 2613 3629 Denique
2641 3574 2737 3631 per
2765 3560 2976 3616 inﬁnita
3019 3560 3221 3617 smcula
3264 3563 3594 3619 saeculorum
3626 3580 3744 3619 ma-

2140 3650 2311 3715 nebit,
2345 3663 2543 3707 cuncta
2575 3653 2913 3725 gubernans,
2942 3661 3001 3708 et
3025 3652 3394 3725 omnipotenti
3423 3668 3523 3709 sua
3553 3655 3739 3727 provi-

2141 3743 2322 3816 daque
2351 3744 2638 3802 voluntate
2668 3758 3036 3804 conservans.

2200 4023 2500 4091 XVI.Quid
2528 4038 2677 4094 ergo,
2696 4036 2906 4092 quaeso,
2926 4031 3169 4077 vestrum
3199 4036 3230 4075 a
3257 4019 3419 4076 nobis
3448 4020 3737 4079 dissidinm

396 4122 714 4176 ’διάστασιν
749 4119 843 4190 ἀφ’
890 4119 1048 4191 ήμῶν
1107 4119 1238 4189 ὑμῖν
1292 4118 1534 4188 ἐμποιεῖ,
1586 4117 1686 4187 τῆς
1729 4117 2020 4189 ἀκριϐείας

2137 4119 2343 4185 alliciat,
2379 4132 2505 4173 cum
2551 4125 2660 4170 tam
2695 4123 2950 4170 accurata
2985 4114 3140 4169 vobis
3166 4113 3278 4168 sint
3303 4114 3554 4184 exposita
3582 4130 3739 4170 sacra

428 4214 539 4269 τῶν
571 4211 736 4286 ιερῶν
761 4210 1079 4284 μαρτυριῶν
1106 4211 1503 4283 προκειμένης,
1532 4205 1620 4273 αἷς
1652 4210 1815 4281 ὑμεῖς
1834 4209 2025 4278 λέγετε

2137 4210 2457 4275 .estimonia,
2499 4207 2701 4279 quibus
2752 4216 2966 4262 vosmet
2996 4205 3220 4276 obsequi
3273 4206 3480 4271 dicitis,
3514 4206 3737 4261 tandem

427 4306 828 4373 ἐξακολουθείν,
886 4306 1025 4377 πρὸς
1077 4304 1179 4376 τῆς
1232 4304 1497 4376 ἀληθείας
1545 4303 1776 4371 εἴπατε;
1814 4306 1864 4358 εί
1923 4305 2025 4373 μὲν

2137 4307 2418 4382 aliquando
2460 4305 2674 4362 sincere
2720 4302 3026 4359 edisserite.
3069 4302 3123 4357 Si
3168 4311 3319 4358 certe
3348 4318 3476 4358 vere
3501 4302 3739 4358 alIirma-

425 4397 523 4455 οὖν
556 4399 766 4469 ἀληθὴς
800 4397 960 4467 λόγος
1007 4398 1067 4451 ἐν
1122 4397 1255 4469 ὑμῖν
1305 4398 1456 4451 ἐστιν
1477 4397 1560 4451 ὅτι
1593 4399 1709 4462 τοῖς
1737 4395 1834 4451 τοῦ
1864 4396 2021 4467 ἀγίου

2126 4401 2199 4457 tis
2220 4408 2474 4457 sanaum
2500 4412 2599 4453 vos
2630 4394 2986 4465 Evangelium
3024 4401 3082 4449 et
3102 4392 3349 4464 Apostoli
3383 4393 3526 4449 dicta
3555 4402 3737 4449 secta-

420 4490 765 4560 Εὐαγγελίου
828 4490 924 4543 καὶ
978 4488 1075 4542 τοῦ
1119 4488 1449 4543 ’Δποστόλου
1503 4487 1685 4557 λόγοις
1729 4486 2024 4555 ἐξακολου-

2137 4492 2201 4556 ri,
2249 4491 2439 4547 adeste
2475 4488 2544 4543 ad
2581 4485 2995 4558 disputandum,
3046 4484 3363 4541 constitutis
3411 4485 3741 4558 alienigenis

427 4585 616 4649 θεῖτε,
666 4581 829 4636 δεῦτε
886 4584 983 4637 καὶ
1035 4581 1434 4652 διαλεχθῶμεν,
1493 4582 1691 4652 κριτάς
1749 4582 2024 4655 καταστή-

429 4670 627 4739 σαντες
667 4675 978 4739 ἀλλοεθνεῖς
1008 4674 1103 4729 καὶ
1126 4675 1593 4747 ἐτερογλώσσους,
1626 4676 1714 4730 ἵνα
1756 4676 1832 4747 μὴ
1861 4675 2026 4743 δόξω-

421 4787 530 4842 μεν
560 4768 1055 4824 καταδυναστεύειν
1098 4769 1276 4839 ὑμῶν,
1308 4770 1401 4822 καὶ
1444 4769 1545 4840 τὴν
1584 4770 1769 4842 κρίσιν
1810 4786 2017 4842 προαρο

394 4863 659 4928 στάζειν·
691 4861 807 4917 ἀλλ’
840 4863 899 4929 ἐξ
953 4862 1298 4917 ἀλλοπίστων
1354 4863 1657 4935 κριθῶμεν,
1712 4864 1793 4928 είς
1855 4863 2025 4935 μέσον

386 4956 389 4961 ’
423 4957 521 5010 τὀὖ
552 4955 911 5028 δικαστηρίου
962 4955 1297 5027 προσθέντες
1348 4954 1505 5028 Icod.
1534 4955 1575 5011 f.
1601 4955 1731 5029 125]
1776 4955 1847 5009 τὰ
1899 4956 2023 5029 ίερά

2127 4596 2185 4641 et
2228 4585 2464 4641 diversa:
2488 4582 2689 4652 lingua:
2724 4578 3026 4649 judicibus,
3061 4594 3135 4633 ne
3166 4592 3263 4634 vos
3298 4579 3613 4649 Opprimcre
3650 4580 3736 4634 vi-

2126 4680 2385 4743 deamur,
2414 4682 2491 4732 'ct
2526 4672 2796 4747 judicium
2844 4686 3249 4743 prLeoocupare.
3302 4671 3483 4743 Atque
3530 4671 3607 4727 ita
3661 4671 3735 4727 ab

2124 4777 2318 4831 aliena:
2365 4781 2530 4829 sectae
2580 4767 2897 4825 hominibus
2945 4765 3283 4835 judiccmur,
3335 4762 3633 4836 propositis
3678 4762 3735 4817 in

2124 4870 2308 4927 medio
2345 4865 2603 4923 tribunali
2646 4862 2818 4919 sacris
2860 4860 3130 4928 oraculis,
3172 4859 3429 4931 factaque
3479 4858 3735 4929 diligenti

2123 4959 2499 5025 contentione,
2539 4968 2663 5013 utra
2712 4970 2839 5028 pars
2869 4954 3085 5020 vicerit,
3124 4971 3233 5009 una
3273 4969 3467 5009 omnes
3496 4969 3737 5009 concur-

2120 5070 2326 5110 ramus.
2366 5054 2524 5109 Sicut
2560 5052 2694 5107 olim
2741 5049 3045 5105 Archelaus
3086 5047 3495 5105 Carcbarorum
3527 5048 3583 5102 in
3617 5045 3733 5101 Me-

2120 5147 2425 5219 sonotamia
2474 5146 2769 5217 episcopus
2819 5160 2945 5201 cum
2998 5144 3214 5199 Mancte
3260 5142 3555 5213 disputans
3596 5140 3732 5211 egit.

2119 5242 2230 5298 Cur
2265 5240 2427 5296 nobis
2450 5254 2678 5296 causam
2718 5239 2888 5295 vestri
2920 5255 2951 5294 a
2980 5238 3141 5294 nobis
3174 5236 3460 5292 dissensus
3488 5235 3728 5303 imputa-

2122 5334 2215 5401 tis,
2249 5349 2375 5389 cum
2407 5340 2780 5403 oporteatnos
2824 5332 3065 5387 fraterne
3095 5339 3151 5386 et
3188 5344 3256 5385 ex
3289 5328 3496 5392 animo,
3528 5326 3574 5381 si
3604 5327 3730 5396 qui-

2126 5426 2252 5481 dem
2313 5424 2546 5487 velletis,
2590 5424 2940 5479 concordiam
2996 5422 3206 5489 fovere,
3257 5429 3315 5475 et
3359 5420 3507 5491 juste
3546 5419 3735 5489 potius

422 5053 582 5121 λόγια
610 5053 704 5106 καὶ
763 5054 865 5123 τῆς
913 5050 1070 5120 δίκης
1128 5049 1540 5123 γυμνασθείσης
1592 5050 1860 5122 ἀκριϐῶς,
1907 5045 2020 5125 οἷον

424 5144 595 5215 μέρος
630 5144 868 5214 νικήσει,
921 5144 979 5195 ἐν
1027 5142 1179 5213 αὐτῷ
1220 5142 1269 5195 οί
1294 5141 1499 5207 πάντες
1547 5143 2017 5215 προσδράμωμεν,

420 5236 617 5307 ῶσπερ
651 5236 821 5291 πάλαι
872 5235 1166 5308 Ἀρχέλαος
1191 5237 1219 5291 6
1253 5235 1554 5299 ἐπίσκοπος
1581 5236 1896 5309 Καρχάρων
1921 5239 2021 5308 τῆς

400 5331 859 5401 -Μεσοποταμίας
900 5330 1038 5398 πρὸς
1073 5330 1333 5385 Μάνεντα
1366 5330 1751 5403 διαλεγόμενος
1785 5332 2021 5401 πεποίη-

422 5440 551 5477 κεν*
604 5426 699 5478 καὶ
738 5423 828 5478 διὰ
864 5424 919 5477 τί
948 5425 1084 5495 ἡμῖν
1117 5423 1217 5495 τὴν
1247 5424 1428 5478 αἰτίαν
1478 5424 1578 5495 τῆς
1625 5422 1687 5490 ἐξ
1716 5423 1874 5495 ήμῶν
1901 5424 2017 5479 δια-

2122 5532 2287 5586 quam
2326 5516 2670 5571 contentiose
2720 5515 2931 5587 agere?
2966 5514 3163 5571 Nostra
3208 5512 3396 5582 utique
3436 5512 3731 5582 praedomi-

2121 5625 2260 5665 nans
2286 5609 2525 5676 sincera,
2545 5608 3045 5680 irreprelicnsibilis
3072 5622 3313 5677 veraque
3332 5605 3469 5661 lich
3492 5604 3728 5676 palmam

2122 5703 2243 5759 sine
2275 5703 2467 5769 dubio,
2512 5712 2573 5758 ut
2617 5703 2779 5769 solet,
2814 5702 3035 5767 referet,
3061 5701 3223 5771 eique
3249 5714 3418 5754 causa
3449 5695 3729 5767 adjudica-

2126 5798 2297 5853 bitur.
2322 5796 2515 5852 Vestra
2547 5806 2741 5852 contra
2769 5796 2977 5851 falsitas
3012 5792 3359 5866 explodetur,
3395 5799 3457 5843 ut
3487 5788 3730 5843 tenebrae

2129 5890 2266 5948 solis
2316 5890 2609 5963 prmsentia
2658 5891 2969 5947 vincuntur.
3018 5887 3129 5943 Cur
3202 5887 3313 5957 jam
3364 5880 3731 5946 contenditis,

424 5517 671 5580 στάσεως
703 5517 859 5588 ὐμῶν
884 5516 1231 5589 διατρίϐετε;
1270 5517 1393 5573 δέον
1422 5518 1701 5589 συμϐῆναι
1726 5520 1875 5591 ἡμᾶς
1901 5518 2016 5589 φιλ-

422 5608 668 5679 αδέλφως
725 5610 821 5664 καὶ
874 5609 1289 5680 πνευματικῶς,
1331 5611 1492 5681 εἰπερ
1522 5609 1751 5676 θέλοιτε,
1794 5614 1887 5665 καὶ
1942 5611 2022 5666 δι-

421 5700 597 5760 καίως
651 5701 912 5770 μᾶλλονῆ
945 5700 1299 5771 φιλονείκωςν
1326 5702 1423 5756 καὶ
1461 5705 1495 5774 η
1529 5704 1662 5774 παρ’
1694 5704 1854 5776 ἡμῶν
1885 5721 2017 5777 κραο

420 5793 663 5865 τουμένη
700 5795 990 5859 ἀνόθευτος
1025 5796 1119 5849 καὶ
1153 5795 1458 5869 ἀμώμητος
1481 5797 1574 5850 καὶ
1599 5796 1809 5869 ἀληθὴς
1838 5798 2023 5863 πίστις

420 5879 483 5939 εὗ
510 5880 606 5938 οἷδ’
646 5887 731 5940 ὅτι
772 5885 1019 5959 συνήθως
1069 5888 1306 5960 νικήσει,
1349 5888 1444 5942 καὶ
1482 5888 1600 5961 μετ’
1631 5888 1804 5959 αὐτὴν
1848 5889 1881 5959 ἡ
1916 5888 2023 5959 ψῆ-
