4142 6454
511 374 530 436 1
543 373 646 438 3ὲ7

1878 363 2109 427 PETRI
2166 363 2420 426 SICULI

3673 362 3805 433 1323

503 499 669 560 atque
722 486 1036 542 universam
1093 495 1298 541 terram
1328 498 1393 541 ac
1445 480 1649 537 malum
1702 477 1860 534 vanis
1907 475 2091 531 vestri:

2213 491 2313 543 φος
2338 474 2661 547 γενήσεται’
2688 473 2752 529 τδ
2784 471 2982 543 ψεῦδος
3012 472 3169 545 ὑμῶν
3203 472 3453 528 ἐκποδὼν
3494 474 3798 547 οἰχήσεται,

503 578 865 636 blateratibus
924 592 1189 649 superare
1244 573 1540 646 speratis?
1585 585 1713 627 nam
1763 584 1834 625 ne
1892 575 2108 625 constat

503 674 727 745 quidem
757 683 943 729 utrum
977 687 1076 728 vos
1108 671 1164 726 in
1209 678 1356 726 terra
1388 665 1705 732 versemini,
1746 672 1973 736 propter
2010 676 2108 719 ve-

503 763 603 817 stri
636 762 851 816 numeri
899 762 1243 826 tenuitatem,
1300 758 1394 829 qui
1423 772 1641 828 semper
1665 754 2010 822 decrescitis,
2057 762 2114 809 et

504 854 649 924 apud
695 868 891 908 omnes
940 860 1131 923 gentes
1172 848 1428 905 ﬁduciam
1468 845 1723 903 amittitis
1760 862 1777 913 ;
1810 853 1868 900 et
1911 844 1999 899 vix
2026 844 2114 899 hi-

504 947 763 1002 rundinis
829 946 992 1000 nidus
1057 960 1168 1015 praa
1213 943 1429 998 caeteris
1479 939 1846 995 incolentibus
1914 938 2105 995 orbem

501 1039 828 1098 Chrisﬁanis
854 1038 1173 1094 orthodoxis
1208 1034 1469 1093 videmini
1501 1050 1516 1089 :
1562 1043 1661 1089 aut
1699 1032 1972 1105 triangulo
2002 1031 2109 1087 mi-

503 1135 656 1190 nimo
698 1149 729 1188 a
768 1133 960 1188 tellure
986 1132 1041 1185 in
1080 1131 1338 1186 caelestes
1394 1129 1649 1202 regiones
1703 1127 1996 1198 producto,
2045 1134 2107 1181 ut

498 1225 1018 1281 mathematicorum
1061 1237 1215 1278 more
1264 1222 1574 1292 loquamur,
1612 1236 1725 1291 prae
1773 1218 2104 1291 populorum

500 1318 858 1375 universitate
904 1314 1226 1373 conferendi
1259 1332 1274 1369 :
1310 1331 1374 1370 ac
1404 1314 1573 1370 veluti
1606 1314 1652 1369 si
1688 1327 1935 1384 praesens
1962 1319 2106 1366 tem-

496 1430 622 1486 pus.
645 1429 771 1468 cum
804 1419 1036 1481 utroque
1068 1420 1380 1480 temporum
1418 1406 1823 1479 praeteritorum
1863 1418 2020 1475 aeque
2046 1418 2111 1459 ac

498 1500 811 1555 futurorum
857 1500 1055 1570 spatio,
1090 1499 1251 1570 cuius
1284 1499 1445 1569 longa
1489 1495 1665 1553 series
1692 1495 2000 1567 ignoratur,
2035 1495 2109 1549 ita

496 1609 597 1648 vos
629 1608 754 1647 cum
780 1592 1039 1647 universa
1063 1606 1122 1646 re
1144 1598 1328 1646 creata
1356 1587 1755 1659 comparemini
1783 1605 1797 1641 :
1832 1586 1917 1641 vel
1955 1595 2108 1657 gutta

497 1686 662 1739 unica
694 1698 818 1738 cum
853 1691 965 1737 tota
994 1696 1261 1753 aquarum
1290 1688 1523 1745 natura;
1549 1677 1663 1750 64
1694 1677 1797 1748 vel]
1823 1677 1869 1733 si
1921 1677 2109 1733 herbae

494 1777 711 1831 culmus
748 1791 873 1830 cum
920 1775 1179 1830 universa
1217 1782 1364 1828 terra
1396 1772 1718 1829 conferatur
1750 1788 1764 1824 :
1807 1770 1894 1825 vel
1932 1770 2095 1841 quid-

2205 563 2397 635 ῶσπερ
2419 564 2483 618 τὸ
2522 564 2716 630 σκότος
2743 568 2812 638 τῇ
2843 564 2940 619 τοῦ
2968 565 3124 636 ἡλίου
3146 566 3425 639 παρουσίᾳ
3451 568 3800 640 μειούμενον.

2208 654 2322 709 Καὶ
2348 654 2401 708 τί
2431 654 2787 724 φιλονεικεῐτε
2837 655 2935 709 καὶ
2972 656 3151 711 οἴεσθε
3193 659 3376 713 πᾶσαν
3421 660 3524 731 τὴν
3574 660 3683 732 γῆν
3710 660 3808 716 καὶ

2207 749 2300 804 τὸν
2327 750 2557 823 οὐρανὸν
2592 752 2752 823 νικᾷν
2781 753 2903 815 ταῖς
2935 752 3349 823 ματαιολογίαις
3376 754 3565 825 ὑμῶν;
3595 757 3644 809 οἱ
3671 757 3809 828 μηδὲ

2210 842 2295 896 ὅτι
2319 843 2443 896 ἐστέ
2469 844 2528 896 ἐν
2557 845 2625 916 τῇ
2662 846 2735 915 γῇ
2768 845 3115 915 φαινόμενοι,
3143 848 3210 917 τῇ
3238 846 3491 919 εὐτελείᾳ
3510 847 3670 902 τοῦτό
3698 867 3802 903 που

2213 937 2309 990 καὶ
2335 938 2404 1007 τῇ
2441 935 2750 1009 βραχύτητι
2797 937 2909 991 τῶν
2950 940 3008 992 ἐν
3036 939 3175 1012 αὐτῇ
3206 939 3506 995 οἰκούντων
3527 958 3541 972 ·
3575 944 3809 998 πάντοτε

2212 1028 2259 1082 δ’
2310 1028 2727 1102 ἐλαττούμενοι,
2769 1031 2869 1085 καὶ
2925 1032 3110 1101 πάσης
3176 1034 3496 1106 παρρησίας
3549 1036 3809 1107 ἀμέτοχοι

2212 1122 2369 1196 παρὰ
2416 1125 2552 1177 πᾶσι
2594 1127 2711 1189 τοῖς
2763 1124 2978 1179 ἔθνεσιν
3023 1125 3402 1200 ύπάρχοντεςυ
3436 1130 3534 1183 καὶ
3582 1130 3705 1202 μηδ’
3731 1130 3809 1194 ὡς

2212 1217 2404 1272 νοσσιὰ
2433 1216 2704 1289 χελιδόνος
2728 1218 2869 1287 πρὸς
2899 1218 3028 1283 τοὺς
3058 1220 3117 1272 ἐν
3139 1222 3210 1292 γῇ
3235 1218 3524 1286 οἰκοῦντας
3544 1222 3805 1294 Χριστια-

2215 1313 2341 1377 νοὺς
2366 1312 2683 1384 όρθοδόξους
2712 1313 3139 1387 συγκρινόμενοι
3159 1329 3177 1346 ⁸
3210 1314 3245 1385 ἢ
3286 1316 3579 1387 ἀκαριαῖον
3605 1317 3806 1387 τριγώ-

2210 1421 2304 1459 νου
2354 1408 2636 1479 σχήματος
2665 1408 2777 1461 ἀπὸ
2804 1407 2912 1478 γῆς
2961 1408 3100 1480 πρὸς
3149 1408 3250 1471 τὰς
3278 1408 3571 1481 οὐρανίους
3607 1410 3804 1482 μοίρας

2207 1497 2474 1568 ἠγμένον,
2511 1498 2917 1571 μαθηματικῶς
2963 1500 3162 1566 εἰπεῖν,
3190 1500 3331 1574 πρὸς
3364 1502 3545 1557 πάντά
3584 1504 3652 1557 τά
3678 1502 3804 1575 ἔθνη

2206 1590 2638 1663 ἀπεικαζόμενοι
2664 1606 2678 1621 ⁸
2708 1590 2743 1662 ῆ
2775 1592 2874 1645 τοῦ
2922 1590 3021 1647 νῦν
3072 1591 3267 1663 χρόνου
3308 1594 3379 1664 τῇ
3417 1591 3542 1647 καθ’
3572 1593 3807 1665 ἑκάτερα

2205 1684 2315 1739 τῶν
2343 1686 2557 1757 χρόνων
2585 1686 2756 1757 ἄμφω
2784 1685 3088 1753 διαστάσει,
3120 1688 3189 1758 τῇ
3225 1687 3521 1758 ἀδηλότητι
3561 1688 3661 1758 τῆς
3683 1705 3807 1741 συν-

2206 1778 2389 1848 εχείας
2425 1778 2564 1849 πρὸς
2598 1780 2781 1833 πᾶσαν
2813 1779 2915 1851 τὴν
2942 1780 3107 1850 φύσιν
3141 1779 3705 1853 παραλαμϐανόμενοι
3726 1799 3741 1814 ·
3770 1784 3805 1854 ἢ

494 1874 625 1944 quid
678 1872 917 1942 denique
966 1871 1256 1925 minimum
1307 1869 1451 1924 inter
1481 1868 1709 1923 minima
1739 1876 1845 1933 est,
1882 1875 1937 1921 et
1965 1881 2091 1937 qua-

2208 1868 2365 1941 ῥανὶς
2416 1870 2517 1940 μία
2566 1869 2705 1940 πρὸς
2762 1871 2949 1925 πᾶσαν
3002 1870 3114 1925 τῶν
3167 1871 3378 1926 ὑδάτων
3412 1872 3512 1943 τὴν
3544 1853 3805 1946 φύσινοῆ

494 1964 630 2019 libet
658 1963 941 2034 indignum
971 1961 1403 2032 comparatione.
1434 1959 1567 2025 Lex,
1602 1958 1781 2030 inquit
1813 1959 2099 2025 Dominus,

496 2058 561 2111 de
600 2054 741 2111 Sion
766 2055 945 2121 exibit,
979 2064 1027 2109 et
1058 2054 1273 2109 verbum
1305 2054 1521 2109 Domini
1559 2054 1624 2107 de
1655 2051 1959 2107 Jerusalem
1996 2053 2041 2084 ⁸⁸
2078 2068 2099 2118 ;

494 2164 609 2203 non
655 2160 838 2203 autem
891 2147 961 2203 de
1009 2146 1251 2203 Tibrica.
1300 2144 1460 2213 Quod
1509 2146 1554 2200 si
1591 2145 1832 2200 faustum
1881 2144 1988 2198 hoc
2042 2150 2100 2197 et

492 2241 762 2312 optimum
801 2240 990 2295 audire
1021 2255 1051 2295 a
1086 2240 1247 2296 nobis
1267 2239 1561 2295 consilium
1596 2254 1708 2293 non
1733 2237 1907 2303 fertis,
1936 2251 2099 2308 pror-

493 2340 590 2390 sus
664 2334 778 2405 jam
827 2333 1121 2389 ostenditis
1182 2348 1282 2389 vos
1337 2349 1618 2389 sacrarum
1686 2332 2098 2403 Scripturarum

492 2427 709 2482 nullum
766 2443 927 2483 usum
982 2427 1224 2491 habere,
1268 2426 1374 2482 nisi
1421 2434 1695 2497 quatenus
1751 2425 1819 2480 ad
1868 2424 2100 2480 aliarum

494 2524 778 2578 haereseon
824 2521 1073 2576 velamen
1123 2521 1371 2593 prodest.
1409 2519 1709 2591 Propterea
1753 2518 1821 2573 ad
1850 2516 2099 2573 veritatis

490 2604 680 2670 lumen
728 2614 873 2670 haud
914 2615 1176 2671 acceditis
1200 2654 1216 2681 ,
1255 2614 1381 2685 quia
1416 2629 1513 2669 vos
1551 2627 1884 2685 magnopere
1930 2613 2099 2682 pudet

491 2715 764 2763 nocturna
796 2719 978 2762 vestra
1010 2723 1134 2778 qua:
1164 2707 1319 2762 ell'ari
1353 2722 1464 2762 non
1499 2706 1627 2762 licet
1657 2721 1845 2777 opera,
1894 2705 2095 2760 diurna

488 2803 612 2857 luce
639 2801 913 2857 illustrare
939 2801 1227 2872 palamque
1265 2800 1479 2865 facere,
1516 2800 1613 2855 sed
1643 2799 1908 2854 adversus
1936 2798 2090 2853 stoli-

487 2895 589 2947 dos
622 2900 834 2947 tantum
871 2891 1258 2963 simplicesque
1291 2892 1543 2947 homines
1568 2891 1808 2964 gladium
1845 2899 2091 2946 vestrum

486 2983 650 3039 melle
678 2984 874 3040 illitum
905 2996 1246 3050 exserentes,
1278 2985 1466 3040 omnia
1499 2984 1557 3040 in
1588 2984 1830 3040 tenebris
1854 2984 2089 3055 profun-

485 3076 664 3147 daque
701 3088 867 3133 nocte
893 3078 1175 3151 peragitis.

2206 1960 2360 2035 [cod.
2394 1961 2434 2015 ι.
2468 1962 2571 2017 125
2601 1960 2686 2034 b.]
2725 1961 2925 2033 βοτάνη
2965 1962 3066 2034 μία
3100 1962 3242 2035 πρὸς
3292 1962 3393 2035 τὴν
3419 1964 3524 2035 γῆν
3557 1964 3806 2019 ἃπασανο

2205 2051 2240 2123 ἢ
2266 2053 2294 2106 ὃ
2327 2069 2379 2106 τι
2411 2052 2478 2108 ἄν
2509 2070 2596 2119 τις
2639 2052 2770 2109 ἄλλο
2800 2053 2948 2108 είποι
2985 2055 3096 2108 τῶν
3140 2054 3444 2126 ἐλαχίστων
3473 2055 3809 2128 ἐλαχιστότα·

2203 2160 2318 2209 τον,
2344 2145 2438 2198 καὶ
2466 2145 2689 2213 ἀνάξιον
2721 2146 3101 2218 συγκρίσεωςο
3128 2150 3329 2218 Νόμος
3353 2148 3489 2221 γὰρ,
3508 2149 3667 2221 φησὶ,
3694 2154 3809 2205 Κυ-

2196 2237 2339 2306 ρίου
2376 2236 2446 2291 ἐκ
2479 2237 2638 2299 Σιὼν
2671 2238 3082 2305 ἐξελεύσεται,
3127 2240 3228 2294 καί
3256 2241 3442 2313 ,λόγος
3495 2243 3714 2311 Κυρίου
3742 2244 3806 2309 ἐξ

2218 2327 2659 2400 Ἰερουσαλὴμ,
2709 2332 2787 2403 μὴ
2839 2331 2949 2386 ἀπὸ
2996 2330 3285 2404 Τιϐρικῆς.
3348 2334 3414 2386 El
3464 2333 3511 2388 δ’
3556 2334 3659 2388 οὐκ
3715 2336 3807 2391 ἀν-

2198 2419 2390 2493 έχεσθε
2412 2424 2618 2495 ταύτης
2634 2423 2868 2479 ἀκοῦσαι
2902 2424 3002 2496 τῆς
3023 2425 3207 2490 αίσίας
3237 2425 3333 2480 καὶ
3355 2426 3650 2498 καλλίστης
3680 2427 3805 2500 βου-

2196 2515 2297 2587 λῆς
2318 2517 2500 2587 ἡμῶν,
2532 2517 2755 2583 πάντως
2794 2518 3026 2572 αὐτόθεν
3069 2519 3348 2574 δείκνυται
3381 2521 3464 2575 ὅτι
3495 2520 3608 2574 τῶν
3642 2522 3803 2594 ἱερῶν

2196 2608 2371 2677 λόγων
2393 2608 2494 2682 τὴν
2521 2613 2720 2683 χρῆσιν
2745 2610 2869 2665 καθ’
2894 2612 3095 2683 ἑαυτὴν
3123 2611 3226 2667 οὐκ
3257 2612 3433 2684 ἔχετε,
3471 2613 3608 2669 ἀλλὰ
3643 2616 3801 2686 μόνον

2198 2702 2338 2773 πρὸς
2384 2702 2715 2774 ἐπικάλυψιν
2760 2703 2966 2775 ἐτέρων
2996 2703 3091 2777 [an
3140 2721 3240 2776 pro
3276 2706 3585 2780 ὑμετέρων]
3650 2709 3800 2781 αίρέ-

2194 2811 2369 2850 σεων·
2404 2796 2502 2849 καὶ
2555 2796 2646 2851 διὰ
2690 2797 2850 2851 τοῦτο
2880 2798 2981 2851 οὐκ
3007 2797 3233 2869 ἔρχεσθε
3283 2799 3421 2870 πρὸς
3456 2802 3519 2853 τὸ
3553 2802 3671 2869 φῶς
3696 2801 3799 2872 τῆς

2189 2889 2453 2961 ἀληθείας
2481 2889 2672 2962 ῶσπερ
2716 2891 3099 2963 αἰσχυνόμενοι
3156 2892 3253 2946 καὶ
3308 2893 3677 2966 ἐρυθριῶντες
3724 2898 3793 2949 τά

2186 2983 2383 3048 νυκτὸς
2424 2983 2564 3056 ἔργα
2598 2984 2709 3039 τῶν
2753 2984 3143 3057 ἀρῤητοποιῶν
3169 2984 3249 3058 τῷ
3280 2985 3382 3057 τῆς
3411 2987 3626 3059 ἡμέρας
3659 2989 3798 3058 φωτὶ

2182 3076 2585 3132 ἀνακαλύπτειν
2617 3081 2710 3132 κα)⁸
2732 3080 2872 3132 πᾶσι
2903 3078 3275 3150 δημοσιεύειν,
3300 3079 3440 3135 ἀλλά
3475 3082 3636 3153 μόνον
3654 3080 3796 3135 κατά

485 3168 593 3223 τῶν
632 3172 877 3242 ἀνοήτων
912 3171 1006 3225 καὶ
1033 3170 1250 3241 ἀφελῶν
1279 3168 1585 3243 ἀνθρώπων
1608 3170 1707 3243 τὴν
1734 3170 2013 3243 μάχαιραν
2047 3168 2225 3242 μέλιτι
2258 3170 2630 3243 κεχρισμένην
2681 3173 3019 3245 προσφέρειν
3057 3173 3117 3227 ἐν
3154 3173 3337 3228 σκότει
3365 3175 3462 3228 καὶ
3488 3176 3646 3229 νυκτὶ
3698 3174 3796 3247 βα-

481 3262 606 3335 θείᾳ
637 3262 814 3317 πάντα
837 3262 1318 3336 διαπραττόμενοι.

556 3355 725 3413 XVII.
773 3356 893 3413 Huc
939 3373 1115 3429 usque
1158 3357 1409 3413 oratione
1450 3358 1736 3429 perducta,
1770 3357 1915 3414 aliud
1949 3374 2086 3430 quo-

2264 3355 2364 3412 lZ'.
2409 3356 2679 3414 Ἐνταῦθα
2723 3359 2782 3414 δὲ
2822 3357 2920 3413 τοῦ
2964 3360 3129 3431 λόγου
3171 3361 3489 3434 γενόμενος,
3536 3361 3793 3426 ἐξετάσαι

483 3466 592 3522 que
622 3450 932 3522 disquirere
966 3450 1228 3517 conabor,
1258 3451 1329 3507 ab
1363 3451 1428 3507 iis
1453 3466 1555 3507 ceu
1579 3452 1821 3508 validum
1861 3453 2090 3524 produci

484 3544 732 3599 solitum.
784 3542 1068 3616 Regnavit,
1105 3544 1281 3609 aiunt,
1322 3560 1463 3598 mors
1493 3544 1560 3598 ab
1587 3543 1796 3600 Adamo
1825 3562 1991 3617 usque
2019 3546 2092 3601 ad

484 3634 697 3705 Moysen
735 3634 806 3691 ’°.
837 3635 974 3691 ltem
1009 3654 1023 3690 :
1058 3642 1119 3688 ut
1151 3644 1329 3690 morte
1354 3650 1453 3690 sua
1477 3635 1790 3690 destrueret
1817 3636 1969 3690 illum
1996 3635 2090 3707 qui

483 3727 679 3783 mortis
696 3733 1026 3798 potestatem
1047 3726 1290 3792 tenebat,
1308 3725 1362 3781 id
1394 3735 1479 3782 est
1501 3727 1801 3783 diabolum.
1822 3728 2090 3783 Animad-

484 3819 868 3887 verte,'aiunt,
899 3819 1176 3890 quomodo
1199 3821 1497 3890 Apostolus
1535 3828 1863 3892 potestatem
1894 3821 2089 3877 mortis

482 3914 673 3971 haberi
705 3932 736 3970 a
770 3913 987 3971 diabolo
1028 3915 1191 3970 dicat.
1225 3914 1369 3982 Quid
1400 3930 1530 3987 ergo
1557 3930 1659 3971 nos
1696 3914 1764 3970 ad
1796 3914 1913 3970 haec
1957 3913 2088 3971 dici-

480 4008 655 4065 mus?
702 4006 912 4081 Regum
954 4008 1213 4080 majestas
1253 4008 1451 4064 timore
1488 4018 1545 4065 et
1576 4008 1867 4065 clementia
1901 4008 2087 4064 ﬁrma-

476 4114 589 4162 tur.
620 4105 687 4161 Et
718 4105 998 4177 improbos
1024 4104 1247 4177 quidem
1288 4106 1625 4177 hostilesque
1660 4106 1890 4162 verbera
1919 4115 2085 4177 atque

476 4210 740 4267 terrores,
769 4199 947 4257 bonos
979 4207 1165 4254 autem
1201 4209 1257 4256 et
1299 4199 1505 4255 amicos
1532 4199 1720 4255 laetitia
1750 4208 1807 4255 et
1834 4199 1954 4255 laus
1994 4214 2084 4255 se-

474 4292 712 4365 quitur:
763 4302 821 4349 et
867 4293 989 4349 illos
1031 4292 1223 4364 utique
1263 4292 1484 4349 vincula
1520 4300 1577 4348 et
1626 4308 1881 4349 carceres
1918 4301 2085 4365 atque

474 4385 764 4442 carniﬁces
797 4385 886 4441 bis
934 4385 1213 4457 praepositi
1262 4385 1547 4451 cohibent,
1588 4401 1781 4459 regum
1808 4386 1968 4457 jussu
2000 4386 2083 4442 eis

474 4480 705 4536 traditos
754 4498 769 4548 ;
830 4481 1039 4536 amicos
1086 4489 1271 4535 autem
1317 4480 1527 4552 optimo
1565 4481 1761 4551 quovis
1790 4480 2081 4541 beneﬁcio

472 4588 632 4645 reges
657 4584 1068 4644 prosequuntur
1091 4592 1103 4628 :
1125 4574 1271 4644 quod
1289 4574 1333 4629 si
1361 4574 1529 4646 aliqui
1553 4574 1830 4630 interdum
1854 4590 2080 4646 parum-

472 4679 575 4733 per
613 4672 821 4731 errent,
866 4680 963 4721 eos
1004 4677 1234 4737 paterno
1273 4680 1461 4723 amore
1502 4667 1744 4724 breviter
1786 4667 2075 4740 castigant.

2196 3450 2536 3522 πειράσομαι
2576 3451 2673 3505 καὶ
2716 3451 2906 3523 ἕτερον
2936 3454 3069 3526 παρ’
3103 3453 3312 3520 αὐτοῖς,
3337 3453 3416 3517 ὡς
3459 3452 3679 3525 ἰσχυρὸν
3707 3454 3795 3507 λε-

2193 3544 2428 3615 γόμενον
2478 3560 2493 3574 ·
2538 3544 2979 3615 Ἐϐασίλευσεξ,
3037 3546 3227 3617 φησὶν,
3287 3548 3322 3603 ό
3380 3546 3638 3613 θάνατος
3673 3546 3796 3603 ἀπὸ

2206 3636 2391 3707 Ἀδὰμ
2425 3636 2605 3708 μέχρι
2652 3638 2972 3705 Μωῦσέως.
3013 3640 3147 3707 Καὶ,
3190 3640 3281 3695 ἵνα
3321 3639 3410 3694 διὰ
3436 3639 3529 3695 τοῦ
3561 3641 3793 3695 θανάτου

2192 3733 2521 3802 καταργήσῃ
2552 3730 2645 3785 τὸν
2668 3730 2875 3802 κράτος
2906 3730 3100 3803 ἔχοντα
3122 3730 3219 3785 τοῦ
3254 3732 3509 3795 θανάτου.
3540 3734 3793 3787 τουτέστι

2190 3825 2284 3877 τὶν
2318 3822 2599 3889 διάϐολον,
2637 3822 2766 3890 Ἴδε,
2800 3825 2955 3896 φησὶ,
2984 3824 3103 3888 πῶς
3126 3823 3187 3878 τὸ
3214 3825 3415 3898 κράτος
3442 3824 3537 3879 τοῦ
3560 3826 3792 3880 θανάτου

2188 3915 2284 3969 τὸν
2314 3915 2563 3970 διάϐολον
2600 3914 2751 3986 λέγει
2797 3915 2966 3987 ἔχειν.
3017 3917 3083 3970 Τί
3121 3912 3217 3971 οὖν
3257 3919 3421 3988 ἡμεῖς
3455 3918 3593 3991 πρὸς
3637 3918 3795 3973 τοῦτο

2189 4009 2461 4082 ἐροῦμεν;
2511 4010 2622 4063 τῶν
2665 4009 2935 4081 βασιλέων
2971 4009 3032 4063 τὸ
3077 4009 3237 4075 κλέος
3288 4011 3440 4083 φόϐῳ
3472 4012 3566 4066 καὶ
3606 4011 3791 4082 πραΰ-

2186 4119 2313 4173 τητι
2358 4100 2693 4174 κρατύνεται
2714 4119 2729 4133 ·
2769 4103 2867 4158 xal.
2894 4104 3010 4167 τοῖς
3047 4100 3154 4173 μὲν
3196 4102 3425 4172 φαύλοις
3452 4103 3548 4158 καὶ
3577 4104 3793 4176 ἐχθροῖς

2187 4197 2247 4251 at
2277 4196 2488 4269 πληγαὶ
2526 4197 2623 4252 καὶ
2667 4197 2719 4251 oi
2772 4197 2925 4271 [cod.
2966 4196 3008 4253 ἰ.
3046 4196 3175 4271 124]
3206 4199 3387 4269 φόϐοι,
3413 4201 3528 4264 τοῖς
3564 4200 3793 4270 ἀγαθοῖς

2186 4288 2245 4342 δὲ
2296 4290 2392 4342 καὶ
2440 4288 2618 4359 φίλοις
2660 4292 2695 4362 ἠ
2750 4291 2896 4362 χαρά
2949 4290 3047 4345 καὶ
3086 4291 3115 4344 6
3175 4291 3398 4356 ἔπαινος
3430 4292 3662 4347 ἐπεταιο
3695 4294 3792 4347 καὶ

2185 4381 2314 4444 τοὺς
2345 4380 2449 4452 μὲν
2481 4381 2661 4454 δεσμά
2690 4382 2787 4437 καὶ
2817 4382 3062 4461 φυλακαὶ
3109 4385 3207 4438 καὶ
3234 4384 3422 4456 δήμιοι
3452 4385 3548 4440 ἐπὶ
3576 4385 3791 4451 τούτοις

2185 4471 2530 4537 καθεστῶτες
2562 4473 2904 4541 παιδεύουσι,
2941 4478 3009 4548 τῇ
3046 4476 3157 4530 τῶν
3188 4474 3458 4547 βασιλέων
3492 4478 3790 4549 προστάξει

2189 4566 2693 4639 παραδιδομένους·
2741 4569 2869 4634 τοὺς
2911 4568 2971 4623 δὲ
3023 4569 3212 4639 φίλους
3262 4570 3311 4625 oi
3365 4569 3607 4642 βασιλεῖς
3653 4574 3790 4626 πᾶσι

2192 4660 2307 4724 τοῖς
2361 4660 2493 4731 παρ’
2544 4660 2758 4715 ἑαυτῶν
2801 4660 3112 4727 καλλίστοις
3172 4661 3607 4735 θεραπεύουσιν·
3640 4664 3791 4719 ἐστιν

470 4755 615 4822 Quid
649 4764 706 4811 tu
738 4772 870 4813 vero
903 4757 1188 4815 existimas
1221 4759 1291 4815 de
1326 4759 1644 4817 adversario
1676 4760 1771 4817 illo
1799 4769 1854 4816 et
1883 4739 2079 4833 super-

2195 4748 2276 4806 Ξτε
2325 4752 2423 4805 καὶ
2473 4751 2534 4817 ἐξ
2579 4751 2763 4806 αὐτῶν
2810 4771 2965 4819 τινας
3001 4754 3410 4821 ὀλισθαίνοντας
3458 4757 3517 4811 ἐν
3576 4756 3790 4820 τούτοις

472 4850 567 4913 bo,
617 4849 710 4919 qui
750 4849 891 4904 nihil
919 4849 1107 4915 habet,
1137 4858 1193 4907 et
1221 4852 1408 4907 omnia
1435 4867 1495 4908 se
1523 4851 1727 4909 habere
1756 4860 1952 4925 putat;
1983 4853 2078 4924 qui

468 4943 721 4999 mendaci
766 4942 1031 5013 iactantia
1076 4944 1154 4998 ait
1203 4943 1321 4999 haec
1374 4943 1478 5015 ipsi
1522 4959 1644 5001 esse
1684 4945 1905 5010 tradita,
1948 4958 2076 5000 cum

471 5051 666 5107 reapse
696 5052 767 5092 ne
797 5046 987 5092 contra
1008 5051 1206 5107 porcos
1232 5036 1455 5107 quidem
1482 5035 1690 5105 absque
1721 5036 1816 5092 Dei
1840 5051 2072 5093 conces-

471 5128 629 5185 sione
654 5136 985 5199 potestatem
1017 5128 1273 5184 habuerit
1301 5129 1325 5182 ?
1359 5128 1593 5183 Prorsus
1622 5128 1761 5183 nihil
1790 5138 1877 5184 est
1897 5128 2072 5196 aliud,

468 5236 633 5292 quam
648 5220 869 5276 rabidus
882 5220 1102 5291 quidam
1115 5220 1226 5293 65
1246 5219 1511 5287 carnifex,
1533 5220 1628 5291 qui
1647 5221 1933 5276 hominum
1949 5220 2074 5275 ani-

467 5332 587 5373 mas
626 5316 885 5372 mandato
914 5315 1011 5371 Dei
1042 5314 1254 5372 vinctas
1286 5316 1465 5371 tenuit
1505 5316 1577 5370 ob
1615 5324 1899 5386 peccatum
1944 5331 2074 5386 pro-

460 5409 750 5481 genitoris,
798 5423 973 5479 usque
1013 5406 1083 5462 ad
1130 5406 1349 5462 Domini
1390 5405 1569 5461 nostri
1604 5422 1730 5462 cum
1772 5422 1943 5463 carne
1976 5408 2073 5463 ad-

463 5514 715 5560 ventura.
764 5503 889 5575 Ipse"
938 5502 1089 5559 enim
1140 5503 1287 5559 Deus
1336 5510 1529 5560 noster
1582 5512 1644 5560 ut
1684 5503 1842 5559 fortis
1896 5504 2072 5561 victor

463 5599 661 5654 inferni
684 5614 868 5654 arcam
883 5596 1163 5669 praedatus
1184 5606 1289 5663 est,
1310 5597 1525 5653 vinctos
1537 5612 1756 5653 carcere
1768 5598 2067 5670 expedivit,

464 5692 607 5746 hanc
671 5692 790 5762 ipse
842 5691 988 5746 viam
1052 5691 1455 5747 resurrectione
1512 5705 1618 5747 sua
1678 5690 2058 5762 patefaciens,

531 5870 574 5901 ⁸⁵
610 5871 713 5923 lsa.
752 5885 813 5936 tt,
843 5869 877 5925 5
976 5867 1024 5899 ’⁸
1063 5869 1224 5925 Rom.
1249 5886 1304 5937 ν,
1336 5868 1425 5927 Η.

2191 4846 2570 4918 φιλοστόργως
2619 4846 2760 4918 πρὸς
2843 4848 3044 4921 μικρὸν
3095 4847 3466 4904 παιδεύουσιν.
3511 4848 3639 4914 Πῶς
3691 4848 3789 4903 οῦν

2187 4934 2332 4995 εἷναί
2358 4956 2442 4993 σοι
2486 4938 2637 4993 δοκεῖ
2664 4940 2694 4993 6
2720 4939 3101 5011 ἀντικείμενος
3122 4938 3216 4993 καὶ
3246 4938 3723 5011 ὑπεραιρόμενος,
3756 4940 3788 4993 6

2187 5031 2353 5105 μηδὲν
2378 5031 2517 5103 ἔχων
2538 5030 2634 5085 καὶ
2664 5031 2845 5088 πάντα
2865 5032 3115 5104 οἰόμενος
3136 5032 3414 5105 κατέχειν,
3446 5032 3541 5088 καὶ
3570 5032 3787 5104 ψευδῶς

2176 5122 2552 5196 φασμαλογῶν
2611 5124 2709 5178 καὶ
2758 5124 2955 5195 λέγων,
3017 5126 3101 5179 ὅτι
3130 5124 3317 5180 Ταῦτα
3366 5126 3492 5198 ἐμοὶ
3547 5126 3788 5198 παραδέ-

2173 5219 2422 5280 δονται,ό
2451 5217 2587 5290 μηδέ
2619 5218 2760 5273 κατὰ
2779 5217 2981 5290 χοίρων
3006 5219 3257 5287 ἐξουσίαν
3284 5219 3456 5291 ἔχων,
3488 5221 3619 5276 ἀνευ
3648 5219 3785 5274 Θεοῦ

2179 5314 2620 5385 συγχωρήσεως;
2658 5313 2878 5375 πάντως
2905 5312 3015 5383 γάρ
3044 5313 3121 5377 ὡς
3154 5313 3431 5385 δυσμενής
3456 5330 3543 5378 τις
3586 5313 3783 5385 δήμιός

2182 5408 2324 5468 ἐστι,
2356 5406 2457 5469 τὰς
2485 5405 2598 5459 τῶν
2630 5404 2938 5479 ἀνθρώπων
2967 5407 3149 5479 ψυχὰς
3194 5407 3491 5479 προστάξει
3520 5407 3616 5463 τοῦ
3642 5406 3783 5461 Θεοῦ

2182 5503 2431 5574 κατέχων
2481 5502 2570 5556 διά
2620 5502 2722 5574 τὴν
2774 5501 2869 5556 τοῦ
2907 5504 3256 5574 προπάτορος
3286 5503 3588 5576 ἁμαρτίαν,
3617 5503 3785 5575 μέχρι

2180 5596 2280 5666 τῆς
2309 5598 2368 5649 ἐν
2400 5596 2566 5668 σαρκὶ
2598 5596 2907 5667 παρουσίας
2933 5594 3027 5649 τοῦ
3056 5596 3265 5667 Κυρίου
3303 5596 3398 5649 καὶ
3419 5594 3556 5649 Θεοῦ
3595 5596 3781 5666 ἡμῶν.

2169 5689 2348 5753 Αὐτὸς
2383 5688 2494 5759 γὰρ
2545 5688 2575 5743 6
2620 5688 2755 5754 Θεὸς
2810 5687 2970 5760 ἡμῶν
3002 5688 3079 5753 ὡς
3121 5689 3388 5762 κραταιὸς
3444 5688 3674 5762 νικητὴς
3711 5687 3783 5741 τὰ
