4142 6430
336 475 482 541 1333

1320 473 1578 537 SERMO
1618 473 1678 536 II
1720 471 2129 536 ADVERSUS
2161 470 2648 534 MANICIIEOS.

3500 470 3640 535 13M

342 590 486 657 ἔγνω
505 586 701 659 αὐτὴν,
727 587 829 643 οὐκ
858 587 928 644 ἀν
954 585 1176 657 ἀδελφοὶ
1203 585 1371 641 αὐτοῦ
1402 586 1610 660 Κυρίου
1634 586 1887 656 ἐλέγοντο
1905 588 1933 641 ὁ

2046 585 2335 656 gnovisset,
2354 586 2497 642 haud
2519 600 2653 641 sane
2673 584 2994 641 dicerentur
3012 584 3187 655 ipsius
3204 580 3417 639 Domini
3444 582 3647 639 fratres

352 681 611 746 Ἰάκωϐος
640 682 735 735 καὶ
763 684 793 737 ὁ
834 680 1037 746 Ἰούδας
1056 682 1152 736 καὶ
1186 681 1367 753 Ἰωσὴ,
1391 683 1441 737 οἱ
1465 682 1575 736 υἱοὶ
1588 681 1685 736 τοῦ
1716 680 1938 752 Ἰωσήφ.

344 776 412 827 Ὢ
449 775 549 847 τῆς
573 774 763 839 ἀνοίας
786 790 801 807 ·
828 774 972 847 τάχα
992 774 1059 829 ἂν
1092 773 1159 829 σύ
1186 792 1253 845 γε
1284 774 1429 831 κατά
1468 774 1630 830 τοῦτο
1659 774 1757 829 καὶ
1807 776 1940 839 τοὺς

325 864 437 918 πὲπὶ
465 864 560 918 τοῦ
593 864 740 935 ἱεροῦ
764 864 886 918 τότε
918 867 1195 936 παρόντας
1230 864 1567 931 ἀποστόλους
1594 866 1692 920 καὶ¹
1712 865 1938 929 λοιποὺς

338 954 536 1026 δχλους
565 954 859 1020 ὑπολάϐοις
895 955 1161 1027 γεννῆσαι
1188 957 1288 1027 τὴν
1334 956 1660 1028 Θεομήτορα
1684 969 1698 983 ⁸
1743 954 1932 1028 ἐπειδὴ

341 1048 595 1110 ἐκτείνας
617 1049 706 1102 ἐπ’
735 1048 984 1114 αὐτούςὸ
1014 1049 1383 1123 ΚύριοςῘοοιΙ.
1408 1049 1449 1107 f.
1479 1049 1629 1122 133.]
1656 1049 1756 1122 τὴν
1773 1052 1935 1121 χεῖρα

341 1139 537 1209 αὐτοῦς
562 1134 717 1194 εἶπεν
746 1156 761 1172 ·
822 1139 971 1195 Ἰδοὺ
1008 1144 1063 1197 ol
1121 1140 1376 1211 ἀδελφοί
1415 1159 1537 1211 μου
1568 1155 1585 1171 ⁶
1627 1140 1801 1208 ὅστις
1824 1140 1938 1211 γὰρ

342 1230 424 1286 ἂν
450 1231 682 1299 ποιήσῃ
743 1232 812 1286 τὸ
852 1232 1086 1303 θέλημα
1131 1232 1240 1288 τοῦ
1289 1235 1526 1302 Πατρός
1554 1251 1698 1304 μου,
1754 1228 1939 1300 οὗτός

337 1340 461 1393 μου
481 1323 579 1377 καί
602 1323 872 1394 ἀδελφὸς
901 1325 1000 1380 καὶ
1025 1324 1264 1395 ἀδελφὴ
1319 1324 1417 1379 καὶ
1445 1323 1643 1396 μήτηρ
1680 1323 1874 1378 ἐστίν·
1902 1322 1937 1395 ἢ

342 1412 510 1467 πάλιν
547 1414 677 1479 τοὺς
734 1415 1072 1479 ἀποστόλους
1119 1416 1378 1480 καὶτοὺς
1406 1416 1602 1487 ὄχλους
1654 1414 1940 1487 μητρικῶς

343 1506 721 1579 ἀπογεννῆσαι
776 1508 870 1562 τὸν
929 1508 1161 1581 Κύριον,
1202 1509 1393 1577 ἐπειδὴ
1440 1510 1665 1580 εἴρηκεν
1715 1509 1939 1574 αὐτοὺς,

341 1597 421 1663 ὡς
445 1597 507 1651 τὸ
523 1597 737 1670 θέλημα
765 1599 933 1654 αὐτοῦ
964 1600 1278 1668 ποιοῦντας,
1298 1603 1381 1656 ὅτι
1406 1602 1607 1673 Μήτηρ
1632 1600 1734 1672 μού
1758 1603 1941 1668 ὲστιν;

344 1689 441 1744 καὶ
464 1691 565 1763 οὐχ
587 1691 685 1746 ἕνα
714 1694 1108 1765 γεγεννηκέναι
1135 1693 1322 1760 αὐτὸν,
1354 1693 1494 1750 ἀλλά
1522 1694 1776 1761 πολλοὺς,
1804 1694 1944 1767 ὅπερ

340 1784 627 1855 ἀμήχανον
651 1801 666 1815 ⁸
692 1785 786 1840 καὶ
820 1789 878 1839 ὲν
906 1790 975 1859 τῇ
1006 1788 1303 1841 ἀναστάσει
1336 1787 1623 1859 εἰρηκότος
1655 1788 1791 1858 πρὸς
1841 1788 1944 1859 τὴν

342 1872 712 1945 Μαγδαληνὴν
745 1874 967 1947 Μαρίαν
992 1915 1006 1939 ,
1048 1878 1378 1945 Πορεύθητι
1425 1876 1577 1946 πρὸς
1596 1877 1742 1943 τοὺς
1762 1876 1938 1933 ἀδελ-

2041 676 2296 742 Jacobus,
2325 684 2381 733 et
2410 676 2600 743 ludas,
2637 686 2693 734 et
2719 678 2868 740 lose,
2886 678 2979 748 qui
3005 676 3230 747 .losephi
3263 675 3359 731 lilii
3390 675 3638 730 fuerunt.

2041 767 2087 825 0
2114 770 2382 826 insaniam
2410 772 2423 825 ι
2456 768 2709 826 Fortasse
2742 779 2799 825 tu
2838 770 2944 826 hoc
2974 778 3137 826 utens
3165 769 3475 833 ratiocinio,
3508 784 3643 839 apo-

2038 862 2207 917 stolos
2239 878 2464 933 quoque
2496 872 2553 918 et
2574 864 2837 934 populum
2871 863 3142 933 reliquum
3181 871 3313 917 tunc
3348 862 3403 915 in
3438 862 3642 929 templo

2035 965 2361 1026 praesentem
2410 957 2781 1027 suspicaberis
2843 957 2912 1011 tle
2969 955 3199 1026 Deipara
3264 963 3462 1018 natos,
3510 955 3642 1024 quia

2035 1048 2274 1104 extentis
2325 1064 2451 1120 erga
2508 1064 2606 1111 eos
2642 1049 2897 1105 manibus
2942 1048 3208 1104 Dominus
3262 1047 3445 1103 dixit:
3502 1046 3642 1101 Ecce

2037 1142 2231 1214 fratres
2270 1142 2373 1196 mei
2401 1158 2421 1197 :
2465 1143 2762 1213 quicunque
2784 1143 2925 1197 enim
2963 1140 3291 1196 voluntatem
3322 1138 3505 1194 Patris
3537 1140 3641 1193 mei

2039 1236 2243 1307 fecerit,
2288 1236 2374 1290 hic
2415 1253 2563 1293 meus
2608 1238 2778 1307 frater
2807 1244 2855 1291 et
2887 1252 3039 1291 soror
3066 1244 3116 1290 et
3147 1244 3319 1290 mater
3346 1244 3421 1289 est
3448 1236 3515 1289 ’°.
3554 1234 3639 1288 An

2039 1343 2228 1383 rursus
2255 1328 2519 1398 putabitis
2545 1330 2821 1398 apostolos
2846 1337 3011 1397 atque
3035 1328 3225 1383 turbas
3252 1328 3445 1383 matris
3467 1327 3644 1382 instar

2040 1430 2224 1476 ortum
2260 1421 2492 1476 Domino
2526 1421 2765 1486 dedisse,
2794 1422 3055 1491 quoniam
3096 1421 3214 1492 ipse
3246 1419 3405 1483 dixit,
3433 1434 3530 1473 eos
3549 1418 3643 1489 qui

2042 1514 2387 1569 voluntatem
2428 1514 2573 1570 illius
2604 1513 2856 1580 fecerint,
2886 1524 3117 1569 matrem
3150 1530 3306 1569 suam
3337 1515 3647 1569 esse?tunc

2039 1608 2189 1666 enim
2245 1625 2353 1663 non
2409 1609 2478 1664 ab
2537 1624 2650 1663 uno
2688 1609 2785 1664 sed
2815 1624 2845 1663 a
2878 1609 3129 1679 pluribus
3162 1608 3359 1663 fuisset
3404 1608 3645 1680 genitus,

2042 1702 2192 1774 quod
2230 1701 2575 1773 impossibile
2604 1711 2711 1758 est.
2754 1702 2987 1773 lnsuper
3016 1718 3141 1757 cum
3199 1701 3343 1757 facta
3397 1715 3649 1757 resurre-

2044 1794 2230 1850 ctione
2281 1794 2417 1849 dixit
2476 1792 2659 1849 Maria:
2707 1791 3085 1865 Magdalente:
3127 1792 3293 1863 Perge
3337 1793 3408 1846 ad
3456 1794 3649 1863 fratres

2044 1905 2207 1954 meos,
2240 1898 2287 1943 et
2311 1889 2397 1942 die
2430 1887 2539 1942 illis
2564 1904 2583 1943 :
2613 1886 2852 1942 Ascendo
2884 1887 2952 1941 ad
2988 1886 3209 1941 Patrem
3234 1902 3407 1940 meum
3455 1893 3504 1938 et
3548 1884 3654 1941 Pa-

336 1967 496 2036 φούς
511 1984 655 2036 μου,
686 1967 785 2022 καὶ
813 1968 947 2023 εἰπὲ
975 1970 1184 2037 αὐτοῖς
1206 1984 1221 2000 ⁸
1251 1969 1578 2025 Ἀναϐαίνω
1624 1971 1778 2039 πρὸς
1827 1972 1935 2027 τὸν

2046 1993 2175 2038 trem
2204 1991 2455 2050 vestrum,
2485 1982 2649 2036 Deum
2678 1998 2853 2036 meum
2887 1990 2935 2035 et
2961 1980 3129 2035 Deum
3147 1990 3379 2035 vestrum
3400 1980 3446 2014 "'
3464 1997 3481 2045 ;
3502 1978 3651 2050 quod

338 2061 574 2129 Πατέρα
588 2078 712 2130 μου
729 2064 828 2118 καί
858 2063 1094 2134 Πατέρα
1125 2064 1314 2136 ὑμῶν,
1346 2068 1444 2120 καί
1484 2067 1638 2121 Θεόν
1684 2084 1806 2137 μου
1835 2066 1937 2120 καί

338 2152 495 2207 Θεὸν
550 2154 723 2226 ὑμῶν
748 2171 763 2188 ο
827 2155 910 2210 ὅτι
956 2156 1016 2211 δὲ
1065 2158 1196 2231 περὶ
1241 2158 1351 2212 τῶν
1410 2159 1729 2213 ἀποστόλων
1774 2162 1937 2216 τοῦτο

333 2244 529 2314 ἔλεγεν
562 2248 657 2301 καὶ
693 2248 755 2302 οὐ
810 2248 942 2319 περὶ
979 2249 1091 2303 τῶν
1147 2250 1280 2304 υίῶν
1318 2251 1519 2323 Ἰωσὴφ
1546 2251 1659 2306 τῶν
1714 2254 1938 2326 νομιζο-

340 2337 524 2408 μένων
556 2337 695 2395 εἷναι
729 2341 981 2413 ἀδελφῶν
1010 2343 1200 2410 αὐτοῦ,
1243 2344 1306 2399 τὸ
1331 2345 1600 2417 ἑπόμενον
1638 2346 1936 2403 δείκνυσιν.

335 2432 605 2503 Ἔρχεται
629 2433 762 2505 γὰρ,
795 2435 953 2506 φησὶ,
996 2437 1189 2509 Μαρία
1217 2439 1251 2510 ἠ
1281 2438 1615 2512 Μαγδαληνὴ
1651 2440 1941 2511 ἀπαγγέλ-

313 2527 509 2581 .λουσα
528 2531 643 2591 τοῖς
683 2531 959 2602 μαθηταῖς
1008 2532 1091 2586 ὅτι
1143 2531 1360 2606 ἑώρακε
1410 2533 1505 2588 τὸν
1558 2534 1788 2605 Κύριον,
1847 2534 1944 2589 καὶ

336 2618 518 2674 ταῦτα
567 2614 727 2675 εἶπεν
786 2622 951 2694 αὐτῇ.
1004 2624 1200 2678 Τοίνυν
1269 2624 1370 2679 καὶ
1425 2626 1555 2689 τοὺς
1604 2626 1943 2690 ἀποστόλους

337 2712 501 2775 θεοὺς
523 2716 788 2792 ἀποφήσῃ
828 2720 972 2776 κατά
1010 2721 1104 2776 τὸν
1135 2720 1229 2776 σὺν
1278 2721 1439 2791 λόγον
1501 2722 1940 2794 γεγεννημένους

338 2806 409 2860 ἐκ
427 2808 530 2878 τῆς
551 2810 647 2864 τοῦ
678 2812 894 2884 Πατρὸς
916 2814 1126 2881 οὐσίας,
1181 2815 1319 2887 ὅπερ
1370 2814 1666 2869 ἀδύνατον’
1702 2815 1798 2869 τοῦ
1828 2814 1938 2887 γὰρ

340 2900 478 2954 Υἱοῦ
509 2903 714 2974 κυρίως
744 2904 844 2976 μὲν
876 2906 1091 2978 Πατὴρ,
1123 2907 1184 2961 οὐ
1210 2907 1418 2981 κυρίως
1471 2908 1531 2962 δὲ
1579 2907 1714 2972 Θεός
1739 2923 1757 2942 ο
1803 2907 1943 2962 ἀλλά

343 2993 493 3046 κατά
519 2994 620 3063 μὲν
651 2996 752 3066 τὴν
778 2996 985 3067 σάρκα,
1007 2997 1143 3061 Θεός
1168 3011 1183 3027 ·
1215 2998 1363 3053 κατά
1412 2997 1470 3052 δὲ
1514 2998 1616 3069 τὴν
1663 2998 1764 3068 τῆς
1793 2996 1945 3061 Θείας

338 3085 539 3150 οὐσίας
563 3088 893 3160 ταύτότητα,
926 3090 1120 3162 Πατήρ
1144 3106 1158 3121 ·
1209 3089 1323 3145 τῶν
1368 3089 1415 3144 δ’
1454 3090 1793 3155 ἀποστόλων,
1839 3107 1942 3144 κυι-

344 3172 485 3243 ρίως
518 3174 616 3245 μὲν
645 3176 800 3241 Θεὸς,
833 3176 896 3230 οὐ
918 3179 1126 3249 κυρίως
1152 3179 1209 3233 δὲ
1236 3179 1429 3251 Πατήρ
1463 3196 1477 3211 ⁸
1515 3179 1652 3235 ἀλλά
1676 3180 1821 3234 κατά
1846 3178 1948 3251 μὲν

2045 2076 2153 2131 hoc
2188 2076 2410 2147 quidem
2443 2076 2510 2131 de
2554 2074 2815 2145 apostolis
2845 2074 3067 2137 dixerit,
3112 2090 3221 2129 non
3249 2082 3435 2129 autem
3460 2072 3529 2127 de
3557 2072 3653 2127 Jo-

2044 2165 2180 2238 seph
2213 2165 2356 2230 ﬁliis,
2387 2166 2479 2236 qui
2526 2166 2646 2236 ejus
2674 2166 2873 2221 fratres
2901 2166 3380 2228 existimabantur,
3420 2165 3654 2221 demon-

2044 2266 2251 2313 stratur
2303 2258 2360 2312 in
2409 2258 2790 2328 sequentibus.
2851 2255 3017 2312 Venit
3074 2258 3264 2320 enim,
3321 2257 3421 2319 ait,
3481 2255 3651 2310 Maria

2047 2350 2363 2423 Magdalene
2388 2351 2652 2406 nuntians
2681 2350 2967 2420 discipulis
2994 2366 3055 2407 se
3090 2350 3292 2406 vidisse
3330 2351 3651 2415 Dominum,

2044 2455 2099 2501 et
2122 2444 2228 2500 sibi
2253 2445 2371 2501 hac
2404 2444 2611 2501 diserte
2639 2444 2866 2500 dixisse.
2903 2444 3049 2511 Quin
3080 2444 3218 2499 adeo
3243 2444 3409 2499 etiam
3434 2452 3653 2515 aposto-

2042 2536 2126 2593 los
2146 2536 2279 2592 deos
2310 2552 2435 2591 esse
2462 2536 2750 2602 decernes,
2784 2552 2885 2607 pro
2908 2536 3206 2591 verborum
3241 2542 3461 2590 tuorum
3490 2550 3648 2596 sono,

2040 2644 2109 2683 ex
2139 2627 2318 2698 patris
2356 2626 2662 2683 substantia
2689 2626 2925 2698 genitos,
2968 2625 3115 2696 quod
3155 2632 3240 2680 est
3288 2624 3649 2695 impossibile.

2038 2719 2175 2775 Nam
2208 2719 2330 2773 Filii
2358 2718 2581 2790 proprie
2611 2716 2773 2772 Pater
2797 2726 2902 2783 est,
2930 2716 3232 2788 improprie
3252 2726 3435 2771 autem
3471 2716 3651 2779 Deus;

2040 2811 2135 2867 sed
2186 2819 2460 2882 quatenus
2498 2810 2604 2880 ,ille
2636 2825 2765 2865 caro
2790 2818 2893 2876 est,
2948 2808 3137 2874 Deus;
3197 2817 3470 2878 quatenus
3511 2824 3644 2862 vero

2041 2900 2282 2957 divinam
2301 2900 2720 2956 habeteamdem
2734 2900 3118 2967 substantiam,
3136 2898 3296 2955 Pater
3307 2910 3411 2955 est.
3426 2900 3653 2962 Contra,

2044 2992 2420 3064 apostolorum
2438 2992 2657 3063 proprie
2680 3000 2765 3048 est
2783 2992 2948 3058 Deus,
2971 2992 3272 3063 improprie
3298 2992 3461 3048 Pater
3485 3011 3499 3048 :
3522 3008 3649 3047 nam

2041 3096 2316 3158 quatenus
2342 3086 2638 3143 creationis
2674 3103 2840 3143 causa
2868 3086 2989 3151 fuit,
3022 3087 3431 3157 DeusGSest;
3479 3084 3653 3156 gratia

2046 3188 2229 3234 autem
2253 3177 2437 3234 Pater.
2462 3178 2809 3249 Quapropter
2832 3187 2889 3233 et
2912 3176 3177 3233 Dominus
3199 3193 3264 3233 ac
3290 3178 3431 3232 Deus
3463 3185 3654 3231 noster

342 3266 407 3317 τὸ
436 3268 723 3337 ποιητικὸν
760 3268 959 3337 αίτιον,
999 3272 1135 3336 Θεός
1170 3289 1186 3305 ’
1222 3276 1367 3327 κατὰ
1397 3272 1456 3328 δὲ
1485 3274 1670 3346 χάριν,
1717 3276 1944 3346 Πατήρ’

2052 3288 2164 3328 non
2202 3281 2289 3328 est
2333 3272 2660 3344 dedignatus
2708 3270 2877 3326 frater
2911 3280 3100 3326 noster
3132 3271 3341 3336 vocari,
3370 3271 3503 3327 dum
3532 3270 3650 3326 ait:

341 3358 425 3413 Δι’
453 3358 482 3413 ὃ
507 3360 602 3414 καὶ
634 3362 663 3414 ό
693 3361 898 3434 Κύριος
951 3364 1047 3419 καὶ
1078 3365 1212 3430 Θεὸς
1247 3367 1409 3438 ἡμῶν
1466 3367 1568 3421 οὐκ
1627 3367 1940 3439 ἀπηξίωσεν

347 3451 583 3521 ἀδελφὸς
604 3448 764 3525 ἡμῶν
795 3456 1065 3528 κληθῆναι
1094 3458 1293 3527 λέγων,
1342 3460 1425 3514 ὅτι
1458 3452 1628 3523 Οὗτός
1657 3477 1759 3532 μου
1789 3459 1944 3514 ἀδελ-

348 3544 449 3612 φός
474 3546 615 3612 ἐστι,
647 3546 789 3602 κατὰ
815 3548 979 3620 χάριν
997 3549 1267 3621 δηλονότι,
1295 3551 1442 3625 [cod.
1469 3552 1508 3608 f.
1536 3553 1660 3608 155.
1690 3551 1770 3625 ι›.]
1796 3553 1949 3618 ὅστις

348 3638 569 3709 ποιήσει
597 3640 657 3694 τὸ
688 3640 902 3714 θέλημα
933 3643 1028 3697 τοῦ
1057 3644 1275 3717 Πατρός
1309 3664 1413 3717 μου
1452 3645 1539 3701 τοῦ
1566 3648 1624 3701 ἐν
1652 3647 1907 3719 οὐρανοῖς
1927 3663 1942 3678 ⁸

348 3731 415 3784 ὲκ
440 3732 498 3787 δὲ
526 3731 623 3787 τοῦ
654 3737 755 3807 τῆς
783 3735 1136 3809 Θεομήτορος
1178 3739 1460 3808 πανάγνου
1501 3737 1759 3811 σώματος
1816 3740 1947 3795 ναὸν

346 3823 531 3895 έαυτῷ
566 3826 989 3900 ἀχειρότευκτον
1016 3831 1367 3902 ὑπεστήσατο
1391 3832 1553 3903 μόνος
1576 3848 1591 3866 ·
1617 3832 1804 3898 καθὼς
1858 3832 1947 3887 λέ-

349 3934 438 3986 γει
502 3920 713 3986 Παῦλος
746 3938 760 3952 ο
822 3922 1287 3987 Ἐξαπέστειλεν
1347 3926 1381 3980 ὁ
1438 3924 1585 3992 Θεὸς
1643 3926 1752 3980 τὸν
1807 3925 1951 3981 Υιὸν

2051 3365 2151 3422 llic
2176 3374 2260 3421 est
2281 3365 2449 3420 frater
2475 3379 2653 3430 meus,
2688 3364 2860 3437 gratia
2899 3364 3181 3430 nimirum,
3205 3363 3299 3435 qui
3333 3363 3506 3418 Patris
3544 3364 3658 3418 mei

2050 3460 2292 3515 caelestis
2342 3459 2680 3513 voluntatem
2730 3456 2944 3515 fecerit.
2992 3455 3249 3512 Jamvero
3296 3472 3362 3511 ex
3409 3456 3656 3525 Deipara:

2050 3550 2403 3607 sanctissimo
2432 3565 2667 3620 corpore
2691 3549 2953 3619 templum
2991 3549 3095 3604 sibi
3136 3563 3247 3603 non
3279 3546 3657 3603 manufactum

2049 3646 2202 3701 solus
2243 3644 2501 3709 confecit,
2558 3653 2616 3699 ut
2653 3644 2730 3698 ait
2786 3643 3034 3698 Paulus:
3080 3642 3227 3698 Misit
3274 3642 3413 3697 Deus
3458 3641 3657 3696 Filium

2048 3754 2206 3794 suum
2232 3746 2418 3791 natum
2446 3753 2511 3791 ex
2540 3736 2763 3791 muliere
2790 3736 2858 3790 ⁸⁸.
2888 3735 2953 3789 Ει
2990 3736 3282 3789 Μοιιιιαξυε
3320 3733 3657 3805 evangelista

2043 3832 2221 3888 dicit:
2269 3830 2356 3887 Ea:
2409 3832 2527 3902 ipsa
2568 3839 2756 3886 uatum
2798 3846 2906 3884 esse
2938 3826 3125 3884 Iesum
3164 3829 3255 3900 qui
3289 3828 3487 3882 dicitur
3509 3825 3659 3882 Chri-

2043 3933 2161 3979 stus
2182 3924 2255 3978 θ’.

346 4010 539 4066 αὑτοῦ
594 4012 976 4085 γεννώμενον
1002 4015 1073 4070 ἐκ
1110 4016 1420 4087 γυναικός.
1449 4018 1564 4073 Καὶ
1605 4016 1888 4081 Ματθαῖος
1933 4018 1963 4071 ό
1995 4013 2395 4087 εὐαγγελιστής
2438 4030 2606 4087 φησιν
2634 4052 2649 4079 ,
2685 4012 2768 4067 δτι
2846 4010 2945 4075 Ἐξ
2993 4007 3187 4079 αὐτῆς
3206 4005 3505 4080 ἐγεννήθη
3540 4006 3661 4075 ’1η-

346 4109 508 4173 σοὺς
536 4110 572 4162 ὁ
588 4110 921 4180 λεγόμενος
980 4113 1259 4181 Χριστός.

424 4207 497 4260 I".
544 4207 706 4261 Ἀλλά
735 4207 917 4280 δεῦρο,
949 4210 1167 4282 ἀνόητε,
1199 4212 1297 4267 καὶ
1341 4212 1442 4283 τῆς
1472 4211 1819 4282 κακουργίας
1846 4212 1947 4283 τὴν

348 4296 553 4352 λύτταν
578 4298 875 4371 ἀφέμενος,
909 4299 1038 4370 λέγε
1075 4302 1291 4373 τρανῶς
1315 4302 1415 4375 τῆς
1457 4302 1558 4373 σῆς
1577 4302 1851 4373 αἱρέσεως
1884 4303 1949 4356 τὸ

348 4393 555 4446 ἄτοπον
590 4405 603 4418 ⁸
636 4393 933 4464 οὐρανόθεν
975 4395 1198 4467 δοκήσει
1233 4396 1332 4451 καὶ
1381 4396 1657 4470 φαντασίᾳ
1720 4396 1946 4467 λέγουσι

349 4487 692 4555 καταγαγεῖν
714 4486 777 4541 τὸ
803 4486 965 4559 σῶμα
993 4488 1086 4543 τὸν
1108 4487 1334 4561 Κύριον,
1367 4490 1464 4546 καὶ
1496 4489 1574 4555 ὡς
1597 4490 1690 4544 διὰ
1712 4490 1953 4562 σωλῆνος

2121 4209 2214 4265 ιιι.
2262 4207 2370 4265 Sed
2414 4207 2523 4262 buc
2562 4206 2775 4271 adesto,
2826 4202 3040 4271 insane,
3094 4210 3151 4259 et
3192 4203 3396 4259 omissa
3436 4202 3660 4260 malitiae

2046 4301 2223 4363 rabie,
2280 4299 2491 4370 explica
2555 4298 2705 4354 clare
2746 4296 3026 4351 baareseos
3083 4302 3192 4349 tuae
3234 4294 3654 4351 absurditatem.

2046 4395 2216 4450 Aiunt
2252 4393 2547 4449 Dominum
2595 4405 2799 4461 corpus
2835 4404 2995 4443 suum
3043 4388 3111 4445 de
3147 4388 3287 4444 caalo
3329 4397 3663 4459 apparenter

2049 4497 2263 4547 tantum
2304 4498 2362 4545 et
2390 4486 2801 4560 pbantasticum
2830 4485 3117 4553 detulisse,
3151 4493 3207 4539 et
3244 4499 3343 4555 per
3370 4484 3657 4555 Deiparam

348 4576 822 4665 τῆςθεομήτορος
852 4578 1226 4652 διεληλυθέναι
1255 4595 1269 4610 ·
1316 4581 1556 4653 ἀρχαίαν
1601 4582 1699 4637 καὶ
1737 4581 1944 4653 ταύτην

2052 4582 2208 4653 quasi
2259 4579 2496 4636 fistulam
2549 4592 2899 4651 permeasse.
2940 4574 3094 4631 Hanc
3137 4590 3360 4646 quoque
3413 4585 3657 4633 veterem

351 4664 709 4735 ὑπάρχουσαν
745 4666 982 4739 αῖρεσιν,
1017 4669 1399 4741 ὲρανιζόμενοι
1435 4672 1616 4727 πάντα
1644 4673 1714 4727 τά
1769 4672 1942 4746 δηλη-

347 4757 543 4828 τήρια,
582 4757 776 4831 ὥσπερ
834 4762 883 4815 οῖ
936 4761 1231 4834 ἐχέφρονες
1263 4764 1334 4818 τά
1376 4764 1722 4837 ἀλεξιτήρια.
1776 4765 1953 4820 Πόθεν

348 4850 513 4904 τοῦτο
546 4851 837 4920 λαϐόντεςς
892 4854 959 4908 ὲκ
982 4854 1080 4909 τοῦ
1115 4855 1208 4910 τὸν
1242 4856 1571 4911 ’Δπόστολον
1609 4858 1895 4929 εἰρηκέναι
1935 4873 1953 4888 ⁶

362 4943 430 4997 '0
484 4944 720 5012 πρῶτος
748 4947 1061 5016 ἄνθρωπος
1098 4948 1172 5003 ἐκ
1197 4947 1312 5019 γῆς
1332 4949 1563 5019 χοϊκός,
1600 4953 1633 5005 ὁ
1665 4950 1952 5020 δεύτερος

350 5036 667 5105 ἄνθρωπος
704 5042 738 5093 ό
775 5040 991 5110 Κύριος
1019 5040 1091 5107 ἐξ
1124 5043 1410 5112 οὐρανοῦ.
1455 5044 1519 5096 Ὢ
1551 5046 1651 5116 τῆς
1697 5044 1955 5108 ἀναιδοῦς

352 5132 672 5203 πωρώσεως
702 5132 813 5188 τῶν
861 5135 1118 5203 πάντοτε,
1150 5136 1227 5201 ὼς
1270 5138 1498 5204 οἴονται,
1538 5138 1948 5208 μανθανόντων,

356 5225 454 5279 καὶ
487 5226 761 5297 μηδέποτε
795 5228 877 5292 είς
907 5230 1211 5300 ἐπίγνωσιν
1254 5230 1519 5303 ἀληθείας
1559 5232 1740 5287 ὲλθεῖν
1790 5232 1952 5287 δυνα-

306 5350 313 5357 ο
356 5318 560 5388 μένων.
588 5319 761 5374 Τοῦτο
792 5321 903 5394 γάρ
924 5323 1073 5378 ἐστιν
1101 5324 1289 5390 αὐτοῖς
1331 5325 1424 5380 διά
1460 5324 1666 5395 πολλῆς
1709 5324 1951 5393 σπουδῆς

354 5413 653 5483 ἀγόμενον,
682 5414 743 5469 τὸ
772 5415 869 5470 ἐπὶ
923 5418 1192 5488 στόματος
1239 5418 1349 5472 ἀπὸ
1400 5417 1636 5490 στήθους
1669 5418 1862 5489 φέρειν
1890 5416 1952 5470 τὸ

357 5505 694 5575 Ιῦύαγγέλιον
727 5508 937 5563 καὶτὸν
981 5508 1326 5572 Ἀπόστολον.
1383 5510 1587 5582 ἄνδρας
1604 5526 1664 5562 τε
1709 5512 1806 5563 καὶ
1852 5526 1953 5579 γνι

356 5603 574 5664 ναῖκας,
628 5600 889 5666 ἀστικούς
927 5619 987 5655 τε
1040 5603 1136 5656 καὶ
1169 5603 1298 5666 τούς
1350 5602 1679 5673 ἀγροίκους·
1717 5602 1795 5666 ὡς
1836 5602 1956 5655 ἐστι

354 5694 925 5762 θαυμάσαιπολλάκις
953 5695 1071 5760 πῶς
1092 5698 1191 5750 καὶ
1243 5696 1294 5750 οἱ
1330 5696 1466 5768 παρ’
1530 5697 1716 5762 αὐτοῖς
1766 5696 1954 5767 ὑπάρ-

357 5802 546 5857 χοντες
576 5784 782 5858 {cod.f.
817 5786 968 5861 154.]
990 5787 1197 5844 Σκύθαι
1229 5787 1432 5860 ὠνητοὶ
1482 5788 1681 5857 δοῦλοι,
1715 5791 1782 5844 ὲκ
1831 5788 1957 5843 τού-

2051 4675 2335 4737 baeresim,
2380 4689 2507 4729 cum
2557 4672 2773 4729 caeteris
2811 4670 3041 4727 venenis
3082 4670 3185 4726 sibi
3234 4669 3659 4741 conquirentes,

2050 4770 2246 4826 eodem
2291 4766 2475 4822 studio
2522 4781 2634 4836 quo
2669 4764 2878 4821 cordati
2926 4762 3182 4817 homines
3220 4761 3467 4817 antidota
3506 4777 3661 4817 com-

2052 4870 2268 4934 parant.
2302 4860 2590 4917 Undenam
2614 4874 2778 4929 porro
2809 4858 2861 4914 id
2894 4857 2997 4913 sibi
3024 4866 3384 4928 sumpserunt
3408 4857 3431 4910 ?
3454 4870 3656 4926 nempe

2054 4955 2349 5027 Apostolus
2399 4953 2587 5009 dixit:
2642 4951 2859 5007 Primus
2908 4952 3062 5007 homo
3092 4950 3156 5006 de
3205 4959 3350 5005 terra
3393 4959 3655 5015 terrenus,

2052 5048 2310 5104 secundus
2358 5047 2513 5101 homo
2556 5044 2812 5099 Dominus
2846 5044 2910 5098 de
2939 5042 3067 5098 melo
3105 5042 3144 5097 ¹.
3182 5041 3227 5098 0
3276 5041 3653 5112 impudentem
3726 5048 3731 5054 '

2056 5143 2363 5198 caicitatcm
2403 5139 2688 5194 hominum
2720 5154 2941 5208 semper
2973 5145 3033 5192 ut
3074 5145 3271 5207 putant
3298 5135 3657 5193 discentium.

2058 5242 2115 5289 ct
2148 5234 2216 5289 ad
2247 5233 2495 5289 veritatis
2516 5230 2768 5287 notitiam
2792 5229 2980 5285 venire
3000 5244 3282 5299 nunquam
3306 5228 3605 5283 valentium
3637 5228 3654 5282 ε

2061 5327 2177 5383 Hoc
2218 5327 2367 5382 enim
2414 5325 2561 5396 apud
2608 5323 2731 5379 illos
2779 5337 2997 5377 summo
3033 5322 3217 5378 studio
3250 5320 3652 5390 frequentatur,

2063 5430 2124 5477 ut
2152 5418 2504 5491 Evangelium
2534 5425 2586 5472 et
2627 5417 2950 5487 Apostolum
2982 5430 3012 5469 a
3048 5423 3271 5485 pectore
3299 5413 3369 5468 ad
3414 5427 3477 5467 os
3500 5410 3657 5467 defc-

2063 5524 2205 5579 rant,
2241 5514 2345 5569 viri
2394 5528 2551 5583 atque
2581 5526 2645 5566 ac
2674 5509 2953 5573 mulieres,
2993 5508 3185 5563 urbani
3227 5506 3388 5563 simul
3419 5514 3477 5561 et
3499 5521 3659 5577 agre.

2062 5619 2175 5665 stes
2206 5624 2220 5662 :
2268 5606 2343 5661 ita
2374 5614 2434 5661 ut
2458 5620 2599 5675 smpe
2635 5602 2819 5658 mirari
2862 5602 3022 5658 liceat
3049 5600 3292 5673 scytltica
3335 5599 3502 5655 etiam
3535 5614 3659 5669 quae

2062 5701 2208 5774 apud
2255 5700 2401 5771 ipsos
2442 5706 2571 5753 sunt
2614 5695 2905 5764 mancipia,
2950 5710 3015 5751 es
3048 5694 3133 5747 his
3170 5691 3326 5747 libris
3372 5690 3657 5747 materiam

2062 5789 2380 5865 disputandi
2420 5802 2660 5855 sumere,
2693 5786 2909 5843 etiamsi
2947 5784 3192 5841 nondum
3236 5784 3421 5856 lingua
3464 5798 3657 5840 eorum

430 5967 479 5999 ⁸⁵
510 5968 699 6026 Matth.
736 5986 833 6039 xu,
865 5973 966 6043 49,
1000 5973 1089 6030 50.
1166 5976 1212 6009 θ’
1254 5973 1413 6033 Joau.
1452 5990 1545 6044 xx,
1582 5975 1670 6031 l7.
1749 5976 1795 6009 "'
1823 5974 1943 6032 Gal.

2046 6020 2051 6044 ,
2086 5975 2141 6032 ι.
2219 5977 2264 6010 ’³
2299 5974 2493 6033 Matth.
2524 5992 2564 6043 t,
2608 5974 2695 6032 l6.
2774 5975 2788 6007 ¹
2818 5973 2840 6030 ι
2870 5972 2997 6032 Cor.
3032 5986 3124 6038 xv,
3156 5970 3244 6027 l7.
