4142 6432
615 456 754 521 1335
1977 457 2209 519 PETRI

2267 456 2523 519 SICULI
3763 466 3880 531 1336

610 581 677 633 ad
712 577 956 636 Graecam
988 577 1283 634 disiectum
1324 581 1460 636 satis
1488 580 1561 635 sit
1592 580 1812 644 inﬂexa,
1857 581 1951 635 sed
1986 581 2221 653 cespitet

2250 588 2297 645 Α
2325 598 2436 635 των
2458 580 2829 649 διαλέγονται,
2862 580 3030 652 μήπω
3048 578 3147 652 τῆς
3162 576 3411 649 γλώττης
3437 578 3619 633 αὐτῶν
3644 580 3776 651 πρὸς
3797 584 3883 651 τὴν

610 673 794 728 adhuc
822 682 878 728 et
907 672 999 727 vix
1033 672 1322 728 articulate
1352 673 1630 745 loquatur.
1667 673 1760 728 Sic
1795 688 1927 744 ergo
1950 674 2075 745 ipsi.
2104 672 2218 731 Nos

2328 672 2611 746 Ἑλληνίδα
2643 674 2930 730 διάλεκτον
2958 671 3220 743 καθαρῶς
3266 671 3723 743 άπευθυνθείσης,
3768 675 3887 728 ἀλλὰ

608 780 747 821 vero
773 765 1033 829 dicimus,
1056 766 1202 836 quod
1236 782 1437 836 corpus
1470 782 1631 821 suum
1662 767 1730 820 de
1764 766 1905 824 coelo
1934 766 2214 834 detulerit,

2320 768 2794 838 συγκεκομμένως
2834 767 2935 839 μὲν
2990 766 3087 820 καὶ
3128 765 3204 829 ὡς
3260 765 3439 818 εἰπεῖν
3474 763 3885 836 άδιαρθρώτως’

611 871 887 927 nusquam
924 870 1051 911 esse
1085 857 1350 926 scriptum
1385 867 1481 911 aut
1510 857 1683 912 credi.
1733 856 1868 912 Nam
1914 856 1960 912 si
2002 856 2221 913 coalitus

2317 857 2538 927 λέγουσι
2567 857 2612 910 δ’
2668 856 2797 911 οὖν·
2843 857 3040 926 Ἡμεῖς
3069 854 3125 908 δέ
3170 869 3352 924 φαμεν
3390 853 3473 907 ὅτι
3517 851 3803 921 οὐρανόθεν
3836 852 3888 909 τὸ

610 945 946 1007 advenisset.
995 961 1101 1002 cur
1148 947 1367 1004 Davidis
1412 948 1557 1004 ﬁlius
1609 958 1666 1004 et
1720 948 2021 1004 Abrahami
2055 958 2222 1019 atque

2323 949 2486 1020 σῶμα
2518 952 2861 1020 καταγαγεῖν
2881 947 2974 1003 τὸν
3015 945 3222 1018 Κύριον
3266 942 3509 1016 οὐδαμοῦ
3529 943 3650 997 οὐδὲ
3705 942 3890 1013 γέγρα-

615 1038 858 1095 hominis
896 1049 1268 1110 nuncupatur,
1307 1050 1363 1097 et
1393 1056 1463 1096 ex
1500 1041 1587 1096 his
1624 1041 1875 1112 patribus
1913 1042 2219 1097 secundum

2324 1060 2481 1108 πται,
2535 1043 2660 1097 οὐδὲ
2710 1042 3052 1097 πιστεύεται.
3103 1040 3168 1094 Ei
3224 1037 3325 1111 μὲν
3354 1036 3465 1109 γὰρ
3497 1035 3789 1108 οὐρανόθεν
3812 1031 3889 1108 ἦν,

611 1146 840 1185 carnem
882 1139 1046 1185 natus
1074 1132 1103 1186 ἲ
1129 1132 1249 1187 Alia
1292 1132 1527 1202 plurima
1566 1143 1696 1188 sunt
1730 1133 2068 1205 huiusmodi,
2096 1148 2221 1204 qua!

2322 1136 2466 1201 τίνος
2484 1136 2648 1209 χάριν
2674 1139 2792 1200 υἱὸς
2823 1135 2989 1191 Δασὶδ
3033 1134 3132 1188 καὶ
3177 1131 3436 1204 Ἀϐραάμ
3451 1130 3574 1197 fatui.
3613 1128 3886 1201 ἀνθρώπου

612 1224 670 1280 in
695 1224 1001 1295 subiunctis
1024 1236 1251 1297 propter
1269 1242 1541 1283 summam
1565 1243 1735 1299 quam
1751 1228 2029 1297 postulant
2052 1227 2218 1283 ﬁdem

2318 1230 2677 1301 ὀνομάζεται,
2736 1230 2833 1283 καὶ
2894 1230 2960 1282 ὲκ
3009 1227 3123 1282 τῶν
3179 1226 3439 1298 πατέρων
3489 1220 3635 1279 εἶναι
3676 1223 3739 1277 τδ
3771 1223 3893 1277 κατά

610 1317 887 1374 dicentur.
2321 1322 2531 1395 σάρκας
2560 1322 2659 1377 καὶ
2684 1322 2822 1378 ἄλλα
2851 1318 3026 1375 πολλὰ
3055 1316 3285 1374 τοιαῦτα
3314 1317 3465 1371 ἐστιν
3507 1316 3713 1386 εὐρεῖν,
3766 1313 3895 1383 άπερ

2319 1414 2380 1469 ιν
2400 1417 2513 1480 τοῖς
2533 1412 3002 1486 ὑποτεταγμένοις
3022 1412 3112 1467 διὰ
3160 1410 3225 1465 τὸ
3272 1408 3722 1481 ἀξιοπιστότερον
3762 1407 3895 1483 λελέ-

2322 1507 2494 1574 ξεται.

686 1599 779 1657 IV.
806 1600 916 1658 Sed
948 1602 1051 1658 hoc
1075 1603 1328 1673 apprime
1348 1603 1914 1662 animadvertendum
1944 1614 2051 1673 est,
2075 1605 2225 1677 quod

2393 1598 2470 1656 Δ¹.
2514 1598 2679 1655 Ἀλλά
2699 1598 2920 1665 πάντως
2950 1595 3113 1653 τοῦτο
3151 1598 3257 1673 χρὴ
3299 1598 3528 1652 σκοπεῖν
3565 1597 3652 1652 ὅτι
3701 1598 3732 1652 6
3782 1594 3896 1666 περὶ

613 1692 1042 1749 resurrectionis
1074 1693 1222 1765 apud
1259 1692 1579 1749 Corinthios
1614 1704 1880 1760 assertor,
1910 1695 2105 1752 mundi
2140 1696 2224 1754 sol

2324 1690 2677 1756 ἀναστάσεως
2701 1694 2813 1754 τοῖς
2838 1690 3151 1763 Κορινθίοις
3187 1690 3599 1762 διαλεγόμενος,
3658 1690 3689 1743 ό
3712 1690 3806 1760 τῆς
3827 1688 3895 1742 oi-

614 1782 1120 1855 splendidissimus,
1164 1798 1259 1839 vas
1288 1784 1598 1850 electionis,
1637 1784 1923 1856 sapientiae
1949 1785 2221 1841 inexhau—

2260 1852 2291 1858 _
2328 1786 2606 1858 κουμένης
2638 1784 3030 1857 λαμπρότατος
3048 1784 3223 1856 ἥλιος,
3276 1784 3338 1837 τὸ
3369 1782 3565 1847 σκεῦος
3607 1782 3712 1853 τῆς
3762 1779 3896 1835 ἐκλο-

613 1851 761 1932 Itum
781 1877 1027 1949 pelagus,
1047 1877 1359 1949 adhuces
1378 1877 1485 1932 illis
1505 1851 1949 1935 disci-edentibus
1972 1890 2225 1950 propter,

2261 1852 2299 1914 Β
2328 1851 2455 1949 γῆςξ
2504 1851 2571 1933 τά
2600 1851 2937 1950 τῆξσοξρίας
2994 1851 3391 1947 ἀνεξάντλητον
3446 1851 3712 1943 πέλαγος,
3740 1873 3897 1927 διαπι-

620 1982 685 2022 ea
717 1966 863 2036 quod
903 1967 973 2022 ab
1002 1966 1199 2023 alienis
1232 1968 1512 2039 magistris
1541 1977 1597 2024 et
1631 1968 1776 2024 haud
1816 1985 1949 2025 sana
1977 1971 2227 2029 doctrina

2329 1970 2554 2026 στοῦσιν
2578 1968 2657 2023 ἐτι
2683 1968 2775 2024 διά
2806 1970 2869 2023 τὸ
2893 1970 3011 2033 τοῖς
3057 1968 3566 2041 ὲτεροδιδασκάλοις
3623 1967 3719 2020 καὶ
3748 1967 3817 2035 μὴ
3841 1968 3896 2036 τῇ

623 2059 840 2129 abrepti
896 2058 1135 2124 fuerant,
1180 2059 1418 2131 primus,
1455 2060 1654 2130 inquit,
1699 2059 1943 2117 Adamus
1967 2062 2037 2117 de
2076 2071 2223 2119 terra

2325 2063 2653 2137 ὑγιαινούσῃ
2689 2063 3021 2136 διδασκαλίᾳ
3087 2059 3539 2130 συνεπάγεσθαι,
3604 2061 3637 2115 6
3687 2058 3898 2128 πρῶτος,

628 2162 903 2217 terrenus,
946 2152 1273 2222 corruptela:
1312 2168 1378 2209 ac
1422 2154 1619 2209 mortis
1661 2153 2037 2210 lucri-ditatem
2082 2157 2225 2213 natis

2324 2156 2549 2229 ἔφησεν,
2586 2155 2759 2226 Ἀδάμ
2792 2156 2857 2208 ὲκ
2902 2157 3007 2226 γῆς
3049 2153 3257 2225 χοῖκὸς,
3306 2150 3408 2224 τὴν
3439 2151 3543 2223 τῆς
3586 2150 3796 2221 φθορᾶς
3822 2150 3896 2202 καὶ

619 2243 739 2297 suis
766 2242 1015 2313 reliquit,
1047 2244 1176 2313 quia
1228 2244 1687 2317 transgressionis
1719 2255 1908 2302 auctor
1937 2245 2063 2303 fuit.
2102 2245 2225 2304 Non

2323 2248 2422 2304 τοῦ
2451 2248 2686 2303 θανάτου
2706 2245 3077 2321 κληρονομίαν
3111 2247 3226 2309 τοῖς
3252 2243 3326 2312 ίὲξ
3356 2242 3522 2299 αὐτοῦ
3579 2241 3898 2313 γεγεννημέ-

618 2336 769 2390 enim
817 2351 1051 2407 corpore
1092 2346 1305 2392 tantum
1333 2339 1623 2394 constabat
1671 2338 1740 2394 de
1774 2349 1915 2395 terra
1957 2338 2220 2407 formato,

2329 2357 2440 2406 νοις
2469 2337 2813 2399 καταλιπὼν.
2844 2338 2921 2402 ὡς
2967 2337 3070 2407 τῆς
3116 2335 3487 2408 παραϐάσεως
3540 2335 3741 2398 αἴτιος.
3791 2331 3897 2386 Οὐδὲ

621 2442 813 2484 verum
846 2428 1011 2485 etiam
1040 2428 1230 2485 divino
1254 2428 1440 2485 alﬁatu
1463 2445 1493 2484 a
1524 2445 1635 2499 quo
1665 2431 1848 2485 anima
1878 2440 2064 2486 creata
2096 2430 2220 2486 fuit.

2328 2433 2441 2504 γὰρ
2466 2436 2529 2487 ὲκ
2561 2432 2815 2503 σώματος
2850 2431 3017 2502 μόνου
3045 2430 3278 2499 συνέστη
3307 2428 3402 2483 τοῦ
3452 2430 3519 2482 ὲκ
3561 2427 3668 2499 γῆς
3697 2425 3898 2482 διαπλα-

620 2518 914 2575 Secundus
968 2520 1134 2576 homo
1183 2520 1449 2576 Dominus
1498 2522 1568 2577 de
1622 2522 1762 2577 cosio
1801 2531 1904 2587 est,
1949 2531 2224 2593 quatenus

2332 2527 2579 2591 σθέντος,
2602 2525 2744 2580 ἀλλὰ
2772 2526 2871 2578 καὶ
2901 2526 2966 2578 ὲκ
2994 2521 3091 2577 τοῦ
3138 2522 3288 2576 θείου
3331 2521 3736 2592 ὲμφυσήματος
3764 2519 3791 2572 6
3821 2518 3901 2587 τὴν

616 2619 840 2667 acterna:
870 2611 994 2667 vitae
1025 2622 1083 2668 et
1108 2611 1643 2685 incorruptibilitatis
1686 2614 1817 2670 facit
1845 2628 1942 2669 eos
1975 2614 2225 2671 haeredes

2331 2620 2513 2693 ψυχὴν
2538 2618 2979 2691 ἐδημιούργησεν
3012 2634 3025 2648 ·
3057 2618 3087 2670 6
3122 2615 3377 2687 δεύτερος
3413 2614 3707 2687 ἄνθρωπος
3751 2614 3779 2666 ό
3806 2611 3901 2666 Κύ-

617 2704 893 2769 ctelestes,
928 2703 1022 2775 qui
1065 2720 1171 2775 per
1187 2720 1383 2776 aquam
1418 2718 1475 2760 et
1501 2705 1770 2777 Spiritum
1813 2705 1943 2761 facti
1979 2716 2113 2763 sunt
2141 2706 2223 2761 la-

2334 2731 2451 2786 ριος
2472 2713 2533 2778 ἐξ
2554 2713 2615 2767 οὐ
2625 2711 2812 2785 ρανοῢ,
2830 2711 2907 2777 ὡς
2927 2712 3026 2781 τῆς
3044 2710 3266 2766 αἰωνίου
3284 2709 3433 2780 ζωῆς
3457 2710 3551 2763 καὶ
3580 2708 3688 2779 τῆς
3714 2707 3900 2777 ἀφθαρ-

618 2799 862 2854 miliares
902 2800 1025 2869 ejus
1063 2800 1118 2854 in
1165 2799 1532 2870 baptismate,
1574 2800 1774 2870 quibus
1804 2800 1922 2871 ipse
1962 2809 2226 2871 tanquam

2332 2807 2457 2870 σίας
2504 2806 2879 2877 κληρονόμους
2924 2803 3213 2874 οὐρανίους
3268 2801 3438 2855 ποιῶν
3465 2801 3593 2863 τοὺς
3622 2799 3693 2854 δι’
3735 2797 3902 2860 ὓδατος

616 2893 953 2950 obedientiae
977 2893 1241 2965 magister
1272 2894 1549 2964 prazsidet.
1581 2894 1793 2965 Quippe
1826 2910 1939 2949 non
1968 2905 2053 2951 est
2082 2894 2228 2951 Deus

2328 2899 2786 2970 xatllveuttaro;
2844 2896 3255 2968 οίκειουμένους
3284 2893 3435 2965 αὐτῷ
3478 2895 3537 2947 ὲν
3605 2892 3688 2961 τῷ
3721 2888 3897 2962 βαπτί-

615 2982 964 3055 simpliciter,
995 2985 1093 3040 sed
1120 2984 1473 3040 incarnatus:
1506 3000 1685 3056 neque
1716 2986 1957 3041 vicissim
1987 2995 2073 3042 est
2108 3002 2231 3042 me-

2332 2992 2612 3064 σματι,ὼς
2628 2992 2726 3063 τῆς
2744 2991 2993 3058 ὑπακοῆς
3006 2987 3327 3052 διδάσκαλος
3351 2985 3446 3041 καὶ¹
3468 2983 3619 3059 [cod.
3645 2984 3686 3039 Γ.
3716 2983 3811 3038 154
3834 2979 3902 3051 Μ

615 3091 710 3131 rus
755 3077 943 3144 homo,
989 3076 1089 3133 sed
1138 3077 1479 3151 bypostatice
1512 3077 1720 3135 unitus.
1748 3078 1891 3151 Ergo
1915 3087 1974 3133 ut
1999 3078 2090 3134 ille
2121 3086 2232 3133 ter-

2333 3084 2671 3157 ἀρχηγέτης.
2707 3082 2843 3135 Οὐδὲ
2864 3082 2974 3150 γὰρ
2994 3079 3199 3152 γυμνὸς
3232 3078 3389 3142 Θεὸς,
3454 3078 3593 3133 ἀλλὰ
3643 3093 3904 3149 σεσαρκω·

615 3181 808 3235 renus,
851 3168 930 3224 sic
964 3176 1020 3224 et
1066 3168 1157 3224 isti
1191 3168 1398 3223 terreni
1432 3176 1582 3236 sunt,
1623 3185 1823 3241 nempe
1851 3172 2099 3226 nondum
2127 3169 2224 3225 ba—

2269 3227 2294 3247 η
2336 3176 2497 3247 μένος
2536 3191 2551 3207 °
2592 3175 2716 3230 οὐδὲ
2748 3174 2914 3229 πάλιν
2939 3173 3097 3245 ψιλὸς
3117 3172 3431 3243 άνθριωτος,
3460 3169 3600 3226 ἀλλά
3631 3170 3755 3227 καθ’
3794 3166 3905 3222 ὐπό-

616 3261 876 3332 ptismate
912 3262 967 3315 in
997 3260 1198 3317 melius
1244 3262 1461 3317 mutati.
1502 3263 1682 3333 Atque
1720 3227 1783 3318 ut
1829 3262 1919 3319 ille
1956 3262 2218 3329 caelestis,

2267 3227 2295 3287 Β
2330 3227 2522 3324 στασιν
2577 3269 2897 3341 ἡνωμένοςο
2944 3227 3059 3332 οἷος
3101 3267 3132 3320 6
3184 3227 3390 3338 χοῖκὸς,
3453 3264 3695 3319 τοιοῦτοι
3737 3263 3830 3319 καὶ
3860 3260 3903 3314 oi

616 3356 699 3410 sic
738 3354 830 3410 isti
870 3354 1125 3411 similiter
1174 3354 1465 3423 caelestes,
1518 3356 1612 3427 qui
1659 3356 2081 3427 regeneratione
2126 3371 2225 3427 per

2323 3363 2528 3435 χοῖκοὶ,
2555 3364 2605 3416 oi
2646 3363 2720 3434 μὴ
2739 3362 2819 3435 τῷ
2853 3361 3197 3433 βαπτίσματι
3225 3359 3617 3432 βελτιωθέντες
3639 3377 3655 3391 ·
3686 3358 3781 3413 καὶ
3808 3350 3903 3418 οἷος

616 3463 821 3519 aquam
850 3457 907 3504 et
928 3448 1192 3519 Spiritum
1220 3457 1354 3505 sunt
1377 3450 1574 3505 renati.
1601 3449 1776 3519 Atque
1806 3458 1866 3503 ut
1893 3449 2223 3518 portavimus

2322 3459 2350 3511 6
2365 3458 2499 3510 ὲπου
2510 3457 2714 3527 ράνιος,
2734 3454 2973 3509 τοιοῦτοι
2997 3455 3095 3509 καὶ
3114 3456 3164 3507 oi
3193 3454 3535 3525 ἐπουράνιοι,
3552 3442 3612 3506 ὀἱ
3632 3455 3702 3524 τῇ
3726 3450 3906 3519 παλιγ-

618 3541 815 3595 terreui
850 3541 1163 3611 imaginem,
1189 3542 1268 3597 ita
1303 3541 1526 3597 owlestis
1553 3559 1758 3614 quoque
1788 3552 2062 3613 portemus
2083 3544 2224 3597 ima-

2321 3549 2546 3621 γενεσίᾳ
2571 3547 2638 3603 δι’
2674 3547 2869 3611 ὕδατος
2900 3547 2996 3601 καὶ
3025 3545 3349 3617 Πνεύματος
3380 3544 3590 3601 ἄνωθεν
3619 3546 3904 3613 ἀναγεννη-

614 3633 838 3704 ginem’
883 3650 903 3688 :
952 3633 1115 3689 sicuti
1172 3650 1403 3706 corpore
1443 3636 1611 3706 geniti
1649 3637 1875 3700 fuimus,
1923 3636 1997 3691 ita
2027 3636 2222 3707 spiritu

2323 3643 2542 3705 θέντεςο
2580 3640 2691 3696 Καὶ
2746 3640 2944 3707 καθὼς
2981 3638 3362 3710 ἐφορέοναμεν
3414 3638 3531 3707 τὴν
3578 3638 3789 3692 εἰκόνα
3814 3632 3907 3689 τοῦ

618 3738 992 3779 renascamur.
1049 3724 1255 3781 Deinde
1298 3726 1635 3783 concludens
1662 3729 1742 3783 ait
1776 3746 1791 3783 :
1826 3726 1966 3793 Quia
2007 3744 2135 3783 caro
2178 3736 2226 3783 et

2323 3737 2553 3810 χοϊκοῦ,
2594 3736 2951 3807 φορέσωμεν
2981 3736 3083 3790 καὶ
3124 3734 3245 3804 τὴν
3291 3734 3497 3789 εἰκόνα
3527 3733 3640 3788 τοῦ
3670 3733 3909 3801 ἐπουρα-

614 3816 836 3886 sanguis
874 3833 1094 3887 regnum
1126 3815 1225 3871 Dei
1255 3818 1575 3874 liaareditare
1618 3835 1725 3873 non
1756 3827 1977 3889 possunt
2007 3834 2028 3877 :
2061 3836 2229 3891 neque

2323 3833 2462 3889 νίου
2503 3848 2517 3863 ⁶
2550 3829 2735 3894 καθὼς
2790 3828 3121 3901 σωματικῶς
3170 3828 3567 3900 ἐγεννήθημεν,
3626 3826 3910 3895 ἀναγεννη-

615 3911 884 3979 corruptio
932 3911 1347 3981 iucorruptelam
1411 3912 1689 3982 possidebit
1725 3914 1780 3967 ⁸.
1827 3912 1987 3969 Patet
2041 3922 2228 3969 autem

2327 3923 2515 3994 θῶμεν
2528 3922 2625 3978 καὶ
2644 3920 3035 3991 πνευματικῶς
3072 3936 3088 3951 ο
3125 3916 3246 3974 εἶτα
3268 3917 3663 3991 συμπεραίνων
3680 3916 3870 3984 ὲπάγει
3895 3953 3910 3978 ,

615 4019 768 4070 eum,
786 4005 876 4075 qui
899 4012 1064 4060 natus
1086 4014 1172 4061 est
1193 4014 1405 4061 tantum
1433 4006 1490 4060 in
1514 4006 1746 4074 Adamo,
1775 4019 1964 4063 etnon
2000 4016 2231 4064 renatus

2325 4020 2409 4073 ὅτι
2432 4015 2594 4085 Σὰρξ
2615 4015 2713 4070 καὶ
2733 4009 2877 4084 αἷμα
2904 4014 3237 4085 ,Βασιλείαν
3260 4011 3409 4067 Θεοῦ
3461 4007 3911 4081 κληρονομῆσαι

615 4099 944 4169 baptismate
983 4100 1037 4154 in
1067 4099 1292 4156 Christo
1322 4110 1448 4172 post
1472 4117 1675 4157 novum
1702 4102 1804 4157 hoc
1834 4102 1981 4157 illius
2008 4117 2217 4173 praece-

2325 4112 2399 4166 οὺ
2432 4109 2725 4163 δύνανται
2745 4125 2762 4141 ο
2796 4107 2997 4175 οὐδὲή
3038 4106 3231 4177 φθορὰ
3246 4104 3365 4175 τὴν
3389 4104 3742 4174 ἀφθαρσίαν
3777 4105 3909 4170 κλη-

616 4201 797 4262 ptum,
854 4206 1085 4263 regnum
1143 4191 1239 4247 Dei
1287 4192 1613 4249 haereditare
1659 4210 1771 4250 non
1824 4209 2009 4265 posse,
2053 4203 2219 4266 prout

2316 4202 2678 4273 ρονομήσει.
2714 4200 2886 4273 Δῆλον
2906 4202 2989 4255 ὅτι
3026 4201 3056 4254 6
3083 4199 3371 4272 γεννηθεὶς
3417 4201 3483 4267 τῇ
3533 4196 3717 4269 φθορᾷ
3765 4196 3911 4268 μόνον

615 4285 866 4340 divinum
911 4285 1144 4341 vetitum
1202 4285 1330 4341 fert.
1378 4284 1496 4342 Hoc
1540 4303 1671 4358 ergo
1721 4287 1996 4360 signiﬁcat
2049 4286 2218 4343 dictio

2325 4297 2384 4349 ὲν
2404 4293 2484 4367 τῷ
2520 4295 2716 4365 Ἀδὰμ,
2735 4295 2830 4349 καὶ
2864 4294 2939 4365 μὴ
2968 4293 3037 4347 δι’
3074 4293 3267 4356 ὓδατος
3317 4291 3414 4345 καὶ
3437 4288 3762 4360 Ηνεύματος
3787 4288 3911 4341 άνα-

616 4375 876 4433 Dominus
916 4378 982 4433 de
1024 4378 1175 4447 coelo,
1210 4378 1360 4449 quod
1398 4395 1603 4451 nempe
1640 4380 2071 4453 regenerationis
2118 4396 2219 4453 per

2324 4386 2612 4457 γεννηθεὶς
2644 4388 2703 4441 ὲν
2744 4386 2823 4457 τῷ
2862 4383 3089 4456 Χριστῷ
3125 4382 3266 4455 μετὰ
3328 4383 3537 4452 ταύτην
3576 4380 3687 4450 τὴν
3728 4377 3911 4447 καινὴν

615 4489 815 4543 aquam
866 4480 923 4528 et
959 4471 1223 4543 Spiritum
1271 4473 1433 4529 nobis
1475 4473 1641 4529 fuerit
1691 4484 1903 4531 auctor.
1962 4473 2219 4531 Fortasse

2326 4479 2654 4553 νομοθεσίαν
2685 4479 2875 4546 αὐτοῦ,
2910 4478 3190 4549 βασιλείαν
3221 4475 3358 4531 Θεοῦ
3389 4472 3810 4546 κληρονομῆσαι
3856 4469 3909 4523 οὐ

616 4568 782 4624 etiam
810 4566 916 4622 hoc
943 4566 1129 4622 divina
1161 4566 1635 4624 condescensione
1678 4568 1886 4625 dictum
1914 4583 2037 4624 esse
2067 4576 2218 4624 recte

2275 4599 2296 4649 )
2324 4577 2568 4642 δύναται,
2602 4576 2746 4631 κατὰ
2772 4578 2874 4649 τὴν
2904 4576 3056 4631 θείαν
3082 4574 3366 4645 ἀπόφασιν
3390 4589 3405 4604 ·
3446 4570 3543 4625 καὶ
3562 4568 3725 4624 τοῦτο
3771 4565 3911 4636 δηλοῖ

616 4664 939 4729 aestimabis,
1000 4664 1258 4735 quoniam
1301 4664 1445 4722 Deus
1493 4665 1714 4723 caelitus
1762 4667 2107 4724 descendens
2154 4668 2223 4725 ad

2319 4673 2403 4740 τὸ,
2448 4673 2511 4727 '0
2546 4675 2763 4743 Κύριος
2783 4671 2853 4739 ἐξ
2896 4669 3160 4742 οὐρανοῦ
3188 4666 3642 4739 ἀναγγεννήσεως
3696 4662 3912 4733 γέγονεν

622 4757 896 4821 homines,
924 4756 1238 4814 humanitus
1264 4771 1625 4815 conversatus
1650 4768 1754 4830 est,
1773 4776 2006 4816 manens
2037 4770 2224 4818 tamen

2322 4767 2455 4837 ἡμῖν
2476 4766 2651 4830 αἴτιος
2674 4782 2691 4799 ⁸
2736 4765 2865 4829 ἴσως
2899 4765 2958 4819 δὲ
3012 4765 3110 4820 καὶ
3159 4762 3250 4817 διά
3293 4760 3396 4833 τὴν
3435 4758 3586 4815 θείαν
3642 4751 3910 4824 συγκατά-

620 4850 680 4905 in
719 4866 819 4905 sua
863 4851 1111 4906 claritate
1157 4868 1222 4908 ac
1265 4853 1513 4922 potentia
1552 4862 1614 4908 ut
1644 4868 1746 4909 nos
1773 4855 1839 4909 ad
1887 4870 1947 4909 se
1983 4855 2228 4913 traheret

2323 4859 2485 4914 ϐασιν
2513 4858 2675 4914 τοῦτο
2699 4859 2997 4924 ὑπολάϐοις
3021 4857 3306 4929 λελέχθαι,
3356 4853 3544 4924 ἐπειδὴ
3573 4853 3605 4906 6
3648 4851 3783 4914 Θεὸς
3828 4848 3910 4901 οὐ·

622 4942 764 4997 inl‘ra
796 4942 1030 5013 positos.
1054 4941 1188 4999 Nam
1217 4945 1423 5000 idcirco
1445 4946 1725 5000 hominem
1752 4961 1812 5001 se
1838 4961 1904 5002 ac
1932 4946 2226 5004 Dominum

2327 4954 2553 5025 ρανόθεν
2580 4953 2937 5024 συγκαταϐὰς
2980 4956 3095 5018 τοῖς
3138 4949 3453 5024 ἀνθρώποις
3508 4948 3585 5011 ῶς
3630 4944 3909 5015 ἄνθρωπος

622 5036 965 5105 nuncupavit
1008 5036 1211 5106 duplici
1249 5037 1353 5093 hac
1402 5036 1773 5109 appeiiatione
1808 5039 1945 5096 duas
1995 5051 2222 5096 naturas

2329 5047 2775 5120 συνανέστράφη,
2804 5048 2897 5100 ἐπὶ
2912 5046 3016 5116 τῆς
3039 5044 3250 5107 οἰκείας
3276 5041 3455 5115 μένων
3510 5034 3797 5109 περιωπῆς
3824 5028 3910 5084 καὶ

621 5134 680 5180 et
705 5140 871 5179 unam
888 5126 1224 5198 hypostasim
1252 5129 1510 5186 innuens.
1548 5127 1888 5186 Vocabulum
1910 5140 2093 5187 autem
2124 5134 2221 5187 do-

2326 5138 2635 5210 δυνάμεως,
2668 5139 2735 5195 ἶν’
2765 5141 2914 5213 ἡμᾶς
2944 5138 3151 5211 ἐλκύσῃ
3186 5135 3323 5209 πρὸς
3346 5133 3539 5189 ἑαυτὸν
3563 5130 3713 5185 κάτω
3732 5120 3909 5213 κειμέ-

621 5232 716 5271 nec
746 5232 849 5272 nos
879 5217 969 5273 hic
990 5234 1101 5274 non
1145 5222 1408 5293 temporis
1437 5222 1936 5281 demonstrativum
1983 5226 2219 5285 dicimus

2325 5252 2475 5298 νους.
2505 5232 2713 5289 Τούτου
2734 5212 2845 5307 γάρ
2862 5232 3024 5305 χάριν
3041 5230 3207 5287 αὐτὸν
3239 5229 3336 5283 καὶ
3355 5227 3647 5299 ἄνθρωπον
3675 5220 3771 5274 καὶ
3805 5212 3906 5269 Κύ-

616 5309 714 5365 sed
756 5309 1101 5366 indelinitum
1119 5354 1141 5369 .

2332 5344 2447 5399 ριον
2468 5326 2783 5398 ὠνόμασεν,
2810 5328 2877 5381 ὲκ
2906 5324 3004 5380 τοῦ
3043 5319 3461 5395 συναμφοτέρου
3517 5317 3628 5371 τῶν
3667 5312 3904 5381 κλήσεων

616 5402 718 5466 τὰς
745 5402 839 5497 δύο
886 5403 1080 5474 φύσεις
1110 5408 1207 5460 καὶ¹
1234 5405 1334 5476 τὴν
1374 5408 1505 5479 μίαν
1557 5407 1862 5466 ὑπόστασιν
1905 5412 2328 5487 αἰνιττόμενοςο
2369 5418 2430 5474 τὺ
2463 5419 2522 5473 δὲ
2566 5418 2697 5489 ἕως.
2741 5419 2905 5497 ἡμεῖς
2941 5415 3181 5472 ἐνταῦθα
3238 5412 3385 5488 [cut].
3415 5406 3635 5483 ΐ.155.]
3674 5406 3734 5461 οὗ
3790 5402 3905 5475 χρό-

617 5512 714 5549 νου
744 5495 1046 5567 δηλωτικόν
1071 5515 1255 5571 φαμεν
1294 5499 1590 5575 ὑπάρχειν,
1622 5501 1761 5558 ἀλλὰ
1792 5504 2070 5579 ἀόριστον.

623 5590 737 5661 7o
756 5590 822 5650 ν.
862 5593 925 5649 Et
955 5592 1064 5649 hoc
1096 5597 1269 5665 probe
1297 5615 1398 5657 vos
1431 5600 1801 5675 cognoscetis,
1832 5605 1926 5679 qui
1962 5603 2214 5663 futurum

2398 5604 2478 5663 E’.
2512 5609 2623 5664 Καὶ
2659 5615 2820 5663 τοῦτο
2871 5605 3154 5678 γνώσεσθε
3220 5602 3322 5677 μὲν
3361 5602 3523 5673 ὑμεῖς
3576 5594 3838 5669 ἀκριϐῶς,
3865 5608 3905 5643 ω

624 5684 783 5739 unice
842 5688 1105 5743 szeculum
1141 5701 1462 5762 exspectare
1515 5712 1614 5753 vos
1647 5698 1913 5767 dicentes,
1969 5699 2026 5755 in
2077 5714 2219 5772 pra:-

2324 5694 2497 5766 οὐτοι,
2524 5700 2682 5755 οίτδν
2705 5700 2879 5755 αἰῶνα
2904 5700 2997 5754 τὸν
3016 5697 3278 5771 μέλλοντα
3307 5694 3405 5750 καὶ
3436 5693 3619 5765 μόνον,
3651 5690 3721 5754 ὣς
3751 5700 3899 5757 φατε.

621 5778 767 5833 senti
817 5788 1003 5838 autem
1064 5783 1440 5857 voluptatibus
1483 5800 1541 5845 et
1616 5792 1989 5851 increduiitati
2047 5793 2220 5867 perti-

2328 5792 2668 5861 ὲλπίζοντες,
2701 5795 2760 5849 ὲν
2784 5792 2842 5849 δὲ
2884 5793 2965 5867 τῷ
2989 5790 3219 5864 παρόντι
3252 5791 3375 5854 ταῖς
3421 5785 3639 5859 ἡδοναῖς
3694 5780 3786 5836 καὶ
3840 5776 3902 5845 τῇ

698 5962 721 5991 ²
749 5961 985 6022 lThcss.
1021 5980 1079 6037 tt,
1117 5971 1169 6026 6.
1242 5972 1263 6004 ³
1298 5969 1532 6045 Sap.v1,
1568 5974 1618 6031 7.
1660 5976 1712 6031 Ι.
