4142 6430
554 443 695 509 1339

1917 438 2151 502 PETRI
2202 438 2462 503 SICULI

3700 445 3817 511 13“)

548 560 800 631 inquam,
854 556 1122 630 virginem
1180 571 1401 628 semper
1454 564 1769 628 augustam,
1824 570 1989 627 quam
2048 553 2155 610 sibi

2259 554 2386 610 κίαν
2418 554 2840 625 ὲξελέξατο,καὶ
2863 555 3029 612 πάλιν
3040 556 3268 613 διελθὼν
3289 558 3680 632 κεκλεισμένην
3700 574 3817 617 κατ’

550 652 701 710 Deus
731 653 801 709 ad
842 651 1265 708 inhabitandum
1324 650 1545 722 delegit,
1568 666 1845 721 quamque
1874 650 2042 705 etiam
2086 650 2145 706 in

550 756 716 819 partu
764 746 1008 803 clausam
1055 760 1178 801 esse
1226 744 1374 812 sivit,
1418 742 1749 816 virginitatis
1801 742 1925 798 luce
1981 756 2149 813 supra

549 841 688 897 solis
728 840 915 896 radios
953 839 1361 909 splendentem,
1412 836 1717 909 impudenti
1762 852 1863 892 vos
1925 836 2153 892 audaci-

547 949 663 1004 que
706 931 1042 989 contumelia
1092 931 1349 987 aiiicitis?
1379 930 1533 986 Hane
1570 931 1691 986 sine
1738 929 1907 986 dubio
1945 930 2151 986 adver-

549 1042 651 1083 sus
718 1043 814 1083 vos
852 1026 1147 1081 ulciscetur
1180 1023 1353 1082 Filius
1404 1026 1527 1096 ejus
1568 1035 1625 1082 et
1678 1026 1924 1082 universi
1956 1026 2151 1082 mundi

547 1119 721 1177 Deus.
776 1119 954 1189 Atque
985 1118 1118 1174 hinc
1143 1126 1298 1189 patet
1327 1118 1577 1189 nequitia
1622 1126 1831 1185 vestra,
1867 1118 1999 1176 dum
2043 1134 2156 1175 non

546 1211 730 1267 solum
776 1219 961 1267 vestra
1005 1211 1243 1282 panditis
1294 1211 1712 1283 perversissima
1734 1212 2017 1285 dogmata.
2049 1228 2151 1269 ve-

546 1322 673 1361 rum
699 1306 863 1360 etiam
902 1315 1109 1362 temere
1144 1305 1583 1377 stultissimeque
1633 1306 1782 1363 illam
1816 1306 2158 1363 dehonesta-

545 1398 646 1462 tis,
687 1412 850 1467 quam
891 1413 963 1452 ne
1003 1396 1269 1453 caelorum
1295 1396 1518 1467 quidem
1558 1396 1796 1453 virtutes
1828 1396 1997 1469 digne
2046 1411 2154 1452 un-

538 1504 713 1561 quam
747 1489 1033 1545 celebrare
1084 1498 1419 1561 potuerunt.

628 1580 740 1636 Vll.
795 1581 960 1637 Aliud
1014 1597 1234 1653 quoque
1282 1581 1748 1638 considerandum
1819 1591 1927 1639 est.
1974 1584 2156 1656 Reges

545 1672 782 1737 terreni,
830 1673 916 1728 vel
1003 1673 1251 1745 gentium
1286 1672 1567 1744 principes
1618 1674 1705 1729 vel
1729 1674 2019 1745 praesides,
2057 1685 2157 1732 aut

543 1763 707 1819 liberi
738 1764 1053 1833 optimates,
1084 1766 1337 1835 quasdam
1391 1765 1597 1821 habere
1640 1766 1824 1823 solent
1849 1782 1978 1824 vasa
2028 1768 2155 1840 qui-

541 1858 654 1913 bus
694 1858 797 1929 ipsi
850 1858 953 1913 soli
1006 1866 1259 1924 utuntur,
1322 1869 1488 1931 atque
1539 1861 1609 1917 ab
1667 1860 1918 1932 ipsorum
1954 1864 2150 1921 subdi-

545 1960 736 2007 torum
782 1952 1043 2007 manibus
1070 1968 1298 2023 prorsus
1321 1954 1468 2027 tangi
1511 1970 1622 2011 non
1670 1955 1823 2019 licet.
1871 1974 1995 2028 qua:
2033 1974 2150 2015 me-

548 2053 672 2099 tum
720 2043 1017 2114 quemdam
1070 2046 1157 2100 vel
1198 2046 1318 2101 solo
1360 2046 1614 2115 inspectu
1672 2048 1947 2119 injiciunt.
2008 2050 2154 2108 Sunt

544 2135 683 2191 item
730 2136 980 2190 nonnulli
1028 2152 1220 2192 eorum
1262 2139 1503 2211 cognati.
1538 2155 1605 2196 eo
1636 2141 1811 2213 magis
1841 2143 1910 2198 ab
1961 2144 2145 2200 omni-

544 2227 658 2284 bus
718 2228 1047 2295 honorandi,
1097 2245 1207 2300 quo
1240 2230 1363 2287 illos
1391 2247 1595 2304 genere
1647 2235 1876 2304 propius
1918 2237 2152 2293 contin-

546 2330 711 2393 gunt.
773 2321 915 2389 Quid
949 2330 1134 2377 autem
1189 2340 1511 2395 germanum
1578 2327 1754 2398 magis
1787 2336 1883 2383 aut
1912 2329 2146 2400 propin-

546 2412 715 2481 quius
768 2414 980 2468 matre?
1030 2413 1189 2479 Quod
1240 2415 1285 2471 si
1315 2414 1407 2471 Dei
1442 2417 1549 2488 72
1589 2416 1764 2473 Mater
1814 2428 1903 2475 est
1950 2421 2153 2476 immu-

548 2504 793 2561 tabiliter
850 2506 1145 2573 incarnati,
1213 2522 1534 2579 novumque
1587 2520 1644 2566 et
1676 2510 1876 2567 mirum
1920 2522 2006 2568 est
2057 2528 2155 2584 pa-

550 2604 760 2650 tratum
828 2611 926 2667 per
983 2612 1105 2652 eam
1156 2598 1502 2670 mysterium,
1556 2599 1897 2673 insuperque
1945 2618 2154 2658 novqu

548 2704 784 2759 prorsus
838 2688 942 2744 sub
994 2688 1137 2745 caelo
1169 2689 1276 2745 fuit
1321 2691 1591 2762 virginem
1656 2693 1777 2749 sine
1835 2693 1937 2749 viri
1988 2711 2155 2765 opera

548 2795 749 2851 parere
803 2780 1011 2847 ﬁlium;
1069 2790 1277 2852 quanta
1331 2783 1695 2841 admiratione
1736 2786 2156 2857 reverentiaque

549 2874 784 2945 dignum
837 2875 910 2931 sit
965 2876 1375 2932 sanctissimum
1442 2877 1576 2933 illud
1626 2888 1684 2934 et
1722 2880 2156 2935 sacratissimum

550 2966 815 3035 septum?
853 2964 908 3020 Si
958 2982 1091 3038 ergo
1145 2967 1449 3023 inanimata
1512 2968 1827 3024 mortalium
1881 2969 2158 3040 corrupti-

550 3058 745 3115 bilium
780 3068 1247 3131 peccatorumque
1282 3061 1571 3118 hominum
1598 3078 1725 3119 vasa
1761 3070 1917 3118 tanto
1947 3063 2159 3118 honore

555 3148 867 3220 dignamur,
936 3160 1251 3222 matresque
1320 3167 1511 3208 eorum
1575 3154 1790 3208 cunctis
1828 3153 2149 3208 eorumdem

2250 648 2458 715 έλιπεν,
2494 648 2575 721 τῷ
2610 651 2711 721 τῆς
2741 650 3045 723 παρθενίας
3082 654 3223 724 φωτὶ
3252 654 3395 726 ὑπὲρ
3430 654 3531 719 τὰς
3558 655 3651 708 τοῦ
3686 656 3819 725 ήλίου

2254 740 2632 812 μαρμαρυγὰς
2664 741 3195 814 ἀπαστράπτουσαν,
3254 744 3696 816 ἀνεπαισχύντως
3740 748 3821 801 καὶ

2252 834 2500 906 θρασέως
2526 834 2811 908 ὑϐρίζετες
2842 836 2911 909 ήν
2930 837 3269 909 διεκδικήσει
3303 837 3522 901 πάντως
3557 838 3615 891 έν
3655 838 3773 910 ὑμῖν
3792 840 3821 892 ὁ

2251 928 2382 994 Υἱὸς
2412 928 2585 1001 αὐτῆς
2604 930 2700 983 καὶ
2713 929 2847 995 Θεὸς
2869 929 2967 984 τοῦ
3003 931 3247 996 παντόςς
3277 932 3475 987 Καίτοι
3505 948 3569 1001 γε
3606 931 3669 985 εκ
3710 932 3823 986 τού,

2254 1039 2351 1075 του
2379 1021 2659 1083 δείκνυται
2710 1023 2746 1092 ή
2796 1022 2970 1077 κακία
3019 1022 3176 1092 ὑμῶν
3211 1024 3272 1077 ιν
3309 1022 3390 1094 τῷ
3452 1023 3528 1094 μή
3584 1022 3740 1095 μόνον
3765 1023 3825 1077 τὰ

2256 1115 2387 1185 ὑμῖν
2402 1113 2670 1171 δοκοῦντα
2699 1114 3013 1188 διηγεῖσθαι
3042 1115 3392 1188 πάνστρεϐλα
3411 1116 3676 1186 δόγματα,
3705 1115 3827 1171 ἀλλὰ

2253 1209 2317 1263 τὸ
2344 1209 2655 1281 προχείρως
2681 1210 2779 1264 καὶ
2808 1208 3129 1282 ἀκορέστως
3159 1208 3342 1281 μάτην
3405 1209 3711 1282 ἐνυϐρίζειν
3736 1211 3824 1264 αύ-

2252 1302 2375 1371 τὴν,
2412 1303 2481 1375 ἢν
2500 1302 2625 1358 οὑδὲ
2640 1302 2752 1357 τῶν
2770 1302 3020 1375 οὐρανῶν
3032 1304 3089 1359 ai
3121 1303 3384 1376 δυνάμεις
3402 1302 3572 1370 ἀξίως
3603 1304 3827 1376 ὑμνῆσαι

2256 1395 2599 1468 δεδύνηνται.

2328 1578 2401 1635 Z'.
2431 1578 2709 1634 Σκεπτέω
2727 1577 2786 1633 δὲ
2806 1578 2904 1633 καλ⁵
2931 1577 3107 1643 οὑτως
3138 1595 3154 1613 ·
3185 1578 3237 1633 oi
3268 1577 3511 1649 βασιλεῖς
3534 1563 3832 1652 τῆξγῆξςῆ

2252 1673 2537 1746 έθνάρχαι,
2586 1674 2621 1744 ἢ
2679 1673 2963 1743 ἄρχοντες,
3001 1672 3036 1743 ἢ
3092 1671 3437 1739 αὑτεξούσιοι
3494 1672 3679 1743 ἔχουσί
3726 1688 3833 1726 τινα

2256 1766 2449 1839 σκεύη,
2471 1761 2553 1830 οἷς
2575 1766 2733 1822 αὑτοὶ
2755 1766 2851 1820 καὶ
2882 1766 3037 1837 μόνοι
3061 1766 3322 1838 χρῶνται,
3343 1766 3438 1820 καὶ
3466 1768 3584 1829 τοῖς
3627 1766 3831 1836 ὑποχει-

2266 1860 2400 1931 ρίοις
2426 1860 2606 1915 αὑτῶν
2644 1860 2880 1931 πάμπαν
2914 1859 3255 1931 ὑπάρχουσιν
3270 1860 3543 1931 ἀπρόσιτα
3565 1860 3664 1913 καὶ
3689 1859 3832 1928 ἀνεγ-

2254 1954 2507 2025 χείρητα,
2534 1952 2653 2017 δέος
2693 1953 3029 2023 ἐμποιοῦντα
3066 1953 3161 2008 καὶ
3219 1952 3381 2023 μόνον
3411 1952 3706 2024 ῖόρὼμενα.
3741 1952 3837 2006 Καὶ

2250 2050 2357 2103 εξσί
2404 2065 2551 2111 τινες
2585 2050 2871 2117 συγγενεῖς
2914 2046 3097 2102 αὑτῶν
3148 2046 3350 2107 οίτινες
3383 2046 3668 2115 ὀφείλουσι
3700 2045 3837 2116 παρά

2250 2143 2472 2197 πάντων
2518 2141 2743 2195 πλείονα
2801 2140 2972 2212 τιμὴν
3036 2137 3400 2210 είσδέχεσθαι,
3432 2138 3558 2193 καθ’
3613 2139 3736 2193 ὅσον
3778 2140 3836 2207 τῇ

2250 2230 2545 2304 συγγενείᾳ
2596 2228 3075 2303 προσεγγίζουσιν.
3127 2229 3194 2283 Τί
3240 2228 3298 2282 δὲ
3348 2228 3556 2299 μητρὸς
3601 2226 3745 2299 [cod.
3790 2224 3826 2280 ί.

2250 2324 2374 2379 156.
2422 2323 2502 2397 ι›.]
2534 2323 2959 2396 γνησιώτερονῆ
2992 2319 3330 2392 ἑγγύτερονς
3368 2320 3432 2374 Et
3483 2320 3541 2374 δὲ
3597 2319 3693 2374 καὶ
3718 2316 3839 2372 Θεοῦ

2250 2416 2453 2488 Μήτηρ
2520 2416 2639 2469 ἐστὶ
2694 2412 3119 2486 σεσαρκωμένου
3181 2409 3560 2473 ἀναλλοιὼτως
3593 2452 3611 2477 ,
3670 2407 3839 2462 καινὸν

2251 2508 2312 2563 δὲ
2366 2508 2462 2564 καὶ
2490 2506 2799 2581 παράδοξον
2839 2506 3142 2579 μυστήριον
3182 2504 3479 2577 πρόσεστιν
3503 2506 3568 2557 τδ
3594 2502 3663 2558 δι’
3686 2501 3838 2570 αὐτῆς

2252 2600 2602 2670 τελούμενον,
2632 2598 2793 2655 τοῦτο
2838 2599 2897 2653 δὲ
2944 2598 3027 2652 ἔτι
3060 2598 3220 2669 μόνον
3248 2596 3440 2651 καινὸν
3489 2595 3720 2665 γεγονὸς
3748 2592 3839 2647 inab

2254 2693 2349 2747 τδν
2372 2694 2545 2764 ήλιον,
2568 2692 2631 2745 τὸ
2658 2690 2931 2762 παρθένον
2949 2690 3078 2745 άνευ
3100 2688 3294 2759 ἀνδρὸς
3313 2689 3495 2742 τεκεῖν
3527 2688 3669 2751 υἱὸν,
3689 2686 3839 2739 πόσου

2255 2784 2532 2855 θαύματος
2557 2783 2653 2837 καὶ
2698 2782 2866 2854 τιμῆς
2896 2780 3047 2847 ἀξιον
3091 2780 3153 2835 τὸ
3210 2779 3480 2848 πανάγιον
3534 2780 3716 2833 έκεῖνο
3757 2776 3841 2829 καὶ.

2253 2876 2576 2947 άγιαστικὺν
2621 2875 2861 2946 ὑπάρχει
2912 2874 3143 2944 τέμενος
3175 2889 3191 2939 ;
3226 2873 3289 2926 El
3318 2867 3414 2926 οὑν
3448 2871 3518 2925 τὰ
3563 2869 3735 2940 σκεύη
3780 2868 3842 2922 τὰ

2256 2973 2443 3044 ἄψυχα
2467 2969 2577 3025 τῶν
2610 2968 2821 3040 θνητῶν
2847 2968 2942 3022 καὶ
2968 2966 3229 3039 φθαρτῶν
3260 2965 3355 3021 καὶ
3378 2964 3729 3036 ἁμαρτωλῶν
3754 2963 3842 3018 ἀν-

2258 3066 2497 3138 θρώπων
2521 3062 2784 3134 τοιαύτης
2805 3061 2973 3133 τιμῆς
3017 3059 3321 3126 ἀξιοῦνται,
3349 3059 3447 3114 καὶ
3498 3059 3553 3111 αί
3618 3058 3841 3130 μητέρες

2264 3158 2447 3214 αὐτῶν
2477 3158 2592 3221 τοῖς
2631 3154 2899 3227 ὑπηκόοις
2929 3150 3110 3207 αὐτῶν
3126 3150 3295 3206 πᾶσιν
3311 3150 3657 3222 ὑπάρχουσιν
3687 3146 3844 3217 ἀπρό-

550 3242 788 3297 subditis
817 3250 949 3298 sunt
987 3243 1379 3311 inaccessamet
1409 3246 1655 3317 cognatis
1690 3246 1949 3303 omnibus
1976 3246 2155 3302 honoa

2265 3265 2406 3303 σιτοι
2435 3248 2532 3303 καὶ
2554 3248 2777 3302 πάντων
2808 3242 3088 3314 συγγενῶν
3117 3242 3467 3314 τιμιώτεραι,
3522 3240 3621 3295 τοῦ
3657 3256 3846 3294 παντο-

553 3335 873 3403 rabiliores;
910 3334 1187 3393 Creatoris
1240 3340 1488 3394 omnium
1521 3351 1576 3395 et
1619 3338 1947 3411 chnatoris
1972 3355 2161 3396 sacra-

551 3427 829 3483 tissimum
857 3429 1249 3499 habitaculum,
1280 3433 1581 3489 animatum
1604 3433 1889 3505 palatium.
1924 3433 2159 3489 thronus

553 3520 941 3577 sanctissimus
986 3524 1248 3595 mysticus
1276 3540 1339 3580 ac
1372 3533 1597 3581 sanctus
1634 3525 2158 3597 regalisthalamus,

551 3615 830 3683 quomodo
882 3615 1179 3688 absBiusto
1235 3617 1479 3689 Josepbo
1530 3618 1819 3674 adeundus
1873 3618 2089 3685 fuisset,
2129 3635 2162 3675 a

551 3722 739 3771 servo,
782 3708 1028 3778 inquam,
1099 3710 1240 3766 ﬁdeli
1294 3720 1351 3766 et
1396 3711 1551 3781 justo
1599 3711 1869 3767 incamati
1919 3727 1987 3767 ex
2043 3712 2161 3782 ipsa

552 3797 673 3858 Dei.
698 3799 1163 3868 quemadmodum
1194 3818 1291 3858 vos
1325 3803 1633 3858 nebulones
1663 3803 2121 3874 blasphematis?,
2146 3822 2157 3869 ε

633 3890 774 3946 Vill.
810 3891 1012 3947 Multas
1058 3894 1149 3950 ille
1205 3894 1451 3966 quidem,
1488 3905 1680 3967 utpote
1723 3896 1862 3967 legis
1922 3897 2158 3969 peritus,

557 3984 778 4040 steriles
820 3985 1072 4041 audierat
1116 3998 1322 4058 praeter
1374 3998 1595 4045 aetatem
1647 3990 1991 4060 concepisse,
2043 4005 2161 4046 non

558 4077 687 4133 sine
755 4087 942 4132 tamen
994 4079 1137 4134 virili
1195 4096 1385 4151 opera.
1443 4080 1937 4137 Verumeuimvero
1996 4082 2165 4152 virgi-

557 4184 688 4224 nem
756 4169 879 4225 sine
936 4170 1149 4226 semine
1206 4172 1509 4243 peperisse,
1581 4190 1855 4244 nusquam
1902 4184 2160 4231 noverat.

559 4261 671 4316 Sed
698 4262 848 4317 enim
880 4262 1067 4332 justus
1094 4280 1222 4319 eum
1262 4273 1430 4333 esset,
1470 4266 1660 4322 divina
1700 4267 1913 4324 visione
1961 4268 2162 4341 dignus

554 4364 645 4411 est
696 4354 942 4419 habitus,
1001 4372 1110 4427 qua
1143 4357 1391 4415 monitus
1450 4358 1555 4415 fuit
1610 4375 1682 4415 ne
1723 4361 1971 4417 verendo
2030 4361 2163 4417 huic

557 4448 812 4521 prodigio
869 4450 1185 4506 subservire
1242 4460 1536 4508 metueret.
1588 4452 1707 4509 Nisi
1742 4454 1890 4509 enim
1933 4454 2007 4509 ita
2033 4455 2165 4509 fuis-

2230 3342 2486 3418 ρκτίστου
2523 3341 2618 3396 καὶ
2639 3338 3032 3410 παμϐασιλέως
3062 3336 3125 3391 τὸ
3149 3332 3559 3406 πανιερὼτατον
3593 3348 3845 3402 κατοικη-

2266 3438 2473 3508 τήριον,
2499 3433 2562 3488 τὸ
2603 3432 2851 3503 ἔμψυχον
2896 3430 3183 3492 παλάτιον,
3206 3430 3235 3483 ὁ
3264 3427 3533 3496 πανάγιος
3580 3426 3787 3499 θρόνος,
3815 3424 3845 3494 ή

2263 3524 2505 3598 μυστικὴ
2536 3523 2630 3577 καὶ
2656 3524 2789 3592 ἀγία
2814 3520 3068 3593 βασιλικὴ
3101 3519 3283 3591 κλίνη,
3313 3518 3433 3583 πῶς
3477 3519 3589 3589 ἄρα
3624 3515 3849 3589 προσιτὴ

2260 3619 2507 3690 ἐγεγόνει
2556 3616 2754 3688 Ἰωσὴφ
2780 3616 2861 3687 τῷ
2892 3614 3111 3686 δικαίῳ,
3129 3612 3303 3682 δούλῳ
3332 3610 3515 3682 πιστῷ
3557 3608 3851 3679 καὶδικαὶῳ

2260 3711 2357 3766 τοῦ
2399 3710 2460 3776 ἐξ
2495 3708 2669 3780 αὑτῆς
2712 3707 3094 3779 σαρκωθέντος
3145 3705 3281 3760 Θεοῦ
3322 3704 3648 3775 ὑπάρχοντι,
3677 3700 3854 3765 καθὼς

2261 3804 2439 3869 αὑτοὶ,
2461 3797 2507 3857 ὦ
2531 3802 2742 3867 πλάνοι,
2769 3800 3107 3871 δυσφημείτε
3132 3816 3149 3866 ;

2334 3892 2417 3950 Ην.
2446 3893 2655 3958 Πολλὰς
2686 3892 2785 3963 μὲν
2838 3891 2949 3962 γὰρ
2972 3890 3135 3954 αὑτὸς
3182 3889 3259 3953 ὡς
3286 3888 3607 3962 νομομαθὴς
3641 3888 3853 3959 στείρας

2260 3985 2493 4058 ἠκηκόει
2516 3984 2647 4057 παρ’
2684 3981 2905 4054 ήλικίαν
2932 3980 3377 4053 κυοφορησάσας,
3402 3980 3519 4034 ἀλλ’
3554 3980 3615 4045 ἐξ
3641 3978 3855 4052 ἀνδρῶν

2264 4075 2708 4149 σπερμανθείσας
2742 4092 2755 4105 ·
2776 4074 2837 4128 τὸ
2870 4073 2927 4127 δὲ
2950 4072 3219 4145 παρθένον
3251 4073 3506 4144 ἀσπόρως
3534 4074 3741 4135 τεκεῖν,
3772 4070 3857 4125 οὑ-

2261 4173 2412 4227 δέπω
2442 4171 2733 4243 ἠπίστατο.
2763 4170 2984 4233 Δίκαιος
3006 4167 3064 4221 δὲ
3090 4166 3164 4222 ὣν
3201 4166 3408 4237 ἠξιώθη
3439 4170 3542 4238 τῆς
3566 4165 3721 4231 θείας
3760 4165 3856 4218 ὀπ-

2261 4266 2458 4331 τασίας
2483 4264 2750 4337 λεγούσης
2792 4262 2937 4317 ὥστε
2974 4264 3050 4335 μὴ
3097 4261 3402 4334 φοϐηθῆναι
3438 4259 3856 4333 διακονήσασθαι

2262 4360 2342 4432 τῷ
2380 4358 2595 4432 φρικτῷ
2648 4357 2825 4429 τούτῳ
2874 4356 3137 4426 θαύματι.
3183 4356 3247 4410 Et
3295 4355 3404 4427 γὰρ
3450 4354 3527 4426 μὴ
3581 4348 3859 4425 τοῦτοῆν,

2263 4453 2353 4508 διὰ
2384 4453 2437 4507 τί
2470 4450 2740 4515 εὐπειθῶς
2782 4449 2862 4521 τῷ
2898 4449 3292 4521 προστάττοντι
3340 4447 3557 4517 ἀγγέλῳ
3595 4445 3857 4510 πεισθεὶς,

556 4551 670 4609 set,
733 4558 836 4597 cur
892 4543 1145 4599 dociliter
1190 4545 1409 4615 iubenti
1445 4546 1640 4618 angelo
1679 4548 1929 4611 credens,
1961 4548 2147 4603 statim

2259 4546 2420 4611 εὐθὺς
2453 4546 2767 4617 ὑπήκουσεν
2812 4543 3079 4615 εἰρηκότι,
3135 4541 3233 4611 Μὴ
3276 4540 3548 4612 φοϐηθῇς
3595 4542 3858 4609 παραλα-

554 4632 959 4703 obtemperavit
1004 4634 1207 4690 dicenti
1255 4653 1268 4690 :
1322 4635 1443 4690 Noli
1497 4638 1692 4693 timere
1737 4638 1991 4709 accipere
2046 4639 2150 4693 Ma-

2268 4639 2395 4695 6εἴν
2416 4637 2654 4709 Μαριὰμ
2678 4636 2822 4709 (eod.
2851 4636 2889 4691 ί.
2925 4635 3075 4708 157.)
3098 4635 3213 4704 τὴν
3242 4634 3500 4705 γυναῖκά
3528 4651 3646 4689 σου
3671 4651 3691 4701 ;
3722 4632 3861 4701 Γυνή

560 4726 701 4782 riam
734 4726 1025 4799 coniugem
1064 4730 1253 4784 tuam?
1304 4730 1519 4801 Couqu
1559 4733 1705 4787 enim
1764 4733 1911 4789 illius
1941 4733 2161 4790 interim

558 4816 865 4889 prudenter
928 4820 1237 4887 dicebatur,
1288 4832 1349 4878 ut
1379 4825 1645 4896 mysterio
1682 4826 1935 4882 velamen
1980 4827 2159 4896 ﬁeret,

558 4911 707 4980 quod
743 4912 1006 4982 paulatim
1048 4916 1513 4973 manifestaudum
1565 4927 1705 4986 erat,
1767 4938 1870 4977 ceu
1908 4921 1991 4977 sol
2036 4938 2169 4979 sen-

560 5002 669 5056 sim
716 5012 773 5058 et
820 5020 933 5059 non
976 5005 1158 5063 subito
1210 5008 1443 5063 inﬁrmis
1500 5009 1676 5065 oculis
1737 5011 2007 5082 obiectus.
2064 5012 2165 5069 Αι-

560 5102 749 5149 tamen
779 5106 904 5166 post
936 5097 1182 5153 divinum
1216 5108 1456 5170 partum,
1485 5099 1597 5171 jam
1630 5116 1745 5156 non
1790 5104 1911 5172 ejus
1940 5103 2166 5173 conjux,

562 5187 665 5242 sed
717 5189 875 5258 pueri
937 5200 1113 5246 mater
1172 5194 1241 5249 ab
1300 5193 1494 5266 angelo
1548 5194 1693 5250 dicta
1750 5205 1857 5251 est.
1910 5195 2170 5253 Jamvero

564 5281 697 5335 hinc
729 5290 959 5352 apparet
992 5284 1047 5337 in
1098 5294 1249 5341 metu
1290 5295 1347 5341 et
1403 5286 1563 5341 anxia
1600 5287 1941 5343 dubitatione
1996 5288 2170 5345 fuisse

562 5374 897 5441 seniculum,
946 5384 1114 5448 atque
1153 5379 1200 5433 ei
1244 5378 1495 5451 prodigio
1544 5381 1922 5438 obsecundare
1966 5397 2166 5438 veren-

566 5476 698 5520 tem.
754 5467 898 5539 Ergo
951 5468 1062 5523 ait:
1122 5468 1278 5536 Quod
1324 5470 1471 5526 enim
1514 5472 1567 5525 in
1604 5488 1667 5528 ea
1719 5483 1911 5528 natum
1942 5484 2047 5539 est,
2096 5474 2165 5530 de

565 5556 777 5627 Spiritu
811 5569 1001 5615 sancto
1036 5560 1089 5615 in
1129 5576 1192 5617 ea
1227 5570 1421 5617 natum
1469 5572 1574 5631 est,
1609 5580 1717 5619 non
1747 5574 1933 5620 autem
1982 5567 2163 5621 aliun-

564 5650 635 5701 de
667 5651 1061 5723 ingressum“.
1092 5654 1415 5725 Rursusque
1441 5656 1568 5711 alibi
1601 5657 1731 5715 dicit
1761 5659 1992 5729 angelus
2036 5660 2165 5716 Vir-

565 5742 714 5810 gini:
771 5743 839 5798 Et
882 5762 999 5801 ecce
1053 5748 1317 5816 concipias
1355 5748 1411 5800 in
1447 5757 1596 5801 utero
1645 5762 1694 5804 et
1745 5752 1924 5820 paries
1970 5752 2166 5821 ﬁlium,

567 5837 820 5907 dabitque
860 5840 908 5893 ei
968 5839 1229 5896 Dominus
1283 5840 1425 5898 Deus
1480 5842 1728 5899 thronum
1786 5844 2011 5901 Davidis
2060 5864 2164 5917 pa-

645 5948 701 5981 “
742 5947 937 6005 Matth.
970 5968 1008 6017 ι,
1040 5954 1131 6007 ‘20.

2262 4731 2370 4800 γὰρ
2399 4728 2565 4783 αὑτοῦ
2594 4728 2733 4793 τέως
2761 4727 3125 4798 οἰκονομικῶς
3173 4726 3415 4794 ἐλέγετο,
3449 4725 3590 4780 ὥστε
3634 4725 3859 4779 συσκιά-

2263 4823 2455 4890 ζεσθαι
2493 4824 2555 4877 τὸ
2588 4823 2911 4893 μυστήριον,
2943 4822 3210 4875 καὶκατὰ
3254 4819 3452 4892 μικρὸν
3502 4819 3862 4892 παρεκφαίνε-

2266 4917 2394 4971 σθαι
2440 4915 2693 4988 καθάπερ
2734 4914 2887 4985 ἣλιος
2944 4913 3133 4985 ήρέμα
3193 4914 3290 4968 καὶ
3319 4915 3421 4967 οὑκ
3473 4913 3688 4985 ἀθρόως
3749 4914 3863 4974 ταῖς

2268 5010 2553 5065 ἀσθενέσιν
2615 5010 2803 5081 ὕψεσιν
2838 5008 3269 5079 ὲκφαινόμενοςο
3308 5006 3450 5079 μετὰ
3496 5007 3555 5062 δὲ
3590 5006 3682 5060 τὸν
3722 5006 3861 5060 θεῖον

2268 5105 2451 5168 τόκον,
2475 5104 2536 5159 οὑ
2567 5104 2705 5176 γυνὴ
2737 5103 2928 5167 αὑτοῦ,
2966 5102 3102 5156 ἀλλὰ
3138 5102 3324 5173 μήτηρ
3356 5100 3476 5163 ἱτοῦ
3506 5099 3731 5155 παιδίου
3763 5098 3864 5153 ὑπὸ

2267 5200 2362 5254 τοῦ
2397 5198 2634 5269 ἀγγέλου
2670 5198 2922 5267 ⁸ἐλέγετο.
2972 5196 3254 5251 Δείκνυσιν
3285 5190 3378 5250 οὖν
3402 5194 3655 5250 ἐντεῦθεν
3682 5197 3766 5249 ὅτι
3808 5196 3864 5247 ὲν

2269 5289 2421 5363 φόϐῳ
2457 5290 2553 5344 καὶ
2602 5288 2818 5360 ἀγωνίᾳ
2849 5284 2916 5361 ἦν
2939 5290 2966 5342 ὁ
2998 5288 3336 5361 πρεσϐύτης,
3373 5287 3449 5358 μὴ
3490 5287 3704 5359 τολμῶν
3736 5286 3862 5340 δια⁴

2268 5386 2497 5455 κονῆσαι
2528 5384 2607 5454 τῷ
2647 5383 2911 5454 γαύματι.
2947 5385 3013 5437 Τὸ
3034 5383 3143 5454 γὰρ
3165 5383 3236 5437 ἐν
3258 5382 3437 5452 αὐτῇ,
3470 5384 3631 5455 φησὶ,
3656 5398 3865 5452 Terru-

2274 5479 2401 5543 οὲν,
2420 5478 2489 5531 ἐκ
2510 5477 2860 5547 Πνεύματός
2886 5477 3061 5531 ἐστιν
3091 5476 3275 5547 ἁγίου
3298 5493 3311 5506 ⁸
3339 5477 3397 5529 ὲν
3418 5477 3555 5547 αὑτῇ
3582 5475 3861 5546 γεννηθὲν,

2273 5574 2372 5643 οὐχ
2404 5571 2673 5643 ἑτέρωθεν
2698 5570 3036 5625 ὑπεισελθόν.
3068 5572 3177 5624 Καὶ
3208 5571 3369 5624 πάλιν
3400 5570 3629 5642 ἑτέρωθι
3652 5572 3678 5624 ὁ
3702 5569 3866 5638 ἄγγεα

2273 5662 2366 5725 λός
2397 5679 2531 5732 φησι
2557 5660 2694 5733 πρὸς
2724 5662 2823 5733 τὴν
2858 5659 3137 5731 Παρθένον
3165 5678 3179 5692 ·
3230 5661 3340 5716 Καὶ
3385 5660 3518 5716 ίδοὺ
3566 5660 3861 5729 amanti-11

2275 5757 2346 5811 ἐν
2368 5755 2605 5826 γαστρὶ,
2638 5754 2737 5809 καὶ
2767 5754 2910 5823 τέξῃ
2945 5754 3105 5821 Flor,
3138 5754 3239 5808 καὶ
3257 5753 3438 5809 δώσει
3467 5754 3630 5821 αὐτῷ
3654 5755 3863 5823 Κύριος

2281 5853 2313 5906 ό
2341 5849 2487 5917 Θεὸς
2504 5848 2611 5905 τὸν
2637 5850 2858 5920 θρόνον
2884 5848 3065 5905 Δαϐὶδ
3096 5850 3203 5905 τοῦ
3226 5849 3454 5920 πατρὸς
3474 5846 3662 5906 αὑτοῦ
3685 5866 3699 5881 ο
3724 5846 3865 5901 ὥστε
