4142 6440
222 475 357 544 1341

1208 467 1467 531 SERMO
1507 466 1567 529 ΙΙ
1609 459 2013 532 ADVERSUS
2051 461 2539 535 MANICILEOS.

3386 466 3543 534 13ίὲ

220 595 272 647 εἰ
337 589 414 663 μὴ
449 588 513 642 ὲκ
539 586 641 658 τῆς
661 583 933 656 παρθένου
966 580 1065 654 τὴν
1092 581 1273 655 σάρκα
1297 579 1662 654 προσέλαϐεν,
1695 578 1820 647 ἥτις

1928 580 2023 636 tris
2082 579 2256 649 ejus".
2299 578 2697 645 Quamobrem,
2738 577 2845 633 nisi
2907 593 3129 633 carnem
3185 594 3252 634 ex
3299 580 3527 655 Virgine

222 686 475 756 θυγάτηρ
500 678 570 754 ἦν
593 680 689 734 τοῦ
720 678 907 741 Δαϐὶδ,
928 678 1029 731 οὐκ
1055 676 1121 731 ἂν
1150 676 1318 730 Δαϐὶδ
1361 675 1479 729 υἱὸν
1501 674 1665 728 αὑτὸν
1691 672 1822 727 ἐκά-

221 778 425 846 λεσεν.;
447 774 614 829 Δαϐὶδ
642 773 752 844 γὰρ
778 771 1020 842 γηγενὴς
1048 765 1117 842 ἦν
1146 770 1242 824 τοῦ
1270 768 1546 840 Ἀϐραὰμ,
1574 767 1671 820 καὶ⁹
1725 763 1821 819 τοῦ

235 872 412 942 Ἀδὰμ
441 869 730 938 ἀπόγονος,
760 866 860 919 οὐκ
885 863 1179 935 οὐρανόθεν
1228 862 1289 917 τὸ
1333 863 1494 934 σῶμα
1525 859 1779 932 ἐσχηκώς
1803 873 1820 890 ο

220 964 319 1018 καὶ
364 963 549 1028 πάλιν,
580 961 826 1032 Πνεῦμα
844 959 1021 1029 ἄτιον
1039 957 1439 1012 ἐπελεύσεται
1468 954 1570 1009 ἐπὶ
1595 953 1694 1016 σὲ,
1722 950 1823 1007 καὶ

224 1059 484 1129 δύναμις
497 1059 795 1127 Ὑψίστου
822 1052 1173 1110 ἐπισκιάσει
1202 1065 1323 1107 σοι·
1340 1050 1417 1105 δι’
1438 1050 1472 1104 ὃ
1489 1048 1588 1104 καὶ
1610 1046 1677 1103 τὸ
1690 1064 1828 1118 τεν-

225 1148 724 1219 νώμενονξᾶγιον,
764 1146 825 1213 ἐξ
848 1146 1021 1217 αὐτῆς
1049 1143 1297 1217 δηλονότι
1324 1140 1693 1213 γεννώμενον,
1726 1140 1828 1194 οὐκ

224 1240 328 1311 ἤδη
360 1239 763 1311 γεγεννημένον
789 1239 886 1292 καὶ
904 1234 1225 1290 ὑπεισελθὺν
1248 1234 1601 1299 ἐπείσακτον,
1635 1230 1826 1305 ὥσπερ

224 1334 279 1387 οἱ
312 1333 634 1389 ἀπαίδευτοι
668 1332 1000 1403 φάσκουσιν.

298 1513 380 1568 8’.
422 1512 564 1567 Πότε
615 1512 677 1567 δὲ
713 1512 815 1567 καὶ
863 1512 1006 1584 ἀνήρ
1062 1529 1149 1577 τις
1194 1510 1408 1575 δίκαιος
1469 1507 1569 1580 τὴν
1628 1505 1829 1563 ἑαυτοῦ

230 1606 464 1676 μνῆστιν
514 1606 661 1678 ὁρῶν
706 1604 1146 1675 ὲγκυμονοῦσαν,
1198 1606 1248 1659 εἰ
1299 1606 1378 1676 μὴ
1447 1602 1829 1675 πληροφορίαν

225 1696 434 1764 δέξοιτο
465 1698 543 1764 ὡς
572 1699 639 1753 ὲκ
668 1698 990 1769 Πνεύματός
1010 1699 1159 1753 ἐστιν
1189 1697 1350 1767 ἁγίου
1380 1696 1443 1751 τὸ
1474 1694 1827 1767 τελούμενον,

227 1791 485 1864 ἀνέχεται
519 1795 587 1865 τῇ
620 1794 1007 1867 ὲγκυμονούσῃ
1055 1792 1361 1847 συνοδεύειν
1395 1792 1492 1847 καὶ
1532 1807 1829 1863 συμπαρα-

1923 672 2275 742 sumpsisset,
2334 686 2458 741 quae
2524 669 2748 725 Davidis
2784 670 2892 724 filia
2938 680 3078 734 erat,
3117 670 3368 741 profecto
3399 688 3527 727 eum

1922 764 2094 820 ﬁlium
2135 761 2358 818 Davidis
2407 778 2517 817 non
2548 761 2961 834 appellavisset.
3015 761 3124 833 73
3172 762 3343 819 David
3380 764 3528 819 enim

1921 854 1992 910 de
2037 854 2211 924 stirpe
2268 854 2565 909 Abrahami
2608 862 2750 919 erat,
2799 862 2858 909 et
2910 853 2979 909 de
3030 854 3225 909 Adami
3269 855 3529 926 posteris,

1922 963 2035 1003 non
2093 956 2280 1003 autem
2336 946 2556 1002 coalitus
2623 962 2827 1017 corpus
2887 947 3142 1017 adeptus.
3211 947 3278 1003 Ει
3306 948 3528 1004 denuo:

1926 1036 2168 1108 Spiritus
2195 1047 2416 1093 sanctus
2449 1039 2780 1107 superveniet
2826 1038 2881 1092 in
2908 1048 2956 1093 te
2981 1050 3031 1094 et
3070 1041 3239 1094 virtus
3265 1040 3531 1096 Altissimi

1924 1129 2259 1188 obumbrabit
2291 1131 2389 1185 tibi
2419 1130 2499 1186 7".
2532 1132 2662 1187 Ideo
2691 1140 2746 1186 et
2773 1131 2918 1203 quod
2956 1142 3219 1188 nascetur
3250 1142 3531 1197 sanctum,

1924 1240 1992 1282 ex
2030 1224 2147 1296 ipsa
2196 1224 2409 1279 scilicet
2435 1224 2683 1296 genitum
2713 1265 2728 1287 .
2777 1240 2889 1279 non
2932 1225 3047 1295 jam
3085 1236 3249 1282 antea
3295 1226 3529 1291 factum,

1926 1328 1985 1376 et
2022 1333 2120 1389 per
2152 1318 2586 1390 suppositionem
2617 1318 3029 1388 subinductum,
3062 1328 3123 1375 ut
3155 1318 3313 1376 aiunt
3340 1320 3533 1377 ineru-

1927 1410 2054 1467 diti.
3546 1468 3547 1471 η

2001 1501 2091 1557 ΙΧ.
2120 1501 2484 1569 Quandonam
2530 1510 2721 1557 autem
2775 1502 2860 1556 vir
2906 1501 3090 1572 justus
3135 1502 3527 1574 desponsatam

1927 1610 2081 1651 suam
2108 1594 2390 1667 gravidam
2422 1593 2634 1659 videns,
2667 1593 2772 1649 nisi
2808 1594 3194 1650 confirmatum
3220 1596 3272 1650 ei
3296 1595 3531 1675 fuisset,

1926 1703 1959 1743 a
1992 1686 2202 1758 Spiritu
2254 1695 2447 1742 sancto
2492 1685 2548 1740 id
2612 1684 2894 1752 elIectum,
2946 1701 3147 1757 passus
3199 1696 3346 1743 esset
3402 1704 3532 1744 cum

1935 1788 2153 1835 uterum
2212 1777 2428 1834 ferente
2476 1777 2583 1833 iter
2615 1776 2798 1833 facere
2826 1785 2885 1832 et
2936 1778 3210 1845 comitari,
3260 1788 3317 1834 et
3367 1780 3533 1835 simul

232 1883 441 1951 μένειν,
478 1883 574 1937 καὶ
604 1883 1155 1953 συναπογράφεσθαι,
1191 1880 1342 1954 [cod.
1376 1881 1415 1938 ί.
1453 1883 1560 1937 157
1611 1881 1694 1954 ιλ]
1731 1880 1824 1935 καὶ

1936 1872 2195 1941 describi,
2230 1881 2397 1943 atque
2441 1871 2732 1927 habitare?
2772 1872 3051 1943 quomodo
3100 1882 3293 1927 natum
3333 1872 3533 1928 Filium

230 1973 533 2039 συνοικεῖν;
578 1971 674 2026 καὶ
726 1972 818 2026 τὸν
868 1971 1133 2042 τεχθέντα
1196 1972 1366 2026 παῖδα
1419 1970 1684 2043 ἀφιεροῦν
1733 1971 1824 2026 καὶ

1932 1981 2261 2023 consecrare
2321 1974 2377 2023 et
2428 1964 2779 2021 sanctificare
2837 1980 2906 2020 ex
2970 1964 3109 2036 legis
3179 1966 3532 2035 praescripto,

232 2062 492 2132 ἀγιάξειν
556 2061 701 2117 κατὰ
745 2062 841 2117 τὸν
898 2063 1087 2133 νόμον,
1136 2062 1230 2117 τὸν
1281 2062 1394 2119 τῶν
1449 2064 1624 2133 ἁγίων
1654 2064 1824 2137 ὑπερα

1931 2058 2196 2115 Sanctum
2227 2067 2545 2115 sanctorum
2596 2066 2655 2116 et
2700 2058 2872 2115 totius
2908 2059 3124 2114 ordinis
3173 2060 3535 2116 sacerdotalis

240 2155 402 2225 άγιον
443 2155 537 2209 καὶ
574 2154 757 2225 πάσης
812 2154 1101 2227 ίεραρχίας
1130 2154 1359 2228 δοτῆρα,
1393 2157 1452 2210 ὲν
1492 2156 1710 2229 οὐρανῷ
1738 2157 1824 2211 καὶ

1932 2149 1987 2204 in
2014 2150 2154 2206 coelo
2184 2159 2241 2206 et
2261 2150 2316 2205 in
2341 2160 2485 2205 terra
2520 2149 2851 2206 auctorem?
2883 2159 2941 2205 et
2960 2150 3218 2207 eumdem
3246 2150 3372 2222 fuga
3399 2152 3537 2207 sub-

228 2248 331 2301 ἐπὶ
363 2247 469 2319 γῆς
520 2248 874 2319 ὑπάρχοντας
929 2248 1027 2303 καὶ
1083 2248 1417 2319 φυγαδεύειν
1460 2249 1646 2315 αὐτὸν,
1686 2249 1824 2322 μᾶλ-

1932 2247 2160 2313 ducere,
2187 2247 2271 2300 vel
2315 2245 2500 2315 potius
2554 2243 2718 2300 simul
2774 2242 2991 2316 fugari?
3022 2243 3089 2299 Et
3132 2244 3202 2302 de
3242 2244 3369 2316 fuga
3403 2260 3548 2302 cum.

225 2340 324 2396 λον
354 2340 412 2395 δὲ
466 2340 1022 2411 φυγαδεύεσθαιςκαὶ
1051 2341 1119 2397 ἐκ
1163 2344 1264 2412 τῆς
1312 2340 1494 2411 φυγῆς
1536 2342 1635 2395 σὺν
1680 2339 1824 2414 αὐτῷ

1932 2339 2128 2396 eodem
2167 2354 2232 2394 ac
2262 2348 2442 2394 matre
2470 2338 2593 2410 ejus
2626 2353 2693 2393 ex
2736 2337 2973 2409 Egypto
3012 2338 3239 2402 reverti,
3267 2347 3434 2409 atque
3462 2341 3534 2395 ad

226 2434 331 2489 καὶ
359 2436 426 2505 τῇ
449 2434 620 2506 μητρὶ
632 2433 798 2488 αὐτοῦ
824 2432 1179 2503 ὲξΑἰγύπτου
1207 2433 1635 2507 ἐπανέρχεσθαι,
1666 2435 1761 2489 καὶ
1776 2436 1824 2489 ὲν

1933 2435 2051 2490 dies
2077 2434 2249 2490 festos
2274 2433 2705 2505 Hierosolymam
2730 2433 2911 2503 ipsum
2945 2446 3134 2487 secum
3157 2431 3456 2497 deducere,
3480 2443 3540 2489 et

226 2531 356 2592 ταῖς
384 2528 599 2598 ἑορταῖς
633 2525 813 2597 ἐαυτῷ
844 2531 1179 2597 συναγαγεῖν
1210 2528 1291 2592 εἰς
1339 2527 1719 2599 Ἰερουσαλὴμ,
1741 2528 1824 2583 καλ

1933 2525 2045 2583 illic
2074 2541 2141 2581 eo
2161 2535 2484 2581 remanente
2513 2525 2722 2590 dolere,
2752 2524 2899 2579 haud
2931 2538 3066 2579 sane
3113 2524 3182 2579 de
3210 2525 3531 2580 errabundo

227 2621 567 2691 ἀπομένοντι
590 2618 906 2686 ὀδυνᾶσθαι,
940 2622 1040 2691 οὐχ
1063 2623 1141 2686 ὡς
1167 2620 1502 2693 πλανηθέντι
1530 2614 1621 2676 οἷα
1660 2621 1824 2679 παιδὶς

1937 2628 1999 2673 ιιι
2026 2633 2220 2689 puero,
2244 2617 2411 2685 absit,
2442 2617 2537 2674 sed
2576 2617 2705 2688 quia
2733 2624 2883 2672 tanto
2916 2617 3114 2688 gaudio
3143 2624 3202 2673 et
3250 2617 3424 2689 gloria
3448 2617 3538 2673 vel

234 2717 318 2786 μὴ
351 2715 584 2786 γένοιτο,
618 2713 733 2768 ἀλλ’
763 2715 848 2769 ὄτι
894 2714 1155 2787 τοιαύτης
1205 2717 1381 2788 χαρᾶς
1430 2733 1492 2769 τε
1544 2716 1641 2771 καὶ
1679 2713 1839 2786 δόξης

229 2810 343 2862 κᾶν
377 2808 517 2879 πρὸς
571 2807 746 2879 βραχὺ
791 2808 1071 2880 ἐχωρίσθη
1105 2827 1120 2876 ;
1158 2810 1254 2863 καὶ
1303 2810 1331 2863 ό
1361 2809 1592 2864 τοιαῦτα
1631 2809 1839 2882 φρικτὰ

230 2902 334 2954 καὶ
377 2901 674 2973 θαυμαστά
698 2901 845 2968 ἰδὼν,
876 2902 1010 2957 πότε
1050 2903 1158 2957 κᾶν
1200 2905 1457 2975 ἐννοῆσαι
1517 2903 1833 2971 συνουσίαν,

229 2994 270 3065 ἢ
304 2994 684 3067 ἐνθυμηθῆναι
719 2996 865 3049 κατά
889 2998 992 3069 τῆς
1022 2996 1391 3068 ἀειπαρθένου
1437 2998 1767 3070 ἐτόλμησεν,
1803 2999 1834 3051 ό

230 3088 296 3142 ὲν
339 3088 455 3151 τοῖς
499 3087 594 3142 τοῦ
640 3088 779 3143 Θεοῦ
837 3089 1049 3153 δούλοις
1094 3090 1517 3155 εὐπειθέστατος
1565 3091 1834 3162 ὑπάρχων

229 3181 331 3236 καὶ
366 3181 617 3247 δίκαιοςς
656 3182 691 3254 ἢ
733 3182 867 3236 πότε
898 3184 929 3237 ό
982 3182 1117 3247 Θεὸς
1144 3183 1318 3252 Λόγος
1367 3182 1631 3255 ἠνέσχετο
1674 3183 1824 3254 ίναή

1938 2712 2090 2767 brevi
2123 2721 2370 2782 tempore
2389 2711 2615 2767 orbatus
2648 2710 2895 2765 fuisset?
2938 2708 3062 2766 Jam
3094 2710 3188 2782 qui
3226 2720 3335 2766 tam
3375 2727 3538 2768 reve-

1938 2804 2109 2860 renda
2148 2818 2214 2860 ac
2243 2802 2383 2858 mira
2428 2802 2677 2871 vidisset,
2714 2803 2994 2873 quomodo
3032 2803 3101 2859 de
3144 2804 3339 2874 copula
3387 2804 3540 2875 cogi-

1938 2903 2131 2960 tasset,
2161 2895 2245 2951 vel
2268 2896 2567 2967 quidquam
2602 2896 2814 2964 agitare
2865 2896 3054 2951 animo
3092 2896 3357 2953 adversus
3387 2911 3538 2952 sem-

1936 3007 2037 3061 per
2066 2989 2350 3061 Yirginem
2401 3005 2572 3046 ausus
2598 2989 2812 3054 fuisset,
2846 3004 2973 3045 cum
3003 2989 3121 3059 ipse
3168 2990 3316 3045 inter
3345 3005 3541 3047 servos

1937 3084 2031 3140 Dei
2065 3084 2556 3140 obedientissimus
2584 3095 2734 3140 esset
2763 3099 2828 3139 ac
2845 3084 3076 3154 justus?
3114 3083 3213 3138 Vel
3258 3084 3538 3154 quomodo

1942 3178 2089 3233 Deus
2134 3175 2377 3232 Verbum
2430 3191 2585 3231 suam
2641 3176 2943 3231 secundum
3000 3190 3225 3231 carnem
3280 3185 3539 3242 matrem,

229 3272 380 3329 κατὰ
411 3274 589 3347 σάρκα
616 3275 804 3347 μήτηρ
848 3274 1039 3337 αὑτοῦ,
1064 3275 1160 3329 καὶ
1185 3275 1364 3330 ἄλλων
1415 3275 1635 3346 τιθηνὺς
1669 3276 1824 3348 γενή-

1937 3270 2166 3327 aliorum
2215 3285 2437 3341 quoque
2483 3270 2786 3325 liberorum
2841 3268 2960 3323 ﬁeri
3025 3268 3299 3324 nutricem
3333 3269 3539 3324 tolera-

232 3382 394 3422 σεται
427 3383 443 3430 ;
477 3367 510 3438 ἢ
543 3368 675 3422 πότε
709 3369 743 3439 ἡ
798 3368 1045 3437 παναγία
1087 3369 1392 3440 Παρθένος,
1433 3371 1468 3442 ἡ
1505 3370 1686 3441 ψυχὴν
1740 3373 1835 3425 καὶ

230 3460 417 3533 σάρκα
446 3461 586 3532 ὑπὲρ
611 3460 712 3525 τὰς
763 3462 1054 3532 οὐρανίους
1093 3463 1359 3533 δυνάμεις
1407 3462 1825 3535 κεκαθαρμένη,

230 3553 448 3625 φρίττω
481 3555 682 3620 εἰπεῖν,
723 3553 886 3609 τοῦτο
934 3555 1301 3621 κατεδέξατος
1332 3555 1529 3610 πολλαὶ
1566 3556 1677 3626 γὰρ
1728 3574 1833 3626 γυ-

226 3654 420 3714 ναῖκες
451 3652 585 3723 παρ’
617 3652 753 3721 ήμῖν
780 3651 896 3714 τοῖς
926 3652 1275 3721 Χριστιανοῖς
1313 3652 1443 3715 εἰσι,
1470 3653 1588 3715 τοῖς
1618 3653 1835 3706 ἐπωνύ-

233 3760 359 3814 μοις
397 3741 639 3815 Χριστοῦ
680 3742 774 3796 καὶ
809 3744 910 3813 τῆς
936 3742 1100 3811 ἁγίας
1150 3744 1377 3816 Μητρὸς
1397 3744 1565 3799 αὑτοῦ
1597 3745 1831 3813 δούλοις,

225 3836 345 3897 τοῖς
374 3832 433 3898 ὲξ
461 3834 633 3903 αὐτῆς
662 3834 1109 3904 νομοθετηθεῖσιν
1133 3835 1272 3905 πρὸς
1304 3837 1532 3905 ἁγνείας
1558 3837 1657 3891 καὶ
1686 3855 1833 3908 παρ-

228 3925 417 3989 Θενίας
483 3926 911 3998 ἀσφαλεστάτην
978 3928 1315 3999 συντήρησιν
1353 3970 1368 3994 ,
1439 3928 1645 3993 αἵτινες
1700 3931 1823 3993 ἑνὸς

227 4019 420 4083 παιδὸς
445 4008 685 4091 μὴτέρες
705 4019 1013 4091 γινόμεναι,
1056 4021 1246 4092 ἑτέρου
1277 4021 1473 4092 ἀνδρὸς
1526 4022 1831 4092 συνάφειαν

226 4115 292 4166 οὐ
324 4113 664 4182 προσίενται.
700 4113 813 4168 Καὶ
836 4114 977 4167 εἰσιν
1006 4112 1165 4167 ἄλλαι
1204 4113 1263 4166 αϊ
1299 4114 1581 4178 παντελῶς
1626 4116 1832 4168 ἀνέπα-

232 4223 328 4277 φοι
379 4207 735 4277 διαμένουσιν
776 4207 964 4279 πάσης
1017 4207 1285 4278 ἀνδρικῆς
1309 4208 1610 4277 συναφείας
1636 4225 1699 4261 τε
1733 4208 1830 4261 καὶ

227 4301 377 4369 ἁφῆς
397 4300 495 4356 καὶ
523 4300 741 4371 ὁμιλίας
768 4316 785 4331 ο
814 4300 960 4373 [cod.
1002 4318 1039 4354 ι.
1072 4301 1204 4375 158]
1236 4302 1329 4355 καί
1357 4320 1467 4373 περ
1496 4302 1566 4357 τὰ
1596 4302 1699 4373 τῆς
1726 4300 1822 4356 τοῦ

227 4389 368 4445 Θεοῦ
402 4390 628 4463 Μητρὸς
670 4391 811 4465 ὑπὲρ
839 4392 1019 4446 πάντα
1043 4392 1154 4445 εἰσὶ
1196 4393 1268 4448 τὰ
1295 4394 1469 4464 ὁρατά
1505 4394 1604 4446 καὶ
1638 4394 1709 4447 τὰ
1738 4392 1831 4447 ἀό-

228 4502 391 4556 ρατα,
416 4485 559 4557 πλὴν
595 4486 760 4555 μόνου
796 4485 956 4551 Θεοῦ,
982 4485 1305 4558 ἐνδοξότερά
1333 4506 1393 4543 τε
1427 4488 1523 4543 καὶ
1575 4486 1829 4555 ὲξαισιώ-

223 4590 392 4647 τερα’
428 4577 526 4630 καὶ
563 4576 624 4632 οὐ
653 4576 814 4648 μόνον
845 4579 1127 4645 γυναῖκες.
1154 4578 1291 4631 ἀλλὰ
1319 4580 1415 4633 καὶ
1446 4580 1640 4649 ἄνδρες
1669 4581 1829 4636 άπει-

227 4684 315 4741 ροι
368 4666 602 4721 τοιοῦτοι
671 4666 935 4738 παρθένοι
988 4668 1247 4738 γεγόνασι
1308 4671 1404 4725 καὶ
1464 4671 1603 4727 είσίν
1634 4671 1733 4744 (8).
1764 4671 1828 4727 Ei

221 4759 322 4813 οῦν
357 4761 407 4814 oi
459 4759 699 4824 εὐτελεῖς
749 4761 847 4814 καὶ
877 4762 1088 4831 ἀχρεῖοι
1147 4760 1326 4816 δοῦλοι
1366 4762 1627 4818 τοιούτων
1670 4782 1830 4838 χαρι-

225 4850 452 4919 σμάτων
508 4849 808 4916 ἀξιοῦνται,
838 4853 873 4922 ἡ
932 4852 1084 4924 πηγὴ
1151 4853 1259 4907 τῶν
1321 4855 1684 4927 χαρισμάτων
1729 4857 1827 4911 καὶ

225 4941 389 4996 θείων
433 4943 655 5017 δωρεῶν
698 4944 991 5016 ὑπάρξασα
1041 4948 1100 5000 ἐν
1133 4946 1212 5018 τῷ
1273 4947 1503 5020 ὀνόματι
1553 4950 1648 5004 τοῦ
1688 4950 1823 5004 Υίοῦ

224 5037 430 5109 αὐτῆς,
465 5038 674 5109 Κυρίου
716 5039 774 5093 δὲ
827 5041 924 5096 καὶ
947 5040 1086 5095 Θεοῦ
1138 5040 1298 5113 ἡμῶν
1359 5041 1536 5114 Ἰησοῦ
1582 5042 1824 5113 Χριστοῦ

224 5130 321 5188 τοῦ
368 5131 488 5199 ἐνὸς
521 5133 622 5202 τῆς
653 5134 820 5203 ἁγίας
874 5134 1125 5206 Τριάδος,
1154 5134 1272 5201 πῶς
1310 5135 1543 5210 ἄμοιρος
1598 5137 1814 5211 ὑπῆρξε

301 5315 320 5345 ⁷
344 5311 481 5368 Luc.
515 5330 553 5380 ι,
585 5313 676 5380 3i,
709 5314 801 5371 '59.
876 5316 920 5349 "
959 5316 1094 5374 ibid.
1131 5316 1222 5373 35.

295 5477 373 5549 (8)
403 5478 485 5533 En
526 5476 706 5534 adhuc
744 5492 941 5533 novam
983 5478 1058 5548 pii
1089 5475 1376 5532 caelibatus
1410 5476 1806 5533 laudationem.

216 5549 291 5606 Et
327 5550 547 5619 quidem
580 5550 779 5604 nobilis
800 5550 1046 5605 laudator
1075 5549 1334 5618 apparuit
1364 5549 1615 5605 cmlibum
1663 5549 1808 5603 mul-

218 5632 409 5692 torum
438 5619 531 5692 sui
577 5621 839 5692 temporis
861 5621 1306 5692 Christianorum
1333 5636 1563 5692 magnus
1585 5635 1806 5690 quoque

215 5690 561 5747 czesariensis
592 5690 860 5747 Eusebius
885 5692 939 5746 in
980 5706 1159 5762 nuper
1188 5691 1404 5746 detecto
1432 5690 1808 5760 TheOphanive

215 5779 385 5834 opere
421 5764 512 5817 lib.
550 5778 608 5818 ιιι
643 5764 734 5828 21,
766 5763 857 5817 22.
888 5763 1067 5819 Nihilo
1113 5770 1293 5816 tamen
1337 5763 1521 5817 minus
1554 5762 1806 5816 hodierni

216 5842 554 5905 sparguntur
602 5834 943 5906 libellitqui
1002 5834 1105 5906 pim
1153 5834 1485 5906 virginitatis
1546 5834 1806 5888 instituto

212 5904 419 5959 acriter
448 5907 764 5961 detrahunt.
795 5904 942 5961 Nihil
977 5904 1106 5976 ergo
1134 5905 1477 5976 valethonor
1509 5913 1809 5976 perpetuus

214 5976 519 6051 virginitati
546 5978 614 6035 ab
662 5978 931 6036 ecclesiae
960 5974 1179 6035 habitus
1206 5975 1228 6028 ?
1259 5975 1481 6034 Frustra
1510 5974 1801 6049 virginita-

1932 3364 2150 3421 visset?
2206 3362 2302 3419 Vel
2341 3362 2621 3433 quomodo
2658 3361 2900 3432 denique
2948 3360 3297 3417 sanctissima
3347 3359 3538 3432 Virgo,

1933 3456 2094 3526 cujus
2119 3456 2306 3511 anima
2357 3464 2416 3510 et
2468 3470 2597 3509 caro
2646 3454 2771 3524 plus
2811 3468 2977 3524 quam
3008 3453 3261 3508 caelestes
3302 3452 3539 3507 virtutes

1934 3552 2224 3623 puriﬁcata
2252 3550 2454 3615 fuerat,
2482 3550 2781 3620 quomodo,
2814 3548 3064 3619 inquam,
3092 3548 3146 3603 id
3186 3547 3331 3618 quod
3354 3547 3539 3603 dicere

1934 3645 2134 3701 horreo
2166 3659 2326 3714 passa
2346 3642 2535 3699 esset?
2559 3641 2743 3696 Multae
2764 3641 2910 3695 enim
2944 3649 3075 3695 sunt
3106 3639 3368 3694 mulieres
3392 3637 3540 3708 apud

1933 3754 2036 3795 nos
2048 3737 2417 3802 Christianos,
2438 3735 2530 3806 qui
2551 3743 2759 3790 sanetae
2773 3734 2958 3789 Matris
2970 3734 3092 3804 eius
3109 3731 3301 3787 famuli
3322 3746 3539 3795 sumus,

1934 3842 2099 3904 atque
2126 3832 2196 3887 ab
2217 3831 2409 3886 eadem
2443 3830 2512 3886 ad
2536 3829 2833 3900 puritatem
2865 3826 3306 3899 virginitatisque
3329 3834 3539 3879 arctam

1933 3924 2244 3981 custodiam
2274 3922 2514 3978 instituti
2576 3922 2805 3985 fuimus,
2848 3920 3036 3975 multae
3082 3929 3233 3981 sunt,
3288 3918 3537 3987 inquam,

1933 4033 2057 4088 qua:
2080 4016 2194 4071 tilio
2222 4032 2335 4070 uno
2368 4024 2646 4084 suscepto,
2679 4012 2906 4068 alterius
2943 4011 3047 4066 viri
3079 4009 3396 4081 coniugium
3426 4024 3537 4066 non

1934 4110 2257 4165 admittunt.
2304 4106 2449 4161 Sunt
2490 4105 2615 4159 alia:
2663 4120 2786 4173 quae
2820 4117 3050 4173 prorsus
3085 4101 3363 4155 immunes
3405 4114 3535 4169 per-

1929 4211 2158 4258 manent
2198 4201 2373 4257 virilis
2395 4199 2605 4270 copulae
2625 4207 2681 4253 et
2707 4206 2994 4254 contactus
3026 4205 3193 4265 atque
3221 4194 3532 4250 convictus.

1929 4298 2114 4352 Decus
2153 4294 2356 4366 alioqui
2423 4293 2669 4364 Deiparte
2714 4290 2954 4347 visibilia
3007 4289 3191 4344 omnia
3244 4300 3300 4343 et
3343 4287 3536 4341 invisi-

1927 4386 2057 4444 bilia
2115 4386 2353 4452 excedit,
2408 4384 2521 4440 Deo
2559 4383 2678 4440 solo
2734 4391 2987 4453 excepto,
3042 4378 3401 4451 quantumvis
3424 4376 3538 4449 74

1929 4481 2160 4553 gloriosa
2218 4490 2273 4537 et
2330 4479 2551 4536 eximia.
2636 4476 2748 4534 Sed
2815 4487 2872 4532 et
2947 4475 3050 4530 viri
3111 4471 3387 4528 innumeri
3438 4487 3535 4541 pa-

1933 4576 2067 4629 riter
2154 4572 2398 4645 virgines
2460 4571 2688 4626 fuerunt
2767 4578 2824 4625 et
2893 4578 3045 4624 sunt.
3082 4567 3137 4622 Si
3190 4582 3321 4636 ergo
3394 4565 3539 4621 viles

1926 4670 2264 4740 inutilesque
2375 4668 2563 4723 famuli
2679 4665 3003 4737 huiusmodi
3093 4660 3531 4719 charismatibus

1926 4765 2077 4836 digni
2106 4764 2401 4830 habentur,
2434 4762 2523 4817 illa
2546 4776 2669 4831 quae
2687 4760 3081 4814 charismatum
3105 4756 3535 4817 divinorumque

1924 4860 2197 4915 bonorum
2220 4857 2345 4913 fons
2374 4865 2479 4919 est,
2508 4855 2564 4911 in
2588 4854 2813 4909 nomine
2844 4851 2966 4905 Filii
2989 4850 3097 4916 sui,
3121 4847 3335 4904 Domini
3354 4844 3531 4900 nostri

1934 4952 2146 5022 Deique
2170 4948 2305 5007 Jesu
2351 4947 2581 5014 Christi,
2616 4946 2711 5018 qui
2739 4960 2885 5001 unus
2929 4945 2997 4999 de
3036 4953 3225 4997 sancta
3255 4940 3537 4996 Trinitate

1932 5055 2044 5112 est,
2101 5043 2381 5115 quomodo
2426 5055 2629 5112 expers
2673 5038 2841 5094 fuerit
2881 5045 2990 5091 tam
3032 5036 3262 5107 proprio
3307 5042 3363 5089 et
3415 5040 3535 5093 tam

1932 5137 2201 5210 peculiari
2234 5134 2595 5201 charismate,
2634 5132 2783 5205 quod
2823 5146 2944 5187 eam
2974 5129 3149 5186 solam
3201 5143 3301 5199 pro
3346 5125 3535 5198 digni-

1921 5485 2030 5534 tem
2066 5476 2661 5551 laudaverun_t,_prim_o
2684 5472 2909 5551 quidem
2944 5468 3000 5551 in
3031 5461 3331 5551 evangeliis
3360 5461 3529 5551 fibris

1920 5559 2039 5604 stus
2069 5548 2351 5610 Dominus,
2382 5534 2580 5602 deinde
2614 5534 2816 5600 Paulus
2837 5543 2892 5597 in
2914 5534 3534 5610 epistolis,'etJoannes

1920 5622 1975 5675 in
2009 5607 2377 5692 Apocalypsi?
2428 5618 2577 5673 Nihil
2609 5618 2872 5685 deinceps
2902 5611 3218 5692 eﬂecerunt
3261 5616 3339 5661 tot
3364 5607 3527 5692 lucu:-

1920 5683 2280 5761 lentissiiuiis'.
2314 5707 2435 5760 qua:
2489 5697 2733 5761 exstant,
2796 5683 2916 5761 pro_
2941 5683 3261 5761 virginitate
3304 5683 3533 5745 scriptis

1917 5763 2173 5819 Clemens
2224 5746 2526 5820 Romanus.
2575 5746 2828 5817 Basilius,
2877 5746 3182 5827 Gregorius
3219 5746 3522 5827 Nyssenus.

1920 5836 2361 5904 Chrysostomus,
2383 5820 3140 5905 Epiphanius,llicronyinus,
3156 5820 3522 5891 Augustinus,

1924 5906 2187 5975 Isidorus,
2221 5905 2427 5976 aliique
2450 5904 2471 5958 ?
2732 5944 2735 5947 .
