4142 6444
651 452 793 517 1343

2017 452 2249 515 PETRI
2305 452 2561 516 SICULI

655 575 767 621 tate
790 564 1044 631 decebat,
1069 580 1180 635 pra:
1205 566 1314 623 alio
1346 566 1563 623 mortali
1588 564 1805 639 quovis,
1839 581 2040 639 nempe
2062 574 2123 621 ut
2138 566 2259 623 sine

2378 567 2607 623 τοιούτου
2640 568 2941 627 ίδιαιτάτου
2973 573 3116 646 αὕτη
3141 576 3237 632 καὶ
3270 577 3556 650 ἐξαιρέτου
3583 580 3894 652 χαρίσματος,

653 657 871 713 semine
929 673 1110 731 regem
1167 657 1466 715 Dominum
1515 660 1781 731 pareret?
1827 660 2011 731 Atque
2063 659 2136 715 ob
2203 658 2261 715 id

656 749 1000 807 inaccessum
1023 751 1186 818 foret,
1210 753 1360 824 quod
1397 753 1769 809 reverentiam
1811 755 1897 810 vel
1920 754 2083 810 unice
2112 753 2263 825 cogi-

659 851 834 897 tatum
868 843 1086 906 incutit,
1121 856 1373 900 sanctum
1399 845 1529 901 illud
1555 856 1613 902 et
1660 848 2018 902 tremendum
2047 847 2263 903 anima-

655 941 774 989 tum
800 951 927 1003 vas;
960 936 1033 992 ita
1060 945 1121 991 ut
1142 938 1379 993 maxima
1404 939 1794 995 convenientia
1812 949 1983 1008 esset,
2007 955 2076 997 eo
2096 956 2262 1011 quem

656 1027 812 1083 solus
846 1028 963 1099 ipse
991 1028 1094 1084 scit
1116 1031 1302 1096 modo,
1327 1047 1453 1087 cum
1481 1030 1602 1102 ejus
1624 1031 1946 1089 honoranda
1974 1041 2031 1090 et
2047 1041 2260 1102 sancta,

656 1134 825 1191 quam
859 1120 929 1177 de
962 1120 1129 1178 Maria
1161 1126 1419 1197 sumpsit,
1454 1125 1834 1183 incarnatione
1862 1127 1887 1182 ’ί

730 1320 803 1377 Χ.
829 1322 947 1380 Hoc
976 1325 1145 1383 etiam
1189 1327 1595 1396 animadverte,
1644 1330 1793 1402 quod
1835 1340 1965 1388 ante
2012 1331 2263 1390 divinum

655 1416 879 1486 quidem
941 1432 1160 1489 partum
1194 1422 1425 1492 angelus
1464 1422 1709 1495 Josepho
1762 1425 1885 1483 ait:
1948 1425 2035 1482 Ne
2072 1427 2264 1484 timeas

657 1508 899 1579 accipere
919 1508 1155 1565 Mariam
1172 1513 1450 1585 conjugem
1477 1523 1646 1571 tuam.
1680 1514 1981 1589 Conjugem
2004 1518 2263 1589 appellat,

657 1614 732 1654 ne
758 1598 805 1655 is
830 1601 1194 1669 existimaret,
1229 1605 1605 1676 suspicionem
1631 1607 1869 1678 aliquam
1895 1624 2020 1665 esse
2042 1610 2110 1665 de
2150 1609 2265 1665 vir-

660 1690 809 1763 gine.
844 1691 974 1748 Post
1004 1692 1355 1750 Servatorem
1400 1705 1585 1753 autem
1640 1709 1799 1770 partu
1832 1700 2067 1768 editum,
2117 1703 2265 1759 haud

661 1783 894 1839 ulterius
918 1786 1210 1859 coniugem
1250 1788 1388 1844 dixit
1419 1805 1433 1841 :
1463 1788 1576 1845 Ceu
1609 1806 1742 1846 sene
1762 1808 1829 1847 ex
1856 1795 2088 1864 patratis
2129 1805 2261 1852 tunc

660 1876 947 1932 miraculis
976 1879 1110 1934 satis
1135 1880 1461 1936 confirmato
1483 1922 1500 1947 ,
1533 1884 1680 1953 quod
1703 1883 1952 1940 divinum
1985 1886 2117 1941 illud
2148 1884 2259 1942 non

614 2019 620 2024 .
664 1967 970 2023 humanum
1009 1978 1156 2025 esset
1214 1972 1535 2043 negotium:
1576 1972 1831 2030 videlicet
1872 1990 1944 2031 ex
1988 1976 2266 2049 Magorum

662 2060 931 2127 adventu,
956 2063 1277 2134 angelorum
1321 2066 1640 2137 bymnodia,
1683 2070 1990 2141 peregrinae
2024 2080 2081 2126 et
2103 2087 2270 2127 exor-

664 2151 893 2207 bitantis
924 2154 1094 2208 stellae
1126 2170 1292 2211 cursu
1329 2156 1891 2230 insolito,;pastorum
1927 2161 2268 2229 interventu,

663 2245 914 2315 atquein
950 2247 1147 2317 primis
1201 2258 1359 2320 partu
1392 2252 1514 2308 sine
1557 2253 1767 2310 dolore.
1806 2254 1917 2311 Sed
1961 2257 2109 2313 enim
2139 2257 2271 2328 quid

665 2339 785 2394 ait?
809 2341 980 2412 Surge
996 2352 1045 2398 et
1073 2346 1253 2415 accipe
1285 2363 1511 2415 puerum
1550 2364 1613 2403 ac
1640 2359 1871 2406 matrem
1899 2351 2039 2422 ejus,
2071 2363 2121 2407 et
2146 2356 2273 2426 fuge

666 2432 724 2485 in
745 2431 1059 2505 Ai'ggptum.
1121 2435 1185 2489 Et
1219 2448 1409 2507 postea
1442 2456 1456 2492 :
1506 2437 1698 2511 Surge,
1753 2441 1956 2513 inquit,
1994 2452 2045 2497 et
2086 2445 2271 2515 accipe

666 2539 917 2593 puerum,
948 2526 1153 2581 etvade
1170 2528 1225 2580 in
1254 2536 1456 2583 terram
1477 2527 1702 2585 lsraelis
1725 2531 1834 2586 7“.
1860 2531 2111 2600 Quanam
2138 2550 2273 2590 vero

666 2616 727 2671 in
784 2615 1069 2688 Scriptura
1124 2620 1464 2691 comperisti
1497 2622 1672 2694 ipsam
1699 2624 1870 2680 alium
1915 2642 2135 2697 quoque
2175 2643 2273 2698 pe-

668 2708 883 2780 perisse
910 2711 1209 2782 aliquando
1230 2729 1460 2783 puerum
1477 2716 1502 2768 ί
1527 2714 1642 2771 Nisi
1660 2715 1801 2772 forte
1815 2733 1885 2773 ex
1904 2719 2075 2773 multa
2090 2728 2274 2774 vestra

669 2802 918 2873 nequitia
959 2820 1025 2859 ac
1060 2813 1286 2874 stupore
1316 2806 1425 2879 75
1473 2818 1670 2864 contra
1724 2826 1947 2881 semper
2000 2812 2273 2884 virginem

672 2894 1077 2968 Deiparamque
1122 2899 1349 2955 Mariam
1379 2917 1575 2973 nugas,
1620 2901 1945 2959 latranlium
1987 2919 2143 2960 more
2180 2921 2276 2961 ca-

672 3007 834 3060 nunt,
863 3008 932 3049 ex
959 2992 1180 3065 impuro
1208 3009 1306 3052 ore
1333 3006 1519 3053 vestro
1552 2996 1609 3052 in
1643 3012 1860 3056 cassum
1888 2997 2188 3055 elIunditis.
2256 3010 2276 3065 ξ,

2360 659 2501 731 ὅπερ
2529 660 2668 732 αὐτῇ
2712 663 2811 717 καὶ
2871 664 3009 738 μόνῃ
3043 665 3210 731 ἀξίως
3238 666 3502 738 ἔπρεπεν,
3532 668 3566 740 ἢ
3617 669 3751 740 ἄλλῳ
3798 674 3897 739 τινὶ,

2359 753 2422 807 τὸ
2448 753 2508 819 ἐξ
2553 754 2725 827 αὐτῆς
2783 759 2969 812 τεκεῖν
3014 759 3274 831 ἀσπόρως
3301 759 3652 833 τὸνβασιλέα
3702 763 3897 836 Κύριονς

2362 847 2458 900 καὶ
2498 846 2589 901 διὰ
2641 847 2803 902 τοῦτο
2831 849 3152 923 ἀπρόσιτον.
3188 852 3309 918 δέος
3340 854 3605 926 ἐμποιοῦν
3657 856 3748 911 καὶ
3777 857 3902 926 μόνον

2362 939 2681 1010 νοούμενον,
2714 941 2871 1011 ἅγιον
2923 943 3021 999 καὶ
3051 944 3281 1017 φοϐερὸν
3316 946 3563 1017 ἔμψυχον
3609 948 3808 1016 σκεῦος,
3832 952 3904 1006 καί

2363 1034 2691 1102 συγγένειαν
2743 1034 3060 1109 ἀκροτάτην
3105 1038 3352 1110 ὑπάρξαι
3390 1040 3489 1111 τῆς
3518 1039 3685 1095 αὑτοῦ
3733 1044 3900 1114 τιμίας,

2361 1123 2437 1189 ὡς
2458 1125 2626 1192 αὐτὸς
2657 1126 2823 1199 μόνος
2870 1123 3035 1199 οἶδεν,
3067 1129 3164 1186 καὶ
3218 1131 3385 1202 ἁγίας
3422 1131 3483 1199 ἐξ
3514 1134 3686 1207 αὐτῆς
3735 1138 3906 1209 σαρκῶ-

2366 1235 2533 1286 σεωςς

2436 1312 2493 1366 ιι.
2526 1312 2728 1367 Σκόπει
2771 1312 2831 1370 δὲ
2864 1316 2962 1370 καὶ
3015 1316 3197 1383 τοῦτο,
3229 1316 3314 1373 δτι
3374 1317 3483 1391 πρὸ
3534 1318 3638 1391 μὲν
3676 1318 3764 1375 τοῦ
3794 1319 3907 1375 θείου

2363 1403 2525 1459 τόκου
2546 1408 2576 1459 ό
2611 1405 2844 1475 ἄγγελος
2871 1408 3009 1480 πρὸς
3041 1410 3135 1463 τδν
3178 1412 3381 1482 Ἰωσήφ
3416 1430 3605 1482 φησιν*
3638 1414 3731 1481 Μὴ
3764 1418 3909 1484 500611-

2362 1492 2478 1563 θῇς
2534 1497 2910 1567 παραλαϐεῖν
2971 1499 3217 1571 Μαριὰμ
3286 1500 3403 1571 τὴν
3473 1501 3729 1573 γυναῖκά
3801 1521 3906 1561 σου.

2368 1589 2613 1645 Γυναῖκα
2660 1591 2718 1645 δὲ
2769 1592 2936 1647 αὐτοῦ
2989 1590 3334 1659 εἷπεν,ῶστε
3379 1598 3455 1669 μὴ
3504 1597 3748 1669 νομίζειν
3784 1598 3910 1653 αὑτὸν

2363 1683 2846 1741 ὲπιδουλευθεῖσαν
2869 1687 3137 1759 ὑπάρχειν
3161 1688 3259 1759 τὴν
3285 1690 3579 1761 παρθένον.
3614 1691 3763 1746 Μετά
3786 1690 3911 1746 δὲτὺθ

2364 1776 2636 1847 σωτήριον
2665 1776 2847 1841 τόκον,
2881 1778 3067 1832 ούκέτι
3093 1780 3331 1847 γυναῖκα
3348 1779 3513 1833 αὐτοῦ
3541 1774 3716 1844 εἶπεν,
3739 1780 3805 1844 ὡς
3827 1784 3909 1845 τοῖς

2370 1867 2614 1938 θαύμασι
2644 1870 2759 1934 τοῖς
2783 1870 2907 1924 τότε
2938 1872 3256 1942 γενομένοις
3296 1870 3392 1925 τοῦ
3425 1872 3733 1944 πρεσϐύτου
3758 1873 3911 1936 iuau‘o;

2372 1962 2768 2033 βεδαιωθέντος
2791 1964 2938 2020 θετον
2966 1960 3108 2020 εἶναι
3138 1967 3201 2021 τὸ
3231 1968 3467 2039 πρᾶγμα
3501 1969 3599 2023 καὶ
3628 1969 3726 2023 οὐκ
3752 1968 3912 2041 ἀνθρὼ-

2370 2073 2566 2110 πινον·
2598 2056 2746 2127 λέγω
2793 2058 2853 2112 δὲ
2910 2061 2977 2131 τῇ
3023 2058 3137 2113 τῶν
3186 2060 3380 2131 μάγων
3412 2061 3787 2135 ὲπιδημίᾳ,τῇ
3834 2060 3912 2117 τῶν

2370 2146 2621 2217 ἀγγέλων
2669 2148 2935 2222 ὑμνῳδίᾳ,
2986 2150 3068 2221 τῷ
3128 2150 3283 2219 ξένου
3338 2151 3435 2207 καὶ
3488 2151 3907 2225 παρηλλαγμένον

2372 2240 2606 2314 ἀστέρος
2660 2241 2887 2315 ἐξαισίῳ
2938 2243 3149 2316 δρόμῳ,
3223 2248 3293 2318 τῇ
3346 2246 3457 2299 τῶν
3513 2245 3785 2318 ποιμένων
3829 2248 3916 2301 ἑπι-

2375 2332 2594 2403 στασία,
2633 2334 2729 2387 καὶ
2770 2335 2876 2406 πρὸ
2900 2333 3129 2405 τούτων,
3178 2339 3247 2408 τῇ
3287 2336 3534 2409 ἀνωδίνῳ
3587 2336 3917 2411 λοχείᾳσάὶλὰ

2370 2424 2423 2478 τί
2460 2441 2660 2497 φησιν;
2703 2426 2995 2496 Ἐγερθεὶς
3019 2426 3335 2496 παράλαϐε
3358 2428 3428 2482 τὸ
3457 2429 3724 2497 παιδίον,
3740 2428 3823 2484 καί
3836 2429 3919 2499 τὴν

2364 2516 2596 2587 μητέρα
2626 2518 2836 2585 αὐτοῦ,
2863 2519 2962 2574 καὶ
2977 2519 3164 2591 φεῦγε
3185 2521 3274 2589 εις
3296 2520 3633 2593 Αιγυπτον
3663 2524 3754 2577 καὶ
3775 2522 3918 2578 πάλιν·

2385 2606 2699 2677 Ἐγερθεὶς,
2740 2609 2897 2685 φησὶ,
2942 2609 3253 2679 παράλαϐε
3294 2609 3364 2664 τὸ
3410 2609 3677 2676 παιδίον,
3707 2609 3796 2665 καί
3837 2608 3923 2676 τὴν

2367 2698 2597 2769 μητέρα
2623 2699 2834 2768 αὐτοῦ,
2876 2700 2977 2755 καί
3015 2701 3279 2771 πορεύου
3307 2703 3396 2769 εἰς
3434 2701 3557 2773 γῆν
3599 2701 3924 2772 Ἰσραήλ-ὲν

2374 2791 2507 2863 ποίᾳ
2533 2790 2593 2845 δὲ
2624 2794 2812 2865 γραφῇ
2851 2785 3011 2865 εὗρες
3039 2792 3278 2868 λεγούσῃ
3311 2793 3486 2867 αὐτὴν
3511 2795 3613 2849 καί⁵
3647 2795 3817 2866 ἕτερον
3837 2791 3925 2846 υίόν

2374 2883 2637 2955 γεννῆσαί
2666 2901 2829 2953 ποτες
2872 2887 2921 2939 εί
2944 2885 3021 2958 μὴ
3042 2886 3107 2940 ὲκ
3137 2887 3475 2957 κακουργίας
3498 2888 3597 2941 καὶ
3614 2886 3805 2956 πολλῆς
3848 2886 3924 2954 ιμ-

2377 2975 2711 3049 6ροντησίας
2763 2980 2907 3033 κατά
2959 2979 3061 3049 τῆς
3121 2979 3513 3053 Ἀειπαρθένου
3558 2981 3657 3035 καὶ
3709 2978 3927 3034 Θεοτόκου

2380 3069 2605 3141 Μαρίας
2627 3069 2730 3135 τὰς
2754 3070 3051 3144 φλυαρίας,
3087 3071 3248 3144 δίκην
3290 3072 3472 3129 κυνῶν
3500 3072 3859 3127 ὑλακτούντων
3881 3072 3927 3121 ὲκ

2380 3162 2494 3217 τῶν
2528 3164 2901 3237 ἀνοσιουργῶν
2943 3165 3102 3238 ὑμῶν
3137 3168 3423 3238 στομάτων
3473 3168 3656 3239 μάτην
3685 3164 3925 3237 ἐκφέρετε.

750 3264 846 3321 Χι.
898 3265 976 3321 De
1024 3265 1154 3323 ﬁliis
1180 3276 1365 3323 autem
1397 3283 1428 3322 a
1453 3265 1695 3338 Josepho
1740 3281 1877 3324 sene
1905 3274 2035 3322 ante
2071 3264 2278 3323 Christi

2453 3256 2557 3311 ΙΝ.
2598 3257 2738 3329 Περὶ⁵
2767 3257 2826 3311 δὲ
2859 3258 2970 3312 τῶν
2995 3259 3130 3313 υίῶν
3161 3259 3360 3332 Ἰωσὴφ
3385 3259 3481 3314 τοῦ
3511 3259 3812 3332 πρεσϐύτου
3850 3256 3931 3311 τῶν

677 3357 980 3414 adventum
1010 3360 1233 3431 genitis,
1256 3360 1380 3430 quis
1415 3359 1521 3416 fide
1546 3360 1763 3432 dignior
1796 3360 1952 3415 testis
1989 3358 2082 3425 sit,
2112 3373 2280 3429 quam

678 3452 787 3522 ipsi
812 3452 888 3507 illi
925 3452 1127 3519 sancti,
1156 3454 1253 3523 qui
1284 3468 1476 3510 servos
1505 3469 1564 3509 se
1590 3470 1703 3508 non
1733 3453 1932 3509 fratres
1954 3452 2283 3523 appellant?

679 3547 928 3613 Quorum
971 3563 1116 3602 unus
1163 3546 1337 3603 dicit:
1388 3545 1623 3603 Iacobus
1679 3546 1775 3601 Dei
1806 3555 1857 3601 et
1902 3546 2117 3603 Domini
2184 3561 2283 3599 που

681 3641 783 3695 stri
833 3640 966 3695 Iesu
1032 3640 1232 3695 Christi
1295 3657 1475 3696 servus
1520 3642 1564 3706 ⁸,
1625 3638 1885 3696 videlicet
1936 3652 2283 3709 nequaquam

684 3730 879 3785 frater.
912 3730 1065 3785 Alter
1090 3745 1224 3786 vero
1252 3747 1272 3786 :
1303 3730 1474 3786 ludas
1495 3730 1625 3785 Jesu
1654 3730 1857 3786 Christi
1884 3746 2065 3785 servus
2092 3738 2150 3785 et
2170 3744 2285 3784 non

687 3824 852 3888 dixit,
888 3824 1079 3880 frater.
1115 3822 1423 3894 Statimque
1458 3824 1648 3880 addit:
1704 3825 1874 3896 frater
1899 3832 2081 3878 autem
2118 3822 2287 3877 Jaco-

690 3919 743 3973 bi
769 3917 857 3969 3"»
886 3932 1180 3974 erroneant
1224 3918 1396 3973 veluti
1430 3918 1715 3990 corrigens
1745 3917 2045 3973 multorum
2075 3915 2293 3989 opinio-

691 4026 843 4076 nem,
874 4010 1167 4082 palamque
1194 4011 1410 4067 cunctis
1428 4010 1694 4066 nuntians
1723 4010 1917 4066 audire
1936 4010 2286 4066 volentibus:

694 4102 903 4159 Servus
936 4118 1083 4166 sum,
1112 4118 1145 4158 ο
1185 4104 1459 4170 homines,
1498 4101 1711 4159 Domini
1733 4100 1864 4158 Jesu
1896 4102 2122 4159 Christi.
2180 4099 2293 4155 Cur

693 4212 785 4252 me
826 4196 1053 4253 fratrem
1094 4197 1217 4268 ejus
1247 4196 1476 4263 vocatis,
1509 4196 1670 4268 cujus
1694 4197 1966 4267 stupenda
2008 4194 2297 4251 nativitatc

692 4291 951 4347 caelestes
984 4307 1205 4363 quoque
1230 4292 1467 4347 virtutes
1489 4290 1740 4347 attonita:
1770 4288 2014 4355 fuerunt,
2052 4302 2184 4377 cum
2215 4286 2300 4342 di-

693 4385 841 4443 vina:
861 4384 1294 4457 dispensationis
1327 4384 1653 4458 mysterium
1687 4398 1949 4439 enarrare
1977 4380 2300 4453 nequirent?

698 4478 817 4535 Etsi
866 4479 959 4536 ille
1000 4480 1321 4536 humanitus
1360 4480 1547 4535 omnia
1598 4478 1790 4535 audire
1827 4492 1938 4533 non
1980 4474 2292 4540 recusabat,

2390 3348 2586 3421 πρώην
2616 3349 2767 3419 αύτῷ
2810 3351 3184 3424 γεννηθέντων
3228 3352 3328 3423 τῆς
3364 3352 3461 3406 τοῦ
3502 3351 3743 3424 Χριστοῦ
3776 3366 3935 3423 παρου-

2393 3442 2538 3508 σίας,
2559 3442 2644 3509 τίς
2670 3443 3117 3516 ἀξιοπιστότερος
3149 3444 3362 3518 μάρτυς
3401 3445 3633 3500 ἐκείνων
3664 3443 3828 3499 αὐτῶν
3849 3445 3935 3495 ἐστι

2390 3536 2638 3602 δικαίων,
2686 3536 2911 3602 δούλους
2958 3538 3188 3602 ἑαυτοὺς
3229 3538 3645 3611 ὁμολογούντων
3686 3538 3788 3593 οὐδ’
3820 3536 3939 3592 hid-

2395 3631 2531 3702 φούς
2552 3648 2567 3699 ;
2591 3624 2668 3687 ῶν
2691 3632 2721 3685 ὁ
2751 3632 2853 3704 μὲν
2876 3631 3079 3704 ἔφησεν
3097 3649 3112 3663 ·
3160 3632 3430 3701 Ἰάκωϐος
3459 3632 3613 3689 Θεοῦ
3642 3632 3739 3687 καί
3767 3627 3940 3699 Κυρίου

2408 3725 2616 3795 Ἰησοῦ
2642 3725 2905 3795 Χριστοῦ
2927 3725 3175 3793 δοῦλος,
3208 3726 3302 3781 καὶ
3329 3726 3431 3780 οὐκ
3456 3726 3691 3797 ἀδελφὸς
3714 3722 3938 3796 δηλονότι·

2403 3821 2500 3873 καὶ
2520 3818 2549 3872 ὁ
2578 3819 2786 3891 ἕτερος·
2822 3818 3057 3884 Ἰούδας
3097 3817 3305 3887 Ἰησοῦ
3331 3819 3597 3888 Χριστοῦ
3625 3817 3852 3882 δοῦλος,
3871 3813 3943 3867 οὐκ

2394 3910 2626 3982 ἀδελφὸς
2649 3908 2849 3965 εἰπών’
2880 3911 2974 3965 καὶ
3000 3910 3165 3975 εὐθὺς
3186 3909 3465 3984 ἐπιφέρει,
3493 3911 3759 3983 ἀδελφὸς
3772 3909 3832 3963 δὲ
3860 3908 3944 3961 ’Ia-

2395 4002 2610 4058 κὼὄου·
2636 4002 2737 4075 τὴν
2758 4002 3191 4074 πεπλανημένην
3210 4003 3421 4058 ἔννοιαν
3440 4003 3547 4059 τῶν
3576 4003 3783 4058 πολλῶν
3800 4001 3945 4068 ὥσπερ

2395 4094 2875 4168 ὲπιδιορθούμενος
2898 4098 2957 4150 ὲν
2977 4096 3058 4167 τῷ
3079 4097 3276 4164 εἰπεῖν,
3299 4096 3565 4168 ἁθελρὸς
3584 4097 3659 4151 δὲ
3690 4094 3945 4154 Ἰακώϐου.

2400 4191 2498 4246 καὶ
2534 4189 2725 4260 σαφῶς
2770 4192 2908 4246 πᾶσι
2942 4190 3282 4260 διαγγέλλων
3322 4194 3437 4257 τοῖς
3465 4191 3691 4248 ἀκούειν
3722 4191 3949 4246 ἐθέλουσιν

2401 4286 2487 4341 δτι
2521 4283 2722 4350 Δοῦλός
2752 4286 2892 4357 είμι,
2924 4284 3242 4357 ἀνθρωττοι,
3273 4285 3369 4341 τοῦ
3405 4285 3617 4359 Κυρίου
3653 4284 3820 4358 Ἰησοῦ
3850 4284 3946 4352 X9:-

2406 4378 2557 4435 στοῦ.
2586 4379 2654 4433 Τί
2685 4394 2755 4451 με
2784 4375 3005 4433 καλεῖτε
3034 4377 3267 4448 ἀδελφὸν
3291 4378 3481 4445 αὑτοῦ,
3510 4372 3575 4433 οὗ
3603 4381 3663 4434 ὲν
3680 4378 3756 4450 τῷ
3781 4371 3951 4449 φρικτῷ

2406 4471 2553 4544 τόκῳ
2592 4470 2687 4526 καὶ
2738 4472 2793 4526 αί
2825 4469 3149 4541 ὑπουράνιοι
3191 4469 3453 4543 δυνάμεις
3481 4470 3870 4543 ἐξεπλάγησαν,
3900 4464 3952 4533 μὴ

697 4572 1117 4630 infirmitatibus
1178 4573 1386 4630 nostris
1434 4571 1747 4645 indulgens.
1801 4571 1941 4627 Nam
1972 4578 2029 4626 et
2073 4567 2280 4639 Ioseph

2378 4614 2382 4635 _
2409 4559 2746 4631 εύποροῦσαι
2777 4560 2879 4632 τῆς
2904 4559 3060 4624 θείας
3100 4560 3418 4631 οἰκονομίας
3450 4559 3613 4632 ['cod.
3641 4560 3684 4616 ἰ.
3717 4559 3834 4615 159.
3856 4554 3955 4627 HV-

701 4665 904 4723 Filium
957 4667 1273 4738 appellari’
1307 4682 1368 4723 se
1408 4665 1664 4733 audiens,
1713 4679 2033 4736 quanquam
2073 4661 2305 4719 minime

701 4766 881 4824 esset,
918 4775 1032 4815 non
1062 4776 1209 4833 aegre
1238 4760 1451 4817 ferebat
1482 4776 1497 4813 :
1523 4769 1581 4815 et
1604 4758 1761 4831 quasi
1790 4757 1948 4814 faber
1976 4770 2076 4827 per
2103 4763 2307 4811 contu-

704 4852 926 4907 meliam
956 4869 986 4908 a
1023 4854 1382 4911 mendacibus
1412 4852 1617 4910 ludatis
1649 4861 1898 4918 vocatus,
1936 4866 2051 4907 non
2100 4850 2306 4904 irasce-

705 4947 888 5003 batur.
927 4947 995 5002 Et
1023 4962 1054 5002 a
1086 4947 1245 5003 nobis
1288 4956 1420 5003 ante
1462 4948 1584 5019 ejus
1611 4947 1911 5003 adventum
1952 4958 2018 5000 ex
2062 4942 2307 5013 Joscpho

706 5037 946 5108 genitus,
984 5037 1210 5105 Jacobo,
1241 5039 1501 5111 ,inquam,
1541 5036 1691 5104 Jose,
1739 5046 1795 5094 et
1829 5035 2078 5102 Simone,
2113 5042 2171 5090 et
2213 5046 2304 5089 me

706 5144 927 5199 quoque
949 5128 1091 5185 Juda
1114 5130 1182 5196 ⁸ο,
1205 5130 1278 5186 ob
1308 5132 1548 5202 priorem
1578 5138 1827 5186 nostram
1850 5127 2302 5186 incredulitatem

711 5218 972 5290 reiectus,
1013 5236 1126 5276 non
1153 5223 1474 5291 excanduit,
1512 5223 1698 5279 sciens
1724 5226 1980 5278 humana:
2009 5220 2303 5277 infirmita-

707 5310 778 5366 tis
825 5310 1199 5384 fragilitatem,
1246 5314 1377 5370 dum
1411 5331 1540 5372 eum
1581 5315 1993 5387 alloqueremur
2022 5316 2299 5385 ltanquam

706 5414 868 5461 aetate
899 5408 1173 5478 corporali
1198 5408 1432 5480 priores,
1467 5410 1702 5483 ideoque
1715 5411 1769 5468 ei
1794 5411 2143 5477 aemulantes,
2165 5422 2297 5481 pro-

2408 4655 2661 4726 αγγεῖλαι
2705 4654 2770 4709 τὸ
2821 4654 3157 4727 μυστήριον;
3208 4655 3259 4709 εί
3304 4655 3403 4709 καὶ
3426 4655 3786 4727 ἀνθρωπίνως
3816 4650 3956 4705 πάντα

2406 4751 2731 4823 κατεδέχετο
2768 4750 3012 4817 ἀκούειν,
3044 4750 3504 4821 συγκαταϐαίνων
3542 4751 3664 4815 ταῖς
3694 4743 3958 4805 ἀσθενείαις

2404 4843 2566 4916 ἡμῶν
2585 4862 2598 4875 ·
2626 4844 2726 4899 καὶ
2757 4844 2869 4917 γὰρ
2896 4845 2996 4899 καὶ
3024 4845 3141 4910 υἱὸς
3176 4844 3378 4917 Ἰωσὴφ
3414 4842 3653 4908 ἀκούων,
3679 4842 3868 4909 καίπερ
3901 4832 3958 4905 μὴ

2405 4938 2482 4992 ὢν
2507 4939 2621 5003 υίὸς
2648 4936 2841 5003 αὑτοῦ,
2864 4938 2967 4993 οὐκ
2988 4937 3380 5010 ἐδυσχέρανεν⁸
3409 4938 3507 4994 καὶ
3531 4937 3610 5002 ὡς
3632 4936 3832 4991 τέκτων
3850 4932 3956 4985 ὀνει-

2406 5031 2612 5097 δισθεὶς
2665 5032 2772 5087 ὑπὸ
2800 5031 2913 5088 τῶν
2963 5031 3187 5086 πλάνων
3232 5030 3531 5098 Ἰουδαίων,
3575 5031 3679 5086 οὐκ
3714 5023 3954 5099 ὠργίσθη·

2409 5125 2506 5179 καὶ
2536 5123 2669 5197 παρ’
2710 5124 2872 5197 ἡμῶν
2911 5123 3023 5178 τῶν
3049 5123 3160 5196 πρὸ
3204 5123 3307 5195 τῆς
3347 5123 3515 5179 αὐτοῦ
3550 5120 3845 5196 παρουσίας
3863 5130 3957 5185 γεν-

2406 5215 2681 5288 νηθέντων
2730 5217 2809 5290 τῷ
2858 5211 3058 5290 Ἰωσὴφ
3092 5217 3168 5290 (9)
3223 5216 3507 5284 Ἰακώϐου,
3562 5218 3659 5272 καὶ
3696 5213 3861 5283 Ἰωσὴ,
3890 5204 3958 5261 καὶ

2407 5311 2673 5382 Σίμωνος,
2714 5311 2811 5366 καὶ
2854 5312 2991 5384 ἐμοῦ
3021 5310 3190 5368 αὐτοῦ
3232 5311 3425 5379 Ἰούδα,
3456 5310 3518 5378 ἐξ
3549 5309 3802 5371 ἀπιστίας
3835 5300 3959 5376 ἡμῶν

2403 5402 2504 5474 τῆς
2537 5401 2733 5475 πρώην
2759 5402 3226 5475 ἀπελαυνόμενος,
3244 5404 3347 5458 οὐκ
3372 5401 3695 5477 ὲμηνίασεν,
3720 5396 3862 5459 είδὼς
3879 5390 3955 5460 τῆς

780 5519 872 5555 ⁷⁸*
901 5521 1092 5579 Matth.
1123 5539 1199 5593 ιι,
1229 5526 1322 5581 20.
1399 5528 1421 5561 ⁸
1442 5527 1558 5585 Jac.
1596 5544 1638 5599 ι,
1674 5528 1729 5585 l.
1800 5528 1859 5564 "
1886 5527 2014 5585 Jud.
2044 5528 2097 5584 l.
2173 5528 2195 5560 ’
2218 5524 2283 5581 lo

2378 5562 2381 5574 .
2407 5536 2484 5587 vt,
2506 5517 2602 5574 ιε.
2676 5519 2721 5551 ¹⁶
2747 5518 3071 5587 Matth.xnt,
3099 5518 3189 5577 55.

789 5652 873 5729 (9l_
901 5651 1058 5719 Quod
1087 5653 1284 5711 beatus
1306 5653 1582 5728 Josephus
1598 5673 1664 5729 ex
1690 5659 1873 5729 priore
1895 5657 2149 5728 conjuge,
2176 5661 2306 5708 ante

716 5725 941 5806 nuptias
963 5740 1102 5807 cum
1129 5742 1353 5807 semper
1372 5725 1580 5800 virgine
1606 5725 1794 5807 Maria,
1822 5725 2024 5807 liberos
2046 5725 2308 5807 sitscepe-

721 5795 815 5858 rit,
839 5795 931 5865 qui
963 5794 1169 5853 idcirco
1201 5794 1397 5854 latiore
1432 5794 1596 5857 sénsu
1623 5801 1830 5856 fuerint
1851 5800 2051 5856 fratres
2069 5794 2304 5857 Domini,

722 5879 831 5947 non
874 5866 1017 5921 Petri
1057 5868 1221 5947 hujus
1247 5873 1650 5947 tantummodo,
1693 5873 1787 5929 sed
1825 5882 1881 5947 e_t
1915 5868 2306 5947 nonnullorum

721 5931 945 5993 Patrum
980 5931 1252 5996 sententia
1281 5940 1405 6011 fuit,
1431 5959 1572 6015 quos
1593 5931 1725 6003 citat
1746 5959 1814 6002 ex
1845 5942 2081 6001 Baronio
2110 5938 2312 5997 Sandi-

2413 5642 2924 5723 nius_ilist:__famil.
2961 5662 3101 5723 sacr.
3126 5662 3184 5723 p1
3213 5644 3358 5723 425;
3387 5637 3960 5723 contradicente

2413 5700 3105 5789 apprimerllieroiivmo—in
3126 5700 3476 5789 Matth.:cap.
3513 5726 3611 5767 ιη.
3643 5709 3735 5789 his
3765 5700 3958 5789 Vfl'ylifj

2421 5731 2481 5785 ap
2526 5733 2663 5772 rime
2698 5731 3030 5789 Hieronymo
3052 5734 3105 5772 ll'l
3137 5731 3328 5772 mattn.
3354 5731 3476 5783 cap.
3513 5731 3611 5767 ΧΠ.
3655 5731 3735 5763 tus
3768 5731 3919 5778 γειυιςι
3948 5734 3958 5746 -

2421 5807 2439 5841 ι
2472 5731 2705 5852 ὅυίιιειη
2742 5789 2945 5847 fratres
2968 5788 3189 5845 Domini
3212 5789 3282 5845 de
3310 5784 3414 5841 alia
3441 5796 3611 5839 uxore
3636 5774 3828 5848 Joseph
3851 5770 3960 5852 ῦίιθε

2420 5877 2441 5912 ‹
2482 5841 3244 5935 suspicantur,sequentes
3265 5856 3625 5935 deliramenta
3647 5841 3960 5935 ,δβοδῖξίζξῗέ

2424 5909 2443 5985 ᾇ
2495 5909 3748 6007 nauigaris;tigna“mulierculas.
3792 5909 3959 5973 conﬁn-

3792 464 3896 531 nu
4014 416 4015 439 Ν

4016 522 4025 589 l
