4142 6446
279 353 414 421 1345

1256 355 1518 417 SERMO
1554 356 1614 418 Il
1650 353 2055 419 ADVERSUS
2094 353 2580 420 MANICﬂfEOS.

3436 362 3576 428 1346

273 469 633 543 ἀνθρωπίνης
665 465 954 531 ἀσθενείας
987 466 1049 520 τὸ
1085 467 1386 534 εὑόλισθον,
1417 468 1688 537 λεγόντων
1715 468 1874 539 ήμῶν

1983 480 2106 541 pter
2132 487 2406 527 summam
2433 472 2608 528 nostri
2653 471 2838 528 cordis
2858 474 3187 540 caecitatem,
3211 483 3272 531 ut
3303 477 3378 531 ait
3404 493 3578 532 evan-

276 566 417 638 πρὸς
463 564 650 628 αὑτὸν,
697 562 775 627 ὠς
825 561 921 616 ἆτε
970 560 1208 632 πρώτων
1245 564 1312 633 τῇ
1351 565 1643 634 σωματικῇ
1689 561 1878 633 ἡλικίᾳ

276 656 657 728 ὑπαρχόντων,
689 655 788 708 καὶ
816 654 904 707 διά
929 653 1091 708 τοῦτο
1115 653 1570 724 ζηλοτυπούντων
1600 653 1750 725 αύτῷ
1788 655 1879 709 διὰ

273 750 338 803 τὸ
363 749 551 820 ἀκμὴν
575 747 999 819 πεπωρωμένην
1025 746 1172 817 ἔχειν
1201 747 1300 819 τὴν
1333 746 1585 819 καρδίαν,
1608 746 1684 812 ὥς
1713 763 1878 815 φησιν

274 845 307 896 ὁ
339 843 738 913 εὑαγγελιστής
758 857 773 872 ⁸
810 841 906 896 καὶ
935 839 1205 909 λεγόντων
1232 841 1436 907 αὐτῶν,
1462 839 1760 908 Μετάϐηθι
1784 840 1878 893 ἐν-

273 938 512 1001 τεῦθεν,
544 936 642 990 καί
671 937 896 990 ἄπελθε
921 937 1008 1001 εἰς
1043 935 1160 1005 τὴν
1199 934 1525 1000 Ἰουδαίαν,
1560 935 1664 994 ἵνα
1695 934 1796 989 καὶ
1822 937 1878 988 ol

269 1029 539 1098 μαθηταί
592 1043 711 1082 σου
764 1027 1118 1096 θεωρήσωσι
1172 1027 1247 1082 τὰ
1298 1028 1445 1098 ἔργα
1495 1042 1638 1090 σου.
1699 1029 1738 1081 ἂ
1796 1030 1878 1081 σὺ

275 1119 504 1188 ποιεῖς·
536 1119 897 1184 ἀπιστοῦντες
925 1117 1074 1189 αὐτῷ
1105 1119 1195 1173 διὰ
1225 1120 1286 1173 τὸ
1311 1117 1519 1182 ἀτελῶς
1544 1118 1878 1184 διακεῖσθαι,

275 1215 375 1268 καὶ
403 1215 570 1284 μήπω
591 1213 673 1284 τῷ
697 1213 838 1284 ἁγίῳ
859 1213 1140 1284 Πνεύματι
1166 1211 1582 1284 βαπτισθέντες.
1612 1212 1725 1282 Τῆς
1747 1211 1881 1281 γοῦν

277 1307 434 1370 Θείας
477 1306 803 1376 ἐπιφανείας
831 1293 926 1360 τοὺ
967 1307 1127 1376 ἁγίου
1169 1305 1492 1376 Πνεύματος
1527 1305 1875 1372 ἀξιωθέντες,

274 1401 354 1465 ὥς
382 1418 549 1471 φησιν
577 1402 611 1471 ή
644 1400 740 1461 τοῦ
778 1400 1048 1470 ἀψευδοῦς
1096 1398 1417 1470 ὑπόσχεσις,
1449 1398 1546 1451 νῦν
1577 1398 1653 1461 ὡς
1681 1398 1879 1452 τέλειοι

277 1495 505 1559 τελείοις
555 1495 684 1565 ὑμῖν
715 1497 851 1548 πᾶσι
876 1496 987 1557 τοῖς
1020 1494 1124 1547 ὑπὸ
1147 1493 1238 1547 τὸν
1281 1491 1515 1564 οὐρανὸν
1555 1492 1875 1545 ἐπιστέλλο-

280 1605 402 1658 μεν,
433 1590 514 1641 ὅτι
545 1587 721 1642 δοῦλοί
757 1589 925 1656 ἐσμεν
952 1585 1046 1640 τοῦ
1079 1586 1311 1658 Κυρίου,
1338 1586 1439 1639 οὐκ
1466 1585 1689 1653 ἀδελφοί
1712 1601 1725 1615 ο
1765 1582 1880 1654 ἐγὼ

277 1678 335 1730 δὲ
371 1675 574 1740 Ἰούδας
623 1677 722 1730 καὶ
767 1675 1048 1742 Ἰάκωϐος,
1082 1675 1309 1744 ἀδελφοὶ
1347 1674 1596 1746 ἀλλήλων
1625 1673 1875 1746 ὑπάρχο-

280 1787 402 1840 μεν.
430 1769 586 1840 Τάχα
612 1769 669 1822 δὲ
705 1769 794 1823 διὰ
819 1768 980 1822 τοῦτο
1007 1769 1102 1821 καὶ
1125 1769 1154 1820 ὁ
1178 1768 1384 1837 Κύριος
1408 1768 1484 1831 ὼς
1516 1765 1879 1838 προγνώστης
1909 1752 1952 1809 Β

275 1862 376 1932 οὐχ
412 1860 492 1914 ἐνί
528 1878 636 1914 τινι
670 1860 731 1927 ἐξ
777 1861 962 1914 αὐτῶν
991 1861 1089 1929 τὴν
1130 1857 1520 1928 Ἀειπάρθενον
1559 1859 1656 1912 καὶ
1689 1858 1882 1912 Θεοτό-

277 1973 374 2008 κον
426 1956 485 2008 ὲν
522 1954 600 2025 τῷ
644 1955 866 2025 σταυρῷ
901 1954 1251 2026 κρεμάμενος
1287 1952 1584 2022 παρέθετο,
1625 1951 1766 2007 ἀλλά
1797 1951 1877 2023 τῷ

281 2047 448 2118 [cod.
482 2046 523 2102 f.
580 2045 704 2101 159.
745 2047 799 2101 b.
826 2045 846 2117 ]
875 2046 1124 2115 Θεολόγῳ
1151 2044 1248 2098 καὶ
1281 2045 1500 2116 μαθητῇ
1545 2045 1766 2116 Ἰωάννῃ
1803 2044 1881 2116 τῷ

279 2137 383 2209 υἱῷ
427 2136 751 2204 Ζεϐεδαίου,
799 2136 888 2190 ἵνα
936 2135 1162 2199 τελείως
1187 2136 1317 2198 τοὺς
1357 2135 1596 2198 πλάνους
1637 2136 1879 2190 ἀποϐου-

276 2231 486 2303 κολήσῃ
515 2231 614 2302 τῆς
645 2229 1075 2300 πεπλανημένης
1104 2229 1285 2284 αὐτῶν
1312 2229 1546 2293 ἐννοίας.
1581 2229 1642 2281 Εἰ
1665 2230 1772 2300 γὰρ
1801 2229 1878 2300 μὴ

270 2323 436 2377 τοῦτο
476 2318 568 2394 ἦν,
613 2323 732 2386 πῶς
769 2322 1052 2392 ἐνεδέχετο
1104 2322 1191 2374 ἴνα
1233 2321 1361 2385 τοὺς
1389 2322 1542 2384 υἱοὺς
1573 2321 1763 2391 αὐτῆς,
1803 2320 1879 2386 ὣς

273 2433 439 2485 φατε,
482 2417 693 2470 ἐάσασα
739 2415 861 2486 μεθ’
888 2414 1080 2487 ἑτέρου
1130 2415 1504 2484 συνοικήσειὴ
1549 2412 1878 2485 Ἀειπάρθε-

273 2527 410 2577 νος;
454 2507 596 2561 Ἀλλ’
651 2507 843 2581 ὥσπερ
880 2502 1037 2571 οὗτος
1074 2507 1103 2559 ό
1132 2506 1406 2577 παρθένος
1447 2507 1544 2559 καὶ
1577 2504 1839 2574 Θεολόγος
1862 2545 1877 2570 ,

271 2601 510 2671 ἁδελφὸς
543 2600 653 2653 ὑπὸ
676 2599 771 2654 τοῦ
797 2598 1008 2670 Κυρίου
1046 2598 1292 2668 ἐλέγετο,
1324 2597 1499 2660 οὕτως
1525 2598 1769 2649 κάκεῖνοι
1792 2595 1882 2649 διὰ

269 2693 378 2766 τὴν
421 2693 742 2764 οίκονομίαν
784 2692 1008 2760 ἀδελφοὶ
1051 2691 1324 2759 ἐλέγοντο,
1370 2690 1469 2759 οὐχ
1500 2689 1608 2742 ὑπὸ
1630 2687 1725 2742 τοῦ
1760 2690 1879 2742 Κυ-

274 2787 423 2859 ρίου,
471 2784 587 2838 άλλ⁹
637 2783 746 2837 ὑπὸ
788 2783 899 2836 τῶν
929 2783 1138 2853 ὄχλων*
1189 2781 1430 2852 οὐδαμοῦ
1461 2782 1572 2852 γὰρ
1622 2780 1879 2851 εὑρήσεις

268 2879 371 2933 τὸν
417 2877 623 2948 Κύριον
670 2877 936 2946 ἀδελφοὺς
968 2874 1135 2928 αὑτοῦ
1167 2875 1391 2938 τούτους
1421 2875 1876 2940 άποκαλέσαντα,

269 2970 328 3022 εί
366 2969 444 3040 μὴ
481 2970 531 3021 οἱ
564 2967 857 3022 ἀπόστολοι
891 2967 988 3021 καὶ
1030 2968 1080 3019 oi
1105 2966 1254 3036 ὄχλοι
1284 2966 1509 3031 τούτους
1538 2965 1712 3028 οὕτως
1742 2966 1876 3019 ὠνό-

1976 564 2192 635 gelista,
2224 565 2384 635 eique
2415 566 2667 621 dicentes
2699 585 2711 620 :
2751 565 2945 621 Transi
2969 569 3115 631 hinc,
3152 577 3202 622 et
3226 570 3357 623 vade
3389 571 3446 623 in
3480 571 3575 624 Ju-

1975 655 2171 724 dwam,
2197 666 2254 710 ut
2277 666 2326 711 et
2351 659 2429 711 tui
2444 659 2690 727 discipuli
2703 675 2862 729 opera
2883 670 2973 713 tua
2995 677 3112 730 qua'
3125 662 3256 732 facis
3275 663 3486 716 videant
3507 664 3576 718 ¹¹.

1977 751 2252 807 Nimirum
2278 753 2328 806 ei
2365 768 2474 806 non
2513 754 2828 818 credentes,
2858 763 3086 826 propter
3106 764 3348 809 nostram
3380 755 3580 826 imper-

1976 843 2306 911 fectionetn,
2359 846 2469 918 76
2511 854 2569 901 et
2617 847 2746 917 quia
2807 847 3054 902 nondum
3106 849 3284 902 sancti
3339 847 3580 919 Spiritus

1975 937 2310 1008 baptismum
2353 955 2761 1010 receperamus.
2817 939 2926 995 Sed
2957 940 3106 995 enim
3154 949 3344 1011 postea
3386 942 3578 996 divino

1978 1028 2154 1082 sancti
2184 1028 2426 1099 Spiritus
2461 1030 2702 1085 adventu
2731 1031 2880 1102 digni
2909 1031 3102 1099 habiti,
3130 1041 3191 1086 ut
3217 1032 3436 1088 dixerat
3457 1033 3580 1102 ejus

1977 1121 2070 1188 qni
2102 1135 2214 1173 non
2261 1121 2530 1175 mentitur
2569 1123 2886 1192 promissio,
2912 1140 3061 1178 nunc
3095 1134 3156 1178 ut
3183 1124 3410 1194 perfecti
3446 1142 3579 1197 per-

1980 1211 2140 1269 lectis
2183 1213 2340 1267 vobis
2391 1215 2644 1268 omnibus
2685 1225 2959 1285 quotquot
3000 1217 3055 1270 in
3107 1225 3252 1272 terra
3306 1217 3492 1273 vivitis
3535 1218 3580 1251 "

1981 1305 2297 1372 scribimus,
2331 1322 2434 1360 nos
2459 1307 2673 1361 Domini
2701 1324 2892 1363 servos
2920 1325 3042 1364 esse
3070 1325 3179 1364 non
3211 1309 3431 1367 fratres.
3467 1311 3580 1383 Ego

1977 1413 2112 1454 vero
2137 1398 2308 1453 Judas
2341 1409 2396 1453 et
2421 1398 2680 1465 Jacobus,
2711 1400 2911 1456 fratres
2940 1417 3156 1456 sumus.
3193 1399 3449 1457 Fortasse
3477 1418 3584 1456 au-

1979 1501 2089 1548 tem
2126 1493 2198 1547 ob
2221 1493 2275 1547 id
2305 1493 2486 1563 ipsum
2516 1493 2800 1559 Dominus,
2833 1496 2999 1550 futuri
3040 1512 3149 1550 non
3176 1497 3419 1559 nescius,
3444 1513 3584 1551 ncu-

1980 1585 2051 1640 tri
2087 1601 2154 1639 ex
2187 1584 2276 1641 his
2306 1601 2527 1657 semper
2561 1585 2846 1659 Virginem
2897 1587 3296 1659 Deiparamque
3329 1590 3382 1643 in
3415 1603 3580 1644 cruce

1982 1675 2235 1744 pendens
2267 1676 2696 1744 commendavit,
2722 1680 2819 1733 sed
2856 1679 3056 1734 Joanni
3082 1679 3375 1750 discipulo,
3407 1679 3579 1734 Joan-

1983 1766 2062 1831 ni,
2096 1766 2344 1836 inquam,
2385 1766 2633 1822 Zebcdaei
2663 1768 2793 1835 ﬁlio,
2821 1778 2882 1822 ut
2910 1769 3136 1823 omnino
3167 1771 3464 1825 mendaces
3483 1770 3582 1825 Ju-

1981 1857 2132 1912 daeos
2162 1873 2192 1911 a
2215 1873 2314 1912 sua
2340 1856 2474 1913 falsa
2499 1859 2763 1929 opinione
2790 1859 3119 1914 retraheret.
3161 1858 3277 1914 Nisi
3317 1860 3464 1915 enim
3493 1877 3581 1917 res

1981 1948 2054 2003 ita
2088 1964 2148 2003 se
2185 1948 2434 2013 haberet,
2469 1949 2746 2018 quomodo
2777 1964 2973 2019 passus
3002 1958 3167 2013 esset,
3211 1958 3272 2003 ut
3305 1949 3434 2004 ﬁliis
3471 1951 3584 2005 suis

1981 2050 2041 2096 ut
2086 2056 2185 2096 vos
2221 2040 2420 2109 .dicitis
2465 2041 2710 2107 omissis,
2753 2056 2882 2096 cum
2914 2041 3021 2094 alio
3062 2040 3337 2094 habitaret
3376 2040 3587 2112 Virgo?

1982 2134 2184 2188 Verum
2217 2143 2277 2189 ut
2311 2134 2402 2189 hic
2441 2134 2596 2206 virgo
2631 2142 2686 2189 et
2715 2134 3025 2205 theologus.
3071 2134 3241 2188 frater
3268 2149 3299 2188 a
3349 2133 3586 2190 Domino

1979 2228 2380 2299 appellabatur,
2414 2227 2490 2282 ita
2524 2239 2580 2283 et
2610 2227 2686 2281 illi
2709 2227 3143 2298 dispensationis
3173 2243 3337 2283 causa
3384 2228 3586 2283 fratres

1978 2337 2088 2376 non
2123 2337 2154 2376 a
2186 2321 2416 2375 Domino
2447 2323 2542 2376 sed
2579 2335 2610 2375 a
2646 2321 2823 2376 turbis
2862 2321 3270 2376 vocitabantur.
3295 2321 3580 2393 Nusquam

1978 2415 2125 2470 enim
2175 2414 2482 2485 comperies
2518 2414 2620 2470 hos
2654 2429 2684 2468 a
2740 2413 2974 2468 Domino
3009 2413 3205 2468 fratres
3239 2414 3541 2484 appellatos
3568 2457 3583 2481 ,

1979 2509 2074 2562 sed
2100 2507 2168 2562 ab
2203 2507 2468 2577 apostolis
2490 2515 2701 2561 tantum
2733 2506 3017 2575 turbisquc
3061 2521 3130 2560 eo
3163 2506 3322 2560 titulo
3354 2507 3589 2561 denota-

1980 2602 2204 2657 bantur.
2247 2600 2341 2656 Sic
2387 2603 2535 2656 enim
2584 2600 3012 2671 dispensationis
3044 2599 3181 2654 ratio
3212 2599 3439 2654 ferebat.
3475 2599 3587 2655 Sed

1981 2693 2100 2748 haec
2125 2693 2414 2748 hactenus.
2465 2692 2624 2747 Nunc
2662 2707 2944 2747 sacrorum
2991 2689 3430 2744 testimoniorum
3482 2690 3587 2743 ini-

1980 2787 2116 2841 tium
2152 2786 2370 2852 faciam,
2415 2802 2537 2857 qua:
2558 2789 2961 2850 demonstrant,
2995 2785 3062 2839 dc
3091 2783 3387 2839 Abrahami
3422 2781 3587 2837 Davi-

1976 2883 2171 2954 disque
2211 2882 2385 2952 stirpe
2413 2890 2586 2936 ortam
2622 2879 2936 2951 Dciparam,
2969 2887 3134 2948 atque
3156 2894 3221 2933 ex
3252 2879 3367 2948 ipsa
3397 2876 3587 2931 Domi-

1979 2993 2113 3031 num
2161 2984 2409 3031 nostrum
2435 2973 2624 3030 Jesum
2652 2972 2930 3029 Christum
2973 2983 3163 3028 natum
3206 2986 3352 3038 esse,
3400 2985 3584 3042 neque

271 3027 458 3133 μάξον
480 3077 493 3089 ⁸
524 3058 687 3114 τοῦτο
710 3060 820 3131 γάρ
849 3060 883 3130 ἡ
909 3027 1213 3129 οἰκονομία.
1260 3057 1424 3114 Ἀλλὰ
1450 3027 1626 3113 ταῦτα
1659 3059 1757 3129 μὲν
1780 3057 1876 3110 ἐπὶ

1985 3064 2207 3119 aliunde
2231 3079 2432 3135 corpus
2463 3079 2624 3120 suum
2655 3062 2934 3118 habuisse.

268 3153 558 3208 τοσοῦτον.
596 3150 718 3206 Τῶν
739 3153 795 3208 δὲ
822 3153 984 3226 ἱερῶν
1011 3151 1329 3223 μαρτυριῶν
1353 3151 1606 3206 ἐντεῦθεν
1630 3149 1876 3222 άπάρξο⁶

275 3266 408 3321 μαι,
461 3248 794 3304 δεικνύντων
841 3250 908 3302 ὲκ
935 3249 1258 3320 σπέρματος
1294 3246 1548 3317 Ἀϐραὰμ
1576 3245 1671 3299 καὶ
1710 3245 1877 3299 Δαὸὶδ

269 3340 648 3413 γεγεννῆσθαι
672 3340 774 3412 τὴν
802 3340 1090 3406 Θεοτόκον,
1129 3342 1228 3395 καὶ
1258 3339 1318 3407 εξ
1351 3340 1524 3412 αὐτῆς
1547 3339 1876 3411 γεννηθῆναι
1904 3340 1998 3397 τὸν
2029 3337 2238 3413 Κύριον
2257 3337 2420 3410 ἡμῶν
2455 3336 2667 3410 Ἰησοῦν
2717 3335 2978 3410 Χριστὸν,
3014 3333 3112 3390 καὶ
3157 3335 3258 3408 οὐχ
3318 3332 3591 3405 ἑτέρωθεν

269 3432 558 3504 ἐσχηκότα
577 3432 638 3485 τὸ
666 3432 848 3502 σῶμα.

356 3528 674 3602 Μαρτυρίαι
721 3529 820 3601 τῆς
863 3527 1015 3593 θείας
1070 3527 1298 3602 Γραφῆς
1353 3524 1758 3601 συνηγοροῦσαι
1805 3527 1883 3602 τῷ

269 3624 506 3697 ῥηθέντι
533 3623 701 3694 λόγῳ.

306 3712 315 3715 ’
368 3716 472 3770 Ἐκ
492 3714 604 3770 τοῦ
627 3714 782 3769 κατὰ
805 3713 1110 3770 Ματθαῒον
1128 3713 1524 3786 Εὐαγτελίου.

355 3807 549 3874 Βίϐλος
577 3809 848 3879 γενέσεως
889 3809 1066 3878 Ἰησοῦ
1089 3809 1350 3881 Χριστοῦ,
1368 3827 1424 3864 κ.
1454 3827 1506 3864 τ.
1537 3808 1590 3866 λ.

2065 3522 2271 3578 Divinae
2321 3520 2623 3593 Scriptura:
2667 3518 3003 3586 testimonia,
3049 3534 3173 3589 qua:
3214 3519 3448 3576 recitato
3473 3537 3593 3579 ser-

1993 3619 2145 3676 moni
2174 3617 2572 3689 suffragantur.

2068 3711 2154 3766 Ex
2181 3709 2452 3780 evangelia
2475 3709 2764 3763 secundum
2786 3706 3119 3762 Matthwum.

2067 3804 2235 3861 Liber
2257 3802 2634 3877 generationis
2663 3799 2796 3857 Jesu
2817 3798 3049 3867 Christi,
3080 3806 3195 3856 etc.

357 4014 664 4087 Sequuntur
689 4016 744 4070 in
784 4016 959 4071 codice
988 4033 1021 4070 a
1051 4017 1090 4087 f.
1122 4015 1227 4070 159
1255 4015 1306 4071 b.
1347 4016 1417 4070 ad
1436 4016 1475 4088 f.
1519 4014 1645 4080 141,
1685 4012 1989 4067 testimonia
2027 4023 2094 4064 ea:
2123 4005 2337 4073 Genesi,
2367 4002 2674 4077 Evangeliis
2699 4002 2860 4060 Luca:
2890 4014 2941 4060 et
2967 4004 3213 4070 Joannis,
3259 4001 3421 4057 Pauli
3457 4019 3589 4074 apo-

273 4104 411 4161 stoli
435 4103 694 4176 Epistolis
714 4105 798 4171 ad,
816 4104 1105 4172 Romanos,
1134 4105 1206 4158 ad
1226 4104 1450 4161 Galatas
1485 4112 1535 4158 et
1565 4103 1636 4158 ad
1660 4102 2007 4156 Timotheum.

361 4263 404 4293 ¹¹
435 4262 596 4319 Joan.
639 4279 734 4330 vn,
767 4264 822 4321 5.
905 4265 948 4299 "
1002 4264 1198 4322 Matth.
1233 4281 1381 4332 xxrv,
1431 4264 1522 4322 49.

291 4475 318 4510 ε
367 4455 578 4514 gentes.
625 4447 737 4502 Nos
787 4456 990 4510 autem,
1023 4447 1168 4503 sicut
1201 4448 1257 4503 in
1302 4448 1462 4513 libro,
1488 4463 1654 4520 quem
1685 4452 1880 4520 rpntra

288 4547 315 4582 ε
369 4521 680 4582 llelvidium
724 4522 1063 4592 scripsimus,
1091 4522 1431 4584 continetur,
1473 4515 1672 4592 fratres
1703 4515 1884 4592 Domi-

287 4620 311 4652 ε
367 4600 447 4668 ni,
475 4613 586 4654 non
615 4595 754 4650 ﬁlios
783 4587 1008 4663 Joseph,
1048 4593 1143 4648 sed
1168 4592 1533 4648 consobrinos
1560 4587 1880 4653 Salvatoris,

1994 4459 2016 4512 ι
2027 4440 2434 4512 ‘intelligimus.
2459 4448 2567 4495 etc.
2591 4457 2616 4512 ν»
2651 4439 2831 4511 Atque
2872 4437 2979 4492 hoc
3003 4435 3166 4506 vulgo
3197 4432 3288 4506 pie
3325 4427 3438 4502 jam
3465 4443 3588 4487 crc-

1987 4511 2138 4571 ditur
2164 4515 2221 4569 in
2243 4511 2362 4570 tota
2391 4511 2660 4569 Ecclesia.
