4142 6448
350 363 489 430 1349

1326 359 1586 422 SERMO
1626 359 1723 422 ΙΙΙ
1762 356 2163 421 ADVERSUS
2200 357 2688 422 MANICIUEOS.

3519 361 3662 431 1350

347 479 680 551 πιστεύομεν
714 477 779 531 τὸ
818 474 1233 547 παντοδύναμον
1276 475 1636 547 πρόσταγμα,
1670 476 1731 529 εν
1752 477 1819 547 τῇ
1846 472 1937 527 τοῦ

2054 481 2386 543 praeceptum
2421 473 2797 543 omnipotens,
2828 472 2989 530 initio
3011 475 3234 547 quidem
3262 480 3457 537 mundi
3487 484 3557 539 ab
3589 500 3659 540 eo

345 575 557 645 κόσμου
588 572 801 642 γενέσει
824 570 920 624 τοῦ
958 571 1051 624 ὑπ’
1082 566 1246 623 αὑτοῦ
1290 568 1607 631 κτισθέντος
1637 568 1945 641 εἰρηκότοςο

345 663 771 733 Βλαστησάτω
799 665 839 733 ἠ
880 661 954 734 γῆ
984 660 1141 735 [cod.
1171 661 1210 718 ί.
1254 660 1382 733 ΗΞ]
1405 660 1685 729 βοτάνην
1705 660 1946 729 χόρτου,

346 758 605 826 σπεῖρον
633 756 877 826 σπέρμα
906 756 1062 810 κατὰ
1086 755 1262 826 γένος
1300 754 1401 808 καὶ
1431 755 1563 809 καθ’
1593 756 1943 824 ὁμοιότηταο

346 853 442 905 καί
476 848 647 904 εἰσέτι
677 850 775 904 καὶ
816 847 913 903 νῦν
949 848 1029 919 τῷ
1058 848 1189 920 θείῳ
1217 848 1524 902 ὑπείκουσα
1557 846 1943 919 προστάγματι

346 945 527 999 πάντα
568 944 639 998 τὰ
667 942 814 1014 φυτὰ
851 941 1185 1007 ἁνελλειπῶς
1233 942 1467 1014 ὲτησίως
1494 940 1723 1013 ἐκφέρει
1743 955 1759 972 ⁸
1802 940 1860 993 έν
1883 940 1943 993 δὲ

344 1037 425 1107 τῷ
452 1039 497 1090 is
509 1036 587 1109 ρῷ
610 1036 814 1107 δείπνῳ
840 1037 954 1099 τοῖς
978 1035 1157 1104 ἁγίοις
1186 1035 1511 1098 ἀποστόλοις
1535 1034 1701 1104 ἄρτον
1726 1032 1943 1103 ἀληθῶς

344 1128 443 1183 καὶ
464 1124 606 1182 οἶνον
618 1127 799 1191 δόντος
824 1130 919 1182 καὶ
941 1127 1220 1194 λέξαντος,
1248 1124 1493 1191 Λάϐετε,
1506 1122 1725 1194 φάγετε
1743 1121 1947 1195 [τοῦτό

343 1222 477 1275 ἐστι
510 1220 577 1275 τὸ
600 1218 775 1288 σῶμά
800 1217 984 1291 μου],
1014 1220 1114 1274 καὶ
1163 1219 1331 1273 πΙετε
1356 1218 1427 1284 ἐξ
1454 1217 1644 1272 αὐτοῦ
1682 1214 1940 1282 πάντες,

342 1312 523 1367 τοῦτό
546 1312 680 1366 ἐστι
709 1311 778 1366 τὸ
805 1310 951 1382 αἷμὰ
985 1330 1129 1381 μου,
1160 1312 1227 1366 τὸ
1248 1309 1357 1380 τῆς
1381 1308 1599 1379 καινῆς
1626 1308 1942 1377 διαθήκης,

341 1406 409 1459 τὸ
454 1405 609 1476 ὑπὲρ
640 1404 808 1475 ὑμῶν
836 1405 939 1459 καὶ
982 1403 1238 1459 πολλῶν
1267 1406 1681 1474 ἐκχυνόμενον
1711 1404 1799 1469 είς
1827 1403 1945 1472 τὴν

341 1499 501 1570 ἐμὴν
524 1499 880 1571 ἀνάμνησιν
897 1517 913 1532 ·
941 1501 1039 1554 καὶ
1061 1498 1157 1554 νῦν
1186 1499 1283 1556 καὶ
1305 1499 1476 1553 εἰσέτι
1500 1498 1563 1553 τὸ
1592 1497 1724 1552 αὑτὸ
1747 1497 1943 1567 διαφυ-

340 1593 602 1648 λάττεται
633 1594 967 1668 πρόσταγμα
984 1595 1051 1666 τῇ
1078 1592 1190 1648 τῶν
1215 1592 1507 1665 ὑπηρετῶν
1540 1592 1826 1664 ἱερουργίᾳ
1853 1608 1942 1645 τε·

338 1687 690 1758 λειούμενονο
754 1685 970 1759 ὁρατῶς
1026 1686 1129 1757 μὲν
1183 1685 1281 1739 τοῦ
1328 1685 1498 1757 ἄρτου
1546 1684 1937 1757 προκειμένου,

338 1782 591 1853 ἀοράτως
624 1780 683 1834 δὲ
710 1781 805 1835 τοῦ
838 1780 1112 1850 παναγίου
1153 1780 1551 1851 ὲπιφοιτῶντος
1583 1779 1934 1850 Πνεύματος,

338 1873 435 1926 καὶ
467 1874 536 1927 τὰ
566 1873 938 1945 προτιθέμενα
977 1872 1305 1943 ἁγιάζοντος
1325 1888 1339 1903 ο
1383 1872 1480 1927 καὶ
1502 1872 1604 1926 οὐκ
1640 1870 1933 1932 ἀντίτυπα,

336 1963 455 2017 ἀλλ’
484 1964 618 2018 αὑτὸ
656 1964 718 2017 τὸ
748 1964 1016 2034 πανάγιον
1052 1964 1215 2035 σῶμα
1241 1964 1338 2017 καὶ
1371 1963 1435 2017 τὸ
1458 1961 1643 2034 τίμιον
1673 1956 1814 2033 αἷμα
1838 1959 1934 2014 τοῦ

335 2056 545 2126 Κυρίου
567 2055 665 2111 καὶ
686 2055 822 2112 Θεοῦ
855 2056 1016 2128 ἡμῶν
1047 2054 1445 2120 ἀποτελοῦντος
1470 2054 1616 2127 (12),
1645 2053 1705 2120 ὲξ
1738 2049 1800 2109 οὗ
1839 2054 1936 2108 καὶ

331 2150 499 2219 ἡμεῖς
540 2150 589 2203 οἱ
638 2149 958 2221 ἁμαρτωλοὶ
987 2148 1357 2221 ἁγιαζόμεθα,
1399 2149 1482 2214 είς
1522 2149 1720 2219 ἄφεσιν
1747 2148 1934 2219 ἁμαρ-

331 2240 466 2294 τιῶν
504 2241 1042 2313 μεταλαμὸάνοντες.

403 2330 478 2387 Γ.
523 2333 660 2403 Ἀγε
704 2333 771 2405 δὴ
803 2337 899 2387 καὶ
926 2333 1027 2397 τὰς
1058 2334 1188 2406 περὶ
1212 2333 1404 2388 τούτου
1440 2332 1592 2404 ἱερὰς
1616 2332 1824 2404 ῥήσεις,
1856 2329 1934 2394 ὡς

328 2422 632 2478 διάκεινται
657 2424 715 2477 ὲν
739 2427 862 2488 ταῖς
890 2424 1063 2495 ἱεραῖς
1091 2426 1361 2489 πτυκταίς
1390 2422 1827 2495 ὑπογράψωμεν,
1854 2420 1934 2492 τῷ

328 2515 698 2589 ἁπλουστάτῳ
723 2517 816 2571 καὶ
848 2518 1126 2590 ἁποικίλῳ
1154 2519 1257 2590 τῆς
1293 2517 1552 2589 φράσεως
1580 2514 1764 2571 αὐτῶν
1792 2515 1932 2586 πρὸς

328 2606 681 2672 ἀξιοπιστίαν
725 2608 822 2663 τοῦ
871 2610 1139 2682 παρόντος
1195 2610 1515 2682 ζητήματος
1571 2608 1927 2680 ἀρκούμενοι.

329 2699 429 2763 Τίς
456 2701 565 2771 γὰρ
594 2700 1040 2776 ἀξιοπιστότερος
1058 2701 1157 2756 τοῦ
1185 2702 1355 2770 Θεοῦ;
1381 2703 1465 2766 τίς
1485 2703 1544 2757 δὲ
1574 2702 1695 2773 μετ’
1721 2703 1932 2755 ἐκεῖνον

327 2792 517 2864 ἕτερος
543 2835 559 2859 ,
616 2794 757 2867 πλὴν
797 2795 907 2850 τῶν
950 2796 1240 2851 αὐτοπτῶν
1270 2795 1437 2851 αὑτοῦ
1498 2796 1595 2850 καὶ
1637 2793 1932 2868 ὑπηρετῶν

332 2883 479 2957 [cod.
514 2886 555 2942 Γ.
590 2886 714 2941 142.
749 2886 854 2961 Ι›.],
893 2887 1004 2942 τῶν
1044 2888 1454 2958 εὑαγγελιστῶν
1484 2888 1629 2957 λέγω
1659 2885 1755 2940 καὶ
1789 2886 1931 2940 ἀπο-

328 2981 558 3048 στόλων,
587 2982 827 3053 ὑπάρχει
851 2982 1207 3053 πιστότερος;
1238 2980 1411 3045 ὄντως
1434 2980 1610 3045 οὐδείς
1628 2995 1643 3010 ⁶
1664 2980 1760 3033 καὶ
1791 2979 1935 3050 μάρά

324 3092 425 3139 τυς
454 3076 548 3129 καὶ
579 3077 608 3130 ό
660 3075 819 3144 λόγος
854 3077 947 3131 καὶ
980 3077 1009 3129 ό
1059 3075 1172 3146 βίος
1211 3076 1394 3130 αὑτῶν
1434 3076 1531 3130 καὶ
1561 3074 1633 3129 τὰ
1658 3072 1927 3145 ’θαύματα

2048 564 2279 631 conditi,
2319 566 2558 621 dicentis
2598 584 2612 621 :
2649 566 2919 623 Germinet
2962 579 3106 624 terra
3141 572 3359 628 herbam
3404 578 3532 647 feni,
3571 581 3658 647 fa-

2046 659 2269 713 cientem
2286 675 2465 714 semen
2482 660 2539 713 in
2561 676 2657 714 suo
2684 677 3120 735 unamquamque
3132 683 3319 738 genere
3332 671 3572 737 acspecie
3587 671 3654 727 “.

2044 750 2113 807 Et
2176 766 2246 806 en
2283 767 2458 823 usque
2501 752 2665 808 hodie
2701 754 2890 810 divino
2943 768 3219 829 praecepto
3267 762 3660 833 obtemperans

2044 858 2211 900 omne
2254 860 2433 917 genus
2478 845 2735 917 stirpium
2766 847 3055 903 annuatim
3108 849 3492 908 indeiicienter
3522 869 3657 924 pro-

2043 938 2214 994 ducit.
2258 938 2317 993 ln
2360 955 2516 994 sacra
2555 956 2685 995 vero
2730 956 2887 997 omna
2922 944 3130 1001 sanctis
3150 946 3415 1017 apostolis
3454 964 3656 1018 panem

2042 1046 2173 1086 vere
2196 1032 2501 1103 vinumque
2524 1048 2650 1087 eum
2672 1034 2987 1092 exhibuerit
3009 1036 3299 1106 Dominus,
3317 1040 3650 1112 dixeritque:

2044 1120 2272 1183 Sumite.
2302 1126 2622 1179 manducate
2652 1123 2773 1197 [hoc
2794 1136 2869 1181 est
2895 1144 3085 1198 corpus
3118 1132 3317 1204 meum]
3342 1149 3363 1198 ,'
3394 1142 3444 1189 et
3487 1133 3655 1189 bibite

2043 1232 2108 1270 ea:
2144 1233 2204 1271 eo
2240 1233 2438 1283 omnes,
2464 1218 2548 1271 hic
2592 1228 2668 1274 est
2712 1222 2933 1291 sanguis
2975 1239 3122 1278 meus
3162 1226 3283 1279 novi
3324 1229 3653 1296 testamenti,

2042 1308 2182 1377 quod
2212 1325 2310 1379 pro
2334 1310 2477 1364 vobis
2512 1320 2560 1363 et
2595 1328 2692 1380 pro
2727 1313 2909 1367 multis
2940 1316 3235 1385 effundetur
3274 1318 3331 1371 in
3369 1321 3651 1375 remissio-

2042 1416 2160 1455 nem
2195 1412 2534 1470 peccatorum
2558 1404 2694 1458 .‘ltOC
2729 1407 2891 1477 facile
2937 1408 2993 1461 in
3042 1425 3220 1464 meam
3263 1427 3652 1467 commemora-

2041 1490 2235 1545 tionem
2260 1492 2343 1558 ¹⁸;
2375 1507 2525 1547 nunc
2558 1493 2741 1549 adhuc
2769 1494 2911 1550 idem
2960 1496 3289 1556 observatur
3322 1504 3649 1559 mandatum

2040 1582 2355 1639 divinorum
2383 1583 2766 1639 ministrorum
2788 1602 2946 1641 sacro
2961 1588 3141 1645 oiiicio
3163 1603 3644 1661 consummatum;

2039 1676 2338 1732 visibiliter
2381 1676 2605 1748 quidem
2650 1693 2794 1749 pane
2820 1683 3125 1751 proposito,
3158 1684 3510 1741 invisibiliter
3548 1702 3648 1741 au-

2045 1777 2157 1826 tem
2212 1770 2641 1842 superveniente
2690 1774 3039 1830 sanctissimo
3077 1776 3285 1847 Spiritu
3313 1821 3327 1845 ,
3369 1789 3427 1835 et
3462 1780 3647 1835 oblata

2043 1864 2467 1933 sanctiﬁcante;
2523 1881 2633 1921 nec
2668 1881 2801 1921 sane
2836 1870 3103 1941 antitypa,
3135 1871 3233 1927 sed
3276 1880 3526 1928 sanctum
3557 1874 3645 1944 ipa-

2040 1970 2164 2010 sum
2225 1971 2428 2027 corpus
2474 1956 2891 2029 pretitosumque
2936 1962 3262 2032 sanguinem
3313 1964 3529 2020 Domini
3580 1981 3647 2022 ac

2039 2048 2134 2103 Dei
2156 2050 2334 2105 nostri
2364 2048 2667 2118 elﬁciente;
2696 2066 2765 2107 ex
2794 2067 2906 2123 quo
2940 2070 3044 2109 nos
3071 2071 3293 2127 quoque
3318 2069 3650 2129 peccatores

2037 2142 2483 2210 sanctiﬁcamur,
2523 2143 2657 2200 dum
2701 2144 2759 2201 in
2793 2146 3183 2207 remissionem
3226 2151 3515 2223 culparum
3545 2168 3644 2209 su-

2038 2235 2268 2291 mimus.

2104 2325 2199 2382 III.
2251 2326 2446 2399 Agesis
2479 2329 2549 2385 de
2577 2329 2682 2386 hoc
2708 2346 2931 2403 quoque
2963 2331 3221 2405 dogmate
3253 2349 3442 2391 sacras
3484 2336 3644 2393 locu-

2032 2416 2233 2486 tiones,
2289 2430 2454 2490 prout
2501 2421 2556 2476 in
2590 2422 2763 2478 sacris
2804 2424 3185 2482 voluminibus
3234 2426 3448 2497 jacent,
3496 2429 3645 2487 infra

2030 2515 2363 2581 scribamus,
2390 2517 2803 2589 simplicissima
2831 2521 3077 2592 ipsarum
3109 2532 3167 2579 et
3188 2534 3479 2582 constante
3514 2543 3639 2583 ver-

2029 2607 2225 2664 borum
2255 2620 2445 2666 tcnore
2471 2612 2538 2667 ad
2567 2616 2857 2683 praesentis
2872 2618 3263 2673 controversia:
3282 2622 3623 2677 auctoralem

2039 2701 2420 2760 deﬁnitionem
2460 2704 2571 2776 79
2608 2708 2877 2762 contenti.
2922 2707 3057 2775 Quis
3085 2710 3232 2765 enim
3262 2710 3374 2766 Deo
3415 2712 3521 2767 [ide
3549 2713 3639 2768 di-

2037 2794 2245 2865 gnior‘?
2274 2794 2411 2862 Quis
2447 2804 2571 2866 post
2602 2812 2727 2853 eum
2754 2799 2917 2864 alius,
2951 2810 3152 2870 praeter
3180 2818 3277 2857 eos
3301 2803 3394 2873 qui
3421 2804 3470 2858 ei
3498 2798 3635 2859 oen~

2036 2887 2130 2943 lati
2175 2897 2345 2943 testes
2369 2888 2683 2955 adfuerunt,
2710 2894 3079 2964 evangelistas
3107 2895 3229 2950 dico
3262 2906 3319 2951 et
3356 2896 3637 2966 aposmlos

2035 2982 2304 3054 majOrem
2320 2988 2569 3050 nostram
2596 2984 2851 3049 ﬁduciam
2879 2987 3163 3057 postulat?
3190 2987 3423 3045 Prorsus
3446 3006 3633 3046 nemo.

2036 3074 2220 3131 Testis
2249 3091 2434 3131 sermo
2467 3091 2663 3131 eorum
2693 3088 2751 3133 et
2778 3080 2888 3134 vita
2914 3080 3157 3151 itemque
3185 3082 3471 3147 miracula,
3510 3099 3639 3154 qua:

323 3168 549 3239 ἄληπτα
576 3170 729 3241 παρὰ
762 3172 930 3225 πᾶσιν
960 3172 1279 3242 ὑπάρχοντα
1304 3169 1402 3224 καὶ
1434 3166 1805 3241 ἀνεπίληπτα,
1830 3167 1927 3221 καὶ

2042 3169 2195 3239 apud
2224 3184 2437 3255 omnes
2480 3169 2708 3225 indubia
2747 3173 3164 3244 sunt,nullique
3209 3176 3633 3245 reprehensioni

323 3259 616 3315 δεικνύντα
645 3260 869 3326 δούλους
894 3260 990 3316 τοῦ
1018 3262 1156 3315 Θεοῦ
1185 3260 1476 3332 ἀληθινοὺς
1510 3260 1713 3323 αὐτοὺς
1746 3258 1928 3331 ὑπάρά

2039 3261 2292 3330 obnoxia,
2321 3278 2555 3334 quaeque
2585 3263 2734 3334 ipsos
2760 3281 2923 3321 veros
2958 3266 3049 3322 Dei
3085 3268 3321 3323 famulos
3351 3278 3636 3342 testesque

323 3369 444 3423 χειν
499 3354 596 3406 καὶ
646 3353 954 3426 μάρτυρας.
1013 3354 1105 3408 Διὸ
1150 3354 1251 3409 καὶ
1297 3352 1394 3407 νῦν
1446 3350 1629 3407 αὑτῶν
1659 3351 1929 3422 λεγόντων

2039 3355 2200 3412 fuisse
2232 3355 2640 3413 demonstrant.
2672 3359 2813 3434 Ergo
2846 3360 2998 3434 ipsos
3022 3376 3173 3438 nunc
3200 3362 3491 3434 loquentes
3528 3380 3631 3425 au-

322 3446 675 3513 ἀκούσωμεν.

2039 3449 2265 3506 diamus.
2398 3462 2405 3469 ‘
2776 3508 2780 3513 ,
2844 3500 2847 3503 ,

396 3465 547 3501 :ouow
660 3486 675 3503 .

396 3465 717 3612 Μαρτεῦῖίαι
766 3542 867 3613 τῆς
915 3539 1068 3607 θείας
1118 3542 1342 3615 Γραφῆς
1394 3537 1929 3629 συνηγοροῦσαι,ντῷ

2039 3465 2265 3506 alamus.
2399 3465 2405 3469 '
2776 3508 2780 3513 ,
2844 3500 2847 3503 ,

2098 3540 2309 3599 Divinas
2345 3526 2649 3617 Scripturae
2697 3530 3051 3615 testimonia,
3078 3563 3205 3618 qua:
3251 3547 3484 3605 recitato
3521 3528 3634 3607 scr-

324 3633 550 3705 ῥηθέντι
572 3634 739 3706 λόγῳ.

2039 3637 2182 3691 moni
2211 3636 2611 3710 suﬂ‘ragantur.

410 3728 515 3782 Ἐκ
542 3727 651 3782 τοῦ
678 3727 831 3782 κατὰ
862 3726 1169 3783 Ματθαῖον
1198 3725 1599 3799 Εὐαγγελίου.

409 3819 706 3892 Ἐποίησαν
734 3819 794 3873 δὲ
834 3821 884 3873 οἱ
926 3818 1193 3892 μαθηταὶ,
1226 3820 1303 3884 ὡς
1335 3817 1631 3885 συνέταξεν
1665 3812 1856 3882 αὑτοῖς
1897 3816 1928 3871 ό

356 3913 574 3982 Ιησοῦς,
605 3913 701 3969 καὶ
728 3913 1038 3985 ἡτοίμασαν
1066 3913 1128 3967 τὺ
1152 3914 1368 3984 Πάσχα,
1397 3931 1454 3969 κ.
1473 3930 1526 3968 τ.
1551 3913 1602 3967 λ.

2104 3726 2191 3782 Ea:
2217 3727 2510 3801 Evangelia
2539 3730 2827 3786 secundum
2860 3730 3193 3789 Matthaum.
3544 3804 3547 3807 _

2102 3819 2381 3877 Fecerunt
2423 3832 2607 3879 autem
2636 3824 2887 3896 discipuli
2931 3832 3094 3896 prout
3137 3824 3385 3897 iusserat
3404 3825 3510 3885 illis
3538 3827 3634 3886 Je-

2024 3926 2128 3969 sus
2147 3923 2225 3980 ,et
2252 3925 2586 3985 paraverunt
2612 3916 2844 3985 Pascha,
2874 3926 2985 3974 etc.

400 4028 471 4083 In
500 4030 600 4083 hac
630 4031 831 4101 pagina
865 4030 970 4084 142
992 4030 1021 4085 b
1051 4030 1245 4085 desinit
1274 4030 1534 4100 abruptus
1580 4028 1768 4083 tertius
1802 4036 1999 4090 sermo,
2030 4028 2121 4081 seu
2151 4024 2454 4083 testimonia
2482 4027 2634 4084 illum
2681 4032 3057 4099 conﬁrmantia
3078 4073 3095 4100 ,
3135 4049 3254 4103 qua!
3288 4042 3427 4088 certe
3464 4036 3632 4103 petita

322 4120 540 4189 [uerunt
567 4130 682 4189 post
716 4119 1027 4174 Matt/urunt
1071 4136 1136 4174 ea:
1172 4117 1361 4173 Marco
1396 4127 1446 4172 et
1490 4117 1636 4172 Luca
1666 4116 1944 4189 Pauloque
1993 4116 2087 4169 ubi
2120 4118 2183 4172 de
2226 4118 2563 4173 sanctissima
2596 4119 2940 4173 Eucharislia
2968 4120 3275 4192 loquuntur.
3317 4121 3380 4175 In
3412 4123 3633 4178 amissis

322 4218 508 4262 autem
537 4208 759 4279 reliquis
790 4209 963 4278 operis
990 4207 1430 4280 quaternionibus
1454 4207 1727 4277 perierunt
1746 4214 1851 4259 tres
1868 4205 2189 4275 posteriores
2206 4205 2348 4265 libri.
2375 4222 2506 4277 quos
2532 4219 2721 4260 auctor
2745 4209 2987 4275 promisit
3019 4210 3075 4262 in
3101 4209 3320 4263 historia
3342 4227 3395 4279 p.
3428 4210 3627 4279 1546,
3734 4210 3737 4211 ⁷

322 4311 512 4365 nempe
533 4297 597 4351 de
617 4306 816 4352 sanctte
841 4298 1014 4351 crucis
1049 4296 1217 4364 cultu,
1239 4302 1302 4351 de
1328 4295 1526 4351 Veteris
1555 4294 1876 4349 Testamenti
1896 4298 2244 4360 auctoritate,
2277 4307 2327 4351 et
2368 4299 2433 4353 de
2478 4297 2831 4353 ecclesiastica
2877 4300 3206 4356 literarchia.
3242 4301 3423 4355 Alium
3456 4303 3634 4371 operis

328 4386 623 4456 pleniorem
652 4388 887 4441 codicem
921 4394 1108 4457 optare
1147 4387 1320 4459 magis
1341 4402 1505 4457 quam
1531 4402 1749 4455 sperare
1781 4384 1923 4440 licet.
1954 4383 2060 4439 Sed
2103 4396 2389 4457 antequam
2433 4387 2500 4441 de
2535 4384 2631 4441 hoc
2655 4392 2809 4458 opere
2854 4388 3028 4443 dicere
3054 4390 3256 4455 desino,
3300 4406 3498 4459 nequeo
3524 4407 3630 4473 non

318 4477 517 4531 mirari
540 4475 704 4531 Joan.
730 4475 1036 4547 Christoph.
1070 4476 1347 4546 Wolﬁum,
1383 4476 1475 4547 qui
1504 4477 1559 4530 in
1596 4477 1749 4546 prtef.
1778 4476 1851 4528 ad
1881 4476 2069 4530 anecd.
2101 4473 2195 4530 Gr.
2224 4483 2263 4529 t.
2302 4472 2388 4542 11,
2427 4475 2647 4530 Petrum
2676 4487 2913 4531 nostrum
2946 4476 3183 4531 Siculum
3213 4478 3342 4549 facit
3366 4472 3630 4533 Constan-

320 4566 759 4636 tinopolitanum,
781 4576 1029 4621 sanctum
1054 4562 1539 4637 Thaumaturgum,
1571 4576 1619 4620 et
1658 4565 1975 4635 Argivorum
2017 4565 2344 4633 episcopum,
2380 4566 2542 4619 citato
2572 4562 2834 4619 Bollando
2872 4574 2911 4620 t.
2944 4563 3008 4620 Il
3032 4565 3219 4631 Febr.,
3261 4582 3315 4635 ρ.
3352 4564 3458 4622 610
3482 4569 3627 4627 (cum

318 4655 492 4708 citare
520 4654 782 4709 debuisset
809 4666 850 4710 t.
874 4653 905 4709 Ι
932 4653 1089 4719 Maii,
1133 4672 1188 4722 p.
1231 4654 1383 4725 428).
1425 4652 1533 4709 Sed
1561 4669 1748 4725 reapse
1776 4653 1913 4707 nihil
1947 4666 2223 4707 commune
2252 4653 2447 4708 habent
2473 4653 2663 4709 Petrus
2699 4652 2917 4709 Siculus
2950 4663 2999 4711 et
3028 4653 3221 4711 Petrus
3240 4655 3489 4724 Argivus,
3521 4671 3631 4709 non

321 4751 562 4809 (etatem,
589 4758 695 4796 non
724 4744 988 4813 patriam,
1022 4757 1125 4796 non
1145 4740 1434 4808 miracula,
1460 4756 1566 4796 non
1586 4741 1710 4796 vitae
1730 4741 1956 4813 denique
1982 4742 2383 4814 professionem.

308 4868 311 4869 ⁷
395 4885 440 4917 ιι
471 4885 667 4942 Matth.
703 4900 851 4949 Χινι,
882 4884 977 4954 26,
1008 4884 1101 4941 27.

388 5004 504 5075 (1.2)
557 5003 953 5062 Animadverte
1005 5004 1332 5078 praeclarum
1403 5004 1784 5063 testimonium
1853 5003 1924 5061 de
1977 5002 2324 5061 sanctissima
2358 5001 2728 5059 Eucharistia.

332 5194 3601 5240 Μ

1658 5367 2287 5464 MONITUM.

392 5574 638 5631 Orationi
673 5572 923 5643 sequenti
955 5587 1017 5628 ea
1051 5580 1263 5630 tantum
1288 5569 1672 5643 praemittenda
1703 5582 1993 5625 censemus
2032 5583 2157 5639 qua:
2197 5567 2266 5625 de
2296 5584 2401 5623 ms.
2434 5567 2872 5634 Grmco‘codice,
2894 5568 3071 5639 deque
3100 5576 3326 5623 auctore
3348 5568 3624 5627 versionis

314 5679 483 5733 quam
519 5663 854 5718 Benedictus
878 5662 1077 5717 Piazza
1097 5662 1310 5727 edidit,
1335 5664 1597 5716 adnotata
1640 5660 1992 5729 reperiuntur
2021 5653 2091 5708 ad
2113 5654 2320 5709 calcem
2346 5654 2701 5725 exelnplaris,
2731 5654 2879 5725 quod
2904 5655 2958 5708 in
2980 5652 3374 5707 l’anormilana
3394 5652 3622 5725 Collegii

318 5753 447 5806 Soc.
477 5750 605 5807 Jesu
643 5752 971 5807 bibliotheca
1003 5760 1339 5807 asscrvatnr.
1372 5750 1517 5805 Sunt
1538 5757 1721 5803 autem
1750 5761 1874 5817 qna:
1898 5752 2245 5814 sequuntur:
2278 5741 2668 5798 TESTIIOIIUI
2700 5756 3088 5797 ειεειιρτοιιιε
3119 5756 3186 5794 ετ
3216 5755 3618 5798 ικτειιρκετιεε

314 5840 628 5915 Requisitus
676 5841 741 5897 ab
784 5842 943 5900 Adm.
969 5838 1094 5898 Rev.
1142 5838 1307 5895 Putre
1339 5838 1574 5895 Antonio
1613 5835 1791 5894 Maria
1822 5833 2010 5892 Portio
2042 5832 2167 5891 Soc.
2202 5829 2332 5888 Jcsu
2362 5872 2376 5899 ,
2416 5830 2529 5902 Ego
2564 5832 2941 5903 inii-ascriptus
2974 5829 3172 5889 σηπίας
3198 5830 3397 5904 lingua:
3424 5831 3618 5902 lector,
