4146 6436
563 311 696 381 1351
1638 311 1869 374 PETRI
1925 310 2311 374 ARGORUM
2348 310 2697 375 EPISCOPI
3716 310 3841 380 1352

552 461 605 505 et
636 444 966 502 bibliothecae
992 443 1157 514 hujus
1192 442 1379 515 Magni
1413 452 1463 498 et
1499 441 1649 515 Regii
1679 442 1993 497 monasterii
2028 439 2186 496 SSmi
2217 438 2515 495 Salvatoris
2553 439 2819 498 Messana
2849 441 2905 494 in
2934 441 3125 512 lingua
3153 438 3323 494 Phari
3362 452 3559 504 custos,
3589 455 3842 498 annuente

556 536 693 591 limo
717 533 778 590 S.
813 533 910 588 Th.
943 531 1021 587 Μ.
1054 532 1122 586 D.
1148 529 1355 587 Basilio
1374 532 1440 585 de
1458 530 1715 601 Neapoli,
1738 530 1978 599 ejusdem
2000 529 2309 584 monasterii
2330 528 2538 589 abbate,
2557 529 2816 598 exscripsi
2835 544 2900 583 ea:
2928 529 3106 583 codice
3130 526 3261 584 XLI
3270 528 3299 583 ι
3325 530 3484 582 dicta:
3510 528 3844 595 bibliothecae,

554 634 606 681 et
663 622 859 678 Latine
909 620 1125 676 reddidi
1175 622 1505 691 superiorem
1564 618 1863 675 orationem
1899 616 1961 674 S.
1994 617 2060 674 P.
2103 616 2179 672 N.
2218 617 2387 686 Petri,
2422 619 2652 689 episcopi
2686 620 2988 692 Argorum,
3032 620 3090 673 in
3120 619 3527 689 Conceptionem
3568 618 3629 673 S.
3664 619 3846 687 Anna’,

554 714 773 786 quando
808 711 873 768 S.
907 710 1004 765 Dei
1036 709 1359 765 Genitricem
1391 709 1654 777 concepit.

630 801 731 857 Est
754 812 932 856 autem
965 801 1132 855 codex
1160 799 1494 870 Itujusmodi,
1526 800 1749 871 integer,
1804 797 2259 865 membranaceus,
2294 797 2355 851 in
2389 796 2522 867 [alio
2551 796 2768 867 majori,
2798 794 2985 853 Graeco
3034 814 3253 854 numero
3296 795 3437 863 ΜΒ,
3478 795 3532 850 id
3574 803 3654 849 est
3694 793 3745 849 Χ
3752 793 3847 850 ιιι

558 890 895 961 obsignatas,
930 888 1232 959 tabulisque
1265 887 1572 957 leucopluea
1606 886 1741 954 pelle
1771 904 1803 940 a
1838 896 1982 958 tergo
2014 887 2266 941 contectis
2296 898 2603 956 coopertus,
2632 887 3021 960 inscriptusque
3057 888 3291 943 exterius
3329 888 3439 954 sic,
3470 883 3522 939 ll
3533 882 3648 938 ET.
3685 901 3854 956 nempe

563 974 969 1047 Hetapltrastte.
1000 975 1269 1031 (laterum
1296 977 1389 1046 qui
1421 975 1578 1029 illum
1608 977 1822 1046 scripsit
1854 976 2068 1043 Daniel,
2100 977 2481 1049 πανηγυρικὸν
2512 986 2686 1032 vocat.

641 1066 835 1121 Totum
866 1066 964 1119 hoc
990 1081 1121 1132 Opus
1152 1063 1537 1135 πανηγυρικὸν
1562 1064 1769 1117 duobus
1793 1063 2146 1118 voluminibus
2169 1065 2406 1135 ejusdem
2443 1067 2606 1136 ferme
2638 1065 2797 1123 molis
2831 1077 2881 1122 et
2914 1067 3242 1123 characteris
3273 1068 3604 1134 continetur;
3637 1070 3857 1141 atquein

561 1156 632 1210 iis
659 1156 839 1209 varias
872 1168 966 1223 per
991 1170 1197 1208 annum
1222 1153 1493 1223 legendas,
1521 1153 1598 1207 vel
1622 1156 1914 1220 orationes,
1946 1152 2025 1207 vel
2054 1164 2365 1208 sanctorum
2388 1155 2642 1209 historias
2666 1157 2915 1225 reperies.
2944 1154 3013 1209 In
3034 1156 3205 1225 priori
3227 1156 3393 1225 igitur
3420 1155 3706 1219 volumine.
3730 1156 3859 1224 quod

564 1245 883 1310 festivitates
914 1242 1121 1296 exhibet
1152 1241 1218 1295 ab
1254 1240 1377 1296 Kal.
1422 1238 1749 1311 Septembris
1788 1257 1952 1311 usque
1997 1243 2067 1295 ad
2106 1259 2165 1297 ιιι
2205 1242 2350 1298 Non.
2394 1246 2619 1314 Aprilis,
2671 1260 2698 1298 ν
2760 1244 2893 1299 Idus
2924 1244 3224 1301 Decembris
3257 1245 3478 1299 habetur
3506 1244 3653 1299 dicta
3685 1245 3862 1301 Oratio

567 1331 627 1387 S.
662 1331 727 1388 P.
762 1330 837 1386 Ν.
867 1331 1017 1386 Petri
1045 1331 1299 1401 episcopi,
1331 1331 1580 1384 undecim
1601 1329 1767 1400 ferme
1788 1332 2051 1385 columnis
2070 1334 2443 1403 comprehensa
2466 1348 2485 1387 :
2509 1334 2699 1404 incipit
2726 1337 2791 1388 ab
2817 1335 3023 1389 ultimis
3046 1335 3227 1390 decem
3252 1335 3409 1389 lineis
3440 1334 3653 1390 ultima:
3675 1336 3863 1390 colum-

564 1438 651 1477 na:
683 1422 1049 1492 quaternionis
1075 1419 1148 1475 20
1178 1436 1341 1491 usque
1366 1420 1436 1475 ad
1468 1420 1668 1475 lineam
1697 1420 1769 1476 50
1790 1421 2055 1476 columine
2082 1422 2141 1476 ll
2174 1423 2540 1492 quaternionis
2574 1424 2863 1494 sequentis.
2898 1422 3136 1496 Singula:
3173 1439 3293 1478 vero
3331 1421 3592 1477 columme
3632 1423 3782 1480 lineis
3803 1424 3864 1478 i3

564 1520 627 1566 ut
661 1510 955 1581 plurimum
986 1510 1406 1565 concluduntur.
1441 1507 1689 1580 Scriptus
1723 1519 1801 1564 est
1829 1519 2009 1564 autem
2044 1510 2211 1565 eodem
2239 1512 2324 1566 hic
2357 1528 2498 1567 anno
2530 1512 2673 1569 6816
2705 1514 2772 1569 ab
2808 1512 2874 1569 0.
2909 1514 2972 1571 C.
3000 1514 3133 1586 (hoc
3163 1522 3247 1569 est
3276 1514 3674 1570 sexmillesimo
3698 1514 3863 1570 octin-

564 1603 877 1673 gentesimo
906 1601 1125 1656 decimo
1171 1609 1331 1657 sexto
1354 1601 1425 1655 ab
1454 1601 1587 1656 orbe
1623 1599 1863 1672 condito)
1900 1610 1957 1655 ut
1994 1600 2169 1656 Graeci
2198 1601 2519 1673 calliqraphi
2540 1613 2859 1673 supputant,
2893 1603 2949 1657 id
2976 1612 3053 1658 est
3081 1618 3224 1657 anno
3254 1599 3661 1656 Incarnationis
3692 1601 3864 1657 Domi-

569 1690 706 1743 nicau
748 1689 905 1745 1508.
937 1688 1146 1743 Etenim
1175 1689 1232 1743 in
1272 1689 1378 1758 ﬁne
1437 1688 1637 1743 codicis
1664 1690 1860 1761 tegitur
1889 1700 2019 1745 nota
2053 1692 2169 1747 luet:
2198 1707 2206 1745 ;

2265 1688 2591 1763 Ἐτελειὼθη
2645 1690 2709 1745 τὸ
2734 1692 2911 1764 παρδν
2965 1691 3356 1763 Πανηγυρικὸν
3408 1690 3499 1744 διὰ
3551 1690 3737 1762 χειρὸς
3782 1691 3864 1745 τοῦ

568 1776 906 1849 ἀμαρτωλοῦ
964 1776 1167 1849 Δανιὴλ
1214 1777 1313 1831 καὶ
1367 1775 1730 1847 σκευώφυλας
1765 1777 1889 1850 (sic)
1942 1778 2044 1851 τῆς
2098 1779 2346 1851 μεγάλης
2410 1780 2657 1852 μάνδρας
2705 1780 2801 1836 τοῦ
2851 1782 3107 1853 Σωτῆρος
3150 1780 3501 1853 ἀκρωτηρίου
3545 1781 3865 1850 Μεσσήνης.

570 1867 725 1937 Μηνὶ
772 1866 1140 1938 Σεπτεμϐρίῳ
1169 1868 1249 1930 είς
1282 1863 1330 1937 β’
1371 1865 1561 1939 ἡμέρᾳ
1608 1867 1916 1933 Σαδδάτου,
1945 1866 2066 1940 ὥρᾳ
2096 1867 2163 1935 θ’,
2198 1868 2354 1935 ἔτους
2388 1868 2579 1937 ςωις-”,
2615 1870 2846 1925 ίνδίκτου
2880 1868 2955 1937 ς’.
2992 1869 3254 1943 Εὕχεσθε,
3289 1872 3384 1925 καὶ
3418 1871 3493 1942 μὴ
3525 1870 3864 1941 καταρᾶσθε.

573 1956 660 2009 ὃτι
694 1957 723 2009 ὀ
751 1955 987 2025 γράφων
1026 1954 1409 2027 παραγράφει.
1450 1956 1767 2012 ιδοὶίίεειε
1809 1976 1828 2011 ι
1860 1956 2166 2029 Explicitus
2188 1975 2210 2014 η(

2229 1968 2281 2015 st
2319 1959 2410 2015 hic
2451 1958 2823 2031 Panegyricus
2862 1961 2999 2016 liber
3024 1976 3193 2015 manu
3233 1962 3536 2030 peccatoris
3576 1958 3866 2021 Daniel,et

576 2042 1008 2114 Seevophylacis
1060 2059 1275 2114 magna:
1332 2043 1575 2100 Mandrae
1604 2043 1909 2099 Salvatoris
1938 2048 2298 2116 promunturii
2333 2046 2621 2114 Messanae,
2662 2065 2716 2103 tv
2754 2048 2895 2105 Non.
2925 2065 3101 2106 mens.
3134 2047 3495 2121 Septembris,
3526 2048 3617 2104 die
3644 2046 3869 2113 Sabbati,

582 2133 725 2271 hort:I
748 2128 804 2197 9,
845 2146 991 2185 anno
1036 2130 1198 2198 68w,
1247 2131 1548 2193 indictione
1587 2149 1680 2198 vr,
1727 2132 1893 2189 Orate
1934 2149 2035 2206 pro
2081 2150 2192 2204 me,
2230 2145 2285 2193 et
2329 2153 2442 2193 non
2481 2138 2825 2196 maledicatis
2861 2138 3032 2205 mihi,
3070 2140 3333 2211 quoniam
3361 2140 3456 2211 qui
3498 2138 3717 2204 scribit,
3750 2136 3871 2193 scri-

582 2221 687 2271 ben
731 2234 764 2271 0
802 2228 969 2271 errat.
1008 2236 1027 2271 ι

581 2221 764 2272 bendo
802 2228 969 2273 errat.
1008 2236 1027 2271 ι

654 2306 719 2363 In
748 2324 973 2379 quorum
1012 2310 1198 2380 ﬁdem,
1238 2321 1347 2369 etc.
1376 2310 1537 2369 Prid.
1569 2310 1719 2370 Non.
1745 2312 2039 2371 Februarii
2074 2316 2180 2373 An.
2212 2314 2431 2371 Domini
2459 2315 2618 2373 ΠΗ.

2395 2404 2741 2463 Βεαευιοτυε
2777 2403 3156 2462 Μοκλιωκιυε
3190 2402 3681 2459 HIEROIONACIIUS.

2463 2495 2545 2551 Ita
2584 2506 2692 2565 est,
2743 2496 2923 2553 Anus
2950 2495 3208 2553 BASILIUS
3228 2508 3296 2550 ne
3342 2491 3612 2548 Nsseou.

871 2573 1043 2633 Locus
1070 2575 1111 2649 ἰ’
1133 2576 1341 2648 Sigilli.

1422 2950 1786 3043 PETRI
1846 2910 2452 3047 ‘ARGORUM
2529 2948 3081 3047 EPISCOPI

1924 3165 2587 3300 ORATIO.

600 3406 790 3480 Sancti
817 3404 999 3480 Patris
1031 3404 1199 3461 nostri
1229 3401 1661 3480 PetriArgorum
1692 3409 1920 3479 episcOpi
1938 3408 2112 3463 oratio
2138 3409 2197 3465 in
2224 3438 2237 3473 λ

2242 3416 2273 3473 λ
2306 3408 2420 3465 Τοῦ
2467 3408 2556 3480 ὲν-
2581 3408 2776 3480 ἁγίοις
2808 3408 3042 3478 Πατρὸς
3074 3404 3247 3477 ἡμῶν
3294 3374 3521 3480 Πέτρον
3563 3403 3879 3480 ἐπισκόπου

665 3476 1071 3552 Conceptiorrem
1095 3486 1309 3552 sancta:
1352 3476 1522 3535 Anna:
1550 3476 1765 3552 quando
1795 3476 2032 3551 concepit
2070 3497 2199 3535 san-

2391 3478 2608 3551 Ἀργῶν
2628 3476 2822 3551 ’λόγος
2839 3476 3066 3548 είςθτὴίν
3095 3476 3419 3552 Sangam
3437 3476 3543 3552 τῇς
3576 3478 3749 3552 ἁγίας
3772 3478 3880 3531 Ἀν-

668 3560 811 3604 ctam
844 3547 942 3603 Dei
973 3548 1316 3603 Genitricem.
1563 3547 1574 3552 ⁷
1957 3547 1966 3551 ⁷

2379 3547 2518 3622 unc,
2553 3551 2705 3607 ὅταν
2720 3547 3069 3607 συνέλαϐεν
3094 3551 3211 3619 τὴν
3242 3548 3425 3619 ἁγίαν
3452 3550 3768 3603 Θεοτόκον.

1182 3662 1439 3732 Benedic,
1466 3663 1653 3722 Pater.
2792 3672 2819 3725 l

2792 3669 3178 3742 Εὑλόγησον,
3209 3667 3424 3738 Πάτερ.

671 3778 716 3835 1.
742 3778 878 3836 Cum
912 3791 1111 3849 magna
1136 3779 1417 3848 maximis,
1445 3780 1798 3852 inauditaque
1830 3780 2044 3838 videam
2083 3797 2211 3853 por-

2316 3788 2333 3824 ι’
2381 3784 2462 3841 A'.
2498 3784 2732 3855 Μεγάλα
2766 3783 2984 3856 βλέπων
3029 3784 3123 3837 καὶ
3159 3782 3308 3849 ξένα,
3347 3781 3635 3853 μεγίστων
3681 3775 3884 3851 προτρέ-

603 3877 772 3934 tentis
816 3890 1156 3949 praecurrere
1206 3886 1494 3949 portenta,
1541 3878 1748 3951 ingenti
1786 3879 1971 3937 cordis
2011 3881 2211 3950 gaudio

2312 3895 2481 3951 χοντα
2510 3877 2789 3949 θαύματα,
2823 3876 3080 3949 μεγάλως
3106 3876 3320 3948 ἄγαμαι
3348 3877 3417 3947 τῇ
3450 3874 3655 3947 καρδίᾳ
3679 3873 3886 3943 γηθὸμε·

603 3972 843 4043 gestiens
877 3970 933 4025 in
972 3970 1395 4025 admirationem
1430 3970 1635 4041 rapior,
1663 3982 1719 4028 et
1751 3972 2049 4029 Dominica:
2082 3988 2209 4045 erga

2313 3989 2427 4038 νος,
2463 3970 2562 4025 καὶ
2605 3969 2705 4042 τὴν
2736 3972 2819 4034 εἰς
2857 3971 3005 4042 ἡμᾶς
3049 3968 3144 4023 τοῦ
3180 3968 3459 4022 Δεσπότου
3500 3964 3885 4037 εὐσπλαγχνίαν

606 4077 709 4119 nos
731 4062 1122 4118 misericordiae
1145 4062 1384 4131 viscera,
1422 4064 1937 4135 providentiamque
1966 4064 2211 4119 divinam

2315 4064 2413 4119 καὶ
2446 4062 2591 4134 ὑπὲρ
2620 4062 2783 4131 λόγον
2821 4060 3174 4134 προμήθειαν
3220 4058 3701 4130 καταπλήττομαι.
3736 4056 3886 4125 Σήμε-

605 4155 757 4211 οιηηί
784 4156 1119 4225 cogitatione
1153 4154 1417 4224 majorem
1465 4167 1691 4226 stupens
1739 4156 2000 4214 demiror.
2043 4157 2215 4213 Hodie

2320 4174 2413 4230 ρον
2442 4157 2554 4229 γὰρ
2576 4155 2678 4227 τῆς
2703 4155 2981 4227 ἡμετέρας
3009 4152 3147 4225 πρὸς
3167 4151 3304 4205 Θεὸν
3324 4149 3681 4220 καταλλαγῆς
3704 4146 3768 4201 τά
3800 4160 3887 4215 μη-

607 4249 757 4306 euim
799 4258 1001 4303 nostra:
1033 4264 1159 4303 cum
1209 4248 1321 4303 Deo
1357 4250 1818 4307 reconciliationis
1858 4260 2048 4321 aperta
2080 4266 2215 4305 con-

2317 4248 2569 4319 νύματα·
2617 4248 2863 4318 σήμερον
2917 4246 2952 4316 ἡ
3009 4242 3333 4297 ἀπωσθεῖσα
3384 4239 3549 4312 φύσις
3597 4238 3772 4311 ήμῶν,
3804 4234 3888 4303 τῆς

610 4340 922 4411 spiciuntur
949 4338 1175 4395 indicia.
1210 4337 1383 4394 Hodie
1430 4351 1625 4396 natura
1671 4351 1882 4408 nostra,
1910 4342 2040 4398 olim
2072 4341 2216 4410 reje—

2319 4340 2678 4412 ἀνακλήσεως
2733 4340 2805 4392 τά
2847 4337 3116 4409 προοίμια
3168 4334 3626 4400 κατοπτεύουσα,
3671 4327 3889 4401 γέγηθε’

611 4446 727 4499 cta,
778 4432 889 4504 jam
916 4447 1029 4488 sua:
1072 4431 1129 4487 in
1171 4432 1459 4503 pristinum
1522 4433 1882 4489 restitutionis
1918 4432 2217 4505 primordia

2320 4433 2569 4505 σήμερον
2594 4434 2644 4485 oi
2672 4429 3026 4502 προπάτορες
3063 4426 3165 4497 τῆς
3190 4429 3270 4491 είς
3299 4425 3405 4497 γῆν
3434 4423 3785 4497 ἀποστροφῆς
3810 4418 3889 4489 τὴν

613 4526 887 4596 aspiciens
915 4524 1221 4580 hilareseit.
1252 4523 1428 4579 Hodie
1455 4524 1616 4595 primi
1650 4536 1932 4595 parentes,
1960 4527 2088 4580 dum
2129 4540 2219 4580 as-

2320 4526 2624 4597 ἀπόφασιν,
2652 4526 2777 4578 ὅσον
2802 4520 2983 4589 οῦπω,
3007 4521 3236 4575 λύεσθαι
3264 4519 3570 4592 μέλλουσαν
3599 4514 3893 4583 ὲνωτιζὸμε-

614 4626 781 4675 sonat
826 4631 1017 4673 eorum
1067 4618 1326 4687 auribus,
1362 4618 1478 4689 jam
1531 4618 1847 4673 solvendam
1898 4618 2045 4673 illam
2095 4632 2221 4674 esse

2323 4636 2404 4673 νοι
2425 4616 2731 4688 χαίρουσιν.
2755 4613 2917 4686 Ἄρτι
2936 4612 3000 4666 τὸ
3027 4611 3400 4666 εὐωδέστατον
3422 4608 3580 4681 ῥόδον
3606 4610 3665 4661 ὲν
3685 4606 3892 4674 ἀκάρπῳ

617 4709 947 4766 sententiam
968 4750 985 4777 ,
1016 4724 1121 4780 qua
1152 4710 1360 4765 editum
1404 4710 1585 4765 luerat
1615 4711 1889 4767 hominem
1926 4713 1981 4766 in
2017 4721 2218 4767 terram

2254 4776 2284 4780 μ
2326 4708 2697 4780 φυτευόμενον
2738 4704 2976 4779 ἀρούρᾳ,
3014 4704 3169 4775 πάσῃ
3209 4704 3275 4774 τῇ
3322 4700 3539 4773 ὑφηλίῳ
3592 4698 3783 4771 μέλλον
3814 4693 3889 4745 εὐ-

619 4818 972 4861 reversurum
1008 4803 1075 4863 “.
1111 4802 1446 4858 laetissimam
1480 4803 1717 4860 frontem
1749 4804 2066 4875 explicant,
2097 4819 2221 4860 eer-
2254 4825 2256 4832 ·

2253 4776 2296 4833 Β
2322 4776 2600 4865 ωδιάζειν,
2636 4799 2734 4853 καὶ
2763 4776 2865 4870 τῆς
2887 4776 3261 4870 παραϐάσεως
3290 4793 3540 4849 ἐλαύνειν
3578 4791 3640 4846 τὸ
3660 4786 3890 4846 δυσῶδεςι

621 4900 901 4968 tioresque
927 4896 1054 4952 dum
1090 4897 1248 4964 lium,
1296 4899 1458 4953 modo
1490 4898 1544 4953 in
1579 4914 1713 4969 agro
1740 4898 1913 4955 sterili
1970 4897 2225 4971 fragran-

2322 4894 2809 4966 εὐαγγελιζόμενοι
2874 4893 3161 4966 γήθονται.
3223 4889 3342 4946 Νῦν
3405 4889 3467 4944 τὸ
3534 4884 3893 4959 καθαρώτατον

624 4991 897 5047 tissimam
916 4990 1062 5045 illam
1091 5006 1274 5045 rosam
1305 4991 1560 5063 plantari,
1603 5007 1724 5063 qua:
1748 4993 1915 5048 odore
1936 5006 2038 5047 suo
2064 4991 2226 5062 quid-

2323 4986 2629 5057 ἀνάκτορον
2652 4984 2746 5039 τοῦ
2772 4982 3171 5055 παμϐασιλέως
3192 4981 3437 5055 Χριστοῦ
3465 4977 3891 5052 θεμελιούμενον,

625 5082 758 5153 quid
781 5083 884 5138 sub
913 5081 1029 5137 sole
1054 5091 1158 5149 est,
1190 5082 1504 5154 perfundet,
1546 5099 1612 5139 ac
1644 5084 2115 5155 praevaricationis
2146 5084 2228 5138 fe-

2325 5082 2479 5135 πᾶσα
2506 5081 2542 5153 ἡ
2567 5081 2748 5145 κτίσις
2777 5079 2968 5152 ὁρῶσα
2998 5079 3221 5150 σκιρτᾷ,
3250 5076 3593 5148 χαριστήρια
3623 5072 3716 5127 καὶ
3735 5070 3893 5142 χεῖρας

630 5187 804 5229 torem
858 5174 1061 5241 abiget,
1119 5173 1363 5231 laetitiam
1413 5175 1947 5247 gratulationemque
1997 5175 2229 5247 ingemi-

2328 5175 2537 5244 κροτεῖ,
2572 5173 2672 5228 κα)⁵
2702 5172 2782 5245 τῷ
2816 5172 3040 5227 πάντων
3078 5170 3240 5243 αἰτίῳ
3278 5169 3387 5224 τῶν
3430 5167 3652 5238 ἀγαθῶν
3698 5164 3892 5233 εὐχαρι-

628 5275 784 5323 nant.
810 5265 1016 5323 Omnes
1038 5276 1310 5340 quotquot
1346 5279 1477 5324 sunt
1503 5279 1772 5326 creaturae
1793 5270 1922 5325 dum
1952 5268 2230 5341 purissimi

2331 5265 2537 5320 στοῦσα
2586 5265 2844 5338 γεραίρει
2892 5263 3039 5336 Θεῷ.
3079 5263 3195 5319 Νῦν
3246 5265 3277 5318 ὁ
3318 5263 3463 5326 θεῖος
3502 5259 3816 5333 παράδεισος
3846 5250 3892 5302 ἐν

631 5360 814 5429 templi
857 5359 1023 5430 Regis
1054 5362 1299 5416 omnium
1321 5360 1527 5417 Christi
1560 5377 1708 5417 nunc
1733 5362 1843 5433 jaci
1881 5362 2233 5418 fundamenta

2330 5361 2554 5433 ἀνίκμῳ
2615 5361 2774 5435 νηδύῖ
2822 5361 3145 5431 φυτεύεται,
3176 5361 3309 5423 τοὺς
3350 5361 3415 5413 ὲκ
3444 5357 3539 5411 τοῦ
3582 5353 3791 5428 πρώτου
3828 5342 3894 5407 ἐξ-

628 5463 888 5523 cernunt,
912 5465 1197 5526 gratanter
1228 5454 1554 5526 tripudiant,
1580 5457 1941 5529 manibusque
1968 5458 2236 5529 plaudunt

2331 5458 2657 5529 ορισθέντας
2690 5459 2841 5529 ἡμᾶς
2880 5457 2975 5511 καὶ
3026 5456 3245 5527 θανάτῳ
3287 5453 3740 5524 κατακριθέντας.
3782 5440 3895 5513 πρὸς

631 5554 685 5601 et
728 5544 898 5600 Deum
954 5546 1222 5603 bonorum
1256 5549 1503 5605 omnium
1542 5560 1823 5606 auctorem
1867 5567 1991 5608 cum
2027 5554 2232 5624 gratia-

2337 5552 2506 5622 ζωὴν,
2538 5550 2629 5605 διὰ
2660 5551 2755 5605 τοῦ
2786 5551 2846 5616 ἐξ
2876 5549 3044 5605 αὐτοῦ
3071 5550 3397 5622 βλαστήσειν
3430 5546 3730 5620 μέλλοντος,
3754 5541 3891 5592 ἐπαν-

631 5650 756 5690 rum
779 5635 999 5693 actione
1028 5636 1285 5696 laudibus
1333 5651 1761 5713 prosequuntur.
1794 5640 1950 5700 Nunc
2001 5645 2231 5700 aridoin

2342 5643 2489 5709 ἀξων
2520 5644 2808 5717 ζωηςρὸρου
2852 5643 3055 5715 φυτοῦ·
3098 5644 3194 5698 νῦν
3224 5644 3321 5697 τοῦ
3366 5635 3735 5713 πνευματικοῦ
3762 5631 3894 5699 ἐαρσς

722 5811 766 5844 ’⁸
796 5811 935 5871 Gen.
978 5829 1058 5883 ut,
1086 5815 1174 5870 l9.
