4146 6468
369 405 507 471 1353

1291 404 1372 464 ΙΝ
1410 403 1999 465 CONCEPTIONEM
2034 405 2096 467 S.
2136 406 2364 470 ΑΝΝᾸΞ
2402 407 2709 470 ORATIO.

3508 408 3647 474 1354

363 520 434 575 τὰ
463 518 599 591 άνθη
638 516 979 590 μυρίζουσιν,
1016 518 1107 570 καὶ
1140 516 1237 587 τὴν
1272 519 1438 571 αὐτοῦ
1472 519 1947 590 προαγγέλλουσιν

2061 533 2217 578 utero
2258 504 2475 581 divinus
2534 524 2623 579 ille
2665 523 2942 594 plantatur
2994 521 3309 593 Paradisus,
3337 526 3430 597 qui
3469 542 3569 582 nos
3609 545 3639 581 a

364 613 570 668 εἴσοδον
590 628 605 643 ο
637 612 853 683 νάρδος,
889 610 1111 682 κρόκος,
1139 611 1237 664 καὶ
1274 610 1436 682 κρίνα
1463 612 1819 684 κυπρίςουσι,
1858 610 1957 665 καὶ

363 706 464 777 τὴν
497 705 725 776 ἡδίστην
748 703 873 774 ὄψιν
896 703 1317 775 προδεικνύντα,
1344 704 1473 765 τοὺς
1500 705 1558 757 ἐν
1585 706 1652 774 τῇ
1680 704 1958 775 κατηφείᾳ

363 795 462 864 τῆς
494 794 770 865 ἁμαρτίας
801 794 951 864 ἡμᾶς
978 793 1431 864 κατατέρπουσιν
1451 809 1466 824 ο
1502 792 1779 864 προέκοψε
1817 793 1957 865 μετὰ

364 887 463 957 τῆς
492 886 685 950 νυκτὸς
719 886 819 956 τῆς
861 886 1137 957 ἁμαρτίας
1169 886 1197 938 ὁ
1238 885 1544 957 κατηφείας
1587 885 1806 956 πλήρης
1844 902 1956 955 χει-

368 979 504 1049 μὼν,
532 980 626 1034 καὶ
661 981 913 1051 ἤγγικεν,
952 979 1096 1050 μετὰ
1135 979 1235 1049 τῆς
1268 979 1485 1049 ἡμέρας
1514 978 1617 1047 τῆς
1646 978 1953 1045 εὐσεϐείας,

364 1072 425 1125 τὸ
453 1073 809 1143 χαριέστατον
838 1072 959 1144 ἔαρ,
986 1073 1081 1127 καὶ
1104 1071 1203 1143 τὴν
1232 1071 1399 1126 ἀλέαν
1422 1070 1518 1125 τοῦ
1543 1070 1691 1125 θείου
1719 1088 1955 1125 συνεπα-

365 1166 597 1237 γόμενον
634 1165 973 1236 Πνεύματος.

2060 617 2228 686 priori
2268 617 2539 685 expulsos,
2579 616 2849 685 mortique
2878 618 3184 683 damnatos,
3236 633 3331 687 per
3368 618 3643 673 vivificuut

2061 724 2279 779 germen
2310 722 2374 762 ex
2410 711 2524 780 ipso
2557 707 2827 763 oriturum
2858 710 2925 762 ad
2964 709 3129 763 vitam
3164 712 3456 764 revocabit.
3491 710 3645 767 Nunc

2059 799 2224 857 ﬂores
2280 800 2579 871 spiritualis
2637 801 2782 856 veris
2833 802 3045 870 Spiraut
3089 801 3350 869 odorem,
3395 802 3647 873 illiusque

2064 892 2428 963 praenuntiant
2481 891 2808 963 ingressum.
2866 890 2984 945 Jam
3039 900 3270 947 vernant
3304 908 3426 947 cum
3470 894 3645 947 nardo

2065 997 2257 1037 crocus
2294 991 2350 1037 et
2378 982 2485 1035 lilia
2518 998 2584 1037 ac
2608 982 3130 1049 suavissimo,quem
3166 982 3447 1049 exhibent,
3482 999 3644 1052 aspe-

2063 1080 2154 1125 ctu
2186 1087 2284 1127 nos
2317 1074 2519 1141 peccati
2562 1074 2765 1142 pudore
2804 1073 3115 1143 squalentes
3141 1073 3356 1143 erigunt
3408 1084 3463 1130 et
3495 1075 3647 1130 oblea

2062 1172 2233 1219 ctant.
2259 1163 2543 1219 Praecessit
2566 1166 2677 1233 jam
2703 1182 2826 1220 cum
2861 1175 3018 1220 nocte
3050 1167 3254 1233 peccati
3292 1166 3450 1235 plena
3470 1166 3645 1223 tristi-

366 1262 454 1315 tiae
485 1261 659 1315 hiems
691 1278 704 1313 :
726 1259 1180 1329 jucundissiinum
1222 1266 1405 1314 autem
1437 1272 1533 1313 ver
1565 1272 1686 1313 cum
1728 1257 1948 1327 pietatis
1985 1256 2074 1312 die
2107 1256 2273 1312 divini
2301 1256 2536 1326 Spiritus
2573 1257 2811 1313 calorem
2883 1273 3069 1313 secum
3127 1259 3403 1315 adducens
3445 1273 3645 1329 appro-

365 1353 671 1424 pinqnavit.

435 1442 512 1498 B'.
557 1442 1048 1514 ’Δγαλλιασώμεθα
1080 1442 1285 1509 τοίνυν,
1316 1442 1414 1496 καὶ
1446 1442 1766 1512 ψαλμικῶς
1804 1443 1953 1497 ἀλα-

361 1533 646 1604 λάεωμεν
684 1534 951 1599 ἅπαντες,
987 1535 1228 1606 ὁρῶντες
1272 1535 1372 1605 τὴν
1407 1535 1507 1603 τῆς
1539 1534 1819 1605 ἡμετέρας
1859 1534 1951 1588 εὐ-

362 1625 586 1693 γένειαν
617 1625 834 1695 φύσεως
859 1626 1175 1698 ἀρχομένην
1208 1628 1268 1681 ἐν
1291 1629 1356 1697 τῇ
1390 1625 1592 1695 γαστρὶ
1613 1625 1715 1695 τῆς
1751 1626 1953 1696 Ἀννης

364 1718 727 1788 φυτεύεσθαι*
774 1722 1136 1791 κροτήσωμεν
1169 1721 1383 1790 χεῖρας,
1422 1721 1517 1772 καὶ
1547 1718 1955 1786 πνευματικυὺς

364 1811 565 1882 χοροὺς
612 1810 1035 1882 συστησώμεθα,
1080 1811 1184 1881 τῆς
1217 1811 1398 1874 αἰτίας
1434 1812 1569 1881 ἡμῖν
1611 1808 1955 1881 εὐφροσύνης

366 1905 609 1975 ἀπάσης,
652 1905 747 1957 καὶ
776 1905 953 1973 χαρᾶς
986 1904 1359 1973 ἀνεκλαλήτου
1405 1900 1674 1973 προξένου
1721 1918 1953 1973 γενησο-

366 1996 537 2068 μένης
571 1996 922 2068 ὲορτάζοντες
955 1994 1240 2065 σύλληψιν.

441 2090 697 2162 ’ᾼσωμεν
743 2088 1051 2160 συμφώνως
1085 2088 1162 2159 τῷ
1194 2087 1315 2159 Θεῷ
1366 2088 1545 2160 ἡμῶν,
1594 2089 1847 2161 ᾁσωμεν·
1877 2086 1954 2152 ὡς

363 2182 463 2254 τὴν
488 2183 586 2252 τῆς
609 2180 891 2251 ἡμετέρας
920 2179 1180 2251 πρόξενον
1205 2179 1524 2252 ἐλευθερίας
1545 2182 1655 2234 τῶν
1684 2180 1955 2234 καταδου-

363 2275 646 2329 λωθέντων
676 2277 742 2346 τῇ
782 2274 1029 2346 ἁμαρτίᾳ
1065 2274 1342 2345 Παρθένον
1381 2274 1472 2327 διὰ
1491 2274 1595 2344 τῆς
1629 2274 1832 2344 Ἀννης
1858 2272 1953 2326 καὶ

363 2368 460 2421 τοῦ
505 2366 769 2436 Ἰωακεὶμ
810 2366 1173 2430 πλουτοῦντες
1221 2366 1569 2435 πανάμωμον
1614 2366 1952 2418 Δέσποιναν*

362 2460 614 2530 εἴπωμεν
662 2456 755 2513 οῦν
788 2461 953 2531 ἡμεῖς
986 2458 1063 2522 ὡς
1106 2460 1163 2511 ἐν
1198 2458 1463 2528 ἐκπλήξει
1511 2458 1647 2528 μετὰ
1682 2457 1777 2510 τοῦ
1809 2456 1953 2510 θείου

364 2550 558 2607 Δαϐίδ’
590 2552 685 2617 Ὠς
705 2550 1083 2621 ἐμεγαλύνθη
1107 2548 1179 2603 τὰ
1196 2548 1343 2619 ἔργα
1366 2567 1506 2613 σου,
1531 2549 1737 2617 Κύριε]
1757 2548 1958 2602 πάντα

361 2645 431 2700 ea
471 2645 661 2714 σοφίᾳ
690 2642 1028 2712 ἐποίησαςί
1056 2642 1154 2706 Τίς
1186 2644 1292 2714 γὰρ
1320 2641 1486 2695 αὐτοῦ
1510 2643 1609 2705 τὰς
1635 2640 1957 2705 δυναστείας

362 2730 598 2801 λαλῆσαι
633 2731 965 2801 δυνήσεται;
1010 2730 1172 2792 ποίας
1219 2731 1276 2783 δὲ
1321 2732 1414 2783 καὶ
1465 2730 1695 2802 καρδίας
1754 2731 1957 2795 πλάτος

364 2825 473 2877 τῶν
496 2824 921 2895 ἀνεξιχνιάστων
943 2820 1110 2877 αὐτοῦ
1139 2839 1231 2892 κρι
1240 2822 1428 2892 μάτων
1452 2823 1836 2893 ἀναμετρῆσαι
1858 2823 1957 2894 τὴν

366 2914 647 2981 ἄϐυσσον;
685 2914 750 2967 Οἱ
788 2913 1322 2985 προσκεκρουκότες,
1355 2915 1454 2984 τῆς
1484 2914 1781 2984 καταδίκης
1821 2915 1959 2968 ἀπο·

364 3008 613 3078 λυόμεθα
638 3024 653 3040 ·
690 3008 741 3061 οἱ
780 3006 858 3077 τῷ
908 3006 1209 3079 ἀρχεκάκῳ
1248 3006 1467 3076 δαίμονι
1505 3006 1826 3070 πεισθέντες
1869 3007 1960 3060 διὰ

365 3101 463 3155 τοῦ
492 3101 672 3170 ὄφεως
698 3099 1147 3167 συμϐουλεύοντι,
1180 3098 1335 3168 παρὰ
1354 3099 1449 3152 τοῦ
1476 3099 1784 3162 πλάσαντος
1808 3100 1959 3170 ἡμᾶς

369 3192 673 3255 Δεσπότου,
694 3192 786 3244 καὶ
808 3187 1373 3261 παρακίριουσθέντες
1395 3187 1956 3259 προσλαμϐανόμεθαο

367 3285 418 3337 οἱ
450 3284 630 3337 ἑκοντὶ
668 3281 762 3335 τοῦ
795 3281 1070 3353 ἡμετέρου
1118 3280 1394 3351 τραχήλου
1442 3280 1535 3332 τὸν
1577 3279 1748 3333 αὑτοῦ
1794 3280 1960 3349 ζυγὸν

2132 1440 2195 1495 ΙΙ.
2234 1439 2541 1496 Nobilitatis
2587 1441 2767 1511 itaque
2825 1456 2889 1496 ac
2929 1442 3139 1497 decoris
3184 1452 3392 1499 natura:
3442 1455 3645 1501 nostra:

2057 1533 2287 1603 primam
2314 1533 2366 1587 in
2399 1533 2569 1587 Annae
2605 1543 2761 1587 utero
2784 1533 3171 1603 plantationem
3222 1534 3517 1597 intuentes,
3548 1553 3645 1591 ea:-

2058 1627 2314 1679 sultemus
2337 1638 2527 1680 omnes
2550 1634 2596 1679 et
2630 1626 2687 1678 in
2728 1624 2945 1694 psalmis
2985 1625 3278 1695 jnbilemus
3312 1628 3355 1682 ².
3409 1626 3643 1683 Plautia-

2062 1730 2183 1769 mus
2203 1715 2471 1779 manibus,
2502 1715 2815 1783 spirituales
2841 1716 3068 1772 choreas
3098 1717 3473 1783 instituamus,
3502 1721 3645 1775 (Juno

2061 1806 2364 1874 ceptionem
2406 1805 2553 1860 illius
2583 1806 2775 1861 festive
2801 1807 3159 1871 celebrantes,
3191 1824 3308 1876 qua:
3336 1809 3491 1865 nobis
3523 1826 3643 1864 om-

2062 1898 2149 1953 nis
2180 1897 2377 1953 laatitia:
2406 1897 2621 1952 auctrix
2652 1897 3045 1967 inelfabilisque
3079 1898 3261 1968 gaudii
3299 1901 3644 1956 conciliatrix

2060 1991 2309 2046 exsistet.
2488 2066 2491 2067 ν

2130 2082 2429 2137 Cantamus
2468 2083 2724 2138 concordi
2776 2096 2907 2137 voce
2939 2083 3050 2139 Deo
3083 2094 3292 2149 nostro,
3323 2094 3644 2149 cantemus;

2058 2184 2241 2244 utpote
2261 2176 2352 2245 qui
2399 2190 2496 2243 per
2530 2176 2744 2231 Annam
2789 2177 3191 2232 etJoachimum
3238 2177 3398 2245 plane
3450 2178 3647 2232 imma-

2057 2267 2236 2322 culata
2267 2269 2491 2324 Domina
2520 2276 2575 2323 et
2595 2266 2818 2337 Virgine
2849 2269 3109 2334 ditemur,
3142 2285 3263 2339 qua:
3304 2284 3405 2324 nos
3438 2270 3646 2338 peccati

2058 2360 2320 2414 servitute
2334 2372 2551 2427 pressos
2577 2358 2629 2412 in
2662 2358 2970 2414 libertatem
2995 2369 3223 2415 asseret.
3254 2361 3316 2413 Et
3340 2376 3438 2413 nos
3456 2361 3645 2429 igitur,

2058 2460 2280 2519 stupore
2312 2450 2366 2505 in
2400 2450 2663 2506 exstasim
2697 2452 2863 2507 veluti
2892 2454 3195 2522 rapti,cum
3224 2453 3409 2507 divino
3444 2453 3646 2509 Davitle

2059 2543 2357 2599 clamemus
2394 2563 2407 2599 :
2441 2544 2615 2610 Quam
2648 2545 2988 2614 magniﬁcam
3018 2556 3143 2599 sunt
3188 2562 3345 2613 opera
3390 2554 3505 2613 tua,
3540 2542 3648 2601 Do-

2060 2635 2241 2689 mine!
2276 2635 2473 2691 Omnia
2506 2638 2561 2691 in
2593 2639 2852 2705 sapientia
2882 2638 3095 2707 fecisti!
3136 2639 3333 2710 Ecquis
3366 2640 3511 2695 enim
3544 2655 3646 2710 po-

2062 2729 2262 2784 Ieutias
2297 2729 2469 2798 ipsius
2515 2730 2692 2800 eloqui
2725 2732 2956 2799 poterit?
2998 2732 3105 2786 Aut
3140 2735 3420 2799 cuiusnam
3455 2733 3648 2803 ampli-

2063 2821 2191 2875 tudo
2219 2821 2400 2875 cordis
2448 2821 2904 2893 investigabilium
2958 2824 3287 2893 judiciornm
3324 2824 3443 2895 ejus
3478 2826 3646 2897 abys-

2060 2927 2178 2966 sum
2210 2912 2451 2983 (poterit)
2483 2915 2797 2970 dimetiri“?
2840 2915 2941 2980 Qui
3003 2916 3451 2987 (indignationem
3504 2918 3643 2989 ejus)

2062 3005 2491 3072 incurreramus,
2532 3023 2563 3061 a
2602 3008 2951 3063 damnatione
3004 3008 3359 3063 absolvimur.
3399 3009 3501 3077 Qui
3540 3013 3649 3067 dw-

2063 3098 2232 3161 moni,
2254 3097 2516 3153 malorum
2548 3101 2788 3156 omnium
2818 3100 3141 3170 architecto,
3175 3119 3341 3173 prava
3373 3119 3471 3173 per
3523 3121 3645 3161 ser-

2062 3199 2279 3259 pentem
2332 3190 2556 3245 consilia
2605 3194 2924 3263 suggerenti
2980 3198 3577 3265 obtemperaveramus,
3614 3214 3643 3249 ει

2066 3282 2311 3348 Domino,
2329 3281 2622 3338 Conditore
2651 3294 2862 3350 nostro,
2890 3294 3009 3339 utut
3038 3286 3504 3354 praevaricatores,
3526 3302 3649 3343 sus-

368 3376 800 3446 ἁπορῤίψαντες,
855 3373 952 3427 καὶ
994 3371 1072 3443 τῷ
1123 3373 1385 3443 δυσμενεί
1436 3374 1956 3443 προσχωρήσαντες,

2068 3373 2319 3442 cipimur.
2352 3373 2454 3439 Qui
2479 3374 2869 3446 spontejugum
2901 3376 3073 3445 ipsius
3115 3391 3145 3430 a
3195 3378 3407 3432 cervice
3466 3387 3649 3433 nostra

371 3468 511 3542 πρὸς
536 3469 626 3523 τὸν
651 3467 887 3539 χρηστὸν
918 3467 1130 3520 ἐκείνου
1163 3465 1327 3519 πάλιν
1353 3465 1440 3519 διὰ
1465 3465 1751 3537 σπλάγχνα
1778 3466 1962 3532 ἐλέους

370 3560 792 3632 ὑποϐαλλόμεθα
815 3576 830 3588 '
860 3560 911 3612 οἱ
938 3560 1007 3613 τά
1032 3558 1292 3611 δύσοιστα
1325 3557 1435 3610 τῶν
1472 3557 1806 3628 ἁμαρτάδων
1830 3573 1964 3627 φορ-

368 3656 464 3710 τία
497 3655 728 3718 ἑαυτοὺς
778 3652 1256 3724 ἐπιφορτίσαντες,
1304 3649 1444 3721 πρὸς
1496 3650 1596 3723 τὴν
1654 3650 1963 3705 ἀνάπαυσιν

370 3745 861 3820 προσκεκλήμεθα.

445 3935 667 3989 Τούτων
708 3932 972 3988 ἁπάντων
1004 3931 1150 4003 ἀρχὴ
1177 3930 1273 3985 καὶ¹
1298 3929 1448 3985 αίτία
1478 3931 1512 3999 ἡ
1541 3928 1795 3999 παροῦσα
1823 3916 1961 3982 καθὲ

372 4032 603 4099 έστηκεν
663 4026 854 4097 ἑορτὴ,
896 4025 995 4078 καὶ
1039 4025 1149 4078 τῶν
1179 4024 1356 4078 ἄλλων
1390 4023 1670 4084 ἁπάντων,
1710 4022 1963 4090 καθάπερ

370 4143 456 4187 τις
484 4123 634 4194 ἡλίου
673 4120 975 4191 ἑωσφόρος,
1008 4118 1515 4190 προανατέλλουσα,
1552 4117 1648 4169 καὶ
1668 4115 1736 4168 δι’
1760 4114 1962 4184 ἑαυτῆς

372 4218 592 4279 ἁπάσας
628 4213 930 4284 μηνύουσα.

446 4310 520 4364 Γν.
567 4307 824 4378 ἰωακεὶμ
852 4306 961 4376 γάρ
987 4322 1073 4368 τις
1112 4302 1222 4356 τῶν
1251 4302 1476 4373 ἐξόχων,
1513 4302 1611 4357 καὶ
1653 4316 1799 4372 μεγα
1828 4303 1961 4373 παρ’

384 4400 662 4471 Ἑϐραίοις
687 4397 828 4469 ἔχων
861 4397 921 4451 τὸ
940 4396 1135 4467 ὄνομα,
1161 4396 1226 4449 ἐκ
1264 4394 1556 4450 Δαϐιδικοῦ
1591 4394 1760 4466 φύλου
1793 4395 1962 4449 κατάο

368 4509 488 4559 γων
516 4490 579 4542 τὸ
610 4489 788 4558 γένος,
821 4487 921 4557 τὴν
947 4486 1049 4556 τῆς
1080 4484 1230 4546 θείας
1252 4487 1481 4556 χάριτος
1509 4484 1801 4556 ἐπώνυμον
1836 4486 1963 4537 Ἀν-

369 4598 472 4635 ναν
498 4579 601 4650 τῆς
620 4578 793 4648 αὐτῆς
824 4575 1149 4646 συγγενείας
1179 4572 1348 4629 οὖσαν
1374 4576 1649 4646 ἐκτήσατο
1675 4573 1923 4628 σύνοικον
1945 4588 1959 4602 ⁸

368 4676 436 4729 ού
464 4675 574 4743 γὰρ
619 4671 745 4742 ἐξῆν
780 4668 900 4723 κατ’
938 4668 1185 4731 ἐκείνους
1218 4667 1278 4732 ἐξ
1323 4666 1492 4737 ἄλλης
1526 4666 1698 4737 φυλῆς
1726 4666 1827 4730 τὰς
1863 4681 1958 4717 συ-

2064 3480 2518 3534 excusseramus,
2546 3478 2601 3525 et
2634 3469 2775 3523 facta
2803 3470 3077 3525 deditione
3107 3473 3174 3526 ad
3215 3471 3422 3526 inimici
3464 3484 3649 3543 partes

2066 3561 2526 3629 trausiveramus,
2589 3579 2779 3619 rursus
2845 3564 2995 3620 suavi
3052 3564 3197 3621 illius
3240 3565 3370 3635 jugo
3429 3577 3650 3635 propter

2064 3656 2453 3713 misericordia:
2510 3672 2623 3714 suae
2682 3659 2895 3714 viscera
2946 3658 3290 3729 subjiciuntur.
3328 3659 3429 3727 Qui
3482 3674 3650 3714 onere

2031 3761 2412 3821 peccatorum
2481 3751 2789 3807 miserrime
2867 3752 3207 3822 opprimente
3284 3752 3650 3821 nosmetipsos

2064 3857 2509 3913 gravaveramus,
2551 3842 2618 3897 ad
2664 3841 3016 3897 refectionem
3063 3843 3236 3899 vocati
3284 3844 3398 3915 jam
3438 3860 3646 3900 sumus.

2136 3930 2339 3986 llorutu
2374 3945 2536 3999 porro
2587 3932 2850 3986 bonorum
2902 3932 3147 3987 omnium
3194 3933 3349 4005 origo
3378 3944 3433 3990 et
3482 3952 3649 3992 causa

2062 4038 2303 4093 prmsens
2355 4024 2565 4078 exstiti:
2611 4023 2949 4090 solemuitas,
2987 4039 3111 4096 quae
3159 4025 3384 4096 reliquis
3424 4028 3649 4098 insuper

2062 4113 2335 4177 omnibus,
2360 4126 2457 4167 ceu
2510 4113 2757 4182 quaedam
2794 4115 2928 4169 solis
2984 4130 3179 4170 aurora
3202 4158 3219 4183 ,
3255 4127 3433 4171 ortum
3468 4130 3646 4187 parat,

2062 4215 2393 4273 cwterasque
2420 4204 2593 4274 seipsa
2621 4204 3000 4262 solemnitales
3034 4207 3380 4275 praznnutiat.

2133 4296 2218 4350 lli.
2248 4295 2516 4358 Joachim,
2548 4312 2689 4351 unus
2721 4312 2752 4351 e
2782 4298 3131 4365 primoribus,
3172 4299 3463 4369 magnique
3506 4303 3649 4371 apud

2063 4393 2317 4451 Hebravos
2348 4395 2600 4460 nominis,
2629 4403 2684 4450 et
2708 4410 2739 4451 ε
2762 4396 2976 4453 Davidis
3016 4395 3220 4451 familia
3246 4398 3448 4453 ducens
3476 4400 3647 4470 origi-

2063 4485 2473 4550 nem,.Annam,
2533 4502 2562 4540 a
2617 4486 2801 4542 divina
2849 4487 3024 4556 gratia
3056 4501 3248 4542 nomen
3276 4486 3564 4543 habentem
3594 4499 3651 4544 et

2060 4591 2239 4633 ortum
2264 4593 2329 4633 ex
2354 4581 2541 4634 eadem
2573 4580 2740 4647 stirpe
2773 4580 3077 4634 trahentem
3119 4577 3317 4649 (neque
3332 4580 3475 4633 enim
3504 4583 3649 4651 apud

2061 4684 2157 4726 eos
2178 4686 2245 4726 ex
2272 4672 2484 4725 diversa
2516 4671 2658 4726 tribu
2687 4672 3032 4727 matrimOnia
3057 4669 3211 4743 jungi
3238 4670 3319 4727 fas
3344 4678 3648 4741 erat),uxo-

370 4739 566 4836 ζυγίας
592 4739 965 4836 ἁρμόζεσθαι·
1000 4762 1097 4815 καὶ
1120 4760 1185 4830 δὴ
1212 4759 1311 4830 τὴν
1341 4758 1545 4830 ἀρετὴν
1566 4758 1845 4829 ὁμοτίμως
1867 4757 1958 4809 καὶ

2067 4778 2179 4817 rem
2222 4763 2431 4818 habuit.
2461 4762 2638 4831 Atque
2676 4764 2836 4817 ambo
2870 4778 3001 4818 sane
3030 4764 3285 4817 concordi
3316 4765 3521 4827 animo,
3553 4781 3651 4832 pa-

367 4859 668 4932 όμοψύχως
709 4856 1013 4927 ἀμφότεροι
1050 4853 1484 4923 ἐξασκήσαντες,
1520 4853 1635 4922 ὁοὐχ
1675 4849 1839 4923 ἦττον
1866 4851 1963 4904 θά-

367 4971 532 5026 τερος
562 4951 816 5023 θατέρου,
850 4950 1062 5012 πάντας
1114 4948 1242 5008 τοὺς
1273 4945 1397 4999 κατ’
1421 4946 1631 4998 ἐκείνου
1678 4944 1873 5016 καιροῦ
1904 4945 1963 4997 ἐν

369 5048 569 5117 ταύτῃ,
594 5045 793 5098 ὁπόσον
819 5043 919 5095 οὐκ
949 5036 1018 5112 ἦν
1040 5040 1237 5101 εἰπεῖν,
1268 5039 1465 5109 ῥᾳδίως
1487 5037 1924 5107 ύπερηκόντισαν
1945 5052 1959 5066 ο

370 5146 468 5197 καὶ
497 5140 690 5194 τούτου
729 5137 905 5207 σαφὴς
930 5136 999 5189 τὰ
1038 5134 1178 5207 μετὰ
1215 5133 1306 5186 τὸν
1333 5133 1492 5186 τόκον
1525 5130 1820 5195 ἀπόδειξις.
1844 5132 1959 5184 Μό-

369 5250 454 5286 νοι
490 5232 599 5303 γὰρ
626 5230 733 5284 τῶν
768 5230 947 5283 ἄλλων
984 5228 1244 5281 ἁπάντων
1272 5223 1501 5294 τοιούτῳ
1527 5222 1814 5293 μυστηρίῳ
1842 5222 1961 5275 δια-

373 5326 601 5393 κονῆσαι
631 5321 1076 5391 κατηξιώθησαν,
1105 5317 1181 5382 ὡς
1217 5315 1354 5370 Θεοῦ
1372 5316 1594 5387 Μητρὸς
1621 5313 1961 5385 χρηματίσαι

373 5419 723 5489 γεννήτορες,
776 5416 872 5467 καὶ
898 5412 1092 5466 τούτου
1140 5411 1399 5482 πρόγονοι
1441 5410 1540 5479 τῆς
1588 5408 1740 5462 κάτω
1766 5409 1964 5479 γεννή-

379 5528 536 5574 σεως.
582 5508 749 5561 Ἀλλά
794 5524 860 5575 γε
911 5506 1117 5577 καίπερ
1163 5504 1394 5559 τοιοῦτοι
1455 5505 1720 5577 πρότερον
1770 5502 1963 5567 ὀντες,

379 5602 608 5665 ἄπαιδες
638 5602 964 5672 κατεγήρων
995 5599 1090 5652 τὸν
1134 5598 1271 5669 βίον,
1299 5598 1395 5651 καὶ
1424 5597 1523 5667 τὴν
1552 5599 1616 5650 ἐκ
1650 5594 1843 5649 τούτου
1871 5594 1966 5647 λύ-

380 5713 489 5768 πην
516 5694 890 5760 συναύξουσαν
919 5694 1049 5763 παρ’
1070 5691 1194 5746 ὅλον
1225 5691 1565 5761 εἰσέκτηντο,
1595 5688 1670 5752 ὡς
1700 5688 1810 5742 τῶν
1833 5685 1963 5757 παρ’

2062 4858 2217 4927 rique
2237 4857 2415 4912 studio
2438 4860 2690 4913 virtutem
2743 4858 3088 4922 excolentes,
3132 4858 3291 4927 hujus
3336 4859 3651 4926 praestantia

2062 4966 2202 5005 unus
2231 4966 2384 5019 teque
2407 4959 2567 5018 atque
2584 4950 2751 5003 altera
2778 4964 2967 5004 omnes
2996 4950 3175 5004 inlatis
3210 4950 3352 5003 illius
3377 4950 3648 5011 homines.

2062 5052 2323 5112 quantum
2346 5057 2447 5095 nec
2477 5041 2658 5095 verbis
2683 5040 2787 5093 diei
2812 5052 3028 5109 posset,
3065 5039 3226 5095 facile
3275 5052 3649 5096 excesserunt.

2062 5130 2230 5201 Cujus
2264 5132 2341 5186 rei
2381 5132 2604 5186 evidens
2639 5131 3062 5199 suppeditabunt
3104 5141 3488 5200 argumentum
3531 5147 3653 5199 qua:

2071 5237 2193 5296 post
2225 5234 2437 5294 partum
2483 5232 2670 5277 secula
2702 5232 2848 5276 sunt.
2888 5221 2953 5274 Et
2977 5237 3111 5277 sane
3140 5237 3205 5276 cx
3252 5221 3373 5276 aliis
3396 5222 3651 5275 omnibus

2068 5317 2170 5387 ipsi
2196 5316 2295 5371 soli
2323 5316 2466 5385 digni
2500 5315 2668 5369 habiti
2694 5324 2839 5380 suul,
2874 5314 2963 5384 qui
3006 5314 3167 5383 hujus
3215 5314 3457 5385 mysterii
3490 5312 3653 5366 mini-

2063 5409 2160 5464 stri
2188 5408 2404 5475 forent,
2434 5416 2491 5458 ut
2529 5407 2753 5474 proinde
2784 5406 2875 5459 Dei
2908 5404 3096 5459 Matris
3134 5406 3435 5476 genitores,
3469 5418 3532 5457 ac
3557 5402 3653 5457 Dei

2068 5503 2237 5570 ipsius
2270 5499 2564 5553 secundum
2594 5498 3002 5567 generationem
3035 5506 3347 5552 terrestrem
3380 5496 3461 5549 avi
3482 5494 3652 5548 exsti-

2068 5592 2252 5646 terint.
2284 5588 2483 5643 Verum
2529 5588 2830 5653 enimvero,
2859 5587 2983 5641 licet
3019 5588 3183 5642 tantis
3232 5587 3310 5641 vel
3341 5596 3497 5639 antea
3539 5598 3654 5637 tne-

2066 5682 2187 5739 ritis
2216 5679 2457 5755 insignes
2484 5687 2688 5743 essent,
2716 5680 2831 5735 sine
2855 5678 3041 5735 liberis
3062 5687 3241 5735 tamen
3273 5672 3649 5742 senescebattt;

454 5878 475 5910 ⁸
506 5873 708 5931 Psabn.
748 5889 890 5939 χειν,
938 5874 989 5938 Ι,
1018 5873 1072 5927 2.
1152 5871 1171 5902 ³
1205 5871 1404 5926 Psalm.
1446 5885 1563 5938 cttt,
1597 5870 1688 5924 2L
1771 5869 1792 5899 ⁸
1819 5864 1958 5924 Psall

2061 5878 2137 5929 ιν,
2165 5861 2221 5917 2.
2298 5864 2317 5895 ⁵
2351 5860 2552 5918 i‘saltn.
2599 5875 2772 5929 xxvu,
2800 5859 2855 5915 7.

744 5970 1017 6031 PATROL.
1062 5968 1180 6031 Gn.
1226 5967 1382 6031 CIV.

3210 5951 3285 6011 ω
