4146 6438
565 343 699 410 i355

1690 337 1918 400 PETRI
1959 336 2333 396 ARGORUM
2375 331 2715 394 EPISCOPI

3694 331 3818 397 1356

562 467 614 511 et
645 451 845 510 exinde
889 451 1077 508 dolore
1113 450 1318 522 jugitcr
1372 448 1640 504 accrbiori
1690 450 2138 510 conficiebantur,

2267 448 2423 511 ιύτοῖς
2454 447 2881 517 ἐπηγγελμένων
2926 448 2990 499 ἐκ
3040 445 3179 500 Θεοῦ
3214 444 3439 515 ἀγαθῶν
3480 442 3817 515 ὑπάρχοντος

563 557 751 613 utpote
778 558 843 597 eo
874 545 1015 597 bono
1040 550 1311 607 carentes,
1337 538 1479 608 quod
1511 539 1653 593 inter
1686 538 1952 608 promissa
1978 552 2008 590 a
2039 535 2152 592 Deo

562 650 663 703 per
695 633 823 687 illud
858 641 1069 700 tempus
1097 629 1438 700 potissimum
1469 628 1790 682 habebatur.

639 723 728 779 iV.
756 724 890 779 Cum
924 738 1051 778 vero
1084 736 1275 792 magna
1315 720 1455 789 apud
1486 734 1581 775 eos
1621 719 1739 774 dies
1786 717 2150 782 adventasset,

572 816 726 889 (puto
768 824 947 869 autem
1010 814 1148 867 hanc
1184 826 1306 867 esse
1339 809 1719 879 scenopegiam
1746 848 1761 872 ,
1807 822 1927 876 quae
1968 822 2156 861 mense

570 907 844 977 (ἔοι-βίοιο,
877 903 1182 974 Septembri
1217 901 1447 969 scilicet,
1471 900 1851 956 celebrabatur
1884 914 1899 952 :
1934 906 2154 967 oporte-

572 1002 664 1055 bat
686 1014 834 1063 vero,
870 1005 929 1051 ut
950 1010 1139 1053 omnes
1166 1010 1233 1050 ex
1268 993 1541 1049 universis
1571 992 1823 1048 tribubus
1853 988 2154 1046 secundum

573 1092 745 1162 legem
781 1087 1170 1158 Hierosolymis
1199 1093 1681 1157 congregarentur,
1704 1091 1787 1139 ter
1809 1083 1935 1138 anni
1965 1082 2158 1136 ordine

574 1184 628 1239 id
655 1181 1061 1252 praescribente,
1094 1180 1197 1233 hac
1228 1191 1422 1247 nempe
1449 1181 1765 1231 recurrente
1793 1173 2155 1235 solemnitate,

576 1282 691 1327 tum
730 1271 939 1325 decima
968 1278 1161 1338 quarta
1186 1267 1344 1336 primi
1379 1264 1599 1329 mensis,
1620 1273 1735 1319 tum
1764 1263 1998 1333 denique
2016 1261 2159 1316 Pen-

576 1373 800 1428 tecoste,
838 1376 942 1432 qua
968 1362 1033 1415 de
1071 1374 1233 1415 causa
1265 1359 1348 1413 hie
1377 1357 1703 1413 festivitates
1744 1370 1950 1425 magna:
1995 1367 2161 1407 voca-

576 1457 812 1520 bantur;
848 1461 903 1507 et
932 1465 1120 1506 omnes
1148 1449 1366 1519 quidem
1386 1449 1453 1503 ad
1491 1448 1735 1503 divinum
1765 1446 1895 1501 illud
1942 1453 1997 1500 et
2021 1444 2163 1500 cele-

577 1548 876 1604 berrimum
933 1544 1193 1615 templum
1233 1551 1613 1604 accurrentes,
1646 1553 1743 1608 pro
1787 1551 1884 1591 sua
1930 1536 2163 1606 quisque

578 1640 855 1705 facultate,
885 1637 995 1692 Deo
1025 1649 1252 1693 munera
1281 1631 1585 1689 offerebant
1630 1649 1645 1686 :
1672 1631 1801 1685 illud
1830 1631 1998 1695 enim,
2036 1626 2162 1683 Non

576 1730 851 1800 apparebis
885 1730 942 1781 in
962 1735 1240 1795 conspectu
1270 1740 1383 1778 meo
1405 1740 1597 1777 vacuus
1638 1722 1685 1788 ⁸,
1728 1723 1869 1778 Deus
1902 1722 2016 1791 ipse
2046 1720 2163 1789 lege

2254 540 2315 595 τὸ
2344 540 2639 610 κεφάλαιον
2669 540 2727 593 ὲν
2754 540 2934 610 τούτῳ
2961 540 3437 611 ὲφυστερίζοντες.

2327 724 2402 773 Δ’.
2449 721 2603 775 Ἐπεὶ
2632 721 2689 774 δὲ
2717 722 2817 791 τῆς
2846 721 2975 792 παρ’
3007 720 3238 785 ἐκείνοις
3266 719 3554 791 φθασὰσης
3590 721 3823 791 μεγάλης

2256 813 2473 885 ἡμέρας
2493 827 2507 840 ⁶
2532 812 2740 883 ταύτην
2758 812 2814 865 δὲ
2830 808 2987 883 οῐμαι
3008 812 3108 882 τὴν
3132 812 3514 882 σκηνοπηγίαν
3531 808 3669 866 εἶναι
3693 813 3828 865 κατά

2256 904 2349 956 τὸν
2379 904 2673 974 Γορπιαῖον
2714 902 3074 973 τελουμένην,
3119 902 3239 973 ῆτοι
3280 901 3685 973 Σεπτέμϐριον·
3726 902 3827 957 ἔδει

2257 994 2315 1049 δὲ
2346 996 2559 1058 πάντας
2592 997 2657 1049 ὲκ
2686 995 2878 1048 πασῶν
2916 994 3027 1047 τῶν
3063 993 3247 1064 φυλῶν
3279 994 3422 1049 κατὰ
3455 992 3545 1047 τὸν
3586 992 3746 1065 νόμον
3776 996 3829 1048 ὲν

2273 1088 2674 1159 Ἰεροσολύμοις
2726 1085 3078 1159 ἀθροίζεσθαι
3105 1102 3120 1117 ’
3170 1088 3294 1159 τρὶς
3339 1086 3432 1141 τοῦ
3484 1087 3638 1152 ἔτους
3679 1084 3831 1139 τοῦτο

2260 1181 2715 1249 προστάττοντος,
2753 1179 2812 1232 ὲν
2859 1177 3038 1252 ταύτῃ
3061 1194 3122 1233 τε
3159 1179 3257 1233 καὶ
3292 1181 3359 1251 τῇ
3385 1178 3829 1250 τεσσαρεσκαιδε-

2262 1273 2404 1345 κάτῃ
2428 1272 2523 1325 τοῦ
2549 1270 2770 1341 πρώτου
2794 1271 2985 1343 μηνὸς,
3014 1272 3111 1325 καὶ
3136 1274 3203 1342 τῇ
3233 1273 3603 1343 Πεντήκοστῇ,
3633 1272 3726 1324 καὶ
3750 1270 3833 1323 διὰ

2260 1363 2423 1416 τοῦτο
2452 1362 2797 1433 καλουμένας
2829 1361 3102 1431 μεγάλας
3123 1379 3138 1396 ·
3166 1365 3391 1430 πάντες,
3427 1364 3568 1418 κατά
3610 1362 3671 1417 τὺ
3697 1363 3830 1426 ἐνὸν,

2264 1456 2345 1519 εἱς
2376 1456 2469 1509 τὸν
2497 1454 2641 1509 θεῖον
2671 1456 2769 1508 καὶ
2800 1454 3145 1527 περιώνυμον
3192 1457 3401 1510 ἐκεῖνον
3430 1456 3567 1509 νεὼν
3609 1471 3833 1525 προσερ-

2264 1546 2507 1617 χόμενοι,
2565 1545 2718 1616 δῶρά
2773 1562 2834 1598 τε
2884 1545 3229 1616 προσέφερον
3278 1545 3357 1617 τῷ
3399 1546 3546 1617 Θεῷ·
3602 1547 3685 1599 Οὐ
3731 1546 3832 1615 γάρ

2265 1638 2507 1707 ὀφθήσῃ
2540 1637 2718 1703 κενὸς
2755 1637 3034 1691 ἐναντίον
3055 1653 3197 1707 μου,
3231 1639 3361 1709 παρ’
3386 1638 3597 1691 ἐκείνου
3629 1636 3832 1700 τούτοις

2265 1729 2637 1799 ὲνομοθετεϊτο
2657 1744 2672 1760 ·
2696 1728 2927 1797 ἀπάγων
2953 1730 3173 1796 αὐτοὺς,
3202 1729 3296 1783 τοῦ
3338 1730 3413 1800 μή
3459 1747 3565 1783 τινι
3590 1729 3775 1793 σέϐας,
3798 1730 3830 1800 ἢ

578 1822 687 1878 illis
724 1821 1109 1883 constituerat,
1148 1816 1445 1888 periculum
1482 1814 1563 1870 sic
1618 1825 1900 1879 avertens,
1954 1828 2024 1867 ne
2073 1812 2159 1866 cui

2267 1819 2395 1874 ἄλλο
2422 1834 2477 1873 τι
2511 1818 2844 1889 προσφέρειν
2874 1818 2987 1871 τῶν
3026 1820 3127 1873 οὐκ
3161 1818 3332 1872 ὄντων
3371 1819 3529 1883 θεῶν,
3566 1820 3666 1872 καὶ
3696 1819 3834 1889 μόνῳ

580 1916 811 1971 deorum
848 1927 1058 1977 eorum,
1092 1911 1183 1981 qui
1209 1908 1343 1964 nihil
1374 1908 1550 1979 reipsa
1583 1916 1727 1971 sunt,
1755 1916 2011 1976 tanquam
2050 1903 2163 1959 Deo

577 2022 713 2063 vero
744 2007 1004 2061 honorem
1047 2012 1145 2057 aut
1166 2000 1443 2072 quidpiam
1490 1999 1633 2054 aliud
1664 1997 1950 2064 offerrent,
1979 1998 2076 2053 sed
2105 2006 2164 2052 ut

578 2098 685 2154 sibi
721 2097 821 2153 soli
842 2110 936 2151 eos
966 2094 1299 2159 devinciret;
1336 2107 1459 2146 nam
1493 2100 1747 2147 cteterum
1778 2089 1920 2144 haud
1949 2089 2163 2159 indigus

580 2200 667 2246 est
687 2187 950 2243 bonorum
975 2193 1284 2241 nostrorqu
1314 2182 1474 2249 Deus,
1502 2180 1592 2249 qui
1624 2179 1806 2234 omnia
1829 2192 1896 2233 ex
1931 2191 2036 2231 non
2074 2190 2166 2230 ex-

580 2279 853 2339 stantibus
879 2276 1125 2342 creavit;
1155 2273 1248 2330 sed
1272 2283 1525 2342 tanquam
1550 2270 1727 2326 omnis
1754 2269 1874 2324 fons
1902 2267 2164 2324 bonitatis

579 2388 677 2444 per
698 2372 814 2427 haec
840 2369 1125 2425 sollicitam
1150 2365 1343 2420 salutis
1372 2372 1574 2419 nostrae
1602 2376 1789 2417 curam
1816 2360 1977 2431 gerit.

649 2464 786 2520 Cum
812 2475 1002 2517 omnes
1026 2458 1215 2529 igitur,
1248 2466 1307 2513 ut
1332 2457 1463 2520 dixi,
1488 2470 1519 2511 e
1557 2454 1783 2523 singulis
1802 2454 2048 2508 tribubus
2065 2466 2163 2507 sua

580 2557 693 2613 Deo
719 2568 944 2609 munera
970 2550 1255 2617 offerrent,
1291 2549 1479 2603 aderat
1512 2557 1567 2603 et
1600 2546 1729 2600 illud
1760 2545 2002 2600 divinum
2043 2559 2161 2614 par,

578 2642 898 2701 Joacltimus
923 2638 1174 2694 videlicet
1208 2646 1262 2693 et
1290 2637 1471 2701 Anna,
1505 2635 1695 2706 legalis
1729 2634 1860 2689 illud
1886 2634 2165 2704 religionis

580 2736 1014 2797 firmamentum,
1056 2739 1111 2786 et
1170 2729 1497 2799 evangelicae
1551 2727 1907 2797 philosophiae
1968 2726 2163 2798 gloria,

579 2826 753 2882 tribus
776 2823 928 2879 Iudae
957 2821 1359 2878 nobilissimum
1379 2829 1759 2876 ornamentum
1780 2858 1795 2885 ,
1828 2827 1992 2889 atque
2023 2834 2163 2887 prae-

578 2917 885 2975 clarissima
916 2913 1189 2984 gloriatio,
1219 2920 1407 2983 utpote
1438 2911 1645 2968 Christi
1668 2911 1913 2967 omnium
1947 2910 2159 2965 Domini

579 3005 950 3077 generationis
1000 3006 1301 3061 secundum
1336 3020 1556 3059 carnem
1594 3003 1922 3073 principium
1978 3017 2044 3057 ac
2075 3017 2161 3056 ra-

578 3100 693 3168 dix,
714 3099 929 3154 Davidis
950 3098 1391 3167 augustissimum
1416 3098 1601 3162 decus,
1621 3104 1675 3149 et
1698 3105 1895 3151 nostra:
1922 3096 2163 3149 omnium

578 3190 772 3248 salutis
804 3201 1005 3245 tessera
1024 3162 1514 3259 ‘splendidissima.
1551 3188 1794 3243 Aderant
1827 3196 2011 3241 autem
2053 3201 2159 3240 non
2192 3162 2233 3221 θ

581 3285 729 3339 sicut
760 3284 851 3338 alii
895 3282 1165 3337 cervicem
1211 3281 1517 3349 erigentes,
1554 3294 1651 3334 nec
1682 3278 1970 3349 supercilia
2017 3279 2164 3332 inso-

583 3374 759 3431 lenter
807 3372 1116 3429 attollentes
1147 3372 1215 3426 ad
1265 3372 1504 3427 Rubeuis
1529 3370 1827 3441 praesertim
1863 3373 2159 3440 exemplar,

581 3467 676 3536 qui
728 3473 785 3520 et
843 3467 1100 3520 adversus
1156 3463 1295 3520 alios
1346 3477 1469 3519 sese
1522 3461 1806 3525 efferebat,
1862 3472 1918 3516 et
1970 3463 2161 3516 horum

581 3558 766 3611 oblata
825 3555 968 3609 dona
1029 3553 1266 3623 superbe
1322 3552 1681 3618 metiebatur;
1738 3550 1832 3604 sed
1878 3550 2068 3619 quiete
2101 3563 2164 3603 ac

586 3650 752 3704 tacite
765 3656 819 3704 et
847 3646 1022 3718 magis
1046 3660 1207 3716 quam
1231 3658 1319 3700 res
1345 3643 1652 3707 sensibiles,
1681 3658 1778 3698 cor
1799 3642 2090 3697 contritum
2112 3649 2167 3693 et

585 3741 928 3798 humiliatum
970 3738 1100 3806 Deo,
1126 3738 1218 3807 qui
1256 3736 1399 3793 istud
1427 3750 1534 3790 non
1566 3734 1817 3805 despicit,
1846 3734 2161 3790 offerentes.

661 3936 728 3992 γ.
748 3938 817 3992 At
842 3950 939 3992 ore
974 3932 1276 4003 impudenti
1320 3931 1507 3986 Ruben
1540 3943 1662 3986 sese
1701 3929 1767 3984 iis
1804 3928 1909 3983 fert
1929 3927 2164 3993 obviam,

588 4042 753 4088 cteos
779 4029 993 4099 quidem
1014 4034 1199 4097 utpote
1233 4024 1430 4079 nullam
1459 4021 1696 4078 sobolem
1720 4020 1946 4075 sortitos
1975 4031 2167 4075 contu-

587 4122 765 4179 meliis
794 4122 1060 4175 lacessere
1080 4132 1185 4172 non
1213 4128 1468 4180 veretur;
1491 4123 1601 4167 tum
1625 4126 1754 4167 vero
1776 4112 2012 4181 ipsorum
2029 4114 2167 4166 dona

585 4215 787 4276 oblata,
811 4211 963 4281 quasi
1010 4211 1119 4264 Deo
1157 4207 1396 4276 indigna,
1447 4203 1642 4273 reiicit.

650 4305 797 4373 Quid
848 4311 934 4359 est
987 4301 1129 4372 quod
1171 4300 1244 4354 ita
1274 4311 1439 4367 agas,
1487 4311 1521 4351 ο
1558 4294 1787 4349 Ruben?
1816 4292 1955 4360 Quid
2006 4292 2170 4347 hosce

588 4401 834 4454 insontes
866 4396 1004 4464 ipse,
1036 4392 1127 4462 qui
1172 4389 1355 4444 multis
1390 4387 1606 4457 probris
1644 4386 2033 4447 inhonestaris,
2069 4400 2167 4438 ceu

2261 1910 2625 1983 προσοικειῶν
2656 1911 2837 1982 ἑαυτῷ
2857 1927 2873 1943 θ
2902 1911 2963 1963 οὑ
2993 1910 3104 1980 γάρ
3140 1909 3249 1964 τῶν
3277 1910 3563 1981 ἡμετέρων
3604 1912 3665 1963 ὲν
3685 1910 3834 1980 χρείᾳ

2260 2002 2417 2067 Θεὸς,
2468 2005 2497 2057 ό
2540 2004 2605 2056 ὲκ
2659 2002 2734 2073 μὴ
2772 2002 2945 2057 ὄντων
2978 2002 3045 2055 τὰ
3084 2001 3263 2055 πάντα
3311 2000 3677 2072 παραγαγὼν,
3727 2000 3833 2053 ἀλλ’

2262 2094 2443 2165 ἡμῶν,
2468 2095 2543 2158 ὡς
2569 2095 2749 2167 πάσης
2772 2094 3112 2165 άγαθότητος
3130 2093 3393 2165 ὑπάρχων
3412 2093 3587 2164 πηγὴ,
3610 2092 3715 2164 τὴν
3738 2108 3835 2145 σω-

2260 2187 2461 2260 τηρίαν
2491 2183 2665 2257 ζητεῖ.

2334 2462 2563 2518 Πάντων
2589 2462 2791 2528 τοίνυν,
2821 2460 2896 2525 ὡς
2924 2460 3085 2531 ἔφην,
3111 2458 3255 2513 κατὰ
3284 2456 3458 2527 φυλὰς
3496 2455 3832 2529 προσφερόν-

2260 2572 2371 2609 των
2426 2554 2498 2608 τά
2548 2553 2699 2625 δῶρα
2750 2552 2891 2624 Θεῷ,
2952 2551 3134 2622 παρῆν
3186 2549 3281 2604 καὶ
3326 2550 3387 2603 τὸ
3430 2548 3572 2602 θεῖον
3622 2546 3831 2617 ζεῦγος,

2276 2648 2553 2717 Ἶωακεὶμ,
2592 2645 2761 2717 φημὶ,
2810 2644 2906 2698 καὶ
2936 2644 3127 2706 Ἀννα,
3158 2642 3259 2713 τῆς
3304 2641 3535 2711 νομικῆς
3580 2638 3832 2708 λατρείας

2262 2738 2323 2793 τὸ
2352 2738 2668 2809 στήριγμα,
2714 2736 2809 2791 καὶ
2847 2735 2949 2805 τῆς
3006 2731 3371 2802 εύαγγελικῆς
3412 2730 3735 2800 φιλοσοφίας
3778 2730 3834 2782 τὸ

2262 2831 2545 2902 καύχημα,
2578 2830 2640 2883 τὸ
2669 2830 2768 2899 τῆς
2819 2826 2975 2881 Ιούδα
3005 2825 3180 2895 φυλῆς
3209 2825 3600 2893 εὐγενέστατον
3642 2824 3835 2893 γνώρι-

2265 2942 2401 2995 σμα,
2432 2924 2532 2977 καὶ
2574 2922 2672 2976 τοῦ
2704 2923 2922 2976 πάντων
2964 2919 3238 2972 Δεσπότου
3276 2916 3517 2988 Χριστοῦ
3556 2916 3660 2987 τῆς
3705 2914 3836 2970 κατά

2265 3018 2445 3088 σάρκα
2472 3015 2783 3086 γεννήσεως
2810 3012 3302 3083 περιφανέστατον,
3333 3008 3409 3071 ὼς
3443 3008 3589 3080 ἀρχὴ
3631 3008 3727 3062 καὶ
3753 3008 3834 3063 al-

2264 3125 2402 3172 τιον,
2428 3106 2819 3177 σεμνολόγημα
2842 3119 2857 3136 ο
2886 3103 2950 3156 τὸ
2989 3101 3086 3155 τοῦ
3126 3100 3291 3154 Δαϐὶδ
3321 3099 3616 3170 ἱερώτατον
3652 3100 3836 3168 ἐγκαλ-

2266 3199 2547 3269 λώπισμα,
2569 3197 2667 3252 καὶ
2688 3199 2789 3267 τῆς
2810 3195 3068 3249 ἁπάντων
3084 3190 3247 3264 ἡμῶν
3269 3190 3545 3262 σωτηρίας
3567 3191 3699 3245 ἀστε
3709 3192 3837 3244 ιότα-

2263 3309 2355 3346 τον
2384 3290 2707 3361 γνώρισμα·
2764 3288 2863 3342 καὶ
2909 3286 3112 3358 παρῆν,
3157 3284 3260 3338 οὐκ
3319 3281 3474 3353 αῐρον
3528 3283 3674 3336 κατά
3720 3284 3836 3345 τοὺς

2265 3383 2460 3447 ἀλλους
2492 3382 2587 3436 τὸν
2629 3382 2855 3435 τένοντα
2888 3379 2985 3433 καὶ
3030 3377 3269 3448 μάλιστα
3311 3374 3404 3429 τὸν
3448 3374 3698 3445 Ῥουδὶμ,
3744 3375 3837 3427 οὐκ

2264 3475 2526 3533 ἀνασπῶν
2553 3475 2653 3538 τὰς
2683 3473 2879 3545 ὀφρῦς,
2915 3471 3013 3526 καὶ
3036 3470 3146 3523 τῶν
3173 3469 3350 3523 ἄλλων
3375 3468 3836 3537 κατεπαιρόμενον

2266 3566 2361 3620 καὶ
2388 3566 2459 3620 τὰ
2486 3566 2696 3619 τούτων
2728 3564 2880 3633 δῶρα
2922 3559 3487 3633 παραμετροῦμενον·
3511 3559 3631 3613 ἀλλ’
3663 3558 3837 3628 ἠρέμα

2267 3660 2362 3713 καὶ
2392 3658 2595 3729 ἡσυχῆ,
2641 3656 2738 3711 καὶ
2775 3655 2883 3727 πρὸ
2925 3654 3037 3708 τῶν
3064 3651 3339 3723 αἰσθητῶν
3382 3650 3611 3721 καρδίαν
3662 3667 3839 3703 συντεο

2266 3751 2579 3821 τριμμένην
2604 3750 2701 3805 καὶ
2726 3746 3211 3818 τεταπεινωμένην
3240 3744 3319 3816 τῷ
3348 3743 3553 3815 ταύτην
3585 3744 3665 3815 μὴ
3694 3743 3837 3810 ἐξου-

2270 3841 2512 3896 θενοῦντι
2543 3840 2935 3912 προσάγοντες.

2340 3933 2417 3985 E'.
2481 3931 2623 3984 Ἀλλ’
2682 3930 2918 3993 ἀναιδῶς
2966 3928 3111 3984 κατὰ
3169 3928 3464 3999 πρόσωπον
3523 3930 3552 3981 ό
3621 3927 3838 3996 Ῥουϐἱμ

2270 4023 2508 4093 ἀπαντᾷ,
2546 4023 2641 4075 καὶ
2672 4021 2896 4085 τούτους
2938 4022 3014 4083 ὡς
3060 4019 3294 4082 ἄπαιδας
3326 4017 3714 4082 κατονειδίζειν
3746 4035 3837 4071 κα-

2269 4112 2696 4185 ταθρασύνεται,
2727 4113 2821 4165 καὶ
2853 4112 2922 4165 τὰ
2950 4111 3158 4164 τούτων
3186 4108 3358 4179 δῶρα,
3388 4108 3465 4172 ὡς
3504 4108 3638 4179 παρ’
3669 4107 3837 4173 ἀξίαν,

2270 4205 2599 4277 ἐκκρούεται
2630 4202 3075 4275 προσφερόμενα.

2341 4299 2407 4351 Τί
2433 4297 2610 4352 ταῦτα
2636 4297 2919 4369 πράττεις,
2958 4294 3187 4364 Ῥουϐίμ
3210 4312 3224 4361 ;
3258 4293 3312 4347 τί
3340 4294 3467 4357 τοὺς
3495 4292 3792 4355 ἀναιτίους,
3815 4292 3841 4343 ό

2273 4388 2485 4444 πολλῶν
2522 4390 2695 4465 αἴτιος
2735 4387 3153 4457 ἀπηχεστάτων,
3207 4386 3451 4455 θρασέως
3500 4385 3733 4455 γράφειν
3766 4382 3841 4437 ai-

587 4505 710 4545 reos
746 4486 959 4558 publice
990 4482 1264 4538 criminari
1291 4478 1519 4533 fidenter
1544 4479 1710 4531 audes
1731 4474 1901 4541 ?Quis
1933 4489 2166 4543 unquam

2277 4481 2398 4543 τίας
2427 4479 2808 4550 κατατολμᾷς;
2844 4478 2928 4540 τίς
2956 4476 3098 4546 ὑπὲρ
3136 4469 3211 4530 ὧν
3240 4478 3300 4528 οὐ
3339 4477 3555 4542 πέφυκε
3591 4475 3841 4545 πράττειν

587 4583 658 4635 de
705 4580 773 4634 iis
823 4576 1157 4647 postulatur,
1208 4571 1408 4641 quibus
1462 4569 1782 4639 praestandis
1828 4568 1902 4622 sit
1960 4565 2174 4636 impos?

589 4673 854 4740 Quisnam
907 4668 1018 4723 Deo
1071 4668 1218 4737 leges
1249 4662 1443 4719 ferenti
1475 4661 1652 4730 potuit
1683 4659 2083 4725 contradicere,
2119 4668 2175 4712 et

590 4774 779 4821 contra
809 4760 1059 4816 stimulos
1091 4756 1369 4828 prmsumit
1395 4754 1658 4810 audacter
1678 4751 2007 4809 calcitrare?
2040 4750 2174 4807 Ubi-

592 4869 717 4907 nam
752 4848 950 4903 audisti
994 4846 1159 4901 Deum
1194 4845 1335 4908 illos,
1377 4843 1469 4913 qui
1506 4852 1731 4897 careant
1764 4841 1948 4913 prole,
2000 4840 2176 4911 repel-

590 4942 738 4999 lere?
768 4939 958 4994 Nonne
988 4936 1209 4991 Abelem
1233 4975 1248 5002 ,
1278 4950 1591 5005 quanquam
1646 4934 1943 4989 liberorum
1979 4948 2174 5002 exper-

595 5044 735 5095 tem,
797 5044 919 5084 cum
976 5024 1201 5081 offerret
1267 5037 1529 5089 munera,
1599 5034 1881 5091 acceptum
1949 5022 2174 5077 habuit?

590 5126 783 5181 Nonne
810 5120 1039 5176 Abrahae
1061 5128 1115 5172 et
1145 5116 1316 5182 Sarae,
1350 5123 1471 5169 utut
1502 5114 1642 5168 filios
1682 5130 1791 5169 non
1826 5115 2173 5178 habentibus,

588 5213 900 5275 benedixit?
924 5210 1111 5266 Nonne
1148 5210 1363 5262 Atinam
1396 5205 1699 5261 Pheucnnae
1730 5205 2000 5271 :emulam,
2045 5206 2173 5261 licet

590 5307 777 5365 sobole
812 5304 1154 5366 destitutam,
1188 5301 1565 5369 deprecantem
1599 5297 1813 5351 demum
1858 5296 2175 5351 exaudivit?

590 5396 943 5465 Quandonam
976 5390 1257 5462 gignendis
1305 5388 1490 5442 liberis
1534 5403 1754 5456 operam
1814 5388 2008 5443 dedere
2058 5404 2174 5442 ma-

594 5502 733 5558 gnus
774 5485 864 5538 ille
908 5481 1056 5536 Elias
1086 5491 1249 5550 atque
1280 5478 1522 5541 Eliszcus,
1547 5492 1779 5547 quorum
1814 5486 1996 5532 tamen
2032 5477 2174 5532 Deus

590 5591 646 5634 et
676 5592 867 5648 preces
913 5575 1224 5637 exaudivit,
1273 5582 1328 5626 et
1374 5572 1550 5626 oblata
1595 5570 1865 5627 sacrificia
1920 5571 2174 5625 maximis

597 5669 872 5727 decoravit
922 5666 1241 5724 miraculis?
1288 5663 1379 5718 Vel
1429 5680 1604 5720 nonne
1658 5664 1851 5721 saltem
1916 5663 2174 5719 fateberis

669 5831 688 5859 '
730 5825 901 5883 Exod.
947 5839 1109 5892 χχιιι,
1161 5823 1246 5877 l5.

2275 4569 2591 4635 εὐθύνεται;
2616 4568 2699 4631 τίς
2723 4567 2857 4620 Θεοῦ
2887 4565 3319 4636 προστάττοντος
3350 4564 3669 4633 ἀντιστῆναι
3698 4560 3839 4613 δεδύ-

2275 4678 2454 4729 νηται,
2487 4661 2583 4712 καὶ
2611 4657 2748 4730 πρὸς
2781 4657 2985 4726 κέντρα
3017 4652 3291 4717 λακτίζειν
3329 4650 3798 4722 καταθρασύνεται
3824 4664 3838 4711 ;

2278 4751 2389 4806 Ποῦ
2420 4750 2554 4803 Θεὸν
2590 4748 2827 4810 ἄπαιδας
2866 4746 3109 4816 ῆκουσας
3136 4738 3582 4810 ἀποστρέφεσθαι
3608 4756 3623 4804 ;
3654 4738 3716 4790 ού
3757 4736 3841 4787 τὸν

2279 4840 2447 4893 Ἀϐελ
2491 4839 2564 4891 τὰ
2596 4837 2745 4908 δῶρα
2776 4833 3157 4905 προσφέροντα
3201 4826 3564 4899 προσεδέξατο
3604 4824 3837 4888 ἄπαιδας

2275 4928 2336 4981 οὐ
2362 4927 2454 4980 τὸν
2495 4925 2749 4995 Ἀϐραὰμ
2768 4923 2865 4976 καὶ
2890 4921 2990 4991 τὴν
3018 4920 3235 4990 Σάρραν
3264 4916 3559 4986 εὐλόγησεν
3581 4912 3839 4974 ἀπαιδας;

2274 5020 2336 5072 οὐ
2372 5017 2472 5088 τὴν
2504 5018 2707 5069 ΙἈνναν
2754 5014 2853 5084 τῆς
2899 5013 3170 5078 Φενάννης
3217 5007 3496 5063 ἀντίθετον
3545 5017 3839 5074 προςςευχο⁹

2278 5110 2470 5181 μένην,
2497 5107 2725 5177 ὕστερον
2755 5104 3037 5172 ὑπήκουσε
3069 5098 3447 5169 τυγχάνουσαν
3482 5093 3718 5159 ἀπαιδα;
3758 5090 3842 5142 τὸν

2274 5203 2331 5256 δὲ
2384 5202 2559 5272 μέγαν
2603 5198 2813 5262 Ἠλίαν,
2847 5198 2942 5249 καὶ
2987 5193 3079 5246 τὸν
3118 5192 3387 5245 Ἐλισαῖον
3426 5188 3555 5240 πότε
3602 5197 3843 5249 τεκνογο-

2276 5295 2547 5365 νήσαντας
2597 5286 3057 5360 προσευχομένων
3104 5285 3387 5352 ὑπήκουε,
3435 5278 3532 5332 καὶ
3576 5276 3675 5336 τὰς
3718 5270 3839 5338 παρ’

2276 5362 2457 5437 αῦτῶν
2490 5380 2915 5453 προσαγομένας
2951 5376 3142 5439 θυσίας
3166 5372 3419 5444 ἀπείροις
3454 5368 3673 5434 ὲδόξασε
3722 5362 3839 5418 θαύ-

2281 5494 2480 5547 μασιν;
2533 5475 2567 5545 ἢ
2617 5473 2739 5527 οὐδὲ
2778 5470 3059 5541 Ζαχαρίαν
3113 5466 3477 5537 ὁμολογήσεις
3524 5454 3839 5547 ἀποδεκτέον

2277 5546 2418 5622 εἶναι
2451 5565 2856 5638 προσφέροντα,
2896 5560 2991 5613 καὶ
3019 5558 3109 5612 διά
3136 5555 3294 5610 τοῦτο
3336 5551 3597 5626 ἀρχιερέα
3634 5546 3839 5617 γινόμε-

2276 5679 2384 5728 νον,
2423 5662 2518 5714 καὶ
2545 5660 2614 5713 τά
2643 5658 2751 5712 τῶν
2799 5655 2973 5711 ἄλλων
3008 5653 3155 5724 δῶρα
3196 5649 3486 5722 δεχόμενον
3520 5643 3613 5697 καὶ
3646 5640 3723 5711 τῷ
3752 5639 3836 5687 ΔΞ·
