4146 6444
394 402 531 469 1357

1334 408 1413 473 IN
1455 382 2041 474 CONCEPTIONEM
2080 411 2402 477 5.1mm
2441 416 2747 482 ORATIO.

3534 422 3670 490 I358

394 525 569 598 σπότῃ
612 525 998 596 προσάγοντας
1044 524 1221 590 ἄλλως
1249 525 1307 579 δὲ
1354 527 1549 599 ἱερέως
1596 528 1861 599 ἀντικρὺς
1907 530 1977 583 τὰ

2082 529 2191 586 Deo
2204 542 2482 603 acceptum
2511 549 2654 601 esse,
2704 535 2833 589 dum
2863 534 3044 603 oll'ert,
3070 536 3410 609 Zachariam,
3451 556 3516 596 ac
3539 558 3665 613 pro-

390 617 616 671 τοιαῦτα
663 619 897 688 κρίνειν.
933 618 1053 687 οὐχὶ
1100 617 1198 671 σοῦ
1228 618 1323 671 τοῦ
1365 619 1464 689 τὴν
1505 619 1767 691 πατρῴαν
1814 622 1973 694 εὐνὴν

391 708 755 779 ὑϐρίσαντος·
794 710 927 763 Λευῖ
974 709 1135 763 τοῦτο
1164 709 1226 762 τὸ
1270 710 1441 780 γέρας
1485 710 1691 765 δέδωκε
1743 710 1972 784 Μωσῆς,

389 802 508 872 οὐχὶ
534 804 639 867 σοὶ,
680 803 883 874 μᾶλλον
914 802 973 856 δὲ
995 802 1063 856 δι’
1092 802 1307 857 ἐκείνου
1332 803 1486 867 Θεός.

2081 632 2265 694 pterea
2288 625 2486 681 summi
2511 627 2814 683 sacerdotis
2834 643 3030 683 munus
3058 628 3303 685 oblinere
3342 641 3506 702 atque
3534 634 3669 688 alio-

2080 730 2201 771 rum
2238 718 2402 772 etiam
2432 720 2572 775 dona
2604 721 2859 791 excipere
2890 732 2945 777 et
2973 720 3201 777 Domino
3227 724 3522 779 dedicare?
3548 727 3668 783 Cac-

2081 816 2255 863 terum
2285 810 2463 877 palam
2500 821 2585 866 est
2623 812 2927 867 sacerdotis
2959 827 3083 868 esse
3110 814 3178 868 de
3214 814 3479 881 ejusmodi
3518 817 3669 885 judi-

391 907 538 960 care;
576 908 681 947 non
730 903 909 948 autem
954 894 1063 962 tui,
1111 894 1205 965 qui
1247 905 1531 965 paternum
1580 894 1758 951 cubile
1794 894 2050 953 violasti°
2076 899 2139 952 ἰ
2178 897 2328 967 Levi,
2369 914 2477 955 non
2540 909 2722 956 autem
2790 901 2913 968 tibi,
2983 901 3154 958 hocce
3204 918 3402 960 munus
3432 904 3667 975 Moyses,

392 990 500 1044 imo
539 1003 636 1059 per
661 987 880 1060 Moysen
915 990 1054 1045 Deus
1083 991 1198 1060 ipse
1232 990 1603 1045 demandavit.

461 1100 553 1169 ς’.
587 1101 712 1166 Πῶς
740 1101 802 1155 οὐ
829 1102 1076 1173 φρίττεις
1105 1102 1201 1156 τοῦ
1242 1105 1522 1175 ἱερατικοῦ
1554 1105 1649 1159 καὶ
1687 1104 1974 1175 βασιλικοῦ

389 1195 586 1261 γένους
635 1194 1158 1261 κατεξανίστασθαι;
1205 1197 1280 1266 μὴ
1328 1196 1438 1269 γὰρ
1481 1197 1721 1266 εὐλογῶν
1762 1199 1908 1268 ὑμᾶς
1949 1199 1978 1251 ὁ

390 1287 765 1357 πατριάρχης,
795 1287 828 1355 ἢ
861 1288 1148 1358 προλέγων
1176 1288 1243 1342 τά
1277 1288 1543 1359 μέλλοντα
1575 1291 1705 1361 ὑμῖν
1733 1289 1980 1361 ἀπαντή-

391 1380 609 1446 σασθαι,
645 1382 705 1434 σὲ
740 1382 839 1435 καὶ
868 1383 997 1445 τοὺς
1027 1381 1295 1452 ἀδελφοὺς
1325 1380 1565 1436 αἰνέσειν
1589 1382 1976 1454 προήγγειλεν,

390 1474 485 1525 καὶ
519 1473 731 1536 πάντας
757 1474 885 1537 τοὺς
924 1472 1155 1544 ἐχθροὺς
1184 1474 1442 1544 ήττήσειν
1477 1475 1975 1546 προανεφώνησεν;

403 1565 575 1637 Ἰούδᾳ
612 1565 774 1620 τοῦτο
817 1566 878 1619 τὸ
922 1566 1093 1637 γέρας
1140 1565 1465 1636 ἀπένειμεν,
1505 1565 1599 1620 σοῦ
1635 1566 1695 1620 δὲ
1736 1569 1834 1619 καὶ
1879 1565 1979 1636 τὴν

390 1658 593 1728 πρᾶξιν
623 1658 840 1729 πικρῶς
875 1659 1279 1729 ἐστηλίτευσεν,
1310 1658 1406 1713 καὶ
1435 1658 1638 1729 ἥττονα
1659 1659 1773 1712 τῶν
1803 1657 1980 1713 ἄλλων

391 1749 576 1818 φυλῶν
608 1750 889 1821 ἀπέφηνεν
920 1750 1173 1804 ἕσεσθαι’
1203 1749 1263 1815 ἐξ
1294 1751 1508 1804 ἐκείνου
1537 1750 1595 1803 δὲ
1630 1751 1726 1804 καὶ
1748 1749 1808 1804 τὸ
1838 1751 1977 1804 ἀπο-

2150 1106 2242 1163 Ἦ.
2267 1106 2548 1175 Quomodo
2573 1112 2833 1168 adversus
2853 1113 3189 1170 sacerdotale
3205 1113 3363 1170 simul
3396 1128 3461 1171 ac
3488 1116 3670 1180 regale

2079 1215 2249 1271 genus
2281 1204 2563 1273 insurgere
2603 1219 2712 1259 non
2748 1205 2967 1274 penitus
2996 1204 3365 1262 reformidas?
3400 1207 3655 1278 Nunquid

2080 1294 2225 1349 enim
2254 1308 2379 1348 cum
2433 1295 2570 1350 bene
2603 1296 2756 1350 vobis
2797 1298 3109 1366 patriarcha
3164 1296 3375 1369 (Jacob)
3436 1300 3665 1361 diceret,

2082 1392 2176 1437 aut
2207 1398 2328 1438 cum
2377 1399 2462 1450 ea,
2486 1399 2607 1454 quae
2640 1386 2794 1441 vobis
2826 1397 3088 1441 eventura
3115 1398 3306 1454 erant,
3344 1391 3668 1458 praenuntia-

2086 1475 2208 1531 ret?
2238 1475 2502 1543 nunquid,
2528 1476 2766 1545 inquam,
2798 1477 3049 1547 praedixit
3101 1477 3238 1543 fore,
3280 1489 3339 1533 ut
3371 1489 3423 1534 te
3466 1480 3663 1537 fratres

2087 1564 2162 1619 tui
2194 1563 2497 1631 laudarent,
2526 1580 2620 1621 seu
2655 1567 2749 1621 tibi
2784 1568 3068 1623 universos
3109 1569 3299 1625 hostes
3355 1570 3662 1638 subjectum

2085 1654 2152 1710 iri
2185 1655 2508 1711 vaticinatus
2531 1657 2653 1710 est?
2674 1656 2825 1713 Iuda:
2845 1659 2866 1690 "
2887 1659 2985 1713 bos
3014 1659 3250 1715 honores
3268 1661 3548 1725 attribuit;
3576 1672 3667 1715 tua

2085 1756 2272 1803 contra
2294 1747 2533 1803 facinora
2586 1762 2772 1804 amare
2821 1750 3122 1820 redarguit,
3163 1758 3424 1820 tuamque
3466 1751 3666 1806 tribunt

391 1840 777 1909 κεκρυμμένον
830 1841 919 1893 ἐπ’
952 1842 1188 1912 ἐσχάτου
1237 1840 1348 1894 τῶν
1375 1840 1621 1912 ’ἡμερῶν
1673 1842 1977 1913 ἐκλάμπειν

2087 1840 2399 1894 inferiorem
2428 1839 2551 1893 aliis
2581 1838 2814 1893 futuram
2846 1839 3203 1894 declaravit”.
3238 1841 3317 1894 Ex
3358 1841 3452 1895 illo
3477 1852 3660 1897 autem

390 1933 657 2000 προεῖπεν
707 1932 1030 2003 μυστήριον,
1059 1932 1175 2000 τὴν
1215 1931 1337 1985 τῶν
1370 1930 1565 1986 ἐθνῶν
1606 1931 1983 2001 προσδοκίαν

390 2022 483 2076 τὸν
509 2022 716 2093 Κύριον
748 2024 909 2095 ἡμῶν
954 2024 1163 2095 Ἰησοῦν
1186 2023 1426 2094 Χριστόν
1448 2041 1461 2055 ο
1492 2025 1555 2079 οὐ
1586 2025 1696 2096 μὴν
1722 2023 1861 2079 ἀλλὰ
1883 2027 1984 2080 καὶ

388 2113 480 2166 τὸν
511 2114 703 2183 χρόνον
730 2113 856 2168 καθ’
889 2114 948 2168 ὃν
992 2117 1108 2179 τοῖς
1138 2116 1197 2168 ὲν
1226 2117 1415 2168 σκότει
1456 2116 1551 2169 καὶ
1593 2116 1723 2187 σκιᾷ
1747 2114 1982 2170 θανάτου

389 2203 723 2274 καθημένοις
761 2207 896 2277 ἡμῖν
924 2208 953 2259 ὁ
984 2206 1158 2275 μέγας
1203 2207 1306 2277 τῆς
1333 2206 1682 2278 δικαιοσύνης
1713 2207 1984 2279 ἐπιφανή-

389 2298 799 2362 σεταιἬλιος,
835 2299 1111 2370 εἰρηκώς·
1155 2301 1279 2354 Οὐκ
1330 2300 1604 2370 ἐκλείψει
1658 2300 1860 2371 ἅρχων
1908 2300 1979 2366 ἐξ

402 2388 622 2454 Ἰούδα,
655 2389 800 2443 οὐδὲ
840 2390 1181 2459 ἡγούμενος
1230 2390 1299 2445 ἐκ
1347 2391 1469 2445 τῶν
1513 2390 1712 2461 μερῶν
1765 2391 1977 2459 αὐτοῦ,

391 2478 503 2545 ἕως
529 2476 607 2535 ἂν
643 2480 815 2550 ἔλθῃ,
845 2474 894 2548 ᾧ
920 2482 1255 2547 ἀπόκειται,
1283 2483 1382 2537 καὶ
1414 2483 1600 2549 αὐτὸς
1637 2482 1980 2550 προσδοκία

390 2570 602 2628 ἐθνῶν.
640 2572 907 2644 Προλέγει
954 2574 1049 2627 καὶ
1098 2576 1292 2629 τούτου
1340 2575 1404 2628 τὸ
1455 2575 1649 2639 πάθος,
1705 2575 1768 2629 τὸ
1814 2577 1984 2635 πᾶσιν

399 2664 672 2718 ἀπάθειαν
695 2664 1104 2737 πρυτανεῦσαν,
1131 2666 1230 2720 καὶ
1262 2665 1354 2719 τὸν
1382 2665 1689 2729 ἀθανασίας
1719 2664 1985 2735 πρόξενον

395 2755 629 2811 θάνατον
655 2755 1043 2813 καταλύσαντα
1085 2757 1349 2812 θάνατον’
1396 2757 1761 2821 Ἀναπεσὼν,
1793 2756 1983 2829 φησὶν,

391 2846 472 2915 ὡς
491 2847 651 2902 λέων
680 2848 998 2919 ἐκοιμήθη,
1025 2849 1119 2914 τίς
1141 2849 1338 2919 ἐγερεῖ
1368 2850 1599 2916 αὐτόν;
1627 2848 1737 2904 Kal
1762 2849 1990 2904 πλυνεῖ

390 2941 461 2992 ἐν
489 2940 632 3005 οϊνῳ
657 2939 772 3008 τὴν
793 2941 1033 3009 στολὴν
1053 2943 1265 3007 αὐτοῦ,
1297 2941 1396 2996 καὶ
1419 2942 1489 2995 ἐν
1511 2942 1715 3011 αἵματι
1743 2956 1977 3010 σταφυ-

392 3027 508 3097 λῆς
544 3030 659 3098 τὴν
706 3032 1041 3100 περιϐολὴν
1082 3033 1293 3088 αὐτοῦ.
1336 3029 1469 3087 Εἶτα
1503 3032 1566 3086 τὸ
1594 3032 1697 3101 τῆς
1738 3031 1981 3086 ἀναπά-

2079 1930 2262 2003 (Juda)
2296 1930 2672 1986 absconditum
2694 1945 2910 2001 quoque
2940 1933 3284 2003 mysterium,
3315 1934 3668 1996 exspectatio-

2080 2039 2197 2077 nem
2231 2023 2523 2092 gentium“,
2560 2037 2753 2091 nempe
2808 2022 3089 2080 Christum
3145 2023 3331 2080 Jesum
3372 2024 3661 2080 Dominum

2082 2122 2367 2181 nostrum,
2411 2114 2724 2170 novissimis
2785 2114 2975 2170 diebus
3041 2116 3315 2185 proditum
3359 2130 3480 2174 esse
3526 2132 3666 2186 prmo

2080 2204 2237 2260 dixit.
2275 2203 2461 2274 Neque
2494 2218 2633 2259 vero
2659 2205 2710 2260 id
2745 2206 2946 2271 solum,
2983 2208 3077 2262 sed
3131 2214 3186 2262 et
3220 2216 3433 2279 tempus
3464 2208 3665 2278 ipsum,

2080 2313 2190 2367 quo
2219 2297 2375 2353 nobis
2404 2298 2725 2352 sedentibus
2750 2297 2803 2352 in
2837 2298 3077 2355 tenebris
3119 2308 3176 2354 et
3199 2301 3251 2355 in
3289 2302 3485 2357 umbra
3515 2316 3665 2355 mor-

2080 2388 2172 2454 tis,
2212 2386 2305 2444 Sol
2330 2387 2563 2458 justitite
2607 2389 2858 2443 oriturus
2899 2398 3048 2444 esset
3076 2389 3144 2457 ¹⁰,
3180 2390 3266 2445 his
3298 2392 3486 2447 verbis
3525 2406 3669 2462 prae-

2082 2478 2391 2533 nuntiavit:
2427 2475 2552 2532 Non
2573 2478 2782 2547 deﬁciet
2811 2479 3050 2548 princeps
3069 2495 3134 2534 ea:
3160 2479 3329 2547 Iuda,
3363 2498 3528 2553 neque
3560 2484 3672 2539 dua;

2090 2573 2154 2623 de
2184 2569 2469 2637 femoribus
2485 2569 2622 2637 eius,
2642 2570 2806 2625 donec
2824 2572 3024 2636 ueniat,
3058 2573 3145 2626 cui
3172 2574 3462 2643 repositum
3486 2584 3588 2639 est,
3622 2585 3673 2631 et

2088 2662 2199 2730 ipse
2219 2669 2300 2715 est
2318 2662 2639 2729 exspectatio
2665 2663 2897 2732 gentium
2928 2662 2992 2717 “.
3024 2660 3363 2720 Pmnuntiat
3382 2667 3548 2720 etiam
3573 2666 3675 2721 hu-

2083 2752 2175 2822 jus
2204 2752 2536 2821 passionem,
2569 2768 2689 2822 qua}
2722 2752 3213 2822 intpassibilitatem
3252 2755 3512 2812 omnibus
3545 2769 3674 2824 sup-

2090 2843 2380 2913 peditavit,
2410 2851 2465 2897 et
2495 2851 2724 2898 mortem
2756 2856 2877 2911 qum
2915 2851 3145 2899 mortem
3185 2844 3481 2910 destruxit,
3507 2856 3675 2918 atque

2091 2934 2557 2989 immortalitatem
2597 2934 2915 2991 conciliavit
2975 2952 2989 2989 :
3063 2934 3419 3003 Recumbens,
3473 2936 3671 3008 inquit,

2089 3036 2147 3080 ut
2170 3026 2246 3080 leo
2263 3026 2501 3091 dormiit;
2516 3026 2631 3097 quis
2643 3027 2917 3081 suscitabit
2938 3043 3053 3082 eum
3070 3028 3113 3059 ι’
3132 3028 3155 3081 ?
3174 3026 3240 3082 Et
3259 3029 3461 3084 lavabit
3481 3030 3540 3085 in
3556 3031 3675 3085 vino

395 3136 536 3183 σεως
565 3120 957 3191 χαριέστατον·
994 3123 1314 3191 Χαροποιοὶ
1357 3125 1412 3177 οἱ
1454 3120 1749 3192 ὀφθαλμοί
1792 3121 1977 3178 αὐτοῦ

2084 3118 2279 3173 stolam
2319 3132 2507 3183 suam,
2533 3126 2581 3171 et
2610 3117 2667 3170 in
2709 3119 2968 3187 sanguine
3004 3134 3120 3173 uua:
3164 3118 3387 3186 pallium
3420 3136 3575 3174 suum
3606 3122 3670 3174 υ.

394 3212 551 3280 ὑπὲρ
574 3207 766 3277 οἶνον,
786 3212 885 3267 καί
918 3216 1125 3269 λευκοὶ
1164 3218 1218 3269 ol
1258 3214 1503 3281 ὀδόντες
1529 3214 1718 3268 αὐτοῦ
1746 3212 1990 3284 μᾶλλον

391 3304 429 3372 ἢ
472 3306 648 3375 γάλα.
686 3307 796 3360 Καὶ
832 3308 995 3363 πάλιν
1024 3308 1086 3362 τὸ
1117 3307 1217 3362 τοῦ
1246 3308 1613 3380 κηρύγματος
1637 3305 1807 3360 αὐτοῦ
1831 3306 1989 3377 ένερ-

390 3398 690 3466 γέσαιεατον⁹
741 3401 1060 3469 Δεσμεύων
1112 3400 1264 3469 πρὸς
1310 3401 1586 3470 ἄμπελον
1629 3399 1737 3453 τὸν
1779 3396 1987 3451 πῶλον

388 3487 598 3551 αὐτοῦ,
635 3487 713 3559 τῷ
752 3489 861 3542 τῶν
892 3489 1211 3563 ἀποστόλων
1250 3489 1577 3561 κηρύγματι
1606 3489 1676 3543 τὰ
1704 3486 1836 3559 ἔθνη
1876 3503 1986 3541 πα·-

392 3579 753 3648 ρασκευάζων
778 3580 1119 3645 ἀκολουθεῖν,
1153 3580 1253 3636 καὶ
1280 3580 1355 3650 τῇ
1381 3581 1537 3636 ἕλικι
1559 3580 1673 3649 τῆς
1700 3579 1981 3650 ἀμπέλου.

389 3667 506 3737 τὴν
538 3670 684 3724 ὄνον
735 3671 946 3726 αὐτοῦ.
982 3672 1059 3726 Οὐ
1109 3673 1303 3744 γάρτοι
1350 3672 1539 3743 μόνοις
1579 3674 1696 3735 τοῖς
1741 3670 1976 3737 ἔθνεσιν,

388 3758 527 3813 ἀλλὰ
557 3762 652 3813 καὶ
689 3762 969 3825 Ἰουδαίοις
1000 3763 1051 3815 οἱ
1074 3762 1210 3818 θεῖοι
1236 3764 1610 3835 μυσταγωγοὶ,
1638 3763 1736 3817 καὶ
1764 3762 1979 3826 τούτοις

389 3866 455 3919 γε
493 3852 756 3922 πρώτοις,
791 3857 852 3909 τὸ
898 3857 1167 3929 σωτήριον
1196 3857 1641 3930 διεπόρθμευσαν
1688 3857 1976 3927 κήρυγμα.

2090 3208 2297 3264 Deinde
2331 3215 2399 3274 ξι
2451 3207 2910 3277 iucundissimam
2966 3211 3390 3267 resurrectionis
3440 3212 3673 3282 gratiam

2086 3299 2443 3370 (vaticinatur
2484 3298 2763 3368 inquiens)
2799 3315 2815 3353 :
2858 3298 2992 3354 Lwti
3032 3310 3156 3354 sunt
3205 3301 3350 3356 oculi
3408 3303 3526 3373 ejus
3557 3320 3672 3369 pra:

2084 3393 2224 3454 uino,
2267 3400 2316 3442 et
2364 3389 2541 3442 dentes
2572 3387 2721 3443 illius
2778 3388 2917 3444 lacte
2960 3391 3296 3446 candidiores
3345 3392 3409 3447 ".
3443 3392 3511 3447 Et
3538 3407 3670 3449 rur-

2084 3495 2180 3537 sus
2233 3479 2671 3535 efﬁcacissimam
2744 3481 3158 3549 praedicationis
3214 3485 3335 3553 ejus
3383 3483 3667 3547 virtutem.

2085 3574 2273 3628 dicens
2306 3590 2320 3627 :
2358 3571 2598 3641 Alligans
2642 3572 2714 3625 ad
2753 3573 2909 3627 uitem
2932 3574 3137 3643 pullum
3168 3592 3323 3629 suum
3356 3576 3423 3641 ¹⁸,
3452 3592 3669 3647 praepa-

2087 3678 2223 3718 rans
2249 3676 2446 3732 nempe
2477 3671 2666 3733 gentes
2698 3664 2767 3719 ad
2810 3666 3177 3735 apostolorum
3219 3669 3666 3737 praedicationem

2085 3756 2273 3811 animo
2304 3755 2579 3825 morigero
2615 3755 3018 3827 excipiendam,
3067 3768 3117 3813 et
3158 3760 3229 3814 ad
3285 3761 3501 3817 helicem
3549 3763 3669 3818 vitis

2087 3851 2292 3904 asinam
2314 3863 2469 3903 suam
2494 3847 2581 3900 ηε
2621 3849 2876 3919 quoniam
2906 3864 3011 3905 non
3038 3859 3247 3907 tantum
3285 3855 3554 3923 gentibus,
3574 3854 3669 3909 8H]

386 3944 588 4003 .Iudzeis
644 3962 881 4018 quoque,
943 3952 1053 4006 into
1118 3960 1173 4006 et
1230 3951 1365 4021 ipsis
1418 3950 1594 4021 prius,
1672 3948 1844 4003 divini
1897 3946 1978 4002 illi
2053 3942 2438 4015 mysteriorum
2481 3942 2895 4011 dispensatores
2954 3942 3199 3999 salutare
3258 3944 3669 4014 praedicationis

388 4048 616 4102 verbum
670 4055 1097 4117 proposuerunt.

457 4178 534 4234 Z'.
565 4179 633 4233 Τί
654 4174 748 4235 οῦν
773 4182 808 4253 ή
857 4180 1253 4254 θεοχαρίτωτος
1279 4184 1376 4239 καὶ
1421 4182 1553 4253 ἁγία
1577 4180 1772 4251 ,ἐκείνη
1815 4178 1970 4241 δυὰς,

390 4272 583 4342 ¹Ἀννα,
623 4274 788 4345 φημὶ,
828 4275 925 4330 καὶ⁵
969 4275 1250 4347 Ἰωακεὶμ,
1301 4275 1641 4330 άντιτιθέασι
1674 4275 1799 4338 ταῖς
1840 4275 1971 4342 ἀγε-

390 4362 621 4433 ρωχίαις
649 4363 748 4417 τοῦ
789 4363 1104 4430 ἀδικοῦντος
1135 4366 1237 4431 τὰς
1283 4366 1423 4431 ίδίας
1464 4366 1724 4435 εὐλόγους
1764 4364 1967 4429 αἰτίας,

387 4455 483 4507 καὶ
525 4454 845 4510 συνιστάναι
894 4456 1125 4522 ἑαυτοὺς
1179 4459 1429 4527 κρεῖττον
1474 4457 1686 4511 ἐκείνου
1737 4454 1972 4508 σπουδά-

2151 4170 2267 4225 VII.
2311 4168 2454 4237 Quid
2512 4168 2720 4240 igitur?
2763 4167 2902 4224 Num
2958 4167 3071 4223 Deo
3128 4172 3339 4241 accepti
3389 4183 3447 4228 et
3490 4177 3664 4229 sant-ti

2079 4265 2358 4334 conjuges,
2387 4264 2544 4317 Anna
2576 4262 2800 4331 inquam
2821 4272 2877 4317 et
2903 4260 3179 4329 Joachim,
3211 4266 3540 4335 arrogantiae
3577 4281 3666 4323 ca-

2081 4354 2426 4410 Iutuniatoris
2468 4353 2549 4409 sui
2596 4353 2881 4423 propriam
2930 4364 3213 4421 opponunt
3255 4369 3488 4426 eamque
3526 4362 3666 4426 optt-

2082 4462 2222 4500 matn
2255 4446 2519 4501 causam?
2543 4460 2674 4498 num
2706 4443 2849 4499 tueri
2904 4458 3026 4499 sese
3064 4456 3120 4500 et
3161 4450 3544 4505 commendare
3583 4452 3667 4503 ni-

388 4547 563 4613 ζουσι,
596 4546 770 4602 πολλὰ
810 4548 881 4603 τὰ
913 4551 995 4614 είς
1036 4549 1198 4604 τοῦτο
1244 4550 1591 4604 συντείνοντα
1629 4548 1847 4619 ἔχοντες
1878 4545 1972 4601 εῦ-

2082 4548 2285 4601 tuntur,
2319 4553 2441 4592 cum
2474 4537 2678 4607 potiori
2712 4535 2768 4591 id
2797 4535 2922 4603 jure
2953 4551 3063 4607 pra:
3099 4537 3193 4592 illo
3221 4549 3466 4606 possent,
3497 4540 3666 4595 multa

386 4650 558 4707 Aera;
599 4639 885 4712 Μηδαμῶς
908 4659 922 4673 ·
960 4641 1099 4696 ἀλλὰ
1145 4642 1422 4713 δριμείαις
1452 4643 1551 4713 μὲν
1582 4642 1679 4696 καὶ
1716 4640 1975 4712 πικροτά-

386 4748 509 4793 ταις
560 4731 660 4803 τὴν
704 4733 935 4804 καρδίαν
999 4734 1218 4797 ὀδύναις
1287 4732 1856 4806 κατατιτρώσκονται,
1909 4732 1973 4786 οὐ

383 4823 640 4878 τοσοῦτον
676 4824 767 4879 διὰ
806 4826 899 4880 τὸν
944 4826 1190 4897 ἔλεγχον,
1228 4827 1355 4881 ὅσον
1387 4826 1478 4881 διά
1521 4826 1582 4880 τὸ
1620 4826 1973 4898 ἀπρόσδεκτα

386 4919 572 4987 μεῖναι
602 4918 672 4971 τά
700 4916 873 4990 δῶρα,
919 4919 1015 4974 καὶ
1045 4919 1144 4990 τὴν
1170 4921 1235 4972 ὲκ
1267 4918 1403 4972 Θεοῦ
1436 4918 1579 4973 κατὰ
1607 4919 1672 4972 τὸ
1710 4917 1972 4989 φαινόμε-

382 5024 473 5060 νον
501 5007 841 5079 ἀποσόῦησιν
867 5025 881 5039 ·
915 5009 1094 5080 ἡσυχῆ
1119 5007 1165 5061 δ’
1202 5009 1353 5078 ὅμως
1381 5009 1478 5062 καὶ
1501 5009 1724 5081 πραέως
1752 5009 1969 5063 στένον-

382 5116 472 5163 τες
498 5100 594 5153 καὶ
623 5098 956 5171 δακρύοντες
990 5100 1429 5170 ὑποστρέφουσιν
1472 5100 1659 5154 οἴκαδε
1678 5117 1691 5130 ·
1723 5100 1827 5172 ἧδη
1854 5100 1965 5172 γὰρ

382 5190 567 5254 αὐτοῖς
612 5190 675 5244 τὸ
716 5190 812 5245 τοῦ
859 5191 1002 5246 κατὰ
1043 5191 1225 5263 σάρκα
1272 5193 1542 5261 ἀπογόνου
1571 5191 1813 5265 Χριστοῦ
1836 5211 1971 5247 κατ-

379 5281 597 5351 ηύγαξε
646 5283 896 5354 θέλημαο
936 5285 1043 5350 Ὃς
1092 5284 1560 5355 λοιδορούμενος
1593 5326 1611 5354 ,
1676 5287 1788 5341 οὐκ
1833 5286 1973 5341 ἀντ-

381 5375 693 5445 ελοιδόρει·
718 5377 997 5447 πάσχων,
1025 5377 1139 5431 οὐκ
1159 5377 1416 5445 ἠπείλει·
1436 5368 1497 5430 οὗ
1520 5377 1615 5430 καὶ
1640 5375 1729 5432 διὰ
1744 5378 1966 5432 Ἡσαΐου

383 5466 617 5538 βοῶντος
673 5468 944 5541 πρότερον
1002 5468 1229 5539 ἤκουον’
1274 5469 1407 5524 Ἐπὶ
1456 5469 1595 5523 τίνα
1636 5469 1966 5541 ἐπιϐλέψω,

2079 4629 2308 4696 scilicet,
2338 4643 2462 4698 qua:
2501 4628 2608 4683 huc
2641 4635 2995 4698 spectarent,
3034 4628 3294 4698 praeclara
3345 4629 3411 4683 ad
3449 4646 3668 4686 manuni

2081 4723 2384 4779 habentes?
2414 4722 2776 4791 Nullatenus;
2811 4724 2907 4779 sed
2940 4723 3154 4779 acerbis
3186 4739 3318 4780 sane
3350 4727 3669 4797 amarisquc

2080 4813 2431 4868 doloribusin
2456 4814 2622 4869 corde
2644 4829 2743 4869 suo
2767 4814 3174 4882 excruciantur,
3209 4831 3316 4871 non
3349 4826 3457 4871 tam
3494 4819 3566 4873 ob
3603 4819 3668 4873 il-

2081 4903 2246 4960 latum
2276 4905 2378 4960 sibi
2412 4905 2698 4974 probrum,
2731 4918 2896 4975 quam
2939 4905 3084 4976 quod
3118 4906 3302 4961 oblata
3358 4911 3499 4964 dona
3557 4925 3665 4964 non

2081 4995 2313 5051 fuissent
2352 5007 2646 5065 suscepta,
2682 5007 2847 5065 atque
2893 5000 3030 5052 adeo
3059 5000 3225 5053 etiam
3253 5016 3283 5055 a
3336 5001 3467 5067 Deo,
3506 5013 3668 5072 prout

2073 5088 2243 5143 videri
2281 5097 2518 5159 poterat,
2538 5088 2921 5160 rejicerentur.
2954 5089 3278 5163 Tranquillo
3306 5093 3667 5150 nihilominus

2075 5188 2469 5250 mansuetoque
2502 5182 2706 5253 gemitu
2746 5197 2811 5237 ac
2862 5181 2991 5239 fletu
3026 5198 3149 5240 sese
3179 5187 3521 5242 continentes
3565 5187 3669 5243 do-

2073 5286 2225 5326 mum
2260 5282 2629 5331 revertuntur.
2669 5272 2790 5329 lam
2823 5276 2969 5332 enim
3006 5292 3197 5334 eorum
3229 5280 3506 5334 mentibus
3538 5278 3666 5334 illu-

2075 5364 2337 5420 cescebat
2358 5365 2608 5423 voluntas
2626 5366 2822 5423 Christi
2851 5368 3091 5440 ipsorum
3116 5372 3414 5428 secundum
3440 5386 3663 5427 carnem
3768 5432 3771 5433 ν

2077 5458 2311 5526 nepotis,
2349 5456 2454 5524 Qui
2504 5475 2625 5513 cum
2674 5461 3099 5528 malediceretur,
3142 5479 3247 5519 non
3288 5462 3661 5522 maledicebat:

454 5643 499 5674 °‘
539 5641 957 5724 Gen.-x_r_.ta_,
1020 5644 1231 5724 [ΒΜ.
1273 5643 1305 5699 8
1340 5663 1354 5700 :
1387 5643 1554 5724 .luda,
1600 5655 1649 5702 te
1708 5647 2001 5706 laudabunt
2070 5654 2266 5724 fratres
2314 5657 2392 5711 tui
2419 5672 2660 5714 :manus
2711 5666 2817 5713 tute
2866 5661 2924 5715 in
2974 5660 3258 5717 ceruicibus
3327 5661 3662 5716 inimicorum

387 5724 620 5791 tuorum.
694 5714 889 5791 3_lb_i1l.
982 5715 1234 5791 :Eﬂ‘usus
1270 5732 1323 5770 es
1348 5720 1490 5791 sicut
1525 5733 1699 5783 arma;
1747 5737 1849 5775 non
1899 5714 2126 5791 crescds,

386 5784 432 5859 ξίξ
471 5784 579 5859 _I_sa._
607 5785 772 5856 tx,‘2;
807 5784 996 5843 Matth.
1039 5802 1117 5855 tv,
1170 5786 1255 5842 16.
1346 5787 1386 5818 ¹¹
1428 5786 1565 5844 Gett.
1617 5806 1760 5859 XLIX,
1820 5791 1905 5848 I0.
1988 5796 2031 5829 ¹²
2072 5784 2211 5855 Ibid:
2250 5798 2303 5855 9.
2384 5798 2427 5831 ³³
2466 5798 2601 5856 Ibid.
2638 5799 2728 5856 Il.
2808 5801 2851 5833 “
2892 5784 3026 5857 lItid.
3068 5784 3180 5858 η.

387 5855 434 5885 ⁸⁵
468 5854 603 5909 Ibid.

2949 5731 3083 5785 atris
3155 5732 3254 5788 tui.
3328 5733 3351 5765 ’
3394 5732 3528 5787 Ibid.
3570 5730 3658 5787 IO.

3319 5803 3361 5836 ¹⁵
3398 5803 3534 5859 Ibid.
3568 5801 3655 5857 Η.

2187 5728 2313 5797 quia
2366 5729 2653 5783 ascendis‘ti
2703 5729 2876 5784 cubile
