4146 6442
503 456 639 522 1359

1614 440 1841 503 PETRI
1888 438 2259 501 ARGORUM
2303 433 2638 497 EPISCOPI

3634 414 3768 481 13le

500 592 617 633 cum
645 580 937 646 pateretur,
961 585 1065 624 non
1096 563 1516 621 comminabatur
1539 562 1621 613 ‘7?
1645 576 1804 631 quem
1840 568 1895 612 et
1927 567 2086 611 antea
2116 605 2123 620 ι

2212 553 2327 608 LM‘
2360 551 2398 620 ἢ
2432 549 2530 603 ἐπὶ
2562 549 2669 603 τὸν
2699 544 2887 615 πρᾶον
2927 542 3026 599 καὶ
3060 540 3324 610 ἡσύχιον
3351 536 3449 592 καὶ
3479 533 3769 606 τρέμοντα

502 682 597 738 per
632 664 827 719 Isaiam
850 661 1179 716 clamantem
1224 653 1545 709 audiverant
1575 669 1589 706 :
1626 650 1707 704 Ad
1743 664 1896 719 quem
1927 647 2090 713 respi-

500 760 661 823 ciam,
693 754 795 808 nisi
830 752 898 806 ad
922 756 1274 810 mansuetum,
1309 752 1359 799 et
1386 741 1756 815 tranquillum,
1785 750 1833 796 et
1868 750 2092 794 tremen-

502 860 606 904 tem
646 830 911 902 sermones
957 856 1101 894 meo:
1154 837 1240 890 ἐἳ

579 937 710 990 VIII.
737 936 871 991 Cum
904 947 1035 986 vero
1066 931 1284 983 domum
1317 927 1520 983 reversi
1556 934 1742 983 essent
1766 966 1783 992 ,
1818 924 1886 979 ad
1921 921 2089 977 Deum

503 1041 677 1088 semet
716 1037 857 1083 totos
884 1034 1230 1089 convertunt,
1265 1038 1332 1078 ac
1378 1022 1604 1092 reliquis
1646 1018 1901 1075 omnibus
1949 1015 2093 1070 votis

503 1118 965 1197 posthabitisltoc
998 1132 1164 1170 unum
1195 1130 1260 1169 ac
1284 1114 1458 1169 solum
1480 1112 1546 1167 ab
1586 1126 1650 1165 eo
1677 1108 2001 1178 efﬂagitant,
2034 1114 2093 1160 ut

506 1220 613 1275 sibi
642 1214 846 1286 prolem
874 1210 1157 1279 largiatur,
1190 1208 1244 1262 in
1277 1204 1595 1261 memoriam
1621 1202 1723 1273 ipsi
1758 1208 2091 1263 revocantes,

506 1322 708 1383 quanta
740 1306 808 1361 ab
841 1305 999 1360 initio
1022 1299 1295 1357 mirabilia
1327 1298 1560 1363 fecerit;
1611 1292 1758 1364 quod
1805 1290 2096 1347 sterilitate

507 1381 719 1457 sublata
748 1397 1043 1450 liberorum
1088 1399 1272 1461 patres
1300 1387 1577 1449 ell‘ecerit;
1614 1391 1748 1453 quot
1801 1381 1948 1436 omni
2001 1391 2098 1445 spe

508 1490 765 1564 gignendi
790 1487 995 1556 prolem
1026 1497 1255 1553 prorsus
1286 1480 1603 1542 destitutos,
1636 1484 1925 1546 propterea
1952 1472 2097 1540 quod

510 1563 590 1639 ad
640 1591 941 1637 extremam
985 1573 1333 1629 devenissent
1385 1577 1759 1633 senectutem,
1792 1566 1907 1634 ipse
1939 1563 2099 1617 exhi-

507 1672 712 1735 buerit,
758 1681 818 1723 ut
852 1669 932 1722 sic
967 1680 1035 1719 ex
1078 1661 1305 1718 molesta
1335 1659 1571 1730 quadam
1619 1672 1684 1712 ac
1718 1655 1857 1711 tristi
1905 1655 2098 1709 condi-

514 1765 661 1819 tione
688 1761 753 1814 ad
786 1760 950 1814 vitam
980 1756 1171 1812 latitia
1200 1751 1415 1821 plenam
1434 1764 1500 1803 ac
1530 1748 1801 1803 suavitate
1820 1744 2101 1814 jucundis—

510 1859 706 1912 simam
738 1850 1080 1907 transferret.

2192 643 2335 710 τοὺς
2358 644 2582 711 λόγους
2600 656 2721 709 μου
2745 654 2763 700 ;

2265 918 2349 972 H'.
2380 913 2607 986 Ἐπειδὴ
2635 912 3005 985 ὑπέστρεψαν,
3032 908 3188 973 ὅλους
3215 909 3355 980 πρὸς
3382 906 3518 962 Θεὸν
3543 906 3773 968 ἑαυτοὺς

2195 1008 2620 1079 ἐπιστρέφουσιν
2646 1022 2659 1037 '
2710 1006 2804 1059 καὶ
2850 1005 3028 1060 πάντα
3059 1003 3331 1066 λιπόντες,
3375 999 3432 1053 ἓν
3477 999 3638 1053 τοῦτο
3683 998 3773 1050 καὶ

2198 1099 2361 1171 μόνον
2385 1096 2622 1163 αἰτοῦσι,
2648 1094 2818 1149 παῖδα
2847 1094 3032 1156 αὐτοῖς
3070 1090 3425 1163 χαρίσασθαι,
3458 1086 3775 1156 ὑπομιμνὴ-

2198 1209 2423 1255 σκοντος
2450 1189 2614 1245 αὑτὸν
2658 1189 2761 1242 ὅσα
2786 1185 3109 1259 παραδόξως
3154 1183 3454 1251 πεποίηκεν
3492 1180 3549 1246 ἐξ
3574 1177 3775 1248 ἀρχῆς,

2194 1286 2337 1339 ὅσων
2366 1283 2464 1354 τὴν
2497 1281 2787 1351 στείρωσιν
2812 1278 3001 1341 λύσας,
3036 1275 3242 1331 παίδων
3270 1275 3519 1343 πατέρας
3542 1269 3776 1340 ὀφθῆναι

2198 1376 2503 1445 πεποίηκεν
2521 1390 2535 1405 ·
2565 1373 2723 1436 ὅσους
2758 1368 3210 1438 ἀπογνωσθέντας
3238 1365 3327 1418 διὰ
3355 1364 3417 1417 τδ
3438 1364 3517 1426 είς
3547 1362 3777 1431 ἔσχατον

2198 1470 2376 1537 γῆρας
2408 1466 2757 1536 ἐληλακέναι,
2803 1464 2933 1533 παρ’
2985 1461 3205 1522 ἐλπίδας
3238 1456 3589 1525 τεκνογονίας
3633 1469 3778 1523 παρο

2198 1561 2391 1631 ἐσχετο
2416 1577 2429 1590 ·
2450 1560 2599 1621 ὅπως
2622 1557 2682 1622 ἐξ
2708 1556 2977 1625 ὀδυνηρᾶς
3002 1570 3147 1616 τινος
3180 1552 3275 1605 καὶ
3306 1548 3584 1619 κατηφοῦς
3597 1544 3776 1599 διαθέ-

2201 1669 2339 1715 σεως
2365 1651 2503 1723 πρὸς
2542 1648 2884 1722 εὐφροσύνης
2918 1647 3198 1719 μετήγαγε
3243 1643 3356 1715 βίον
3386 1642 3480 1696 καὶ
3509 1639 3780 1711 θυμηδίας

2199 1742 2509 1797 ἀνάπλεων.

582 1943 674 1998 lx.
700 1942 855 1995 lluuc
886 1940 937 1993 in
968 1937 1188 1992 modum
1214 1940 1380 1988 noctu
1399 1930 1598 2001 diuque
1620 1927 1796 1983 enixis
1815 1926 1881 1982 ad
1910 1926 2099 1987 Deum,

2275 1926 2352 1980 Θ’.
2377 1926 2534 1979 Οῦτω
2557 1927 2712 1979 νυκτὶ
2741 1924 2835 1977 καὶ
2866 1924 3053 1995 ἡμέρᾳ
3078 1921 3156 1990 τῷ
3182 1923 3281 1989 τῆς
3312 1920 3551 1991 δεήσεως
3575 1918 3685 1972 τῶν
3716 1918 3780 1971 διο

514 2038 605 2107 qui
635 2034 907 2103 iustorum
931 2040 1053 2083 v0ta
1090 2042 1199 2082 non
1230 2024 1482 2091 despicit,
1520 2021 1773 2093 precibus
1829 2033 1934 2074 una
1979 2033 2101 2071 cum

513 2127 739 2198 jejuniis
778 2133 944 2191 atque
977 2119 1126 2176 omni
1167 2117 1310 2172 bono
1343 2128 1529 2183 opere,
1580 2113 1925 2167 incessanter
1969 2108 2104 2163 insi-

517 2226 711 2285 stunt;
745 2225 905 2285 atque
940 2213 1222 2280 adjiciunt,
1253 2207 1297 2262 si
1334 2204 1442 2259 voti
1477 2212 1757 2273 compotes
1796 2201 1951 2264 liant,
1996 2199 2108 2254 Deo

517 2307 784 2365 tribueuti
817 2320 877 2361 se
906 2305 1071 2368 dono,
1104 2298 1366 2371 quidquid
1401 2296 1772 2365 accepissent,
1801 2290 2104 2348 oblaturos.

516 2399 813 2456 Exaudivit
845 2396 1010 2459 Deus,
1047 2394 1136 2462 qui
1169 2406 1358 2462 preces
1381 2398 1528 2444 ratas
1556 2387 1761 2442 habens
1784 2384 2108 2439 voluntatem

516 2486 817 2542 timentium
843 2500 900 2536 se
932 2483 1059 2551 facit
1080 2479 1146 2544 η,
1173 2490 1228 2534 et
1259 2493 1420 2549 prope
1456 2486 1532 2530 est
1559 2473 1923 2529 invocantibus
1954 2471 2108 2525 illum

515 2582 575 2634 in
608 2581 828 2633 veritate
851 2577 918 2631 ‘°.
953 2573 1017 2627 Et
1064 2588 1195 2628 sane
1217 2586 1312 2626 eos
1349 2584 1454 2623 non
1487 2568 1762 2637 genitores
1792 2576 2109 2631 utcumque,

514 2672 613 2727 sed
699 2667 1041 2739 genitoribus
1112 2662 1369 2717 omnibus
1445 2658 1852 2731 prastantiores
1922 2653 2109 2710 elﬁcit.

515 2763 738 2829 Quanto
769 2758 914 2814 enim
940 2754 1169 2823 reliquis
1198 2752 1455 2807 omnibus
1491 2749 1677 2805 liberis
1709 2748 1823 2803 haec
1870 2745 2113 2815 ipsorum

2204 2020 2377 2074 καίων
2421 2017 2541 2089 Θεῷ
2573 2016 2914 2071 είσακούοντι
2954 2014 3314 2077 ἀδιαλείπτως
3347 2012 3486 2082 μετὰ
3519 2010 3780 2079 νηστειῶν

2205 2112 2301 2165 καὶ
2357 2110 2540 2180 πάσης
2586 2108 2876 2171 εὐποιίας,
2931 2109 3054 2170 ταῖς
3108 2104 3409 2167 ἀνενδὸτοις
3461 2102 3782 2173 σχολάζουσι

2207 2203 2541 2274 προσευχαῖς
2562 2217 2576 2232 ·
2618 2199 2715 2254 καὶ
2750 2197 3163 2270 προστιθέασιν,
3196 2197 3272 2260 ὼς
3302 2198 3350 2249 εί
3387 2195 3483 2249 τοῦ
3522 2193 3782 2263 αίτουμέ-

2207 2310 2300 2349 νου
2327 2292 2564 2362 τύχοιεν,
2587 2290 2900 2362 προσάξωσι
2919 2289 3091 2360 δῶρον
3107 2288 3183 2358 τῷ
3208 2288 3463 2341 δεδωκότι
3490 2284 3632 2355 Θεῷ.
3663 2286 3784 2337 Εἰσ-

2208 2388 2446 2457 ήκουσεν
2473 2386 2506 2438 ό
2535 2383 2767 2453 θέλημα
2798 2381 2915 2435 τῶν
2958 2379 3347 2450 φοϐουμένων
3365 2376 3552 2432 αὑτὸν
3576 2374 3783 2435 ποιῶν.

2210 2477 2308 2531 καὶ
2335 2475 2435 2546 τῆς
2463 2475 2702 2545 δεήσεως
2752 2472 2933 2528 αὐτῶν
2967 2472 3272 2526 είσακούων
3303 2470 3454 2532 Θεὸς.
3490 2472 3523 2522 ό
3566 2467 3690 2533 τοῖς
3718 2466 3790 2520 ἐν

2211 2568 2467 2635 ἀληθείᾳ
2505 2564 3007 2635 ἐπικαλουμένοις
3055 2562 3243 2619 αὑτὸν
3268 2562 3525 2633 ἐγγίζων.
3561 2560 3673 2615 Καὶ
3724 2557 3786 2628 δὴ

2213 2660 2314 2729 οὑχ
2336 2658 2523 2722 ἁπλῶς
2544 2660 2745 2727 γονεῖς,
2773 2656 2888 2710 ἀλλ’
2911 2657 3168 2710 ἁπάντων
3194 2654 3561 2725 ὑπερέχοντας
3578 2652 3785 2706 δείκνυ-

2218 2769 2301 2806 σιν
2321 2768 2333 2781 °
2369 2752 2480 2822 ὅσῳ
2508 2750 2617 2821 γὰρ
2642 2749 2750 2804 τῶν
2783 2748 2960 2803 ἄλλων
2987 2747 3193 2802 παίδων
3228 2748 3261 2817 ή
3290 2745 3496 2799 τούτων
3521 2742 3786 2814 ἀσυγκρί-

514 2856 630 2910 tilia
658 2847 1112 2921 superexcelluit,
1148 2854 1300 2899 tanto
1337 2843 1417 2897 illi
1449 2841 1733 2911 quibusvis
1778 2837 2116 2909 genitoribus

2214 2861 2325 2908 τως
2347 2842 2815 2914 ὑπερανέστηκεν.
2842 2840 3087 2911 τοσούτῳ
3119 2838 3225 2893 τῶν
3252 2839 3595 2909 γεννητόρων
3628 2836 3789 2891 ἁπάν-

515 2941 980 3016 praecellentiores
1009 2937 1331 3007 probantur.
1366 2933 1434 2988 Et
1470 2949 1529 2989 re
1555 2933 1775 3003 quidem
1811 2944 1938 2985 vera
1991 2941 2115 2983 cum

2215 2953 2326 2990 των
2392 2928 2542 2988 οῦτοι
2616 2934 2979 3005 γνωρίζονται
3043 2931 3393 3004 προῦχοντες.
3468 2930 3624 2983 Ἐπεὶ
3683 2927 3787 2996 γὰρ

516 3034 682 3093 morti
707 3042 765 3087 et
803 3030 1144 3099 corruptioni
1180 3039 1403 3099 propter
1425 3034 1710 3096 peccatum
1741 3022 1988 3090 subacti,
2035 3021 2117 3075 in-

2217 3026 2525 3097 ὲλεήθημεν
2553 3025 2692 3079 Θεοῦ
2721 3023 3120 3096 σαρκουμένου,
3148 3023 3235 3077 διὰ
3269 3025 3368 3094 τὴν
3396 3019 3671 3092 ἁμαρτίαν
3700 3019 3791 3070 θα-

465 3172 469 3177 .
517 3132 858 3201 digeremus,
909 3132 968 3179 ut
1022 3125 1166 3179 Deus
1217 3136 1439 3178 carnem
1487 3129 1731 3175 nostram
1774 3122 2113 3188 assumeret;

2217 3121 2366 3192 νάτῳ
2404 3119 2838 3191 κατακριθέντες
2879 3117 2976 3171 καὶ
3017 3119 3085 3188 τῇ
3128 3117 3325 3188 φθορᾷ,
3366 3115 3474 3170 ἔδει
3519 3116 3576 3169 δὲ
3610 3114 3707 3185 τὴν
3734 3112 3790 3165 τὸ

515 3230 796 3292 Oporteret
819 3231 1025 3281 autem,
1063 3226 1122 3270 ut
1171 3230 1292 3284 quae
1326 3224 1433 3267 tam
1466 3209 1773 3266 admirandi
1804 3208 1984 3276 operis
2018 3205 2117 3258 ad-

2218 3214 2460 3270 τοιοῦτον
2495 3214 2787 3283 μεγαλεῖον
2819 3215 3225 3285 διακονήσασαν
3259 3212 3546 3281 κρείττονα
3576 3211 3789 3264 πάντων

520 3312 776 3368 ministra
797 3308 960 3373 foret,
980 3307 1183 3377 quippe
1203 3320 1323 3375 quae
1348 3303 1507 3373 (proh
1537 3301 1735 3356 mirum
1758 3300 1796 3372 Ξ)
1821 3298 1914 3352 Dei
1942 3306 2116 3351 mater

2216 3305 2525 3378 ἀνθρώπων
2552 3308 2820 3379 ὑπάρχειν
2844 3308 2925 3370 είς
2962 3304 3335 3376 καθαρότητα,
3378 3302 3454 3365 ὡς
3496 3299 3789 3371 γενησομέ-

519 3405 706 3458 futura
734 3410 876 3462 erat,
915 3398 1205 3453 universos
1243 3394 1495 3449 homines
1526 3392 1763 3460 puritate
1817 3386 2115 3443 antecelle-

519 3506 637 3561 ret;
663 3507 889 3548 necesse
916 3488 1163 3560 proiecto
1193 3496 1333 3552 erat,
1353 3496 1413 3540 ut
1437 3493 1693 3554 parentes
1726 3497 1941 3552 quoque
1970 3479 2118 3548 ejus-

523 3587 649 3641 dem
698 3583 969 3651 Deiparar,
1012 3587 1201 3649 utpote
1252 3575 1367 3640 Dei,
1402 3590 1527 3645 qua:
1576 3588 1643 3629 ex
1674 3572 1764 3627 illa
1804 3571 2116 3626 nasciturus

521 3685 641 3731 erat
671 3674 1074 3745 progenitores,
1108 3670 1230 3723 aliis
1264 3668 1583 3737 parentibus
1620 3662 2115 3733 supereminerent.

522 3763 717 3835 Neque
751 3764 894 3816 enim
922 3774 1009 3815 res
1041 3760 1274 3820 ferebat,
1307 3766 1485 3812 utaut
1513 3756 1738 3810 alterius
1763 3768 1923 3824 quam
1960 3752 2117 3820 hujus

523 3857 602 3913 illi
635 3865 893 3925 parentes
930 3861 1137 3918 essent,
1168 3850 1510 3905 autaliorum
1538 3862 1700 3918 quam
1743 3847 1970 3901 istorqu
2004 3845 2119 3899 haec

522 3950 633 4007 lilia
685 3946 1079 4003 nominaretur.
1693 3947 1696 3950 ’

595 4042 666 4097 x.
690 4039 866 4096 Hodie
886 4047 1173 4109 propterea
1191 4035 1463 4090 universae
1509 4042 1775 4090 creaturae
1804 4029 1999 4101 gaudio
2023 4043 2117 4100 ge—

521 4134 713 4201 stiunt,
736 4142 793 4187 et
832 4139 1025 4183 natura
1047 4139 1233 4182 nostra
1272 4126 1447 4181 laudis
1473 4136 1527 4181 et
1551 4125 1849 4194 gratiarum
1883 4123 2118 4176 actionis

520 4241 687 4281 voces
720 4223 787 4278 ad
824 4223 991 4277 Deum
1015 4220 1239 4285 attollit,
1269 4220 1526 4289 inquiens
1558 4216 1823 4273 :Gratias
1849 4214 1945 4268 tibi
1977 4229 2106 4283 agn,

520 4313 943 4380 Domine,quod
990 4325 1248 4379 me,quae
1298 4307 1502 4364 sterilis
1531 4321 1683 4361 eram
1737 4319 1802 4360 ac
1855 4303 2113 4375 gignendi

524 4407 726 4475 impos,
774 4404 839 4456 ad
888 4402 1127 4456 sobolem
1172 4399 1566 4469 procreandam
1617 4394 1865 4449 excitasti
1918 4410 1932 4448 :
1972 4395 2117 4463 quod

523 4500 731 4567 Spinas,
765 4498 966 4567 quibus
1000 4493 1375 4566 germinandis
1409 4492 1662 4545 damnata
1697 4488 1930 4553 fueram,
1972 4487 2118 4541 avel-

522 4593 636 4647 lere
674 4606 704 4644 a
747 4603 833 4643 me
865 4588 1101 4658 empisli,
1155 4596 1212 4641 et
1260 4585 1327 4640 ad
1375 4584 1681 4655 plantarum
1708 4578 1979 4636 culturam
2019 4594 2116 4649 per

522 4696 763 4750 divinam
797 4694 1007 4747 Annam
1027 4702 1083 4746 et
1108 4688 1354 4745 Joacltim
1378 4702 1464 4742 me
1481 4695 1661 4758 aptam
1688 4682 1946 4740 effecisti.
1973 4683 2113 4738 Gra-

522 4789 629 4841 tias
662 4799 763 4855 ago
800 4785 918 4848 tibi,
947 4782 1037 4852 qui
1079 4795 1167 4835 me
1197 4777 1502 4847 castigasti,
1523 4785 1689 4846 atque
1720 4775 1918 4828 iterum
1952 4772 2113 4826 hodie

522 4877 777 4947 suscipis.
810 4875 949 4942 Quid
976 4873 1273 4928 retribuam
1307 4868 1536 4938 tibi,qui
1575 4881 1660 4921 me
1689 4865 1756 4920 ad
1790 4863 2111 4935 pariendqu

523 4972 580 5025 in
606 4969 882 5024 doloribus
912 4975 1133 5036 propter
1162 4962 1666 5031 praevaricationem
1708 4957 1853 5027 iuste
1889 4956 2115 5008 damna-

524 5060 634 5124 sti;
668 5073 733 5112 ac
762 5058 956 5109 deinde
987 5070 1082 5124 per
1113 5054 1259 5107 hunc
1296 5059 1512 5119 partqu
1542 5048 1738 5103 iterum
1766 5046 1944 5099 fausta
1977 5059 2113 5113 gau-

522 5148 597 5202 dii
648 5146 835 5200 nuntia
878 5142 1055 5211 (mihi)
1099 5140 1340 5210 pra-bes?
1375 5139 1532 5192 Nunc
1570 5138 1626 5191 in
1663 5137 1834 5190 Anna:
1862 5145 2023 5190 utero
2044 5148 2108 5187 ex

522 5240 668 5294 edita
695 5252 841 5301 rosa,
868 5232 1062 5299 Maria,
1086 5234 1331 5300 inquam,
1367 5243 1570 5293 meum,
1593 5229 1684 5298 qui
1707 5238 1791 5281 est
1818 5240 1883 5280 ex
1916 5239 2114 5278 corru-

520 5335 733 5403 ptione,
777 5330 1006 5384 fetorem
1036 5342 1068 5382 e
1115 5324 1297 5379 medio
1328 5323 1489 5386 tollit,
1532 5336 1801 5391 suumque
1832 5321 1944 5389 ipsa
1976 5321 2111 5373 odo-

523 5440 639 5479 rem
677 5422 945 5484 lribuens,
1001 5419 1197 5473 divina:
1242 5415 1625 5471 exsultationis
1673 5414 1992 5483 participem
2028 5427 2114 5466 me

522 5516 704 5572 ellicit.
724 5515 830 5570 Per
860 5513 1141 5568 mulierem
1176 5512 1451 5580 hucusque
1475 5510 1588 5578 ipsa
1624 5507 1948 5577 inlelix,per
1979 5524 2112 5561 tnu-

522 5608 711 5662 lierem
742 5610 904 5661 modo
934 5607 1089 5659 beata
1121 5601 1318 5658 effecta
1374 5617 1514 5655 sum.
1559 5600 1775 5669 Impleri
1826 5600 1968 5654 enim
2000 5612 2108 5652 cce-

525 5700 672 5767 pisse
699 5700 812 5771 jam
850 5699 1031 5764 video,
1057 5712 1177 5766 qua:
1207 5695 1274 5748 de
1307 5704 1359 5747 te
1390 5710 1483 5764 per
1508 5693 1796 5761 prophetas
1824 5701 1945 5744 tuos
1976 5704 2113 5759 prae-

2214 3416 2338 3472 νην,
2371 3397 2417 3453 ὣ
2460 3397 2555 3453 τοῦ
2600 3397 2904 3468 θαύματοςί
2938 3396 3169 3467 Μητέρα
3210 3392 3346 3447 Θεοῦ
3371 3407 3385 3421 ·
3429 3392 3538 3445 ἔδει
3580 3394 3789 3454 πάντως

2217 3492 2461 3556 καὶτοὺς
2482 3488 2688 3561 ταύτης
2708 3490 3042 3559 γεννήτορας
3064 3485 3352 3547 Θεοτόκου,
3376 3482 3451 3546 ὡς
3480 3482 3591 3536 τῶν
3621 3482 3790 3535 ἄλλων

2218 3580 2359 3637 εῖναι
2392 3582 2733 3654 κρείττονας,
2782 3578 2918 3633 Θεοῦ
2952 3576 3048 3631 τοῦ
3091 3576 3151 3641 ἐξ
3191 3575 3364 3645 αὐτῆς
3389 3573 3789 3644 τεχθησομένου

2218 3676 2597 3747 προπάτορας.
2626 3673 2700 3728 Οὐ
2734 3672 2845 3742 γὰρ
2871 3670 3032 3724 ἄλλου
3061 3668 3246 3737 ἐξῆνῆ
3276 3666 3480 3738 ταύτης
3525 3661 3667 3718 εἶναι
3696 3679 3786 3715 πα-

2215 3768 2382 3839 τέρας
2406 3766 2669 3829 ὲκείνους,
2692 3765 2816 3819 οὑδὲ
2847 3762 3054 3833 ταύτην
3082 3760 3261 3816 ἄλλων
3283 3756 3561 3829 θυγατέρα
3587 3757 3620 3829 ἢ
3659 3757 3792 3811 ὲκεί-

2218 3877 2324 3914 νων
2354 3859 2753 3929 ὀνομασθῆναι.

2290 4026 2343 4081 l'.
2375 4026 2475 4080 Διὰ
2503 4026 2665 4080 τοῦτο
2679 4027 2858 4097 χαρᾶς
2875 4024 2945 4079 τὰ
2974 4023 3268 4094 σύμπαντα
3294 4023 3497 4094 γέγηθε
3535 4025 3789 4096 σήμερον,

2219 4122 2314 4175 καὶ
2342 4122 2377 4189 ή
2408 4120 2571 4189 φύσις
2588 4119 2748 4190 ήμῶν
2765 4117 3159 4190 χαριστηρίους
3181 4116 3483 4187 προσφέρει
3515 4117 3701 4184 φωνὰς
3722 4114 3791 4183 τῷ

2218 4213 2358 4285 Θεῷ·
2388 4211 2714 4283 Εὐχάριστῶ
2745 4229 2851 4276 σοι,
2874 4212 3144 4276 Δέσποτα,
3169 4208 3424 4278 λέγουσα,
3449 4210 3528 4262 ὃτι
3560 4227 3627 4279 με
3658 4208 3793 4262 στεί·

2223 4321 2321 4374 ραν
2352 4298 2520 4357 οὖσαν
2554 4303 2649 4358 καὶ
2697 4302 2891 4374 ἄγονον
2926 4300 3064 4372 πρὸς
3093 4300 3443 4369 τεκνογονίαν
3472 4301 3750 4373 διήγειρας
3773 4313 3786 4328 ⁶

2218 4396 2301 4448 ὅτι
2349 4413 2449 4466 μου
2501 4395 2599 4459 τὰς
2644 4397 2746 4467 τῆς
2792 4393 3175 4463 κατακρίσεως
3219 4393 3465 4455 ἀκάνθας
3514 4394 3789 4464 καθαίρειν

2218 4486 2472 4557 ἀπήρξω,
2504 4487 2601 4541 καὶ
2630 4488 2768 4557 πρὸς
2804 4484 3141 4555 φυτουργίαν
3172 4485 3261 4539 διὰ
3292 4486 3392 4554 τῆς
3422 4483 3573 4549 θείας
3601 4485 3791 4553 Ἃννης

2220 4580 2437 4634 καὶτοῦ
2480 4581 2738 4652 Ἰωακεὶμ
2777 4579 3191 4650 καθωμάλισας.
3231 4578 3554 4649 Εὑχαριστῶ
3602 4595 3685 4632 σοι
3718 4574 3791 4645 τῷ

2222 4673 2579 4728 παιδεύσαντι
2619 4674 2714 4727 καὶ
2753 4674 2918 4726 πάλιν
2949 4670 3494 4742 προσλαμϐανομὲνῳ
3537 4673 3787 4744 σήμερον.

2221 4766 2285 4818 Τί
2316 4763 2689 4819 ἀνταποδώσω
2721 4783 2803 4819 σοι
2836 4764 2914 4836 τῷ
2943 4768 3000 4819 ὲν
3026 4766 3231 4830 λύπαις
3259 4784 3327 4835 με
3348 4768 3554 4820 τίκτειν
3582 4766 3673 4821 διὰ
3698 4765 3789 4835 τὴν

2220 4859 2538 4929 παράϐασιν
2590 4858 3009 4928 κατακρίναντι,
3042 4859 3137 4911 καὶ
3177 4857 3340 4912 πάλιν
3376 4875 3443 4928 με
3467 4858 3552 4912 διὰ
3576 4853 3787 4912 τοκετοῦ

2219 4953 2397 5023 χαρᾶς
2436 4950 2914 5022 εὐαγγελιζομένῳ
2949 4949 3280 5023 μηνύματα;
3308 4950 3423 5003 Νῦν
3454 4950 3511 5017 ἐξ
3548 4950 3680 5022 ἐμοῦ
3703 4949 3787 5023 ρό-

2219 5042 2310 5096 δον
2338 5041 2615 5111 προφανὲν
2645 5042 2677 5112 ἡ
2725 5041 2983 5112 Μαριὰμ,
3012 5044 3071 5096 ἐν
3103 5041 3259 5109 νηδύϊ
3300 5040 3397 5112 τῆς
3435 5042 3656 5113 ’Δννης,
3698 5042 3787 5111 τὴν

2218 5137 2284 5188 ὲκ
2323 5135 2531 5204 φθορᾶς
2580 5152 2683 5204 μου
2729 5133 2997 5187 δυσωδίαν
3046 5136 3111 5187 ἐκ
3164 5137 3329 5206 μέσου
3366 5138 3530 5200 ποιεῖ,
3560 5136 3654 5189 καὶ
3695 5135 3785 5200 τὴν

2218 5230 2421 5300 ἑαυτῆς
2443 5227 2673 5280 εὐωδίαν
2705 5226 2950 5291 διδοῦσα,
2990 5227 3140 5291 θείας
3166 5228 3545 5297 ἀγαλλιάσεως
3574 5226 3783 5298 μεταδίσ

2217 5321 2351 5375 δωσι
2374 5336 2388 5349 '
2421 5320 2511 5373 διὰ
2551 5319 2813 5388 γυναικὸς
2848 5320 3009 5391 μέχρι
3056 5321 3150 5373 τοῦ
3178 5320 3272 5373 νῦν
3316 5320 3481 5375 ἀθλία
3523 5320 3633 5389 ἐγώ
3656 5337 3671 5350 ’
3708 5316 3785 5371 διὰ

2218 5414 2478 5484 γυναικὸς
2511 5413 2637 5483 ἄρτι
2673 5414 2921 5482 μακαρία
2942 5413 3266 5483 γεγένημαι.
3300 5413 3446 5484 Ὁρῶ
3481 5415 3588 5485 γὰρ
3618 5414 3683 5467 τὰ
3709 5410 3785 5463 διὰ

2217 5505 2326 5558 τῶν
2357 5504 2467 5558 σῶν
2490 5504 2619 5575 περὶ
2648 5503 2740 5556 σοῦ
2764 5504 3062 5575 προφητῶν
3097 5504 3504 5576 προλελεγμένα
3527 5502 3782 5558 τελεῖσθαι

2218 5599 2521 5668 ἀρχόμενα,
2557 5599 2653 5651 ml.
2694 5598 2757 5651 τὸ
2785 5598 2939 5662 τέλος
2968 5600 3173 5652 τούτων
3208 5600 3330 5654 ὅσον
3373 5600 3528 5654 οὔπω
3561 5596 3782 5653 κατιδεῖν

2220 5688 2621 5759 ἀπεκδέχομαι.

527 5794 770 5847 nuntiata
801 5800 951 5856 sunt,
989 5789 1399 5860 perfectumque
1429 5800 1617 5839 eorum
1650 5785 1857 5840 exitum
1881 5782 2105 5852 jallljillll
2146 5796 2231 5833 me
2258 5782 2494 5835 visuram
2514 5782 2812 5852 comperio.

598 5908 637 5940 ⁸⁷
680 5909 701 5961 l
734 5907 882 5965 Patr.
913 5920 979 5975 ιι,
1019 5904 1110 5961 ‘25.

1191 5904 1232 5935 ³⁸
1273 5902 1372 5959 lsa.
1426 5916 1573 5968 wa,
1604 5899 1658 5955 9t.
1740 5900 1781 5933 ⁸³
1821 5898 2022 5958 Psalm.
2079 5911 2255 5963 θεων,
2316 5897 2400 5953 19.
2484 5898 2526 5928 ²⁰
2567 5896 2702 5952 lbid.
2735 5897 2820 5950 l8.
