4146 6474
482 417 613 486 1361

1407 429 1488 488 IN
1528 426 2113 489 CONCEPTIONEM
2151 425 2212 486 S.
2247 423 2473 485 ΑΝΝίΕ
2514 423 2816 485 ORATIO.

3605 419 3744 486 1362

550 532 617 588 IA
637 574 652 589 .
680 533 798 588 Νῦν
835 534 869 608 ἡ
906 535 1048 591 κατά
1074 535 1164 591 τὸν
1204 532 1438 590 Ἡσαΐαν
1466 537 1745 608 Παρθένος
1770 538 1973 603 ἕξουσά
1999 552 2059 587 σε

2236 533 2323 589 XI.
2360 531 2515 588 Nunc
2551 533 2713 604 Virgo
2743 532 2856 600 illa,
2878 545 2999 603 quae
3033 531 3331 587 secundum
3365 530 3516 586 Isaia:
3548 545 3745 591 oracu-

475 625 569 680 τὸν
618 627 968 699 Ἐμμανουήλ
1000 630 1095 683 καὶ
1122 629 1376 696 τέξουσα,
1404 630 1504 701 τῆς
1528 631 1633 700 γῆς
1657 631 1878 701 στείρας
1902 628 2059 699 νηδύϊ

478 716 801 785 φυτεύεταν
851 719 948 773 καὶ
991 720 1024 791 ή
1073 720 1252 792 κούφη
1284 720 1483 792 νεφέλη
1533 720 1847 773 συνίσταται
1896 719 1993 772 καὶ
2022 720 2058 790 ἡ

480 808 674 879 ῥάϐδος
702 810 969 881 ῥιζοῦται,
1015 806 1166 886 ὲφ’ᾗ
1203 812 1667 885 στηριχθήσομαι.
1694 807 1810 863 Νῦν
1844 812 1878 883 ή
1914 812 2060 865 κατὰ

477 901 744 963 ἀνατολὰς
796 902 938 955 κατά
971 902 1066 956 τὸν
1105 900 1372 975 Ἰεζεκιὴλ
1415 903 1692 973 βλέπουσα
1748 902 1914 975 πύλη,
1962 903 2059 958 καὶ

478 993 562 1044 σοὶ
596 992 743 1063 μόνῳ
770 995 1088 1065 τηρουμένη
1129 996 1269 1067 πρὸς
1294 998 1521 1061 εἴσοδον,
1544 996 2053 1061 κατασκευάζεται·

475 1084 601 1154 ἄρτι
624 1084 685 1138 τὸ
716 1086 860 1141 κατά
896 1090 991 1141 τὸν
1014 1089 1216 1159 Δανιὴλ
1244 1091 1371 1161 ὅρος
1402 1089 1720 1157 αὐξάνεται,
1755 1087 1817 1153 ἐξ
1847 1079 1907 1141 οὗ
1933 1089 1996 1141 σὺ
2029 1088 2059 1139 ό

475 1177 773 1242 ἁλάξευτος
806 1179 953 1243 λίθος
991 1180 1247 1252 τμηθεὶς,
1278 1182 1461 1245 πάσας
1487 1182 1588 1244 τάς
1618 1180 1949 1241 ἀντιπάλους
1974 1195 2058 1233 σοι

476 1267 759 1337 βασιλείας
787 1271 853 1322 ὲκ
878 1269 1049 1340 μέσου
1087 1273 1344 1343 ποιήσας,
1376 1273 1477 1342 τὴν
1511 1270 1611 1342 σὴν
1646 1269 1865 1326 αἰώνιον
1890 1271 2057 1342 δήλην

472 1362 849 1433 ἀπεργάσειας
884 1363 1109 1419 ἅπασιν.
1145 1366 1392 1438 Σήμερον
1436 1364 1498 1419 τὸ
1541 1364 1688 1437 ὅρος,
1726 1364 1759 1418 ὃ
1801 1362 2059 1433 εὐδοκή-

471 1467 607 1520 σεις
627 1456 779 1510 κατὰ
810 1456 919 1510 τὸν
946 1456 1111 1512 Δαὸὶδ
1137 1457 1461 1524 κατοικεῖν,
1492 1459 1550 1512 ὲν
1579 1457 1778 1528 γαστρὶ
1807 1457 1907 1527 τῆς
1935 1457 2061 1510 Ἀν-

472 1563 573 1617 νης
596 1546 909 1618 ἐπαίρεται,
941 1550 1038 1603 καὶ⁵
1056 1548 1155 1621 τὴν
1176 1549 1470 1621 Δαὸιδικὴν
1490 1549 1664 1621 φυλὴν
1683 1547 2060 1619 αὐξανομένην

474 1637 857 1708 προδείκνυσιν
890 1640 1096 1694 ἅπασιν
1119 1655 1134 1669 ⁸
1178 1640 1425 1712 σήμερον
1452 1640 1596 1694 κατά
1632 1638 1724 1692 τὸν
1754 1640 1931 1709 μέγαν
1954 1656 2060 1691 πα-

472 1728 748 1799 τριάρχην
786 1732 925 1801 πρὸς
955 1732 1186 1803 οὐρανὸν
1213 1733 1323 1787 ἀπὸ
1350 1731 1458 1802 γῆς
1491 1732 1525 1804 ή
1553 1730 1759 1802 κλίμαξ
1804 1730 2058 1801 στηρίξει

474 1837 587 1887 ται,
612 1822 681 1876 δι’
706 1817 776 1895 ἧς
808 1824 1059 1897 ἑνωθήσῃ
1097 1843 1188 1897 μοι
1234 1825 1503 1890 καταϐὰς,
1536 1823 1634 1878 καὶ
1671 1825 1808 1894 πρὸς
1830 1824 1920 1878 τὸν
1948 1841 2056 1877 πα·-

475 1913 666 1984 τρικόν
695 1931 765 1984 με
804 1914 997 2005 θρόνον
1031 1916 1388 1982 ἀναϐιϐάσεις
1414 1916 1512 1988 τὴν
1538 1915 1841 1971 ἕκπτωτον.

548 2167 651 2222 1Β’.
682 2166 941 2240 Χαίρετε,
979 2172 1099 2241 μετ’
1122 2170 1259 2241 ἐμοῦ
1292 2172 1558 2244 σήμερον,
1593 2175 1689 2227 καὶ
1727 2172 1829 2243 τῆς
1859 2175 2061 2248 ’Δννης

469 2259 573 2329 τῆς
600 2260 825 2333 στείρας
859 2263 1075 2317 καὶτοῦ
1110 2262 1351 2333 μεγάλου
1396 2265 1655 2336 Ἰωακεὶμ
1680 2265 1730 2319 οἱ
1779 2268 2059 2337 προπάτο-

474 2368 568 2422 ρες
588 2368 602 2380 ’
636 2353 671 2424 ή
705 2352 861 2424 ὑμῶν
891 2354 1193 2439 ἀνάκλησις
1245 2354 1346 2426 ήδη
1393 2355 1625 2427 ἤγγικεν
1652 2372 1666 2389 ο
1699 2356 1732 2426 ὴ
1773 2356 1931 2428 ὑμῶν
1969 2357 2061 2411 λύ-

467 2457 676 2513 τρωσις
731 2445 1225 2515 πραγματεύεται*
1286 2447 1319 2516 ἡ
1376 2445 1522 2516 ὑμᾶς
1571 2445 1659 2500 διὰ
1710 2447 1806 2499 τοῦ
1860 2449 2059 2519 ἑαυτῆς

470 2532 697 2586 τοκετοῦ
726 2535 826 2604 τῆς
868 2536 1090 2607 μακρᾶς
1138 2536 1442 2607 καταδίκης
1482 2536 1753 2603 ἐξάξουσα
1789 2537 2059 2603 κτίζεται.

469 2625 732 2698 Χαίρετε,
762 2628 1005 2692 ἅπαντες
1034 2630 1272 2684 δίκαιοι·
1309 2631 1555 2702 χαίρετε,
1594 2632 1938 2704 πατριάρχαι
1968 2636 2061 2688 καὶ

469 2719 749 2790 προφῆται
790 2720 1033 2786 ἅπαντες
1057 2738 1072 2751 ·
1100 2722 1163 2775 τὸ
1189 2721 1285 2776 τοῦ
1329 2722 1526 2791 γένους
1567 2724 1730 2788 ἄνθος
1763 2725 2057 2790 ἀνέτειλεν,

468 2810 580 2863 τῶν
622 2812 911 2887 ὑμετέρων
957 2815 1379 2887 προρῤήσεωνή
1431 2815 1662 2881 ἔκϐασις
1704 2819 1970 2890 ἤγγικεν·
2002 2819 2061 2873 αἱ

467 2904 579 2957 τῶν
626 2906 975 2976 ἐπαγγελιῶν
1016 2907 1351 2980 προθεσμίαι
1401 2910 1822 2983 πεπλήρωνταιο
1872 2913 1929 2965 αἱ
1962 2930 2062 2966 πο-

470 2996 727 3071 λυμερῶς
766 3000 863 3053 καὶ
890 3000 1250 3072 πολυτρόπως
1295 3001 1425 3072 ὐμῖν
1456 3004 1521 3056 ὲκ
1563 3003 1701 3057 Θεοῦ
1740 3004 2060 3073 λαληθεῑσαι

470 3089 802 3160 ὑποσχέσεις
843 3091 986 3163 πρὸς
1017 3092 1077 3145 τὸ
1107 3092 1283 3165 πέρας
1324 3095 1707 3166 κατήντησαν·
1746 3096 1849 3149 οὐκ
1882 3095 1961 3149 ἔτι
2002 3099 2060 3150 ὲν

468 3177 652 3232 ἐλπίσι
677 3179 748 3233 τὰ
775 3181 1207 3253 προσδεχόμενα,
1229 3183 1426 3245 αὐταῖς
1450 3185 1570 3246 ταῖς
1598 3183 1789 3253 ὄψεσιν
1820 3185 1894 3248 ὡς
1918 3184 2060 3257 ὁρώ-

472 3288 637 3342 μενα.
658 3270 773 3325 Νῦν
799 3272 986 3345 χαίρει
1009 3274 1106 3328 καὶ
1126 3275 1160 3345 ή
1188 3274 1443 3346 οὐράνιος
1465 3275 1575 3328 τῶν
1604 3276 1779 3345 ἁγίων
1810 3277 2059 3346 ἀγγέλων

472 3360 705 3432 πληθύς
737 3364 846 3415 εἰσὶ
875 3362 986 3434 γὰρ
1022 3362 1143 3417 λίαν
1171 3361 1549 3435 φιλάνθρωποι
1578 3362 1671 3417 τὸν
1702 3364 1833 3417 ίδιον
1858 3364 2060 3417 Δεσπό-

468 3470 572 3525 την
624 3454 981 3525 μιμούμενοι.
1012 3455 1083 3507 Et
1127 3453 1239 3523 γὰρ
1264 3453 1366 3508 ἐπὶ
1404 3453 1497 3508 ἐνὶ
1525 3452 1852 3524 ἁμαρτωλῷ
1875 3472 2057 3525 μετα-

469 3544 716 3600 νοοῦντι
742 3546 1049 3615 χαίρουσι,
1076 3544 1196 3610 πῶς
1224 3545 1329 3616 τῆς
1360 3545 1584 3600 πάντων
1620 3548 1653 3616 ἡ
1664 3546 1781 3617 μῶν
1819 3547 2060 3619 ἀνακλή-

474 3655 617 3702 σεως
644 3638 708 3693 οὐ
742 3639 1052 3711 χαρήσουσι
1097 3637 1167 3692 τὰ
1191 3638 1458 3709 προοίμια
1498 3637 1829 3709 βλέποντεςς
1860 3640 1977 3704 πῶς
2000 3640 2062 3694 τὸ

472 3728 872 3799 καθαρώτατον
913 3728 1008 3783 τοῦ
1034 3730 1311 3784 Δεσπότου
1352 3733 1449 3783 καὶ
1486 3731 1889 3801 Παμϐασιλέως
1925 3734 2062 3802 Χρι-

474 3820 603 3876 στοῦ
650 3820 942 3892 βλέποντες
977 3820 1312 3893 ἀνάκτορον,
1343 3821 1444 3876 οὐκ
1489 3822 1913 3892 ἀγαλλιάσονται
1961 3840 2064 3880 κα-

471 3910 951 3981 τασκευαζόμενον
974 3927 989 3977 ;
1015 3910 1133 3975 πῶς
1151 3910 1246 3964 τὸν
1267 3909 1524 3982 φραγμὸν
1539 3911 1777 3984 ὁρῶντες
1797 3911 2061 3983 λυόμενον

474 4004 569 4058 καὶ
601 4004 681 4067 είς
709 4003 767 4056 ἓν
792 4004 863 4058 τὰ
890 4003 1161 4057 διεστῶτα
1202 4003 1605 4074 συνερχόμενα,
1634 4003 1734 4058 καὶ
1768 4004 1902 4075 μίαν
1934 4010 2059 4059 ποί-

476 4113 616 4167 μνην
647 4096 893 4162 ἅπαντας
920 4096 1243 4167 γινομένους
1282 4097 1545 4167 Χριστοῦ,
1576 4097 1677 4151 οὐκ
1716 4098 2062 4170 εὐφροσύνης

472 4188 569 4242 καὶ
596 4188 773 4259 χαρᾶς
809 4185 951 4259 ὑπὲρ
977 4186 1137 4257 λόγον
1171 4187 1269 4241 καὶ⁵
1296 4186 1424 4241 νοῦν
1459 4187 1953 4260 πληρωθήσονται;

541 4406 644 4462 ιΓν.
667 4406 927 4477 Χαίρετε,
952 4405 1047 4462 καὶ⁸
1068 4406 1260 4480 αὐτὴή
1291 4407 1530 4477 συζυγία
1551 4410 1582 4479 ὴ
1609 4408 2056 4480 πανθαύμαστος,

470 4500 671 4571 ήπᾶσι
725 4501 968 4572 σήμερον
993 4500 1093 4572 τὴν
1139 4500 1317 4571 χαρὰν
1350 4501 1762 4573 προξενήσασα.
1808 4503 2056 4573 Χαίροις,

2160 628 2272 682 lum
2299 637 2351 682 te
2379 625 2701 681 Emmanuel
2738 629 2792 680 in
2826 634 2984 681 utero
3025 623 3251 679 habebit
3277 631 3335 679 et
3376 624 3553 693 pariet
3580 624 3650 688 ¹¹,
3688 625 3742 676 in

2162 730 2321 775 terra:
2376 719 2584 775 sterilis
2622 718 2836 790 (Annae)
2882 716 3008 772 sinu
3058 715 3355 786 plantatur,
3387 724 3444 769 et
3472 715 3606 770 levis
3644 731 3744 771 nu-

2161 817 2258 870 bes
2281 815 2325 847 "
2356 814 2644 877 formatur,
2680 821 2736 867 et
2774 810 2990 867 radices
3019 809 3133 879 agit
3170 810 3323 880 virga
3367 808 3414 841 “
3452 808 3539 863 cui
3597 808 3743 861 inni-

2161 916 2267 962 tar.
2307 905 2460 961 Nunc
2483 905 2789 960 exstruitur
2810 912 2965 974 porta
2993 901 3079 956 illa
3107 916 3230 971 quae
3259 901 3561 955 secundum
3609 899 3744 954 Eze-

2160 1000 2352 1059 chielis
2379 998 2658 1056 oraculum
2691 997 2757 1052 ad
2783 996 3049 1052 orientem
3094 993 3319 1062 respicit
3367 992 3436 1059 ",
3483 1002 3539 1047 et
3588 990 3744 1058 cujus

2162 1093 2256 1147 tibi
2282 1092 2373 1147 uni
2429 1100 2681 1147 servatur
2732 1088 3037 1159 ingressus.
3089 1084 3245 1139 Nunc
3298 1085 3548 1154 exsurgit
3588 1100 3745 1141 mons

2159 1185 2251 1241 ille
2286 1200 2316 1239 a
2347 1183 2567 1239 Daniele
2593 1182 2859 1253 praevisus
2891 1179 2960 1247 ⁸⁵,
2990 1193 3020 1232 e
3043 1192 3151 1248 quo
3204 1176 3457 1245 delapsus
3478 1216 3495 1243 ,
3530 1183 3586 1229 ιιι
3636 1191 3743 1235 non

2160 1279 2377 1333 excisus
2409 1276 2569 1347 lapis,
2599 1273 2869 1329 universis
2894 1272 2991 1327 tibi
3034 1269 3468 1340 repugnantibus
3512 1268 3747 1338 regnise

2161 1368 2340 1424 medio
2402 1367 2665 1432 sublatis,
2721 1372 2982 1419 aeternum
3035 1376 3261 1431 regnum
3292 1367 3440 1413 tuum
3492 1357 3746 1413 omnibus

2162 1457 2507 1514 manifeStum
2540 1466 2812 1511 exstrues.
2842 1452 3014 1507 Hodie
3033 1467 3188 1506 mons
3215 1450 3326 1515 ille,
3355 1453 3411 1504 in
3443 1466 3568 1521 quo,
3588 1449 3745 1518 juxm

2159 1550 2381 1606 Davidis
2429 1548 2771 1611 vaticinium,
2808 1546 2903 1601 tibi
2954 1544 3337 1615 beneplact‘tum
3394 1544 3492 1597 erit
3546 1542 3748 1596 inhabi-

2161 1652 2274 1699 tare
2297 1642 2364 1707 “,
2392 1641 2445 1696 in
2475 1640 2650 1694 Annae
2679 1648 2835 1693 utero
2863 1638 3153 1703 attollitur,
3183 1651 3249 1691 ac
3271 1635 3540 1690 Davidicze
3574 1635 3747 1689 tribus

2161 1751 2358 1791 nomen
2383 1747 2563 1805 usque
2598 1730 2916 1803 praeclarius
2948 1730 3089 1800 apud
3133 1743 3326 1784 omnes
3359 1727 3543 1782 ellicit.
3576 1725 3749 1781 Hodie

2164 1829 2461 1884 secundum
2517 1840 2774 1896 magnum
2832 1822 2983 1877 illum
3055 1821 3424 1892 patriarcham
3489 1817 3655 1874 Jacob
3714 1832 3748 1874 ο

2087 1899 2134 1955 Β
2163 1930 2307 1975 terra
2342 1919 2409 1973 ad
2443 1918 2617 1973 caelos
2650 1915 2799 1971 scala
2830 1913 3166 1979 firmatur",
3188 1928 3284 1984 per
3317 1926 3483 1982 quam
3514 1910 3747 1965 descen-

2160 2014 2295 2068 dens
2326 2010 2455 2066 milti
2486 2012 2696 2067 unieris
2745 2018 2802 2065 et
2825 2022 2911 2064 me
2939 2008 3147 2077 lapsam
3171 2006 3238 2060 ad
3269 2012 3557 2075 paternum
3582 2001 3743 2057 thro-

2160 2118 2289 2158 num
2325 2103 2613 2173 provehes.

2230 2195 2345 2250 Xll.
2375 2195 2721 2267 Congaudete
2741 2207 2885 2248 nunc
2902 2205 3135 2255 mecum,
3160 2203 3257 2244 vos
3279 2200 3516 2257 quoque,
3535 2199 3567 2241 o
3588 2183 3751 2240 steri-

2159 2285 2228 2341 lis
2259 2287 2427 2342 Annte
2457 2293 2513 2341 et
2570 2284 2748 2355 magni
2785 2282 3031 2338 Joachim
3074 2279 3476 2350 progenitores.
3533 2276 3749 2344 Appro-

2161 2378 2446 2448 pinquavit
2466 2376 2579 2446 jam
2617 2373 2946 2431 restauralio
2977 2381 3156 2427 vestra
3188 2388 3203 2425 :
3240 2367 3538 2437 redemptio
3570 2374 3751 2419 vestra

2155 2467 2268 2537 jam
2295 2471 2359 2522 ad
2389 2482 2528 2539 Opus
2554 2466 2839 2522 deducitur
2879 2482 2891 2518 :
2924 2462 3034 2533 jam
3069 2469 3287 2515 creatur
3314 2473 3406 2522 ea,
3435 2470 3555 2526 quae
3590 2465 3751 2521 partu

2162 2576 2262 2615 suo
2295 2574 2324 2613 a
2379 2560 2637 2613 diuturna
2682 2571 2779 2610 vos
2828 2553 3177 2611 damnatione
3213 2548 3429 2619 eripiet.
3483 2546 3749 2611 Gaudete,

2158 2651 2289 2723 justi
2319 2664 2512 2705 omnes
2546 2666 2559 2704 :
2615 2647 2866 2719 gaudete,
2894 2643 3133 2698 universi
3169 2640 3493 2709 patriarchae
3534 2652 3598 2691 ac
3619 2650 3752 2705 pro-

2162 2742 2337 2808 phetae
2366 2763 2378 2795 ;
2403 2739 2617 2810 generis
2642 2737 2812 2791 nostri
2854 2734 2953 2789 llos
2987 2742 3144 2787 ortus
3176 2740 3260 2787 est
3289 2747 3304 2783 :
3341 2741 3507 2798 prope
3532 2726 3641 2796 estq
3654 2740 3752 2780 ve-

2161 2843 2400 2887 Strarum
2431 2830 2849 2901 praedictionum
2864 2827 3077 2883 exitus:
3102 2823 3405 2896 praestituta
3431 2817 3753 2891 promissio-

2161 2939 2289 2978 num
2326 2933 2569 2993 tempora
2599 2922 2712 2992 jam
2746 2919 2964 2989 impleta
3007 2927 3137 2973 sunt
3169 2934 3183 2971 :
3216 2929 3336 2984 quae
3393 2910 3750 2966 multifariam

2163 3014 2455 3084 multisque
2490 3013 2665 3067 modis
2697 3010 2793 3066 Dei
2832 3023 2963 3064 voce
2998 3006 3155 3061 nobis
3191 3002 3457 3074 promissa
3490 3010 3637 3063 sunt,
3680 2998 3751 3053 ad

2162 3107 2367 3163 exitum
2395 3120 2553 3161 suum
2590 3102 2701 3172 jam
2724 3103 3111 3156 adventaruut.
3158 3095 3310 3150 Haud
3332 3092 3565 3163 amplius
3603 3103 3754 3145 mera

2163 3212 2260 3268 spe
2288 3197 2656 3258 continentur,
2717 3206 2838 3261 qua:
2884 3189 3375 3256 exspectabantur;
3434 3184 3530 3237 sed
3572 3180 3750 3236 oculis

2169 3289 2300 3359 ipsis
2321 3287 2433 3357 jam
2471 3300 2638 3357 prope
2654 3282 3039 3351 subjiciuntur.
3068 3277 3305 3332 Laetatur
3342 3290 3484 3327 nunc
3513 3271 3752 3326 etcmle-

2168 3381 2270 3436 stis
2307 3388 2625 3435 sanctorum
2670 3375 2985 3446 angelorum
3046 3369 3358 3430 multitudo,
3392 3365 3593 3434 quippe
3656 3365 3751 3434 qui

2169 3474 2457 3529 Dominum
2480 3485 2637 3526 suum
2672 3465 3280 3530 imitantes,humanum
3313 3473 3485 3528 genus
3515 3458 3757 3525 impense

2168 3565 2417 3635 diligunt.
2446 3561 2591 3617 Sane
2620 3560 2665 3613 si
2692 3558 2925 3630 gaudent
2962 3568 3122 3620 super
3147 3567 3253 3605 uno
3281 3559 3552 3619 peccatore
3591 3547 3758 3617 paeni.

2169 3658 2390 3713 tentiam
2416 3664 2598 3725 agente
2626 3652 2705 3718 ⁸⁸,
2734 3648 3007 3722 quomodo
3039 3660 3146 3701 non
3176 3645 3521 3715 gaudebunt,
3547 3650 3759 3695 restau-

2169 3749 2401 3804 rationis
2428 3745 2669 3801 omnium
2702 3751 2946 3798 nostrum
2967 3736 3120 3792 initia
3140 3733 3451 3791 intuentes?
3476 3732 3761 3798 Quomodo

2170 3855 2277 3896 non
2318 3838 2691 3900 exsultabuut,
2728 3834 3081 3904 purissimum
3111 3827 3328 3885 Domini
3362 3841 3426 3881 ac
3446 3824 3609 3894 Regis
3637 3839 3759 3878 0m-

2170 3931 2322 3987 nium
2364 3929 2565 3986 Christi
2615 3927 2875 3999 palatium
2922 3923 3107 3993 parari
3137 3922 3386 3979 videntes
3428 3916 3761 3983 ?Qttomodo

2164 4026 2278 4096 jam
2320 4023 2622 4091 disruptam
2696 4028 2984 4075 cernentes
3038 4031 3248 4085 sepem,
3300 4021 3462 4082 atque
3513 4009 3651 4063 adeo
3704 4007 3759 4061 in

2170 4131 2336 4171 unum
2372 4114 2517 4170 coire
2542 4127 2662 4181 quae
2689 4110 2877 4166 dissita
2909 4117 3090 4175 erant,
3115 4116 3169 4161 et
3199 4106 3485 4160 universos
3510 4102 3561 4154 in
3591 4114 3756 4153 uutttn

2168 4207 2369 4262 Christi
2402 4219 2619 4275 gregem
2675 4201 2989 4266 convenire,
3036 4198 3217 4254 lattitia
3259 4205 3313 4249 et
3358 4193 3556 4264 gaudio
3597 4206 3759 4261 supra

2168 4316 2330 4370 quant
2361 4298 2463 4353 diti
2503 4296 2841 4368 cogitarique
2872 4293 3045 4364 possit
3083 4306 3190 4345 non
3224 4283 3612 4362 replebuutur?

2239 4424 2376 4479 Xlll.
2405 4424 2648 4479 Gaudete
2686 4431 2740 4476 et
2767 4435 2865 4476 vos
2885 4459 2900 4483 ,
2933 4420 3193 4487 conjuges
3245 4416 3403 4485 plane
3428 4412 3759 4477 admirandi,-

2168 4519 2258 4589 qui
2306 4516 2580 4571 universis
2620 4514 2880 4569 hodierna
2912 4511 2999 4565 die
3044 4509 3231 4583 gaudii
3261 4516 3513 4561 auctores
3544 4504 3761 4559 exstiti-

472 4594 669 4658 Ἀννα,
699 4593 862 4665 χάρις
886 4595 919 4665 ή
943 4593 1129 4658 ἔνθεος
1150 4610 1164 4625 ·
1203 4595 1441 4665 χαίροις,
1470 4596 1505 4666 ὴ
1537 4596 1749 4661 στείρα,
1779 4597 1812 4667 ή
1842 4597 2059 4661 πάντως

2167 4613 2286 4666 Stis.
2319 4610 2505 4665 Gaude
2528 4620 2605 4671 tu,
2636 4608 2813 4669 Anna,
2846 4604 2998 4672 cujus
3025 4616 3219 4657 nomen
3244 4598 3517 4653 cmlestem
3542 4595 3761 4666 praefert

466 4686 530 4738 τὸ
558 4686 715 4755 γένος
743 4688 811 4757 τῇ
838 4686 1097 4757 εὐπαιδίᾳ
1137 4688 1443 4758 νικήσασα·
1494 4687 1731 4759 χαίροις,
1760 4693 1793 4758 ὴ
1831 4688 2062 4761 ἄνικμος

467 4777 561 4846 γῆ,
606 4780 702 4833 καὶ
753 4778 845 4833 τὸν
892 4778 988 4833 τοῦ
1024 4779 1161 4833 Θεοῦ
1212 4780 1546 4852 παράδεισον
1597 4782 2017 4853 καταρδειίωασα
2043 4799 2055 4816 ·

467 4871 709 4942 χαίροις,
758 4872 793 4943 ή
855 4870 1031 4936 ἄπαις
1060 4871 1151 4925 διά
1197 4873 1298 4941 τὴν
1330 4872 1618 4945 στείρωσιν
1665 4875 1759 4927 καὶ
1791 4874 1887 4927 τοῦ
1922 4874 2057 4929 Θεοῦ

465 4965 566 5035 τὴν
588 4964 822 5037 Μητέρα
859 4964 1248 5037 βλαστήσασα·
1271 4966 1511 5037 χαίροις,
1545 4969 1579 5036 ή
1624 4966 1966 5021 συλλαϐοῦσα
1999 4971 2058 5022 ἐν

466 5060 670 5131 γαστρὶ
694 5061 795 5131 τὴν
825 5059 1194 5131 συλλήψεσθαι
1222 5060 1527 5131 μέλλουσαν
1549 5062 1642 5114 τὸν
1676 5061 1978 5133 κατέχοντα
1998 5063 2061 5115 τὸ

468 5155 579 5207 πᾶν
610 5157 677 5225 τῇ
713 5154 876 5226 δρακί
901 5169 917 5185 ⁶
944 5157 1129 5226 χαῖρε,
1161 5155 1260 5224 τὴν
1280 5153 1377 5208 τοῦ
1410 5154 1647 5223 οὐρανοῦ
1671 5156 1765 5210 καὶ
1791 5156 1895 5226 γῆς
1924 5155 2061 5209 πλα-

467 5246 705 5317 τυτέραν
742 5248 802 5300 ὲν
847 5246 1047 5317 γαστρί
1098 5264 1192 5301 σου
1255 5250 1593 5319 χωρήσασαο
1642 5251 1819 5319 χαῖρε,
1868 5248 2059 5303 πασῶν

469 5338 954 5412 ὐπερανεστηκυῖα
1000 5338 1279 5411 μητέρων,
1309 5339 1443 5412 ἀτερ
1470 5342 1571 5413 τῆς
1602 5341 1702 5412 σῆς
1744 5339 2015 5411 θυγατρός
2039 5357 2055 5372 ο

471 5437 624 5507 παρά
650 5434 858 5506 ταύτης
891 5435 1001 5506 γάρ
1036 5434 1210 5506 μόνης
1249 5435 1321 5489 τά
1360 5433 1553 5504 πρῶτα
1595 5437 1786 5506 φέρειν
1816 5434 2060 5489 κεκώλυ-

473 5545 598 5582 σαι·
642 5531 819 5601 χαῖρε,
843 5527 944 5599 τὴν
966 5528 1138 5592 ὅντως
1169 5526 1347 5599 χαρὰν
1374 5525 1455 5596 τῷ
1480 5528 1739 5597 ἡμετέρῳ
1768 5528 1915 5597 γένει
1935 5545 2060 5597 γεν-

473 5625 721 5695 νήσασα·
760 5623 993 5695 χαίροις,
1017 5624 1050 5694 ὴ
1074 5625 1131 5676 ὲν
1165 5623 1316 5693 νόμῳ
1347 5621 1531 5686 καλῶς
1560 5622 1639 5693 τῷ
1673 5621 1794 5691 Θεῷ
1827 5622 2062 5695 λειτουρ-

2170 4702 2398 4772 gratiam
2444 4701 2685 4771 :gaude,
2722 4714 2757 4753 o
2794 4697 3015 4758 sterilis,
3053 4708 3173 4765 qua
3215 4692 3534 4772 universum
3586 4704 3760 4758 genus

2168 4794 2497 4848 fecunditate
2553 4790 2708 4859 longe
2760 4788 2961 4842 vicisti.
3002 4768 3231 4849 Gaude,
3276 4781 3426 4836 arida
3460 4779 3645 4843 tellus,
3702 4788 3759 4831 at

2166 4902 2286 4956 quae
2322 4887 2495 4955 ipsum
2539 4884 2632 4937 Dei
2686 4881 2998 4952 paradisum
3051 4876 3312 4948 irrigasti.
3358 4872 3565 4935 Gaude,
3612 4887 3756 4940 quae.

2167 4981 2400 5034 filiorum
2432 4991 2626 5047 expers
2678 4977 2748 5029 ob
2794 4974 3135 5029 sterilitatem
3194 4986 3316 5023 cum
3380 4982 3555 5031 esses,
3614 4978 3759 5018 nunc

2169 5067 2403 5136 tandema
2426 5066 2521 5120 Dei
2553 5074 2781 5118 matrem
2812 5060 3227 5133 progerminasti
3247 5101 3261 5115 .
3286 5059 3495 5121 Gaude,
3541 5072 3663 5125 quae
3701 5055 3755 5109 in

2166 5166 2324 5211 utero
2364 5170 2484 5211 eam
2525 5155 2843 5223 concepisti,
2878 5167 2998 5221 quae
3045 5151 3147 5205 hoc
3204 5149 3516 5203 universum
3557 5143 3757 5214 pugillo

2166 5250 2537 5304 continentem
2581 5258 2914 5315 conceptum
2952 5257 3091 5300 erat.
3132 5241 3342 5305 Gaude,
3381 5254 3503 5309 qua:
3538 5236 3753 5308 (tiliam)

2165 5344 2307 5399 caelo
2336 5359 2401 5399 ac
2466 5350 2611 5398 terra
2670 5339 2990 5411 ampliorem
3045 5345 3201 5391 utero
3268 5345 3359 5389 tuo
3410 5330 3753 5388 continuisti.

2167 5433 2376 5501 Gaude,
2411 5450 2534 5505 qua:
2569 5433 2837 5489 matribus
2869 5430 3124 5486 omnibus
3155 5425 3529 5497 superemines
3561 5432 3758 5493 praeter

2166 5527 2331 5582 filiam
2376 5540 2557 5589 tuam;
2592 5528 2707 5582 hate
2740 5527 2885 5581 enim
2930 5540 3033 5576 una
3081 5521 3349 5591 prohibet,
3411 5532 3479 5572 ne
3532 5531 3757 5586 prorsus

2169 5622 2311 5678 inter
2358 5637 2549 5679 omnes
2602 5621 2900 5693 principem
2935 5618 3107 5670 locum
3141 5624 3344 5667 teneas.
3389 5610 3598 5674 Gaude,
3635 5625 3756 5679 qua:

546 5761 594 5793 ’ί
633 5761 739 5815 lsa.
776 5777 875 5826 vtt,
924 5761 1011 5815 M.
1088 5761 1132 5792 ²¹
1174 5759 1277 5813 lsa.
1307 5775 1423 5826 xu,
1474 5759 1523 5811 l.
1561 5757 1805 5825 Deiparaa
1853 5760 2156 5829 symbolum
2222 5762 2325 5819 SS.
2362 5763 2557 5823 Patres
2608 5761 2861 5816 viderunt
2894 5759 2946 5812 itt
2976 5754 3258 5829 nuheiilla‘,
3294 5753 3360 5829 de
3388 5768 3490 5821 qua
3537 5749 3749 5829 lsa_ias_:

480 5830 613 5885 Ecce
652 5832 906 5886 Dominus
939 5834 1178 5886 ascendet
1233 5847 1392 5898 super
1431 5832 1614 5882 nubem
1649 5829 1839 5894 levent,
1876 5839 1924 5883 et
1962 5832 2291 5899 ingredietur
2316 5834 2632 5904 {Egyptunn

480 5904 523 5937 ι³
560 5897 699 5953 Dan.
728 5918 790 5953 tt.
816 5903 906 5953 54.
986 5906 1031 5935 ιδ
1064 5900 1206 5953 l’sal.
1241 5916 1406 5953 vatt.
1446 5900 1501 5953 7.
1584 5900 1628 5931 ³⁷
1670 5899 1805 5953 Gen.
1842 5917 2033 5953 xxvttt.
2067 5905 2154 5953 l2.
2295 5908 2338 5938 ³⁸
2373 5905 2502 5953 Luc-
2534 5920 2621 5953 xv.

1717 5916 1805 5954 eu.
1842 5917 2033 5967 xxvttt,
2067 5905 2154 5959 12.

475 5904 523 5937 ⁸³
560 5897 699 5959 Dan.
728 5918 790 5970 tt,
816 5903 906 5959 54.
986 5906 1031 5935 ³⁸
1064 5900 1206 5957 l’sal.
1241 5916 1406 5968 vatt,
1446 5900 1501 5954 7.

2709 5832 2838 5885 "Is.
2874 5845 2952 5894 ιιι,
2996 5828 3042 5881 l.
3122 5826 3169 5857 “
3209 5825 3403 5878 lizcch.
3438 5838 3581 5889 XLlV,
3615 5821 3663 5890 ι,
3694 5823 3748 5881 2.

2295 5908 2338 5938 ³⁸
2371 5902 2503 5961 Lac.
2534 5920 2622 5974 xv,
2658 5902 2740 5958 10.
