4146 6446
510 401 648 470 1363

1636 423 1865 484 PETRI
1900 422 2277 484 ARGORUM
2316 420 2659 513 EPLSCOPI
2696 410 2699 411 ν

3630 413 3765 483 1364

509 514 695 585 generi
722 522 909 572 nostro
950 532 1139 573 verum
1170 516 1398 590 genuisti
1448 519 1722 590 gaudium.
1760 521 1939 588 Salve,
1970 537 2089 593 qua:

2192 525 2432 594 γήσασα,
2464 524 2560 576 καὶ
2601 524 2703 593 τὴν
2741 522 2903 594 χάριν
2940 525 3016 587 ὡς
3043 522 3203 595 χάρις
3241 523 3762 593 ἀντιπαρεισάξασα.

508 608 564 661 in
600 606 718 675 lege
737 608 841 665 rite
880 609 990 665 Deo
1025 611 1322 676 servivisti,
1375 621 1428 665 et
1468 612 1580 681 ipsa
1617 613 1692 666 uti
1721 627 1750 665 a
1777 614 1947 683 gratia
1990 628 2092 668 no~

506 713 631 755 men
662 699 894 766 habens,
929 702 1007 757 sic
1038 703 1277 758 vicissim
1322 703 1553 773 gratiam
1605 704 1762 760 nobis
1804 705 2089 762 induxisti.

508 796 692 861 Salve,
727 811 763 852 ο
792 794 964 850 Mater
1001 794 1192 849 Matris
1245 794 1480 862 Domini,
1519 805 1572 852 et
1595 796 1800 852 Christi
1843 798 1986 865 avia,
2036 808 2093 855 et

507 888 751 943 omnium
800 896 1035 941 matrum
1104 898 1508 942 ornamentum.
1563 886 1747 954 Salve,
1776 904 1897 958 qua:
1933 904 2091 945 sene-

510 979 677 1034 ctutis
710 979 922 1049 pondus
959 986 1011 1032 et
1059 978 1363 1035 sterilitatis
1404 994 1695 1035 maerorem
1728 981 1948 1047 exuisti,
1991 996 2090 1036 no-

507 1084 740 1139 vamque
773 1069 966 1124 stolam
997 1068 1255 1126 divinitus
1292 1079 1602 1126 contextam
1646 1086 1744 1141 per
1785 1081 1936 1128 tuum
1967 1086 2094 1143 par-

511 1172 624 1215 tum
646 1159 891 1217 induisti.

580 1252 724 1307 XIV.
753 1249 833 1305 Tu
858 1265 1075 1320 quoque
1097 1251 1267 1319 salve,
1302 1266 1336 1308 o
1362 1251 1632 1321 Joachim,
1672 1253 1948 1325 justorum
1974 1268 2094 1310 om-

510 1344 661 1399 nium
690 1342 962 1414 gloriatio,
989 1351 1043 1398 et
1064 1352 1276 1411 patrum
1316 1344 1589 1414 singulare
1617 1345 1807 1401 decus.
1838 1345 2018 1409 Salve,
2058 1359 2092 1400 o

510 1435 735 1492 Genitor
760 1435 1055 1493 Genitricis
1086 1435 1203 1500 Dei,
1234 1445 1288 1490 et
1324 1435 1417 1490 Dei
1459 1436 1631 1505 ipsius
1653 1452 1785 1492 avus
1816 1436 2092 1507 augustis-

508 1529 700 1585 simus.
726 1530 908 1598 Salve,
937 1530 1032 1600 qui
1064 1531 1259 1601 dignus
1291 1528 1517 1585 effectus
1552 1544 1635 1594 es,
1678 1539 1737 1583 ut
1785 1544 1905 1584 eam
1951 1529 2094 1586 ulnis

510 1621 619 1677 tuis
642 1621 1103 1692 complectereris,
1127 1638 1248 1692 quze
1272 1621 1898 1691 incomprehensibilem,
1926 1621 2090 1677 Deum

509 1713 712 1783 quippe
740 1752 756 1779 ,
796 1713 941 1768 ulnis
996 1714 1111 1768 suis
1149 1714 1583 1783 comprehendit.
1624 1710 1808 1775 Salve,
1847 1713 1939 1782 qui
1991 1729 2089 1783 per

512 1802 677 1857 tiliam
716 1812 861 1858 tuam
895 1806 961 1859 ad
989 1804 1248 1874 aequalem
1282 1819 1403 1859 cum
1433 1804 1639 1874 angelis
1679 1804 1937 1860 honorem
1965 1820 2088 1861 eve-

508 1902 729 1949 ctuses.
756 1893 941 1960 Salve,
972 1898 1063 1966 qui
1092 1906 1272 1965 patres
1297 1910 1492 1951 omnes
1531 1905 1775 1953 terrenos
1791 1898 2088 1953 antecellis.

511 1985 698 2050 Salve,
731 1986 823 2055 qui
872 1987 1146 2041 diuturnis
1206 1986 1273 2041 ad
1326 1985 1495 2041 Deum
1551 1987 1802 2054 precibus
1850 1988 2091 2043 sobolem

510 2086 838 2132 consecutus
883 2091 963 2143 es,
995 2092 1116 2147 qua:
1152 2092 1261 2131 uno
1311 2088 1539 2146 excepto
1569 2077 1691 2148 ejus
1722 2077 1858 2133 Filio
1888 2094 1954 2134 ac
1983 2080 2092 2134 Deo

507 2168 749 2222 sobolem
787 2182 1075 2223 onmem...
1107 2169 1543 2238 superexcelluit.
1576 2169 1759 2235 Salve,
1799 2172 1891 2240 qui
1925 2180 1979 2225 et
2003 2185 2092 2225 se-

507 2258 746 2312 cundum
780 2258 952 2328 legem
995 2257 1356 2328 justissimus,
1385 2267 1436 2312 et
1467 2274 1565 2327 per
1597 2259 1829 2329 gratiam
1854 2298 1870 2324 ,
1906 2270 2094 2329 utpote

506 2349 667 2418 hujus
694 2349 963 2418 primitias
993 2360 1317 2406 consecutus
1339 2363 1437 2419 per
1461 2348 1629 2405 tiliam
1655 2360 1823 2418 tuam,
1859 2353 2091 2407 sanctis—

505 2441 677 2495 simus
701 2440 867 2495 fuisti.

581 2530 688 2586 Vos
720 2547 917 2601 magno
943 2532 1221 2587 Abraham
1249 2543 1305 2588 et
1335 2532 1470 2587 Sara
1504 2542 1656 2590 tanto
1686 2536 2093 2605 praestantiores

510 2624 562 2677 in
598 2624 911 2694 generando
966 2625 1167 2691 fuistis,
1208 2635 1414 2696 quanto
1465 2639 1686 2696 germen
1723 2638 1958 2681 vestrum
1982 2641 2093 2695 pra:

505 2716 687 2770 lsaaco
739 2715 1226 2785 prmcellentiorem
1294 2718 1560 2773 honorem
1612 2716 1935 2787 promeruit.
1983 2716 2094 2773 Vos

503 2808 751 2863 Rebecca
775 2808 1001 2876 ejusque
1041 2807 1277 2879 conjuge
1322 2810 1520 2864 nedum
1574 2808 1741 2880 prolis
1774 2810 2089 2880 praestantia

502 2899 597 2952 sed
623 2909 678 2953 et
700 2899 912 2953 caeteris
940 2898 1196 2953 omnibus
1233 2899 1739 2968 incomparabiliter
1767 2900 2095 2954 eminentio-

507 3006 634 3055 res;
662 2991 1025 3061 nequeenim,
1060 3001 1116 3044 ut
1156 2990 1313 3045 modo
1346 2990 1495 3045 illum
1519 2990 1707 3063 (Esau)
1746 2991 2093 3060 improbitate

501 3082 776 3137 famosum
826 3090 1149 3152 praeteream
1190 3081 1433 3145 silentio,
1470 3097 1594 3138 cum
1652 3082 1746 3138 Dei
1793 3082 1966 3139 Matre
1992 3098 2086 3137 eo-

502 3188 628 3228 rum
654 3173 799 3226 ﬁlius
834 3170 1047 3243 (Jacob)
1084 3174 1137 3227 in
1168 3172 1635 3244 comparationem
1669 3174 1857 3229 venire
1886 3184 2083 3243 potest.

507 3263 614 3319 Vos
634 3273 689 3319 et
716 3263 979 3319 Jacobqu
1005 3262 1175 3318 multa
1206 3265 1393 3319 sobole
1420 3280 1487 3319 ex
1520 3263 1616 3319 Lia
1636 3274 1692 3318 et
1718 3263 1955 3319 Racliele
1987 3281 2087 3318 au-

502 3365 673 3421 ctum,
712 3364 979 3425 quantum
1035 3369 1138 3409 nec
1188 3354 1288 3409 fari
1341 3356 1493 3422 licet,
1532 3356 1871 3412 excessistis.
1907 3355 2090 3426 Longe

501 3446 853 3502 sublimiores
884 3446 1064 3501 fuistis
1109 3445 1415 3525 Phenenna
1439 3454 1496 3502 et
1538 3447 1760 3514 Elcana,
1795 3462 1858 3501 ac
1896 3449 2092 3503 vestris

504 3538 639 3605 ipsis
663 3538 910 3609 cognatis
934 3537 1199 3591 Zacharia
1230 3548 1289 3592 et
1326 3538 1609 3593 Elisabeth
1634 3577 1650 3602 ,
1682 3547 1869 3606 utpote
1896 3541 1987 3608 qui
2035 3539 2091 3593 in

509 3627 683 3682 lucem
718 3629 1022 3697 protulistis
1048 3642 1192 3694 eam,
1232 3643 1352 3701 qua:
1386 3626 1674 3682 Dominum
1716 3629 2090 3684 universorum

507 3720 737 3790 peperit.

572 3808 690 3863 XV.
719 3810 791 3868 At
816 3823 954 3875 vos,
983 3822 1017 3865 ο
1058 3809 1153 3865 Dei
1198 3807 1499 3865 Genitricis
1563 3818 1817 3880 parentes
1887 3810 2091 3880 Deique

502 3899 885 3972 progenitores
911 3902 1273 3969 sanctissimi,
1300 3916 1333 3957 o
1362 3900 1738 3957 dulcissimum
1764 3912 1974 3957 natura:
1995 3917 2093 3958 no-

505 4004 635 4047 stra:
664 3994 939 4060 solatium,
979 4008 1013 4049 o
1057 3992 1193 4065 legis
1234 4004 1291 4049 et
1315 3994 1503 4065 gratia:
1536 3993 1797 4065 primitiae
1825 3995 2090 4051 sacratis-

500 4087 657 4141 simae
683 4095 740 4142 et
779 4095 1044 4156 augustae,
1073 4087 1230 4141 nobis
1266 4088 1519 4144 omnibus
1562 4088 1847 4158 pacificum
1904 4102 2087 4142 rerum

499 4186 706 4233 statum
753 4177 1026 4249 largimini
1052 4179 1065 4232 ἓ
1096 4177 1330 4234 Frenum
1365 4180 1613 4251 gentium
1668 4178 1886 4235 ferocia;
1917 4180 2091 4247 impo-

498 4272 652 4338 nite;
703 4285 1003 4342 earumque
1037 4280 1278 4327 erectam
1326 4272 1380 4327 in
1422 4270 1590 4338 altum
1630 4272 1900 4326 cervicem
1935 4270 2091 4325 incli-

501 4370 659 4424 nate;
696 4362 897 4417 elatum
932 4376 1121 4417 earum
1151 4363 1439 4432 deprimite
1479 4362 1836 4440 supercilium
1857 4401 1872 4428 ,
1900 4376 2091 4430 quem-

2193 615 2443 685 Χαίροις,
2476 614 2677 684 Μήτηρ
2700 613 2802 683 τῆς
2821 612 2916 667 τοῦ
2948 616 3218 668 Δεσπότου
3247 615 3489 685 Μητρὸς,
3517 617 3609 668 καὶ
3632 634 3769 686 προ-

2194 704 2389 774 μήτωρ
2428 701 2689 772 Χριστοῦ,
2733 704 2828 757 καὶ
2864 704 3120 775 μητέρων
3151 705 3408 759 ἁπάντων
3436 704 3497 757 τὺ
3519 706 3775 775 σεμνολό-

2191 811 2385 864 γημα’
2446 793 2683 865 χαίροις,
2727 795 2762 865 ἡ
2808 794 2870 848 τὸ
2910 796 3088 865 γῆρας
3144 795 3243 849 καὶ
3288 795 3388 863 τῆς
3432 794 3773 863 στειρώσεως

2190 882 2357 953 ἄχθος
2381 882 2697 955 ἀποθεμένη
2727 883 2806 953 τῷ
2833 884 2981 954 τόκῳ
3016 901 3133 949 σου,
3161 883 3260 937 καὶ
3282 884 3409 937 νέαν
3434 884 3773 956 ὲνδυσαμένη

2190 972 2279 1028 διὰ
2305 973 2401 1029 τοῦ
2434 975 2596 1029 τόκου
2623 990 2717 1029 σου
2754 975 2951 1047 στολὴν
2980 974 3335 1045 θεοΰφαντον.

2263 1258 2329 1312 ῙΔ
2351 1297 2365 1311 .
2397 1256 2626 1329 Χαίροις
2649 1256 2744 1311 καὶ
2765 1255 2929 1321 αὑτὸς
2959 1256 3241 1330 Ἰωακεὶμ,
3266 1257 3522 1313 ἀπάντων
3546 1258 3775 1313 δικαίων

2193 1349 2667 1420 ὲγκαλλώπισμα,
2717 1350 2815 1403 καὶ
2861 1352 3120 1420 πατέρων
3179 1350 3457 1421 ἐξαίρετον
3517 1350 3775 1419 σεμνολό-

2192 1457 2368 1511 γημα.
2402 1441 2650 1510 Χαίροις,
2681 1441 2710 1493 6
2741 1439 2930 1512 Πατὴρ
2959 1441 3062 1511 τῆς
3100 1441 3326 1512 Μητρὸς
3350 1439 3443 1493 τοῦ
3477 1440 3637 1505 Θεοῦ,
3682 1442 3778 1494 καὶ

2194 1533 2485 1604 προπάτορ
2527 1532 2719 1584 τούτου
2766 1531 3183 1601 σεδασμιώτατε
3207 1549 3220 1562 ·
3254 1533 3488 1603 χαίροις,
3535 1534 3564 1584 6
3604 1548 3775 1586 κατα-

2195 1623 2410 1690 ξιωθεὶς
2441 1622 2717 1692 κρατῆσαι
2748 1622 2893 1693 χειρὶ
2913 1622 3012 1693 τὴν
3036 1624 3392 1693 κρατήσασαν
3420 1623 3512 1676 τὸν
3539 1622 3616 1686 ὡς
3643 1622 3775 1676 Θεὸν

2199 1715 2457 1786 μηδαμοῦ
2487 1714 2769 1785 χωρητόνο
2800 1713 3034 1784 χαίροις,
3058 1714 3086 1766 6
3107 1714 3245 1785 πρὸς
3274 1717 3373 1783 τὴν
3395 1713 3504 1766 τῶν
3527 1713 3774 1782 ἀγγέλων

2195 1807 2489 1878 όμοτιμίαν
2520 1806 2913 1869 ἀναϐιδασθεὶς
2941 1805 3028 1859 διὰ
3058 1806 3159 1875 τῆς
3191 1808 3290 1876 σῆς
3323 1806 3774 1877 θυγατρόςΐχαί-

2197 1918 2334 1971 ροις,
2385 1901 2415 1953 6
2458 1900 2674 1964 πάντας
2720 1900 3156 1972 ὑπερακοντίσας
3208 1902 3459 1972 πατέρας
3508 1902 3637 1966 τοὺς
3687 1902 3777 1954 ἐπὶ

2192 1994 2334 2065 γῆς·
2372 1993 2607 2065 χαίροις,
2642 1994 2671 2047 ό
2716 1994 2806 2047 διὰ
2848 1993 2951 2064 τῆς
3000 1994 3244 2064 ὲμμόνου
3284 1994 3596 2064 προσευχῆς
3641 1994 3776 2064 πρὸς

2195 2086 2329 2141 Θεὸν
2356 2087 2635 2157 θυγατέρα
2659 2086 2853 2140 πασῶν
2883 2085 2944 2151 ἐξ
2970 2085 3137 2140 αὑτοῦ
3171 2086 3267 2140 καὶ
3295 2086 3410 2158 Υἱῴ
3438 2087 3775 2157 ὑπεραίρου-

2196 2196 2297 2233 σαν
2323 2178 2773 2250 κληρωσάμενος,
2799 2178 2943 2247 πλὴν
2966 2177 3062 2232 καὶ
3091 2178 3253 2249 μόνου
3282 2178 3379 2231 τοῦ
3401 2177 3611 2249 ταύτης
3643 2177 3773 2231 Υἰοῦ

2195 2270 2291 2324 καὶ
2317 2269 2454 2323 Θεοῦ
2477 2288 2491 2301 ο
2520 2270 2759 2341 χαίροις,
2788 2272 2816 2323 6
2843 2270 2903 2323 ὲν
2932 2270 3083 2341 νόμῳ
3110 2270 3469 2333 δικαιότατος,
3502 2272 3598 2323 καὶ
3629 2271 3688 2325 ὲν
3708 2273 3771 2341 τῇ

2193 2361 2402 2431 χάριτι,
2433 2360 2509 2423 ὡς
2538 2361 2632 2415 καὶ
2658 2360 2758 2425 τὰς
2785 2360 2991 2430 ταύτης
3021 2362 3195 2432 ἀρχὰς
3227 2360 3317 2416 διά
3336 2362 3436 2433 τῆς
3479 2362 3580 2434 σῆς
3608 2362 3774 2432 θυγα-

2192 2452 2324 2523 τρὸς
2351 2451 2794 2523 παρασχόμενος,
2832 2450 3161 2521 ἀγιώτατος.

2278 2544 2473 2615 Ὑμεῖς
2504 2544 2600 2598 τοῦ
2653 2545 2894 2617 μεγάλου
2933 2544 3189 2616 Ἀϐραὰμ
3234 2550 3328 2599 καὶ
3374 2546 3596 2617 Σᾶῥρας
3638 2546 3773 2600 κατὰ

2191 2636 2295 2707 τὴν
2332 2637 2593 2705 γέννησιν
2625 2637 2957 2708 κρείττονες.
2991 2637 3115 2690 ὅσον
3144 2637 3205 2689 τὸ
3242 2638 3507 2707 ὑμέτερον
3529 2638 3773 2708 γέννημα

2192 2728 2289 2783 τοῦ
2329 2728 2518 2782 Ἰσαὰκ
2538 2727 2866 2801 τιμιώτερον
2885 2745 2899 2759 ·
2930 2729 3092 2799 ὑμεῖς
3122 2728 3417 2791 Ῥεόέκκας
3450 2728 3548 2781 καὶ
3572 2730 3773 2799 ταύτης

2195 2820 2455 2874 συνεύνου
2492 2820 2632 2874 κατᾶ
2652 2820 2749 2892 τὴν
2776 2820 3054 2890 γέννησιν,
3086 2821 3181 2874 καὶ
3221 2821 3389 2875 τᾶλλα
3426 2820 3771 2890 ἀσυγκρίτως

2193 2911 2604 2983 ὑπερκείμενοι,
2633 2914 2716 2966 ὅτι
2743 2913 3102 2984 μηδὲηΜήτηρ
3125 2912 3259 2965 Θεοῦ
3286 2913 3422 2982 πρὸς
3442 2912 3535 2965 τὸν
3551 2912 3773 2965 ἐκείνων

2195 3003 2366 3056 παῖδα
2398 3002 2787 3073 συγκρίνεσθαι
2836 3003 3082 3071 πέφυκεν
3102 3019 3116 3032 ·
3144 3002 3205 3055 οὐ
3241 3002 3349 3074 γὰρ
3392 3004 3447 3055 ἐν
3476 3001 3657 3073 τούτῳ
3687 3002 3776 3055 τὸν

2193 3095 2290 3148 ἐπὶ
2336 3095 2509 3165 κακίᾳ
2558 3094 2928 3164 κατατάξαιμι
2974 3095 3341 3166 περιϐόητονο
3370 3096 3528 3165 ὑμεῖς
3578 3093 3773 3148 Ἰακὼῦ

2193 3189 2285 3242 τὸν
2318 3187 2628 3241 πολύπαιδα
2655 3188 2793 3257 μετὰ
2826 3188 2963 3251 Λίας
2997 3188 3092 3241 καὶ
3138 3187 3362 3258 Ῥαχὴλ,
3405 3189 3531 3241 ὅσον
3561 3188 3670 3240 οὐδ’
3704 3188 3777 3241 εί-

2194 3283 2317 3336 πεῖν
2354 3280 2523 3345 ἔστιν,
2553 3280 2935 3352 ὑπερηλάσατε
2954 3297 2968 3312 ο
2990 3281 3192 3353 ὑπέρτε
3204 3298 3286 3352 ροι
3317 3280 3621 3350 κατέστητε
3650 3281 3775 3349 σφό-

2191 3375 2296 3445 δρα
2323 3374 2596 3436 Φενάννας
2624 3373 2717 3426 καὶ
2760 3373 3016 3438 Ἐλκανᾶ,
3042 3374 3223 3427 αὑτῶν
3246 3375 3356 3427 τῶν
3392 3373 3545 3443 ὑμῶν
3572 3389 3772 3441 συγγε-

2191 3467 2301 3521 νῶν
2340 3466 2616 3538 Ζαχαρίου
2668 3466 2764 3520 καὶ
2801 3465 3106 3529 Ἐλισάὸετ,
3142 3467 3217 3530 ῶς
3249 3465 3347 3538 τὴν
3384 3467 3476 3520 τὸν
3518 3466 3774 3521 ἀπάντων

2194 3559 2477 3612 Δεσπὸττκν
2509 3560 2796 3611 τετοκυῖαν
2838 3559 3223 3630 γεννήσαντες.

2266 3824 2368 3879 ΙΕ¹.
2407 3822 2570 3887 ‘An’,
2594 3817 2639 3875 ὣ
2671 3821 2910 3891 πατέρες
2935 3822 3032 3892 τῆς
3063 3820 3327 3875 Θεοτοκου
3358 3821 3451 3876 καὶ
3480 3821 3615 3875 Θεοῦ
3647 3838 3772 3892 προ-

2193 3915 2435 3986 πάτορες
2459 3914 2774 3983 ἁγιώτατοι,
2805 3912 2850 3966 ὢ
2877 3914 2975 3983 τῆς
3005 3912 3285 3983 ἡμετέρας
3314 3912 3529 3983 φύσεως
3563 3911 3627 3965 τὸ
3647 3911 3771 3980 γλυ-

2195 4007 2431 4063 κύτατον
2455 4006 2854 4076 παρηγόρημα,
2878 4004 2924 4057 ὣ
2949 4005 3116 4075 νόμου
3142 4004 3238 4058 καὶ
3262 4005 3484 4074 χάριτος
3504 4002 3772 4074 ίερὼτατα

2195 4097 2292 4152 καλ⁸
2327 4097 2600 4167 σεϐάσμια
2647 4097 2950 4168 ἀκροθίνια,
2988 4096 3207 4165 νέμοιτε
3248 4096 3413 4147 πᾶσιν
3461 4094 3594 4164 ἡμῖν
3626 4096 3771 4163 εἰρη-

2193 4188 2355 4245 ναίαν
2383 4189 2753 4242 κατάστασινί
2788 4186 3041 4241 Παύσατε
3071 4187 3133 4239 τὸ
3158 4188 3424 4258 φρύαγμα
3444 4185 3551 4239 τῶν
3580 4184 3770 4247 ἐθνῶν,

2192 4280 2289 4335 καὶ
2320 4280 2411 4334 τὸν
2438 4281 2518 4343 είς
2551 4279 2684 4349 ὕψος
2710 4278 2917 4333 τούτων
2944 4279 3234 4350 αἰρόμενον
3273 4277 3651 4331 καταϐάλλετε
3688 4275 3771 4328 τέ-

2190 4387 2374 4437 νοντα,
2418 4372 2515 4425 καὶ
2553 4371 2651 4442 τὴν
2689 4370 3011 4441 ἐπηρμένην
3057 4370 3237 4425 αὑτῶν
3274 4368 3446 4439 ὀφρὺν
3490 4367 3772 4422 κατασπά-

500 4468 608 4523 que
634 4464 823 4509 contra
846 4468 946 4510 nos
976 4464 1178 4509 acuunt
1205 4495 1222 4522 ,
1257 4454 1499 4525 gladium
1537 4455 1828 4510 retundite.
1881 4454 2085 4524 Depre-

2195 4479 2348 4530 σατε,
2390 4464 2489 4535 τὴν
2519 4462 2700 4517 αὐτῶν
2746 4463 2871 4517 καθ’
2910 4463 3071 4534 ἡμῶν
3109 4462 3457 4533 τεθηγμένην
3500 4461 3769 4531 μάχαιραν

499 4546 704 4601 camini
755 4545 1065 4613 Christum,
1146 4556 1208 4601 ut
1258 4547 1391 4602 levet
1452 4564 1641 4603 manus
1695 4548 1750 4602 in
1805 4547 2082 4617 superbiae

498 4654 682 4693 eorum
734 4637 806 4701 ‘9,
856 4653 1033 4709 neque
1083 4638 1398 4708 patiamini,
1469 4650 1530 4695 ut
1564 4639 1769 4695 nefaria
1799 4655 1988 4695 eorum
2024 4654 2090 4695 ac

499 4729 917 4799 sanguinolenta
998 4747 1159 4784 manu
1228 4741 1486 4801 tanquam
1556 4732 1738 4788 fenum
1794 4741 2087 4789 vastemur.

497 4822 690 4892 Neque
719 4821 891 4877 irruat
927 4822 1078 4879 rabie
1094 4821 1283 4879 furens
1307 4824 1601 4890 barbarus,
1619 4824 1857 4895 clypeos,
1882 4839 2090 4879 ensem-

496 4928 608 4984 que
632 4923 685 4968 et
721 4930 881 4970 arcus
927 4924 1094 4985 atque
1150 4916 1335 4971 hastas
1379 4926 1572 4972 contra
1620 4913 2083 4984 nos'intcndens;

498 5017 604 5058 nec
626 5002 768 5057 ultra
805 5004 1229 5075 supergaudeant
1261 5006 1410 5061 nobis
1435 5007 1640 5061 inimici
1682 5010 1849 5063 nostri
1892 5009 1959 5063 ‘°.
2005 5006 2086 5063 ln-

498 5095 755 5159 tuemini,
791 5111 956 5166 quam
990 5098 1212 5164 multos,
1241 5099 1752 5169 qualesquejaculis
1782 5101 1980 5156 misere
2009 5100 2084 5155 illi

499 5187 867 5244 confoderint.
911 5189 1237 5256 intuemini,
1290 5192 1563 5260 quomodo
1610 5193 2085 5249 innumerabilium

500 5280 767 5351 sanguine
837 5279 1029 5345 ell'uso.
1090 5282 1391 5353 insepultos
1446 5299 1540 5339 eos
1595 5286 1849 5357 pabulum
1898 5287 2088 5342 bestiis

466 5400 469 5403 ι
504 5386 664 5431 terrae
693 5383 749 5430 et
769 5376 893 5431 coeli
913 5375 1227 5431 volucribus
1260 5375 1598 5444 reliquerint,
1635 5392 1698 5432 ac
1720 5378 1844 5443 soli,
1876 5388 1929 5433 et
1961 5377 2091 5434 stel-

500 5465 591 5533 lis,
625 5474 683 5522 et
718 5465 910 5533 hiemi,
942 5474 996 5521 et
1042 5466 1218 5521 aestati
1261 5465 1613 5537 projecerint,
1648 5468 1844 5538 iisque,
1876 5469 1967 5537 qui
2005 5484 2089 5524 re-

502 5557 638 5626 liqui
675 5564 805 5613 sunt
835 5557 1107 5621 homines,
1145 5558 1408 5613 miserum
1442 5556 1743 5631 effusisque
1764 5560 2087 5630 plorandum

503 5649 762 5722 lacrymis
800 5651 1171 5722 spectaculum
1217 5651 1551 5731 paraverint.

572 5868 615 5899 '9
648 5864 796 5923 Psal.
837 5883 1027 5931 tum,
1068 5869 1121 5923 5.
1201 5867 1244 5902 ³ο
1285 5866 1430 5926 Psal.
1476 5885 1682 5939 xxxv",
1719 5872 1805 5925 l7.

2192 4557 2535 4628 ἀμϐλύνατε⁹
2586 4555 2829 4625 Ἐπᾶραι
2857 4554 3120 4625 Χριστὸν
3157 4557 3265 4621 τὰς
3295 4554 3498 4623 χεῖρας
3530 4553 3633 4608 ἐπὶ
3671 4553 3770 4619 τὰς

2188 4649 2608 4719 ὑπερηφανίας
2636 4648 2836 4702 αὐτῶν
2870 4648 3210 4711 ἱκετεύσατε,
3237 4647 3333 4700 καὶ
3363 4647 3438 4720 μὴ
3472 4645 3565 4698 ἐπὶ
3589 4646 3769 4699 πλεῖον

2187 4742 2389 4813 ἐάσητε
2439 4742 2589 4811 ἡμᾶς
2627 4740 2913 4810 ληῖζεσθαι
2962 4739 3219 4810 καθάπερ
3274 4738 3397 4793 τινὰ
3426 4738 3620 4808 χόρτον
3669 4736 3767 4789 ὑπὸ

2186 4837 2285 4905 τῆς
2315 4834 2532 4890 ἀνοσίου
2566 4832 2662 4889 καλ⁸
2688 4833 2979 4903 μιαιφόνου
3005 4832 3190 4886 αὐτῶν
3220 4831 3429 4902 χειρόςο
3461 4832 3536 4901 μὴ
3558 4828 3766 4882 λυσσῶν

2189 4912 2467 4999 βάρϐαρος
2506 4924 2711 4996 ἐπέλθῃ
2755 4924 2880 4977 καθ’
2915 4923 3074 4993 ἡμῶν
3115 4922 3486 4978 έπανατείνων
3538 4922 3769 4983 ἀσπίδας

2188 5019 2286 5075 καὶ
2323 5019 2602 5090 μάχαιραν
2646 5016 2746 5071 καὶ
2790 5015 2922 5080 τόξα
2978 5016 3074 5069 καὶ
3107 5016 3337 5086 δόρατα·
3388 5014 3498 5069 Καὶ
3540 5013 3626 5084 μὴ
3672 5011 3767 5065 ἐπὶ

2188 5112 2402 5169 πλεῖον
2416 5111 2562 5181 ἡμῖν
2578 5111 3018 5181 ἐπιχαρείησαν
3043 5113 3096 5164 οἱ
3124 5109 3323 5179 ἐχθροί
3349 5107 3537 5178 ἡμῶν.
3578 5107 3764 5177 Ὁρᾶτε

2188 5204 2348 5267 ὅσους
2386 5202 2481 5256 καὶ
2513 5201 2663 5266 οἴους
2709 5200 2961 5265 ἐλεεινῶς
3002 5200 3403 5270 κατηκόντισαν
3430 5215 3444 5229 ·
3494 5197 3655 5267 ὁρᾶτε
3692 5194 3763 5254 ὠς

2190 5291 2427 5365 ἀριθμοῦ
2458 5291 2787 5364 κρειττόνων
2816 5291 3110 5361 ἐκχέαντες
3158 5290 3389 5360 αἵματα,
3416 5289 3527 5350 τοῖς
3560 5284 3764 5356 θηρίοις

2190 5385 2291 5455 τῆς
2321 5385 2424 5455 γῆς
2458 5385 2554 5438 κα)⁵
2588 5386 2703 5447 τοῖς
2732 5384 3002 5446 πετεινοῖς
3027 5382 3121 5436 τοῦ
3155 5381 3383 5453 ούρανοῦ
3417 5379 3599 5449 θοίνην
3632 5374 3760 5430 ἀτά-

2190 5488 2326 5540 (ρους
2367 5471 2664 5526 κατέλιπον
2694 5471 2788 5526 καὶ
2822 5471 2958 5543 ἡλίῳ
3001 5471 3095 5525 καὶ
3136 5471 3380 5542 ἄστροις,
3410 5469 3504 5524 καὶ
3541 5465 3760 5539 χειμῶνι

2189 5563 2284 5617 καὶ
2311 5562 2483 5633 θέρει,
2520 5563 2617 5618 καὶ
2636 5564 2750 5628 τοῖς
2770 5563 3179 5633 ὑπολειφθεῖσιν
3202 5560 3509 5634 ἀνθρώποις
3537 5557 3759 5613 ἐλεεινὸν

2190 5655 2285 5710 καὶ
2316 5654 2527 5709 πολλῶν
2555 5654 2812 5728 δακρύων
2846 5656 2997 5724 ἄξιον
3028 5655 3378 5728 προσέθηκαν
3404 5655 3602 5725 θέαμα.
