4146 6470
411 456 552 525 1365

1297 459 1577 519 ORATIO
1618 460 2008 521 FUNEBRIS
2034 461 2117 522 IN
2158 462 2226 525 Β.
2275 464 2797 524 ATHANASIUM.

3524 465 3672 533 1366

507 569 657 625 ima
696 569 1038 642 διεγέρθητε,
1085 569 1381 636 σπεύσατε,
1416 573 1678 640 κινήσατε
1722 574 1860 644 πρὸς
1891 574 1991 645 τὴν

2168 574 2237 627 At
2276 575 2589 643 exsurgite,
2654 572 2911 628 festinate
2945 590 2958 627 :
3017 573 3181 629 ﬁliam
3211 585 3448 632 vestram
3480 593 3545 635 ac
3581 581 3674 635 Dei

409 661 711 733 πρεσϐείαν
739 661 838 731 τὴν
864 660 1017 731 ὑμῶν
1065 660 1363 733 θυγατέρα,
1409 663 1505 717 καὶ
1542 662 1776 734 Μητέρα
1816 663 1987 717 Θεοῦ·

409 756 470 808 οὐ
500 754 610 823 γὰρ
636 753 944 824 παρόψεται
990 753 1186 821 γονέας
1219 752 1681 818 καθικετεύοντας
1704 772 1718 787 ·
1763 755 1900 825 ὁμοῦ
1932 756 1992 809 δὲ

411 846 550 917 πρὸς
575 846 667 898 τὸν
689 844 894 914 ταύτης
920 845 1074 910 Υἱὸν,
1114 846 1207 899 καὶ
1238 845 1395 913 Θεὸν,
1441 846 1535 899 καὶ
1566 848 1854 917 ὑμέτερον,
1902 847 1995 901 τὸν

412 938 557 992 κατὰ
589 937 791 1008 σάρκα,
826 938 1118 1006 ἀπόγονον.
1152 939 1342 1010 Ἴσμεν
1365 939 1472 1010 γὰρ
1495 939 1572 1004 ὡς
1595 939 1846 1009 οὐδαμῶς
1875 941 1995 1010 Μη-

412 1028 540 1102 τρὸς
569 1029 665 1082 καὶ
688 1029 1051 1100 προπατόρων
1079 1029 1445 1101 ὲκκρούσηται
1480 1030 1666 1100 δέησιν
1684 1045 1698 1060 ·
1730 1029 1847 1084 ἀλλ’
1877 1031 1995 1083 εισ-

415 1118 712 1171 ακούσεται
755 1118 851 1173 καὶ
892 1117 1057 1172 σώσει
1104 1121 1254 1192 ἡμᾶς
1291 1122 1356 1173 ὲκ
1388 1122 1499 1174 τῶν
1550 1119 1994 1190 ἐπεμϐαινόντων

412 1209 546 1277 ἡμῖν
566 1209 778 1280 ὁρατῶν
804 1210 901 1265 καὶ
928 1210 1175 1283 ἀοράτων
1206 1212 1419 1283 πικρῶς
1448 1212 1729 1283 δυσμενῶν
1751 1229 1764 1243 ·
1802 1212 1897 1266 καὶ
1937 1212 1999 1265 τὸ

413 1298 598 1353 λοιπὸν
644 1303 742 1372 τῆς
766 1303 1044 1375 ἡμετέρας
1085 1304 1251 1375 ζωῆς,
1285 1306 1549 1368 εὐσταθὲς
1592 1305 1688 1359 καὶ
1721 1304 1997 1377 εἰρηνικὸν

413 1390 509 1444 καὶ
541 1391 815 1463 ἀτάραχον
854 1395 1172 1468 διατηρήσει
1216 1397 1500 1467 λείψανον·
1524 1397 1609 1451 ὅτι
1650 1396 1787 1460 Θεὸς
1836 1395 2000 1459 αὐτὸς

416 1482 604 1547 ἐλέους
646 1486 742 1538 καὶ
780 1485 1199 1558 φιλανθρωπίας
1248 1490 1418 1553 ἐστὶν,
1462 1489 1557 1542 καὶ
1600 1488 1751 1557 αὐτῷ
1797 1488 1998 1559 πρέπει

414 1572 566 1625 πᾶσα
591 1573 741 1642 δόξα,
785 1575 919 1647 τιμὴ
962 1577 1060 1630 καλ⁶
1089 1577 1485 1648 προσκύνησις,
1524 1578 1622 1630 σὺν
1658 1576 1737 1648 τῷ
1774 1576 1998 1647 ἀνάρχῳ

421 1662 589 1715 αὐτοῦ
616 1664 816 1736 Πατρὶ,
855 1667 952 1721 σὺν
980 1666 1059 1738 τῷ
1089 1669 1343 1740 παναγίῳ
1385 1669 1482 1723 καὶ
1520 1667 1713 1740 ἀγαθῷ
1742 1670 1835 1722 καὶ
1862 1669 1997 1732 (tuo.

420 1754 558 1824 ποιῷ
609 1756 775 1811 αὑτοῦ
829 1759 1132 1830 Πνεύματι,
1183 1761 1279 1816 νῦν
1330 1762 1422 1816 καὶ
1466 1753 1719 1827 ἀεὶ,’καὶ
1761 1762 1842 1825 εἰς
1871 1761 2000 1824 τοὺς

421 1845 624 1910 αἰῶνας
644 1847 752 1903 τῶν
788 1849 1023 1907 αἰώνων.
1042 1852 1239 1923 Ἀμήν.

2095 661 2323 717 Matrem
2355 662 2423 716 ad
2454 662 2869 732 supplicandum
2903 677 3002 732 pro
3031 664 3188 719 nobis
3214 666 3448 722 excitate
3478 668 3680 737 (neque

2096 756 2243 811 enim
2285 756 2557 826 genitores
2597 755 2955 823 deprecantes
2996 754 3280 823 despiciet)
3314 772 3328 808 :
3369 766 3532 826 atque
3569 774 3677 813 una

2096 844 2458 918 (iutercedite)
2488 844 2627 915 apud
2652 843 2812 913 hujus
2831 842 3049 911 Filium,
3081 859 3147 899 ac
3174 846 3365 907 Deum.
3392 857 3681 903 vestrum-

2095 952 2202 1006 que
2227 936 2523 991 secundum
2563 951 2784 991 carnem
2834 943 3106 1004 nepotem.
3144 935 3261 992 Non
3301 938 3484 1005 enim,
3527 949 3696 1005 certo,

2096 1028 2151 1084 id
2181 1029 2406 1092 scimus,
2444 1026 2652 1094 Matris,
2687 1041 3024 1097 avorumque
3066 1041 3257 1096 preces
3300 1030 3543 1098 repellet,
3582 1032 3679 1086 sed

2097 1120 2392 1184 exaudiet,
2429 1133 2635 1189 nosque
2690 1119 2933 1174 tuebitur
2974 1120 3046 1174 ab
3092 1121 3338 1176 hostibus
3375 1122 3679 1182 visibilibus

2099 1219 2266 1279 atque
2296 1209 2693 1276 invisibilibus,
2728 1210 2820 1279 qui
2867 1211 3078 1266 nefario
3117 1213 3243 1266 odio
3287 1213 3494 1269 incensi
3526 1230 3681 1269 acer-

2098 1301 2325 1355 bissime
2364 1299 2520 1356 nobis
2545 1301 2842 1370 insultant;
2870 1304 3120 1372 quodque
3145 1304 3197 1357 in
3240 1312 3520 1372 posterum
3549 1306 3681 1361 reli-

2098 1407 2262 1462 quum
2298 1400 2383 1446 est
2422 1393 2546 1447 vitae
2585 1402 2808 1459 nostrae,
2867 1394 3167 1461 incolume,
3212 1395 3532 1466 paciﬁcum,
3565 1407 3618 1453 ct
3649 1413 3678 1452 a

2099 1481 2530 1551 perturbationis
2573 1496 2801 1536 vacuum
2844 1484 3211 1538 conservabit.
3252 1484 3518 1552 Quoniam
3563 1487 3680 1558 ipse

2099 1574 2488 1629 misericordiae
2508 1584 2563 1629 et
2582 1575 2936 1645 benignitatis
2965 1577 3104 1631 Deus
3117 1585 3219 1641 est,
3246 1586 3299 1632 et
3323 1578 3497 1647 ipsum
3525 1580 3681 1634 decet

2100 1664 2275 1734 gloria
2302 1665 2502 1731 omnis,
2536 1666 2707 1721 honor
2729 1674 2783 1720 et
2808 1666 3075 1734 adoratio,
3104 1682 3227 1722 cum
3259 1678 3530 1725 coaeterno
3558 1673 3676 1739 ejus

2105 1755 2264 1809 Patre
2287 1794 2303 1821 ,
2330 1766 2387 1811 et
2423 1771 2545 1812 cum
2590 1757 2937 1812 sanctissimo
2975 1766 3032 1813 et
3079 1759 3225 1814 bono
3260 1767 3316 1814 et
3370 1760 3681 1815 viviﬁcante

2104 1844 2220 1915 ejus
2249 1846 2483 1918 Spiritu,
2516 1863 2659 1904 nunc
2684 1861 2744 1906 et
2783 1863 3001 1919 semper
3022 1858 3078 1905 et
3111 1850 3166 1906 in
3209 1851 3404 1906 saecula
3453 1850 3683 1907 saeculo-

2104 1954 2246 1993 rum.
2272 1940 2465 1994 Amen.

425 2144 3651 2184 Ἢ

1171 2361 1590 2425 MONITUM
1636 2362 1737 2425 IN
1787 2362 2306 2426 ORATIONEM
2365 2363 2930 2440 SEQUENTEM.

1273 2580 1537 2643 (BOLLAND.
1582 2583 1702 2629 Arta
1728 2581 2034 2639 Sanctorum,
2061 2578 2279 2629 Januarii
2316 2583 2440 2629 tom.
2469 2577 2533 2639 ll,
2571 2592 2621 2642 p.
2647 2576 2809 2638 1125.)

488 2794 767 2862 Methone,
790 2795 1092 2852 clarissima
1118 2795 1512 2853 Messeniorum
1567 2796 1625 2850 in
1663 2795 2044 2867 Peloponneso
2069 2796 2285 2862 civitas,
2316 2795 2588 2867 insignem
2612 2793 2901 2850 sanctitate
2945 2794 3259 2864 episcopum
3311 2794 3509 2850 saeculo
3527 2791 3688 2849 Chri-

416 2891 595 2946 stiano
652 2906 799 2945 nono
843 2890 1205 2948 Athanasium
1264 2892 1473 2947 habuit.
1523 2892 1575 2947 Is
1607 2892 1831 2948 Catanze
1880 2893 1937 2947 in
1992 2893 2177 2948 Sicilia
2226 2902 2410 2958 natus,
2458 2891 2636 2946 insula
2664 2906 2695 2945 a
2734 2889 3039 2954 Saracenis,
3067 2889 3330 2945 Michaele
3380 2889 3545 2944 Balbo
3584 2889 3693 2944 im-

419 2997 665 3057 perante,
705 2986 925 3042 circiter
970 3004 1174 3043 annum
1223 2988 1429 3045 Christi
1476 2989 1579 3045 827
1614 2998 1900 3059 occupata,
1939 2989 1994 3043 in
2024 2988 2460 3057 Peloponnesum
2507 3001 2632 3042 cum
2679 2984 2997 3056 parentibus
3059 2984 3376 3039 adolescens
3424 2982 3691 3054 profugit.

420 3076 499 3132 De
538 3093 603 3134 eo
630 3076 885 3133 Octavius
912 3077 1205 3149 Cajetanus
1237 3089 1424 3135 noster
1470 3081 1529 3136 in
1579 3082 1704 3136 Idea
1732 3082 1917 3151 operis
1971 3081 2039 3135 de
2080 3079 2180 3135 SS.
2214 3079 2411 3133 Siciliae
2466 3079 2536 3136 ’29
2568 3076 2697 3133 Julii
2750 3079 2825 3133 ita
2849 3077 3038 3135 scribit
3070 3093 3084 3131 :
3122 3075 3339 3131 Catane:
3389 3093 3695 3132 commemo-

419 3172 559 3225 ratio
609 3173 779 3225 sancti
842 3172 1117 3226 Athanasii
1156 3172 1492 3239 Catanensis,
1521 3173 1787 3227 Met/tones
1845 3172 2073 3241 episcopi
2126 3180 2174 3226 et
2214 3173 2546 3242 confessoris.
2598 3172 2917 3243 Cajetanum
2963 3170 3211 3240 sequitur
3250 3169 3550 3239 Ferrarius,
3590 3187 3697 3229 nec

420 3264 529 3319 alio
556 3264 645 3319 die
668 3265 786 3334 ejus
812 3266 1196 3321 meminerunt.
1217 3266 1317 3336 Agi
1350 3266 1571 3322 Catanae
1600 3267 1744 3322 illius
1797 3266 2037 3321 natalem
2073 3266 2248 3336 pridie
2309 3265 2535 3321 Kaiend.
2580 3264 2861 3320 Februarii
2895 3263 3217 3335 signiﬁcavit
3261 3262 3417 3319 nobis
3470 3261 3698 3319 Franci-

420 3371 551 3411 scus
606 3355 906 3412 Blanditius
964 3369 1180 3426 nosten;
1221 3359 1315 3429 qui
1344 3370 1400 3415 et
1436 3358 1585 3415 illius
1614 3358 1794 3415 Vitam
1839 3374 1868 3414 a
1900 3359 2060 3413 Petro
2091 3358 2272 3413 Siculo
2306 3358 2634 3429 Argivorum
2677 3357 2932 3428 episcopo
2961 3357 3239 3427 scriptam,
3270 3370 3300 3410 e
3334 3371 3467 3410 mss.
3490 3355 3700 3411 codici-

423 3452 526 3508 bus
572 3452 754 3523 magni
816 3453 1130 3509 monasterii
1190 3454 1372 3509 Sancti
1420 3452 1715 3508 Salvatoris
1769 3452 1979 3508 ordinis
2029 3450 2212 3505 Sancti
2265 3449 2445 3505 Basilii
2488 3450 2771 3516 Messanae,
2807 3449 2998 3504 Latine
3050 3465 3080 3504 a
3133 3463 3195 3505 se
3244 3464 3455 3505 versam
3489 3488 3506 3516 ,
3540 3448 3700 3503 nobis

425 3544 728 3599 transmisit
764 3562 778 3598 :
813 3546 1132 3616 monuitque
1172 3546 1320 3601 hunc
1384 3546 1532 3600 illum
1572 3546 1743 3602 videri
1789 3546 2009 3602 Petrum
2063 3545 2303 3601 Siculum
2357 3561 2498 3609 esse,
2539 3545 2630 3617 qui
2668 3561 2813 3600 anno
2843 3544 2879 3598 2
2932 3544 3111 3599 Basilii
3164 3543 3506 3612 Macedonis,
3538 3544 3699 3598 Chri-

426 3637 497 3693 sti
532 3636 655 3704 868,
696 3637 967 3695 Tibricam
1014 3640 1285 3696 Armeniae
1323 3641 1598 3697 civitatem
1651 3656 1752 3711 pro
1805 3641 2144 3711 captivorum
2174 3640 2577 3710 permutatione
2632 3639 2840 3709 legatus
2873 3677 2888 3703 ,
2923 3652 3225 3708 novemque
3273 3636 3433 3691 isthic
3478 3649 3698 3690 menses

427 3734 693 3792 moratus,
740 3729 960 3800 scripsit
1001 3731 1068 3786 de
1112 3730 1550 3796 Manichaeorum,
1582 3748 1719 3803 quos
1769 3731 1931 3787 isthic
1971 3732 2185 3798 didicit,
2217 3732 2492 3787 erroribus
2533 3729 2763 3796 librum,
2800 3729 2891 3800 qui
2944 3744 2975 3784 a
3036 3729 3288 3784 Matthaeo
3334 3726 3546 3783 Radere
3595 3740 3697 3780 no-

429 3830 544 3877 stro
587 3820 777 3877 Latine
827 3838 1015 3879 versus
1041 3862 1057 3888 ,
1117 3832 1291 3880 exstat
1335 3833 1371 3880 t.
1422 3823 1492 3878 1X
1538 3824 1868 3879 Bibliotheca:
1909 3823 2023 3878 PP.
2076 3823 2323 3880 Meminit
2356 3822 2521 3894 hujus
2558 3820 2705 3878 Petri
2735 3818 2999 3876 Baronius
3032 3821 3099 3877 ad
3149 3837 3240 3877 an.
3278 3820 3403 3889 8'70,
3427 3816 3696 3879 num.62.

431 3912 585 3969 Hanc
606 3913 782 3969 Vitam
813 3914 867 3969 in
892 3915 1090 3987 capita,
1123 3930 1274 3971 more
1355 3924 1564 3977 nostro,
1596 3915 1994 3970 distribuimus.

785 4101 3688 4134 Μ

450 4116 772 4136 -ιυ-ι-

1079 4273 1383 4354 PETRI
1460 4270 1836 4361 SICULI,
1911 4266 2405 4353 ARGOBUM
2484 4266 2985 4358 EPISCOPI,

831 4482 1116 4547 ORATIO
1170 4481 1555 4544 FUNEBRIS
1584 4482 1664 4544 IN
1722 4481 1782 4542 S.
1822 4478 2342 4552 ATHANASIUM,
2377 4474 2785 4537 METHONES
2828 4472 3293 4536 EPISCOPUM.

1364 4736 1661 4806 lnterprete
1693 4732 1982 4789 Francisco
2009 4728 2286 4784 Blanditio
2309 4725 2588 4784 Societatis
2621 4723 2771 4780 Jesu.

715 5185 843 5244 CAP.
874 5184 919 5242 Ι.
949 5215 1020 5228 -
1055 5183 1347 5240 Exordium
1375 5190 1424 5237 et
1442 5180 1760 5251 Propositio.
2052 5164 2095 5219 Β
2126 5178 2195 5233 ad
2228 5186 2513 5247 utramque
2551 5181 2762 5245 partem
2794 5172 3039 5228 habeant
3068 5178 3431 5235 momentum,
3459 5183 3705 5224 commu—

512 5281 565 5335 1.
593 5278 696 5346 Qui
733 5277 1076 5334 heroicarum
1116 5275 1381 5332 virtutum
1411 5272 1701 5343 splendore
1751 5273 1919 5328 vitam
1948 5272 2016 5327 il-

439 5372 743 5426 lustrarunt
770 5385 947 5435 suam,
981 5382 1209 5437 seseque
1230 5366 1298 5421 ab
1327 5366 1474 5420 omni
1498 5364 1807 5432 faeculenta,
1832 5365 2017 5420 humi-

441 5468 811 5533 que-repente
849 5460 1146 5517 vitiositate
1185 5464 1562 5521 secreverunt,
1625 5462 1789 5524 atque
1831 5455 1897 5509 ad
1936 5453 2019 5508 di-

446 5556 633 5611 vinum
656 5553 987 5623 ccelesteque
1023 5550 1155 5606 illud
1187 5549 1462 5620 fastigium
1494 5549 1857 5613 sustulerunt,
1882 5562 2019 5602 con-

441 5662 636 5719 gruum
675 5655 760 5701 est
800 5646 988 5700 beatos
1026 5643 1296 5714 judicare,
1346 5640 1679 5710 laudumque
1719 5639 2011 5710 praeconiis

442 5738 854 5803 commendare;
875 5737 915 5792 si
940 5734 1069 5806 quid
1095 5734 1243 5789 aliud
1271 5747 1457 5787 eorum
1491 5730 1765 5786 inferioris
1787 5731 2014 5797 ordinis,

446 5845 569 5902 qum
600 5829 756 5900 vulgo
784 5830 921 5885 bona
952 5826 1332 5885 existimantur
1363 5840 1518 5895 :qua:
1542 5839 1666 5879 cum
1691 5822 2009 5879 facillimum

2124 5280 2309 5326 tantur
2344 5268 2644 5325 secundum
2688 5266 2959 5322 utentium
3008 5262 3452 5335 propensionem,
3503 5275 3707 5331 eosque

2125 5363 2192 5418 ad
2243 5362 2326 5416 sui
2377 5360 2794 5415 delectationem
2837 5357 3149 5411 traducunt.
3187 5354 3278 5409 Sic
3331 5354 3477 5409 enim
3522 5353 3708 5408 incre-

2126 5462 2372 5509 mentum
2422 5453 2601 5521 capiet
2631 5450 2806 5505 virtus
2845 5464 3061 5511 eorum,
3104 5446 3196 5516 qui
3234 5461 3355 5501 eam
3399 5451 3705 5510 sectantur,

2128 5562 2267 5617 quos
2306 5545 2596 5600 admiratio
2630 5542 3025 5613 consequitur:
3056 5548 3220 5609 atque
3264 5539 3383 5609 ejus
3432 5537 3707 5592 luminum

2130 5640 2449 5710 splendores
2487 5635 2828 5691 disseminati
2875 5650 2974 5705 per
3016 5633 3328 5687 auditorum
3368 5643 3531 5683 aures
3581 5645 3709 5684 cum

2132 5730 2307 5786 fausta
2343 5727 2757 5792 acclamatione,
2804 5725 2872 5780 ad
2918 5722 3165 5780 eamdem
3209 5721 3468 5775 virtutem
3509 5733 3707 5789 capes-

2132 5822 2357 5879 sendam
2393 5820 2683 5893 diligentes
2729 5833 2791 5876 ac
2821 5816 3006 5888 vigiles
3056 5814 3267 5869 animos
3306 5810 3663 5871 exstimulant
3696 5827 3707 5862 :
