4146 6492
507 412 645 484 1367
1626 421 1850 482 PETRI
1891 423 1929 480 Λ
1939 421 2265 512 RGORUM
2303 420 2647 483 EPISCOPI
3685 405 3821 467 1353

502 526 694 584 vitium
739 534 922 583 autem
953 526 1241 595 exsulabit,
1287 536 1452 599 atque
1487 528 1716 584 omnino
1759 515 2081 600 deSpectum
2115 536 2158 592 Α
2186 529 2429 601 dilargiri
2460 517 2804 599 petentibus,
2833 521 3280 594 quandoquidem
3306 515 3572 573 vicissim
3593 528 3713 569 non
3744 514 3826 567 in-

503 618 632 672 odio
667 617 984 684 habebitur,
1017 619 1063 674 si
1095 634 1219 674 cum
1247 618 1452 674 virtute
1479 619 1832 682 conferatur;
1865 621 1932 676 de
1969 603 2108 676 loco.
2192 623 2437 693 gentium
2464 619 2789 690 dignitatum
2814 631 2880 671 ac
2924 629 3239 677 munerum,
3272 611 3365 666 sed
3395 613 3703 680 prompta:
3728 621 3823 660 vo-

503 711 694 774 etiam,
737 711 906 766 veluti
939 721 1226 766 nocturnae
1254 712 1494 766 tenebrae
1524 712 1737 768 diurnis
1787 713 2094 784 splendori-
2194 713 2423 768 luntatis
2461 709 2685 782 praemia
2712 723 2743 762 a
2770 705 3029 777 largitore
3075 704 3190 759 Deo
3220 702 3639 758 conferuntur.
3669 697 3828 763 Quo-

503 803 630 866 bus,
654 804 726 858 illi
751 804 1038 859 concedet.
1077 802 1316 873 Hujusce
1342 804 1417 857 rei
1455 805 1628 875 gratia
1653 803 1736 859 vei
1772 805 1888 875 ipse
1944 805 2098 859 Chri-
2206 806 2351 860 circa
2384 806 2504 875 ejus
2544 800 2793 874 potentia
2844 798 3048 865 fretus,
3104 797 3198 868 qui
3253 795 3320 850 ad
3380 794 3654 864 primum
3720 790 3833 846 oris

505 901 624 947 stus
657 892 919 949 Dominus
944 894 1198 949 humanae
1229 903 1509 965 reparator
1541 904 1774 961 naturze,
1807 912 1870 951 ac
1925 896 2096 950 soler—
2200 896 2412 951 hiatum
2457 892 2772 950 facundiam
2799 892 3203 956 subministrat,
3225 889 3295 945 ad
3326 888 3550 943 solidas
3592 884 3834 939 illustris

509 984 758 1039 tissimus
822 985 1135 1040 moderator
1183 1000 1278 1041 eos
1313 985 1462 1041 viros
1514 988 1600 1056 (ut
1658 987 1867 1056 liquido
1905 987 2099 1041 suadet
2199 986 2478 1055 divinique
2505 985 2610 1039 viri
2637 983 2849 1048 laudes,
2881 983 2974 1054 qui
3004 997 3092 1037 me
3125 981 3294 1036 etiam
3328 977 3569 1043 invitat,
3617 973 3835 1031 oratio.

508 1073 890 1148 Evangelium)
911 1077 964 1132 in
993 1079 1178 1133 album
1193 1077 1362 1134 refert
1380 1079 1695 1134 beatorum.
1725 1078 2097 1145 Quamobrem
2205 1095 2272 1133 ne
2300 1077 2748 1150 complectendas
2781 1091 2991 1132 morem
3019 1089 3217 1147 gerens
3242 1074 3481 1130 accessi.

509 1177 566 1222 et
596 1183 728 1234 eos,
767 1169 860 1239 qui
902 1168 1182 1225 Christum
1228 1171 1411 1241 ipsum
1462 1170 1666 1224 imitari
1714 1170 1958 1236 student,
2000 1185 2102 1240 pro

512 1260 654 1314 virili
691 1271 843 1330 parte
874 1262 1128 1317 laudibus
1167 1264 1424 1334 prosequi
1456 1263 1746 1325 debemus,
1796 1272 1986 1332 utpote
2018 1261 2102 1316 di-

511 1368 616 1423 gna
648 1354 767 1408 talis
801 1354 996 1425 capitis
1029 1355 1299 1421 membra,
1333 1355 1637 1427 dignasque
1667 1356 1758 1410 tali
1793 1364 2098 1427 prototypo

509 1443 812 1515 imagines,
855 1447 1122 1517 quasique
1169 1448 1558 1503 munusculum
1611 1449 1798 1504 animo
1853 1448 2106 1520 quamvis

513 1535 662 1606 inopi
697 1537 915 1605 offerre,
957 1549 1122 1610 atque
1175 1541 1482 1595 orationem
1518 1541 1721 1596 habere
1759 1541 2111 1597 commenda-

510 1627 708 1684 titiam.

2203 1208 2334 1264 Car.
2383 1206 2449 1262 Il.
2495 1235 2563 1246 —-
2595 1204 2780 1260 Sancti
2829 1203 3108 1258 Athanasii
3157 1210 3324 1267 ortus,
3377 1197 3681 1261 exsiliunt,
3724 1193 3834 1249 vita

2825 1295 3144 1350 monastica.

2278 1412 2334 1467 5.
2387 1408 2566 1464 Patria
2594 1405 2761 1476 igitur
2789 1404 2978 1474 hujus,
3023 1402 3122 1473 qui
3147 1416 3297 1457 nunc
3322 1399 3456 1455 mihi
3493 1393 3838 1454 laudandus

2210 1513 2314 1566 est,
2344 1501 2490 1558 beati
2529 1499 2706 1553 Patris
2736 1493 3043 1561 Athanasii,
3075 1493 3252 1564 prima
3281 1493 3510 1562 quidem
3551 1504 3629 1544 ac
3681 1502 3834 1552 vera,

2218 1596 2310 1652 illa
2341 1601 2429 1648 est
2469 1589 2732 1656 caelestis,
2777 1586 2870 1642 ubi
2894 1599 3001 1640 una
3027 1600 3153 1639 cum
3175 1583 3377 1638 sanctis
3397 1583 3468 1637 ab
3498 1579 3838 1636 aeternitate

2216 1688 2400 1744 fuerat
2445 1682 2779 1753 adscriptus,
2817 1687 2874 1734 et
2905 1693 2936 1733 a
2981 1676 3183 1732 teneris
3225 1673 3544 1746 unguiculis
3595 1671 3676 1726 ab
3727 1670 3838 1724 ele-

579 1761 634 1818 2·
684 1762 792 1818 Sed
834 1763 986 1821 hisce
1016 1780 1105 1821 me
1129 1764 1199 1821 de
1243 1764 1426 1822 ωυείε
1468 1766 1717 1822 (imitans
1767 1781 1987 1834 νθτθοτ,
2035 1781 2108 1823 ne
2214 1780 2397 1837 ctione
2435 1791 2548 1832 non
2595 1773 2846 1830 excidit:
2881 1771 3052 1826 altera
3085 1783 3216 1825 vero
3259 1767 3454 1838 patria,
3510 1770 3753 1819 tantum
3804 1775 3837 1814 a

509 1856 649 1911 mihi
692 1857 937 1912 audaciae
985 1858 1239 1914 inuratur
1272 1858 1611 1930 nota,jdum
1660 1857 1888 1914 laudare
1931 1859 2107 1930 gestio

2225 1873 2385 1943 prima
2413 1869 2640 1932 distans,
2674 1872 2940 1936 quantum
2974 1879 3006 1918 a
3057 1859 3306 1918 veritatis
3346 1859 3471 1913 luce
3530 1855 3730 1925 caligo
3758 1860 3837 1906 te-

509 1950 897 2016 Athanasium,
1060 1951 1444 2023 cognominem
1481 1950 1675 2006 habuit
1717 1950 2100 2006 immortalita-
2143 1944 2169 1947 *
2207 1963 2538 2028 “chr-arum,
2570 1971 2820 2028 vanaque
2859 1954 3153 2010 silnulacra
3178 1966 3382 2015 ferul“,
3424 1949 3657 2004 Camna
3709 1944 3833 2015 qui-

512 2050 680 2095 tatem
718 2043 816 2112 (l).
856 2043 1065 2098 Tamen
1107 2059 1233 2100 cum
1263 2053 1448 2100 tantus
1469 2060 1532 2100 ac
1570 2045 1695 2099 talis
1727 2046 1820 2110 sit,
1852 2045 2101 2116 ejusdem

2225 2057 2333 2114 lem
2364 2055 2498 2110 urbs
2553 2051 2814 2123 praeclara
2850 2049 2904 2103 in
2943 2047 3130 2102 Sicilia
3170 2044 3447 2101 excellens
3486 2042 3551 2095 in
3611 2037 3831 2110 primis.

511 2130 656 2186 bona
688 2142 890 2196 tacere,
932 2142 1097 2203 atque
1130 2135 1447 2200 utilitatem,
1481 2151 1604 2206 qua:
1643 2136 1712 2192 ab
1728 2151 1794 2192 eo
1814 2137 1932 2205 capi
1973 2152 2105 2206 pos-

513 2230 618 2284 set,
651 2221 1071 2294 haudquaquam
1105 2224 1262 2278 decet
1295 2226 1635 2294 compressis
1665 2226 1838 2282 labris
1863 2228 2106 2282 occulta-

514 2327 576 2367 re
609 2355 624 2378 ,
654 2329 725 2368 ne
755 2314 828 2368 illi
868 2315 1166 2385 persimilis
1205 2331 1523 2386 appaream,
1557 2318 1652 2386 qui
1679 2317 1954 2373 creditum
2001 2319 2105 2373 sibi

514 2405 782 2460 talentum
828 2422 924 2476 per
963 2423 1135 2462 vanos
1185 2409 1412 2464 timores
1447 2410 1684 2464 celatum
1749 2411 1920 2466 humo
1963 2411 2108 2466 male

515 2497 938 2553 commendavit.
983 2499 1161 2569 Atque
1191 2499 1330 2554 alius
1379 2500 1600 2570 quidem
1644 2501 1788 2556 inter
1841 2503 2108 2557 rhetores

519 2588 740 2645 dicendi
773 2591 1040 2646 industria
1081 2592 1374 2662 expolitus,
1400 2594 1490 2663 qui
1523 2593 1662 2648 nolit
1693 2608 1816 2649 sese
1843 2594 1984 2648 intra
2015 2609 2110 2648 en-

521 2681 827 2738 comiorum
873 2684 1012 2739 lines
1037 2685 1342 2749 continere,
1371 2700 1439 2739 ex
1480 2685 1630 2740 hisce
1669 2685 1944 2749 laudibus,
1973 2700 2110 2755 quas

515 2775 834 2845 subjiciam,
889 2776 1319 2850 famosissimum
1365 2779 1514 2834 hunc
1556 2778 1734 2833 virum
1756 2778 1976 2850 [poterit
2010 2793 2110 2849 pro

515 2869 785 2940 dignitate
812 2847 1114 2925 celebrare:
1139 2871 1321 2936 Quare
1343 2871 1411 2926 de
1441 2872 1562 2942 ejus
1588 2874 1709 2926 luce
1738 2847 1885 2937 vitae,
1923 2847 2111 2942 Splen-

515 2962 758 3033 doreque
789 2963 1072 3028 natalium,
1097 2962 1166 3017 de
1191 2963 1396 3034 optima
1415 2963 1660 3036 corporis
1689 2963 2109 3030 constitutione,

516 3056 586 3112 de
627 3057 816 3112 florida
857 3072 1105 3128 puraque
1145 3073 1462 3112 sermonum
1538 3057 1848 3122 suavitate,
1889 3066 1946 3113 et
2002 3072 2114 3129 prae

516 3149 797 3214 Omnibus,
835 3149 1167 3220 sapientium
1192 3166 1344 3205 more
1387 3150 1712 3206 brevitatem
1742 3150 2025 3216 affectans,
2045 3151 2115 3206 de

2210 2146 2450 2219 lgiturin
2470 2142 2726 2215 praesenti
2759 2141 2804 2196 si
2829 2139 3010 2196 omnia
3033 2137 3230 2193 eximia
3258 2136 3453 2191 vellem
3484 2144 3831 2194 recensere,

2211 2241 2396 2304 situm,
2428 2233 2915 2308 pulchritudinem,
2944 2228 3394 2300 magnitudinem,
3417 2225 3573 2280 aeris
3606 2232 3834 2289 tempe-

2217 2333 2352 2387 riem
2380 2371 2396 2396 ,
2441 2325 2862 2384 saluberrimam
2916 2337 3182 2392 aquarum
3229 2329 3517 2382 naturam,
3566 2315 3832 2385 ingentes

2211 2427 2478 2481 feracium
2507 2438 2570 2478 ac
2602 2420 2871 2476 sterilium
2917 2417 3176 2472 arborum
3235 2414 3421 2475 silvas,
3464 2411 3831 2478 frequentem

2211 2519 2460 2574 virorum
2515 2513 2806 2584 sapientia,
2843 2510 3149 2581 prudentia,
3198 2504 3548 2567 fortitudine,
3579 2497 3830 2570 ljustitia-

2216 2625 2324 2681 que
2359 2605 2655 2663 illustrium
2709 2602 3140 2664 multitudinem,
3191 2598 3260 2652 ab
3289 2597 3511 2664 incepto
3540 2593 3828 2681 intempe-

2217 2678 2359 2753 stive
2393 2695 2714 2768 digrederer
2749 2689 3254 2763 :quemadmodum
3301 2687 3461 2754 longe
3509 2678 3825 2738 celeberri-

2215 2805 2360 2844 mam
2393 2787 2673 2860 Virginem
2726 2784 2994 2857 Agatham
3026 2788 3317 2851 martyrem
3351 2776 3452 2848 (2),
3491 2792 3628 2846 qua:
3659 2788 3727 2828 ea
3771 2771 3824 2824 in

2216 2883 2351 2936 urbe
2393 2889 2448 2936 et
2487 2891 2612 2934 nata
2647 2887 2702 2933 ct
2733 2877 2982 2943 educata,
3007 2881 3064 2930 et
3092 2870 3428 2929 cruciatibus
3494 2867 3706 2922 arrecta
3739 2869 3824 2917 est

2219 2979 2440 3044 propter
2485 2970 2785 3030 Christum,
2817 2981 3046 3037 qumque
3075 2972 3137 3019 ut
3165 2970 3531 3018 sacrosanctae
3566 2957 3657 3013 sui
3699 2971 3822 3009 cor-

2217 3062 2367 3134 poris
2405 3059 2646 3130 reliquize
2686 3058 2886 3113 ibidem
2934 3055 3388 3126 conquiescerent
3463 3058 3692 3121 gratum
3733 3059 3822 3099 ac-

2220 3163 2548 3225 ceptumque
2578 3152 2772 3206 habuit
2810 3167 2823 3203 :
2849 3163 2988 3218 quas
3017 3145 3241 3217 quidem
3270 3143 3413 3216 ignei
3451 3149 3737 3197 torrentes
3756 3152 3822 3191 ex

517 3240 778 3310 gradibus
815 3241 1196 3312 dignitatum,
1240 3249 1295 3296 et
1342 3241 1430 3295 his
1481 3240 1753 3295 similibus
1811 3239 2114 3294 commodis

2225 3245 2740 3318 superimpendente
2767 3241 2933 3296 [Etna
2974 3240 3280 3297 deﬂuentes
3322 3245 3521 3309 printer
3568 3232 3816 3290 omnium

519 3334 873 3402 eloqueretur
911 3349 926 3388 :
966 3341 1028 3386 ut
1092 3331 1246 3387 hisce
1300 3333 1677 3396 enumeratis,
1744 3330 1899 3401 quasi
1961 3330 2118 3400 prius

519 3422 729 3494 sparsis
756 3421 1074 3493 hujusmodi
1103 3422 1548 3487 oblectamentis,
1590 3422 1694 3477 sibi
1726 3422 1869 3492 apud
1901 3421 2118 3476 audito-

522 3532 613 3572 res
642 3517 1082 3572 benevolentiam
1118 3515 1393 3572 conciliet.
1422 3514 1590 3571 Nobis
1617 3529 1772 3581 vero,
1804 3515 1921 3585 qui,
1965 3513 2112 3568 sicut

521 3609 785 3680 pleraque
807 3608 911 3663 alia
942 3609 1068 3664 vitae.
1092 3607 1213 3678 ejus
1239 3607 1490 3670 illustria,
1531 3607 1698 3662 etiam
1733 3607 1852 3661 haec
1899 3605 2116 3660 consul-

523 3709 582 3754 ιο
615 3699 994 3768 praeterimus,
1019 3714 1142 3754 cum
1158 3699 1271 3754 sola
1299 3714 1362 3754 ac
1393 3699 1605 3754 sincera
1633 3698 1838 3754 veritas
1856 3697 2118 3765 arrideat,

524 3791 787 3860 cordique
828 3791 941 3846 sint
983 3791 1246 3861 praeclare
1288 3790 1455 3859 facta,
1502 3807 1625 3861 quae
1653 3789 1890 3844 orationi
1915 3799 2120 3845 nostrae

527 3880 691 3936 (idem
724 3881 948 3947 faciant,
991 3897 1215 3952 quoquo
1258 3882 1422 3937 modo
1452 3883 1573 3937 haec
1621 3881 1852 3937 dabitur
1891 3896 2122 3936 excusa-

527 3976 606 4029 tio
625 4015 642 4041 ,
679 3989 806 4028 cum
845 3976 1015 4044 probe
1045 3974 1363 4030 noverimus
1391 3989 1496 4028 nec
1517 3974 1621 4029 illis
1650 3974 1805 4044 ipsis,
1834 3974 1926 4045 qui
1955 3974 2121 4029 totius

525 4067 656 4122 vitm
689 4081 914 4120 cursum
965 4065 1232 4134 dicendo,
1273 4082 1526 4137 novaque
1576 4081 1796 4137 semper
1846 4067 2122 4122 audiendo

526 4167 918 4224 exercuerunt,
960 4157 1121 4214 facile
1157 4174 1276 4214 esse
1317 4159 1502 4214 verbis
1540 4160 1762 4228 assequi
1797 4158 2120 4229 dignitatem

527 4253 673 4324 ejus,
723 4252 818 4324 qui
867 4252 1033 4308 nobis
1081 4252 1389 4307 laudandus
1434 4252 1782 4322 proponitur.
1834 4252 1943 4306 Sed
1989 4267 2122 4308 vero

527 4345 667 4401 mihi
697 4343 1058 4400 contumacia:
1097 4343 1310 4398 crimen
1336 4358 1401 4398 ac
1426 4344 1654 4397 multam
1687 4343 1842 4414 juxta
1863 4351 2120 4398 metuen—

533 4437 597 4503 ti,
632 4446 800 4507 atque
839 4436 1098 4491 elationis
1142 4435 1511 4491 humilitatem
1561 4435 1826 4505 fugienti,
1863 4451 1986 4506 quae
2036 4435 2123 4491 vel

532 4531 711 4600 reipsa
738 4540 942 4602 serpat,
972 4531 1058 4585 vel
1093 4530 1293 4585 nutriri
1326 4530 1472 4601 apud
1502 4546 1589 4585 me
1611 4530 1978 4596 existimetur,
1995 4546 2124 4602 par-

2221 3340 2687 3412 exspectationem
2706 3336 3077 3393 venerabundi
3106 3341 3236 3389 sunt
3269 3331 3486 3387 reveriti
3515 3347 3533 3396 ;
3561 3327 3818 3400 quinimo

2223 3439 2388 3508 (sicut
2413 3435 2608 3506 priscis
2636 3433 2974 3504 temporibus
2996 3431 3146 3500 pium
3173 3429 3322 3490 illud,
3353 3427 3576 3496 Deoque
3602 3431 3815 3495 gratum

2222 3544 2386 3595 onus,
2428 3527 2483 3581 id
2515 3534 2621 3589 est,
2653 3531 2929 3595 iparentes
2957 3523 3112 3577 senio
3155 3520 3439 3576 confectos
3467 3514 3724 3571 humeris
3753 3510 3815 3566 fi-

2225 3623 2446 3687 Iiorum,
2481 3617 2834 3689 Amphinomi
2867 3618 2968 3684 (5),
3005 3617 3248 3683 inquam,
3279 3621 3335 3667 et
3372 3609 3624 3680 Anapiaz,
3661 3615 3811 3678 grato

2221 3713 2407 3769 animo
2438 3710 2732 3767 ferentium
2759 3707 3046 3779 impositos
3071 3702 3338 3773 venerati)
3370 3711 3516 3758 retro
3548 3711 3811 3772 propera-

2224 3818 2283 3858 re
2313 3811 2442 3857 sunt
2470 3800 2632 3872 jussi.
2660 3799 2733 3854 De
2773 3798 2892 3868 ipsa
2923 3811 3144 3867 quoque
3181 3793 3344 3849 .Etna
3382 3793 3586 3862 ignem,
3612 3796 3673 3844 et
3701 3783 3809 3839 sul-

2226 3897 2495 3966 phureum
2528 3893 2760 3952 fumum,
2789 3905 2854 3945 ac
2893 3889 3140 3944 nidorem
3177 3893 3480 3945 eructante,
3511 3884 3805 3952 piceasque

2226 3988 2493 4052 llammas,
2524 3993 2580 4039 ct
2630 3997 2846 4039 crassos
2895 3981 3142 4052 nigrorcs
3172 3979 3241 4033 de
3286 3975 3514 4032 summis
3568 3970 3814 4028 faucibus

2224 4083 2536 4140 evomente,
2571 4087 2790 4128 necnon
2839 4077 2894 4124 et
2924 4067 3234 4124 horrendos
3262 4065 3524 4136 fragores,
3560 4059 3812 4117 bombos-

2225 4185 2333 4241 que
2361 4168 2521 4223 valde
2575 4163 2968 4220 immoderatos
3005 4166 3296 4233 promente
3328 4156 3571 4225 (dabitur
3614 4153 3811 4224 quippe

2237 4263 2324 4318 his
2360 4258 2679 4316 admirabile
2716 4256 3068 4324 scrutinium)
3104 4255 3145 4309 si
3177 4252 3476 4306 orationem
3505 4257 3694 4302 tenere
3723 4256 3833 4308 ve—,

2226 4354 2409 4419 limus,
2434 4353 2501 4407 ab
2532 4349 2781 4405 instituto
2808 4348 2987 4419 egredi
3032 4347 3361 4402 videremur.
3400 4341 3466 4394 Et
3495 4341 3714 4410 quidem
3751 4335 3791 4387 si

2227 4447 2296 4514 is,
2318 4447 2411 4516 qui
2446 4443 2602 4500 nobis
2632 4458 2782 4498 nunc
2809 4442 3062 4496 laudatur
3082 4436 3432 4496 Athanasius,
3459 4434 3687 4488 alterius
3711 4444 3798 4498 pa—

2231 4535 2348 4589 trizc
2373 4532 2655 4588 amoribus
2688 4531 2952 4584 incensus
2986 4527 3273 4582 mortalem
3314 4525 3456 4578 hanc
3491 4535 3549 4575 ιιι
3567 4519 3810 4574 exsilium

531 4624 771 4679 cendum
807 4624 1038 4679 omnino
1072 4623 1273 4693 siquid
1304 4638 1473 4693 supra
1504 4627 1651 4678 vires
1681 4623 1968 4694 aggrediar
1998 4641 2010 4677 :
2043 4633 2127 4678 et-
2162 4636 2202 4689 ιι
2233 4627 2585 4697 contempsit,
2620 4625 2852 4694 ideoque
2891 4623 3110 4676 beatum
3149 4620 3333 4680 linem,
3369 4616 3457 4669 ubi
3502 4614 3673 4683 prima
3719 4624 3812 4663 no-

534 4718 683 4774 enim
711 4733 824 4776 non
867 4719 1030 4774 modo
1073 4717 1292 4784 divites,
1328 4716 1426 4773 sed
1464 4716 1624 4789 egeni
1654 4717 1820 4772 etiam
1859 4717 2120 4789 jubemur

548 4909 552 4912 i
607 4949 686 5020 (l)
708 4946 860 5003 Idem
903 4945 1049 5002 infra
1075 4946 1281 5018 repetit
1315 4963 1373 5003 n.
1409 4948 1463 5014 6,
1509 4947 1824 5016 ’Λοανασία,
1848 4949 2130 5002 immorta—

538 5019 684 5074 lites.

609 5093 686 5161 (:2)
716 5088 793 5162 De
812 5091 871 5146 S.
899 5090 1130 5162 Agathae
1169 5089 1348 5161 patria
1397 5089 1720 5146 dissertatio
1757 5099 1842 5146 est
1878 5089 1944 5145 ad
1987 5091 2134 5146 illius

537 5159 673 5218 Acta
702 5161 734 5215 5
754 5159 894 5215 Febr

613 5231 691 5303 (5)
732 5249 750 5303 ς
785 5233 1192 5300 Amphinomus
1225 5243 1282 5286 et
1323 5230 1550 5303 Anapus
1585 5240 1798 5302 patrem
1825 5240 1880 5286 et
1908 5241 2137 5287 matrem

537 5301 791 5358 humeris
807 5317 904 5370 per
931 5303 1141 5357 medios
1175 5303 1330 5372 ignes
1360 5301 1542 5357 Aitnae
1576 5301 1918 5370 portarunt,»
1943 5303 2122 5372 inquit

539 5375 638 5430 lib.
663 5392 716 5435 v.
747 5389 865 5442 cap.
891 5375 924 5442 4
951 5373 1196 5428 Valerius
1217 5372 1507 5428 Maximus.
1537 5373 1734 5427 Strabo
1762 5373 1853 5428 lib.
1883 5390 1954 5436 vr,
1990 5375 2122 5440 ’Λμ-

540 5446 770 5516 φινομον
795 5438 1164 5516 ἑαμᾊνσπιαν
1201 5453 1374 5516 pacat.
1401 5443 1477 5498 De
1506 5444 1591 5499 his
1626 5443 1867 5507 Solinus,
1899 5459 2019 5513 cap.
2046 5438 2078 5499 ὃ
2105 5460 2118 5497 :

547 5513 568 5570 ὁ
624 5513 772 5571 Inter
806 5515 1053 5569 Catinam
1085 5523 1140 5569 et
1193 5513 1493 5586 Syracusas
1535 5524 1815 5569 certamen
1855 5523 1939 5567 est
1967 5516 2035 5569 de
2058 5516 2124 5586 ilg

543 5587 804 5644 lustrium
839 5587 1070 5641 fratrum
1120 5587 1424 5648 memoria,
1470 5599 1705 5656 quorum
1751 5586 1975 5639 nomina
2017 5585 2124 5641 sibi

545 5658 778 5712 diversae
827 5668 1011 5726 partes
1050 5657 1335 5726 adoptant.
1363 5657 1422 5711 Si
1455 5657 1784 5711 Catinenses
1815 5655 2124 5720 audiamus,

547 5675 778 5712 utversae
843 5675 1011 5712 )artes
1050 5675 1335 5726 auopiant.
1364 5675 1422 5711 Si
1455 5675 1784 5711 cannenses
1815 5675 2124 5720 auuiamus,

547 5729 795 5796 Auapius
824 5675 930 5783 iuit
974 5735 1031 5783 et
1078 5727 1483 5797 Aiupbinomus
1509 5743 1522 5780 :
1553 5727 1596 5782 si
1631 5726 1776 5797 quod
1800 5727 2011 5780 malunt
2034 5726 2132 5796 Sy-

548 5812 783 5869 racusae,
823 5798 1128 5852 Emantiam
1179 5796 1496 5869 putabimus
1535 5796 1919 5869 etCritoncm.
1979 5798 2129 5852 Cati-

552 5867 744 5927 nensis
765 5879 946 5924 tamen
979 5869 1129 5940 regio
1166 5867 1386 5924 causam
1425 5870 1575 5925 dedit
1619 5868 1784 5933 facto,
1809 5869 1862 5922 in
1886 5884 2048 5940 quam
2071 5885 2128 5923 se

2224 4720 2308 4776 bis
2336 4719 2552 4786 domus,
2576 4733 2640 4772 ac
2671 4716 2972 4772 laetantium
2999 4713 3247 4768 omnium
3281 4705 3568 4763 habitatio.
3591 4700 3806 4758 sortitus

2239 4965 2362 5003 cum
2387 4947 2568 5002 .IEtnae
2593 4945 2849 5001 incendia
2878 4941 3259 5015 protulissent,
3286 4929 3808 5015 jnvenesuduosub-

2243 5021 2380 5074 latos
2422 5028 2678 5087 parentis
2726 5007 3026 5087 evexérunt
3049 5013 3193 5087 inter
3227 5007 3473 5087 llainmas
3500 5007 3647 5060 illa:si
3682 5007 3805 5087 ign-if

2243 5092 2366 5145 bus.
2423 5079 2632 5143 ilorum
2688 5085 3010 5141 memoriam
3067 5083 3140 5136 ita
3182 5079 3479 5153 posteritas
3533 5080 3805 5153 numerata

2245 5171 2350 5226 est,
2404 5170 2464 5215 ut
2507 5159 2744 5228 sepulcri
2786 5157 2938 5210 locus
2991 5149 3393 5228 uolninaretun
3420 5149 3657 5228 Campus
3697 5149 3802 5215 pio-

2249 5219 2390 5284 rum.
2436 5250 2453 5280 ι
2495 5219 2687 5284 υείιίε.
2725 5227 2957 5300 Seneca,
2997 5225 3092 5279 lib.
3127 5240 3211 5288 ιιι,
3257 5219 3657 5300 Βθ-ρειιερεἰὶξ,
3693 5228 3800 5300 cap;

2232 5303 2300 5356 "i7
2332 5321 2345 5357 :
2385 5322 2403 5354 ‹
2454 5299 2648 5356 Vicere
2687 5299 3124 5370 Siculijuvenes,
3161 5309 3287 5370 cum
3325 5291 3492 5346 Etna
3527 5291 3727 5370 majore
3748 5297 3802 5370 vi

2235 5355 2888 5444 parngiiataﬁuurbes:
2920 5369 2972 5421 in
3003 5355 3198 5444 agros,
3237 5365 3293 5418 in
3338 5376 3585 5444 magnam
3611 5355 3799 5444 insula“.

2233 5437 2794 5513 ji.irtr§iii._elfiiilissct
2837 5438 3157 5513 incendium
3191 5441 3523 5513 ,_vexeruut
3563 5437 3801 5513 parentes

2232 5507 2362 5570 suos
2395 5533 2407 5570 :
2437 5513 2744 5570 decessisse
2787 5512 3054 5567 creditum
3099 5517 3184 5562 est
3222 5507 3397 5577 ignes,
3449 5512 3505 5557 et
3562 5507 3803 5564 utrinque

2239 5586 2457 5640 ﬂamma
2499 5583 2794 5640 recedente
2851 5580 3080 5635 limitem
3145 5578 3487 5646 adapertum,
3526 5588 3623 5643 per
3653 5579 3799 5638 quem

2242 5662 2684 5711 transcurrerent
2722 5654 2952 5723 juvenes
2982 5647 3288 5723 dignissimi
3329 5647 3422 5716 qui
3448 5660 3665 5723 Διιιειςςιιι
3703 5646 3801 5723 tuto

2240 5729 2528 5783 auderent.
2568 5745 2587 5778 ι
2627 5715 2920 5779 Celebrant
2957 5715 3066 5776 eos'
3110 5731 3164 5774 et
3188 5719 3300 5786 alii,
3351 5715 3422 5773 ac
3444 5715 3555 5771 fere
3585 5715 3800 5782 Anapim

2242 5799 2539 5870 appellant,
2567 5796 2658 5868 qui
2694 5795 2780 5851 hic
2812 5791 3052 5864 Anapias
3079 5800 3182 5847 est.
