4146 6454
382 426 520 493 1369

1283 423 1565 486 ORATIO
1597 424 1985 486 FUNEBRIS
2032 424 2115 486 IN
2154 384 2780 489 BCATHANASIUM.

3524 426 3663 495 raro
3714 507 3723 524 ι

381 550 501 606 cst;
540 536 634 609 qui
672 535 790 591 ﬁeri
833 544 1038 608 potest,
1083 543 1143 589 ut
1184 549 1348 603 quam
1375 534 1657 604 despicere
1697 535 1965 603 Optimum
1998 546 2040 599 Α
2070 536 2323 604 aliquaue
2346 538 2713 604 h:esitationc,
2748 547 2842 592 aut
2872 538 3068 611 ingrati
3093 538 3408 596 animivitio
3426 538 3659 599 fuerunt

383 636 532 687 factu
568 631 803 696 censuit,
851 645 919 684 ex
958 631 1149 684 eadem
1217 642 1364 681 nunc
1419 627 1669 682 deductis
1716 627 1966 681 laudibus

382 726 690 780 oblectetur
716 722 740 774 ?

454 835 509 887 4.
571 833 759 903 itaque
813 846 878 886 ex
918 830 1083 901 hujus
1116 829 1307 900 patria:
1344 827 1543 893 ruinis,
1572 836 1739 894 atque
1769 841 1967 881 occasu

383 929 555 985 veluti
584 927 803 997 quidam
853 924 1203 994 phosphorus
1245 921 1522 985 exoriens,
1553 928 1812 990 parentes
1840 934 1969 974 suos

383 1037 539 1092 aeque
568 1021 853 1092 religiosos
887 1034 951 1072 ac
982 1016 1093 1071 Deo
1120 1017 1327 1070 amicos
1357 1014 1485 1069 inde
1516 1029 1544 1067 a
1586 1028 1756 1083 puero
1786 1012 1971 1066 decla-

384 1114 544 1177 ravit,
602 1128 725 1167 cum
769 1111 839 1165 ab
892 1109 957 1163 iis
1001 1108 1171 1162 ﬁlium
1212 1107 1433 1161 Christo
1464 1107 1551 1176 pie
1584 1105 1967 1165 offerentibus,

384 1206 733 1275 primumque
774 1202 1012 1256 fructum
1066 1198 1546 1270 producentibus,
1614 1196 1817 1266 Optime
1874 1210 1971 1264 per

387 1299 555 1353 totius
596 1296 722 1352 vitae
766 1311 988 1351 cursum
1028 1294 1195 1348 fuerit
1233 1294 1561 1348 Athanasius
1601 1293 1876 1347 enutritus
1901 1292 1968 1346 ad

383 1388 706 1458 obsequium
732 1386 1005 1441 divinum.
1040 1384 1181 1450 Quid
1204 1393 1406 1439 autem
1436 1382 1603 1437 refert
1626 1382 1837 1453 singula
1875 1396 1971 1435 eo-

384 1492 506 1531 rum
550 1475 808 1545 praeclare
840 1473 981 1528 facta
1015 1487 1327 1537 recensere,
1360 1487 1486 1527 cum
1517 1486 1582 1525 ex
1612 1470 1792 1524 fructu
1810 1470 1971 1525 arbo-

383 1584 498 1622 rem
521 1566 780 1621 admirari
816 1566 989 1636 probe
1029 1564 1465 1635 cognoscamus?
1496 1562 1855 1617 Declararunt
1881 1573 1967 1618 et-

381 1661 527 1715 enim
571 1660 778 1714 celsum
802 1674 868 1713 ac
902 1674 1231 1729 generosum
1272 1657 1441 1712 animi
1470 1657 1555 1711 sui
1601 1658 1768 1712 robur
1801 1657 1971 1712 vehe—

383 1762 598 1807 mentes
628 1753 839 1806 obortae
878 1761 1070 1806 contra
1118 1766 1214 1805 eos
1246 1750 1601 1812 tentationes,
1628 1750 1783 1815 quasi
1838 1764 1970 1820 pro-

383 1843 596 1897 cellosze
626 1851 983 1911 tempestates
1012 1851 1069 1896 et
1094 1843 1413 1913 grandines,
1452 1842 1547 1896 sed
1572 1843 1797 1898 minime
1830 1844 1963 1898 illud

382 1935 793 1991 labefactantes.
847 1935 1001 1989 Sicut
1048 1935 1195 1989 enim
1241 1934 1437 1989 fornax
1490 1935 1687 2005 probat
1732 1952 1964 2003 aurum;

382 2030 528 2082 venti
553 2037 756 2094 autern,
786 2035 841 2082 et
890 2027 1107 2097 pluvias,
1148 2036 1204 2082 et
1231 2028 1547 2098 grandines,
1588 2037 1644 2082 et
1692 2036 1969 2083 torrentes

383 2117 615 2186 probant
654 2117 850 2171 aedium
879 2116 1278 2183 fundamenta;
1314 2117 1388 2171 ita
1424 2116 1663 2187 inOpina:
1685 2118 1969 2172 calamita-

385 2219 466 2265 tes
486 2210 572 2264 vel
605 2209 821 2263 firmum
850 2226 913 2264 ac
942 2210 1237 2274 munitum,
1275 2210 1362 2265 vel
1400 2210 1729 2264 imbecillum
1765 2227 1829 2266 ac
1862 2211 1965 2265 de-

387 2301 580 2354 tritum
615 2302 858 2356 auimum
887 2302 1150 2371 detegunt
1176 2301 1601 2356 :lsmaelitarum
1622 2302 1769 2356 enim
1807 2312 1970 2371 atque

380 2392 754 2461 Agarenorum
804 2394 1039 2448 Barbara
1080 2409 1251 2465 gens,
1297 2410 1395 2463 per
1426 2410 1589 2463 quam
1628 2394 1729 2464 (sic
1770 2395 1971 2450 nostris

382 2485 827 2553 promerentibus
848 2485 1113 2556 peccatis)
1141 2485 1323 2539 Sicilia
1353 2485 1533 2539 insula
1562 2486 1842 2539 devastata
1862 2492 1967 2552 est,

382 2591 577 2645 paruas
606 2593 635 2631 a
667 2578 827 2632 nobis
858 2578 927 2632 de
960 2577 1507 2647 praevaricationibus
1532 2578 1685 2647 quasi
1728 2578 1968 2632 carnifex

383 2667 609 2736 exigens
641 2668 933 2736 (siquidem
974 2668 1083 2721 Deo
1110 2684 1218 2723 non
1244 2677 1308 2722 ut
1328 2668 1467 2737 patri
1490 2668 1856 2731 ohedivimus,
1874 2685 1973 2723 ne-

382 2774 488 2827 que
514 2759 726 2813 facilem
760 2761 935 2814 eidem
977 2760 1193 2814 vocanti
1238 2763 1511 2815 cervicem
1561 2761 1970 2831 inclinavimus)

382 2853 584 2908 multas
605 2853 824 2922 quidem
846 2853 1075 2923 diripuit
1095 2853 1347 2909 civitates
1364 2871 1429 2909 ac
1454 2854 1684 2909 vastavit
1709 2872 1723 2920 ;
1753 2870 1974 2908 earnm—

382 2960 489 3013 que
524 2944 672 2998 cives
711 2959 835 2998 enm
887 2945 1133 2999 finitimis
1152 2945 1374 3009 accolis,
1402 2945 1538 2999 alios
1565 2945 1784 3014 quidem
1816 2961 1971 2999 ama-

384 3037 603 3092 rissimo
639 3037 831 3090 mortis
876 3052 1096 3104 genere,
1132 3053 1236 3106 qua
1274 3038 1477 3105 gladio,
1510 3053 1615 3106 qua
1649 3036 1792 3090 fame
1822 3038 1972 3091 dele-

383 3129 486 3195 vit,
514 3129 761 3197 marique
789 3129 1108 3183 submersos
1140 3129 1431 3183 sulfocavit
1456 3146 1471 3193 ;
1505 3129 1603 3182 hos
1633 3138 1817 3183 autem
1845 3144 1969 3199 gra-

380 3220 622 3277 vissimis
673 3222 961 3287 molestiis,
1012 3238 1076 3277 ac
1107 3222 1344 3277 vinculis
1381 3222 1694 3289 damnavit;
1730 3232 1784 3277 et
1834 3223 1973 3278 alios

383 3312 576 3383 procul
613 3329 642 3367 a
674 3313 888 3367 nutrice
919 3322 1062 3367 terra
1088 3314 1355 3369 miserum
1385 3315 1441 3369 in
1473 3315 1697 3369 modum
1740 3315 1970 3387 aufuge-

381 3419 462 3469 re,
499 3413 555 3459 et
582 3420 681 3474 per
701 3413 916 3459 exteras
951 3405 1200 3459 nationes
1231 3406 1409 3476 coegit
1439 3399 1727 3477 divagari.

454 3498 509 3553 5.
550 3496 711 3552 Hisce
762 3498 1175 3567 tempestatibus
1218 3499 1499 3553 Athanasii
1544 3508 1801 3569 parentes
1855 3515 1966 3553 una

382 3606 508 3645 cum
547 3592 830 3645 communi
867 3592 977 3645 filio
1011 3592 1329 3646 domesticis
1382 3592 1549 3647 rebus
1600 3592 1971 3646 valediceutes

386 3685 591 3753 (neque
639 3683 785 3738 enim
847 3692 1099 3753 poterant
1147 3683 1307 3738 siccis
1347 3683 1525 3738 oculis
1580 3683 1785 3737 intueri
1847 3682 1978 3737 hinc

384 3776 591 3831 Christi
643 3777 809 3841 ovile,
861 3785 1077 3847 gentem
1132 3784 1397 3840 sanctam,
1436 3782 1489 3829 et
1522 3774 1700 3845 regale
1728 3774 1983 3829 sacerdo-

385 3869 520 3924 tium
556 3869 698 3922 male
728 3868 975 3923 habitum
1002 3869 1070 3922 ab
1094 3868 1297 3937 impiis,
1338 3868 1463 3923 inde
1489 3868 1590 3921 hos
1622 3868 1859 3937 superbe
1888 3868 1982 3921 de—

384 3961 701 4031 spicientes,
765 3968 1093 4028 nostrasque
1147 3959 1486 4014 calamitates
1531 3957 1879 4020 deridentes,
1921 3966 1981 4011 ut

385 4054 441 4108 in
491 4054 751 4124 injuriam
792 4069 973 4107 rerum
1022 4056 1270 4107 omnium
1337 4052 1643 4107 conditoris
1700 4051 1797 4106 Dei
1842 4067 1979 4121 quas

384 4161 645 4217 percusso
676 4144 881 4200 foedere
908 4145 1345 4199 exterminarent
1375 4144 1680 4214 perfectum
1714 4144 1977 4214 populum

386 4236 791 4299 Christianum,
817 4242 991 4303 utque
1029 4234 1178 4287 nulla
1205 4235 1326 4303 ejus
1356 4234 1619 4287 memoria
1644 4232 1975 4303 remaneret)

385 4328 446 4383 in
504 4328 785 4397 antiquam
830 4324 1219 4395 Peloponnesi
1286 4326 1574 4381 Patrarum
1652 4324 1727 4397 (4)
1785 4325 1978 4379 urbem

385 4420 864 4491 commigrarunt:
905 4418 995 4473 ubi
1036 4417 1165 4471 olim
1205 4417 1298 4487 qui
1342 4418 1555 4487 primus
1595 4417 1663 4473 ad
1701 4417 1976 4487 apostola-

384 4520 501 4568 tum
534 4520 758 4567 vocatus
776 4511 953 4565 fuerat
987 4511 1237 4566 Andreas
1274 4510 1389 4580 (qui
1428 4519 1484 4564 et
1509 4510 1732 4564 Petrum
1771 4525 1981 4580 germa-

383 4621 517 4663 num
546 4603 793 4666 fratrem,
820 4611 876 4656 et
910 4602 1056 4656 illius
1084 4602 1256 4656 beata:
1278 4601 1695 4672 phalangisjam
1724 4600 1968 4654 futurum

1995 3264 2042 3328 C

2076 629 2335 697 perculsi,
2360 639 2451 684 ant
2482 630 2748 685 adversus
2784 630 2968 684 divina
2998 630 3203 699 judicia
3237 644 3660 688 murmurarunt

2068 722 2215 791 quod
2251 738 2360 775 non
2392 723 2665 793 condigne
2688 764 2702 787 ,
2751 733 2915 792 atque
2942 739 3136 778 eorum
3182 726 3350 780 totius
3392 736 3661 781 anteacta:

2069 814 2195 869 vitae
2234 830 2413 869 mores
2464 815 2968 884 promerebantur,
3012 815 3235 886 indigna
3295 820 3662 886 paterentur?

2070 902 2279 956 minine
2301 918 2430 956 vero
2468 903 2618 957 :imo
2651 918 2780 957 vero
2799 904 2964 957 etiam
2992 919 3057 957 ex
3094 904 3180 969 iis,
3217 919 3341 973 qua:
3376 905 3429 956 in
3467 916 3659 959 nostra

2070 1000 2343 1062 potestate
2377 1010 2487 1047 non
2520 1003 2669 1059 sunt,
2707 994 2851 1063 quod
2893 995 3070 1047 solum
3106 995 3323 1064 placere
3354 993 3466 1049 Deo
3516 994 3663 1049 arbi-

2074 1079 2384 1144 trahantur,
2413 1081 2545 1135 illud
2575 1098 2744 1134 unum
2776 1083 3169 1151 sequebantur.

2144 1197 2195 1249 6.
2231 1194 2431 1249 Eorum
2461 1211 2592 1250 vero
2622 1196 2783 1261 filius,
2806 1196 2901 1265 qui
2928 1198 2996 1251 ab
3031 1197 3444 1254 immortalitate
3490 1199 3664 1264 dedu-

2071 1287 2149 1341 xit
2185 1302 2407 1352 nomen,
2440 1288 2605 1341 divini
2653 1290 2853 1342 amoris
2886 1290 3142 1343 incendio
3177 1306 3273 1343 cor
3321 1291 3536 1347 habens
3576 1292 3664 1346 in-

2072 1378 2432 1443 flammatum,
2476 1395 2617 1448 pene
2664 1380 2955 1433 immemor
2996 1396 3406 1447 aerumnarum,
3461 1383 3665 1452 quibus

2072 1470 2448 1533 obsidebatur,
2480 1470 2547 1524 ad
2573 1470 2927 1540 przeclariora,
2948 1470 3192 1526 facinora
3218 1473 3661 1542 aggrediebatur.

2072 1562 2287 1617 Etenim
2338 1561 2527 1615 ﬁrmus
2567 1577 2631 1615 ac
2662 1562 2871 1616 stabilis
2898 1562 3117 1618 animus
3156 1563 3463 1626 Athanasii,
3494 1575 3550 1619 et
3595 1565 3664 1620 ab

2072 1656 2225 1711 omni
2268 1654 2743 1725 perturbationum
2784 1656 2945 1709 sorde
3000 1657 3250 1725 expiatus
3300 1672 3407 1709 non
3439 1657 3505 1710 ad
3550 1657 3662 1726 jam

2072 1749 2400 1812 collectum,
2442 1748 2536 1801 sed
2587 1747 2652 1800 ad
2701 1748 2973 1816 reliquum
3024 1749 3290 1803 virtutum
3343 1750 3664 1803 thesaurum

2074 1840 2262 1895 oculos
2282 1840 2590 1910 adjiciebat.
2623 1838 2759 1894 lllud
2789 1840 2953 1893 etiam
2994 1839 3047 1893 in
3074 1840 3259 1909 seipse
3291 1842 3512 1910 exsequi
3546 1850 3665 1895 stu-

2071 1933 2255 1998 debat,
2286 1942 2348 1987 nt
2378 1949 2500 2003 qua;
2522 1941 2669 1987 retro
2700 1941 2886 1987 essent
2912 1947 2975 1986 ex
3010 1934 3189 2004 magni
3221 1933 3468 2003 Apostoli
3510 1934 3663 1988 Pauli

2071 2041 2234 2081 sensu
2283 2025 2700 2080 oblivisceretur
2723 2027 2765 2089 ί,
2816 2033 2873 2079 et
2912 2025 2981 2079 ad
3015 2040 3103 2090 ea,
3161 2042 3283 2096 quae
3313 2036 3440 2081 ante
3473 2027 3663 2081 oculos

2071 2127 2255 2172 essent
2280 2118 2405 2182 sita,
2440 2133 2719 2188 nunquam
2757 2135 2868 2171 non
2900 2118 3172 2188 aspiraret
3207 2135 3219 2172 :
3253 2128 3417 2189 atque
3462 2120 3667 2175 identi-

2072 2211 2195 2265 dem
2229 2213 2443 2265 tametsi
2492 2220 2712 2265 terreno
2748 2211 2929 2265 adhuc
2970 2212 3207 2281 pulvere
3257 2213 3557 2273 involutus,
3602 2228 3667 2266 ac

2074 2310 2289 2355 terrena
2321 2302 2675 2371 perlustrans,
2700 2302 2769 2357 ad
2789 2302 2986 2356 coelum
3013 2303 3383 2357 contendebat
3413 2304 3658 2358 evolare.

2072 2393 2377 2449 Monastico
2407 2394 2574 2464 igitur
2600 2395 2731 2465 jngo
2760 2396 2959 2448 collum
2983 2395 3282 2466 subjungit,
3313 2397 3458 2465 quod
3488 2413 3611 2451 cum
3636 2412 3667 2450 a

2074 2489 2357 2543 mundano
2387 2488 2637 2557 strepitu,
2663 2495 2719 2541 et
2749 2487 3151 2557 intempestivis
3175 2490 3518 2559 negOtiorum
3544 2504 3668 2541 vor—

2076 2579 2275 2633 ticihus
2305 2580 2632 2649 emancipat,
2661 2588 2774 2633 tum
2800 2594 2929 2633 suos
2964 2580 3287 2634 candidatos
3342 2581 3397 2633 in
3438 2580 3666 2650 expedi-

2076 2681 2183 2726 tam
2219 2686 2248 2724 a
2280 2671 2446 2725 rebus
2475 2671 2733 2725 erunibus
2770 2671 3234 2740 tranquillamque
3279 2671 3468 2734 vitam,
3514 2673 3664 2725 velut

2073 2762 2128 2815 in
2159 2770 2376 2830 portum
2411 2762 2774 2831 undequaque
2819 2772 3016 2826 tntmn,
3051 2761 3321 2815 adducere
3351 2760 3659 2815 consuevit.

2074 2851 2263 2921 Itaque
2290 2851 2454 2905 rebus
2488 2853 2742 2906 omnibus
2763 2853 3005 2909 caducis.
3040 2853 3173 2921 ipsis
3201 2867 3418 2921 quoque
3463 2867 3664 2921 paren-

2076 2942 2221 2997 tibns
2250 2943 2431 2996 valere
2453 2942 2641 3008 jussis,
2669 2953 2727 2995 ut
2756 2943 2983 2996 remotis
3013 2943 3236 2996 arbitris
3268 2958 3373 2996 una
3404 2960 3527 2997 eum
3550 2944 3661 2997 Deo

2074 3032 2529 3098 Communicaret,
2564 3050 2689 3089 cum
2718 3050 2896 3104 eoque
2928 3035 3149 3089 assidue
3181 3038 3457 3091 versando
3496 3037 3668 3091 divini

2074 3126 2347 3196 particeps
2377 3126 2581 3180 amoris
2622 3126 2798 3192 ﬁeret,
2837 3127 2910 3178 illi
2946 3141 3169 3195 Operam
3202 3127 3383 3180 dando
3415 3136 3668 3182 contem-

2076 3218 2327 3287 plationi,
2354 3219 2500 3287 quod
2538 3216 2804 3272 Dominus
2835 3218 2953 3286 ipse
2979 3225 3063 3271 est
3091 3217 3255 3282 Deus,
3296 3218 3438 3272 inter
3461 3219 3668 3289 primos

2076 3314 2206 3367 huic
2229 3312 2350 3366 vitae
2377 3328 2598 3380 Operam
2624 3320 2893 3365 navantes
2922 3312 3207 3380 plusquam
3234 3313 3504 3365 secundas
3523 3312 3667 3373 tulit,

2076 3405 2295 3459 tametsi
2330 3414 2480 3459 esset
2525 3414 2687 3459 relate
2714 3406 3181 3460 adolescentulus.
3212 3406 3426 3459 Etenim
3467 3416 3667 3476 praeter

2075 3501 2340 3557 asceticas
2372 3499 2818 3562 exercitationes,
2860 3515 2985 3558 cum
3020 3515 3050 3553 a
3096 3499 3390 3553 mundanis
3420 3499 3664 3569 negotiis

2080 3596 2427 3655 abhorreret,
2461 3593 2625 3647 simul
2654 3609 2778 3647 cum
2817 3592 2905 3658 iis,
2925 3594 3015 3661 qui
3052 3592 3105 3645 in
3138 3591 3377 3647 desertis
3410 3591 3669 3662 agebant,

2077 3686 2533 3757 jucundissimam
2581 3685 2694 3739 Deo
2730 3700 2953 3755 Operam
2986 3685 3175 3739 dabat.
3211 3684 3323 3739 Hoc
3338 3685 3485 3737 enim
3512 3684 3671 3737 labo-

2083 3780 2291 3834 riosum
2319 3779 2445 3834 vita:
2480 3778 2819 3841 institutum,
2850 3776 3006 3847 quasi
3034 3776 3226 3847 jugum
3260 3775 3404 3829 ferre
3431 3791 3462 3828 a
3494 3774 3673 3844 prima

2081 3884 2264 3937 :etate,
2320 3887 2383 3925 ac
2413 3886 2513 3941 per
2540 3870 2869 3926 solitudines
2924 3870 3134 3935 vivere,
3182 3869 3382 3922 mirum
3406 3876 3675 3938 quantum

2079 3964 2409 4035 exoptabat?

2079 4093 2209 4149 Car.
2234 4092 2322 4146 Ill.
2368 4121 2438 4136 —-
2472 4092 2788 4149 Monasterii
2811 4092 3150 4161 praefectura.
3186 4120 3254 4131 -—
3293 4088 3665 4159 Episcopatus.

2151 4227 2203 4281 7.
2231 4225 2447 4281 Diutius
2478 4240 2608 4296 ergo
2646 4224 2715 4279 ad
2759 4223 2886 4278 vitae
2923 4238 3097 4294 genus
3142 4222 3459 4286 callentem,
3505 4231 3671 4290 atque

2078 4321 2281 4376 luctam
2309 4320 2607 4374 obeuntem
2649 4333 2760 4371 non
2792 4318 3059 4371 adversus
3095 4331 3317 4371 carnem
3351 4325 3407 4370 et
3446 4316 3671 4385 sangui-

2076 4430 2231 4481 nem,
2268 4413 2364 4468 scd
2395 4414 2659 4467 adversus
2688 4410 2969 4481 principes
2999 4419 3055 4465 et
3087 4419 3408 4480 potestates,
3441 4418 3669 4463 contra-

2078 4524 2187 4578 que
2214 4505 2513 4577 spiritualia
2553 4504 2835 4575 nequitiae,
2880 4502 3228 4573 conspiciens
3264 4501 3372 4563 ille,
3406 4501 3498 4571 qui
3533 4500 3675 4555 inibi

2081 4595 2475 4650 monachorum
2509 4606 2627 4647 erat
2674 4594 2919 4646 Antistes
2964 4592 3202 4660 (fortiter
3246 4592 3395 4645 enim
3435 4607 3499 4645 ac
3526 4600 3669 4646 stre-

383 4696 688 4769 principem
716 4694 1002 4749 advocavit
1032 4693 1099 4747 ad
1135 4693 1440 4757 Christum,
1483 4692 1574 4765 qui
1606 4709 1664 4747 se
1698 4693 1850 4762 prius
1877 4691 1973 4745 ad-
2004 4659 2052 4716 ι)
2085 4704 2215 4753 nue,
2252 4699 2307 4742 et
2331 4703 2400 4741 ex
2426 4686 2748 4741 monastica:
2778 4685 2913 4755 legis
2942 4684 3196 4738 instituto
3229 4684 3285 4738 in
3327 4699 3548 4737 arenam
3572 4685 3673 4738 de-

387 4790 699 4854 vocaverat)
744 4796 867 4858 post
911 4788 1130 4859 longum
1192 4787 1522 4857 evangelicae
1571 4785 1975 4857 praedicationis

383 4899 629 4948 cursum,
678 4880 1061 4937 felicissimum
1092 4879 1219 4934 vitae
1269 4878 1431 4933 linem
1472 4887 1628 4933 actus
1667 4880 1721 4932 in
1751 4894 1973 4933 crucem

383 4982 714 5031 consecutus
742 4981 866 5036 est,
904 4972 1081 5042 ipsum
1112 4986 1330 5041 quoque
1365 4971 1656 5025 Dominum
1688 4970 1743 5024 in
1774 4979 1967 5035 morte,

384 5068 527 5123 sicut
553 5068 720 5122 etiam
746 5066 868 5120 aliis
896 5066 951 5119 in
985 5065 1154 5120 rebus
1189 5065 1468 5126 omnibus,
1499 5064 1767 5119 imitatus.
1799 5065 1972 5119 Atidi-

385 5150 823 5228 verant’qnippe
875 5157 1162 5212 Athanasii
1230 5166 1489 5227 parentes
1535 5157 1784 5211 diviumn
1838 5157 1971 5212 illud

384 5251 682 5308 Abrahami
722 5249 1050 5320 patriarchae
1090 5249 1372 5303 oraculum
1400 5289 1414 5314 ,
1474 5248 1703 5318 patriam
1744 5257 1969 5311 terram,

386 5343 666 5415 propriam
695 5341 942 5407 domum,
965 5348 1021 5395 et
1048 5340 1432 5411 cognationem
1462 5340 1566 5395 sibi
1603 5339 1973 5409 relinquenti-

384 5437 490 5493 bus
528 5451 597 5491 eo
636 5432 743 5489 loci
773 5432 1270 5507 commigrandum.
1317 5433 1459 5500 Quid
1503 5447 1634 5488 vero
1679 5431 1735 5486 in
1774 5432 1972 5503 hisce?

457 5615 471 5644 ’
506 5611 749 5685 Philipp.
811 5627 896 5677 tu,
948 5612 1039 5669 15.

2084 4780 2404 4845 sceudebat,
2444 4787 2501 4832 et
2529 4778 2597 4832 ad
2635 4778 3211 4849 superme,vocationis
3233 4778 3483 4832 bravinm
3505 4792 3673 4848 quam

2083 4871 2368 4926 celerrimo
2412 4886 2598 4934 cursu,
2634 4869 2940 4939 meritoque
2988 4869 3394 4938 assequendum
3440 4868 3674 4923 festina-

2079 4963 2220 5031 bat),
2282 4963 2509 5032 collegio
2542 4961 2935 5016 monachorum
3008 4961 3252 5031 prazfecit
3286 4960 3669 5016 Athanasium.

2080 5055 2180 5110 Cui
2210 5054 2461 5125 quamvis
2487 5057 2785 5121 recusanti,
2819 5064 2879 5107 ut
2905 5070 3099 5123 nequa
3126 5054 3339 5109 ratione
3360 5054 3671 5109 sollicitudo

2078 5147 2225 5203 circa
2257 5148 2376 5201 illos
2395 5146 2779 5218 cogitationem
2811 5147 2933 5215 ejus
2962 5162 3026 5200 ex
3052 5147 3317 5201 altissima
3336 5148 3672 5217 contempla-

2080 5243 2231 5298 tione
2280 5248 2560 5305 avocaret,
2607 5238 2991 5309 prrefecturam
3046 5248 3227 5294 tamen
3281 5240 3500 5294 detulit.
3544 5237 3666 5293 Non

2084 5335 2234 5390 enim
2276 5347 2493 5403 aequum
2546 5340 2665 5387 erat
2708 5331 2879 5384 multo
2930 5339 3175 5401 tempore
3210 5332 3504 5386 stabilitam
3543 5348 3669 5401 spe-

2078 5436 2391 5498 ctatamque
2433 5424 2760 5497 probitatem
2791 5437 3189 5480 consenescere
3218 5425 3448 5479 otiosam
3476 5431 3531 5479 et
3561 5423 3668 5477 im-

457 5789 534 5859 (ὁ)
562 5791 761 5854 Pana),
794 5790 1029 5862 Πάτραι,
1067 5788 1198 5862 urbs
1220 5784 1454 5845 celebris
1494 5786 1719 5844 Achaiae
1739 5786 1961 5859 proprie
2000 5785 2159 5843 dicltl‘.
2188 5786 2243 5841 in
2268 5786 2668 5859 Peloponneso,
2702 5789 2816 5857 ubi,
2856 5798 2915 5845 ut
2955 5789 3042 5843 hic
3080 5786 3305 5853 dicitur,
3328 5780 3649 5857 martyrium

386 5862 554 5918 subiit
584 5862 643 5917 S.
675 5860 926 5918 Andreas
951 5860 1248 5932 apostolus.
