4146 6436
602 411 733 481 i371

1715 424 1945 487 PETRI
1985 420 2364 481 ARGORUM
2402 418 2748 479 EPISCOPI

3714 412 3835 480 137?.

599 525 937 593 muniﬁcam,
963 542 1198 599 cumque
1225 527 1316 595 iis,
1345 528 1545 599 quibus
1566 542 1703 606 opus
1729 536 1867 590 erat,
1898 528 2179 596 haudqua—
2207 528 2252 585 Α
2282 533 2342 577 ut
2385 532 2605 577 sanctus
2652 530 2915 592 propneta
2956 521 3192 592 loquitur
3220 520 3288 591 ³),
3331 521 3530 591 quique
3583 518 3831 585 dicerem,

600 634 762 686 quam
794 622 1207 676 communicari.
1250 620 1462 675 Etenim
1488 622 1580 690 qui
1621 620 1933 675 divitiarum
1964 620 2178 689 copiam

600 710 932 764 caducarum
964 713 1212 766 restricta
1249 714 1537 767 tenacitate
1571 712 1712 780 apud
1746 726 1805 765 se
1830 711 2052 773 retinet,
2082 726 2183 765 ne—

602 816 710 869 que
740 818 861 857 eam
890 803 946 857 in
976 819 1176 873 egenos
1208 803 1484 868 dilIundit,
1530 802 1654 857 fons
1681 803 1811 856 item
1845 817 2016 871 aquas
2046 803 2183 856 bau-

605 892 717 946 rire
738 910 944 965 negans
962 896 1291 961 sitientibus,
1316 895 1429 965 ipsa
1446 909 1661 963 quoque
1682 893 1843 948 tellus
1861 894 1973 947 suis
1998 894 2184 948 celans

605 986 821 1040 arcanis
850 976 1022 1057 adytis
1068 988 1373 1050 thesauros,
1409 1002 1515 1040 non
1540 986 1768 1055 perinde
1802 998 1931 1041 sunt
1960 987 2179 1055 vitupe-

605 1077 828 1141 rabiles,
862 1087 1025 1147 atque
1069 1078 1115 1132 is
1145 1078 1237 1147 qui
1284 1078 1426 1145 apud
1476 1093 1596 1131 sese
1640 1078 1912 1147 spiritales
1964 1078 2185 1132 divitias

606 1167 767 1229 celat,
819 1182 999 1236 neque
1035 1168 1154 1221 aliis
1201 1168 1511 1237 impertitur
1543 1188 1557 1223 :
1593 1168 1862 1238 siquidem
1908 1182 2019 1222 non
2074 1180 2183 1224 tam

608 1257 711 1311 sibi
750 1258 1000 1327 quisque,
1042 1275 1203 1327 quam
1238 1259 1358 1313 aliis
1381 1261 1623 1329 percepit
1648 1260 1975 1315 charismata
2017 1261 2185 1332 gratis

608 1364 640 1401 a
667 1348 775 1403 Deo
806 1350 1025 1406 collata.
1055 1352 1289 1420 Ideoque
1328 1353 1581 1407 Christus
1614 1353 1873 1408 Dominus
1891 1354 2026 1409 dixit
2060 1353 2186 1409 :Sic

610 1440 784 1493 luceat
810 1440 905 1495 tua:
930 1452 1098 1495 vestra
1126 1459 1305 1495 coram
1332 1443 1644 1505 hominibus,
1682 1455 1738 1497 ut
1768 1444 1977 1497 videant
2022 1462 2183 1512 opera

610 1541 783 1585 vestra
827 1532 982 1598 bona,
1024 1542 1071 1587 et
1102 1533 1393 1604 gloriﬁcent
1440 1534 1658 1588 Patrem
1690 1546 1939 1601 vestrum,
1992 1538 2082 1608 qui
2130 1539 2186 1592 in

609 1622 753 1675 caelis
776 1634 849 1676 est
884 1628 925 1678 ³.

681 1712 734 1765 8.
772 1712 878 1767 Ubi
910 1729 1040 1768 vero
1068 1714 1304 1783 majores
1327 1715 1381 1767 in
1408 1713 1708 1770 Athanasio
1732 1716 2049 1771 divitiarum
2072 1733 2184 1773 ete-

612 1800 833 1855 lestium
865 1805 1211 1857 accessiones
1238 1804 1354 1857 fieri
1386 1806 1684 1874 perspexit,
1728 1822 1849 1875 quae
1877 1808 2178 1877 compluri-

2285 613 2591 668 Benedictus
2614 616 2683 667 sit
2709 614 2984 677 Dominus,
3011 616 3194 668 divites
3209 615 3333 684 facti
3354 627 3563 672 sumus;
3592 612 3684 666 sed
3720 627 3832 667 ven:

2284 721 2350 760 ex
2387 705 2473 765 iis.
2514 706 2607 775 qui
2643 704 2888 759 infirmos
2904 706 3343 768 corroborarent,
3368 703 3669 757 excitarent
3720 715 3835 767 pro-

2286 807 2507 862 stratos,
2566 796 2773 852 debiles
2810 812 2872 851 ac
2902 810 3123 850 mancos
3165 794 3501 864 colligarent,
3534 800 3590 845 et
3616 789 3682 844 ad
3728 806 3837 843 cur-

2287 889 2519 944 rendum
2542 889 2979 946 exstimularent.
3005 888 3359 955 animumque
3382 893 3438 939 et
3467 882 3609 938 vires
3640 880 3839 936 suﬂice‘

2288 990 2428 1035 rent.

2357 1073 2411 1128 9.
2454 1072 2658 1143 Agebat
2698 1084 2827 1125 vero
2870 1069 2915 1124 is
2958 1068 3275 1141 dignitatem
3330 1064 3692 1137 episcopalem
3740 1077 3840 1116 non

2288 1164 2452 1219 animi
2488 1163 2688 1232 gratia,
2728 1162 3121 1231 scd'majorum
3180 1175 3344 1214 causa
3385 1156 3739 1211 certaminum
3783 1168 3839 1207 ac

2288 1254 2535 1308 laborum
2558 1295 2572 1316 ,
2609 1268 2768 1322 quam
2800 1252 3081 1321 superiore
3116 1250 3224 1306 vita
3266 1250 3666 1309 exantlaverat,
3713 1245 3842 1299 sicut

2289 1345 2460 1398 multo
2497 1344 2679 1413 plures
2720 1344 2772 1396 in
2816 1342 2976 1397 ﬁdem
3023 1356 3175 1396 suam
3217 1336 3835 1404 administrationemque

2291 1433 2901 1504 susceperatzideoque
2956 1450 3066 1487 non
3110 1431 3291 1488 verbis
3329 1430 3459 1485 solis
3499 1444 3616 1494 eos,
3662 1426 3843 1494 quibus

2290 1540 2428 1593 opus
2466 1533 2601 1586 crat,
2637 1523 2942 1587 erudiebat,
2991 1523 3084 1577 sed
3116 1521 3366 1591 exemplo
3392 1521 3561 1574 multo
3584 1517 3750 1588 magis
3776 1515 3834 1570 ad

2291 1628 2351 1667 ea
2388 1630 2507 1684 qua:
2536 1614 2713 1667 fuerat
2733 1614 3045 1669 cohortatus
3074 1615 3339 1668 trahebat.
3385 1613 3452 1667 Et
3473 1611 3691 1682 quidem
3727 1610 3842 1663 illu-

2292 1703 2485 1758 strium
2508 1704 2771 1759 virtutum
2806 1714 2988 1775 partes
3026 1706 3098 1759 ita
3118 1714 3264 1759 recte
3298 1705 3425 1775 egit,
3455 1703 3639 1771 itaque
3663 1700 3839 1754 subse-

2289 1795 2583 1863 quentibus
2602 1810 2696 1849 eas
2719 1796 2943 1865 reliquis
2966 1810 3097 1850 usus
3133 1805 3237 1857 est,
3279 1804 3337 1848 ut
3366 1793 3515 1847 nullo
3554 1791 3713 1855 modo
3744 1805 3840 1859 prae

610 1890 716 1943 bus
745 1890 1168 1961 flocupletaudis
1209 1894 1343 1948 satis
1386 1910 1661 1964 superque
1699 1886 1915 1961 essent,
1959 1898 2186 1968 ejusque
2217 1908 2259 1964 Β
2291 1887 2669 1955 exsuperantia
2700 1886 2785 1941 vel
2819 1886 3036 1941 defectu
3075 1895 3266 1941 contra
3306 1886 3424 1940 illas
3465 1884 3838 1955 pugnantibus,

612 1981 960 2050 splendorem
992 1981 1251 2037 idoneum
1285 1985 1353 2038 ad
1380 1986 1731 2040 illustrandos
1757 1987 1856 2041 sibi
1884 1988 2189 2059 adjungen-

616 2081 719 2136 tes,
768 2080 892 2141 post
934 2087 1125 2127 omnes
1153 2076 1418 2128 honorum
1456 2074 1708 2131 Ecclesiae
1738 2078 1936 2147 gradus
1978 2079 2078 2132 rite
2109 2079 2191 2133 ci-

616 2170 809 2231 traque
837 2162 1140 2232 cujuspiam
1163 2166 1570 2219 contentionem
1591 2181 1942 2234 conscensos,
1973 2184 2097 2224 eum
2124 2169 2192 2224 ad

613 2267 888 2307 summum
935 2255 1416 2328 archiepiscopalis
1452 2257 1730 2329 dignitatis
1751 2260 1958 2330 apicem
1991 2262 2192 2317 sustol-

613 2345 728 2401 lere
766 2346 1029 2410 decrevit,
1070 2356 1129 2401 ut
1162 2364 1228 2402 ex
1264 2349 1495 2404 editiore
1544 2351 1711 2405 veluti
1756 2353 1977 2421 specula
2012 2354 2189 2423 pluri-

613 2452 733 2491 mos
765 2438 1068 2509 dirigendo,
1103 2439 1181 2493 eis
1222 2439 1466 2496 veritatis
1496 2444 1637 2496 viam
1681 2443 2102 2510 demonstraret,
2137 2454 2193 2500 et

613 2543 715 2597 per
735 2543 853 2581 eam
897 2530 1160 2599 dispulsis
1192 2532 1451 2597 tenebris,
1480 2532 1726 2609 citraque
1774 2535 2186 2602 olfendiculum,

611 2619 781 2675 veluti
814 2622 960 2677 clara
999 2622 1121 2677 luce
1169 2622 1486 2679 incedentes
1530 2628 1793 2683 erudiret.
1824 2629 2012 2698 Neque
2040 2630 2188 2684 enim

610 2717 696 2771 fas
727 2727 847 2773 crat
885 2720 1094 2790 exiguis
1122 2722 1302 2791 anguli
1332 2724 1597 2793 angustiis
1620 2740 1870 2796 magnam
1914 2728 2190 2782 occultare

608 2808 807 2875 facem,
830 2827 1008 2881 neque
1042 2815 1272 2883 perenni
1299 2815 1600 2885 ingentium
1634 2817 1921 2872 ﬂuminum
1952 2818 2189 2874 inunda-

608 2901 763 2955 tione
814 2903 1169 2971 pomariolum
1234 2905 1578 2960 hortulumve
1624 2907 1880 2979 exiguum
1939 2909 2187 2981 irrigare.

607 2993 976 3058 Quamobrem
1021 2995 1394 3051 Methoncnsis
1436 2997 1694 3052 Ecclesiae
1736 3000 2051 3053 cathedram
2104 3002 2191 3054 in-

610 3101 832 3155 gressus
867 3087 951 3156 (ea
986 3103 1117 3142 vero
1147 3098 1232 3143 est
1256 3089 1556 3144 clarissima
1574 3089 1964 3145 Messeniorum
1997 3093 2190 3149 civitas

612 3176 671 3229 in
710 3174 1105 3249 Peloponneso)
1164 3182 1349 3234 multis
1400 3181 1575 3247 illam,
1623 3190 1683 3235 ut
1733 3183 2184 3254 diligentissimus

2287 1975 2355 2031 de
2386 1976 2530 2046 regia
2579 1986 2834 2045 rectaque
2865 1977 3079 2031 illarum
3108 1976 3195 2032 via
3226 1976 3533 2037 deﬂectere,
3565 1976 3652 2030 vel
3678 1972 3838 2044 praeli-

2288 2083 2388 2122 xos
2408 2068 2673 2124 terminos
2702 2085 2941 2139 unquam
2972 2069 3244 2123 transilire
3276 2069 3427 2123 visus
3448 2070 3537 2123 sit.
3568 2067 3637 2121 Et
3680 2066 3837 2137 primo

2288 2156 2506 2227 quidem
2557 2159 2749 2224 menti,
2794 2161 2886 2215 ubi
2924 2162 3005 2215 vis
3047 2160 3257 2215 consilii
3294 2161 3455 2224 inest,
3515 2174 3613 2214 eos
3653 2157 3842 2212 addidit

2290 2249 2595 2317 prudentiae
2622 2266 2838 2316 nervos,
2885 2259 2943 2305 ut
2976 2266 3167 2306 omnes
3198 2252 3341 2306 illius
3383 2260 3565 2305 motus
3604 2249 3659 2303 in
3690 2251 3839 2303 Deum

2288 2340 2521 2394 evehere
2546 2351 2850 2411 exoptaret.
2884 2341 3013 2396 Eam
3038 2342 3235 2397 deinde
3271 2343 3436 2396 animi
3473 2350 3704 2413 partem,
3735 2355 3845 2409 qua:

2286 2431 2562 2501 voluptate
2613 2434 2841 2503 capitur,
2873 2438 3245 2504 temperantia:
3284 2435 3452 2489 frenis
3493 2435 3835 2495 moderatam,

2286 2526 2431 2581 facili
2468 2528 2682 2598 negotio
2727 2538 2843 2584 uta
2889 2530 3119 2585 terrenis
3165 2530 3233 2585 ad
3260 2530 3501 2585 C(elestia
3542 2528 3838 2583 subvolaret

2288 2620 2666 2676 condocefccit
2701 2638 2715 2677 :
2747 2632 2909 2691 atque
2952 2623 3079 2677 illuc
3117 2638 3279 2677 omne
3317 2638 3473 2676 suum
3522 2619 3839 2676 desiderium

2285 2709 2360 2764 ita
2387 2712 2643 2775 traduxit,
2693 2720 2753 2767 ut
2792 2714 2944 2783 quasi
3001 2714 3068 2769 ad
3134 2729 3221 2768 res
3258 2715 3527 2776 caducas,
3565 2726 3841 2779 earumque

2285 2816 2545 2863 amorem.
2584 2802 2673 2872 qui
2712 2804 2780 2858 ab
2831 2803 3097 2871 imperitis
3150 2803 3373 2858 innatus
3425 2811 3703 2867 censetur,
3743 2814 3839 2853 non

2285 2901 2447 2946 natus
2475 2908 2616 2959 esse,
2656 2894 2749 2949 sed
2782 2896 2960 2964 potius
2982 2894 3083 2949 hac
3119 2910 3185 2949 ex
3214 2903 3365 2965 parte
3396 2902 3646 2948 mortuus
3688 2892 3841 2945 Atha-

2289 2984 2475 3038 nasius
2526 2984 2847 3048 videretur.;
2883 2984 3099 3041 Robore
3149 3002 3369 3056 quoque
3427 2986 3598 3039 animi
3634 2994 3842 3039 eatenus

2287 3073 2620 3129 iracundiam
2656 3076 2919 3143 edomuit,
2976 3076 3153 3146 quoad
3199 3077 3486 3132 dimicaret
3527 3086 3715 3131 contra
3740 3090 3841 3129 ser-

2293 3166 2472 3234 pentis
2496 3166 2771 3232 astutiam,
2808 3168 2953 3223 unde
2985 3166 3053 3223 ad
3092 3182 3195 3223 nos
3223 3168 3416 3223 mortis
3450 3183 3720 3223 venenum
3744 3180 3844 3235 per-

607 3267 866 3337 agricola,
913 3271 1234 3325 Christiana:
1278 3273 1493 3341 pietatis
1527 3274 1724 3343 plantis
1774 3277 2043 3331 consitam
2072 3277 2192 3332 red-
2216 3268 2263 3329 C
2294 3258 2466 3323 “sui
2493 3258 2671 3326 quoad
2700 3258 2865 3313 etiam
2888 3258 3156 3316 adversus
3188 3261 3357 3314 malas
3386 3258 3843 3329 Ρθηυτδδίίοηυίη

613 3361 754 3414 didit
798 3362 1194 3429 fecundiorem,
1231 3372 1395 3433 atque
1438 3364 1574 3419 adeo
1602 3366 1670 3420 ad
1700 3376 1946 3423 maturos
1991 3369 2191 3438 jucun-

612 3453 822 3521 dosque
856 3454 1069 3509 fructus
1091 3456 1455 3524 procreandos
1477 3461 1811 3527 perennibus
1854 3477 1966 3516 sua:
1990 3463 2193 3517 doctri-

616 3559 705 3599 nae
750 3545 1176 3617 irrigationibns,
1225 3564 1324 3601 uec
1356 3562 1465 3600 non
1498 3550 1561 3604 ad
1597 3551 1841 3616 delicias,
1885 3560 1942 3607 et
1981 3568 2194 3610 amores

614 3650 801 3689 rerum
828 3638 1069 3691 omnium
1106 3639 1337 3694 Domino
1388 3642 1690 3696 adornavit.
1720 3642 1837 3696 Non
1866 3642 2011 3697 enim
2054 3645 2196 3714 turpi

615 3724 731 3778 otio
769 3739 835 3777 ac
885 3725 1093 3779 desidia
1142 3726 1429 3795 languens,
1483 3736 1541 3781 ut
1580 3728 1703 3796 quis
1751 3728 1890 3782 alius
1940 3731 2191 3784 mercede

616 3814 943 3879 conductus,
994 3816 1332 3887 assignatum
1368 3818 1470 3872 sibi
1517 3833 1749 3888 pensum
1793 3818 2061 3888 explevit;
2095 3821 2191 3875 sed

617 3915 680 3959 ut
714 3906 890 3961 bonus
933 3914 1118 3976 pastor
1143 3909 1357 3963 Domini
1388 3914 1472 3965 sui
1504 3925 1633 3965 oves
1674 3911 1997 3965 existimans
2037 3912 2189 3982 quasi

617 4013 747 4052 suas
769 3999 1092 4067 peculiares,
1126 4000 1289 4055 vitam
1321 4001 1578 4071 periculis
1607 4018 1902 4073 exponere,
1929 4019 2055 4058 cum
2102 4020 2193 4060 res

618 4099 943 4158 tempusque
980 4091 1306 4160 postularet,
1350 4091 1485 4147 nihil
1525 4109 1655 4148 sane
1692 4097 2005 4151 verebatur.
2045 4094 2192 4162 Qua-

617 4191 841 4251 propter
877 4182 931 4236 in
960 4183 1203 4238 adversis
1246 4185 1468 4241 casibus
1513 4187 1854 4255 prmeedebat
1912 4188 2187 4257 reliquos.

618 4272 675 4326 in
707 4270 1028 4341 periculosis
1054 4274 1450 4345 propugnabat,
1486 4282 1541 4328 et
1583 4278 1972 4345 aegrotantibus
2015 4276 2191 4332 medi-

618 4379 717 4417 cus
745 4362 1129 4419 inveniebatur
1150 4365 1531 4434 peritissimus,
1555 4369 1717 4422 nudis
1753 4368 1881 4423 item
1906 4376 2191 4439 tegumen-

620 4459 755 4516 tum,
809 4451 1207 4507 nutrimentum
1264 4454 1557 4522 famelicis,
1600 4457 1810 4513 maestis
1846 4458 2187 4526 consolatio,

619 4540 806 4595 dolore
855 4543 1179 4597 exanimatis
1218 4544 1470 4613 voluptas
1501 4563 1513 4599 :
1549 4555 1733 4616 atque,
1768 4556 1829 4602 ut
1874 4550 2187 4603 summatim

2287 3347 2646 3417 θρρθῑίῑίοηθε
2681 3387 2696 3413 ο
2751 3365 2952 3422 easque
3016 3362 3368 3424 suggerentes
3452 3351 3842 3407 cacodtemonas

2289 3439 2547 3495 audacter
2572 3450 3073 3509 castrametaretur,
3103 3453 3433 3513 strenueque
3485 3459 3682 3497 manus
3723 3458 3840 3497 con-

2290 3539 2523 3585 sereret.
2559 3530 2697 3585 Tum
2735 3531 2779 3586 si
2810 3533 2939 3602 quid
2969 3534 3192 3589 modum
3239 3534 3547 3597 excederet,
3595 3543 3753 3603 atque
3795 3531 3840 3584 in

2292 3617 2417 3673 vita:
2437 3619 2686 3688 partibus
2714 3621 3078 3677 adulterinum
3101 3632 3439 3687 censeretur,
3475 3638 3573 3693 per
3593 3623 3841 3693 justitiam

2294 3710 2575 3775 resecuit,
2645 3713 3075 3783 mquabilemque
3137 3715 3579 3769 distributionem
3621 3714 3844 3770 dividens

2292 3802 2568 3867 omnibus,
2597 3804 2833 3873 corpori,
2856 3804 3100 3874 inquam,
3132 3818 3187 3859 et
3209 3806 3390 3860 animo
3415 3816 3716 3875 opportuna
3733 3814 3844 3858 tem-

2294 3892 2504 3961 pcstive
2544 3895 3015 3951 subministrabat.
3062 3895 3326 3951 Servabat
3370 3913 3497 3951 vero
3526 3896 3604 3951 ita
3650 3897 3843 3950 ﬁrmum

2291 3983 2470 4040 librile
2514 3985 2660 4040 inter
2690 3986 2824 4041 illud
2864 3987 3091 4056 justitiae
3138 3987 3325 4043 lances
3360 3987 3742 4055 interpositum
3772 3985 3844 4053 ju-

2295 4092 2443 4147 gum,
2488 4090 2549 4133 ut
2582 4093 2651 4133 ne
2685 4079 2955 4133 tantillum
3001 4078 3221 4149 quidem
3267 4088 3485 4135 nutaret
3512 4098 3524 4133 :
3551 4089 3713 4149 atque
3739 4078 3843 4132 ideo

2287 4169 2495 4239 justum
2551 4171 2807 4227 omnibus
2858 4173 3146 4227 sententiae
3192 4188 3304 4228 suae
3347 4172 3471 4226 tulit
3520 4171 3841 4240 suﬂ‘ragium,

2289 4260 2623 4333 violentique
2652 4264 2970 4319 commercii
2994 4264 3213 4319 fraudes
3248 4263 3519 4319 dissolvit.
3563 4261 3745 4332 Itaque
3770 4275 3843 4314 ca-

2288 4351 2544 4407 dentibus
2570 4352 2672 4408 luit
2696 4355 2913 4419 levatio,
2941 4356 3211 4410 stantibus
3229 4354 3629 4417 fulcimentum,
3654 4352 3843 4408 uberri-

2290 4458 2379 4497 ma
2419 4445 2674 4499 omnibus
2728 4447 3051 4502 aerumnosis
3122 4447 3451 4513 liberalitas,
3502 4460 3730 4516 corpore
3772 4442 3845 4496 vel

2298 4533 2480 4588 animo
2508 4534 2944 4592 claudicantibus
2988 4538 3132 4591 idem
3168 4553 3264 4607 pes
3291 4537 3392 4591 fuit
3426 4548 3481 4592 et
3523 4546 3845 4591 sustentacu-

618 4631 969 4700 compleclar,
1006 4634 1338 4703 spectandus
1372 4645 1489 4691 erat
1515 4649 1673 4707 pater
1698 4640 1987 4709 orphanis’
2014 4640 2193 4696 viduis
2226 4623 2268 4677 D
2299 4624 2429 4680 lum.
2455 4624 2783 4682 Hominibus
2803 4629 2871 4685 dc
2890 4629 3315 4694 via,secundum
3334 4629 3578 4683 divinum
3606 4629 3789 4684 Jobum
3809 4626 3843 4689 ‘,

619 4729 902 4791 patronus,
938 4725 1197 4795 nulloque
1221 4726 1410 4781 habito
1435 4727 1671 4795 delectu,
1702 4732 1958 4786 omnibus
2002 4732 2188 4786 omnia

616 4810 816 4878 factus,
855 4821 914 4868 ut
939 4815 1200 4884 plurimos
1220 4818 1439 4874 Christo
1468 4820 1828 4877 lucrifaceret.
1857 4820 1992 4889 Quis
2008 4831 2192 4877 autem

619 4916 1014 4959 commemoret
1049 4915 1347 4963 nocturnas
1393 4924 1458 4965 ac
1510 4910 1699 4982 longas
1742 4912 2192 4981 pervigilationes

618 4999 843 5060 propter
879 4994 1009 5047 eos?
1028 4995 1277 5051 assiduos
1306 4997 1520 5054 labores
1548 5014 1612 5054 ac
1645 5000 2069 5069 sollicitudines,
2116 5018 2188 5059 ne

620 5095 728 5148 qua
768 5081 837 5136 de
876 5083 991 5138 suis
1035 5085 1229 5141 ovibus
1256 5087 1495 5143 ferarum
1532 5092 1710 5159 praeda
1754 5093 2024 5157 interiret,
2066 5109 2193 5154 ,neu

621 5184 729 5237 qua
778 5170 1124 5245 (evangelica:
1155 5180 1563 5247 praedicationis
1600 5183 1727 5237 tuba
1777 5199 1892 5238 non
1935 5184 2193 5257 canente)

621 5259 892 5317 diabolico
926 5265 1335 5336 transﬁgeretur
1372 5271 1503 5335 telo,
1530 5280 1692 5341 atque
1724 5273 1823 5329 abs
1855 5289 1915 5329 se
1946 5276 2191 5344 tandem,

2299 4729 2411 4769 suae
2430 4716 2623 4772 domus
2655 4717 2800 4773 fores
2827 4720 3085 4788 patebant
3115 4720 3369 4775 omnibus
3413 4739 3426 4775 :
3463 4722 3726 4775 nudorum
3756 4716 3844 4771 hu-

2301 4817 2478 4857 meros
2509 4807 2836 4860 vestimenta
2861 4807 2929 4862 ab
2956 4806 3253 4863 Athanasio
3282 4809 3572 4865 distributa
3605 4810 3673 4865 ad
3701 4809 3841 4863 vitam

2298 4894 2598 4960 tutandam,
2631 4896 2830 4951 mirum
2856 4905 3123 4969 quantum
3152 4898 3431 4956 fovebant.

2424 5040 2554 5096 Car.
2593 5041 2684 5097 IV.
2709 5072 2779 5083 ——
2805 5042 3054 5114 E/Iicaces
3089 5052 3159 5100 ad
3190 5063 3311 5101 suos
3348 5047 3748 5101 exhortationes.

2361 5188 2449 5243 10.
2486 5188 2631 5256 Quas
2661 5191 2732 5246 ob
2781 5206 2871 5247 res
2900 5207 2931 5246 a
2959 5190 3070 5247 Deo
3112 5192 3332 5247 tandem
3382 5192 3611 5248 sortitus
3635 5200 3716 5246 est
3740 5189 3839 5260 glo-

2292 5280 2432 5336 riam
2476 5283 2890 5352 sempiternam,
2940 5285 3215 5339 commuui
3264 5285 3510 5339 omnium
3558 5280 3841 5339 testimonio

622 5351 780 5421 cujus
816 5353 935 5407 fidei
978 5372 1193 5426 gregem
1222 5361 1543 5429 crediderat,
1589 5364 1954 5436 jugulatarum
2010 5366 2195 5421 ovium
2290 5372 2403 5443 jam
2437 5351 2828 5443 comprobatus
2853 5390 2995 5429 unus
3027 5375 3171 5430 inter
3194 5390 3386 5429 omnes
3407 5376 3524 5429 sine
3562 5372 3837 5445 cuiuspiam

623 5445 907 5514 sanguinis
944 5447 1209 5504 rationem
1245 5456 1534 5523 (repeteret
1579 5455 1761 5512 Deus?
1797 5457 1981 5529 Neque
2006 5471 2197 5516 noster

625 5532 957 5592 Athanasius
980 5539 1176 5609 aliquis
1205 5558 1272 5598 ex
1302 5545 1366 5599 iis
1387 5548 1692 5604 censendus
1722 5558 1839 5604 erat
1865 5553 1954 5621 qui
1974 5554 2197 5624 pinguia

625 5635 947 5695 mactarent,
1003 5630 1227 5690 fortiora
1258 5637 1631 5707 divenderent,
1665 5642 1866 5698 vellera
1910 5645 2200 5701 induerent

702 5808 722 5836 '
769 5808 959 5862 Matth.
1016 5828 1067 5875 v,
1126 5813 1204 5867 l6.
1282 5814 1301 5845 ⁸
1348 5813 1543 5871 Ezech.
1573 5833 1751 5880 xxxiv,
1786 5818 1807 5870 l
1846 5833 1995 5890 seqq.

2295 5465 2837 5536 querimoniajustus
2867 5474 2924 5521 et
2969 5481 3157 5520 verax.
3186 5466 3364 5535 Atque
3400 5480 3492 5519 eos
3540 5465 3629 5533 qui
3674 5474 3838 5529 super-

2294 5556 2424 5611 bam
2454 5556 2723 5610 cervicem
2752 5556 2806 5611 in
2844 5557 3011 5611 altum
3043 5555 3319 5621 eﬂ'errcnt,
3357 5555 3612 5624 suavique
3658 5545 3837 5606 Christi

2295 5648 2425 5718 jugo
2458 5647 2663 5702 nollent
2693 5648 3005 5720 subjugare,
3041 5663 3235 5720 magna
3259 5662 3383 5702 cum
3428 5644 3705 5718 prudentia
3724 5654 3834 5695 θοι]-
3885 5677 3896 5695 .

2075 5821 2094 5853 ⁸
2123 5819 2237 5877 Iob.
2277 5837 2423 5891 xxxt,
2447 5823 2533 5876 Ὦ.
