4146 6440
310 469 448 535 1373

1217 458 1499 520 ORATIO
1532 452 1918 518 FUNEBRIS
1942 452 2030 516 IN
2066 455 2136 517 B.
2170 454 2696 516 ATHANASIUM.

3427 448 3565 515 1374

305 583 585 647 vincebat,
614 596 721 650 qua
755 578 1043 648 exemplis,
1092 591 1198 645 qua
1236 569 1732 633 adhortationibus,
1774 580 1880 633 qua
1911 566 1960 623 Α
1987 580 2119 636 gans
2148 564 2400 621 Christus
2415 565 2704 632 Dominus,
2736 563 2792 617 ln
2824 577 2891 616 eo
2920 560 3240 632 pratoptavit
3265 560 3309 626 ",
3335 576 3566 631 eamque

306 678 472 731 etiam
510 674 723 729 idoneis
771 667 1264 740 objurgationibus,
1298 679 1446 718 nunc
1479 660 1713 715 terriﬁca
1760 674 1887 712 ora—

307 770 458 823 tione
486 767 768 821 delineans
798 762 1074 818 horribilis
1104 759 1289 830 judicii
1317 754 1582 815 tribunal,
1602 750 1888 807 severissi—

307 871 451 911 maui
488 855 542 908 in
592 854 791 907 throno
838 849 1082 905 sedentis
1123 847 1332 902 Judicis
1357 845 1692 914 :equitatem,
1731 856 1888 896 acer-

305 947 559 1001 bissimas
602 959 890 1015 poenarum
944 940 1333 997 dissolutiones
1388 939 1456 992 ab
1491 936 1747 991 omnibus
1788 950 1888 1003 pro

307 1038 426 1091 suis
479 1036 744 1105 cujusque
793 1031 1002 1086 meritis
1057 1030 1368 1099 exigentem
1415 1043 1430 1080 :
1476 1026 1621 1094 ipsas
1672 1036 1888 1092 quoque

303 1132 576 1201 angelicas
619 1136 834 1181 mentes
893 1122 1061 1178 torvis
1094 1121 1523 1188 ardentibusque
1571 1116 1743 1171 oculis
1791 1115 1888 1169 de-

309 1224 628 1294 spicientes,
653 1236 832 1289 neque
854 1218 1182 1272 miserantes
1211 1215 1386 1269 vicem
1415 1212 1698 1266 hominum
1724 1215 1886 1261 teter-

304 1318 393 1371 nis
429 1315 644 1386 ignibus
672 1313 1133 1381 mancipatorum,
1160 1322 1227 1362 eo
1251 1306 1377 1375 quia
1405 1314 1617 1372 tempus
1644 1316 1751 1353 non
1780 1314 1890 1368 pa:-

302 1407 574 1471 niteatize,
608 1406 706 1460 sed
737 1402 1195 1458 remunerationis
1227 1396 1556 1452 advenisset.
1595 1393 1689 1446 His
1722 1391 1887 1461 igitur

302 1500 561 1569 alloquiis
605 1497 918 1567 complures
952 1495 1018 1549 ad
1052 1495 1251 1548 bonam
1278 1490 1488 1558 frugem
1521 1483 1779 1545 correxit,
1829 1482 1886 1535 in

301 1606 515 1660 suaque
546 1588 721 1660 coegit
754 1587 914 1651 retia,
947 1585 1131 1653 itaque
1169 1581 1237 1635 ad
1270 1592 1515 1634 mensam
1539 1573 1770 1635 Christi,
1799 1571 1887 1625 cui

300 1685 365 1739 in
399 1682 576 1753 pretio
619 1696 684 1735 ac
709 1679 922 1735 deliciis
951 1685 1037 1731 est
1058 1675 1202 1730 salus
1228 1672 1539 1735 hominum,
1569 1667 1738 1723 veluti
1765 1665 1888 1733 Opi--

303 1791 506 1847 parum
549 1773 839 1829 obsonium
862 1768 1189 1824 transmisit.
1233 1764 1324 1819 Sic
1364 1763 1527 1833 igitur
1561 1759 1887 1813 attributum

306 1870 414 1925 sibi
436 1867 701 1921 talentum
730 1864 903 1920 multo
944 1859 1194 1932 pluribus
1228 1857 1504 1925 adaugens
1527 1850 1883 1913 Athanasius,
1919 1903 1961 1957 Β

314 1963 525 2031 virjam
557 1966 813 2028 spectata:
847 1952 1145 2016 ﬁdelitatis,
1182 1949 1477 2003 multarum
1505 1945 1721 1999 urbium
1746 1942 1886 1996 obti-

311 2054 435 2110 nuit
483 2050 853 2123 principatum
885 2045 997 2100 :sic
1034 2044 1090 2097 in
1125 2039 1336 2094 Domini
1380 2038 1461 2091 sui
1504 2035 1759 2107 gaudium
1804 2040 1889 2087 est

310 2148 592 2218 ingressus
618 2144 664 2207 ',
687 2156 812 2197 cum
848 2153 969 2195 sese
1018 2148 1239 2204 suaeque
1291 2146 1438 2188 curae
1471 2126 1794 2183 commissos
1826 2123 1891 2177 ﬁ-

312 2239 417 2294 lios
445 2236 795 2293 intaminatos
829 2243 994 2300 atque
1021 2229 1287 2283 innocuos
1316 2220 1675 2279 exhibuisset.

383 2371 472 2426 ll.
500 2370 799 2439 Eapropter
823 2366 1090 2438 gloriosos
1122 2362 1360 2417 honores
1388 2375 1420 2414 a
1449 2359 1563 2413 Deo
1586 2366 1671 2413 est
1693 2369 1894 2412 conse-

308 2473 495 2529 cutus,
513 2476 813 2530 omnesqne
835 2458 1238 2529 suppeditatam
1259 2454 1645 2509 sibibonorum
1666 2448 1893 2504 aﬂluen—

310 2558 445 2613 tiam
492 2554 881 2611 concelebrant
912 2549 1194 2610 mortales,
1227 2545 1477 2599 insolitos
1503 2542 1753 2597 utilitatis
1778 2538 1891 2593 fru-

309 2659 436 2703 ctus
463 2663 530 2702 ex
558 2661 665 2700 una
690 2644 811 2714 ejus
843 2641 1105 2697 memoria
1151 2640 1532 2706 decerpentes.
1562 2633 1716 2688 Sicut
1743 2631 1890 2685 enim

308 2741 571 2813 cogitatio
598 2748 654 2793 et
696 2736 985 2792 collocutio
1015 2748 1197 2788 rerum
1238 2747 1335 2785 sua
1369 2738 1561 2783 natura
1598 2726 1888 2781 vetitarum

307 2833 654 2891 auditoribus
684 2830 909 2902 pariter,
947 2826 1259 2896 pariterque
1290 2818 1748 2888 colloquentibus,
1787 2828 1892 2868 nec

304 2943 424 2983 non
451 2927 615 2981 etiam
644 2921 1004 2992 cogitantibus
1032 2914 1329 2973 identidem
1358 2912 1539 2966 nocuit
1565 2926 1579 2977 ;
1608 2909 1687 2965 sic
1709 2924 1739 2964 e
1760 2920 1895 2963 con-

307 3018 482 3073 trario
521 3017 789 3072 bonarum
837 3025 1020 3065 rerum
1069 3005 1521 3063 commemoratio
1544 3017 1655 3055 non
1680 2999 1893 3054 medio-

303 3125 437 3165 cres
467 3103 779 3163 conciliavit
807 3101 1093 3156 utilitates.
1126 3098 1314 3165 Itaque
1344 3095 1569 3157 docens,
1600 3100 1657 3145 et
1682 3090 1892 3143 faciens

303 3201 390 3253 (ut
428 3195 675 3251 divinum
706 3192 883 3261 inquit
913 3189 1191 3243 oraculum
1216 3187 1282 3254 ⁸),
1310 3183 1645 3252 ΐοοὶιίυιηηεε
1673 3178 1887 3233 docibi-

1988 658 2408 729 aggrediendam
2452 671 2567 725 prae
2602 655 2826 723 reliquis
2857 652 3126 721 discipulo
3175 650 3259 705 sui
3298 652 3564 705 amantis—

1985 750 2144 813 simo,
2173 750 2397 819 jamjam
2433 748 2755 804 Christianae
2783 747 2863 801 rei
2903 743 3194 813 imperium
3235 742 3563 810 capessenti,

1986 843 2290 914 proposuit.

2058 957 2146 1010 12.
2188 954 2419 1025 Operam
2468 952 2632 1007 etiam
2673 950 2837 1004 dabat
2888 947 3220 1002 Athanasius
3265 946 3567 1001 secundum

1984 1046 2272 1117 Propheta:
2314 1044 2593 1098 oraculum
2618 1042 2662 1106 ⁸,
2709 1048 2768 1094 ut
2803 1040 2857 1093 in
2900 1038 3100 1091 divinis
3137 1036 3423 1106 praeceptis
3456 1050 3569 1089 non

1982 1139 2127 1210 quod
2164 1147 2306 1192 esset
2338 1136 2489 1198 satis,
2524 1134 2618 1189 sed
2638 1149 2765 1187 vere
2788 1131 3017 1185 nimium
3043 1145 3106 1184 ac
3129 1144 3404 1183 summum
3431 1143 3565 1183 con-

1984 1231 2290 1300 cupisceret
2314 1246 2327 1281 :
2348 1229 2577 1295 ideoque
2598 1225 2651 1279 in
2684 1222 2990 1279 caelestium
3018 1220 3400 1274 mandatorum
3424 1228 3568 1273 terra

1982 1320 2283 1392 permansit
2303 1333 2489 1373 semen
2520 1318 2660 1385 ejus,
2695 1314 2809 1367 sive
2833 1312 2886 1366 id
2911 1310 3185 1365 exstiterit
3220 1324 3400 1363 sermo
3425 1322 3569 1377 prie-

1984 1412 2221 1484 ceptoris
2252 1411 2308 1464 in
2342 1408 2652 1463 auditorum
2679 1412 2842 1473 atque
2871 1403 3203 1456 intuentium
3231 1400 3412 1454 cordis
3436 1412 3566 1469 agro

1985 1522 2084 1578 per
2109 1499 2449 1559 admirabilia
2489 1512 2657 1568 opera
2694 1495 3116 1558 disseminatus;
3148 1492 3262 1547 sive
3295 1492 3457 1546 etiam
3501 1491 3563 1555 ii,

1985 1598 2078 1669 qui
2126 1597 2193 1650 ab
2244 1609 2310 1649 eo
2352 1590 2506 1661 quasi
2552 1586 2826 1654 concepti,
2884 1584 2938 1637 in
2988 1583 3167 1636 lucem
3214 1579 3367 1644 editi,
3404 1587 3567 1647 atque

1987 1687 2203 1747 educati
2239 1684 2507 1757 genuinos
2549 1676 2873 1734 seminantis
2919 1690 2977 1729 se
3014 1673 3155 1727 ﬁlios
3188 1672 3367 1739 reipsa
3412 1685 3565 1724 COlll-

1991 1783 2308 1856 probarent.
2361 1773 2599 1831 Omnino
2631 1770 2822 1842 gloria,
2860 1767 3218 1834 maximisque
3261 1762 3462 1817 divitia:
3510 1760 3566 1814 in

1989 1882 2150 1939 domo
2170 1874 2311 1942 ejus,
2350 1869 2403 1922 in
2429 1863 2692 1927 Ecclesia,
2716 1860 2961 1929 inquam,
2989 1872 3112 1910 cum
3126 1855 3247 1924 ejus
3265 1851 3568 1921 itemjusti—

1985 1975 2064 2030 tia
2093 1971 2149 2025 in
2198 1974 2462 2020 aeternum
2511 1960 2821 2026 perseveret
2850 1968 2865 2005 :
2899 1963 3007 2001 non
3037 1961 3265 2007 vacuus,
3321 1945 3564 2011 inquam,

1987 2061 2225 2137 gloriola:
2249 2052 2425 2110 inanis
2446 2060 2648 2111 tumor,
2672 2052 2726 2098 et
2742 2040 2895 2112 quasi
2915 2039 3098 2092 inflata
3115 2050 3377 2106 aquarum
3400 2032 3566 2095 bulla,

1987 2125 2108 2229 qua:
2123 2150 2379 2208 ocissime
2409 2137 2688 2199 evanescit
2733 2152 2746 2187 :
2790 2146 2967 2201 neque
2996 2130 3159 2184 etiam
3211 2127 3313 2180 illa:
3346 2125 3568 2188 divitiae,

1989 2221 2110 2325 quae
2128 2252 2183 2305 in
2214 2246 2435 2302 caeleste
2463 2250 2690 2307 regnum
2730 2225 3188 2286 contendentibus
3212 2221 3568 2279 reluctantur,

1989 2312 2110 2416 quae
2126 2342 2238 2397 suis
2255 2332 2590 2392 amatoribus
2606 2332 2893 2380 sescentas
2908 2320 3243 2374 calamitates
3254 2312 3541 2368 conciliant
3553 2350 3567 2375 ,

1991 2402 2112 2508 quae
2142 2435 2198 2489 in
2224 2432 2449 2500 laqueos
2477 2432 2529 2478 et
2559 2419 2783 2474 insidias
2806 2413 3004 2467 diaboli
3034 2408 3315 2479 impellunt
3336 2421 3452 2467 eos,
3477 2402 3570 2472 qui

1989 2493 2251 2585 eﬂrenata
2281 2493 2516 2591 quadam
2568 2508 2866 2579 cupiditate
2911 2499 3334 2558 insaturabiliter
3374 2511 3432 2550 se
3467 2493 3570 2548 illis

1987 2621 2177 2677 volunt
2206 2612 2519 2679 mancipare
2549 2622 2563 2659 :
2590 2618 2697 2656 non
2732 2599 2948 2654 demum
2979 2594 3083 2648 illa:
3110 2591 3373 2645 scelerum
3401 2600 3569 2654 expe-

1988 2711 2115 2765 dita:
2145 2701 2498 2761 administrari,
2516 2707 2636 2764 qua:
2662 2688 2874 2745 abunde
2894 2682 3175 2739 materiam
3200 2680 3416 2734 illorum
3442 2692 3569 2746 sug.

1988 2806 2185 2875 gerunt
2221 2789 2528 2850 incendiis:
2559 2785 2653 2838 sed
2692 2782 2802 2845 illa,
2836 2779 2923 2831 illa
2952 2774 3170 2846 quidem
3220 2770 3409 2842 gloria,
3448 2781 3570 2836 quae

1986 2856 2161 2947 beatis
2190 2881 2505 2954 angelorum
2535 2870 2809 2927 mentibus
2840 2880 2995 2936 pares
3022 2865 3294 2917 honorum
3328 2856 3565 2927 dignita-

1990 2999 2044 3041 te
2070 2988 2329 3056 prazstat;
2376 2989 2498 3044 qua:
2542 2979 2623 3024 ter
2668 2974 2917 3022 sanctum
2956 2961 3129 3014 Deum
3173 2958 3315 3011 inter
3353 2958 3571 3007 sanctos

1991 3048 2283 3149 degentem
2310 3068 2473 3125 nobis
2514 3058 2829 3133 quatumvis
2858 3056 2913 3108 in
2946 3065 3089 3107 terra
3120 3048 3349 3111 vexatis,
3384 3052 3571 3099 sancte

1993 3143 2177 3224 tamen
2220 3157 2644 3218 venerantibusf,
2692 3147 2981 3211 conciliat;
3035 3159 3155 3213 qua:
3206 3153 3447 3211 praesens
3490 3143 3573 3190 est

303 3240 390 3253 -υ-
429 3240 675 3251 unum--
1242 3240 1279 3254 ,.
1439 3240 1451 3252 .

300 3289 383 3344 les
418 3286 536 3351 Dei,
560 3292 723 3354 atque
752 3280 1093 3353 perspicaces
1119 3278 1186 3332 ad
1215 3274 1643 3332 discernendum
1674 3272 1879 3325 bonum
1914 3255 1957 3313 C
1997 3260 2191 3330 pignus
2217 3252 2454 3311 coalestis
2484 3246 2666 3319 gloriae
2696 3250 3005 3295 sanctorum
3029 3253 3045 3304 ;
3073 3250 3193 3302 (illa?
3212 3240 3398 3354 "0:"?
3424 3243 3575 3281 m0"

2055 3350 2087 3354 _.
2448 3339 2484 3354 μ
2565 3353 2605 3354 η
2652 3332 2874 3354 ΑΑΔ--ι-.
2898 3327 3092 3354 ...η-,ΗΑ
3144 3331 3199 3354 ..ι
3220 3325 3271 3354 επ
3318 3337 3347 3354 ιι
3392 3317 3573 3354 ιηιίιία)

299 3398 331 3435 a
377 3378 565 3444 malo,
606 3377 900 3430 honestum
971 3387 1002 3424 a
1044 3369 1212 3439 turpi.
1262 3367 1381 3421 Non
1433 3362 1894 3434 quemadmodum

299 3471 606 3528 Zamolxes
635 3478 690 3523 et
719 3462 1047 3520 Anacharsis
1069 3463 1221 3526 olim,
1246 3475 1478 3530 quorum
1493 3456 1741 3528 quamvis
1767 3457 1895 3509 bar-

296 3567 573 3622 barorum
598 3558 922 3629 sapientiam
945 3554 1115 3611 Graeci
1142 3553 1475 3608 admirantes
1506 3560 1893 3620 suspexerunt:

295 3670 497 3726 neque
530 3653 694 3707 etiam
722 3659 782 3705 ut
820 3648 966 3719 apud
1007 3647 1308 3716 Spartiatas
1338 3644 1661 3714 legumlator
1685 3643 1894 3712 Lycur-

300 3766 431 3823 gus,
474 3746 722 3801 Mnesion
769 3743 912 3813 apud
958 3740 1215 3811 Argivos,
1267 3737 1410 3807 apud
1447 3735 1624 3807 Pylios
1664 3734 1884 3798 Nestor,

305 3840 473 3910 cujus
502 3849 810 3890 sermonem
839 3831 999 3886 melle
1042 3829 1342 3884 dulciorem
1381 3827 1550 3881 edixit
1584 3824 1894 3888 Homerus;

304 3947 421 3988 non
456 3928 677 3983 demum
708 3925 787 3979 uti
820 3925 1002 3994 legum
1020 3930 1301 3978 sanctores
1325 3918 1490 3972 Solon
1509 3927 1562 3971 et
1586 3915 1895 3971 Clisthenes

305 4022 457 4093 apud
501 4016 901 4073 Athenienses:
927 4014 1019 4083 qui
1058 4027 1190 4067 sane
1219 4025 1410 4065 onmes
1437 4025 1545 4062 non
1578 4008 1740 4061 modo
1772 4005 1895 4058 ﬁni-

306 4116 466 4173 timis
509 4110 734 4166 Graeciae
777 4107 993 4178 p0pulis
1018 4115 1078 4160 ut
1099 4120 1229 4159 suas
1257 4102 1563 4171 reciperent
1594 4100 1760 4169 leges,
1801 4112 1897 4152 ea-

306 4220 548 4277 rumque
594 4201 914 4274 praascripto
947 4198 1217 4257 viverent,
1258 4210 1370 4249 non
1420 4198 1750 4255 suaserunt;
1800 4186 1896 4243 sed

302 4318 378 4358 ne
407 4300 520 4355 illis
548 4298 792 4368 quidem,
834 4293 976 4364 apud
1009 4306 1146 4361 quos
1188 4290 1337 4358 leges
1368 4287 1626 4349 tulerant,
1660 4292 1720 4338 ut
1748 4283 1812 4337 ad
1837 4282 1899 4335 ﬁ-

302 4411 435 4451 nem
474 4404 650 4460 usque
697 4387 1019 4441 retinerent.
1062 4382 1219 4436 Nunc
1247 4380 1469 4442 etenim,
1511 4392 1637 4431 cum
1673 4376 1896 4430 easdem

304 4488 531 4544 illorum
569 4483 715 4553 leges
745 4478 1042 4535 velleribus
1080 4473 1421 4538 coronarint,
1468 4482 1562 4524 aut
1615 4476 1898 4540 unguento

302 4580 461 4635 velut
482 4572 805 4630 hirundines
828 4567 1191 4641 perlinierint,
1212 4578 1557 4634 nequaquam
1589 4575 1681 4615 eas
1707 4558 1897 4613 audire

299 4671 622 4744 patiuntur.
678 4664 787 4719 Sed
818 4677 947 4718 vero
976 4658 1183 4716 Christi
1222 4654 1453 4718 Domini,
1505 4654 1733 4723 ejusque
1763 4665 1892 4721 per-

300 4763 634 4836 pessionum
676 4757 821 4827 leges
850 4769 950 4809 suo
978 4751 1161 4806 ferens
1193 4746 1362 4819 gregi,
1401 4744 1574 4799 effusa
1601 4744 1896 4798 admodum

298 4873 433 4913 cum
489 4852 676 4908 laetitia
712 4846 1022 4919 complecti,
1062 4852 1118 4899 et
1162 4844 1355 4897 illmsas
1405 4841 1472 4896 ad
1516 4840 1681 4893 ﬁnem
1724 4848 1900 4904 usque

297 4952 430 5008 vitm
455 4945 737 5003 custodire
765 4940 1038 5015 persuasit
1060 4946 1246 4993 noster
1261 4932 1616 4990 Athanasius.
1642 4929 1737 4985 Vir
1750 4929 1899 4983 enim

297 5060 440 5100 vero
480 5042 693 5105 beatus,
729 5037 932 5107 quippe
965 5034 1056 5105 qui
1089 5049 1200 5087 non
1222 5030 1439 5095 rudem,
1468 5037 1524 5083 et
1555 5027 1664 5081 Deo
1692 5023 1900 5079 servire

302 5128 786 5205 aggredientium,
838 5126 935 5180 sed
978 5124 1282 5195 perfectum
1344 5120 1419 5176 ibi
1475 5121 1891 5186 comparaverat

301 5225 560 5280 divinum
610 5220 861 5274 timorem
916 5235 928 5272 :
980 5214 1184 5270 etenim
1226 5210 1540 5267 vehementi
1611 5206 1893 5263 Christum

303 5328 502 5371 amore
541 5311 994 5382 prosequebatur.
1032 5307 1201 5377 Cujus
1234 5304 1451 5376 propria
1483 5303 1560 5357 rei
1607 5311 1756 5369 nota,
1793 5314 1896 5354 n0-

303 5408 511 5477 bisque
537 5404 643 5460 ﬁde
663 5404 887 5474 dignum
911 5409 1032 5457 esto
1060 5407 1463 5468 argumentum,
1484 5392 1897 5466 diligentissima

302 5503 361 5557 in
393 5499 651 5571 proprios
680 5511 875 5570 greges
912 5494 1197 5567 vigilantia
1227 5509 1292 5548 ac
1328 5490 1694 5562 providentia,
1733 5502 1897 5557 quam

304 5609 481 5652 unam
512 5608 625 5663 pra:
651 5591 838 5647 multis
868 5590 1135 5646 virtutum
1172 5587 1384 5651 formis,
1410 5585 1631 5641 Petrum
1663 5582 1896 5637 interro-

379 5830 401 5859 ⁸
446 5822 638 5881 Μίιτιιι.
669 5842 795 5893 xxv,
848 5825 937 5881 21.

302 5911 498 5961 usu",
538 5899 583 5950 l.

1018 5825 1038 5856 ⁶
1067 5822 1226 5878 Juan.
1289 5836 1361 5887 vi,
1398 5820 1485 5876 45.

1564 5822 1583 5853 ⁷
1621 5818 1777 5876 Joan.
1820 5831 1943 5883 xxt,

1999 3317 2189 3405 talium
2222 3317 2519 3415 prmcordia
2552 3353 2617 3392 eo
2643 3327 3113 3402 complctgaudio,
3144 3322 3347 3378 utinde
3372 3317 3573 3373 laetitia:

1996 3414 2324 3497 immortalis
2358 3431 2609 3487 cumulus
2654 3423 2941 3481 redundet.
2976 3416 3188 3472 Divitis:
3214 3414 3432 3467 demum
3462 3423 3574 3462 non

1994 3530 2205 3591 inanes,
2237 3538 2371 3594 quas
2403 3536 2503 3575 nec
2523 3518 2692 3582 fures,
2720 3528 2824 3568 nec
2853 3511 3091 3564 latrones
3120 3502 3408 3558 effodiunt.

2139 3639 2273 3694 CAP.
2306 3635 2373 3691 V.
2399 3662 2469 3674 —-
2496 3630 2733 3685 Hernica:
2764 3625 2999 3679 virtutes.
3030 3649 3100 3678 -.—-
3132 3612 3455 3675 Miracula._

2066 3755 2155 3809 15.
2191 3752 2409 3813 Beatus,
2447 3756 2503 3802 et
2544 3760 2602 3800 re
2638 3741 2859 3814 quidem
2904 3751 3034 3791 vera
3072 3738 3295 3787 sanctus
3329 3726 3577 3780 Athana-

1995 3847 2108 3902 sius
2152 3843 2393 3899 :etenim
2442 3841 2507 3904 is,
2544 3851 2723 3905 neque
2774 3833 2828 3887 in
2869 3826 3102 3885 concilio
3139 3821 3429 3893 impiorum
3480 3834 3580 3871 uu-

1995 3951 2157 4006 quam
2185 3941 2438 3989 versatus
2466 3938 2573 3992 est,
2605 3942 2785 3996 neque
2807 3926 2862 3977 in
2890 3917 3277 3977 blaterantium
3299 3913 3577 3974 obscrena,

1998 3999 2246 4094 t-urpiave
2281 4018 2714 4092 perpetrantium
2777 4012 3038 4068 cathedra
3096 4003 3346 4061 consedit
3376 4003 3433 4067 9;
3483 3999 3580 4053 sed

2001 4124 2258 4184 tanquam
2316 4108 2641 4165 immortalis
2711 4104 2875 4159 arbor
2926 4110 3043 4155 sata
3103 4112 3263 4151 secus
3317 4093 3579 4162 irriguum

2002 4206 2204 4263 Christi
2238 4201 2534 4259 Salvatoris
2562 4197 2946 4269 profluentem,
2978 4204 3139 4260 quem
3170 4188 3259 4241 hic
3285 4185 3353 4239 de
3388 4192 3583 4237 ventre

2004 4299 2059 4353 in
2092 4313 2150 4353 se
2184 4294 2523 4351 credentium
2546 4296 2929 4346 emanaturum
2962 4280 3236 4353 pollicitus
3256 4285 3358 4331 est.
3390 4274 3583 4329 Nullus

2003 4390 2059 4445 in
2076 4404 2173 4444 ore
2199 4388 2319 4458 ejus
2344 4386 2503 4440 dolus
2532 4380 2930 4439 inveniebatur,
2962 4373 3057 4430 sed
3078 4373 3189 4426 sola
3224 4368 3315 4423 Dei
3343 4364 3580 4435 eloquia,

2006 4483 2065 4539 in
2116 4482 2314 4551 quibus
2364 4475 2773 4533 sanctissimum
2822 4471 2925 4527 sibi
2974 4466 3243 4538 quoddam
3287 4459 3581 4530 hOSpilium

2006 4568 2521 4634 secreverat.‘,V'isus
2542 4567 2705 4621 etiam
2732 4572 2815 4618 est
2846 4571 2928 4616 ter
2955 4560 3045 4613 ille
3076 4552 3448 4614 felicissimus,
3475 4549 3583 4604 sic-

2000 4673 2058 4718 ut
2106 4679 2265 4718 mons
2314 4660 2468 4724 Sion,
2498 4659 2587 4729 qui
2624 4656 2833 4711 habitat
2866 4653 2920 4706 in
2952 4666 3091 4705 nova
3116 4643 3585 4707 Jerusalem,'non

1998 4756 2140 4810 enim
2172 4753 2608 4810 commovebitur
2650 4748 2704 4801 in
2739 4754 3007 4801 aeternum
3046 4740 3129 4805 ‘°;
3174 4734 3471 4803 oculosque
3516 4731 3586 4785 ad

1998 4848 2172 4903 Deum
2231 4846 2487 4901 attollens
2522 4857 2633 4896 non
2676 4837 2891 4894 tardum
2922 4832 3048 4887 inde
3089 4827 3265 4885 sensit
3298 4824 3583 4879 auxilium.

1999 4941 2344 5009 Quapropter
2374 4952 2497 5006 quae
2538 4932 2751 5005 gaudia,
2781 4938 2945 5000 atque
2976 4927 3257 4982 hodiernre
3280 4924 3418 4979 lucis
3442 4921 3587 4976 laeti-

2003 5034 2088 5088 tia:
2120 5037 2520 5102 proponuntur,
2571 5026 2769 5081 iisdem
2796 5038 2906 5077 non
2934 5022 2999 5075 ad
3025 5021 3193 5075 breve
3221 5027 3456 5087 tempus,
3489 5013 3588 5068 sed

2002 5122 2388 5181 immortaliter
2410 5120 2501 5174 hic
2518 5119 2777 5186 frequens
2802 5113 3118 5168 auditorum
3137 5124 3401 5163 numerus
3443 5105 3591 5160 oble-

1998 5226 2179 5274 ctetur
2217 5232 2230 5268 :
2262 5214 2464 5285 quippe
2500 5226 2621 5280 quae
2666 5206 3036 5265 cumanimos
3053 5204 3331 5273 voluptate
3351 5200 3587 5270 quadam

1998 5305 2353 5378 perfundant,
2382 5302 2448 5357 ad
2474 5301 2824 5355 Divinitatem
2844 5313 2911 5351 ex
2943 5294 3227 5349 Athanasii
3272 5291 3583 5346 imitatione

1996 5399 2309 5454 sustollant.
2339 5395 2414 5449 Eo
2446 5394 2572 5463 quia
2603 5391 2768 5447 etiam
2800 5389 2845 5443 is
2880 5389 3059 5442 adhuc
3086 5382 3434 5440 mortalitatis
3465 5381 3583 5450 pul-

1996 5507 2124 5546 vere
2158 5490 2449 5553 obductus,
2484 5486 2552 5540 ad
2595 5485 2700 5539 hoc
2742 5481 2962 5536 virtutis
2992 5479 3289 5548 fastigium,
3321 5483 3579 5542 tanquam

1996 5598 2245 5655 procera,
2277 5588 2600 5648 eomataque
2647 5575 2829 5639 arbor,
2866 5571 3141 5643 pervenit,
3169 5568 3238 5622 ad
3272 5581 3368 5621 eos
3402 5564 3580 5634 respi-

2009 5815 2098 5870 ao.
2176 5810 2363 5866 "I’sal.
2426 5823 2534 5871 CXI,
2589 5805 2640 5861 1.
2720 5798 2909 5857 aestu.
2960 5812 2996 5865 I,
3049 5797 3075 5853 ι
3141 5808 3293 5866 seqq.
3376 5792 3599 5850 "Psal.
