4146 6450
630 427 771 493 1375

1746 424 1976 482 PETRI
2018 424 2397 486 ARGQRUM
2441 425 2782 487 EPISCOPI

3786 429 3898 492 1376

623 537 798 598 ciens,
843 531 938 603 qui
973 530 1086 587 Deo
1113 529 1332 584 fuerant
1359 531 1600 601 gratiam,
1634 539 1798 600 atque
1841 544 2034 584 eorum
2089 529 2216 583 vitae
2250 542 2292 590 Α
2323 533 2780 599 contemplatione
2813 532 3110 590 frueretur.
3142 535 3273 591 Elite
3307 544 3480 606 atque
3512 533 3701 590 Elisrei
3729 540 3902 594 asceti-

623 623 913 693 exemplis,
942 622 1101 692 quasi
1138 622 1258 677 luce
1295 622 1531 692 quadarn
1577 621 1680 676 sibi
1734 622 1877 676 viam
1917 622 2216 693 gradiendo

625 735 640 770 (
656 717 945 774 onstravit.

702 856 790 910 M.
833 854 967 922 Quis
1009 856 1155 911 enim
1214 853 1499 909 Athanasii
1567 853 1998 924 hospitalitatem
2025 891 2040 914 ,
2090 851 2217 906 ﬁdei

629 963 847 1018 quoque
877 948 1258 1003 inimitabilem
1302 946 1596 1017 puritatem
1645 946 1930 1008 intuendo,
1965 945 2068 998 sibi
2115 959 2210 1013 pa-

636 1041 934 1096 triarcham
981 1041 1354 1096 Abrahamum
1385 1039 1571 1094 videre
1601 1055 1712 1093 non
1752 1036 2045 1093 videatur?
2089 1036 2216 1106 quis

643 1139 984 1185 constantem
1021 1132 1140 1201 ejus
1182 1130 1551 1191 tolerantiam,
1580 1136 1744 1197 atque
1770 1128 1823 1181 in
1848 1127 2014 1181 rebus
2034 1126 2218 1180 omni-

630 1222 756 1286 bus,
785 1237 920 1293 quas
955 1223 1261 1277 destinarat
1306 1221 1472 1287 Deus,
1514 1221 1858 1277 tractabilem
1887 1220 2208 1274 facilitatem

630 1313 1006 1375 considerans,
1057 1313 1289 1368 alterum
1327 1312 1582 1367 Isaacum
1633 1311 1805 1365 oculis
1843 1325 2073 1364 cernere
2112 1307 2218 1364 sibi

630 1420 742 1459 non
765 1404 1138 1472 persuadeat?
1178 1403 1311 1470 Quis
1345 1404 1400 1458 in
1424 1402 1672 1458 adversis
1702 1402 1923 1458 casibus
1953 1403 2073 1472 ejus
2099 1402 2218 1455 ani-

630 1497 705 1552 mi
740 1497 1178 1568 magnitudinem
1210 1512 1274 1551 ac
1297 1495 1648 1559 soliditatem,
1686 1509 1898 1548 morum
1938 1493 2067 1548 item
2101 1493 2220 1549 sine

631 1588 760 1644 fuco
788 1596 845 1642 et
892 1588 1121 1643 fallaciis
1165 1588 1532 1658 integritatem
1564 1587 1878 1648 attendens,
1914 1584 2082 1641 Jacob
2115 1585 2218 1641 sibi

630 1679 741 1750 iam
772 1679 965 1734 adesse
992 1695 1100 1734 non
1120 1679 1414 1749 opinetur?
1437 1677 1570 1744 Quis
1599 1677 1651 1731 in
1681 1677 1981 1732 Athanasio
1996 1675 2220 1748 Iosephi

631 1770 1078 1839 temperantiam,
1140 1769 1468 1824 modestiam
1514 1776 1571 1822 et
1611 1768 1936 1838 injuriarnm
1977 1769 2219 1824 toleran-

635 1862 790 1923 tiam,
822 1876 852 1913 a
885 1861 1150 1915 fratribus
1189 1861 1317 1915 odio
1353 1876 1412 1915 se
1438 1861 1902 1930 prosequentibus
1934 1877 1997 1916 ac
2037 1861 2222 1915 diven-
2255 1877 2294 1948 Β
3413 1861 3713 1922 ”ῗ’¹’“”ῗ’”
3747 1861 3886 1964 ψῗιξν

635 1951 890 1981 amna“...
923 1951 1149 1981 ...ηιςηηι
1183 1952 1320 1981 ;η;..η
1344 1951 1605 1981 ﬁmum“.
1660 1958 1786 1981 ...ιιη
1810 1953 1995 1981 mm“...
2023 1954 2224 1981 unum-..
2547 1947 2562 1959 ‘
2753 1947 2769 1972 9
3351 1925 3601 1980 per'ensv
3633 1926 3694 1965 ιη
3731 1927 3818 1981 (ιυι
3857 1926 3908 1964 “5

633 1951 894 2005 dentibus
922 1951 1150 2022 gratiam
1183 1952 1321 2006 inire
1344 1951 1635 2015 studentis,
1658 1958 1787 2006 ante
1809 1953 1998 2007 oculos
2023 1954 2225 2008 habere

635 2059 748 2097 non
769 2043 1058 2098 censeret?
1091 2043 1226 2110 Quis
1253 2043 1374 2114 ejus
1395 2043 1619 2099 minime
1645 2045 1945 2114 abjectum.
1981 2045 2078 2100 sed
2099 2061 2226 2100 vere

640 2151 970 2206 generosum
1015 2137 1260 2190 animum
1319 2137 1374 2190 in
1415 2137 1824 2192 occursantium
1853 2154 2226 2194 aerumnarum

640 2229 941 2300 repentinis
969 2231 1233 2284 molestiis
1253 2229 1524 2300 patiendis
1556 2232 1940 2303 perpendens,
1978 2231 2227 2286 invictis-

641 2320 767 2374 simi
809 2319 929 2376 .lohi
965 2321 1260 2390 imaginem
1303 2321 1374 2375 ob
1409 2322 1601 2376 oculos
1635 2321 1740 2376 sibi
1788 2323 2071 2377 obversari
2115 2336 2229 2376 non

643 2415 891 2469 diceret?
921 2414 1118 2486 Moysis
1147 2415 1311 2469 etiam
1350 2423 1405 2469 et
1431 2415 1613 2469 Aaron
1637 2415 2088 2485 placabilitatcrn,
2111 2429 2227 2468 mo-

643 2521 732 2560 res
752 2507 890 2562 citra
922 2507 1409 2578 reprehensionem
1443 2507 1625 2572 mites,
1663 2508 2012 2577 d-ivinamque
2039 2520 2232 2561 eorum

643 2599 1205 2668 contemplationem,
1248 2599 1511 2654 mortales
1563 2600 1874 2670 rapientem
1932 2599 2232 2667 sublimes,

645 2689 984 2745 imitabatur.
1032 2690 1245 2747 Justam
1275 2706 1496 2762 quoque
1526 2691 1763 2746 Phinees
1797 2691 2234 2760 indignationem

647 2780 1032 2844 aemulabatur,
1076 2797 1188 2836 non
1219 2781 1398 2836 ferreo
1440 2783 1675 2853 pugione
1709 2782 1891 2853 legum
1940 2781 2236 2836 violalores

645 2871 1079 2938 confodientem,
1113 2873 1210 2928 scd
1238 2890 1386 2929 nunc
1417 2874 1626 2944 asperis
1659 2882 1715 2928 et
1759 2873 1963 2927 severis
1989 2872 2238 2927 mulcen.

647 2973 783 3031 tem,
819 2982 970 3022 nunc
993 2967 1248 3022 mollibus
1265 2976 1320 3022 et
1345 2967 1563 3021 blandis
1585 2966 1838 3036 alloquiis
1866 2974 2233 3029 coercentem,

649 3059 919 3114 scelerum
960 3074 1186 3125 cursus,
1234 3067 1290 3114 et
1335 3057 1635 3129 injuriosos
1677 3058 1732 3112 in
1793 3056 1956 3111 obvia
2005 3070 2237 3126 qumque

651 3153 912 3220 impetus.
946 3151 1438 3206 Verumenimvero
1457 3167 1584 3207 eum
1615 3166 1676 3207 se
1708 3149 1980 3218 praestitit,
2011 3149 2107 3219 qui
2133 3161 2237 3203 nec

651 3241 1026 3298 dehiscentem
1055 3249 1258 3296 terram
1307 3240 1550 3296 efficeret
1591 3240 1844 3311 sepulcra
1891 3255 2104 3300 eormn,
2146 3237 2239 3308 qui
2268 3228 2314 3286 C

653 3333 714 3387 in
754 3339 1165 3387 sacrosanctum
1203 3330 1576 3389 sacerdotium
1619 3331 1882 3386 audacter
1907 3330 2246 3400 petulanter-

655 3438 762 3493 que
785 3438 885 3493 per
907 3422 1222 3493 superbiam
1247 3420 1626 3476 efferebantur
1651 3436 1668 3483 ;
1695 3435 1801 3474 nec
1830 3418 2064 3473 ﬂammis
2088 3417 2248 3473 addi-

655 3525 874 3570 ceretur
928 3514 1075 3585 quod
1125 3513 1328 3584 impius
1381 3513 1564 3583 legum
1623 3512 1855 3568 violator
1911 3512 2246 3578 abstulerat;

657 3605 1041 3676 hujuscemodi
1087 3605 1236 3659 enim
1285 3604 1531 3675 prodigia
1576 3604 1630 3659 id
1671 3604 1848 3659 aetatis
1894 3604 2246 3674 exposcebant.

660 3699 770 3754 Sed
811 3713 942 3754 vero
995 3697 1278 3751 hominem
1331 3697 1626 3767 quemdam
1687 3695 1886 3750 similia
1935 3703 2248 3766 patrantem

662 3790 998 3845 Athanasius
1032 3805 1258 3849 suarum
1289 3804 1512 3859 precum
1544 3788 1597 3843 vi
1625 3787 2041 3842 insensibilibus
2072 3788 2250 3842 solum

663 3882 912 3938 viduavit
945 3882 1366 3953 capillamentis,
1401 3898 1523 3953 quat
1547 3881 1770 3952 quidem
1794 3881 2011 3950 corpori
2044 3895 2112 3935 ex
2155 3896 2254 3938 su-

665 3973 979 4045 perﬂuitate
1012 3975 1408 4041 adnascuntur,
1442 3988 1625 4044 neque
1655 3988 1779 4027 cum
1811 3972 2016 4027 adsunt
2047 3974 2114 4027 ad
2145 3973 2254 4026 hu-

665 4084 844 4124 mana:
865 4068 1120 4124 essentia
1153 4066 1361 4123 faciunt
1389 4066 1868 4132 constitutionem,
1897 4080 2075 4135 neque
2100 4065 2254 4120 abla-

665 4168 722 4215 ta
768 4166 972 4216 nocent
1005 4158 1138 4214 :sed
1174 4173 1300 4213 cum
1341 4157 1616 4229 piaculare
1664 4156 1821 4212 nefas
1873 4157 2143 4213 audaculo
2191 4171 2259 4214 ac

666 4251 960 4308 temerario
989 4252 1166 4307 solum
1199 4251 1444 4307 indicent
1462 4292 1476 4318 ,
1508 4251 1578 4306 ad
1602 4250 1984 4322 paenitendum
2009 4251 2254 4322 adigunt,

666 4355 724 4402 tt
754 4347 823 4402 ad
860 4345 1059 4402 nefarii
1100 4345 1329 4402 sceleris
1375 4343 1582 4417 fugam,
1619 4357 1682 4400 et
1710 4344 1828 4399 vitii
1860 4343 2260 4400 succrescentis

669 4449 977 4496 tonsuram.

2319 639 2441 678 eam
2483 625 2788 696 duramque
2836 628 2963 683 vitae
2990 629 3284 691 rationem,
3320 630 3504 683 zelum
3541 644 3786 697 quoque,
3827 632 3905 684 sed

2317 729 2428 769 non
2475 715 2629 786 ignes
2659 717 3051 787 exspirantem,
3094 727 3179 773 est
3223 720 3496 781 imitatus,
3541 732 3730 786 neque
3765 719 3906 771 etiam

2318 805 2565 862 ﬂammas
2595 808 2663 862 de
2691 810 2974 878 superiore
2997 811 3117 865 loco
3145 811 3445 873 deducens,
3469 809 3792 877 impiosque
3809 825 3905 862 cte-

2318 897 2549 951 lcstibus
2616 898 2884 954 incendiis
2947 902 3280 955 comburens
3333 917 3348 955 :
3393 915 3592 969 neque
3652 899 3909 968 injuriosis

2318 989 2666 1043 contumeliis
2691 989 3068 1046 conviciantes
3095 993 3364 1047 exhibens
3386 992 3632 1063 epulum
3661 991 3792 1046 feris
3805 1008 3910 1046 san-

2312 1081 2574 1152 guinariis
2621 1083 2768 1152 (nam
2828 1083 2992 1138 etiam
3032 1083 3149 1139 haec
3183 1085 3405 1154 antiqua
3440 1084 3548 1138 illa
3591 1083 3910 1152 exposcebat

2312 1185 2484 1239 aetas,
2532 1174 2642 1230 Deo
2682 1176 3001 1231 vulneribus
3052 1177 3312 1232 curandis
3346 1175 3641 1232 severiora
3687 1176 3908 1229 remedia

2316 1265 2770 1338 adhibente),sed
2828 1268 3104 1338 gravibus,
3142 1283 3264 1336 quae
3296 1268 3452 1322 talem
3505 1265 3789 1322 decebant
3824 1265 3911 1320 (ιον

2327 1370 2559 1426 ctorem,
2600 1359 2871 1428 alloquiis,
2922 1360 3119 1414 divina:
3161 1361 3441 1430 sapientia:
3478 1360 3604 1415 sale
3633 1357 3891 1423 conditis,

2321 1451 2556 1520 vitaeque
2597 1451 2833 1507 innoxiae
2868 1452 3152 1518 consonis,
3197 1452 3512 1522 complures
3552 1450 3893 1504 facinorosos

2325 1541 2390 1596 ad
2436 1541 2634 1596 bonam
2688 1541 2902 1610 frugem
2958 1543 3470 1613 corrigensznovit
3553 1543 3712 1597 enirn
3778 1556 3911 1596 more

2323 1630 2532 1686 Christi
2587 1631 2801 1686 Domini
2875 1632 3164 1702 pacificare
3216 1648 3313 1687 eos
3358 1633 3451 1702 qui
3506 1643 3652 1688 sunt
3699 1631 3914 1700 Spiritus

2327 1723 2419 1777 filii
2450 1723 2512 1780 “.
2559 1724 2682 1779 Fuit
2710 1725 2874 1780 etiam
2902 1726 3007 1789 vir,
3044 1726 3265 1780 beatum
3299 1724 3590 1780 Danielem
3618 1734 3836 1779 secutus
3855 1723 3908 1790 “,

2328 1815 2662 1885 spiritalium
2696 1815 3120 1880 desideriorum,
3151 1815 3383 1871 viriliter
3412 1817 3713 1887 corporeis
3747 1816 3910 1870 illece-

2326 2000 2498 2054 Deum
2555 1999 2898 2057 manifestius
2946 2001 3237 2058 inveniret.
3299 2003 3442 2057 Idem
3481 2020 3717 2074 quoque
3762 2005 3909 2057 trium

2324 2091 2575 2160 exemplo
2612 2091 3026 2146 adulescentum
3056 2093 3201 2164 apud
3254 2092 3592 2166 Babylonem
3633 2107 3908 2164 corporea-

2326 2197 2448 2237 rum
2478 2181 2724 2239 flammas
2762 2184 3127 2254 voluptatum,
3145 2185 3312 2240 veluti
3337 2187 3552 2258 sopitas
3574 2187 3693 2257 jam
3721 2186 3909 2240 favillas

2327 2275 2671 2344 despiciens,
2711 2285 2767 2330 et
2805 2276 3040 2332 subinde
3093 2277 3426 2333 reviviscens
3485 2278 3808 2333 incendium
3851 2278 3906 2332 de

2333 2367 2516 2422 subito
2576 2368 2942 2433 conculcavit,
2988 2384 3060 2424 ne
3107 2385 3214 2439 qua
3257 2371 3472 2425 ratione
3519 2369 3632 2426 sibi
3681 2370 3736 2423 in
3766 2368 3907 2423 corde

2335 2459 2652 2529 hujusmodi
2683 2460 2951 2530 imagines
2987 2460 3432 2527 immorarentur,
3468 2459 3904 2532 ipsarumquele-

2336 2550 2535 2606 thifera
2601 2551 3026 2623 contagiosaque
3085 2552 3228 2607 idola
3282 2552 3532 2607 venerari
3593 2549 3906 2606 Athanasius

2335 2641 2637 2696 videretur.

2417 2734 2503 2789 16.
2531 2733 2684 2800 Quod
2717 2733 2762 2788 si
2805 2734 3134 2790 sanctissimi
3169 2734 3315 2789 illius
3348 2732 3584 2789 Joannis
3616 2733 3749 2804 (quo
3767 2744 3906 2786 nemo

2343 2826 2489 2882 inter
2537 2837 2698 2881 natos
2742 2827 3034 2881 mulierum
3075 2829 3313 2882 surrexit
3341 2827 3539 2897 major,
3571 2827 3668 2897 qui
3696 2825 3903 2896 primum

2343 2919 2538 2976 vivens
2582 2919 2725 2989 apud
2770 2919 2963 2983 vivos,
3014 2920 3214 2975 deinde
3247 2930 3498 2976 mortuus
3546 2919 3696 2990 apud
3730 2915 3904 2970 inferos

2346 3027 2510 3067 verus
2542 3010 2746 3067 Christi
2770 3012 3092 3082 prodromus
3109 3012 3479 3080 praecucurrit,
3496 3011 3594 3082 qui
3620 3008 3898 3064 venientem

2349 3102 2686 3158 Salvatorem
2727 3111 2783 3158 et
2822 3103 3168 3158 liberatorem
3210 3103 3420 3169 edixit,
3466 3111 3525 3158 et
3571 3103 3630 3157 in
3697 3098 3904 3156 Iordane

2345 3194 2523 3250 abluit
2543 3195 2715 3260 illum,
2739 3195 2832 3265 qui
2851 3205 3199 3264 peccatorum
3223 3204 3532 3250 nostrorum
3559 3197 3712 3250 labes
3732 3191 3902 3248 ibidem

2346 3286 2630 3354 demersit)
2663 3301 2980 3356 expressam
3021 3287 3341 3358 imaginem,
3371 3287 3670 3358 vivamque
3700 3281 3900 3353 efﬁgiem

2347 3379 2628 3434 desideres
2670 3376 2908 3440 intueri;
2950 3377 3046 3432 tibi
3087 3393 3297 3447 ponas,
3341 3393 3524 3447 quaeso
3551 3419 3566 3442 ,
3620 3377 3692 3431 ob
3741 3371 3902 3428 oculos

2349 3469 2618 3524 ﬂuxarum
2653 3477 3107 3538 terrenarumque
3135 3483 3320 3523 rerum
3359 3458 3897 3538 despicientiam,cibi

2350 3562 2724 3626 Sobrietatem,
2783 3561 3010 3614 uberem
3056 3560 3274 3615 dicendi
3319 3560 3653 3622 libertatem,
3692 3563 3899 3611 mentem

2351 3653 2516 3708 nullis
2539 3652 3042 3722 perturbationibus
3068 3651 3360 3706 obnoxiam
3393 3669 3408 3718 ;
3440 3653 3718 3721 quomodo
3744 3648 3789 3701 in
3811 3643 3900 3714 pri-

2354 3753 2530 3798 mates
2574 3757 2641 3798 ac
2684 3742 2944 3814 dynastas
2967 3743 3219 3797 invectus
3256 3758 3352 3797 eos
3374 3744 3746 3813 redargueret,
3783 3733 3898 3806 quod

2352 3843 2716 3891 sacrosanctae
2743 3833 2838 3889 Dei
2869 3834 3015 3907 leges
3047 3834 3376 3906 posthabita;
3395 3833 3506 3904 jam
3538 3835 3900 3889 submoveren—

2357 3938 2467 3994 tur,
2524 3937 2689 3998 atque
2741 3927 2906 3984 etiam
2944 3928 3420 3984 conculcarentur.
3471 3926 3736 3980 Attendas
3769 3919 3900 3974 etiam

2353 4022 2764 4079 adhortationes
2791 4021 2860 4078 ad
2890 4019 3290 4092 paenitentiam,
3324 4029 3380 4075 et
3415 4018 3747 4074 indicantem
3765 4010 3899 4082 digito

2356 4114 2636 4170 Christum
2671 4118 2740 4176 ab
2785 4114 2878 4169 illo
2904 4114 3262 4184 baptizatum,
3311 4113 3510 4167 iterum
3550 4119 3822 4166 venturum
3848 4098 3899 4154 ad

2357 4222 2552 4263 omnes
2596 4206 2948 4278 judicandos,
3006 4220 3070 4260 ac
3109 4221 3207 4276 pro
3261 4205 3374 4259 suis
3416 4204 3684 4274 cujusque
3725 4192 3895 4254 meritis

2357 4299 2659 4369 condignas
2688 4298 2840 4351 vices
2895 4310 3284 4366 repensurum.
3347 4293 3502 4361 Quod
3539 4293 3584 4348 si
3621 4286 3807 4348 Christi
3835 4280 3900 4336 di-

2357 4392 2691 4462 scipulorum
2705 4389 2990 4460 vestigium
3007 4389 3221 4458 aliquod
3237 4397 3454 4458 expetat
3471 4385 3594 4456 quis
3606 4376 3898 4440 adiuvenim

2367 4490 2554 4554 pergat
2583 4480 2647 4544 is,
2684 4495 2747 4534 ac
2774 4479 3121 4548 speculetur;
3155 4476 3527 4547 spectabitque
3560 4477 3613 4530 in
3638 4465 3898 4528 Athanasio

742 4576 831 4630 15.
875 4574 1198 4630 lmitandam
1229 4575 1395 4630 etiam
1436 4572 1679 4644 suscepit
1728 4572 1950 4627 Davidis
1985 4573 2255 4627 malorum
2289 4579 2331 4634 D
2365 4574 2532 4630 totius
2556 4573 2680 4627 vita:
2703 4570 3173 4641 asperuationem,
3201 4579 3262 4624 ut
3287 4567 3562 4622 Christqu
3599 4558 3901 4620 lucrifacirns

673 4680 840 4742 atque
876 4669 1208 4741 iniuriarum
1248 4668 1684 4739 perpessionem,
1729 4675 1787 4722 et
1831 4665 2089 4722 eximiam
2139 4679 2267 4734 erga

675 4765 847 4818 lI-eum
875 4765 1133 4832 pietatem
1169 4780 1183 4818 :
1213 4777 1321 4831 qua
1343 4762 1412 4816 de
1437 4777 1602 4816 causa
1627 4774 1740 4814 non
1759 4759 1922 4814 modo
1941 4758 1994 4812 in
2021 4759 2266 4812 cacodaa-

679 4869 872 4912 tnonas
896 4853 1158 4919 occinuit,
1186 4853 1281 4908 sed
1298 4853 1356 4908 in
1379 4867 1496 4918 eas,
1527 4867 1670 4922 quae,
1701 4851 1894 4906 iisdem
1923 4849 2266 4921 suggerenti-

677 4948 804 5012 bus,
832 4947 1257 5002 exstimulantur
1292 4946 1579 5018 magisque
1600 4944 1922 5008 efferantur,
1943 4942 2111 4998 animi
2141 4957 2268 5013 per-

682 5039 1044 5095 turbationes.
1086 5041 1266 5109 Atque
1321 5039 1521 5094 horum
1564 5037 1873 5093 facinorum
1917 5048 2086 5093 testes
2141 5042 2273 5092 sunt

683 5131 1024 5199 complures,
1076 5146 1309 5200 quorum
1355 5130 1577 5201 quidem
1632 5129 1861 5199 aliquot,
1915 5129 2046 5185 dum
2091 5128 2273 5184 adhuc

685 5222 1088 5293 superviveret,
1126 5225 1359 5290 curavit,
1399 5225 1670 5292 bonaeque
1710 5222 2006 5278 valetudini
2032 5222 2274 5278 restituit

685 5313 1020 5368 Athanasius
1051 5331 1064 5368 :
1097 5315 1304 5383 aliquot
1331 5312 1516 5380 etiam,
1551 5311 1644 5383 qui
1674 5311 1891 5367 ardenti
1918 5324 2044 5366 cum
2066 5311 2170 5366 ﬁde
2211 5325 2276 5365 ac

687 5406 961 5463 desiderio
988 5413 1343 5462 accesserunt
1365 5407 1435 5460 ad
1466 5406 1585 5476 ejus
1608 5403 1946 5475 sepulcrum,
1990 5420 2115 5460 cum
2155 5403 2272 5474 jam

687 5499 758 5552 ad
791 5497 1098 5564 Christum,
1135 5513 1300 5568 quem
1337 5498 1764 5564 desideraverat,
1798 5500 2262 5571 transmigrasset,

690 5596 917 5662 propter
938 5605 1101 5660 quem
1135 5600 1493 5661 exoptaverat
1519 5592 1804 5662 corporeis
1831 5592 2070 5649 vinculis
2093 5589 2272 5646 exsol-

692 5682 766 5748 vi,
803 5682 882 5738 uti
921 5681 1146 5738 liberius
1184 5698 1249 5740 ac
1287 5682 1531 5739 sanctius
1578 5684 1652 5739 illi
1687 5682 1991 5739 convivens
2021 5682 2269 5754 ejusdem

769 5863 810 5895 “
847 5863 1039 5921 Matth.
1069 5881 1162 5950 γ..
1201 5866 1244 5899 ³³
1271 5866 1407 5922 Dan.
1463 5881 1534 5933 Ix,
1570 5866 1659 5920 25.

2366 4664 2675 4720 inveniret:
2706 4663 2975 4717 intentam
3017 4675 3236 4732 quoque
3276 4660 3332 4713 in
3376 4658 3651 4728 Evangelii
3686 4648 3902 4727 praedica-

2369 4758 2515 4812 tione
2541 4756 2990 4819 sollicitudinem,
3020 4755 3076 4810 in
3106 4753 3432 4810 turbulentis
3459 4767 3637 4805 rerum
3663 4741 3901 4805 eventibus

2367 4849 2535 4904 animi
2578 4848 3035 4921 magnitudinem,
3090 4846 3514 4902 familiaritatem
3553 4860 3678 4898 eum
3727 4833 3901 4921 Christo

2370 4942 2648 4996 memoriae
2696 4940 2964 4995 beneficio
3009 4939 3304 5003 assiduam,
3342 4947 3403 4991 ut
3433 4935 3562 4990 inde
3592 4935 3737 4989 nullo
3775 4919 3902 4981 modo

2371 5032 2619 5087 abstrahi
2651 5040 2865 5102 posset,
2899 5031 2987 5086 vel
3015 5030 3232 5085 avocari
3264 5045 3278 5083 :
3306 5028 3575 5099 spectabit
3605 5027 3757 5081 etiam
3786 5018 3902 5102 illurn

2371 5123 2577 5178 Christi
2611 5101 2830 5178 crucem
2857 5131 2970 5177 toto
3002 5122 3122 5176 vita:
3154 5130 3402 5189 tempore
3422 5118 3763 5188 bajulantem,
3786 5101 3903 5163 ΟΜ·

2374 5225 2572 5286 stoque
2601 5215 2980 5279 famulantem,
3007 5230 3071 5268 ac
3102 5212 3329 5283 vestigia
3379 5220 3715 5280 sequentem,
3741 5201 3901 5267 reliqua

2373 5323 2507 5365 vero
2537 5308 2722 5363 omnia
2753 5306 3163 5361 existimantem
3191 5304 3510 5358 retrimenta
3543 5291 3900 5372 etquisqnilias.

2376 5401 2764 5472 Apostolorum
2801 5399 2963 5470 igitur
2985 5398 3148 5453 vitam
3179 5397 3426 5452 imitatus
3448 5382 3900 5472 Atlranasius,adee

2377 5470 2444 5551 ex
2474 5508 2665 5549 eorum
2711 5492 2997 5563 architypo
3036 5491 3213 5546 vivam
3247 5489 3533 5560 imaginem
3583 5488 3637 5542 in
3675 5486 3830 5552 seipso
3857 5470 3902 5526 ad

2379 5585 2644 5641 amussim
2683 5583 2915 5648 effinxit,
2943 5591 3004 5638 ut
3050 5583 3093 5636 si
3131 5581 3255 5651 quis
3290 5581 3492 5636 intueri
3522 5580 3686 5634 vellet
3718 5566 3900 5641 singultl'

2387 5693 2507 5734 rum
2542 5676 2910 5740 characteres,
2949 5672 3215 5729 attentius
3257 5671 3623 5742 dispicienda,
3668 5664 3790 5725 nihil
3823 5659 3902 5711 ἵετε
