4146 6476
297 432 336 496 1
349 435 456 500 377

1190 433 1476 494 ORATIO
1515 434 1904 496 FUNEBRIS
1945 435 2030 498 IN
2065 437 2131 499 B.
2173 439 2697 505 ATHANASIUM.

3445 444 3584 510 1378

294 543 634 612 dissimiles,
669 542 765 598 sed
795 541 1020 598 omnino
1039 553 1200 596 veros
1224 547 1391 610 atque
1416 540 1893 610 ipsissimosinve-
1923 549 1972 607 Δ
2000 547 2301 605 suﬂ‘ocabat
2337 567 2519 608 suum.
2569 553 2938 610 Miserendum
2982 553 3148 611 etiam
3192 570 3293 626 per
3334 557 3587 617 innatum

295 637 481 692 niret.

513 792 640 849 Car.
677 789 760 846 Vl.
790 819 862 831 -
881 787 1138 845 Extrema
1169 789 1280 844 suis
1317 791 1444 844 data
1466 791 1690 846 monita.

390 933 484 986 17.
510 930 619 986 Sed
647 928 866 984 tandem
902 925 1196 998 aliquando
1234 926 1521 995 venitejus
1549 925 1905 996 profectionis

316 1034 566 1095 tempus;
593 1036 771 1092 neque
805 1020 952 1075 enim
986 1020 1094 1074 alio
1111 1033 1364 1074 censeam
1392 1019 1616 1074 nomine
1646 1019 1765 1089 ejus
1781 1020 1907 1074 vitae

317 1119 527 1173 exitum
567 1115 977 1186 appellandum,
1021 1128 1186 1183 quam
1221 1113 1440 1168 reditus
1474 1113 1528 1166 in
1568 1114 1799 1183 patriam
1837 1114 1905 1168 ab

333 1209 516 1264 exilio.
579 1206 648 1260 Et
688 1205 908 1274 quidem
958 1205 1027 1258 de
1081 1203 1262 1272 seipso
1305 1203 1566 1257 nonnulla
1609 1202 1906 1258 obtestanti

328 1301 561 1354 aderant
583 1297 891 1367 complures
913 1295 1148 1367 graviter
1179 1294 1393 1360 affecti,
1434 1295 1660 1365 ejusque
1717 1295 1905 1365 sejun-

322 1392 562 1446 ctionem
585 1389 738 1460 quasi
763 1403 1030 1443 summam
1065 1388 1332 1456 jacturam
1377 1387 1738 1441 lamentantes
1763 1408 1775 1440 :
1804 1403 1904 1440 att-

316 1481 540 1536 diebant
574 1495 704 1535 vero
721 1478 876 1534 illum
904 1477 996 1532 vili
1021 1477 1532 1546 lectulojacentem,
1555 1492 1735 1547 neque
1753 1477 1901 1546 quod

278 1574 388 1644 gad
412 1573 732 1628 divitiarum
771 1571 1062 1626 thesauros
1094 1569 1293 1624 attinet
1333 1579 1687 1635 statuentem,
1726 1585 1908 1639 neque

317 1666 440 1721 auri
486 1663 804 1736 argentique
863 1661 1076 1732 copiam
1123 1661 1394 1715 tutoribus
1454 1661 1857 1730 relinquentem
1886 1702 1902 1728 ,

318 1773 555 1827 quorum
597 1763 918 1826 egestatem,
956 1752 1098 1807 sicut
1125 1751 1213 1806 alii
1240 1752 1612 1820 adeptionem,
1654 1751 1746 1806 ille
1780 1768 1900 1807 ma-

318 1864 428 1919 gno
467 1846 650 1902 studio
691 1851 1041 1898 consectatus
1080 1841 1258 1896 fuerat
1291 1859 1306 1895 :
1343 1855 1446 1896 nec
1489 1851 1649 1896 terrae
1680 1841 1898 1913 jugera,

320 1946 582 2001 arborum
613 1942 798 2005 silvas,
829 1941 1038 2004 vineas,
1072 1952 1282 2010 greges,
1312 1948 1687 2008 armentaque,
1713 1955 1746 1993 a
1776 1938 1903 2007 qui-

319 2038 443 2103 bus,
483 2033 664 2103 quoad
703 2031 840 2088 vixit
893 2045 1062 2100 super
1112 2037 1334 2094 terram,
1378 2044 1539 2098 quam
1581 2029 1816 2084 maxime
1859 2028 1908 2083 is

318 2127 424 2182 fuit
457 2125 668 2180 alienus
696 2142 710 2178 :
741 2122 834 2178 sed
869 2136 953 2185 ea,
986 2119 1055 2174 de
1093 2118 1291 2189 quibus
1330 2133 1549 2189 semper
1583 2119 1906 2190 disputavit,

317 2219 647 2288 quandoque
676 2223 902 2284 propter
931 2211 1106 2267 morbi
1131 2209 1414 2264 molestias
1443 2210 1662 2266 concise
1709 2225 1908 2266 recen-

320 2319 542 2367 sentem
580 2308 769 2378 (homo
800 2305 946 2360 enim
989 2317 1130 2373 erat,
1165 2319 1479 2376 quanquam
1531 2303 1711 2375 magni
1737 2302 1905 2358 animi

317 2406 441 2476 ejus
473 2401 742 2459 celsitudo
777 2399 1148 2455 humilitatem
1191 2399 1506 2469 corpusculi
1537 2397 1853 2468 superabat)
1887 2413 1902 2452 :

320 2499 514 2566 Operae
537 2491 774 2564 pretium
799 2498 963 2552 esset,
987 2489 1261 2558 inquiens,
1293 2488 1349 2542 in
1375 2488 1643 2557 meipsum
1671 2501 1907 2542 conver-

320 2602 445 2643 sum
467 2586 536 2640 de
567 2583 829 2656 praesenti
853 2581 1032 2636 solum
1066 2581 1314 2652 digressu
1347 2582 1418 2636 ab
1449 2582 1552 2636 hac
1586 2579 1693 2635 vita
1718 2579 1906 2649 pensi-

321 2691 459 2745 tare,
491 2686 546 2732 et
596 2673 939 2730 formidabile
982 2681 1146 2742 atque
1194 2673 1773 2743 horrendumjussum
1815 2687 1906 2727 ca-

318 2784 564 2842 pessere,
596 2766 802 2837 quique
832 2780 1008 2819 meam
1051 2765 1361 2835 suscepturi
1408 2765 1519 2820 sint
1547 2764 1805 2830 animam,
1852 2773 1907 2819 et

320 2873 559 2930 quonam
617 2857 862 2910 locorum
905 2853 977 2908 sit
1019 2853 1152 2907 mihi
1185 2853 1290 2907 iter
1332 2852 1670 2919 faciendum,
1719 2853 1905 2908 hostes

321 2954 488 3006 etiam
524 2947 755 3002 infestos
785 2944 842 2998 in
872 2943 1085 2998 insidiis
1123 2959 1342 3014 semper
1381 2944 1608 3008 locatos,
1657 2944 1910 3014 viamque

317 3043 481 3098 nobis
505 3049 764 3107 tanquam
797 3036 1037 3090 latrones
1063 3050 1129 3091 ac
1152 3036 1440 3106 praedones
1481 3037 1898 3107 praepedientes,

320 3133 600 3207 cogitare:
625 3128 1001 3199 sedquoniam
1029 3136 1086 3182 et
1108 3142 1247 3193 mea,
1279 3137 1332 3184 et
1369 3137 1547 3184 vestra
1591 3127 1899 3194 commoda,

2004 651 2366 712 sanctumque
2395 645 2562 698 animi
2609 660 2833 700 sensum
2879 647 3354 704 necessitudinum
3389 667 3592 721 egeno-

2006 747 2150 798 rum,
2181 734 2259 788 uti
2306 735 2572 807 benignas
2602 755 2765 794 aures
2795 741 2860 794 iis
2892 742 3281 810 applicuimus,
3327 753 3386 799 ut
3413 760 3590 814 quan-

2008 824 2207 880 tumvis
2267 829 2466 883 terreui
2533 846 2598 886 ac
2658 833 2923 887 mortales
2993 834 3195 904 (quoad
3241 835 3358 890 fieri
3406 844 3588 889 tamen

2004 921 2208 995 potest)
2252 920 2366 976 Deo
2396 921 2602 978 similes
2629 924 2944 987 efficiamur,
2975 926 3066 995 qui
3095 927 3365 996 ejusmodi
3411 927 3588 981 homi-

2006 1033 2106 1074 nes
2160 1019 2215 1074 in
2269 1034 2500 1089 regnum
2550 1017 2846 1072 introducit
2885 1033 3068 1079 suum,
3112 1033 3345 1087 seseque
3408 1017 3588 1086 ipsum

2006 1111 2365 1182 cleemosyna:
2405 1125 2469 1164 ac
2501 1109 2897 1164 misericordia:
2951 1109 3199 1178 indigum
3247 1109 3584 1175 confitetur;

2003 1212 2061 1254 at
2082 1217 2176 1255 eos
2199 1201 2293 1270 qui
2338 1200 2580 1254 ferarum
2618 1200 2724 1253 ritu
2770 1201 3069 1263 insaniunt,
3098 1208 3152 1255 et
3181 1216 3307 1271 erga
3333 1201 3588 1255 homines

2005 1295 2382 1350 inhumaniter
2412 1305 2745 1365 grassantur,
2771 1296 2823 1349 in
2857 1305 3090 1350 aeternos
3122 1296 3277 1366 ignes
3312 1312 3420 1350 una
3461 1311 3585 1350 cum

2003 1387 2346 1456 nequissimo
2399 1386 2619 1452 Satana,
2671 1398 2728 1441 et
2777 1389 2984 1458 angelis
3047 1389 3168 1458 ejus
3214 1388 3588 1456 conjiciendos

2006 1477 2415 1532 interminatur.
2450 1477 2623 1548 Igitur
2660 1478 2844 1532 Jcsum
2867 1480 3144 1533 Christum
3179 1478 3589 1533 Dominumno-

2002 1579 2176 1626 strum
2209 1569 2506 1624 identidem
2549 1571 2858 1640 redigemus
2893 1573 2950 1625 in
2974 1572 3322 1632 memoriam,
3347 1573 3584 1642 judicem

2010 1677 2165 1732 atque
2216 1661 2597 1731 incorruptum
2636 1678 2701 1716 ac
2741 1678 3014 1730 severum,
3065 1663 3394 1718 formidabili
3449 1664 3588 1719 solio

2005 1755 2359 1818 insidentem,
2376 1771 2406 1809 e
2428 1756 2583 1826 cujus
2609 1765 2904 1824 conspectu
2927 1756 3155 1827 ignitum
3175 1757 3378 1811 [lumen
3406 1773 3589 1812 erum-

2005 1849 2105 1920 pit,
2154 1863 2459 1917 omnesque
2495 1847 2762 1918 patefacta
2795 1847 3129 1902 conscientia
3161 1849 3229 1903 ad
3252 1848 3370 1918 ejus
3409 1850 3587 1904 tribu-

2008 1942 2097 1996 nal
2141 1939 2439 2004 sistendos,
2493 1940 2870 2009 rationemque
2901 1939 3211 1996 reddituros
3246 1957 3367 2012 qua:
3414 1951 3587 2005 recte,

2006 2046 2200 2101 quaeve
2248 2045 2410 2086 secus
2457 2030 2882 2100 patraverimus.
2943 2027 3224 2100 Quotquot
3268 2031 3324 2084 in
3370 2029 3590 2085 Christo

2004 2137 2166 2177 sacro
2215 2120 2370 2175 fonte
2400 2120 2572 2174 abluti
2616 2135 2828 2183 sumus,
2856 2119 3136 2174 Christum
3164 2119 3442 2174 induimus
3478 2139 3491 2174 :
3519 2125 3590 2174 ne

2004 2214 2189 2283 itaque
2224 2220 2445 2283 propter
2469 2211 2892 2282 propensionem
2924 2211 2992 2266 ad
3017 2226 3103 2265 res
3134 2220 3379 2266 terrenas
3398 2212 3592 2280 hujus-

2003 2304 2150 2358 modi
2188 2313 2394 2359 vestem
2435 2303 2765 2372 rejiciamus.
2797 2318 2867 2357 ne
2892 2303 3130 2358 vicissim
3156 2319 3186 2357 a
3215 2303 3422 2359 caelesti
3471 2306 3592 2358 tha-

2006 2398 2174 2462 lamo,
2211 2407 2526 2451 sanctorum
2582 2395 2767 2449 lastitia
2799 2411 2863 2450 ac
2906 2395 3160 2464 tripudiis
3212 2395 3587 2464 repudientur.

2005 2488 2190 2558 Turpe
2229 2488 2479 2552 verbum,
2518 2496 2580 2541 ut
2617 2487 2838 2541 divinus
2876 2487 3057 2556 inquit
3083 2486 3382 2556 Apostolus
3426 2484 3491 2550 ",
3525 2502 3591 2539 ex

2005 2599 2104 2640 ore
2130 2590 2314 2637 vestro
2351 2581 2562 2635 nullum
2589 2579 2851 2645 dimanet,
2883 2579 2979 2633 sed
3004 2579 3060 2633 in
3090 2579 3289 2642 solum,
3311 2577 3456 2647 quod
3483 2577 3594 2630 vir-

2006 2683 2188 2730 tutum
2235 2672 2519 2742 exemplar
2553 2671 2796 2740 effingat,
2829 2670 2916 2726 vel
2953 2669 3145 2724 aliente
3180 2669 3432 2722 utilitatis
3472 2667 3593 2722 fru-

2010 2777 2162 2825 ctum
2206 2767 2654 2834 referatzneque
2693 2762 2839 2817 enim
2893 2763 2962 2818 de
3007 2761 3311 2817 malefactis
3347 2769 3584 2825 tantum,

2009 2876 2200 2917 verum
2239 2861 2306 2915 de
2355 2858 2546 2913 otiosis
2575 2856 2740 2912 etiam
2780 2855 2984 2922 verbis,
3011 2863 3174 2924 atque
3204 2853 3341 2909 adeo
3370 2855 3439 2909 de
3462 2869 3594 2924 pra-

2007 2952 2094 3007 vis
2141 2949 2584 3021 cogitationibus,
2620 2947 2892 3002 rationem
2926 2961 3027 3000 nos
3060 2944 3173 2999 Deo
3205 2944 3468 3000 reddituri
3497 2961 3596 3000 su-

2008 3057 2153 3096 mus.
2183 3041 2570 3111 Unusquisque
2588 3040 2655 3094 ab
2676 3039 2929 3094 omnibus
2954 3039 3178 3108 gratiam
3226 3037 3385 3100 inire.
3420 3038 3596 3092 hone-

2019 3138 2227 3206 stisque
2251 3135 2303 3188 in
2335 3134 2499 3188 rebus
2525 3147 2709 3186 comes
2737 3146 2859 3186 esse
2889 3140 3043 3186 curet
3075 3148 3088 3185 :
3115 3131 3194 3187 sic
3218 3131 3365 3186 enim
3395 3129 3596 3202 singuli

321 3236 387 3283 ιιι
423 3239 659 3294 semper.
696 3236 845 3276 ηυηο
875 3219 1045 3274 ﬁliam
1080 3220 1437 3276 vehementer
1480 3220 1754 3283 deSidel‘O.
1802 3220 1909 3275 1100
1936 3233 1979 3292 C
2018 3227 2248 3285 animati
2279 3241 2403 3281 esse
2433 3225 2718 3288 debemus,
2765 3233 2826 3278 ut
2855 3224 2923 3278 de
2957 3224 3077 3278 aliis
3100 3239 3198 3294 per
3225 3225 3596 3278 emolumenta

321 3318 471 3374 enim
497 3315 694 3371 divinae
720 3312 866 3383 leges
897 3311 1278 3380 praescribunt,
1303 3327 1642 3381 quaecunque
1669 3310 1899 3380 permit-

324 3411 393 3466 tit
429 3405 764 3478 indulgentia
798 3403 1086 3475 temporis,
1119 3413 1176 3459 ct
1202 3404 1346 3474 quod
1365 3404 1634 3473 reliquum
1663 3411 1746 3457 est
1768 3403 1912 3467 vitze,

325 3503 491 3558 etiam
514 3515 663 3555 nunc
690 3500 936 3568 eloquar.
981 3497 1096 3567 Ego
1127 3497 1378 3567 equidem
1401 3536 1417 3563 ,
1459 3506 1520 3551 ut
1549 3496 1766 3558 videtis,
1793 3496 1918 3549 lon-

322 3609 447 3665 gam
482 3592 550 3646 ad
573 3607 724 3646 meos
760 3596 1012 3660 parentes
1056 3587 1333 3659 ingredior
1361 3588 1538 3653 viam;
1578 3601 1755 3655 neque
1799 3599 1919 3639 atu-

323 3685 468 3755 plius
499 3684 554 3737 in
584 3685 684 3738 hac
705 3673 921 3736 nfortali
955 3683 1062 3734 vita
1093 3694 1181 3734 me
1211 3677 1489 3747 aspicietis
1520 3693 1533 3730 :
1559 3676 1654 3730 sed
1677 3692 1746 3729 ne
1768 3690 1912 3740 mea,

326 3778 548 3847 (amabo
576 3777 693 3846 vos)
731 3773 1009 3830 admonita
1041 3787 1140 3842 per
1168 3771 1500 3826 oblivionem
1524 3760 1911 3832 contemnatis,

324 3883 451 3938 quae
501 3867 658 3922 vobis
693 3881 793 3936 pro
835 3880 904 3920 eo
939 3863 1111 3919 divini
1157 3865 1361 3919 amoris
1401 3864 1618 3928 ardore,
1658 3877 1769 3931 quo
1816 3875 1914 3916 vos

324 3973 653 4030 prosequor,
708 3973 830 4012 sum
879 3958 1212 4028 impertitns.
1263 3953 1424 4025 Apud
1475 3970 1571 4009 vos
1619 3970 1755 4018 ero,
1801 3953 1911 4008 imo

323 4067 458 4107 vero
485 4051 668 4122 potius
697 4051 816 4121 ipse
844 4051 1000 4105 vobis
1029 4050 1205 4104 aderit
1237 4049 1493 4102 Christus
1513 4062 1637 4102 cum
1663 4047 1773 4099 Deo
1809 4045 1908 4098 Pa-

325 4154 432 4208 tre,
457 4159 522 4198 ac
547 4142 734 4199 divino
761 4142 974 4212 Spiritu
1002 4159 1016 4195 :
1057 4144 1239 4210 itaque
1270 4139 1519 4194 divinum
1541 4138 1694 4192 eritis
1738 4136 1914 4192 domi-

335 4236 548 4302 cilium,
573 4235 930 4303 animataque
954 4233 1096 4287 illius
1121 4232 1344 4302 templa,
1377 4231 1534 4298 cujus
1561 4230 1794 4285 thronus
1831 4237 1915 4282 est

325 4329 548 4394 coelum,
589 4327 748 4398 cujus
774 4327 1070 4384 scabellum
1095 4335 1178 4380 est
1205 4334 1372 4379 terra.
1399 4323 1510 4394 Ego
1541 4323 1704 4386 enim,
1736 4321 1918 4375 Salva-

326 4428 416 4474 tor
439 4418 637 4488 inquit,
666 4428 715 4472 et
742 4417 910 4472 Pater
940 4417 1009 4470 ad
1030 4433 1150 4470 eum
1176 4416 1464 4481 veniemus,
1490 4423 1540 4467 et
1588 4412 1916 4467 mansionem

326 4513 579 4584 faciemus
631 4510 774 4578 apud
823 4526 945 4565 eum
991 4509 1058 4576 ¹³,
1102 4508 1193 4579 qui
1223 4506 1485 4561 nimirum
1524 4505 1644 4576 ejus
1680 4503 1918 4573 capessit

2015 3319 2158 3375 bene
2205 3317 2402 3372 mereri
2438 3316 2777 3370 Studeamus.
2824 3315 2999 3371 Nemo
3048 3315 3294 3386 profecto
3342 3325 3598 3371 nostrum

2017 3410 2237 3466 etiamsi
2272 3409 2596 3481 ignorantia:
2632 3409 3005 3463 velamentum
3040 3408 3319 3467 obtendat.
3348 3409 3596 3462 divinum

2013 3503 2280 3575 judicium
2297 3511 2510 3557 evertet
2539 3516 2762 3557 :omnes
2791 3502 2938 3556 enim
2960 3501 3202 3570 quoridie
3224 3501 3406 3556 divina
3423 3501 3602 3555 Evan-

2017 3595 2280 3666 geliorum
2310 3601 2603 3664 praecepta,
2635 3595 3011 3666 apostolorum
3046 3594 3345 3658 admonita,
3365 3594 3603 3664 prophe-

2015 3695 2192 3742 tarum
2217 3687 2630 3743 adhortationes
2669 3686 3009 3742 exaudimus.

2087 3778 2178 3832 18.
2207 3778 2349 3845 Quid
2386 3777 2522 3832 mihi
2565 3793 2712 3831 nunc
2749 3785 3156 3840 recenseantur,
3183 3774 3226 3830 si
3259 3792 3382 3830 cum
3411 3775 3591 3846 legiti-

2017 3867 2124 3923 mis
2163 3869 2314 3923 hisce
2334 3878 2541 3924 nostra:
2575 3868 2935 3939 philosophia:
2960 3867 3427 3937 disputationibus
3444 3883 3596 3922 com-

2017 3970 2281 4031 parentur
2324 3962 2641 4016 invcteratzc
2678 3959 2919 4016 Socratis
2949 3961 3322 4031 quaestiones?
3368 3976 3602 4029 quarum

2015 4054 2185 4125 gratia
2235 4054 2616 4123 superbientes
2658 4053 2830 4108 Greeci
2887 4054 3243 4123 supercilium
3303 4053 3597 4118 attollunt,

2013 4146 2157 4216 quod
2192 4146 2274 4215 (ut
2301 4145 2402 4216 ipsi
2428 4161 2487 4199 se
2512 4145 2740 4215 jactant)
2772 4145 2818 4198 is
2846 4145 3208 4214 philosophus
3237 4144 3433 4197 timore
3453 4160 3601 4198 mor-

2013 4236 2086 4290 tis
2109 4236 2364 4304 superior
2391 4234 2687 4288 exstiterit.
2740 4233 3063 4304 Hujusmodi
3096 4234 3243 4287 enim
3272 4234 3601 4303 disputatio-

2014 4343 2114 4381 nes
2154 4341 2344 4380 auram
2393 4341 2548 4380 vana:
2593 4334 2816 4394 captant
2868 4325 3127 4396 gloriolae,
3152 4341 3439 4394 sccmeque
3469 4335 3599 4380 sunt

2016 4419 2296 4490 figmenta,
2335 4427 2390 4474 et
2433 4417 2609 4472 solum
2655 4416 2892 4471 induunt
2940 4416 3303 4486 philosophia:
3334 4418 3597 4486 speciem,

2023 4511 2253 4580 ejusque
2299 4524 2584 4580 personam
2619 4509 2999 4578 praesefernnt,
3030 4510 3176 4578 quod
3204 4509 3258 4562 in
3287 4523 3362 4564 se.
3400 4525 3510 4562 non
3543 4511 3596 4562 in

321 4606 497 4677 jussa.
531 4604 600 4660 At
646 4603 791 4659 inter
835 4602 1019 4658 divina
1054 4609 1326 4672 praecepta
1361 4599 1523 4670 longe
1564 4594 1910 4668 prmclarissi-
1943 4592 1988 4648 Ῑ)
2016 4602 2152 4657 alios
2179 4609 2482 4664 convertat,
2513 4599 2780 4669 quidquid
2818 4599 3080 4653 elaborat.
3116 4600 3293 4667 Atque
3325 4599 3430 4653 hoc
3471 4615 3600 4652 cro-

325 4713 499 4762 mum,
537 4696 834 4766 etquidem
861 4695 1099 4766 primum
1129 4701 1236 4758 est,
1267 4708 1335 4746 ex
1371 4699 1484 4746 tota
1507 4690 1714 4755 anima,
1747 4703 1911 4744 cona-

327 4797 410 4855 tu,
462 4798 668 4854 mente,
723 4797 946 4856 totoque
995 4793 1218 4856 pectore
1259 4783 1431 4838 Deum
1479 4796 1802 4852 peramare,
1855 4788 1911 4835 et

325 4881 638 4952 proximum
679 4879 823 4936 sicut
841 4879 1084 4949 seipsum
1113 4893 1129 4930 :
1157 4877 1264 4932 hoc
1313 4874 1458 4929 enim
1491 4882 1688 4929 caetera
1724 4863 1910 4927 Omnia

327 4983 765 5045 consequuntur,
795 4987 908 5027 uno
938 4970 1173 5026 alterum
1202 4967 1636 5038 complectente;
1677 4973 1734 5018 et
1765 4963 1912 5033 quod

325 5071 484 5142 jubet
516 5083 705 5123 amore
731 5065 1150 5138 prosequendos
1173 5063 1448 5125 inimicos,
1473 5060 1619 5114 idem
1650 5073 1746 5129 pro
1774 5057 1912 5111 ami-

329 5178 395 5218 co
431 5161 708 5231 propriam
748 5160 940 5221 vitam,
978 5158 1024 5212 si
1057 5164 1274 5226 tempus
1319 5162 1532 5224 poscat,
1570 5150 1910 5222 profunden-

328 5257 452 5310 dam
479 5255 656 5325 jubet.
689 5252 882 5307 Debita
931 5250 1063 5305 item
1097 5246 1422 5303 dimittenda
1465 5243 1670 5298 nostris
1699 5241 1915 5296 debito-

329 5347 504 5409 ribus,
548 5345 690 5400 sicut
733 5351 788 5398 et
820 5343 982 5396 nobis
1033 5347 1219 5395 nostra
1258 5337 1445 5393 debita
1485 5336 1649 5391 Pater
1677 5334 1916 5390 caelestis

331 5437 577 5492 dimittit.
644 5434 994 5489 Horrendum
1034 5432 1197 5486 etiam
1239 5429 1626 5500 pensitandum
1667 5426 1915 5498 patrisfa-

332 5533 512 5587 milias
536 5530 817 5585 decretum
856 5541 981 5597 erga
1018 5539 1266 5588 servum,
1301 5522 1446 5592 apud
1483 5537 1644 5591 quem
1678 5518 1912 5590 plurima

331 5623 597 5681 beneficia
626 5621 940 5683 collocarat,
971 5631 1332 5688 magnamque
1355 5616 1482 5670 aeris
1511 5615 1615 5667 vim
1635 5614 1746 5684 jam
1781 5627 1918 5666 con-

332 5721 588 5780 donarat,
626 5715 716 5769 hic
745 5721 927 5766 autem
962 5718 1182 5781 propter
1211 5708 1421 5761 minuta
1451 5723 1557 5762 aera
1589 5719 1922 5762 conservum

411 5859 456 5890 ³³
495 5835 654 5910 Joan.
697 5870 806 5918 xw,
837 5853 929 5908 25.
1010 5852 1052 5884 ’⁵
1088 5849 1383 5917 Colossi”,
1437 5849 1491 5904 8.

2019 4697 2150 4752 citat
2193 4693 2515 4763 jEsculapio
2546 4693 2860 4746 immolatus
2889 4691 3062 4763 gallus
3092 4705 3125 4746 a
3163 4691 3416 4756 Socrate,
3449 4690 3601 4760 ejus-

2017 4802 2126 4858 que
2182 4784 2500 4841 hominibus
2541 4782 2795 4852 placendi
2851 4782 3035 4837 studio
3085 4783 3234 4852 pleni
3283 4797 3598 4848 sermones,

2019 4892 2159 4949 quos
2187 4877 2491 4947 (discipulis
2520 4875 2897 4940 suadentibus,
2936 4889 2996 4928 ut
3029 4874 3143 4944 ipse
3166 4874 3600 4945 periculumevi-

2020 4979 2183 5036 taret,
2218 4970 2364 5040 quod
2391 4969 2440 5023 ei
2463 4967 2673 5038 Anytus
2712 4976 2768 5022 et
2799 4967 3018 5021 Melitus
3049 4975 3397 5021 accusatores
3425 4967 3603 5021 susci—

2023 5063 2227 5133 tarant)
2272 5061 2471 5132 passim
2502 5060 2685 5115 caeteri
2733 5059 3080 5114 dictitabant.
3116 5057 3224 5112 Sed
3255 5072 3388 5112 vero
3413 5067 3605 5112 noster

2019 5154 2109 5207 hic
2139 5153 2487 5217 Athanasius,
2525 5151 2687 5206 rebus
2717 5150 2970 5205 omnibus
3003 5149 3054 5203 id
3081 5149 3342 5218 temporis
3375 5149 3604 5218 postha-

2018 5245 2168 5310 bitis,
2215 5245 2283 5300 ad
2336 5245 2466 5298 illud
2500 5259 2668 5298 unum
2717 5242 3096 5307 incumbebat,
3135 5242 3203 5296 ad
3237 5241 3487 5313 gloriam,
3518 5243 3604 5294 in-

2022 5353 2206 5407 quam,
2241 5336 2466 5401 Christi,
2494 5352 2679 5390 rerum
2710 5335 2954 5390 onmium
2985 5334 3312 5404 inspectoris
3339 5348 3402 5387 ac
3423 5332 3602 5402 Epho-

2025 5430 2069 5482 ri
2119 5426 2606 5498 amplificandam;
2652 5425 2882 5495 perinde
2931 5440 3086 5495 aeque
3127 5423 3266 5477 nihil
3311 5423 3415 5478 sibi
3459 5429 3607 5476 esset

2023 5519 2307 5589 antiquius
2348 5519 2639 5588 studioque
2682 5518 2928 5588 dignum,
2967 5533 3131 5587 quam
3155 5516 3332 5588 gregis
3354 5515 3456 5569 sibi
3483 5530 3607 5568 cre-

2027 5613 2124 5666 diti
2175 5611 2406 5667 salutem
2449 5626 2730 5672 accurare,
2779 5610 2937 5678 cujus
2984 5609 3164 5664 studio
3199 5605 3505 5660 mirandum
3549 5605 3604 5659 in

2029 5704 2249 5759 modum
2281 5702 2550 5772 ipscDeus
2564 5701 2729 5756 homo
2753 5700 2927 5756 factus
2953 5708 3054 5766 est,
3081 5697 3334 5767 idemque
3362 5695 3606 5752 studium
