4146 6434
577 328 708 392 1379

1328 326 1560 391 PETRI
1598 326 1979 389 ABGORUM
2015 327 2299 389 ORATIO
2342 330 2422 390 IN
2467 330 2533 391 Β.
2578 330 3096 393 ATIIANASIUM.

3707 331 3849 397 1380

581 444 642 488 ut
691 428 1043 503 perspicuum
1091 426 1422 500 symbolum,
1475 426 1695 493 reliquit
1729 424 1901 477 Deum
1928 420 2165 474 amanti-
2193 431 2239 485 Α
2268 422 2426 475 nobis
2448 436 2572 476 eum
2598 422 2938 475 imitantibus
2966 421 3175 475 fructus
3200 418 3359 474 affert
3389 418 3727 483 uberrimos,
3764 432 3824 473 at
3845 450 3857 459 -

577 525 706 579 bus.
737 523 919 592 Atque
950 521 1073 575 ideo
1100 534 1411 589 quanquam
1460 526 1609 571 esset
1639 515 1920 585 proximus
1950 512 2166 567 occasui

577 617 724 681 vitae,
774 613 1109 684 iamiamque
1158 612 1355 665 animae
1406 609 1652 678 corporis
1692 606 2009 669 discidium,
2046 620 2168 674 quae

580 716 776 762 natura
829 706 1036 776 optime
1087 703 1507 774 conglutinarat,
1554 698 1944 769 opperiretur;
1978 706 2168 751 tamen

580 814 669 862 ea,
710 814 833 868 qua:
886 797 1146 852 effecerat
1194 796 1361 848 vitam
1408 808 1576 863 agens
1620 790 2014 860 episcopalem,
2047 798 2171 843 tan-

581 906 746 961 quam
777 890 986 945 advena
1022 897 1076 941 et
1118 886 1461 957 peregrinus,
1485 885 1551 938 in
1589 884 1914 938 memoriam
1941 896 2171 935 revoca—

584 984 681 1037 vit.
724 981 913 1050 Itaque
946 995 1067 1033 cum
1100 978 1152 1031 in
1184 977 1378 1041 Deum,
1412 986 1526 1030 tum
1557 976 1611 1029 in
1644 974 1897 1028 homines
1932 973 2173 1028 charita-

590 1083 703 1128 tem
724 1071 1034 1126 arctissimo
1055 1070 1272 1123 virtutis
1291 1069 1507 1123 vinculo
1528 1067 1799 1138 colligavit
1819 1065 2175 1129 Athanasius,

584 1166 673 1235 qui
703 1180 807 1217 non
838 1163 1016 1217 solum
1051 1171 1199 1215 recte
1228 1160 1405 1224 factis,
1438 1162 1533 1215 sed
1569 1160 1633 1215 ad
1661 1168 1966 1214 extremum
2002 1174 2175 1227 usque

581 1258 827 1312 habitum
870 1257 1034 1311 etiam
1088 1255 1273 1309 verbis
1317 1270 1381 1308 ca
1430 1255 1589 1308 nobis
1638 1254 1862 1323 reliquit
1899 1253 2167 1307 virtutum

579 1349 860 1419 exempla,
897 1348 965 1402 ad
1020 1363 1141 1417 quae
1188 1347 1377 1401 oculos
1406 1347 1753 1407 attollentes,
1799 1354 2059 1415 tanquam
2105 1344 2175 1399 ad

580 1444 766 1499 stellas
797 1444 926 1497 dum
952 1458 1049 1512 per
1082 1442 1439 1511 ealiginosam
1478 1449 1697 1494 noctem
1740 1440 1795 1493 in
1830 1440 1957 1493 vitae
2005 1438 2170 1508 hujus

579 1535 771 1605 pelago
800 1532 1185 1587 miserabiliter
1202 1532 1502 1601 iactamur,
1527 1545 1719 1584 omnes
1743 1529 1865 1599 eius
1908 1529 2170 1583 decuma-

578 1641 683 1680 nos
711 1624 928 1689 fluctus,
964 1624 1296 1693 obortasque
1332 1631 1706 1692 tempestates,
1727 1630 1783 1675 et
1808 1637 1838 1675 a
1863 1620 2172 1675 communis

580 1717 874 1786 infestique
904 1716 1080 1770 hostis
1112 1716 1331 1772 insidiis
1360 1714 1625 1769 excitatas
1648 1714 1915 1785 procellas
1944 1713 2173 1767 eluden-

582 1809 654 1863 do
689 1807 1121 1878 enavigabimus,
1152 1814 1210 1861 et
1262 1806 1330 1859 ad
1362 1806 1717 1875 tranquillum
1756 1804 1961 1860 Christi
2012 1805 2167 1875 regni

585 1910 807 1971 portum
834 1898 1258 1969 applicabimus,
1284 1898 1550 1952 habentes
1582 1913 1682 1968 pro
1704 1898 1966 1968 magistro
2004 1897 2171 1951 Atha-

586 1992 853 2054 nasium;
886 1991 979 2060 qui
1021 1990 1175 2061 quasi
1206 1990 1571 2061 peritissimus
1602 1990 1938 2061 gubernator
1959 1990 2175 2044 clavum

590 2092 783 2137 tenens
812 2082 880 2136 ad
912 2082 1141 2152 puppim
1185 2082 1393 2145 sedeat,
1428 2091 1677 2135 nostram
1721 2081 1978 2135 ﬁduciam
2024 2079 2178 2134 exei-

590 2181 687 2239 tet,
718 2183 774 2227 et
813 2173 880 2227 ad
929 2188 993 2227 ea
1028 2174 1269 2238 demum,
1324 2172 1469 2227 unde
1520 2182 1712 2226 nostra
1754 2172 1962 2242 pendet
2007 2172 2178 2237 salus,

589 2266 803 2321 animos
838 2265 1013 2320 tollat.

912 2359 1039 2413 CAP.
1082 2357 1194 2413 VII.
1241 2388 1310 2399 —-
1348 2358 1507 2422 Mors,
1553 2357 1839 2412 miracula.

661 2449 750 2504 19.
792 2447 942 2503 lianc
974 2448 1138 2519 igitur
1160 2448 1285 2501 filiis
1316 2447 1431 2501 suis
1455 2447 1773 2516 relinquens
1806 2444 2178 2500 haereditatcm

593 2540 980 2596 sanctissimus
1010 2540 1369 2603 Athanasius,
1413 2538 1699 2609 protensis
1728 2538 1996 2607 speciosis
2033 2537 2184 2607 pedi-

593 2634 720 2699 bus,
760 2641 816 2687 et
870 2632 1126 2687 innocuis
1192 2632 1512 2701 compositis
1556 2630 1845 2696 manibus,
1899 2630 2182 2699 oculisque

590 2730 829 2801 graviter
857 2744 923 2783 ac
966 2729 1215 2799 religiose
1255 2729 1323 2783 ad
1355 2729 1568 2783 oculum
1598 2727 1848 2793 sublatis,
1895 2738 2060 2797 atque
2104 2726 2177 2780 ita

592 2830 904 2875 extremum
946 2821 1201 2875 loeutus:
1235 2818 1298 2874 ln
1337 2834 1535 2875 manus
1566 2828 1709 2884 tuas,
1738 2818 1992 2883 Domine,
2034 2833 2184 2873 com-

592 2912 797 2967 mendo
844 2912 1102 2982 spiritum
1145 2927 1351 2977 meum,
1398 2911 1677 2982 iucundus
1723 2919 1779 2965 et
1805 2910 1963 2965 valde
1994 2909 2185 2964 hilaris

593 3005 831 3059 animam
876 3005 945 3059 ab
973 3004 1181 3075 angelis
1221 3004 1447 3074 iamiam
1474 3003 1852 3058 adducendam
1886 3002 2183 3057 exhalavit.

593 3098 772 3153 Ilomo
803 3099 1064 3153 nimirum
1095 3099 1308 3152 dierum
1339 3097 1578 3166 Spiritus
1620 3097 1794 3151 sancti
1819 3096 2036 3167 plenus,
2070 3096 2186 3166 ple-

592 3206 702 3244 nus
721 3189 853 3244 item
879 3189 1081 3243 divina:
1104 3188 1497 3243 munificentize
1536 3187 1716 3253 donis,
1748 3203 1873 3242 cum
1906 3188 2185 3243 caelestem

594 3283 845 3336 laborum
879 3282 1379 3336 remunerationem
1427 3280 1639 3349 liquido
1678 3280 2016 3351 perspiceret
2066 3282 2178 3351 iam

595 3374 916 3439 affuturam,
954 3373 1159 3437 effecit,
1199 3381 1260 3426 ut
1302 3373 1613 3441 sapientem
1648 3372 1826 3439 decet,
1858 3382 1919 3427 ut
1955 3373 2182 3428 minime

596 3481 657 3520 se
690 3466 983 3535 paeniteret
1023 3465 1149 3519 vitae
1193 3472 1482 3525 anteactae,
1519 3463 1616 3517 sed
1659 3464 1843 3533 potius
1884 3464 2178 3520 laetaretur.

596 3557 868 3612 Ilaturum
899 3557 1130 3612 dixisses
1161 3556 1503 3611 frumentum
1534 3554 1593 3609 in
1636 3554 1951 3610 coelestibus
1974 3556 2185 3611 horreis

596 3649 969 3711 condendum,
1000 3649 1069 3703 ab
1097 3648 1247 3703 omni
1283 3647 1637 3702 collectarum
1667 3647 1884 3719 frugum
1910 3648 2040 3702 vitio
2062 3649 2194 3703 alie-

597 3755 731 3793 num
761 3750 818 3795 et
845 3741 1227 3811 incorruptum
1262 3758 1276 3794 :
1312 3748 1479 3808 atque
1508 3738 1633 3794 ideo
1672 3739 1727 3793 in
1758 3740 1991 3794 concilio
2012 3738 2193 3809 iusto-

598 3846 721 3885 rum
749 3830 915 3885 vitam
970 3831 1108 3886 vivit
1148 3830 1538 3896 immortalem,
1574 3832 1805 3901 eiusque
1854 3846 2067 3886 merces
2106 3840 2191 3886 est

600 3925 771 3979 multa
814 3924 979 3980 nimis
1011 3925 1157 3995 apud
1185 3924 1511 3980 altissimum
1558 3923 1750 3979 Deum.
1797 3924 1982 3979 Floret
2022 3925 2189 3996 igitur

599 4025 660 4072 ut
694 4018 891 4088 palma,
924 4026 1090 4091 utque
1117 4018 1319 4075 cedrus
1349 4024 1582 4091 augetur
1605 4026 1661 4072 et
1685 4016 2067 4092 amplificatur,
2087 4019 2181 4091 qui

2264 532 2371 586 que
2410 516 2591 570 calore
2630 515 2990 569 tentationutn
3026 513 3385 568 aestuantibus
3411 515 3663 567 umbram
3698 513 3855 566 salu-

2266 609 2560 663 berrimam
2588 606 2830 661 exhibet.
2866 604 3210 675 Quapropter
3236 606 3555 658 memoriam
3581 604 3733 674 apud
3750 619 3858 656 nos

2267 700 2628 754 immortalem
2677 706 3050 765 consecutus,
3079 696 3412 752 inexstincta
3462 696 3626 752 etiam
3681 694 3856 767 gloria

2266 790 2590 860 perfruitur.

2339 882 2430 937 20.
2470 882 2711 953 Reliquit
2758 892 2892 938 vero
2921 880 3087 937 nobis
3130 896 3240 935 una
3264 894 3391 935 eum
3424 888 3509 935 ter
3534 880 3696 935 beato
3726 894 3857 934 cor-

2273 992 2406 1047 pore
2439 976 2772 1047 sepulcrum,
2800 976 2945 1046 quod
2974 973 3143 1029 veluti
3184 972 3442 1043 perennis
3468 972 3591 1027 fons
3611 972 3857 1027 curatio-

2274 1082 2407 1119 num
2444 1065 2592 1119 rivos
2618 1066 2875 1119 omnibus
2899 1080 3023 1119 cum
3056 1063 3160 1119 flde
3184 1063 3572 1117 accedentibus
3616 1061 3855 1115 ubertim

2275 1154 2527 1211 effundit.
2563 1156 2929 1222 Quamobrem
2963 1156 3019 1210 in
3066 1171 3134 1211 eo
3164 1155 3438 1224 inspicere
3478 1154 3859 1208 existimemus

2276 1251 2635 1305 Athanasium
2694 1252 2895 1321 ipsmn,
2928 1266 3095 1321 quem
3124 1251 3312 1305 dolore
3348 1249 3568 1320 pariter,
3602 1266 3667 1304 ac
3716 1248 3861 1304 desi-

2276 1344 2430 1398 derio
2461 1345 2870 1414 incomparabili
2910 1346 2975 1399 ad
3007 1344 3141 1398 illud
3175 1343 3501 1399 accedentes
3523 1343 3859 1412 complecta-

2274 1454 2418 1504 mur,
2442 1439 2580 1493 sicut
2608 1438 2824 1494 Patrem
2855 1450 3205 1503 venerantes,
3232 1448 3287 1493 et
3309 1454 3413 1508 qua
3453 1453 3551 1508 par
3578 1448 3658 1492 est
3678 1437 3857 1507 pieta-

2275 1538 2329 1584 te
2372 1540 2804 1600 prosequentes;
2867 1531 3010 1586 sicut
3060 1531 3608 1586 benemerentissimo
3652 1530 3857 1601 gratias

2276 1633 2503 1693 agentes
2533 1623 2870 1678 immortales
2894 1640 2909 1688 ;
2945 1624 3088 1679 sicut
3114 1624 3326 1678 medico
3354 1638 3479 1677 cum
3508 1622 3673 1675 animi
3696 1622 3857 1693 :cgri-

2279 1717 2501 1773 tudines
2538 1726 2650 1771 tum
2701 1717 2950 1785 corporis
2988 1724 3347 1787 exponentes,
3383 1725 3545 1785 atque
3588 1715 3652 1770 ad
3690 1715 3856 1784 huius

2279 1812 2681 1866 medicamenta
2716 1810 3063 1864 festinantes.
3093 1807 3385 1863 Enimvero
3404 1809 3509 1862 huc
3527 1808 3594 1862 ad
3613 1808 3855 1861 Athana-

2277 1905 2343 1959 sii
2374 1905 2684 1974 sepulcrum
2713 1903 3062 1959 invisendum
3094 1902 3321 1956 veniunt
3350 1900 3515 1956 etiam
3543 1899 3855 1970 quilongio—

2276 1996 2353 2051 ris
2391 1996 2855 2067 peregrinationis
2898 1995 3003 2049 iter
3037 1994 3353 2060 instituunt,
3392 1993 3483 2047 ubi
3528 2004 3851 2062 prosperum

2277 2087 2409 2142 item
2440 2088 2674 2141 reditum
2690 2085 3038 2155 beneprecati
3066 2085 3290 2139 domum
3314 2099 3467 2138 suam
3482 2092 3848 2138 revertuntur.

2277 2176 2532 2231 Mulieres
2547 2192 2761 2246 quoque
2786 2192 2931 2231 nunc
2955 2175 3106 2240 viris,
3140 2190 3291 2230 nunc
3320 2175 3442 2229 filiis
3472 2189 3711 2244 praesens
3741 2188 3854 2227 me-

2281 2270 2673 2333 dicamentum,
2701 2279 2755 2324 et
2778 2270 2971 2324 mortis
2992 2270 3353 2340 prolationem
3382 2267 3856 2338 precabundteim-

2282 2362 2670 2434 petrantzqui
2726 2361 2899 2433 rigida
2949 2362 3279 2430 potentioris
3331 2374 3526 2414 manus
3574 2357 3855 2429 tyrannide

2282 2456 2673 2526 opprimuntur
2702 2494 2717 2518 ,
2767 2463 3061 2524 patronum
3119 2453 3376 2507 invocant
3432 2450 3790 2504 Athanasium
3838 2464 3853 2500 :

2282 2547 2485 2617 quibus
2513 2561 2612 2616 per
2641 2546 2971 2601 calumniam
3002 2545 3180 2599 aliena
3204 2543 3445 2598 facinora
3490 2542 3853 2599 ascribuntur,

2283 2650 2448 2708 atque
2478 2638 2682 2707 injuste
2708 2639 2776 2693 ad
2805 2638 2983 2692 forum
3004 2636 3316 2706 rapiuntur,
3354 2645 3635 2689 strenuum
3658 2646 3854 2702 propu-

2278 2739 2558 2803 gnatorem
2591 2730 2837 2784 sentiunt
2856 2727 3242 2783 Athanasium.
3269 2725 3530 2795 Denique,
3547 2732 3606 2778 ut
3622 2736 3855 2777 summa-

2283 2825 2381 2879 tim
2436 2823 2654 2889 dicam,
2709 2837 2905 2877 omnes
2960 2820 3350 2887 Athanasium,
3400 2819 3582 2873 omnia
3632 2816 3854 2877 factum,

2283 2918 2510 2988 eiusque
2537 2916 2799 2971 auxilium
2839 2916 3193 2986 implorantes
3219 2922 3469 2968 votorum
3492 2911 3601 2981 iam
3634 2922 3856 2979 compo-

2287 3018 2370 3064 tes
2407 3008 2611 3076 eﬂ‘eeti,
2666 3023 2731 3062 ac
2768 3007 3020 3061 laetantes
3051 3014 3427 3059 revertuntur.
3459 3003 3615 3057 Hunc
3656 3002 3854 3054 etenim

2291 3102 2605 3173 experimur
2647 3101 2802 3172 quasi
2838 3101 3067 3155 alteram
3096 3098 3305 3163 Siloen,
3338 3097 3520 3152 omnia
3548 3095 3708 3150 nobis
3734 3108 3857 3162 per-

2288 3196 2663 3253 turbationum
2720 3193 2974 3250 incendia
2997 3191 3435 3262 exstinguentem
3456 3228 3472 3254 ,
3507 3186 3860 3255 Omniumque

2287 3287 2525 3353 animos,
2576 3294 2634 3340 et
2697 3299 2931 3355 corpora
2993 3282 3406 3353 irrigationibus
3460 3287 3857 3350 unguentorum

2289 3378 2645 3449 fragrantiam
2683 3376 3023 3448 spirantibus
3058 3384 3420 3431 recreantem.
3466 3374 3640 3441 Atque
3665 3371 3858 3425 horum

2289 3470 2683 3525 beneficiorum
2730 3484 2833 3524 nos
2863 3484 3082 3539 quoque
3126 3467 3425 3538 participes
3477 3464 3594 3519 fieri
3626 3471 3853 3532 exopta-

2290 3576 2455 3629 mus;
2487 3561 2758 3616 bonorum
2790 3561 3036 3616 omnium
3068 3558 3302 3623 auctori,
3336 3566 3393 3612 et
3434 3557 3490 3611 in
3524 3555 3728 3609 sanctis
3748 3553 3863 3607 suis

2291 3653 2527 3725 glorioso
2552 3652 2753 3723 gratias
2777 3661 3003 3723 agentes
3044 3651 3153 3705 Deo
3184 3664 3349 3705 :eum
3382 3630 3529 3703 enim
3563 3647 3721 3701 decet
3742 3659 3860 3697 om-

2288 3745 2377 3799 nis
2412 3745 2607 3817 gloria,
2638 3744 2837 3809 honor,
2878 3742 3184 3809 veneratio,
3216 3742 3457 3807 Patrem,
3482 3749 3537 3795 et
3568 3738 3784 3803 Filium,
3810 3744 3863 3790 et

2289 3834 2555 3907 Spiritum
2595 3845 2870 3900 sanctum,
2904 3850 3072 3898 nunc,
3095 3844 3150 3889 et
3174 3849 3411 3906 semper,
3441 3842 3498 3890 et
3523 3831 3577 3887 in
3619 3828 3862 3887 omnium

2284 3929 2613 3987 smculorum
2640 3929 3024 3987 aeternitatem.
3048 3930 3244 3986 Amen.
