4146 6428
342 423 3577 490 Em

1701 644 1875 687 ANNO
1917 642 2214 685 INCERTO.

976 821 2845 1005 BARTHOLOMAZUS
2884 953 2925 1031 ,

1246 1161 1923 1251 EDESSENUS
1991 1154 2486 1247 MONACH
2510 1157 2679 1248 US.

1781 1507 2138 1570 NOTITIA.

1522 1705 1691 1769 (Cava,
1720 1705 1920 1757 Dissert.
1942 1703 2115 1769 prim,
2148 1718 2259 1768 pag.
2294 1704 2429 1770 168.)

406 2015 853 2080 Βθτιιιοιοηιωυε,
884 2022 1061 2085 gente,
1092 2010 1146 2066 ni
1176 2009 1350 2077 fallor,
1390 2010 1581 2081 Syrus,
1627 2010 1786 2075 civis,
1817 2021 1965 2068 certe
2020 2013 2355 2079 monachus,
2394 2010 2736 2079 Edessenns;
2766 2012 2893 2082 quin
2937 2028 3045 2069 non
3075 2026 3202 2069 raro
3243 2027 3301 2070 se
3332 2012 3594 2084 simplici-

337 2114 420 2163 ter
449 2106 783 2160 Edessenum
814 2112 977 2157 vocat
1003 2119 1018 2167 ;
1062 2099 1240 2154 aetatis
1263 2098 1555 2154 admodum
1586 2099 1811 2155 incertae
1842 2101 2101 2172 scriptor,
2134 2102 2287 2171 cujus
2316 2116 2383 2155 ne
2414 2101 2685 2156 levissima
2718 2101 2958 2170 quidem,
2980 2101 3123 2171 quod
3144 2102 3336 2169 sciam,
3360 2101 3595 2157 habetur

336 2193 567 2261 mentio,
604 2191 871 2261 cuiusque
901 2190 955 2245 in
992 2195 1113 2243 toto
1162 2201 1259 2243 suo
1295 2185 1477 2257 Opere
1509 2202 1610 2243 nec
1652 2187 1794 2253 vola,
1830 2201 1931 2244 nec
1960 2190 2279 2260 vestigium;
2310 2192 2394 2243 vir
2429 2204 2536 2245 non
2594 2189 2918 2260 inelegantis
2942 2190 3170 2261 ingenii,
3201 2207 3307 2247 non
3340 2201 3592 2246 contem-

334 2283 527 2337 nenda:
572 2280 918 2343 eruditionis,
952 2280 1003 2333 in
1032 2278 1252 2347 scriptis
1274 2286 1329 2331 et
1350 2276 1547 2331 ritibits
1581 2275 2269 2346 Chaldreorum,Arabum,
2292 2276 2869 2333 Multatnmedauorum
2901 2278 3328 2333 versatissimus.
3359 2277 3592 2347 Scripsit

340 2370 631 2423 Elenchum
684 2383 778 2423 seu
815 2366 1243 2423 confutationem
1284 2364 1542 2434 Agareni,
1592 2379 1697 2434 qua
1747 2379 1855 2420 non
1888 2369 2007 2421 sine
2046 2367 2465 2437 magnoingenii
2503 2367 2752 2423 acumine
2785 2376 2840 2423 et
2884 2368 3123 2423 mordaci
3176 2368 3308 2433 sale,
3338 2368 3591 2423 Alcorani

337 2462 571 2529 ineptias
598 2469 653 2515 et
678 2458 1071 2513 Multammedis
1098 2468 1303 2521 ortum,
1331 2458 1521 2522 vitam,
1552 2471 1756 2519 mores,
1789 2457 1931 2511 ritus
1982 2462 2038 2509 et
2066 2455 2341 2523 dogmata,
2365 2453 2647 2525 eleganter
2685 2455 2927 2524 exponit.
2965 2453 3114 2522 Opus
3145 2455 3249 2509 hoc
3311 2452 3593 2525 ἀκέφαλον

336 2547 434 2603 Gr.
466 2548 590 2602 Lat.
624 2547 818 2602 extulit
858 2544 1045 2614 Steph.
1072 2545 1148 2601 Le
1174 2543 1428 2611 Moinius,
1459 2554 1513 2598 et
1548 2545 1690 2598 inter
1739 2542 1903 2597 Varia
1934 2559 2030 2600 sua
2088 2545 2256 2599 Sacra
2280 2544 2457 2600 locum
2514 2546 2698 2613 dedit,
2735 2544 2908 2616 Lugd.
2945 2543 3131 2598 Batav.
3163 2543 3323 2610 1685,
3356 2559 3409 2614 p.
3449 2544 3590 2609 “502;

339 2637 710 2701 subnectitur,
736 2636 865 2689 ibid.
897 2650 951 2705 p.
980 2634 1106 2701 429,
1149 2643 1413 2688 tractatus
1440 2632 1577 2687 alter
1605 2631 1701 2687 Gr.
1742 2630 1862 2686 Lat.
1894 2632 2091 2688 Contra
2127 2632 2573 2702 Multammedem,
2606 2650 2673 2689 an
2708 2634 2949 2701 ejusdem
2974 2634 3242 2699 auctoris,
3272 2649 3376 2689 non
3400 2633 3590 2703 liquet.

340 2724 486 2778 Sunt
513 2738 633 2793 quae
664 2723 715 2778 id
746 2724 975 2777 suadere
1006 2722 1295 2777 videantur
1333 2720 1577 2775 materia:
1627 2717 1884 2784 alIinitas,
1933 2722 2178 2777 auctoris
2238 2720 2535 2791 ingenium,
2566 2731 2818 2777 accurata
2876 2736 3059 2777 rerum
3113 2720 3594 2776 Muhammedana-

341 2828 463 2866 rum
490 2812 702 2880 peritia.
733 2810 845 2867 Nec
874 2812 1072 2866 desunt
1111 2824 1233 2881 quae
1279 2824 1565 2865 assensum
1614 2808 1775 2878 plane
1822 2809 2126 2876 retrahunt,
2160 2811 2429 2879 praecipue
2480 2810 2624 2865 haud
2666 2810 2798 2866 levis
2831 2810 2883 2866 in
2929 2820 3165 2879 utroque
3198 2810 3586 2880 discrepantia.

339 2900 775 2955 Bartholomaeus
818 2902 873 2954 in
909 2900 1259 2954 recensendis
1289 2896 1685 2952 Muhammedis
1729 2898 1989 2955 uxoribus
2016 2908 2071 2954 et
2101 2899 2309 2964 liberis,
2340 2913 2461 2953 cum
2491 2912 2783 2968 anonymo,
2821 2912 2920 2953 nec
2992 2896 3329 2962 nominibus,
3365 2910 3465 2951 nec
3496 2912 3598 2950 nu-

339 3008 518 3055 mero,
548 2992 821 3047 convenit.
855 2991 1118 3047 Monaclto
1167 2988 1520 3053 Nestoriauo,
1553 2990 1817 3060 primario
1869 2986 2344 3043 Multatnmedisin
2380 2986 2662 3041 condendo
2682 2986 2958 3041 Alcorano
3002 2984 3343 3057 ὲργοδιώκτῃ
3397 2998 3595 3039 nomen

342 3082 485 3149 apud
518 3079 968 3135 Bartbolomazum
1004 3088 1089 3132 est
1115 3078 1413 3143 Pachuras,
1454 3080 1595 3145 apud
1620 3092 1946 3146 annnymum
1970 3074 2159 3141 Baira,
2183 3082 2243 3129 ut
2264 3073 2369 3129 alia
2397 3074 2510 3144 jam
2538 3075 2769 3129 mittam.
2802 3070 2872 3129 Ut
2900 3082 2959 3127 ut
2995 3072 3088 3139 sit,
3118 3081 3416 3141 utrumque
3450 3086 3588 3140 Opus

335 3170 681 3241 jucunditate
696 3178 749 3225 et
771 3170 1003 3224 utilitate
1029 3183 1125 3223 sua
1163 3181 1223 3224 se
1249 3180 1575 3237 magnopere
1598 3163 2013 3222 commendati“.

414 3340 448 3371 “
468 3340 624 3397 Conf.
650 3341 861 3396 Fabric.
888 3339 1140 3395 Biblioth.
1180 3339 1353 3395 (ἕπεο.
1385 3341 1472 3395 ed.
1515 3338 1707 3394 llarles
1736 3348 1776 3394 t.
1805 3336 1941 3404 VIII,
1980 3354 1983 3407 ξ

346 3412 597 3468 Leidens.
636 3427 687 3468 ο.
713 3412 838 3468 540,
878 3428 933 3467 n.
970 3410 1062 3464 21.

1980 3352 2033 3408 p.
2066 3336 2135 3392 86
2167 3345 2281 3393 not.
2318 3352 2468 3401 mm;
2499 3347 2537 3390 ι.
2568 3334 2677 3402 LX,
2708 3351 2760 3405 p.
2797 3334 2902 3390 586
2932 3349 2948 3400 ;
3008 3340 3064 3388 et
3108 3330 3287 3388 Catal.
3331 3331 3596 3391 biblioth.

391 3427 597 3468 eluens.
636 3427 687 3480 p.
713 3427 838 3477 040,
878 3428 933 3467 ιι.
970 3427 1062 3464 21.

363 3599 3579 3631 MM

1174 3770 1598 3837 MONITUM
1632 3769 1731 3834 IN
1760 3767 2263 3846 SEQUENTIA
2308 3763 2757 3829 0PUSCULA.

1335 3957 1606 4021 (Laneus,
1646 3956 1805 4006 Varia
1825 3968 1985 4016 sacra,
2011 3952 2391 4035 Prolegomena,
2424 3961 2477 4013 p.
2517 3948 2618 4009 l7.)

420 4302 552 4358 Cum
573 4316 638 4357 ex
668 4298 845 4370 legato
870 4293 1257 4360 Warneriano,
1285 4295 1355 4351 ad
1383 4294 1791 4364 Scaligeranum
1815 4298 2186 4361 pergerem,et
2218 4286 2513 4343 desultoria
2542 4284 2772 4358 quadam
2799 4281 3047 4347 libidine,
3082 4281 3244 4370 modo
3269 4280 3400 4370 illo,
3440 4281 3601 4337 modo

350 4390 456 4444 isto
486 4388 674 4443 oculos
713 4366 861 4441 meos
883 4398 1187 4454 pascerem,
1216 4391 1271 4438 et
1302 4384 1591 4452 utriusque
1617 4394 1750 4449 opes
1772 4378 2024 4441 mirarer,
2048 4390 2113 4432 ac
2171 4375 2533 4445 explorarem,
2569 4372 2734 4427 incidi
2792 4371 2847 4425 in
2888 4368 3321 4440 Disputationem
3369 4366 3605 4421 Bartbo-

353 4478 525 4532 lomaei
554 4474 834 4539 Edesseui,
878 4453 1147 4543 sequioris
1185 4474 1307 4539 aevi,
1343 4472 1395 4526 ni
1427 4470 1607 4536 fallor,
1638 4467 1910 4530 monachi,
1974 4472 2162 4520 contra
2213 4460 2535 4516 Saracenos.
2583 4456 2736 4527 Opus
2764 4456 3062 4527 Scaligero,
3091 4453 3371 4520 Vulcanio,
3396 4453 3604 4508 Mursio

354 4576 566 4629 notum,
608 4562 934 4631 illorumque
954 4540 1146 4616 doctis
1176 4558 1427 4613 manibus
1455 4557 1547 4611 diu
1578 4555 1762 4609 tritum
1792 4567 1856 4608 ac
1895 4560 2191 4615 versatum,
2215 4550 2310 4604 sed
2346 4549 2450 4602 huc
2494 4560 2669 4615 usque
2720 4545 3003 4607 ineditum,
3036 4556 3137 4596 nec
3164 4540 3459 4631 Latinitate
3502 4542 3602 4595 do-

352 4626 564 4706 natum.
600 4650 737 4706 Cum
766 4626 894 4705 vero
952 4648 1098 4703 illius
1128 4647 1291 4703 lectio
1322 4661 1425 4701 non
1464 4646 1658 4700 leviter
1689 4642 1932 4697 animum
1977 4637 2238 4701 alliceret,
2269 4649 2332 4689 ac
2356 4634 2409 4687 in
2435 4632 2525 4687 illo
2551 4631 2717 4686 multa
2774 4636 3150 4694 occurrerent,
3177 4628 3244 4682 de
3270 4626 3601 4690 Mahumetc,

352 4741 420 4793 de
451 4738 872 4802 Mabumelanis,
899 4737 966 4792 de
1021 4736 1282 4805 religione
1340 4731 1886 4794 Muhamedanorum,
1909 4729 1975 4783 de
1997 4726 2162 4782 variis
2190 4721 2332 4794 apud
2366 4721 2486 4775 illos
2526 4720 2747 4783 ritibus,
2785 4728 2943 4805 grata
2989 4731 3056 4805 ac
3109 4715 3373 4785 jucunda,
3413 4730 3601 4805 quacha

355 4827 650 4882 lectoribus
674 4827 817 4880 sicut
844 4839 948 4880 nec
992 4839 1021 4877 a
1055 4802 1161 4890 me,
1192 4838 1299 4877 non
1338 4824 1456 4875 sine
1487 4819 1718 4888 quadam
1770 4815 2049 4885 voluptate
2085 4812 2191 4879 legi
2223 4823 2384 4880 posse
2415 4809 2764 4871 videbantur,
2797 4804 2985 4860 statim
3013 4804 3081 4858 de
3119 4816 3285 4890 opere
3328 4817 3450 4890 cum
3480 4802 3603 4890 aliis

351 4915 466 4984 jam
526 4913 731 4984 paratis
777 4911 1041 4968 sociando
1096 4886 1355 4980 cogitavi,
1393 4886 1696 4961 versionem
1731 4902 2016 4958 adornavi.
2054 4899 2137 4954 Ad
2176 4896 2377 4953 calcem
2404 4910 2538 4950 vero
2590 4894 2753 4949 istius
2808 4891 3017 4948 codicis
3060 4904 3194 4943 mss.
3229 4886 3604 4942 Bartltolonm-i

359 4975 637 5070 Edesseni,
667 5002 911 5072 quzedam
960 5001 1140 5056 addita
1168 4975 1522 5069 legebantur,
1546 5007 1663 5064 qua:
1693 4991 2055 5046 Maltutnetem
2098 4987 2274 5056 ipsum
2317 4982 2655 5053 spectabant.
2716 4980 2847 5047 Quae
2886 4993 3010 5034 cum
3059 4977 3331 5049 supertori
3364 4975 3605 5045 disputa-

359 5089 513 5157 tioni,
542 5069 773 5146 concilio
825 5089 1061 5160 quodam
1113 5088 1294 5142 addita
1339 5084 1593 5150 fuissent,
1627 5095 1692 5138 ea
1720 5080 1774 5135 in
1819 5078 2060 5135 editione
2086 5086 2273 5132 nostra
2332 5073 2605 5129 noluimus
2643 5069 2962 5127 desiderari.
