4146 6436
616 360 757 424 1383

1752 356 2211 419 BARTHOLOM
2226 357 2316 415 ,ΕΙ
2360 358 2738 419 EDESSENI

3721 360 3842 425 1384

911 728 921 739 υ
1008 598 2247 783 ΒΑΡΘΟΛΟΜΑΙΟΥ
2326 664 2628 781 ΤΟΥ
2700 664 3500 784 ΕΔΕΣΗΝΟΥ

1637 908 2163 999 ΕΛΕΓΧΘΣ
2234 906 2856 997 ΑΓΑΡΗΝΟΥ.

1226 1279 2419 1407 BARTHOLOMXEI
2517 1245 3277 1405 EDESSENI

1020 1532 1669 1613 ELENCHUS
1748 1531 1898 1609 ET
1972 1531 2188 1633 con

2315 1531 2801 1608 UTATIO
2901 1529 3459 1610 ΑΘΑΒΕΝῙε

685 2140 753 2194 Et
778 2140 895 2192 hinc
926 2134 1105 2190 inveni
1134 2133 1350 2203 scriptis
1404 2133 1661 2186 mandata
1690 2132 1740 2183 in
1768 2140 1858 2185 tuo
1898 2130 2187 2184 Alcorauo.

617 2235 768 2300 Quod
806 2248 932 2285 vero
992 2229 1149 2291 dicis,
1180 2240 1347 2296 quare
1393 2224 1666 2281 Christum
1699 2223 1972 2277 conliteris
2022 2220 2187 2274 Deum

614 2341 774 2395 quem
829 2322 976 2376 cruci
1034 2318 1299 2383 allixisds,
1354 2325 1409 2371 et
1444 2315 1690 2385 sepulcro
1750 2314 2105 2369 C0!tditii>ll$?
2136 2322 2191 2368 et

613 2432 805 2472 rursus
833 2412 1101 2483 quomodo
1132 2412 1295 2463 Deum
1325 2423 1505 2462 rerqu
1560 2408 1799 2461 omnium
1842 2406 2089 2475 opiticem
2137 2415 2190 2459 et

613 2516 912 2562 creatorem
968 2503 1020 2557 in
1054 2510 1206 2555 utero
1244 2498 1460 2552 femina:
1501 2495 1885 2565 comprehendi
1949 2493 2191 2565 potuisse

611 2595 960 2659 existimatis,
983 2602 1038 2648 et
1065 2592 1310 2661 generari
1338 2599 1389 2642 et
1415 2589 1583 2652 nasci,
1611 2598 1665 2639 ut
1689 2586 1776 2639 alii
1824 2587 2068 2639 homines
2098 2600 2190 2638 so-

611 2691 747 2753 lent,
783 2699 832 2740 et
887 2684 1094 2739 vocalis
1125 2693 1394 2737 terrenam
1461 2679 1725 2743 Mariam,
1770 2678 2080 2755 'l‘licotocon
2137 2686 2191 2730 et

616 2783 710 2836 Dei
740 2780 1071 2836 Genitricem
1096 2776 1119 2829 Ἰ
1145 2777 1417 2844 quomodo
1444 2773 1621 2826 dicitis
1648 2773 1787 2824 illam
1819 2786 1937 2824 esse
1960 2780 2189 2823 matrem

614 2872 734 2937 Dei,
764 2881 818 2924 et
847 2868 1039 2923 Filium
1068 2867 1158 2921 Dei
1191 2866 1259 2919 ab
1306 2865 1391 2918 illa
1418 2862 1773 2933 gcnerattittt?
1806 2875 1859 2916 et
1906 2862 1950 2915 si
1993 2874 2070 2915 esi
2104 2860 2191 2914 Fi-

613 2964 716 3017 lius
741 2962 855 3027 Dei,
890 2959 1159 3028 quomodo
1186 2972 1248 3010 ea
1286 2970 1405 3025 qtae
1430 2954 1574 3006 illum
1608 2953 1835 3023 peperit,
1870 2961 2047 3020 potest
2072 2966 2191 3006 csse

615 3056 710 3110 Dei
778 3051 1047 3123 genitrix?
1108 3049 1299 3104 Dicitis
1347 3050 1567 3116 insuper
1638 3046 1979 3099 Christiani:
2026 3046 2188 3098 Deum

615 3141 957 3212 agnoscimus
985 3139 1340 3193 substantiam
1364 3137 1482 3189 sine
1524 3149 1713 3196 causa,
1748 3151 1924 3189 rerum
1950 3136 2189 3187 onmium

616 3251 834 3290 Causam
872 3232 1327 3302 potentissimam,
1354 3228 1717 3293 verissimam,
1746 3232 1890 3283 Ouini
1926 3229 2027 3281 alia
2058 3228 2188 3282 snh-
2221 3222 2262 3276 Β

614 3330 813 3383 stantia
840 3336 892 3379 et
918 3336 1106 3378 natura
1142 3323 1501 3391 superiorem,
1535 3324 1654 3374 sine
1683 3322 1948 3390 principio
1973 3332 2027 3374 et
2045 3321 2184 3374 line:

617 3419 760 3486 quod
795 3426 877 3469 est
912 3432 1038 3469 vero
1066 3414 1185 3467 sine
1216 3414 1481 3481 principio
1512 3422 1595 3466 est
1617 3411 1836 3464 omnino
1866 3414 2185 3464 lliCI‘t‘allllil.

616 3510 1062 3577 Quandoquidem
1094 3521 1223 3575 ergo
1246 3514 1329 3559 est
1363 3520 1544 3559 rerum
1582 3504 1822 3557 Omnium
1857 3503 2017 3563 Deus,
2051 3518 2187 3571 quo-

616 3604 777 3659 modo
807 3611 980 3670 potest
1016 3614 1138 3653 esse
1169 3600 1446 3668 particeps
1476 3596 1905 3665 ingenerationis
1934 3605 1987 3648 et
2022 3612 2187 3662 gene-

618 3696 868 3756 rationis,
905 3703 964 3746 ut
1002 3707 1098 3746 vos
1127 3691 1423 3746 Christiani
1450 3690 1695 3743 asseritis
1716 3688 1737 3740 ?
1758 3688 1858 3754 Qui
1888 3704 1991 3742 non
2026 3689 2191 3741 habet

618 3788 858 3853 genitum
885 3785 1120 3847 Patrem,
1165 3782 1436 3851 quomodo
1460 3780 1636 3834 faetus
1665 3788 1745 3833 est
1770 3778 1972 3831 Pater?
2000 3790 2188 3831 osten-

617 3881 756 3933 datis
789 3880 951 3931 etiam
980 3876 1138 3929 nobis
1172 3876 1441 3943 quomodo
1466 3874 1605 3928 Deus
1626 3872 1906 3942 generavit
1964 3870 2184 3923 Filium.

619 3973 674 4027 Si
716 3972 912 4025 dicatis
973 3969 1039 4021 ab
1084 3975 1307 4027 aeterno,
1334 3968 1602 4035 quomodo
1653 3981 1745 4017 vos
1775 3980 1965 4018 recens
1986 3975 2039 4016 et
2089 3977 2189 4016 nu-

614 4067 738 4119 dius
762 4063 953 4118 tertius
1000 4060 1133 4125 nati,
1165 4059 1233 4113 ad
1280 4059 1641 4128 cegnitionem
1669 4073 1855 4111 eorum
1913 4072 2030 4124 qua:
2062 4063 2189 4109 sunt

616 4162 680 4211 ιιι»
709 4168 911 4210 ωιειιιο
944 4155 1194 4226 potuistis
1215 4151 1541 4222 assurgere?
1572 4150 1706 4216 Quis
1740 4151 1891 4202 vobis
1930 4148 2188 4201 revelavit

616 4250 772 4302 talem
807 4244 1243 4316 generationem?
1271 4244 1475 4298 Rursus
1540 4256 1636 4296 vos
1689 4240 1979 4295 Christiani
2006 4239 2188 4291 dicitis

614 4343 757 4412 quod
791 4339 955 4393 Filius
988 4338 1221 4407 genitus,
1257 4337 1396 4390 idem
1427 4335 1591 4389 habet
1621 4349 1742 4388 cum
1773 4332 1932 4385 Patre
1987 4330 2187 4400 princi-

616 4437 784 4503 pium,
820 4430 1089 4499 quomodo
1122 4442 1250 4497 ergo
1275 4428 1435 4480 habet
1477 4426 1637 4479 aliam
1705 4425 2105 4495 generationem
2132 4432 2188 4477 et

615 4527 831 4593 quidem
851 4526 935 4578 inc
946 4540 1031 4576 rea
1042 4531 1148 4576 tam
1166 4519 1190 4571 ’ἰ
1212 4520 1305 4574 sed
1324 4517 1465 4587 quod
1483 4520 1723 4589 genitum
1742 4528 1848 4583 est,
1872 4526 2113 4571 creatum
2133 4524 2187 4570 et

2366 2135 2478 2188 Kal.
2509 2132 2679 2197 οὕτως
2709 2126 2869 2205 εῦρον
2894 2131 3071 2187 ταῦτα
3100 2133 3157 2186 ὲν
3188 2132 3265 2204 τῷ
3316 2133 3609 2204 Κουρανίῳ
3644 2151 3735 2187 σου
3768 2151 3854 2203 γε·

2288 2230 2611 2299 γραμμένα.
2629 2217 2737 2282 Καὶ
2760 2229 2843 2280 ὅτι
2871 2227 3044 2295 λέγεις
3070 2244 3084 2257 ·
3110 2226 3209 2278 Διὰ
3233 2225 3286 2278 τί
3309 2225 3398 2278 τὸν
3427 2227 3663 2296 Χριστὸν
3683 2226 3855 2296 δμολο·

2289 2323 2406 2389 γεῖς
2436 2320 2570 2372 Θεὸν
2596 2322 2675 2382 εἰς
2706 2318 2800 2371 τὸν
2829 2317 3065 2387 σταυρὸν
3101 2316 3550 2382 ἀναϐιϐάσαντος,
3575 2316 3673 2369 καὶ
3707 2318 3761 2369 ἐν
3782 2315 3852 2385 τῷ

2290 2413 2449 2482 τάφῳ
2479 2411 2803 2476 τεΟείκατε;
2837 2408 2948 2462 Kal.
2986 2404 3141 2473 αὖθις
3170 2407 3262 2460 τὸν
3289 2408 3355 2461 τά
3399 2407 3572 2462 πάντα
3604 2408 3853 2478 δημιουρ-

2291 2505 2547 2573 γήσαντα
2576 2501 2709 2554 Θεὸν
2746 2502 2825 2565 εἰς
2847 2502 3063 2571 μήτραν
3094 2499 3353 2568 γυναικὸς
3380 2499 3494 2561 πῶς
3524 2500 3849 2569 ἐχωρήσατε,

2291 2596 2383 2650 καί
2415 2595 2679 2665 τεχθέντα
2729 2593 2805 2657 ὡς
2868 2593 3190 2664 ἄνθρωπον,
3242 2592 3339 2644 καὶ
3386 2590 3573 2659 λέγετε
3625 2589 3720 2644 καὶ
3764 2589 3851 2660 τὴν

2291 2686 2485 2757 χοῖκὴν
2516 2686 2736 2757 Μαρίαν
2756 2684 3025 2737 Θεοτόκον
3048 2700 3062 2749 ;
3084 2684 3198 2746 πῶς
3222 2683 3316 2735 καὶ
3337 2681 3518 2749 λέγετε
3546 2682 3715 2752 αὐτὴν
3739 2681 3848 2750 Μη-

2288 2779 2425 2849 τέρα
2479 2776 2640 2843 Θεοῦ,
2692 2774 2789 2829 καὶ
2835 2775 2962 2828 Υίὸν
2990 2774 3128 2828 Θεοῦ
3162 2774 3239 2843 ¹ἐξ
3281 2774 3449 2843 αὐτῆς
3499 2773 3847 2843 γεννηθέντας

2290 2871 2417 2925 ἐπεὶ
2470 2868 2599 2934 Υἱὸς
2654 2869 2788 2922 Θεοῦ
2816 2909 2832 2934 ,
2884 2869 3002 2932 πῶς
3034 2869 3279 2921 καλεῖται
3318 2868 3576 2930 Θεοτὸκος
3610 2868 3643 2939 ὴ
3678 2866 3849 2919 τοῦτον

2290 2963 2634 3032 γεννήσασα;
2664 2960 2855 3028 λέγετε
2878 2960 2935 3013 δὲ
2962 2960 3121 3030 ὑμεῖς
3137 2954 3291 3022 αὖθις
3307 2959 3356 3011 οἰ
3376 2957 3697 3029 Χριστιανοί
3719 2972 3732 2985 ο
3756 2955 3847 3007 Τὸν

2290 3053 2422 3106 Θεὸν
2459 3052 2800 3124 γνωρίζομεν
2816 3051 3003 3105 ούσίαν
3026 3050 3267 3105 ἀναίτιον
3290 3065 3303 3080 °
3330 3049 3506 3102 αἰτίαν
3534 3048 3630 3101 οὖν
3653 3064 3848 3101 παντο-

2290 3144 2547 3214 δύναμον,
2573 3144 2889 3214 παναληθῆ,
2912 3143 3097 3213 πάσης
3126 3141 3312 3205 οὐσίας
3341 3140 3437 3194 καὶ
3463 3139 3677 3210 φύσεως
3705 3141 3849 3210 ὑπερ-

2288 3237 2491 3301 ούσιον,
2524 3236 2761 3306 ἄναρχον
2800 3237 2895 3288 καὶ
2953 3233 3328 3303 ἀτελεύτητον.
3360 3232 3433 3285 Τὸ
3470 3232 3578 3303 γὰρ
3605 3232 3845 3301 ἄναρχον,

2289 3328 2548 3383 άκτιστον
2580 3326 2821 3395 λέγεται.
2867 3325 3020 3379 Ἐπεὶ
3050 3326 3079 3377 ὀ
3104 3325 3213 3378 τῶν
3243 3324 3380 3377 ὅλων
3410 3323 3541 3384 Θεὸς
3571 3323 3742 3393 παρὲξ
3759 3321 3845 3385 ὢν,

2288 3419 2363 3483 ὡς
2389 3418 2578 3486 λέγετε
2628 3422 2679 3471 οἱ
2730 3416 3074 3490 Χριστιανοὶ,
3131 3416 3231 3487 τῆς
3257 3416 3590 3486 άγεννησίας
3620 3416 3716 3468 καὶ
3756 3412 3845 3481 τῆς

2288 3513 2623 3581 γεννήσεως,
2674 3512 2795 3574 πῶς
2854 3510 3119 3579 γέγονεν;
3174 3508 3436 3579 Γεννητὸν
3510 3507 3729 3577 Πατέρα
3780 3505 3845 3575 μὴ

2288 3605 2451 3674 ἔχων,
2487 3604 2611 3676 πῶς
2633 3605 2860 3672 γέγονεν
2912 3602 3105 3672 Πατήρ
3132 3618 3147 3667 ;
3172 3601 3283 3655 Kal.
3325 3599 3531 3663 δείξατε
3580 3600 3715 3670 ἡμῖν
3763 3598 3846 3651 καὶ

2287 3694 2405 3757 πῶς
2436 3693 2731 3762 ἐγέννησεν
2771 3695 2799 3745 ὁ
2825 3692 2955 3755 Θεὸς
2987 3691 3145 3744 Υἰόν’
3176 3691 3225 3743 εἰ
3261 3690 3359 3760 μὲν
3394 3689 3579 3756 λέγετε
3613 3689 3718 3759 πρὸ
3752 3687 3845 3740 τῶν

2286 3785 2524 3851 αἰώνων,
2561 3784 2721 3855 ὑμεῖς
2773 3784 3009 3855 χθεσινοὶ
3054 3782 3227 3849 ὄντες,
3256 3782 3420 3835 πόθεν
3451 3782 3625 3834 οἴδατε
3657 3781 3725 3833 τὰ
3752 3778 3847 3849 πρὸ

2287 3878 2542 3944 αἰώνων;
2572 3878 2668 3941 Τίς
2715 3878 2913 3941 ἔδειξεν
2964 3878 3095 3947 ὑμῖν
3143 3875 3401 3945 τοιαύτην
3444 3875 3730 3943 γέννησινς
3763 3872 3846 3925 καὶ

2288 3972 2450 4025 πάλιν
2470 3972 2607 4040 φατὲ
2628 3972 2677 4023 οἰ
2702 3971 3019 4042 Χριστιανοί
3038 3970 3125 4024 "0
3152 3968 3542 4039 γεγεννημένος
3571 3968 3719 4035 Υἱὸς,
3745 3966 3846 4019 σύν·

2287 4080 2455 4134 αρχος
2491 4063 2570 4132 τῷ
2600 4065 2793 4134 Πατρὶ,
2828 4063 2924 4115 καὶ
2957 4062 3075 4125 πῶς
3103 4061 3272 4131 ἄλλην
3314 4060 3545 4130 γένεσιν,
3581 4060 3676 4113 καὶ
3704 4059 3844 4112 ἄκτι-

2289 4172 2444 4219 στον;
2477 4154 2615 4206 ἀλλὰ
2661 4154 2722 4206 τὸ
2775 4153 3035 4223 γεννητὸν
3091 4154 3328 4206 κτιστύν.
3368 4153 3478 4205 Kal
3524 4153 3645 4205 ἐπεὶ
3673 4153 3702 4204 ὁ
3751 4151 3843 4204 τῶν

2284 4248 2421 4300 ὅλων
2450 4245 2580 4308 Θεὸς
2612 4246 2847 4316 ὑπάρχει
2878 4246 2984 4315 πρὸ
3005 4243 3237 4309 αἰώνων,
3267 4244 3359 4296 καὶ
3406 4239 3485 4307 εἷς
3508 4244 3645 4310 ἐστι,
3677 4243 3766 4295 καί
3790 4240 3842 4292 οὐ

2282 4340 2457 4409 τρεῖς,
2491 4337 2702 4401 λοιπὸν,
2742 4338 2921 4390 κοινὸν
2943 4337 3117 4406 ὄνομα
3142 4335 3275 4405 ἔχει,
3313 4335 3409 4389 καὶ
3441 4337 3501 4388 οὑ
3532 4335 3707 4388 κοινά.
3744 4333 3843 4387 Καὶ

2285 4428 2410 4480 ἐπεὶ
2437 4427 2597 4480 κοινὰ
2629 4426 2877 4497 ὀνόματα
2908 4424 3111 4494 λέγεις,
3141 4426 3256 4487 πῶς
3288 4425 3449 4478 πάλιν
3481 4424 3656 4477 κοινὸν
3689 4424 3844 4491 ὄνομα

2285 4519 2581 4591 ἀναφέρεις
2614 4535 2630 4587 ;
2667 4518 2854 4571 λοιπὸν
2898 4519 2992 4572 καὶ
3022 4518 3078 4571 αἰ
3130 4520 3276 4588 τρεῖς
3312 4517 3637 4578 ὑποστάσεις
3674 4515 3845 4585 έχουσι

613 4620 888 4673 conditum
904 4630 1026 4671 esse
1039 4615 1217 4669 debet.
1235 4613 1298 4667 Et
1311 4613 1564 4682 quoniam
1588 4628 1767 4666 rerum
1782 4610 2022 4665 omnium
2039 4609 2183 4665 Deus

2293 4610 2428 4664 ἰδίαν
2464 4610 2629 4679 φύσιν
2672 4609 2768 4663 καὶ
2825 4608 3031 4663 οὐσίαν.
3076 4609 3186 4661 Kal
3227 4609 3387 4661 πάλιν
3421 4607 3534 4670 πῶς
3580 4606 3763 4675 λέγετε
3800 4603 3844 4655 οἰ

617 4710 832 4765 exsistit
860 4718 984 4761 ante
1019 4704 1235 4770 saecula,
1263 4715 1318 4759 et
1352 4720 1490 4759 unus
1515 4714 1598 4758 est
1616 4718 1864 4767 numero,
1904 4717 2009 4755 non
2049 4708 2184 4763 tres,

616 4803 864 4870 sequitur
914 4812 1203 4852 commune
1229 4796 1378 4850 illum
1412 4797 1612 4849 habere
1653 4808 1870 4858 nomen,
1900 4808 2004 4845 non
2035 4806 2186 4847 com-

618 4889 795 4941 munia
819 4886 1060 4949 nomina,
1087 4895 1140 4938 et
1160 4885 1599 4955 quandoquidem
1620 4884 1927 4939 communia
1972 4883 2186 4937 nomina

618 4982 815 5046 dicitis,
844 4980 1115 5049 quomodo
1142 4990 1428 5031 commune
1488 4991 1680 5031 nomen
1716 4992 1907 5031 rursus
1966 4974 2190 5045 potestis

621 5073 867 5143 proferre
894 5080 951 5124 et
988 5085 1263 5135 asserere;
1310 5068 1556 5137 sequitur
1597 5069 1739 5122 enim
1779 5080 1888 5122 tres
1924 5081 2183 5137 personas

622 5161 893 5234 propriam
945 5160 1147 5215 habere
1181 5169 1428 5213 naturam
1471 5167 1523 5212 et
1549 5160 1929 5215 substantiam.
1979 5159 2177 5213 Iterum

620 5252 935 5317 Claistiani,
964 5252 1232 5320 quomodo
1257 5250 1461 5305 docetis
1514 5252 1655 5319 quod
1704 5249 1846 5306 Deus
1881 5262 2053 5305 vester
2112 5250 2185 5303 sit

618 5349 802 5399 imitus
832 5343 1056 5407 homini,
1089 5353 1143 5396 et
1175 5352 1399 5398 vocetur
1427 5343 1587 5399 simul
1622 5344 1781 5397 homo
1830 5354 1885 5398 et
1922 5359 2081 5397 verus
2127 5353 2183 5397 et

617 5437 886 5505 pcrt’cctus
912 5434 1074 5487 Deus.
1109 5432 1224 5488 Non
1248 5434 1327 5488 sic
1353 5437 1542 5489 unitur
1570 5436 1872 5490 substantia
1908 5446 1963 5491 et
1990 5452 2180 5492 esseu-

617 5529 686 5580 tia
727 5527 1255 5579 Divinitatisnatnrte
1304 5538 1529 5580 terrena:
1551 5539 1603 5580 et
1654 5529 2011 5596 corruptibili,
2045 5531 2188 5584 sicut

617 5616 761 5681 ignis
790 5616 977 5666 uniiur
1009 5614 1170 5682 ligno.
1207 5614 1412 5668 Rursus
1444 5618 1605 5669 audio
1640 5632 1733 5669 vos
1764 5618 2010 5671 dii-entes
2068 5620 2184 5671 dari

614 5706 855 5768 Patrem,
879 5705 1095 5769 Filium,
1125 5706 1409 5772 Spiritum,
1439 5719 1493 5760 et
1529 5717 1638 5761 tres
1663 5720 1992 5775 pcrsuuaset
2020 5725 2183 5762 unum

616 5806 804 5866 postea
862 5809 1185 5859 uieiizorare,
1217 5796 1310 5851 sed
1364 5801 1550 5855 eadem
1586 5802 1792 5855 ratione
1848 5803 2079 5871 possetis
2131 5814 2186 5857 et

2289 4701 2633 4770 Χριστιανοὶ,
2674 4702 2756 4755 ὅτι
2789 4702 2817 4753 ὁ
2862 4701 2994 4763 Θεὸς
3022 4699 3177 4770 ὑμῶν
3224 4699 3403 4769 ἡνώϐη
3457 4697 3536 4769 τῷ
3567 4696 3841 4767 ἀνθρώπῳ,

2289 4796 2385 4849 καὶ
2424 4794 2717 4865 ἄνθρωπος
2747 4794 2975 4864 ἐκλήθη,
3010 4795 3103 4847 καὶ
3128 4793 3331 4855 τέλειος
3361 4791 3511 4856 Θεὸς,
3542 4790 3657 4852 πῶς
3703 4787 3844 4842 ἑνοῦ-

2289 4901 2381 4937 ται
2404 4883 2464 4936 τὸ
2492 4884 2602 4952 πῦρ
2625 4882 2703 4954 τῷ
2744 4882 2911 4953 ξύλῳ,
2940 4884 3038 4953 οὑχ
3072 4882 3288 4937 ἑνοῦται
3312 4884 3345 4953 ἡ
3368 4883 3525 4937 οὐσία
3548 4882 3648 4951 τῆς
3678 4881 3847 4946 θεότη-

2288 4991 2380 5037 τος
2413 4978 2479 5047 τῇ
2518 4978 2674 5047 χοῖκῇ
2709 4975 2898 5045 φύσει.
2936 4979 3044 5030 Καὶ
3068 4976 3226 5039 αὖθις
3260 4976 3445 5029 ἀκούω
3479 4976 3577 5044 μὲν
3603 4973 3752 5045 ὑμῶν
3767 4972 3845 5023 λε-

2290 5068 2495 5137 γόντων
2549 5070 2645 5121 καὶ
2691 5068 2935 5139 Πατέρα,
2990 5069 3087 5121 καὶ
3122 5069 3269 5131 Υἱὸν,
3324 5069 3417 5122 καὶ
3458 5067 3694 5137 Πνεῦμα,
3730 5062 3843 5118 ἐπεὶ

2290 5160 2387 5212 ἕνα.
2412 5159 2619 5226 λέγετε.
2648 5160 2757 5213 Kal
2780 5160 3031 5227 συνάγειν
3060 5160 3410 5230 κιίὲτέρους,
3436 5159 3525 5210 καὶ
3548 5157 3809 5225 τέσσαρας
3826 5191 3841 5216 ,

2292 5253 2385 5304 καὶ
2416 5251 2576 5304 πέντε
2600 5252 2693 5309 καὶ
2716 5250 2969 5315 πλείονας
2997 5252 3203 5322 δυνήσῃ
3232 5252 3503 5317 συνάγειν.
3538 5250 3645 5302 Kal.
3666 5250 3837 5310 πάλιν,

2289 5343 2377 5396 διὰ
2404 5344 2455 5395 τί
2502 5344 2716 5411 γλυπτά
2747 5344 2898 5408 ξύλα,
2939 5348 3033 5398 καὶ
3076 5346 3290 5407 εἰκόνας
3332 5346 3681 5415 προσκυνεῖτε
3736 5341 3842 5393 θεοί

2290 5434 2553 5505 πρεπῶς;
2594 5437 2683 5487 διὰ
2730 5438 2785 5488 τί
2822 5436 3078 5506 μιγνύετε
3128 5436 3217 5488 τὸν
3252 5438 3413 5505 ἄρτον
3448 5440 3540 5487 καὶ
3573 5436 3661 5484 τὸν
3688 5428 3837 5494 οἶνον,

2286 5529 2382 5580 καὶ
2410 5528 2491 5589 εἰς
2516 5527 2713 5596 ἄφεσιν
2736 5530 3027 5599 ἁμαρτιῶν
3061 5528 3372 5599 μεταδίδοτε
3392 5531 3501 5589 τοῖς
3530 5526 3837 5594 ἀνθρώποις,

2285 5616 2381 5668 καὶ
2413 5615 2719 5685 λαμϐάνετε
2744 5618 2891 5686 δῶρα
2920 5618 2977 5682 ἐξ
3013 5618 3228 5680 αὑτῶνς
3265 5617 3560 5677 Βαπτίςετε
3589 5615 3642 5667 δὲ
3678 5614 3766 5664 καὶ
3788 5614 3839 5661 ἐν

2287 5708 2438 5760 ῦδατι
2466 5710 2714 5774 τούτους,
2742 5712 2834 5763 καὶ
2868 5710 3070 5780 ὁμοίως
3100 5710 3159 5761 οὑ
3218 5709 3520 5779 λαμϐάνετε
3555 5706 3715 5776 δῶρα.
3750 5702 3837 5753 Διὰ

2283 5803 2335 5855 τί
2365 5803 2423 5855 τὸ
2450 5800 2708 5855 κατελθὸν
2741 5804 3071 5873 Εὑαγγέλιον
3102 5802 3400 5875 ἐκρύψατε,
3426 5800 3519 5854 καὶ
3547 5800 3660 5855 νέον
3685 5793 3833 5865 ἐγρά·
