  <div class='ocr_page' id='page_1' title='image "/cluster/home/n/w/nwhite01/storage/ocr_20150623/104:no.4/coo.31924054870088/702.png"; bbox 0 0 4146 6442; ppageno 0'>
   <div class='ocr_carea' id='block_1_1' title="bbox 339 417 474 482">
    <p class='ocr_par' dir='ltr' id='par_1_1' title="bbox 339 417 474 482">
     <span class='ocr_line' id='line_1_1' title="bbox 339 417 474 482; baseline -0.007 0"><span class='ocrx_word' id='word_1_1' title='bbox 339 417 474 482; x_wconf 72' lang='grc'><strong>1335</strong></span> 
     </span>
    </p>
   </div>
   <div class='ocr_carea' id='block_1_2' title="bbox 1498 416 2396 483">
    <p class='ocr_par' dir='ltr' id='par_1_2' title="bbox 1498 416 2396 483">
     <span class='ocr_line' id='line_1_2' title="bbox 1498 416 2396 483; baseline 0.004 -5"><span class='ocrx_word' id='word_1_2' title='bbox 1498 416 1975 480; x_wconf 80' lang='lat' dir='ltr'><strong>CONFUTATIO</strong></span> <span class='ocrx_word' id='word_1_3' title='bbox 2036 423 2341 483; x_wconf 75' lang='lat' dir='ltr'><strong>AGAREN</strong></span> <span class='ocrx_word' id='word_1_4' title='bbox 2352 425 2396 482; x_wconf 82' lang='grc' dir='ltr'>Ι.</span> 
     </span>
    </p>
   </div>
   <div class='ocr_carea' id='block_1_3' title="bbox 3452 437 3586 499">
    <p class='ocr_par' dir='ltr' id='par_1_3' title="bbox 3452 437 3586 499">
     <span class='ocr_line' id='line_1_3' title="bbox 3452 437 3586 499; baseline 0.007 -1"><span class='ocrx_word' id='word_1_5' title='bbox 3452 437 3586 499; x_wconf 80' lang='lat'><strong>1386</strong></span> 
     </span>
    </p>
   </div>
   <div class='ocr_carea' id='block_1_4' title="bbox 330 525 1895 607">
    <p class='ocr_par' dir='ltr' id='par_1_4' title="bbox 330 525 1895 600">
     <span class='ocr_line' id='line_1_4' title="bbox 330 525 1895 600; baseline 0.009 -29"><span class='ocrx_word' id='word_1_6' title='bbox 330 532 470 600; x_wconf 57' lang='grc' dir='ltr'>φατε</span> <span class='ocrx_word' id='word_1_7' title='bbox 491 547 506 595; x_wconf 82' lang='grc'>;</span> <span class='ocrx_word' id='word_1_8' title='bbox 524 525 746 592; x_wconf 74' lang='grc' dir='ltr'>καὶπῶς</span> <span class='ocrx_word' id='word_1_9' title='bbox 768 525 907 598; x_wconf 74' lang='grc' dir='ltr'>μετὰ</span> <span class='ocrx_word' id='word_1_10' title='bbox 925 526 984 580; x_wconf 84' lang='grc' dir='ltr'><strong>τὸ</strong></span> <span class='ocrx_word' id='word_1_11' title='bbox 998 525 1378 597; x_wconf 76' lang='grc' dir='ltr'><strong>ἀναληφθῆναι</strong></span> <span class='ocrx_word' id='word_1_12' title='bbox 1406 526 1498 579; x_wconf 91' lang='grc' dir='ltr'><strong>τὸν</strong></span> <span class='ocrx_word' id='word_1_13' title='bbox 1511 528 1593 579; x_wconf 88' lang='grc' dir='ltr'>Κύ</span> <span class='ocrx_word' id='word_1_14' title='bbox 1604 546 1719 597; x_wconf 73' lang='lat' dir='ltr'><strong>pinv</strong></span> <span class='ocrx_word' id='word_1_15' title='bbox 1749 529 1895 599; x_wconf 71' lang='grc' dir='ltr'>ὑμῶν</span> 
     </span>
    </p>
   </div>
   <div class='ocr_carea' id='block_1_5' title="bbox 1999 525 3579 607">
    <p class='ocr_par' dir='ltr' id='par_1_5' title="bbox 2009 532 3579 607">
     <span class='ocr_line' id='line_1_5' title="bbox 2009 532 3579 607; baseline 0.011 -25"><span class='ocrx_word' id='word_1_16' title='bbox 2009 532 2159 588; x_wconf 85' lang='lat' dir='ltr'><strong>alias.</strong></span> <span class='ocrx_word' id='word_1_17' title='bbox 2191 544 2443 603; x_wconf 86' lang='lat' dir='ltr'><strong>quatuor,</strong></span> <span class='ocrx_word' id='word_1_18' title='bbox 2478 536 2735 604; x_wconf 84' lang='lat' dir='ltr'><strong>quinque,</strong></span> <span class='ocrx_word' id='word_1_19' title='bbox 2767 538 2944 607; x_wconf 85' lang='lat' dir='ltr'><strong>plures</strong></span> <span class='ocrx_word' id='word_1_20' title='bbox 2974 555 3293 598; x_wconf 84' lang='lat' dir='ltr'><strong>coacervare</strong></span> <span class='ocrx_word' id='word_1_21' title='bbox 3317 558 3367 599; x_wconf 90' lang='lat' dir='ltr'><strong>et</strong></span> <span class='ocrx_word' id='word_1_22' title='bbox 3396 547 3579 599; x_wconf 89' lang='lat' dir='ltr'><strong>multi-</strong></span> 
     </span>
    </p>
   </div>
   <div class='ocr_carea' id='block_1_6' title="bbox 329 617 1906 691">
    <p class='ocr_par' dir='ltr' id='par_1_6' title="bbox 329 617 1906 691">
     <span class='ocr_line' id='line_1_6' title="bbox 329 617 1906 691; baseline -0.003 -14"><span class='ocrx_word' id='word_1_23' title='bbox 329 623 412 686; x_wconf 76' lang='grc' dir='ltr'>εὶς</span> <span class='ocrx_word' id='word_1_24' title='bbox 435 623 564 685; x_wconf 82' lang='grc' dir='ltr'>τοὺς</span> <span class='ocrx_word' id='word_1_25' title='bbox 593 621 888 691; x_wconf 84' lang='grc' dir='ltr'>οὐρανοὺς,</span> <span class='ocrx_word' id='word_1_26' title='bbox 907 617 1376 682; x_wconf 72' lang='grc' dir='ltr'>ἐξαπέστειλεν-τὸ</span> <span class='ocrx_word' id='word_1_27' title='bbox 1400 617 1630 688; x_wconf 86' lang='grc' dir='ltr'>Πνεῦμα</span> <span class='ocrx_word' id='word_1_28' title='bbox 1659 621 1720 672; x_wconf 82' lang='grc' dir='ltr'><strong>τὸ</strong></span> <span class='ocrx_word' id='word_1_29' title='bbox 1752 620 1906 688; x_wconf 73' lang='grc' dir='ltr'>ἅγιον</span> 
     </span>
    </p>
   </div>
   <div class='ocr_carea' id='block_1_7' title="bbox 327 707 1899 777">
    <p class='ocr_par' dir='ltr' id='par_1_7' title="bbox 327 707 1899 777">
     <span class='ocr_line' id='line_1_7' title="bbox 327 707 1899 777; baseline -0.003 -11"><span class='ocrx_word' id='word_1_30' title='bbox 327 715 439 775; x_wconf 83' lang='grc' dir='ltr'>τοῖς</span> <span class='ocrx_word' id='word_1_31' title='bbox 489 709 851 775; x_wconf 72' lang='grc' dir='ltr'>ἁποστόλοιςς</span> <span class='ocrx_word' id='word_1_32' title='bbox 889 707 1013 772; x_wconf 79' lang='grc' dir='ltr'><strong>Πῶς</strong></span> <span class='ocrx_word' id='word_1_33' title='bbox 1056 707 1217 761; x_wconf 87' lang='grc' dir='ltr'>τοῦτο</span> <span class='ocrx_word' id='word_1_34' title='bbox 1250 708 1347 759; x_wconf 78' lang='grc' dir='ltr'><strong>οὐκ</strong></span> <span class='ocrx_word' id='word_1_35' title='bbox 1379 708 1676 777; x_wconf 80' lang='grc' dir='ltr'>ἐχαρίσατο</span> <span class='ocrx_word' id='word_1_36' title='bbox 1714 710 1899 772; x_wconf 79' lang='grc' dir='ltr'>αὐτοῖς</span> 
     </span>
    </p>
   </div>
   <div class='ocr_carea' id='block_1_8' title="bbox 329 798 1897 874">
    <p class='ocr_par' dir='ltr' id='par_1_8' title="bbox 329 798 1897 874">
     <span class='ocr_line' id='line_1_8' title="bbox 329 798 1897 874; baseline -0.001 -18"><span class='ocrx_word' id='word_1_37' title='bbox 329 804 436 874; x_wconf 87' lang='grc' dir='ltr'><strong>πρὸ</strong></span> <span class='ocrx_word' id='word_1_38' title='bbox 477 803 571 856; x_wconf 87' lang='grc' dir='ltr'><strong>τοῦ</strong></span> <span class='ocrx_word' id='word_1_39' title='bbox 619 801 1029 870; x_wconf 70' lang='grc' dir='ltr'>ἀναληφθῆναι,</span> <span class='ocrx_word' id='word_1_40' title='bbox 1057 801 1152 853; x_wconf 74' lang='grc' dir='ltr'>καὶ</span> <span class='ocrx_word' id='word_1_41' title='bbox 1184 801 1244 852; x_wconf 85' lang='grc' dir='ltr'><strong>οὐ</strong></span> <span class='ocrx_word' id='word_1_42' title='bbox 1269 798 1493 852; x_wconf 87' lang='grc' dir='ltr'>λούεσθε</span> <span class='ocrx_word' id='word_1_43' title='bbox 1522 801 1580 854; x_wconf 84' lang='grc' dir='ltr'><strong>ἐν</strong></span> <span class='ocrx_word' id='word_1_44' title='bbox 1610 800 1689 870; x_wconf 85' lang='grc' dir='ltr'>τῷ</span> <span class='ocrx_word' id='word_1_45' title='bbox 1721 800 1897 864; x_wconf 76' lang='grc' dir='ltr'>ὕδατι,</span> 
     </span>
    </p>
   </div>
   <div class='ocr_carea' id='block_1_9' title="bbox 327 889 1903 964">
    <p class='ocr_par' dir='ltr' id='par_1_9' title="bbox 327 889 1903 964">
     <span class='ocr_line' id='line_1_9' title="bbox 327 889 1903 964; baseline -0.002 -17"><span class='ocrx_word' id='word_1_46' title='bbox 327 893 472 948; x_wconf 83' lang='grc' dir='ltr'>καθά</span> <span class='ocrx_word' id='word_1_47' title='bbox 499 911 664 964; x_wconf 86' lang='grc' dir='ltr'>φησιν</span> <span class='ocrx_word' id='word_1_48' title='bbox 708 893 972 956; x_wconf 80' lang='grc' dir='ltr'>Ἡσαΐας;</span> <span class='ocrx_word' id='word_1_49' title='bbox 1007 891 1106 944; x_wconf 79' lang='grc' dir='ltr'><strong>Διὰ</strong></span> <span class='ocrx_word' id='word_1_50' title='bbox 1154 891 1207 944; x_wconf 82' lang='grc' dir='ltr'>τί</span> <span class='ocrx_word' id='word_1_51' title='bbox 1242 889 1652 960; x_wconf 72' lang='grc' dir='ltr'><strong>ἁμαρτάνοντες</strong></span> <span class='ocrx_word' id='word_1_52' title='bbox 1680 893 1903 962; x_wconf 82' lang='grc' dir='ltr'><strong>τρέχετε</strong></span> 
     </span>
    </p>
   </div>
   <div class='ocr_carea' id='block_1_10' title="bbox 328 981 1900 1054">
    <p class='ocr_par' dir='ltr' id='par_1_10' title="bbox 328 981 1900 1054">
     <span class='ocr_line' id='line_1_10' title="bbox 328 981 1900 1054; baseline -0.001 -16"><span class='ocrx_word' id='word_1_53' title='bbox 328 987 406 1047; x_wconf 79' lang='grc' dir='ltr'><strong>εἰς</strong></span> <span class='ocrx_word' id='word_1_54' title='bbox 437 984 722 1054; x_wconf 81' lang='grc' dir='ltr'>ἄνθρωπον</span> <span class='ocrx_word' id='word_1_55' title='bbox 747 983 928 1052; x_wconf 84' lang='grc' dir='ltr'>χοῖκὸν</span> <span class='ocrx_word' id='word_1_56' title='bbox 970 981 1459 1052; x_wconf 80' lang='grc' dir='ltr'>ἐξομολογούμενοι</span> <span class='ocrx_word' id='word_1_57' title='bbox 1491 981 1590 1046; x_wconf 83' lang='grc' dir='ltr'><strong>τὰς</strong></span> <span class='ocrx_word' id='word_1_58' title='bbox 1622 984 1900 1053; x_wconf 83' lang='grc' dir='ltr'>ἁμαρτίας</span> 
     </span>
    </p>
   </div>
   <div class='ocr_carea' id='block_1_11' title="bbox 327 1074 1898 1146">
    <p class='ocr_par' dir='ltr' id='par_1_11' title="bbox 327 1074 1898 1146">
     <span class='ocr_line' id='line_1_11' title="bbox 327 1074 1898 1146; baseline -0.001 -17"><span class='ocrx_word' id='word_1_59' title='bbox 327 1077 501 1146; x_wconf 80' lang='grc' dir='ltr'>ὑμῶν,</span> <span class='ocrx_word' id='word_1_60' title='bbox 535 1077 856 1144; x_wconf 72' lang='grc' dir='ltr'>φάσκοντες,</span> <span class='ocrx_word' id='word_1_61' title='bbox 896 1074 1166 1144; x_wconf 79' lang='grc' dir='ltr'>Ὶλάσθητι</span> <span class='ocrx_word' id='word_1_62' title='bbox 1201 1092 1290 1143; x_wconf 87' lang='grc' dir='ltr'><strong>μοι</strong></span> <span class='ocrx_word' id='word_1_63' title='bbox 1319 1074 1396 1144; x_wconf 85' lang='grc' dir='ltr'>τῷ</span> <span class='ocrx_word' id='word_1_64' title='bbox 1423 1075 1770 1146; x_wconf 83' lang='grc' dir='ltr'>ἀμαρτωλῷ;</span> <span class='ocrx_word' id='word_1_65' title='bbox 1802 1075 1898 1127; x_wconf 81' lang='grc' dir='ltr'>Διὰ</span> 
     </span>
    </p>
   </div>
   <div class='ocr_carea' id='block_1_12' title="bbox 325 1165 1906 1238">
    <p class='ocr_par' dir='ltr' id='par_1_12' title="bbox 325 1165 1906 1238">
     <span class='ocr_line' id='line_1_12' title="bbox 325 1165 1906 1238; baseline -0.001 -17"><span class='ocrx_word' id='word_1_66' title='bbox 325 1169 379 1221; x_wconf 77' lang='grc' dir='ltr'>τί</span> <span class='ocrx_word' id='word_1_67' title='bbox 413 1171 469 1221; x_wconf 88' lang='grc' dir='ltr'><strong>ἐν</strong></span> <span class='ocrx_word' id='word_1_68' title='bbox 498 1170 620 1229; x_wconf 85' lang='grc' dir='ltr'>ταῖς</span> <span class='ocrx_word' id='word_1_69' title='bbox 666 1167 923 1238; x_wconf 78' lang='grc' dir='ltr'>ἐσχάταις</span> <span class='ocrx_word' id='word_1_70' title='bbox 964 1165 1119 1234; x_wconf 81' lang='grc' dir='ltr'>ὑμῶν</span> <span class='ocrx_word' id='word_1_71' title='bbox 1149 1167 1447 1229; x_wconf 79' lang='grc' dir='ltr'>ἀναπνοαῖς</span> <span class='ocrx_word' id='word_1_72' title='bbox 1486 1165 1580 1218; x_wconf 87' lang='grc' dir='ltr'><strong>τοῦ</strong></span> <span class='ocrx_word' id='word_1_73' title='bbox 1618 1166 1782 1236; x_wconf 84' lang='grc' dir='ltr'>ἄρτου</span> <span class='ocrx_word' id='word_1_74' title='bbox 1808 1166 1906 1220; x_wconf 68' lang='grc' dir='ltr'><strong>κα)⁸</strong></span> 
     </span>
    </p>
   </div>
   <div class='ocr_carea' id='block_1_13' title="bbox 325 1255 1905 1327">
    <p class='ocr_par' dir='ltr' id='par_1_13' title="bbox 325 1255 1905 1327">
     <span class='ocr_line' id='line_1_13' title="bbox 325 1255 1905 1327; baseline -0.001 -17"><span class='ocrx_word' id='word_1_75' title='bbox 325 1257 418 1310; x_wconf 88' lang='grc' dir='ltr'><strong>τοῦ</strong></span> <span class='ocrx_word' id='word_1_76' title='bbox 463 1257 608 1310; x_wconf 74' lang='grc' dir='ltr'>οἴνου</span> <span class='ocrx_word' id='word_1_77' title='bbox 647 1256 1186 1327; x_wconf 76' lang='grc' dir='ltr'>μεταλαμϐάνοντες,</span> <span class='ocrx_word' id='word_1_78' title='bbox 1243 1255 1514 1324; x_wconf 85' lang='grc' dir='ltr'>λέγοντες,</span> <span class='ocrx_word' id='word_1_79' title='bbox 1545 1256 1620 1319; x_wconf 88' lang='grc' dir='ltr'>ὼς</span> <span class='ocrx_word' id='word_1_80' title='bbox 1674 1257 1782 1309; x_wconf 79' lang='grc' dir='ltr'><strong>ἀπὸ</strong></span> <span class='ocrx_word' id='word_1_81' title='bbox 1810 1256 1905 1309; x_wconf 90' lang='grc' dir='ltr'><strong>τοῦ</strong></span> 
     </span>
    </p>
   </div>
   <div class='ocr_carea' id='block_1_14' title="bbox 323 1349 1905 1420">
    <p class='ocr_par' dir='ltr' id='par_1_14' title="bbox 323 1349 1905 1420">
     <span class='ocr_line' id='line_1_14' title="bbox 323 1349 1905 1420; baseline 0 -18"><span class='ocrx_word' id='word_1_82' title='bbox 323 1350 419 1403; x_wconf 85' lang='grc' dir='ltr'><strong>νῦν</strong></span> <span class='ocrx_word' id='word_1_83' title='bbox 457 1349 672 1420; x_wconf 83' lang='grc' dir='ltr'>μέτοχοί</span> <span class='ocrx_word' id='word_1_84' title='bbox 722 1351 847 1404; x_wconf 83' lang='grc' dir='ltr'>ἐστε</span> <span class='ocrx_word' id='word_1_85' title='bbox 892 1349 986 1402; x_wconf 89' lang='grc' dir='ltr'><strong>τοῦ</strong></span> <span class='ocrx_word' id='word_1_86' title='bbox 1040 1349 1373 1419; x_wconf 79' lang='grc' dir='ltr'>παραδείσου</span> <span class='ocrx_word' id='word_1_87' title='bbox 1408 1365 1423 1414; x_wconf 87' lang='grc'>;</span> <span class='ocrx_word' id='word_1_88' title='bbox 1467 1349 1630 1402; x_wconf 86' lang='grc' dir='ltr'>Ἀλλὰ</span> <span class='ocrx_word' id='word_1_89' title='bbox 1672 1354 1766 1402; x_wconf 78' lang='grc' dir='ltr'><strong>καὶ</strong></span> <span class='ocrx_word' id='word_1_90' title='bbox 1811 1349 1905 1402; x_wconf 89' lang='grc' dir='ltr'><strong>τοῦ</strong></span> 
     </span>
    </p>
   </div>
   <div class='ocr_carea' id='block_1_15' title="bbox 321 1440 1906 1512">
    <p class='ocr_par' dir='ltr' id='par_1_15' title="bbox 321 1440 1906 1512">
     <span class='ocr_line' id='line_1_15' title="bbox 321 1440 1906 1512; baseline -0.004 -14"><span class='ocrx_word' id='word_1_91' title='bbox 321 1443 624 1512; x_wconf 80' lang='grc' dir='ltr'>Μουχάμετ</span> <span class='ocrx_word' id='word_1_92' title='bbox 653 1441 811 1512; x_wconf 80' lang='grc' dir='ltr'>ἡμῶν</span> <span class='ocrx_word' id='word_1_93' title='bbox 835 1441 896 1494; x_wconf 83' lang='grc' dir='ltr'><strong>τὸ</strong></span> <span class='ocrx_word' id='word_1_94' title='bbox 947 1441 1120 1511; x_wconf 80' lang='grc' dir='ltr'>ὄνομα</span> <span class='ocrx_word' id='word_1_95' title='bbox 1165 1443 1222 1492; x_wconf 84' lang='grc' dir='ltr'><strong>ἐν</strong></span> <span class='ocrx_word' id='word_1_96' title='bbox 1270 1441 1351 1510; x_wconf 84' lang='grc' dir='ltr'>τῷ</span> <span class='ocrx_word' id='word_1_97' title='bbox 1385 1440 1712 1509; x_wconf 81' lang='grc' dir='ltr'>Εύαγγελίῳ</span> <span class='ocrx_word' id='word_1_98' title='bbox 1751 1441 1906 1510; x_wconf 85' lang='grc' dir='ltr'>ὑμῶν</span> 
     </span>
    </p>
   </div>
   <div class='ocr_carea' id='block_1_16' title="bbox 323 1529 1274 1605">
    <p class='ocr_par' dir='ltr' id='par_1_16' title="bbox 323 1529 1274 1605">
     <span class='ocr_line' id='line_1_16' title="bbox 323 1529 1274 1605; baseline 0 -19"><span class='ocrx_word' id='word_1_99' title='bbox 323 1536 708 1605; x_wconf 79' lang='grc' dir='ltr'>γεγραμμένον</span> <span class='ocrx_word' id='word_1_100' title='bbox 735 1529 823 1605; x_wconf 84' lang='grc' dir='ltr'>ἦν,</span> <span class='ocrx_word' id='word_1_101' title='bbox 859 1533 956 1586; x_wconf 73' lang='grc' dir='ltr'><strong>καὶ</strong></span> <span class='ocrx_word' id='word_1_102' title='bbox 977 1530 1274 1597; x_wconf 84' lang='grc' dir='ltr'>ἐξεώσατε.</span> 
     </span>
    </p>
   </div>
   <div class='ocr_carea' id='block_1_17' title="bbox 2015 622 3584 704">
    <p class='ocr_par' dir='ltr' id='par_1_17' title="bbox 2015 622 3584 704">
     <span class='ocr_line' id='line_1_17' title="bbox 2015 622 3584 704; baseline 0.01 -29"><span class='ocrx_word' id='word_1_103' title='bbox 2015 622 2236 690; x_wconf 76' lang='lat' dir='ltr'><strong>plicare.</strong></span> <span class='ocrx_word' id='word_1_104' title='bbox 2267 625 2474 680; x_wconf 84' lang='lat' dir='ltr'><strong>Deinde</strong></span> <span class='ocrx_word' id='word_1_105' title='bbox 2497 641 2666 694; x_wconf 88' lang='lat' dir='ltr'><strong>quare</strong></span> <span class='ocrx_word' id='word_1_106' title='bbox 2699 630 2976 698; x_wconf 84' lang='lat' dir='ltr'><strong>sculptilia</strong></span> <span class='ocrx_word' id='word_1_107' title='bbox 3006 639 3061 684; x_wconf 89' lang='lat' dir='ltr'><strong>et</strong></span> <span class='ocrx_word' id='word_1_108' title='bbox 3092 631 3352 704; x_wconf 80' lang='lat' dir='ltr'><strong>imagines</strong></span> <span class='ocrx_word' id='word_1_109' title='bbox 3389 638 3584 691; x_wconf 82' lang='lat' dir='ltr'><strong>adora-</strong></span> 
     </span>
    </p>
   </div>
   <div class='ocr_carea' id='block_1_18' title="bbox 2013 715 3586 796">
    <p class='ocr_par' dir='ltr' id='par_1_18' title="bbox 2013 715 3586 796">
     <span class='ocr_line' id='line_1_18' title="bbox 2013 715 3586 796; baseline 0.01 -27"><span class='ocrx_word' id='word_1_110' title='bbox 2013 715 2084 769; x_wconf 91' lang='lat' dir='ltr'><strong>tis</strong></span> <span class='ocrx_word' id='word_1_111' title='bbox 2113 717 2258 771; x_wconf 90' lang='lat' dir='ltr'><strong>cultu</strong></span> <span class='ocrx_word' id='word_1_112' title='bbox 2289 718 2473 772; x_wconf 90' lang='lat' dir='ltr'><strong>divino</strong></span> <span class='ocrx_word' id='word_1_113' title='bbox 2503 728 2559 772; x_wconf 93' lang='lat' dir='ltr'><strong>et</strong></span> <span class='ocrx_word' id='word_1_114' title='bbox 2593 720 2867 788; x_wconf 83' lang='lat' dir='ltr'><strong>religioso.</strong></span> <span class='ocrx_word' id='word_1_115' title='bbox 2903 722 3083 788; x_wconf 83' lang='lat' dir='ltr'><strong>Quare</strong></span> <span class='ocrx_word' id='word_1_116' title='bbox 3120 725 3359 780; x_wconf 87' lang='lat' dir='ltr'><strong>miscetis</strong></span> <span class='ocrx_word' id='word_1_117' title='bbox 3391 743 3586 796; x_wconf 87' lang='lat' dir='ltr'><strong>panem</strong></span> 
     </span>
    </p>
   </div>
   <div class='ocr_carea' id='block_1_19' title="bbox 2013 807 3584 874">
    <p class='ocr_par' dir='ltr' id='par_1_19' title="bbox 2013 807 3584 874">
     <span class='ocr_line' id='line_1_19' title="bbox 2013 807 3584 874; baseline 0.008 -13"><span class='ocrx_word' id='word_1_118' title='bbox 2013 816 2066 861; x_wconf 88' lang='lat' dir='ltr'><strong>et</strong></span> <span class='ocrx_word' id='word_1_119' title='bbox 2087 807 2291 873; x_wconf 91' lang='lat' dir='ltr'><strong>vinum,</strong></span> <span class='ocrx_word' id='word_1_120' title='bbox 2324 818 2378 863; x_wconf 93' lang='lat' dir='ltr'><strong>et</strong></span> <span class='ocrx_word' id='word_1_121' title='bbox 2409 810 2500 862; x_wconf 91' lang='lat' dir='ltr'><strong>illa</strong></span> <span class='ocrx_word' id='word_1_122' title='bbox 2533 811 2748 866; x_wconf 89' lang='lat' dir='ltr'><strong>traditis</strong></span> <span class='ocrx_word' id='word_1_123' title='bbox 2779 813 3088 870; x_wconf 88' lang='lat' dir='ltr'><strong>hominibus</strong></span> <span class='ocrx_word' id='word_1_124' title='bbox 3124 815 3180 869; x_wconf 90' lang='lat' dir='ltr'><strong>in</strong></span> <span class='ocrx_word' id='word_1_125' title='bbox 3210 817 3584 874; x_wconf 87' lang='lat' dir='ltr'><strong>remissionem</strong></span> 
     </span>
    </p>
   </div>
   <div class='ocr_carea' id='block_1_20' title="bbox 2013 901 3586 977">
    <p class='ocr_par' dir='ltr' id='par_1_20' title="bbox 2013 901 3586 977">
     <span class='ocr_line' id='line_1_20' title="bbox 2013 901 3586 977; baseline 0.008 -26"><span class='ocrx_word' id='word_1_126' title='bbox 2013 909 2378 966; x_wconf 80' lang='lat' dir='ltr'><strong>peccatorum,</strong></span> <span class='ocrx_word' id='word_1_127' title='bbox 2421 911 2475 952; x_wconf 91' lang='lat' dir='ltr'><strong>et</strong></span> <span class='ocrx_word' id='word_1_128' title='bbox 2503 901 2570 954; x_wconf 88' lang='lat' dir='ltr'><strong>ab</strong></span> <span class='ocrx_word' id='word_1_129' title='bbox 2606 901 2710 954; x_wconf 90' lang='lat' dir='ltr'><strong>illis</strong></span> <span class='ocrx_word' id='word_1_130' title='bbox 2768 902 2911 957; x_wconf 88' lang='lat' dir='ltr'><strong>dona</strong></span> <span class='ocrx_word' id='word_1_131' title='bbox 2962 905 3246 974; x_wconf 87' lang='lat' dir='ltr'><strong>accipitis?</strong></span> <span class='ocrx_word' id='word_1_132' title='bbox 3278 911 3586 977; x_wconf 86' lang='lat' dir='ltr'><strong>quareillos</strong></span> 
     </span>
    </p>
   </div>
   <div class='ocr_carea' id='block_1_21' title="bbox 2011 993 3589 1064">
    <p class='ocr_par' dir='ltr' id='par_1_21' title="bbox 2011 993 3589 1064">
     <span class='ocr_line' id='line_1_21' title="bbox 2011 993 3589 1064; baseline 0.01 -23"><span class='ocrx_word' id='word_1_133' title='bbox 2011 1005 2147 1057; x_wconf 89' lang='lat' dir='ltr'><strong>aqua</strong></span> <span class='ocrx_word' id='word_1_134' title='bbox 2201 1001 2255 1044; x_wconf 90' lang='lat' dir='ltr'><strong>et</strong></span> <span class='ocrx_word' id='word_1_135' title='bbox 2304 993 2624 1058; x_wconf 81' lang='lat' dir='ltr'><strong>baptismate</strong></span> <span class='ocrx_word' id='word_1_136' title='bbox 2683 995 2914 1064; x_wconf 86' lang='lat' dir='ltr'><strong>tiugitis,</strong></span> <span class='ocrx_word' id='word_1_137' title='bbox 2965 1006 3018 1048; x_wconf 92' lang='lat' dir='ltr'><strong>et</strong></span> <span class='ocrx_word' id='word_1_138' title='bbox 3071 997 3137 1050; x_wconf 92' lang='lat' dir='ltr'><strong>ab</strong></span> <span class='ocrx_word' id='word_1_139' title='bbox 3179 998 3285 1052; x_wconf 88' lang='lat' dir='ltr'><strong>illis</strong></span> <span class='ocrx_word' id='word_1_140' title='bbox 3337 1001 3589 1056; x_wconf 81' lang='lat' dir='ltr'><strong>similiter</strong></span> 
     </span>
    </p>
   </div>
   <div class='ocr_carea' id='block_1_22' title="bbox 2011 1078 3584 1154">
    <p class='ocr_par' dir='ltr' id='par_1_22' title="bbox 2011 1078 3584 1154">
     <span class='ocr_line' id='line_1_22' title="bbox 2011 1078 3584 1154; baseline 0.01 -24"><span class='ocrx_word' id='word_1_141' title='bbox 2011 1078 2147 1132; x_wconf 91' lang='lat' dir='ltr'><strong>dona</strong></span> <span class='ocrx_word' id='word_1_142' title='bbox 2180 1089 2362 1134; x_wconf 90' lang='lat' dir='ltr'><strong>mutuo</strong></span> <span class='ocrx_word' id='word_1_143' title='bbox 2387 1083 2678 1152; x_wconf 68' lang='lat' dir='ltr'><strong>accipitis?</strong></span> <span class='ocrx_word' id='word_1_144' title='bbox 2704 1085 2881 1150; x_wconf 88' lang='lat' dir='ltr'><strong>Quare</strong></span> <span class='ocrx_word' id='word_1_145' title='bbox 2928 1086 3070 1154; x_wconf 87' lang='lat' dir='ltr'><strong>quod</strong></span> <span class='ocrx_word' id='word_1_146' title='bbox 3101 1088 3376 1144; x_wconf 89' lang='lat' dir='ltr'><strong>descendit</strong></span> <span class='ocrx_word' id='word_1_147' title='bbox 3404 1091 3584 1146; x_wconf 87' lang='lat' dir='ltr'><strong>Evan-</strong></span> 
     </span>
    </p>
   </div>
   <div class='ocr_carea' id='block_1_23' title="bbox 2012 1170 3588 1253">
    <p class='ocr_par' dir='ltr' id='par_1_23' title="bbox 2012 1170 3588 1253">
     <span class='ocr_line' id='line_1_23' title="bbox 2012 1170 3588 1253; baseline 0.011 -34"><span class='ocrx_word' id='word_1_148' title='bbox 2012 1170 2207 1237; x_wconf 82' lang='lat' dir='ltr'><strong>gelium</strong></span> <span class='ocrx_word' id='word_1_149' title='bbox 2237 1171 2576 1238; x_wconf 81' lang='lat' dir='ltr'><strong>occultastis,</strong></span> <span class='ocrx_word' id='word_1_150' title='bbox 2606 1183 2660 1227; x_wconf 89' lang='lat' dir='ltr'><strong>et</strong></span> <span class='ocrx_word' id='word_1_151' title='bbox 2699 1189 2894 1230; x_wconf 91' lang='lat' dir='ltr'><strong>novum</strong></span> <span class='ocrx_word' id='word_1_152' title='bbox 2953 1176 3179 1234; x_wconf 89' lang='lat' dir='ltr'><strong>cndistis</strong></span> <span class='ocrx_word' id='word_1_153' title='bbox 3204 1188 3258 1234; x_wconf 89' lang='lat' dir='ltr'><strong>et</strong></span> <span class='ocrx_word' id='word_1_154' title='bbox 3308 1184 3588 1253; x_wconf 88' lang='lat' dir='ltr'><strong>conscrip-</strong></span> 
     </span>
    </p>
   </div>
   <div class='ocr_carea' id='block_1_24' title="bbox 2011 1259 3583 1332">
    <p class='ocr_par' dir='ltr' id='par_1_24' title="bbox 2011 1259 3583 1332">
     <span class='ocr_line' id='line_1_24' title="bbox 2011 1259 3583 1332; baseline 0.012 -21"><span class='ocrx_word' id='word_1_155' title='bbox 2011 1259 2194 1312; x_wconf 81' lang='lat' dir='ltr'><strong>sistis?</strong></span> <span class='ocrx_word' id='word_1_156' title='bbox 2226 1259 2290 1313; x_wconf 81' lang='lat' dir='ltr'><strong>Et</strong></span> <span class='ocrx_word' id='word_1_157' title='bbox 2323 1276 2489 1329; x_wconf 84' lang='lat' dir='ltr'><strong>quare</strong></span> <span class='ocrx_word' id='word_1_158' title='bbox 2525 1273 2644 1332; x_wconf 92' lang='lat' dir='ltr'><strong>post</strong></span> <span class='ocrx_word' id='word_1_159' title='bbox 2685 1268 3097 1324; x_wconf 75' lang='lat' dir='ltr'><strong>‘asccensionem</strong></span> <span class='ocrx_word' id='word_1_160' title='bbox 3149 1271 3361 1327; x_wconf 87' lang='lat' dir='ltr'><strong>Domini</strong></span> <span class='ocrx_word' id='word_1_161' title='bbox 3412 1276 3583 1330; x_wconf 87' lang='lat' dir='ltr'><strong>vestri</strong></span> 
     </span>
    </p>
   </div>
   <div class='ocr_carea' id='block_1_25' title="bbox 2013 1348 3584 1428">
    <p class='ocr_par' dir='ltr' id='par_1_25' title="bbox 2013 1348 3584 1428">
     <span class='ocr_line' id='line_1_25' title="bbox 2013 1348 3584 1428; baseline 0.012 -29"><span class='ocrx_word' id='word_1_162' title='bbox 2013 1348 2065 1401; x_wconf 91' lang='lat' dir='ltr'><strong>in</strong></span> <span class='ocrx_word' id='word_1_163' title='bbox 2092 1350 2258 1404; x_wconf 76' lang='lat' dir='ltr'><strong>caelos</strong></span> <span class='ocrx_word' id='word_1_164' title='bbox 2288 1351 2432 1406; x_wconf 87' lang='lat' dir='ltr'><strong>misit</strong></span> <span class='ocrx_word' id='word_1_165' title='bbox 2459 1353 2722 1423; x_wconf 88' lang='lat' dir='ltr'><strong>Spiritum</strong></span> <span class='ocrx_word' id='word_1_166' title='bbox 2780 1368 3027 1412; x_wconf 85' lang='lat' dir='ltr'><strong>sanctum</strong></span> <span class='ocrx_word' id='word_1_167' title='bbox 3064 1360 3116 1413; x_wconf 94' lang='lat' dir='ltr'><strong>in</strong></span> <span class='ocrx_word' id='word_1_168' title='bbox 3167 1363 3456 1428; x_wconf 86' lang='lat' dir='ltr'><strong>apostolos,</strong></span> <span class='ocrx_word' id='word_1_169' title='bbox 3485 1379 3584 1418; x_wconf 91' lang='lat' dir='ltr'><strong>cur</strong></span> 
     </span>
    </p>
   </div>
   <div class='ocr_carea' id='block_1_26' title="bbox 2014 1445 3581 1514">
    <p class='ocr_par' dir='ltr' id='par_1_26' title="bbox 2014 1445 3581 1514">
     <span class='ocr_line' id='line_1_26' title="bbox 2014 1445 3581 1514; baseline 0.011 -24"><span class='ocrx_word' id='word_1_170' title='bbox 2014 1454 2115 1492; x_wconf 92' lang='lat' dir='ltr'><strong>non</strong></span> <span class='ocrx_word' id='word_1_171' title='bbox 2146 1451 2433 1510; x_wconf 88' lang='lat' dir='ltr'><strong>antequam</strong></span> <span class='ocrx_word' id='word_1_172' title='bbox 2484 1445 2808 1500; x_wconf 85' lang='lat' dir='ltr'><strong>eveheretur</strong></span> <span class='ocrx_word' id='word_1_173' title='bbox 2838 1455 2892 1502; x_wconf 79' lang='lat' dir='ltr'><strong>tn</strong></span> <span class='ocrx_word' id='word_1_174' title='bbox 2925 1449 3143 1514; x_wconf 64' lang='lat' dir='ltr'><strong>malum,</strong></span> <span class='ocrx_word' id='word_1_175' title='bbox 3179 1452 3284 1506; x_wconf 92' lang='lat' dir='ltr'><strong>isto</strong></span> <span class='ocrx_word' id='word_1_176' title='bbox 3318 1453 3581 1508; x_wconf 80' lang='lat' dir='ltr'><strong>beneﬁcio</strong></span> 
     </span>
    </p>
   </div>
   <div class='ocr_carea' id='block_1_27' title="bbox 2013 1530 3579 1615">
    <p class='ocr_par' dir='ltr' id='par_1_27' title="bbox 2013 1530 3579 1615">
     <span class='ocr_line' id='line_1_27' title="bbox 2013 1530 3579 1615; baseline 0.011 -33"><span class='ocrx_word' id='word_1_177' title='bbox 2013 1530 2134 1584; x_wconf 89' lang='lat' dir='ltr'><strong>illos</strong></span> <span class='ocrx_word' id='word_1_178' title='bbox 2164 1533 2496 1587; x_wconf 85' lang='lat' dir='ltr'><strong>cumulavit?</strong></span> <span class='ocrx_word' id='word_1_179' title='bbox 2519 1534 2698 1600; x_wconf 82' lang='lat' dir='ltr'><strong>Quare</strong></span> <span class='ocrx_word' id='word_1_180' title='bbox 2732 1553 2834 1591; x_wconf 91' lang='lat' dir='ltr'><strong>non</strong></span> <span class='ocrx_word' id='word_1_181' title='bbox 2856 1539 3112 1594; x_wconf 90' lang='lat' dir='ltr'><strong>lavauiini</strong></span> <span class='ocrx_word' id='word_1_182' title='bbox 3139 1553 3303 1609; x_wconf 88' lang='lat' dir='ltr'><strong>aqua,</strong></span> <span class='ocrx_word' id='word_1_183' title='bbox 3329 1552 3386 1596; x_wconf 94' lang='lat' dir='ltr'><strong>ut</strong></span> <span class='ocrx_word' id='word_1_184' title='bbox 3421 1545 3579 1615; x_wconf 54' lang='lat' dir='ltr'><strong>docet</strong></span> 
     </span>
    </p>
   </div>
   <div class='ocr_carea' id='block_1_28' title="bbox 323 1619 3580 1695">
    <p class='ocr_par' dir='ltr' id='par_1_28' title="bbox 323 1619 3580 1695">
     <span class='ocr_line' id='line_1_28' title="bbox 323 1619 3580 1695; baseline 0.002 -17"><span class='ocrx_word' id='word_1_185' title='bbox 323 1624 524 1679; x_wconf 84' lang='lat' dir='ltr'><strong>Isaias?</strong></span> <span class='ocrx_word' id='word_1_186' title='bbox 576 1625 755 1691; x_wconf 88' lang='lat' dir='ltr'><strong>Quare</strong></span> <span class='ocrx_word' id='word_1_187' title='bbox 779 1634 1002 1693; x_wconf 88' lang='lat' dir='ltr'><strong>peccato</strong></span> <span class='ocrx_word' id='word_1_188' title='bbox 1024 1621 1375 1676; x_wconf 88' lang='lat' dir='ltr'><strong>contaminati</strong></span> <span class='ocrx_word' id='word_1_189' title='bbox 1428 1620 1654 1674; x_wconf 88' lang='lat' dir='ltr'><strong>curritis</strong></span> <span class='ocrx_word' id='word_1_190' title='bbox 1692 1619 1758 1673; x_wconf 92' lang='lat' dir='ltr'><strong>ad</strong></span> <span class='ocrx_word' id='word_1_191' title='bbox 1808 1619 2080 1674; x_wconf 83' lang='lat' dir='ltr'><strong>hominem</strong></span> <span class='ocrx_word' id='word_1_192' title='bbox 2143 1629 2417 1674; x_wconf 89' lang='lat' dir='ltr'><strong>terrenum</strong></span> <span class='ocrx_word' id='word_1_193' title='bbox 2459 1624 2775 1677; x_wconf 81' lang='lat' dir='ltr'><strong>conﬁtentes</strong></span> <span class='ocrx_word' id='word_1_194' title='bbox 2833 1635 3050 1692; x_wconf 89' lang='lat' dir='ltr'><strong>peccata</strong></span> <span class='ocrx_word' id='word_1_195' title='bbox 3083 1638 3278 1695; x_wconf 89' lang='lat' dir='ltr'><strong>vestra,</strong></span> <span class='ocrx_word' id='word_1_196' title='bbox 3307 1641 3360 1684; x_wconf 92' lang='lat' dir='ltr'><strong>et</strong></span> <span class='ocrx_word' id='word_1_197' title='bbox 3394 1632 3580 1686; x_wconf 84' lang='lat' dir='ltr'><strong>dicen-</strong></span> 
     </span>
    </p>
   </div>
   <div class='ocr_carea' id='block_1_29' title="bbox 326 1714 3577 1792">
    <p class='ocr_par' dir='ltr' id='par_1_29' title="bbox 326 1714 3577 1792">
     <span class='ocr_line' id='line_1_29' title="bbox 326 1714 3577 1792; baseline 0.001 -16"><span class='ocrx_word' id='word_1_198' title='bbox 326 1732 406 1778; x_wconf 92' lang='lat' dir='ltr'><strong>tes</strong></span> <span class='ocrx_word' id='word_1_199' title='bbox 444 1743 455 1776; x_wconf 93' lang='lat'>:</span> <span class='ocrx_word' id='word_1_200' title='bbox 493 1723 750 1776; x_wconf 73' lang='lat' dir='ltr'><strong>Miserere</strong></span> <span class='ocrx_word' id='word_1_201' title='bbox 773 1720 876 1775; x_wconf 89' lang='lat' dir='ltr'><strong>mei</strong></span> <span class='ocrx_word' id='word_1_202' title='bbox 896 1719 1227 1788; x_wconf 89' lang='lat' dir='ltr'><strong>peccatoris?</strong></span> <span class='ocrx_word' id='word_1_203' title='bbox 1254 1730 1423 1785; x_wconf 86' lang='lat' dir='ltr'><strong>quare</strong></span> <span class='ocrx_word' id='word_1_204' title='bbox 1473 1715 1526 1770; x_wconf 92' lang='lat' dir='ltr'><strong>in</strong></span> <span class='ocrx_word' id='word_1_205' title='bbox 1571 1714 1761 1770; x_wconf 87' lang='lat' dir='ltr'><strong>ultimo</strong></span> <span class='ocrx_word' id='word_1_206' title='bbox 1789 1715 1912 1769; x_wconf 69' lang='lat' dir='ltr'><strong>vita:</strong></span> <span class='ocrx_word' id='word_1_207' title='bbox 1953 1725 2148 1770; x_wconf 57' lang='lat' dir='ltr'><strong>vestra;</strong></span> <span class='ocrx_word' id='word_1_208' title='bbox 2205 1717 2454 1782; x_wconf 88' lang='lat' dir='ltr'><strong>articulo,</strong></span> <span class='ocrx_word' id='word_1_209' title='bbox 2521 1727 2576 1772; x_wconf 93' lang='lat' dir='ltr'><strong>et</strong></span> <span class='ocrx_word' id='word_1_210' title='bbox 2626 1718 2858 1772; x_wconf 88' lang='lat' dir='ltr'><strong>animam</strong></span> <span class='ocrx_word' id='word_1_211' title='bbox 2913 1720 3146 1776; x_wconf 79' lang='lat' dir='ltr'><strong>eﬂlaturi</strong></span> <span class='ocrx_word' id='word_1_212' title='bbox 3181 1727 3303 1792; x_wconf 90' lang='lat' dir='ltr'><strong>pani</strong></span> <span class='ocrx_word' id='word_1_213' title='bbox 3362 1735 3417 1780; x_wconf 92' lang='lat' dir='ltr'><strong>et</strong></span> <span class='ocrx_word' id='word_1_214' title='bbox 3450 1729 3577 1781; x_wconf 83' lang='lat' dir='ltr'><strong>vino</strong></span> 
     </span>
    </p>
   </div>
   <div class='ocr_carea' id='block_1_30' title="bbox 322 1809 3574 1887">
    <p class='ocr_par' dir='ltr' id='par_1_30' title="bbox 322 1809 3574 1887">
     <span class='ocr_line' id='line_1_30' title="bbox 322 1809 3574 1887; baseline 0 -15"><span class='ocrx_word' id='word_1_215' title='bbox 322 1817 758 1878; x_wconf 86' lang='lat' dir='ltr'><strong>communicatis,</strong></span> <span class='ocrx_word' id='word_1_216' title='bbox 791 1821 1094 1868; x_wconf 81' lang='lat' dir='ltr'><strong>asserentes</strong></span> <span class='ocrx_word' id='word_1_217' title='bbox 1130 1825 1222 1866; x_wconf 91' lang='lat' dir='ltr'><strong>vos</strong></span> <span class='ocrx_word' id='word_1_218' title='bbox 1286 1812 1352 1865; x_wconf 88' lang='lat' dir='ltr'><strong>ab</strong></span> <span class='ocrx_word' id='word_1_219' title='bbox 1403 1809 1494 1864; x_wconf 92' lang='lat' dir='ltr'><strong>illo</strong></span> <span class='ocrx_word' id='word_1_220' title='bbox 1575 1820 1848 1865; x_wconf 90' lang='lat' dir='ltr'><strong>momento</strong></span> <span class='ocrx_word' id='word_1_221' title='bbox 1905 1813 2142 1880; x_wconf 86' lang='lat' dir='ltr'><strong>paradisi</strong></span> <span class='ocrx_word' id='word_1_222' title='bbox 2185 1809 2295 1880; x_wconf 89' lang='lat' dir='ltr'><strong>jam</strong></span> <span class='ocrx_word' id='word_1_223' title='bbox 2321 1827 2441 1866; x_wconf 88' lang='lat' dir='ltr'><strong>esse</strong></span> <span class='ocrx_word' id='word_1_224' title='bbox 2463 1811 2786 1881; x_wconf 85' lang='lat' dir='ltr'><strong>participes?</strong></span> <span class='ocrx_word' id='word_1_225' title='bbox 2816 1812 2922 1868; x_wconf 91' lang='lat' dir='ltr'><strong>Sed</strong></span> <span class='ocrx_word' id='word_1_226' title='bbox 2993 1817 3132 1884; x_wconf 91' lang='lat' dir='ltr'><strong>quod</strong></span> <span class='ocrx_word' id='word_1_227' title='bbox 3174 1817 3342 1887; x_wconf 87' lang='lat' dir='ltr'><strong>magis</strong></span> <span class='ocrx_word' id='word_1_228' title='bbox 3365 1827 3450 1874; x_wconf 87' lang='lat' dir='ltr'><strong>est</strong></span> <span class='ocrx_word' id='word_1_229' title='bbox 3475 1833 3574 1874; x_wconf 89' lang='lat' dir='ltr'><strong>no-</strong></span> 
     </span>
    </p>
   </div>
   <div class='ocr_carea' id='block_1_31' title="bbox 323 1904 3575 1982">
    <p class='ocr_par' dir='ltr' id='par_1_31' title="bbox 323 1904 3575 1982">
     <span class='ocr_line' id='line_1_31' title="bbox 323 1904 3575 1982; baseline 0.002 -20"><span class='ocrx_word' id='word_1_230' title='bbox 323 1925 443 1962; x_wconf 89' lang='lat' dir='ltr'><strong>men</strong></span> <span class='ocrx_word' id='word_1_231' title='bbox 478 1910 650 1976; x_wconf 91' lang='lat' dir='ltr'><strong>ipsum</strong></span> <span class='ocrx_word' id='word_1_232' title='bbox 691 1905 1010 1960; x_wconf 83' lang='lat' dir='ltr'><strong>Mahumetis</strong></span> <span class='ocrx_word' id='word_1_233' title='bbox 1046 1904 1213 1960; x_wconf 88' lang='lat' dir='ltr'><strong>nostri</strong></span> <span class='ocrx_word' id='word_1_234' title='bbox 1265 1913 1383 1959; x_wconf 89' lang='lat' dir='ltr'><strong>erat</strong></span> <span class='ocrx_word' id='word_1_235' title='bbox 1438 1904 1566 1958; x_wconf 88' lang='lat' dir='ltr'><strong>olim</strong></span> <span class='ocrx_word' id='word_1_236' title='bbox 1618 1906 1879 1974; x_wconf 86' lang='lat' dir='ltr'><strong>scriptum</strong></span> <span class='ocrx_word' id='word_1_237' title='bbox 1919 1907 1972 1959; x_wconf 91' lang='lat' dir='ltr'><strong>in</strong></span> <span class='ocrx_word' id='word_1_238' title='bbox 2041 1909 2234 1960; x_wconf 85' lang='lat' dir='ltr'><strong>vestris</strong></span> <span class='ocrx_word' id='word_1_239' title='bbox 2260 1907 2586 1978; x_wconf 87' lang='lat' dir='ltr'><strong>Evangeliis,</strong></span> <span class='ocrx_word' id='word_1_240' title='bbox 2652 1908 2743 1962; x_wconf 92' lang='lat' dir='ltr'><strong>sed</strong></span> <span class='ocrx_word' id='word_1_241' title='bbox 2782 1908 2911 1963; x_wconf 88' lang='lat' dir='ltr'><strong>illud</strong></span> <span class='ocrx_word' id='word_1_242' title='bbox 2944 1912 3250 1967; x_wconf 86' lang='lat' dir='ltr'><strong>reinovistis</strong></span> <span class='ocrx_word' id='word_1_243' title='bbox 3275 1921 3329 1966; x_wconf 91' lang='lat' dir='ltr'><strong>et</strong></span> <span class='ocrx_word' id='word_1_244' title='bbox 3363 1927 3575 1982; x_wconf 79' lang='lat' dir='ltr'><strong>expun-</strong></span> 
     </span>
    </p>
   </div>
   <div class='ocr_carea' id='block_1_32' title="bbox 322 1999 496 2052">
    <p class='ocr_par' dir='ltr' id='par_1_32' title="bbox 322 1999 496 2052">
     <span class='ocr_line' id='line_1_32' title="bbox 322 1999 496 2052; baseline 0 0"><span class='ocrx_word' id='word_1_245' title='bbox 322 1999 496 2052; x_wconf 80' lang='lat' dir='ltr'><strong>xistis.</strong></span> 
     </span>
    </p>
   </div>
   <div class='ocr_carea' id='block_1_33' title="bbox 394 2084 1964 2159">
    <p class='ocr_par' dir='ltr' id='par_1_33' title="bbox 394 2084 1964 2159">
     <span class='ocr_line' id='line_1_33' title="bbox 394 2084 1964 2159; baseline 0.003 -20"><span class='ocrx_word' id='word_1_246' title='bbox 394 2087 534 2151; x_wconf 84' lang='grc' dir='ltr'>Πρὸς</span> <span class='ocrx_word' id='word_1_247' title='bbox 555 2085 648 2149; x_wconf 78' lang='grc' dir='ltr'><strong>οὓς</strong></span> <span class='ocrx_word' id='word_1_248' title='bbox 677 2085 946 2154; x_wconf 79' lang='grc' dir='ltr'>ἀντιλέγει</span> <span class='ocrx_word' id='word_1_249' title='bbox 979 2084 1140 2147; x_wconf 83' lang='grc' dir='ltr'>αὐτὸς</span> <span class='ocrx_word' id='word_1_250' title='bbox 1167 2087 1194 2137; x_wconf 83' lang='grc' dir='ltr'>ὁ</span> <span class='ocrx_word' id='word_1_251' title='bbox 1225 2087 1458 2156; x_wconf 83' lang='grc' dir='ltr'>μοναχὸς</span> <span class='ocrx_word' id='word_1_252' title='bbox 1479 2087 1886 2159; x_wconf 86' lang='grc' dir='ltr'>Βαρθολομαῖος</span> <span class='ocrx_word' id='word_1_253' title='bbox 1922 2095 1964 2152; x_wconf 82' lang='grc' dir='ltr'><strong><em>Β</em></strong></span> 
     </span>
    </p>
   </div>
   <div class='ocr_carea' id='block_1_34' title="bbox 318 2176 1903 2249">
    <p class='ocr_par' dir='ltr' id='par_1_34' title="bbox 318 2176 1903 2249">
     <span class='ocr_line' id='line_1_34' title="bbox 318 2176 1903 2249; baseline 0.003 -20"><span class='ocrx_word' id='word_1_254' title='bbox 318 2177 348 2229; x_wconf 87' lang='grc' dir='ltr'>ὁ</span> <span class='ocrx_word' id='word_1_255' title='bbox 415 2177 754 2246; x_wconf 82' lang='grc' dir='ltr'>Ἐδεσηνὸςὸ</span> <span class='ocrx_word' id='word_1_256' title='bbox 807 2176 1187 2246; x_wconf 79' lang='grc' dir='ltr'>ἀμαθέστατος</span> <span class='ocrx_word' id='word_1_257' title='bbox 1220 2177 1329 2230; x_wconf 88' lang='grc' dir='ltr'><strong>τῶν</strong></span> <span class='ocrx_word' id='word_1_258' title='bbox 1382 2178 1749 2249; x_wconf 79' lang='grc' dir='ltr'>Χριστιανῶν,</span> <span class='ocrx_word' id='word_1_259' title='bbox 1807 2181 1903 2233; x_wconf 70' lang='grc' dir='ltr'><strong>καὶ</strong></span> 
     </span>
    </p>
   </div>
   <div class='ocr_carea' id='block_1_35' title="bbox 317 2266 1898 2341">
    <p class='ocr_par' dir='ltr' id='par_1_35' title="bbox 317 2266 1898 2341">
     <span class='ocr_line' id='line_1_35' title="bbox 317 2266 1898 2341; baseline 0.002 -22"><span class='ocrx_word' id='word_1_260' title='bbox 317 2267 545 2337; x_wconf 73' lang='grc' dir='ltr'>ἔσχατος</span> <span class='ocrx_word' id='word_1_261' title='bbox 596 2267 814 2320; x_wconf 74' lang='grc' dir='ltr'>πάντων</span> <span class='ocrx_word' id='word_1_262' title='bbox 871 2266 1063 2330; x_wconf 87' lang='grc' dir='ltr'>ταῦτα,</span> <span class='ocrx_word' id='word_1_263' title='bbox 1123 2267 1200 2336; x_wconf 83' lang='grc' dir='ltr'>μὴ</span> <span class='ocrx_word' id='word_1_264' title='bbox 1250 2267 1523 2338; x_wconf 79' lang='grc' dir='ltr'>ἐρυθριῶν</span> <span class='ocrx_word' id='word_1_265' title='bbox 1569 2271 1669 2340; x_wconf 75' lang='grc' dir='ltr'><strong>τὴν</strong></span> <span class='ocrx_word' id='word_1_266' title='bbox 1726 2271 1898 2341; x_wconf 75' lang='grc' dir='ltr'>ἀφροο</span> 
     </span>
    </p>
   </div>
   <div class='ocr_carea' id='block_1_36' title="bbox 319 2359 1901 2432">
    <p class='ocr_par' dir='ltr' id='par_1_36' title="bbox 319 2359 1901 2432">
     <span class='ocr_line' id='line_1_36' title="bbox 319 2359 1901 2432; baseline 0.001 -19"><span class='ocrx_word' id='word_1_267' title='bbox 319 2360 488 2431; x_wconf 87' lang='grc' dir='ltr'>σύνην</span> <span class='ocrx_word' id='word_1_268' title='bbox 541 2359 696 2430; x_wconf 85' lang='grc' dir='ltr'>ὑμῶν</span> <span class='ocrx_word' id='word_1_269' title='bbox 760 2359 1088 2428; x_wconf 77' lang='grc' dir='ltr'>ἀνοιγόντων</span> <span class='ocrx_word' id='word_1_270' title='bbox 1165 2359 1288 2412; x_wconf 84' lang='grc' dir='ltr'>καθ’</span> <span class='ocrx_word' id='word_1_271' title='bbox 1338 2361 1497 2430; x_wconf 88' lang='grc' dir='ltr'>ήμῶν</span> <span class='ocrx_word' id='word_1_272' title='bbox 1565 2361 1625 2414; x_wconf 88' lang='grc' dir='ltr'><strong>τὸ</strong></span> <span class='ocrx_word' id='word_1_273' title='bbox 1677 2362 1901 2432; x_wconf 76' lang='grc' dir='ltr'>αἰσχρὸν</span> 
     </span>
    </p>
   </div>
   <div class='ocr_carea' id='block_1_37' title="bbox 319 2447 1901 2524">
    <p class='ocr_par' dir='ltr' id='par_1_37' title="bbox 319 2447 1901 2524">
     <span class='ocr_line' id='line_1_37' title="bbox 319 2447 1901 2524; baseline 0.001 -19"><span class='ocrx_word' id='word_1_274' title='bbox 319 2453 414 2505; x_wconf 61' lang='grc' dir='ltr'><strong>κα)⁴</strong></span> <span class='ocrx_word' id='word_1_275' title='bbox 467 2447 821 2520; x_wconf 77' lang='grc' dir='ltr'>παμόέῦηλον</span> <span class='ocrx_word' id='word_1_276' title='bbox 884 2449 1058 2519; x_wconf 83' lang='grc' dir='ltr'>στόμα</span> <span class='ocrx_word' id='word_1_277' title='bbox 1125 2449 1301 2519; x_wconf 79' lang='grc' dir='ltr'>ὑμῶν,</span> <span class='ocrx_word' id='word_1_278' title='bbox 1353 2454 1435 2504; x_wconf 82' lang='grc' dir='ltr'><strong>ὅτι</strong></span> <span class='ocrx_word' id='word_1_279' title='bbox 1481 2453 1532 2504; x_wconf 75' lang='grc' dir='ltr'>οἱ</span> <span class='ocrx_word' id='word_1_280' title='bbox 1584 2455 1901 2524; x_wconf 79' lang='grc' dir='ltr'>Χριστιανοὶ</span> 
     </span>
    </p>
   </div>
   <div class='ocr_carea' id='block_1_38' title="bbox 315 2541 1898 2617">
    <p class='ocr_par' dir='ltr' id='par_1_38' title="bbox 315 2541 1898 2617">
     <span class='ocr_line' id='line_1_38' title="bbox 315 2541 1898 2617; baseline 0.004 -24"><span class='ocrx_word' id='word_1_281' title='bbox 315 2545 472 2610; x_wconf 84' lang='grc' dir='ltr'>τρεῖς</span> <span class='ocrx_word' id='word_1_282' title='bbox 513 2541 682 2602; x_wconf 83' lang='grc' dir='ltr'>Θεοὺς</span> <span class='ocrx_word' id='word_1_283' title='bbox 711 2541 963 2595; x_wconf 73' lang='grc' dir='ltr'>σέϐονται</span> <span class='ocrx_word' id='word_1_284' title='bbox 988 2557 1001 2570; x_wconf 84' lang='grc'><em>’</em></span> <span class='ocrx_word' id='word_1_285' title='bbox 1030 2542 1175 2594; x_wconf 83' lang='grc' dir='ltr'>τοῦτ’</span> <span class='ocrx_word' id='word_1_286' title='bbox 1206 2541 1354 2596; x_wconf 81' lang='grc' dir='ltr'>ἔστιν</span> <span class='ocrx_word' id='word_1_287' title='bbox 1380 2543 1472 2596; x_wconf 90' lang='grc' dir='ltr'><strong>τὸν</strong></span> <span class='ocrx_word' id='word_1_288' title='bbox 1507 2547 1750 2617; x_wconf 80' lang='grc' dir='ltr'>Πατέρα,</span> <span class='ocrx_word' id='word_1_289' title='bbox 1808 2549 1898 2600; x_wconf 88' lang='grc' dir='ltr'><strong>τὸν</strong></span> 
     </span>
    </p>
   </div>
   <div class='ocr_carea' id='block_1_39' title="bbox 318 2631 1899 2706">
    <p class='ocr_par' dir='ltr' id='par_1_39' title="bbox 318 2631 1899 2706">
     <span class='ocr_line' id='line_1_39' title="bbox 318 2631 1899 2706; baseline 0.004 -21"><span class='ocrx_word' id='word_1_290' title='bbox 318 2633 485 2696; x_wconf 82' lang='grc' dir='ltr'>Υἱὸν,</span> <span class='ocrx_word' id='word_1_291' title='bbox 545 2633 640 2684; x_wconf 77' lang='grc' dir='ltr'>καὶ</span> <span class='ocrx_word' id='word_1_292' title='bbox 689 2632 751 2684; x_wconf 87' lang='grc' dir='ltr'><strong>τὸ</strong></span> <span class='ocrx_word' id='word_1_293' title='bbox 802 2631 956 2700; x_wconf 74' lang='grc' dir='ltr'>ἅγιον</span> <span class='ocrx_word' id='word_1_294' title='bbox 1011 2633 1256 2702; x_wconf 80' lang='grc' dir='ltr'>Πνεῦμα.</span> <span class='ocrx_word' id='word_1_295' title='bbox 1313 2634 1427 2688; x_wconf 85' lang='grc' dir='ltr'>Νῦν</span> <span class='ocrx_word' id='word_1_296' title='bbox 1481 2637 1690 2706; x_wconf 83' lang='grc' dir='ltr'>ἐλέγχω</span> <span class='ocrx_word' id='word_1_297' title='bbox 1757 2638 1899 2692; x_wconf 74' lang='grc' dir='ltr'>κατὰ</span> 
     </span>
    </p>
   </div>
   <div class='ocr_carea' id='block_1_40' title="bbox 315 2723 1883 2799">
    <p class='ocr_par' dir='ltr' id='par_1_40' title="bbox 315 2723 1883 2799">
     <span class='ocr_line' id='line_1_40' title="bbox 315 2723 1883 2799; baseline 0.004 -23"><span class='ocrx_word' id='word_1_298' title='bbox 315 2724 611 2793; x_wconf 79' lang='grc' dir='ltr'>πρόσωπον</span> <span class='ocrx_word' id='word_1_299' title='bbox 639 2723 705 2775; x_wconf 77' lang='grc' dir='ltr'>τὲι</span> <span class='ocrx_word' id='word_1_300' title='bbox 732 2723 976 2794; x_wconf 68' lang='grc' dir='ltr'>σφαλερὰ</span> <span class='ocrx_word' id='word_1_301' title='bbox 1008 2724 1160 2793; x_wconf 71' lang='grc' dir='ltr'>ὑμῶν</span> <span class='ocrx_word' id='word_1_302' title='bbox 1214 2727 1458 2794; x_wconf 79' lang='grc' dir='ltr'>ῥήματα,</span> <span class='ocrx_word' id='word_1_303' title='bbox 1501 2729 1662 2799; x_wconf 84' lang='grc' dir='ltr'>οἵπερ</span> <span class='ocrx_word' id='word_1_304' title='bbox 1705 2728 1766 2794; x_wconf 79' lang='grc' dir='ltr'>ἐξ</span> <span class='ocrx_word' id='word_1_305' title='bbox 1797 2731 1883 2783; x_wconf 84' lang='grc' dir='ltr'><strong>οὐ·</strong></span> 
     </span>
    </p>
   </div>
   <div class='ocr_carea' id='block_1_41' title="bbox 317 2812 1893 2893">
    <p class='ocr_par' dir='ltr' id='par_1_41' title="bbox 317 2812 1893 2893">
     <span class='ocr_line' id='line_1_41' title="bbox 317 2812 1893 2893; baseline 0.005 -27"><span class='ocrx_word' id='word_1_306' title='bbox 317 2814 484 2882; x_wconf 85' lang='grc' dir='ltr'>ρανοῦ</span> <span class='ocrx_word' id='word_1_307' title='bbox 518 2814 622 2866; x_wconf 85' lang='grc' dir='ltr'><strong>ὑπὸ</strong></span> <span class='ocrx_word' id='word_1_308' title='bbox 644 2812 776 2866; x_wconf 85' lang='grc' dir='ltr'>Θεοῦ</span> <span class='ocrx_word' id='word_1_309' title='bbox 823 2815 1218 2885; x_wconf 74' lang='grc' dir='ltr'>κατενεχθῆναι</span> <span class='ocrx_word' id='word_1_310' title='bbox 1252 2817 1444 2885; x_wconf 84' lang='grc' dir='ltr'>λέγετε</span> <span class='ocrx_word' id='word_1_311' title='bbox 1495 2820 1831 2888; x_wconf 81' lang='grc' dir='ltr'>Εὑαγγέλιον</span> <span class='ocrx_word' id='word_1_312' title='bbox 1861 2822 1893 2893; x_wconf 77' lang='grc' dir='ltr'><strong>ἢ</strong></span> 
     </span>
    </p>
   </div>
   <div class='ocr_carea' id='block_1_42' title="bbox 313 2905 1894 2986">
    <p class='ocr_par' dir='ltr' id='par_1_42' title="bbox 313 2905 1894 2986">
     <span class='ocr_line' id='line_1_42' title="bbox 313 2905 1894 2986; baseline 0.004 -28"><span class='ocrx_word' id='word_1_313' title='bbox 313 2906 379 2971; x_wconf 77' lang='grc' dir='ltr'><strong>ἐξ</strong></span> <span class='ocrx_word' id='word_1_314' title='bbox 413 2905 576 2959; x_wconf 82' lang='grc' dir='ltr'>αὑτοῦ</span> <span class='ocrx_word' id='word_1_315' title='bbox 629 2905 878 2974; x_wconf 79' lang='grc' dir='ltr'>ἀντερεῖν</span> <span class='ocrx_word' id='word_1_316' title='bbox 925 2907 1112 2974; x_wconf 84' lang='grc' dir='ltr'>λέγετε</span> <span class='ocrx_word' id='word_1_317' title='bbox 1138 2908 1451 2973; x_wconf 79' lang='grc' dir='ltr'>δικάζοντες</span> <span class='ocrx_word' id='word_1_318' title='bbox 1493 2910 1707 2978; x_wconf 74' lang='grc' dir='ltr'>ψευδῶς</span> <span class='ocrx_word' id='word_1_319' title='bbox 1743 2914 1894 2986; x_wconf 77' lang='grc' dir='ltr'>ἡμᾶς</span> 
     </span>
    </p>
   </div>
   <div class='ocr_carea' id='block_1_43' title="bbox 310 2997 1893 3073">
    <p class='ocr_par' dir='ltr' id='par_1_43' title="bbox 310 2997 1893 3073">
     <span class='ocr_line' id='line_1_43' title="bbox 310 2997 1893 3073; baseline 0.004 -24"><span class='ocrx_word' id='word_1_320' title='bbox 310 2998 447 3058; x_wconf 76' lang='grc' dir='ltr'>τοὺς</span> <span class='ocrx_word' id='word_1_321' title='bbox 483 2997 863 3066; x_wconf 77' lang='grc' dir='ltr'>Χριστιανούς.</span> <span class='ocrx_word' id='word_1_322' title='bbox 900 2999 1004 3051; x_wconf 78' lang='grc' dir='ltr'>Σὺν</span> <span class='ocrx_word' id='word_1_323' title='bbox 1034 2999 1154 3067; x_wconf 81' lang='grc' dir='ltr'><strong>Θεῴ</strong></span> <span class='ocrx_word' id='word_1_324' title='bbox 1187 3001 1242 3053; x_wconf 84' lang='grc' dir='ltr'>δὲ</span> <span class='ocrx_word' id='word_1_325' title='bbox 1273 3003 1368 3053; x_wconf 74' lang='grc' dir='ltr'><strong>καὶ</strong></span> <span class='ocrx_word' id='word_1_326' title='bbox 1399 3004 1466 3072; x_wconf 80' lang='grc' dir='ltr'>τῇ</span> <span class='ocrx_word' id='word_1_327' title='bbox 1510 3002 1674 3054; x_wconf 81' lang='grc' dir='ltr'>αὐτοῦ</span> <span class='ocrx_word' id='word_1_328' title='bbox 1707 3005 1893 3073; x_wconf 84' lang='grc' dir='ltr'>χάριτι</span> 
     </span>
    </p>
   </div>
   <div class='ocr_carea' id='block_1_44' title="bbox 313 3087 1892 3161">
    <p class='ocr_par' dir='ltr' id='par_1_44' title="bbox 313 3087 1892 3161">
     <span class='ocr_line' id='line_1_44' title="bbox 313 3087 1892 3161; baseline 0.003 -19"><span class='ocrx_word' id='word_1_329' title='bbox 313 3089 629 3159; x_wconf 74' lang='grc' dir='ltr'>ἐκθήσομαι</span> <span class='ocrx_word' id='word_1_330' title='bbox 673 3087 799 3159; x_wconf 85' lang='grc' dir='ltr'>ἄρτι</span> <span class='ocrx_word' id='word_1_331' title='bbox 852 3088 991 3159; x_wconf 83' lang='grc' dir='ltr'>πρὸς</span> <span class='ocrx_word' id='word_1_332' title='bbox 1026 3090 1489 3161; x_wconf 84' lang='grc' dir='ltr'>ἐπιθρυλλοῦντας</span> <span class='ocrx_word' id='word_1_333' title='bbox 1537 3093 1606 3146; x_wconf 82' lang='grc' dir='ltr'>τὰ</span> <span class='ocrx_word' id='word_1_334' title='bbox 1646 3095 1892 3160; x_wconf 85' lang='grc' dir='ltr'>τοιαῦτα,</span> 
     </span>
    </p>
   </div>
   <div class='ocr_carea' id='block_1_45' title="bbox 311 3167 1893 3253">
    <p class='ocr_par' dir='ltr' id='par_1_45' title="bbox 311 3167 1893 3253">
     <span class='ocr_line' id='line_1_45' title="bbox 311 3167 1893 3253; baseline 0.001 -19"><span class='ocrx_word' id='word_1_335' title='bbox 311 3181 399 3234; x_wconf 84' lang='grc' dir='ltr'><strong>ὅτι</strong></span> <span class='ocrx_word' id='word_1_336' title='bbox 434 3180 484 3232; x_wconf 81' lang='grc' dir='ltr'>οἱ</span> <span class='ocrx_word' id='word_1_337' title='bbox 512 3181 569 3232; x_wconf 88' lang='grc' dir='ltr'><strong>ἐν</strong></span> <span class='ocrx_word' id='word_1_338' title='bbox 601 3181 784 3243; x_wconf 85' lang='grc' dir='ltr'>αὐτοῖς</span> <span class='ocrx_word' id='word_1_339' title='bbox 827 3180 1198 3246; x_wconf 84' lang='grc' dir='ltr'>πιστεύοντες,</span> <span class='ocrx_word' id='word_1_340' title='bbox 1233 3183 1315 3235; x_wconf 82' lang='grc' dir='ltr'><strong>ὅτι</strong></span> <span class='ocrx_word' id='word_1_341' title='bbox 1355 3185 1505 3253; x_wconf 78' lang='grc' dir='ltr'>τρεῖς</span> <span class='ocrx_word' id='word_1_342' title='bbox 1536 3183 1704 3247; x_wconf 79' lang='grc' dir='ltr'>Θεοὺς</span> <span class='ocrx_word' id='word_1_343' title='bbox 1739 3167 1893 3238; x_wconf 77' lang='grc' dir='ltr'>σεϐό-</span> 
     </span>
    </p>
   </div>
   <div class='ocr_carea' id='block_1_46' title="bbox 316 3270 1892 3341">
    <p class='ocr_par' dir='ltr' id='par_1_46' title="bbox 316 3270 1892 3341">
     <span class='ocr_line' id='line_1_46' title="bbox 316 3270 1892 3341; baseline 0.003 -19"><span class='ocrx_word' id='word_1_344' title='bbox 316 3287 473 3341; x_wconf 85' lang='grc' dir='ltr'>μενοι</span> <span class='ocrx_word' id='word_1_345' title='bbox 501 3270 948 3341; x_wconf 77' lang='grc' dir='ltr'>βλασφημοῦμεν,</span> <span class='ocrx_word' id='word_1_346' title='bbox 995 3273 1089 3324; x_wconf 68' lang='grc' dir='ltr'><strong>καὶ</strong></span> <span class='ocrx_word' id='word_1_347' title='bbox 1134 3273 1202 3325; x_wconf 73' lang='grc' dir='ltr'>τὰ</span> <span class='ocrx_word' id='word_1_348' title='bbox 1247 3273 1494 3337; x_wconf 86' lang='grc' dir='ltr'>τοιαῦτα,</span> <span class='ocrx_word' id='word_1_349' title='bbox 1528 3275 1607 3327; x_wconf 81' lang='grc' dir='ltr'><strong>ὅτι</strong></span> <span class='ocrx_word' id='word_1_350' title='bbox 1630 3278 1678 3328; x_wconf 84' lang='grc' dir='ltr'>οἱ</span> <span class='ocrx_word' id='word_1_351' title='bbox 1710 3276 1769 3328; x_wconf 83' lang='grc' dir='ltr'><strong>ἐν</strong></span> <span class='ocrx_word' id='word_1_352' title='bbox 1798 3276 1892 3327; x_wconf 89' lang='grc' dir='ltr'>αύ-</span> 
     </span>
    </p>
   </div>
   <div class='ocr_carea' id='block_1_47' title="bbox 311 3361 1890 3436">
    <p class='ocr_par' dir='ltr' id='par_1_47' title="bbox 311 3361 1890 3436">
     <span class='ocr_line' id='line_1_47' title="bbox 311 3361 1890 3436; baseline 0.002 -21"><span class='ocrx_word' id='word_1_353' title='bbox 311 3365 430 3425; x_wconf 82' lang='grc' dir='ltr'>τοῖς</span> <span class='ocrx_word' id='word_1_354' title='bbox 460 3361 808 3424; x_wconf 82' lang='grc' dir='ltr'>πιστεύοντες</span> <span class='ocrx_word' id='word_1_355' title='bbox 828 3363 928 3416; x_wconf 81' lang='grc' dir='ltr'><strong>ούκ</strong></span> <span class='ocrx_word' id='word_1_356' title='bbox 945 3363 1312 3433; x_wconf 81' lang='grc' dir='ltr'>ἀφεθήσονται</span> <span class='ocrx_word' id='word_1_357' title='bbox 1340 3366 1526 3428; x_wconf 79' lang='grc' dir='ltr'>αὐτοῖς</span> <span class='ocrx_word' id='word_1_358' title='bbox 1547 3368 1602 3418; x_wconf 88' lang='grc' dir='ltr'>αἱ</span> <span class='ocrx_word' id='word_1_359' title='bbox 1626 3367 1890 3436; x_wconf 78' lang='grc' dir='ltr'>ἁμαρτίαι</span> 
     </span>
    </p>
   </div>
   <div class='ocr_carea' id='block_1_48' title="bbox 2069 2090 3576 2159">
    <p class='ocr_par' dir='ltr' id='par_1_48' title="bbox 2069 2090 3576 2159">
     <span class='ocr_line' id='line_1_48' title="bbox 2069 2090 3576 2159; baseline 0.006 -18"><span class='ocrx_word' id='word_1_360' title='bbox 2069 2090 2147 2142; x_wconf 88' lang='lat' dir='ltr'><strong>Ad</strong></span> <span class='ocrx_word' id='word_1_361' title='bbox 2178 2105 2295 2159; x_wconf 66' lang='lat' dir='ltr'><strong>quae</strong></span> <span class='ocrx_word' id='word_1_362' title='bbox 2333 2104 2432 2159; x_wconf 87' lang='lat' dir='ltr'><strong>ego</strong></span> <span class='ocrx_word' id='word_1_363' title='bbox 2460 2091 2573 2158; x_wconf 86' lang='lat' dir='ltr'><strong>ipse</strong></span> <span class='ocrx_word' id='word_1_364' title='bbox 2594 2090 3020 2144; x_wconf 68' lang='lat' dir='ltr'><strong>Bartholomiens</strong></span> <span class='ocrx_word' id='word_1_365' title='bbox 3085 2091 3396 2148; x_wconf 82' lang='lat' dir='ltr'><strong>Edessenus</strong></span> <span class='ocrx_word' id='word_1_366' title='bbox 3453 2111 3576 2150; x_wconf 84' lang='lat' dir='ltr'><strong>mo-</strong></span> 
     </span>
    </p>
   </div>
   <div class='ocr_carea' id='block_1_49' title="bbox 2005 2180 3570 2251">
    <p class='ocr_par' dir='ltr' id='par_1_49' title="bbox 2005 2180 3570 2251">
     <span class='ocr_line' id='line_1_49' title="bbox 2005 2180 3570 2251; baseline 0.005 -19"><span class='ocrx_word' id='word_1_367' title='bbox 2005 2181 2234 2244; x_wconf 86' lang='lat' dir='ltr'><strong>nachus,</strong></span> <span class='ocrx_word' id='word_1_368' title='bbox 2283 2180 2718 2235; x_wconf 87' lang='lat' dir='ltr'><strong>Christianorum</strong></span> <span class='ocrx_word' id='word_1_369' title='bbox 2767 2181 3164 2251; x_wconf 83' lang='lat' dir='ltr'><strong>ignarissimus,</strong></span> <span class='ocrx_word' id='word_1_370' title='bbox 3217 2196 3272 2237; x_wconf 89' lang='lat' dir='ltr'><strong>et</strong></span> <span class='ocrx_word' id='word_1_371' title='bbox 3326 2186 3570 2240; x_wconf 88' lang='lat' dir='ltr'><strong>omnium</strong></span> 
     </span>
    </p>
   </div>
   <div class='ocr_carea' id='block_1_50' title="bbox 2006 2269 3577 2342">
    <p class='ocr_par' dir='ltr' id='par_1_50' title="bbox 2006 2269 3577 2342">
     <span class='ocr_line' id='line_1_50' title="bbox 2006 2269 3577 2342; baseline 0.004 -20"><span class='ocrx_word' id='word_1_372' title='bbox 2006 2270 2249 2335; x_wconf 89' lang='lat' dir='ltr'><strong>ultimus,</strong></span> <span class='ocrx_word' id='word_1_373' title='bbox 2281 2270 2393 2323; x_wconf 61' lang='lat' dir='ltr'><strong>base</strong></span> <span class='ocrx_word' id='word_1_374' title='bbox 2445 2270 2746 2339; x_wconf 85' lang='lat' dir='ltr'><strong>respondeo</strong></span> <span class='ocrx_word' id='word_1_375' title='bbox 2821 2285 2925 2323; x_wconf 92' lang='lat' dir='ltr'><strong>non</strong></span> <span class='ocrx_word' id='word_1_376' title='bbox 2975 2269 3304 2326; x_wconf 87' lang='lat' dir='ltr'><strong>erubescens</strong></span> <span class='ocrx_word' id='word_1_377' title='bbox 3359 2282 3577 2342; x_wconf 89' lang='lat' dir='ltr'><strong>propter</strong></span> 
     </span>
    </p>
   </div>
   <div class='ocr_carea' id='block_1_51' title="bbox 2003 2362 3573 2434">
    <p class='ocr_par' dir='ltr' id='par_1_51' title="bbox 2003 2362 3573 2434">
     <span class='ocr_line' id='line_1_51' title="bbox 2003 2362 3573 2434; baseline 0.003 -18"><span class='ocrx_word' id='word_1_378' title='bbox 2003 2362 2367 2431; x_wconf 83' lang='lat' dir='ltr'><strong>insipientiam</strong></span> <span class='ocrx_word' id='word_1_379' title='bbox 2401 2373 2632 2416; x_wconf 83' lang='lat' dir='ltr'><strong>vestram</strong></span> <span class='ocrx_word' id='word_1_380' title='bbox 2659 2378 2763 2431; x_wconf 90' lang='lat' dir='ltr'><strong>qua</strong></span> <span class='ocrx_word' id='word_1_381' title='bbox 2808 2363 3092 2432; x_wconf 89' lang='lat' dir='ltr'><strong>impudens</strong></span> <span class='ocrx_word' id='word_1_382' title='bbox 3114 2371 3170 2417; x_wconf 89' lang='lat' dir='ltr'><strong>et</strong></span> <span class='ocrx_word' id='word_1_383' title='bbox 3193 2364 3416 2419; x_wconf 90' lang='lat' dir='ltr'><strong>omnino</strong></span> <span class='ocrx_word' id='word_1_384' title='bbox 3446 2380 3573 2434; x_wconf 87' lang='lat' dir='ltr'><strong>pro-</strong></span> 
     </span>
    </p>
   </div>
   <div class='ocr_carea' id='block_1_52' title="bbox 2003 2453 3571 2525">
    <p class='ocr_par' dir='ltr' id='par_1_52' title="bbox 2003 2453 3571 2525">
     <span class='ocr_line' id='line_1_52' title="bbox 2003 2453 3571 2525; baseline 0.003 -19"><span class='ocrx_word' id='word_1_385' title='bbox 2003 2453 2184 2506; x_wconf 82' lang='lat' dir='ltr'><strong>fanum</strong></span> <span class='ocrx_word' id='word_1_386' title='bbox 2239 2468 2299 2508; x_wconf 92' lang='lat' dir='ltr'><strong>os</strong></span> <span class='ocrx_word' id='word_1_387' title='bbox 2373 2462 2611 2507; x_wconf 92' lang='lat' dir='ltr'><strong>vestrum</strong></span> <span class='ocrx_word' id='word_1_388' title='bbox 2666 2469 2850 2509; x_wconf 89' lang='lat' dir='ltr'><strong>contra</strong></span> <span class='ocrx_word' id='word_1_389' title='bbox 2903 2469 3003 2510; x_wconf 92' lang='lat' dir='ltr'><strong>nos</strong></span> <span class='ocrx_word' id='word_1_390' title='bbox 3071 2456 3280 2510; x_wconf 89' lang='lat' dir='ltr'><strong>audetis</strong></span> <span class='ocrx_word' id='word_1_391' title='bbox 3338 2459 3571 2525; x_wconf 85' lang='lat' dir='ltr'><strong>aperire,</strong></span> 
     </span>
    </p>
   </div>
   <div class='ocr_carea' id='block_1_53' title="bbox 2001 2545 3569 2612">
    <p class='ocr_par' dir='ltr' id='par_1_53' title="bbox 2001 2545 3569 2612">
     <span class='ocr_line' id='line_1_53' title="bbox 2001 2545 3569 2612; baseline -0.001 -13"><span class='ocrx_word' id='word_1_392' title='bbox 2001 2554 2300 2600; x_wconf 86' lang='lat' dir='ltr'><strong>asserentes</strong></span> <span class='ocrx_word' id='word_1_393' title='bbox 2332 2545 2674 2600; x_wconf 87' lang='lat' dir='ltr'><strong>Christianos</strong></span> <span class='ocrx_word' id='word_1_394' title='bbox 2709 2557 2819 2599; x_wconf 90' lang='lat' dir='ltr'><strong>tres</strong></span> <span class='ocrx_word' id='word_1_395' title='bbox 2864 2545 3006 2599; x_wconf 78' lang='lat' dir='ltr'><strong>Deos</strong></span> <span class='ocrx_word' id='word_1_396' title='bbox 3059 2545 3275 2612; x_wconf 89' lang='lat' dir='ltr'><strong>colere;</strong></span> <span class='ocrx_word' id='word_1_397' title='bbox 3314 2547 3569 2600; x_wconf 86' lang='lat' dir='ltr'><strong>nimirum</strong></span> 
     </span>
    </p>
   </div>
   <div class='ocr_carea' id='block_1_54' title="bbox 2000 2634 3568 2705">
    <p class='ocr_par' dir='ltr' id='par_1_54' title="bbox 2000 2634 3568 2705">
     <span class='ocr_line' id='line_1_54' title="bbox 2000 2634 3568 2705; baseline 0.002 -18"><span class='ocrx_word' id='word_1_398' title='bbox 2000 2634 2239 2700; x_wconf 86' lang='lat' dir='ltr'><strong>Patrem,</strong></span> <span class='ocrx_word' id='word_1_399' title='bbox 2265 2636 2458 2691; x_wconf 85' lang='lat' dir='ltr'><strong>Filium</strong></span> <span class='ocrx_word' id='word_1_400' title='bbox 2476 2647 2530 2689; x_wconf 92' lang='lat' dir='ltr'><strong>et</strong></span> <span class='ocrx_word' id='word_1_401' title='bbox 2549 2637 2808 2705; x_wconf 90' lang='lat' dir='ltr'><strong>Spiritum</strong></span> <span class='ocrx_word' id='word_1_402' title='bbox 2833 2635 3271 2690; x_wconf 84' lang='lat' dir='ltr'><strong>sanctiim.Nunc</strong></span> <span class='ocrx_word' id='word_1_403' title='bbox 3295 2637 3348 2690; x_wconf 93' lang='lat' dir='ltr'><strong>in</strong></span> <span class='ocrx_word' id='word_1_404' title='bbox 3377 2637 3568 2692; x_wconf 74' lang='lat' dir='ltr'><strong>facien-</strong></span> 
     </span>
    </p>
   </div>
   <div class='ocr_carea' id='block_1_55' title="bbox 1998 2726 3572 2795">
    <p class='ocr_par' dir='ltr' id='par_1_55' title="bbox 1998 2726 3572 2795">
     <span class='ocr_line' id='line_1_55' title="bbox 1998 2726 3572 2795; baseline 0.001 -15"><span class='ocrx_word' id='word_1_405' title='bbox 1998 2726 2206 2794; x_wconf 85' lang='lat' dir='ltr'><strong>singnla</strong></span> <span class='ocrx_word' id='word_1_406' title='bbox 2233 2736 2404 2780; x_wconf 86' lang='lat' dir='ltr'><strong>vestra</strong></span> <span class='ocrx_word' id='word_1_407' title='bbox 2426 2740 2654 2780; x_wconf 88' lang='lat' dir='ltr'><strong>erronea</strong></span> <span class='ocrx_word' id='word_1_408' title='bbox 2677 2726 2819 2780; x_wconf 90' lang='lat' dir='ltr'><strong>dicta</strong></span> <span class='ocrx_word' id='word_1_409' title='bbox 2842 2741 3008 2795; x_wconf 82' lang='lat' dir='ltr'><strong>arguo</strong></span> <span class='ocrx_word' id='word_1_410' title='bbox 3035 2736 3090 2780; x_wconf 90' lang='lat' dir='ltr'><strong>et</strong></span> <span class='ocrx_word' id='word_1_411' title='bbox 3115 2727 3356 2781; x_wconf 80' lang='lat' dir='ltr'><strong>confuto.</strong></span> <span class='ocrx_word' id='word_1_412' title='bbox 3383 2727 3572 2782; x_wconf 84' lang='lat' dir='ltr'><strong>Dicitis</strong></span> 
     </span>
    </p>
   </div>
   <div class='ocr_carea' id='block_1_56' title="bbox 1999 2816 3574 2887">
    <p class='ocr_par' dir='ltr' id='par_1_56' title="bbox 1999 2816 3574 2887">
     <span class='ocr_line' id='line_1_56' title="bbox 1999 2816 3574 2887; baseline 0.003 -19"><span class='ocrx_word' id='word_1_413' title='bbox 1999 2817 2198 2886; x_wconf 86' lang='lat' dir='ltr'><strong>quippe</strong></span> <span class='ocrx_word' id='word_1_414' title='bbox 2259 2816 2608 2886; x_wconf 81' lang='lat' dir='ltr'><strong>Evangelium</strong></span> <span class='ocrx_word' id='word_1_415' title='bbox 2660 2832 2690 2870; x_wconf 91' lang='lat' dir='ltr'><strong>a</strong></span> <span class='ocrx_word' id='word_1_416' title='bbox 2750 2816 2860 2871; x_wconf 89' lang='lat' dir='ltr'><strong>Deo</strong></span> <span class='ocrx_word' id='word_1_417' title='bbox 2889 2831 2952 2871; x_wconf 79' lang='lat' dir='ltr'><strong>ex</strong></span> <span class='ocrx_word' id='word_1_418' title='bbox 2983 2816 3123 2871; x_wconf 69' lang='lat' dir='ltr'><strong>cmlo</strong></span> <span class='ocrx_word' id='word_1_419' title='bbox 3175 2818 3474 2887; x_wconf 83' lang='lat' dir='ltr'><strong>delapsum,</strong></span> <span class='ocrx_word' id='word_1_420' title='bbox 3517 2829 3574 2873; x_wconf 88' lang='lat' dir='ltr'><strong>et</strong></span> 
     </span>
    </p>
   </div>
   <div class='ocr_carea' id='block_1_57' title="bbox 1999 2907 3572 2976">
    <p class='ocr_par' dir='ltr' id='par_1_57' title="bbox 1999 2907 3572 2976">
     <span class='ocr_line' id='line_1_57' title="bbox 1999 2907 3572 2976; baseline 0.003 -16"><span class='ocrx_word' id='word_1_421' title='bbox 1999 2923 2064 2960; x_wconf 78' lang='lat' dir='ltr'><strong>ex</strong></span> <span class='ocrx_word' id='word_1_422' title='bbox 2091 2907 2182 2962; x_wconf 91' lang='lat' dir='ltr'><strong>illo</strong></span> <span class='ocrx_word' id='word_1_423' title='bbox 2233 2907 2700 2963; x_wconf 87' lang='lat' dir='ltr'><strong>contradictiones</strong></span> <span class='ocrx_word' id='word_1_424' title='bbox 2765 2908 3327 2976; x_wconf 89' lang='lat' dir='ltr'><strong>nectitis,judicantes</strong></span> <span class='ocrx_word' id='word_1_425' title='bbox 3357 2920 3410 2964; x_wconf 93' lang='lat' dir='ltr'><strong>et</strong></span> <span class='ocrx_word' id='word_1_426' title='bbox 3439 2925 3572 2964; x_wconf 91' lang='lat' dir='ltr'><strong>con-</strong></span> 
     </span>
    </p>
   </div>
   <div class='ocr_carea' id='block_1_58' title="bbox 1997 2996 3572 3065">
    <p class='ocr_par' dir='ltr' id='par_1_58' title="bbox 1997 2996 3572 3065">
     <span class='ocr_line' id='line_1_58' title="bbox 1997 2996 3572 3065; baseline 0.004 -17"><span class='ocrx_word' id='word_1_427' title='bbox 1997 2996 2341 3062; x_wconf 83' lang='lat' dir='ltr'><strong>demnantes,</strong></span> <span class='ocrx_word' id='word_1_428' title='bbox 2380 2997 2518 3052; x_wconf 87' lang='lat' dir='ltr'><strong>falso</strong></span> <span class='ocrx_word' id='word_1_429' title='bbox 2547 3014 2643 3052; x_wconf 84' lang='lat' dir='ltr'><strong>nos</strong></span> <span class='ocrx_word' id='word_1_430' title='bbox 2675 2997 3051 3065; x_wconf 86' lang='lat' dir='ltr'><strong>Christianos;</strong></span> <span class='ocrx_word' id='word_1_431' title='bbox 3077 3001 3168 3054; x_wconf 90' lang='lat' dir='ltr'><strong>sed</strong></span> <span class='ocrx_word' id='word_1_432' title='bbox 3203 3015 3326 3054; x_wconf 91' lang='lat' dir='ltr'><strong>cum</strong></span> <span class='ocrx_word' id='word_1_433' title='bbox 3369 3000 3479 3056; x_wconf 92' lang='lat' dir='ltr'><strong>Deo</strong></span> <span class='ocrx_word' id='word_1_434' title='bbox 3515 3010 3572 3057; x_wconf 88' lang='lat' dir='ltr'><strong>et</strong></span> 
     </span>
    </p>
   </div>
   <div class='ocr_carea' id='block_1_59' title="bbox 1999 3087 3568 3158">
    <p class='ocr_par' dir='ltr' id='par_1_59' title="bbox 1999 3087 3568 3158">
     <span class='ocr_line' id='line_1_59' title="bbox 1999 3087 3568 3158; baseline 0.003 -16"><span class='ocrx_word' id='word_1_435' title='bbox 1999 3087 2097 3142; x_wconf 82' lang='lat' dir='ltr'><strong>fret</strong></span> <span class='ocrx_word' id='word_1_436' title='bbox 2112 3105 2172 3143; x_wconf 90' lang='lat' dir='ltr'><strong>us</strong></span> <span class='ocrx_word' id='word_1_437' title='bbox 2196 3089 2340 3143; x_wconf 89' lang='lat' dir='ltr'><strong>illius</strong></span> <span class='ocrx_word' id='word_1_438' title='bbox 2365 3090 2560 3158; x_wconf 83' lang='lat' dir='ltr'><strong>gratia,</strong></span> <span class='ocrx_word' id='word_1_439' title='bbox 2589 3091 2770 3144; x_wconf 86' lang='lat' dir='ltr'><strong>omnia</strong></span> <span class='ocrx_word' id='word_1_440' title='bbox 2794 3105 2935 3144; x_wconf 91' lang='lat' dir='ltr'><strong>nunc</strong></span> <span class='ocrx_word' id='word_1_441' title='bbox 2957 3105 3221 3158; x_wconf 77' lang='lat' dir='ltr'><strong>exponam</strong></span> <span class='ocrx_word' id='word_1_442' title='bbox 3253 3102 3439 3146; x_wconf 90' lang='lat' dir='ltr'><strong>contra</strong></span> <span class='ocrx_word' id='word_1_443' title='bbox 3471 3107 3568 3148; x_wconf 88' lang='lat' dir='ltr'><strong>eos</strong></span> 
     </span>
    </p>
   </div>
   <div class='ocr_carea' id='block_1_60' title="bbox 1997 3181 3565 3251">
    <p class='ocr_par' dir='ltr' id='par_1_60' title="bbox 1997 3181 3565 3251">
     <span class='ocr_line' id='line_1_60' title="bbox 1997 3181 3565 3251; baseline 0.003 -17"><span class='ocrx_word' id='word_1_444' title='bbox 1997 3181 2090 3250; x_wconf 86' lang='lat' dir='ltr'><strong>qui</strong></span> <span class='ocrx_word' id='word_1_445' title='bbox 2143 3181 2301 3251; x_wconf 86' lang='lat' dir='ltr'><strong>vulgo</strong></span> <span class='ocrx_word' id='word_1_446' title='bbox 2366 3182 2492 3235; x_wconf 89' lang='lat' dir='ltr'><strong>talia</strong></span> <span class='ocrx_word' id='word_1_447' title='bbox 2573 3182 2784 3250; x_wconf 83' lang='lat' dir='ltr'><strong>jactare</strong></span> <span class='ocrx_word' id='word_1_448' title='bbox 2843 3190 2900 3235; x_wconf 89' lang='lat' dir='ltr'><strong>et</strong></span> <span class='ocrx_word' id='word_1_449' title='bbox 2953 3183 3313 3238; x_wconf 87' lang='lat' dir='ltr'><strong>disseniinare</strong></span> <span class='ocrx_word' id='word_1_450' title='bbox 3364 3185 3565 3251; x_wconf 81' lang='lat' dir='ltr'><strong>solent,</strong></span> 
     </span>
    </p>
   </div>
   <div class='ocr_carea' id='block_1_61' title="bbox 1996 3271 3567 3342">
    <p class='ocr_par' dir='ltr' id='par_1_61' title="bbox 1996 3271 3567 3342">
     <span class='ocr_line' id='line_1_61' title="bbox 1996 3271 3567 3342; baseline 0.003 -18"><span class='ocrx_word' id='word_1_451' title='bbox 1996 3271 2148 3342; x_wconf 88' lang='lat' dir='ltr'><strong>quasi</strong></span> <span class='ocrx_word' id='word_1_452' title='bbox 2186 3288 2282 3326; x_wconf 90' lang='lat' dir='ltr'><strong>nos</strong></span> <span class='ocrx_word' id='word_1_453' title='bbox 2300 3272 2599 3341; x_wconf 79' lang='lat' dir='ltr'><strong>blaSphemi</strong></span> <span class='ocrx_word' id='word_1_454' title='bbox 2645 3281 2754 3328; x_wconf 85' lang='lat' dir='ltr'><strong>tres</strong></span> <span class='ocrx_word' id='word_1_455' title='bbox 2789 3275 2922 3327; x_wconf 83' lang='lat' dir='ltr'><strong>Deos</strong></span> <span class='ocrx_word' id='word_1_456' title='bbox 2950 3274 3271 3339; x_wconf 86' lang='lat' dir='ltr'><strong>coleremus,</strong></span> <span class='ocrx_word' id='word_1_457' title='bbox 3295 3285 3346 3328; x_wconf 90' lang='lat' dir='ltr'><strong>et</strong></span> <span class='ocrx_word' id='word_1_458' title='bbox 3372 3277 3567 3331; x_wconf 86' lang='lat' dir='ltr'><strong>similia</strong></span> 
     </span>
    </p>
   </div>
   <div class='ocr_carea' id='block_1_62' title="bbox 1995 3365 3568 3437">
    <p class='ocr_par' dir='ltr' id='par_1_62' title="bbox 1995 3365 3568 3437">
     <span class='ocr_line' id='line_1_62' title="bbox 1995 3365 3568 3437; baseline 0.004 -20"><span class='ocrx_word' id='word_1_459' title='bbox 1995 3380 2114 3434; x_wconf 66' lang='lat' dir='ltr'><strong>qnw</strong></span> <span class='ocrx_word' id='word_1_460' title='bbox 2141 3366 2184 3418; x_wconf 93' lang='lat' dir='ltr'><strong>si</strong></span> <span class='ocrx_word' id='word_1_461' title='bbox 2223 3365 2422 3433; x_wconf 83' lang='lat' dir='ltr'><strong>aliquis</strong></span> <span class='ocrx_word' id='word_1_462' title='bbox 2486 3366 2676 3420; x_wconf 91' lang='lat' dir='ltr'><strong>credat</strong></span> <span class='ocrx_word' id='word_1_463' title='bbox 2720 3381 2830 3419; x_wconf 91' lang='lat' dir='ltr'><strong>non</strong></span> <span class='ocrx_word' id='word_1_464' title='bbox 2877 3367 3235 3420; x_wconf 91' lang='lat' dir='ltr'><strong>remittentur</strong></span> <span class='ocrx_word' id='word_1_465' title='bbox 3263 3367 3408 3421; x_wconf 90' lang='lat' dir='ltr'><strong>illius</strong></span> <span class='ocrx_word' id='word_1_466' title='bbox 3442 3383 3568 3437; x_wconf 84' lang='lat' dir='ltr'><strong>pec—</strong></span> 
     </span>
    </p>
   </div>
   <div class='ocr_carea' id='block_1_63' title="bbox 310 3443 1895 3527">
    <p class='ocr_par' dir='ltr' id='par_1_63' title="bbox 310 3452 1884 3527">
     <span class='ocr_line' id='line_1_63' title="bbox 310 3452 1884 3527; baseline 0.001 -20"><span class='ocrx_word' id='word_1_467' title='bbox 310 3452 440 3508; x_wconf 71' lang='grc' dir='ltr'>οῦτε</span> <span class='ocrx_word' id='word_1_468' title='bbox 480 3455 538 3506; x_wconf 88' lang='grc' dir='ltr'><strong>ἐν</strong></span> <span class='ocrx_word' id='word_1_469' title='bbox 566 3453 646 3524; x_wconf 85' lang='grc' dir='ltr'>τῷ</span> <span class='ocrx_word' id='word_1_470' title='bbox 677 3454 793 3519; x_wconf 88' lang='grc' dir='ltr'>νῦν,</span> <span class='ocrx_word' id='word_1_471' title='bbox 825 3453 949 3508; x_wconf 78' lang='grc' dir='ltr'>οὔτε</span> <span class='ocrx_word' id='word_1_472' title='bbox 981 3457 1038 3506; x_wconf 85' lang='grc' dir='ltr'><strong>ἐν</strong></span> <span class='ocrx_word' id='word_1_473' title='bbox 1067 3455 1144 3524; x_wconf 84' lang='grc' dir='ltr'>τῷ</span> <span class='ocrx_word' id='word_1_474' title='bbox 1189 3455 1438 3524; x_wconf 82' lang='grc' dir='ltr'>μέλλοντι</span> <span class='ocrx_word' id='word_1_475' title='bbox 1473 3456 1676 3527; x_wconf 84' lang='grc' dir='ltr'>καιρῷ.</span> <span class='ocrx_word' id='word_1_476' title='bbox 1712 3457 1884 3525; x_wconf 83' lang='grc' dir='ltr'>Κάγώ</span> 
     </span>
    </p>
   </div>
   <div class='ocr_carea' id='block_1_64' title="bbox 1999 3443 3568 3527">
    <p class='ocr_par' dir='ltr' id='par_1_64' title="bbox 1999 3453 3568 3526">
     <span class='ocr_line' id='line_1_64' title="bbox 1999 3453 3568 3526; baseline 0.003 -19"><span class='ocrx_word' id='word_1_477' title='bbox 1999 3465 2118 3507; x_wconf 84' lang='lat' dir='ltr'><strong>(‘ata</strong></span> <span class='ocrx_word' id='word_1_478' title='bbox 2173 3469 2272 3508; x_wconf 87' lang='lat' dir='ltr'><strong>nec</strong></span> <span class='ocrx_word' id='word_1_479' title='bbox 2309 3455 2359 3508; x_wconf 93' lang='lat' dir='ltr'><strong>in</strong></span> <span class='ocrx_word' id='word_1_480' title='bbox 2408 3455 2656 3523; x_wconf 80' lang='lat' dir='ltr'><strong>praesenti</strong></span> <span class='ocrx_word' id='word_1_481' title='bbox 2699 3469 2800 3508; x_wconf 89' lang='lat' dir='ltr'><strong>nec</strong></span> <span class='ocrx_word' id='word_1_482' title='bbox 2837 3454 2889 3506; x_wconf 94' lang='lat' dir='ltr'><strong>in</strong></span> <span class='ocrx_word' id='word_1_483' title='bbox 2949 3453 3131 3508; x_wconf 79' lang='lat' dir='ltr'><strong>futuro</strong></span> <span class='ocrx_word' id='word_1_484' title='bbox 3182 3455 3398 3512; x_wconf 59' lang='lat' dir='ltr'><strong>saculo.</strong></span> <span class='ocrx_word' id='word_1_485' title='bbox 3456 3457 3568 3526; x_wconf 88' lang='lat' dir='ltr'><strong>Ego</strong></span> 
     </span>
    </p>
   </div>
   <div class='ocr_carea' id='block_1_65' title="bbox 311 3545 1895 3617">
    <p class='ocr_par' dir='ltr' id='par_1_65' title="bbox 311 3545 1895 3617">
     <span class='ocr_line' id='line_1_65' title="bbox 311 3545 1895 3617; baseline 0.001 -17"><span class='ocrx_word' id='word_1_486' title='bbox 311 3548 347 3600; x_wconf 89' lang='grc' dir='ltr'><strong>ὁ</strong></span> <span class='ocrx_word' id='word_1_487' title='bbox 392 3546 673 3617; x_wconf 82' lang='grc' dir='ltr'>Ἐδεσηνὸς</span> <span class='ocrx_word' id='word_1_488' title='bbox 719 3545 864 3613; x_wconf 86' lang='grc' dir='ltr'>λέγω</span> <span class='ocrx_word' id='word_1_489' title='bbox 913 3547 1073 3615; x_wconf 86' lang='grc' dir='ltr'>ὑμῖν·</span> <span class='ocrx_word' id='word_1_490' title='bbox 1112 3545 1172 3599; x_wconf 76' lang='grc' dir='ltr'>Ὀ</span> <span class='ocrx_word' id='word_1_491' title='bbox 1233 3548 1310 3617; x_wconf 80' lang='grc' dir='ltr'>μὴ</span> <span class='ocrx_word' id='word_1_492' title='bbox 1346 3550 1636 3616; x_wconf 83' lang='grc' dir='ltr'>γινώσκων</span> <span class='ocrx_word' id='word_1_493' title='bbox 1679 3549 1895 3616; x_wconf 76' lang='grc' dir='ltr'>λογικὸν</span> 
     </span>
    </p>
   </div>
   <div class='ocr_carea' id='block_1_66' title="bbox 311 3631 1895 3710">
    <p class='ocr_par' dir='ltr' id='par_1_66' title="bbox 311 3631 1895 3710">
     <span class='ocr_line' id='line_1_66' title="bbox 311 3631 1895 3710; baseline 0.001 -20"><span class='ocrx_word' id='word_1_494' title='bbox 311 3637 447 3690; x_wconf 78' lang='grc' dir='ltr'>Υἱὸν</span> <span class='ocrx_word' id='word_1_495' title='bbox 506 3638 601 3690; x_wconf 77' lang='grc' dir='ltr'><strong>καὶ</strong></span> <span class='ocrx_word' id='word_1_496' title='bbox 651 3638 917 3690; x_wconf 77' lang='grc' dir='ltr'>ἀθάνατον</span> <span class='ocrx_word' id='word_1_497' title='bbox 974 3638 1128 3698; x_wconf 87' lang='grc' dir='ltr'>Θεὸν,</span> <span class='ocrx_word' id='word_1_498' title='bbox 1185 3631 1342 3701; x_wconf 74' lang='grc' dir='ltr'>οὗτος</span> <span class='ocrx_word' id='word_1_499' title='bbox 1381 3638 1570 3710; x_wconf 81' lang='grc' dir='ltr'>ἔνοχός</span> <span class='ocrx_word' id='word_1_500' title='bbox 1623 3641 1772 3692; x_wconf 87' lang='grc' dir='ltr'>ἐστιν</span> <span class='ocrx_word' id='word_1_501' title='bbox 1815 3642 1895 3702; x_wconf 85' lang='grc' dir='ltr'>εἰς</span> 
     </span>
    </p>
   </div>
   <div class='ocr_carea' id='block_1_67' title="bbox 311 3729 1894 3801">
    <p class='ocr_par' dir='ltr' id='par_1_67' title="bbox 311 3729 1894 3801">
     <span class='ocr_line' id='line_1_67' title="bbox 311 3729 1894 3801; baseline -0.001 -17"><span class='ocrx_word' id='word_1_502' title='bbox 311 3731 418 3801; x_wconf 83' lang='grc' dir='ltr'>τὴν</span> <span class='ocrx_word' id='word_1_503' title='bbox 443 3731 669 3798; x_wconf 86' lang='grc' dir='ltr'>γέενναν</span> <span class='ocrx_word' id='word_1_504' title='bbox 696 3729 790 3783; x_wconf 84' lang='grc' dir='ltr'><strong>τοῦ</strong></span> <span class='ocrx_word' id='word_1_505' title='bbox 819 3730 1010 3801; x_wconf 83' lang='grc' dir='ltr'>πυρός.</span> <span class='ocrx_word' id='word_1_506' title='bbox 1039 3729 1184 3782; x_wconf 83' lang='grc' dir='ltr'>Διότι</span> <span class='ocrx_word' id='word_1_507' title='bbox 1203 3731 1336 3786; x_wconf 85' lang='grc' dir='ltr'>Θεὸν</span> <span class='ocrx_word' id='word_1_508' title='bbox 1356 3731 1610 3785; x_wconf 77' lang='grc' dir='ltr'>ἐλεοῦντα</span> <span class='ocrx_word' id='word_1_509' title='bbox 1633 3733 1725 3785; x_wconf 71' lang='grc' dir='ltr'><strong>καὶ</strong></span> <span class='ocrx_word' id='word_1_510' title='bbox 1744 3731 1894 3800; x_wconf 80' lang='grc' dir='ltr'>ἐλεή·</span> 
     </span>
    </p>
   </div>
   <div class='ocr_carea' id='block_1_68' title="bbox 315 3817 1892 3895">
    <p class='ocr_par' dir='ltr' id='par_1_68' title="bbox 315 3817 1892 3895">
     <span class='ocr_line' id='line_1_68' title="bbox 315 3817 1892 3895; baseline 0 -19"><span class='ocrx_word' id='word_1_511' title='bbox 315 3840 460 3895; x_wconf 81' lang='grc' dir='ltr'>μονα</span> <span class='ocrx_word' id='word_1_512' title='bbox 495 3823 802 3893; x_wconf 79' lang='grc' dir='ltr'>ὀνομάζεις.</span> <span class='ocrx_word' id='word_1_513' title='bbox 851 3824 963 3876; x_wconf 74' lang='grc' dir='ltr'><strong>Καὶ</strong></span> <span class='ocrx_word' id='word_1_514' title='bbox 1010 3817 1165 3886; x_wconf 72' lang='grc' dir='ltr'>οὗτός</span> <span class='ocrx_word' id='word_1_515' title='bbox 1217 3827 1334 3876; x_wconf 89' lang='grc' dir='ltr'>ἐστι</span> <span class='ocrx_word' id='word_1_516' title='bbox 1382 3825 1704 3894; x_wconf 82' lang='grc' dir='ltr'>προφανῶς,</span> <span class='ocrx_word' id='word_1_517' title='bbox 1740 3826 1797 3876; x_wconf 88' lang='grc' dir='ltr'>ὂν</span> <span class='ocrx_word' id='word_1_518' title='bbox 1845 3826 1892 3876; x_wconf 91' lang='grc' dir='ltr'>οἰ</span> 
     </span>
    </p>
   </div>
   <div class='ocr_carea' id='block_1_69' title="bbox 323 3914 1889 3988">
    <p class='ocr_par' dir='ltr' id='par_1_69' title="bbox 323 3914 1889 3988">
     <span class='ocr_line' id='line_1_69' title="bbox 323 3914 1889 3988; baseline 0.001 -21"><span class='ocrx_word' id='word_1_519' title='bbox 323 3915 958 3988; x_wconf 76' lang='grc' dir='ltr'>Ἀῥράὅοιδογματὶζετε</span> <span class='ocrx_word' id='word_1_520' title='bbox 1003 3918 1063 3968; x_wconf 84' lang='grc' dir='ltr'><strong>τὸ</strong></span> <span class='ocrx_word' id='word_1_521' title='bbox 1117 3914 1424 3984; x_wconf 79' lang='grc' dir='ltr'>Ἑωσφόρον</span> <span class='ocrx_word' id='word_1_522' title='bbox 1446 3916 1663 3986; x_wconf 78' lang='grc' dir='ltr'>ἄστρον,</span> <span class='ocrx_word' id='word_1_523' title='bbox 1718 3916 1889 3981; x_wconf 75' lang='grc' dir='ltr'>Ζέῦω,</span> 
     </span>
    </p>
   </div>
   <div class='ocr_carea' id='block_1_70' title="bbox 325 4005 1892 4078">
    <p class='ocr_par' dir='ltr' id='par_1_70' title="bbox 325 4005 1892 4078">
     <span class='ocr_line' id='line_1_70' title="bbox 325 4005 1892 4078; baseline 0.001 -20"><span class='ocrx_word' id='word_1_524' title='bbox 325 4005 641 4076; x_wconf 78' lang='grc' dir='ltr'>Ἀφροδίτη,</span> <span class='ocrx_word' id='word_1_525' title='bbox 679 4007 906 4077; x_wconf 87' lang='grc' dir='ltr'>Κρόνος,</span> <span class='ocrx_word' id='word_1_526' title='bbox 941 4006 1034 4058; x_wconf 74' lang='grc' dir='ltr'><strong>καὶ</strong></span> <span class='ocrx_word' id='word_1_527' title='bbox 1064 4007 1267 4078; x_wconf 82' lang='grc' dir='ltr'>Χαμὰρ</span> <span class='ocrx_word' id='word_1_528' title='bbox 1303 4007 1514 4074; x_wconf 90' lang='grc' dir='ltr'>λέγετε.</span> <span class='ocrx_word' id='word_1_529' title='bbox 1550 4007 1756 4070; x_wconf 78' lang='grc' dir='ltr'>Αὐτοὺς</span> <span class='ocrx_word' id='word_1_530' title='bbox 1790 4024 1892 4060; x_wconf 85' lang='grc' dir='ltr'>κα-</span> 
     </span>
    </p>
   </div>
   <div class='ocr_carea' id='block_1_71' title="bbox 310 4095 1888 4166">
    <p class='ocr_par' dir='ltr' id='par_1_71' title="bbox 310 4095 1888 4166">
     <span class='ocr_line' id='line_1_71' title="bbox 310 4095 1888 4166; baseline -0.001 -17"><span class='ocrx_word' id='word_1_531' title='bbox 310 4097 462 4150; x_wconf 77' lang='grc' dir='ltr'>λεῖτε</span> <span class='ocrx_word' id='word_1_532' title='bbox 502 4096 687 4161; x_wconf 87' lang='grc' dir='ltr'>θεούς;</span> <span class='ocrx_word' id='word_1_533' title='bbox 713 4096 922 4164; x_wconf 80' lang='grc' dir='ltr'>ἐλέγχω</span> <span class='ocrx_word' id='word_1_534' title='bbox 944 4097 1052 4166; x_wconf 69' lang='grc' dir='ltr'><strong>γὰρ</strong></span> <span class='ocrx_word' id='word_1_535' title='bbox 1082 4097 1226 4162; x_wconf 82' lang='grc' dir='ltr'>ὑμᾶς</span> <span class='ocrx_word' id='word_1_536' title='bbox 1249 4099 1313 4148; x_wconf 85' lang='grc' dir='ltr'><strong>ἐκ</strong></span> <span class='ocrx_word' id='word_1_537' title='bbox 1342 4098 1441 4164; x_wconf 81' lang='grc' dir='ltr'><strong>τῆς</strong></span> <span class='ocrx_word' id='word_1_538' title='bbox 1468 4097 1686 4166; x_wconf 81' lang='grc' dir='ltr'>γραφῆς</span> <span class='ocrx_word' id='word_1_539' title='bbox 1715 4095 1888 4165; x_wconf 83' lang='grc' dir='ltr'>ὑμῶν.</span> 
     </span>
    </p>
   </div>
   <div class='ocr_carea' id='block_1_72' title="bbox 312 4183 1892 4257">
    <p class='ocr_par' dir='ltr' id='par_1_72' title="bbox 312 4183 1892 4257">
     <span class='ocr_line' id='line_1_72' title="bbox 312 4183 1892 4257; baseline -0.002 -16"><span class='ocrx_word' id='word_1_540' title='bbox 312 4183 480 4241; x_wconf 75' lang='grc' dir='ltr'>Οὗτοι</span> <span class='ocrx_word' id='word_1_541' title='bbox 509 4189 558 4240; x_wconf 81' lang='grc' dir='ltr'><strong>οἱ</strong></span> <span class='ocrx_word' id='word_1_542' title='bbox 598 4189 710 4240; x_wconf 67' lang='grc' dir='ltr'>θεοὶ</span> <span class='ocrx_word' id='word_1_543' title='bbox 741 4187 894 4257; x_wconf 85' lang='grc' dir='ltr'>ὑμῶν</span> <span class='ocrx_word' id='word_1_544' title='bbox 934 4188 1144 4240; x_wconf 77' lang='grc' dir='ltr'>κτιστοί</span> <span class='ocrx_word' id='word_1_545' title='bbox 1173 4190 1332 4252; x_wconf 76' lang='grc' dir='ltr'>εἰσιν,</span> <span class='ocrx_word' id='word_1_546' title='bbox 1385 4187 1480 4241; x_wconf 69' lang='grc' dir='ltr'>καὶ</span> <span class='ocrx_word' id='word_1_547' title='bbox 1504 4187 1708 4255; x_wconf 83' lang='grc' dir='ltr'>κτίσμα</span> <span class='ocrx_word' id='word_1_548' title='bbox 1735 4188 1892 4257; x_wconf 82' lang='grc' dir='ltr'>ἔχου-</span> 
     </span>
    </p>
   </div>
   <div class='ocr_carea' id='block_1_73' title="bbox 314 4273 1892 4348">
    <p class='ocr_par' dir='ltr' id='par_1_73' title="bbox 314 4273 1892 4348">
     <span class='ocr_line' id='line_1_73' title="bbox 314 4273 1892 4348; baseline -0.003 -18"><span class='ocrx_word' id='word_1_549' title='bbox 314 4294 426 4332; x_wconf 87' lang='grc' dir='ltr'>σιν.</span> <span class='ocrx_word' id='word_1_550' title='bbox 462 4278 573 4331; x_wconf 80' lang='grc' dir='ltr'>Καὶ</span> <span class='ocrx_word' id='word_1_551' title='bbox 595 4277 827 4348; x_wconf 82' lang='grc' dir='ltr'>φθαρτοί</span> <span class='ocrx_word' id='word_1_552' title='bbox 856 4278 1016 4339; x_wconf 85' lang='grc' dir='ltr'>εἰσιν,</span> <span class='ocrx_word' id='word_1_553' title='bbox 1047 4275 1182 4346; x_wconf 79' lang='grc' dir='ltr'>ἔργα</span> <span class='ocrx_word' id='word_1_554' title='bbox 1216 4275 1416 4347; x_wconf 85' lang='grc' dir='ltr'>χειρῶν</span> <span class='ocrx_word' id='word_1_555' title='bbox 1451 4275 1774 4346; x_wconf 86' lang='grc' dir='ltr'>ἀνθρώπων,</span> <span class='ocrx_word' id='word_1_556' title='bbox 1799 4273 1892 4326; x_wconf 84' lang='grc' dir='ltr'><strong>καὶ</strong></span> 
     </span>
    </p>
   </div>
   <div class='ocr_carea' id='block_1_74' title="bbox 310 4361 1891 4440">
    <p class='ocr_par' dir='ltr' id='par_1_74' title="bbox 310 4361 1891 4440">
     <span class='ocr_line' id='line_1_74' title="bbox 310 4361 1891 4440; baseline -0.005 -15"><span class='ocrx_word' id='word_1_557' title='bbox 310 4370 658 4425; x_wconf 77' lang='grc' dir='ltr'>εῖδωλα.Καὶ</span> <span class='ocrx_word' id='word_1_558' title='bbox 697 4369 827 4423; x_wconf 73' lang='grc' dir='ltr'>αὐτὸ</span> <span class='ocrx_word' id='word_1_559' title='bbox 861 4369 921 4422; x_wconf 89' lang='grc' dir='ltr'><strong>τὸ</strong></span> <span class='ocrx_word' id='word_1_560' title='bbox 949 4369 1140 4439; x_wconf 81' lang='grc' dir='ltr'>ὄνομα,</span> <span class='ocrx_word' id='word_1_561' title='bbox 1170 4361 1232 4421; x_wconf 72' lang='grc' dir='ltr'>οὗ</span> <span class='ocrx_word' id='word_1_562' title='bbox 1263 4368 1405 4440; x_wconf 83' lang='grc' dir='ltr'>ἁρχὴ</span> <span class='ocrx_word' id='word_1_563' title='bbox 1435 4370 1492 4421; x_wconf 86' lang='grc' dir='ltr'><strong>ἐν</strong></span> <span class='ocrx_word' id='word_1_564' title='bbox 1548 4365 1718 4420; x_wconf 84' lang='grc' dir='ltr'>αὐτοῦ</span> <span class='ocrx_word' id='word_1_565' title='bbox 1750 4367 1891 4418; x_wconf 77' lang='lat' dir='ltr'><strong>Kon-</strong></span> 
     </span>
    </p>
   </div>
   <div class='ocr_carea' id='block_1_75' title="bbox 314 4460 1891 4537">
    <p class='ocr_par' dir='ltr' id='par_1_75' title="bbox 314 4460 1891 4537">
     <span class='ocr_line' id='line_1_75' title="bbox 314 4460 1891 4537; baseline -0.003 -19"><span class='ocrx_word' id='word_1_566' title='bbox 314 4464 506 4537; x_wconf 81' lang='grc' dir='ltr'>ρανίου</span> <span class='ocrx_word' id='word_1_567' title='bbox 543 4480 659 4525; x_wconf 77' lang='grc' dir='ltr'>σου,</span> <span class='ocrx_word' id='word_1_568' title='bbox 689 4463 870 4516; x_wconf 85' lang='grc' dir='ltr'>ὅντινα</span> <span class='ocrx_word' id='word_1_569' title='bbox 905 4460 1163 4516; x_wconf 76' lang='grc' dir='ltr'>ἐλεοῦντα</span> <span class='ocrx_word' id='word_1_570' title='bbox 1193 4463 1286 4516; x_wconf 83' lang='grc' dir='ltr'>καὶ</span> <span class='ocrx_word' id='word_1_571' title='bbox 1333 4461 1603 4532; x_wconf 80' lang='grc' dir='ltr'>ἐλεήμονα</span> <span class='ocrx_word' id='word_1_572' title='bbox 1637 4463 1744 4532; x_wconf 69' lang='grc' dir='ltr'><strong>μένι</strong></span> <span class='ocrx_word' id='word_1_573' title='bbox 1765 4462 1891 4514; x_wconf 83' lang='grc' dir='ltr'>ἀπο·</span> 
     </span>
    </p>
   </div>
   <div class='ocr_carea' id='block_1_76' title="bbox 311 4547 1890 4621">
    <p class='ocr_par' dir='ltr' id='par_1_76' title="bbox 311 4547 1890 4621">
     <span class='ocr_line' id='line_1_76' title="bbox 311 4547 1890 4621; baseline -0.003 -13"><span class='ocrx_word' id='word_1_574' title='bbox 311 4554 554 4620; x_wconf 68' lang='grc' dir='ltr'>καλεῖτε,</span> <span class='ocrx_word' id='word_1_575' title='bbox 590 4547 736 4606; x_wconf 73' lang='grc' dir='ltr'>οὗτοι</span> <span class='ocrx_word' id='word_1_576' title='bbox 792 4555 942 4606; x_wconf 88' lang='grc' dir='ltr'>ἐστιν</span> <span class='ocrx_word' id='word_1_577' title='bbox 991 4553 1085 4616; x_wconf 78' lang='grc' dir='ltr'><strong>οὓς</strong></span> <span class='ocrx_word' id='word_1_578' title='bbox 1130 4553 1344 4606; x_wconf 82' lang='grc' dir='ltr'>καλεῖτε</span> <span class='ocrx_word' id='word_1_579' title='bbox 1386 4553 1474 4606; x_wconf 77' lang='grc' dir='ltr'><strong>διὰ</strong></span> <span class='ocrx_word' id='word_1_580' title='bbox 1522 4552 1620 4621; x_wconf 79' lang='grc' dir='ltr'><strong>τῆς</strong></span> <span class='ocrx_word' id='word_1_581' title='bbox 1645 4550 1890 4621; x_wconf 84' lang='grc' dir='ltr'>γλώττης</span> 
     </span>
    </p>
   </div>
   <div class='ocr_carea' id='block_1_77' title="bbox 313 4643 1890 4717">
    <p class='ocr_par' dir='ltr' id='par_1_77' title="bbox 313 4643 1890 4717">
     <span class='ocr_line' id='line_1_77' title="bbox 313 4643 1890 4717; baseline -0.003 -17"><span class='ocrx_word' id='word_1_582' title='bbox 313 4647 472 4717; x_wconf 81' lang='grc' dir='ltr'>ὑμῶν</span> <span class='ocrx_word' id='word_1_583' title='bbox 510 4645 695 4716; x_wconf 75' lang='grc' dir='ltr'>Ἀλὰχ,</span> <span class='ocrx_word' id='word_1_584' title='bbox 729 4645 934 4715; x_wconf 84' lang='grc' dir='ltr'>Σαμέτ,</span> <span class='ocrx_word' id='word_1_585' title='bbox 969 4645 1212 4716; x_wconf 80' lang='grc' dir='ltr'>Τζαμέτ,</span> <span class='ocrx_word' id='word_1_586' title='bbox 1242 4644 1385 4697; x_wconf 84' lang='grc' dir='ltr'>τοῦτ’</span> <span class='ocrx_word' id='word_1_587' title='bbox 1428 4643 1573 4697; x_wconf 78' lang='grc' dir='ltr'>ἐστιν</span> <span class='ocrx_word' id='word_1_588' title='bbox 1599 4643 1890 4714; x_wconf 82' lang='grc' dir='ltr'>προφανῶς</span> 
     </span>
    </p>
   </div>
   <div class='ocr_carea' id='block_1_78' title="bbox 310 4731 1889 4808">
    <p class='ocr_par' dir='ltr' id='par_1_78' title="bbox 310 4731 1889 4808">
     <span class='ocr_line' id='line_1_78' title="bbox 310 4731 1889 4808; baseline -0.003 -18"><span class='ocrx_word' id='word_1_589' title='bbox 310 4737 637 4808; x_wconf 81' lang='grc' dir='ltr'>ὀλόσφυρος,</span> <span class='ocrx_word' id='word_1_590' title='bbox 675 4736 768 4790; x_wconf 75' lang='grc' dir='ltr'><strong>καὶ</strong></span> <span class='ocrx_word' id='word_1_591' title='bbox 800 4735 1068 4798; x_wconf 82' lang='grc' dir='ltr'>ὁλόσολος,</span> <span class='ocrx_word' id='word_1_592' title='bbox 1091 4731 1202 4799; x_wconf 74' lang='grc' dir='ltr'>οἷος</span> <span class='ocrx_word' id='word_1_593' title='bbox 1235 4737 1539 4805; x_wconf 88' lang='grc' dir='ltr'>κρατεῖται,</span> <span class='ocrx_word' id='word_1_594' title='bbox 1571 4736 1666 4788; x_wconf 76' lang='grc' dir='ltr'><strong>καὶ</strong></span> <span class='ocrx_word' id='word_1_595' title='bbox 1699 4734 1889 4804; x_wconf 84' lang='grc' dir='ltr'>σχῆμα</span> 
     </span>
    </p>
   </div>
   <div class='ocr_carea' id='block_1_79' title="bbox 1996 3544 3570 3615">
    <p class='ocr_par' dir='ltr' id='par_1_79' title="bbox 1996 3544 3570 3615">
     <span class='ocr_line' id='line_1_79' title="bbox 1996 3544 3570 3615; baseline 0.003 -17"><span class='ocrx_word' id='word_1_596' title='bbox 1996 3561 2124 3599; x_wconf 88' lang='lat' dir='ltr'><strong>vero</strong></span> <span class='ocrx_word' id='word_1_597' title='bbox 2159 3547 2461 3600; x_wconf 80' lang='lat' dir='ltr'><strong>Edessenus</strong></span> <span class='ocrx_word' id='word_1_598' title='bbox 2487 3545 2610 3600; x_wconf 90' lang='lat' dir='ltr'><strong>dico</strong></span> <span class='ocrx_word' id='word_1_599' title='bbox 2639 3547 2789 3599; x_wconf 86' lang='lat' dir='ltr'><strong>vobis</strong></span> <span class='ocrx_word' id='word_1_600' title='bbox 2817 3563 2832 3600; x_wconf 91' lang='lat'><strong>:</strong></span> <span class='ocrx_word' id='word_1_601' title='bbox 2862 3544 2964 3610; x_wconf 86' lang='lat' dir='ltr'><strong>Qui</strong></span> <span class='ocrx_word' id='word_1_602' title='bbox 3019 3561 3125 3600; x_wconf 90' lang='lat' dir='ltr'><strong>non</strong></span> <span class='ocrx_word' id='word_1_603' title='bbox 3158 3548 3436 3615; x_wconf 90' lang='lat' dir='ltr'><strong>cognoscit</strong></span> <span class='ocrx_word' id='word_1_604' title='bbox 3481 3564 3570 3603; x_wconf 84' lang='lat' dir='ltr'><strong>ra—</strong></span> 
     </span>
    </p>
   </div>
   <div class='ocr_carea' id='block_1_80' title="bbox 1998 3636 3566 3702">
    <p class='ocr_par' dir='ltr' id='par_1_80' title="bbox 1998 3636 3566 3702">
     <span class='ocr_line' id='line_1_80' title="bbox 1998 3636 3566 3702; baseline 0.003 -13"><span class='ocrx_word' id='word_1_605' title='bbox 1998 3636 2248 3690; x_wconf 85' lang='lat' dir='ltr'><strong>tionalem</strong></span> <span class='ocrx_word' id='word_1_606' title='bbox 2277 3646 2330 3690; x_wconf 92' lang='lat' dir='ltr'><strong>et</strong></span> <span class='ocrx_word' id='word_1_607' title='bbox 2357 3637 2717 3692; x_wconf 89' lang='lat' dir='ltr'><strong>immortalem</strong></span> <span class='ocrx_word' id='word_1_608' title='bbox 2772 3637 2938 3690; x_wconf 88' lang='lat' dir='ltr'><strong>Deum</strong></span> <span class='ocrx_word' id='word_1_609' title='bbox 3002 3637 3221 3702; x_wconf 89' lang='lat' dir='ltr'><strong>Filium,</strong></span> <span class='ocrx_word' id='word_1_610' title='bbox 3251 3654 3334 3692; x_wconf 71' lang='lat' dir='ltr'><strong>na:</strong></span> <span class='ocrx_word' id='word_1_611' title='bbox 3359 3638 3448 3693; x_wconf 91' lang='lat' dir='ltr'><strong>ille</strong></span> <span class='ocrx_word' id='word_1_612' title='bbox 3484 3642 3566 3694; x_wconf 81' lang='lat' dir='ltr'><strong>di-</strong></span> 
     </span>
    </p>
   </div>
   <div class='ocr_carea' id='block_1_81' title="bbox 1995 3727 3567 3797">
    <p class='ocr_par' dir='ltr' id='par_1_81' title="bbox 1995 3727 3567 3797">
     <span class='ocr_line' id='line_1_81' title="bbox 1995 3727 3567 3797; baseline 0.004 -17"><span class='ocrx_word' id='word_1_613' title='bbox 1995 3743 2134 3796; x_wconf 89' lang='lat' dir='ltr'><strong>gnus</strong></span> <span class='ocrx_word' id='word_1_614' title='bbox 2165 3736 2248 3782; x_wconf 86' lang='lat' dir='ltr'><strong>est</strong></span> <span class='ocrx_word' id='word_1_615' title='bbox 2305 3727 2398 3797; x_wconf 89' lang='lat' dir='ltr'><strong>qui</strong></span> <span class='ocrx_word' id='word_1_616' title='bbox 2421 3728 2472 3780; x_wconf 92' lang='lat' dir='ltr'><strong>in</strong></span> <span class='ocrx_word' id='word_1_617' title='bbox 2498 3728 2802 3797; x_wconf 79' lang='lat' dir='ltr'><strong>gehennam</strong></span> <span class='ocrx_word' id='word_1_618' title='bbox 2836 3727 2980 3797; x_wconf 82' lang='lat' dir='ltr'><strong>ignis</strong></span> <span class='ocrx_word' id='word_1_619' title='bbox 3005 3729 3343 3784; x_wconf 87' lang='lat' dir='ltr'><strong>detrudalur.</strong></span> <span class='ocrx_word' id='word_1_620' title='bbox 3383 3731 3567 3796; x_wconf 85' lang='lat' dir='ltr'><strong>Quare</strong></span> 
     </span>
    </p>
   </div>
   <div class='ocr_carea' id='block_1_82' title="bbox 1997 3819 3564 3880">
    <p class='ocr_par' dir='ltr' id='par_1_82' title="bbox 1997 3819 3564 3880">
     <span class='ocr_line' id='line_1_82' title="bbox 1997 3819 3564 3880; baseline 0.004 -9"><span class='ocrx_word' id='word_1_621' title='bbox 1997 3833 2125 3872; x_wconf 89' lang='lat' dir='ltr'><strong>vero</strong></span> <span class='ocrx_word' id='word_1_622' title='bbox 2154 3829 2208 3873; x_wconf 91' lang='lat' dir='ltr'><strong>tu</strong></span> <span class='ocrx_word' id='word_1_623' title='bbox 2244 3819 2408 3874; x_wconf 91' lang='lat' dir='ltr'><strong>Deum</strong></span> <span class='ocrx_word' id='word_1_624' title='bbox 2441 3820 2788 3875; x_wconf 88' lang='lat' dir='ltr'><strong>miserantem</strong></span> <span class='ocrx_word' id='word_1_625' title='bbox 2821 3829 2877 3874; x_wconf 90' lang='lat' dir='ltr'><strong>et</strong></span> <span class='ocrx_word' id='word_1_626' title='bbox 2913 3820 3318 3876; x_wconf 89' lang='lat' dir='ltr'><strong>misericordem</strong></span> <span class='ocrx_word' id='word_1_627' title='bbox 3381 3838 3564 3880; x_wconf 88' lang='lat' dir='ltr'><strong>vocas.</strong></span> 
     </span>
    </p>
   </div>
   <div class='ocr_carea' id='block_1_83' title="bbox 1995 3910 3576 3981">
    <p class='ocr_par' dir='ltr' id='par_1_83' title="bbox 1995 3910 3576 3981">
     <span class='ocr_line' id='line_1_83' title="bbox 1995 3910 3576 3981; baseline 0.001 -18"><span class='ocrx_word' id='word_1_628' title='bbox 1995 3910 2202 3964; x_wconf 81' lang='lat' dir='ltr'><strong>Revera</strong></span> <span class='ocrx_word' id='word_1_629' title='bbox 2255 3911 2344 3964; x_wconf 92' lang='lat' dir='ltr'><strong>ille</strong></span> <span class='ocrx_word' id='word_1_630' title='bbox 2377 3911 2495 3980; x_wconf 88' lang='lat' dir='ltr'><strong>ipse</strong></span> <span class='ocrx_word' id='word_1_631' title='bbox 2532 3922 2616 3966; x_wconf 89' lang='lat' dir='ltr'><strong>est</strong></span> <span class='ocrx_word' id='word_1_632' title='bbox 2669 3927 2828 3981; x_wconf 88' lang='lat' dir='ltr'><strong>quem</strong></span> <span class='ocrx_word' id='word_1_633' title='bbox 2859 3927 2952 3968; x_wconf 80' lang='lat' dir='ltr'><strong>vos</strong></span> <span class='ocrx_word' id='word_1_634' title='bbox 3012 3913 3220 3968; x_wconf 84' lang='lat' dir='ltr'><strong>Arabes</strong></span> <span class='ocrx_word' id='word_1_635' title='bbox 3251 3914 3432 3969; x_wconf 90' lang='lat' dir='ltr'><strong>dicitis</strong></span> <span class='ocrx_word' id='word_1_636' title='bbox 3469 3916 3576 3969; x_wconf 85' lang='lat' dir='ltr'><strong>As-.</strong></span> 
     </span>
    </p>
   </div>
   <div class='ocr_carea' id='block_1_84' title="bbox 1997 4001 3573 4071">
    <p class='ocr_par' dir='ltr' id='par_1_84' title="bbox 1997 4001 3573 4071">
     <span class='ocr_line' id='line_1_84' title="bbox 1997 4001 3573 4071; baseline 0.004 -17"><span class='ocrx_word' id='word_1_637' title='bbox 1997 4010 2138 4054; x_wconf 90' lang='lat' dir='ltr'><strong>trum</strong></span> <span class='ocrx_word' id='word_1_638' title='bbox 2168 4001 2494 4055; x_wconf 86' lang='lat' dir='ltr'><strong>matutinum</strong></span> <span class='ocrx_word' id='word_1_639' title='bbox 2515 4016 2608 4055; x_wconf 90' lang='lat' dir='ltr'><strong>seu</strong></span> <span class='ocrx_word' id='word_1_640' title='bbox 2640 4003 3032 4070; x_wconf 88' lang='lat' dir='ltr'><strong>phospliorum,</strong></span> <span class='ocrx_word' id='word_1_641' title='bbox 3068 4012 3118 4060; x_wconf 88' lang='lat' dir='ltr'><strong>et</strong></span> <span class='ocrx_word' id='word_1_642' title='bbox 3149 4004 3242 4071; x_wconf 91' lang='lat' dir='ltr'><strong>qui</strong></span> <span class='ocrx_word' id='word_1_643' title='bbox 3265 4003 3428 4071; x_wconf 90' lang='lat' dir='ltr'><strong>Zebo,</strong></span> <span class='ocrx_word' id='word_1_644' title='bbox 3470 4003 3573 4061; x_wconf 65' lang='lat' dir='ltr'><strong>Vis--</strong></span> 
     </span>
    </p>
   </div>
   <div class='ocr_carea' id='block_1_85' title="bbox 1995 4090 3562 4162">
    <p class='ocr_par' dir='ltr' id='par_1_85' title="bbox 1995 4090 3562 4162">
     <span class='ocr_line' id='line_1_85' title="bbox 1995 4090 3562 4162; baseline 0.004 -18"><span class='ocrx_word' id='word_1_645' title='bbox 1995 4106 2116 4154; x_wconf 88' lang='lat' dir='ltr'><strong>nus,</strong></span> <span class='ocrx_word' id='word_1_646' title='bbox 2151 4090 2423 4145; x_wconf 83' lang='lat' dir='ltr'><strong>Saturnus</strong></span> <span class='ocrx_word' id='word_1_647' title='bbox 2449 4102 2502 4146; x_wconf 91' lang='lat' dir='ltr'><strong>et</strong></span> <span class='ocrx_word' id='word_1_648' title='bbox 2532 4092 2974 4146; x_wconf 88' lang='lat' dir='ltr'><strong>Camardicitur.</strong></span> <span class='ocrx_word' id='word_1_649' title='bbox 3005 4091 3128 4148; x_wconf 91' lang='lat' dir='ltr'><strong>Illos</strong></span> <span class='ocrx_word' id='word_1_650' title='bbox 3163 4097 3373 4150; x_wconf 87' lang='lat' dir='ltr'><strong>vocatis</strong></span> <span class='ocrx_word' id='word_1_651' title='bbox 3413 4097 3562 4162; x_wconf 89' lang='lat' dir='ltr'><strong>deos,</strong></span> 
     </span>
    </p>
   </div>
   <div class='ocr_carea' id='block_1_86' title="bbox 1992 4183 3566 4257">
    <p class='ocr_par' dir='ltr' id='par_1_86' title="bbox 1992 4183 3566 4257">
     <span class='ocr_line' id='line_1_86' title="bbox 1992 4183 3566 4257; baseline 0.004 -21"><span class='ocrx_word' id='word_1_652' title='bbox 1992 4193 2046 4236; x_wconf 89' lang='lat' dir='ltr'><strong>et</strong></span> <span class='ocrx_word' id='word_1_653' title='bbox 2075 4183 2215 4237; x_wconf 89' lang='lat' dir='ltr'><strong>istud</strong></span> <span class='ocrx_word' id='word_1_654' title='bbox 2247 4191 2437 4237; x_wconf 88' lang='lat' dir='ltr'><strong>contra</strong></span> <span class='ocrx_word' id='word_1_655' title='bbox 2469 4197 2564 4237; x_wconf 92' lang='lat' dir='ltr'><strong>vos</strong></span> <span class='ocrx_word' id='word_1_656' title='bbox 2593 4197 2659 4238; x_wconf 82' lang='lat' dir='ltr'><strong>ex</strong></span> <span class='ocrx_word' id='word_1_657' title='bbox 2722 4184 2852 4253; x_wconf 91' lang='lat' dir='ltr'><strong>ipsis</strong></span> <span class='ocrx_word' id='word_1_658' title='bbox 2881 4186 3163 4254; x_wconf 87' lang='lat' dir='ltr'><strong>scripturis</strong></span> <span class='ocrx_word' id='word_1_659' title='bbox 3198 4187 3394 4240; x_wconf 87' lang='lat' dir='ltr'><strong>vestris</strong></span> <span class='ocrx_word' id='word_1_660' title='bbox 3444 4203 3566 4257; x_wconf 89' lang='lat' dir='ltr'><strong>pos-</strong></span> 
     </span>
    </p>
   </div>
   <div class='ocr_carea' id='block_1_87' title="bbox 1993 4273 3564 4341">
    <p class='ocr_par' dir='ltr' id='par_1_87' title="bbox 1993 4273 3564 4341">
     <span class='ocr_line' id='line_1_87' title="bbox 1993 4273 3564 4341; baseline 0.003 -12"><span class='ocrx_word' id='word_1_661' title='bbox 1993 4290 2111 4329; x_wconf 81' lang='lat' dir='ltr'><strong>Sllm</strong></span> <span class='ocrx_word' id='word_1_662' title='bbox 2173 4274 2445 4328; x_wconf 89' lang='lat' dir='ltr'><strong>evincere.</strong></span> <span class='ocrx_word' id='word_1_663' title='bbox 2478 4273 2566 4328; x_wconf 90' lang='lat' dir='ltr'><strong>Isti</strong></span> <span class='ocrx_word' id='word_1_664' title='bbox 2626 4274 2696 4328; x_wconf 91' lang='lat' dir='ltr'><strong>dii</strong></span> <span class='ocrx_word' id='word_1_665' title='bbox 2723 4276 2884 4329; x_wconf 90' lang='lat' dir='ltr'><strong>vestri</strong></span> <span class='ocrx_word' id='word_1_666' title='bbox 2936 4285 3064 4330; x_wconf 90' lang='lat' dir='ltr'><strong>sunt</strong></span> <span class='ocrx_word' id='word_1_667' title='bbox 3114 4277 3339 4341; x_wconf 89' lang='lat' dir='ltr'><strong>conditi,</strong></span> <span class='ocrx_word' id='word_1_668' title='bbox 3372 4287 3426 4332; x_wconf 95' lang='lat' dir='ltr'><strong>et</strong></span> <span class='ocrx_word' id='word_1_669' title='bbox 3462 4277 3564 4333; x_wconf 83' lang='lat' dir='ltr'><strong>ha-</strong></span> 
     </span>
    </p>
   </div>
   <div class='ocr_carea' id='block_1_88' title="bbox 1994 4365 3566 4437">
    <p class='ocr_par' dir='ltr' id='par_1_88' title="bbox 1994 4365 3566 4437">
     <span class='ocr_line' id='line_1_88' title="bbox 1994 4365 3566 4437; baseline 0.006 -21"><span class='ocrx_word' id='word_1_670' title='bbox 1994 4365 2119 4418; x_wconf 89' lang='lat' dir='ltr'><strong>bent</strong></span> <span class='ocrx_word' id='word_1_671' title='bbox 2147 4373 2396 4419; x_wconf 87' lang='lat' dir='ltr'><strong>naluram</strong></span> <span class='ocrx_word' id='word_1_672' title='bbox 2425 4375 2686 4430; x_wconf 86' lang='lat' dir='ltr'><strong>creatam,</strong></span> <span class='ocrx_word' id='word_1_673' title='bbox 2709 4376 2764 4420; x_wconf 90' lang='lat' dir='ltr'><strong>et</strong></span> <span class='ocrx_word' id='word_1_674' title='bbox 2820 4375 2948 4420; x_wconf 89' lang='lat' dir='ltr'><strong>sunt</strong></span> <span class='ocrx_word' id='word_1_675' title='bbox 3003 4368 3408 4437; x_wconf 88' lang='lat' dir='ltr'><strong>eorruptibiles,</strong></span> <span class='ocrx_word' id='word_1_676' title='bbox 3438 4380 3566 4426; x_wconf 86' lang='lat' dir='ltr'><strong>sunt</strong></span> 
     </span>
    </p>
   </div>
   <div class='ocr_carea' id='block_1_89' title="bbox 1993 4456 3561 4530">
    <p class='ocr_par' dir='ltr' id='par_1_89' title="bbox 1993 4456 3561 4530">
     <span class='ocr_line' id='line_1_89' title="bbox 1993 4456 3561 4530; baseline 0.003 -20"><span class='ocrx_word' id='word_1_677' title='bbox 1993 4456 2134 4511; x_wconf 89' lang='lat' dir='ltr'><strong>idola</strong></span> <span class='ocrx_word' id='word_1_678' title='bbox 2163 4465 2216 4511; x_wconf 92' lang='lat' dir='ltr'><strong>et</strong></span> <span class='ocrx_word' id='word_1_679' title='bbox 2237 4472 2399 4526; x_wconf 90' lang='lat' dir='ltr'><strong>opera</strong></span> <span class='ocrx_word' id='word_1_680' title='bbox 2421 4472 2676 4512; x_wconf 89' lang='lat' dir='ltr'><strong>manuum</strong></span> <span class='ocrx_word' id='word_1_681' title='bbox 2714 4458 3014 4512; x_wconf 90' lang='lat' dir='ltr'><strong>hominum.</strong></span> <span class='ocrx_word' id='word_1_682' title='bbox 3049 4458 3114 4512; x_wconf 87' lang='lat' dir='ltr'><strong>Et</strong></span> <span class='ocrx_word' id='word_1_683' title='bbox 3137 4474 3330 4515; x_wconf 87' lang='lat' dir='ltr'><strong>nomen</strong></span> <span class='ocrx_word' id='word_1_684' title='bbox 3385 4461 3561 4530; x_wconf 90' lang='lat' dir='ltr'><strong>ipsum</strong></span> 
     </span>
    </p>
   </div>
   <div class='ocr_carea' id='block_1_90' title="bbox 1991 4548 3565 4619">
    <p class='ocr_par' dir='ltr' id='par_1_90' title="bbox 1991 4548 3565 4619">
     <span class='ocr_line' id='line_1_90' title="bbox 1991 4548 3565 4619; baseline 0.008 -24"><span class='ocrx_word' id='word_1_685' title='bbox 1991 4548 2132 4616; x_wconf 88' lang='lat' dir='ltr'><strong>quod</strong></span> <span class='ocrx_word' id='word_1_686' title='bbox 2172 4558 2255 4603; x_wconf 91' lang='lat' dir='ltr'><strong>est</strong></span> <span class='ocrx_word' id='word_1_687' title='bbox 2287 4549 2339 4603; x_wconf 90' lang='lat' dir='ltr'><strong>in</strong></span> <span class='ocrx_word' id='word_1_688' title='bbox 2395 4549 2664 4618; x_wconf 90' lang='lat' dir='ltr'><strong>principio</strong></span> <span class='ocrx_word' id='word_1_689' title='bbox 2693 4550 2766 4601; x_wconf 91' lang='lat' dir='ltr'><strong>tui</strong></span> <span class='ocrx_word' id='word_1_690' title='bbox 2797 4549 3049 4603; x_wconf 80' lang='lat' dir='ltr'><strong>Alcorani</strong></span> <span class='ocrx_word' id='word_1_691' title='bbox 3103 4552 3244 4618; x_wconf 92' lang='lat' dir='ltr'><strong>quod</strong></span> <span class='ocrx_word' id='word_1_692' title='bbox 3270 4566 3365 4619; x_wconf 91' lang='lat' dir='ltr'><strong>per</strong></span> <span class='ocrx_word' id='word_1_693' title='bbox 3399 4553 3565 4607; x_wconf 83' lang='lat' dir='ltr'><strong>mise-</strong></span> 
     </span>
    </p>
   </div>
   <div class='ocr_carea' id='block_1_91' title="bbox 1994 4637 3563 4709">
    <p class='ocr_par' dir='ltr' id='par_1_91' title="bbox 1994 4637 3563 4709">
     <span class='ocr_line' id='line_1_91' title="bbox 1994 4637 3563 4709; baseline 0.004 -21"><span class='ocrx_word' id='word_1_694' title='bbox 1994 4647 2198 4690; x_wconf 77' lang='lat' dir='ltr'><strong>rentum</strong></span> <span class='ocrx_word' id='word_1_695' title='bbox 2223 4645 2277 4691; x_wconf 91' lang='lat' dir='ltr'><strong>et</strong></span> <span class='ocrx_word' id='word_1_696' title='bbox 2299 4637 2705 4691; x_wconf 90' lang='lat' dir='ltr'><strong>misericordem</strong></span> <span class='ocrx_word' id='word_1_697' title='bbox 2733 4638 3048 4705; x_wconf 87' lang='lat' dir='ltr'><strong>designatis,</strong></span> <span class='ocrx_word' id='word_1_698' title='bbox 3081 4638 3170 4692; x_wconf 88' lang='lat' dir='ltr'><strong>illo</strong></span> <span class='ocrx_word' id='word_1_699' title='bbox 3211 4640 3563 4709; x_wconf 82' lang='lat' dir='ltr'><strong>designantur</strong></span> 
     </span>
    </p>
   </div>
   <div class='ocr_carea' id='block_1_92' title="bbox 1992 4727 3563 4798">
    <p class='ocr_par' dir='ltr' id='par_1_92' title="bbox 1992 4727 3563 4798">
     <span class='ocr_line' id='line_1_92' title="bbox 1992 4727 3563 4798; baseline 0.002 -16"><span class='ocrx_word' id='word_1_700' title='bbox 1992 4729 2028 4782; x_wconf 90' lang='lat' dir='ltr'><strong>ii</strong></span> <span class='ocrx_word' id='word_1_701' title='bbox 2055 4743 2188 4798; x_wconf 90' lang='lat' dir='ltr'><strong>quos</strong></span> <span class='ocrx_word' id='word_1_702' title='bbox 2218 4727 2270 4782; x_wconf 90' lang='lat' dir='ltr'><strong>in</strong></span> <span class='ocrx_word' id='word_1_703' title='bbox 2306 4728 2484 4798; x_wconf 86' lang='lat' dir='ltr'><strong>lingua</strong></span> <span class='ocrx_word' id='word_1_704' title='bbox 2519 4739 2699 4783; x_wconf 86' lang='lat' dir='ltr'><strong>vestra</strong></span> <span class='ocrx_word' id='word_1_705' title='bbox 2742 4729 2970 4793; x_wconf 83' lang='lat' dir='ltr'><strong>vocatis,</strong></span> <span class='ocrx_word' id='word_1_706' title='bbox 2997 4729 3155 4795; x_wconf 86' lang='lat' dir='ltr'><strong>Alab,</strong></span> <span class='ocrx_word' id='word_1_707' title='bbox 3193 4731 3398 4795; x_wconf 87' lang='lat' dir='ltr'><strong>Saniet,</strong></span> <span class='ocrx_word' id='word_1_708' title='bbox 3428 4730 3563 4785; x_wconf 88' lang='lat' dir='ltr'><strong>Tsa-</strong></span> 
     </span>
    </p>
   </div>
   <div class='ocr_carea' id='block_1_93' title="bbox 311 4801 1895 4898">
    <p class='ocr_par' dir='ltr' id='par_1_93' title="bbox 311 4825 1884 4898">
     <span class='ocr_line' id='line_1_93' title="bbox 311 4825 1884 4898; baseline -0.004 -16"><span class='ocrx_word' id='word_1_709' title='bbox 311 4830 451 4898; x_wconf 73' lang='grc' dir='ltr'>ἔχει.</span> <span class='ocrx_word' id='word_1_710' title='bbox 488 4830 550 4881; x_wconf 86' lang='grc' dir='ltr'><strong>Οἱ</strong></span> <span class='ocrx_word' id='word_1_711' title='bbox 582 4829 672 4880; x_wconf 81' lang='grc' dir='ltr'><strong>τὸν</strong></span> <span class='ocrx_word' id='word_1_712' title='bbox 694 4825 931 4878; x_wconf 83' lang='grc' dir='ltr'>τοιοῦτον</span> <span class='ocrx_word' id='word_1_713' title='bbox 962 4825 1082 4878; x_wconf 85' lang='grc' dir='ltr'>θεὸν</span> <span class='ocrx_word' id='word_1_714' title='bbox 1119 4826 1444 4896; x_wconf 82' lang='grc' dir='ltr'>σεϐόμενοι,</span> <span class='ocrx_word' id='word_1_715' title='bbox 1497 4825 1642 4878; x_wconf 82' lang='grc' dir='ltr'>οὗτοί</span> <span class='ocrx_word' id='word_1_716' title='bbox 1670 4826 1808 4876; x_wconf 82' lang='grc' dir='ltr'>εἰσιν</span> <span class='ocrx_word' id='word_1_717' title='bbox 1834 4825 1884 4877; x_wconf 84' lang='grc' dir='ltr'>οἱ</span> 
     </span>
    </p>
   </div>
   <div class='ocr_carea' id='block_1_94' title="bbox 1999 4801 3564 4898">
    <p class='ocr_par' dir='ltr' id='par_1_94' title="bbox 1999 4818 3564 4888">
     <span class='ocr_line' id='line_1_94' title="bbox 1999 4818 3564 4888; baseline 0.004 -16"><span class='ocrx_word' id='word_1_718' title='bbox 1999 4827 2129 4880; x_wconf 91' lang='lat' dir='ltr'><strong>met,</strong></span> <span class='ocrx_word' id='word_1_719' title='bbox 2187 4821 2331 4888; x_wconf 91' lang='lat' dir='ltr'><strong>quod</strong></span> <span class='ocrx_word' id='word_1_720' title='bbox 2381 4818 2666 4873; x_wconf 83' lang='lat' dir='ltr'><strong>manifeste</strong></span> <span class='ocrx_word' id='word_1_721' title='bbox 2722 4827 2873 4873; x_wconf 89' lang='lat' dir='ltr'><strong>notat</strong></span> <span class='ocrx_word' id='word_1_722' title='bbox 2936 4829 3106 4874; x_wconf 89' lang='lat' dir='ltr'><strong>totum</strong></span> <span class='ocrx_word' id='word_1_723' title='bbox 3169 4821 3456 4874; x_wconf 91' lang='lat' dir='ltr'><strong>rotundum</strong></span> <span class='ocrx_word' id='word_1_724' title='bbox 3511 4836 3564 4878; x_wconf 89' lang='lat' dir='ltr'><strong>et</strong></span> 
     </span>
    </p>
   </div>
   <div class='ocr_carea' id='block_1_95' title="bbox 308 4915 1888 4988">
    <p class='ocr_par' dir='ltr' id='par_1_95' title="bbox 308 4915 1888 4988">
     <span class='ocr_line' id='line_1_95' title="bbox 308 4915 1888 4988; baseline -0.004 -15"><span class='ocrx_word' id='word_1_725' title='bbox 308 4923 425 4983; x_wconf 80' lang='grc' dir='ltr'>τοῖς</span> <span class='ocrx_word' id='word_1_726' title='bbox 455 4921 573 4972; x_wconf 87' lang='grc' dir='ltr'>ἐκεῖ</span> <span class='ocrx_word' id='word_1_727' title='bbox 603 4918 983 4988; x_wconf 75' lang='grc' dir='ltr'>κολαστηρίοις</span> <span class='ocrx_word' id='word_1_728' title='bbox 1015 4916 1210 4986; x_wconf 80' lang='grc' dir='ltr'>ἔνοχοι.</span> <span class='ocrx_word' id='word_1_729' title='bbox 1237 4917 1378 4969; x_wconf 84' lang='grc' dir='ltr'><strong>Οἱδέ</strong></span> <span class='ocrx_word' id='word_1_730' title='bbox 1404 4915 1764 4983; x_wconf 79' lang='grc' dir='ltr'>γινώσκοντες</span> <span class='ocrx_word' id='word_1_731' title='bbox 1793 4918 1888 4967; x_wconf 71' lang='grc' dir='ltr'><strong>καὶ</strong></span> 
     </span>
    </p>
   </div>
   <div class='ocr_carea' id='block_1_96' title="bbox 310 5005 1887 5082">
    <p class='ocr_par' dir='ltr' id='par_1_96' title="bbox 310 5005 1887 5082">
     <span class='ocr_line' id='line_1_96' title="bbox 310 5005 1887 5082; baseline -0.004 -17"><span class='ocrx_word' id='word_1_732' title='bbox 310 5011 698 5082; x_wconf 83' lang='grc' dir='ltr'>ὁμολογοῦντες</span> <span class='ocrx_word' id='word_1_733' title='bbox 723 5011 785 5063; x_wconf 88' lang='grc' dir='ltr'><strong>τὸ</strong></span> <span class='ocrx_word' id='word_1_734' title='bbox 819 5011 989 5079; x_wconf 80' lang='grc' dir='ltr'>ὄνομα</span> <span class='ocrx_word' id='word_1_735' title='bbox 1015 5007 1111 5061; x_wconf 89' lang='grc' dir='ltr'><strong>τοῦ</strong></span> <span class='ocrx_word' id='word_1_736' title='bbox 1160 5007 1380 5076; x_wconf 84' lang='grc' dir='ltr'>λογικοῦ</span> <span class='ocrx_word' id='word_1_737' title='bbox 1415 5009 1510 5060; x_wconf 72' lang='grc' dir='ltr'><strong>καὶ</strong></span> <span class='ocrx_word' id='word_1_738' title='bbox 1563 5005 1765 5070; x_wconf 77' lang='grc' dir='ltr'>ζῶντος</span> <span class='ocrx_word' id='word_1_739' title='bbox 1794 5007 1887 5059; x_wconf 75' lang='grc' dir='ltr'><strong>καὶ</strong></span> 
     </span>
    </p>
   </div>
   <div class='ocr_carea' id='block_1_97' title="bbox 307 5095 1883 5172">
    <p class='ocr_par' dir='ltr' id='par_1_97' title="bbox 307 5095 1883 5172">
     <span class='ocr_line' id='line_1_97' title="bbox 307 5095 1883 5172; baseline -0.005 -15"><span class='ocrx_word' id='word_1_740' title='bbox 307 5103 584 5157; x_wconf 82' lang='grc' dir='ltr'>ἀθανάτου</span> <span class='ocrx_word' id='word_1_741' title='bbox 617 5101 776 5167; x_wconf 85' lang='grc' dir='ltr'>Θεοῦ,</span> <span class='ocrx_word' id='word_1_742' title='bbox 800 5095 944 5154; x_wconf 76' lang='grc' dir='ltr'>οὗτοί</span> <span class='ocrx_word' id='word_1_743' title='bbox 974 5102 1112 5153; x_wconf 78' lang='grc' dir='ltr'>εἰσιν</span> <span class='ocrx_word' id='word_1_744' title='bbox 1140 5101 1188 5152; x_wconf 80' lang='grc' dir='ltr'><strong>οῖ</strong></span> <span class='ocrx_word' id='word_1_745' title='bbox 1240 5099 1566 5172; x_wconf 83' lang='grc' dir='ltr'>κληρονόμοι</span> <span class='ocrx_word' id='word_1_746' title='bbox 1600 5099 1697 5168; x_wconf 86' lang='grc' dir='ltr'>τῆς</span> <span class='ocrx_word' id='word_1_747' title='bbox 1727 5098 1883 5167; x_wconf 84' lang='grc' dir='ltr'>βασι-</span> 
     </span>
    </p>
   </div>
   <div class='ocr_carea' id='block_1_98' title="bbox 306 5181 1883 5262">
    <p class='ocr_par' dir='ltr' id='par_1_98' title="bbox 306 5181 1883 5262">
     <span class='ocr_line' id='line_1_98' title="bbox 306 5181 1883 5262; baseline -0.004 -16"><span class='ocrx_word' id='word_1_748' title='bbox 306 5192 462 5255; x_wconf 80' lang='grc' dir='ltr'>λείας</span> <span class='ocrx_word' id='word_1_749' title='bbox 494 5191 588 5245; x_wconf 88' lang='grc' dir='ltr'><strong>τοῦ</strong></span> <span class='ocrx_word' id='word_1_750' title='bbox 618 5189 774 5254; x_wconf 85' lang='grc' dir='ltr'>Θεοῦ,</span> <span class='ocrx_word' id='word_1_751' title='bbox 809 5191 903 5243; x_wconf 69' lang='grc' dir='ltr'><strong>καὶ</strong></span> <span class='ocrx_word' id='word_1_752' title='bbox 928 5189 1020 5243; x_wconf 86' lang='grc' dir='ltr'><strong>τοῦ</strong></span> <span class='ocrx_word' id='word_1_753' title='bbox 1063 5189 1415 5262; x_wconf 77' lang='grc' dir='ltr'>παραδείσου.</span> <span class='ocrx_word' id='word_1_754' title='bbox 1446 5189 1582 5258; x_wconf 73' lang='grc' dir='ltr'>Περὶ</span> <span class='ocrx_word' id='word_1_755' title='bbox 1613 5188 1672 5241; x_wconf 78' lang='grc' dir='ltr'><strong>δὲ</strong></span> <span class='ocrx_word' id='word_1_756' title='bbox 1715 5181 1789 5240; x_wconf 84' lang='grc' dir='ltr'>ὧν</span> <span class='ocrx_word' id='word_1_757' title='bbox 1816 5203 1883 5257; x_wconf 90' lang='grc' dir='ltr'><strong>με</strong></span> 
     </span>
    </p>
   </div>
   <div class='ocr_carea' id='block_1_99' title="bbox 307 5279 1670 5354">
    <p class='ocr_par' dir='ltr' id='par_1_99' title="bbox 307 5279 1670 5354">
     <span class='ocr_line' id='line_1_99' title="bbox 307 5279 1670 5354; baseline 0 -22"><span class='ocrx_word' id='word_1_758' title='bbox 307 5284 623 5354; x_wconf 74' lang='grc' dir='ltr'>ἠρώτησας,</span> <span class='ocrx_word' id='word_1_759' title='bbox 657 5281 834 5334; x_wconf 83' lang='grc' dir='ltr'>πάντα</span> <span class='ocrx_word' id='word_1_760' title='bbox 867 5279 1091 5350; x_wconf 76' lang='grc' dir='ltr'>ὕστερόν</span> <span class='ocrx_word' id='word_1_761' title='bbox 1133 5297 1214 5332; x_wconf 89' lang='grc' dir='ltr'><strong>σοι</strong></span> <span class='ocrx_word' id='word_1_762' title='bbox 1245 5279 1670 5348; x_wconf 81' lang='grc' dir='ltr'>ὁμολογήσομαι.</span> 
     </span>
    </p>
   </div>
   <div class='ocr_carea' id='block_1_100' title="bbox 1996 4908 3565 4978">
    <p class='ocr_par' dir='ltr' id='par_1_100' title="bbox 1996 4908 3565 4978">
     <span class='ocr_line' id='line_1_100' title="bbox 1996 4908 3565 4978; baseline 0.003 -16"><span class='ocrx_word' id='word_1_763' title='bbox 1996 4908 2188 4962; x_wconf 84' lang='lat' dir='ltr'><strong>malleo</strong></span> <span class='ocrx_word' id='word_1_764' title='bbox 2223 4911 2468 4971; x_wconf 88' lang='lat' dir='ltr'><strong>ductum,</strong></span> <span class='ocrx_word' id='word_1_765' title='bbox 2507 4911 2960 4978; x_wconf 88' lang='lat' dir='ltr'><strong>quemadmodum</strong></span> <span class='ocrx_word' id='word_1_766' title='bbox 2995 4909 3142 4962; x_wconf 89' lang='lat' dir='ltr'><strong>illum</strong></span> <span class='ocrx_word' id='word_1_767' title='bbox 3169 4911 3476 4975; x_wconf 87' lang='lat' dir='ltr'><strong>admittitis,</strong></span> <span class='ocrx_word' id='word_1_768' title='bbox 3508 4924 3565 4967; x_wconf 88' lang='lat' dir='ltr'><strong>et</strong></span> 
     </span>
    </p>
   </div>
   <div class='ocr_carea' id='block_1_101' title="bbox 1988 4998 3559 5068">
    <p class='ocr_par' dir='ltr' id='par_1_101' title="bbox 1988 4998 3559 5068">
     <span class='ocr_line' id='line_1_101' title="bbox 1988 4998 3559 5068; baseline 0.002 -17"><span class='ocrx_word' id='word_1_769' title='bbox 1988 5015 2091 5068; x_wconf 89' lang='lat' dir='ltr'><strong>qua</strong></span> <span class='ocrx_word' id='word_1_770' title='bbox 2126 5000 2294 5053; x_wconf 81' lang='lat' dir='ltr'><strong>forma</strong></span> <span class='ocrx_word' id='word_1_771' title='bbox 2326 5011 2380 5054; x_wconf 92' lang='lat' dir='ltr'><strong>et</strong></span> <span class='ocrx_word' id='word_1_772' title='bbox 2427 5000 2593 5067; x_wconf 81' lang='lat' dir='ltr'><strong>ﬁgura</strong></span> <span class='ocrx_word' id='word_1_773' title='bbox 2647 4999 2788 5066; x_wconf 90' lang='lat' dir='ltr'><strong>apud</strong></span> <span class='ocrx_word' id='word_1_774' title='bbox 2818 5013 2913 5052; x_wconf 89' lang='lat' dir='ltr'><strong>vos</strong></span> <span class='ocrx_word' id='word_1_775' title='bbox 2965 4998 3226 5055; x_wconf 91' lang='lat' dir='ltr'><strong>induitur.</strong></span> <span class='ocrx_word' id='word_1_776' title='bbox 3263 4999 3362 5065; x_wconf 87' lang='lat' dir='ltr'><strong>Qui</strong></span> <span class='ocrx_word' id='word_1_777' title='bbox 3400 5002 3559 5056; x_wconf 89' lang='lat' dir='ltr'><strong>talem</strong></span> 
     </span>
    </p>
   </div>
   <div class='ocr_carea' id='block_1_102' title="bbox 1989 5091 3564 5162">
    <p class='ocr_par' dir='ltr' id='par_1_102' title="bbox 1989 5091 3564 5162">
     <span class='ocr_line' id='line_1_102' title="bbox 1989 5091 3564 5162; baseline 0.001 -16"><span class='ocrx_word' id='word_1_778' title='bbox 1989 5093 2146 5146; x_wconf 89' lang='lat' dir='ltr'><strong>deum</strong></span> <span class='ocrx_word' id='word_1_779' title='bbox 2179 5093 2386 5157; x_wconf 88' lang='lat' dir='ltr'><strong>colunt,</strong></span> <span class='ocrx_word' id='word_1_780' title='bbox 2431 5092 2505 5146; x_wconf 90' lang='lat' dir='ltr'><strong>illi</strong></span> <span class='ocrx_word' id='word_1_781' title='bbox 2535 5093 2634 5160; x_wconf 91' lang='lat' dir='ltr'><strong>ipsi</strong></span> <span class='ocrx_word' id='word_1_782' title='bbox 2669 5099 2796 5146; x_wconf 90' lang='lat' dir='ltr'><strong>sunt</strong></span> <span class='ocrx_word' id='word_1_783' title='bbox 2833 5091 2924 5160; x_wconf 88' lang='lat' dir='ltr'><strong>qui</strong></span> <span class='ocrx_word' id='word_1_784' title='bbox 2971 5092 3118 5162; x_wconf 78' lang='lat' dir='ltr'><strong>digiti</strong></span> <span class='ocrx_word' id='word_1_785' title='bbox 3177 5102 3306 5147; x_wconf 89' lang='lat' dir='ltr'><strong>sunt</strong></span> <span class='ocrx_word' id='word_1_786' title='bbox 3357 5093 3564 5162; x_wconf 84' lang='lat' dir='ltr'><strong>suppli-</strong></span> 
     </span>
    </p>
   </div>
   <div class='ocr_carea' id='block_1_103' title="bbox 1987 5183 3564 5253">
    <p class='ocr_par' dir='ltr' id='par_1_103' title="bbox 1987 5183 3564 5253">
     <span class='ocr_line' id='line_1_103' title="bbox 1987 5183 3564 5253; baseline 0.001 -16"><span class='ocrx_word' id='word_1_787' title='bbox 1987 5183 2087 5238; x_wconf 89' lang='lat' dir='ltr'><strong>ciis</strong></span> <span class='ocrx_word' id='word_1_788' title='bbox 2112 5183 2396 5253; x_wconf 68' lang='lat' dir='ltr'><strong>gehennae;</strong></span> <span class='ocrx_word' id='word_1_789' title='bbox 2429 5184 2517 5253; x_wconf 89' lang='lat' dir='ltr'><strong>qui</strong></span> <span class='ocrx_word' id='word_1_790' title='bbox 2540 5199 2664 5236; x_wconf 84' lang='lat' dir='ltr'><strong>vero</strong></span> <span class='ocrx_word' id='word_1_791' title='bbox 2681 5192 3035 5250; x_wconf 88' lang='lat' dir='ltr'><strong>cognoscunt,</strong></span> <span class='ocrx_word' id='word_1_792' title='bbox 3064 5194 3270 5248; x_wconf 87' lang='lat' dir='ltr'><strong>amant,</strong></span> <span class='ocrx_word' id='word_1_793' title='bbox 3301 5183 3564 5238; x_wconf 81' lang='lat' dir='ltr'><strong>conﬁten-</strong></span> 
     </span>
    </p>
   </div>
   <div class='ocr_carea' id='block_1_104' title="bbox 1985 5275 3559 5341">
    <p class='ocr_par' dir='ltr' id='par_1_104' title="bbox 1985 5275 3559 5341">
     <span class='ocr_line' id='line_1_104' title="bbox 1985 5275 3559 5341; baseline 0.001 -13"><span class='ocrx_word' id='word_1_794' title='bbox 1985 5285 2073 5329; x_wconf 91' lang='lat' dir='ltr'><strong>tur</strong></span> <span class='ocrx_word' id='word_1_795' title='bbox 2128 5290 2321 5329; x_wconf 90' lang='lat' dir='ltr'><strong>nomen</strong></span> <span class='ocrx_word' id='word_1_796' title='bbox 2357 5275 2663 5338; x_wconf 84' lang='lat' dir='ltr'><strong>rationalis,</strong></span> <span class='ocrx_word' id='word_1_797' title='bbox 2711 5275 2944 5329; x_wconf 84' lang='lat' dir='ltr'><strong>viventis</strong></span> <span class='ocrx_word' id='word_1_798' title='bbox 2993 5283 3048 5330; x_wconf 90' lang='lat' dir='ltr'><strong>et</strong></span> <span class='ocrx_word' id='word_1_799' title='bbox 3089 5275 3412 5330; x_wconf 91' lang='lat' dir='ltr'><strong>immortalis</strong></span> <span class='ocrx_word' id='word_1_800' title='bbox 3442 5275 3559 5341; x_wconf 85' lang='lat' dir='ltr'><strong>Dei,</strong></span> 
     </span>
    </p>
   </div>
   <div class='ocr_carea' id='block_1_105' title="bbox 309 5365 3561 5440">
    <p class='ocr_par' dir='ltr' id='par_1_105' title="bbox 309 5365 3561 5440">
     <span class='ocr_line' id='line_1_105' title="bbox 309 5365 3561 5440; baseline -0.004 -8"><span class='ocrx_word' id='word_1_801' title='bbox 309 5377 387 5432; x_wconf 90' lang='lat' dir='ltr'><strong>illi</strong></span> <span class='ocrx_word' id='word_1_802' title='bbox 428 5377 561 5430; x_wconf 81' lang='lat' dir='ltr'><strong>ﬁunt</strong></span> <span class='ocrx_word' id='word_1_803' title='bbox 593 5372 834 5426; x_wconf 74' lang='lat' dir='ltr'><strong>haeredes</strong></span> <span class='ocrx_word' id='word_1_804' title='bbox 881 5371 1028 5440; x_wconf 85' lang='lat' dir='ltr'><strong>regni</strong></span> <span class='ocrx_word' id='word_1_805' title='bbox 1076 5369 1172 5424; x_wconf 91' lang='lat' dir='ltr'><strong>Dei</strong></span> <span class='ocrx_word' id='word_1_806' title='bbox 1202 5381 1256 5425; x_wconf 91' lang='lat' dir='ltr'><strong>et</strong></span> <span class='ocrx_word' id='word_1_807' title='bbox 1298 5369 1550 5440; x_wconf 87' lang='lat' dir='ltr'><strong>paradisi.</strong></span> <span class='ocrx_word' id='word_1_808' title='bbox 1576 5369 1655 5424; x_wconf 85' lang='lat' dir='ltr'><strong>Ad</strong></span> <span class='ocrx_word' id='word_1_809' title='bbox 1687 5383 1750 5424; x_wconf 87' lang='lat' dir='ltr'><strong>ea</strong></span> <span class='ocrx_word' id='word_1_810' title='bbox 1805 5381 1932 5423; x_wconf 90' lang='lat' dir='ltr'><strong>vero</strong></span> <span class='ocrx_word' id='word_1_811' title='bbox 1970 5366 2036 5420; x_wconf 89' lang='lat' dir='ltr'><strong>de</strong></span> <span class='ocrx_word' id='word_1_812' title='bbox 2090 5366 2284 5434; x_wconf 89' lang='lat' dir='ltr'><strong>quibus</strong></span> <span class='ocrx_word' id='word_1_813' title='bbox 2334 5382 2418 5420; x_wconf 88' lang='lat' dir='ltr'><strong>inc</strong></span> <span class='ocrx_word' id='word_1_814' title='bbox 2469 5367 2835 5434; x_wconf 87' lang='lat' dir='ltr'><strong>interrogasti,</strong></span> <span class='ocrx_word' id='word_1_815' title='bbox 2863 5365 2931 5420; x_wconf 88' lang='lat' dir='ltr'><strong>ad</strong></span> <span class='ocrx_word' id='word_1_816' title='bbox 2978 5380 3066 5429; x_wconf 86' lang='lat' dir='ltr'><strong>ea,</strong></span> <span class='ocrx_word' id='word_1_817' title='bbox 3097 5365 3342 5434; x_wconf 88' lang='lat' dir='ltr'><strong>inquam,</strong></span> <span class='ocrx_word' id='word_1_818' title='bbox 3381 5367 3561 5420; x_wconf 84' lang='lat' dir='ltr'><strong>omnia</strong></span> 
     </span>
    </p>
   </div>
   <div class='ocr_carea' id='block_1_106' title="bbox 308 5464 893 5540">
    <p class='ocr_par' dir='ltr' id='par_1_106' title="bbox 308 5464 893 5540">
     <span class='ocr_line' id='line_1_106' title="bbox 308 5464 893 5540; baseline -0.01 -17"><span class='ocrx_word' id='word_1_819' title='bbox 308 5477 498 5540; x_wconf 90' lang='lat' dir='ltr'><strong>postea</strong></span> <span class='ocrx_word' id='word_1_820' title='bbox 538 5464 893 5533; x_wconf 87' lang='lat' dir='ltr'><strong>respondebo.</strong></span> 
     </span>
    </p>
   </div>
   <div class='ocr_carea' id='block_1_107' title="bbox 381 5554 1886 5628">
    <p class='ocr_par' dir='ltr' id='par_1_107' title="bbox 381 5554 1886 5628">
     <span class='ocr_line' id='line_1_107' title="bbox 381 5554 1886 5628; baseline -0.005 -14"><span class='ocrx_word' id='word_1_821' title='bbox 381 5561 496 5614; x_wconf 88' lang='grc' dir='ltr'>Νῦν</span> <span class='ocrx_word' id='word_1_822' title='bbox 519 5560 574 5612; x_wconf 85' lang='grc' dir='ltr'><strong>δέ</strong></span> <span class='ocrx_word' id='word_1_823' title='bbox 604 5556 793 5628; x_wconf 86' lang='grc' dir='ltr'>ἐρωτῶ</span> <span class='ocrx_word' id='word_1_824' title='bbox 822 5573 881 5609; x_wconf 89' lang='grc' dir='ltr'><strong>σε</strong></span> <span class='ocrx_word' id='word_1_825' title='bbox 913 5556 1040 5626; x_wconf 71' lang='grc' dir='ltr'>περὶ</span> <span class='ocrx_word' id='word_1_826' title='bbox 1069 5554 1164 5608; x_wconf 89' lang='grc' dir='ltr'><strong>τοῦ</strong></span> <span class='ocrx_word' id='word_1_827' title='bbox 1195 5555 1316 5609; x_wconf 84' lang='grc' dir='ltr'>νέου</span> <span class='ocrx_word' id='word_1_828' title='bbox 1347 5557 1471 5610; x_wconf 87' lang='grc' dir='ltr'>θεοῦ</span> <span class='ocrx_word' id='word_1_829' title='bbox 1511 5573 1640 5622; x_wconf 90' lang='grc' dir='ltr'>σου,</span> <span class='ocrx_word' id='word_1_830' title='bbox 1671 5556 1886 5626; x_wconf 74' lang='grc' dir='ltr'>καὶτῆς</span> 
     </span>
    </p>
   </div>
   <div class='ocr_carea' id='block_1_108' title="bbox 309 5649 1882 5720">
    <p class='ocr_par' dir='ltr' id='par_1_108' title="bbox 309 5649 1882 5720">
     <span class='ocr_line' id='line_1_108' title="bbox 309 5649 1882 5720; baseline -0.003 -14"><span class='ocrx_word' id='word_1_831' title='bbox 309 5653 549 5716; x_wconf 75' lang='grc' dir='ltr'>πίστεώς</span> <span class='ocrx_word' id='word_1_832' title='bbox 586 5669 704 5704; x_wconf 91' lang='grc' dir='ltr'>σου.</span> <span class='ocrx_word' id='word_1_833' title='bbox 739 5651 864 5713; x_wconf 85' lang='grc' dir='ltr'>Πῶς</span> <span class='ocrx_word' id='word_1_834' title='bbox 906 5651 1001 5702; x_wconf 73' lang='grc' dir='ltr'><strong>καὶ</strong></span> <span class='ocrx_word' id='word_1_835' title='bbox 1039 5649 1167 5702; x_wconf 86' lang='grc' dir='ltr'>πότε</span> <span class='ocrx_word' id='word_1_836' title='bbox 1192 5651 1480 5718; x_wconf 75' lang='grc' dir='ltr'>γινώσκεις</span> <span class='ocrx_word' id='word_1_837' title='bbox 1513 5651 1609 5703; x_wconf 76' lang='grc' dir='ltr'><strong>καὶ</strong></span> <span class='ocrx_word' id='word_1_838' title='bbox 1663 5653 1720 5703; x_wconf 90' lang='grc' dir='ltr'><strong>ἐν</strong></span> <span class='ocrx_word' id='word_1_839' title='bbox 1745 5651 1882 5720; x_wconf 84' lang='grc' dir='ltr'>ποίῳ</span> 
     </span>
    </p>
   </div>
   <div class='ocr_carea' id='block_1_109' title="bbox 308 5741 1881 5820">
    <p class='ocr_par' dir='ltr' id='par_1_109' title="bbox 308 5741 1881 5820">
     <span class='ocr_line' id='line_1_109' title="bbox 308 5741 1881 5820; baseline -0.004 -19"><span class='ocrx_word' id='word_1_840' title='bbox 308 5745 497 5820; x_wconf 72' lang='grc' dir='ltr'>τρόπῳ</span> <span class='ocrx_word' id='word_1_841' title='bbox 528 5744 626 5816; x_wconf 80' lang='grc' dir='ltr'>τὴν</span> <span class='ocrx_word' id='word_1_842' title='bbox 663 5742 919 5811; x_wconf 79' lang='grc' dir='ltr'>τοιαύτην</span> <span class='ocrx_word' id='word_1_843' title='bbox 955 5741 1238 5810; x_wconf 74' lang='grc' dir='ltr'>θεολογίαν</span> <span class='ocrx_word' id='word_1_844' title='bbox 1265 5742 1587 5812; x_wconf 77' lang='grc' dir='ltr'>ἐδιδάχθης;</span> <span class='ocrx_word' id='word_1_845' title='bbox 1636 5742 1793 5805; x_wconf 87' lang='grc' dir='ltr'>Θεὸν,</span> <span class='ocrx_word' id='word_1_846' title='bbox 1821 5742 1881 5794; x_wconf 78' lang='grc' dir='ltr'>ὃν</span> 
     </span>
    </p>
   </div>
   <div class='ocr_carea' id='block_1_110' title="bbox 310 5831 1874 5905">
    <p class='ocr_par' dir='ltr' id='par_1_110' title="bbox 310 5831 1874 5905">
     <span class='ocr_line' id='line_1_110' title="bbox 310 5831 1874 5905; baseline -0.002 -17"><span class='ocrx_word' id='word_1_847' title='bbox 310 5834 652 5905; x_wconf 78' lang='grc' dir='ltr'>γινώσκομεν</span> <span class='ocrx_word' id='word_1_848' title='bbox 712 5834 874 5902; x_wconf 78' lang='grc' dir='ltr'>ἡμεῖς</span> <span class='ocrx_word' id='word_1_849' title='bbox 932 5831 981 5882; x_wconf 77' lang='grc' dir='ltr'>οἱ</span> <span class='ocrx_word' id='word_1_850' title='bbox 1030 5831 1387 5901; x_wconf 71' lang='grc' dir='ltr'>Χριστιανοὶ,</span> <span class='ocrx_word' id='word_1_851' title='bbox 1438 5831 1611 5896; x_wconf 72' lang='grc' dir='ltr'>οὐδεὶς</span> <span class='ocrx_word' id='word_1_852' title='bbox 1665 5832 1874 5902; x_wconf 77' lang='grc' dir='ltr'>ἑώρακε</span> 
     </span>
    </p>
   </div>
   <div class='ocr_carea' id='block_1_111' title="bbox 656 5923 1271 5984">
    <p class='ocr_par' dir='ltr' id='par_1_111' title="bbox 656 5923 1271 5984">
     <span class='ocr_line' id='line_1_111' title="bbox 656 5923 1271 5984; baseline 0 -1"><span class='ocrx_word' id='word_1_853' title='bbox 656 5925 924 5984; x_wconf 73' lang='grc' dir='ltr'>ΡΔτιιοι..</span> <span class='ocrx_word' id='word_1_854' title='bbox 967 5923 1081 5982; x_wconf 74' lang='lat' dir='ltr'><strong>(in.</strong></span> <span class='ocrx_word' id='word_1_855' title='bbox 1116 5923 1157 5980; x_wconf 61' lang='grc' dir='ltr'><strong>(ᾗ</strong></span> <span class='ocrx_word' id='word_1_856' title='bbox 1171 5923 1189 5982; x_wconf 91' lang='grc' dir='ltr'><strong>ι</strong></span> <span class='ocrx_word' id='word_1_857' title='bbox 1203 5923 1271 5983; x_wconf 82' lang='lat' dir='ltr'><strong>V.</strong></span> 
     </span>
    </p>
   </div>
   <div class='ocr_carea' id='block_1_112' title="bbox 2065 5550 3562 5622">
    <p class='ocr_par' dir='ltr' id='par_1_112' title="bbox 2065 5550 3562 5622">
     <span class='ocr_line' id='line_1_112' title="bbox 2065 5550 3562 5622; baseline 0 -17"><span class='ocrx_word' id='word_1_858' title='bbox 2065 5552 2169 5608; x_wconf 90' lang='lat' dir='ltr'><strong>Sed</strong></span> <span class='ocrx_word' id='word_1_859' title='bbox 2193 5551 2367 5622; x_wconf 90' lang='lat' dir='ltr'><strong>primo</strong></span> <span class='ocrx_word' id='word_1_860' title='bbox 2401 5551 2530 5604; x_wconf 85' lang='lat' dir='ltr'><strong>mihi</strong></span> <span class='ocrx_word' id='word_1_861' title='bbox 2573 5551 2733 5606; x_wconf 88' lang='lat' dir='ltr'><strong>liceat</strong></span> <span class='ocrx_word' id='word_1_862' title='bbox 2763 5550 3088 5620; x_wconf 67' lang='lat' dir='ltr'><strong>quaestiones</strong></span> <span class='ocrx_word' id='word_1_863' title='bbox 3118 5550 3281 5604; x_wconf 88' lang='lat' dir='ltr'><strong>etiam</strong></span> <span class='ocrx_word' id='word_1_864' title='bbox 3313 5550 3404 5604; x_wconf 89' lang='lat' dir='ltr'><strong>tibi</strong></span> <span class='ocrx_word' id='word_1_865' title='bbox 3443 5566 3562 5605; x_wconf 90' lang='lat' dir='ltr'><strong>ino-</strong></span> 
     </span>
    </p>
   </div>
   <div class='ocr_carea' id='block_1_113' title="bbox 1991 5640 3556 5709">
    <p class='ocr_par' dir='ltr' id='par_1_113' title="bbox 1991 5640 3556 5709">
     <span class='ocr_line' id='line_1_113' title="bbox 1991 5640 3556 5709; baseline 0 -13"><span class='ocrx_word' id='word_1_866' title='bbox 1991 5659 2118 5698; x_wconf 87' lang='lat' dir='ltr'><strong>vere</strong></span> <span class='ocrx_word' id='word_1_867' title='bbox 2144 5645 2209 5698; x_wconf 93' lang='lat' dir='ltr'><strong>de</strong></span> <span class='ocrx_word' id='word_1_868' title='bbox 2235 5654 2328 5697; x_wconf 89' lang='lat' dir='ltr'><strong>tuo</strong></span> <span class='ocrx_word' id='word_1_869' title='bbox 2360 5644 2465 5697; x_wconf 89' lang='lat' dir='ltr'><strong>isto</strong></span> <span class='ocrx_word' id='word_1_870' title='bbox 2493 5658 2629 5696; x_wconf 89' lang='lat' dir='ltr'><strong>novo</strong></span> <span class='ocrx_word' id='word_1_871' title='bbox 2663 5645 2763 5696; x_wconf 90' lang='lat' dir='ltr'><strong>deo</strong></span> <span class='ocrx_word' id='word_1_872' title='bbox 2785 5683 2798 5704; x_wconf 87' lang='lat'><strong>,</strong></span> <span class='ocrx_word' id='word_1_873' title='bbox 2827 5650 2881 5695; x_wconf 90' lang='lat' dir='ltr'><strong>et</strong></span> <span class='ocrx_word' id='word_1_874' title='bbox 2913 5642 2980 5696; x_wconf 93' lang='lat' dir='ltr'><strong>de</strong></span> <span class='ocrx_word' id='word_1_875' title='bbox 3037 5640 3140 5695; x_wconf 79' lang='lat' dir='ltr'><strong>llde</strong></span> <span class='ocrx_word' id='word_1_876' title='bbox 3170 5655 3331 5709; x_wconf 88' lang='lat' dir='ltr'><strong>quam</strong></span> <span class='ocrx_word' id='word_1_877' title='bbox 3388 5641 3556 5702; x_wconf 82' lang='lat' dir='ltr'><strong>foves.</strong></span> 
     </span>
    </p>
   </div>
   <div class='ocr_carea' id='block_1_114' title="bbox 1990 5735 3556 5805">
    <p class='ocr_par' dir='ltr' id='par_1_114' title="bbox 1990 5735 3556 5805">
     <span class='ocr_line' id='line_1_114' title="bbox 1990 5735 3556 5805; baseline -0.001 -14"><span class='ocrx_word' id='word_1_878' title='bbox 1990 5738 2271 5804; x_wconf 88' lang='lat' dir='ltr'><strong>Quomodo</strong></span> <span class='ocrx_word' id='word_1_879' title='bbox 2301 5745 2356 5792; x_wconf 86' lang='lat' dir='ltr'><strong>et</strong></span> <span class='ocrx_word' id='word_1_880' title='bbox 2389 5737 2531 5792; x_wconf 88' lang='lat' dir='ltr'><strong>unde</strong></span> <span class='ocrx_word' id='word_1_881' title='bbox 2562 5735 2628 5789; x_wconf 89' lang='lat' dir='ltr'><strong>ad</strong></span> <span class='ocrx_word' id='word_1_882' title='bbox 2681 5746 2731 5790; x_wconf 90' lang='lat' dir='ltr'><strong>te</strong></span> <span class='ocrx_word' id='word_1_883' title='bbox 2762 5735 3008 5805; x_wconf 81' lang='lat' dir='ltr'><strong>pervenit</strong></span> <span class='ocrx_word' id='word_1_884' title='bbox 3031 5735 3266 5804; x_wconf 82' lang='lat' dir='ltr'><strong>cognitio</strong></span> <span class='ocrx_word' id='word_1_885' title='bbox 3291 5735 3556 5803; x_wconf 83' lang='lat' dir='ltr'><strong>tua?Qna</strong></span> 
     </span>
    </p>
   </div>
   <div class='ocr_carea' id='block_1_115' title="bbox 1987 5827 3558 5899">
    <p class='ocr_par' dir='ltr' id='par_1_115' title="bbox 1987 5827 3558 5899">
     <span class='ocr_line' id='line_1_115' title="bbox 1987 5827 3558 5899; baseline 0 -13"><span class='ocrx_word' id='word_1_886' title='bbox 1987 5833 2095 5897; x_wconf 84' lang='lat' dir='ltr'><strong>via,</strong></span> <span class='ocrx_word' id='word_1_887' title='bbox 2126 5829 2214 5884; x_wconf 88' lang='lat' dir='ltr'><strong>tali</strong></span> <span class='ocrx_word' id='word_1_888' title='bbox 2239 5829 2480 5884; x_wconf 83' lang='lat' dir='ltr'><strong>doctrina</strong></span> <span class='ocrx_word' id='word_1_889' title='bbox 2507 5837 2561 5884; x_wconf 90' lang='lat' dir='ltr'><strong>et</strong></span> <span class='ocrx_word' id='word_1_890' title='bbox 2589 5828 2858 5899; x_wconf 83' lang='lat' dir='ltr'><strong>theologia</strong></span> <span class='ocrx_word' id='word_1_891' title='bbox 2907 5829 3143 5884; x_wconf 83' lang='lat' dir='ltr'><strong>imbutus</strong></span> <span class='ocrx_word' id='word_1_892' title='bbox 3167 5827 3308 5883; x_wconf 77' lang='lat' dir='ltr'><strong>l&#39;niSii</strong></span> <span class='ocrx_word' id='word_1_893' title='bbox 3329 5828 3351 5882; x_wconf 69' lang='grc' dir='ltr'><em>’ἒ</em></span> <span class='ocrx_word' id='word_1_894' title='bbox 3373 5828 3558 5895; x_wconf 80' lang='lat' dir='ltr'><strong>Quoad</strong></span> 
     </span>
    </p>
   </div>
   <div class='ocr_carea' id='block_1_116' title="bbox 3003 5917 3078 5977">
    <p class='ocr_par' dir='ltr' id='par_1_116' title="bbox 3003 5917 3078 5977">
     <span class='ocr_line' id='line_1_116' title="bbox 3003 5917 3078 5977; baseline 0.013 -1"><span class='ocrx_word' id='word_1_895' title='bbox 3003 5917 3078 5977; x_wconf 65' lang='grc' dir='ltr'>Ιώ</span> 
     </span>
    </p>
   </div>
  </div>
