4146 6442
638 399 768 463 1387

1774 397 2340 461 BARTHOLOM/EI
2379 395 2755 458 EDESSENI

3752 400 3871 468 1338

636 532 765 581 nos,
799 514 976 571 nullus
1010 528 1249 585 unquam
1304 514 1440 570 vidit
1474 514 1641 571 Deum
1675 528 1837 586 quem
1893 530 1992 570 nos
2056 513 2219 570 Chri-

2324 510 2573 576 πώποτε,
2615 511 2739 565 οὔτε
2782 512 2895 575 τοῖς
2928 510 3179 581 ἀγγέλοις
3207 552 3221 577 ,
3254 512 3377 567 οὕτε
3407 515 3517 579 τοῖς
3562 517 3873 587 προφήταις,

634 609 802 665 stiani
838 607 1092 671 colimus,
1129 622 1301 677 neque
1332 607 1561 678 angelis,
1602 623 1777 676 neque
1797 608 2093 677 prophetis,
2118 621 2215 661 ne-

635 717 740 773 que
790 701 881 755 ulli
926 702 1202 755 hominum
1260 701 1411 755 visus
1448 710 1551 764 est,
1585 715 1759 768 neque
1795 699 2069 753 multoties
2100 713 2217 752 ma-

636 793 915 849 nifestavit
974 795 1211 861 seipsum
1266 794 1517 859 cuiquam
1587 790 1805 845 mortali
1872 799 1929 845 et
1985 799 2216 845 terrena:

635 893 919 945 creatura),
956 880 1099 936 sicut
1124 890 1179 935 tu
1212 881 1391 949 inepte
1446 881 1647 935 asseris
1716 880 1890 936 Deum
1942 880 2216 935 multoties

638 973 906 1027 salutasse
955 982 1012 1027 et
1053 973 1232 1028 adhuc
1283 972 1511 1040 singulis
1558 972 1747 1027 diebus
1789 971 2217 1040 salvarejubere

640 1072 789 1117 tuum
818 1061 1201 1115 Mahumetem.
1236 1060 1293 1115 Si
1327 1076 1456 1115 vero
1491 1061 1693 1116 asseris
1712 1072 1765 1117 te
1796 1063 1964 1116 Deum
1999 1061 2217 1117 novisse

636 1154 941 1209 ministerio
980 1153 1324 1219 Mahumetis,
1370 1155 1617 1222 sequitur
1651 1154 1793 1218 quod
1825 1154 1913 1209 ille
1941 1154 2010 1208 sit
2027 1155 2134 1207 dux
2161 1164 2216 1209 et

635 1254 1044 1299 consummatur
1100 1246 1223 1297 vita:
1256 1255 1393 1309 tua);
1425 1245 1550 1298 hinc
1591 1243 1739 1297 illum
1784 1258 1948 1298 vocas
1980 1246 2215 1315 prophe-

634 1347 742 1390 tam
805 1347 860 1390 et
905 1336 1206 1405 apostolum
1264 1336 1376 1388 Dei.
1420 1333 1685 1390 Omnibus
1742 1349 1871 1389 vero
1919 1346 2101 1389 notum
2134 1346 2217 1389 est

632 1426 994 1482 Mahumetam
1030 1441 1127 1481 nec
1147 1425 1467 1495 prophetam
1494 1442 1593 1481 nec
1624 1425 1928 1495 apostolum
1951 1425 2040 1480 Dei
2073 1442 2213 1494 esse,

633 1518 727 1572 sed
765 1517 911 1570 illum
934 1527 1139 1569 tantum
1169 1516 1333 1571 fuisse
1357 1516 1640 1571 alumnum
1672 1516 1989 1587 Abutalepi,
2022 1527 2212 1571 etser-

634 1625 760 1665 vum
811 1609 1055 1673 Cadizac,
1105 1609 1260 1678 cujus
1287 1608 1524 1664 camelos
1586 1610 1808 1679 regebat
1876 1622 1931 1664 et
1980 1610 2216 1664 ducebat

637 1705 956 1758 Damascum
1002 1711 1260 1755 oneratos
1306 1700 1473 1753 variis
1525 1701 1821 1764 mercibus,
1862 1710 1919 1755 et
1963 1700 2031 1755 ad
2082 1700 2217 1753 alios

635 1796 800 1850 etiam
836 1794 1060 1864 populos
1088 1793 1297 1847 deloco
1352 1793 1407 1847 in
1449 1792 1624 1846 locum
1671 1795 1950 1861 pergebat,
1998 1793 2212 1861 negotia

2318 603 2441 657 οὔτε
2500 603 2609 656 τινὶ
2675 603 2785 655 τῶν
2844 602 3149 673 ἀνθρώπων
3236 604 3427 675 ώράθη
3453 648 3467 672 ,
3528 606 3655 660 οὔτε
3729 611 3876 663 πάλιν

2317 696 2663 765 ἐφανέρωσεν
2713 699 2742 751 6
2801 697 2934 760 Θεὸς
2985 697 3175 749 ἑαυτὸν
3233 697 3403 767 χοῖκῷ
3470 715 3615 765 τινι,
3689 700 3763 762 ώς
3821 702 3876 753 σὺ

2319 786 2581 857 φλυαρεῖς
2602 786 2776 854 λέγων
2800 787 2882 839 ὅτι
2912 787 3035 839 καθ’
3076 786 3317 856 ἑκάστην
3346 790 3373 841 6
3401 788 3531 851 Θεὸς
3555 791 3879 860 ὲχαιρέτιζεν

2317 876 2413 929 καλ⁸
2436 876 2732 947 χαιρετιζει
2766 877 3084 947 Μουχάμετ.
3120 879 3229 932 Καὶ
3254 879 3303 929 εἰ
3336 877 3436 947 μὲν
3464 878 3666 947 λέγεις,
3702 880 3781 931 ὅτι
3801 883 3880 932 τὸν

2316 966 2450 1020 Θεὸν
2484 969 2547 1020 ὲκ
2574 967 2669 1021 τοῦ
2708 968 3008 1039 Μουχάμετ
3058 968 3378 1037 γινώσκεις,
3414 969 3601 1024 λοιπὸν
3648 972 3881 1034 κάκεῖνός

2318 1056 2467 1108 ἐστιν
2498 1056 2528 1108 6
2554 1057 2798 1126 ἀρχηγὸς
2824 1058 2923 1127 τῆς
2946 1057 3091 1127 ζωῆς
3122 1074 3239 1123 σου,
3271 1058 3368 1110 καὶ
3392 1057 3483 1109 διὰ
3508 1058 3674 1111 τοῦτο
3713 1059 3882 1123 aculei;

2317 1148 2479 1201 αὑτὸν
2506 1150 2797 1219 προφήτην
2816 1150 2909 1201 καὶ
2939 1148 3237 1202 ἀπόστολον
3258 1147 3417 1203 Θεοῦ.
3446 1149 3587 1202 [ἰᾶσι
3618 1149 3883 1221 γνώριμον

2317 1240 2418 1309 ἔνι,
2458 1244 2541 1296 ὅτι
2564 1245 2592 1295 6
2627 1242 2932 1313 Μουχάμετ
2958 1241 3082 1295 οὕτε
3110 1243 3414 1314 προφήτης,
3450 1241 3569 1296 οὗτε
3600 1243 3885 1306 ἀπόστολος

2316 1334 2451 1387 Θεοῦ
2471 1335 2727 1404 ὑπάρχει,
2748 1336 2796 1386 εἰ
2817 1333 2892 1405 μὴ
2918 1334 3254 1405 ἀναθρεπτὸς
3278 1334 3386 1401 τοῦ,
3408 1333 3884 1399 Ἀπουταλεπὶ,καὶ

2320 1427 2622 1498 μισΘάργος
2644 1426 2747 1497 τῆς
2774 1426 3021 1490 Χατίζας
3042 1428 3124 1490 εἰς
3149 1428 3218 1481 τὰ
3250 1428 3515 1498 καμήλια,
3538 1428 3573 1481 ἃ
3599 1429 3885 1497 ἐπεφέρετο

2316 1522 2397 1584 εἱς
2416 1520 2728 1591 Δαμασκὸν,
2752 1520 2849 1574 κα¹ι
2874 1521 2955 1584 εἰς
2976 1521 3197 1591 ἑτέρους
3222 1520 3421 1583 τόπους
3458 1523 3882 1591 πεφορτωμένων

2317 1612 2735 1684 πραγματειῶν,
2762 1614 3142 1684 μεταϐιϐάζων
3160 1614 3331 1669 ταῦτα
3352 1618 3416 1669 ὲκ
3433 1616 3597 1669 τόπου
3614 1618 3694 1679 εἰς
3714 1618 3882 1679 τόπον,

2316 1707 2411 1759 καὶ
2428 1707 2954 1777 πραγματευόμενος
2976 1708 3080 1761 ὑπὸ
3094 1708 3192 1779 τῆς
3212 1707 3469 1779 ῥηθείσης
3496 1709 3694 1780 κυρίας
3712 1710 3878 1764 αὑτοῦ.

2318 1799 2428 1851 Καὶ
2455 1799 2517 1852 τὸ
2574 1800 2880 1871 Κουράνιόν
2937 1817 3031 1853 σου
3087 1804 3357 1871 μαρτυρεῖ
3397 1802 3526 1872 περὶ
3572 1802 3761 1865 αὑτοῦ,
3814 1804 3881 1856 ὅτι

634 1903 834 1959 gerens
856 1894 912 1940 et
942 1886 1336 1940 administrans
1387 1884 1655 1953 pradicas
1713 1899 1826 1940 sua:
1863 1885 2113 1968 domina.
2156 1882 2222 1937 Et

2321 1891 2617 1961 τριάκοντα
2669 1891 2764 1945 δύο
2794 1892 3021 1963 χρόνους
3077 1893 3302 1957 ἄπιστος
3362 1893 3633 1964 ὑπῆρχεν,
3685 1895 3881 1963 καὶτῆς

634 1982 938 2035 Alcoranus
996 1989 1121 2032 tuus
1175 1978 1241 2032 de
1290 1977 1378 2031 illo
1432 1984 1683 2041 testatur,
1730 1976 1991 2031 nimirum
2040 1976 2217 2045 spatio

640 2074 864 2144 triginta
908 2074 1137 2126 duorum
1203 2084 1466 2123 annorum
1500 2069 1647 2122 illum
1682 2070 1886 2123 vixisse
1932 2070 2050 2123 sine
2086 2069 2212 2123 ﬁde.

638 2165 1123 2234 Memoratquippe
1156 2162 1304 2216 illum
1347 2162 1658 2229 implevisse
1698 2162 2056 2231 quadraginta
2089 2176 2216 2229 scp-

640 2269 747 2315 tem
788 2272 979 2320 annos,
1011 2253 1188 2322 spatio
1227 2253 1535 2322 quindecim
1595 2268 1862 2306 annorum
1895 2254 2043 2307 illum
2088 2253 2216 2306 reli-

637 2350 944 2426 giosissime
978 2348 1204 2410 vixisse,
1230 2346 1323 2399 scd
1353 2344 1579 2397 aliorum
1611 2345 1828 2414 triginta
1878 2346 2107 2398 duorum
2137 2346 2218 2398 in-

640 2441 862 2499 tervallo
892 2449 1003 2496 toto
1059 2439 1203 2493 illmn
1235 2438 1454 2503 vixisse,
1488 2437 1605 2490 sine
1635 2436 1764 2499 Deo,
1790 2437 1909 2491 sine
1962 2437 2097 2507 lege,
2124 2438 2220 2491 im-

635 2532 748 2604 pie,
816 2540 869 2584 et
924 2527 1176 2599 pessimis
1232 2525 1575 2594 dogmatibus
1636 2523 2114 2589 obnoxium.Quin
2164 2530 2219 2575 et

637 2626 756 2696 ipse
805 2622 962 2677 duxit
1000 2622 1185 2677 decem
1223 2633 1446 2684 uxores,
1475 2627 1530 2672 et
1586 2618 1859 2672 sexdecim
1888 2616 2219 2671 concubinas

638 2717 902 2785 captivas.
922 2713 1069 2777 Jam,
1092 2727 1296 2781 quaeso,
1321 2710 1533 2764 declara
1564 2710 1780 2778 quando
1809 2708 1926 2762 illas
1946 2709 2217 2774 habuerit,

636 2824 709 2863 an
740 2819 981 2877 tempore
1011 2821 1122 2860 sua:
1152 2803 1468 2874 impietatis,
1495 2817 1562 2855 an
1615 2816 1745 2855 vero
1776 2816 1897 2854 cum
1927 2800 2094 2854 Deum
2124 2816 2219 2855 co-

636 2904 753 2958 lere
781 2900 947 2969 capit
1002 2909 1056 2953 et
1083 2896 1333 2966 religiose
1374 2895 1573 2948 vivere.
1609 2893 1665 2947 Si
1724 2893 1983 2946 memoria
2015 2908 2215 2962 suppe-

638 2996 968 3059 tit,ostende
999 2990 1202 3060 aliquid
1226 3004 1333 3059 quo
1366 2989 1467 3042 hoc
1498 2986 2041 3056 possitcomprobari.
2074 2987 2222 3040 Insu-

639 3104 738 3159 per
763 3085 1039 3139 Mahumet
1068 3097 1131 3136 ex
1160 3091 1381 3151 peccato
1408 3090 1461 3133 et
1501 3078 1712 3133 semine
1745 3078 1981 3132 humano
2019 3077 2221 3131 forma-

2319 1984 2468 2054 ζωῆς
2512 1984 2678 2038 αὑτοῦ
2705 1983 2872 2053 οὑσης
2906 1986 3115 2056 χρόνων
3146 1986 3554 2056 τεσσαράκοντα
3580 1986 3745 2051 ἑπτὰ,
3780 1988 3880 2049 πῶς

2317 2073 2444 2137 τοὺς
2465 2075 2626 2128 πέντε
2652 2073 2749 2128 καὶ
2778 2074 2919 2128 δέκα
2948 2074 3171 2147 χρόνους
3196 2075 3442 2144 ὑπῆρχεν
3463 2075 3748 2147 θεοσεϐὴς,
3774 2077 3881 2139 τοὺς

2316 2165 2374 2220 δὲ
2400 2165 2701 2236 τριάκοντα
2750 2166 2843 2219 δύο
2873 2168 3009 2237 μήτε
3040 2166 3171 2219 Θεὸν
3202 2166 3513 2235 γινώσκων,
3566 2169 3710 2239 μήτε
3740 2169 3881 2237 νόμον

2319 2255 2485 2326 ἔχων,
2516 2256 2653 2309 ἀλλὰ
2679 2256 2883 2327 ἀσεϐὴς
2917 2257 3010 2309 καὶ
3039 2256 3331 2320 κακόδοξος
3355 2257 3631 2328 ὑπῆρχεν.
3661 2259 3770 2312 Καὶ
3800 2259 3880 2311 λα-

2318 2346 2430 2400 ϐὼν
2466 2350 2731 2416 γυναῖκας
2758 2348 2911 2411 δέκα,
2950 2348 3043 2400 καὶ
3091 2346 3334 2410 σκλάϐας
3377 2348 3471 2413 ις’,
3514 2349 3648 2402 πότε
3703 2349 3880 2412 ταύτας

2318 2438 2531 2503 ἐλαϐεν,
2550 2439 2723 2506 δεῖξόν
2748 2457 2859 2509 μοι.
2878 2440 3034 2494 Μετὰ
3048 2440 3109 2492 τὸ
3134 2440 3475 2511 Οεοσεϐῆσαι,
3500 2442 3532 2512 ἥ
3564 2441 3671 2513 πρὸ
3684 2442 3879 2508 τούτους

2320 2530 2599 2596 ὑπόδειξον
2638 2548 2729 2600 μοι
2773 2530 2872 2602 τὴν
2907 2532 3034 2603 περὶ
3075 2531 3266 2585 τούτου
3296 2532 3549 2603 δήλωσιν,
3598 2533 3695 2585 ἐὰν
3737 2529 3878 2595 οἶδας.

2319 2624 2432 2678 Καὶ
2466 2624 2630 2677 πάλιν
2656 2627 2683 2677 6
2706 2625 3009 2695 Μουχάμετ
3053 2625 3161 2678 ἀπὸ
3201 2625 3478 2696 ἁμαρτίας
3514 2626 3610 2679 καὶ
3644 2625 3879 2695 σπέρμα-

2318 2734 2410 2781 τος
2430 2716 2775 2787 ἀνθρωπίνου
2790 2718 2963 2771 ἐστίν.
2992 2718 3103 2785 Καὶ
3125 2718 3287 2779 αὑτὸς
3312 2719 3581 2788 ἥμαρτεν,
3610 2719 3705 2771 καὶ
3729 2720 3884 2770 ἐσπει-

2322 2826 2435 2882 ρεν.
2462 2810 2585 2872 Πῶς
2609 2806 2703 2862 οὖν
2730 2810 2893 2862 αὑτὸν
2921 2809 3122 2877 λέγεις,
3149 2810 3231 2862 ὅτι
3264 2808 3491 2877 ἀδελφός
3507 2812 3626 2863 ἐστι
3654 2810 3746 2862 τοῦ
3764 2811 3882 2879 Χρι-

2321 2898 2449 2952 στοῦ
2470 2916 2484 2964 ;
2510 2901 2591 2951 ὅτι
2620 2900 2681 2952 οὑ
2716 2900 2872 2969 μόνον
2889 2899 3211 2969 ἁμαρτωλός
3236 2901 3406 2963 ἐστιν,
3425 2899 3560 2953 ἀλλά
3581 2904 3675 2954 καὶ
3698 2901 3760 2954 δι’
3780 2901 3880 2953 ὅλον

2319 2990 2513 3061 ἐχθρὸς
2536 2991 2631 3043 τοῦ
2655 2991 2812 3056 Θεοῦ,
2835 2991 3016 3055 καθὼς
3035 2989 3349 3059 γινώσκεις,
3374 2993 3457 3045 ὅτι
3489 2992 3599 3064 πρὸ
3614 2993 3708 3045 τοῦ
3734 2992 3883 3045 θεοσε-

2325 3082 2515 3152 ϐῆσαι,
2538 3082 2633 3135 καλ⁸
2660 3082 2920 3153 κλέπτης,
2946 3082 3043 3136 καὶ
3070 3082 3401 3151 νυκτοπόρος
3425 3083 3673 3153 ὑπῆρχεν
3696 3083 3784 3135 καὶ
3799 3082 3883 3154 λῃ-

640 3193 731 3237 tus
761 3187 865 3243 est,
900 3184 953 3231 et
988 3174 1078 3228 ille
1111 3175 1225 3241 ipse
1253 3171 1499 3240 peccavit
1557 3180 1607 3226 et
1656 3169 1839 3223 liberis
1867 3169 2218 3238 procreandis

2322 3172 2475 3240 στὴς,
2506 3172 2598 3224 καὶ
2619 3172 2712 3225 ἐπὶ
2741 3171 2838 3234 τὰς
2859 3173 3157 3242 στρωμνὰς
3205 3171 3432 3234 πολλοὺς
3470 3172 3579 3225 τῶν
3605 3171 3884 3242 ἀνθρώπων

639 3287 865 3345 operam
923 3269 1105 3334 dedit;
1146 3265 1418 3335 quomodo
1472 3278 1603 3333 ergo
1659 3263 1799 3317 dicis
1852 3262 2000 3317 illum
2048 3263 2217 3317 fuisse

639 3365 863 3420 fratrem
895 3357 1283 3422 Christi;cum
1338 3369 1442 3407 non
1498 3352 1670 3407 solum
1731 3351 1893 3405 fuerit
1942 3362 2218 3420 peccator,

2325 3264 2637 3333 ἐφόνευσεν.
2671 3265 2780 3316 Καὶ
2804 3264 2979 3333 ταῦτα
2998 3263 3087 3316 διὰ
3119 3266 3402 3332 γυναῖκας,
3422 3266 3515 3316 καὶ
3560 3263 3628 3316 δι’
3672 3266 3883 3332 ἄκριτον

2323 3356 2470 3427 μίξιν
2484 3354 2798 3427 ἐξωνήσατο
2813 3357 3037 3427 βοτάνια
3058 3373 3123 3409 συ
3133 3355 3478 3426 μϐαλλόμενα
3493 3356 3669 3409 ταῦτα
3687 3374 3711 3409 ε
3722 3359 3763 3420 ἱς
3774 3371 3882 3426 πορ-

640 3456 736 3511 sed
792 3450 1189 3507 infensissimus
1242 3446 1334 3499 Dei
1371 3446 1543 3500 hostis
1600 3453 1656 3497 ut
1697 3447 1810 3514 ipse
1868 3443 2121 3512 agnoscis
2168 3454 2222 3499 et

2319 3452 2469 3505 νείαν
2493 3451 2741 3521 ἄσχετον,
2771 3453 2849 3516 ὡς
2884 3452 2959 3523 μὴ
2985 3452 3123 3515 ὅλως
3152 3452 3312 3522 κόρον
3336 3452 3476 3521 ἔχων
3508 3455 3607 3522 τῆς
3650 3452 3880 3516 τοιαύτης

641 3545 923 3603 confiteris
962 3561 977 3598 :
1020 3556 1143 3595 nam
1200 3549 1492 3606 antequam
1553 3537 1719 3589 vitam
1758 3536 2062 3605 religiosam
2107 3550 2222 3588 am-

2320 3540 2639 3610 ὲπιουμιας,
2658 3544 2827 3613 ὅνπερ
2857 3544 2923 3595 δι’
2942 3542 3066 3594 ὅλου
3104 3542 3224 3613 μεθ’
3246 3542 3437 3596 ἑαυτοῦ
3464 3539 3599 3613 εἶχε,
3623 3543 3880 3614 χρώμενος

641 3638 995 3710 plecteretur,
1028 3639 1148 3685 erat
1182 3628 1289 3695 fur,
1314 3627 1473 3693 latro,
1506 3637 1805 3681 nocturnus
1857 3627 2071 3681 viarum
2134 3628 2220 3682 in-

2321 3630 2400 3700 τῷ
2430 3633 2655 3702 τοιούτῳ
2685 3634 2778 3687 ἐπὶ
2815 3636 2884 3703 τῇ
2915 3633 3081 3687 αὑτοῦ
3112 3634 3365 3706 ἐργασίᾳ.

643 3747 825 3790 sessor
851 3731 940 3799 qui
968 3726 1396 3797 quamplurimos
1419 3723 1471 3777 in
1505 3722 1728 3776 insidias
1760 3736 1896 3790 quas
1942 3731 2217 3777 struxerat
2254 3723 2507 3792 delapsos
2540 3729 2777 3782 violenta
2848 3738 3019 3783 morte
3091 3731 3341 3798 peremit.
3387 3729 3651 3785 Praeterea
3686 3740 3875 3798 prepter

643 3842 868 3891 uxores,
914 3834 968 3878 et
1013 3825 1362 3890 impotentem
1407 3820 1971 3887 intemperantemque
2019 3822 2221 3875 coitum
2264 3823 2461 3877 herbas
2525 3824 2736 3879 solebat
2802 3838 2985 3878 emere
3038 3824 3234 3892 quibus
3267 3840 3517 3880 venerem
3549 3836 3603 3879 et
3627 3824 3875 3879 libidinem

642 3924 901 3979 ell’renem
927 3916 1277 3977 conciliaret;
1312 3914 1446 3967 adeo
1479 3920 1538 3965 ut
1596 3926 1869 3980 nunquam
1915 3911 2143 3967 satiatus
2201 3919 2482 3971 recederet
2541 3917 2609 3971 ab
2642 3917 2760 3971 istis
2821 3918 3009 3986 pravis
3047 3918 3356 3982 desideriis,
3398 3919 3593 3985 quibus
3615 3935 3711 3987 per
3737 3927 3876 3971 totum

642 4017 769 4072 vita:
821 4010 1151 4068 curriculum
1198 4006 1302 4063 fuit
1367 4004 1659 4071 obnoxius,
1704 4019 1833 4059 usus
1884 4004 2005 4060 istis
2052 4006 2295 4062 moribus
2337 4016 2595 4079 tanquam
2656 4012 2918 4065 exercitio
2970 4026 3077 4080 quo
3132 4012 3234 4066 sibi
3299 4011 3505 4066 lucrum
3553 4021 3609 4067 et
3646 4020 3876 4082 quaastum

643 4114 1016 4177 compararet.

713 4201 891 4267 Quare
924 4210 1052 4267 ergo
1077 4193 1395 4264 prophetam
1426 4200 1480 4247 et
1540 4190 1845 4261 apostolum
1884 4189 1979 4245 Dei
2022 4191 2229 4246 vocatis

643 4290 797 4344 illum
847 4287 937 4356 qui
997 4285 1098 4339 fuit
1133 4281 1560 4353 inipurissimus,
1588 4279 1735 4333 omni
1786 4280 2075 4333 criminum
2110 4279 2231 4334 labe

646 4381 1072 4442 contaminatus,
1102 4376 1264 4440 latro,
1295 4375 1554 4444 injustus,
1578 4371 1871 4437 homicida,
1898 4381 2102 4442 raptor.
2135 4371 2231 4426 Dic

652 4473 806 4539 .uihi,
835 4485 1046 4541 quaeso,
1083 4468 1213 4539 quid
1248 4464 1520 4535 significet
1548 4466 1832 4536 pr0phetia
1870 4474 1926 4519 et
1954 4464 2227 4534 apostola-

2401 4191 2605 4245 Λοιπὸν
2634 4190 2725 4245 διὰ
2750 4193 2804 4244 τί
2824 4190 2989 4245 αὑτὸν
3016 4192 3305 4263 προφήτην
3328 4191 3421 4244 καὶ
3443 4191 3738 4247 ἀπόστολον
3766 4188 3876 4244 Θεοῦ

2331 4284 2518 4348 καλεῖς
2545 4284 2740 4353 λάγνον
2778 4285 2932 4351 ὄντα,
2974 4286 3071 4339 καὶ
3119 4284 3364 4338 τοιοῦτον
3422 4285 3762 4356 παμμίαρον,
3802 4284 3879 4337 καὶ

2330 4374 2557 4446 λῃστὴν,
2588 4377 2686 4429 καὶ
2714 4376 2916 4439 ἄδικον,
2941 4376 3036 4429 καὶ
3067 4376 3253 4444 φονέα,
3286 4374 3381 4429 καὶ
3409 4375 3636 4444 ἅρπαγα
3661 4394 3675 4442 ;
3698 4376 3878 4445 Φράσον

2335 4483 2447 4535 μοι,
2488 4466 2542 4519 τί
2599 4468 2970 4537 ἑρμηνεύεται
3044 4465 3392 4535 προφητεία,
3454 4467 3550 4518 καὶ
3595 4465 3875 4524 ἀπόστολος.

649 4575 759 4619 tus.
803 4531 1023 4618 Centum
1075 4570 1162 4614 est
1212 4568 1269 4614 et
1318 4558 1465 4612 Deus
1504 4559 1677 4624 novit,
1742 4566 1795 4611 te
1852 4556 1952 4611 hoc
2005 4571 2222 4626 prorsus

2336 4531 2495 4610 Οἶδεν
2523 4560 2551 4611 6
2577 4531 2847 4622 Θεὸςίὸτι
2874 4559 2935 4611 οὑ
2968 4531 3281 4626 γινώσκεις,
3315 4558 3363 4609 εἰ
3387 4558 3463 4628 μὴ
3503 4557 3752 4627 διδαχϐῇς
3789 4554 3876 4607 ἀπὸ

650 4658 921 4729 ignorare,
975 4654 1076 4708 nisi
1127 4654 1231 4708 hoc
1289 4667 1318 4706 a
1379 4651 1694 4707 Christiano
1746 4653 1897 4720 prius
1954 4651 2230 4705 didiceris.

649 4749 697 4804 ,Ο
757 4749 1042 4817 impudens
1096 4754 1147 4799 et
1213 4744 1608 4799 inverecunde!
1661 4752 1715 4797 tu
1772 4741 2054 4797 confiteris
2113 4740 2232 4793 Mn-

655 4843 992 4894 hammedem
1038 4838 1214 4907 Spatio
1266 4837 1487 4905 triginta
1542 4836 1769 4889 duorum
1824 4849 2092 4888 annorum
2134 4848 2234 4887 nec

653 4934 820 4986 fuisse
855 4930 1194 5000 prophetam,
1230 4945 1328 4983 nec
1358 4928 1855 4998 prophetizantem,
1893 4942 1993 4981 nec
2019 4920 2234 4993 aposto-

654 5023 789 5087 lum,
824 5037 925 5075 nec
957 5022 1261 5084 docentem,
1291 5035 1390 5073 nec
1413 5018 1505 5072 Dei
1524 5019 1809 5085 cultorem,
1841 5035 1940 5075 nec
1959 5031 2229 5084 orantem,

656 5129 759 5168 nec
814 5122 1231 5181 cognoscentem
1293 5112 1483 5177 Deum,
1528 5111 1622 5165 sed
1675 5120 1794 5179 post
1862 5111 2103 5178 elapsum
2162 5111 2235 5164 is-

655 5213 835 5259 torum
872 5218 1139 5256 annorum
1168 5202 1525 5267 curriculum,
1560 5202 1868 5270 cognitione
1922 5203 2101 5255 divina
2140 5202 2233 5254 im-

656 5295 845 5351 butum
911 5295 1102 5349 fuisse.
1154 5296 1260 5348 Sed
1304 5296 1348 5348 si
1414 5296 1515 5347 ista
1563 5293 1747 5346 omnia
1796 5308 2020 5363 negares
2075 5294 2230 5363 quasi

655 5402 777 5456 quae
813 5400 919 5440 non
974 5386 1302 5453 contigerint
1338 5387 1444 5437 isto
1504 5384 1721 5453 triginta
1780 5386 2007 5437 duorum
2060 5400 2230 5437 anno-

656 5494 777 5534 rum
827 5478 1023 5546 spatio,
1053 5492 1219 5544 quare
1267 5477 1454 5530 eadem
1509 5476 1720 5528 ratione
1758 5489 1855 5543 ego
1887 5475 2233 5530 Christianus

656 5585 761 5623 non
790 5583 1042 5639 negarem
1069 5583 1129 5620 ea
1158 5584 1274 5635 qua:
1302 5567 1663 5619 Mnhammedi
1694 5569 1991 5636 contigisse
2030 5570 2232 5623 asseris

656 5662 966 5730 quindecim
1002 5660 1105 5711 illis
1135 5660 1289 5712 annis
1318 5670 1437 5723 post
1473 5660 1687 5726 triginta
1719 5660 1851 5712 duos
1913 5674 2083 5713 annos
2131 5676 2229 5727 po-

657 5748 1098 5817 sterinsclapsis?
1120 5748 1221 5801 Sed
1249 5750 1445 5815 primo,
1470 5750 1821 5816 qiitcso,iloce
1854 5764 1937 5801 me
1964 5750 2233 5815 quomodo

654 5840 910 5909 ﬂagitavit
971 5840 1239 5904 Ucum,ct
1291 5844 1341 5892 in
1401 5856 1505 5910 qua
1551 5840 1721 5893 forma
1754 5838 1855 5893 ?Si
1907 5842 2050 5893 cnim
2100 5841 2233 5895 dicis

2334 4646 2689 4717 Χριστιανοῦ.
2726 4644 2796 4701 Ὦ
2839 4648 3233 4720 ἀνερυθρίαστε
3285 4648 3380 4702 καὶ
3434 4648 3782 4718 ἀναίσχυντεξ
3826 4644 3876 4695 οὐ

2334 4738 2638 4807 ὁμολογεῖς,
2668 4741 2804 4795 ὃτιὸ
2857 4740 3159 4811 Μουχάμετ
3220 4740 3514 4810 τριάκοντα
3540 4739 3631 4793 δύο
3682 4739 3879 4811 χρόνους

2338 4832 2476 4901 μήτε
2494 4834 2801 4904 προφήτης,
2828 4835 2969 4905 μήτε
2996 4832 3358 4903 προφητεύων
3386 4829 3473 4904 ἦν,
3505 4835 3639 4903 μήτε
3667 4832 3874 4885 ἀπόστο-

2333 4922 2445 4989 λος,
2482 4927 2619 4996 μήτε
2649 4926 2938 4987 διδάσκων,
2967 4927 3106 4996 μήτε
3127 4924 3404 4995 οεοσεϐὴς,
3436 4926 3572 4994 μήτε
3595 4924 3874 4994 εὐχόμενος.

2338 5018 2477 5086 μήτε
2507 5017 2794 5086 γινώσκων
2829 5017 2981 5083 Θεὸν,
3021 5017 3158 5072 ἀλλὰ
3189 5016 3327 5086 μετὰ
3355 5016 3527 5069 ταῦτα
3568 5016 3699 5068 Θεὸν
3736 5011 3876 5081 ἐγνὼο

2339 5128 2509 5183 ρισεν.
2546 5111 2687 5163 Ἀλλ’
2723 5110 2912 5181 ἐπειδὴ
2939 5112 3003 5163 ὲκ
3028 5108 3233 5162 τούτων
3262 5109 3381 5172 ὅλος
3411 5108 3635 5180 ἔξαρνος
3657 5109 3873 5177 γένηται,

2333 5204 2409 5267 ὼς
2440 5203 2514 5274 μὴ
2541 5203 2846 5271 γεγονότων
2886 5205 2949 5254 ἐκ
2971 5201 3066 5255 τοῦ
3103 5202 3403 5271 Μούχάμετ
3433 5200 3573 5253 κατὰ
3600 5201 3725 5263 τοὺς
3749 5194 3875 5265 τριάο

2336 5314 2500 5349 κοντα
2549 5297 2644 5349 δύο
2682 5296 2908 5365 χρόνους
2941 5313 2955 5326 ο
3014 5294 3131 5357 πῶς
3185 5292 3338 5362 κάγὼ
3374 5294 3402 5346 6
3442 5290 3756 5362 Χριστιανὸς
3796 5285 3875 5338 οὐκ

2335 5387 2605 5459 ἀρνοῦμαι
2637 5388 2706 5441 τὰ
2734 5386 2873 5456 μετὰ
2919 5386 3092 5438 ταῦτα
3124 5384 3314 5449 αὐτοῦ,
3346 5385 3515 5454 ἤγουν
3548 5382 3615 5435 τὰ
3641 5380 3742 5433 τῶν
3767 5392 3875 5428 πεν-

2336 5478 2627 5531 τεκαίδεκα
2649 5478 2893 5547 χρόνωνς
2922 5476 3141 5543 πρῶτον
3167 5475 3437 5543 γνώρισον
3474 5490 3565 5542 μοι
3595 5473 3750 5535 τέως,
3780 5464 3875 5525 πῶς

2336 5566 2633 5639 ἐγνώρισεν
2670 5567 2823 5628 Θεὸν,
2850 5567 2943 5619 καὶ
2971 5567 3029 5618 ἐν
3073 5565 3209 5634 ποίῳ
3243 5564 3429 5634 τρόπῳ
3451 5579 3464 5594 ·
3505 5565 3552 5615 εἰ
3584 5562 3681 5632 μὲν
3703 5560 3871 5625 λέγεις,

2336 5660 2415 5711 ὅτι
2440 5660 2467 5710 6
2505 5659 2637 5720 Θεὸς
2670 5657 3037 5730 ιὰπέστειλεν]
3066 5656 3155 5707 τὸν
3186 5655 3413 5725 ἄγγελον
3447 5654 3609 5707 αὑτοῦ
3650 5652 3774 5722 πρὸς
3798 5647 3874 5701 αὑ·

2335 5750 2448 5814 τὸν,
2464 5749 2559 5801 καὶ
2575 5749 2812 5814 ἐδίδαξεν
2837 5748 2998 5801 αὑτὸν
3014 5763 3079 5798 πε
3089 5745 3142 5817 ρὶ
3162 5745 3508 5813 Θεογνωσίας,
3538 5743 3721 5795 λοιπὸν
3743 5744 3768 5793 6
3787 5737 3870 5801 ἄγ-

2335 5841 2493 5907 γελός
2534 5843 2680 5892 ἐστιν
2696 5838 2991 5900 ἀπόστολος
3008 5837 3144 5890 Θεοῦ
3170 5836 3306 5908 πρὸς
3325 5836 3488 5890 αὑτὸν
3531 5835 3623 5889 καὶ
3649 5834 3735 5887 τὸν
3752 5830 3870 5884 λαόν.
