4146 6446
366 422 504 487 1389

1546 423 2024 486 CONFUTATIO
2092 424 2453 485 AGARENI.

3485 426 3617 490 I330

362 535 474 589 Καὶ
508 522 664 594 οὗτος
686 529 874 584 λοιπὸν
904 522 973 600 ἦν
995 527 1367 599 ψεύστης,καῖ
1397 529 1674 586 ἀπατεών.
1724 531 1945 602 Ἐπειδὴ

2053 533 2221 588 Deum
2246 533 2313 586 ad
2375 532 2522 587 illum
2564 531 2778 586 misisse
2834 530 3084 599 angelum
3116 548 3292 597 suum,
3325 537 3417 605 qui
3468 539 3615 592 illum

361 627 455 680 καὶ
487 624 650 678 αὐτὸν
691 623 982 694 προφήτην
1032 622 1239 685 καλεῖς,
1270 620 1444 685 δεῖξόν
1494 638 1587 692 μοι
1611 622 1665 673 τί
1698 624 1942 694 ἐπροφή-

359 734 576 775 τευσεν.
619 716 715 769 καὶ
746 718 805 768 ἐν
846 714 987 785 ποίῳ
1009 712 1153 784 λόγῳ
1196 712 1377 778 τοῦτο,
1409 712 1505 766 καὶ
1531 712 1588 766 τί
1628 713 1866 777 κελεύει,
1905 714 1940 783 ἢ

360 811 414 864 τί
442 810 669 879 σημεῖον
692 806 784 859 καὶ
807 804 973 875 τέρας
1004 804 1326 874 πεποίηκεν.
1365 804 1551 857 Πάντα
1581 804 1690 874 γὰρ
1715 803 1786 857 τὰ
1809 804 1943 874 ὑμέ-

360 918 497 972 τερα
529 898 711 968 βιϐλία
735 898 999 965 ἀνέγνων,
1030 895 1123 949 καὶ
1154 896 1349 962 ἔγνων.
1386 895 1511 948 Ἐὰν
1539 890 1607 964 ἦν
1634 896 1940 966 προφήτης,

361 991 438 1054 ὡς
476 989 687 1058 λέγετε,
720 989 809 1041 διὰ
837 987 889 1041 τί
918 986 1206 1057 μέλλοντος
1238 987 1428 1037 πεσεῖν
1463 987 1528 1038 ἐκ
1561 985 1658 1037 τοῦ
1717 986 1939 1054 ἀλόγου,

360 1077 422 1136 οὗ
460 1081 717 1151 ἐκάθητο,
760 1080 852 1132 καὶ
897 1077 1212 1148 σχισθέντος
1249 1076 1345 1130 τοῦ
1374 1077 1590 1146 τοίχους
1618 1076 1813 1140 αὐτοῦ,
1842 1077 1941 1130 καὶ

362 1173 489 1236 τοὺς
521 1172 672 1225 κάτω
707 1170 803 1223 καὶ
837 1169 953 1223 ἄνω
987 1169 1207 1230 ὀδόντας
1242 1167 1407 1222 αὐτοῦ
1432 1167 1729 1237 μέλλοντας
1753 1169 1943 1221 πεσεῖν

360 1264 459 1318 καὶ
504 1261 802 1329 θλασθῆναι
839 1259 949 1313 ἀπὸ
976 1258 1071 1311 τοῦ
1119 1257 1363 1311 τοιούτου
1401 1258 1849 1328 προσκόμματος,
1879 1257 1942 1311 οὐ

373 1355 804 1425 προεφήτευσεν,
837 1353 871 1423 ἢ
924 1352 1214 1421 προέγνω;
1256 1351 1367 1402 Kal.
1399 1350 1584 1415 πάλιν,
1626 1350 1752 1403 ἐπεὶ
1804 1367 1944 1420 προ-

359 1447 538 1516 φήτης
559 1441 649 1515 ἦν,
696 1444 906 1513 μέλλων
964 1440 1199 1509 συνάψαι
1262 1439 1522 1510 μετάτοῦ
1562 1439 1797 1511 Καϐαρά
1846 1439 1945 1492 πόα

358 1539 545 1607 λεμον,
570 1537 688 1600 πῶς
727 1536 828 1589 οὐκ
862 1535 1027 1603 ἔγνω,
1062 1535 1144 1587 ὅτι
1174 1533 1399 1602 ἔμελλεν
1427 1532 1559 1603 παρ’
1589 1532 1756 1587 αὑτοῦ
1791 1549 1946 1603 νικη-

359 1630 540 1700 θῆναι,
564 1627 727 1690 αὐτὸς
764 1626 858 1679 καὶ
893 1625 962 1677 τὰ
997 1624 1097 1677 ὅλα
1139 1623 1304 1677 αὑτοῦ
1351 1624 1599 1692 φουσᾶτα
1630 1640 1645 1689 ;
1673 1622 1811 1675 ἀλλά
1848 1622 1945 1676 καὶ

360 1720 523 1782 αὐτὸς
552 1721 739 1788 φυγὼν
768 1715 1001 1785 διεσώθη
1033 1716 1090 1767 ὲν
1123 1713 1202 1783 τῷ
1250 1713 1519 1785 σπηλαίῳ,
1553 1713 1744 1783 μείνας
1792 1713 1945 1784 τρεῖς

361 1813 578 1882 ἡμέρας
624 1811 719 1864 καὶ
738 1810 889 1880 τρεῖς
922 1805 1143 1869 νύκτας,
1175 1806 1269 1857 καὶ
1294 1804 1469 1867 οὕτως
1509 1804 1661 1871 μόλις
1683 1802 1942 1874 διεσώθη.

2045 622 2263 677 doceret
2292 631 2347 676 et
2389 622 2702 693 cognitione
2738 623 2827 677 Dei
2852 622 3143 690 imbueret,
3174 627 3421 694 sequitur
3471 632 3616 697 quod

2044 713 2267 781 angelus
2306 714 2423 782 ipse
2478 722 2598 767 erat
2640 712 2915 781 apostolus
2954 713 3047 768 Dei
3088 715 3154 769 ad
3185 716 3438 784 populum
3464 728 3520 772 et
3548 722 3615 771 ad

2043 801 2443 870 Mahumedem,
2469 818 2534 859 ac
2561 804 2789 873 proinde
2816 804 3233 860 Muhammedes
3254 806 3357 861 fuit
3390 809 3616 862 mendax

2043 903 2092 947 el
2124 897 2397 949 seductor.
2455 896 2521 948 Et
2546 896 2803 963 quoniam
2870 895 3021 949 illum
3061 898 3384 967 prophetam
3433 912 3615 963 vocas,

2044 986 2266 1040 ostende
2304 985 2436 1038 mihi
2470 986 2601 1055 quid
2628 986 2698 1040 sit
2728 986 3078 1051 vaticinatus,
3105 1004 3212 1058 quo
3236 998 3292 1044 et
3324 989 3469 1059 quali
3497 1004 3618 1044 ser-

2045 1089 2204 1130 moue
2248 1075 2463 1129 oracula
2507 1090 2607 1131 sua
2662 1076 2819 1145 fudit,
2853 1079 2981 1149 quid
3040 1079 3362 1158 imperavit,
3402 1091 3458 1137 et
3510 1098 3618 1152 quo

2044 1166 2198 1234 signo
2230 1176 2284 1220 et
2313 1166 2575 1221 miraculo
2601 1182 2660 1222 se
2689 1169 3113 1224 commendavit.
3136 1170 3339 1227 Omnes
3374 1172 3520 1227 enim
3554 1172 3621 1226 li-

2044 1258 2172 1312 bros
2202 1266 2321 1312 tuos
2343 1259 2464 1313 novi
2490 1267 2546 1312 et
2575 1259 2775 1314 evolvi.
2808 1259 2864 1315 Si
2920 1260 3021 1315 fuit
3075 1265 3358 1333 propheta,
3387 1273 3446 1318 ut
3482 1264 3620 1320 dici-

2045 1347 2134 1410 tis,
2164 1362 2286 1403 eum
2322 1362 2387 1403 ex
2421 1363 2562 1418 equo
2583 1364 2810 1405 casurus
2834 1359 2952 1406 erat
2988 1353 3075 1407 cui
3109 1354 3396 1419 insidebat,
3429 1365 3485 1408 et
3538 1354 3620 1409 ef-

2046 1436 2220 1492 fracto
2247 1439 2523 1507 scissoque
2541 1440 2709 1495 latere
2734 1455 2857 1495 cum
2882 1443 3069 1498 dentes
3098 1445 3407 1512 superiores
3447 1452 3505 1499 et
3530 1444 3618 1499 in-

2047 1528 2277 1585 feriores
2310 1531 2403 1584 tali
2433 1546 2559 1585 casu
2594 1540 2650 1586 et
2679 1534 2832 1587 ruina
2860 1543 3040 1589 essent
3069 1537 3382 1591 conterendi
3418 1546 3473 1591 et
3528 1551 3621 1592 ca-

2045 1622 2183 1686 suri,
2205 1635 2371 1690 quare
2402 1622 2505 1677 hoc
2536 1637 2641 1677 non
2677 1624 2923 1692 praevidit
2942 1634 2996 1679 et
3024 1626 3353 1682 vaticinatus
3372 1635 3476 1683 est.
3512 1627 3622 1683 lte-

2045 1728 2164 1767 rum
2205 1715 2250 1767 si
2300 1714 2562 1781 propheta
2603 1713 2725 1780 fuit,
2778 1730 2902 1770 eum
2938 1716 3139 1772 bellum
3178 1727 3325 1773 esset
3383 1720 3619 1774 initurus

2046 1819 2167 1859 cum
2194 1803 2463 1871 Chahara,
2483 1814 2539 1860 et
2560 1807 2628 1860 ab
2656 1806 2761 1861 isto
2786 1806 3136 1864 debellandos
3152 1819 3207 1863 et
3230 1809 3616 1880 proﬂigandus,

359 1902 475 1957 Kal.
498 1904 561 1955 σὺ
586 1901 695 1954 ἀπὸ
721 1899 923 1966 πολλῆς
946 1914 1040 1949 σου
1070 1896 1334 1966 αἰσχύνης
1365 1894 1564 1961 λέγεις,
1594 1895 1677 1947 ὅτι
1713 1894 1942 1962 ἄγγελος

2050 1896 2332 1965 omniaque
2363 1896 2508 1951 illius
2555 1904 2736 1953 castra
2797 1906 2987 1953 essent
3043 1902 3422 1971 expugnanda,
3450 1915 3621 1971 quare

364 1993 505 2063 μετὰ
539 1992 802 2062 ἀράχνης,
832 1989 930 2058 τὴν
974 1988 1144 2058 θύραν
1172 1986 1264 2039 τοῦ
1299 1986 1566 2056 σπηλαίου
1609 1984 1938 2048 έσκέπασεν,

360 2085 457 2138 καὶ
484 2078 622 2135 εἶδον
652 2082 701 2133 οἱ
730 2079 1108 2149 ψηλαφῶντες,
1139 2078 1237 2131 καὶ
1272 2073 1446 2144 εἷπον,
1485 2078 1561 2148 μὴ
1593 2074 1734 2131 εἶναι
1772 2078 1831 2130 ὲν
1862 2076 1940 2146 τῷ

361 2173 612 2245 σπηλαίῳ
632 2172 774 2237 τινά,
800 2171 887 2224 διὰ
913 2170 977 2223 τὸ
1007 2165 1147 2224 εἶναι
1174 2170 1274 2239 τὴν
1299 2170 1563 2239 ἀράχνην.
1591 2170 1699 2222 Ka‘t
1720 2168 1838 2231 πῶς
1875 2169 1937 2221 ού

358 2267 795 2335 προεφήτευσεν,
823 2262 899 2325 ώς
931 2260 991 2313 οὐ
1020 2259 1248 2332 ζήσεταί
1277 2278 1363 2324 τις
1407 2262 1473 2313 ἐκ
1504 2259 1612 2313 τῶν
1656 2259 1941 2330 τεσσάρων

361 2355 571 2426 τεχνῶν
616 2353 780 2407 αὑτοῦ
800 2392 817 2416 ,
844 2352 946 2405 καὶ
982 2352 1082 2405 οὐκ
1112 2346 1268 2403 εἶπεν
1308 2350 1384 2421 τῷ
1416 2350 1530 2421 λαῷ
1557 2349 1627 2403 τά
1668 2351 1798 2421 περὶ
1840 2352 1941 2420 τῆς

358 2442 541 2511 φυγῆς
566 2440 730 2494 αὐτοῦ
759 2439 854 2493 καὶ
881 2441 996 2503 τοῖς
1039 2440 1226 2501 ἵπποις
1250 2456 1266 2504 ;

2047 1988 2151 2042 hoc
2180 2004 2287 2042 non
2313 1989 2579 2058 prazvidit.
2614 1989 2724 2045 lmo
2746 1990 2918 2045 victus
2945 2004 3001 2044 et
3053 1990 3266 2061 fugiens
3319 1992 3374 2057 iu
3427 2006 3618 2047 caver-

2045 2096 2172 2135 nam
2209 2095 2269 2136 se
2296 2081 2499 2151 recepit
2519 2084 2612 2137 ubi
2663 2098 2761 2153 per
2823 2092 2936 2138 tres
2968 2083 3087 2139 dies
3119 2091 3173 2138 et
3201 2094 3312 2138 tres
3337 2093 3526 2141 noctes
3550 2084 3622 2137 la-

2047 2170 2211 2224 titans
2264 2171 2355 2224 vix
2413 2171 2631 2227 tandem
2690 2172 2869 2228 salvus
2923 2175 3115 2229 evasit.
3168 2174 3235 2228 Et
3277 2182 3328 2228 tu
3368 2188 3469 2244 pro
3529 2186 3621 2229 tuo

2044 2275 2258 2317 summo
2279 2264 2509 2332 {pudore
2544 2280 2739 2321 narras
2785 2272 2928 2335 quod
2978 2268 3202 2337 angelus
3250 2283 3312 2324 os
3375 2282 3623 2324 caverna:

2044 2351 2307 2407 velaverit
2347 2354 2502 2425 longa
2562 2371 2778 2412 aranea:
2810 2358 2929 2413 telae
2982 2368 3221 2425 textura,
3273 2376 3436 2429 quam
3494 2375 3619 2415 cum

2043 2444 2553 2500 animadvertissent
2606 2449 2699 2518 qui
2753 2449 2901 2503 illum
2953 2450 3236 2520 diligenter
3286 2452 3620 2520 quaerebant,

359 2533 615 2587 dixerunt
662 2533 930 2587 nemiuem
972 2533 1025 2586 in
1082 2532 1337 2601 spelunca
1382 2533 1618 2597 latitare,
1676 2549 1799 2588 cum
1859 2548 1924 2589 os
2008 2539 2281 2606 speluncae
2322 2541 2617 2597 ohduceret
2704 2545 2891 2599 aranei
2929 2544 3057 2600 tela.
3093 2546 3374 2611 Quomodo
3400 2561 3503 2600 non
3539 2551 3624 2600 est

359 2625 712 2691 vaticinatus,
758 2625 962 2678 nullum
999 2638 1065 2678 ex
1090 2632 1325 2693 quatuor
1378 2626 1504 2683 filiis
1532 2627 1647 2683 suis
1670 2627 1758 2683 diu
1784 2627 1936 2683 vitali
1976 2643 2107 2686 aura
2176 2630 2495 2702 fruiturum,
2532 2643 2588 2690 et
2626 2637 2823 2706 populo
2861 2647 2918 2692 et
2976 2638 3252 2708 equitibus
3295 2654 3401 2694 non
3428 2637 3620 2709 signﬁ-

368 2714 515 2770 cavit
536 2730 656 2784 qua:
678 2714 999 2783 spectabant
1023 2714 1167 2769 illius
1194 2714 1417 2785 fugam?

434 2808 546 2860 Καὶ
567 2806 683 2870 πῶς
698 2807 797 2860 οὐκ
821 2802 1091 2871 εἴπεν,ὃτι
1115 2808 1165 2860 οἱ
1186 2808 1559 2878 Κωρασιῶται
1588 2809 1729 2879 μετά
1757 2811 1949 2882 καιρὸν

363 2897 650 2972 μέλλουσιν
679 2897 842 2951 αὐτὸν
874 2897 1033 2968 δῆσαι
1063 2897 1121 2950 ὲν
1148 2899 1214 2968 τῇ
1240 2899 1376 2969 οὐρᾷ
1396 2899 1497 2969 τῆς
1527 2899 1949 2971 μεμεθυσμένης

362 2982 635 3060 καμήλου,
690 2989 786 3043 καὶ
837 2988 1025 3043 τοῦτον
1080 2990 1269 3052 κακῶς
1321 2989 1617 3062 διαρρῆξαι
1642 2991 1740 3063 τὴν
1802 2993 1949 3064 ζωὴν

361 3083 574 3149 αύτοῦ;
616 3083 726 3138 Kal.
779 3083 878 3136 ούκ
908 3080 1018 3151 ἐγὼ
1066 3082 1241 3136 ταῦτα
1284 3083 1497 3138 οἴκοθεν
1542 3084 1706 3153 λέγω,
1734 3084 1849 3137 ἀλλ’
1894 3086 1945 3137 οί

2127 2814 2410 2882 Quomodo
2468 2832 2576 2873 non
2635 2818 2884 2887 praedixit
2916 2819 3061 2889 quod
3105 2818 3440 2875 Chorasiotre
3499 2832 3623 2891 post

2053 2902 2269 2973 aliquod
2333 2910 2593 2977 temporis
2630 2910 2999 2978 intervallum,
3043 2912 3191 2966 illum
3225 2914 3431 2967 vincire
3459 2914 3623 2971 debe-

2054 3004 2175 3048 rent
2203 2997 2269 3050 ad
2312 3000 2540 3052 caudam
2593 2999 2872 3055 inebriata:
2903 3002 3028 3057 vino
3064 3002 3344 3073 myrrhato
3371 3006 3616 3071 camelaz,

2052 3094 2108 3140 et
2134 3086 2277 3142 illius
2314 3088 2479 3141 vitam
2510 3098 2565 3143 et
2594 3090 2761 3145 latera
2817 3093 3050 3161 pessime
3084 3094 3346 3165 disrumpi
3389 3104 3445 3151 et
3512 3096 3623 3150 dif-

360 3173 620 3227 Χαλδαῖοι
647 3173 777 3243 περλ⁵
804 3172 995 3225 τούτου
1026 3171 1417 3244 μαρτυροῦσιν,
1460 3173 1509 3225 οἱ
1535 3172 1946 3244 παρατυχόντες

2050 3173 2212 3245 fringi
2240 3175 2457 3232 debere.
2486 3178 2551 3233 Et
2579 3181 2681 3234 hoc
2703 3195 2807 3235 non
2835 3182 3137 3237 domestico
3166 3193 3222 3238 et
3252 3186 3473 3255 proprio
3533 3195 3622 3241 te-

365 3263 709 3317 ὲκεῖσε.Καὶ
741 3265 905 3333 ἡμεῖς
951 3262 1010 3315 δὲ
1068 3262 1225 3315 αὐτοὶ
1287 3262 1716 3334 μεμαθήκαμεν.
1780 3262 1947 3316 Ἀλλά

364 3356 462 3410 καὶ
491 3358 806 3427 μαρτυρεῖς,
839 3355 915 3417 ώς
946 3353 1304 3424 ἐψευδόμεθα.
1343 3356 1404 3407 Εί
1425 3355 1483 3407 δέ
1516 3356 1614 3425 μὴ,
1642 3355 1822 3419 δεῖξόν
1851 3372 1947 3426 μοι

364 3448 466 3520 τήν
508 3449 844 3518 προφητείαν
879 3449 1066 3514 αὐτοῦ,
1102 3448 1198 3501 καὶ
1228 3445 1333 3499 ποῦ
1365 3447 1512 3499 ἔστιν
1539 3445 1901 3517 γεγραμμένη
1930 3460 1944 3475 ⁸

365 3541 498 3594 αὐτὸ
527 3541 636 3611 γὰρ
682 3541 742 3593 τὸ
774 3542 1075 3613 Κουράνιόν
1106 3558 1201 3594 σου
1237 3539 1500 3607 ἀνέγνων.
1532 3540 1648 3610 Ούχ
1690 3531 1855 3610 εὖρον
1889 3539 1948 3592 έν

364 3631 515 3703 αύτῷ
543 3634 1082 3704 καταγεγραμμένην
1126 3631 1467 3702 προφητείαν
1493 3630 1588 3684 τοῦ
1612 3630 1942 3713 Μουχάμετ,

364 3728 414 3779 εί
444 3726 521 3798 μὴ
549 3725 678 3797 περὶ
704 3724 798 3778 τού
846 3726 1019 3796 Ἀδὰμ
1043 3725 1248 3796 μικράν
1274 3742 1398 3778 τινα
1446 3724 1688 3793 ὁμιλίαν,
1715 3726 1813 3777 καὶ
1840 3723 1945 3795 τῆς

365 3818 534 3884 Εὔας,
598 3818 693 3872 καὶ
746 3818 839 3872 τοῦ
903 3819 1008 3889 Σὴθ
1034 3861 1049 3885 ,
1109 3819 1207 3872 καὶ
1253 3817 1344 3891 τοῦ
1416 3816 1685 3889 Ἀϐραὰμ,
1738 3816 1835 3870 καὶ
1855 3817 1948 3870 τού

378 3912 587 3974 Ἰσαὰκ,
619 3911 714 3964 καὶ
767 3911 862 3965 τοῦ
935 3910 1148 3974 Ἰακὼϐ,
1176 3910 1273 3964 τοῦ
1319 3908 1466 3975 Νῶε,
1517 3909 1612 3962 τοῦ
1677 3909 1822 3971 Λὼτ,
1854 3908 1948 3961 τοῦ

378 4004 558 4065 Ἰωνᾶ,
586 4002 679 4057 τοῦ
703 4004 1005 4068 Μωῦσέως,
1028 4003 1125 4057 τοῦ
1168 4002 1401 4073 Ἀαρὼν.
1445 4003 1622 4073 Ἰησοῦ
1650 4002 1744 4055 τοῦ
1764 4003 1944 4071 Ναυῆ,

366 4097 462 4150 τοῦ
486 4097 853 4167 Σολομῶντος,
878 4098 972 4151 τοῦ
1003 4098 1225 4166 Ἰωσὴφ,
1246 4096 1342 4149 τοῦ
1379 4095 1573 4165 Ἑνὼχ,
1603 4094 1696 4148 τοῦ
1738 4095 1945 4161 Ἠλίου,

366 4187 462 4241 τοῦ
507 4188 787 4259 Ἰεζεκιήλ,
822 4188 915 4241 τοῦ
944 4188 1239 4259 Ζαχαρίου,
1273 4187 1367 4240 τοῦ
1410 4187 1662 4240 Ἰωάννου
1682 4186 1777 4239 τοῦ
1811 4188 1951 4258 Προ-

365 4280 590 4350 δρόμου,
622 4281 717 4334 τοῦ
762 4281 936 4351 Ἰησοῦ
974 4279 1235 4352 Χριστοῦ,
1259 4280 1359 4349 τῆς
1394 4278 1556 4347 ἁγίας
1582 4280 1825 4350 Μαρίας.
1848 4278 1949 4348 τῆς

368 4370 532 4436 ἁγίας
572 4371 770 4439 ’Λννης
793 4370 894 4439 τῆς
924 4370 1132 4439 μητρὸς
1162 4371 1357 4439 αὐτῆς,
1386 4368 1481 4421 τοῦ
1529 4368 1808 4437 Ἰωακείμ,
1838 4369 1949 4423 τῶν

368 4461 544 4530 ἁγίων
596 4462 932 4527 ἀποστόλων,
971 4461 1269 4532 ἐξαιρέτως
1321 4461 1568 4531 Σίμωνος
1594 4462 1809 4531 Πέτρου
1852 4461 1948 4515 τοῦ

368 4556 513 4609 κατά
536 4554 635 4626 τὴν
663 4555 759 4625 σὴν
802 4555 1049 4622 γλῶτταν
1081 4554 1319 4625 Σεμεοῦν
1346 4556 1523 4624 Σαφᾶ.
1557 4550 1729 4625 Εὗρον
1760 4552 1854 4608 οὖν
1888 4556 1948 4608 τὸ

368 4646 673 4717 Κουράνιόν
702 4664 795 4698 σου
817 4646 1101 4716 ἀληθεύειν
1126 4648 1220 4700 καὶ
1255 4647 1607 4717 ψευδόμενον.
1636 4648 1747 4700 Kal.
1771 4650 1803 4719 ή
1848 4648 1948 4719 μὲν

370 4737 621 4808 ἀλήθεια,
656 4738 764 4791 ἀπὸ
784 4739 877 4807 τῆς
906 4738 1256 4802 διδασκαλίας
1285 4738 1379 4791 τοῦ
1430 4740 1663 4810 Παχυρᾶ
1700 4739 1837 4809 πρὸς
1857 4741 1949 4792 τὸν

368 4829 688 4898 Ἀίουχάμετ.
743 4829 817 4881 Τὸ
864 4829 921 4881 δὲ
961 4828 1159 4899 ψεῦδος
1222 4828 1331 4882 ἀπὸ
1392 4829 1492 4896 τῆς
1560 4830 1779 4900 γραφῆς
1854 4828 1949 4883 τοῦ

382 4918 647 4989 Ὀθμὰνη.
687 4919 781 4971 Ἐκ
809 4919 1013 4971 τούτων
1045 4916 1141 4972 οὖν
1180 4918 1544 4989 γινώσκομεν,
1579 4919 1661 4971 ὃτι
1692 4920 1724 4989 ἡ
1759 4921 1946 4989 γραφή

371 5028 470 5066 σου
499 5013 599 5067 οὐκ
624 5010 884 5081 ἐπέμφθη
913 5012 978 5064 ὲκ
1025 5012 1120 5065 τοῦ
1159 5011 1414 5081 ούρανοῦ,
1446 5012 1532 5065 διὰ
1583 5011 1644 5064 τὸ
1680 5013 1812 5065 ποτε
1847 5012 1948 5083 μὲν

371 5104 681 5174 ἀληθεύειν,
712 5103 843 5156 ποτὲ
880 5103 937 5156 δὲ
962 5102 1277 5173 ψεύδεσθαι.
1305 5104 1417 5158 Καὶ
1444 5104 1551 5157 ἀπ’)
1604 5105 1813 5158 τούτων
1844 5105 1954 5159 τῶν

374 5197 621 5267 σημείων
674 5195 1200 5267 πληροφορούμεθα,
1249 5197 1331 5250 ὅτι
1380 5195 1506 5249 οὔτε
1558 5199 1847 5268 προφήτης
1886 5194 1955 5270 ἦν

370 5285 499 5340 οὔτε
527 5286 844 5350 ἀπόστολος.
881 5287 1075 5351 Ἀλλος
1107 5287 1257 5340 ἐστὶν
1296 5288 1619 5352 ἀπόστολος,
1651 5292 1746 5342 καὶ
1793 5290 1957 5352 ἄλλος

370 5381 686 5451 προφήτης.
722 5380 848 5441 Πῶς
898 5380 1029 5448 γοῦν
1084 5382 1232 5434 ἐστιν
1286 5383 1313 5435 ὁ
1371 5382 1464 5445 σὸς
1520 5382 1819 5451 Μουχάμετ
1863 5382 1957 5435 καὶ

374 5474 688 5541 προφήτης,
711 5470 803 5522 καὶ
833 5470 1167 5537 ἁπόστολος;
1196 5472 1366 5523 Ὅταν
1392 5471 1502 5526 ἀπὸ
1532 5472 1850 5534 Βαϐυλῶνός
1874 5489 1958 5535 τις

375 5564 598 5636 ἔρχεται
660 5562 796 5631 πρὸς
846 5562 939 5616 τὸν
1010 5563 1312 5615 Σουλτανὸν
1349 5562 1425 5626 ὡς
1479 5564 1953 5634 γραμματοφόρον

374 5656 541 5711 αὑτὸν
569 5654 910 5715 καλέσουσιν,
952 5653 985 5723 ἢ
1015 5654 1337 5723 προφήτηνς
1404 5655 1534 5706 Ὅτε
1558 5654 1615 5706 δὲ
1636 5653 1853 5706 ἵσταταί
1873 5669 1958 5717 τις

376 5751 437 5801 ἓν
471 5746 620 5818 μέσῳ
654 5745 813 5816 ὄχλου
847 5744 1069 5809 πολλοῦ,
1096 5746 1190 5797 καὶ
1221 5745 1559 5815 προφητεύει
1594 5745 1690 5798 καὶ
1727 5744 1959 5799 δεικνύει

378 5843 585 5912 σημεῖα
632 5841 726 5896 καὶ
772 5839 996 5911 τέρατι,
1022 5838 1076 5891 τί
1136 5838 1414 5910 ἐροῦμενς
1456 5838 1560 5892 Ἴδε
1593 5837 1693 5910 τὴν
1742 5854 1957 5909 προφηο

2048 3264 2305 3321 ειῖιηοηῑσ
2330 3266 2538 3323 afﬁrmo
2568 3288 2582 3337 ;
2617 3271 2709 3325 sed
2746 3272 2847 3341 ipsi
2898 3272 3136 3329 Chaldaei
3185 3275 3275 3343 qui
3332 3277 3443 3332 illic
3468 3287 3624 3332 erant

2048 3354 2153 3410 hoc
2179 3357 2243 3411 de
2272 3357 2362 3412 illo
2384 3359 2765 3422 testificantur,
2790 3371 2846 3417 et
2868 3378 2964 3418 nos
3014 3364 3111 3435 ipsi
3170 3365 3480 3421 didicimus.
3517 3365 3622 3423 Sed

2049 3459 2263 3501 asseres
2293 3463 2390 3503 nos
2429 3451 2646 3504 mentiri
2683 3468 2698 3506 :
2727 3454 2821 3506 sed
2850 3453 2893 3508 si
2931 3468 3036 3508 non
3072 3470 3199 3509 vera
3239 3456 3498 3523 dicimus,
3531 3472 3626 3512 os-

2053 3534 2213 3589 tende
2245 3537 2404 3592 nobis
2436 3538 2579 3594 illius
2604 3541 2966 3611 pmphetiam,
2999 3554 3053 3599 et
3089 3544 3177 3600 die
3206 3546 3362 3603 nobis
3392 3548 3482 3603 ubi
3512 3550 3627 3604 sint

2049 3627 2249 3695 scripta
2282 3628 2427 3685 illius
2455 3632 2736 3687 vaticinia.
2773 3631 2948 3689 Tuum
2986 3636 3130 3691 enim
3165 3637 3439 3693 Coranum
3496 3640 3624 3713 legi,

2050 3728 2105 3775 et
2134 3719 2331 3774 nullam
2370 3722 2423 3775 in
2462 3723 2552 3777 illo
2582 3725 2760 3779 inveni
2813 3722 3206 3785 Multammedis
3262 3734 3625 3802 prophetiam,

2050 3813 2143 3865 sed
2177 3823 2384 3868 tantum
2415 3814 2609 3870 breves
2634 3818 2895 3886 quasdam
2956 3821 3209 3876 homilias
3262 3834 3317 3878 et
3346 3839 3628 3883 sermones

2050 3901 2115 3955 de
2130 3901 2439 3967 Adamo,'de
2460 3904 2592 3971 Eva,
2612 3909 2678 3962 de
2700 3908 2855 3972 Seth,
2883 3911 2949 3965 de
2969 3911 3301 3979 Abrahamo,
3327 3916 3393 3969 de
3419 3914 3625 3979 lsaaco,

2051 3994 2117 4048 de
2148 3992 2370 4061 Iacobo,
2406 3998 2471 4051 de
2494 3998 2629 4062 Noe.
2683 4000 2751 4055 de
2810 4000 2933 4067 Lot,
2967 4003 3035 4058 de
3070 4001 3230 4069 Jona,
3263 4008 3331 4060 de
3358 4006 3527 4073 Mose,
3561 4012 3631 4064 de

2048 4084 2256 4151 Aaron,
2282 4087 2350 4142 de
2374 4085 2499 4142 Jesu
2523 4089 2631 4143 filio
2650 4088 2818 4154 Nave,
2850 4092 2917 4144 de
2939 4090 3254 4159 Salomone,
3277 4097 3342 4151 de
3362 4094 3627 4169 Josepho,

2051 4174 2119 4228 de
2157 4176 2399 4242 Enocbo,
2433 4178 2500 4231 de
2533 4178 2668 4243 Elia,
2707 4179 2774 4233 de
2799 4180 3106 4245 Ezechiele,
3140 4184 3206 4237 de
3241 4185 3528 4252 Zacharia,
3562 4190 3630 4243 de

2050 4266 2261 4323 Joanne
2288 4267 2654 4335 Praecursore,
2684 4273 2748 4326 de
2772 4271 2898 4327 Jesu
2923 4272 3168 4338 Christo,
3202 4276 3268 4331 de
3302 4286 3489 4333 sancta
3517 4279 3631 4335 Ma-

2051 4363 2154 4427 ria,
2197 4365 2262 4415 de
2289 4370 2476 4417 sancta
2524 4364 2677 4417 Anna
2708 4364 2852 4420 illius
2878 4377 3069 4431 matre,
3118 4368 3187 4423 de
3228 4367 3533 4438 Joachimo,
3561 4373 3630 4427 de

2052 4454 2254 4507 sanctis
2273 4453 2556 4522 apostolis,
2581 4456 2848 4524 praecipue
2870 4457 2934 4511 de
2959 4456 3179 4513 Simone
3202 4457 3383 4525 Petro,
3405 4463 3499 4531 qui
3530 4463 3632 4517 liu-

2053 4560 2156 4613 gua
2184 4555 2271 4597 tua
2299 4545 2499 4599 dicitur
2536 4545 2753 4600 Simeon
2793 4547 2999 4615 Sapha.
3037 4550 3218 4604 Inveni
3259 4553 3424 4606 etiam
3479 4561 3628 4608 tuum

2054 4633 2324 4690 Coranum
2352 4653 2480 4692 vera
2514 4647 2570 4693 et
2614 4636 2746 4693 falsa
2798 4641 2998 4695 dicere.
3035 4641 3252 4697 Veritas
3303 4655 3423 4701 orta
3450 4655 3535 4701 est
3562 4662 3632 4701 ex

2053 4730 2298 4784 doctrina
2322 4747 2482 4799 quam
2515 4731 2801 4786 Muhamed
2832 4732 3020 4787 habuit
3046 4749 3075 4789 a
3108 4734 3384 4803 Pachura,
3411 4740 3631 4793 menda-

2055 4824 2198 4876 cium
2237 4838 2369 4879 vero
2393 4832 2447 4878 et
2475 4823 2686 4879 falsitas
2723 4824 2881 4879 ﬂuxit
2904 4840 2968 4879 ex
2999 4828 3217 4891 scriptis
3242 4828 3517 4884 Othmani.
3555 4831 3631 4886 Ex

2054 4916 2250 4984 quibus
2277 4917 2653 4984 cognoscimus
2714 4918 2906 4971 librum
2937 4927 3089 4974 tuum
3122 4935 3188 4974 ex
3238 4923 3377 4975 cado
3408 4924 3632 4977 missum

2057 5021 2161 5060 non
2215 5006 2402 5071 fuisse,
2428 5009 2555 5076 quia
2588 5007 2882 5076 aliquando
2917 5011 3197 5064 veritatem
3235 5011 3435 5081 profert
3462 5014 3635 5067 etali-

2057 5098 2275 5166 quando
2322 5097 2624 5152 mendacia.
2672 5099 2741 5152 Et
2773 5098 2876 5154 ista
2908 5111 3229 5170 argmnenta
3268 5117 3364 5155 nos
3412 5117 3635 5171 prorsus

2056 5192 2383 5259 persuadent
2408 5190 2840 5247 Muhammedem
2874 5207 2974 5247 nec
3004 5194 3329 5261 apostolum,
3350 5211 3448 5251 nec
3472 5197 3639 5250 fuisse

2057 5283 2398 5349 prophetam.
2449 5282 2601 5337 Alius
2636 5294 2720 5338 est
2748 5284 2890 5338 enim
2921 5286 3206 5355 propheta,
3249 5286 3387 5340 alius
3418 5297 3638 5356 aposto-

2057 5373 2159 5427 lus.
2188 5375 2467 5440 Quomodo
2492 5390 2622 5446 ergo
2661 5386 2787 5429 tuus
2820 5376 3158 5431 Muhammed
3190 5388 3337 5432 esset
3374 5380 3637 5447 propheta

2056 5477 2113 5519 et
2140 5466 2439 5535 apostolus.
2468 5466 2600 5519 Cum
2659 5467 2856 5536 aliquis
2884 5466 3155 5538 Babylone
3183 5471 3332 5523 venit
3361 5472 3425 5521 ad
3457 5470 3637 5524 Sulta-

2059 5574 2189 5613 num
2242 5573 2366 5613 cum
2411 5558 2628 5623 litteris,
2652 5573 2718 5611 an
2759 5559 2907 5613 illum
2956 5561 3297 5615 tabellarium
3324 5570 3523 5615 vocant.
3566 5578 3636 5618 an

2058 5649 2415 5720 prophetam?
2438 5649 2569 5704 Cum
2586 5664 2713 5705 vero
2739 5652 2934 5720 aliquis
2965 5662 3069 5706 stat
3087 5651 3281 5707 ullcuhi
3312 5669 3502 5724 magna
3533 5655 3637 5709 ho-

2064 5742 2266 5795 minum
2280 5740 2647 5798 circumdatus
2673 5750 2984 5810 caterva,ct
3016 5743 3357 5811 vaticinatur,
3389 5755 3444 5799 et
3483 5746 3639 5812 signa

2064 5841 2120 5887 et
2168 5832 2425 5888 miracula
2454 5843 2633 5903 patrat
2661 5842 2716 5891 et
2744 5836 3002 5903 ostendit,
3033 5836 3161 5905 quid
3201 5836 3474 5894 dicimus?
3504 5837 3639 5893 Vide
