4146 6436
360 422 499 488 1393

1522 423 2006 484 CONFUTATIO
2075 425 2441 487 AGARENI.

3478 430 3612 494 139i

357 516 448 566 καὶ
477 517 503 568 6
524 516 828 586 καθήμενος
860 511 1044 565 ἐπάνω
1073 509 1269 574 αὑτοῦ;
1305 509 1415 562 Ka‘t
1441 509 1580 577 μετὰ
1608 510 1779 564 ταῦτα
1805 512 1936 565 ὅταν

2044 515 2235 577 solem,
2291 514 2501 579 lunam,
2553 512 2759 581 sidera,
2806 529 2907 571 nec
2946 516 3039 570 ulli
3084 509 3334 574 homines
3381 520 3613 576 fuissent

355 608 401 659 οἱ
453 609 673 676 ἄγγελοι
705 603 864 677 ἦσαν,
898 604 992 656 καὶ
1024 605 1052 655 6
1107 601 1357 671 οὐρανὸς,
1390 601 1484 652 καὶ
1528 603 1562 671 ἡ
1608 603 1700 672 γῆ,
1737 603 1832 654 καὶ
1884 601 1934 653 οἱ

355 695 658 767 ἄνθρωποι,
695 698 793 751 καὶ
826 694 1006 748 πάντα
1041 692 1111 746 τὰ
1161 694 1219 744 ὲν
1248 695 1313 763 τῇ
1363 695 1455 763 γῇ,
1493 692 1809 764 ὑμνοῦντες,
1841 692 1937 745 καὶ

354 789 759 858 δοξολογοῦντες
788 788 877 841 τὸν
899 787 995 840 ἐπὶ
1029 785 1224 856 θρόνου
1250 785 1582 855 καθήμενον.

355 890 410 934 et
438 896 557 934 cum
587 891 742 935 erant
768 878 964 947 angeli,
1024 889 1079 932 et
1113 879 1330 940 coelum,
1398 886 1453 931 et
1511 887 1680 939 terra,
1731 885 1784 930 et
1843 876 2108 943 homines,
2163 888 2217 932 et
2264 894 2456 934 omnes
2534 894 2802 936 creaturae
2872 893 3160 938 terrestres

360 977 572 1046 hymnis
596 983 983 1043 prosequentes
1005 974 1279 1028 sedentem
1312 987 1475 1039 super
1511 972 1784 1026 thronum.

431 1069 632 1122 Λοιπὸν
657 1070 785 1137 γοῦν
813 1069 949 1140 ἀρνῇ
984 1067 1084 1138 τὴν
1119 1067 1342 1136 ἀγάπην
1365 1064 1458 1118 τοῦ
1503 1065 1663 1130 Θεοῦ,
1689 1066 1756 1138 ἣν
1791 1062 1936 1135 εἶχεν

362 1154 500 1230 πρὸς
541 1157 630 1207 τὸν
679 1157 870 1227 Ἀδὰμ,
914 1159 973 1222 ὃς
1011 1157 1248 1210 ἔπλασεν
1285 1158 1470 1222 αὑτὸν,
1505 1159 1596 1211 καὶ
1646 1157 1715 1211 τὰ
1772 1159 1938 1210 τέκνα

362 1249 556 1315 αὑτοῦ,
602 1251 820 1304 καὶτὸν
884 1250 1157 1321 Ἀϐραὰμ,
1199 1252 1293 1302 καὶ
1340 1250 1431 1302 τὸν
1489 1249 1695 1310 Ἰσαὰκ,
1724 1248 1818 1300 καὶ
1846 1248 1938 1300 τὸν

374 1341 593 1405 Ἰακὼϐ,
626 1342 719 1395 καὶ
742 1343 868 1405 τοὺς
902 1343 1254 1413 προπάτορας
1285 1340 1465 1410 ἡμῶν,
1498 1340 1642 1405 Νῶε,
1672 1339 1934 1404 Μωῦσῆν,

361 1431 570 1501 Ἰησοῦν
593 1433 686 1484 τὸν
710 1432 889 1500 Ναυῆ,
913 1432 1004 1484 τὸν
1032 1430 1216 1493 Δαϐὶδ,
1248 1432 1338 1482 τὸν
1390 1430 1665 1498 Σολομὼν,
1694 1428 1786 1480 τὸν
1833 1428 1937 1480 Ζα-

361 1523 578 1593 χαρίαν,
615 1524 704 1576 τὸν
752 1523 1064 1593 Πρόδρομον
1133 1522 1408 1591 Ἰωάννην,
1440 1522 1534 1584 οὒς
1589 1519 1770 1574 καὶτὸ
1797 1521 1940 1572 Κου-

364 1616 550 1685 ράνιόν
599 1631 693 1667 σου
731 1616 1031 1685 μαρτυρεῖ,
1066 1613 1305 1667 ἐπαινῶν
1355 1613 1451 1664 καὶ
1495 1613 1587 1664 τὸν
1627 1611 1798 1678 Λόγον
1842 1608 1938 1662 τοῦ

361 1705 498 1760 Θεοῦ
542 1705 745 1774 Ἰησοῦν
775 1705 1034 1776 Χριστόν.
1078 1706 1188 1758 Καὶ
1218 1704 1366 1771 λέγει
1402 1705 1482 1766 είς
1532 1702 1592 1756 τὸ
1636 1701 1939 1771 Κουράνιόν

363 1813 480 1852 σουο
518 1797 770 1864 Ἐξῆλθεν
815 1802 880 1850 ὲκ
902 1796 1038 1850 Θεοῦ
1073 1795 1169 1849 καὶ
1210 1794 1359 1847 ἔστιν
1387 1794 1561 1862 Λόγος
1613 1793 1799 1858 αὑτοῦ,
1842 1791 1936 1844 καὶ

2050 620 2289 674 unquam
2321 605 2598 662 exetituri.
2636 607 3055 675 Scelestissime,
3103 612 3225 678 quis
3281 621 3365 666 est
3419 613 3614 682 impius

2045 701 2101 747 et
2126 694 2343 757 atheus,
2391 709 2492 760 ego
2523 710 2592 748 an
2655 707 2708 751 tu
2733 697 2758 749 ?
2792 697 2888 752 Ubi
2939 709 3060 753 erat
3116 699 3457 756 Multammed
3492 719 3612 757 Cllllt

2039 796 2157 838 erat
2184 785 2374 839 solium
2399 797 2455 840 et
2495 789 2721 842 thronus
2788 791 2905 852 Dei,
2937 800 2992 844 et
3027 790 3164 846 Deus
3233 793 3306 845 illi
3350 793 3608 849 insidens‘

3255 885 3503 941 laudibus
3556 896 3614 941 et

2116 1067 2208 1122 Sic
2237 1069 2403 1125 debes
2433 1085 2633 1139 negare
2664 1073 3007 1129 dilectionem
3038 1078 3132 1133 Dei
3160 1091 3288 1146 erga
3318 1078 3610 1139 Adamum,

2045 1176 2202 1228 quem
2239 1159 2495 1216 formavit
2524 1175 2580 1218 et
2634 1165 2780 1218 illius
2810 1165 3030 1232 liberos,
3060 1177 3114 1221 et
3145 1169 3534 1233 Abrahamum,
3561 1183 3613 1223 et

2045 1253 2312 1314 Isaacnm,
2342 1264 2398 1307 et
2423 1253 2707 1321 Jacohum,
2742 1267 2796 1310 et
2818 1273 3005 1314 omnes
3026 1271 3208 1328 patres
3237 1271 3614 1328 antecessores

2047 1350 2287 1408 nostros,
2312 1342 2504 1408 Neam,
2537 1344 2718 1399 Mosen
2742 1387 2756 1411 ,
2790 1345 2975 1402 Jesum
3034 1349 3200 1402 tilium
3246 1348 3412 1415 Nave,
3453 1349 3612 1403 Davi-

2046 1434 2190 1498 dem,
2222 1434 2592 1500 Salomonem,
2627 1437 2944 1492 Zachariam
2966 1477 2981 1502 ,
3011 1437 3270 1494 Joannem
3303 1441 3614 1496 Prmcurso-

2049 1538 2181 1590 rem,
2216 1539 2355 1592 quos
2416 1535 2684 1580 memorat
2718 1528 3017 1582 Alcoranus
3077 1541 3220 1593 tuus,
3249 1531 3534 1586 celebrans
3561 1543 3614 1586 et

2045 1616 2215 1681 ipsum
2247 1616 2340 1669 Dei
2372 1614 2603 1668 Verbum
2628 1616 2812 1670 Jesum
2843 1618 3140 1674 Christum.
3177 1622 3283 1674 Sed
3317 1623 3516 1676 dicitur
3544 1625 3609 1678 de

2037 1705 2252 1761 Corano
2276 1717 2365 1760 tuo
2395 1706 2611 1761 :Exivit
2640 1725 2667 1761 a
2698 1710 2802 1762 Deo
2833 1719 2886 1762 et
2911 1724 2993 1764 est
3019 1711 3161 1767 illius
3188 1713 3445 1780 Verbum,
3474 1716 3616 1770 sicut

2040 1795 2126 1851 ille
2154 1798 2272 1852 siue
2293 1798 2560 1867 principio
2590 1799 2881 1856 exsistcns.
2915 1804 3210 1856 Ostendam
3243 1819 3371 1860 vero
3418 1805 3612 1861 falsum

365 1882 719 1954 συνάναρχος.
784 1884 946 1938 Ἀλλὰ
992 1883 1165 1950 δεῖξαι
1206 1883 1314 1952 ἔχω
1342 1923 1355 1946 ,
1389 1884 1469 1935 ὅτι
1522 1882 1717 1951 ψευδὲς
1764 1878 1832 1952 ἦν
1877 1882 1939 1934 τὸ

2044 1903 2164 1942 esse
2193 1887 2466 1943 Coranum
2505 1900 2654 1943 tuum
2687 1907 2847 1959 quem
2903 1893 3126 1948 tradidit
3159 1904 3213 1950 et
3247 1898 3430 1951 docuit
3482 1897 3616 1953 Oth-

361 1973 663 2044 Κουράνιόν
693 1989 788 2025 σου
818 1973 878 2026 τὸ
903 1972 1150 2042 διδαχθὲν
1175 1974 1326 2041 παρὰ
1349 1972 1444 2024 τοῦ
1478 1971 1742 2042 Ὸομάνη.
1777 1973 1938 2038 Λέγει

361 2063 493 2131 γοῦν
521 2063 580 2115 τὸ
605 2064 909 2133 Κουράνιόν
940 2081 1033 2116 σου
1068 2066 1148 2126 εἰς
1179 2063 1276 2132 τὴν
1308 2064 1484 2134 ἀρχὴν
1504 2065 1603 2132 τῆς
1633 2063 1937 2132 τραπέζης,

359 2153 528 2207 ὅτιτὸ
569 2154 770 2222 ἀγαθὸν
818 2156 914 2208 καὶ
960 2157 1020 2207 τὸ
1063 2156 1300 2227 πονηρὸν
1342 2158 1404 2208 ἐκ
1469 2155 1604 2208 Θεοῦ
1648 2159 1790 2209 ἐστικ
1826 2157 1939 2219 τοῖς

359 2241 689 2309 ἀνθρώποις,
719 2245 861 2315 άπερ
920 2245 1189 2315 ἔρχονται.
1241 2247 1422 2299 Εἰσέτι
1471 2247 1672 2311 παντὸς
1728 2248 1936 2316 ἀγαθοῦ

361 2335 456 2388 καὶ
479 2334 721 2404 πονηροῦ
739 2336 830 2391 τὸν
856 2336 988 2390 Θεὸν
1002 2340 1178 2400 ποιεῖς
1198 2339 1392 2402 αἴτιον,
1417 2341 1542 2401 τοὺς
1554 2339 1610 2392 δέ
1628 2355 1689 2406 γε
1708 2339 1935 2410 λῃστὰς,

361 2427 593 2490 καὶτοὺς
624 2429 1076 2497 φαρμακοὺς,καὶ
1100 2433 1302 2498 φονεῖς,
1325 2431 1562 2493 καὶτοὺς
1593 2432 1749 2498 κακῷ
1772 2432 1941 2485 θανά-

361 2533 438 2586 τῳ
452 2517 812 2581 τελευτῶντας
826 2518 1018 2584 οὕτως,
1036 2521 1220 2591 φησὶν,
1239 2523 1266 2574 6
1280 2523 1410 2583 Θεὸς
1427 2520 1686 2592 ἔγραψεν.
1719 2523 1938 2592 Ἀνόητε

361 2604 458 2656 καὶ
493 2604 659 2674 βραδὺ
693 2608 757 2676 τῇ
784 2609 1002 2679 καρδία,
1051 2611 1173 2662 ἐπεὶ
1209 2612 1267 2664 τὸ
1302 2612 1602 2681 Κουράνιόν
1640 2629 1733 2663 σου
1763 2612 1937 2679 Λόγον

362 2695 498 2747 Θεοῦ
527 2695 732 2764 λέγεις,
775 2697 894 2761 πῶς
920 2702 947 2752 6
981 2701 1150 2768 Λόγος
1173 2701 1266 2754 τοῦ
1295 2702 1429 2754 Θεοῦ
1460 2702 1738 2772 ψεύδεται,
1758 2705 1852 2756 καὶ
1879 2702 1939 2755 τὸ

364 2787 603 2857 πονηρὸν
632 2789 728 2840 καὶ
757 2789 818 2840 τὸ
845 2789 1048 2856 ἀγαθὸν
1072 2795 1133 2844 ἐκ
1160 2792 1295 2844 Θεοῦ
1315 2795 1496 2859 conv;
1525 2797 1584 2846 ἐν
1615 2795 1798 2863 ἡμέρα
1815 2794 1940 2858 κρί-

366 2896 503 2941 σεως
523 2879 636 2941 πῶς
661 2880 762 2932 οὐκ
787 2881 1223 2951 ἀφώρισταιτοῖς
1252 2885 1482 2947 δικαίοις
1506 2885 1733 2947 καὶτοῖς
1753 2888 1937 2954 ἁμαρ-

364 2971 580 3035 τωλοῖς;
617 2971 776 3024 Ἀλλὰ
799 2976 907 3036 τοῖς
927 2974 1023 3042 μὲν
1051 2973 1279 3037 δικαίοις
1298 2978 1323 3027 6
1341 2976 1696 3045 παράδεισος,
1715 2978 1809 3028 καὶ
1827 2980 1940 3038 τοῖς

366 3063 710 3132 ἁμαρτωλοῖς
737 3065 770 3135 ἡ
795 3063 1034 3126 κόλασις.
1067 3065 1171 3116 Τοῦ
1211 3065 1377 3118 καλοῦ
1410 3069 1505 3118 καὶ
1550 3066 1646 3118 τοῦ
1678 3064 1852 3118 κακοῦ
1878 3068 1940 3118 ἐκ

367 3150 502 3202 Θεοῦ
516 3150 687 3213 ὄντος,
710 3152 824 3215 πῶς
847 3152 1182 3224 ὲξεχωρίσοη
1205 3157 1233 3206 6
1263 3154 1432 3224 Ἀδάμ
1464 3157 1558 3209 τοῦ
1583 3157 1935 3225 παραδείσου.

367 3239 490 3303 Πῶς
518 3240 772 3305 ἐξέπεσεν
794 3243 822 3295 6
840 3243 1080 3307 διάϐολος
1101 3242 1269 3298 εἰπών
1290 3263 1301 3274 ο
1327 3247 1488 3314 Θήσω
1509 3248 1599 3299 τὸν
1627 3246 1816 3318 Ορόνον
1836 3265 1938 3316 μου

367 3334 552 3386 ε’πάνω
614 3333 723 3386 τῶν
748 3335 984 3403 νεφελῶν
1011 3336 1104 3389 τοῦ
1133 3337 1390 3407 οὐρανοῦ,
1411 3339 1506 3391 καὶ
1535 3337 1732 3408 ἔσομαι
1753 3341 1940 3407 ὅμοιος

365 3424 444 3493 τῷ
485 3423 722 3494 Ὑψίστῳ
757 3443 769 3456 ·
794 3428 843 3479 εί
872 3428 932 3480 τὸ
963 3428 1165 3495 ἀγαθὸν
1203 3430 1297 3484 καὶ
1325 3431 1384 3482 τὸ
1435 3431 1670 3502 πονηρὸν
1700 3435 1765 3484 ὲκ
1795 3432 1931 3484 Θεοῦ

367 3517 506 3578 ἐστι,
539 3515 657 3578 πῶς
710 3516 988 3570 ἀπώλοντο
1051 3520 1278 3589 Σόδομα,
1310 3522 1404 3574 καὶ
1460 3522 1717 3595 Γόμορρα
1758 3524 1940 3586 αὐτοῖς

367 3605 568 3676 ἔργοις,
596 3608 689 3660 καὶ
720 3611 775 3660 ὲν
805 3611 871 3680 τῇ
913 3610 1162 3682 ἁμαρτίᾳ
1207 3611 1386 3666 αὐτῶν
1415 3631 1430 3680 ;
1467 3614 1701 3682 Ὁμοίως
1729 3616 1823 3666 καὶ
1850 3615 1942 3666 ἐπὶ

366 3697 460 3750 τλῦ
500 3700 885 3769 κατακλυσμοῦ
923 3701 1016 3754 τοῦ
1041 3703 1184 3769 Νῶε,
1223 3704 1339 3767 πῶς
1363 3706 1390 3755 ὁ
1415 3704 1619 3774 κόσμος
1648 3705 1894 3758 ἀπώλετο
1922 3722 1935 3769 ;

366 3787 478 3840 Kal.
508 3789 626 3850 πῶς
675 3789 1048 3860 ἑϐδομήκοντα
1077 3791 1170 3845 δύο
1199 3793 1380 3862 φυλῶν
1430 3791 1598 3864 οὒσης
1628 3793 1729 3861 τῆς
1751 3798 1941 3861 γενεᾶς

364 3875 476 3929 τῶν
519 3879 985 3949 Μουσουλμανῶν,
1021 3883 1053 3950 ἡ
1117 3884 1215 3952 μία
1270 3884 1438 3950 ἐστὶν,
1472 3884 1547 3948 ὡς
1601 3883 1812 3952 λέγετε,
1842 3889 1936 3941 τοῦ

367 3970 732 4039 παραδείσου;
769 3973 861 4024 καὶ
916 3977 974 4027 αἱ
1018 3975 1176 4029 ἄλλαι
1233 3978 1340 4030 τῶν
1393 3979 1707 4044 κολάσεων;
1782 3982 1938 4052 Ὁρᾷς

365 4061 448 4114 ὅτι
468 4061 577 4114 ἀπὸ
597 4063 705 4115 τῶν
721 4056 893 4132 λόγων
918 4066 1177 4134 ψεύδεσαι
1199 4084 1212 4132 ;
1235 4070 1341 4120 Καὶ
1365 4069 1512 4133 οὔτε,
1545 4072 1620 4134 ὡς
1644 4073 1706 4125 σὺ
1735 4073 1861 4142 λέγε

367 4153 515 4207 ἐστιν
544 4156 636 4207 τοῦ
661 4156 796 4210 Θεοῦ
828 4159 888 4210 τὸ
916 4161 1216 4230 Κουράνιόν
1263 4179 1377 4226 σου,
1415 4163 1538 4216 οῦτε
1567 4168 1629 4218 ἐκ
1659 4167 1752 4220 τοῦ
1777 4169 1942 4239 οὐρα-

365 4246 460 4300 νοῦ
517 4249 805 4318 κατῆλθεν,
833 4251 906 4314 ὼς
954 4251 1163 4324 ληροῖς.
1214 4256 1324 4307 Καὶ
1370 4257 1478 4328 γὰρ
1530 4258 1715 4313 ἄδικον
1765 4265 1942 4326 ποιεῖς

365 4338 456 4391 τὸν
491 4339 622 4393 Θεὸν
678 4341 872 4408 λέγων,
900 4345 981 4396 ὅτι
1017 4344 1078 4397 τὸ
1128 4347 1329 4414 ἀγαθὸν
1376 4351 1559 4402 καὶτὸ
1608 4354 1846 4422 πονηρὸν
1877 4356 1941 4408 ἐκ

365 4430 504 4483 Θεοῦ
540 4433 705 4488 ἐστιν.
747 4436 804 4488 ’0
824 4438 877 4490 δὲ
908 4438 1038 4501 Θεὸς
1066 4441 1240 4509 κρίνει
1270 4443 1331 4495 τὸ
1357 4445 1583 4512 ἀγαθὸν,
1621 4447 1715 4500 καὶ¹
1749 4449 1808 4500 τὸ
1839 4468 1938 4502 πο-

1870 4092 1938 4140 ις,

2042 1994 2251 2035 manes.
2288 1979 2578 2051 Dicitxrgo
2627 1981 2870 2039 Coranus
2923 1993 3044 2038 tuus
3097 1988 3147 2040 in
3180 1988 3443 2057 principio
3501 2007 3617 2046 ser-

2043 2072 2220 2127 monis
2242 2074 2307 2127 de
2347 2089 2555 2139 mensa,
2579 2077 2720 2143 quod
2762 2077 2939 2131 omnia
2967 2093 3088 2147 quae
3122 2080 3439 2136 hominibus
3489 2099 3617 2136 con-

2044 2165 2257 2233 tingunt
2293 2163 2432 2218 bona
2481 2166 2563 2218 vel
2613 2167 2749 2220 mala
2799 2168 2959 2223 aDeo
3018 2173 3331 2238 procedunt.
3385 2174 3440 2227 Si
3489 2190 3617 2243 ergo

2045 2255 2211 2308 Deum
2245 2255 2382 2309 facis
2412 2257 2588 2310 omnis
2614 2258 2737 2311 boni
2765 2267 2820 2312 et
2847 2259 2972 2312 mali
3010 2270 3312 2328 auctorem,
3352 2263 3610 2322 latrones.

2043 2346 2338 2412 veneficos,
2396 2348 2720 2414 homicidas,
2781 2350 3014 2403 violenta
3086 2362 3259 2405 morte
3323 2364 3612 2424 pereuntes

2043 2439 2184 2496 Deus
2216 2441 2349 2494 tales
2383 2441 2597 2496 futuros
2627 2445 2848 2513 scripsit
2880 2454 2934 2498 et
2965 2447 3372 2502 determinavit.
3405 2447 3607 2517 Inepte,

2041 2546 2095 2588 et
2146 2535 2309 2590 corde
2367 2537 2670 2604 spirituque
2736 2539 2915 2599 tarde,
2950 2539 2996 2594 si
3048 2539 3317 2594 Coranum
3384 2539 3611 2595 Verbum

2045 2625 2136 2680 Dei
2186 2641 2306 2680 esse
2336 2628 2640 2693 existimas,
2701 2633 2969 2697 quomodo
3024 2630 3260 2686 Verbum
3304 2632 3394 2686 Dei
3436 2641 3613 2701 potest

2042 2716 2176 2773 falsa
2207 2713 2582 2788 pronuntiare,
2619 2730 2673 2774 et
2703 2723 2746 2776 si
2776 2723 2976 2776 bonum
3009 2734 3064 2778 et
3088 2725 3286 2778 malum
3315 2741 3342 2778 a
3369 2724 3478 2781 Deo
3507 2739 3610 2790 est,

2045 2812 2096 2863 in
2125 2811 2212 2864 die
2233 2810 2420 2879 judicii
2457 2812 2726 2880 quomodo
2749 2824 2996 2880 separata
3028 2825 3084 2868 et
3113 2815 3373 2871 distincta
3415 2832 3608 2873 conce-

2043 2903 2422 2968 dunturjustis
2451 2915 2504 2957 et
2527 2903 2778 2971 injustis?
2813 2905 2918 2958 Sed
2949 2904 3126 2971 juslos
3159 2906 3461 2975 paradisus,
3487 2923 3611 2978 pec-

2044 3003 2258 3046 catores
2287 3008 2411 3046 vero
2443 2994 2703 3062 supplicia
2736 3005 2976 3049 manent.
3013 2996 3158 3051 Bono
3191 3015 3254 3051 ac
3287 3000 3431 3053 malo
3461 3015 3612 3069 atque

2044 3099 2070 3134 a
2112 3083 2218 3136 Deo
2243 3084 2562 3147 orientibus,
2591 3102 2757 3153 quare
2783 3091 3017 3140 Adamus
3061 3090 3311 3156 patiatdiso
3341 3091 3530 3158 pulsus
3561 3103 3614 3146 et

2044 3173 2250 3241 ejectns
2282 3174 2627 3251 l'uit?.Quare
2653 3177 2844 3230 cecidit
2875 3188 2930 3230 et
2953 3179 3060 3231 ruit
3083 3179 3330 3235 diabolus
3376 3180 3564 3236 dicens
3598 3201 3610 3234 :

2042 3264 2331 3319 Collocabo
2364 3266 2616 3320 thronum
2650 3282 2828 3320 meum
2858 3283 3025 3337 super
3055 3270 3228 3323 nubes
3259 3271 3402 3337 cudi,
3436 3284 3492 3327 et
3519 3288 3612 3328 ero

2041 3356 2235 3409 similis
2263 3355 2564 3411 Altissimo.
2597 3357 2652 3411 Si
2683 3358 2881 3413 malum
2915 3370 2971 3414 et
2995 3361 3195 3415 bonum
3221 3363 3422 3416 habent
3448 3365 3612 3420 Deum

2043 3460 2346 3512 auctorem,
2381 3465 2553 3518 quare
2607 3453 2864 3522 operibus
2890 3455 3002 3508 suis
3058 3467 3285 3510 vasmtae
3329 3467 3455 3511 sunt
3510 3458 3610 3512 Sn-

2043 3539 2196 3591 doma
2233 3538 2722 3606 etGontortha,ct_
2775 3543 2826 3597 in
2873 3553 3096 3612 peccato
3148 3559 3247 3600 suo
3305 3547 3615 3617 perierunt?

2043 3628 2306 3682 Similiter
2346 3633 2678 3700 temporibus
2695 3633 2880 3688 diluvii
2905 3633 3038 3700 Nee,
3070 3650 3244 3705 quare
3272 3637 3432 3706 periit
3455 3655 3613 3692 mun-

2043 3721 2188 3777 dus?
2213 3725 2276 3776 Ει
2304 3740 2474 3793 quare
2533 3727 2868 3796 septuaginta
2909 3727 3139 3782 duarum
3176 3729 3409 3784 tribuum
3457 3742 3509 3784 et
3535 3733 3612 3784 fa-

2044 3815 2309 3870 miliarum
2338 3817 2702 3887 generationis
2729 3818 3155 3885 Musulmanicze,
3185 3823 3343 3876 unica
3381 3834 3608 3886 tantum,

2045 3917 2100 3958 ut
2129 3909 2394 3970 asseritis,
2432 3908 2742 3975 paradisum
2775 3918 3156 3977 consequetur,
3189 3910 3306 3963 aliae
3347 3925 3475 3965 vero
3501 3925 3613 3980 pos.-

2043 3999 2127 4052 nis
2153 4009 2207 4051 et
2260 3999 2537 4067 suppliciis
2600 3999 3093 4067 adjudicabuntur?
3134 4001 3296 4056 Vides
3345 4005 3616 4071 quomodo

2043 4089 2344 4154 ruentiaris,
2377 4099 2431 4142 et
2456 4089 2724 4143 Coranum
2771 4100 2918 4144 tuum
2977 4105 3076 4146 nec
3118 4107 3146 4145 a
3189 4092 3298 4144 Deo
3347 4093 3611 4160 originem

2042 4179 2262 4242 habere,
2299 4194 2448 4234 nece
2486 4180 2624 4234 cwio
2653 4177 3017 4247 descendisse,
3061 4193 3121 4235 ut
3143 4182 3345 4236 delirus
3394 4185 3613 4235 asseris.

2043 4271 2176 4324 Nam
2202 4269 2370 4324 Deum
2405 4273 2578 4341 ipsum
2637 4270 2894 4338 injustam
2953 4272 3133 4342 lingis,
3168 4275 3356 4328 dicens
3414 4275 3613 4327 bonum

2044 4372 2099 4416 et
2145 4363 2345 4416 malum
2377 4379 2404 4415 a
2439 4365 2548 4418 Deo
2579 4365 2842 4435 originem
2878 4366 3097 4422 habere.
3141 4364 3475 4434 Sedjudicat
3515 4363 3616 4419 bo-

2047 4469 2172 4506 num
2201 4461 2257 4507 et
2298 4454 2523 4520 malum,
2559 4468 2614 4509 et
2668 4457 3058 4511 convenienter
3105 4456 3281 4512 reddit
3328 4455 3617 4523 unicuique

366 4523 551 4592 νηρὸν,
584 4528 678 4579 καὶ
707 4529 1032 4584 ἀποδίδωσιν
1067 4534 1283 4604 ἑκάστῳ
1330 4539 1474 4590 κατὰ
1505 4540 1570 4592 τὰ
1598 4540 1735 4609 ἔργα
1768 4543 1938 4596 αὐτοῦ

2045 4547 2341 4599 secundum
2361 4560 2522 4615 Opera
2553 4561 2673 4600 sua.

365 4614 552 4679 ἀξίως.

434 4706 627 4773 Λέγεις
646 4723 658 4736 ·
689 4710 875 4773 Ὅστις
900 4711 959 4763 οὐ
985 4712 1172 4768 πλύνει
1195 4717 1293 4784 τὴν
1311 4717 1580 4789 καθέδραν
1601 4741 1716 4787 του,
1741 4721 1857 4778 εἶτα
1881 4725 1942 4778 τὸ

366 4797 544 4866 στόμα
595 4817 710 4863 του,
741 4802 820 4864 είς
848 4804 1175 4874 παράδεισον
1224 4810 1324 4860 οὐκ
1371 4811 1702 4884 εἰσέρχεται,
1752 4816 1942 4881 καθὼς

363 4889 720 4960 διαλαμϐάνει
745 4894 804 4945 τὸ
827 4895 1128 4966 Κουράνιόν
1155 4916 1266 4952 σου.
1300 4903 1411 4954 Καὶ
1454 4901 1612 4969 αῦοίς
1676 4927 1828 4977 φησι,
1861 4911 1942 4962 ὅτι

362 4985 391 5034 ὁ
417 4983 642 5052 τρώγων
667 4986 902 5056 χοίρειον
926 4988 1112 5057 κρέας,
1155 4991 1255 5043 οὐκ
1287 4994 1596 5065 εἰσέρχεται
1636 5001 1715 5061 εἰς
1759 5002 1940 5070 παρά-

362 5073 538 5129 δεισον
595 5076 678 5128 ὃτι
730 5078 999 5146 μιαίνεται
1058 5083 1086 5133 6
1119 5083 1446 5152 παράδεισος
1491 5089 1584 5139 τοῦ
1631 5090 1787 5144 Θεοῦ.
1833 5093 1942 5144 Καὶ

364 5167 548 5232 πάλιν,
571 5169 598 5220 6
632 5169 840 5238 μέλλων
859 5170 1044 5224 λαϐεῖν
1063 5177 1318 5240 γυναῖκα,
1361 5177 1591 5232 ἐνώπιον
1619 5181 1752 5235 δέκα
1797 5201 1942 5255 μαρ-

364 5258 543 5329 τύρων
572 5260 784 5315 λαϐέτω
826 5264 1015 5334 αὐτὴν,
1059 5265 1143 5317 ἵνα
1184 5267 1366 5321 δικαία
1399 5271 1544 5324 ἐστὶν
1575 5273 1713 5343 αῦτη
1747 5277 1778 5344 ἡ
1806 5279 1946 5345 πρᾶ-

370 5350 473 5415 ξις.
520 5353 644 5415 Πῶς
702 5353 832 5408 δέκα
908 5359 1218 5428 μαρτυρίας
1276 5361 1366 5414 διὰ
1418 5367 1648 5430 γυναῖκα
1713 5367 1892 5438 ζητεῖς
1927 5407 1942 5429 ,

365 5444 459 5496 καὶ
488 5443 576 5497 διὰ
605 5445 695 5499 τὸν
717 5447 1002 5518 προφήτην
1037 5467 1127 5502 σου
1163 5452 1377 5519 οὐδένα,
1395 5455 1486 5506 τὸν
1522 5458 1843 5528 συντυχόντα
1869 5459 1944 5529 τῷ

364 5532 485 5604 Θεῷ
501 5537 674 5606 στόμα
706 5539 841 5608 πρὸς
874 5542 1076 5612 στόμα;
1111 5545 1328 5606 Λοιπὸν,
1360 5546 1482 5600 οὔτε
1503 5548 1594 5601 τὸν
1623 5549 1754 5602 Θεὸν
1787 5551 1945 5615 γινώ-

365 5641 548 5686 σκετε,
581 5625 703 5678 οὔτε
754 5631 1207 5700 προφήτην,οῦτε
1237 5635 1694 5702 ἀπόστολον,οῦτε
1742 5644 1942 5711 σημεῖα

363 5716 566 5782 οἴδατε,
597 5718 719 5772 οὔτε
750 5721 971 5792 τέρατα.
1003 5723 1142 5778 Οὔτε
1190 5727 1250 5779 τὸ
1283 5730 1586 5801 Κουράνιον
1609 5733 1764 5802 ὑμῶν
1796 5736 1942 5785 ἐστιν

364 5808 537 5875 Λόγος
559 5810 654 5862 τοῦ
701 5811 857 5879 Θεοῦ,
885 5815 1122 5870 ὅτιθεὸν
1181 5819 1241 5871 οὐ
1286 5821 1608 5890 γινώσκετε.
1668 5826 1790 5878 Ὅτι
1842 5828 1939 5894 οὐχ

2118 4723 2300 4779 Dicis:
2333 4722 2432 4790 Qui
2461 4739 2565 4778 non
2607 4725 2751 4778 lavat
2795 4739 2980 4789 anum,
3013 4734 3068 4777 ct
3098 4734 3284 4794 postea
3330 4741 3392 4780 os
3435 4743 3613 4792 suum,

2045 4832 2149 4868 non
2185 4826 2358 4885 potest
2388 4816 2592 4886 ingredi
2649 4817 2978 4885 paradisum,
3019 4828 3076 4870 ιιι
3107 4821 3298 4872 statuit
3349 4829 3403 4874 et
3433 4835 3616 4875 censet

2046 4915 2168 4958 tuus
2196 4904 2527 4970 Alcoranus;
2552 4915 2606 4958 et
2634 4919 2822 4958 rursus
2863 4908 3055 4960 asserit
3096 4921 3216 4960 eum
3266 4909 3357 4977 qui
3396 4926 3616 4965 carnem

2045 4999 2252 5052 suillam
2285 4999 2539 5054 camedil.
2574 5016 2678 5052 non
2714 5002 3034 5068 adepturum
3075 5001 3465 5057 beatitudinem
3519 5020 3620 5072 [ιιι--

2046 5091 2232 5156 radisi,
2277 5091 2404 5160 quia
2467 5101 2594 5145 tunc
2653 5092 2934 5160 paradisus
2987 5093 3078 5146 Dei
3136 5095 3619 5149 contaminat-clm.

2045 5183 2110 5238 Et
2133 5200 2319 5239 rursus
2342 5185 2477 5238 dicis
2508 5185 2651 5253 quod
2683 5185 2771 5252 qui
2805 5201 3027 5238 uxorem
3059 5186 3129 5238 sit
3153 5189 3436 5250 ducturus,
3463 5187 3623 5241 debet

2047 5278 2190 5330 illam
2217 5277 2413 5330 ducere
2449 5277 2811 5344 praesentibus
2858 5282 3041 5330 decem
3076 5277 3327 5343 testibus,
3360 5292 3418 5332 ut
3453 5289 3617 5332 totum

2046 5369 2186 5421 istud
2215 5368 2488 5434 negotium
2512 5369 2810 5436 legitimum
2843 5368 3127 5422 habeatur.
3165 5368 3345 5433 Quare
3365 5385 3495 5423 vero
3522 5370 3618 5422 de-

2045 5474 2162 5510 rem
2193 5459 2497 5512 testimonia
2527 5459 2594 5511 ad
2625 5473 2845 5511 uxorem
2877 5459 3070 5511 marito
3090 5459 3325 5526 legitime
3359 5457 3614 5524 copulati-

2044 5551 2170 5603 dum
2206 5551 2458 5618 requiris,
2496 5551 2697 5604 nullum
2731 5566 2858 5603 vero
2889 5551 2954 5602 ad
2997 5550 3342 5602 asserendam
3379 5550 3617 5618 dignita-

2046 5651 2150 5695 lem
2183 5643 2459 5709 prophetae
2481 5642 2576 5706 tui,
2605 5641 2694 5706 qui
2720 5657 2815 5694 ore
2854 5641 2918 5692 ad
2941 5657 3002 5694 os
3035 5656 3154 5694 cum
3195 5639 3303 5694 Deo
3323 5652 3409 5695 cst
3447 5642 3618 5695 collo.

2045 5744 2222 5787 entus.
2253 5733 2548 5798 Cancrum,
2583 5749 2758 5802 neque
2783 5731 2952 5787 Deum
3005 5732 3180 5786 nostis
3210 5772 3225 5796 ,
3266 5748 3364 5787 nec
3385 5737 3617 5803 prophe-

2048 5835 2174 5889 tam,
2197 5842 2296 5879 ucc
2329 5827 2652 5895 apostolum,
2672 5840 2772 5881 nec
2790 5827 2941 5895 signa
2975 5824 3163 5889 nostis,
3199 5840 3297 5880 nec
3333 5827 3614 5885 miracula.
