4146 6442
589 413 728 477 I395

1725 414 2296 477 BARTHOLOM/EI
2336 415 2714 481 EDESSENI

3713 421 3851 488 1396

587 537 762 593 neque
786 520 1039 579 Coranus
1066 530 1247 579 vester
1277 532 1362 580 est
1394 523 1634 579 Verbum
1672 523 1792 582 Dei.
1855 524 1925 581 Et
1971 540 2160 581 revera

2265 521 2425 598 εὗρον
2453 530 2513 582 ἐν
2543 527 2622 599 τῷ
2647 528 2938 600 Κουρανίῳ
2973 546 3065 585 σου
3105 531 3281 605 ὄνομα
3323 531 3416 588 τοῦ
3465 533 3705 604 δρῶντος
3755 536 3851 588 καὶ

586 619 755 672 Deum
787 630 894 671 non
925 618 1119 685 nostis,
1151 632 1276 672 nam
1307 617 1360 672 in
1381 616 1597 672 Corano
1624 626 1806 674 vestro
1831 633 1936 674 non
1980 621 2164 674 inveni

586 724 783 766 nomen
831 711 1121 774 creatoris,
1146 710 1456 774 rationalis,
1492 720 1545 765 et
1578 710 1900 767 immortalis
1925 711 2045 777 Dei,
2072 713 2166 768 sed

587 813 798 857 tantum
831 816 1032 857 nomen
1057 801 1148 855 Dei
1173 816 1331 871 quem
1359 801 1570 856 Arabes
1597 803 1850 858 colebant
1891 813 2018 858 ante
2067 806 2166 856 ad-

592 905 817 949 ventum
875 892 1294 954 Muhammedis,
1331 893 1590 947 nimirum
1646 893 2017 964 pbosphorum
2067 910 2164 950 seu

591 997 800 1043 astrum
850 985 1202 1040 matutinum.
1255 983 1370 1038 Non
1425 985 1594 1041 babes
1650 987 1995 1056 prophetam,
2038 1002 2163 1040 nam

593 1077 725 1131 nihil
775 1075 1062 1131 ostendisti
1091 1076 1234 1145 quod
1279 1087 1553 1146 spectaret
1601 1076 1748 1132 illius
1788 1077 2160 1148 prophetiam,

588 1178 638 1221 et
668 1166 754 1220 ubi
794 1166 999 1235 scripta
1029 1165 1322 1236 legeretur,
1352 1168 1493 1222 sicut
1520 1183 1620 1223 nos
1655 1168 1924 1224 habemus
1968 1169 2165 1224 vatici-

588 1256 674 1310 nia
731 1257 1119 1326 prophetarum
1178 1259 1231 1312 in
1288 1260 1491 1329 quibus
1542 1260 1817 1330 praeterita
1876 1269 1932 1315 et
1978 1260 2166 1316 futura

590 1357 833 1414 narrant,
872 1358 1164 1418 antequam
1199 1349 1464 1404 vidissent
1512 1366 1650 1418 opus
1703 1350 1924 1420 aliquod
1955 1349 2161 1417 fusum,

587 1438 668 1491 vel
695 1438 958 1508 scriptum
1001 1439 1146 1495 unde
1197 1439 1285 1494 illa
1333 1441 1550 1496 haurire
1593 1451 1838 1511 possent.
1897 1441 2006 1496 Sed
2059 1458 2162 1498 nec

586 1528 864 1596 apostolus
894 1543 995 1585 nec
1015 1531 1280 1600 pr0pheta
1307 1529 1411 1585 fuit
1457 1530 1828 1586 Multammed.
1881 1530 2018 1586 Nam
2054 1547 2162 1587 non

586 1620 742 1674 nobis
771 1631 989 1676 constat
1014 1621 1162 1676 illum
1194 1623 1510 1678 ascendisse
1537 1623 1588 1677 in
1613 1623 1786 1678 cmlos
1823 1623 1906 1677 vel
1931 1624 2164 1679 descen-

583 1713 750 1768 disse.
792 1711 1042 1770 Testaris
1092 1715 1308 1783 quidem
1360 1715 1610 1784 angelum
1659 1714 1752 1768 Dei
1819 1714 2040 1770 venisse
2094 1715 2164 1770 ad

584 1803 1043 1871 Muhatnmedem,
1071 1816 1128 1862 et
1171 1806 1251 1862 sic
1303 1817 1628 1875 sequeretur
1675 1805 1927 1874 angelum
1987 1807 2162 1863 fuisse

2270 615 2492 684 λογικοῦ
2528 617 2688 684 Θεοῦ,
2717 619 2815 672 καὶ
2848 620 3138 688 ἀθανάτου,
3167 623 3217 676 εί
3271 623 3347 695 μὴ
3388 624 3560 696 ὄνομα
3604 624 3763 692 Θεοῦ,
3789 624 3848 677 ὃν

2266 709 2318 760 οἱ
2351 709 2630 780 Ἀρραϐες
2653 711 2759 782 πρὸ
2791 711 2887 765 τοῦ
2916 714 3211 784 Μουχάμετ
3232 716 3581 780 ἐπίστευσαν,
3613 717 3671 780 ὃς
3698 719 3849 772 ἐστιν

2266 803 2295 855 6
2351 803 2633 875 ἑωσφόρος
2688 805 2886 875 ἀστήρ.
2929 808 3042 860 υύκ
3073 807 3218 878 ἔχεις
3277 810 3584 880 προφήτην,
3611 811 3694 863 ὅτι
3743 811 3845 863 οὐκ

2267 893 2476 958 έδειξάς
2501 911 2593 965 μοι
2623 897 2875 968 περὶτῆς
2913 900 3250 969 προφητείας
3285 900 3447 954 αὐτοῦ
3474 901 3574 955 ποῦ
3603 903 3842 974 ἐγράφη,

2269 985 2455 1049 καθὼς
2487 985 2685 1056 ἔχομεν
2713 989 2875 1059 ἡμεῖς
2906 990 3002 1054 τάς
3027 990 3139 1042 τῶν
3172 990 3470 1062 προφητῶν
3487 993 3845 1062 προφητείας,

2266 1078 2326 1130 ὲν
2353 1073 2439 1142 αἶς
2465 1074 2618 1133 εἷπον
2653 1082 2783 1150 περὶ
2818 1081 2928 1134 τῶν
2974 1082 3404 1152 προγεγονότων,
3439 1082 3666 1136 καὶτῶν
3709 1083 3848 1153 μελε

2265 1168 2468 1224 λόντων
2503 1173 2612 1244 πρὸ
2641 1171 2735 1226 τοῦ
2771 1174 2903 1227 ίδεῖν
2937 1175 3235 1245 χρυσοχόου
3276 1173 3457 1242 ἔργον,
3491 1174 3524 1246 ἢ
3572 1191 3847 1245 γραμμα-

2265 1265 2440 1318 τικόν.
2497 1264 2640 1316 Ἀλλ’
2670 1265 2794 1318 οὐδὲ
2839 1266 3137 1330 ἀπόστολος
3176 1264 3266 1338 ἦν,
3293 1266 3416 1320 οὕτε
3465 1268 3752 1338 προφήτης
3815 1269 3850 1320 6

2264 1356 2585 1426 Μουχάμετ,
2617 1359 2699 1410 ὅτι
2724 1359 2826 1411 οὐκ
2851 1358 3072 1428 οἴδαμεν
3103 1359 3266 1412 αὐτὸν
3290 1358 3563 1412 ἀναϐάντα
3586 1360 3665 1422 είς
3714 1357 3852 1422 τοὺς

2263 1448 2547 1518 οὐρανοὺς,
2584 1449 2616 1519 ἢ
2648 1451 2989 1504 καταϐάντα.
3017 1451 3464 1522 Συμμαρτυρεῖς,
3492 1451 3569 1504 ὅτι
3611 1450 3851 1519 ἄγγελος

2264 1539 2472 1609 Κυρίου
2509 1540 2728 1611 ἔρχεται
2769 1544 2851 1606 εἰς
2902 1543 2992 1596 τὸν
3038 1543 3356 1613 Μουχάμετ.
3417 1544 3528 1596 Καὶ
3588 1541 3774 1597 λοιπὸν
3813 1545 3847 1596 ὁ

2263 1631 2499 1700 ἄγγελός
2517 1635 2663 1686 ἐστιν
2691 1635 3009 1701 ἀπόστολος,
3033 1637 3127 1688 καὶ
3147 1636 3174 1686 6
3198 1635 3496 1704 Μουχάμετ
3513 1634 3680 1687 οὐδέν.
3702 1633 3845 1686 Ούδὲ

2267 1723 2468 1790 σημεῖα
2488 1724 2581 1776 καὶ
2601 1726 2806 1796 τέρατα
2828 1727 3008 1780 οἴδατε
3039 1725 3099 1790 ἐξ
3127 1726 3290 1780 αὐτοῦ
3307 1766 3320 1778 .
3354 1727 3475 1779 Ὅτι
3500 1726 3651 1778 οὐδὲν
3678 1719 3845 1798 εὖρον

2265 1813 2438 1866 αὐτὸν
2468 1816 2642 1884 Λόγον
2665 1817 2825 1882 Θεοῦ,
2861 1819 2910 1870 εί
2932 1818 3006 1889 μὴ
3037 1819 3249 1872 πλαστὰ
3283 1818 3380 1871 καὶ
3419 1817 3625 1888 βέϐηλα
3656 1818 3843 1885 λόγια.

581 1899 908 1967 apostolum,
959 1915 1065 1954 non
1117 1915 1246 1955 vero
1294 1900 1725 1955 llluhammedem
1780 1901 1984 1970 ipsum.
2031 1899 2144 1956 Nec
2191 1901 2345 1971 signa
2385 1922 2487 1962 nec
2547 1911 2805 1964 miracula
2874 1913 2943 1966 ab
2973 1912 3061 1966 illo
3091 1922 3304 1982 patrata
3349 1912 3572 1980 potestis
3597 1911 3844 1980 proferre

579 2011 646 2047 rx
670 1994 788 2060 ipso
817 1992 1052 2048 Corano.
1081 1992 1148 2047 Et
1187 1994 1320 2048 nihil
1349 1994 1404 2049 in
1434 1994 1522 2049 illo
1563 1994 1761 2061 inveni,
1790 1996 1934 2066 quod
1977 1994 2250 2052 redoleret
2288 2008 2343 2054 et
2400 2003 2636 2073 spiraret
2666 2006 2901 2062 Verbum
2938 2006 3185 2074 Dei;sed
3247 2016 3451 2061 tantum
3499 2005 3749 2076 ﬁgmenta
3785 2006 3844 2062 et

579 2088 833 2157 profanas
859 2086 1362 2141 sermocinationes.

650 2180 736 2247 Et,
795 2194 1000 2250 quaeso,
1044 2177 1131 2235 die
1186 2178 1317 2232 tnihi
1350 2178 1618 2248 quomodo
1645 2177 1881 2236 Verbum
1913 2181 2006 2236 Dei
2047 2181 2160 2235 uui-

2344 2182 2457 2236 Καὶ
2502 2184 2643 2248 πῶς,
2671 2181 2794 2239 εἶπέ
2829 2203 2940 2257 μοι,
2981 2187 3009 2239 6
3033 2184 3126 2239 τοῦ
3156 2184 3291 2238 Θεοῦ
3327 2184 3500 2253 Λόγος
3548 2181 3734 2254 ήνὼθη
3759 2182 3842 2255 τῷ

578 2285 690 2327 ιιιιη
720 2281 868 2328 esset
922 2271 1084 2335 libro,
1119 2285 1214 2325 seu
1271 2270 1485 2326 Corano
1527 2280 1640 2334 tuo,
1668 2280 1763 2326 aut
1808 2271 2091 2336 volumini,
2117 2281 2160 2326 el

2274 2277 2502 2350 χαρτὶῳ,
2528 2277 2698 2347 ἡγουν
2722 2277 2801 2348 τῷ
2848 2277 3142 2349 Κουρανίῳ
3180 2293 3296 2341 σου,
3329 2275 3425 2328 καὶ
3454 2273 3531 2345 τῷ
3567 2274 3838 2345 τομαρίῳ,

574 2367 824 2421 Coranus
883 2373 1008 2418 tuus
1044 2363 1303 2418 evaderet
1346 2362 1583 2418 Verbum
1632 2363 1734 2433 ipsi
1770 2363 1881 2418 Deo
1904 2379 2168 2420 comvum.

577 2463 632 2513 In
678 2458 853 2527 platea
908 2455 1106 2511 offendi
1165 2469 1362 2526 pueros
1411 2469 1572 2524 quam
1612 2456 1894 2525 plurimos,
1928 2456 2020 2525 qui
2049 2456 2170 2510 Co-

572 2567 764 2607 ranum
836 2549 1241 2619 gestabant,et
1303 2563 1425 2603 eum
1491 2547 1686 2619 aliquis
1733 2563 1922 2603 eorum
1985 2549 2167 2618 priva-

576 2646 671 2697 tim
736 2642 950 2696 volebat
1012 2641 1269 2696 secedere
1345 2652 1562 2712 propter
1618 2640 2023 2718 necessitatem,
2063 2639 2169 2694 Coo

576 2750 766 2790 ranum
833 2738 991 2801 juxta
1064 2746 1126 2788 se
1184 2733 1607 2798 collocabat,et
1651 2732 1894 2787 sedebat.
1948 2729 2165 2800 Alioqui

573 2841 672 2896 per
706 2834 876 2881 totam
901 2827 1044 2880 diem
1063 2826 1213 2895 pueri
1232 2824 1504 2880 Coranum
1535 2824 1755 2890 habent,
1775 2833 1832 2880 et
1858 2823 2156 2894 aliquando

575 2921 728 2976 illum
764 2920 997 2986 calcant,
1033 2919 1324 2986 aliquando
1349 2934 1470 2974 cum
1515 2919 1608 2974 illo
1641 2918 1797 2973 ludos
1827 2926 2019 2987 agunt,
2053 2916 2159 2970 ali-

574 3013 796 3082 quando
826 3028 958 3067 vero
985 3011 1078 3066 illo
1109 3027 1167 3066 se
1209 3021 1396 3065 mutuo
1431 3010 1697 3080 impetunt
1752 3018 1807 3064 et
1842 3010 2157 3065 verberant.

575 3105 860 3171 Quomodo
893 3119 1024 3173 ergo
1063 3104 1309 3159 Coranus
1355 3113 1503 3159 esset
1533 3102 1769 3158 Verbum
1805 3103 1919 3169 Dei,
1962 3111 2016 3156 et
2057 3102 2160 3172 ipsi

581 3196 690 3250 Deo
741 3204 1067 3250 comternus.
1124 3193 1305 3260 Quare
1356 3209 1460 3248 non
1511 3194 1706 3248 annuis
1729 3193 1930 3248 dicenti
1971 3191 2158 3248 Jesum

577 3289 859 3343 Christum
909 3288 1241 3342 excitantem
1305 3295 1567 3352 mortuos,
1600 3296 1819 3356 peccata
1879 3288 2156 3342 tollentem

578 3382 982 3444 etabolentem,
1013 3380 1178 3435 variis
1198 3380 1367 3450 signis
1399 3387 1455 3434 et
1485 3378 1758 3433 miraculis
1791 3393 1851 3434 se
1884 3393 2158 3433 commen-

2274 2370 2362 2426 ἵνα
2395 2371 2632 2442 ὑπάρχει
2661 2371 2724 2423 τὸ
2758 2369 3058 2441 Κουράνιόν
3091 2386 3184 2422 σου
3217 2369 3372 2437 λόγος
3413 2366 3679 2438 σύναρχος
3733 2366 3829 2418 τοῦ

2269 2463 2408 2520 Θεοῦ
2445 2467 2640 2531 ;Κατὰ
2667 2465 2767 2537 τὴν
2812 2465 2932 2518 ὁδὸν
2971 2464 3145 2536 μικρά
3185 2461 3373 2516 παιδία
3421 2458 3726 2530 κρατοῦντα
3767 2457 3834 2510 τὸ

2269 2559 2574 2630 Κουράνιον
2614 2574 2730 2620 σου,
2753 2557 2851 2611 καὶ
2898 2557 2956 2608 ὲν
2981 2556 3058 2627 τῷ
3096 2554 3306 2624 μέλλειν
3333 2553 3510 2606 αὐτῶν
3569 2549 3674 2604 τῶν
3707 2567 3837 2602 παι-

2266 2647 2396 2703 δίων
2451 2647 2576 2700 καθ’
2619 2646 2864 2716 ἑκάστην
2897 2643 3214 2715 ὲξέρχεσθαι
3263 2643 3353 2696 διὰ
3404 2640 3592 2712 χρείαν
3635 2639 3830 2702 αὐτῶν,

2267 2741 2451 2796 ἔθεντο
2479 2741 2708 2813 πλησίον
2733 2737 2916 2792 αὐτῶν
2952 2736 3048 2790 καὶ
3100 2735 3163 2788 τὸ
3209 2733 3512 2804 Κουράνιόν
3557 2748 3670 2794 σου,
3734 2729 3834 2782 καὶ

2264 2835 2567 2907 ἐκάθησαν.
2597 2833 2709 2886 Καὶ
2742 2831 2917 2894 ἄλλως
2946 2829 3015 2882 δι’
3036 2827 3162 2882 ὅλου
3192 2827 3291 2898 τῆς
3312 2825 3526 2896 ἡμέρας
3553 2825 3602 2876 οἱ
3642 2820 3830 2884 παῖδες

2266 2927 2422 3000 ὑμῶν
2459 2926 2783 2995 κατέχουσιν
2809 2921 2964 2977 αύτό.
2991 2919 3102 2973 Καὶ
3131 2919 3262 2973 ποτὲ
3290 2917 3386 2988 μὲν
3415 2915 3666 2980 πατοῦσι,
3699 2911 3831 2966 ποτὲ

2263 3020 2321 3074 δὲ
2356 3018 2614 3084 παίζουσι
2641 3018 2761 3087 μετ’
2795 3013 2983 3068 αὐτοῦ.
3016 3012 3153 3065 Ποτὲ
3181 3011 3461 3082 δέρῤονται
3491 3003 3572 3069 εἷς
3598 3005 3687 3058 τὸν
3709 3003 3830 3056 ἕτε-

2268 3129 2360 3184 ρον
2392 3112 2511 3182 μετ’
2539 3108 2726 3164 αὐτοῦ.
2754 3107 2879 3170 Πῶς
2913 3105 3046 3174 γοῦν
3083 3105 3197 3156 ἐστι
3228 3101 3399 3169 Λόγος
3436 3099 3529 3152 τοῦ
3559 3096 3711 3157 Θεοῦ,
3731 3091 3831 3147 καὶ

2263 3205 2534 3274 σύναρχος
2559 3202 2620 3254 τὸ
2663 3199 2966 3270 Κουράνιόν
3017 3212 3110 3248 σου
3141 3210 3156 3261 ;
3188 3193 3311 3255 Πῶς
3365 3193 3426 3244 ού
3464 3187 3828 3261 παραδέχεσαι

2261 3296 2518 3363 λέγοντα,
2550 3293 2632 3346 ὅτι
2675 3289 2882 3362 Ἰησοῦς
2940 3286 3174 3357 Χριστὸς
3218 3286 3247 3337 6
3291 3283 3416 3345 τοὺς
3470 3278 3691 3350 νεκροὺς
3734 3276 3833 3330 ἀν·

2265 3383 2460 3443 ιστῶν,
2494 3382 2590 3434 καὶ
2623 3381 2721 3443 τὰς
2741 3376 3018 3449 ἁμαρτίας
3037 3375 3298 3443 ἀναιρῶν,
3319 3372 3412 3426 καὶ
3431 3370 3598 3426 πολλά
3630 3368 3830 3438 σημεῖα

579 3476 798 3529 dantem
827 3487 950 3527 esse
979 3471 1153 3540 ipsum
1199 3469 1437 3524 Verbum
1482 3469 1599 3535 Dei,
1636 3479 1690 3522 et
1740 3469 1841 3537 ipsi
1892 3483 2155 3524 ceterum.

2263 3477 2356 3530 καὶ¹
2375 3475 2578 3545 τέρατα
2599 3471 2884 3535 δεικνύων,
2914 3471 2972 3533 ὃς
2996 3470 3143 3520 ἐστιν
3164 3467 3336 3534 Λόγος
3363 3462 3497 3516 Θεοῦ
3514 3460 3607 3515 καὶ
3633 3459 3828 3528 σύναρ-

582 3565 690 3619 Sed
723 3564 902 3633 potius
930 3563 1077 3617 illum
1111 3570 1170 3615 ut
1192 3562 1414 3616 atheum
1437 3561 1699 3629 exagitas.
1747 3561 2029 3626 Quomodo
2058 3575 2159 3613 au-

581 3659 677 3711 des
718 3670 967 3712 asserere
999 3654 1458 3717 Mubammedem,
1515 3651 1818 3716 Christum,
1863 3649 2158 3711 Adamum,

582 3748 875 3815 prOphetas
909 3747 1068 3802 unius
1099 3761 1222 3800 esse
1248 3744 1458 3799 ordinis
1483 3743 1733 3812 parisque
1761 3741 1926 3797 sortis
1967 3750 2023 3797 et
2077 3743 2160 3796 di-

579 3839 810 3909 gnitatis
873 3836 1014 3907 apud
1071 3836 1275 3891 Deum?
1331 3845 1385 3891 et
1439 3849 1563 3890 cum
1611 3833 1859 3889 Coranus
1884 3844 2006 3888 tuus
2065 3846 2162 3886 ore

581 3933 698 3999 ipso
726 3928 986 3983 Pacltura:
1046 3928 1192 3981 dicat
1243 3926 1521 3981 Christum
1574 3941 1696 3981 esse
1737 3925 1968 3980 Verbum
2023 3924 2154 3992 Dei,

579 4038 751 4091 quare
779 4020 1027 4077 asseritis
1073 4019 1224 4073 illum
1273 4030 1514 4074 creatum
1574 4017 1762 4084 fuisse,
1794 4027 1851 4072 ut
1911 4016 2160 4087 Multam-

578 4116 701 4167 med
731 4123 784 4168 et
815 4112 928 4166 alii.
960 4112 1026 4166 Et
1054 4111 1099 4166 si
1127 4110 1404 4166 Christum
1435 4118 1519 4163 est
1554 4107 1788 4164 Verbum
1819 4108 1934 4173 Dei,
1967 4123 2063 4160 cur
2092 4105 2153 4160 il-

578 4204 694 4258 lum
731 4204 1050 4274 prophetam
1086 4216 1271 4257 vocas.
1335 4202 1507 4267 Quem
1565 4201 1903 4254 inveniemus
1943 4199 1998 4252 in
2051 4198 2156 4253 Co-

578 4311 712 4349 rano
744 4307 836 4350 tuo
863 4297 1074 4350 duobus
1105 4295 1191 4349 his
1235 4292 1549 4357 nominibus
1596 4293 1956 4361 designatum,
1998 4289 2156 4346 Jesus

577 4387 848 4450 Christus,
883 4385 934 4439 id
963 4395 1048 4440 est
1076 4386 1217 4439 Deus
1242 4395 1295 4439 et
1319 4383 1520 4439 homo?
1550 4383 1684 4450 Quis
1740 4383 2004 4452 propheta
2073 4382 2157 4437 diu

575 4491 694 4536 ctus
723 4480 985 4550 prOpheta
1014 4488 1068 4534 et
1099 4477 1396 4547 apostolus.

566 4690 573 4696 '
644 4689 896 4744 Christus
928 4699 1009 4743 est
1041 4687 1277 4743 Verbum
1327 4686 1418 4742 Dei
1452 4699 1507 4742 et
1563 4688 1671 4742 Deo
1731 4702 1965 4741 coaevus.
2008 4685 2157 4753 Quo-

577 4781 739 4835 modo
762 4780 1019 4834 convenit
1045 4795 1239 4835 nomen
1270 4779 1385 4842 Dei,
1415 4780 1663 4834 criminis
1685 4791 1738 4835 et
1761 4779 1985 4836 sceleris
2035 4780 2153 4849 puri
2191 4820 2230 4873 Β

577 4883 631 4926 et
667 4872 1014 4939 immortalis,
1053 4873 1256 4926 nomini
1328 4869 1473 4927 illius
1501 4872 1591 4940 qui
1625 4871 1678 4926 in
1711 4883 1936 4941 peccato
1993 4881 2155 4926 natus

576 4975 677 5032 est,
700 4966 792 5037 qui
818 4972 1100 5035 peccatum
1129 4967 1301 5031 novit,
1327 4974 1383 5019 ct
1409 4966 1462 5018 in
1494 4964 1734 5034 peccatis
1768 4973 2018 5022 mortuus
2049 4975 2154 5020 est.

647 5139 818 5197 Nobis
848 5156 956 5195 non
991 5152 1075 5196 est
1106 5150 1447 5212 compertum
1479 5141 1856 5205 Mahumedem
1889 5144 2072 5200 verbis
2102 5154 2158 5198 et

575 5233 833 5303 Operibus
860 5241 1134 5300 potentem
1171 5232 1360 5297 luisse,
1400 5231 1542 5288 sicut
1575 5231 1678 5286 fuit
1705 5233 1835 5288 olim
1858 5235 2148 5300 Christus;

574 5329 702 5383 hiae
726 5326 974 5383 Coranus
1027 5328 1219 5382 asserit
1257 5325 1440 5381 Jesum
1487 5327 1766 5382 Christum
1823 5329 1971 5383 cruci
2039 5344 2148 5384 non

572 5420 744 5475 fuisse
775 5417 1020 5483 aﬂixum,
1055 5432 1153 5473 nec
1217 5426 1512 5482 mortuum,
1579 5433 1645 5471 ne
1705 5417 1846 5473 illius
1907 5435 2151 5474 resurre-

577 5513 775 5567 ctionis
805 5509 1131 5564 miraculum
1175 5519 1472 5575 constaret,
1505 5509 1596 5564 sed
1629 5509 1778 5563 illum
1815 5511 1958 5565 sicut
2011 5511 2155 5567 Deus

573 5605 839 5658 exsistere
870 5602 1258 5656 immortalem.
1291 5602 1395 5655 Sed
1454 5616 1613 5657 error
1665 5609 1753 5656 est
1797 5611 1850 5656 et
1885 5605 2152 5672 deceptio.

574 5695 707 5750 Nam
743 5697 871 5751 licet
900 5696 1108 5764 negetis
1146 5695 1292 5749 illius
1331 5710 1548 5749 crucem
1587 5704 1640 5750 et
1671 5697 2150 5758 resurrectionem,

2263 3585 2378 3639 χος,
2412 3565 2547 3620 ἀλλὰ
2598 3565 2694 3618 καὶ
2740 3562 2898 3618 ἄθεον
2943 3559 3110 3636 αὑτὸν
3158 3557 3453 3618 ἀποκαλεῖς
3487 3571 3502 3621 ;
3532 3553 3651 3613 Πῶς
3706 3549 3828 3603 τολ-

2266 3661 2372 3730 μᾷς
2407 3658 2612 3726 λέγειν,
2638 3657 2718 3709 ὄτι
2753 3656 2782 3708 6
2824 3653 3149 3723 Μουχάμετ,
3179 3649 3272 3703 καὶ
3298 3651 3326 3702 6
3369 3645 3621 3718 Χριστὸς,
3660 3642 3752 3695 καὶ
3795 3640 3827 3692 6

2274 3751 2467 3821 Ἀδὰμ,
2501 3750 2598 3802 καὶ⁸
2629 3748 2677 3801 οἱ
2707 3746 2983 3817 προφῆται
3027 3743 3144 3806 ἑνός
3185 3743 3292 3794 εἱσι
3334 3739 3522 3801 τόπου,
3569 3735 3662 3789 καὶ
3699 3733 3828 3804 μιᾶς

2261 3842 2418 3909 ἀξίας
2446 3839 2600 3911 παρά
2630 3837 2708 3908 τῷ
2737 3837 2876 3907 Θεῷ.
2912 3835 3022 3889 Καὶ
3053 3835 3113 3887 τὸ
3143 3831 3446 3902 Κουράνιόν
3479 3845 3595 3894 σου,
3640 3827 3824 3897 φησὶν,

2261 3936 2328 3988 ὲκ
2364 3933 2635 4002 στόματος
2660 3929 2753 3983 τοῦ
2787 3928 3037 4000 Παχυρᾶ,
3067 3927 3149 3980 ὅτι
3183 3927 3210 3978 6
3238 3923 3471 3994 Χριστὸς
3503 3921 3672 3988 Λόγος
3709 3919 3826 3970 ἐστὶ

2260 4027 2355 4081 τοῦ
2393 4025 2552 4092 Θεοῦ,
2581 4024 2671 4078 διὰ
2705 4023 2759 4077 τί
2788 4021 2976 4090 λέγετε
3029 4019 3190 4072 αὑτὸν
3242 4014 3479 4080 κτιστὸν,
3546 4013 3620 4074 ὡς
3666 4009 3823 4063 αὐτὸν

2261 4116 2592 4188 Μουχάμετς
2622 4113 2716 4168 καὶ
2737 4113 2798 4165 τὸ
2827 4110 3035 4164 λοιπόν.
3076 4109 3182 4162 Καὶ
3211 4109 3259 4160 εἰ
3291 4107 3459 4173 Λόγος
3508 4101 3642 4156 Θεοῦ
3677 4103 3822 4164 ἐστιν

2261 4211 2290 4262 6
2319 4205 2576 4278 Χριστὸς,
2615 4204 2734 4267 πῶς
2764 4202 2928 4257 αὑτὸν
2973 4201 3261 4272 προφήτην
3292 4197 3506 4260 καλεῖς;
3535 4195 3695 4247 Ποῖον
3728 4188 3822 4243 εὖ·

2263 4317 2432 4371 ρομεν
2463 4300 2520 4350 ἐν
2545 4295 2624 4368 τῷ
2661 4295 2953 4367 Κουρανίῳ
2978 4311 3071 4344 σου
3099 4291 3288 4362 ἔχοντα
3324 4289 3417 4342 δύο
3455 4288 3690 4358 ὀνόματα
3718 4285 3826 4354 Ἰηο

2262 4392 2388 4445 σοῦν
2422 4390 2682 4460 Χριστὸν,
2714 4387 2857 4440 τοῦτ’
2885 4387 3032 4440 ἔστιν
3078 4385 3210 4447 Θεὸς
3249 4383 3345 4435 καὶ
3376 4379 3657 4449 ἄνθρωπος
3688 4375 3825 4443 ;Διά

2263 4485 2418 4539 ποῖον
2454 4491 2744 4554 προφήτην
2775 4477 2930 4534 εἷπον
2951 4479 3233 4550 προφήτην
3259 4475 3352 4528 καὶ
3387 4471 3720 4536 ἀπόστολον;

2345 4677 2403 4730 '0
2422 4677 2678 4747 Χριστὸς,
2696 4674 2868 4741 Λόγος
2893 4669 3042 4725 ἐστὶν
3075 4667 3168 4722 τοῦ
3197 4665 3355 4728 Θεοῦ,
3414 4663 3508 4718 καὶ
3539 4660 3824 4730 σύναρχος.

2260 4769 2386 4831 Πῶς
2426 4767 2605 4820 ἔοικεν
2637 4765 2699 4818 τὸ
2745 4764 2919 4834 ὄνομα
2947 4759 3040 4813 τοῦ
3083 4756 3219 4811 Θεοῦ
3276 4754 3369 4808 τοῦ
3418 4751 3823 4822 ἀναμαρτήτου,

2261 4862 2352 4914 καὶ
2381 4858 2678 4920 ἀθανάτου,
2710 4855 2790 4926 τῷ
2815 4853 3040 4923 ὀνόματι
3063 4848 3154 4902 τοῦ
3173 4847 3230 4912 ἐξ
3248 4844 3518 4916 ἁμαρτίας
3542 4839 3826 4912 γεννηθέν-

2257 4970 2373 5018 τος,
2417 4953 2510 5006 ml
2539 4950 2637 5013 ca,
2673 4946 2950 5019 ἁμαρτίας
2987 4943 3378 5015 γνωρίσαντος,
3409 4939 3501 4992 καὶ
3529 4937 3588 4989 ἐν
3634 4933 3824 4996 αὑταῖς

2259 5043 2445 5108 κακῶς
2467 5041 2832 5102 ἀποθανόντος
2854 5055 2870 5101 ;

2331 5137 2446 5190 Οὐκ
2475 5135 2698 5204 οἴδαμεν
2737 5132 2830 5185 τὸν
2850 5129 3151 5200 Μουχάμετ
3177 5125 3400 5182 δυνατὸν
3433 5125 3491 5176 ὲν
3547 5120 3695 5192 ἔργῳ
3727 5118 3822 5173 καὶ

2257 5230 2425 5300 λόγῳ,
2460 5228 2650 5298 ὥσπερ
2676 5227 2765 5280 τὸν
2789 5224 3047 5296 Χριστόν.
3084 5221 3183 5274 Διά
3210 5219 3364 5274 τοῦτο
3392 5217 3539 5285 λέγει
3568 5215 3632 5267 τὸ
3680 5215 3822 5267 Κου-

2262 5322 2442 5394 ράνιόν
2477 5337 2593 5384 σου,
2625 5321 2707 5372 ὅτι
2739 5317 2831 5371 τὸν
2863 5313 3074 5385 Ἰησοῦν
3102 5311 3334 5383 Χριστὸν
3368 5307 3492 5362 οῦτε
3536 5305 3823 5376 ἐσταύρωο

2261 5432 2383 5479 σαν,
2422 5413 2547 5466 οὔτε
2569 5412 2888 5480 ἐφόνευσαν,
2914 5407 3001 5461 διὰ
3023 5406 3082 5459 τὸ
3107 5406 3179 5476 μὴ
3225 5403 3528 5474 φανερῶσαι
3557 5399 3655 5470 τὴν
3691 5399 3827 5452 ἀνάσΙ

2261 5521 2452 5557 στασιν
2473 5501 2756 5565 αύτοῦ,ὃτι
2781 5499 3048 5558 ἀθάνατος
3068 5495 3300 5564 ὑπάρχει
3323 5492 3463 5546 καθά
3479 5489 3633 5553 Θεός.
3661 5486 3826 5540 Ἀλλά

2259 5595 2640 5665 πεπλάνησθε.
2680 5594 2793 5662 Τὴν
2840 5590 2948 5660 γάρ
2989 5588 3297 5660 σταύρωσιν
3320 5584 3480 5638 αὐτοῦ
3504 5582 3824 5653 ἀρνούμενοι

2255 5689 2348 5742 καὶ
2369 5689 2468 5757 τὴν
2513 5686 2833 5750 ἀνάστασιν,
2870 5683 2970 5753 τὴν
3022 5681 3132 5735 τῶν
3174 5677 3383 5747 νεκρῶν
3439 5673 3820 5740 ἐξανάστασιν,

575 5800 850 5854 nunquam
889 5786 1143 5854 poteritis
1183 5799 1382 5854 negare
1437 5783 1899 5839 resurrectionem
1959 5801 2148 5840 eorum

2263 5782 2341 5845 ιῦς
2380 5781 2700 5851 ἀνέστησεν,
2735 5779 2796 5831 ού
2824 5777 3048 5831 δύνασαι
3081 5771 3441 5846 ἀρνήσασθαι.
3489 5769 3562 5821 Τὸ
3593 5769 3821 5838 σημεῖον

573 5890 710 5942 quos
740 5891 803 5932 cx
835 5878 1067 5932 niet'tuis
1124 5875 1402 5934 excitavit.
1437 5877 1550 5933 Hoc
1577 5876 1790 5946 signum
1825 5876 1920 5931 tibi
1953 5876 2148 5932 suliicit

2250 5876 2412 5944 ἀρκεῖ
2445 5889 2550 5940 σοι,
2585 5872 2668 5924 ὅτι
2700 5871 2822 5935 τοὺς
2849 5867 3079 5938 νεκροὺς
3120 5862 3352 5920 ἀνιστῶν
3382 5860 3541 5925 αὐτὸς
3568 5859 3668 5914 οὐκ
3698 5859 3820 5912 ἐνε-
