4146 6442
632 371 770 441 1399
1771 376 2200 438 BARTHOLOB

2311 376 2335 434 Ι
2380 375 2717 434 EDESSEN
2727 376 2752 432 Ι
3753 371 3869 439 1400

629 495 800 561 ipsius
836 491 996 548 Verbi
1038 491 1156 557 Dei,
1199 491 1436 546 Verbum
1475 504 1603 546 vero
1671 489 1765 546 Dei
1823 503 1910 546 est
1963 491 2200 546 Christus

2318 487 2608 554 ἀθανάτος,
2635 489 2728 539 καὶ
2764 486 2941 556 μένων
2987 485 3066 551 είς
3105 489 3234 551 τοὺς
3290 486 3494 551 αἰῶνας
3547 485 3684 538 ὅπου
3737 479 3800 555 ἦν
3829 487 3874 538 τὸ

627 583 762 652 ipse.
797 582 1080 648 Quomodo
1111 597 1240 652 ergo
1272 582 1395 637 illos
1425 596 1580 651 pares
1612 589 1668 636 et
1723 580 1928 636 similes
1981 580 2186 634 consti-
2295 577 2602 649 πρότερον;

630 674 756 728 tuis.
785 675 1026 726 Adamus
1061 671 1161 726 luit
1211 686 1424 734 servus,
1473 670 1742 736 minister,
1775 679 1830 725 et
1888 669 2200 723 mandatum
2242 666 2334 722 Dei
2401 676 2748 734 trangressus
2797 672 2901 730 est,
2937 674 2992 720 et
3048 673 3172 734 post
3220 672 3505 736 peccatum
3543 661 3703 717 exsul
3737 675 3876 730 para-

631 765 750 820 diso
777 766 962 835 pulsus
987 775 1088 820 est.
1121 763 1402 831 Quomodo
1430 781 1558 835 ergo
1587 765 1779 819 similis
1810 776 1952 820 esset
1975 764 2152 818 Verbo
2178 763 2289 827 Dei,
2311 763 2456 832 quod
2473 768 2562 815 'est
2585 761 2910 824 immortale,
2946 762 3091 832 quod
3117 770 3203 817 est
3229 765 3349 816 sine
3385 767 3639 830 peccato,
3665 766 3722 814 et
3742 759 3866 827 quod

631 870 847 928 semper
880 870 1109 926 occupat
1132 859 1380 912 eumdem
1416 858 1592 911 locum
1628 872 1788 927 quem
1817 859 1884 910 ab
1907 855 2434 923 zetcrnooccupavit.

667 936 820 1006 -Dixi
859 952 951 1005 tibi
997 950 1268 1005 Christum
1320 951 1437 1004 sine
1483 951 1694 1004 semine
1728 959 1936 1013 natum,
1969 956 2023 1001 et
2057 964 2200 1000 mtu-

2377 943 2545 998 Είπόν
2577 961 2682 1006 σοι,
2713 944 2795 998 ὅτι
2825 943 3107 1014 ὀΧριστὸς
3137 943 3263 996 ἄνευ
3297 943 3502 1013 σπορᾶς
3533 941 3758 1011 ἐτέχθη,
3797 940 3877 994 καὶ

632 1058 794 1111 quam
840 1054 1059 1112 peccato
1092 1043 1386 1097 obnoxium
1445 1041 1641 1102 fuisse;
1701 1042 1911 1110 regeris
1964 1056 2092 1093 veru
2149 1051 2200 1092 tu

2306 1036 2465 1090 οὐδὲν
2514 1037 2779 1106 ἥμαρτεν.
2834 1037 2944 1089 Καὶ
2978 1036 3043 1089 σὺ
3093 1035 3308 1102 λέγεις·
3351 1033 3458 1088 Καὶ
3525 1032 3787 1102 Ἰωάννης
3827 1034 3879 1084 τὸ

633 1136 774 1202 quod
829 1135 969 1188 idem
1003 1134 1068 1188 de
1120 1133 1328 1187 Joanne
1387 1133 1490 1187 dici
1548 1133 1734 1201 possit.
1783 1132 1888 1186 Sed
1933 1130 2199 1194 mentiris,

2306 1127 2459 1180 αὑτό.
2506 1127 2671 1179 Ἀλλά
2717 1126 2991 1197 ψεύδῃ.Εί
3043 1127 3140 1180 καὶ
3193 1127 3295 1180 οὐκ
3340 1125 3626 1195 ἔσπειρεν,
3662 1124 3754 1177 καὶ
3796 1125 3880 1193 οὐχ

633 1239 758 1279 nam
824 1224 1038 1279 etiamsi
1083 1240 1186 1278 non
1238 1223 1540 1294 peccaverit
1570 1232 1624 1276 et
1668 1223 1835 1277 soboli
1887 1218 2200 1289 generantia

2313 1219 2579 1290 ἥμαρτεν,
2615 1218 2731 1272 ἀλλ’
2757 1221 2820 1271 ὲκ
2881 1218 3196 1289 σπέρματος
3234 1218 3452 1289 ἐτέχθη,
3483 1217 3757 1272 καὶκατὰ
3793 1216 3880 1286 τὴν

631 1332 738 1370 non
787 1317 1082 1379 vacaverit,
1129 1324 1291 1369 natus
1344 1323 1428 1368 est
1478 1324 1654 1367 tamen
1698 1328 1760 1365 ex
1797 1313 2024 1374 semine,
2053 1319 2202 1364 eteo

629 1407 792 1461 modo
835 1406 1064 1461 naturali
1111 1423 1218 1476 quo
1252 1407 1500 1460 homines
1549 1405 1793 1472 generari
1818 1405 2013 1457 solent.
2043 1400 2204 1468 Quo—

630 1499 792 1552 modo
819 1511 947 1567 ergo
987 1497 1204 1551 Christo
1236 1497 1470 1550 conferri
1515 1495 1741 1562 potest?
1776 1494 1894 1549 Dixi
1926 1492 2202 1547 Christum

629 1587 736 1640 vim
759 1600 912 1641 suam
971 1587 1250 1641 exeruisse
1290 1587 1341 1639 in
1377 1587 1541 1638 variis
1587 1586 1757 1653 signis
1824 1593 1879 1638 et
1931 1582 2206 1637 miraculis

625 1678 941 1747 patrandis;
982 1678 1116 1732 dicis
1151 1692 1277 1731 vero
1309 1688 1384 1740 tn,
1427 1679 1568 1745 quod
1610 1676 1782 1731 Moses
1813 1676 1951 1731 idem
1989 1675 2200 1730 fecerit.

2307 1309 2651 1380 ἀνθρωπίνην
2678 1309 2898 1378 ἐγένετο
2914 1309 3097 1379 φύσιν.
3138 1309 3255 1363 Νῦν
3278 1309 3466 1381 ἐρωτῶ
3510 1326 3575 1363 σε
3603 1309 3726 1372 πῶς
3749 1307 3880 1362 ἔοικε

2303 1400 2383 1472 τῷ
2404 1401 2658 1472 Χριστῷ;
2694 1398 2851 1455 είπόν
2877 1419 2981 1467 σοι,
3011 1403 3094 1455 ὅτι
3116 1404 3144 1454 6
3174 1403 3412 1472 Χριστὸς
3444 1403 3658 1472 σημεῖα
3691 1402 3784 1454 καὶ
3798 1401 3876 1454 τέ-

2309 1509 2448 1562 ρατα
2485 1493 2760 1563 ἐποίησεν,
2784 1493 2878 1546 καὶ
2901 1489 3082 1558 εἶπας,
3117 1495 3199 1546 ὅτι
3223 1493 3318 1547 καὶ
3351 1493 3600 1562 Μωῡσῆς
3641 1492 3706 1545 τὸ
3736 1491 3873 1546 αὑτό.

2319 1583 2481 1636 Ἀλλὰ
2516 1583 2708 1655 ψεύδῃ.
2750 1584 2807 1637 '0
2840 1585 3082 1655 Μωῦσῆς
3108 1586 3276 1656 χωρὶς
3305 1585 3575 1654 ὀνόματος
3620 1582 3722 1638 τοῦ
3763 1585 3880 1653 Χρι-

2311 1675 2440 1728 στοῦ
2458 1678 2662 1745 σημεῖα
2695 1675 2921 1746 ποιῆσαι
2943 1677 3044 1728 οὐκ
3071 1675 3508 1747 ὲδυνήθη.Εἷπεν
3526 1677 3644 1748 γάρ
3671 1676 3873 1747 πρῶτον

631 1768 738 1824 Sed
765 1769 992 1824 falleris.
1027 1769 1202 1825 Moses
1241 1771 1358 1824 sine
1399 1771 1618 1824 nomine
1681 1768 1883 1823 Christi
1945 1766 2200 1821 miracula

2323 1767 2564 1835 Ἐϐραΐδι
2588 1771 2740 1838 φωνῇ
2768 1769 2903 1838 πρὸς
2939 1769 3033 1822 τὸν
3069 1768 3290 1840 Φαραὼ,
3339 1769 3482 1830 Ἀῖὰ,
3522 1770 3710 1838 ¹’Δσαρ
3746 1769 3873 1830 Ἀῐὰ,

627 1871 853 1930 patrare
881 1876 984 1914 non
1016 1871 1247 1931 poterat.
1285 1859 1468 1916 Primo
1491 1861 1688 1930 quippe
1717 1859 1931 1914 dicebat
1959 1858 2201 1912 Pharao-

627 1951 683 2006 ni
721 1951 983 2006 Hebraica
1011 1951 1228 2021 lingua:
1273 1953 1392 2014 Aia,
1425 1955 1580 2016 Aser,
1627 1952 1742 2015 Aia,
1799 1951 2023 2018 Aspaot,
2057 1950 2204 2004 misit

627 2055 717 2095 me
742 2041 806 2095 ad
839 2051 908 2105 te,
935 2042 1038 2095 hoc
1068 2052 1144 2095 est
1179 2042 1340 2107 Deus,
1383 2043 1667 2106 Dominus,
1690 2041 1929 2112 Spiritus
1955 2050 2200 2104 sanctus,

627 2132 826 2201 quibus
850 2133 1034 2186 verbis
1058 2135 1190 2188 satis
1218 2136 1448 2188 ostendit
1485 2137 1755 2204 propriam
1790 2149 1939 2188 suam
1969 2135 2204 2188 servitu-

631 2233 759 2288 tem,
792 2240 898 2294 qua
927 2226 1260 2292 superiorem
1300 2237 1352 2279 et
1381 2226 1666 2279 Dominum
1697 2227 2050 2294 agnoscebat;
2091 2227 2202 2279 imo

626 2324 870 2369 sanctam
935 2315 1256 2370 Trinitatem
1307 2318 1470 2372 etiam
1531 2318 1900 2372 manifestavit
1947 2318 2139 2372 dicens
2185 2335 2198 2370 :

627 2406 795 2472 Deus,
823 2407 1103 2473 Dominus,
1145 2419 1198 2463 et
1228 2409 1464 2478 Spiritus
1509 2419 1749 2464 sanctus.
1795 2409 1860 2463 Et
1895 2410 1958 2463 ad
1991 2419 2202 2478 tempus

629 2508 862 2564 tantum,
888 2510 938 2554 ct
959 2516 1082 2554 cum
1107 2501 1359 2567 precibus
1380 2509 1433 2554 et
1453 2501 1710 2572 lacrymis
1733 2501 1992 2556 miracula
2015 2513 2194 2570 patra-

624 2593 726 2646 vit.
777 2591 910 2656 Quia
946 2602 1001 2646 et
1036 2601 1221 2662 postea
1255 2594 1304 2646 in
1355 2593 1446 2648 Dei
1501 2593 1812 2647 mandatum
1873 2594 2196 2662 impingens,

626 2691 915 2751 propterea
961 2699 1068 2737 non
1100 2685 1233 2738 vidit
1270 2695 1468 2738 terram
1523 2685 1918 2754 promissionis,
1961 2695 2014 2738 ct
2045 2696 2199 2739 extra

627 2773 774 2826 illam
830 2774 1071 2829 suaviter
1135 2786 1380 2830 mortuus
1427 2785 1532 2842 est.
1583 2775 1701 2842 Quo
1753 2778 1818 2832 de
1862 2777 2078 2847 negotio
2124 2775 2202 2830 sic

627 2864 868 2934 loquitur
903 2866 1150 2922 Coranus
1180 2876 1304 2922 tuus
1348 2867 1932 2937 Μπατελμουκάτεμ,
1957 2883 2051 2923 seu
2091 2878 2200 2922 ter-

628 2971 743 3008 ram
786 2958 1182 3025 promissionis.
1221 2961 1470 3014 Christus
1517 2975 1643 3014 vero
1691 2960 1809 3013 sine
1847 2963 2098 3025 precibus
2145 2967 2200 3011 et

623 3047 1102 3116 elllagitationibus
1173 3063 1415 3105 mortuos
1505 3053 1807 3116 excitavit,
1896 3051 2197 3120 imperante

2321 1857 2374 1910 ’A
2387 1857 2592 1911 σπαούθ
2615 1875 2628 1888 ·
2647 1859 2966 1912 Ἀπέστειλε
2991 1877 3058 1929 με
3078 1860 3213 1930 πρὸς
3249 1859 3330 1923 σὲ,
3358 1858 3502 1912 τοῦτ’
3531 1860 3711 1922 ἔστιν,
3739 1857 3874 1920 Θεὸς.

2306 1948 2532 2019 Κύριος,
2559 1949 2652 2002 καὶ
2679 1951 2740 2002 τὸ
2767 1949 2923 2018 ἅγιον
2945 1949 3194 2020 Πνεῦμα.
3228 1951 3338 2004 Καὶ
3371 1949 3629 2016 ὑπέδειξε
3680 1950 3778 2017 τὴν
3807 1951 3877 2000 ot-

2306 2039 2462 2093 κείαν
2485 2039 2814 2111 δουλοσύνην
2844 2041 2977 2110 πρὸς
3007 2041 3098 2095 τὸν
3121 2041 3399 2111 Δεσπότην
3429 2039 3626 2094 αὐτοῦ.
3672 2039 3877 2108 Ἐφανέο

2307 2149 2450 2203 ρωσε
2473 2131 2568 2203 τὴν
2600 2132 2760 2200 ἁγίαν
2819 2133 3048 2204 Τριάδα,
3087 2131 3280 2196 είπὼν,
3325 2132 3480 2198 Θεὸς,
3521 2133 3752 2203 Κύριος,
3793 2133 3874 2185 καὶ

2305 2224 2365 2276 τὸ
2399 2223 2550 2292 ἅγιον
2584 2223 2830 2294 Πνεῦμα.
2875 2225 2986 2277 Καὶ
3013 2224 3102 2278 διὰ
3137 2223 3236 2295 μὲν
3262 2224 3494 2294 χρόνων,
3532 2225 3634 2278 καὶ
3674 2224 3742 2278 δι’
3791 2225 3872 2276 εὐ-

2306 2316 2437 2385 χῶν,
2461 2316 2554 2369 καὶ
2576 2315 2829 2387 δακρύων
2863 2317 3131 2386 πεποίηκε
3164 2316 3233 2370 τά
3279 2316 3561 2388 θαύματα.
3609 2317 3707 2369 Ἐκ
3761 2316 3870 2368 τότε

2308 2409 2540 2470 πταίσας
2576 2407 2708 2478 πρὸς
2728 2407 2818 2459 τὸν
2850 2406 2982 2459 Θεὸν
3003 2408 3102 2460 οὐκ
3128 2403 3267 2461 εἶδεν
3297 2408 3396 2478 τὴν
3427 2409 3531 2478 γῆν
3573 2407 3678 2477 τῆς
3709 2409 3872 2474 ἐπαγ-

2304 2499 2514 2566 γελίας,
2556 2499 2694 2553 ἀλλὰ
2726 2500 2846 2551 κατ’
2884 2499 3080 2570 ἡδονὴν
3129 2499 3539 2570 τετελεύτηκεν.
3603 2501 3716 2552 Καὶ
3758 2499 3872 2569 περὶ

2302 2591 2492 2644 τούτου
2519 2591 2579 2644 τὸ
2615 2592 2918 2660 Κουράνιόν
2952 2608 3046 2643 σου
3096 2592 3264 2660 λέγει,
3298 2591 3867 2662 Μπατελμουκατέμ·

2303 2683 2471 2752 ἤγουν
2500 2683 2599 2753 τὴν
2652 2684 2754 2752 γῆν
2785 2684 2882 2752 τῆς
2924 2684 3279 2750 ἐπαγγελίας.
3345 2684 3404 2737 '0
3431 2685 3675 2754 Χριστὸς
3721 2684 3870 2752 χωρὶς

2304 2774 2469 2843 εὐχῆς
2514 2775 2606 2827 καὶ
2638 2775 3074 2845 παρακαλέσεως
3123 2776 3252 2839 τοὺς
3309 2778 3535 2846 νεκροὺς
3565 2778 3868 2843 ἀνέστησεν.

2303 2867 2609 2936 Δεσποτικῇ
2645 2868 2795 2936 φωνῇ
2827 2867 2935 2936 γὰρ
2966 2866 3228 2935 ἐλάλησεν
3257 2867 3393 2938 πρὸς
3445 2867 3536 2920 τὸν
3576 2867 3868 2938 τετραήμε-

2304 2974 2398 3028 ρον
2429 2955 2695 3027 Λάζαρον·
2727 2975 2745 3008 ι
2783 2957 3195 3028 Λάζαρε.δεῦρο
3228 2957 3528 3023 ἔξω.»Πῶς
3547 2960 3683 3027 γοῦν
3715 2959 3868 3010 ἔοικεν

2303 3048 2380 3118 τῷ
2425 3048 2617 3119 Ἀδὰμ,
2647 3049 2740 3103 καὶ
2767 3047 2846 3119 τῷ
2876 3050 3108 3120 Μωῠσῇ,
3143 3050 3174 3120 ἢ
3197 3051 3361 3121 ἑτέρᾳ
3385 3052 3493 3104 τινὶ
3513 3051 3626 3104 τῶν
3654 3049 3866 3119 κτισμά-

624 3141 826 3209 quippe
850 3155 980 3195 voce
1005 3143 1082 3197 sic
1114 3143 1325 3198 locutus
1344 3144 1409 3197 ad
1439 3142 1705 3198 Lazarum
1727 3144 2146 3212 quatriduanmn
2180 3161 2191 3196 :

2306 3113 2414 3195 των
2465 3113 2647 3210 φύσει.
2673 3113 2863 3209 Λέγων
2895 3113 3085 3204 πάλαι,
3124 3113 3181 3196 ’ὁ
3213 3113 3447 3214 Χριστὸς
3481 3113 3867 3214 ἀνελήφθηηείς

624 3230 853 3299 Lazare,
887 3234 1004 3287 veni
1049 3232 1226 3302 loras;
1259 3237 1530 3304 quomodo
1580 3251 1709 3304 ergo
1755 3236 1990 3291 conferri
2025 3243 2204 3305 potest

624 3341 748 3378 cum
775 3326 1015 3392 Adamo,
1068 3343 1187 3380 cum
1244 3327 1411 3391 Mose,
1455 3328 1538 3383 vel
1598 3343 1718 3384 cum
1779 3330 1883 3383 alia
1936 3328 2197 3400 quapiam

2308 3235 2592 3305 οὐρανοὺς,
2622 3233 2698 3296 ὡς
2727 3229 2880 3286 εἶπόν
2910 3250 3012 3298 σοι,
3043 3234 3100 3286 ὲν
3129 3235 3256 3306 δόξῃ
3291 3252 3306 3267 ο
3346 3236 3439 3288 καὶ
3470 3237 3535 3290 σὺ
3562 3231 3742 3299 εἴπας,
3796 3234 3865 3286 ὅτι

2310 3327 2424 3380 Καὶ
2456 3328 2483 3380 6
2515 3325 2925 3395 Ἐνὼχὸμοίως,
2963 3325 3058 3378 καὶ
3076 3325 3129 3378 τί
3155 3327 3378 3393 καινόν;

624 3418 913 3472 creatura?
944 3421 1086 3474 Ante
1118 3434 1244 3474 vero
1288 3435 1408 3474 cum
1453 3420 1686 3476 dicerem
1715 3422 1986 3476 Christum
2013 3421 2182 3489 gloria
2223 3419 2615 3473 circumdatum
2678 3417 2990 3472 ascendisse
3055 3419 3107 3472 in
3159 3419 3351 3484 caelos,
3381 3419 3564 3475 dixisti
3609 3418 3862 3474 Enochum

624 3507 740 3578 pari
777 3509 1034 3562 miraculo
1057 3511 1407 3579 con5picuum
1442 3512 1628 3575 fuisse,
1655 3520 1708 3566 et
1728 3513 1858 3566 nihil
1893 3512 1945 3565 in
1975 3512 2192 3566 Christo
2232 3508 2355 3563 novi
2387 3507 2702 3576 contigisse.

700 3597 926 3665 lnsulsc,
951 3609 1004 3653 et
1028 3601 1254 3655 abomui
1282 3603 1506 3657 veritate
1535 3604 1730 3665 aliene,
1752 3605 1796 3658 si
1819 3601 2006 3656 Enoch
2039 3601 2199 3656 istam

625 3691 934 3745 libertatem
965 3703 1020 3745 et
1055 3693 1280 3762 gloriam
1306 3693 1448 3749 illius
1478 3695 1642 3748 sortis
1685 3707 1738 3749 et
1769 3694 1861 3748 lati
1890 3704 1973 3748 est
2010 3708 2203 3748 conse-

627 3791 810 3846 cutus,
859 3799 1046 3837 vcrum
1103 3786 1318 3853 quidem
1359 3786 1516 3840 dicis.
1572 3786 1680 3842 Sed
1726 3802 1792 3840 ex
1830 3785 1940 3840 tuis
1987 3785 2204 3854 scriptis

626 3883 844 3926 consmt
885 3875 984 3927 hoc
1012 3889 1132 3928 esse
1174 3874 1390 3930 falsum.
1415 3876 1660 3932 Coranus
1692 3878 1888 3947 quippe
1923 3889 2045 3933 tuus
2073 3878 2205 3931 dicit

626 3964 908 4019 Enochum
932 3980 1073 4020 nunc
1095 3982 1216 4021 esse
1262 3967 1315 4020 in
1343 3967 1459 4023 loco
1483 3969 1714 4036 quodam
1743 3969 2033 4032 altissimo,
2061 3981 2112 4022 et
2144 3971 2196 4023 in

627 4056 748 4124 ipso
779 4064 867 4109 tuo
893 4055 1106 4111 Corano
1129 4056 1307 4111 inveni
1333 4056 1505 4112 locum
1530 4058 1692 4112 istum
1721 4072 1841 4113 esse
1869 4059 2195 4127 paradisum.

628 4145 887 4216 Sequitur
933 4161 1064 4214 ergo
1109 4147 1386 4203 Enochum
1427 4164 1548 4204 esse
1585 4133 1792 4204 tantum
1831 4151 1882 4203 in
1919 4152 2196 4218 paradiso.

627 4237 779 4302 Quod
822 4251 949 4292 vero
987 4237 1274 4292 Dominum
1321 4249 1550 4308 spectat,
1608 4241 1804 4310 legitur
1835 4241 1886 4295 in
1921 4241 2202 4296 Alcorano

625 4329 769 4398 quod
814 4328 955 4382 Deus
1007 4332 1284 4384 vocaverit
1345 4330 1527 4385 Jesum
1591 4333 1868 4387 Christum
1923 4343 1980 4386 ut
2023 4334 2200 4390 locum

626 4431 918 4488 occuparet
949 4435 1110 4489 supra
1161 4423 1328 4478 cmlos
1357 4423 1742 4490 sublimiores;
1777 4434 1829 4478 et
1860 4426 1912 4477 in
1956 4424 2205 4494 Evange-

2383 3599 2591 3670 ’Λφρον
2613 3639 2627 3664 ,
2661 3599 2757 3652 καὶ
2786 3598 2890 3664 ἔξω
2906 3603 3006 3671 τῆς
3039 3599 3330 3670 ἀληθείαςι
3369 3600 3496 3655 Ἐἀν
3525 3600 3630 3673 ἔχῃ
3654 3603 3680 3656 6
3712 3601 3859 3670 Ἑνὼχ

2310 3691 2406 3760 τὴν
2449 3691 2785 3763 παρρησίαν,
2839 3693 2933 3744 καὶ
2966 3692 3066 3762 τὴν
3101 3693 3259 3756 δόξαν
3299 3693 3398 3762 τῆς
3451 3692 3652 3764 μοίρας
3695 3693 3858 3755 αὐτοῦ,

2310 3780 2619 3852 ἀληθεύεις.
2661 3781 2822 3836 Ἀλλά
2848 3782 2935 3836 διά
2955 3782 3064 3835 τῶν
3096 3783 3206 3835 σῶν
3239 3783 3588 3853 γραμμάτων
3621 3783 3860 3853 ψευδόμε-

2312 3891 2401 3926 νον
2428 3871 2493 3926 τὸ
2527 3873 2833 3944 Κουράνιόν
2866 3889 2959 3926 σου
2991 3873 3164 3942 λέγει,
3197 3875 3279 3927 ὅτι
3315 3876 3343 3928 6
3381 3873 3555 3945 Ἐνὼχ
3586 3878 3753 3928 κεῖται
3792 3875 3859 3934 είς

2306 3963 2508 4035 ὑψηλὸν
2540 3964 2727 4031 τόπον,
2761 3962 2918 4036 εὗρον
2948 3967 3006 4018 ὲν
3029 3965 3108 4036 τῷ
3139 3965 3427 4036 Κουρανίῳ
3448 3983 3544 4018 σου
3581 3967 3674 4020 τὸν
3705 3963 3858 4035 παρά·

2314 4057 2512 4124 δεισον,
2548 4057 2644 4110 καὶ
2676 4057 2863 4112 λοιπὸν
2893 4057 2953 4110 ὲν
2983 4058 3059 4128 τῷ
3095 4059 3411 4129 παραδείσῳ
3440 4059 3590 4111 ἐστὶν
3623 4060 3652 4112 6
3695 4056 3858 4124 Ἑνώχ.

2309 4148 2420 4201 Καὶ
2446 4147 2534 4202 διὰ
2555 4151 2647 4201 τὸν
2681 4147 2908 4218 Κύριον,
2947 4147 3122 4212 οὕτως
3155 4149 3305 4219 λέγει
3335 4148 3398 4202 τὸ
3426 4149 3730 4220 Κουράνιόν
3760 4163 3854 4208 σου,

2312 4241 2395 4293 ὅτι
2420 4241 2447 4292 ὁ
2485 4239 2620 4304 Θεὸς
2664 4241 2894 4294 ἐκάλεσε
2934 4241 3026 4294 τὸν
3077 4241 3287 4312 Ἰησοῦν
3330 4243 3568 4313 Χριστὸν
3615 4241 3858 4309 ἀνώτερον

2311 4331 2419 4384 τῶν
2453 4331 2720 4402 οὐρανῶν.
2753 4333 2866 4385 Kat
2891 4333 2952 4386 τὸ
2987 4333 3131 4387 θεῖον
3167 4334 3324 4403 ἡμῶν
3367 4334 3702 4403 Εὑαγγέλιον
3740 4331 3859 4385 οὕτω

2312 4419 2464 4489 φησί’
2495 4437 2512 4469 ε
2547 4420 2743 4490 Κύριε,
2767 4423 2830 4491 τῇ
2859 4425 2924 4493 σῇ
2965 4422 3230 4492 ἀναλήψει
3267 4421 3649 4494 ἐξεπλάγησαν
3667 4423 3732 4476 τὰ
3768 4422 3858 4474 Xs-

626 4511 700 4564 lio
725 4526 910 4568 nostro
949 4513 1147 4584 legitur
1184 4534 1197 4570 :
1233 4515 1477 4581 Domine,
1511 4515 1832 4571 ascensione
1866 4526 1953 4570 tua
1983 4516 2198 4570 attoniti

2307 4510 2524 4580 ρουϐὶμ,
2565 4511 2917 4582 θεωρήσαντά
2939 4531 2996 4567 σε
3018 4515 3110 4567 ἐπὶ
3129 4515 3364 4584 νεφελῶν
3389 4515 3767 4586 ἀνερχόμενον,
3785 4510 3858 4564 τὸν

627 4603 847 4657 fut-runt
896 4604 1211 4670 Cherubin),
1247 4622 1369 4660 cum
1426 4615 1476 4661 te
1511 4607 1759 4662 viderent
1797 4623 1962 4677 super
2029 4608 2202 4664 nubes

627 4693 964 4748 incedentem
1017 4706 1073 4748 et
1099 4698 1398 4752 sedentem.
1420 4699 1678 4763 Quaenam
1709 4713 1839 4766 ergo
1869 4699 2010 4753 inter
2052 4699 2201 4753 illuni

626 4784 754 4854 tingi
810 4797 986 4855 potest
1020 4799 1073 4842 ει
1110 4788 1386 4843 Enochum
1421 4789 1798 4860 comparatio?
1827 4792 2026 4845 lterum
2063 4793 2202 4846 dili—

627 4888 818 4944 genter
857 4881 1246 4945 animadverte,
1297 4885 1438 4951 quod
1477 4884 1654 4938 nullus
1689 4894 1884 4953 praeter
1917 4885 2194 4940 Christum

629 4985 749 5022 cum
799 4970 969 5038 jubilu
1012 4982 1067 5026 et
1101 4973 1586 5030 acclamationibus
1616 4984 1672 5030 et
1707 4990 1828 5030 cum
1867 4977 2008 5030 tubw
2049 4978 2198 5030 clan-

627 5076 754 5123 gore
776 5065 1059 5124 ascendit;
1119 5066 1208 5138 qui
1251 5067 1606 5120 descenderat
1658 5082 1724 5121 ex
1780 5067 1942 5132 caelo,
2003 5069 2200 5122 iterum

627 5165 748 5202 cum
774 5150 943 5220 gloria
978 5156 1239 5208 remeavit
1269 5156 1336 5210 ad
1379 5157 1544 5212 caelos
1570 5157 1658 5212 ubi
1708 5157 1858 5226 prius
1885 5169 2023 5224 erat,
2059 5160 2203 5214 sicut

628 5239 822 5309 legitur
869 5244 919 5295 in
980 5243 1199 5312 scriptis
1239 5247 1624 5315 prophetarum
1672 5258 2016 5316 nostrorum;
2073 5265 2199 5303 nam

627 5335 765 5388 sicut
798 5334 1059 5389 Dominus
1107 5338 1411 5402 descendit,
1435 5349 1489 5392 et
1532 5339 1673 5394 sicut
1710 5339 1968 5396 Dominus
2004 5342 2199 5395 iterum

627 5425 679 5477 in
717 5425 885 5481 ccelos
920 5428 1180 5481 ast-endit.
1230 5430 1511 5494 Quomodo
1540 5445 1670 5498 ergo
1719 5430 1793 5484 illi
1824 5431 2018 5486 similis
2056 5441 2200 5486 esset

628 5515 884 5571 Enochus
909 5517 931 5569 ?
958 5517 1125 5585 igitur
1157 5530 1425 5584 terrenus,
1456 5529 1692 5585 creatus,
1735 5537 1946 5586 servus,
1997 5533 2200 5576 morta-

629 5608 712 5667 lis.
745 5609 1107 5676 corruptibilis
1140 5611 1480 5666 Muhamtncd
1511 5615 1561 5666 in
1590 5613 1758 5668 CCL-los
1787 5628 1892 5668 non
1922 5615 2197 5681 ascendit;

629 5716 727 5754 nec
754 5715 942 5756 errore
975 5701 1076 5754 isto
1107 5703 1331 5757 nimium
1359 5703 1451 5757 tibi
1483 5705 1802 5770 blandiaris,
1835 5706 1988 5775 quasi
2012 5721 2198 5760 verum

628 5801 773 5846 esset
811 5789 1239 5851 Mulnmrncdem
1266 5795 1316 5849 in
1343 5796 1510 5852 cmlos
1544 5797 1872 5862 ascendisse,
1905 5797 2029 5866 quia
2059 5796 2198 5852 illius

2305 4602 2390 4654 ἐπ’
2414 4602 2594 4654 αὐτῶν
2618 4603 3005 4673 καθεζόμενον.
3044 4624 3062 4656 ι
3112 4606 3238 4669 Πῶς
3271 4601 3364 4660 οὖν
3387 4605 3562 4659 ἔοικεν
3579 4607 3654 4677 τῷ
3681 4604 3854 4672 Ἐνὼχς

2305 4692 2477 4746 Πάλιν
2519 4693 2657 4759 μάθε
2687 4695 2955 4766 ἀκριϐῶς,
2988 4697 3072 4749 ὅτι
3107 4697 3286 4761 οὐδεὶς
3321 4697 3492 4767 ἀνέϐη
3528 4699 3586 4750 ὲν
3647 4696 3857 4761 ἀλαλαγ-

2308 4784 2413 4855 μῷ,
2447 4786 2494 4836 εἰ
2525 4785 2599 4854 μὴ
2621 4788 2649 4838 6
2688 4788 2923 4857 Χριστὸς
2971 4790 3027 4841 ὲν
3060 4787 3211 4860 φώνῃ
3247 4790 3559 4858 σάλπιγγος
3588 4805 3601 4820 '
3636 4792 3664 4844 6
3708 4803 3854 4842 κατα-

2304 4877 2407 4942 ϐὰς
2440 4879 2497 4944 ἐξ
2527 4879 2761 4951 οὐρανοῦ
2792 4881 2956 4945 αὐτὸς
2997 4883 3166 4936 πάλιν
3194 4882 3468 4953 ἀνελήφθη
3512 4886 3570 4936 ὲν
3624 4881 3746 4952 δόξῃ
3789 4878 3856 4938 εἰς

2302 4972 2431 5034 τοὺς
2461 4971 2746 5042 οὐρανοὺς,
2774 4973 2908 5026 ὅπου
2929 4968 2994 5043 ἦν
3021 4975 3080 5025 τὸ
3110 4975 3392 5046 πρότερον,
3441 4974 3620 5039 καθὼς
3670 4974 3852 5044 γέγρα-

2307 5080 2439 5116 πται
2471 5066 2528 5116 ἐν
2582 5067 2694 5125 τοῖς
2737 5066 3048 5136 προφήταις
3085 5065 3264 5134 ἡμῶν.
3313 5067 3400 5130 Ὠς
3451 5067 3560 5137 γάρ
3603 5064 3853 5129 Δεσπότης

2305 5155 2570 5220 καταϐὰς,
2611 5157 2773 5210 πάλιν
2803 5157 2879 5220 ὡς
2905 5159 3183 5228 Δεσπότης
3209 5158 3404 5230 ἀνέϐη.
3447 5159 3570 5221 Πῶς
3597 5155 3688 5213 οὖν
3729 5158 3852 5208 ἐστιν

2305 5249 2418 5311 ἴσος
2447 5248 2519 5318 τῷ
2561 5247 2766 5318 Ἑνώχ;
2800 5249 2999 5314 Χοϊκὸς
3021 5252 3117 5304 καὶ
3147 5251 3382 5321 ποίημα,
3423 5253 3515 5304 καὶ
3543 5250 3743 5313 δοῦλος,
3777 5245 3852 5300 καὶ

2305 5339 2520 5405 θνητὸς,
2557 5340 2651 5392 καὶ
2687 5339 2946 5409 φθαρτὸς,
2978 5344 3057 5405 είς
3081 5343 3344 5412 οὐρανοὺς
3374 5345 3402 5395 ὁ
3446 5343 3737 5412 Μουχάμετ
3768 5338 3850 5389 οὐκ

2305 5430 2491 5500 ἀνέϐη,
2532 5430 2606 5500 μὴ
2626 5429 2833 5494 πλανῶ,
2867 5431 3008 5484 ὥστε
3033 5432 3322 5502 ἀληθεύειν
3370 5433 3742 5504 ἀναληφθῆναι
3771 5429 3849 5482 αὺ-

2303 5521 2394 5574 τὸν
2429 5521 2508 5583 είς
2545 5521 2830 5592 οὐρανοὺς,
2881 5524 2978 5576 καὶ
3011 5523 3312 5594 μαρτυρεῖν
3361 5526 3495 5589 περὶ
3524 5524 3715 5578 τούτου
3761 5518 3842 5588 τὴν

2303 5613 2580 5684 θυγατέρα
2602 5613 2768 5666 αὑτοῦ
2804 5616 3048 5684 Φατμάν.
3086 5618 3195 5669 Καὶ
3229 5613 3384 5679 αὖθις
3411 5617 3588 5685 λέγεις
3615 5633 3628 5646 ·
3656 5617 3710 5670 ’0
3739 5615 3847 5682 Χρι·

2303 5705 2427 5769 στὸς
2457 5705 2675 5776 ηὖχετο,
2705 5708 2798 5758 καὶ
2817 5707 2844 5757 ὀ
2868 5708 3163 5778 εὐχόμενος
3197 5709 3388 5772 δοῦλός
3423 5712 3537 5764 ἐστι
3564 5709 3656 5764 τοῦ
3709 5703 3842 5761 Θεοῦ.

2316 5799 2454 5852 Ἀλλ’
2487 5798 2720 5854 ἄκουσον
2749 5799 2880 5868 ἐμοῦ
2906 5803 3000 5853 τοῦ
3041 5802 3348 5874 Ἐδεσηνοῦ.
3385 5803 3603 5868 Ἕδειξά
3630 5819 3704 5857 σοι
3730 5797 3838 5851 πολ·
