4146 6492
393 433 522 501 1401

1555 437 2033 500 CONFUTATIO
2099 440 2465 502 AGARENI.

3511 438 3648 504 1402

390 554 568 616 λάκις,
598 550 682 604 ὅτι
707 549 736 604 6
775 548 1013 620 Χριστὸς
1040 548 1212 618 Λόγος
1245 551 1396 604 ἐστὶν
1442 549 1535 604 τοῦ
1567 551 1726 618 Θεοῦ,
1765 553 1861 606 καὶ
1901 553 1962 606 τὸ

2071 553 2178 607 [ilia
2204 553 2452 608 Phatima
2478 554 2580 608 hoc
2603 553 2913 608 testimonio
2929 568 3026 610 suo
3053 554 3645 610 tentavitconiirmare.

391 641 690 712 Κουράνιόν
748 658 842 694 σου
899 643 1188 710 μαρτυρεῖ.
1223 641 1332 693 Καὶ
1383 640 1457 711 μὴ
1494 643 1964 714 πολυπραγμονῇς

392 735 519 804 περὶ
544 732 758 786 τούτου.
791 732 895 784 Τόν
920 731 1054 785 Θεὸν
1085 731 1256 800 Λόγον
1300 731 1535 798 δοξάζει,
1565 734 1661 786 καὶ
1702 735 1962 804 ἀνυμνεῖ,

391 823 484 877 καὶ
516 825 818 892 προσκυνεῖ
845 825 1049 892 πᾶσαή
1075 822 1305 892 δύναμις
1339 821 1446 875 τῶν
1467 823 1732 893 οὐρανῶν.
1769 825 1876 876 Καὶ
1905 824 1965 875 τὸ

391 915 545 984 γένος
577 913 686 966 τῶν
716 911 1044 984 ἀνθρώπων,
1069 913 1164 966 καὶ
1201 915 1228 966 6
1259 913 1430 980 Λόγος
1466 907 1620 977 οὗτος
1649 899 1963 984 ἐσκήνωσεν

391 1008 447 1060 ὲν
476 1009 542 1077 τῇ
571 1007 754 1076 σαρκὶ,
779 1006 813 1076 ἢ
837 1007 930 1058 καὶ
959 1007 1204 1059 καλεῖται
1237 1006 1267 1074 ἡ
1293 1004 1428 1074 σὰρξ
1459 1004 1625 1057 αὐτοῦ
1661 1005 1788 1068 ναὸς
1817 1005 1956 1058 Θεοῦ

391 1097 590 1166 Λόγου.
623 1097 732 1151 Καὶ
760 1098 818 1150 ἐν
853 1096 1028 1168 τούτῳ
1057 1096 1135 1168 τῷ
1164 1097 1278 1166 ναῷ
1309 1098 1540 1169 νεκροὺς
1583 1097 1954 1169 ὲζωοποίησεν

381 1191 409 1242 6
447 1187 618 1253 Λόγος
651 1185 994 1258 θεοπρεπῶς,
1021 1187 1116 1240 καὶ
1139 1185 1207 1239 τὰ
1239 1186 1390 1255 ἑξῆς.

2073 643 2282 698 Rursus
2313 660 2442 699 vero
2473 644 2648 698 dicis:
2690 644 2941 699 Christus
2961 646 3123 700 etiam
3151 661 3340 714 preces
3373 647 3644 712 adhibuit,

2067 736 2158 802 qui
2209 749 2338 788 vero
2384 745 2656 803 precatur,
2707 749 2900 788 servus
2935 736 3030 789 Dei
3075 735 3262 790 haberi
3323 737 3502 790 debet.
3537 737 3646 792 Sed

2068 827 2189 878 audi
2215 841 2298 880 me
2329 827 2742 894 respondentem
2773 827 3135 881 Edessenum.
3165 827 3374 896 Smpius
3405 829 3505 883 hoc
3549 827 3645 882 tibi

2066 921 2433 986 comprobavi,
2471 920 2659 973 ethoc
2711 929 2832 974 tuus
2867 919 3114 974 Coranus
3161 921 3478 974 teetimouio
3541 936 3642 975 suo

2064 1009 2372 1072 conﬁrmat,
2417 1010 2672 1062 nimirum
2698 1009 2841 1078 quod
2870 1009 3121 1063 Christus
3151 1010 3222 1064 sit
3253 1008 3491 1064 Verbum
3525 1009 3640 1065 Dei.

2065 1096 2131 1150 Et
2160 1115 2222 1152 ea
2255 1101 2318 1152 de
2345 1115 2404 1153 re
2427 1115 2531 1153 non
2561 1100 2721 1155 debes
2745 1101 2970 1154 nimium
2997 1115 3120 1154 esse
3149 1100 3448 1167 sollicitus;
3477 1099 3645 1154 Deum

2063 1204 2192 1242 vero
2209 1190 2442 1244 Verbum
2465 1193 2692 1258 honore,
2715 1192 2949 1262 hymnis,
2975 1193 3292 1248 adoratioue
3311 1207 3618 1262 prosequun
3633 1224 3650 1236 ο

385 1289 474 1334 tur
508 1297 700 1336 omnes
720 1280 840 1334 cmli
873 1279 1122 1341 virtutes,
1154 1287 1208 1332 et
1245 1289 1412 1332 totum
1433 1294 1600 1348 genus
1636 1282 1951 1334 humanum.
1993 1279 2061 1333 Et
2137 1279 2369 1335 Verbum
2427 1283 2570 1338 iStud
2629 1285 2895 1338 habitavit
2973 1286 3023 1338 in
3067 1300 3254 1351 carne,
3287 1297 3342 1340 et
3383 1302 3512 1341 caro
3541 1286 3641 1341 ista

387 1371 525 1424 farta
557 1381 641 1423 est
670 1369 924 1437 templum
959 1369 1071 1422 Dei.
1111 1369 1174 1422 Et
1201 1367 1435 1423 Verbum
1501 1372 1660 1424 modo
1709 1371 1815 1426 Deo
1857 1372 2236 1438 conveniente,

389 1465 477 1532 plo
514 1461 772 1514 nimirum
813 1475 998 1522 carne,
1027 1469 1082 1514 et
1111 1475 1228 1525 qua:
1259 1471 1582 1529 sequuntur.

469 1555 654 1626 Ὁρᾷς,
690 1556 813 1606 ἐπεὶ
849 1555 972 1617 ναὸς
1009 1554 1145 1606 Θεοῦ
1177 1558 1327 1607 ἐστιν
1371 1557 1399 1607 6
1434 1555 1528 1607 τοῦ
1561 1555 1697 1607 Θεοῦ
1759 1556 1960 1623 Λόγος,

385 1645 574 1698 λοιπὸν
603 1645 664 1696 οὐ
695 1645 886 1714 χρείαν
935 1645 1049 1714 ἔχει
1083 1644 1176 1697 τοῦ
1205 1644 1484 1709 εὔξασθαι,
1518 1649 1612 1698 καὶ
1667 1647 1762 1700 ἐὰν
1791 1646 1961 1717 εὐκη-

387 1753 480 1790 ται
517 1735 748 1788 ἐνώπιον
774 1736 884 1787 τῶν
917 1735 1244 1806 ἀνθρώπων,
1289 1736 1436 1800 ἔλεος
1485 1741 1578 1790 καὶ
1611 1739 1962 1808 συγχώρησιν

388 1827 632 1880 διδάσκει
665 1825 743 1896 τῷ
796 1826 930 1896 λαῷ,
965 1826 1136 1880 σῶσαι
1202 1827 1526 1896 βουλόμενος
1580 1827 1802 1891 αὐτούς.
1851 1830 1963 1882 Καὶ

387 1917 601 1985 λέγεις·
621 1919 730 1971 Καὶ
767 1921 795 1971 6
833 1919 1064 1984 ἄγγελος
1091 1917 1388 1987 ἀσώματος
1415 1915 1506 1989 ἦν,
1526 1921 1620 1972 καὶ
1652 1921 1780 1982 ναὸς
1807 1920 1966 1976 Θεοῦ.

389 2007 490 2060 Διὰ
511 2009 563 2060 τί
590 2007 812 2076 εὔχεται
847 2025 860 2074 ;
894 2009 1115 2078 Ληρεῖς.
1137 2007 1269 2061 Οὐδέ
1294 2025 1424 2060 ποτε
1468 2004 1626 2061 εἶπεν
1652 2013 1678 2062 6
1701 2009 1832 2072 Θεὸς
1857 2011 1970 2062 τῶν

390 2098 660 2165 ἀγγέλων,
683 2099 1028 2168 ἢπροςρητῶν
1049 2116 1204 2162 τινι,ι
1231 2097 1374 2166 Ἐγὼ
1397 2101 1462 2168 σή
1474 2117 1537 2169 με
1546 2117 1638 2170 ρον
1664 2102 1974 2168 γεγέννηκά

391 2205 470 2254 σε,
485 2206 506 2240 ι
523 2187 596 2250 ὼς
615 2191 679 2240 ἐκ
695 2188 960 2258 στόματος
981 2189 1162 2246 Δαὸὶδ,
1186 2188 1239 2256 ἢ,
1255 2208 1270 2238 ι
1295 2189 1439 2252 Ναὸς
1455 2186 1609 2242 εἰτοῦ
1627 2189 1782 2244 Θεοῦ.
1795 2209 1812 2240 ι
1835 2190 1971 2242 Οὔτε

391 2280 576 2344 πάλιν,
621 2297 640 2330 ι
670 2273 840 2341 Οὗτός
866 2281 1013 2331 ἐστιν
1050 2281 1076 2332 ὁ
1109 2279 1235 2340 Υἱός
1274 2297 1372 2348 μου
1407 2281 1434 2332 6
1468 2281 1776 2352 ἀγαπητὸς,
1806 2281 1970 2335 αὐτοῦ

395 2373 650 2426 ἀκούετε.
681 2392 700 2424 ι
745 2373 887 2424 Ἀλλ’
925 2372 1048 2424 οὐδὲ
1071 2372 1180 2424 τῶν
1199 2373 1525 2443 ἀγγέλων,ίῆ
1556 2391 1659 2428 τινι
1693 2375 1801 2426 τῶν
1834 2391 1970 2444 προο

391 2463 580 2534 φητῶν
602 2506 616 2531 ,
641 2482 660 2515 ι
695 2464 880 2517 Κάθου
916 2465 979 2516 ὲκ
1011 2462 1205 2530 δεξιῶν
1241 2481 1364 2532 μου,
1399 2463 1503 2527 ἓως
1524 2465 1589 2517 ἂν
1625 2465 1701 2517 Οῶ
1726 2467 1852 2528 τοὺς
1881 2467 1972 2533 ἐκ·

391 2556 556 2625 θροῦς
587 2573 682 2609 σου
720 2555 1010 2608 ὑποπόδιον
1068 2555 1176 2607 τῶν
1207 2555 1386 2608 ποδῶν
1421 2572 1535 2608 σου.
1573 2575 1592 2607 ι
1632 2555 1766 2608 Οὐδὲ
1814 2553 1972 2620 αὖθις

391 2649 532 2718 πρὸς
562 2649 818 2716 ἄγγελον,
843 2666 861 2696 ι
888 2648 945 2699 '0
963 2647 1095 2710 Θεὸς
1117 2649 1146 2716 ή
1159 2647 1274 2716 μῶν
1289 2651 1350 2698 ἐκ
1367 2647 1580 2712 δεξιῶν.
1595 2668 1610 2698 ι
1629 2647 1766 2700 Οῦτε
1785 2649 1968 2714 πάλιν,

395 2760 415 2794 ι
453 2744 571 2796 Ἀπ’
603 2743 780 2812 ἀρχῆς
833 2741 894 2793 τὸ
922 2741 1095 2808 ὄνομά
1124 2758 1216 2793 σου
1242 2739 1393 2794 ἐστὶν
1413 2741 1554 2812 ὑπὲρ
1587 2741 1678 2793 τὸν
1708 2741 1970 2810 ἥλιονκαὶ

388 2835 488 2904 τὴν
524 2832 756 2902 σελήνην
789 2833 868 2891 είς
893 2831 1020 2892 τοὺς
1051 2829 1272 2892 αἰῶνας.
1301 2847 1318 2879 ι
1348 2829 1484 2882 Οὐδὲ
1519 2829 1684 2882 πάλιν
1713 2829 1850 2898 πρὸς
1871 2829 1971 2896 ἄγ-

388 2925 619 2995 γελον,ῆ
656 2923 968 2994 προφήτην,
1002 2941 1019 2972 ι
1053 2923 1144 2973 Σοὶ
1171 2922 1645 2992 προσκυνήσουσιν
1663 2921 1710 2972 οἱ
1731 2920 1970 2990 βασιλεῖς

387 3019 481 3070 τοῦ
513 3017 670 3082 λαοῦ,
714 3017 808 3068 καὶ
848 3017 904 3068 αἱ
935 3015 1124 3083 φυλαὶ,
1169 3012 1266 3066 καὶ
1320 3013 1412 3065 ἐπὶ
1453 3014 1535 3064 σοὶ
1589 3012 1966 3080 εὐλογοῦνται,

387 3113 483 3165 καὶ
557 3108 998 3179 προσκυνήσουσί
1053 3125 1113 3160 σε
1179 3107 1380 3170 πάντες
1435 3105 1736 3178 ἅνθρωποι.
1778 3125 1796 3156 ι
1853 3105 1968 3160 Οὐκ

387 3203 536 3256 ἔστιν
559 3203 667 3272 ἄρα
705 3201 915 3264 λοιπὸν,
951 3201 1046 3254 καὶ
1076 3204 1104 3253 6
1133 3199 1364 3268 ἄγγελος
1405 3200 1532 3262 ναὸς
1568 3198 1705 3252 Θεοῦ
1733 3240 1748 3264 ,
1789 3199 1864 3262 ὡς
1902 3198 1964 3250 σὺ

385 3295 582 3358 δοκεῖς.
619 3295 732 3347 Καὶ
761 3290 920 3356 αὖθις
949 3293 1140 3363 ἐρωτῶ
1176 3309 1236 3344 σε
1268 3295 1332 3345 ὲκ
1357 3291 1456 3360 τῆς
1489 3294 1710 3362 γραφῆς
1740 3307 1853 3354 σου,
1885 3291 1966 3344 ὅτι

387 3387 764 3456 ἑϐδομήκοντα
834 3388 986 3457 τρεῖς
1043 3384 1205 3454 φυλαί
1264 3387 1402 3438 εἰσιν
1447 3386 1495 3438 οἱ
1548 3382 1964 3452 Μουσαλμανοὶ,

386 3478 462 3541 ὡς
487 3479 690 3547 λέγεις,
724 3480 757 3546 ἡ
798 3477 896 3548 μία
925 3477 1020 3530 τοῦ
1056 3477 1410 3546 παραδείσου,
1446 3477 1538 3529 καὶ
1564 3477 1616 3528 αἱ
1639 3475 1824 3528 λοιπαὶ
1857 3475 1966 3526 τῶν

385 3571 682 3626 κολάσεωνο
715 3572 812 3624 καὶ
869 3571 1074 3633 πάντες
1113 3571 1211 3624 ἕνα
1261 3571 1562 3640 Μουχάμετ
1593 3567 1962 3636 γινώσκουσιν

384 3665 480 3718 καὶ
525 3663 622 3716 ἕνα
645 3663 779 3715 Θεὸν
808 3662 969 3717 ἄλλον
1011 3662 1352 3732 ὁμολογοῦσι,
1391 3661 1486 3716 καὶ
1543 3661 1790 3732 τέσσαρα
1844 3661 1966 3729 δόγ-

387 3773 534 3826 ματα
568 3755 978 3825 δογματίζουσι.
1026 3756 1099 3808 T6
1134 3755 1352 3826 πρῶτον
1404 3753 1514 3808 ἀπὸ
1557 3752 1798 3822 Χανιφὰ,
1845 3751 1966 3804 δεύ-

381 3863 546 3916 τερον
567 3849 721 3918 Σεφὶ,
757 3849 939 3918 τρίτον
974 3847 1173 3914 Μελκὶ,
1209 3848 1470 3918 τέταρτον
1531 3845 1748 3917 Ἀχμὰτ
1803 3845 1966 3916 Χαμ-

387 3937 505 3991 πίλ.

456 4204 568 4258 Καὶ
593 4202 818 4274 ἔμαθον,
850 4205 932 4258 ὅτι
955 4202 1106 4272 λέγει
1163 4204 1191 4257 6
1223 4203 1525 4273 Μουχαμὲτ
1571 4203 1630 4255 ὲν
1696 4199 1780 4271 τῷ
1817 4203 1962 4256 Κου-

385 4298 555 4370 ρανίῳ
577 4339 590 4363 ,
627 4297 1037 4368 Ἕϐδομήκοντα
1063 4295 1158 4349 δύο
1197 4297 1363 4366 φυλαὶ
1383 4299 1482 4366 τῆς
1511 4295 1812 4358 κολάσεως,
1869 4293 1964 4347 καὶ

383 4391 488 4462 μία
516 4388 608 4443 τοῦ
641 4389 999 4458 παραδείσου.
1037 4388 1307 4450 Πάντωςὸ
1336 4387 1659 4456 Μουχάμετ,
1689 4385 1817 4440 οὐδὲ
1853 4386 1963 4439 ἀπὸ

379 4481 585 4553 πολλῆς
621 4483 888 4554 συλλογῆς
917 4481 1137 4550 βιϐλίων
1171 4479 1496 4534 ἐπαίδευσεν
1532 4479 1623 4532 τὸν
1671 4477 1802 4532 λαὸν
1862 4479 1962 4531 αὐ-

2311 1384 2550 1428 mortuos
2585 1374 2912 1442 viviﬁcavit,
2979 1377 3250 1433 exsistens
3281 1379 3332 1432 in
3370 1379 3474 1432 isto
3505 1389 3644 1432 tem-

2143 1555 2308 1611 Vides
2345 1560 2490 1627 quod
2516 1559 2950 1628 quandoquidem
2981 1560 3218 1616 Verhum
3263 1572 3347 1617 est
3387 1564 3643 1630 templum

2073 1648 2186 1712 Dei,
2216 1651 2460 1720 sequitur
2495 1667 2596 1704 nou
2623 1652 2694 1704 illi
2723 1667 2858 1721 opus
2887 1655 3049 1708 fuisse
3081 1655 3355 1722 precibus,
3383 1664 3436 1709 et
3462 1656 3506 1709 si
3539 1655 3644 1710 ali-

2071 1739 2287 1808 quando
2317 1754 2507 1808 preces
2535 1740 2704 1794 visum
2737 1750 2822 1794 est
2851 1741 3073 1795 fundere
3099 1757 3280 1796 coram
3313 1743 3642 1808 hominibus,

1997 1863 2040 1918 Β
2073 1829 2174 1883 hac
2204 1831 2394 1898 agendi
2431 1832 2642 1886 ratione
2669 1831 2837 1884 voluit
2868 1831 2989 1886 illos
3019 1833 3450 1886 misericordiam
3476 1845 3531 1888 et
3555 1835 3642 1888 in-

2069 1922 2396 1992 dulgentiam
2415 1927 2628 1986 docere,
2647 1930 2702 1977 et
2724 1924 2840 1978 illos
2863 1925 2927 1977 ad
2949 1925 3176 1978 salutem
3199 1926 3513 1992 perducere.
3538 1925 3644 1980 Sed

2074 2015 2219 2069 dices
2255 2031 2269 2067 :
2305 2015 2541 2084 Angelus
2583 2023 2664 2070 est
2697 2016 3076 2082 incorporeus,
3103 2023 3158 2068 et
3190 2016 3450 2083 templum
3507 2015 3596 2068 Dei
3625 2056 3640 2082 ,

2073 2120 2238 2176 quare
2289 2121 2419 2180 ergo
2473 2105 2762 2172 precatur?
2795 2105 2898 2160 Sed
2963 2105 3182 2170 deliras,
3238 2104 3366 2159 nulli
3406 2121 3642 2176 unquam

2074 2195 2387 2266 angelorum
2424 2207 2516 2249 aut
2544 2197 2932 2264 prephetarum
2976 2196 3113 2249 dixit
3148 2198 3311 2263 Deus,
3343 2197 3506 2251 hodie
3547 2213 3646 2266 ge-

2073 2288 2264 2350 nui'te,
2309 2295 2365 2338 ut
2395 2287 2634 2354 loquitur
2661 2286 2852 2350 David,
2907 2295 2998 2340 aut
3037 2295 3096 2340 tu
3157 2301 3217 2341 es
3245 2287 3500 2354 templum
3525 2287 3643 2342 Dei.

2071 2377 2136 2431 Et
2163 2391 2348 2430 rursus
2380 2376 2447 2430 de
2475 2375 2618 2429 nullo
2654 2375 2758 2429 alio
2789 2376 2992 2429 dictum
3044 2384 3126 2429 est
3158 2392 3172 2428 :
3209 2375 3306 2430 Hic
3357 2385 3444 2430 est
3477 2375 3646 2429 Filius

2071 2482 2226 2521 meus
2255 2467 2501 2532 dilectus,
2541 2467 2728 2520 audite
2753 2466 2923 2519 illum.
2953 2466 3018 2518 Et
3047 2465 3176 2519 nulli
3209 2464 3524 2535 angelorum
3553 2475 3644 2518 aut

2069 2559 2456 2627 prophetarum
2495 2555 2696 2608 dictum
2743 2568 2826 2609 est
2865 2573 2876 2607 :
2917 2554 3042 2608 sede
3067 2570 3097 2608 a
3132 2555 3337 2608 dextris
3370 2555 3502 2610 meis
3547 2554 3647 2608 de-

2071 2667 2169 2704 nee
2201 2663 2432 2718 posuero
2465 2649 2716 2704 inimicos
2766 2657 2887 2701 tuos
2946 2648 3239 2702 scabellutn
3295 2647 3487 2715 pedum
3523 2656 3642 2699 tuo-

2071 2757 2212 2796 rum.
2239 2740 2348 2794 Nec
2401 2741 2467 2794 de
2529 2740 2721 2810 angelo
2780 2741 3032 2794 dictunt:
3081 2740 3216 2792 Deus
3268 2748 3452 2792 noster
3499 2748 3580 2790 est
3612 2751 3644 2788 a

2071 2831 2296 2886 dextris.
2323 2828 2431 2884 Nec
2490 2845 2716 2883 rursus:
2755 2829 2963 2883 Nomen
3021 2839 3170 2882 tuum
3230 2837 3313 2882 est
3365 2827 3430 2880 ab
3485 2827 3644 2881 initio

2071 2931 2198 2976 ante
2239 2921 2431 2984 solem,
2461 2929 2516 2974 et
2540 2919 2744 2986 lunam,
2773 2930 2828 2975 et
2855 2921 2908 2974 iu
2937 2919 3167 2984 szecuia;
3206 2933 3304 2972 nec
3339 2919 3404 2972 de
3453 2918 3644 2988 angelo

2069 3025 2122 3070 et
2153 3015 2408 3082 propheta
2445 3014 2648 3068 dictum
2684 3028 2696 3064 :
2727 3011 2804 3066 Te
2837 3011 3237 3066 venerabantur
3279 3025 3434 3080 reges
3463 3010 3642 3080 populi

2071 3107 2168 3168 tui,
2204 3115 2256 3160 et
2289 3105 2463 3158 tribus
2491 3105 2674 3173 populi
2729 3105 2804 3156 tui
2861 3105 2914 3158 in
2945 3113 2994 3156 te
3045 3103 3453 3166 benedicentur,
3483 3113 3536 3155 et
3593 3112 3645 3156 te

2073 3194 2372 3249 adorabunt
2402 3207 2590 3247 omnes
2610 3193 2872 3245 homines.
2893 3189 3008 3244 Non
3040 3204 3168 3257 ergo
3201 3191 3471 3258 sequitur,
3507 3198 3564 3240 ut
3588 3197 3642 3240 tu

2071 3287 2366 3344 existimas.
2411 3285 2553 3353 quod
2579 3283 2808 3353 angelus
2837 3285 2907 3337 sit
2939 3281 3192 3350 templum
3223 3281 3335 3334 Dei.
3367 3280 3473 3333 Sed
3525 3295 3644 3331 rur-

2071 3391 2162 3430 sus
2189 3377 2331 3444 apud
2374 3386 2427 3431 te
2451 3377 2806 3444 quaestionem
2859 3375 3087 3428 movebo
3115 3388 3181 3427 ex
3215 3373 3326 3440 ipsa
3368 3373 3640 3439 scriptura

2071 3475 2162 3523 tua
2191 3469 2410 3537 petitam
2436 3511 2451 3535 ,
2479 3469 2569 3522 ttbi
2601 3480 2857 3522 narratur
2881 3467 3216 3536 septuaginta
3255 3476 3362 3518 tres
3393 3478 3515 3516 esse
3544 3463 3642 3514 tri-

2069 3563 2167 3613 bus
2205 3559 2725 3625 Musulmaunorum,
2763 3561 2978 3613 unicam
3011 3574 3138 3612 vero
3173 3556 3404 3625 paradisi
3435 3554 3642 3608 deliciis

2070 3654 2380 3720 potituram,
2417 3653 2548 3706 alias
2573 3669 2699 3708 vero
2727 3667 2916 3706 omnes
2943 3651 3222 3722 snppliciis
3255 3660 3304 3701 et
3338 3649 3512 3716 pceuis
3545 3647 3642 3700 ad-

2063 3743 2420 3812 judicandas;
2452 3753 2506 3798 et
2545 3760 2734 3799 omnes
2768 3743 2986 3812 quidem
3011 3759 3172 3796 unmn
3211 3741 3640 3795 Mutmmnedem

2066 3843 2384 3904 agnoscunt,
2411 3851 2575 3888 unmn
2610 3851 2740 3890 vero
2767 3836 2932 3889 alium
2985 3836 3152 3888 Deum
3209 3835 3556 3896 conﬁtentur,
3589 3841 3646 3886 et

2066 3937 2298 3995 quatuor
2319 3928 2534 3995 quidem
2569 3928 2867 3980 sententias
2893 3926 3068 3978 varias
3090 3925 3272 3978 fovent
3297 3935 3349 3979 et
3379 3925 3642 3994 profiten-

2067 4025 2174 4072 tur.
2205 4015 2374 4071 Unam
2403 4033 2430 4068 a
2451 4015 2755 4086 Chauipha,
2793 4017 3020 4070 alteram
3056 4031 3084 4069 a
3121 4013 3313 4084 Seplti,
3339 4017 3554 4070 tertiam
3605 4028 3634 4068 a

2065 4105 2281 4172 Meti-hi,
2310 4118 2556 4176 quartam
2583 4109 2648 4160 ab
2677 4106 2909 4160 Achmet
2935 4105 3201 4174 Champil.

2134 4197 2196 4251 Et
2221 4200 2399 4252 audivi
2433 4207 2486 4252 et
2512 4199 2634 4252 novi
2672 4201 2813 4267 quod
2846 4197 3192 4252 Muhammed
3219 4197 3410 4251 doceat
3436 4197 3487 4250 in
3545 4196 3642 4252 Al-

2065 4305 2263 4344 corano
2294 4290 2637 4360 septuaginta
2697 4289 2835 4344 duas
2867 4288 3042 4343 tribus
3063 4288 3364 4358 suppliciis,
3419 4289 3636 4344 unicam

2063 4397 2193 4435 vero
2219 4381 2482 4435 destinari
2515 4381 2786 4448 paradiso.
2813 4381 2972 4434 Certe
2997 4379 3344 4434 Muhammed
3381 4397 3444 4435 ex
3489 4384 3638 4434 varia

2063 4475 2421 4542 ctmultiplici
2449 4475 2708 4527 librorum
2735 4475 3042 4546 cognitione
3066 4473 3316 4542 populum
3348 4489 3502 4527 suum
3533 4489 3600 4528 no
3621 4493 3638 4528 t

375 4575 498 4639 τοῦ,
531 4577 619 4630 ἵνα
648 4577 697 4629 οἱ
734 4576 834 4646 μὲν
866 4574 1246 4643 γινώσκουσιν,
1295 4576 1342 4626 οἱ
1374 4573 1430 4626 δὲ
1491 4575 1586 4643 μή.
1655 4573 1790 4626 Ἀπὸ
1853 4571 1957 4641 τῆς

2065 4567 2248 4622 docuit
2278 4577 2333 4620 et
2393 4565 2732 4619 institutione
2783 4563 3043 4630 erudivit,
3081 4572 3137 4617 ut
3199 4562 3440 4632 quidam,
3495 4563 3637 4616 illius

377 4667 636 4737 τοιαύτης
688 4667 952 4736 συλλογῆς
995 4667 1213 4730 πάντως
1265 4669 1298 4737 ἡ
1332 4665 1521 4735 διδαχὴ
1554 4664 1720 4718 αὐτοῦ
1777 4665 1950 4730 πᾶσα,

378 4758 475 4811 καὶ
502 4761 534 4828 ἡ
569 4759 705 4827 πρὸς
727 4760 819 4811 τὸν
839 4757 968 4812 λαὸν
997 4755 1246 4826 κήρυξις,
1280 4757 1424 4826 καὶὴ
1449 4756 1686 4824 πίστιςὴ
1715 4755 1951 4826 φοϐερὰ,

377 4850 480 4903 καὶ
504 4850 562 4902 τὸ
587 4849 784 4920 δόγμα,
837 4849 930 4903 καὶ
960 4850 992 4920 ἡ
1022 4847 1281 4918 ὁμολογία
1341 4847 1434 4900 τοῦ
1463 4846 1824 4917 παραδείσου,
1857 4847 1957 4899 καὶ

373 4942 475 5008 τῆς
495 4941 749 5012 κρίσεως,
783 4941 874 4994 καὶ
905 4941 1154 5012 ἡσυχίας,
1190 4939 1287 4993 καὶ
1309 4941 1336 4992 6
1356 4937 1526 5008 ὕμνος
1545 4980 1560 5003 ,
1587 4941 1681 4990 καὶ
1707 4939 1741 5008 ἡ
1773 4937 1958 5006 ψαλμ-

373 5032 534 5103 ῳδίκ,
574 5034 664 5086 καὶ
703 5035 736 5104 ἡ
771 5033 1084 5103 προφητεία
1141 5030 1310 5086 αὐτοῦ
1340 5073 1355 5098 ,
1393 5032 1488 5084 καὶ
1540 5031 1574 5100 ἡ
1609 5030 1952 5093 διδασκαλία,

375 5125 477 5178 καὶ
509 5127 543 5196 ὴ
577 5126 765 5192 σοφία,
791 5125 886 5177 καὶ¹
913 5125 973 5177 τὸ
993 5125 1133 5193 φῶς,
1157 5125 1249 5178 καὶ
1289 5127 1317 5178 6
1347 5123 1532 5195 νόμος,
1557 5123 1616 5176 ὃν
1648 5122 1850 5176 δέδωκε
1897 5121 1959 5174 τὺ

373 5217 536 5285 γένος
573 5216 680 5270 τῶν
701 5216 1166 5285 Μουσουλμανῶν,
1185 5215 1336 5269 τοῦτ’
1376 5215 1493 5270 ἔστι
1522 5215 1581 5269 τὺ
1613 5216 1810 5277 εἰπεῖν,
1843 5213 1958 5266 Οὐκ

374 5305 529 5358 ἔστιν
565 5305 717 5368 Θεὸς,
747 5305 886 5376 πλὴν
919 5305 1080 5370 Θεοῦ,
1121 5307 1216 5358 καὶ
1268 5307 1296 5358 6
1323 5307 1622 5376 Μουχάμετ
1656 5303 1958 5367 ἀπόστολος

377 5395 540 5449 Θεοῦ.
581 5396 693 5450 Καὶ
722 5395 1084 5462 πάλιν,τοῦτό
1114 5399 1265 5450 ἐστιν
1289 5397 1349 5450 τὸ
1383 5397 1681 5464 κεφάλαιον
1723 5395 1821 5466 τῆς
1849 5413 1958 5448 σω-

372 5489 575 5559 στηρίας
610 5489 787 5558 ὑμῶν,
815 5489 877 5542 τὸ
901 5489 1104 5556 λέγειν,
1138 5491 1232 5552 Εἰς
1266 5489 1328 5542 1:6
1358 5490 1530 5560 ὄνομα
1573 5489 1667 5542 τοῦ
1698 5487 1830 5542 Θεοῦ
1861 5487 1956 5541 τοῦ

375 5580 678 5647 ἐλεοῦντος,
709 5583 798 5634 καὶ
818 5581 1136 5652 ὲλεημένου,
1155 5575 1200 5649 ᾧ
1233 5583 1358 5635 οἱὲν
1383 5582 1612 5652 ἀληθείᾳ
1643 5581 1955 5652 εὐχόμενοι.

373 5671 776 5744 Καὶὸτιπαρὲξ
799 5671 1043 5726 τοιούτου
1073 5671 1344 5746 δόγματος
1374 5673 1435 5726 οὐ
1466 5672 1734 5738 δοξάζεις,
1763 5672 1954 5742 ἔτερος

371 5764 539 5832 λόγος
585 5764 863 5836 σωτηρίας
915 5766 1014 5835 οὐχ
1073 5765 1332 5835 ὑπάρχει.
1393 5764 1506 5817 Καὶ
1572 5765 1601 5816 6
1653 5765 1956 5835 Μουχάμετ

378 5853 686 5919 ἀπόστολος
717 5853 878 5920 Θεοῦ,
914 5853 1194 5926 βασιλείαν
1225 5854 1360 5910 Θεοῦ
1395 5854 1456 5908 οὐ
1507 5853 1952 5926 κληρονομήσας.

2064 4660 2366 4713 doctrinam
2401 4666 2846 4725 assequerentur,
2879 4657 2967 4710 alii
3005 4671 3133 4709 vero
3165 4671 3306 4720 non;
3335 4671 3400 4708 ex
3435 4671 3538 4708 una
3583 4665 3639 4710 et

2061 4749 2246 4803 eadem
2277 4749 2548 4816 farragine
2572 4747 2728 4800 ﬂuxit
2761 4755 2870 4800 tota
2915 4747 3063 4800 illius
3091 4745 3357 4810 doctrina,
3407 4755 3462 4799 et
3495 4745 3638 4800 illius

2063 4841 2128 4894 ad
2163 4840 2414 4909 pepulum
2447 4839 2781 4907 przedicatio.
2816 4849 2870 4892 et
2942 4839 3210 4892 horrenda
3243 4838 3395 4901 ﬁdes,
3429 4847 3483 4892 et
3537 4839 3638 4891 do-

2063 4934 2258 4994 ctrina,
2310 4942 2364 4984 et
2416 4929 2690 4986 confessio
2730 4933 2796 4984 de
2857 4929 3128 5000 paradiso.
3187 4931 3375 4981 ultimo
3408 4928 3636 4996 judicio,

2061 5034 2112 5077 et.
2133 5023 2314 5092 quiete
2337 5033 2559 5086 aeterna,
2581 5031 2633 5074 et
2655 5021 2905 5092 hymnus,
2926 5033 2980 5073 et
3009 5019 3224 5090 psalmi,
3243 5030 3298 5074 et
3329 5020 3636 5088 disciplina,

2062 5125 2116 5168 et
2177 5115 2520 5184 supplicatio,
2561 5121 2614 5166 et
2660 5114 2854 5176 lux,et
2905 5113 3011 5178 lex,
3040 5127 3202 5181 quant
3235 5111 3380 5181 genti
3430 5111 3636 5165 Musul~

2063 5209 2295 5260 manicm
2329 5207 2569 5272 tradidit,
2606 5207 2656 5259 in
2689 5220 2754 5259 eo
2783 5213 2987 5259 tantum
3014 5205 3279 5268 consistit,
3310 5213 3368 5256 ut
3397 5205 3632 5268 dicatur,

2061 5316 2166 5352 non
2225 5310 2307 5353 est
2359 5299 2496 5353 Dens
2531 5299 2631 5353 nisi
2682 5301 2844 5361 Deus,
2877 5307 2932 5351 et
2971 5297 3318 5350 Muhammed
3359 5298 3636 5365 apestolus

2063 5390 2174 5444 Dei.
2205 5392 2268 5444 Et
2295 5393 2510 5454 iterum,
2545 5392 2664 5446 haec
2707 5401 2790 5444 est
2838 5405 3048 5444 summa
3107 5388 3298 5444 salutis
3327 5399 3539 5452 vestrae,
3581 5389 3632 5440 in

2060 5485 2276 5537 nomine
2299 5483 2392 5536 Dei
2443 5483 2786 5536 miserateris
2853 5491 2909 5535 et
2941 5481 3314 5536 misericordis
3361 5496 3522 5549 quem
3579 5477 3634 5533 in

2059 5577 2290 5628 veritate
2331 5575 2730 5644 precamini,et
2785 5585 2982 5642 praeter
3019 5575 3162 5626 istud
3229 5574 3446 5640 dogma,
3483 5571 3630 5626 nulla

2059 5668 2165 5722 alia
2196 5667 2288 5720 Dei
2329 5667 2646 5728 celebratio,
2669 5666 2982 5733 nullumque
3016 5665 3156 5731 apud
3201 5679 3298 5716 vos
3328 5663 3472 5716 aliud
3507 5677 3632 5716 ver-

2057 5762 2182 5816 bum
2213 5762 2424 5815 satutis.
2456 5761 2521 5814 Et
2556 5759 2903 5813 Muhammed
2961 5766 3046 5812 est
3103 5756 3381 5824 apostolus
3413 5754 3502 5808 Dei
3532 5753 3624 5822 qui

2061 5861 2241 5908 tamen
2275 5867 2498 5922 regnent
2537 5851 2628 5907 Dei
2665 5867 2770 5907 non
2813 5859 2894 5904 031
2920 5859 3282 5915 consecutus;
3315 5847 3626 5918 quicunque
