4146 6448
634 407 657 471 1
671 406 768 469 403

1759 412 2320 479 BARTIIOLOM/EI
2361 422 2697 485 EDESSEN
2706 427 2732 484 Ι

3740 437 3850 503 1404

636 539 764 578 vero
795 521 940 576 sicut
967 520 1229 592 scriptum
1255 531 1338 578 cst
1361 524 1644 579 confossus
1675 525 1856 589 fumi-it,
1901 527 2043 580 inter
2069 529 2215 582 cives

2324 531 2514 596 Ὅστις
2542 535 2600 588 δὲ
2643 552 2799 596 ουτος
2825 536 3190 608 ὁμολογήσας,
3238 542 3314 607 ώς
3348 549 3675 615 γέγραπται,
3723 549 3851 602 ἐστὶν

635 627 692 668 et
713 612 925 668 accolas
978 614 1214 681 paradisi
1267 617 1659 670 recensebitnr.
1699 616 1788 670 Vie
1863 618 1959 672 toti
2019 619 2207 686 generi

638 703 1034 759 Musnlmanico
1089 713 1311 774 propter
1363 705 1522 759 talem
1568 706 1894 764 doctrinam.
1929 707 2065 773 Quia
2117 708 2210 776 qui

640 801 756 853 haec
787 798 957 862 audit,
991 808 1047 852 et
1084 800 1259 852 credit
1285 797 1370 852 i-lla
1397 798 1448 851 in
1477 798 1729 866 paradiso
1754 799 1892 863 ﬁeri,
1936 799 2216 870 immergi-

641 902 733 946 tur
763 899 985 957 peCcato
1014 889 1156 941 sicut
1184 902 1322 955 aqua
1345 888 1650 941 scaturiens
1674 895 1728 941 et
1775 901 2026 954 mergens
2084 888 2214 942 her-

643 983 789 1036 bam.
814 979 1082 1033 Caeterum
1127 978 1564 1047 quandoquidem
1617 993 1808 1034 omnes
1839 979 2205 1036 Musulmanui

642 1083 702 1127 ut
750 1074 862 1140 ipse
913 1071 1048 1123 bene
1101 1069 1247 1131 novi,
1280 1067 1403 1121 talia
1458 1068 1621 1122 verba
1672 1066 1956 1135 proferunt
2013 1078 2068 1123 et
2123 1070 2207 1124 sic

639 1181 830 1221 omnes
865 1163 1122 1223 sentiunt.
1148 1159 1419 1228 quomodo
1471 1167 1526 1211 tu
1577 1161 1776 1214 asseris
1863 1159 2208 1229 septuaginta

640 1261 854 1316 illorum
901 1256 1070 1309 tribus
1103 1261 1156 1306 et
1183 1251 1414 1304 familias
1437 1251 1610 1319 ptenis
1637 1249 1951 1316 adiudicari,
1986 1253 2204 1306 unicam

640 1366 768 1407 vero
799 1349 1106 1419 paradisum
1135 1354 1572 1398 consecuturam.
1621 1341 1860 1397 Ostende
1898 1342 2036 1396 mihi
2071 1358 2214 1412 qno-

640 1439 799 1494 modo
825 1439 925 1491 hoc
959 1435 1068 1498 ﬁat,
1109 1434 1150 1487 si
1181 1432 1310 1486 illud
1361 1431 1536 1498 nosti;
1570 1431 1616 1486 si
1639 1446 1770 1486 vero
1802 1431 1945 1488 illius
1992 1448 2098 1487 non
2147 1447 2207 1489 es

640 1527 909 1589 conscios,
942 1525 1045 1578 hoc
1092 1524 1187 1577 tibi
1214 1523 1337 1592 ipsi,
1371 1523 1486 1590 ipse
1537 1522 1716 1577 dicam
1761 1530 1816 1576 et
1868 1523 2210 1592 signiﬁcabo.

711 1621 1003 1690 Pr0pterea
1079 1619 1218 1673 dixit
1267 1617 1614 1672 Mnhammed
1679 1617 2020 1686 septuaginta
2076 1617 2216 1674 duas

636 1716 811 1770 tribus
837 1715 903 1768 ad
935 1712 1199 1782 supplicia
1256 1711 1544 1774 destinari,
1579 1726 1741 1765 unam
1774 1724 1902 1764 vero
1951 1710 2017 1763 ad
2051 1726 2214 1779 para-

635 1803 743 1856 disi
775 1801 1090 1870 voluptates,
1120 1800 1244 1868 quia
1305 1800 1646 1866 septuaginta
1680 1801 1821 1862 duae,
1855 1800 2050 1870 inquit,
2081 1811 2208 1857 sunt

2318 622 2540 694 πολίτης
2567 625 2661 677 τοῦ
2688 627 3042 696 παραδείσου.
3079 632 3220 685 Οὐαὶ
3270 634 3330 685 τὸ
3362 635 3517 702 γένος
3565 635 3675 689 τῶν
3724 639 3850 692 Μου-

2317 714 2638 783 σουλμανῶν
2665 718 2722 769 ὲν
2753 717 2830 788 τῷ
2863 719 3007 790 λόγῳ
3036 722 3236 792 τούτῳ.
3267 724 3392 779 Ὅτι
3430 727 3459 778 6
3493 727 3708 780 ἀκούων
3747 731 3850 783 τού-

2315 821 2410 857 του
2439 805 2532 858 τοῦ
2551 807 2808 874 γενέσθαι
2837 812 2894 864 ὲν
2924 812 3002 882 τῷ
3038 815 3360 886 παραδείσῳ
3383 818 3598 885 εἰσάγει
3617 821 3679 888 τῇ
3710 821 3854 891 ἁμαρ-

2316 896 2407 967 τίᾳ
2438 897 2514 960 ώς
2542 898 2738 969 βρύσιν
2763 901 2983 972 χόρτου.
3007 905 3230 970 Λοιπὸν,
3254 909 3402 961 είπεὶ
3429 909 3628 972 πάντες
3654 911 3700 962 οἱ
3730 913 3855 964 Mou-

2319 987 2612 1057 σουλμανοὶ
2637 1029 2651 1053 ,
2683 991 2758 1054 ώς
2797 987 2916 1046 οἶδα
2956 995 3132 1063 κάγὼ,
3159 999 3388 1052 τοιαῦτα
3433 1001 3591 1070 λόγια
3645 1001 3854 1069 λέγουσι,

2317 1079 2412 1132 καὶ
2457 1081 2738 1150 φρονοῦσι,
2768 1085 2833 1137 σὺ
2859 1084 2977 1149 πῶς
3004 1087 3210 1156 λέγεις,
3241 1092 3322 1143 ὄτι
3371 1093 3735 1164 ἑϐδομήκοντα
3780 1094 3858 1146 δύο

2315 1172 2456 1224 εἰσὶν
2476 1173 2643 1241 φυλαὶ
2674 1175 2777 1244 τῆς
2813 1177 3108 1244 κολάσεως,
3139 1181 3235 1234 καὶ
3258 1182 3356 1253 μία
3387 1184 3480 1236 τοῦ
3522 1185 3856 1254 παραδείσους

2327 1265 2660 1332 Ύπόδειξον,
2692 1269 2788 1321 ἐὰν
2813 1271 3103 1338 γινώσκεις
3129 1274 3247 1339 πῶς
3272 1272 3438 1332 εἷναι.
3475 1278 3539 1330 El
3567 1275 3624 1330 δὲ
3658 1278 3754 1331 οὑκ
3791 1273 3858 1330 οἵ·

2313 1356 2431 1423 δας,
2468 1359 2663 1430 φράσω
2693 1377 2775 1414 σοι
2810 1363 2996 1428 αὐτός.

2387 1621 2487 1674 Διὰ
2534 1621 2695 1678 τοῦτο
2732 1619 2943 1680 εἶπενδ
2991 1627 3312 1697 Μουχαμετ,
3374 1627 3457 1681 ὅτι
3504 1628 3861 1699 ἑϐδομήκοντα

2313 1711 2408 1762 δύο
2452 1712 2590 1764 εἰσὶν
2629 1714 2729 1784 τῆς
2777 1707 3052 1780 κολάσεως
3085 1718 3179 1769 καὶ
3238 1717 3336 1786 μία
3379 1718 3474 1770 τοῦ
3513 1718 3857 1790 παραδείσου,

2313 1801 2395 1854 ὅτι
2433 1805 2488 1856 αἱ
2527 1803 2902 1874 ὲὸδομήκοντα
2957 1806 3051 1860 δύο
3095 1800 3280 1873 αὗται,
3333 1808 3508 1876 λέγει,
3547 1810 3606 1862 ὲν
3639 1808 3716 1878 τῷ
3765 1825 3855 1876 φα-

639 1904 847 1947 tantum
876 1890 1321 1945 Mnsnlmannicze
1362 1893 1538 1959 quoad
1587 1892 1788 1944 cultum
1839 1893 2134 1960 publicum.
2161 1906 2215 1948 et

2316 1893 2482 1964 νερῷ,
2519 1896 2616 1948 καὶ
2658 1898 2952 1968 ἀληθεύειν
2980 1900 3076 1953 τὸν
3122 1901 3444 1971 Μουχάμετο
3476 1904 3534 1954 ἐν
3579 1902 3637 1954 δὲ
3680 1901 3754 1972 τῷ
3783 1917 3861 1954 κε-

634 1996 859 2037 externe
893 1991 1095 2034 tantum
1125 1981 1446 2050 proﬁtentur
1481 1995 1605 2034 vera
1645 1982 1826 2034 dicere
1869 1982 2206 2037 Muhamme-

633 2076 778 2138 dem,
812 2072 948 2126 clam
984 2086 1109 2125 vero
1132 2072 1643 2141 asseruntpOpulum
1672 2071 2063 2130 Muhammedis
2085 2093 2208 2130 cum

633 2166 730 2220 illo
762 2165 874 2218 falli
914 2173 969 2218 et
1002 2163 1210 2222 fallere,
1237 2163 1302 2216 Et
1327 2164 1499 2218 dicam
1531 2164 1623 2218 tibi
1661 2180 1906 2233 qnzenam
1942 2167 2053 2220 sint
2092 2169 2212 2223 istae

635 2257 831 2320 tribus,
869 2267 1128 2312 eteorum
1166 2259 1402 2320 nomina,
1437 2271 1627 2324 nempe
1649 2257 1966 2324 Chasisimi,
1993 2260 2207 2330 Separi,

633 2352 864 2418 lsmaeli,
902 2351 1138 2405 Moutani
1175 2360 1228 2404 et
1263 2352 1482 2419 reliquae
1513 2367 1632 2420 quae
1661 2363 1984 2422 sequuntur.
2006 2354 2113 2410 Sed
2135 2373 2202 2409 ne

631 2446 796 2499 nimis
826 2445 1012 2514 longas
1036 2446 1322 2499 verborum
1349 2446 1604 2514 ambages
1655 2455 1961 2510 nectamus,
2018 2462 2210 2502 rursus

629 2537 754 2611 dico
781 2543 924 2606 quod
949 2538 1288 2607 Septuaginta
1317 2539 1436 2592 dum
1460 2548 1653 2592 vestrae
1677 2539 1893 2608 linguas,
1942 2540 2212 2611 abnegent

630 2607 1086 2682 liluhammedem.
1117 2626 1324 2682 Nostrae
1384 2643 1512 2682 vero
1551 2642 1741 2682 omnes
1764 2607 1996 2684 unicam
2049 2607 2209 2685 ﬁdem

629 2720 975 2788 proﬁtentur,
1013 2729 1067 2774 et
1095 2719 1371 2775 Christum
1416 2720 1662 2791 religiose
1696 2721 1900 2777 colunt.
1961 2723 2018 2777 Si
2082 2738 2209 2779 vero

630 2822 829 2866 vestra
865 2812 1200 2883 septuaginta
1228 2813 1345 2866 duae
1365 2812 1538 2867 tribus
1561 2823 1614 2867 et
1644 2813 1839 2882 linguae
1869 2812 2206 2868 Mubamme-

629 2905 754 2960 dem
784 2908 1048 2975 abnegent
1071 2917 1126 2960 et
1155 2907 1470 2975 reprobent,
1493 2921 1744 2974 quamam
1782 2907 2065 2961 veritatem
2088 2922 2212 2974 pro-

630 2998 831 3054 ferent.
867 2998 1100 3054 Omnino
1139 3000 1219 3053 vel
1248 2998 1426 3068 plures
1453 2999 1534 3053 vel
1567 3013 1668 3052 una
1700 3000 1890 3053 saltem
1940 2999 2209 3053 mentien-

631 3101 742 3146 tur.
773 3091 882 3145 Nec
906 3100 989 3145 est
1026 3092 1167 3160 quod
1191 3091 1384 3146 dicatis
1413 3091 1664 3145 ﬁdeleset
1690 3093 1896 3145 electos
1916 3091 2201 3145 veritatem

633 3182 896 3254 proﬁteri.
926 3181 1058 3237 Nam
1094 3185 1194 3237 hoc
1243 3185 1404 3238 etiam
1445 3199 1764 3253 responsum
1827 3183 2120 3239 dissolvam
2153 3189 2208 3237 et

631 3275 853 3331 elidam.
914 3275 1049 3329 Nam
1101 3275 1187 3330 dic
1224 3276 1434 3340 mihi,o
1480 3275 1749 3344 Agarene,
1820 3291 1990 3345 quare
2043 3275 2207 3329 Deum

633 3369 808 3438 ipsum
855 3368 1175 3423 conviciaris
1219 3377 1275 3422 et
1324 3368 1695 3433 calumniaris,
1747 3383 1997 3423 asserens
2042 3367 2210 3423 Deum

637 3461 752 3515 haec
779 3460 936 3514 verba
965 3462 1016 3514 in
1072 3460 1278 3514 ambitu
1317 3461 1494 3514 throni
1526 3461 1606 3514 sui
1642 3475 1918 3524 exarasse,
1956 3476 2058 3513 non
2121 3468 2209 3513 est

638 3553 772 3606 ﬁdes
805 3567 927 3606 vera
959 3551 1060 3604 alia
1083 3567 1243 3621 quam
1295 3550 1427 3606 ﬁdes
1476 3551 1770 3605 electorum
1808 3550 2214 3605 Mnsulmanno-

638 3661 780 3700 rum.
817 3645 932 3699 Hoc
967 3645 1165 3713 quippe
1187 3643 1365 3698 inveni
1402 3645 1659 3712 scriptum
1682 3643 1733 3694 in
1773 3640 1987 3696 Corano
2030 3649 2141 3694 tuo.
2171 3641 2214 3696 Ο

639 3753 670 3793 a
702 3739 932 3791 veritate
959 3739 1239 3799 aberrans,
1265 3736 1438 3789 nullus
1470 3749 1705 3802 unquam
1733 3733 1867 3788 vidit
1899 3736 2088 3798 Deum,
2113 3749 2213 3788 nec

640 3830 786 3883 illius
837 3829 1089 3883 thronum
1141 3829 1441 3896 cormpexit,
1481 3828 1600 3896 quis
1637 3836 1689 3881 te
1728 3841 1857 3895 ergo
1924 3826 2213 3879 certiorem

640 3921 768 3976 fecit
799 3923 902 3977 ista
945 3923 1087 3976 circa
1122 3922 1375 3974 thronum
1419 3919 1508 3973 Dei
1562 3932 1683 3972 esse
1736 3918 1941 3986 scripta
1972 3924 2028 3973 et
2087 3933 2217 3972 exa-

640 4014 795 4067 rata?
824 4013 882 4068 Si
916 4027 1043 4067 vero
1067 4013 1215 4067 dicas
1234 4013 1335 4066 hoc
1362 4021 1414 4065 te
1436 4009 1689 4064 didicisse
1720 4023 1786 4062 ex
1831 4017 1923 4062 tuo
1960 4008 2078 4077 ipso
2112 4009 2218 4062 Uo-

640 4119 793 4169 rano,
821 4113 969 4159 certe
1002 4117 1221 4173 prorsus
1245 4102 1499 4157 mentitur
1527 4101 1772 4155 Coranus
1802 4106 1943 4151 tuus.
1967 4097 2100 4151 Nam
2127 4099 2214 4152 ubi

2315 1988 2639 2058 κρυμμένῳ,
2691 1990 2772 2043 ὅτι
2829 1993 2858 2044 6
2923 1992 3051 2054 λαὸς
3089 1992 3184 2044 τοῦ
3239 1994 3540 2062 Μουχάμετ
3592 1995 3690 2046 σὺν
3735 1992 3861 2062 αὐτῷ

2313 2077 2582 2143 πλανῶσι,
2637 2081 2731 2132 καὶ
2785 2081 3118 2136 πλανῶνται.
3177 2083 3286 2135 Καὶ
3328 2082 3508 2151 μέλλω
3563 2100 3647 2134 σοι
3679 2080 3863 2146 διδάξαι

2314 2169 2532 2231 αὐτοὺς,
2575 2171 2670 2223 καὶ
2697 2172 2764 2224 τὰ
2796 2172 3036 2242 ὀνόματα
3071 2173 3272 2235 αὐτῶν,
3300 2174 3636 2243 Χασισίμου,
3661 2175 3859 2241 Σεπερὶ,

2328 2262 2580 2330 Ἰσμαῖλῖ,
2631 2264 2903 2325 Mouva
2945 2266 3042 2318 καὶ
3083 2267 3139 2318 αἱ
3194 2265 3382 2319 λοιπαὶ
3427 2265 3686 2334 καθεξῆς.
3742 2263 3862 2316 Ἀλλ’

2317 2352 2406 2405 ἵνα
2441 2353 2516 2423 μὴ
2550 2355 3004 2426 μακρολογῶμεν,
3065 2357 3162 2409 καὶ
3216 2357 3378 2410 πάλιν
3408 2358 3465 2409 αἱ
3526 2356 3626 2426 μὲν
3655 2355 3859 2424 ἑϐδομή-

2317 2461 2487 2498 κοντα
2518 2445 2612 2497 δύο
2657 2447 2923 2517 ὑμέτεραι
2973 2448 3219 2516 γλῶσσαι
3274 2449 3568 2518 ἀρνοῦνται
3597 2448 3689 2500 τὸν
3735 2447 3864 2500 Μου-

2317 2538 2516 2608 χὰμετ.
2539 2540 2605 2591 Δί
2628 2539 2686 2592 δὲ
2713 2541 2980 2612 ἡμέτεραι
3034 2542 3186 2595 τόσαι
3250 2543 3380 2612 μίαν
3411 2543 3597 2594 πίστιν
3627 2543 3718 2594 ἐπὶ
3756 2541 3866 2608 Χρι-

2317 2631 2444 2684 στοῦ
2494 2631 2740 2686 σέϐονται
2772 2633 3196 2704 εὐσεϐοφρόνως.
3217 2636 3280 2687 Al
3305 2634 3435 2703 γοῦν
3453 2635 3716 2705 ὑμέτεραι
3743 2632 3866 2684 ἑϐδο-

2316 2724 2560 2794 μήκοντα
2582 2724 2673 2778 δύο
2711 2724 2956 2793 γλῶσσαι
3008 2727 3058 2778 εί
3094 2725 3389 2796 ἀρνοῦνται
3433 2725 3525 2778 τὸν
3569 2723 3862 2794 Μουχάμετ,

2312 2815 2453 2876 τινὲς
2475 2813 2607 2882 γοῦν
2637 2814 3022 2886 ἀληθεύουσιν.
3057 2817 3157 2869 Διὰ
3189 2817 3410 2878 παντὸς,
3450 2815 3482 2886 ἢ
3529 2815 3788 2878 πλείονες,
3832 2813 3860 2884 ἡ

2315 2905 2414 2974 μία
2448 2905 2476 2957 ὑ
2487 2905 2602 2975 μῶν
2625 2905 2846 2974 γλῶσσα
2879 2906 3156 2976 ψεύδεται.
3197 2907 3357 2968 Οὔτε,
3384 2907 3459 2966 ὡς
3489 2906 3595 2976 μὲν
3621 2905 3864 2975 νομίζετε,

2313 2997 2497 3049 πιστοὶ
2545 2999 2644 3050 καὶ
2691 2998 2960 3053 ἐκλεκτοί.
3007 2998 3170 3051 Ἀλλὰ
3221 2997 3510 3051 καταλύσω
3565 2997 3727 3067 ὑμᾶς,
3787 2993 3865 3047 καὶ

2313 3089 2606 3159 συντρίψω.
2643 3090 2743 3144 Διὰ
2765 3091 2836 3154 τί,
2881 3091 3178 3162 Ἀγαρηνὲ,
3218 3091 3342 3144 εἰπέ
3368 3109 3483 3161 μοι,
3534 3088 3865 3158 συκοφαντεῖς

2311 3183 2404 3236 τὸν
2432 3183 2563 3236 Θεὸν
2593 3184 2796 3253 λέγων,
2826 3185 2909 3239 ὅτι
2937 3185 3143 3257 ἔγραψε
3168 3186 3420 3257 γύρωθεν
3452 3185 3551 3239 τοῦ
3572 3186 3756 3256 θρόνου
3781 3182 3864 3236 αὑ·

2312 3273 2406 3328 τοῦ
2436 3274 2611 3340 οὓτως
2640 3293 2655 3307 ·
2697 3277 2814 3330 Οὐκ
2846 3277 2994 3331 ἔστιν
3024 3276 3365 3350 ἀληθεστέρα
3402 3279 3589 3341 πίστις
3623 3277 3792 3346 ἑτέρα,
3837 3273 3864 3342 ἢ

2309 3369 2417 3421 τῶν
2451 3369 2722 3422 ἐκλεκτῶν
2748 3370 3226 3439 Μουσουλμανῶν;
3260 3372 3366 3423 Καὶ
3407 3369 3588 3432 οὕτως
3633 3364 3782 3438 εὖρον
3821 3367 3866 3416 ἐν

2309 3459 2388 3528 τῷ
2417 3460 2704 3530 Κουρανίῳ
2760 3478 2877 3525 σου,
2905 3460 3287 3532 πεπλανημένε
3317 3477 3333 3492 ο
3368 3461 3473 3514 Τὸν
3533 3461 3670 3514 Θεὸν
3719 3455 3868 3516 οὐδεὶς

2313 3547 2529 3618 ἑώρακε
2572 3549 2816 3614 πώποτε,
2845 3550 2966 3604 οὐδὲ
3015 3551 3107 3604 τὸν
3131 3551 3318 3621 θρόνον
3367 3550 3558 3615 αὐτοῦ,
3602 3550 3720 3603 οὐδέ
3775 3560 3868 3606 πως

2314 3637 2485 3702 οἶδας,
2519 3641 2792 3704 ὃτιοῦτως
2815 3642 3128 3713 γέγραπται
3161 3643 3221 3696 ὲν
3279 3642 3356 3714 τῷ
3404 3643 3585 3713 θρόνῳ
3613 3641 3704 3694 τοῦ
3734 3636 3866 3691 Θεοῦ.

2316 3732 2378 3784 Et
2405 3731 2504 3801 μὲν
2533 3732 2733 3800 λέγεις,
2776 3733 2854 3796 ὡς
2893 3735 3002 3788 ἀπὸ
3028 3735 3120 3788 τοῦ
3169 3735 3473 3805 Κουρανίου
3544 3751 3638 3787 σου
3678 3730 3867 3802 ἔμαθες,

2314 3823 2500 3875 λοιπὸν
2532 3823 2787 3892 ψεύδεται
2811 3823 2873 3878 τὸ
2912 3825 3211 3896 Κουράνιόν
3249 3823 3492 3877 σου.Ποῦ
3527 3826 3640 3896 γὰρ
3665 3820 3728 3896 ἦν
3750 3823 3869 3876 Μου-

2315 3916 2633 3985 σουλμανὸς,
2663 3917 2790 3969 ὅταν
2819 3917 2847 3969 6
2887 3917 3080 3987 θρόνος
3107 3917 3202 3970 τοῦ
3254 3916 3392 3970 Θεοῦ
3453 3913 3544 3987 ἦν,
3582 3918 3680 3969 καὶ
3729 3916 3755 3966 6
3786 3928 3870 3965 κα-

2316 4005 2552 4075 θήμενος
2581 4006 2678 4058 ἐπὶ
2696 4006 2913 4077 θρόνου,
2937 4009 2966 4060 6
2995 4005 3276 4074 στεγάξων
3305 4008 3363 4060 ὲν
3393 4005 3552 4060 ὕδασι
3588 4007 3658 4060 τὰ
3677 3999 3872 4073 ὑπερῷα

2316 4098 2503 4164 αὐτοῦ,
2534 4099 2629 4151 καὶ
2663 4099 2903 4169 συνέχων
2931 4099 2999 4153 τὰ
3024 4100 3206 4153 πάντα
3236 4115 3251 4165 ;

638 4204 1001 4249 erantomnes
1034 4191 1392 4246 Mnsulmanni
1431 4205 1554 4244 cum
1583 4196 1728 4244 esset
1755 4187 1981 4241 thronus
2015 4188 2130 4253 Dei,
2181 4197 2235 4242 et
2274 4188 2470 4243 sedens
2498 4205 2662 4260 super
2703 4190 2876 4259 illum,
2903 4191 2993 4260 qui
3018 4192 3150 4260 tegit
3213 4189 3369 4259 aquis
3401 4189 3696 4258 superiora
3732 4185 3870 4245 illius,

638 4299 696 4346 et
726 4290 906 4344 omnia
925 4287 1357 4358 comprehendit.

710 4387 864 4442 Nunc
897 4401 1026 4440 vero
1071 4386 1159 4440 dic
1188 4384 1340 4451 mihi,
1369 4399 1403 4440 ο
1452 4382 1644 4447 ﬁdelis,
1669 4397 1776 4450 quo
1803 4381 1958 4436 titulo
1978 4380 2217 4452 gaudere
2262 4434 2265 4437 .

639 4480 921 4535 contendis
939 4478 1082 4533 inter
1110 4493 1298 4532 onlnes
1323 4477 1458 4531 alias
1488 4475 1756 4538 nationes,
1780 4489 1848 4527 an
1872 4489 1976 4527 non
2002 4488 2217 4526 summa

2405 4383 2587 4454 Ἀρτι,
2624 4383 2746 4436 εἰπέ
2785 4400 2897 4454 μοι,
2922 4381 2998 4447 ὥς
3021 4382 3214 4436 ἑαυτὸν
3246 4380 3428 4443 καλεῖς
3467 4381 3532 4432 ὲκ
3579 4376 3764 4432 πασῶν
3787 4370 3875 4425 τῶν

2326 4469 2555 4537 γενεῶν,
2587 4466 2808 4534 πάντως
2839 4473 2900 4524 τὸ
2931 4471 3147 4543 πρῶτον
3168 4471 3465 4540 κεφάλαιον
3491 4468 3594 4538 τῆς
3629 4463 3874 4534 σωτηρίας

641 4570 832 4625 salutis
858 4570 1134 4623 hominum
1178 4567 1432 4631 ﬁdelium,
1457 4574 1513 4620 et
1555 4579 1678 4620 vera
1709 4574 1762 4619 et
1824 4576 1972 4618 recta
2005 4565 2091 4618 via
2156 4563 2215 4617 ad

2329 4562 2441 4615 τῶν
2475 4565 2682 4616 πιστῶν
2712 4562 3042 4634 ἀνθρώπων,
3079 4565 3174 4616 καὶ
3221 4564 3254 4632 ἡ
3291 4561 3481 4615 εὐθεῖα
3542 4561 3662 4623 ὁδὸς
3708 4561 3739 4630 ἡ
3782 4557 3872 4609 ἀπο

644 4665 806 4717 vitam
839 4673 1120 4724 :eternam,
1147 4670 1200 4714 et
1233 4660 1643 4713 fundamentum
1675 4657 1866 4712 salntis
1929 4656 2127 4711 animae
2170 4663 2225 4710 et

642 4755 906 4824 corporis,
937 4765 992 4808 et
1019 4769 1166 4821 pune
1193 4753 1258 4804 ad
1292 4751 1459 4805 Deum
1503 4749 1788 4815 orationis,
1841 4757 1927 4804 est
1988 4748 2226 4818 cognitio

644 4845 757 4900 Dei.
782 4843 862 4898 Tu
887 4860 1015 4899 vero
1040 4843 1199 4897 deum
1228 4845 1433 4897 ratione
1466 4852 1523 4896 et
1571 4842 1682 4896 vita
1710 4851 1985 4896 carentem
2053 4854 2225 4910 agno-

645 4937 755 4991 scis
779 4944 834 4990 et
862 4935 1162 4997 conﬁteris,
1196 4934 1453 5002 illumque
1487 4933 1634 4988 cultu
1659 4933 1842 4987 divino
1875 4932 2224 5002 prosequeris

645 5037 700 5082 et
725 5030 1006 5083 veneraris
1035 5036 1094 5080 ut
1119 5027 1367 5097 superius
1396 5036 1678 5080 ostensum
1710 5033 1812 5079 est.
1844 5025 1994 5080 Adde
2025 5035 2075 5078 te
2115 5039 2221 5079 non

648 5120 849 5174 habere
870 5121 1186 5188 prophetam
1223 5129 1317 5172 aut
1343 5117 1681 5188 apostolum;
1707 5133 1812 5185 qua
1844 5117 2052 5170 ratione
2089 5130 2219 5184 ergo

649 5214 882 5282 teipsum
944 5211 1174 5266 electum
1206 5227 1367 5266 voces
1417 5210 1632 5265 declara
1670 5218 1726 5264 et
1758 5209 2076 5278 comproba.
2115 5207 2228 5261 Nec

647 5305 816 5361 habes
845 5305 1227 5369 sacerdOtinm,
1255 5320 1350 5359 nec
1380 5304 1628 5374 gratiam,
1663 5317 1762 5356 nec
1809 5303 2090 5371 templum,
2125 5315 2225 5355 nec

649 5397 946 5452 remedium
977 5397 1044 5449 ad
1096 5397 1314 5450 morbos
1337 5395 1533 5449 animae
1562 5405 1612 5449 et
1647 5394 1892 5462 corporis
1927 5392 2224 5458 curandos,

647 5503 748 5543 nec
783 5489 1040 5556 psalmos,
1096 5501 1197 5540 nec
1245 5486 1540 5541 orationes.
1605 5487 1662 5540 Si
1723 5486 1978 5548 mentiar,
2015 5483 2101 5538 {ac
2167 5491 2227 5536 ut

648 5588 857 5635 constet
908 5578 1116 5633 falsitas
1166 5585 1221 5632 et
1292 5578 1629 5632 mendacium
1699 5592 1900 5630 meum.
1950 5576 2044 5628 Illa
2097 5589 2228 5643 ergo

649 5685 947 5740 agnoscens
977 5669 1247 5740 quomodo
1278 5669 1482 5737 poteris
1535 5668 1742 5738 ingredi
1794 5682 2017 5737 regnum
2067 5665 2233 5720 cmin-

650 5781 767 5819 rum
799 5773 852 5818 et
880 5763 1067 5831 gratiae
1088 5761 1180 5816 Dei
1201 5762 1474 5831 particeps
1501 5763 1777 5828 evadere?
1807 5763 1886 5816 Ab
1914 5760 2032 5814 istis
2055 5757 2230 5814 omni-

653 5858 752 5910 bus
779 5870 840 5910 es
867 5870 1028 5924 quam
1059 5853 1375 5924 longissime
1395 5854 1622 5909 alienus.

2331 4656 2544 4724 άγουσα
2567 4658 2648 4720 εἰς
2673 4656 2772 4726 τὴν
2802 4655 2948 4725 ζωὴν
2975 4655 3073 4727 τὴν
3093 4653 3328 4718 αἰώνιον,
3347 4654 3440 4706 καὶ
3457 4652 3557 4721 τῆς
3575 4651 3766 4721 ψυχῆς,
3794 4645 3872 4699 καὶ

2326 4748 2420 4800 τοῦ
2469 4746 2720 4818 σώματος
2775 4748 3075 4819 σωτηρίας,
3129 4747 3225 4800 καὶ
3267 4745 3516 4816 καθαρᾶς
3557 4743 3723 4813 εὐχῆς
3762 4737 3875 4806 πρὸς

2334 4840 2494 4903 Θεὸν,
2533 4843 2565 4908 ἡ
2595 4841 2894 4909 θεογνωσία
2925 4841 3040 4893 ἐστί
3073 4856 3086 4870 ·
3120 4839 3184 4892 σὺ
3239 4837 3295 4890 δὲ
3329 4836 3522 4904 ἄλογον
3570 4835 3689 4888 θεὸν
3739 4827 3877 4898 γινώ-

2331 4949 2491 4995 σκεις
2517 4931 2610 4984 καὶ
2641 4931 2840 4998 ἄζωον,
2905 4930 3000 4984 καὶ
3051 4928 3210 4982 αὐτὸν
3243 4925 3559 4998 λατρεύεις,
3618 4923 3757 4978 καθὰ
3800 4916 3876 4972 καὶ

2329 5024 2596 5093 πρότερον
2623 5021 2803 5087 ἔδειξὰ
2835 5038 2938 5074 σοι.
2992 5019 3161 5073 Πάλιν
3221 5017 3346 5070 οὔτε
3401 5018 3690 5087 προςεήτην
3734 5013 3874 5082 ἔχεις.

2330 5111 2456 5164 οὔτε
2529 5109 2849 5164 ἀπόστολον.
2900 5109 3024 5171 Πῶς
3074 5106 3206 5176 γοῦν
3269 5107 3454 5168 καλεῖς
3495 5105 3684 5158 ἑαυτὸν
3741 5098 3874 5154 ἔκλε-

2334 5207 2484 5271 κτὸν,
2523 5206 2694 5272 δεῖξόν
2751 5221 2864 5275 μοι.
2889 5202 3027 5256 Οὔτε
3063 5199 3363 5272 ἱερωσύνην
3417 5198 3725 5267 γινώσκεις,
3771 5190 3874 5245 οὔτε

2329 5298 2490 5369 χάριν
2522 5297 2691 5367 ἔχεις,
2731 5294 2855 5348 οὔτε
2890 5295 3042 5360 ναὸν,
3104 5291 3228 5345 οὔτε
3267 5291 3413 5344 ῐασιν
3457 5289 3636 5359 ψυχῆς
3671 5285 3760 5338 καὶ
3791 5279 3874 5334 σώ-

2336 5407 2525 5461 ματος,
2555 5388 2679 5442 οὗτε
2714 5387 3060 5458 ψαλμῳδίαν,
3112 5383 3238 5436 οὔτε
3275 5382 3442 5452 εὐχάς
3477 5399 3489 5412 ·
3523 5379 3616 5433 καὶ
3667 5379 3716 5431 εἰ
3759 5371 3874 5444 ψεύ-

2330 5483 2512 5552 δομαι,
2555 5479 2730 5544 δεῖξόν
2767 5495 2880 5548 μοι.
2902 5478 3010 5530 Καὶ
3039 5477 3190 5545 ὅμως
3234 5474 3410 5526 ταῦτα
3435 5471 3736 5541 γινώσκων,
3775 5461 3874 5522 πῶς

2331 5572 2561 5626 δύνασαι
2599 5569 2856 5624 ἀπελθεῖν
2891 5569 2974 5631 εἰς
3011 5567 3110 5634 τὴν
3166 5563 3447 5635 βασιλείαν
3493 5560 3601 5614 τῶν
3649 5551 3872 5628 οὐρανῶν

2333 5664 2428 5718 καὶ
2458 5666 2559 5733 τῆς
2588 5663 2810 5734 χάριτος
2853 5658 2949 5714 τοῦ
2983 5656 3153 5724 Θεοῦ;
3187 5655 3405 5710 Τούτων
3459 5653 3677 5708 πάντων
3710 5644 3872 5717 πόῤῥω

2333 5759 2644 5829 τυγχάνεις.
