4146 6498
370 462 502 526 1105

365 664 580 735 μέλλεις
602 663 885 731 εὔξασθαι,
929 665 1058 718 λαϐὲ
1086 666 1610 738 μακρογούργουρον
1670 667 1934 738 κεράμιον

365 755 463 808 σὺν
496 755 673 808 ὕδατι.
697 757 803 806 Kal
825 756 964 825 μετὰ
997 757 1096 821 τῆς
1122 756 1304 819 δεξιᾶς
1339 773 1433 808 σου
1467 756 1652 826 χειρὸς
1685 756 1814 826 βάλε
1844 757 1936 810 τὸν

362 847 622 901 δάκτυλόν
647 864 740 899 σου
775 849 857 910 είς
889 848 992 915 τὴν
1020 847 1290 916 καθέδραν
1319 863 1434 900 σου.
1473 866 1490 898 t
1522 849 1631 899 Kal
1659 851 1800 916 μετὰ
1825 851 1928 920 τῆς

363 942 658 1012 ἀριστερᾶς
680 957 772 992 σου
804 938 986 1009 χειρὸς
1004 937 1133 1008 βάλε
1154 939 1214 991 τὸ
1249 937 1416 1010 ὕδωρ,
1441 935 1561 992 εἶτα
1597 939 1784 993 πλῦνε.
1824 941 1932 992 Kal

366 1033 507 1102 μετὰ
559 1031 654 1084 τοῦ
681 1030 948 1083 δακτύλου
996 1046 1112 1095 σου,
1143 1023 1186 1097 ᾧ
1220 1030 1465 1093 έπλυνας
1522 1029 1624 1101 τὴν
1666 1031 1936 1100 καθέδραν

373 1140 492 1188 σου,
535 1121 704 1174 πλῦνέ
733 1120 853 1190 μετ’
882 1118 1048 1173 αὑτοῦ
1073 1120 1135 1173 τὸ
1171 1121 1345 1190 στόμα
1373 1137 1488 1173 σου.
1518 1118 1652 1174 Εἶτα
1675 1121 1737 1173 τὸ
1769 1121 1937 1191 πρόσ-

362 1215 512 1267 ωπόν
546 1231 663 1280 σου,
696 1215 884 1266 ἔκτοτε
917 1213 1014 1275 τὰς
1043 1211 1138 1265 δύο
1184 1215 1378 1282 χεῖρας
1413 1212 1576 1282 μέχρι
1609 1212 1718 1265 τῶν
1757 1210 1942 1280 ἀγκώ-

362 1323 492 1370 νων,
523 1299 642 1357 εἴτα
678 1304 778 1367 τὰς
806 1302 999 1373 ὀφρῦς,
1033 1303 1126 1356 καὶ
1142 1303 1210 1356 τά
1235 1297 1372 1367 ὦτα,
1396 1305 1493 1356 καὶ
1522 1305 1646 1356 τότε
1686 1304 1815 1367 τοὺς
1844 1304 1942 1356 πό-

360 1399 477 1460 δας.
507 1397 618 1449 Kal
665 1397 714 1448 sl
763 1396 864 1466 μέν
890 1399 1039 1448 ἐστιν
1088 1397 1148 1448 ὲν
1184 1395 1428 1466 ταξιδίῳ,
1452 1395 1687 1463 ὀφείλεις
1718 1395 1942 1450 πλύνειν

362 1484 468 1552 ἔξω
505 1484 610 1538 τῶν
639 1484 1004 1556 ὑποδημάτων
1033 1501 1150 1550 σου,
1191 1485 1278 1538 ἵνα
1310 1485 1385 1555 μὴ
1437 1486 1658 1555 κοπιᾷς,
1695 1479 1815 1537 εἶτα
1845 1490 1942 1538 έκ-

362 1577 581 1631 6άλλειν
612 1576 770 1639 αὑτὰ,
800 1578 895 1630 καὶ
923 1577 1085 1630 πάλιν
1119 1576 1466 1630 ὑποδέεσθαι.
1507 1577 1619 1631 Kal
1647 1578 1740 1631 έὰν
1768 1579 1942 1648 φορῇς

361 1668 695 1722 δακτυλίδιον
716 1669 972 1738 χρυσοῦν,
1003 1668 1202 1721 ἔκϐαλε
1225 1669 1378 1732 αὑτὸ,
1400 1671 1496 1722 καὶ
1539 1669 1728 1722 ἔκτοτε
1753 1668 1938 1735 εὑχου.

367 1758 428 1811 Εἰ
457 1759 512 1810 δὲ
541 1760 637 1828 μὴ,
670 1757 852 1828 εὑχου.
879 1759 987 1810 Καὶ
1006 1758 1100 1810 ἐὰν
1130 1761 1318 1828 φορεῖς
1346 1757 1511 1826 γοῦνα
1527 1759 1631 1811 ὑπὸ
1660 1758 1934 1830 δέρματος

366 1851 675 1916 κατουδίου,
711 1856 784 1921 μὴ
815 1850 1003 1920 εὔχου,
1036 1852 1165 1922 πρὶν
1193 1850 1431 1920 ἐκϐάλῃς
1461 1851 1651 1920 αὑτήν.
1689 1851 1800 1903 Kal
1835 1850 1936 1904 ἐὰν

1542 463 2020 525 CONFUTATIO
2052 467 2414 528 AGARENI.

430 575 541 628 Kal
567 574 600 644 ἠ
628 571 881 644 κήρυξις,
917 573 982 644 ἤν
1006 589 1065 626 σε
1097 571 1410 644 ἐκήρυξενό
1438 575 1770 646 Μουχάμετ·
1803 576 1936 629 ’Ὀτε
1964 587 2013 643 Α

3476 467 3612 535 1406

2112 578 2235 632 Ilaec
2255 586 2339 633 est
2361 592 2492 633 vero
2525 577 2768 632 doctrina
2794 591 2956 647 quam
2982 580 3342 650 promulgavit
3366 581 3613 638 Muham-

2037 670 2180 732 med,
2219 685 2430 738 nempe,
2459 685 2579 723 cum
2617 670 2868 738 precibus
2926 672 3154 724 orationi
3195 681 3483 728 vacaturus
3525 691 3609 742 es,

2039 762 2222 830 accipe
2263 762 2634 831 gurgulionem
2673 777 2767 815 seu
2799 777 2894 816 vas
2923 763 3105 829 lietile,
3163 764 3456 832 ohlengnm
3509 766 3611 820 ha-

2037 855 2170 904 bens
2199 851 2393 904 collum
2419 852 2470 904 in
2507 868 2614 918 quo
2662 867 2802 920 aqua
2855 852 3219 918 contineatur,
3264 871 3282 904 t
3333 853 3398 907 Et
3453 870 3615 908 manu

2041 941 2234 994 dextra
2270 941 2336 994 ad
2374 957 2532 994 anum
2561 952 2612 996 et
2648 942 2891 1010 podicem
2916 943 3130 995 admota
3183 944 3404 998 sinistra
3452 960 3616 1013 quam

2039 1032 2228 1100 iniice,
2258 1042 2311 1086 et
2342 1031 2749 1086 fundamentum
2788 1032 2928 1086 lava.
2961 1031 3024 1086 Et
3053 1034 3221 1103 digito
3265 1049 3370 1104 quo
3429 1033 3618 1088 funda-

2041 1134 2280 1176 mentum
2335 1121 2602 1176 lavaveris
2634 1131 2689 1176 et
2713 1123 3052 1192 purgaveris,
3081 1125 3268 1176 eodem
3332 1125 3447 1192 ipso
3499 1124 3616 1178 lava

2038 1230 2101 1270 os
2130 1222 2303 1268 tuum.
2335 1214 2526 1268 Postea
2561 1214 2676 1267 lava
2723 1214 2935 1279 faciem,
2979 1225 3032 1268 et
3062 1231 3253 1270 manus
3297 1216 3487 1272 ambas
3547 1216 3615 1269 ad

2040 1307 2253 1361 cubitus
2283 1321 2473 1376 usque,
2507 1307 2739 1376 denique
2789 1307 2904 1360 lava
2965 1307 3254 1376 supercilia
3313 1317 3368 1363 et
3431 1323 3614 1374 aures,

2042 1406 2317 1465 postremo
2357 1397 2520 1465 pedes
2547 1400 2710 1467 ipsos.
2753 1399 2807 1453 Si
2833 1415 2962 1454 vero
3013 1400 3088 1454 sis
3119 1400 3174 1453 in
3207 1400 3479 1469 praesidio,
3523 1403 3617 1455 de-

2041 1489 2138 1541 bes
2191 1499 2346 1541 extra
2413 1489 2627 1543 calceos
2662 1492 2866 1556 lavare,
2894 1506 2960 1545 ne
2995 1491 3096 1545 hoc
3161 1492 3255 1545 tibi
3309 1492 3614 1547 molestiam

2043 1587 2211 1643 creet,
2253 1578 2448 1633 deinde
2483 1579 2605 1634 illos
2631 1591 2882 1636 excutere
2919 1591 2972 1636 et
3010 1583 3202 1636 iterum
3241 1583 3490 1639 induere.
3550 1583 3616 1638 Et

2042 1672 2086 1723 si
2119 1680 2297 1738 gestes
2333 1672 2590 1724 annulum
2619 1687 2863 1736 aureum,
2894 1689 3109 1728 remove
3139 1675 3318 1739 illiilli,
3347 1685 3401 1730 et
3449 1685 3610 1745 post-

2042 1775 2104 1814 ea
2144 1776 2270 1814 vaca
2301 1761 2551 1815 orationi.
2609 1761 2666 1815 Si
2688 1778 2818 1816 vero
2848 1763 3046 1818 annulo
3083 1780 3296 1829 careas,
3329 1775 3480 1835 potes
3511 1775 3618 1820 sta-

2049 1851 2142 1904 tim
2171 1867 2352 1905 orare.
2393 1852 2457 1906 Et
2498 1853 2541 1905 si
2590 1862 2765 1907 tecum
2820 1863 2998 1922 gestes
3031 1868 3233 1910 veSIem
3263 1871 3327 1910 ex
3352 1857 3486 1926 pelle
3507 1857 3616 1912 cati

369 1944 500 2015 πίνῃ
528 1946 555 1996 ὁ
580 1943 1002 2012 Μουσουλμανὸς
1042 1939 1186 1995 οἶνον
1235 1943 1364 2012 ὃλην
1414 1942 1513 2011 τὴν
1567 1943 1804 2014 ἡμέραν,
1847 1942 1943 1995 καὶ

2051 1957 2142 1996 seu
2179 1941 2298 1997 felis
2332 1954 2639 2010 consutam,
2673 1958 2737 1997 ne
2766 1961 2952 2013 preces
2983 1945 3175 2000 fundas
3219 1948 3531 2016 priusquam
3560 1949 3620 2002 il-

366 2035 496 2105 θέλῃ
528 2034 812 2098 εὔξασθαι,
839 2033 1131 2098 άτενιξέτω
1161 2037 1241 2096 εἰς
1272 2035 1332 2087 τὸ
1368 2035 1583 2103 ἱμάτιον
1614 2033 1803 2088 αὑτοῦ.
1830 2035 1940 2088 Kal

365 2125 459 2176 ἐάν
490 2125 714 2189 ἔσταξεν
755 2127 835 2187 εἰς
889 2125 1021 2178 αὑτὸ
1047 2125 1153 2178 ἀπὸ
1179 2125 1272 2177 τοῦ
1303 2125 1469 2186 οἴνου,
1504 2125 1752 2179 πλυνέτω
1801 2127 1940 2196 μετὰ

365 2216 672 2268 σωπουνίου
704 2217 799 2268 καὶ
831 2215 1047 2281 ὓδατος,
1099 2215 1195 2269 καὶ
1252 2215 1373 2268 τότε
1407 2217 1670 2285 εὐχέσθω.
1711 2235 1729 2266 ›
1771 2217 1944 2285 Κάγὼ

363 2309 511 2378 λέγω
544 2327 651 2374 σοι,
691 2309 826 2362 υὺαὶ
871 2309 972 2379 τῆς
1010 2308 1350 2378 ἀφροσύνης,
1397 2309 1481 2362 ὅτι
1534 2311 1562 2362 ὁ
1593 2309 1748 2374 πίθος
1783 2311 1944 2380 γέμει

363 2403 530 2468 οἴνου,
563 2403 659 2454 καὶ
698 2400 899 2464 ἔξωθεν
932 2397 1213 2452 πλύνεται.

2050 2033 2152 2084 lant
2186 2035 2506 2087 removeris.
2529 2033 2656 2088 Etsi
2692 2033 3098 2089 Musulmannus
3142 2045 3252 2090 toto
3288 2039 3374 2091 die
3415 2053 3473 2092 se
3499 2039 3620 2091 vino

2042 2126 2473 2193 ingurgitaverit,
2499 2137 2553 2179 et
2575 2126 2803 2180 voluerit
2824 2135 3006 2180 tamen
3029 2143 3209 2192 orare,
3257 2139 3462 2183 attente
3491 2145 3622 2184 con-

2042 2216 2240 2268 sideret
2293 2226 2496 2268 vestem
2552 2229 2724 2280 suam,
2772 2225 2826 2269 et
2874 2215 2919 2268 si
2964 2216 3108 2269 illam
3171 2217 3624 2273 animadverterit

2042 2307 2154 2360 vini
2186 2307 2349 2375 guttis
2375 2306 2697 2375 quibusdam
2735 2307 3079 2374 maculatam,
3114 2308 3302 2362 statim
3338 2307 3488 2361 illam
3534 2324 3624 2362 sa-

2047 2411 2185 2463 pone
2213 2404 2266 2448 et
2297 2411 2432 2463 aqua
2470 2404 2685 2465 purget,
2716 2405 2770 2450 ct
2801 2409 2986 2465 postea
3021 2397 3572 2453 incumbatoratiuni.
3597 2416 3618 2448 ι

367 2495 478 2562 Ego
518 2509 645 2548 vero
689 2508 918 2562 regere:
957 2489 1074 2546 Vah
1127 2491 1454 2561 ineptiarum
1504 2498 1560 2546 et
1603 2489 1977 2546 stttltiliarum.
2017 2486 2152 2540 Nam
2201 2488 2306 2542 hoc
2339 2495 2423 2543 est
2484 2487 2686 2542 dolium
2739 2489 2979 2543 exterius
3046 2503 3287 2559 purgare
3335 2498 3388 2543 et
3443 2487 3628 2543 lavare

364 2587 505 2654 quod
533 2587 678 2639 intus
701 2587 824 2638 vino
843 2586 1061 2652 plenqu
1085 2595 1191 2638 est.

437 2676 624 2740 Οὕτως
648 2677 744 2730 καὶ
777 2679 841 2730 σὺ
895 2677 992 2744 τῆς
1026 2677 1238 2740 κοιλίας
1299 2693 1396 2729 σου
1429 2676 1712 2749 γεμούσης
1763 2676 1942 2740 οἴνου,

367 2771 461 2822 καὶ
498 2770 598 2822 οὑκ
621 2769 910 2838 ὲμιάνθης,
941 2768 1036 2821 καὶ
1067 2767 1162 2820 τοῦ
1197 2769 1416 2838 ἱματίου
1450 2786 1542 2821 σου
1577 2769 1942 2838 σταλαγμοῖς,

364 2861 652 2931 ὲμιάνθης.
680 2863 792 2914 Kal
841 2857 994 2924 αὖθις
1039 2860 1266 2914 ἀνάθετε
1318 2862 1449 2931 εὐχῇ
1491 2864 1556 2932 τῇ
1616 2861 1943 2931 μιαινομένῃ

363 2953 475 3006 άπὸ
499 2951 701 3022 χρυσοῦ
746 2950 1110 3014 δακτυλιδίου,
1148 2950 1241 3003 καὶ
1297 2950 1790 3020 δερμακατουδίου,
1849 2950 1946 3002 καὶ

363 3043 616 3111 ἀνάθεμα
663 3040 986 3112 παραδείσῳ
1056 3041 1393 3111 μιαινομένῳ
1445 3041 1552 3093 ἀπὸ
1603 3042 1787 3111 χοίρου
1847 3044 1946 3095 καὶ

364 3137 532 3188 οἴνου.
580 3132 745 3196 Τέλος
786 3132 1004 3185 πάντων
1039 3134 1073 3200 ὴ
1136 3132 1456 3184 διδασκαλία
1495 3130 1591 3184 τοῦ
1643 3133 1948 3203 Μουχάμετ

368 3241 462 3277 σου
489 3223 865 3294 παραγγέλλει
897 3240 977 3276 σοι
996 3239 1010 3253 ⁸
1039 3241 1058 3275 t
1088 3223 1151 3275 El
1176 3222 1276 3292 μὲν
1315 3222 1580 3292 ὑπάρχεις
1611 3223 1777 3289 ἐγγὺς
1809 3239 1950 3292 μασ-

365 3319 564 3387 γιδίου,
611 3317 795 3370 λαϐὼν
833 3315 1151 3387 μανδήλιον,
1209 3315 1306 3369 καὶ
1334 3315 1588 3368 ἆπλωσον
1628 3315 1941 3386 ἔμπροσθέν

369 3425 464 3461 σου
489 3410 771 3478 ἐχόμενος,
807 3406 894 3458 ἵνα
920 3406 994 3476 μὴ
1029 3403 1232 3476 μιανθῇ
1278 3405 1338 3458 τὸ
1372 3405 1664 3474 πρόσωπόν
1709 3422 1804 3458 σου
1840 3407 1949 3459 ἀπὸ

369 3499 468 3553 τοῦ
509 3500 672 3570 χροὸς
711 3499 805 3552 τοὺ
856 3497 1172 3568 μασγιδίου.
1214 3498 1278 3550 Εἰ
1333 3496 1391 3549 δὲ
1414 3497 1710 3567 τυγχάνεις
1749 3496 1950 3562 ἔξωθεν

372 3593 662 3663 μασγιδίου
686 3631 701 3656 ,
734 3591 830 3644 καὶ
855 3591 954 3643 οὑκ
983 3589 1128 3660 ἔχεις
1164 3589 1474 3661 μανδήλιον,
1496 3589 1696 3642 ἔκϐαλε
1717 3589 1778 3642 τὸ
1811 3592 1953 3643 ἄνω-

370 3681 463 3736 θέν
489 3698 583 3735 σου
617 3681 857 3750 ἱμάτιον,
882 3681 978 3734 καὶ
1012 3680 1265 3733 ἂπλωσον
1290 3678 1604 3749 ἔμπροσθέν
1632 3695 1748 3732 σου.
1771 3675 1950 3748 Εὑχου

366 3774 576 3831 ἄνωθεν
607 3773 796 3837 αὑτοῦ,
823 3775 919 3827 καὶ
942 3773 1086 3825 ἔστω
1115 3773 1149 3843 ἡ
1177 3772 1310 3841 εὐχή
1350 3788 1442 3823 σου
1479 3770 1653 3834 οὑτως
1671 3771 1796 3834 ’Τίς
1819 3771 1951 3833 Θεὸς

370 3870 570 3940 μέγας,
607 3869 682 3932 ὡς
703 3869 730 3919 ὸ
759 3867 892 3929 Θεὸς
922 3865 1112 3936 ἡμῶνς
1163 3866 1258 3917 καὶ
1284 3903 1299 3930 ,
1332 3865 1433 3917 οὑκ
1461 3864 1609 3917 ἔστιν
1637 3864 1769 3927 Θεὸς
1810 3864 1950 3933 πλὴν

370 3959 496 4024 σοῦ,
530 3959 626 4012 καὶ
655 3960 957 4027 Μουχὲμετ
1009 3957 1312 4019 ἀπόστολος
1365 3956 1524 4012 Θεοῦ.
1569 3956 1764 4026 Ἀμήν.
1816 3951 1952 4010 Εἶτα

368 4050 580 4120 βαίνεις
610 4048 964 4116 γονυκλιοίας
985 4048 1133 4116 τρεῖς
1162 4044 1336 4112 λέγων
1361 4044 1564 4109 οὕτως’
1583 4045 1952 4115 Εὑχαριστοῦ-

371 4140 474 4210 μέν
514 4157 599 4204 σε,
627 4142 760 4202 Θεὸς
789 4139 884 4191 καὶ
918 4137 1096 4210 Κύριε
1130 4138 1237 4192 τῶν
1265 4138 1546 4201 ἁπάντων,
1584 4139 1617 4207 ἡ
1639 4137 1733 4190 τοῦ
1767 4138 1951 4201 ἐλέους

367 4233 628 4295 ἄϐυσσος,
685 4232 714 4282 ὁ
767 4233 825 4284 ἐν
859 4233 927 4302 τῇ
982 4229 1256 4300 μελλούσῃ
1310 4229 1498 4301 ἡμέρᾳ
1543 4230 1950 4301 ἀδωροδόκητος

367 4326 588 4395 κριτὴς,
621 4325 715 4376 καὶ
748 4323 1023 4392 βασιλεὺς,
1078 4322 1304 4392 χάρισαι
1335 4324 1465 4391 ἡμῖν
1521 4321 1676 4384 ὁδοὺς
1707 4323 1948 4385 εὐθείας,

365 4419 427 4470 ἐν
462 4411 549 4478 αἷς
576 4416 838 4485 ἐδωρήσω
861 4417 974 4477 τοῖς
992 4414 1171 4481 ἁγίοις
1201 4431 1294 4465 σου
1331 4413 1669 4483 πορευθῆναι
1685 4415 1784 4484 οὑχ
1805 4413 1879 4477 ὡς
1899 4415 1948 4467 οε

365 4511 702 4580 ὠργισμένοι
716 4507 1159 4579 έπορεύ[θη]σαν,
1173 4506 1253 4559 ἔτι
1272 4505 1328 4558 δὲ
1347 4506 1504 4558 καὶοὶ
1524 4508 1944 4577 πεπλανημένοι.

379 4602 580 4671 Ἀμήν.
613 4601 724 4652 Kal
754 4598 896 4652 ποίει
930 4599 1079 4669 τρεῖς
1114 4597 1470 4665 γονυκλισίας
1499 4597 1829 4667 καθήμενος,
1852 4599 1948 4651 καὶ

2126 2672 2219 2730 Sic
2249 2674 2536 2730 abdomine
2586 2683 2678 2729 tuo
2734 2682 2959 2729 onerato
2990 2683 3066 2749 _et
3127 2674 3288 2744 pleno
3341 2674 3466 2730 vino
3519 2689 3626 2730 non

2051 2769 2464 2831 contaminaris,
2495 2768 2660 2836 guttis
2693 2783 2821 2821 vero
2849 2767 3048 2836 quibus
3075 2768 3313 2821 inﬁcitur
3339 2768 3629 2823 veStimen-

2054 2871 2163 2913 tmn
2191 2868 2336 2913 tuum
2366 2875 2424 2914 es
2445 2875 2666 2927 prorsus
2695 2859 3032 2928 inquinatus.
3062 2859 3130 2913 Et
3173 2874 3362 2913 rursus
3401 2859 3627 2914 anathe-

2053 2964 2196 3006 mate
2233 2953 2433 3006 notatis
2459 2963 2508 3006 et
2544 2951 2934 3021 prosequimini
2983 2967 3172 3020 preces
3232 2953 3630 3006 contaminatas

2055 3043 2358 3112 gestatione
2385 3041 2589 3107 atmuli,
2619 3050 2673 3094 et
2703 3042 2854 3111 pellis
2897 3041 3035 3106 felis,
3071 3050 3126 3095 et
3167 3041 3484 3110 paradisum
3546 3040 3629 3109 ip-

2054 3148 2172 3187 sum
2231 3133 2355 3186 vino
2414 3142 2468 3186 ει
2531 3149 2697 3188 carne
2758 3133 2912 3187 suilla
2997 3134 3452 3186 contaminatum.
3520 3131 3628 3186 Do-

2057 3222 2228 3276 ctrina
2252 3237 2379 3276 vero
2400 3221 2787 3277 Muhammedis
2809 3224 2920 3277 lucc
2939 3230 3192 3291 tanquam
3216 3222 3372 3275 linem
3398 3231 3452 3274 et
3477 3235 3630 3275 sum-

2059 3333 2199 3371 mam
2237 3333 2453 3371 suornm
2479 3318 2788 3386 dogmatum
2825 3325 3002 3386 urget,
3039 3327 3094 3369 ut
3127 3315 3460 3368 nimiruth
3491 3313 3629 3369 Cum

2051 3412 2278 3464 accedes
2300 3411 2362 3464 ad
2393 3410 3031 3473 mosclueam,sudarium
3077 3423 3170 3463 seu
3199 3408 3419 3462 mantile
3441 3417 3632 3462 exten-

2052 3504 2148 3556 das
2186 3517 2369 3555 coram
2401 3511 2475 3569 te,
2519 3518 2586 3556 ne
2616 3517 2644 3555 a
2673 3502 2856 3556 colore
2878 3501 2962 3555 vel
2993 3511 3136 3553 terra
3171 3500 3453 3553 tnoschaea:
3507 3499 3632 3552 inli-

2052 3593 2229 3647 ciatur
2250 3603 2303 3644 et
2332 3592 2653 3661 inquinetur
2683 3591 2863 3644 vultus
2899 3601 3044 3644 tuus.
3082 3588 3137 3643 Si
3176 3603 3303 3642 vero
3351 3603 3412 3642 es
3469 3598 3628 3643 extra

2059 3682 2408 3744 moscbazam,
2438 3691 2493 3734 et
2523 3696 2629 3734 non
2654 3679 2819 3734 babes
2842 3680 3138 3744 sudarium,
3163 3693 3300 3733 exue
3327 3689 3381 3733 ει
3400 3679 3630 3732 extende

2055 3775 2388 3844 superiorem
2416 3783 2618 3827 vestem
2648 3781 2816 3836 tuatn,
2845 3782 2900 3825 et
2950 3786 3113 3840 super
3162 3771 3250 3824 illa
3317 3770 3626 3824 orationem

2057 3877 2205 3921 tuam
2237 3865 2422 3930 funde,
2446 3875 2501 3919 et
2539 3865 2662 3918 talis
2684 3863 2758 3918 sit
2783 3863 2959 3917 oratio
2998 3873 3085 3916 tua
3123 3877 3138 3915 :
3173 3862 3305 3928 Quis
3337 3861 3482 3916 Deus
3516 3875 3631 3913 Ina-

2052 3974 2189 4031 gnus
2218 3959 2358 4012 sicut
2400 3955 2542 4009 Deus
2572 3965 2784 4019 noster,
2809 3963 2864 4008 ει
2893 3969 2998 4007 non
3035 3963 3119 4007 est
3170 3952 3312 4006 Deus
3351 3953 3451 4006 nisi
3487 3950 3629 4006 Deus

2053 4061 2264 4114 noster,
2291 4057 2350 4104 et
2377 4047 2714 4102 Multatntned
2740 4047 3016 4113 apostolus
3045 4045 3159 4100 Dei.
3191 4044 3385 4098 Amen.
3423 4045 3628 4098 Deinde

2052 4157 2248 4214 perges
2274 4149 2327 4195 et
2361 4149 2441 4194 ter
2463 4154 2635 4210 genua
2660 4136 2842 4192 ﬂectes
2859 4137 3064 4200 dicens,
3099 4136 3469 4190 benedicimus
3503 4135 3626 4198 tibi,

2050 4251 2083 4290 ο
2115 4235 2278 4298 Deus,
2326 4233 2415 4301 qui
2455 4246 2516 4286 cs
2545 4229 2806 4284 DOIItiIIUS
2832 4238 2887 4283 ει
2917 4243 3098 4282 rerum
3129 4226 3368 4282 omnium
3401 4224 3623 4290 arbiter,

2052 4327 2142 4397 qui
2173 4337 2229 4380 et
2259 4323 2648 4378 misericordia:
2673 4323 2918 4392 abyssus,
2953 4329 3007 4374 et
3040 4319 3130 4389 qui
3189 4319 3383 4373 ultimo
3415 4320 3503 4374 die
3533 4335 3626 4373 se-

2052 4418 2382 4484 debisjudex
2406 4414 2566 4469 nullis
2589 4415 2745 4468 donis
2776 4422 2832 4467 et
2859 4413 3172 4466 muneribus
3211 4411 3623 4480 corruptibilis;

2049 4525 2082 4564 o
2119 4506 2255 4570 Rex,
2287 4507 2521 4560 concede
2549 4505 2704 4558 nobis
2738 4505 2854 4558 vias
2885 4511 3080 4568 rectas,
3116 4517 3249 4571 quas
3309 4502 3626 4556 concessisti

2051 4597 2274 4660 sanctis,
2309 4596 2444 4649 utin
2478 4594 2584 4647 illis
2616 4595 2950 4657 incedamus,
3004 4609 3110 4646 non
3169 4607 3296 4646 vero
3347 4592 3492 4647 sicut
3548 4592 3624 4646 illi

364 4692 610 4754 ἀναστάς
658 4692 806 4760 λέγε·
841 4691 937 4753 Τίς
970 4689 1104 4752 Θεὸς
1151 4689 1346 4760 μέγας,
1392 4689 1469 4750 ὡς
1527 4689 1555 4739 ὁ
1585 4688 1717 4750 Θεὸς
1745 4688 1944 4757 ήμῶν;

2052 4691 2142 4759 qui
2176 4690 2254 4743 ira
2279 4697 2334 4742 et
2371 4701 2558 4741 errore
2597 4701 2628 4740 a
2679 4685 2766 4740 via
2837 4693 2983 4739 recta
3044 4684 3397 4739 deﬂexerunt.
3430 4684 3622 4737 Amen.

364 4784 520 4854 τρίςο
549 4783 714 4836 πάλιν
761 4782 818 4834 δε
877 4781 1149 4852 καθήσας,
1194 4781 1290 4832 καὶ
1338 4780 1642 4850 μεγάλυνον
1676 4779 1769 4832 τὸν
1812 4780 1944 4832 Θεὸν

365 4874 491 4945 τρίς
519 4890 533 4904 ·
561 4869 681 4926 εἶτα
716 4869 992 4942 χαιρέτιζε
1015 4873 1080 4923 ἐκ
1108 4870 1203 4923 τοῦ
1249 4868 1426 4933 δεξιοῦ
1473 4871 1695 4941 μέρους,
1750 4870 1944 4937 λέγων’

367 4969 582 5038 Εἰρήνη
609 4969 760 5036 ἡμῖν.
798 4967 908 5017 Kal
933 4963 994 5029 ἐξ
1024 4963 1340 5034 εὐωνύμων
1372 4962 1534 5017 πάλιν
1563 4963 1625 5014 τὸ
1655 4963 1808 5028 αὐτὸ,
1843 4964 1948 5017 Σὺν

365 5059 628 5128 ὲλεήμονι
657 5054 796 5125 Θεῷ.
833 5054 943 5108 Kal
963 5054 1187 5108 ἀπέλυε.
1232 5072 1252 5105 ›
1283 5051 1436 5123 Αὕτη
1461 5052 1680 5115 πάντως
1734 5054 1769 5124 ἡ
1802 5055 1938 5125 εὐχή

369 5167 489 5216 σου,
521 5150 616 5203 καὶ
642 5153 674 5219 ή
705 5147 1025 5201 διδασκαλία
1064 5163 1183 5213 σου,
1219 5147 1313 5200 καὶ
1364 5147 1398 5218 ἡ
1452 5147 1608 5217 παρὰ
1643 5146 1948 5217 Μουχάμετ

366 5261 464 5298 σου
499 5243 681 5312 σοφία.
712 5241 880 5295 Πλέον
903 5240 959 5292 δὲ
988 5239 1181 5293 τούτου
1204 5240 1304 5292 οὑκ
1329 5238 1474 5310 ἔχεις
1499 5242 1559 5292 τὸ
1579 5238 1806 5292 οἱονοῦν.

2051 4784 2118 4836 Et
2146 4781 2310 4836 facies
2343 4790 2454 4834 tres
2492 4776 2896 4848 genuﬂexiones
2921 4775 3136 4842 sedens,
3171 4775 3364 4830 deinde
3401 4789 3626 4843 surgens

2050 4874 2136 4928 die
2167 4883 2269 4927 ter.
2297 4873 2428 4937 Quis
2459 4871 2600 4925 Deus
2628 4885 2851 4938 magnus
2879 4869 3021 4921 sicut
3047 4869 3184 4922 Deus
3208 4877 3390 4922 noster
3422 4884 3437 4920 :
3469 4865 3624 4920 Post-

2055 4981 2118 5020 ea
2188 4967 2382 5020 sedens
2446 4965 2614 5017 Deutn
2682 4970 2764 5015 ter
2797 4960 3100 5015 celebrabis
3129 4969 3184 5014 et
3234 4956 3624 5026 tnagnilicabis,

2056 5058 2249 5113 deinde
2280 5056 2542 5111 salutabis
2573 5055 2640 5110 ad
2669 5055 2920 5108 dextrum
2961 5051 3103 5105 latus
3131 5051 3354 5106 dicens:
3383 5047 3497 5102 Pax
3530 5061 3627 5100 no-

2054 5150 2264 5205 biscum
2289 5165 2305 5214 ;
2332 5149 2524 5202 deinde
2553 5146 2620 5200 ad
2653 5146 2930 5201 sinistrum
2961 5143 3148 5198 eadem
3177 5143 3344 5198 verba
3359 5149 3626 5209 repetens,

2053 5241 2250 5309 quibus
2287 5239 2452 5293 addes
2490 5254 2505 5292 :
2540 5237 2674 5292 Cum
2705 5235 2818 5289 Deo
2849 5233 3221 5288 misericorde.
3265 5233 3474 5300 Quibus
3505 5246 3628 5300 per-

366 5341 511 5396 actis
555 5337 824 5391 discedas.
855 5351 875 5384 ›
911 5331 1036 5386 lla:c
1099 5341 1184 5386 est
1242 5343 1350 5385 tota
1395 5343 1480 5385 tua
1540 5333 1725 5386 orandi
1764 5333 1923 5396 ratio,
1967 5342 2074 5388 tota
2110 5343 2199 5390 tua
2235 5333 2540 5404 disciplina,
2597 5341 2708 5387 tota
2745 5344 2908 5401 quam
2937 5342 2968 5381 a
2998 5325 3374 5382 Multammede
3400 5319 3627 5380 hausisti

369 5434 634 5501 sapientia
687 5437 743 5482 et
796 5435 987 5494 praeter
1016 5424 1144 5478 illud
1170 5424 1299 5478 nihil
1325 5425 1621 5493 quidquam
1649 5426 1791 5479 aliud
1817 5424 2062 5494 proferre
2087 5437 2262 5497 potes.

437 5524 608 5593 Κάγὼ
641 5523 698 5576 δέ
722 5537 807 5573 σοι
833 5519 986 5590 φέρω
1017 5518 1322 5590 μάρτυρας,
1376 5521 1460 5572 ὃτι
1493 5521 1601 5591 πρὸ
1642 5522 1862 5574 πάντων
1897 5523 1946 5574 οἱ

373 5618 652 5692 ’Λρῤαϐες
685 5615 754 5668 τά
786 5615 1008 5685 ῥήματα
1043 5612 1218 5664 ταῦτα
1245 5608 1388 5682 εἶχον
1416 5613 1511 5665 καὶ
1544 5613 1612 5667 τά
1643 5614 1951 5684 γράμματα

371 5714 470 5766 σὺν
498 5709 575 5779 τῷ
607 5705 886 5775 έλεημένῳ
917 5703 1008 5755 καὶ
1035 5702 1298 5764 έλεοῦντι,
1336 5701 1372 5754 ἂ
1419 5702 1476 5754 δὲ
1528 5704 1952 5774 Μουσουλμανοὶ

370 5805 469 5861 καὶ
498 5798 883 5872 γραμματικοὶ
910 5794 1184 5858 κελεύετε,
1215 5794 1309 5847 τὸν
1361 5794 1530 5865 ὑμνον
1586 5796 1800 5860 τοῦτον,
1856 5797 1952 5851 καὶ

370 5899 471 5968 τὴν
500 5891 839 5965 culpast”,
891 5890 987 5943 ml
1026 5887 1123 5957 τὸ,
1156 5887 1252 5952 Τίς
1298 5887 1432 5952 Θεὸς
1483 5889 1698 5960 μέγας;
1749 5890 1950 5962 μᾶλλον

2124 5524 2238 5594 Ego
2268 5537 2396 5577 vero
2431 5529 2594 5577 testes
2616 5520 2710 5575 tibi
2731 5519 3018 5590 suppedito
3041 5518 3238 5588 quibus
3260 5524 3476 5572 constat
3509 5516 3612 5573 ista

2053 5615 2236 5668 omnia
2278 5623 2335 5667 et
2371 5614 2518 5669 dicta
2551 5622 2604 5668 et
2627 5613 2830 5682 scripta
2869 5611 3170 5666 obtinuisse
3227 5611 3372 5678 apud
3415 5610 3628 5664 Arabas

2053 5715 2181 5760 ante
2214 5703 2666 5766 Muhatumedern,
2698 5703 2808 5758 imo
2834 5701 2993 5757 verba
3014 5701 3114 5756 ista
3142 5701 3306 5756 :Cutn
3327 5699 3439 5755 Deo
3467 5701 3630 5756 mise-

2053 5805 2240 5851 ratore
2287 5805 2343 5851 et
2373 5795 2746 5860 misericorde,
2781 5808 2901 5864 quae
2930 5807 3025 5848 vos
3071 5790 3432 5847 Musultnanni
3487 5790 3629 5847 libro

2055 5898 2234 5947 vestro
2259 5888 2462 5959 scripto
2485 5886 2823 5944 adhaerentes
2845 5883 3032 5942 soletis
3053 5881 3247 5941 vestris
3268 5883 3628 5942 sectatoribus
