4146 6432
654 418 794 484 1407

1785 416 2354 479 BARTHOLOM/EI
2394 416 2765 480 EDESSENI

3769 419 3884 483 1408

651 538 928 594 inculcare
955 547 1009 593 et
1038 537 1332 605 imperare,
1367 546 1423 590 et
1457 536 1618 592 istum
1660 535 1942 606 hymnum,
1999 547 2054 590 et
2079 535 2235 589 istam
2267 539 2288 595 λ

2267 539 2315 596 Δ,
2341 534 2398 586 δὲ
2433 535 2528 588 καὶ
2558 536 2948 608 ἀστρονομίαν,
2983 538 3076 591 καὶ
3117 536 3498 608 ψηφηφορίαν,
3551 535 3646 591 καὶ
3674 537 3883 607 στίχους,

651 631 1028 700 psalmodiam,
1057 638 1113 682 et
1137 629 1242 683 ista
1284 630 1447 682 verba
1479 643 1493 679 :
1527 626 1659 693 Quis
1690 636 1774 682 est
1811 627 1952 682 Deus
1978 642 2234 695 magnus,

650 731 784 783 etc.,
807 721 916 775 imo
948 733 1001 772 et
1021 719 1429 781 astronomiam,
1459 725 1513 770 et
1535 716 1767 786 phaseos
1785 733 1877 771 seu
1911 719 2236 784 positionqu

655 813 795 866 lunae
824 812 1079 874 calculos,
1105 821 1161 865 et
1209 809 1584 880 epilogismos,
1613 818 1669 864 et
1712 811 1846 865 artis
1887 810 2108 863 medicze
2147 825 2239 864 sa-

653 904 935 973 pientiam,
959 915 1012 956 et
1043 917 1259 966 versus,
1293 911 1346 955 et
1393 901 1618 965 scholia,
1655 916 1750 955 seu
1805 901 2236 966 ObseI'Vﬂliﬂllt'S,

657 997 759 1050 ista
787 998 966 1049 omnia
1003 994 1356 1048 excoluerunt
1396 991 1603 1046 Arabes
1647 991 1830 1045 multis
1893 993 2051 1044 annis
2087 1004 2240 1044 ante-

657 1102 820 1156 quam
861 1083 1202 1138 Mubammed
1233 1083 1494 1136 oriretur.
1527 1079 1715 1134 Omnis
1750 1095 1878 1134 vero
1919 1096 1947 1132 ει
2002 1079 2241 1132 Multam-

655 1180 813 1232 mede
844 1177 1152 1246 excogitata
1181 1175 1470 1243 sapientia,
1501 1183 1554 1228 et
1578 1173 1892 1243 praedicatio
1939 1173 1990 1226 in
2015 1188 2080 1226 eo
2112 1189 2240 1226 con-

653 1271 1197 1338 sistitutpruferatur
1218 1287 1230 1322 :
1255 1267 1597 1320 Muhammcd
1620 1276 1704 1319 est
1730 1263 2114 1334 apostolusllei
2137 1283 2150 1330 ;
2183 1275 2237 1318 tu

659 1378 766 1416 non
822 1374 974 1431 potes
1033 1377 1117 1415 mc
1171 1360 1442 1414 mendacii
1512 1355 1905 1427 arguere.lloc
1965 1357 2113 1412 disce
2171 1357 2240 1412 ab

655 1457 885 1525 ipsumet
914 1454 1312 1508 Muhammedc.
1350 1470 1368 1502 ε
1401 1451 1456 1504 Si
1486 1452 1628 1520 quis,
1658 1450 1856 1518 inquit,
1883 1453 1984 1504 hoc
2009 1449 2166 1502 faciat
2187 1457 2240 1502 ct

653 1550 1001 1609 conﬁteatur,
1039 1548 1249 1599 t‘uturus
1275 1556 1358 1599 cst
1410 1545 1648 1614 paradisi
1705 1542 1906 1607 incola,
1929 1550 1983 1597 et
2029 1542 2072 1596 si
2117 1543 2240 1612 quis

653 1657 794 1710 aqua
829 1657 933 1695 non
966 1656 1025 1694 se
1049 1639 1444 1709 puriﬁcaverii,
1495 1652 1598 1690 non
1626 1637 1786 1690 debet
1816 1652 1880 1690 eo
1919 1637 2239 1690 temeritatis

654 1734 910 1788 devenire
935 1743 994 1785 nt
1025 1748 1184 1785 orare
1252 1744 1490 1799 unquam
1521 1727 1736 1790 audeat,
1779 1737 1831 1781 et
1875 1727 1920 1782 si
1960 1731 2082 1797 quis
2112 1745 2242 1780 con-

657 1825 972 1882 trectaverit
1010 1837 1065 1878 ct
1104 1825 1339 1890 tetigerit
1380 1835 1602 1874 uxorein
1660 1834 1836 1884 suam,
1873 1836 1976 1873 non
2031 1832 2237 1875 tantum

2345 627 2440 678 aut
2471 626 2683 695 σχόλια,
2709 629 2804 680 καὶ
2837 628 3213 699 ίατροσοφίαν,
3251 626 3426 680 ταῦτα
3451 627 3636 680 πάντα
3670 626 3769 694 πρὸ
3809 625 3886 678 τοῦ

2342 717 2644 788 Μουχάμετ
2668 718 2882 788 φανερὰ
2912 715 3053 790 ἦσαν
3079 720 3189 788 πρὸ
3219 719 3427 789 χρόνων
3455 717 3688 770 πολλῶν.
3715 718 3889 770 Λοιπὸν

2338 809 2498 862 τοῦτο
2521 810 2615 863 τοῦ
2642 812 2946 881 Μουχὰμετ
2973 813 3006 882 ἡ
3037 811 3198 880 σοφία
3235 811 3330 864 καὶ
3357 812 3389 880 ἡ
3431 808 3687 879 κήρυξις.
3739 809 3888 861 Τοῦτο

2341 903 2490 955 ἔστιν
2533 904 2593 955 τὸ
2635 906 2837 967 εἰπεῖν,
2867 907 2895 958 ό
2925 905 3223 973 Μουχὰμετ
3272 901 3572 962 ἀπόστολος
3621 898 3773 952 Θεοῦ.
3828 899 3889 951 Οὐ

2340 993 2568 1045 δύνασαι
2641 997 2815 1047 ποιεῖν
2887 1012 2953 1065 με
3015 994 3278 1065 ψεύστην.
3343 992 3606 1047 Μάνθανε
3665 993 3770 1045 ἀπὸ
3814 992 3891 1042 τοῦ

2340 1087 2640 1154 Μουχάμετ
2683 1087 2778 1140 καὶ
2807 1088 2964 1140 τοῦτο
2986 1104 2998 1118 ο
3038 1105 3056 1138 ι
3089 1088 3154 1140 Et
3187 1104 3270 1149 τις
3296 1085 3468 1139 ταῦτα
3493 1087 3647 1139 ποιεῖ
3670 1084 3762 1136 καὶ
3786 1085 3892 1153 ὁμοο

2339 1177 2513 1245 λογεῖ,
2547 1177 2696 1230 ἔστιν
2729 1176 2826 1230 τοῦ
2859 1177 3213 1249 παραδείσου.
3268 1176 3376 1229 Καὶ
3405 1178 3556 1240 ὅστις
3587 1178 3648 1229 οὐ
3688 1177 3893 1244 καθαρί-

2343 1268 2427 1332 ζει
2453 1268 2652 1321 ἑαυτὸν
2691 1269 2831 1338 μετὰ
2864 1267 3073 1331 ὓδατος,
3100 1269 3160 1321 οὺ
3191 1267 3365 1338 τολμᾷ
3392 1267 3654 1338 εὔχεσθαι
3676 1266 3892 1325 πώποτε,

2347 1363 2442 1414 καὶ
2479 1362 2507 1412 ὁ
2557 1359 2866 1428 συναφθεὶς
2903 1363 2966 1431 τῇ
3003 1360 3224 1430 συζύγῳ
3272 1359 3460 1422 αὑτοῦ,
3495 1360 3558 1412 οὐ
3613 1359 3770 1427 μόνον
3816 1356 3894 1424 τὴν

2341 1453 2611 1523 καθέδραν
2663 1453 2878 1513 πλύνει,
2932 1451 3044 1505 ἀλλ’
3103 1452 3226 1505 ἀπὸ·
3271 1450 3524 1522 κορυφῆς
3577 1450 3685 1511 ἓως
3739 1448 3890 1498 ποδῶν

2343 1547 2597 1600 πλυνέτω
2625 1548 2765 1615 μετὰ
2791 1545 2980 1608 ὕδατος
3003 1563 3016 1576 ’
3074 1546 3168 1598 καὶ
3197 1545 3316 1597 τότε
3346 1543 3460 1614 ἔχει
3518 1542 3770 1607 ἐξουσίαν
3814 1539 3891 1592 τοῦ

2343 1637 2600 1707 εὔχεσθαι
2646 1637 2739 1690 καὶ
2793 1631 2934 1688 εἶναι
2978 1635 3074 1688 τοῦ
3103 1636 3454 1706 παραδείσου.
3492 1653 3510 1686 ι
3550 1634 3663 1687 Καὶ
3697 1633 3892 1699 πάλινή

2342 1729 2578 1801 κήρυξις
2610 1727 2706 1781 τοῦ
2743 1727 3044 1797 Μουχάμετ
3073 1744 3165 1779 σου
3199 1726 3374 1789 οὕτως
3397 1725 3551 1778 ἐστίν
3573 1741 3588 1755 ·
3620 1743 3638 1774 ‹
3687 1723 3803 1776 Ἐὰν
3835 1721 3892 1790 μὴ

2345 1822 2542 1892 εὑρεθῇ
2573 1820 2738 1890 ὓδωρ,
2765 1821 2886 1872 ἀντὶ
2914 1819 3010 1871 τοῦ
3043 1819 3232 1880 ὓδατος
3269 1819 3477 1886 ὀφείλει
3510 1813 3656 1870 εἶναι
3685 1815 3823 1886 χοῦς.
3854 1832 3868 1862 ι

656 1921 812 1974 debet
847 1919 1277 1980 fundamentum,
1309 1926 1362 1969 et
1397 1915 1641 1983 podicem
1698 1912 1898 1977 lavare,
1932 1915 2023 1966 sed
2075 1934 2102 1967 a
2136 1917 2314 1985 capite
2380 1919 2442 1969 ad
2475 1916 2679 1969 calcem
2728 1915 2887 1967 debet
2957 1923 3098 1967 totus
3156 1929 3292 1982 aqua
3324 1914 3514 1978 laVari,
3571 1921 3628 1965 et
3685 1922 3800 1963 tunc
3822 1908 3893 1974 iis

658 2014 895 2079 acquirit
927 2026 1116 2080 preces
1136 2009 1422 2085 tondendi,
1452 2017 1505 2059 et
1546 2006 1857 2075 paradisum
1900 2007 2251 2075 adipiscendi.
2287 2031 2303 2060 ι
2349 2008 2413 2062 Ει
2455 2024 2640 2061 rursus
2703 2007 2806 2059 alia
2852 2018 2935 2060 est
2976 2006 3286 2075 prietlicatio
3344 2004 3740 2058 Muhammedis
3787 2015 3885 2070 qua:

657 2109 738 2165 sic
774 2124 830 2161 se
873 2107 1029 2160 habet
1061 2125 1074 2158 :
1115 2123 1132 2154 t
1167 2102 1269 2158 Ubi
1325 2101 1498 2156 deerit
1533 2114 1684 2166 aquae
1732 2100 1909 2168 copia,
1945 2101 2062 2153 loco
2098 2119 2248 2171 aqua‘
2291 2105 2446 2159 debet.
2478 2105 2549 2155 uti
2593 2102 2812 2171 pulvere
2841 2117 2936 2156 seu
2969 2113 3126 2154 terra.
3161 2119 3178 2150 ι
3454 2094 3464 2102 ’

728 2201 865 2254 Audi
893 2198 1089 2268 quippe
1115 2197 1403 2265 diligenter
1438 2209 1558 2246 cum
1593 2194 1680 2258 qui
1708 2203 1852 2247 recta
1901 2197 2242 2248 institutione
2278 2229 2316 2283 Β

655 2293 827 2348 voluit
850 2301 901 2346 lc
925 2293 1138 2346 docere.
1158 2291 1212 2342 Si
1242 2291 1518 2356 contingat
1543 2291 1816 2342 teharrere
1843 2288 1895 2341 in
1917 2305 2106 2359 campo
2127 2289 2245 2342 nul-

659 2387 727 2440 lis
770 2385 921 2452 aquis
968 2383 1189 2448 irrigno,
1234 2383 1315 2436 vel
1367 2383 1417 2434 in
1449 2394 1650 2446 monte,
1686 2382 1907 2436 omnino
1940 2396 2043 2434 non
2079 2380 2244 2434 habes

658 2477 971 2533 facultatem
997 2475 1207 2527 orandi.
1249 2473 1302 2526 Si
1328 2491 1460 2529 vero
1497 2493 1642 2530 mors
1688 2485 1737 2528 te
1766 2475 2053 2542 derepente
2074 2474 2244 2527 corri-

657 2570 787 2640 piat,
817 2566 971 2636 plane
995 2565 1088 2618 tibi
1114 2565 1440 2633 pereundum
1467 2578 1569 2629 est,
1593 2564 1693 2616 nisi
1727 2564 2069 2631 obtemperes
2087 2579 2241 2615 man-

657 2663 785 2714 dato
808 2658 1076 2726 propheta:
1099 2657 1194 2719 tui,
1219 2672 1324 2725 quo
1346 2658 1590 2710 concedit
1614 2666 1666 2710 el
1684 2657 1834 2724 jubet
1854 2665 1933 2720 ut,
1957 2655 2243 2710 deﬁciente

658 2763 820 2817 aqua,
849 2763 950 2815 qua
977 2745 1148 2798 lavari
1181 2746 1375 2814 possis,
1423 2747 1541 2799 vice
1568 2762 1718 2814 aqua:
1760 2747 1932 2814 possis
1969 2746 2240 2815 pulverem

658 2853 754 2892 seu
792 2847 990 2890 terram
1024 2849 1308 2902 usurpare,
1346 2847 1400 2889 et
1431 2851 1495 2888 eo
1537 2835 1948 2889 fundamentum
1984 2850 2237 2903 purgare.

657 2929 774 2982 Jam
809 2942 956 2994 vero,
985 2942 1017 2979 ο
1037 2925 1308 2994 Agarene,
1336 2926 1422 2978 dic
1451 2926 1603 2990 mihi,
1633 2941 1751 2978 cum
1778 2941 1939 2978 manu
1967 2927 2238 2991 pulverem

659 3018 944 3088 collegisti,
972 3025 1026 3070 et
1049 3031 1207 3068 manu
1239 3016 1483 3084 podicem
1513 3015 1712 3068 trivisti
1742 3012 2112 3083 etdefricasti,
2139 3029 2240 3068 an-

662 3124 768 3163 non
793 3123 984 3162 manus
1013 3107 1063 3158 in
1098 3107 1187 3158 illo
1213 3105 1364 3172 quasi
1392 3104 1671 3157 volutatur
1692 3115 1748 3157 et
1801 3104 2140 3172 inquinatur,
2185 3111 2238 3156 et

663 3210 844 3255 tamen
879 3214 908 3252 a
939 3209 1028 3252 tuo
1059 3196 1439 3250 Muhammede
1481 3198 1746 3249 sani-itum
1786 3205 1888 3259 est,
1930 3204 1983 3249 ut
2014 3205 2241 3264 purgato

664 3306 755 3349 tuo
797 3295 1008 3362 podice,
1038 3307 1102 3345 os
1142 3302 1315 3355 tuum,
1346 3301 1398 3346 et
1425 3294 1606 3346 vultus
1671 3302 1797 3347 tuus
1839 3293 2021 3346 statim
2073 3293 2240 3346 etiam

661 3383 1038 3455 purilicentur.
1067 3384 1211 3438 Adeo
1241 3393 1316 3449 ut,
1355 3385 1483 3438 trito
1512 3393 1566 3436 et
1597 3393 1826 3454 purgato
1859 3384 2048 3453 podice
2109 3393 2228 3454 tuo,

661 3493 785 3531 cum
819 3491 978 3530 manu
1001 3486 1087 3528 tua
1120 3475 1320 3529 debeas
1348 3476 1529 3529 statim
1565 3477 1712 3529 illam
1745 3479 2038 3531 admovere
2079 3479 2145 3533 ad
2173 3493 2236 3533 os

2421 2198 2690 2250 Ἄκουσον
2724 2195 2832 2266 γὰρ
2867 2195 3112 2266 ἀκριϐῶς
3159 2194 3312 2263 παρὰ
3356 2193 3449 2246 τοῦ
3476 2191 3659 2262 ὀρθῶς
3689 2191 3892 2254 διδάξον-

2346 2290 2437 2352 τὸς
2466 2307 2523 2342 σε
2559 2305 2571 2318 ·
2617 2289 2789 2359 Εἴπερ
2847 2287 3167 2357 παρα-«τύχῃς
3204 2287 3283 2348 είς
3336 2286 3559 2356 κάμπον
3612 2283 3890 2354 ἀνυδρον,ῆ

2349 2382 2557 2453 βουνὸν,
2617 2382 2808 2435 λοιπὸν
2865 2381 2966 2433 οὐκ
3018 2379 3162 2450 ἔχεις
3195 2378 3446 2445 ἐξουσίαν
3498 2376 3598 2430 τοῦ
3643 2376 3888 2447 εὔχεσθαι.

2359 2472 2500 2524 Ἀλλ’
2533 2472 2627 2524 ἐὰν
2664 2471 2925 2540 ἐξαίφνης
2957 2469 3098 2542 λάϐῃ
3135 2485 3193 2520 σε
3229 2468 3476 2532 Θάνατος,
3509 2468 3730 2530 πάντως
3748 2465 3889 2520 ἀπό).-

2345 2564 2506 2616 λυσαι
2537 2580 2551 2594 ο
2583 2562 2678 2614 καὶ
2710 2563 2804 2614 ἐὰν
2836 2562 3068 2631 ποιήσῃς
3103 2557 3244 2611 κατὰ
3267 2558 3366 2629 τὴν
3390 2557 3615 2626 ἐντολὴν
3651 2556 3739 2608 τοῦ
3781 2571 3890 2624 προ·

2347 2657 2518 2725 φήτου
2558 2671 2674 2713 σου,
2699 2654 2780 2704 ὅτι
2815 2653 2944 2705 ὅταν
2987 2651 3062 2720 μὴ
3092 2650 3345 2720 ξυρήσεις
3375 2647 3542 2718 ὕδωρ,
3583 2648 3670 2699 ἵνα
3699 2645 3886 2714 λουθῇς,

2347 2747 2475 2817 χοῦν
2507 2747 2630 2798 ἀντὶ
2681 2743 2774 2796 τοῦ
2823 2742 3013 2804 ὓδατος
3045 2741 3228 2794 λαϐὼν
3273 2742 3576 2810 καθάρισον
3631 2739 3886 2806 καθέδραν.

2348 2841 2414 2891 ’Ἀ
2427 2855 2509 2908 ρτι
2535 2837 2656 2889 εἰπὲ
2692 2853 2806 2905 μοι,
2838 2829 2882 2887 ὦ
2927 2833 3217 2903 Ἀγαρηνὲ,
3244 2834 3370 2886 ὃταν
3397 2833 3627 2902 κρατεῖς
3653 2833 3740 2884 τδν
3780 2829 3883 2899 χοῦν

2347 2931 2486 3000 μετὰ
2515 2929 2616 2998 τῆς
2645 2927 2826 2997 χειρός
2869 2944 2984 2988 σου,
3027 2928 3118 2977 καὶ
3140 2924 3336 2994 τρίψῃς
3387 2924 3485 2994 τὴν
3516 2923 3779 2990 καθέδραν
3809 2935 3882 2970 σου

2348 3022 2486 3092 μετὰ
2513 3021 2614 3088 τῆς
2653 3019 2836 3090 χειρός
2862 3036 2978 3082 σου,
3012 3018 3364 3086 συγκυλίεται
3393 3020 3456 3087 τῇ
3481 3018 3632 3088 χειρί
3658 3033 3765 3081 σου,
3809 3015 3883 3066 καὶ

2343 3115 2644 3182 Μουχάμετ
2677 3111 2817 3166 οὕτω
2870 3129 2950 3163 σοι
2991 3111 3390 3181 παραγγέλλει,
3426 3111 3508 3162 ὅτι
3568 3113 3697 3164 ὅταν
3744 3108 3886 3160 x101-

2347 3204 2502 3274 ρίζῃς
2535 3205 2635 3273 τὴν
2660 3203 2930 3274 καθέδραν
2957 3221 3049 3255 σου
3085 3201 3351 3272 καθάριζε
3375 3203 3466 3254 καὶ
3499 3201 3562 3253 τὸ
3596 3205 3762 3270 στόμα
3791 3216 3883 3260 σου,

2343 3296 2438 3347 καὶ
2458 3295 2518 3346 τὸ
2555 3294 2844 3364 πρόσωπόν
2876 3311 2995 3348 σου.
3016 3294 3226 3364 Τρίψας
3255 3289 3346 3346 οὖν
3374 3292 3468 3361 τὴν
3514 3291 3777 3362 καθέδραν
3815 3307 3884 3340 σου

2349 3384 2488 3456 μετὰ
2517 3387 2616 3456 τῆς
2652 3385 2837 3454 χειρός
2868 3401 2984 3446 σου,
3015 3382 3212 3436 ἔπειτα
3259 3383 3351 3445 θὲς
3385 3383 3464 3443 είς
3497 3383 3563 3434 τὸ
3599 3382 3766 3451 στόμα
3794 3396 3882 3438 σευ,

2349 3475 2454 3527 καὶ
2476 3476 2556 3537 εἰς
2585 3474 2646 3525 τὸ
2674 3472 2968 3544 πρόσωπόν
3001 3489 3093 3525 σου
3120 3489 3132 3501 ·
3165 3473 3259 3524 καὶ
3293 3470 3508 3541 μέλλεις
3539 3471 3757 3538 ποιῆσαι
3785 3467 3885 3518 ταῦ-

663 3578 815 3622 tnum
851 3578 907 3622 et
946 3567 1139 3620 faciem
1172 3577 1360 3632 tuam,
1390 3579 1442 3620 et
1493 3568 1699 3621 \icibns
1742 3569 2030 3637 quinquies
2085 3584 2240 3638 repe—
2266 3577 2300 3635 ς

2266 3577 2309 3635 c
2341 3585 2410 3620 τα
2442 3565 2704 3629 πεντάκις
2733 3568 2800 3635 τῇ
2833 3565 3038 3635 ἡμέρᾳ.
3078 3565 3186 3615 Καὶ
3208 3565 3254 3615 εί
3281 3563 3446 3633 τύχῃς
3471 3564 3553 3625 εἰς
3578 3561 3794 3630 ἄνυδρον
3818 3557 3884 3608 τό-

667 3659 780 3713 titis
817 3659 920 3712 hoc
938 3658 1166 3724 singulis
1211 3658 1401 3710 diebus
1455 3658 1614 3711 debet
1645 3659 1851 3727 peragi.
1893 3659 1950 3711 Si
1999 3675 2127 3728 ergo
2162 3661 2242 3712 lo-

665 3767 788 3805 cum
816 3751 1048 3818 aliquem
1085 3749 1172 3800 uhi
1206 3764 1315 3801 non
1354 3749 1425 3800 sit
1473 3765 1610 3817 aqua
1647 3749 1738 3801 tibi
1787 3751 2070 3818 contingat
2121 3765 2244 3818 per-

665 3857 882 3911 agrare,
906 3853 961 3896 et
991 3842 1232 3909 quinque
1256 3840 1469 3894 vicibus
1500 3847 1644 3894 terra
1679 3849 1883 3894 tantum
1915 3841 2242 3910 puriliccris,

663 3950 802 4004 quos
841 3934 1042 3988 fctores
1097 3934 1316 3986 debebis
1377 3933 1598 3986 naribus
1663 3933 1970 3997 admittere,
2022 3932 2131 3985 imo
2175 3932 2242 3985 ad

665 4025 963 4078 medullam
1013 4023 1229 4090 usque?
1260 4021 1326 4075 Et
1377 4021 1536 4076 talem
1590 4023 1970 4076 suavissimum
2020 4023 2240 4076 odorem

662 4115 879 4169 exhalat
905 4115 1192 4182 paradisus
1223 4112 1350 4177 iste,
1373 4123 1481 4166 tam
1511 4113 1702 4167 calidis
1732 4114 1870 4168 votis
1893 4128 1922 4166 a
1961 4124 2012 4168 te
2051 4128 2245 4182 exspe-

659 4217 841 4262 ctatus
855 4217 908 4261 et
932 4207 1300 4260 desideratus.
1329 4205 1434 4259 Sed
1467 4205 1660 4260 iterum
1687 4205 1773 4258 dic
1797 4206 1951 4270 mihi,
1969 4207 2012 4259 si
2037 4207 2244 4260 haercas

660 4301 716 4355 iu
755 4303 1035 4355 cacumine
1072 4301 1272 4352 montis
1302 4299 1535 4367 alicujus
1575 4299 1864 4354 celsissimi
1911 4299 2004 4353 ubi
2034 4315 2137 4354 non
2172 4300 2245 4353 sit

659 4409 798 4463 aqua
821 4404 876 4448 et
904 4401 1199 4458 terra,ettc
1229 4407 1373 4444 mors
1402 4393 1577 4445 subita
1613 4404 1666 4445 et
1694 4393 1971 4460 repentina
1998 4393 2239 4457 invadat,

659 4485 905 4548 onmiuo,
935 4500 967 4537 υ
1015 4485 1192 4545 athee,
1222 4485 1553 4552 pereundum
1587 4483 1691 4536 erit
1721 4484 1838 4546 tibi,
1866 4500 1986 4536 cum
2025 4486 2079 4537 in
2136 4485 2241 4538 isto

660 4581 804 4625 statu
834 4587 938 4624 non
963 4571 1057 4623 tibi
1093 4571 1425 4624 concedatur
1448 4571 1676 4624 facultas
1729 4573 1942 4634 orandi,
1969 4583 2024 4626 et
2076 4575 2242 4642 probe

661 4663 784 4716 novi
811 4663 952 4729 quod
978 4664 1071 4731 qui
1104 4677 1206 4715 non
1236 4672 1379 4725 orat,
1407 4677 1510 4715 non
1564 4663 1758 4716 habeat
1784 4663 1953 4717 Deum
1983 4673 2238 4732 tanquam

661 4753 966 4824 portionem
1013 4767 1185 4806 suam.
1237 4753 1342 4806 Sed
1429 4769 1493 4807 ex
1555 4756 1882 4822 supradictis
1922 4765 1977 4808 et
2023 4757 2241 4825 scriptis

659 4848 874 4898 abunde
928 4844 1026 4898 tibi
1087 4845 1426 4898 inanitcstavi
1481 4856 1532 4897 te
1572 4861 1762 4899 revera
1819 4863 1940 4902 esse
1993 4851 2234 4902 atheum.

2347 3676 2471 3725 πον,
2505 3657 2726 3719 καὶτὰς
2769 3656 2934 3709 πέντε
2976 3655 3148 3727 φορὰς
3208 3654 3345 3725 μετὰ
3383 3656 3476 3707 τοῦ
3529 3654 3655 3724 χοὸς
3687 3652 3884 3720 ὀφείλεις

2353 3749 2782 3819 καθαρισθῆναι,
2813 3749 2998 3800 πόσων
3026 3749 3279 3818 ὠρωμὼν
3309 3747 3524 3818 μέλλεις
3553 3746 3884 3817 ὀσφρανθῆναι

2349 3845 2408 3896 ὲν
2440 3845 2552 3904 τοῖς
2609 3844 2720 3913 ῥισί
2755 3859 2848 3893 σου
2886 3845 3047 3911 μέχρι
3081 3841 3139 3893 δὲ
3175 3843 3268 3893 καὶ
3319 3839 3484 3893 αὑτοῦ
3543 3839 3637 3892 τοῦ
3671 3836 3880 3908 μυελοῦ·

2347 3937 2444 3990 καὶ
2489 3937 2632 3989 κατὰ
2670 3935 2769 4006 τὴν
2810 3935 3038 3987 εὐωδίαν
3075 3934 3281 4003 ταύτην
3319 3933 3470 3987 ἔσται
3510 3935 3726 3994 πάντως
3757 3928 3883 3982 καὶὸ

2346 4027 2805 4098 προσδοκώμενός
2871 4043 2956 4078 σοι
3003 4025 3357 4096 παράδεισος.
3420 4026 3532 4076 Καὶ
3578 4028 3672 4076 ἐὰν
3724 4022 3881 4090 λάχῃς,

2344 4121 2468 4172 εἰπέ
2505 4137 2619 4189 μοι,
2662 4121 2742 4183 εἰς
2784 4119 2908 4190 ὅρος
2959 4118 3183 4189 ὑψηλὸν,
3219 4120 3275 4170 ὲν
3325 4113 3368 4185 ᾧ
3397 4117 3520 4169 οὕτε
3555 4117 3699 4185 ὕδωρ
3746 4114 3878 4170 ἐστὶν,

2344 4212 2471 4266 οῧτε
2503 4211 2654 4281 χοῦς,
2711 4210 2770 4262 τί
2817 4211 3035 4280 μέλλεις
3087 4209 3340 4279 ποιῆσαι;
3397 4209 3663 4278 Ὀφείλεις
3705 4207 3880 4262 πάντως

2346 4301 2652 4354 ἀποθανεῖν
2697 4300 2968 4368 αἰφνιδίου
3010 4299 3269 4363 θανάτου,
3320 4297 3538 4362 πάντως
3587 4294 3879 4361 ἀπολέσθηὴ

2343 4395 2492 4462 ἄθεε,
2527 4398 2654 4450 ἄνευ
2706 4395 2873 4465 εὐχῆς
2899 4409 2914 4424 ⁶
2944 4391 3040 4448 οἶδ’
3067 4396 3148 4448 ὅτι
3172 4398 3199 4447 ὁ
3231 4394 3305 4466 μὴ
3362 4396 3652 4466 εὐχόμενος
3675 4390 3880 4446 Θεὺνοὺκ

2345 4487 2460 4558 ἔχει
2503 4488 2692 4558 μέρος.
2750 4487 2844 4540 καὶ
2883 4487 3195 4557 ἔμπροσθεν
3257 4487 3643 4558 γεγραμμένον
3673 4481 3880 4552 ἐδήλωσά

2346 4598 2450 4642 σοι,
2483 4581 2562 4633 ὅτι
2592 4581 2749 4643 ἄθεος
2780 4574 2851 4635 εἷ.
2877 4579 3010 4632 Θεὸν
3052 4579 3244 4648 ἄλογον
3280 4579 3404 4648 δίχα
3457 4579 3615 4647 λόγου
3641 4578 3734 4631 καὶ
3754 4572 3879 4626 πνεύ-

2349 4689 2522 4741 ματος
2549 4672 2864 4741 λατρεύεις.
2909 4672 3074 4742 ὐρᾷς
3095 4673 3196 4738 τὴν
3230 4671 3428 4739 σοφίαν
3447 4671 3611 4741 αὐτὴν
3641 4663 3876 4734 ἀνωφελῆ,

2346 4765 2446 4833 τὴν
2475 4764 2696 4834 διδαχὴν
2729 4765 2822 4816 καὶ
2859 4765 2956 4835 τὴν
2984 4763 3218 4834 κήρυξιν
3248 4761 3342 4815 τοῦ
3385 4760 3736 4831 Μουχάμετός
3766 4774 3873 4816 σου,

2349 4856 2467 4918 πῶς
2523 4857 2906 4926 σκοτεινοτέρα
2935 4857 3029 4908 καὶ
3068 4855 3231 4925 χάους
3262 4870 3276 4920 ;
3304 4853 3468 4908 Ὅθεν
3507 4856 3567 4906 οὐ
3620 4850 3876 4921 γινώσκετε

660 4939 829 4992 Deum
897 4939 1096 5006 quippe
1157 4937 1566 5001 irrationalem,
1631 4939 1857 4994 rationis
1911 4951 1963 4994 ct
2019 4943 2297 5010 spiritus[

2238 4951 2318 5010 ιι)
2345 4947 2399 5000 τί
2436 4952 2586 5001 ἐστιν
2639 4950 2914 5018 ἁγιασμὸς
2951 4947 3128 5019 ψυχῆς
3166 4949 3261 5002 καὶ
3301 4947 3573 5018 σώματος,
3616 4944 3732 5000 οὐαὶ
3775 4940 3875 5009 ὑμῖν

660 5040 940 5097 expertem
975 5029 1276 5081 veneraris.
1320 5027 1474 5082 Unde
1502 5038 1657 5098 potes
1690 5032 2124 5088 animadvertere
2152 5050 2235 5088 sa-

2347 5039 2848 5111 βεϐορὸορωμένοι.

661 5127 946 5196 pientiam,
984 5126 1314 5188 doctrinam,
1344 5126 1786 5193 praedicationem
1821 5128 2218 5187 Muhammedis
2256 5150 2480 5202 prorsus
2525 5153 2647 5192 esse
2711 5138 2981 5202 inutilem,
3043 5153 3204 5207 quam
3235 5139 3466 5193 obscura
3491 5139 3562 5190 sit
3589 5146 3642 5190 et
3679 5127 3875 5189 tenebris

661 5218 923 5279 involuta,
964 5232 1126 5285 quam
1177 5219 1403 5270 contusa
1445 5227 1498 5270 et
1560 5234 1769 5272 merum
1816 5223 2016 5278 Chaos.
2079 5225 2230 5281 Unde
2273 5231 2328 5283 Iit
2373 5244 2431 5283 ut
2495 5231 2756 5301 ignoretis
2787 5231 2963 5296 qualis
2997 5232 3068 5286 sit
3137 5246 3260 5286 vera
3308 5231 3661 5287 sanctiﬁcatio
3719 5229 3876 5282 animm

659 5320 715 5366 et
752 5314 1016 5379 corporis.
1050 5309 1138 5366 γω
1171 5315 1345 5378 vobis,
1369 5332 1402 5368 o
1431 5317 1743 5373 borboritav.

730 5404 955 5460 Ostendi
990 5405 1084 5458 tibi
1116 5406 1291 5474 qualis
1316 5409 1388 5462 sit
1415 5412 1594 5463 oratio
1632 5423 1746 5477 tua,
1780 5424 1834 5468 et
1878 5431 1942 5470 ex
1993 5419 2245 5471 doctrina

661 5504 753 5550 tua
787 5499 889 5551 hoc
937 5499 1052 5566 ipse
1087 5508 1244 5566 potes
1295 5499 1574 5569 colligere,
1617 5511 1673 5556 et
1722 5504 2070 5560 inanil‘cstavi
2130 5524 2246 5563 om-

661 5604 782 5642 nem
843 5597 990 5642 tuam
1023 5589 1414 5657 perditionem.
1442 5590 1508 5644 Et
1533 5607 1720 5648 rursus
1743 5596 1836 5648 tibi
1852 5599 2100 5652 eamdem
2119 5614 2242 5669 per-

661 5681 919 5735 ditionem
962 5681 1058 5737 tihi
1088 5683 1474 5751 manifestabo,
1504 5698 1560 5740 et
1591 5688 1827 5753 ruinam,
1859 5704 1912 5743 et
1960 5691 2239 5745 interitum

661 5772 859 5824 anima":
896 5783 1000 5828 tua:
1055 5783 1112 5827 et
1167 5777 1411 5844 corporis
1465 5776 1646 5841 tui,et
1690 5781 1962 5847 quomodo
2017 5797 2121 5835 non
2159 5783 2241 5836 vis

663 5861 858 5917 salvari
889 5879 918 5917 a
950 5866 1189 5931 peccatis
1243 5877 1296 5919 et
1332 5869 1654 5925 criminibus
1711 5886 1831 5940 qua:
1894 5876 2238 5942 perpetrasti.

2429 5419 2652 5486 Ἔδειξά
2684 5437 2765 5472 σοι
2798 5421 3022 5483 πάντως
3057 5420 3109 5471 τί
3137 5423 3288 5473 ἐστιν
3319 5420 3452 5490 εὐχή
3480 5436 3595 5485 σου,
3628 5420 3718 5472 καὶ
3759 5410 3874 5470 οῐδας

2357 5511 2659 5583 δυνάμενος
2689 5513 2765 5581 τῷ
2797 5513 3032 5582 δόγματί
3067 5529 3182 5576 σου,
3234 5512 3328 5566 καὶ
3374 5513 3684 5582 ὲφανέρωσα
3727 5505 3874 5561 πᾶσάν

2351 5621 2445 5655 συυ
2480 5605 2580 5673 τὴν
2605 5603 2906 5658 ἀπώλειαν.
2964 5605 3072 5658 Καὶ
3107 5605 3270 5658 πάλιν
3320 5621 3402 5657 σοι
3459 5604 3624 5667 δεῖξαι
3677 5601 3772 5672 ἔχω
3798 5597 3873 5664 τὴν

2348 5694 2630 5748 ἀπώλειαν
2665 5711 2679 5724 ·
2719 5697 2816 5749 καὶ
2842 5695 3028 5761 πάλιν,
3061 5695 3230 5762 δεῖξαί
3268 5714 3349 5749 σοι
3399 5697 3504 5768 ἔχω
3557 5697 3644 5748 τὸν
3691 5691 3870 5760 ὄλεθρον

2349 5787 2444 5857 τῆς
2471 5789 2651 5858 ψυχῆς
2685 5805 2781 5842 σου
2807 5790 2904 5842 καὶ
2941 5789 3037 5843 τοῦ
3069 5788 3345 5860 σώματος,
3373 5789 3488 5852 πῶς
3517 5790 3576 5844 οὐ
3601 5788 3760 5848 θέλεις
3785 5800 3868 5833 σω-

2352 5879 2512 5947 θῆναι
2539 5880 2645 5934 ἀπὸ
2678 5882 2786 5935 τῶν
2815 5883 3106 5954 ἁμαρτιῶν
3137 5899 3259 5949 σου,
3301 5877 3375 5937 ὧν
3407 5883 3659 5952 ἔπραξας.
3691 5880 3870 5932 Πάντως
