  <div class='ocr_page' id='page_1' title='image "/cluster/home/n/w/nwhite01/storage/ocr_20150623/104:no.4/coo.31924054870088/714.png"; bbox 0 0 4146 6436; ppageno 0'>
   <div class='ocr_carea' id='block_1_1' title="bbox 368 435 506 500">
    <p class='ocr_par' dir='ltr' id='par_1_1' title="bbox 368 435 506 500">
     <span class='ocr_line' id='line_1_1' title="bbox 368 435 506 500; baseline 0.014 -2"><span class='ocrx_word' id='word_1_1' title='bbox 368 435 506 500; x_wconf 68' lang='grc'><strong>1409</strong></span> 
     </span>
    </p>
   </div>
   <div class='ocr_carea' id='block_1_2' title="bbox 1543 441 2456 506">
    <p class='ocr_par' dir='ltr' id='par_1_2' title="bbox 1543 441 2456 506">
     <span class='ocr_line' id='line_1_2' title="bbox 1543 441 2456 506; baseline 0.005 -6"><span class='ocrx_word' id='word_1_2' title='bbox 1543 441 2021 504; x_wconf 81' lang='lat' dir='ltr'><strong>CONFUTATIO</strong></span> <span class='ocrx_word' id='word_1_3' title='bbox 2093 444 2456 506; x_wconf 72' lang='lat' dir='ltr'><strong>AGARENI.</strong></span> 
     </span>
    </p>
   </div>
   <div class='ocr_carea' id='block_1_3' title="bbox 3485 456 3622 522">
    <p class='ocr_par' dir='ltr' id='par_1_3' title="bbox 3485 456 3622 522">
     <span class='ocr_line' id='line_1_3' title="bbox 3485 456 3622 522; baseline 0.015 -2"><span class='ocrx_word' id='word_1_4' title='bbox 3485 456 3622 522; x_wconf 63' lang='grc'><strong>1410</strong></span> 
     </span>
    </p>
   </div>
   <div class='ocr_carea' id='block_1_4' title="bbox 363 549 1911 632">
    <p class='ocr_par' dir='ltr' id='par_1_4' title="bbox 363 549 1911 628">
     <span class='ocr_line' id='line_1_4' title="bbox 363 549 1911 628; baseline 0.005 -26"><span class='ocrx_word' id='word_1_5' title='bbox 363 549 536 612; x_wconf 74' lang='grc' dir='ltr'>οὕτως</span> <span class='ocrx_word' id='word_1_6' title='bbox 555 549 818 620; x_wconf 78' lang='grc' dir='ltr'><strong>ἐκήρυξεν</strong></span> <span class='ocrx_word' id='word_1_7' title='bbox 846 549 875 602; x_wconf 93' lang='lat'><strong>6</strong></span> <span class='ocrx_word' id='word_1_8' title='bbox 905 549 1229 620; x_wconf 83' lang='grc' dir='ltr'>Μουχάμετ,</span> <span class='ocrx_word' id='word_1_9' title='bbox 1255 550 1344 606; x_wconf 74' lang='grc' dir='ltr'>ἵνα</span> <span class='ocrx_word' id='word_1_10' title='bbox 1368 551 1529 627; x_wconf 70' lang='grc' dir='ltr'>νίψῃς</span> <span class='ocrx_word' id='word_1_11' title='bbox 1557 555 1665 608; x_wconf 81' lang='grc' dir='ltr'>ἀπὸ</span> <span class='ocrx_word' id='word_1_12' title='bbox 1688 557 1911 628; x_wconf 57' lang='grc' dir='ltr'>κορυφῆη</span> 
     </span>
    </p>
   </div>
   <div class='ocr_carea' id='block_1_5' title="bbox 2015 549 3620 632">
    <p class='ocr_par' dir='ltr' id='par_1_5' title="bbox 2042 560 3620 632">
     <span class='ocr_line' id='line_1_5' title="bbox 2042 560 3620 632; baseline 0.01 -19"><span class='ocrx_word' id='word_1_13' title='bbox 2042 560 2175 614; x_wconf 85' lang='lat' dir='ltr'><strong>Nam</strong></span> <span class='ocrx_word' id='word_1_14' title='bbox 2209 562 2300 614; x_wconf 86' lang='lat' dir='ltr'><strong>tali</strong></span> <span class='ocrx_word' id='word_1_15' title='bbox 2319 561 2706 632; x_wconf 78' lang='lat' dir='ltr'><strong>praedicatione</strong></span> <span class='ocrx_word' id='word_1_16' title='bbox 2737 571 2789 619; x_wconf 89' lang='lat' dir='ltr'><strong>te</strong></span> <span class='ocrx_word' id='word_1_17' title='bbox 2814 566 3035 622; x_wconf 85' lang='lat' dir='ltr'><strong>omnino</strong></span> <span class='ocrx_word' id='word_1_18' title='bbox 3059 567 3350 625; x_wconf 69' lang='lat' dir='ltr'><strong>obstrinxit</strong></span> <span class='ocrx_word' id='word_1_19' title='bbox 3372 569 3620 629; x_wconf 74' lang='lat' dir='ltr'><strong>Multam-</strong></span> 
     </span>
    </p>
   </div>
   <div class='ocr_carea' id='block_1_6' title="bbox 367 640 1942 715">
    <p class='ocr_par' dir='ltr' id='par_1_6' title="bbox 367 640 1942 715">
     <span class='ocr_line' id='line_1_6' title="bbox 367 640 1942 715; baseline 0.005 -23"><span class='ocrx_word' id='word_1_20' title='bbox 367 641 534 710; x_wconf 83' lang='grc' dir='ltr'>μέχρι</span> <span class='ocrx_word' id='word_1_21' title='bbox 570 640 747 693; x_wconf 81' lang='grc' dir='ltr'>ποδῶν</span> <span class='ocrx_word' id='word_1_22' title='bbox 770 640 867 693; x_wconf 78' lang='grc' dir='ltr'><strong>σὺν</strong></span> <span class='ocrx_word' id='word_1_23' title='bbox 887 640 996 710; x_wconf 81' lang='grc' dir='ltr'><strong>ὅλῳ</strong></span> <span class='ocrx_word' id='word_1_24' title='bbox 1022 640 1102 710; x_wconf 80' lang='grc' dir='ltr'><strong>τῷ</strong></span> <span class='ocrx_word' id='word_1_25' title='bbox 1127 641 1364 712; x_wconf 88' lang='grc' dir='ltr'>σώματι,</span> <span class='ocrx_word' id='word_1_26' title='bbox 1393 645 1502 696; x_wconf 75' lang='grc' dir='ltr'>εἴτε</span> <span class='ocrx_word' id='word_1_27' title='bbox 1528 645 1666 715; x_wconf 86' lang='grc' dir='ltr'>μετὰ</span> <span class='ocrx_word' id='word_1_28' title='bbox 1689 647 1783 699; x_wconf 83' lang='grc' dir='ltr'><strong>τοῦ</strong></span> <span class='ocrx_word' id='word_1_29' title='bbox 1814 647 1942 701; x_wconf 83' lang='grc' dir='ltr'>ὓδα-</span> 
     </span>
    </p>
   </div>
   <div class='ocr_carea' id='block_1_7' title="bbox 360 731 1941 809">
    <p class='ocr_par' dir='ltr' id='par_1_7' title="bbox 360 731 1941 809">
     <span class='ocr_line' id='line_1_7' title="bbox 360 731 1941 809; baseline 0.002 -21"><span class='ocrx_word' id='word_1_30' title='bbox 360 752 473 798; x_wconf 88' lang='grc' dir='ltr'>τος,</span> <span class='ocrx_word' id='word_1_31' title='bbox 514 737 622 789; x_wconf 77' lang='grc' dir='ltr'>εἴτε</span> <span class='ocrx_word' id='word_1_32' title='bbox 660 736 796 808; x_wconf 75' lang='grc' dir='ltr'>μετὰ</span> <span class='ocrx_word' id='word_1_33' title='bbox 829 736 922 788; x_wconf 86' lang='grc' dir='ltr'><strong>τοῦ</strong></span> <span class='ocrx_word' id='word_1_34' title='bbox 959 737 1118 806; x_wconf 85' lang='grc' dir='ltr'>χοός;</span> <span class='ocrx_word' id='word_1_35' title='bbox 1153 736 1264 788; x_wconf 76' lang='lat' dir='ltr'><strong>Kal</strong></span> <span class='ocrx_word' id='word_1_36' title='bbox 1299 731 1439 789; x_wconf 71' lang='grc' dir='ltr'>εἶναι</span> <span class='ocrx_word' id='word_1_37' title='bbox 1479 737 1540 788; x_wconf 82' lang='grc' dir='ltr'><strong>τὸ</strong></span> <span class='ocrx_word' id='word_1_38' title='bbox 1580 737 1742 808; x_wconf 86' lang='grc' dir='ltr'>χῶμα</span> <span class='ocrx_word' id='word_1_39' title='bbox 1767 756 1941 809; x_wconf 89' lang='grc' dir='ltr'>μεμε-</span> 
     </span>
    </p>
   </div>
   <div class='ocr_carea' id='block_1_8' title="bbox 360 827 1937 900">
    <p class='ocr_par' dir='ltr' id='par_1_8' title="bbox 360 827 1937 900">
     <span class='ocr_line' id='line_1_8' title="bbox 360 827 1937 900; baseline 0.002 -21"><span class='ocrx_word' id='word_1_40' title='bbox 360 827 632 897; x_wconf 80' lang='grc' dir='ltr'>τρημένον</span> <span class='ocrx_word' id='word_1_41' title='bbox 683 829 819 898; x_wconf 74' lang='grc' dir='ltr'>μετὰ</span> <span class='ocrx_word' id='word_1_42' title='bbox 869 827 1098 889; x_wconf 80' lang='grc' dir='ltr'>σκεύους</span> <span class='ocrx_word' id='word_1_43' title='bbox 1161 827 1374 890; x_wconf 83' lang='grc' dir='ltr'>ἱκανοῦ,</span> <span class='ocrx_word' id='word_1_44' title='bbox 1415 828 1502 880; x_wconf 81' lang='grc' dir='ltr'><strong>ἵνα</strong></span> <span class='ocrx_word' id='word_1_45' title='bbox 1545 828 1620 897; x_wconf 83' lang='grc' dir='ltr'>μὴ</span> <span class='ocrx_word' id='word_1_46' title='bbox 1666 828 1848 890; x_wconf 83' lang='grc' dir='ltr'><strong>πλέον,</strong></span> <span class='ocrx_word' id='word_1_47' title='bbox 1904 829 1937 900; x_wconf 76' lang='grc' dir='ltr'>ἢ</span> 
     </span>
    </p>
   </div>
   <div class='ocr_carea' id='block_1_9' title="bbox 358 918 1937 990">
    <p class='ocr_par' dir='ltr' id='par_1_9' title="bbox 358 918 1937 990">
     <span class='ocr_line' id='line_1_9' title="bbox 358 918 1937 990; baseline 0.002 -20"><span class='ocrx_word' id='word_1_48' title='bbox 358 920 582 971; x_wconf 77' lang='grc' dir='ltr'>ἔλαττον</span> <span class='ocrx_word' id='word_1_49' title='bbox 604 918 795 990; x_wconf 75' lang='grc' dir='ltr'>λάϐῃς.</span> <span class='ocrx_word' id='word_1_50' title='bbox 845 919 980 972; x_wconf 85' lang='grc' dir='ltr'>Ἰδοὺ</span> <span class='ocrx_word' id='word_1_51' title='bbox 1015 918 1147 987; x_wconf 87' lang='grc' dir='ltr'>γοῦν</span> <span class='ocrx_word' id='word_1_52' title='bbox 1183 919 1328 986; x_wconf 82' lang='grc' dir='ltr'>λέγω</span> <span class='ocrx_word' id='word_1_53' title='bbox 1359 936 1443 971; x_wconf 89' lang='grc' dir='ltr'><strong>σοι</strong></span> <span class='ocrx_word' id='word_1_54' title='bbox 1470 937 1486 952; x_wconf 80' lang='grc' dir='ltr'><strong><em>ο</em></strong></span> <span class='ocrx_word' id='word_1_55' title='bbox 1517 919 1640 972; x_wconf 79' lang='grc' dir='ltr'>οὔτε</span> <span class='ocrx_word' id='word_1_56' title='bbox 1669 921 1777 972; x_wconf 79' lang='grc' dir='ltr'><strong>ἀπὸ</strong></span> <span class='ocrx_word' id='word_1_57' title='bbox 1809 921 1937 973; x_wconf 79' lang='grc' dir='ltr'>ὓδα-</span> 
     </span>
    </p>
   </div>
   <div class='ocr_carea' id='block_1_10' title="bbox 356 1008 1937 1080">
    <p class='ocr_par' dir='ltr' id='par_1_10' title="bbox 356 1008 1937 1080">
     <span class='ocr_line' id='line_1_10' title="bbox 356 1008 1937 1080; baseline 0.001 -19"><span class='ocrx_word' id='word_1_58' title='bbox 356 1026 450 1071; x_wconf 90' lang='grc' dir='ltr'><strong>τος</strong></span> <span class='ocrx_word' id='word_1_59' title='bbox 501 1009 787 1077; x_wconf 75' lang='grc' dir='ltr'><strong>ἁγιάζεται</strong></span> <span class='ocrx_word' id='word_1_60' title='bbox 816 1011 848 1077; x_wconf 81' lang='grc' dir='ltr'>ἡ</span> <span class='ocrx_word' id='word_1_61' title='bbox 880 1008 1049 1079; x_wconf 75' lang='grc' dir='ltr'>ψυχὴ,</span> <span class='ocrx_word' id='word_1_62' title='bbox 1075 1008 1200 1062; x_wconf 76' lang='grc' dir='ltr'>οὔτε</span> <span class='ocrx_word' id='word_1_63' title='bbox 1259 1010 1369 1062; x_wconf 75' lang='grc' dir='ltr'>ἀπὸ</span> <span class='ocrx_word' id='word_1_64' title='bbox 1411 1009 1689 1079; x_wconf 78' lang='grc' dir='ltr'>χώματος.</span> <span class='ocrx_word' id='word_1_65' title='bbox 1739 1011 1800 1063; x_wconf 83' lang='lat' dir='ltr'><strong>El</strong></span> <span class='ocrx_word' id='word_1_66' title='bbox 1838 1011 1937 1080; x_wconf 85' lang='grc' dir='ltr'><strong>μὲν</strong></span> 
     </span>
    </p>
   </div>
   <div class='ocr_carea' id='block_1_11' title="bbox 357 1094 1936 1169">
    <p class='ocr_par' dir='ltr' id='par_1_11' title="bbox 357 1094 1936 1169">
     <span class='ocr_line' id='line_1_11' title="bbox 357 1094 1936 1169; baseline 0.002 -20"><span class='ocrx_word' id='word_1_67' title='bbox 357 1094 450 1150; x_wconf 81' lang='grc' dir='ltr'><strong>οὖν</strong></span> <span class='ocrx_word' id='word_1_68' title='bbox 477 1098 686 1166; x_wconf 81' lang='grc' dir='ltr'><strong>λέγετε,</strong></span> <span class='ocrx_word' id='word_1_69' title='bbox 710 1098 792 1149; x_wconf 85' lang='grc' dir='ltr'>ὃτι</span> <span class='ocrx_word' id='word_1_70' title='bbox 828 1099 862 1165; x_wconf 81' lang='grc' dir='ltr'>ὴ</span> <span class='ocrx_word' id='word_1_71' title='bbox 889 1098 1034 1168; x_wconf 66' lang='grc' dir='ltr'>ψυχή</span> <span class='ocrx_word' id='word_1_72' title='bbox 1066 1099 1213 1150; x_wconf 81' lang='grc' dir='ltr'>ἐστιν</span> <span class='ocrx_word' id='word_1_73' title='bbox 1249 1099 1552 1168; x_wconf 78' lang='grc' dir='ltr'><strong>ἱερωμένη,</strong></span> <span class='ocrx_word' id='word_1_74' title='bbox 1582 1101 1677 1151; x_wconf 68' lang='grc' dir='ltr'>καὶ</span> <span class='ocrx_word' id='word_1_75' title='bbox 1695 1100 1795 1152; x_wconf 79' lang='grc' dir='ltr'><strong>οὐκ</strong></span> <span class='ocrx_word' id='word_1_76' title='bbox 1823 1100 1936 1169; x_wconf 83' lang='grc' dir='ltr'>ἔχει</span> 
     </span>
    </p>
   </div>
   <div class='ocr_carea' id='block_1_12' title="bbox 355 1192 1935 1263">
    <p class='ocr_par' dir='ltr' id='par_1_12' title="bbox 355 1192 1935 1263">
     <span class='ocr_line' id='line_1_12' title="bbox 355 1192 1935 1263; baseline 0.003 -20"><span class='ocrx_word' id='word_1_77' title='bbox 355 1193 547 1261; x_wconf 78' lang='grc' dir='ltr'>χρείαν</span> <span class='ocrx_word' id='word_1_78' title='bbox 587 1195 666 1254; x_wconf 85' lang='grc' dir='ltr'><strong>είς</strong></span> <span class='ocrx_word' id='word_1_79' title='bbox 696 1193 757 1244; x_wconf 86' lang='grc' dir='ltr'><strong>τὸ</strong></span> <span class='ocrx_word' id='word_1_80' title='bbox 791 1193 973 1263; x_wconf 78' lang='grc' dir='ltr'>ἱεροῦν</span> <span class='ocrx_word' id='word_1_81' title='bbox 1009 1193 1182 1262; x_wconf 77' lang='grc' dir='ltr'>αὐτὴν</span> <span class='ocrx_word' id='word_1_82' title='bbox 1226 1192 1351 1245; x_wconf 81' lang='grc' dir='ltr'>οῦτε</span> <span class='ocrx_word' id='word_1_83' title='bbox 1383 1195 1490 1246; x_wconf 85' lang='grc' dir='ltr'>ἀπὸ</span> <span class='ocrx_word' id='word_1_84' title='bbox 1541 1194 1756 1259; x_wconf 78' lang='grc' dir='ltr'>ὓδατος,</span> <span class='ocrx_word' id='word_1_85' title='bbox 1812 1195 1935 1248; x_wconf 76' lang='grc' dir='ltr'>οὔτε</span> 
     </span>
    </p>
   </div>
   <div class='ocr_carea' id='block_1_13' title="bbox 352 1281 1933 1355">
    <p class='ocr_par' dir='ltr' id='par_1_13' title="bbox 352 1281 1933 1355">
     <span class='ocr_line' id='line_1_13' title="bbox 352 1281 1933 1355; baseline 0.003 -21"><span class='ocrx_word' id='word_1_86' title='bbox 352 1282 462 1334; x_wconf 85' lang='grc' dir='ltr'>ἀπὸ</span> <span class='ocrx_word' id='word_1_87' title='bbox 492 1281 744 1351; x_wconf 81' lang='grc' dir='ltr'>χώματος</span> <span class='ocrx_word' id='word_1_88' title='bbox 772 1299 786 1314; x_wconf 72' lang='grc' dir='ltr'><strong><em>ο</em></strong></span> <span class='ocrx_word' id='word_1_89' title='bbox 817 1282 973 1352; x_wconf 83' lang='grc' dir='ltr'><strong>κάγὼ</strong></span> <span class='ocrx_word' id='word_1_90' title='bbox 1012 1282 1154 1352; x_wconf 84' lang='grc' dir='ltr'>λέγω</span> <span class='ocrx_word' id='word_1_91' title='bbox 1187 1301 1303 1346; x_wconf 91' lang='grc' dir='ltr'>σοι,</span> <span class='ocrx_word' id='word_1_92' title='bbox 1332 1285 1414 1337; x_wconf 79' lang='grc' dir='ltr'><strong>ὅτι</strong></span> <span class='ocrx_word' id='word_1_93' title='bbox 1446 1286 1479 1355; x_wconf 85' lang='grc' dir='ltr'><strong>ἡ</strong></span> <span class='ocrx_word' id='word_1_94' title='bbox 1514 1284 1661 1355; x_wconf 74' lang='grc' dir='ltr'>ψυχὴ</span> <span class='ocrx_word' id='word_1_95' title='bbox 1717 1285 1933 1338; x_wconf 80' lang='grc' dir='ltr'>ἑνοῦται</span> 
     </span>
    </p>
   </div>
   <div class='ocr_carea' id='block_1_14' title="bbox 350 1373 1933 1448">
    <p class='ocr_par' dir='ltr' id='par_1_14' title="bbox 350 1373 1933 1448">
     <span class='ocr_line' id='line_1_14' title="bbox 350 1373 1933 1448; baseline 0.003 -23"><span class='ocrx_word' id='word_1_96' title='bbox 350 1373 430 1442; x_wconf 81' lang='grc' dir='ltr'><strong>τῷ</strong></span> <span class='ocrx_word' id='word_1_97' title='bbox 460 1375 696 1444; x_wconf 83' lang='grc' dir='ltr'>σώματι.</span> <span class='ocrx_word' id='word_1_98' title='bbox 722 1375 834 1427; x_wconf 87' lang='lat' dir='ltr'><strong>Kal</strong></span> <span class='ocrx_word' id='word_1_99' title='bbox 859 1374 924 1427; x_wconf 77' lang='grc' dir='ltr'><strong>σὺ</strong></span> <span class='ocrx_word' id='word_1_100' title='bbox 962 1375 1078 1438; x_wconf 87' lang='grc' dir='ltr'><strong>πῶς</strong></span> <span class='ocrx_word' id='word_1_101' title='bbox 1125 1375 1329 1443; x_wconf 81' lang='grc' dir='ltr'>λέγεις,</span> <span class='ocrx_word' id='word_1_102' title='bbox 1365 1377 1447 1429; x_wconf 85' lang='grc' dir='ltr'>ὅτι</span> <span class='ocrx_word' id='word_1_103' title='bbox 1481 1378 1514 1446; x_wconf 85' lang='grc' dir='ltr'>ἡ</span> <span class='ocrx_word' id='word_1_104' title='bbox 1575 1377 1723 1446; x_wconf 68' lang='grc' dir='ltr'><strong>ψυχὴ</strong></span> <span class='ocrx_word' id='word_1_105' title='bbox 1771 1379 1933 1448; x_wconf 78' lang='grc' dir='ltr'>ἡγια-</span> 
     </span>
    </p>
   </div>
   <div class='ocr_carea' id='block_1_15' title="bbox 361 1465 1931 1539">
    <p class='ocr_par' dir='ltr' id='par_1_15' title="bbox 361 1465 1931 1539">
     <span class='ocr_line' id='line_1_15' title="bbox 361 1465 1931 1539; baseline 0.003 -22"><span class='ocrx_word' id='word_1_106' title='bbox 361 1465 534 1536; x_wconf 82' lang='grc' dir='ltr'>σμένη</span> <span class='ocrx_word' id='word_1_107' title='bbox 570 1467 720 1518; x_wconf 78' lang='grc' dir='ltr'>ἐστὶν</span> <span class='ocrx_word' id='word_1_108' title='bbox 755 1467 862 1519; x_wconf 82' lang='grc' dir='ltr'>ἀπὸ</span> <span class='ocrx_word' id='word_1_109' title='bbox 889 1465 984 1518; x_wconf 90' lang='grc' dir='ltr'><strong>τοῦ</strong></span> <span class='ocrx_word' id='word_1_110' title='bbox 1016 1466 1174 1531; x_wconf 86' lang='grc' dir='ltr'>Θεοῦ,</span> <span class='ocrx_word' id='word_1_111' title='bbox 1204 1470 1297 1519; x_wconf 69' lang='grc' dir='ltr'><strong>καὶ</strong></span> <span class='ocrx_word' id='word_1_112' title='bbox 1339 1469 1608 1538; x_wconf 78' lang='grc' dir='ltr'>τὸσῶμα,</span> <span class='ocrx_word' id='word_1_113' title='bbox 1645 1469 1766 1521; x_wconf 76' lang='grc' dir='ltr'>ἐπεὶ</span> <span class='ocrx_word' id='word_1_114' title='bbox 1802 1485 1931 1539; x_wconf 87' lang='grc' dir='ltr'>μια-</span> 
     </span>
    </p>
   </div>
   <div class='ocr_carea' id='block_1_16' title="bbox 353 1559 1926 1630">
    <p class='ocr_par' dir='ltr' id='par_1_16' title="bbox 353 1559 1926 1630">
     <span class='ocr_line' id='line_1_16' title="bbox 353 1559 1926 1630; baseline 0.001 -19"><span class='ocrx_word' id='word_1_115' title='bbox 353 1561 444 1628; x_wconf 88' lang='grc' dir='ltr'><strong>ρόν</strong></span> <span class='ocrx_word' id='word_1_116' title='bbox 472 1561 609 1623; x_wconf 87' lang='grc' dir='ltr'>ὲστι,</span> <span class='ocrx_word' id='word_1_117' title='bbox 654 1560 759 1630; x_wconf 85' lang='grc' dir='ltr'>χρὴ</span> <span class='ocrx_word' id='word_1_118' title='bbox 793 1559 1145 1630; x_wconf 84' lang='grc' dir='ltr'>καθεκάστην</span> <span class='ocrx_word' id='word_1_119' title='bbox 1192 1561 1323 1614; x_wconf 72' lang='grc' dir='ltr'>αὐτὸ</span> <span class='ocrx_word' id='word_1_120' title='bbox 1371 1561 1594 1615; x_wconf 83' lang='grc' dir='ltr'>πλύνειν</span> <span class='ocrx_word' id='word_1_121' title='bbox 1643 1561 1785 1630; x_wconf 84' lang='grc' dir='ltr'>μετὰ</span> <span class='ocrx_word' id='word_1_122' title='bbox 1831 1560 1926 1614; x_wconf 87' lang='grc' dir='ltr'><strong>τοῦ</strong></span> 
     </span>
    </p>
   </div>
   <div class='ocr_carea' id='block_1_17' title="bbox 349 1646 1928 1718">
    <p class='ocr_par' dir='ltr' id='par_1_17' title="bbox 349 1646 1928 1718">
     <span class='ocr_line' id='line_1_17' title="bbox 349 1646 1928 1718; baseline -0.001 -18"><span class='ocrx_word' id='word_1_123' title='bbox 349 1647 541 1712; x_wconf 80' lang='grc' dir='ltr'>ὓδατος</span> <span class='ocrx_word' id='word_1_124' title='bbox 575 1666 588 1714; x_wconf 91' lang='grc'><strong>;</strong></span> <span class='ocrx_word' id='word_1_125' title='bbox 617 1649 679 1700; x_wconf 81' lang='lat' dir='ltr'><strong>Ei</strong></span> <span class='ocrx_word' id='word_1_126' title='bbox 712 1649 812 1718; x_wconf 84' lang='grc' dir='ltr'>μὲν</span> <span class='ocrx_word' id='word_1_127' title='bbox 838 1649 1019 1716; x_wconf 75' lang='grc' dir='ltr'>λέγεις</span> <span class='ocrx_word' id='word_1_128' title='bbox 1065 1649 1148 1702; x_wconf 85' lang='grc' dir='ltr'>ὅτι</span> <span class='ocrx_word' id='word_1_129' title='bbox 1187 1649 1275 1702; x_wconf 77' lang='grc' dir='ltr'><strong>διὰ</strong></span> <span class='ocrx_word' id='word_1_130' title='bbox 1331 1649 1392 1701; x_wconf 81' lang='grc' dir='ltr'><strong>τὸ</strong></span> <span class='ocrx_word' id='word_1_131' title='bbox 1443 1649 1715 1718; x_wconf 73' lang='grc' dir='ltr'>συμϐῆναι</span> <span class='ocrx_word' id='word_1_132' title='bbox 1776 1646 1928 1716; x_wconf 84' lang='grc' dir='ltr'>αὑτῷ</span> 
     </span>
    </p>
   </div>
   <div class='ocr_carea' id='block_1_18' title="bbox 349 1739 1929 1811">
    <p class='ocr_par' dir='ltr' id='par_1_18' title="bbox 349 1739 1929 1811">
     <span class='ocr_line' id='line_1_18' title="bbox 349 1739 1929 1811; baseline 0 -21"><span class='ocrx_word' id='word_1_133' title='bbox 349 1739 612 1809; x_wconf 66' lang='grc' dir='ltr'>μιασμόν,</span> <span class='ocrx_word' id='word_1_134' title='bbox 643 1739 754 1792; x_wconf 74' lang='grc' dir='ltr'>εἴτε</span> <span class='ocrx_word' id='word_1_135' title='bbox 785 1739 844 1805; x_wconf 76' lang='grc' dir='ltr'>ἐξ</span> <span class='ocrx_word' id='word_1_136' title='bbox 872 1740 1171 1811; x_wconf 83' lang='grc' dir='ltr'>ἁμαρτίας,</span> <span class='ocrx_word' id='word_1_137' title='bbox 1203 1739 1313 1791; x_wconf 81' lang='grc' dir='ltr'>εἴτε</span> <span class='ocrx_word' id='word_1_138' title='bbox 1343 1741 1405 1792; x_wconf 76' lang='grc' dir='ltr'>ἐκ</span> <span class='ocrx_word' id='word_1_139' title='bbox 1433 1739 1726 1809; x_wconf 80' lang='grc' dir='ltr'>ῥυπαρξας,</span> <span class='ocrx_word' id='word_1_140' title='bbox 1767 1740 1929 1806; x_wconf 84' lang='grc' dir='ltr'>ἀναγ-</span> 
     </span>
    </p>
   </div>
   <div class='ocr_carea' id='block_1_19' title="bbox 346 1828 1924 1896">
    <p class='ocr_par' dir='ltr' id='par_1_19' title="bbox 346 1828 1924 1896">
     <span class='ocr_line' id='line_1_19' title="bbox 346 1828 1924 1896; baseline -0.001 -13"><span class='ocrx_word' id='word_1_141' title='bbox 346 1831 502 1883; x_wconf 80' lang='grc' dir='ltr'>καῖόν</span> <span class='ocrx_word' id='word_1_142' title='bbox 561 1833 708 1884; x_wconf 77' lang='grc' dir='ltr'>ἐστιν</span> <span class='ocrx_word' id='word_1_143' title='bbox 760 1831 958 1884; x_wconf 86' lang='grc' dir='ltr'>πλῦναι</span> <span class='ocrx_word' id='word_1_144' title='bbox 1014 1832 1150 1884; x_wconf 77' lang='grc' dir='ltr'>αὐτὸ</span> <span class='ocrx_word' id='word_1_145' title='bbox 1209 1833 1334 1884; x_wconf 79' lang='grc' dir='ltr'>καθ’</span> <span class='ocrx_word' id='word_1_146' title='bbox 1370 1831 1581 1896; x_wconf 78' lang='grc' dir='ltr'>ὓδατος,</span> <span class='ocrx_word' id='word_1_147' title='bbox 1631 1831 1726 1882; x_wconf 73' lang='grc' dir='ltr'><strong>καὶ</strong></span> <span class='ocrx_word' id='word_1_148' title='bbox 1781 1828 1924 1882; x_wconf 75' lang='grc' dir='ltr'>οὕτω</span> 
     </span>
    </p>
   </div>
   <div class='ocr_carea' id='block_1_20' title="bbox 2050 654 3614 735">
    <p class='ocr_par' dir='ltr' id='par_1_20' title="bbox 2050 654 3614 735">
     <span class='ocr_line' id='line_1_20' title="bbox 2050 654 3614 735; baseline 0.01 -30"><span class='ocrx_word' id='word_1_149' title='bbox 2050 654 2193 717; x_wconf 90' lang='lat' dir='ltr'><strong>med,</strong></span> <span class='ocrx_word' id='word_1_150' title='bbox 2225 662 2282 706; x_wconf 89' lang='lat' dir='ltr'><strong>ut</strong></span> <span class='ocrx_word' id='word_1_151' title='bbox 2311 655 2563 708; x_wconf 86' lang='lat' dir='ltr'><strong>nimirum</strong></span> <span class='ocrx_word' id='word_1_152' title='bbox 2595 665 2764 709; x_wconf 84' lang='lat' dir='ltr'><strong>totum</strong></span> <span class='ocrx_word' id='word_1_153' title='bbox 2802 673 3001 728; x_wconf 86' lang='lat' dir='ltr'><strong>corpus</strong></span> <span class='ocrx_word' id='word_1_154' title='bbox 3030 674 3058 712; x_wconf 86' lang='lat' dir='ltr'><strong>a</strong></span> <span class='ocrx_word' id='word_1_155' title='bbox 3093 663 3294 716; x_wconf 91' lang='lat' dir='ltr'><strong>vertice</strong></span> <span class='ocrx_word' id='word_1_156' title='bbox 3326 665 3392 718; x_wconf 90' lang='lat' dir='ltr'><strong>ad</strong></span> <span class='ocrx_word' id='word_1_157' title='bbox 3428 667 3614 735; x_wconf 81' lang='lat' dir='ltr'><strong>pedes,</strong></span> 
     </span>
    </p>
   </div>
   <div class='ocr_carea' id='block_1_21' title="bbox 2045 745 3615 821">
    <p class='ocr_par' dir='ltr' id='par_1_21' title="bbox 2045 745 3615 821">
     <span class='ocr_line' id='line_1_21' title="bbox 2045 745 3615 821; baseline 0.01 -25"><span class='ocrx_word' id='word_1_158' title='bbox 2045 745 2188 799; x_wconf 77' lang='lat' dir='ltr'><strong>laves</strong></span> <span class='ocrx_word' id='word_1_159' title='bbox 2217 760 2352 814; x_wconf 86' lang='lat' dir='ltr'><strong>aqua</strong></span> <span class='ocrx_word' id='word_1_160' title='bbox 2377 747 2460 800; x_wconf 86' lang='lat' dir='ltr'><strong>vel</strong></span> <span class='ocrx_word' id='word_1_161' title='bbox 2497 748 2735 817; x_wconf 81' lang='lat' dir='ltr'><strong>pulvere.</strong></span> <span class='ocrx_word' id='word_1_162' title='bbox 2773 749 2885 804; x_wconf 90' lang='lat' dir='ltr'><strong>lmo</strong></span> <span class='ocrx_word' id='word_1_163' title='bbox 2935 753 3212 821; x_wconf 82' lang='lat' dir='ltr'><strong>pulverem</strong></span> <span class='ocrx_word' id='word_1_164' title='bbox 3267 771 3360 809; x_wconf 91' lang='lat' dir='ltr'><strong>seu</strong></span> <span class='ocrx_word' id='word_1_165' title='bbox 3413 767 3615 812; x_wconf 84' lang='lat' dir='ltr'><strong>terram</strong></span> 
     </span>
    </p>
   </div>
   <div class='ocr_carea' id='block_1_22' title="bbox 2043 837 3613 916">
    <p class='ocr_par' dir='ltr' id='par_1_22' title="bbox 2043 837 3613 916">
     <span class='ocr_line' id='line_1_22' title="bbox 2043 837 3613 916; baseline 0.01 -29"><span class='ocrx_word' id='word_1_166' title='bbox 2043 837 2241 890; x_wconf 83' lang='lat' dir='ltr'><strong>debere</strong></span> <span class='ocrx_word' id='word_1_167' title='bbox 2314 852 2436 891; x_wconf 90' lang='lat' dir='ltr'><strong>cum</strong></span> <span class='ocrx_word' id='word_1_168' title='bbox 2488 854 2740 893; x_wconf 90' lang='lat' dir='ltr'><strong>mensura</strong></span> <span class='ocrx_word' id='word_1_169' title='bbox 2810 842 3054 896; x_wconf 82' lang='lat' dir='ltr'><strong>adhiberi</strong></span> <span class='ocrx_word' id='word_1_170' title='bbox 3109 846 3330 899; x_wconf 86' lang='lat' dir='ltr'><strong>vasculo</strong></span> <span class='ocrx_word' id='word_1_171' title='bbox 3377 851 3613 916; x_wconf 89' lang='lat' dir='ltr'><strong>quodam</strong></span> 
     </span>
    </p>
   </div>
   <div class='ocr_carea' id='block_1_23' title="bbox 2041 929 3613 1005">
    <p class='ocr_par' dir='ltr' id='par_1_23' title="bbox 2041 929 3613 1005">
     <span class='ocr_line' id='line_1_23' title="bbox 2041 929 3613 1005; baseline 0.009 -27"><span class='ocrx_word' id='word_1_172' title='bbox 2041 938 2190 995; x_wconf 89' lang='lat' dir='ltr'><strong>apto,</strong></span> <span class='ocrx_word' id='word_1_173' title='bbox 2224 937 2276 980; x_wconf 92' lang='lat' dir='ltr'><strong>et</strong></span> <span class='ocrx_word' id='word_1_174' title='bbox 2301 929 2366 981; x_wconf 89' lang='lat' dir='ltr'><strong>ad</strong></span> <span class='ocrx_word' id='word_1_175' title='bbox 2391 945 2584 984; x_wconf 91' lang='lat' dir='ltr'><strong>munus</strong></span> <span class='ocrx_word' id='word_1_176' title='bbox 2604 931 2749 985; x_wconf 92' lang='lat' dir='ltr'><strong>istud</strong></span> <span class='ocrx_word' id='word_1_177' title='bbox 2773 935 3099 1002; x_wconf 91' lang='lat' dir='ltr'><strong>composito,</strong></span> <span class='ocrx_word' id='word_1_178' title='bbox 3130 952 3197 989; x_wconf 88' lang='lat' dir='ltr'><strong>ne</strong></span> <span class='ocrx_word' id='word_1_179' title='bbox 3251 938 3370 1005; x_wconf 83' lang='lat' dir='ltr'><strong>plus</strong></span> <span class='ocrx_word' id='word_1_180' title='bbox 3400 939 3478 992; x_wconf 90' lang='lat' dir='ltr'><strong>vel</strong></span> <span class='ocrx_word' id='word_1_181' title='bbox 3513 941 3613 992; x_wconf 91' lang='lat' dir='ltr'><strong>mi-</strong></span> 
     </span>
    </p>
   </div>
   <div class='ocr_carea' id='block_1_24' title="bbox 2039 1019 3610 1087">
    <p class='ocr_par' dir='ltr' id='par_1_24' title="bbox 2039 1019 3610 1087">
     <span class='ocr_line' id='line_1_24' title="bbox 2039 1019 3610 1087; baseline 0.007 -17"><span class='ocrx_word' id='word_1_182' title='bbox 2039 1031 2144 1070; x_wconf 91' lang='lat' dir='ltr'><strong>nus</strong></span> <span class='ocrx_word' id='word_1_183' title='bbox 2169 1032 2328 1085; x_wconf 86' lang='lat' dir='ltr'><strong>quam</strong></span> <span class='ocrx_word' id='word_1_184' title='bbox 2380 1033 2476 1087; x_wconf 85' lang='lat' dir='ltr'><strong>par</strong></span> <span class='ocrx_word' id='word_1_185' title='bbox 2501 1019 2594 1081; x_wconf 88' lang='lat' dir='ltr'><strong>sit,</strong></span> <span class='ocrx_word' id='word_1_186' title='bbox 2626 1021 2953 1076; x_wconf 88' lang='lat' dir='ltr'><strong>adhibeatur</strong></span> <span class='ocrx_word' id='word_1_187' title='bbox 3001 1035 3052 1077; x_wconf 90' lang='lat' dir='ltr'><strong>et</strong></span> <span class='ocrx_word' id='word_1_188' title='bbox 3091 1023 3431 1080; x_wconf 70' lang='lat' dir='ltr'><strong>infundatur.</strong></span> <span class='ocrx_word' id='word_1_189' title='bbox 3491 1025 3610 1082; x_wconf 85' lang='lat' dir='ltr'><strong>Jam</strong></span> 
     </span>
    </p>
   </div>
   <div class='ocr_carea' id='block_1_25' title="bbox 2039 1108 3610 1184">
    <p class='ocr_par' dir='ltr' id='par_1_25' title="bbox 2039 1108 3610 1184">
     <span class='ocr_line' id='line_1_25' title="bbox 2039 1108 3610 1184; baseline 0.01 -26"><span class='ocrx_word' id='word_1_190' title='bbox 2039 1122 2167 1160; x_wconf 87' lang='lat' dir='ltr'><strong>vero</strong></span> <span class='ocrx_word' id='word_1_191' title='bbox 2204 1109 2297 1161; x_wconf 89' lang='lat' dir='ltr'><strong>tibi</strong></span> <span class='ocrx_word' id='word_1_192' title='bbox 2329 1108 2449 1163; x_wconf 87' lang='lat' dir='ltr'><strong>dico</strong></span> <span class='ocrx_word' id='word_1_193' title='bbox 2479 1127 2576 1164; x_wconf 83' lang='lat' dir='ltr'><strong>nec</strong></span> <span class='ocrx_word' id='word_1_194' title='bbox 2605 1112 2671 1165; x_wconf 90' lang='lat' dir='ltr'><strong>ab</strong></span> <span class='ocrx_word' id='word_1_195' title='bbox 2715 1128 2854 1180; x_wconf 89' lang='lat' dir='ltr'><strong>aqua</strong></span> <span class='ocrx_word' id='word_1_196' title='bbox 2879 1129 2976 1167; x_wconf 88' lang='lat' dir='ltr'><strong>nec</strong></span> <span class='ocrx_word' id='word_1_197' title='bbox 3002 1130 3031 1168; x_wconf 88' lang='lat' dir='ltr'><strong>a</strong></span> <span class='ocrx_word' id='word_1_198' title='bbox 3067 1117 3308 1184; x_wconf 81' lang='lat' dir='ltr'><strong>pulvere,</strong></span> <span class='ocrx_word' id='word_1_199' title='bbox 3345 1133 3438 1172; x_wconf 90' lang='lat' dir='ltr'><strong>seu</strong></span> <span class='ocrx_word' id='word_1_200' title='bbox 3471 1127 3610 1174; x_wconf 90' lang='lat' dir='ltr'><strong>terra</strong></span> 
     </span>
    </p>
   </div>
   <div class='ocr_carea' id='block_1_26' title="bbox 2038 1201 3610 1278">
    <p class='ocr_par' dir='ltr' id='par_1_26' title="bbox 2038 1201 3610 1278">
     <span class='ocr_line' id='line_1_26' title="bbox 2038 1201 3610 1278; baseline 0.01 -27"><span class='ocrx_word' id='word_1_201' title='bbox 2038 1201 2447 1265; x_wconf 85' lang='lat' dir='ltr'><strong>potestsanatio</strong></span> <span class='ocrx_word' id='word_1_202' title='bbox 2475 1202 2670 1256; x_wconf 64' lang='lat' dir='ltr'><strong>animae</strong></span> <span class='ocrx_word' id='word_1_203' title='bbox 2729 1205 3031 1260; x_wconf 83' lang='lat' dir='ltr'><strong>conciliari.</strong></span> <span class='ocrx_word' id='word_1_204' title='bbox 3064 1206 3216 1272; x_wconf 81' lang='lat' dir='ltr'><strong>Quod</strong></span> <span class='ocrx_word' id='word_1_205' title='bbox 3254 1210 3298 1262; x_wconf 90' lang='lat' dir='ltr'><strong>si</strong></span> <span class='ocrx_word' id='word_1_206' title='bbox 3348 1214 3610 1278; x_wconf 82' lang='lat' dir='ltr'><strong>regeratis</strong></span> 
     </span>
    </p>
   </div>
   <div class='ocr_carea' id='block_1_27' title="bbox 2037 1289 3608 1370">
    <p class='ocr_par' dir='ltr' id='par_1_27' title="bbox 2037 1289 3608 1370">
     <span class='ocr_line' id='line_1_27' title="bbox 2037 1289 3608 1370; baseline 0.009 -31"><span class='ocrx_word' id='word_1_207' title='bbox 2037 1289 2272 1341; x_wconf 86' lang='lat' dir='ltr'><strong>animam</strong></span> <span class='ocrx_word' id='word_1_208' title='bbox 2301 1305 2423 1344; x_wconf 81' lang='lat' dir='ltr'><strong>esse</strong></span> <span class='ocrx_word' id='word_1_209' title='bbox 2450 1302 2717 1358; x_wconf 84' lang='lat' dir='ltr'><strong>sanctam,</strong></span> <span class='ocrx_word' id='word_1_210' title='bbox 2750 1311 2847 1348; x_wconf 85' lang='lat' dir='ltr'><strong>nec</strong></span> <span class='ocrx_word' id='word_1_211' title='bbox 2895 1296 2967 1349; x_wconf 88' lang='lat' dir='ltr'><strong>illi</strong></span> <span class='ocrx_word' id='word_1_212' title='bbox 3033 1313 3168 1365; x_wconf 76' lang='lat' dir='ltr'><strong>Opus</strong></span> <span class='ocrx_word' id='word_1_213' title='bbox 3199 1315 3317 1352; x_wconf 90' lang='lat' dir='ltr'><strong>esse</strong></span> <span class='ocrx_word' id='word_1_214' title='bbox 3349 1310 3408 1353; x_wconf 91' lang='lat' dir='ltr'><strong>ut</strong></span> <span class='ocrx_word' id='word_1_215' title='bbox 3471 1315 3608 1370; x_wconf 83' lang='lat' dir='ltr'><strong>aqua</strong></span> 
     </span>
    </p>
   </div>
   <div class='ocr_carea' id='block_1_28' title="bbox 2035 1381 3609 1456">
    <p class='ocr_par' dir='ltr' id='par_1_28' title="bbox 2035 1381 3609 1456">
     <span class='ocr_line' id='line_1_28' title="bbox 2035 1381 3609 1456; baseline 0.009 -24"><span class='ocrx_word' id='word_1_216' title='bbox 2035 1381 2117 1434; x_wconf 87' lang='lat' dir='ltr'><strong>vel</strong></span> <span class='ocrx_word' id='word_1_217' title='bbox 2154 1381 2373 1448; x_wconf 75' lang='lat' dir='ltr'><strong>pulvere</strong></span> <span class='ocrx_word' id='word_1_218' title='bbox 2416 1386 2810 1451; x_wconf 84' lang='lat' dir='ltr'><strong>sanetiticetnr,</strong></span> <span class='ocrx_word' id='word_1_219' title='bbox 2857 1405 2955 1456; x_wconf 80' lang='lat' dir='ltr'><strong>ego</strong></span> <span class='ocrx_word' id='word_1_220' title='bbox 3001 1404 3126 1442; x_wconf 86' lang='lat' dir='ltr'><strong>vero</strong></span> <span class='ocrx_word' id='word_1_221' title='bbox 3187 1390 3330 1444; x_wconf 85' lang='lat' dir='ltr'><strong>insto</strong></span> <span class='ocrx_word' id='word_1_222' title='bbox 3385 1403 3441 1445; x_wconf 91' lang='lat' dir='ltr'><strong>et</strong></span> <span class='ocrx_word' id='word_1_223' title='bbox 3486 1394 3609 1446; x_wconf 83' lang='lat' dir='ltr'><strong>dico</strong></span> 
     </span>
    </p>
   </div>
   <div class='ocr_carea' id='block_1_29' title="bbox 2031 1471 3606 1549">
    <p class='ocr_par' dir='ltr' id='par_1_29' title="bbox 2031 1471 3606 1549">
     <span class='ocr_line' id='line_1_29' title="bbox 2031 1471 3606 1549; baseline 0.01 -27"><span class='ocrx_word' id='word_1_224' title='bbox 2031 1471 2265 1524; x_wconf 89' lang='lat' dir='ltr'><strong>animam</strong></span> <span class='ocrx_word' id='word_1_225' title='bbox 2299 1473 2502 1525; x_wconf 88' lang='lat' dir='ltr'><strong>unitam</strong></span> <span class='ocrx_word' id='word_1_226' title='bbox 2545 1491 2664 1528; x_wconf 76' lang='lat' dir='ltr'><strong>esse</strong></span> <span class='ocrx_word' id='word_1_227' title='bbox 2687 1482 2921 1546; x_wconf 86' lang='lat' dir='ltr'><strong>corpori.</strong></span> <span class='ocrx_word' id='word_1_228' title='bbox 2957 1478 3034 1532; x_wconf 95' lang='lat' dir='ltr'><strong>Tu</strong></span> <span class='ocrx_word' id='word_1_229' title='bbox 3061 1496 3186 1534; x_wconf 83' lang='lat' dir='ltr'><strong>vero</strong></span> <span class='ocrx_word' id='word_1_230' title='bbox 3213 1487 3482 1549; x_wconf 88' lang='lat' dir='ltr'><strong>quomodo</strong></span> <span class='ocrx_word' id='word_1_231' title='bbox 3517 1501 3606 1536; x_wconf 86' lang='lat' dir='ltr'><strong>as-</strong></span> 
     </span>
    </p>
   </div>
   <div class='ocr_carea' id='block_1_30' title="bbox 2030 1563 3598 1640">
    <p class='ocr_par' dir='ltr' id='par_1_30' title="bbox 2030 1563 3598 1640">
     <span class='ocr_line' id='line_1_30' title="bbox 2030 1563 3598 1640; baseline 0.01 -26"><span class='ocrx_word' id='word_1_232' title='bbox 2030 1563 2170 1614; x_wconf 85' lang='lat' dir='ltr'><strong>seris</strong></span> <span class='ocrx_word' id='word_1_233' title='bbox 2195 1565 2429 1614; x_wconf 85' lang='lat' dir='ltr'><strong>animam</strong></span> <span class='ocrx_word' id='word_1_234' title='bbox 2469 1581 2495 1616; x_wconf 89' lang='lat' dir='ltr'><strong>a</strong></span> <span class='ocrx_word' id='word_1_235' title='bbox 2531 1565 2641 1618; x_wconf 90' lang='lat' dir='ltr'><strong>Deo</strong></span> <span class='ocrx_word' id='word_1_236' title='bbox 2678 1571 3032 1630; x_wconf 77' lang='lat' dir='ltr'><strong>sanctilii-ari,</strong></span> <span class='ocrx_word' id='word_1_237' title='bbox 3070 1587 3270 1640; x_wconf 89' lang='lat' dir='ltr'><strong>corpus</strong></span> <span class='ocrx_word' id='word_1_238' title='bbox 3302 1589 3430 1628; x_wconf 91' lang='lat' dir='ltr'><strong>vero</strong></span> <span class='ocrx_word' id='word_1_239' title='bbox 3476 1593 3598 1628; x_wconf 88' lang='lat' dir='ltr'><strong>cum</strong></span> 
     </span>
    </p>
   </div>
   <div class='ocr_carea' id='block_1_31' title="bbox 2028 1653 3596 1732">
    <p class='ocr_par' dir='ltr' id='par_1_31' title="bbox 2028 1653 3596 1732">
     <span class='ocr_line' id='line_1_31' title="bbox 2028 1653 3596 1732; baseline 0.008 -28"><span class='ocrx_word' id='word_1_240' title='bbox 2028 1662 2112 1704; x_wconf 87' lang='lat' dir='ltr'><strong>est</strong></span> <span class='ocrx_word' id='word_1_241' title='bbox 2135 1653 2558 1706; x_wconf 83' lang='lat' dir='ltr'><strong>contaminatum</strong></span> <span class='ocrx_word' id='word_1_242' title='bbox 2596 1656 2793 1710; x_wconf 79' lang='lat' dir='ltr'><strong>debere</strong></span> <span class='ocrx_word' id='word_1_243' title='bbox 2823 1659 3050 1728; x_wconf 79' lang='lat' dir='ltr'><strong>singulis</strong></span> <span class='ocrx_word' id='word_1_244' title='bbox 3096 1663 3281 1716; x_wconf 87' lang='lat' dir='ltr'><strong>diebus</strong></span> <span class='ocrx_word' id='word_1_245' title='bbox 3337 1679 3475 1732; x_wconf 84' lang='lat' dir='ltr'><strong>aqua</strong></span> <span class='ocrx_word' id='word_1_246' title='bbox 3523 1665 3596 1716; x_wconf 87' lang='lat' dir='ltr'><strong>la-</strong></span> 
     </span>
    </p>
   </div>
   <div class='ocr_carea' id='block_1_32' title="bbox 2029 1746 3604 1822">
    <p class='ocr_par' dir='ltr' id='par_1_32' title="bbox 2029 1746 3604 1822">
     <span class='ocr_line' id='line_1_32' title="bbox 2029 1746 3604 1822; baseline 0.008 -26"><span class='ocrx_word' id='word_1_247' title='bbox 2029 1746 2212 1797; x_wconf 85' lang='lat' dir='ltr'><strong>variet</strong></span> <span class='ocrx_word' id='word_1_248' title='bbox 2243 1746 2510 1813; x_wconf 75' lang='lat' dir='ltr'><strong>purgari?</strong></span> <span class='ocrx_word' id='word_1_249' title='bbox 2550 1746 2604 1800; x_wconf 89' lang='lat' dir='ltr'><strong>Si</strong></span> <span class='ocrx_word' id='word_1_250' title='bbox 2645 1764 2859 1818; x_wconf 83' lang='lat' dir='ltr'><strong>regeras</strong></span> <span class='ocrx_word' id='word_1_251' title='bbox 2911 1751 3030 1804; x_wconf 89' lang='lat' dir='ltr'><strong>ideo</strong></span> <span class='ocrx_word' id='word_1_252' title='bbox 3074 1753 3174 1806; x_wconf 87' lang='lat' dir='ltr'><strong>hoc</strong></span> <span class='ocrx_word' id='word_1_253' title='bbox 3223 1752 3335 1806; x_wconf 86' lang='lat' dir='ltr'><strong>ﬁeri</strong></span> <span class='ocrx_word' id='word_1_254' title='bbox 3385 1765 3604 1822; x_wconf 82' lang='lat' dir='ltr'><strong>propter</strong></span> 
     </span>
    </p>
   </div>
   <div class='ocr_carea' id='block_1_33' title="bbox 2027 1837 3601 1910">
    <p class='ocr_par' dir='ltr' id='par_1_33' title="bbox 2027 1837 3601 1910">
     <span class='ocr_line' id='line_1_33' title="bbox 2027 1837 3601 1910; baseline 0.008 -23"><span class='ocrx_word' id='word_1_255' title='bbox 2027 1837 2547 1889; x_wconf 82' lang='lat' dir='ltr'><strong>contaminationem</strong></span> <span class='ocrx_word' id='word_1_256' title='bbox 2580 1853 2645 1891; x_wconf 82' lang='lat' dir='ltr'><strong>ex</strong></span> <span class='ocrx_word' id='word_1_257' title='bbox 2701 1851 2921 1907; x_wconf 86' lang='lat' dir='ltr'><strong>peccato</strong></span> <span class='ocrx_word' id='word_1_258' title='bbox 2953 1842 3034 1894; x_wconf 91' lang='lat' dir='ltr'><strong>vel</strong></span> <span class='ocrx_word' id='word_1_259' title='bbox 3089 1858 3153 1896; x_wconf 76' lang='lat' dir='ltr'><strong>ex</strong></span> <span class='ocrx_word' id='word_1_260' title='bbox 3215 1845 3484 1910; x_wconf 71' lang='lat' dir='ltr'><strong>Sardibus,</strong></span> <span class='ocrx_word' id='word_1_261' title='bbox 3536 1862 3601 1900; x_wconf 87' lang='lat' dir='ltr'><strong>ac</strong></span> 
     </span>
    </p>
   </div>
   <div class='ocr_carea' id='block_1_34' title="bbox 349 1908 1911 2003">
    <p class='ocr_par' dir='ltr' id='par_1_34' title="bbox 349 1920 1911 1994">
     <span class='ocr_line' id='line_1_34' title="bbox 349 1920 1911 1994; baseline 0 -22"><span class='ocrx_word' id='word_1_262' title='bbox 349 1921 628 1990; x_wconf 80' lang='grc' dir='ltr'>εΰχεσθαι.</span> <span class='ocrx_word' id='word_1_263' title='bbox 661 1920 829 1988; x_wconf 78' lang='grc' dir='ltr'>Κάγὼ</span> <span class='ocrx_word' id='word_1_264' title='bbox 859 1922 1021 1990; x_wconf 79' lang='grc' dir='ltr'>λέγω,</span> <span class='ocrx_word' id='word_1_265' title='bbox 1047 1923 1129 1975; x_wconf 85' lang='grc' dir='ltr'><strong>ὅτι</strong></span> <span class='ocrx_word' id='word_1_266' title='bbox 1158 1924 1191 1994; x_wconf 85' lang='grc' dir='ltr'>ὴ</span> <span class='ocrx_word' id='word_1_267' title='bbox 1239 1923 1409 1992; x_wconf 74' lang='grc' dir='ltr'>ψυχὴ,</span> <span class='ocrx_word' id='word_1_268' title='bbox 1444 1923 1537 1975; x_wconf 77' lang='grc' dir='ltr'><strong>καὶ</strong></span> <span class='ocrx_word' id='word_1_269' title='bbox 1573 1922 1634 1974; x_wconf 87' lang='grc' dir='ltr'><strong>τὸ</strong></span> <span class='ocrx_word' id='word_1_270' title='bbox 1672 1921 1834 1991; x_wconf 86' lang='grc' dir='ltr'>σῶμα</span> <span class='ocrx_word' id='word_1_271' title='bbox 1864 1921 1911 1973; x_wconf 67' lang='lat' dir='ltr'><strong>Ei</strong></span> 
     </span>
    </p>
   </div>
   <div class='ocr_carea' id='block_1_35' title="bbox 2015 1908 3598 2003">
    <p class='ocr_par' dir='ltr' id='par_1_35' title="bbox 2029 1930 3598 2003">
     <span class='ocr_line' id='line_1_35' title="bbox 2029 1930 3598 2003; baseline 0.004 -22"><span class='ocrx_word' id='word_1_272' title='bbox 2029 1930 2256 1996; x_wconf 89' lang='lat' dir='ltr'><strong>proinde</strong></span> <span class='ocrx_word' id='word_1_273' title='bbox 2289 1945 2425 1997; x_wconf 80' lang='lat' dir='ltr'><strong>Opus</strong></span> <span class='ocrx_word' id='word_1_274' title='bbox 2457 1946 2578 1984; x_wconf 84' lang='lat' dir='ltr'><strong>esse</strong></span> <span class='ocrx_word' id='word_1_275' title='bbox 2601 1942 2658 1984; x_wconf 90' lang='lat' dir='ltr'><strong>ut</strong></span> <span class='ocrx_word' id='word_1_276' title='bbox 2695 1948 2830 2001; x_wconf 87' lang='lat' dir='ltr'><strong>aqua</strong></span> <span class='ocrx_word' id='word_1_277' title='bbox 2856 1946 3133 2003; x_wconf 76' lang='lat' dir='ltr'><strong>purgetur,</strong></span> <span class='ocrx_word' id='word_1_278' title='bbox 3169 1947 3222 1988; x_wconf 91' lang='lat' dir='ltr'><strong>et</strong></span> <span class='ocrx_word' id='word_1_279' title='bbox 3260 1946 3441 2003; x_wconf 89' lang='lat' dir='ltr'><strong>postea</strong></span> <span class='ocrx_word' id='word_1_280' title='bbox 3475 1952 3598 1990; x_wconf 88' lang='lat' dir='ltr'><strong>ora-</strong></span> 
     </span>
    </p>
   </div>
   <div class='ocr_carea' id='block_1_36' title="bbox 343 2013 1918 2082">
    <p class='ocr_par' dir='ltr' id='par_1_36' title="bbox 343 2013 1918 2082">
     <span class='ocr_line' id='line_1_36' title="bbox 343 2013 1918 2082; baseline -0.002 -17"><span class='ocrx_word' id='word_1_281' title='bbox 343 2017 525 2066; x_wconf 79' lang='grc' dir='ltr'>ὲστινο</span> <span class='ocrx_word' id='word_1_282' title='bbox 557 2016 652 2068; x_wconf 67' lang='grc' dir='ltr'><strong>καὶ</strong></span> <span class='ocrx_word' id='word_1_283' title='bbox 690 2015 800 2067; x_wconf 85' lang='grc' dir='ltr'><strong>τῶν</strong></span> <span class='ocrx_word' id='word_1_284' title='bbox 835 2013 928 2066; x_wconf 78' lang='grc' dir='ltr'>δύο</span> <span class='ocrx_word' id='word_1_285' title='bbox 963 2015 1113 2068; x_wconf 75' lang='grc' dir='ltr'>ἐστὶν</span> <span class='ocrx_word' id='word_1_286' title='bbox 1169 2015 1278 2067; x_wconf 82' lang='grc' dir='ltr'>ἀπὸ</span> <span class='ocrx_word' id='word_1_287' title='bbox 1306 2014 1401 2067; x_wconf 90' lang='grc' dir='ltr'><strong>τοῦ</strong></span> <span class='ocrx_word' id='word_1_288' title='bbox 1436 2014 1570 2066; x_wconf 86' lang='grc' dir='ltr'>Θεοῦ</span> <span class='ocrx_word' id='word_1_289' title='bbox 1627 2013 1918 2082; x_wconf 76' lang='grc' dir='ltr'>ἁγιασμὸς,</span> 
     </span>
    </p>
   </div>
   <div class='ocr_carea' id='block_1_37' title="bbox 341 2104 1917 2176">
    <p class='ocr_par' dir='ltr' id='par_1_37' title="bbox 341 2104 1917 2176">
     <span class='ocr_line' id='line_1_37' title="bbox 341 2104 1917 2176; baseline -0.001 -18"><span class='ocrx_word' id='word_1_290' title='bbox 341 2109 446 2176; x_wconf 77' lang='grc' dir='ltr'><strong>τῆς</strong></span> <span class='ocrx_word' id='word_1_291' title='bbox 473 2107 670 2176; x_wconf 75' lang='grc' dir='ltr'>ψυχῆς,</span> <span class='ocrx_word' id='word_1_292' title='bbox 709 2107 929 2160; x_wconf 77' lang='grc' dir='ltr'>καὶτοῦ</span> <span class='ocrx_word' id='word_1_293' title='bbox 986 2107 1262 2176; x_wconf 84' lang='grc' dir='ltr'>σώματος,</span> <span class='ocrx_word' id='word_1_294' title='bbox 1293 2106 1483 2176; x_wconf 84' lang='grc' dir='ltr'>ὥσπερ</span> <span class='ocrx_word' id='word_1_295' title='bbox 1533 2106 1629 2158; x_wconf 76' lang='grc' dir='ltr'><strong>καὶ</strong></span> <span class='ocrx_word' id='word_1_296' title='bbox 1685 2107 1781 2158; x_wconf 77' lang='grc' dir='ltr'><strong>ἐπὶ</strong></span> <span class='ocrx_word' id='word_1_297' title='bbox 1823 2104 1917 2157; x_wconf 85' lang='grc' dir='ltr'><strong>τοῦ</strong></span> 
     </span>
    </p>
   </div>
   <div class='ocr_carea' id='block_1_38' title="bbox 344 2195 1917 2267">
    <p class='ocr_par' dir='ltr' id='par_1_38' title="bbox 344 2195 1917 2267">
     <span class='ocr_line' id='line_1_38' title="bbox 344 2195 1917 2267; baseline 0 -20"><span class='ocrx_word' id='word_1_298' title='bbox 344 2195 586 2265; x_wconf 77' lang='grc' dir='ltr'>μιασμοῦ</span> <span class='ocrx_word' id='word_1_299' title='bbox 633 2197 922 2267; x_wconf 79' lang='grc' dir='ltr'>ἀμφότερα</span> <span class='ocrx_word' id='word_1_300' title='bbox 972 2199 1308 2266; x_wconf 84' lang='grc' dir='ltr'>τυγχάνουσι</span> <span class='ocrx_word' id='word_1_301' title='bbox 1367 2198 1595 2267; x_wconf 81' lang='grc' dir='ltr'>μέτοχα.</span> <span class='ocrx_word' id='word_1_302' title='bbox 1649 2197 1760 2248; x_wconf 87' lang='lat' dir='ltr'><strong>Kal</strong></span> <span class='ocrx_word' id='word_1_303' title='bbox 1805 2199 1917 2248; x_wconf 85' lang='grc' dir='ltr'><strong>πᾶν</strong></span> 
     </span>
    </p>
   </div>
   <div class='ocr_carea' id='block_1_39' title="bbox 343 2290 1911 2362">
    <p class='ocr_par' dir='ltr' id='par_1_39' title="bbox 343 2290 1911 2362">
     <span class='ocr_line' id='line_1_39' title="bbox 343 2290 1911 2362; baseline 0.003 -22"><span class='ocrx_word' id='word_1_304' title='bbox 343 2290 488 2361; x_wconf 79' lang='grc' dir='ltr'>ἱερὸν</span> <span class='ocrx_word' id='word_1_305' title='bbox 519 2293 712 2360; x_wconf 80' lang='grc' dir='ltr'>μιαρὸν</span> <span class='ocrx_word' id='word_1_306' title='bbox 737 2291 797 2344; x_wconf 77' lang='grc' dir='ltr'>οὐ</span> <span class='ocrx_word' id='word_1_307' title='bbox 848 2291 1058 2360; x_wconf 88' lang='grc' dir='ltr'>γίνεται</span> <span class='ocrx_word' id='word_1_308' title='bbox 1099 2293 1345 2360; x_wconf 84' lang='grc' dir='ltr'>πώποτε,</span> <span class='ocrx_word' id='word_1_309' title='bbox 1379 2293 1580 2361; x_wconf 82' lang='grc' dir='ltr'>μᾶλλον</span> <span class='ocrx_word' id='word_1_310' title='bbox 1609 2293 1667 2345; x_wconf 77' lang='grc' dir='ltr'>τὸ</span> <span class='ocrx_word' id='word_1_311' title='bbox 1714 2292 1911 2362; x_wconf 74' lang='grc' dir='ltr'>μιαρὸν</span> 
     </span>
    </p>
   </div>
   <div class='ocr_carea' id='block_1_40' title="bbox 336 2382 1912 2454">
    <p class='ocr_par' dir='ltr' id='par_1_40' title="bbox 336 2382 1912 2454">
     <span class='ocr_line' id='line_1_40' title="bbox 336 2382 1912 2454; baseline 0.002 -20"><span class='ocrx_word' id='word_1_312' title='bbox 336 2382 634 2446; x_wconf 77' lang='grc' dir='ltr'>ἁγιάζεται</span> <span class='ocrx_word' id='word_1_313' title='bbox 697 2385 790 2436; x_wconf 69' lang='grc' dir='ltr'>καὶ</span> <span class='ocrx_word' id='word_1_314' title='bbox 826 2383 1088 2453; x_wconf 87' lang='grc' dir='ltr'>ίεροῦται.</span> <span class='ocrx_word' id='word_1_315' title='bbox 1124 2385 1235 2437; x_wconf 84' lang='lat' dir='ltr'><strong>Kal</strong></span> <span class='ocrx_word' id='word_1_316' title='bbox 1269 2385 1364 2437; x_wconf 77' lang='grc' dir='ltr'>ἐὰν</span> <span class='ocrx_word' id='word_1_317' title='bbox 1396 2385 1456 2437; x_wconf 84' lang='grc' dir='ltr'><strong>τὸ</strong></span> <span class='ocrx_word' id='word_1_318' title='bbox 1493 2383 1636 2454; x_wconf 83' lang='grc' dir='ltr'>ἱερὸν</span> <span class='ocrx_word' id='word_1_319' title='bbox 1688 2385 1912 2454; x_wconf 80' lang='grc' dir='ltr'>μιανθῇ,</span> 
     </span>
    </p>
   </div>
   <div class='ocr_carea' id='block_1_41' title="bbox 334 2473 1912 2546">
    <p class='ocr_par' dir='ltr' id='par_1_41' title="bbox 334 2473 1912 2546">
     <span class='ocr_line' id='line_1_41' title="bbox 334 2473 1912 2546; baseline 0.017 -23"><span class='ocrx_word' id='word_1_320' title='bbox 334 2473 436 2542; x_wconf 74' lang='grc' dir='ltr'>οὐχ</span> <span class='ocrx_word' id='word_1_321' title='bbox 465 2473 750 2539; x_wconf 78' lang='grc' dir='ltr'>ἁγιάζεται</span> <span class='ocrx_word' id='word_1_322' title='bbox 775 2475 925 2546; x_wconf 71' lang='grc' dir='ltr'>παρὰ</span> <span class='ocrx_word' id='word_1_323' title='bbox 969 2475 1064 2528; x_wconf 79' lang='grc' dir='ltr'><strong>τοῦ</strong></span> <span class='ocrx_word' id='word_1_324' title='bbox 1097 2475 1286 2539; x_wconf 73' lang='grc' dir='ltr'>ὓδατος</span> <span class='ocrx_word' id='word_1_325' title='bbox 1310 2475 1551 2529; x_wconf 72' lang='grc' dir='ltr'>πώποτε·</span> <span class='ocrx_word' id='word_1_326' title='bbox 1603 2473 1768 2546; x_wconf 61' lang='grc' dir='ltr'>Ὁρᾷς</span> <span class='ocrx_word' id='word_1_327' title='bbox 1812 2475 1912 2528; x_wconf 63' lang='grc' dir='ltr'><strong>ἀεὶ</strong></span> 
     </span>
    </p>
   </div>
   <div class='ocr_carea' id='block_1_42' title="bbox 337 2559 862 2631">
    <p class='ocr_par' dir='ltr' id='par_1_42' title="bbox 337 2559 862 2631">
     <span class='ocr_line' id='line_1_42' title="bbox 337 2559 862 2631; baseline 0.01 -21"><span class='ocrx_word' id='word_1_328' title='bbox 337 2559 460 2621; x_wconf 84' lang='grc' dir='ltr'><strong>πῶς</strong></span> <span class='ocrx_word' id='word_1_329' title='bbox 490 2561 862 2631; x_wconf 82' lang='grc' dir='ltr'>πεπλάνησαι.</span> 
     </span>
    </p>
   </div>
   <div class='ocr_carea' id='block_1_43' title="bbox 2031 2017 3598 2088">
    <p class='ocr_par' dir='ltr' id='par_1_43' title="bbox 2031 2017 3598 2088">
     <span class='ocr_line' id='line_1_43' title="bbox 2031 2017 3598 2088; baseline 0.007 -19"><span class='ocrx_word' id='word_1_330' title='bbox 2031 2017 2160 2069; x_wconf 91' lang='lat' dir='ltr'><strong>tioni</strong></span> <span class='ocrx_word' id='word_1_331' title='bbox 2194 2027 2450 2084; x_wconf 88' lang='lat' dir='ltr'><strong>vacetnr;</strong></span> <span class='ocrx_word' id='word_1_332' title='bbox 2483 2034 2581 2087; x_wconf 82' lang='lat' dir='ltr'><strong>ego</strong></span> <span class='ocrx_word' id='word_1_333' title='bbox 2607 2020 2768 2072; x_wconf 88' lang='lat' dir='ltr'><strong>etiam</strong></span> <span class='ocrx_word' id='word_1_334' title='bbox 2802 2036 2970 2088; x_wconf 71' lang='lat' dir='ltr'><strong>arguo</strong></span> <span class='ocrx_word' id='word_1_335' title='bbox 3000 2031 3057 2075; x_wconf 91' lang='lat' dir='ltr'><strong>et</strong></span> <span class='ocrx_word' id='word_1_336' title='bbox 3103 2023 3224 2076; x_wconf 82' lang='lat' dir='ltr'><strong>dico</strong></span> <span class='ocrx_word' id='word_1_337' title='bbox 3267 2026 3503 2078; x_wconf 84' lang='lat' dir='ltr'><strong>animam</strong></span> <span class='ocrx_word' id='word_1_338' title='bbox 3543 2036 3598 2080; x_wconf 87' lang='lat' dir='ltr'><strong>et</strong></span> 
     </span>
    </p>
   </div>
   <div class='ocr_carea' id='block_1_44' title="bbox 2025 2109 3593 2177">
    <p class='ocr_par' dir='ltr' id='par_1_44' title="bbox 2025 2109 3593 2177">
     <span class='ocr_line' id='line_1_44' title="bbox 2025 2109 3593 2177; baseline 0.004 -17"><span class='ocrx_word' id='word_1_339' title='bbox 2025 2121 2222 2173; x_wconf 80' lang='lat' dir='ltr'><strong>Corpus</strong></span> <span class='ocrx_word' id='word_1_340' title='bbox 2276 2122 2440 2159; x_wconf 90' lang='lat' dir='ltr'><strong>unum</strong></span> <span class='ocrx_word' id='word_1_341' title='bbox 2473 2121 2527 2161; x_wconf 89' lang='lat' dir='ltr'><strong>et</strong></span> <span class='ocrx_word' id='word_1_342' title='bbox 2563 2109 2702 2160; x_wconf 88' lang='lat' dir='ltr'><strong>idem</strong></span> <span class='ocrx_word' id='word_1_343' title='bbox 2725 2123 2844 2162; x_wconf 89' lang='lat' dir='ltr'><strong>esse</strong></span> <span class='ocrx_word' id='word_1_344' title='bbox 2874 2112 3049 2177; x_wconf 89' lang='lat' dir='ltr'><strong>quoad</strong></span> <span class='ocrx_word' id='word_1_345' title='bbox 3074 2113 3593 2177; x_wconf 83' lang='lat' dir='ltr'><strong>sanctilicatianm,</strong></span> 
     </span>
    </p>
   </div>
   <div class='ocr_carea' id='block_1_45' title="bbox 2022 2197 3585 2268">
    <p class='ocr_par' dir='ltr' id='par_1_45' title="bbox 2022 2197 3585 2268">
     <span class='ocr_line' id='line_1_45' title="bbox 2022 2197 3585 2268; baseline 0.006 -20"><span class='ocrx_word' id='word_1_346' title='bbox 2022 2208 2075 2249; x_wconf 91' lang='lat' dir='ltr'><strong>et</strong></span> <span class='ocrx_word' id='word_1_347' title='bbox 2101 2207 2388 2264; x_wconf 90' lang='lat' dir='ltr'><strong>utrumque</strong></span> <span class='ocrx_word' id='word_1_348' title='bbox 2413 2213 2440 2250; x_wconf 84' lang='lat' dir='ltr'><strong>a</strong></span> <span class='ocrx_word' id='word_1_349' title='bbox 2477 2197 2585 2252; x_wconf 90' lang='lat' dir='ltr'><strong>Deo</strong></span> <span class='ocrx_word' id='word_1_350' title='bbox 2613 2200 2831 2268; x_wconf 75' lang='lat' dir='ltr'><strong>purgari</strong></span> <span class='ocrx_word' id='word_1_351' title='bbox 2860 2209 2914 2254; x_wconf 92' lang='lat' dir='ltr'><strong>et</strong></span> <span class='ocrx_word' id='word_1_352' title='bbox 2940 2203 3294 2266; x_wconf 87' lang='lat' dir='ltr'><strong>sanctilicari,</strong></span> <span class='ocrx_word' id='word_1_353' title='bbox 3327 2205 3585 2258; x_wconf 85' lang='lat' dir='ltr'><strong>nimirum</strong></span> 
     </span>
    </p>
   </div>
   <div class='ocr_carea' id='block_1_46' title="bbox 2019 2287 3594 2355">
    <p class='ocr_par' dir='ltr' id='par_1_46' title="bbox 2019 2287 3594 2355">
     <span class='ocr_line' id='line_1_46' title="bbox 2019 2287 3594 2355; baseline 0.006 -16"><span class='ocrx_word' id='word_1_354' title='bbox 2019 2287 2252 2340; x_wconf 85' lang='lat' dir='ltr'><strong>animam</strong></span> <span class='ocrx_word' id='word_1_355' title='bbox 2281 2298 2334 2342; x_wconf 91' lang='lat' dir='ltr'><strong>et</strong></span> <span class='ocrx_word' id='word_1_356' title='bbox 2362 2304 2577 2355; x_wconf 90' lang='lat' dir='ltr'><strong>corpus,</strong></span> <span class='ocrx_word' id='word_1_357' title='bbox 2604 2305 2725 2343; x_wconf 90' lang='lat' dir='ltr'><strong>cum</strong></span> <span class='ocrx_word' id='word_1_358' title='bbox 2769 2291 2928 2344; x_wconf 87' lang='lat' dir='ltr'><strong>ambo</strong></span> <span class='ocrx_word' id='word_1_359' title='bbox 2976 2294 3200 2347; x_wconf 84' lang='lat' dir='ltr'><strong>maculis</strong></span> <span class='ocrx_word' id='word_1_360' title='bbox 3246 2306 3300 2347; x_wconf 86' lang='lat' dir='ltr'><strong>et</strong></span> <span class='ocrx_word' id='word_1_361' title='bbox 3345 2296 3594 2348; x_wconf 73' lang='lat' dir='ltr'><strong>sordibus</strong></span> 
     </span>
    </p>
   </div>
   <div class='ocr_carea' id='block_1_47' title="bbox 2021 2383 3586 2451">
    <p class='ocr_par' dir='ltr' id='par_1_47' title="bbox 2021 2383 3586 2451">
     <span class='ocr_line' id='line_1_47' title="bbox 2021 2383 3586 2451; baseline 0.003 -17"><span class='ocrx_word' id='word_1_362' title='bbox 2021 2383 2130 2434; x_wconf 91' lang='lat' dir='ltr'><strong>sint</strong></span> <span class='ocrx_word' id='word_1_363' title='bbox 2193 2383 2500 2451; x_wconf 80' lang='lat' dir='ltr'><strong>participes.</strong></span> <span class='ocrx_word' id='word_1_364' title='bbox 2533 2383 2599 2435; x_wconf 83' lang='lat' dir='ltr'><strong>Et</strong></span> <span class='ocrx_word' id='word_1_365' title='bbox 2649 2399 2811 2438; x_wconf 89' lang='lat' dir='ltr'><strong>omne</strong></span> <span class='ocrx_word' id='word_1_366' title='bbox 2859 2395 3108 2438; x_wconf 90' lang='lat' dir='ltr'><strong>sanctum</strong></span> <span class='ocrx_word' id='word_1_367' title='bbox 3158 2387 3586 2439; x_wconf 87' lang='lat' dir='ltr'><strong>contaminatum</strong></span> 
     </span>
    </p>
   </div>
   <div class='ocr_carea' id='block_1_48' title="bbox 2024 2474 3588 2544">
    <p class='ocr_par' dir='ltr' id='par_1_48' title="bbox 2024 2474 3588 2544">
     <span class='ocr_line' id='line_1_48' title="bbox 2024 2474 3588 2544; baseline 0.006 -21"><span class='ocrx_word' id='word_1_368' title='bbox 2024 2489 2128 2527; x_wconf 92' lang='lat' dir='ltr'><strong>non</strong></span> <span class='ocrx_word' id='word_1_369' title='bbox 2155 2474 2356 2536; x_wconf 78' lang='lat' dir='ltr'><strong>evadit,</strong></span> <span class='ocrx_word' id='word_1_370' title='bbox 2390 2474 2483 2527; x_wconf 85' lang='lat' dir='ltr'><strong>sed</strong></span> <span class='ocrx_word' id='word_1_371' title='bbox 2519 2475 2660 2541; x_wconf 90' lang='lat' dir='ltr'><strong>quod</strong></span> <span class='ocrx_word' id='word_1_372' title='bbox 2693 2483 2776 2528; x_wconf 91' lang='lat' dir='ltr'><strong>est</strong></span> <span class='ocrx_word' id='word_1_373' title='bbox 2816 2476 3159 2544; x_wconf 88' lang='lat' dir='ltr'><strong>inquinatum</strong></span> <span class='ocrx_word' id='word_1_374' title='bbox 3214 2478 3588 2532; x_wconf 82' lang='lat' dir='ltr'><strong>sanctiﬁcatur</strong></span> 
     </span>
    </p>
   </div>
   <div class='ocr_carea' id='block_1_49' title="bbox 2021 2564 3586 2633">
    <p class='ocr_par' dir='ltr' id='par_1_49' title="bbox 2021 2564 3586 2633">
     <span class='ocr_line' id='line_1_49' title="bbox 2021 2564 3586 2633; baseline 0.006 -21"><span class='ocrx_word' id='word_1_375' title='bbox 2021 2574 2072 2614; x_wconf 85' lang='lat' dir='ltr'><strong>et</strong></span> <span class='ocrx_word' id='word_1_376' title='bbox 2107 2574 2387 2632; x_wconf 79' lang='lat' dir='ltr'><strong>purgatur.</strong></span> <span class='ocrx_word' id='word_1_377' title='bbox 2423 2564 2485 2616; x_wconf 87' lang='lat' dir='ltr'><strong>Et</strong></span> <span class='ocrx_word' id='word_1_378' title='bbox 2521 2564 2562 2617; x_wconf 90' lang='lat' dir='ltr'><strong>si</strong></span> <span class='ocrx_word' id='word_1_379' title='bbox 2603 2581 2687 2617; x_wconf 89' lang='lat' dir='ltr'><strong>res</strong></span> <span class='ocrx_word' id='word_1_380' title='bbox 2719 2565 2903 2633; x_wconf 84' lang='lat' dir='ltr'><strong>aliqua</strong></span> <span class='ocrx_word' id='word_1_381' title='bbox 2929 2578 3118 2621; x_wconf 84' lang='lat' dir='ltr'><strong>sancta</strong></span> <span class='ocrx_word' id='word_1_382' title='bbox 3151 2569 3286 2623; x_wconf 81' lang='lat' dir='ltr'><strong>forte</strong></span> <span class='ocrx_word' id='word_1_383' title='bbox 3317 2571 3586 2624; x_wconf 85' lang='lat' dir='ltr'><strong>contami-</strong></span> 
     </span>
    </p>
   </div>
   <div class='ocr_carea' id='block_1_50' title="bbox 337 2653 3590 2724">
    <p class='ocr_par' dir='ltr' id='par_1_50' title="bbox 337 2653 3590 2724">
     <span class='ocr_line' id='line_1_50' title="bbox 337 2653 3590 2724; baseline 0.003 -19"><span class='ocrx_word' id='word_1_384' title='bbox 337 2665 519 2716; x_wconf 83' lang='lat' dir='ltr'><strong>netur,</strong></span> <span class='ocrx_word' id='word_1_385' title='bbox 555 2653 603 2705; x_wconf 91' lang='lat' dir='ltr'><strong>vi</strong></span> <span class='ocrx_word' id='word_1_386' title='bbox 633 2663 685 2706; x_wconf 91' lang='lat' dir='ltr'><strong>et</strong></span> <span class='ocrx_word' id='word_1_387' title='bbox 715 2669 869 2722; x_wconf 65' lang='lat' dir='ltr'><strong>aqua:</strong></span> <span class='ocrx_word' id='word_1_388' title='bbox 892 2653 1132 2708; x_wconf 85' lang='lat' dir='ltr'><strong>snbsidio</strong></span> <span class='ocrx_word' id='word_1_389' title='bbox 1197 2671 1471 2723; x_wconf 82' lang='lat' dir='ltr'><strong>nunquam</strong></span> <span class='ocrx_word' id='word_1_390' title='bbox 1526 2655 1724 2724; x_wconf 84' lang='lat' dir='ltr'><strong>poterit</strong></span> <span class='ocrx_word' id='word_1_391' title='bbox 1773 2655 2123 2708; x_wconf 80' lang='lat' dir='ltr'><strong>sanetilicari.</strong></span> <span class='ocrx_word' id='word_1_392' title='bbox 2190 2653 2351 2709; x_wconf 78' lang='lat' dir='ltr'><strong>Vides</strong></span> <span class='ocrx_word' id='word_1_393' title='bbox 2409 2657 2521 2724; x_wconf 85' lang='lat' dir='ltr'><strong>jam</strong></span> <span class='ocrx_word' id='word_1_394' title='bbox 2592 2662 2863 2724; x_wconf 87' lang='lat' dir='ltr'><strong>quomodo</strong></span> <span class='ocrx_word' id='word_1_395' title='bbox 2903 2674 2930 2712; x_wconf 87' lang='lat' dir='ltr'><strong>a</strong></span> <span class='ocrx_word' id='word_1_396' title='bbox 2983 2660 3228 2715; x_wconf 85' lang='lat' dir='ltr'><strong>veritatis</strong></span> <span class='ocrx_word' id='word_1_397' title='bbox 3283 2670 3430 2716; x_wconf 87' lang='lat' dir='ltr'><strong>recto</strong></span> <span class='ocrx_word' id='word_1_398' title='bbox 3481 2675 3590 2715; x_wconf 51' lang='lat' dir='ltr'><strong>trs-</strong></span> 
     </span>
    </p>
   </div>
   <div class='ocr_carea' id='block_1_51' title="bbox 335 2743 1110 2799">
    <p class='ocr_par' dir='ltr' id='par_1_51' title="bbox 335 2743 1110 2799">
     <span class='ocr_line' id='line_1_51' title="bbox 335 2743 1110 2799; baseline 0.006 -5"><span class='ocrx_word' id='word_1_399' title='bbox 335 2743 465 2796; x_wconf 87' lang='lat' dir='ltr'><strong>mite</strong></span> <span class='ocrx_word' id='word_1_400' title='bbox 487 2743 736 2798; x_wconf 84' lang='lat' dir='ltr'><strong>deﬂectas</strong></span> <span class='ocrx_word' id='word_1_401' title='bbox 769 2755 822 2798; x_wconf 91' lang='lat' dir='ltr'><strong>et</strong></span> <span class='ocrx_word' id='word_1_402' title='bbox 851 2745 1110 2799; x_wconf 73' lang='lat' dir='ltr'><strong>(let&#39;llllCS-</strong></span> 
     </span>
    </p>
   </div>
   <div class='ocr_carea' id='block_1_52' title="bbox 408 2836 1910 2910">
    <p class='ocr_par' dir='ltr' id='par_1_52' title="bbox 408 2836 1910 2910">
     <span class='ocr_line' id='line_1_52' title="bbox 408 2836 1910 2910; baseline 0.003 -22"><span class='ocrx_word' id='word_1_403' title='bbox 408 2836 575 2888; x_wconf 86' lang='grc' dir='ltr'>Πάλιν</span> <span class='ocrx_word' id='word_1_404' title='bbox 595 2837 650 2889; x_wconf 78' lang='grc' dir='ltr'><strong>δὲ</strong></span> <span class='ocrx_word' id='word_1_405' title='bbox 672 2839 792 2889; x_wconf 84' lang='grc' dir='ltr'>είπέ</span> <span class='ocrx_word' id='word_1_406' title='bbox 835 2855 949 2904; x_wconf 86' lang='grc' dir='ltr'>μοι,</span> <span class='ocrx_word' id='word_1_407' title='bbox 980 2838 1144 2891; x_wconf 86' lang='grc' dir='ltr'>πόθεν</span> <span class='ocrx_word' id='word_1_408' title='bbox 1173 2838 1234 2891; x_wconf 74' lang='grc' dir='ltr'>τὸ</span> <span class='ocrx_word' id='word_1_409' title='bbox 1258 2839 1561 2910; x_wconf 81' lang='grc' dir='ltr'>Κουράνιόν</span> <span class='ocrx_word' id='word_1_410' title='bbox 1596 2857 1686 2890; x_wconf 87' lang='grc' dir='ltr'><strong>σου</strong></span> <span class='ocrx_word' id='word_1_411' title='bbox 1729 2839 1910 2907; x_wconf 82' lang='grc' dir='ltr'>λέγεις</span> 
     </span>
    </p>
   </div>
   <div class='ocr_carea' id='block_1_53' title="bbox 333 2921 1913 3001">
    <p class='ocr_par' dir='ltr' id='par_1_53' title="bbox 333 2921 1913 3001">
     <span class='ocr_line' id='line_1_53' title="bbox 333 2921 1913 3001; baseline 0.002 -21"><span class='ocrx_word' id='word_1_412' title='bbox 333 2921 480 2981; x_wconf 75' lang='grc' dir='ltr'>εἶναι</span> <span class='ocrx_word' id='word_1_413' title='bbox 506 2929 682 2996; x_wconf 87' lang='grc' dir='ltr'>Λόγον</span> <span class='ocrx_word' id='word_1_414' title='bbox 712 2928 870 2990; x_wconf 81' lang='grc' dir='ltr'>Θεοῦ,</span> <span class='ocrx_word' id='word_1_415' title='bbox 902 2930 1152 2995; x_wconf 76' lang='grc' dir='ltr'>ἐλθόντα,</span> <span class='ocrx_word' id='word_1_416' title='bbox 1183 2931 1276 2982; x_wconf 74' lang='grc' dir='ltr'><strong>καὶ</strong></span> <span class='ocrx_word' id='word_1_417' title='bbox 1307 2931 1366 2982; x_wconf 75' lang='grc' dir='ltr'><strong>οὐ</strong></span> <span class='ocrx_word' id='word_1_418' title='bbox 1400 2930 1694 3001; x_wconf 73' lang='grc' dir='ltr'>ποιηθέντα</span> <span class='ocrx_word' id='word_1_419' title='bbox 1722 2948 1735 2997; x_wconf 92' lang='grc'>;</span> <span class='ocrx_word' id='word_1_420' title='bbox 1771 2930 1913 2998; x_wconf 82' lang='grc' dir='ltr'>Ἐγὼ</span> 
     </span>
    </p>
   </div>
   <div class='ocr_carea' id='block_1_54' title="bbox 333 3019 1911 3090">
    <p class='ocr_par' dir='ltr' id='par_1_54' title="bbox 333 3019 1911 3090">
     <span class='ocr_line' id='line_1_54' title="bbox 333 3019 1911 3090; baseline 0.001 -18"><span class='ocrx_word' id='word_1_421' title='bbox 333 3019 432 3072; x_wconf 77' lang='grc' dir='ltr'><strong>τὸν</strong></span> <span class='ocrx_word' id='word_1_422' title='bbox 481 3020 655 3086; x_wconf 89' lang='grc' dir='ltr'>Λόγον</span> <span class='ocrx_word' id='word_1_423' title='bbox 686 3020 780 3072; x_wconf 88' lang='grc' dir='ltr'><strong>τοῦ</strong></span> <span class='ocrx_word' id='word_1_424' title='bbox 812 3021 946 3074; x_wconf 86' lang='grc' dir='ltr'>Θεοῦ</span> <span class='ocrx_word' id='word_1_425' title='bbox 980 3022 1094 3089; x_wconf 68' lang='grc' dir='ltr'><strong>φῶς</strong></span> <span class='ocrx_word' id='word_1_426' title='bbox 1133 3024 1196 3075; x_wconf 80' lang='grc' dir='ltr'>ἐκ</span> <span class='ocrx_word' id='word_1_427' title='bbox 1257 3023 1438 3090; x_wconf 68' lang='grc' dir='ltr'>φωτὸς</span> <span class='ocrx_word' id='word_1_428' title='bbox 1479 3022 1754 3090; x_wconf 83' lang='grc' dir='ltr'>γινώσκω.</span> <span class='ocrx_word' id='word_1_429' title='bbox 1800 3023 1911 3075; x_wconf 83' lang='lat' dir='ltr'><strong>Kal</strong></span> 
     </span>
    </p>
   </div>
   <div class='ocr_carea' id='block_1_55' title="bbox 333 3111 1906 3183">
    <p class='ocr_par' dir='ltr' id='par_1_55' title="bbox 333 3111 1906 3183">
     <span class='ocr_line' id='line_1_55' title="bbox 333 3111 1906 3183; baseline 0 -19"><span class='ocrx_word' id='word_1_430' title='bbox 333 3112 456 3174; x_wconf 85' lang='grc' dir='ltr'><strong>πῶς</strong></span> <span class='ocrx_word' id='word_1_431' title='bbox 477 3111 663 3182; x_wconf 78' lang='grc' dir='ltr'>ἠνώοη</span> <span class='ocrx_word' id='word_1_432' title='bbox 693 3115 725 3183; x_wconf 79' lang='grc' dir='ltr'>ἡ</span> <span class='ocrx_word' id='word_1_433' title='bbox 777 3113 1020 3182; x_wconf 83' lang='grc' dir='ltr'>ἄληπτος</span> <span class='ocrx_word' id='word_1_434' title='bbox 1056 3114 1147 3164; x_wconf 77' lang='grc' dir='ltr'>καὶ</span> <span class='ocrx_word' id='word_1_435' title='bbox 1203 3114 1345 3182; x_wconf 82' lang='grc' dir='ltr'>ἁπλῆ</span> <span class='ocrx_word' id='word_1_436' title='bbox 1382 3113 1543 3181; x_wconf 79' lang='grc' dir='ltr'>φύσις</span> <span class='ocrx_word' id='word_1_437' title='bbox 1578 3113 1655 3182; x_wconf 82' lang='grc' dir='ltr'>τῷ</span> <span class='ocrx_word' id='word_1_438' title='bbox 1716 3113 1906 3182; x_wconf 76' lang='grc' dir='ltr'>βιϐλίῳ</span> 
     </span>
    </p>
   </div>
   <div class='ocr_carea' id='block_1_56' title="bbox 2088 2841 3578 2911">
    <p class='ocr_par' dir='ltr' id='par_1_56' title="bbox 2088 2841 3578 2911">
     <span class='ocr_line' id='line_1_56' title="bbox 2088 2841 3578 2911; baseline 0.008 -19"><span class='ocrx_word' id='word_1_439' title='bbox 2088 2841 2294 2893; x_wconf 66' lang='lat' dir='ltr'><strong>llnrsus</strong></span> <span class='ocrx_word' id='word_1_440' title='bbox 2351 2855 2478 2893; x_wconf 88' lang='lat' dir='ltr'><strong>vero</strong></span> <span class='ocrx_word' id='word_1_441' title='bbox 2525 2841 2612 2894; x_wconf 91' lang='lat' dir='ltr'><strong>dic</strong></span> <span class='ocrx_word' id='word_1_442' title='bbox 2661 2841 2792 2896; x_wconf 91' lang='lat' dir='ltr'><strong>mihi</strong></span> <span class='ocrx_word' id='word_1_443' title='bbox 2836 2858 3004 2911; x_wconf 87' lang='lat' dir='ltr'><strong>quare</strong></span> <span class='ocrx_word' id='word_1_444' title='bbox 3050 2845 3250 2901; x_wconf 89' lang='lat' dir='ltr'><strong>asseris</strong></span> <span class='ocrx_word' id='word_1_445' title='bbox 3308 2846 3578 2904; x_wconf 87' lang='lat' dir='ltr'><strong>Coranum</strong></span> 
     </span>
    </p>
   </div>
   <div class='ocr_carea' id='block_1_57' title="bbox 2015 2927 3586 3004">
    <p class='ocr_par' dir='ltr' id='par_1_57' title="bbox 2015 2927 3586 3004">
     <span class='ocr_line' id='line_1_57' title="bbox 2015 2927 3586 3004; baseline 0.011 -25"><span class='ocrx_word' id='word_1_446' title='bbox 2015 2937 2171 2981; x_wconf 86' lang='lat' dir='ltr'><strong>tuum</strong></span> <span class='ocrx_word' id='word_1_447' title='bbox 2203 2943 2322 2982; x_wconf 83' lang='lat' dir='ltr'><strong>esse</strong></span> <span class='ocrx_word' id='word_1_448' title='bbox 2361 2927 2596 2982; x_wconf 77' lang='lat' dir='ltr'><strong>Verbum</strong></span> <span class='ocrx_word' id='word_1_449' title='bbox 2626 2929 2718 2982; x_wconf 88' lang='lat' dir='ltr'><strong>Dei</strong></span> <span class='ocrx_word' id='word_1_450' title='bbox 2772 2946 2878 2984; x_wconf 83' lang='lat' dir='ltr'><strong>non</strong></span> <span class='ocrx_word' id='word_1_451' title='bbox 2907 2932 3130 2998; x_wconf 78' lang='lat' dir='ltr'><strong>factum,</strong></span> <span class='ocrx_word' id='word_1_452' title='bbox 3173 2944 3227 2990; x_wconf 87' lang='lat' dir='ltr'><strong>et</strong></span> <span class='ocrx_word' id='word_1_453' title='bbox 3271 2941 3410 3004; x_wconf 85' lang='lat' dir='ltr'><strong>quod</strong></span> <span class='ocrx_word' id='word_1_454' title='bbox 3443 2941 3586 2996; x_wconf 88' lang='lat' dir='ltr'><strong>venit</strong></span> 
     </span>
    </p>
   </div>
   <div class='ocr_carea' id='block_1_58' title="bbox 2015 3018 3584 3095">
    <p class='ocr_par' dir='ltr' id='par_1_58' title="bbox 2015 3018 3584 3095">
     <span class='ocr_line' id='line_1_58' title="bbox 2015 3018 3584 3095; baseline 0.01 -25"><span class='ocrx_word' id='word_1_455' title='bbox 2015 3035 2044 3070; x_wconf 90' lang='lat' dir='ltr'><strong>e</strong></span> <span class='ocrx_word' id='word_1_456' title='bbox 2082 3019 2242 3072; x_wconf 70' lang='lat' dir='ltr'><strong>cado.</strong></span> <span class='ocrx_word' id='word_1_457' title='bbox 2272 3018 2384 3088; x_wconf 78' lang='lat' dir='ltr'><strong>Ego</strong></span> <span class='ocrx_word' id='word_1_458' title='bbox 2415 3018 2537 3073; x_wconf 89' lang='lat' dir='ltr'><strong>novi</strong></span> <span class='ocrx_word' id='word_1_459' title='bbox 2562 3029 2770 3074; x_wconf 91' lang='lat' dir='ltr'><strong>tantum</strong></span> <span class='ocrx_word' id='word_1_460' title='bbox 2797 3020 3031 3076; x_wconf 79' lang='lat' dir='ltr'><strong>Verbum</strong></span> <span class='ocrx_word' id='word_1_461' title='bbox 3072 3024 3164 3079; x_wconf 89' lang='lat' dir='ltr'><strong>Dei</strong></span> <span class='ocrx_word' id='word_1_462' title='bbox 3195 3030 3334 3095; x_wconf 89' lang='lat' dir='ltr'><strong>quod</strong></span> <span class='ocrx_word' id='word_1_463' title='bbox 3365 3038 3453 3084; x_wconf 88' lang='lat' dir='ltr'><strong>est</strong></span> <span class='ocrx_word' id='word_1_464' title='bbox 3501 3033 3584 3086; x_wconf 66' lang='lat' dir='ltr'><strong>luo</strong></span> 
     </span>
    </p>
   </div>
   <div class='ocr_carea' id='block_1_59' title="bbox 2021 3109 3583 3188">
    <p class='ocr_par' dir='ltr' id='par_1_59' title="bbox 2021 3109 3583 3188">
     <span class='ocr_line' id='line_1_59' title="bbox 2021 3109 3583 3188; baseline 0.01 -26"><span class='ocrx_word' id='word_1_465' title='bbox 2021 3125 2142 3162; x_wconf 90' lang='lat' dir='ltr'><strong>men</strong></span> <span class='ocrx_word' id='word_1_466' title='bbox 2171 3125 2236 3163; x_wconf 70' lang='lat' dir='ltr'><strong>ex</strong></span> <span class='ocrx_word' id='word_1_467' title='bbox 2273 3109 2492 3164; x_wconf 91' lang='lat' dir='ltr'><strong>lumine.</strong></span> <span class='ocrx_word' id='word_1_468' title='bbox 2529 3111 2591 3164; x_wconf 84' lang='lat' dir='ltr'><strong>Et</strong></span> <span class='ocrx_word' id='word_1_469' title='bbox 2623 3116 2892 3180; x_wconf 87' lang='lat' dir='ltr'><strong>quomodo</strong></span> <span class='ocrx_word' id='word_1_470' title='bbox 2918 3115 3061 3169; x_wconf 90' lang='lat' dir='ltr'><strong>uniri</strong></span> <span class='ocrx_word' id='word_1_471' title='bbox 3123 3128 3303 3185; x_wconf 85' lang='lat' dir='ltr'><strong>posset</strong></span> <span class='ocrx_word' id='word_1_472' title='bbox 3352 3121 3583 3188; x_wconf 76' lang='lat' dir='ltr'><strong>simplex</strong></span> 
     </span>
    </p>
   </div>
   <div class='ocr_carea' id='block_1_60' title="bbox 333 3201 1911 3279">
    <p class='ocr_par' dir='ltr' id='par_1_60' title="bbox 333 3201 1911 3272">
     <span class='ocr_line' id='line_1_60' title="bbox 333 3201 1911 3272; baseline 0 -18"><span class='ocrx_word' id='word_1_473' title='bbox 333 3219 471 3268; x_wconf 78' lang='lat' dir='ltr'><strong>aeu;</strong></span> <span class='ocrx_word' id='word_1_474' title='bbox 517 3203 581 3254; x_wconf 83' lang='grc' dir='ltr'>Ἦ</span> <span class='ocrx_word' id='word_1_475' title='bbox 609 3203 912 3272; x_wconf 80' lang='grc' dir='ltr'>λεπτοτάτη</span> <span class='ocrx_word' id='word_1_476' title='bbox 947 3201 1024 3272; x_wconf 82' lang='grc' dir='ltr'>τῷ</span> <span class='ocrx_word' id='word_1_477' title='bbox 1058 3201 1268 3255; x_wconf 87' lang='grc' dir='ltr'>τοιοῦτο</span> <span class='ocrx_word' id='word_1_478' title='bbox 1306 3203 1476 3272; x_wconf 79' lang='grc' dir='ltr'>πάχος</span> <span class='ocrx_word' id='word_1_479' title='bbox 1514 3202 1710 3272; x_wconf 78' lang='grc' dir='ltr'>ἔχοντι,</span> <span class='ocrx_word' id='word_1_480' title='bbox 1764 3201 1911 3266; x_wconf 80' lang='grc' dir='ltr'>ἐξαι-</span> 
     </span>
    </p>
   </div>
   <div class='ocr_carea' id='block_1_61' title="bbox 2015 3201 3584 3279">
    <p class='ocr_par' dir='ltr' id='par_1_61' title="bbox 2024 3201 3584 3279">
     <span class='ocr_line' id='line_1_61' title="bbox 2024 3201 3584 3279; baseline 0.013 -27"><span class='ocrx_word' id='word_1_481' title='bbox 2024 3211 2077 3253; x_wconf 86' lang='lat' dir='ltr'><strong>et</strong></span> <span class='ocrx_word' id='word_1_482' title='bbox 2124 3201 2686 3271; x_wconf 69' lang='lat' dir='ltr'><strong>incarnprehensiliilis</strong></span> <span class='ocrx_word' id='word_1_483' title='bbox 2740 3212 2928 3259; x_wconf 89' lang='lat' dir='ltr'><strong>natura</strong></span> <span class='ocrx_word' id='word_1_484' title='bbox 2979 3224 3100 3262; x_wconf 89' lang='lat' dir='ltr'><strong>cum</strong></span> <span class='ocrx_word' id='word_1_485' title='bbox 3151 3210 3290 3265; x_wconf 88' lang='lat' dir='ltr'><strong>libro</strong></span> <span class='ocrx_word' id='word_1_486' title='bbox 3351 3223 3459 3279; x_wconf 91' lang='lat' dir='ltr'><strong>tuo,</strong></span> <span class='ocrx_word' id='word_1_487' title='bbox 3503 3225 3584 3271; x_wconf 86' lang='lat' dir='ltr'><strong>te-</strong></span> 
     </span>
    </p>
   </div>
   <div class='ocr_carea' id='block_1_62' title="bbox 335 3292 1906 3364">
    <p class='ocr_par' dir='ltr' id='par_1_62' title="bbox 335 3292 1906 3364">
     <span class='ocr_line' id='line_1_62' title="bbox 335 3292 1906 3364; baseline 0.003 -21"><span class='ocrx_word' id='word_1_488' title='bbox 335 3292 506 3364; x_wconf 83' lang='grc' dir='ltr'>ρέτως</span> <span class='ocrx_word' id='word_1_489' title='bbox 528 3294 606 3360; x_wconf 85' lang='grc' dir='ltr'>τῷ</span> <span class='ocrx_word' id='word_1_490' title='bbox 634 3295 879 3364; x_wconf 84' lang='grc' dir='ltr'>τομαρίῳ</span> <span class='ocrx_word' id='word_1_491' title='bbox 910 3294 987 3363; x_wconf 80' lang='grc' dir='ltr'>τῷ</span> <span class='ocrx_word' id='word_1_492' title='bbox 1022 3293 1545 3364; x_wconf 79' lang='grc' dir='ltr'>καταπεπατημένῳ</span> <span class='ocrx_word' id='word_1_493' title='bbox 1567 3294 1673 3346; x_wconf 78' lang='grc' dir='ltr'>ὑπὸ</span> <span class='ocrx_word' id='word_1_494' title='bbox 1705 3292 1906 3362; x_wconf 77' lang='grc' dir='ltr'><strong>χοῖκῶν</strong></span> 
     </span>
    </p>
   </div>
   <div class='ocr_carea' id='block_1_63' title="bbox 334 3379 1906 3454">
    <p class='ocr_par' dir='ltr' id='par_1_63' title="bbox 334 3379 1906 3454">
     <span class='ocr_line' id='line_1_63' title="bbox 334 3379 1906 3454; baseline 0.001 -20"><span class='ocrx_word' id='word_1_495' title='bbox 334 3383 530 3447; x_wconf 80' lang='grc' dir='ltr'>ποδῶν,</span> <span class='ocrx_word' id='word_1_496' title='bbox 554 3386 648 3436; x_wconf 75' lang='grc' dir='ltr'><strong>καὶ</strong></span> <span class='ocrx_word' id='word_1_497' title='bbox 684 3384 831 3454; x_wconf 75' lang='grc' dir='ltr'>ἔργῳ</span> <span class='ocrx_word' id='word_1_498' title='bbox 859 3384 1060 3454; x_wconf 81' lang='grc' dir='ltr'>χειρῶν</span> <span class='ocrx_word' id='word_1_499' title='bbox 1087 3384 1413 3454; x_wconf 82' lang='grc' dir='ltr'>ἀνθρώπων.</span> <span class='ocrx_word' id='word_1_500' title='bbox 1448 3384 1619 3436; x_wconf 82' lang='grc' dir='ltr'>Πόθεν</span> <span class='ocrx_word' id='word_1_501' title='bbox 1643 3379 1736 3435; x_wconf 82' lang='grc' dir='ltr'><strong>οὖν</strong></span> <span class='ocrx_word' id='word_1_502' title='bbox 1770 3385 1906 3436; x_wconf 87' lang='grc' dir='ltr'>ἁπο-</span> 
     </span>
    </p>
   </div>
   <div class='ocr_carea' id='block_1_64' title="bbox 333 3474 1902 3545">
    <p class='ocr_par' dir='ltr' id='par_1_64' title="bbox 333 3474 1902 3545">
     <span class='ocr_line' id='line_1_64' title="bbox 333 3474 1902 3545; baseline 0 -18"><span class='ocrx_word' id='word_1_503' title='bbox 333 3475 523 3538; x_wconf 84' lang='grc' dir='ltr'>καλεῖς</span> <span class='ocrx_word' id='word_1_504' title='bbox 554 3476 726 3542; x_wconf 84' lang='grc' dir='ltr'>Λόγον</span> <span class='ocrx_word' id='word_1_505' title='bbox 751 3475 886 3527; x_wconf 74' lang='grc' dir='ltr'>Θεοῦ</span> <span class='ocrx_word' id='word_1_506' title='bbox 919 3475 1081 3528; x_wconf 81' lang='grc' dir='ltr'>αὐτὸν</span> <span class='ocrx_word' id='word_1_507' title='bbox 1104 3474 1358 3538; x_wconf 80' lang='grc' dir='ltr'>ἐλθόντα,</span> <span class='ocrx_word' id='word_1_508' title='bbox 1381 3477 1473 3527; x_wconf 76' lang='grc' dir='ltr'><strong>καὶ</strong></span> <span class='ocrx_word' id='word_1_509' title='bbox 1493 3475 1552 3526; x_wconf 77' lang='grc' dir='ltr'><strong>οὐ</strong></span> <span class='ocrx_word' id='word_1_510' title='bbox 1579 3474 1902 3545; x_wconf 77' lang='grc' dir='ltr'>ποιηθέντα;</span> 
     </span>
    </p>
   </div>
   <div class='ocr_carea' id='block_1_65' title="bbox 333 3565 1901 3640">
    <p class='ocr_par' dir='ltr' id='par_1_65' title="bbox 333 3565 1901 3640">
     <span class='ocr_line' id='line_1_65' title="bbox 333 3565 1901 3640; baseline -0.001 -22"><span class='ocrx_word' id='word_1_511' title='bbox 333 3566 407 3618; x_wconf 78' lang='grc' dir='ltr'><strong>Τὸ</strong></span> <span class='ocrx_word' id='word_1_512' title='bbox 435 3567 490 3618; x_wconf 80' lang='grc' dir='ltr'>δὲ</span> <span class='ocrx_word' id='word_1_513' title='bbox 512 3566 669 3636; x_wconf 88' lang='grc' dir='ltr'>σῶμα</span> <span class='ocrx_word' id='word_1_514' title='bbox 700 3566 791 3619; x_wconf 86' lang='grc' dir='ltr'><strong>τοῦ</strong></span> <span class='ocrx_word' id='word_1_515' title='bbox 817 3565 1053 3640; x_wconf 78' lang='grc' dir='ltr'>Χριστοῦ</span> <span class='ocrx_word' id='word_1_516' title='bbox 1098 3583 1200 3636; x_wconf 89' lang='grc' dir='ltr'><strong>μου</strong></span> <span class='ocrx_word' id='word_1_517' title='bbox 1259 3567 1357 3618; x_wconf 74' lang='grc' dir='ltr'><strong>οὐκ</strong></span> <span class='ocrx_word' id='word_1_518' title='bbox 1403 3567 1517 3618; x_wconf 74' lang='grc' dir='ltr'>ἔστι</span> <span class='ocrx_word' id='word_1_519' title='bbox 1557 3566 1768 3635; x_wconf 75' lang='grc' dir='ltr'>ποίημα</span> <span class='ocrx_word' id='word_1_520' title='bbox 1808 3568 1901 3618; x_wconf 84' lang='grc' dir='ltr'><strong>ἁν-</strong></span> 
     </span>
    </p>
   </div>
   <div class='ocr_carea' id='block_1_66' title="bbox 334 3655 1904 3729">
    <p class='ocr_par' dir='ltr' id='par_1_66' title="bbox 334 3655 1904 3729">
     <span class='ocr_line' id='line_1_66' title="bbox 334 3655 1904 3729; baseline 0 -20"><span class='ocrx_word' id='word_1_521' title='bbox 334 3657 577 3728; x_wconf 84' lang='grc' dir='ltr'>θρώπου,</span> <span class='ocrx_word' id='word_1_522' title='bbox 607 3659 701 3710; x_wconf 83' lang='grc' dir='ltr'><strong>καὶ</strong></span> <span class='ocrx_word' id='word_1_523' title='bbox 749 3660 1147 3728; x_wconf 83' lang='grc' dir='ltr'>καταπάτημα.</span> <span class='ocrx_word' id='word_1_524' title='bbox 1198 3659 1323 3720; x_wconf 85' lang='grc' dir='ltr'>Πῶς</span> <span class='ocrx_word' id='word_1_525' title='bbox 1374 3655 1467 3710; x_wconf 79' lang='grc' dir='ltr'><strong>οὖν</strong></span> <span class='ocrx_word' id='word_1_526' title='bbox 1502 3659 1562 3710; x_wconf 73' lang='grc' dir='ltr'>οὐ</span> <span class='ocrx_word' id='word_1_527' title='bbox 1622 3658 1904 3729; x_wconf 79' lang='grc' dir='ltr'>παραδέχῃ</span> 
     </span>
    </p>
   </div>
   <div class='ocr_carea' id='block_1_67' title="bbox 335 3749 1904 3821">
    <p class='ocr_par' dir='ltr' id='par_1_67' title="bbox 335 3749 1904 3821">
     <span class='ocr_line' id='line_1_67' title="bbox 335 3749 1904 3821; baseline -0.002 -17"><span class='ocrx_word' id='word_1_528' title='bbox 335 3770 404 3820; x_wconf 90' lang='grc' dir='ltr'><strong>με</strong></span> <span class='ocrx_word' id='word_1_529' title='bbox 438 3753 692 3820; x_wconf 78' lang='grc' dir='ltr'>λέγοντα,</span> <span class='ocrx_word' id='word_1_530' title='bbox 716 3755 743 3806; x_wconf 97' lang='lat'><strong>6</strong></span> <span class='ocrx_word' id='word_1_531' title='bbox 781 3753 954 3819; x_wconf 81' lang='grc' dir='ltr'>Λόγος</span> <span class='ocrx_word' id='word_1_532' title='bbox 994 3753 1087 3803; x_wconf 83' lang='grc' dir='ltr'><strong>τοῦ</strong></span> <span class='ocrx_word' id='word_1_533' title='bbox 1123 3751 1258 3804; x_wconf 83' lang='grc' dir='ltr'>Θεοῦ</span> <span class='ocrx_word' id='word_1_534' title='bbox 1288 3749 1469 3820; x_wconf 75' lang='grc' dir='ltr'>ἡνώθη</span> <span class='ocrx_word' id='word_1_535' title='bbox 1494 3753 1559 3821; x_wconf 79' lang='grc' dir='ltr'>τῇ</span> <span class='ocrx_word' id='word_1_536' title='bbox 1587 3751 1774 3820; x_wconf 77' lang='grc' dir='ltr'>σαρκὶ,</span> <span class='ocrx_word' id='word_1_537' title='bbox 1810 3753 1904 3803; x_wconf 80' lang='grc' dir='ltr'><strong>καὶ</strong></span> 
     </span>
    </p>
   </div>
   <div class='ocr_carea' id='block_1_68' title="bbox 325 3842 1902 3915">
    <p class='ocr_par' dir='ltr' id='par_1_68' title="bbox 325 3842 1902 3915">
     <span class='ocr_line' id='line_1_68' title="bbox 325 3842 1902 3915; baseline -0.003 -19"><span class='ocrx_word' id='word_1_538' title='bbox 325 3846 476 3898; x_wconf 72' lang='grc' dir='ltr'>ἔετιν</span> <span class='ocrx_word' id='word_1_539' title='bbox 499 3845 800 3915; x_wconf 68' lang='grc' dir='ltr'>γεννηθεὶς,</span> <span class='ocrx_word' id='word_1_540' title='bbox 833 3845 927 3897; x_wconf 74' lang='grc' dir='ltr'>καὶ</span> <span class='ocrx_word' id='word_1_541' title='bbox 969 3846 1029 3896; x_wconf 85' lang='grc' dir='ltr'>οὺ</span> <span class='ocrx_word' id='word_1_542' title='bbox 1074 3843 1362 3910; x_wconf 80' lang='grc' dir='ltr'>ποιηθείς;</span> <span class='ocrx_word' id='word_1_543' title='bbox 1409 3843 1536 3896; x_wconf 74' lang='grc' dir='ltr'><strong>Ἐάν</strong></span> <span class='ocrx_word' id='word_1_544' title='bbox 1603 3843 1664 3895; x_wconf 84' lang='grc' dir='ltr'><strong>τὸ</strong></span> <span class='ocrx_word' id='word_1_545' title='bbox 1701 3842 1902 3912; x_wconf 80' lang='grc' dir='ltr'>βιϐλίον</span> 
     </span>
    </p>
   </div>
   <div class='ocr_carea' id='block_1_69' title="bbox 329 3933 1900 4005">
    <p class='ocr_par' dir='ltr' id='par_1_69' title="bbox 329 3933 1900 4005">
     <span class='ocr_line' id='line_1_69' title="bbox 329 3933 1900 4005; baseline -0.001 -17"><span class='ocrx_word' id='word_1_546' title='bbox 329 3953 424 3988; x_wconf 88' lang='grc' dir='ltr'><strong>σου</strong></span> <span class='ocrx_word' id='word_1_547' title='bbox 453 3938 776 4005; x_wconf 74' lang='grc' dir='ltr'>ῥιπτόμενον</span> <span class='ocrx_word' id='word_1_548' title='bbox 826 3937 905 3998; x_wconf 79' lang='grc' dir='ltr'>εἰς</span> <span class='ocrx_word' id='word_1_549' title='bbox 932 3935 990 3987; x_wconf 77' lang='grc' dir='ltr'><strong>τὸ</strong></span> <span class='ocrx_word' id='word_1_550' title='bbox 1035 3935 1130 3988; x_wconf 74' lang='grc' dir='ltr'><strong>καὶ</strong></span> <span class='ocrx_word' id='word_1_551' title='bbox 1171 3933 1351 4002; x_wconf 80' lang='grc' dir='ltr'>ἑαυτῷ</span> <span class='ocrx_word' id='word_1_552' title='bbox 1415 3933 1681 4004; x_wconf 82' lang='grc' dir='ltr'>βοηθῆσαι</span> <span class='ocrx_word' id='word_1_553' title='bbox 1717 3935 1775 3985; x_wconf 73' lang='grc' dir='ltr'><strong>οὐ</strong></span> <span class='ocrx_word' id='word_1_554' title='bbox 1805 3934 1900 3986; x_wconf 80' lang='grc' dir='ltr'><strong>δύο</strong></span> 
     </span>
    </p>
   </div>
   <div class='ocr_carea' id='block_1_70' title="bbox 327 4025 1900 4097">
    <p class='ocr_par' dir='ltr' id='par_1_70' title="bbox 327 4025 1900 4097">
     <span class='ocr_line' id='line_1_70' title="bbox 327 4025 1900 4097; baseline -0.003 -16"><span class='ocrx_word' id='word_1_555' title='bbox 327 4046 506 4088; x_wconf 87' lang='grc' dir='ltr'>ναται,</span> <span class='ocrx_word' id='word_1_556' title='bbox 540 4029 661 4090; x_wconf 83' lang='grc' dir='ltr'><strong>πῶς</strong></span> <span class='ocrx_word' id='word_1_557' title='bbox 699 4028 832 4081; x_wconf 82' lang='grc' dir='ltr'>αὐτὸ</span> <span class='ocrx_word' id='word_1_558' title='bbox 868 4029 1040 4094; x_wconf 85' lang='grc' dir='ltr'>Λόγον</span> <span class='ocrx_word' id='word_1_559' title='bbox 1077 4025 1212 4079; x_wconf 81' lang='grc' dir='ltr'>Θεοῦ</span> <span class='ocrx_word' id='word_1_560' title='bbox 1257 4027 1470 4097; x_wconf 77' lang='grc' dir='ltr'>καλέσῃ</span> <span class='ocrx_word' id='word_1_561' title='bbox 1502 4043 1621 4090; x_wconf 87' lang='grc' dir='ltr'>τις;</span> <span class='ocrx_word' id='word_1_562' title='bbox 1658 4025 1766 4077; x_wconf 87' lang='lat' dir='ltr'><strong>Kal</strong></span> <span class='ocrx_word' id='word_1_563' title='bbox 1803 4025 1900 4077; x_wconf 77' lang='grc' dir='ltr'>ἐὰν</span> 
     </span>
    </p>
   </div>
   <div class='ocr_carea' id='block_1_71' title="bbox 323 4115 1899 4190">
    <p class='ocr_par' dir='ltr' id='par_1_71' title="bbox 323 4115 1899 4190">
     <span class='ocr_line' id='line_1_71' title="bbox 323 4115 1899 4190; baseline -0.004 -17"><span class='ocrx_word' id='word_1_564' title='bbox 323 4123 354 4173; x_wconf 86' lang='grc' dir='ltr'><strong>ό</strong></span> <span class='ocrx_word' id='word_1_565' title='bbox 387 4120 590 4190; x_wconf 82' lang='grc' dir='ltr'>Κύριος</span> <span class='ocrx_word' id='word_1_566' title='bbox 619 4121 811 4172; x_wconf 78' lang='grc' dir='ltr'>ἑαυτὸν</span> <span class='ocrx_word' id='word_1_567' title='bbox 839 4121 903 4172; x_wconf 79' lang='grc' dir='ltr'><strong>ἐκ</strong></span> <span class='ocrx_word' id='word_1_568' title='bbox 955 4119 1067 4172; x_wconf 87' lang='grc' dir='ltr'><strong>τῶν</strong></span> <span class='ocrx_word' id='word_1_569' title='bbox 1114 4119 1388 4171; x_wconf 81' lang='grc' dir='ltr'>Ἰουδαίων</span> <span class='ocrx_word' id='word_1_570' title='bbox 1441 4115 1758 4179; x_wconf 81' lang='grc' dir='ltr'>διεσώσατο,</span> <span class='ocrx_word' id='word_1_571' title='bbox 1805 4116 1899 4168; x_wconf 79' lang='grc' dir='ltr'>καὶ</span> 
     </span>
    </p>
   </div>
   <div class='ocr_carea' id='block_1_72' title="bbox 323 4205 1898 4281">
    <p class='ocr_par' dir='ltr' id='par_1_72' title="bbox 323 4205 1898 4281">
     <span class='ocr_line' id='line_1_72' title="bbox 323 4205 1898 4281; baseline -0.004 -19"><span class='ocrx_word' id='word_1_572' title='bbox 323 4213 406 4273; x_wconf 80' lang='grc' dir='ltr'><strong>εἰς</strong></span> <span class='ocrx_word' id='word_1_573' title='bbox 452 4214 519 4264; x_wconf 79' lang='grc' dir='ltr'>τὰ</span> <span class='ocrx_word' id='word_1_574' title='bbox 581 4212 809 4281; x_wconf 80' lang='grc' dir='ltr'>οὐράνια</span> <span class='ocrx_word' id='word_1_575' title='bbox 865 4212 1148 4263; x_wconf 83' lang='grc' dir='ltr'>κατοικεῖν</span> <span class='ocrx_word' id='word_1_576' title='bbox 1197 4206 1518 4276; x_wconf 76' lang='grc' dir='ltr'>ἀνελήλυθε,</span> <span class='ocrx_word' id='word_1_577' title='bbox 1566 4205 1682 4268; x_wconf 87' lang='grc' dir='ltr'><strong>πῶς</strong></span> <span class='ocrx_word' id='word_1_578' title='bbox 1737 4205 1898 4258; x_wconf 74' lang='grc' dir='ltr'>αὑτὸν</span> 
     </span>
    </p>
   </div>
   <div class='ocr_carea' id='block_1_73' title="bbox 321 4296 1897 4370">
    <p class='ocr_par' dir='ltr' id='par_1_73' title="bbox 321 4296 1897 4370">
     <span class='ocr_line' id='line_1_73' title="bbox 321 4296 1897 4370; baseline -0.005 -16"><span class='ocrx_word' id='word_1_579' title='bbox 321 4303 456 4354; x_wconf 67' lang='grc' dir='ltr'>Θεὸν</span> <span class='ocrx_word' id='word_1_580' title='bbox 487 4303 660 4369; x_wconf 87' lang='grc' dir='ltr'>Λόγον</span> <span class='ocrx_word' id='word_1_581' title='bbox 693 4302 754 4353; x_wconf 82' lang='grc' dir='ltr'><strong>οὐ</strong></span> <span class='ocrx_word' id='word_1_582' title='bbox 780 4299 946 4352; x_wconf 85' lang='grc' dir='ltr'>καλοῦ</span> <span class='ocrx_word' id='word_1_583' title='bbox 957 4316 1084 4370; x_wconf 85' lang='grc' dir='ltr'>μεν;</span> <span class='ocrx_word' id='word_1_584' title='bbox 1123 4299 1232 4351; x_wconf 83' lang='lat' dir='ltr'><strong>Kal</strong></span> <span class='ocrx_word' id='word_1_585' title='bbox 1256 4300 1349 4349; x_wconf 76' lang='grc' dir='ltr'><strong>ἐὰν</strong></span> <span class='ocrx_word' id='word_1_586' title='bbox 1369 4297 1570 4365; x_wconf 80' lang='grc' dir='ltr'>λέγεις,</span> <span class='ocrx_word' id='word_1_587' title='bbox 1594 4296 1697 4347; x_wconf 84' lang='grc' dir='ltr'>Τὸν</span> <span class='ocrx_word' id='word_1_588' title='bbox 1726 4296 1897 4362; x_wconf 85' lang='grc' dir='ltr'>Λόγον</span> 
     </span>
    </p>
   </div>
   <div class='ocr_carea' id='block_1_74' title="bbox 321 4389 1898 4462">
    <p class='ocr_par' dir='ltr' id='par_1_74' title="bbox 321 4389 1898 4462">
     <span class='ocr_line' id='line_1_74' title="bbox 321 4389 1898 4462; baseline -0.006 -14"><span class='ocrx_word' id='word_1_589' title='bbox 321 4395 418 4448; x_wconf 86' lang='grc' dir='ltr'><strong>τοῦ</strong></span> <span class='ocrx_word' id='word_1_590' title='bbox 455 4395 589 4446; x_wconf 82' lang='grc' dir='ltr'>Θεοῦ</span> <span class='ocrx_word' id='word_1_591' title='bbox 624 4395 686 4446; x_wconf 79' lang='grc' dir='ltr'><strong>οὐ</strong></span> <span class='ocrx_word' id='word_1_592' title='bbox 720 4393 998 4462; x_wconf 83' lang='grc' dir='ltr'>δυνάμεθα</span> <span class='ocrx_word' id='word_1_593' title='bbox 1025 4395 1269 4461; x_wconf 80' lang='grc' dir='ltr'>κρατεῖν,</span> <span class='ocrx_word' id='word_1_594' title='bbox 1301 4391 1396 4443; x_wconf 77' lang='grc' dir='ltr'>καὶ</span> <span class='ocrx_word' id='word_1_595' title='bbox 1428 4389 1640 4458; x_wconf 77' lang='grc' dir='ltr'>νοῆσαι,</span> <span class='ocrx_word' id='word_1_596' title='bbox 1680 4389 1774 4440; x_wconf 71' lang='grc' dir='ltr'>καὶ</span> <span class='ocrx_word' id='word_1_597' title='bbox 1801 4403 1898 4456; x_wconf 85' lang='grc' dir='ltr'>μοι·</span> 
     </span>
    </p>
   </div>
   <div class='ocr_carea' id='block_1_75' title="bbox 325 4476 1896 4554">
    <p class='ocr_par' dir='ltr' id='par_1_75' title="bbox 325 4476 1896 4554">
     <span class='ocr_line' id='line_1_75' title="bbox 325 4476 1896 4554; baseline -0.007 -17"><span class='ocrx_word' id='word_1_598' title='bbox 325 4485 439 4537; x_wconf 84' lang='grc' dir='ltr'>θεῖν</span> <span class='ocrx_word' id='word_1_599' title='bbox 461 4485 547 4538; x_wconf 81' lang='grc' dir='ltr'>διὰ</span> <span class='ocrx_word' id='word_1_600' title='bbox 581 4485 644 4536; x_wconf 88' lang='grc' dir='ltr'><strong>τὸ</strong></span> <span class='ocrx_word' id='word_1_601' title='bbox 681 4485 860 4554; x_wconf 84' lang='grc' dir='ltr'>πάχος</span> <span class='ocrx_word' id='word_1_602' title='bbox 893 4481 985 4534; x_wconf 89' lang='grc' dir='ltr'><strong>τοῦ</strong></span> <span class='ocrx_word' id='word_1_603' title='bbox 1033 4481 1242 4549; x_wconf 78' lang='grc' dir='ltr'>βιϐλίου</span> <span class='ocrx_word' id='word_1_604' title='bbox 1271 4497 1284 4512; x_wconf 89' lang='grc'><strong>·</strong></span> <span class='ocrx_word' id='word_1_605' title='bbox 1327 4479 1444 4540; x_wconf 84' lang='grc' dir='ltr'><strong>πῶς</strong></span> <span class='ocrx_word' id='word_1_606' title='bbox 1501 4479 1562 4532; x_wconf 81' lang='grc' dir='ltr'><strong>οὐ</strong></span> <span class='ocrx_word' id='word_1_607' title='bbox 1613 4476 1896 4547; x_wconf 85' lang='grc' dir='ltr'>παραδέχῃ</span> 
     </span>
    </p>
   </div>
   <div class='ocr_carea' id='block_1_76' title="bbox 2010 3292 3584 3357">
    <p class='ocr_par' dir='ltr' id='par_1_76' title="bbox 2010 3292 3584 3357">
     <span class='ocr_line' id='line_1_76' title="bbox 2010 3292 3584 3357; baseline 0.01 -15"><span class='ocrx_word' id='word_1_608' title='bbox 2010 3292 2270 3345; x_wconf 82' lang='lat' dir='ltr'><strong>nuissima</strong></span> <span class='ocrx_word' id='word_1_609' title='bbox 2303 3303 2356 3345; x_wconf 91' lang='lat' dir='ltr'><strong>et</strong></span> <span class='ocrx_word' id='word_1_610' title='bbox 2379 3295 2732 3346; x_wconf 85' lang='lat' dir='ltr'><strong>subtilissima</strong></span> <span class='ocrx_word' id='word_1_611' title='bbox 2760 3297 2995 3349; x_wconf 81' lang='lat' dir='ltr'><strong>essentia</strong></span> <span class='ocrx_word' id='word_1_612' title='bbox 3032 3314 3155 3352; x_wconf 84' lang='lat' dir='ltr'><strong>cum</strong></span> <span class='ocrx_word' id='word_1_613' title='bbox 3189 3315 3246 3353; x_wconf 92' lang='lat' dir='ltr'><strong>re</strong></span> <span class='ocrx_word' id='word_1_614' title='bbox 3293 3301 3414 3355; x_wconf 90' lang='lat' dir='ltr'><strong>talis</strong></span> <span class='ocrx_word' id='word_1_615' title='bbox 3457 3305 3584 3357; x_wconf 77' lang='lat' dir='ltr'><strong>den-</strong></span> 
     </span>
    </p>
   </div>
   <div class='ocr_carea' id='block_1_77' title="bbox 2007 3382 3580 3462">
    <p class='ocr_par' dir='ltr' id='par_1_77' title="bbox 2007 3382 3580 3462">
     <span class='ocr_line' id='line_1_77' title="bbox 2007 3382 3580 3462; baseline 0.007 -26"><span class='ocrx_word' id='word_1_616' title='bbox 2007 3382 2184 3437; x_wconf 85' lang='lat' dir='ltr'><strong>sitatis</strong></span> <span class='ocrx_word' id='word_1_617' title='bbox 2213 3392 2266 3435; x_wconf 89' lang='lat' dir='ltr'><strong>et</strong></span> <span class='ocrx_word' id='word_1_618' title='bbox 2289 3382 2578 3446; x_wconf 81' lang='lat' dir='ltr'><strong>crassitiei,</strong></span> <span class='ocrx_word' id='word_1_619' title='bbox 2605 3398 2726 3437; x_wconf 91' lang='lat' dir='ltr'><strong>cum</strong></span> <span class='ocrx_word' id='word_1_620' title='bbox 2756 3393 2846 3438; x_wconf 88' lang='lat' dir='ltr'><strong>tuo</strong></span> <span class='ocrx_word' id='word_1_621' title='bbox 2869 3387 3121 3440; x_wconf 90' lang='lat' dir='ltr'><strong>nimirum</strong></span> <span class='ocrx_word' id='word_1_622' title='bbox 3149 3389 3580 3462; x_wconf 76' lang='lat' dir='ltr'><strong>volumiuequod</strong></span> 
     </span>
    </p>
   </div>
   <div class='ocr_carea' id='block_1_78' title="bbox 2007 3475 3578 3551">
    <p class='ocr_par' dir='ltr' id='par_1_78' title="bbox 2007 3475 3578 3551">
     <span class='ocr_line' id='line_1_78' title="bbox 2007 3475 3578 3551; baseline 0.006 -22"><span class='ocrx_word' id='word_1_623' title='bbox 2007 3490 2148 3544; x_wconf 68' lang='grc' dir='ltr'><strong>εςιυνθ</strong></span> <span class='ocrx_word' id='word_1_624' title='bbox 2178 3475 2406 3543; x_wconf 90' lang='lat' dir='ltr'><strong>pedibus</strong></span> <span class='ocrx_word' id='word_1_625' title='bbox 2448 3476 2712 3540; x_wconf 82' lang='lat' dir='ltr'><strong>calcatur,</strong></span> <span class='ocrx_word' id='word_1_626' title='bbox 2749 3479 2964 3546; x_wconf 86' lang='lat' dir='ltr'><strong>etquod</strong></span> <span class='ocrx_word' id='word_1_627' title='bbox 3023 3492 3105 3534; x_wconf 91' lang='lat' dir='ltr'><strong>est</strong></span> <span class='ocrx_word' id='word_1_628' title='bbox 3130 3495 3265 3551; x_wconf 88' lang='lat' dir='ltr'><strong>opus</strong></span> <span class='ocrx_word' id='word_1_629' title='bbox 3325 3499 3578 3540; x_wconf 77' lang='lat' dir='ltr'><strong>mauuuiu</strong></span> 
     </span>
    </p>
   </div>
   <div class='ocr_carea' id='block_1_79' title="bbox 2009 3567 3579 3639">
    <p class='ocr_par' dir='ltr' id='par_1_79' title="bbox 2009 3567 3579 3639">
     <span class='ocr_line' id='line_1_79' title="bbox 2009 3567 3579 3639; baseline 0.008 -20"><span class='ocrx_word' id='word_1_630' title='bbox 2009 3567 2405 3620; x_wconf 88' lang='lat' dir='ltr'><strong>humanarum?</strong></span> <span class='ocrx_word' id='word_1_631' title='bbox 2437 3567 2552 3632; x_wconf 81' lang='lat' dir='ltr'><strong>Qua</strong></span> <span class='ocrx_word' id='word_1_632' title='bbox 2591 3568 2801 3622; x_wconf 86' lang='lat' dir='ltr'><strong>ratione</strong></span> <span class='ocrx_word' id='word_1_633' title='bbox 2827 3585 2956 3639; x_wconf 78' lang='lat' dir='ltr'><strong>ergo</strong></span> <span class='ocrx_word' id='word_1_634' title='bbox 2980 3571 3106 3626; x_wconf 89' lang='lat' dir='ltr'><strong>illud</strong></span> <span class='ocrx_word' id='word_1_635' title='bbox 3145 3588 3309 3628; x_wconf 84' lang='lat' dir='ltr'><strong>vocas</strong></span> <span class='ocrx_word' id='word_1_636' title='bbox 3345 3574 3579 3631; x_wconf 81' lang='lat' dir='ltr'><strong>Verbum</strong></span> 
     </span>
    </p>
   </div>
   <div class='ocr_carea' id='block_1_80' title="bbox 2006 3656 3580 3730">
    <p class='ocr_par' dir='ltr' id='par_1_80' title="bbox 2006 3656 3580 3730">
     <span class='ocr_line' id='line_1_80' title="bbox 2006 3656 3580 3730; baseline 0.009 -22"><span class='ocrx_word' id='word_1_637' title='bbox 2006 3656 2099 3711; x_wconf 91' lang='lat' dir='ltr'><strong>Dei</strong></span> <span class='ocrx_word' id='word_1_638' title='bbox 2131 3658 2274 3725; x_wconf 76' lang='lat' dir='ltr'><strong>quod</strong></span> <span class='ocrx_word' id='word_1_639' title='bbox 2307 3667 2521 3710; x_wconf 85' lang='lat' dir='ltr'><strong>nonest</strong></span> <span class='ocrx_word' id='word_1_640' title='bbox 2552 3658 2831 3712; x_wconf 79' lang='lat' dir='ltr'><strong>factumet</strong></span> <span class='ocrx_word' id='word_1_641' title='bbox 2884 3664 3025 3730; x_wconf 84' lang='lat' dir='ltr'><strong>quod</strong></span> <span class='ocrx_word' id='word_1_642' title='bbox 3083 3666 3226 3718; x_wconf 85' lang='lat' dir='ltr'><strong>venit</strong></span> <span class='ocrx_word' id='word_1_643' title='bbox 3279 3683 3345 3720; x_wconf 78' lang='lat' dir='ltr'><strong>ex</strong></span> <span class='ocrx_word' id='word_1_644' title='bbox 3405 3669 3580 3723; x_wconf 58' lang='lat' dir='ltr'><strong>male?</strong></span> 
     </span>
    </p>
   </div>
   <div class='ocr_carea' id='block_1_81' title="bbox 2003 3747 3578 3826">
    <p class='ocr_par' dir='ltr' id='par_1_81' title="bbox 2003 3747 3578 3826">
     <span class='ocr_line' id='line_1_81' title="bbox 2003 3747 3578 3826; baseline 0.007 -24"><span class='ocrx_word' id='word_1_645' title='bbox 2003 3747 2215 3818; x_wconf 86' lang='lat' dir='ltr'><strong>Corpus</strong></span> <span class='ocrx_word' id='word_1_646' title='bbox 2241 3765 2368 3804; x_wconf 85' lang='lat' dir='ltr'><strong>vero</strong></span> <span class='ocrx_word' id='word_1_647' title='bbox 2431 3751 2630 3804; x_wconf 73' lang='lat' dir='ltr'><strong>Christi</strong></span> <span class='ocrx_word' id='word_1_648' title='bbox 2694 3752 2796 3805; x_wconf 90' lang='lat' dir='ltr'><strong>mei</strong></span> <span class='ocrx_word' id='word_1_649' title='bbox 2837 3769 2938 3806; x_wconf 90' lang='lat' dir='ltr'><strong>non</strong></span> <span class='ocrx_word' id='word_1_650' title='bbox 3001 3765 3084 3808; x_wconf 81' lang='lat' dir='ltr'><strong>est</strong></span> <span class='ocrx_word' id='word_1_651' title='bbox 3135 3772 3270 3824; x_wconf 84' lang='lat' dir='ltr'><strong>Opus</strong></span> <span class='ocrx_word' id='word_1_652' title='bbox 3322 3759 3578 3826; x_wconf 87' lang='lat' dir='ltr'><strong>hominis,</strong></span> 
     </span>
    </p>
   </div>
   <div class='ocr_carea' id='block_1_82' title="bbox 2005 3841 3575 3916">
    <p class='ocr_par' dir='ltr' id='par_1_82' title="bbox 2005 3841 3575 3916">
     <span class='ocr_line' id='line_1_82' title="bbox 2005 3841 3575 3916; baseline 0.008 -24"><span class='ocrx_word' id='word_1_653' title='bbox 2005 3854 2102 3892; x_wconf 89' lang='lat' dir='ltr'><strong>nec</strong></span> <span class='ocrx_word' id='word_1_654' title='bbox 2132 3854 2220 3893; x_wconf 91' lang='lat' dir='ltr'><strong>res</strong></span> <span class='ocrx_word' id='word_1_655' title='bbox 2251 3855 2372 3908; x_wconf 84' lang='lat' dir='ltr'><strong>quae</strong></span> <span class='ocrx_word' id='word_1_656' title='bbox 2425 3841 2596 3908; x_wconf 84' lang='lat' dir='ltr'><strong>possit</strong></span> <span class='ocrx_word' id='word_1_657' title='bbox 2657 3843 2870 3896; x_wconf 85' lang='lat' dir='ltr'><strong>calcari.</strong></span> <span class='ocrx_word' id='word_1_658' title='bbox 2906 3844 3088 3909; x_wconf 86' lang='lat' dir='ltr'><strong>Quare</strong></span> <span class='ocrx_word' id='word_1_659' title='bbox 3129 3861 3258 3916; x_wconf 81' lang='lat' dir='ltr'><strong>ergo</strong></span> <span class='ocrx_word' id='word_1_660' title='bbox 3323 3865 3408 3904; x_wconf 85' lang='lat' dir='ltr'><strong>me</strong></span> <span class='ocrx_word' id='word_1_661' title='bbox 3471 3867 3575 3905; x_wconf 91' lang='lat' dir='ltr'><strong>non</strong></span> 
     </span>
    </p>
   </div>
   <div class='ocr_carea' id='block_1_83' title="bbox 2004 3932 3576 4000">
    <p class='ocr_par' dir='ltr' id='par_1_83' title="bbox 2004 3932 3576 4000">
     <span class='ocr_line' id='line_1_83' title="bbox 2004 3932 3576 4000; baseline 0.008 -16"><span class='ocrx_word' id='word_1_662' title='bbox 2004 3932 2204 3985; x_wconf 86' lang='lat' dir='ltr'><strong>toleras</strong></span> <span class='ocrx_word' id='word_1_663' title='bbox 2233 3941 2288 3985; x_wconf 91' lang='lat' dir='ltr'><strong>et</strong></span> <span class='ocrx_word' id='word_1_664' title='bbox 2344 3934 2541 4000; x_wconf 88' lang='lat' dir='ltr'><strong>probas</strong></span> <span class='ocrx_word' id='word_1_665' title='bbox 2587 3951 2708 3987; x_wconf 88' lang='lat' dir='ltr'><strong>cum</strong></span> <span class='ocrx_word' id='word_1_666' title='bbox 2757 3950 2944 3990; x_wconf 83' lang='lat' dir='ltr'><strong>assero</strong></span> <span class='ocrx_word' id='word_1_667' title='bbox 2981 3937 3216 3992; x_wconf 91' lang='lat' dir='ltr'><strong>Verbum</strong></span> <span class='ocrx_word' id='word_1_668' title='bbox 3273 3939 3370 3995; x_wconf 86' lang='lat' dir='ltr'><strong>Dei</strong></span> <span class='ocrx_word' id='word_1_669' title='bbox 3427 3945 3576 3998; x_wconf 86' lang='lat' dir='ltr'><strong>carni</strong></span> 
     </span>
    </p>
   </div>
   <div class='ocr_carea' id='block_1_84' title="bbox 2001 4023 3578 4094">
    <p class='ocr_par' dir='ltr' id='par_1_84' title="bbox 2001 4023 3578 4094">
     <span class='ocr_line' id='line_1_84' title="bbox 2001 4023 3578 4094; baseline 0.008 -20"><span class='ocrx_word' id='word_1_670' title='bbox 2001 4036 2122 4075; x_wconf 79' lang='lat' dir='ltr'><strong>esse</strong></span> <span class='ocrx_word' id='word_1_671' title='bbox 2163 4023 2368 4075; x_wconf 89' lang='lat' dir='ltr'><strong>unitum</strong></span> <span class='ocrx_word' id='word_1_672' title='bbox 2398 4032 2452 4076; x_wconf 92' lang='lat' dir='ltr'><strong>et</strong></span> <span class='ocrx_word' id='word_1_673' title='bbox 2483 4023 2608 4077; x_wconf 91' lang='lat' dir='ltr'><strong>illud</strong></span> <span class='ocrx_word' id='word_1_674' title='bbox 2637 4039 2757 4077; x_wconf 89' lang='lat' dir='ltr'><strong>esse</strong></span> <span class='ocrx_word' id='word_1_675' title='bbox 2780 4040 3122 4094; x_wconf 83' lang='lat' dir='ltr'><strong>generatum,</strong></span> <span class='ocrx_word' id='word_1_676' title='bbox 3159 4046 3263 4082; x_wconf 89' lang='lat' dir='ltr'><strong>non</strong></span> <span class='ocrx_word' id='word_1_677' title='bbox 3298 4046 3426 4086; x_wconf 90' lang='lat' dir='ltr'><strong>vero</strong></span> <span class='ocrx_word' id='word_1_678' title='bbox 3498 4036 3578 4088; x_wconf 81' lang='lat' dir='ltr'><strong>fa-</strong></span> 
     </span>
    </p>
   </div>
   <div class='ocr_carea' id='block_1_85' title="bbox 2001 4113 3575 4190">
    <p class='ocr_par' dir='ltr' id='par_1_85' title="bbox 2001 4113 3575 4190">
     <span class='ocr_line' id='line_1_85' title="bbox 2001 4113 3575 4190; baseline 0.005 -24"><span class='ocrx_word' id='word_1_679' title='bbox 2001 4122 2150 4166; x_wconf 87' lang='lat' dir='ltr'><strong>Clum</strong></span> <span class='ocrx_word' id='word_1_680' title='bbox 2179 4123 2267 4165; x_wconf 90' lang='lat' dir='ltr'><strong>aut</strong></span> <span class='ocrx_word' id='word_1_681' title='bbox 2300 4113 2590 4166; x_wconf 79' lang='lat' dir='ltr'><strong>creatum?</strong></span> <span class='ocrx_word' id='word_1_682' title='bbox 2631 4113 2687 4168; x_wconf 91' lang='lat' dir='ltr'><strong>Si</strong></span> <span class='ocrx_word' id='word_1_683' title='bbox 2721 4115 2857 4169; x_wconf 87' lang='lat' dir='ltr'><strong>liber</strong></span> <span class='ocrx_word' id='word_1_684' title='bbox 2893 4127 3014 4171; x_wconf 89' lang='lat' dir='ltr'><strong>tuus</strong></span> <span class='ocrx_word' id='word_1_685' title='bbox 3049 4119 3364 4188; x_wconf 86' lang='lat' dir='ltr'><strong>projiciatur</strong></span> <span class='ocrx_word' id='word_1_686' title='bbox 3395 4123 3446 4174; x_wconf 92' lang='lat' dir='ltr'><strong>in</strong></span> <span class='ocrx_word' id='word_1_687' title='bbox 3477 4139 3575 4190; x_wconf 89' lang='lat' dir='ltr'><strong>pn-</strong></span> 
     </span>
    </p>
   </div>
   <div class='ocr_carea' id='block_1_86' title="bbox 2001 4202 3570 4280">
    <p class='ocr_par' dir='ltr' id='par_1_86' title="bbox 2001 4202 3570 4280">
     <span class='ocr_line' id='line_1_86' title="bbox 2001 4202 3570 4280; baseline 0.008 -26"><span class='ocrx_word' id='word_1_688' title='bbox 2001 4212 2168 4269; x_wconf 85' lang='lat' dir='ltr'><strong>teum,</strong></span> <span class='ocrx_word' id='word_1_689' title='bbox 2186 4202 2266 4256; x_wconf 87' lang='lat' dir='ltr'><strong>vel</strong></span> <span class='ocrx_word' id='word_1_690' title='bbox 2285 4203 2448 4256; x_wconf 88' lang='lat' dir='ltr'><strong>alium</strong></span> <span class='ocrx_word' id='word_1_691' title='bbox 2465 4203 2696 4273; x_wconf 75' lang='lat' dir='ltr'><strong>aliquem</strong></span> <span class='ocrx_word' id='word_1_692' title='bbox 2715 4205 2888 4259; x_wconf 90' lang='lat' dir='ltr'><strong>locum</strong></span> <span class='ocrx_word' id='word_1_693' title='bbox 2906 4208 2991 4260; x_wconf 91' lang='lat' dir='ltr'><strong>ubi</strong></span> <span class='ocrx_word' id='word_1_694' title='bbox 3013 4225 3116 4262; x_wconf 85' lang='lat' dir='ltr'><strong>non</strong></span> <span class='ocrx_word' id='word_1_695' title='bbox 3138 4213 3307 4278; x_wconf 88' lang='lat' dir='ltr'><strong>possit</strong></span> <span class='ocrx_word' id='word_1_696' title='bbox 3323 4229 3380 4266; x_wconf 85' lang='lat' dir='ltr'><strong>se</strong></span> <span class='ocrx_word' id='word_1_697' title='bbox 3397 4213 3570 4280; x_wconf 88' lang='lat' dir='ltr'><strong>ipsum</strong></span> 
     </span>
    </p>
   </div>
   <div class='ocr_carea' id='block_1_87' title="bbox 1993 4292 3572 4372">
    <p class='ocr_par' dir='ltr' id='par_1_87' title="bbox 1993 4292 3572 4372">
     <span class='ocr_line' id='line_1_87' title="bbox 1993 4292 3572 4372; baseline 0.009 -28"><span class='ocrx_word' id='word_1_698' title='bbox 1993 4292 2186 4360; x_wconf 84' lang='lat' dir='ltr'><strong>juvare</strong></span> <span class='ocrx_word' id='word_1_699' title='bbox 2209 4302 2262 4347; x_wconf 90' lang='lat' dir='ltr'><strong>et</strong></span> <span class='ocrx_word' id='word_1_700' title='bbox 2301 4295 2367 4346; x_wconf 88' lang='lat' dir='ltr'><strong>ab</strong></span> <span class='ocrx_word' id='word_1_701' title='bbox 2401 4293 2506 4347; x_wconf 83' lang='lat' dir='ltr'><strong>isto</strong></span> <span class='ocrx_word' id='word_1_702' title='bbox 2564 4295 2879 4350; x_wconf 72' lang='lat' dir='ltr'><strong>discrimine</strong></span> <span class='ocrx_word' id='word_1_703' title='bbox 2932 4312 2990 4351; x_wconf 91' lang='lat' dir='ltr'><strong>se</strong></span> <span class='ocrx_word' id='word_1_704' title='bbox 3016 4299 3267 4367; x_wconf 88' lang='lat' dir='ltr'><strong>liberare,</strong></span> <span class='ocrx_word' id='word_1_705' title='bbox 3301 4305 3572 4372; x_wconf 85' lang='lat' dir='ltr'><strong>quomodo</strong></span> 
     </span>
    </p>
   </div>
   <div class='ocr_carea' id='block_1_88' title="bbox 2001 4384 3569 4461">
    <p class='ocr_par' dir='ltr' id='par_1_88' title="bbox 2001 4384 3569 4461">
     <span class='ocr_line' id='line_1_88' title="bbox 2001 4384 3569 4461; baseline 0.008 -22"><span class='ocrx_word' id='word_1_706' title='bbox 2001 4396 2052 4439; x_wconf 90' lang='lat' dir='ltr'><strong>tu</strong></span> <span class='ocrx_word' id='word_1_707' title='bbox 2081 4395 2233 4454; x_wconf 84' lang='lat' dir='ltr'><strong>potes</strong></span> <span class='ocrx_word' id='word_1_708' title='bbox 2268 4385 2416 4439; x_wconf 91' lang='lat' dir='ltr'><strong>illum</strong></span> <span class='ocrx_word' id='word_1_709' title='bbox 2449 4385 2668 4440; x_wconf 89' lang='lat' dir='ltr'><strong>nomine</strong></span> <span class='ocrx_word' id='word_1_710' title='bbox 2710 4384 2870 4441; x_wconf 85' lang='lat' dir='ltr'><strong>Verbi</strong></span> <span class='ocrx_word' id='word_1_711' title='bbox 2917 4388 3010 4442; x_wconf 88' lang='lat' dir='ltr'><strong>Dei</strong></span> <span class='ocrx_word' id='word_1_712' title='bbox 3063 4393 3382 4461; x_wconf 76' lang='lat' dir='ltr'><strong>designare?</strong></span> <span class='ocrx_word' id='word_1_713' title='bbox 3412 4395 3476 4448; x_wconf 82' lang='lat' dir='ltr'><strong>Et</strong></span> <span class='ocrx_word' id='word_1_714' title='bbox 3525 4399 3569 4451; x_wconf 87' lang='lat' dir='ltr'><strong>si</strong></span> 
     </span>
    </p>
   </div>
   <div class='ocr_carea' id='block_1_89' title="bbox 1999 4477 3571 4545">
    <p class='ocr_par' dir='ltr' id='par_1_89' title="bbox 1999 4477 3571 4545">
     <span class='ocr_line' id='line_1_89' title="bbox 1999 4477 3571 4545; baseline 0.008 -17"><span class='ocrx_word' id='word_1_715' title='bbox 1999 4477 2258 4530; x_wconf 86' lang='lat' dir='ltr'><strong>Dominus</strong></span> <span class='ocrx_word' id='word_1_716' title='bbox 2328 4485 2514 4529; x_wconf 89' lang='lat' dir='ltr'><strong>noster</strong></span> <span class='ocrx_word' id='word_1_717' title='bbox 2573 4477 2818 4545; x_wconf 89' lang='lat' dir='ltr'><strong>seipsum</strong></span> <span class='ocrx_word' id='word_1_718' title='bbox 2858 4494 2887 4532; x_wconf 89' lang='lat' dir='ltr'><strong>a</strong></span> <span class='ocrx_word' id='word_1_719' title='bbox 2925 4478 3106 4533; x_wconf 81' lang='lat' dir='ltr'><strong>furore</strong></span> <span class='ocrx_word' id='word_1_720' title='bbox 3155 4481 3461 4539; x_wconf 65' lang='lat' dir='ltr'><strong>Judzeorum</strong></span> <span class='ocrx_word' id='word_1_721' title='bbox 3503 4488 3571 4540; x_wconf 87' lang='lat' dir='ltr'><strong>li-</strong></span> 
     </span>
    </p>
   </div>
   <div class='ocr_carea' id='block_1_90' title="bbox 325 4548 1911 4648">
    <p class='ocr_par' dir='ltr' id='par_1_90' title="bbox 325 4568 1897 4648">
     <span class='ocr_line' id='line_1_90' title="bbox 325 4568 1897 4648; baseline -0.006 -19"><span class='ocrx_word' id='word_1_722' title='bbox 325 4593 418 4648; x_wconf 83' lang='grc' dir='ltr'><strong>μοι</strong></span> <span class='ocrx_word' id='word_1_723' title='bbox 439 4576 526 4628; x_wconf 85' lang='grc' dir='ltr'><strong>διὰ</strong></span> <span class='ocrx_word' id='word_1_724' title='bbox 549 4575 844 4647; x_wconf 84' lang='grc' dir='ltr'>μαρτύρων</span> <span class='ocrx_word' id='word_1_725' title='bbox 871 4572 1082 4626; x_wconf 84' lang='grc' dir='ltr'>πολλῶν</span> <span class='ocrx_word' id='word_1_726' title='bbox 1099 4614 1112 4634; x_wconf 94' lang='grc'><strong>,</strong></span> <span class='ocrx_word' id='word_1_727' title='bbox 1130 4574 1212 4625; x_wconf 78' lang='grc' dir='ltr'><strong>ὅτι</strong></span> <span class='ocrx_word' id='word_1_728' title='bbox 1236 4575 1262 4624; x_wconf 90' lang='lat'><strong>6</strong></span> <span class='ocrx_word' id='word_1_729' title='bbox 1285 4573 1454 4638; x_wconf 87' lang='grc' dir='ltr'>Λόγος</span> <span class='ocrx_word' id='word_1_730' title='bbox 1479 4571 1571 4622; x_wconf 89' lang='grc' dir='ltr'><strong>τοῦ</strong></span> <span class='ocrx_word' id='word_1_731' title='bbox 1594 4569 1729 4622; x_wconf 87' lang='grc' dir='ltr'>Θεοῦ</span> <span class='ocrx_word' id='word_1_732' title='bbox 1763 4568 1897 4640; x_wconf 77' lang='grc' dir='ltr'><strong>ἠνώ-</strong></span> 
     </span>
    </p>
   </div>
   <div class='ocr_carea' id='block_1_91' title="bbox 2015 4548 3570 4648">
    <p class='ocr_par' dir='ltr' id='par_1_91' title="bbox 2015 4567 3570 4636">
     <span class='ocr_line' id='line_1_91' title="bbox 2015 4567 3570 4636; baseline 0.008 -16"><span class='ocrx_word' id='word_1_733' title='bbox 2015 4567 2231 4632; x_wconf 72' lang='lat' dir='ltr'><strong>ieravit,</strong></span> <span class='ocrx_word' id='word_1_734' title='bbox 2260 4575 2314 4620; x_wconf 91' lang='lat' dir='ltr'><strong>et</strong></span> <span class='ocrx_word' id='word_1_735' title='bbox 2339 4568 2508 4622; x_wconf 67' lang='lat' dir='ltr'><strong>caelos</strong></span> <span class='ocrx_word' id='word_1_736' title='bbox 2540 4583 2708 4636; x_wconf 88' lang='lat' dir='ltr'><strong>usque</strong></span> <span class='ocrx_word' id='word_1_737' title='bbox 2741 4572 3002 4636; x_wconf 86' lang='lat' dir='ltr'><strong>pervenit,</strong></span> <span class='ocrx_word' id='word_1_738' title='bbox 3037 4584 3091 4624; x_wconf 87' lang='lat' dir='ltr'><strong>ut</strong></span> <span class='ocrx_word' id='word_1_739' title='bbox 3119 4575 3187 4627; x_wconf 87' lang='lat' dir='ltr'><strong>ibi</strong></span> <span class='ocrx_word' id='word_1_740' title='bbox 3246 4579 3402 4630; x_wconf 84' lang='lat' dir='ltr'><strong>sedes</strong></span> <span class='ocrx_word' id='word_1_741' title='bbox 3442 4595 3570 4632; x_wconf 84' lang='lat' dir='ltr'><strong>snas</strong></span> 
     </span>
    </p>
   </div>
   <div class='ocr_carea' id='block_1_92' title="bbox 323 4660 1890 4740">
    <p class='ocr_par' dir='ltr' id='par_1_92' title="bbox 323 4660 1890 4740">
     <span class='ocr_line' id='line_1_92' title="bbox 323 4660 1890 4740; baseline -0.008 -17"><span class='ocrx_word' id='word_1_742' title='bbox 323 4670 390 4740; x_wconf 84' lang='grc' dir='ltr'><strong>θη</strong></span> <span class='ocrx_word' id='word_1_743' title='bbox 425 4673 490 4739; x_wconf 85' lang='grc' dir='ltr'>τῇ</span> <span class='ocrx_word' id='word_1_744' title='bbox 528 4670 712 4738; x_wconf 76' lang='grc' dir='ltr'>σαρκὶ,</span> <span class='ocrx_word' id='word_1_745' title='bbox 762 4669 856 4720; x_wconf 77' lang='lat' dir='ltr'><strong>xal</strong></span> <span class='ocrx_word' id='word_1_746' title='bbox 897 4667 1013 4718; x_wconf 77' lang='grc' dir='ltr'>ἐστι</span> <span class='ocrx_word' id='word_1_747' title='bbox 1051 4664 1356 4733; x_wconf 68' lang='grc' dir='ltr'>γεννηθεὶς,</span> <span class='ocrx_word' id='word_1_748' title='bbox 1395 4664 1490 4716; x_wconf 72' lang='grc' dir='ltr'>καὶ</span> <span class='ocrx_word' id='word_1_749' title='bbox 1516 4662 1577 4714; x_wconf 81' lang='grc' dir='ltr'><strong>οῦ</strong></span> <span class='ocrx_word' id='word_1_750' title='bbox 1611 4660 1890 4730; x_wconf 86' lang='grc' dir='ltr'>πυιηθείς;</span> 
     </span>
    </p>
   </div>
   <div class='ocr_carea' id='block_1_93' title="bbox 325 4753 1893 4831">
    <p class='ocr_par' dir='ltr' id='par_1_93' title="bbox 325 4753 1893 4831">
     <span class='ocr_line' id='line_1_93' title="bbox 325 4753 1893 4831; baseline -0.009 -14"><span class='ocrx_word' id='word_1_751' title='bbox 325 4763 436 4817; x_wconf 87' lang='lat' dir='ltr'><strong>Kal</strong></span> <span class='ocrx_word' id='word_1_752' title='bbox 470 4762 612 4815; x_wconf 67' lang='grc' dir='ltr'>οὕτω</span> <span class='ocrx_word' id='word_1_753' title='bbox 642 4763 736 4814; x_wconf 69' lang='grc' dir='ltr'><strong>καὶ</strong></span> <span class='ocrx_word' id='word_1_754' title='bbox 763 4763 923 4831; x_wconf 68' lang='grc' dir='ltr'>ἡμεῖς</span> <span class='ocrx_word' id='word_1_755' title='bbox 959 4757 1194 4828; x_wconf 73' lang='grc' dir='ltr'>εὕρομεν</span> <span class='ocrx_word' id='word_1_756' title='bbox 1238 4757 1296 4807; x_wconf 85' lang='grc' dir='ltr'>ὲν</span> <span class='ocrx_word' id='word_1_757' title='bbox 1323 4754 1400 4824; x_wconf 78' lang='grc' dir='ltr'>τῷ</span> <span class='ocrx_word' id='word_1_758' title='bbox 1440 4753 1604 4822; x_wconf 85' lang='grc' dir='ltr'>πάχει</span> <span class='ocrx_word' id='word_1_759' title='bbox 1631 4753 1729 4820; x_wconf 79' lang='grc' dir='ltr'>τῆς</span> <span class='ocrx_word' id='word_1_760' title='bbox 1762 4767 1893 4820; x_wconf 84' lang='grc' dir='ltr'>σαρ-</span> 
     </span>
    </p>
   </div>
   <div class='ocr_carea' id='block_1_94' title="bbox 323 4841 1889 4916">
    <p class='ocr_par' dir='ltr' id='par_1_94' title="bbox 323 4841 1889 4916">
     <span class='ocr_line' id='line_1_94' title="bbox 323 4841 1889 4916; baseline -0.008 -11"><span class='ocrx_word' id='word_1_761' title='bbox 323 4853 420 4916; x_wconf 76' lang='grc' dir='ltr'><strong>κὸς</strong></span> <span class='ocrx_word' id='word_1_762' title='bbox 449 4853 510 4904; x_wconf 79' lang='grc' dir='ltr'><strong>τὸ</strong></span> <span class='ocrx_word' id='word_1_763' title='bbox 555 4852 718 4905; x_wconf 83' lang='grc' dir='ltr'>άῡλον</span> <span class='ocrx_word' id='word_1_764' title='bbox 748 4852 842 4903; x_wconf 79' lang='grc' dir='ltr'>καὶ</span> <span class='ocrx_word' id='word_1_765' title='bbox 875 4849 1072 4902; x_wconf 85' lang='grc' dir='ltr'>λεπτὸν</span> <span class='ocrx_word' id='word_1_766' title='bbox 1106 4846 1201 4900; x_wconf 88' lang='grc' dir='ltr'><strong>τοῦ</strong></span> <span class='ocrx_word' id='word_1_767' title='bbox 1227 4845 1384 4911; x_wconf 83' lang='grc' dir='ltr'>Θεοῦ,</span> <span class='ocrx_word' id='word_1_768' title='bbox 1413 4844 1508 4897; x_wconf 75' lang='grc' dir='ltr'>καὶ</span> <span class='ocrx_word' id='word_1_769' title='bbox 1545 4843 1760 4913; x_wconf 77' lang='grc' dir='ltr'>εἴδομεν</span> <span class='ocrx_word' id='word_1_770' title='bbox 1791 4841 1889 4912; x_wconf 79' lang='grc' dir='ltr'>τὴν</span> 
     </span>
    </p>
   </div>
   <div class='ocr_carea' id='block_1_95' title="bbox 319 4936 1606 5011">
    <p class='ocr_par' dir='ltr' id='par_1_95' title="bbox 319 4936 1606 5011">
     <span class='ocr_line' id='line_1_95' title="bbox 319 4936 1606 5011; baseline -0.007 -14"><span class='ocrx_word' id='word_1_771' title='bbox 319 4943 480 5008; x_wconf 76' lang='grc' dir='ltr'>δόξαν</span> <span class='ocrx_word' id='word_1_772' title='bbox 507 4943 695 5006; x_wconf 84' lang='grc' dir='ltr'>αὑτοῦ,</span> <span class='ocrx_word' id='word_1_773' title='bbox 735 4943 892 5006; x_wconf 81' lang='grc' dir='ltr'>δόξαν</span> <span class='ocrx_word' id='word_1_774' title='bbox 921 4939 1213 5011; x_wconf 81' lang='grc' dir='ltr'>προφανῶς</span> <span class='ocrx_word' id='word_1_775' title='bbox 1242 4939 1417 5005; x_wconf 86' lang='grc' dir='ltr'>Λόγου</span> <span class='ocrx_word' id='word_1_776' title='bbox 1450 4936 1606 4989; x_wconf 85' lang='grc' dir='ltr'>Θεοῦ.</span> 
     </span>
    </p>
   </div>
   <div class='ocr_carea' id='block_1_96' title="bbox 2003 4659 3568 4728">
    <p class='ocr_par' dir='ltr' id='par_1_96' title="bbox 2003 4659 3568 4728">
     <span class='ocr_line' id='line_1_96' title="bbox 2003 4659 3568 4728; baseline 0.01 -20"><span class='ocrx_word' id='word_1_777' title='bbox 2003 4659 2193 4726; x_wconf 84' lang='lat' dir='ltr'><strong>ligeret</strong></span> <span class='ocrx_word' id='word_1_778' title='bbox 2234 4667 2290 4713; x_wconf 90' lang='lat' dir='ltr'><strong>et</strong></span> <span class='ocrx_word' id='word_1_779' title='bbox 2349 4659 2664 4722; x_wconf 82' lang='lat' dir='ltr'><strong>collocaret,</strong></span> <span class='ocrx_word' id='word_1_780' title='bbox 2699 4664 2969 4728; x_wconf 87' lang='lat' dir='ltr'><strong>quomodo</strong></span> <span class='ocrx_word' id='word_1_781' title='bbox 3007 4664 3238 4719; x_wconf 84' lang='lat' dir='ltr'><strong>Verbum</strong></span> <span class='ocrx_word' id='word_1_782' title='bbox 3274 4667 3366 4721; x_wconf 90' lang='lat' dir='ltr'><strong>Dei</strong></span> <span class='ocrx_word' id='word_1_783' title='bbox 3421 4669 3568 4724; x_wconf 87' lang='lat' dir='ltr'><strong>illmu</strong></span> 
     </span>
    </p>
   </div>
   <div class='ocr_carea' id='block_1_97' title="bbox 2001 4750 3568 4816">
    <p class='ocr_par' dir='ltr' id='par_1_97' title="bbox 2001 4750 3568 4816">
     <span class='ocr_line' id='line_1_97' title="bbox 2001 4750 3568 4816; baseline 0.008 -14"><span class='ocrx_word' id='word_1_784' title='bbox 2001 4764 2105 4802; x_wconf 89' lang='lat' dir='ltr'><strong>non</strong></span> <span class='ocrx_word' id='word_1_785' title='bbox 2139 4750 2494 4803; x_wconf 86' lang='lat' dir='ltr'><strong>vocaremus?</strong></span> <span class='ocrx_word' id='word_1_786' title='bbox 2522 4750 2673 4816; x_wconf 84' lang='lat' dir='ltr'><strong>Quod</strong></span> <span class='ocrx_word' id='word_1_787' title='bbox 2734 4752 2778 4803; x_wconf 83' lang='lat' dir='ltr'><strong>si</strong></span> <span class='ocrx_word' id='word_1_788' title='bbox 2825 4753 3011 4806; x_wconf 87' lang='lat' dir='ltr'><strong>dicas:</strong></span> <span class='ocrx_word' id='word_1_789' title='bbox 3052 4755 3283 4811; x_wconf 88' lang='lat' dir='ltr'><strong>Verbum</strong></span> <span class='ocrx_word' id='word_1_790' title='bbox 3341 4759 3429 4814; x_wconf 90' lang='lat' dir='ltr'><strong>Dei</strong></span> <span class='ocrx_word' id='word_1_791' title='bbox 3464 4776 3568 4815; x_wconf 93' lang='lat' dir='ltr'><strong>non</strong></span> 
     </span>
    </p>
   </div>
   <div class='ocr_carea' id='block_1_98' title="bbox 2001 4841 3562 4914">
    <p class='ocr_par' dir='ltr' id='par_1_98' title="bbox 2001 4841 3562 4914">
     <span class='ocr_line' id='line_1_98' title="bbox 2001 4841 3562 4914; baseline 0.011 -25"><span class='ocrx_word' id='word_1_792' title='bbox 2001 4855 2289 4908; x_wconf 78' lang='lat' dir='ltr'><strong>possumus</strong></span> <span class='ocrx_word' id='word_1_793' title='bbox 2314 4841 2774 4903; x_wconf 88' lang='lat' dir='ltr'><strong>comprehendere</strong></span> <span class='ocrx_word' id='word_1_794' title='bbox 2805 4859 2908 4897; x_wconf 87' lang='lat' dir='ltr'><strong>nec</strong></span> <span class='ocrx_word' id='word_1_795' title='bbox 2940 4849 3242 4914; x_wconf 88' lang='lat' dir='ltr'><strong>percipere,</strong></span> <span class='ocrx_word' id='word_1_796' title='bbox 3268 4864 3366 4904; x_wconf 89' lang='lat' dir='ltr'><strong>nec</strong></span> <span class='ocrx_word' id='word_1_797' title='bbox 3385 4853 3562 4906; x_wconf 86' lang='lat' dir='ltr'><strong>anim-</strong></span> 
     </span>
    </p>
   </div>
   <div class='ocr_carea' id='block_1_99' title="bbox 2001 4933 3565 5011">
    <p class='ocr_par' dir='ltr' id='par_1_99' title="bbox 2001 4933 3565 5011">
     <span class='ocr_line' id='line_1_99' title="bbox 2001 4933 3565 5011; baseline 0.009 -27"><span class='ocrx_word' id='word_1_798' title='bbox 2001 4935 2286 4985; x_wconf 86' lang='lat' dir='ltr'><strong>advertere</strong></span> <span class='ocrx_word' id='word_1_799' title='bbox 2312 4933 2412 4986; x_wconf 89' lang='lat' dir='ltr'><strong>nisi</strong></span> <span class='ocrx_word' id='word_1_800' title='bbox 2448 4949 2543 5002; x_wconf 85' lang='lat' dir='ltr'><strong>per</strong></span> <span class='ocrx_word' id='word_1_801' title='bbox 2573 4936 2880 4990; x_wconf 88' lang='lat' dir='ltr'><strong>crassitiem</strong></span> <span class='ocrx_word' id='word_1_802' title='bbox 2930 4948 2985 4991; x_wconf 90' lang='lat' dir='ltr'><strong>et</strong></span> <span class='ocrx_word' id='word_1_803' title='bbox 3031 4941 3360 5007; x_wconf 87' lang='lat' dir='ltr'><strong>opacitatem</strong></span> <span class='ocrx_word' id='word_1_804' title='bbox 3406 4943 3565 5011; x_wconf 90' lang='lat' dir='ltr'><strong>libri,</strong></span> 
     </span>
    </p>
   </div>
   <div class='ocr_carea' id='block_1_100' title="bbox 321 5026 3567 5108">
    <p class='ocr_par' dir='ltr' id='par_1_100' title="bbox 321 5026 3567 5108">
     <span class='ocr_line' id='line_1_100' title="bbox 321 5026 3567 5108; baseline 0 -20"><span class='ocrx_word' id='word_1_805' title='bbox 321 5053 490 5108; x_wconf 84' lang='lat' dir='ltr'><strong>quare</strong></span> <span class='ocrx_word' id='word_1_806' title='bbox 518 5037 844 5091; x_wconf 81' lang='lat' dir='ltr'><strong>sententiam</strong></span> <span class='ocrx_word' id='word_1_807' title='bbox 879 5050 1050 5087; x_wconf 87' lang='lat' dir='ltr'><strong>meam</strong></span> <span class='ocrx_word' id='word_1_808' title='bbox 1082 5049 1187 5085; x_wconf 84' lang='lat' dir='ltr'><strong>non</strong></span> <span class='ocrx_word' id='word_1_809' title='bbox 1248 5031 1492 5085; x_wconf 86' lang='lat' dir='ltr'><strong>admittis</strong></span> <span class='ocrx_word' id='word_1_810' title='bbox 1556 5029 1720 5084; x_wconf 84' lang='lat' dir='ltr'><strong>variis</strong></span> <span class='ocrx_word' id='word_1_811' title='bbox 1780 5027 2110 5083; x_wconf 84' lang='lat' dir='ltr'><strong>testimoniis</strong></span> <span class='ocrx_word' id='word_1_812' title='bbox 2159 5026 2493 5092; x_wconf 84' lang='lat' dir='ltr'><strong>roboratam,</strong></span> <span class='ocrx_word' id='word_1_813' title='bbox 2559 5041 2663 5096; x_wconf 86' lang='lat' dir='ltr'><strong>qua</strong></span> <span class='ocrx_word' id='word_1_814' title='bbox 2693 5044 2884 5083; x_wconf 79' lang='lat' dir='ltr'><strong>assero</strong></span> <span class='ocrx_word' id='word_1_815' title='bbox 2958 5031 3194 5085; x_wconf 88' lang='lat' dir='ltr'><strong>Verbum</strong></span> <span class='ocrx_word' id='word_1_816' title='bbox 3230 5035 3322 5088; x_wconf 84' lang='lat' dir='ltr'><strong>Dei</strong></span> <span class='ocrx_word' id='word_1_817' title='bbox 3359 5039 3567 5090; x_wconf 88' lang='lat' dir='ltr'><strong>unitum</strong></span> 
     </span>
    </p>
   </div>
   <div class='ocr_carea' id='block_1_101' title="bbox 322 5121 3570 5198">
    <p class='ocr_par' dir='ltr' id='par_1_101' title="bbox 322 5121 3570 5198">
     <span class='ocr_line' id='line_1_101' title="bbox 322 5121 3570 5198; baseline 0.002 -20"><span class='ocrx_word' id='word_1_818' title='bbox 322 5139 442 5183; x_wconf 85' lang='lat' dir='ltr'><strong>esse</strong></span> <span class='ocrx_word' id='word_1_819' title='bbox 466 5130 616 5183; x_wconf 89' lang='lat' dir='ltr'><strong>carni</strong></span> <span class='ocrx_word' id='word_1_820' title='bbox 648 5141 703 5182; x_wconf 88' lang='lat' dir='ltr'><strong>et</strong></span> <span class='ocrx_word' id='word_1_821' title='bbox 731 5128 972 5198; x_wconf 83' lang='lat' dir='ltr'><strong>genitqu</strong></span> <span class='ocrx_word' id='word_1_822' title='bbox 1024 5141 1167 5188; x_wconf 77' lang='lat' dir='ltr'><strong>esse,</strong></span> <span class='ocrx_word' id='word_1_823' title='bbox 1222 5140 1328 5177; x_wconf 88' lang='lat' dir='ltr'><strong>non</strong></span> <span class='ocrx_word' id='word_1_824' title='bbox 1359 5137 1484 5177; x_wconf 84' lang='lat' dir='ltr'><strong>vero</strong></span> <span class='ocrx_word' id='word_1_825' title='bbox 1514 5131 1754 5176; x_wconf 86' lang='lat' dir='ltr'><strong>creatum</strong></span> <span class='ocrx_word' id='word_1_826' title='bbox 1780 5122 1803 5174; x_wconf 92' lang='lat'><strong>?</strong></span> <span class='ocrx_word' id='word_1_827' title='bbox 1830 5123 1895 5176; x_wconf 85' lang='lat' dir='ltr'><strong>Et</strong></span> <span class='ocrx_word' id='word_1_828' title='bbox 1936 5123 2035 5176; x_wconf 82' lang='lat' dir='ltr'><strong>ista</strong></span> <span class='ocrx_word' id='word_1_829' title='bbox 2074 5121 2283 5174; x_wconf 85' lang='lat' dir='ltr'><strong>ratione</strong></span> <span class='ocrx_word' id='word_1_830' title='bbox 2353 5121 2658 5175; x_wconf 89' lang='lat' dir='ltr'><strong>invenimus</strong></span> <span class='ocrx_word' id='word_1_831' title='bbox 2716 5123 2766 5176; x_wconf 89' lang='lat' dir='ltr'><strong>in</strong></span> <span class='ocrx_word' id='word_1_832' title='bbox 2802 5125 3049 5179; x_wconf 86' lang='lat' dir='ltr'><strong>crassitie</strong></span> <span class='ocrx_word' id='word_1_833' title='bbox 3078 5136 3132 5180; x_wconf 88' lang='lat' dir='ltr'><strong>et</strong></span> <span class='ocrx_word' id='word_1_834' title='bbox 3155 5128 3418 5184; x_wconf 85' lang='lat' dir='ltr'><strong>densitate</strong></span> <span class='ocrx_word' id='word_1_835' title='bbox 3447 5146 3570 5184; x_wconf 87' lang='lat' dir='ltr'><strong>car-</strong></span> 
     </span>
    </p>
   </div>
   <div class='ocr_carea' id='block_1_102' title="bbox 323 5217 3568 5290">
    <p class='ocr_par' dir='ltr' id='par_1_102' title="bbox 323 5217 3568 5290">
     <span class='ocr_line' id='line_1_102' title="bbox 323 5217 3568 5290; baseline -0.001 -12"><span class='ocrx_word' id='word_1_836' title='bbox 323 5227 406 5279; x_wconf 85' lang='lat' dir='ltr'><strong>nis</strong></span> <span class='ocrx_word' id='word_1_837' title='bbox 447 5225 857 5278; x_wconf 87' lang='lat' dir='ltr'><strong>immatcrialem</strong></span> <span class='ocrx_word' id='word_1_838' title='bbox 921 5233 976 5277; x_wconf 91' lang='lat' dir='ltr'><strong>et</strong></span> <span class='ocrx_word' id='word_1_839' title='bbox 1037 5220 1446 5275; x_wconf 84' lang='lat' dir='ltr'><strong>subtilissimam</strong></span> <span class='ocrx_word' id='word_1_840' title='bbox 1523 5218 1886 5275; x_wconf 86' lang='lat' dir='ltr'><strong>substantiam</strong></span> <span class='ocrx_word' id='word_1_841' title='bbox 1928 5218 2119 5282; x_wconf 89' lang='lat' dir='ltr'><strong>Dei,et</strong></span> <span class='ocrx_word' id='word_1_842' title='bbox 2141 5218 2390 5272; x_wconf 88' lang='lat' dir='ltr'><strong>novimus</strong></span> <span class='ocrx_word' id='word_1_843' title='bbox 2446 5217 2588 5273; x_wconf 87' lang='lat' dir='ltr'><strong>illius</strong></span> <span class='ocrx_word' id='word_1_844' title='bbox 2657 5218 2909 5288; x_wconf 75' lang='lat' dir='ltr'><strong>gloriam,</strong></span> <span class='ocrx_word' id='word_1_845' title='bbox 2934 5227 3192 5287; x_wconf 88' lang='lat' dir='ltr'><strong>tanquam</strong></span> <span class='ocrx_word' id='word_1_846' title='bbox 3240 5221 3568 5290; x_wconf 86' lang='lat' dir='ltr'><strong>ipsissimam</strong></span> 
     </span>
    </p>
   </div>
   <div class='ocr_carea' id='block_1_103' title="bbox 322 5315 886 5388">
    <p class='ocr_par' dir='ltr' id='par_1_103' title="bbox 322 5315 886 5388">
     <span class='ocr_line' id='line_1_103' title="bbox 322 5315 886 5388; baseline 0 -20"><span class='ocrx_word' id='word_1_847' title='bbox 322 5318 544 5388; x_wconf 79' lang='lat' dir='ltr'><strong>gloriam</strong></span> <span class='ocrx_word' id='word_1_848' title='bbox 573 5316 732 5370; x_wconf 90' lang='lat' dir='ltr'><strong>Verbi</strong></span> <span class='ocrx_word' id='word_1_849' title='bbox 771 5315 886 5368; x_wconf 83' lang='lat' dir='ltr'><strong>Dei.</strong></span> 
     </span>
    </p>
   </div>
   <div class='ocr_carea' id='block_1_104' title="bbox 393 5401 1890 5475">
    <p class='ocr_par' dir='ltr' id='par_1_104' title="bbox 393 5401 1890 5475">
     <span class='ocr_line' id='line_1_104' title="bbox 393 5401 1890 5475; baseline -0.005 -14"><span class='ocrx_word' id='word_1_850' title='bbox 393 5408 594 5462; x_wconf 80' lang='grc' dir='ltr'>Λοιπὸν</span> <span class='ocrx_word' id='word_1_851' title='bbox 617 5407 732 5468; x_wconf 84' lang='grc' dir='ltr'><strong>πῶς</strong></span> <span class='ocrx_word' id='word_1_852' title='bbox 763 5408 910 5475; x_wconf 74' lang='grc' dir='ltr'>ἡμᾶς</span> <span class='ocrx_word' id='word_1_853' title='bbox 935 5404 1242 5467; x_wconf 75' lang='grc' dir='ltr'>ὀνειδίζετε,</span> <span class='ocrx_word' id='word_1_854' title='bbox 1267 5403 1342 5465; x_wconf 85' lang='grc' dir='ltr'>ὡς</span> <span class='ocrx_word' id='word_1_855' title='bbox 1379 5402 1750 5468; x_wconf 81' lang='grc' dir='ltr'>ὲπαοιδιστὰς,</span> <span class='ocrx_word' id='word_1_856' title='bbox 1794 5401 1890 5455; x_wconf 89' lang='grc' dir='ltr'><strong>καί</strong></span> 
     </span>
    </p>
   </div>
   <div class='ocr_carea' id='block_1_105' title="bbox 320 5497 1891 5571">
    <p class='ocr_par' dir='ltr' id='par_1_105' title="bbox 320 5497 1891 5571">
     <span class='ocr_line' id='line_1_105' title="bbox 320 5497 1891 5571; baseline -0.006 -14"><span class='ocrx_word' id='word_1_857' title='bbox 320 5503 539 5564; x_wconf 78' lang='grc' dir='ltr'>ἀσεϐεῖς</span> <span class='ocrx_word' id='word_1_858' title='bbox 571 5503 628 5554; x_wconf 82' lang='grc' dir='ltr'>ὲν</span> <span class='ocrx_word' id='word_1_859' title='bbox 658 5502 833 5571; x_wconf 80' lang='grc' dir='ltr'>τούτῳ</span> <span class='ocrx_word' id='word_1_860' title='bbox 863 5500 1085 5569; x_wconf 81' lang='grc' dir='ltr'>μᾶλλον,</span> <span class='ocrx_word' id='word_1_861' title='bbox 1115 5501 1199 5551; x_wconf 80' lang='grc' dir='ltr'><strong>ὅτι</strong></span> <span class='ocrx_word' id='word_1_862' title='bbox 1229 5499 1451 5566; x_wconf 79' lang='grc' dir='ltr'>οἴδαμεν</span> <span class='ocrx_word' id='word_1_863' title='bbox 1477 5501 1680 5568; x_wconf 84' lang='grc' dir='ltr'>σημεῖα</span> <span class='ocrx_word' id='word_1_864' title='bbox 1726 5497 1891 5566; x_wconf 77' lang='grc' dir='ltr'>φοϐε-</span> 
     </span>
    </p>
   </div>
   <div class='ocr_carea' id='block_1_106' title="bbox 322 5588 1890 5668">
    <p class='ocr_par' dir='ltr' id='par_1_106' title="bbox 322 5588 1890 5668">
     <span class='ocr_line' id='line_1_106' title="bbox 322 5588 1890 5668; baseline -0.006 -20"><span class='ocrx_word' id='word_1_865' title='bbox 322 5597 413 5668; x_wconf 77' lang='grc' dir='ltr'><strong>ρά,</strong></span> <span class='ocrx_word' id='word_1_866' title='bbox 447 5593 765 5663; x_wconf 74' lang='grc' dir='ltr'>καὶτέρατα</span> <span class='ocrx_word' id='word_1_867' title='bbox 819 5591 1170 5662; x_wconf 84' lang='grc' dir='ltr'>ἁναρίθμητα</span> <span class='ocrx_word' id='word_1_868' title='bbox 1200 5589 1308 5643; x_wconf 81' lang='grc' dir='ltr'>ἀπὸ</span> <span class='ocrx_word' id='word_1_869' title='bbox 1370 5589 1465 5641; x_wconf 86' lang='grc' dir='ltr'><strong>τοῦ</strong></span> <span class='ocrx_word' id='word_1_870' title='bbox 1524 5589 1732 5658; x_wconf 82' lang='grc' dir='ltr'>πάχους</span> <span class='ocrx_word' id='word_1_871' title='bbox 1791 5588 1890 5656; x_wconf 82' lang='grc' dir='ltr'><strong>τῆς</strong></span> 
     </span>
    </p>
   </div>
   <div class='ocr_carea' id='block_1_107' title="bbox 320 5677 1892 5754">
    <p class='ocr_par' dir='ltr' id='par_1_107' title="bbox 320 5677 1892 5754">
     <span class='ocr_line' id='line_1_107' title="bbox 320 5677 1892 5754; baseline -0.006 -14"><span class='ocrx_word' id='word_1_872' title='bbox 320 5685 477 5744; x_wconf 85' lang='grc' dir='ltr'>θείας</span> <span class='ocrx_word' id='word_1_873' title='bbox 512 5684 714 5754; x_wconf 88' lang='grc' dir='ltr'>σαρκὸς</span> <span class='ocrx_word' id='word_1_874' title='bbox 753 5681 848 5736; x_wconf 87' lang='grc' dir='ltr'><strong>τοῦ</strong></span> <span class='ocrx_word' id='word_1_875' title='bbox 878 5682 1052 5750; x_wconf 86' lang='grc' dir='ltr'>Λόγου</span> <span class='ocrx_word' id='word_1_876' title='bbox 1077 5679 1170 5733; x_wconf 88' lang='grc' dir='ltr'><strong>τοῦ</strong></span> <span class='ocrx_word' id='word_1_877' title='bbox 1216 5679 1372 5732; x_wconf 85' lang='grc' dir='ltr'>Θεοῦ.</span> <span class='ocrx_word' id='word_1_878' title='bbox 1405 5679 1515 5731; x_wconf 81' lang='lat' dir='ltr'><strong>Kal</strong></span> <span class='ocrx_word' id='word_1_879' title='bbox 1546 5681 1610 5732; x_wconf 80' lang='grc' dir='ltr'><strong>σὺ</strong></span> <span class='ocrx_word' id='word_1_880' title='bbox 1649 5680 1759 5732; x_wconf 83' lang='grc' dir='ltr'><strong>ἀπὸ</strong></span> <span class='ocrx_word' id='word_1_881' title='bbox 1796 5677 1892 5731; x_wconf 88' lang='grc' dir='ltr'><strong>τοῦ</strong></span> 
     </span>
    </p>
   </div>
   <div class='ocr_carea' id='block_1_108' title="bbox 320 5771 1891 5846">
    <p class='ocr_par' dir='ltr' id='par_1_108' title="bbox 320 5771 1891 5846">
     <span class='ocr_line' id='line_1_108' title="bbox 320 5771 1891 5846; baseline -0.005 -15"><span class='ocrx_word' id='word_1_882' title='bbox 320 5774 630 5846; x_wconf 79' lang='grc' dir='ltr'>Κουρανίου</span> <span class='ocrx_word' id='word_1_883' title='bbox 665 5791 757 5826; x_wconf 89' lang='grc' dir='ltr'><strong>σου</strong></span> <span class='ocrx_word' id='word_1_884' title='bbox 803 5773 924 5826; x_wconf 68' lang='grc' dir='ltr'>οὐδὲ</span> <span class='ocrx_word' id='word_1_885' title='bbox 959 5773 1021 5826; x_wconf 85' lang='grc' dir='ltr'>τὺ</span> <span class='ocrx_word' id='word_1_886' title='bbox 1050 5771 1280 5826; x_wconf 83' lang='grc' dir='ltr'>οἱονοῦν.</span> <span class='ocrx_word' id='word_1_887' title='bbox 1315 5772 1424 5825; x_wconf 82' lang='lat' dir='ltr'><strong>Kal</strong></span> <span class='ocrx_word' id='word_1_888' title='bbox 1458 5773 1532 5836; x_wconf 83' lang='grc' dir='ltr'>ὡς</span> <span class='ocrx_word' id='word_1_889' title='bbox 1557 5773 1658 5827; x_wconf 80' lang='grc' dir='ltr'><strong>οὐκ</strong></span> <span class='ocrx_word' id='word_1_890' title='bbox 1693 5773 1891 5842; x_wconf 68' lang='grc' dir='ltr'><strong>ἠδυνή-</strong></span> 
     </span>
    </p>
   </div>
   <div class='ocr_carea' id='block_1_109' title="bbox 320 5861 1885 5937">
    <p class='ocr_par' dir='ltr' id='par_1_109' title="bbox 320 5861 1885 5937">
     <span class='ocr_line' id='line_1_109' title="bbox 320 5861 1885 5937; baseline -0.004 -15"><span class='ocrx_word' id='word_1_891' title='bbox 320 5871 422 5937; x_wconf 79' lang='grc' dir='ltr'><strong>θης</strong></span> <span class='ocrx_word' id='word_1_892' title='bbox 465 5866 656 5937; x_wconf 84' lang='grc' dir='ltr'>μαθεῖν</span> <span class='ocrx_word' id='word_1_893' title='bbox 691 5865 752 5918; x_wconf 81' lang='grc' dir='ltr'><strong>τὸ</strong></span> <span class='ocrx_word' id='word_1_894' title='bbox 784 5864 1000 5930; x_wconf 64' lang='grc' dir='ltr'>λεπτὸν,</span> <span class='ocrx_word' id='word_1_895' title='bbox 1059 5863 1152 5917; x_wconf 72' lang='grc' dir='ltr'><strong>καὶ</strong></span> <span class='ocrx_word' id='word_1_896' title='bbox 1188 5863 1417 5934; x_wconf 80' lang='grc' dir='ltr'>ἀόρατον</span> <span class='ocrx_word' id='word_1_897' title='bbox 1457 5863 1654 5931; x_wconf 84' lang='grc' dir='ltr'>άλλως,</span> <span class='ocrx_word' id='word_1_898' title='bbox 1709 5865 1756 5917; x_wconf 85' lang='grc' dir='ltr'>εἰ</span> <span class='ocrx_word' id='word_1_899' title='bbox 1809 5861 1885 5934; x_wconf 77' lang='grc' dir='ltr'>μὴ</span> 
     </span>
    </p>
   </div>
   <div class='ocr_carea' id='block_1_110' title="bbox 2069 5403 3566 5474">
    <p class='ocr_par' dir='ltr' id='par_1_110' title="bbox 2069 5403 3566 5474">
     <span class='ocr_line' id='line_1_110' title="bbox 2069 5403 3566 5474; baseline 0.005 -20"><span class='ocrx_word' id='word_1_900' title='bbox 2069 5403 2248 5470; x_wconf 84' lang='lat' dir='ltr'><strong>Quare</strong></span> <span class='ocrx_word' id='word_1_901' title='bbox 2275 5419 2403 5456; x_wconf 88' lang='lat' dir='ltr'><strong>vero</strong></span> <span class='ocrx_word' id='word_1_902' title='bbox 2444 5417 2542 5457; x_wconf 90' lang='lat' dir='ltr'><strong>nos</strong></span> <span class='ocrx_word' id='word_1_903' title='bbox 2576 5404 2840 5456; x_wconf 85' lang='lat' dir='ltr'><strong>conviciis</strong></span> <span class='ocrx_word' id='word_1_904' title='bbox 2871 5403 3133 5471; x_wconf 87' lang='lat' dir='ltr'><strong>oneratis,</strong></span> <span class='ocrx_word' id='word_1_905' title='bbox 3177 5415 3431 5474; x_wconf 86' lang='lat' dir='ltr'><strong>tanquam</strong></span> <span class='ocrx_word' id='word_1_906' title='bbox 3480 5408 3566 5461; x_wconf 89' lang='lat' dir='ltr'><strong>in-</strong></span> 
     </span>
    </p>
   </div>
   <div class='ocr_carea' id='block_1_111' title="bbox 1990 5493 3564 5566">
    <p class='ocr_par' dir='ltr' id='par_1_111' title="bbox 1990 5493 3564 5566">
     <span class='ocr_line' id='line_1_111' title="bbox 1990 5493 3564 5566; baseline 0.004 -18"><span class='ocrx_word' id='word_1_907' title='bbox 1990 5501 2300 5548; x_wconf 86' lang='lat' dir='ltr'><strong>cantatores</strong></span> <span class='ocrx_word' id='word_1_908' title='bbox 2331 5505 2386 5548; x_wconf 90' lang='lat' dir='ltr'><strong>et</strong></span> <span class='ocrx_word' id='word_1_909' title='bbox 2421 5496 2613 5562; x_wconf 87' lang='lat' dir='ltr'><strong>impios</strong></span> <span class='ocrx_word' id='word_1_910' title='bbox 2645 5493 2744 5547; x_wconf 87' lang='lat' dir='ltr'><strong>hac</strong></span> <span class='ocrx_word' id='word_1_911' title='bbox 2771 5496 3040 5562; x_wconf 74' lang='lat' dir='ltr'><strong>praecipue</strong></span> <span class='ocrx_word' id='word_1_912' title='bbox 3092 5497 3159 5550; x_wconf 89' lang='lat' dir='ltr'><strong>de</strong></span> <span class='ocrx_word' id='word_1_913' title='bbox 3207 5513 3394 5562; x_wconf 85' lang='lat' dir='ltr'><strong>causa,</strong></span> <span class='ocrx_word' id='word_1_914' title='bbox 3421 5500 3564 5566; x_wconf 89' lang='lat' dir='ltr'><strong>quod</strong></span> 
     </span>
    </p>
   </div>
   <div class='ocr_carea' id='block_1_112' title="bbox 1993 5585 3565 5653">
    <p class='ocr_par' dir='ltr' id='par_1_112' title="bbox 1993 5585 3565 5653">
     <span class='ocr_line' id='line_1_112' title="bbox 1993 5585 3565 5653; baseline 0.005 -16"><span class='ocrx_word' id='word_1_915' title='bbox 1993 5585 2272 5638; x_wconf 83' lang='lat' dir='ltr'><strong>tremenda</strong></span> <span class='ocrx_word' id='word_1_916' title='bbox 2301 5586 2477 5653; x_wconf 80' lang='lat' dir='ltr'><strong>signa,</strong></span> <span class='ocrx_word' id='word_1_917' title='bbox 2499 5595 2554 5638; x_wconf 89' lang='lat' dir='ltr'><strong>et</strong></span> <span class='ocrx_word' id='word_1_918' title='bbox 2587 5586 2850 5638; x_wconf 86' lang='lat' dir='ltr'><strong>miracula</strong></span> <span class='ocrx_word' id='word_1_919' title='bbox 2889 5587 3170 5640; x_wconf 86' lang='lat' dir='ltr'><strong>innumera</strong></span> <span class='ocrx_word' id='word_1_920' title='bbox 3211 5589 3565 5646; x_wconf 78' lang='lat' dir='ltr'><strong>admittamus</strong></span> 
     </span>
    </p>
   </div>
   <div class='ocr_carea' id='block_1_113' title="bbox 1989 5675 3563 5745">
    <p class='ocr_par' dir='ltr' id='par_1_113' title="bbox 1989 5675 3563 5745">
     <span class='ocr_line' id='line_1_113' title="bbox 1989 5675 3563 5745; baseline 0.005 -17"><span class='ocrx_word' id='word_1_921' title='bbox 1989 5675 2188 5744; x_wconf 90' lang='lat' dir='ltr'><strong>quibus</strong></span> <span class='ocrx_word' id='word_1_922' title='bbox 2215 5677 2329 5745; x_wconf 88' lang='lat' dir='ltr'><strong>ipsa</strong></span> <span class='ocrx_word' id='word_1_923' title='bbox 2365 5677 2662 5731; x_wconf 86' lang='lat' dir='ltr'><strong>materialis</strong></span> <span class='ocrx_word' id='word_1_924' title='bbox 2696 5689 2749 5731; x_wconf 88' lang='lat' dir='ltr'><strong>et</strong></span> <span class='ocrx_word' id='word_1_925' title='bbox 2775 5678 2958 5730; x_wconf 85' lang='lat' dir='ltr'><strong>divina</strong></span> <span class='ocrx_word' id='word_1_926' title='bbox 3009 5694 3139 5734; x_wconf 88' lang='lat' dir='ltr'><strong>caro</strong></span> <span class='ocrx_word' id='word_1_927' title='bbox 3170 5678 3328 5734; x_wconf 90' lang='lat' dir='ltr'><strong>Verbi</strong></span> <span class='ocrx_word' id='word_1_928' title='bbox 3351 5681 3444 5735; x_wconf 91' lang='lat' dir='ltr'><strong>Dei</strong></span> <span class='ocrx_word' id='word_1_929' title='bbox 3504 5698 3563 5737; x_wconf 87' lang='lat' dir='ltr'><strong>se</strong></span> 
     </span>
    </p>
   </div>
   <div class='ocr_carea' id='block_1_114' title="bbox 1987 5765 3562 5840">
    <p class='ocr_par' dir='ltr' id='par_1_114' title="bbox 1987 5765 3562 5840">
     <span class='ocr_line' id='line_1_114' title="bbox 1987 5765 3562 5840; baseline 0.005 -20"><span class='ocrx_word' id='word_1_930' title='bbox 1987 5765 2436 5820; x_wconf 86' lang='lat' dir='ltr'><strong>commendavit?</strong></span> <span class='ocrx_word' id='word_1_931' title='bbox 2470 5765 2615 5820; x_wconf 80' lang='lat' dir='ltr'><strong>Nihil</strong></span> <span class='ocrx_word' id='word_1_932' title='bbox 2655 5781 2784 5820; x_wconf 88' lang='lat' dir='ltr'><strong>vero</strong></span> <span class='ocrx_word' id='word_1_933' title='bbox 2814 5766 2878 5820; x_wconf 87' lang='lat' dir='ltr'><strong>de</strong></span> <span class='ocrx_word' id='word_1_934' title='bbox 2903 5767 3116 5822; x_wconf 80' lang='lat' dir='ltr'><strong>Corano</strong></span> <span class='ocrx_word' id='word_1_935' title='bbox 3152 5779 3248 5824; x_wconf 87' lang='lat' dir='ltr'><strong>tuo</strong></span> <span class='ocrx_word' id='word_1_936' title='bbox 3302 5771 3405 5825; x_wconf 88' lang='lat' dir='ltr'><strong>tale</strong></span> <span class='ocrx_word' id='word_1_937' title='bbox 3433 5774 3562 5840; x_wconf 81' lang='lat' dir='ltr'><strong>quid</strong></span> 
     </span>
    </p>
   </div>
   <div class='ocr_carea' id='block_1_115' title="bbox 1985 5857 3561 5930">
    <p class='ocr_par' dir='ltr' id='par_1_115' title="bbox 1985 5857 3561 5930">
     <span class='ocr_line' id='line_1_115' title="bbox 1985 5857 3561 5930; baseline 0.006 -17"><span class='ocrx_word' id='word_1_938' title='bbox 1985 5859 2192 5928; x_wconf 83' lang='lat' dir='ltr'><strong>jactare</strong></span> <span class='ocrx_word' id='word_1_939' title='bbox 2224 5867 2396 5930; x_wconf 86' lang='lat' dir='ltr'><strong>potes.</strong></span> <span class='ocrx_word' id='word_1_940' title='bbox 2433 5857 2538 5916; x_wconf 88' lang='lat' dir='ltr'><strong>Sed</strong></span> <span class='ocrx_word' id='word_1_941' title='bbox 2573 5859 2714 5916; x_wconf 84' lang='lat' dir='ltr'><strong>sicut</strong></span> <span class='ocrx_word' id='word_1_942' title='bbox 2748 5873 2854 5914; x_wconf 91' lang='lat' dir='ltr'><strong>non</strong></span> <span class='ocrx_word' id='word_1_943' title='bbox 2871 5867 3024 5930; x_wconf 87' lang='lat' dir='ltr'><strong>potes</strong></span> <span class='ocrx_word' id='word_1_944' title='bbox 3051 5862 3406 5920; x_wconf 85' lang='lat' dir='ltr'><strong>substantiam</strong></span> <span class='ocrx_word' id='word_1_945' title='bbox 3435 5867 3561 5923; x_wconf 56' lang='grc' dir='ltr'><strong>θυι)-</strong></span> 
     </span>
    </p>
   </div>
  </div>
