4146 6436
641 417 774 483 1411
1775 405 2278 468 BARTHOLOMA

2233 406 2344 467 UEI
2381 407 2759 470 EDESSENI
3761 412 3870 479 1412

641 532 788 586 tilem
821 535 877 581 et
915 519 1245 579 invisibilem
1293 517 1458 573 aliter
1482 515 1778 585 concipere
1807 529 1968 583 quam
2012 513 2216 566 unitam
2249 524 2278 574 Α

2249 524 2292 574 Α
2324 512 2420 566 σὺν
2454 511 2534 582 τῷ
2573 512 2740 582 πάχει
2762 510 2856 565 τοῦ
2887 509 3140 579 σώματος
3166 512 3261 565 τοῦ
3286 510 3594 582 Κουρανίου
3624 528 3718 566 σου
3738 530 3749 542 ·
3793 519 3867 570 οὓ-

640 615 901 675 densitati
926 624 980 669 et
1026 607 1296 667 crassitiei
1344 605 1592 677 corporis
1625 603 1827 659 Corani
1863 603 1968 665 tui;
1996 602 2075 656 sic
2116 616 2217 671 ego

2316 621 2425 666 τως
2447 603 2604 672 κάγὼ
2647 605 2677 656 6
2707 604 3033 672 Χριστιανὸς
3065 605 3166 657 οὐκ
3209 605 3486 673 ἠδυνήθην
3547 604 3736 674 μαθεῖν
3781 611 3862 662 καὶ

639 709 991 766 Christianus
1023 719 1126 758 non
1173 715 1393 771 possum
1429 696 1896 767 comprehendere
1924 703 1980 748 et
2030 693 2218 746 videre

2321 696 2449 748 ἰδεῖν
2471 696 2563 748 τὸν
2592 695 2725 749 Θεὸν
2749 697 2943 764 Λόγον,
2972 699 3020 750 εἰ
3049 697 3123 766 μὴ
3151 696 3239 750 διὰ
3255 696 3351 749 τοῦ
3379 699 3592 766 πάχους
3635 699 3724 752 τοῦ
3774 700 3868 753 σὼ-

645 799 880 856 Verbum
907 797 1074 851 Deum
1111 794 1212 848 nisi
1249 805 1349 860 per
1371 788 1682 845 crassitiem
1729 784 1981 851 corporis
2015 784 2122 838 sui.
2152 783 2219 839 Et

2321 805 2514 858 ματος.
2546 789 2660 842 Kal.
2687 789 2853 842 πάλιν
2882 790 2999 851 πῶς
3024 789 3325 855 λέγεις,Ἐν
3357 791 3536 860 ἡμέρᾳ
3549 790 3776 860 κρίσεως
3803 793 3874 845 0:?-

642 906 834 949 rursus
888 887 1158 958 quomodo
1197 883 1382 938 dicere
1416 889 1644 951 possunt
1674 876 2033 932 Musulmanni
2067 892 2081 929 :
2110 874 2220 930 Nos

2317 879 2484 950 λομεν
2503 878 2669 932 εἰδεῖν
2689 878 2781 932 τὸν
2812 879 3049 933 πλαστοῦ
3059 881 3160 952 ργή
3169 899 3335 933 σαντα
3363 882 3507 952 ἡμᾶς
3529 900 3546 948 ;
3571 881 3741 951 Κάγὼ
3755 883 3875 952 λέγω

641 984 893 1038 volumus
915 977 1202 1043 dicjudicii
1235 975 1424 1028 videre
1453 981 1759 1026 creatorem
1781 980 1835 1025 et
1862 973 2217 1024 formatorem

2321 987 2424 1030 σοι,
2454 970 2536 1024 ὅτι
2582 971 2713 1024 ὅταν
2756 971 2973 1042 ἀπέρχῃ
3003 974 3084 1035 εἰς
3124 973 3222 1043 τὴν
3250 974 3465 1034 Μακᾶν.
3503 975 3601 1028 ἐπὶ
3641 977 3700 1029 τὸ
3740 977 3875 1042 εὔξα-

643 1070 932 1128 nostrum?
967 1068 1071 1122 Sed
1110 1081 1211 1136 ego
1235 1081 1426 1134 regero
1463 1065 1582 1127 tibi,
1618 1079 1742 1118 cum
1772 1063 2009 1117 Meccam
2045 1061 2221 1116 tendis

2322 1061 2475 1123 σθαι,
2493 1063 2588 1116 καὶ
2611 1062 2893 1132 ἐπιζητεῖς
2914 1065 3178 1117 εἰσελθεῖν
3206 1067 3282 1128 εἰς
3312 1066 3402 1118 τὸν
3434 1067 3609 1135 τάφον
3641 1068 3732 1120 τοῦ
3754 1070 3877 1121 Μου-

641 1166 711 1221 ad
744 1165 1031 1225 orandum,
1064 1172 1120 1215 et
1155 1158 1442 1226 diligenter
1472 1157 1705 1226 inquiris
1729 1165 1784 1210 et
1819 1155 1988 1209 instas
2011 1163 2070 1208 ut
2096 1169 2223 1222 pos-

2319 1153 2498 1223 χάμετ
2520 1154 2612 1206 ἐπὶ
2641 1154 2703 1207 τὸ
2738 1155 3088 1208 ἀσπάσασθαι
3143 1157 3327 1218 αὐτὸν,
3385 1160 3481 1210 καὶ
3509 1161 3561 1211 οἱ
3590 1160 3768 1212 ἐκεῖσε
3800 1161 3875 1212 λέ-

640 1262 718 1314 sis
755 1259 942 1311 videre
986 1253 1298 1323 sepulcrum
1325 1249 1747 1311 Mnhammedis,
1772 1256 1825 1301 et
1854 1247 1983 1300 illud
2016 1247 2222 1300 saluta-

2320 1244 2478 1310 γουσί
2502 1261 2584 1295 σοι
2611 1242 2784 1306 οὕτως
2809 1261 2825 1275 ⁸
2863 1245 3016 1312 ’Ἀμα
3043 1245 3121 1315 τῷ
3142 1245 3269 1297 ἰδεῖν
3293 1262 3350 1298 σε
3366 1247 3458 1298 τὸν
3482 1248 3674 1314 τάφον,
3705 1247 3877 1300 ἀπολέ-

645 1353 791 1406 tione
818 1348 1048 1418 quadam
1109 1344 1384 1414 prosequi,
1417 1342 1508 1411 qui
1573 1341 1644 1398 ibi
1699 1348 2129 1404 commorantur,
2165 1348 2222 1392 nt

2324 1351 2412 1387 σαι
2430 1335 2572 1405 ἔχεις
2589 1337 2716 1397 τοὺς
2744 1335 3058 1405 ὀφθαλμούς
3093 1354 3210 1391 σου.
3246 1337 3448 1390 Λοιπὸν
3475 1335 3594 1396 οῦν.
3627 1340 3656 1390 6
3684 1342 3873 1410 προφή-

642 1447 710 1501 ab
745 1445 853 1498 isto
883 1442 1114 1497 consilio
1146 1451 1197 1494 te
1227 1441 1540 1494 deterreant
1597 1437 1804 1498 dicunt,
1833 1450 1899 1490 eo
1946 1443 2222 1489 momento

2321 1442 2422 1494 της
2452 1443 2543 1478 σου
2567 1427 2688 1480 ἀντὶ
2731 1427 2826 1480 τοῦ
2860 1428 3036 1480 σῶσαί
3079 1445 3159 1492 σε,
3205 1429 3464 1481 ἀπολέσει
3499 1447 3582 1482 σε.
3621 1430 3801 1498 Ὅμως
3825 1433 3877 1483 ἂν

640 1554 751 1608 quo
781 1536 1089 1605 sepulcrum
1125 1533 1354 1594 videbis,
1384 1529 1758 1586 excaecaberis
1810 1535 1866 1582 et
1906 1527 2079 1581 oculis
2131 1541 2224 1579 or-

2323 1519 2470 1588 εἰδῇς
2503 1519 2595 1572 τὸν
2624 1519 2755 1574 Θεὸν
2787 1523 2846 1574 ὲν
2869 1522 3053 1592 ἡμέρᾳ
3077 1520 3178 1588 τῆς
3207 1521 3463 1590 κρίσεως,
3489 1521 3679 1586 καθὼς
3699 1522 3875 1590 λέγεις,

642 1631 743 1685 bus
769 1631 901 1682 eris.
936 1624 1089 1680 Unde
1125 1625 1374 1692 sequitur
1403 1622 1726 1692 prophetam
1780 1628 1930 1672 tuum
1992 1617 2220 1671 multum

2324 1609 2546 1680 ἕτοιμός
2572 1612 2722 1663 ἐστιν
2759 1611 3026 1665 ἀπολέσαι
3081 1629 3141 1665 σε
3181 1615 3262 1676 είς
3291 1613 3388 1684 τὴν
3418 1615 3651 1680 γέενναν
3679 1613 3769 1666 τοῦ
3797 1613 3877 1666 πύ-

643 1721 797 1774 abest
820 1727 880 1771 ut
909 1714 1152 1782 lejuvet,
1188 1715 1296 1767 imo
1325 1712 1536 1766 ruinam
1569 1697 1717 1764 tuam
1750 1719 1805 1764 et
1855 1709 2221 1778 perditionem

2326 1719 2439 1772 ρος.
2469 1702 2542 1755 Σὺ
2561 1701 2762 1770 λέγεις,
2792 1703 2875 1755 ὅτι
2909 1705 2937 1756 6
2965 1704 3264 1772 Μουχάμετ
3287 1706 3436 1757 ἐστὶν
3452 1707 3515 1757 ἐκ
3534 1704 3670 1758 Θεοῦ
3693 1705 3876 1775 ἄνθρω-

640 1821 986 1879 promovere.
1021 1806 1114 1859 Sic
1157 1805 1210 1858 in
1271 1803 1359 1856 die
1388 1801 1580 1869 judicii
1613 1802 1658 1854 si
1720 1801 1902 1855 videas
1935 1801 2101 1854 Deum
2130 1799 2213 1868 ip-

2327 1811 2450 1858 πος,
2485 1793 2583 1845 καὶ
2607 1794 2796 1846 λοιπὸν
2825 1798 2890 1847 ἐκ
2937 1795 3073 1848 Θεοῦ
3120 1796 3292 1865 ἔμαθε
3325 1797 3386 1848 τὸ
3426 1797 3672 1862 ἀδικεῖν;
3722 1799 3802 1850 Ἐν
3823 1801 3874 1866 τῇ

642 1917 786 1968 sum,
819 1900 961 1955 sicut
987 1897 1228 1952 futurum
1279 1895 1590 1958 contendis,
1621 1893 1773 1947 illum
1831 1901 2141 1962 promptmn
2169 1898 2225 1945 et
2255 1907 2279 1960 ι

2255 1907 2298 1960 Β
2328 1886 2441 1956 ζωῇ
2475 1886 2646 1940 αὑτοῦ
2676 1887 2766 1940 ἀεὶ
2805 1888 3020 1950 ἀδικίας
3048 1888 3142 1942 καὶ
3175 1889 3455 1952 ἀπωλείας
3477 1891 3746 1962 ὲργᾶζετο
3776 1892 3875 1944 ἀντὶ

642 2003 898 2065 paratum
926 1992 991 2045 ad
1026 1989 1386 2059 perditionem
1417 1996 1564 2039 tuam
1603 1985 1927 2054 experieris,
1947 1992 2002 2037 et
2035 1992 2089 2037 te
2120 1983 2214 2036 de—

2318 1979 2412 2032 τοῦ
2447 1979 2644 2043 σῶσαι,
2671 1981 2766 2032 καὶ
2803 1982 2943 2050 μετά
2974 1980 3204 2034 θάνατον
3239 1982 3403 2035 πάλιν
3468 1983 3520 2035 τὸ
3575 1984 3708 2038 αὑτό
3737 1999 3750 2013 ο
3778 1984 3877 2035 ἀντὶ

644 2082 828 2138 trudet
861 2082 913 2136 in
939 2080 1238 2150 gehennam
1273 2078 1431 2148 ignis.
1458 2076 1535 2130 Tn
1565 2091 1696 2130 vero
1715 2076 1854 2130 dicis
1889 2074 2222 2128 Muhamme—

2326 2073 2420 2124 τοῦ
2452 2071 2686 2140 φωτίσαι
2718 2089 2776 2124 σε
2821 2073 3102 2140 τυφλῶσαί
3125 2091 3184 2126 σε
3211 2073 3345 2144 ἔχει,
3393 2075 3470 2140 ὡς
3496 2077 3565 2130 σὺ
3599 2075 3790 2144 λέγεις.
3822 2070 3876 2127 Ὠ

645 2176 767 2230 dem
797 2188 920 2229 esse
952 2172 1226 2227 hominem
1255 2171 1368 2234 Dei,
1395 2179 1447 2224 et
1469 2169 1559 2238 qni
1588 2169 1800 2222 scilicet
1823 2183 1852 2220 a
1883 2166 1994 2220 Deo
2023 2166 2221 2234 injuste

2328 2164 2739 2233 πεπλανημένε,
2761 2165 2911 2228 ὅστις
2938 2165 3038 2217 οὐκ
3067 2160 3173 2218 εἶδε
3204 2168 3303 2238 τὴν
3326 2168 3558 2238 θεότητα
3581 2169 3642 2221 ὲν
3683 2168 3756 2238 τῷ
3769 2167 3873 2220 vinol

645 2284 808 2340 agere
835 2264 1132 2322 didicerit?
1164 2262 1223 2317 In
1258 2271 1366 2317 tota
1395 2263 1499 2315 vita
1539 2276 1656 2326 sua,
1683 2259 1801 2314 loco
1860 2258 2202 2313 liberationis
2241 2265 2296 2312 et
2359 2257 2573 2321 salutis,
2641 2254 2868 2323 injurias
2909 2266 2965 2310 et
3029 2257 3212 2312 ruinas
3263 2259 3386 2313 aliis
3414 2261 3647 2326 creavit,
3677 2269 3732 2313 et
3781 2270 3877 2330 post

647 2371 874 2416 mortem
904 2371 1119 2426 semper
1178 2356 1343 2418 idem,
1390 2353 1578 2408 eadem
1640 2353 1816 2407 adlmc
1853 2362 2134 2420 operatur,
2162 2359 2219 2404 et
2291 2350 2409 2406 vice
2468 2349 2910 2412 illnmiualionis.
2963 2361 3267 2406 scotomatc
3316 2361 3372 2405 et
3424 2355 3782 2408 excaecatione
3835 2363 3878 2405 te

649 2450 909 2520 percutit,
943 2457 1002 2503 ut
1042 2458 1098 2501 tu
1117 2447 1231 2514 ipse
1258 2442 1862 2498 asseris.0averitale
1889 2443 2052 2512 longe
2112 2442 2397 2506 aberrans,
2440 2439 2532 2510 qui
2600 2455 2707 2494 non
2770 2439 2906 2494 vidit
2956 2441 3297 2496 divinitatem
3366 2445 3421 2498 in
3491 2444 3599 2498 hoc
3649 2453 3864 2512 tempore

650 2542 902 2616 praesenti
935 2540 950 2594 l

716 2642 898 2709 Quare
927 2654 1031 2693 non
1066 2635 1271 2691 asseris
1307 2633 1453 2705 quod
1490 2631 1728 2688 Verbum
1785 2633 1902 2696 Dei,
1959 2632 2071 2688 Deo
2128 2646 2230 2688 co-

2402 2630 2516 2683 Kal.
2545 2629 2664 2693 πῶς
2719 2629 2781 2683 οὐ
2824 2629 3023 2698 λέγεις,
3073 2630 3155 2684 ὅτι
3186 2629 3280 2684 τὸν
3332 2630 3507 2700 Λόγον
3531 2631 3629 2686 τοῦ
3658 2632 3781 2686 Θεοῦ
3800 2631 3873 2687 τὸν

644 2747 844 2792 aevum,
897 2743 1086 2784 revera
1116 2726 1364 2781 videmus
1424 2724 1477 2776 in
1520 2739 1704 2789 carne,
1733 2724 1786 2777 in
1834 2737 1940 2791 qua
1986 2731 2229 2777 mortuos

2328 2723 2599 2795 σύναρχον
2629 2724 2845 2794 εἴδομεν
2875 2725 2933 2776 ὲν
2963 2727 3029 2794 τῇ
3055 2725 3244 2795 σαρκὶ,
3267 2725 3363 2778 καὶ
3383 2727 3440 2777 ἐν
3467 2726 3609 2797 αὐτῇ
3637 2726 3871 2797 ἀνέστησε

645 2821 928 2885 excitavit,
951 2829 1238 2887 corruptos
1272 2826 1454 2870 etnon
1513 2817 1747 2884 amplius
1791 2815 2119 2869 exsistentcs
2161 2811 2228 2865 ad

2325 2816 2577 2887 νεκροὺς,
2611 2816 3003 2894 φθειρομένους
3035 2818 3092 2870 δὲ
3148 2819 3212 2869 ὲκ
3246 2817 3342 2870 τοῦ
3378 2819 3454 2890 μὴ
3519 2821 3674 2884 δντος
3712 2822 3785 2884 εἰς
3825 2820 3873 2872 τὸ

645 2929 769 2971 esse
802 2913 1091 2982 pristinum
1113 2909 1408 2972 revocavit,
1431 2917 1484 2962 et
1516 2923 1739 2962 carnem
1769 2921 1924 2962 suam
1951 2915 2224 2960 mortuam

2326 2903 2468 2960 εἶναι
2503 2907 2700 2970 αὐτοὺς
2726 2909 3076 2978 παρήγαγεν,
3149 2911 3245 2963 καὶ
3275 2912 3374 2979 τὴν
3406 2912 3588 2981 σάρκα
3628 2912 3782 2966 αὐτοῦ
3821 2912 3872 2963 ἐκ

644 3008 941 3066 viviﬁcavit
987 3015 1046 3060 ut
1080 3006 1220 3060 Deus
1246 3005 1270 3058 ?
1300 3005 1582 3071 Quomodo
1615 3019 1747 3074 ergo
1810 3017 1969 3074 pares
2018 3002 2223 3056 asseris

2327 2998 2542 3070 νεκρῶν
2575 2999 2825 3071 ἤγειρεν,
2860 3001 2954 3054 καὶ⁴
2982 3001 3289 3072 ἀνέστησεν
3327 3003 3406 3064 ὡς
3431 3003 3571 3067 Θεός
3602 3022 3616 3070 ;
3649 3006 3766 3069 Πῶς
3799 2997 3872 3057 οὖν

646 3103 799 3159 illum
831 3110 885 3155 et
924 3096 1394 3152 Muhammedem?
1437 3097 1540 3150 Sed
1599 3111 1783 3150 coram
1850 3094 1962 3150 Deo
2017 3095 2222 3164 aliquid

2329 3092 2493 3146 αὐτὸν
2524 3092 2735 3146 καὶτὸν
2773 3094 3075 3162 Μουχάμετ
3122 3096 3234 3146 ἴσον
3263 3098 3460 3161 ποιεῖς;
3494 3097 3752 3150 Ἐνώπιον
3795 3094 3870 3149 τοῦ

645 3195 822 3248 adhuc
847 3190 979 3245 mihi
1009 3197 1257 3258 superest
1284 3188 1483 3242 clarius
1509 3189 1651 3257 quod
1679 3198 1870 3242 contra
1902 3198 1954 3242 te
1973 3202 2215 3258 urgeam.
2251 3205 2282 3266 ε

2251 3205 2295 3266 c
2338 3182 2478 3236 Θεοῦ
2515 3183 2852 3251 σαφέστερόν
2907 3201 2988 3236 σοι
3038 3184 3198 3240 εἴπω.
3255 3185 3481 3239 Μέλλων
3530 3188 3792 3258 εὔχεσθαι,
3832 3187 3870 3238 oi

644 3283 782 3339 Cum
815 3297 874 3337 es
905 3282 1136 3336 orationi
1156 3292 1211 3334 et
1242 3280 1494 3348 precibus
1524 3295 1745 3349 operam
1779 3281 2025 3344 daturus,
2055 3280 2222 3349 pedes

2330 3274 2492 3336 πόδες
2531 3291 2625 3326 σου
2659 3274 2718 3326 ἐν
2756 3277 2820 3345 τῇ
2849 3277 2941 3346 γῇ.
2987 3275 3098 3328 Καὶ
3129 3277 3157 3328 ό
3188 3277 3487 3347 Μουχάμετ
3543 3283 3720 3334 κεῖται
3759 3280 3869 3333 ὐπο-

647 3376 817 3432 habes
853 3389 1016 3442 super
1045 3383 1269 3437 terram,
1310 3367 1368 3425 ct
1398 3370 1500 3425 sub
1533 3371 1761 3440 pedibus
1792 3371 1899 3425 tuis
1927 3371 2072 3440 jacet
2097 3369 2222 3424 Mu-

2326 3365 2478 3420 κάτω
2505 3364 2612 3418 τῶν
2654 3365 2831 3418 ποδῶν
2886 3383 2981 3419 σου
3031 3367 3090 3419 ὲν
3131 3370 3198 3438 τῇ
3247 3372 3317 3440 γῇ
3360 3372 3743 3441 σεσαπημένος
3794 3371 3869 3425 καὶ

648 3468 901 3521 hammed
931 3465 984 3518 in
1024 3475 1192 3525 terra,
1222 3463 1508 3532 putredine
1547 3477 1612 3516 ac
1662 3462 1941 3516 vermibus
1969 3476 2224 3521 corrosus

2325 3454 2746 3526 διεφθαρμένος,
2805 3457 2900 3510 καὶ
2945 3457 3087 3528 ἄρας
3134 3460 3234 3522 τὰς
3291 3462 3478 3530 χεῖράς
3515 3479 3614 3516 σου
3649 3465 3776 3534 πρὸς
3822 3462 3870 3514 τὸ

648 3569 704 3612 ct
740 3556 1050 3620 dissolutus,
1074 3570 1267 3608 manus
1287 3569 1416 3608 vero
1443 3553 1583 3608 tollis
1615 3561 1671 3608 et
1701 3553 1876 3608 tendis
1921 3553 1987 3606 ad
2025 3554 2222 3609 coelum

2328 3545 2464 3616 ὕψος
2496 3547 2590 3600 τοῦ
2621 3548 2879 3617 οὐρανοῦ,
2903 3550 2962 3601 ἐν
2989 3542 3033 3616 ᾧ
3065 3553 3223 3604 ἐστιν
3248 3552 3277 3603 ό
3309 3553 3484 3620 Λόγος
3516 3555 3616 3607 τοῦ
3638 3553 3871 3621 Θεοῦ,καὶ

547 3703 555 3710 _
649 3646 741 3701 ubi
797 3657 881 3700 est
915 3644 1148 3698 Verbmn
1187 3645 1404 3712 .Dei,et
1453 3647 1680 3699 thronus
1719 3645 1838 3714 ejus
1885 3655 1940 3698 et
1991 3644 2184 3714 Spiritu

2325 3640 2355 3691 6
2383 3637 2569 3708 θρόνος
2603 3637 2795 3700 αὑτοῦ,
2829 3640 2926 3692 καὶ¹
2945 3639 3172 3709 Πνεῦμα
3211 3641 3271 3694 τὸ
3297 3641 3492 3710 ἅγιον,
3532 3647 3626 3699 καὶ
3659 3647 3771 3700 ὅθεν
3787 3647 3870 3698 κεῖ·

649 3744 908 3799 sanctus;
946 3741 1003 3787 et
1056 3733 1235 3788 locum
1291 3733 1380 3786 ubi
1427 3731 1576 3801 jacet
1607 3731 1945 3785 Multammed
1997 3732 2225 3800 pedibus

2326 3746 2418 3783 ται
2448 3730 2477 3782 6
2524 3729 2852 3800 Μουχάμετ,
2913 3735 3273 3794 καταπατεῖς,
3331 3735 3465 3788 ὅπου
3512 3738 3569 3790 δὲ
3607 3739 3869 3793 κατοικεῖό

651 3826 836 3897 pulsas
867 3836 916 3880 et
952 3825 1155 3888 calcas,
1182 3825 1248 3877 ad
1279 3823 1454 3878 locmn
1495 3838 1622 3876 vero
1665 3822 1754 3875 ubi
1813 3821 2024 3875 habitat
2083 3819 2225 3877 Ver-

2326 3822 2500 3890 Λόγος
2527 3821 2622 3874 τοῦ
2653 3821 2813 3885 Θεοῦ,
2844 3824 2924 3886 εἰς
2964 3822 3100 3893 ὕψος
3132 3826 3306 3896 αἴρων
3332 3828 3430 3892 τὰς
3459 3832 3650 3901 χεῖράς
3677 3848 3761 3884 σου
3786 3846 3868 3881 πα-

649 3919 774 3972 bum
808 3917 922 3981 Dei,
954 3916 1019 3970 ad
1067 3915 1399 3970 celsissimos
1433 3917 1565 3968 istos
1610 3914 1779 3968 caelos
1840 3928 2032 3967 manus
2082 3914 2227 3968 soles

2331 3914 2592 3984 ρακαλεῖς
2623 3915 2693 3968 τὰ
2714 3915 2945 3985 οὐράνια
2971 3916 3252 3986 τάγματα,
3284 3919 3576 3987 ἀγγέλους,
3627 3920 3866 3994 ἀρχαγγέ-

649 4009 918 4075 attollere,
949 4018 1003 4063 et
1056 4010 1278 4062 invocas
1336 4008 1589 4062 cmlestes
1624 4007 1932 4070 exercitus,
1981 4007 2224 4075 angelos,

2339 4007 2485 4070 λους,
2517 4009 2821 4078 Χερουϐὶμ,
2848 4008 2912 4059 Σε
2924 4011 3120 4079 ραφὶμ,
3142 4011 3468 4080 ὑμνοῦντας,
3487 4013 3866 4082 δοξολογοῦντας

649 4102 1028 4170 archangelos,
1055 4101 1376 4164 Cbernbim,
1414 4100 1728 4169 Seraphim,
1763 4099 1852 4168 qui
1915 4099 2132 4170 hymnis
2172 4107 2228 4152 et

2327 4099 2420 4151 τὸν
2446 4099 2894 4170 μεγαλοδύναμον
2924 4102 3060 4154 Θεὸν
3096 4103 3193 4155 σὺν
3218 4103 3296 4173 τῷ
3312 4105 3472 4174 Λόγῳ
3512 4108 3610 4162 καὶ
3637 4107 3709 4176 τῷ
3737 4105 3867 4160 Πνεῦ-

649 4189 1438 4246 acclamationibuscelebrant
1463 4188 1630 4242 Deum
1665 4189 1954 4240 maximum
2006 4198 2062 4242 et
2127 4203 2225 4260 po—

2332 4208 2489 4260 ματι.
2543 4191 2794 4257 Βλέπεις,
2855 4193 3154 4265 ’Λγαρηνὲ,
3191 4195 3328 4248 ὅπου
3381 4202 3596 4264 πατεῖς,
3649 4198 3865 4252 κεῖταιό

651 4284 1043 4345 lentissimum,
1071 4296 1194 4336 cum
1223 4279 1404 4336 Verbo
1435 4292 1488 4334 et
1513 4280 2161 4350 Spiritu.Animadverte,
2193 4296 2226 4335 ο

2225 4309 2226 4322 ι
2327 4284 2654 4354 Μουχάμετ,
2673 4286 2768 4338 καὶ
2787 4285 2911 4338 ὅθεν
2935 4287 3198 4356 ἧπλωσας
3213 4287 3314 4352 τὰς
3339 4291 3530 4360 χεῖράς
3548 4309 3644 4344 σου
3671 4290 3862 4348 ἄνωθεν,

650 4377 918 4446 Agarcne,
948 4376 1097 4430 locus
1131 4390 1288 4445 quem
1343 4375 1522 4429 calcas
1550 4385 1634 4429 est
1667 4373 1818 4428 locus
1847 4375 1898 4428 in
1947 4390 2052 4443 quo
2082 4374 2229 4444 jacet

2228 4416 2229 4420 η
2328 4377 2474 4429 ἐστὶν
2504 4378 2532 4429 6
2579 4377 2768 4447 ῥηθεὶς
2807 4377 2998 4449 ὕμνος.
3049 4379 3176 4443 Πῶς
3207 4376 3302 4434 οῦν
3329 4381 3420 4433 τὸν
3471 4385 3761 4456 Μουχάμετ
3793 4383 3865 4436 καὶ

652 4479 898 4524 mortuus
951 4467 1322 4534 Mnhammed,
1351 4468 1502 4522 locus
1530 4483 1661 4521 vero
1713 4466 1958 4520 sublimis
2018 4466 2106 4520 ille
2156 4468 2224 4520 ad
2259 4536 2289 4546 _

2259 4536 2294 4546 ﬁ
2328 4469 2420 4521 τὸν
2440 4469 2676 4539 Χριστὸν
2715 4470 2829 4522 ἴσον
2855 4471 3188 4537 ἀποκαλεῖς;
3221 4472 3344 4536 Πῶς
3388 4475 3489 4527 οὐκ
3518 4476 3767 4546 ἐρυθριᾷς
3792 4474 3865 4527 καὶ

650 4577 810 4631 quem
876 4576 1070 4616 manus
1145 4559 1416 4625 extendis,
1484 4569 1568 4612 est
1620 4559 1768 4613 locus
1827 4559 1917 4628 qui
1968 4536 2287 4628 personati

2258 4536 2301 4589 Ῑ)
2334 4536 2603 4631 αἰσχύνῃς
2661 4560 2786 4624 Πῶς
2843 4562 3018 4616 ἔοικεν
3071 4566 3101 4618 6
3133 4536 3219 4618 ἀεὶ
3269 4564 3344 4618 ὢν
3375 4567 3473 4620 καὶ
3527 4536 3778 4630 ἀθάνατος
3802 4565 3864 4634 τῷ

650 4655 850 4724 hymno
879 4663 933 4706 et
981 4663 1242 4707 concentu
1313 4667 1475 4722 supra
1509 4659 1828 4705 memorato.
1884 4649 2061 4716 Quare
2097 4665 2227 4719 ergo

2225 4677 2227 4694 ι
2334 4649 2621 4721 ἀεὶθνητῷ
2644 4653 2739 4705 καὶ
2761 4652 3142 4726 φθειρομένῳ;
3181 4656 3305 4720 Πῶς
3354 4656 3627 4722 ἐξισοῦται
3653 4663 3680 4713 6
3723 4659 3862 4725 Λόγος

651 4743 1081 4797 Mnbanuncdem
1109 4751 1163 4795 et
1211 4741 1484 4796 Christum
1522 4741 1785 4810 dignitate
1831 4754 1995 4807 pares
2024 4737 2225 4793 vocas?

2221 4742 2225 4761 ⁵
2331 4741 2426 4794 τοῦ
2465 4743 2722 4813 Ποιητοῦ,
2774 4744 2853 4815 τῷ
2895 4749 3167 4818 ποιήματι
3219 4749 3312 4808 καὶ
3360 4753 3530 4822 χοῖκῷ
3583 4753 3858 4822 Μουχὰμετ.

650 4837 833 4902 Quare
869 4851 972 4888 non
999 4834 1278 4888 erubescis
1306 4844 1360 4887 et
1393 4835 1596 4904 pudore
1616 4833 1912 4887 obrueris?
1941 4831 2224 4898 Quomodo

2331 4833 2425 4886 καὶ
2452 4833 2660 4905 πλάνῳ,
2684 4835 2762 4905 τῷ
2789 4836 3062 4904 διδόξαντί
3097 4859 3179 4906 σε,
3201 4844 3274 4896 Τὸ
3297 4843 3443 4915 ὕδωρ
3463 4847 3610 4898 ἐστὶν
3634 4840 3861 4911 ἁγιασμὸς

649 4927 845 4981 similis
877 4941 997 4980 esse
1029 4934 1206 4994 potest
1237 4934 1498 4987 aeternus,
1537 4924 1884 4986 immortalis,
1915 4924 1986 4977 illi
2017 4923 2109 4991 qui
2141 4932 2225 4978 est

1563 4925 1884 4986 inmortalis,
1915 4924 1986 4977 illi
2017 4923 2109 4991 qni
2141 4932 2225 4978 est
2331 4924 2430 4994 τῆς
2459 4925 2637 4998 ψυχῆς
2678 4928 2774 4980 καὶ
2801 4927 2896 4982 τοῦ
2920 4929 3200 5001 σώματος;

652 5020 916 5082 mortalis,
944 5029 1257 5073 mortuusct
1287 5020 1616 5087 corruptus?
1663 5019 1950 5085 Quomodo
2016 5019 2252 5073 Verbum
2332 5021 2446 5087 Dei,
2484 5038 2664 5078 rerum
2714 5026 2956 5080 omnium
3004 5029 3216 5098 opiﬁcis
3261 5039 3316 5085 et
3377 5034 3656 5097 creatoris,
3698 5026 3860 5100 poterit

650 5109 971 5178 mquiparari
1000 5125 1122 5162 cum
1145 5124 1308 5174 opere
1333 5120 1387 5163 et
1419 5119 1670 5164 creatura
1698 5121 1934 5176 terrena,
1993 5125 2117 5165 cum
2171 5109 2550 5167 Mnhammetle
2569 5114 2771 5183 quiest
2829 5115 3114 5187 impostor,
3186 5132 3240 5176 et
3296 5124 3388 5192 qui
3441 5134 3492 5179 te
3535 5124 3709 5178 docuit
3748 5131 3857 5186 aqua

649 5201 981 5257 sattctiﬁt'ari
1008 5201 1243 5252 animam
1273 5209 1328 5254 el
1357 5216 1577 5269 corpus.

721 5296 862 5350 Audi
909 5309 1038 5347 vero
1067 5295 1204 5347 hanc
1238 5296 1549 5364 parabolam
1593 5312 1607 5347 :
1646 5299 1821 5350 Homo
1848 5298 2064 5366 quidam
2098 5309 2221 5354 erat

2218 5339 2221 5350 .
2403 5299 2672 5352 Ἄκουσον
2707 5299 2802 5353 οὖν
2826 5302 2927 5372 τὴν
2960 5303 3275 5376 παραϐολὴν
3301 5307 3510 5378 ταύτην
3529 5324 3544 5338 ·
3582 5308 3855 5380 ’Ἄνθρωπός

647 5389 872 5445 indutus
908 5385 1045 5442 stola
1081 5400 1174 5438 seu
1204 5394 1355 5439 veste
1379 5386 1518 5450 alba,
1543 5403 1664 5440 cum
1704 5403 1833 5441 vero
1875 5389 1924 5442 in
1959 5392 2040 5444 via
2099 5409 2223 5460 pcr-

2217 5422 2223 5433 .
2331 5407 2416 5454 τις
2442 5392 2636 5462 στολὴν
2659 5392 2862 5466 λευκὴν
2895 5391 2963 5465 ἦν
2987 5397 3357 5469 ἐνδεδυμένος,
3390 5405 3790 5475 περιερχόμενος
3811 5404 3854 5452 ἐν

647 5490 989 5551 gcrctcmno
1041 5490 1094 5533 et
1121 5479 1231 5532 luto
1272 5477 1470 5531 referta
1523 5490 1578 5532 et
1632 5481 1874 5544 sordida,
1907 5483 2107 5536 cecidit
2171 5485 2222 5538 in

2214 5501 2222 5538 ι
2325 5483 2432 5552 ὀδῷ
2467 5483 2943 5559 βεϐορὸορωμένῃ,
2974 5489 3069 5541 καὶ
3101 5490 3285 5545 πεσὼν
3304 5493 3361 5545 ὲν
3390 5495 3466 5565 τῷ
3512 5497 3752 5567 πέλματι,
3781 5493 3851 5545 εὑ-

647 5572 819 5628 solum
848 5581 902 5626 ct
932 5572 1108 5625 locum
1136 5571 1284 5624 saxis
1316 5580 1372 5624 et
1400 5569 1670 5638 lapidibus
1721 5587 1974 5641 asperant
2002 5593 2015 5641 ;
2055 5577 2221 5629 vestis

2216 5592 2221 5627 ι
2333 5575 2466 5644 ρέθη
2497 5577 2556 5628 ὲν
2581 5575 2720 5645 αὐτῇ
2752 5577 2951 5650 πέτρα,
2975 5580 3069 5632 καὶ
3101 5583 3134 5652 ὴ
3159 5582 3258 5652 μὲν
3285 5586 3498 5658 στολὴὴ
3526 5587 3684 5660 λευκὴ
3704 5586 3853 5657 ἐμιάν·

645 5665 867 5734 quidem
902 5665 1013 5717 luto
1053 5673 1108 5716 et
1167 5677 1326 5717 emno
1363 5661 1463 5714 l'nit
1503 5665 1796 5726 maculata,
1837 5667 1929 5720 sed
1963 5683 2059 5736 pes
2110 5669 2222 5722 saxi

2211 5669 2222 5721 i
2329 5666 2397 5735 θη
2460 5665 2565 5718 ὑπὸ
2594 5666 2689 5718 τοῦ
2725 5667 3013 5740 βορϐόρου,
3075 5675 3172 5726 καὶ
3209 5677 3238 5727 6
3269 5677 3404 5740 ποὺς
3454 5680 3618 5734 αὐτοῦ
3659 5677 3848 5743 ἐθλάσθη

647 5755 926 5823 cujusdam
956 5754 1201 5808 allisione
1235 5754 1500 5807 contritus
1525 5754 1642 5806 fuit.
1665 5755 1891 5820 Quidam
1917 5772 2046 5810 vero
2077 5759 2225 5811 illum

2213 5777 2225 5810 ι
2330 5760 2436 5811 ἀπὸ
2454 5761 2552 5829 τῆς
2574 5761 2801 5833 πέτρας.
2835 5765 3105 5834 ’Ἄραντες
3128 5764 3223 5822 οῦν
3255 5787 3401 5835 τινες
3425 5774 3589 5827 αὑτὸν
3611 5774 3849 5842 ἀπήγαγον

646 5859 710 5899 ex
745 5845 849 5897 isto
876 5842 1187 5899 discrimine
1219 5841 1472 5899 tollentes
1499 5851 1552 5898 ct
1614 5844 1869 5906 levantes,
1929 5847 2078 5901 illum
2133 5849 2226 5901 do-

2212 5876 2226 5886 -
2330 5851 2387 5901 ἐν
2412 5851 2478 5918 τῇ
2508 5849 2654 5920 οἰκίᾳ
2689 5852 2878 5917 αὐτοῦ,
2909 5855 3004 5907 καὶ
3031 5856 3128 5926 τὴν
3160 5860 3352 5931 στολὴν
3387 5862 3548 5915 αὐτοῦ
3575 5862 3849 5934 ἐμϐαλόντες
