4146 6450
326 417 464 484 1413

1537 413 2021 477 CONFUTATIO
2057 411 2424 476 AGARENI.

3471 412 3608 477 l-ll-l

319 533 640 588 ἁπέπλυναν
665 529 803 604 μετὰ
834 529 1130 585 σαπουνίου
1159 544 1176 561 θ
1204 527 1298 584 καὶ
1324 527 1710 602 ἀπελευκάνθη
1769 529 1915 584 κατὰ

2029 544 2168 583 mum
2193 530 2564 593 deduxerunt,
2607 535 2661 582 et
2696 527 2838 583 illius
2866 535 3073 585 vestem
3129 538 3416 596 eruentes,
3450 541 3504 586 et
3540 535 3606 585 il-

323 628 386 680 τὸ
418 627 710 697 πρότερον.
745 625 852 679 Τὸν
885 625 942 678 δὲ
981 621 1288 676 Ολασϐέντα
1321 622 1461 674 πόδα
1504 622 1566 674 οὐ
1597 621 1822 674 δύναται
1849 619 1912 672 τὸ

324 717 474 791 ὕδωρ
515 718 654 789 μετὰ
685 717 980 770 σαπουνίου
1031 715 1339 788 ἰατρεῦσαι,
1383 716 1434 768 εἰ
1473 715 1548 785 μὴ
1593 713 1780 785 ἰατροῦ
1813 713 1914 782 ἐμ-

325 812 518 882 πείρου
551 809 954 872 καταλαόόντος
996 810 1054 861 ὲν
1103 807 1273 878 πολλῇ
1312 807 1481 878 σχολῇ
1523 806 1620 860 καὶ
1669 805 1914 876 φροντίδι

323 901 807 959 ἀποκαθίστασθαι
837 901 989 971 ὑγιῆ,
1016 901 1091 964 ὡς
1120 899 1182 953 τὸ
1233 899 1524 970 πρότερον.
1575 897 1633 949 '0
1687 897 1743 949 δὲ
1775 913 1914 967 προ-

328 995 508 1067 φήτης
531 1012 623 1047 σου
654 993 826 1055 οὕτως
855 992 1116 1057 ἐδίδαξεν.
1162 993 1244 1044 ὅτι
1269 991 1373 1043 ὑπὸ
1393 989 1488 1043 τοῦ
1523 988 1718 1052 ὓδατος
1741 988 1914 1040 καθα-

331 1088 542 1159 ρίζεται
576 1091 671 1139 καὶ
702 1085 1035 1139 ἁπολούεται
1058 1085 1214 1138 πᾶσα
1242 1083 1398 1146 νόσος
1426 1081 1630 1152 ψυχῆς,
1660 1080 1756 1133 καὶ
1803 1078 1912 1131 σώ-

332 1196 520 1251 ματος.
552 1178 715 1247 ’Ἄρτι
744 1176 806 1229 τὸ
835 1175 979 1247 ὕδωρ
1001 1177 1102 1229 οὐκ
1135 1175 1356 1245 ἴσχυσεν
1390 1174 1620 1242 ἁγιᾶσαι
1653 1173 1745 1224 τὸν
1785 1170 1916 1225 Gita-

332 1267 531 1322 σθέντα
560 1266 697 1319 πόδα
720 1266 918 1338 ὁρατόν
943 1283 1002 1318 τε
1023 1265 1118 1318 καὶ
1145 1264 1498 1334 φαινόμενον.
1520 1263 1680 1332 Πόσῳ
1712 1260 1916 1331 μᾶλλον

329 1359 430 1430 τὴν
447 1357 680 1429 ἀόρατον
689 1356 982 1429 ψυχὴν[οὑ]
995 1356 1218 1411 δύναται
1232 1356 1461 1424 ἁγιᾶσαι
1477 1355 1572 1407 καὶ
1585 1352 1916 1418 ἁποπλῖωαις

330 1449 395 1501 Εἰ
427 1448 528 1518 μὲν
572 1447 774 1516 λέγεις,
809 1450 957 1519 Εὐχή
984 1450 1101 1501 ἐστι
1131 1448 1308 1518 ψυχῆς
1344 1445 1637 1516 ἁγιασμὸς,
1675 1444 1793 1507 πῶς
1819 1445 1922 1497 οὐκ

329 1540 446 1595 ἔστι
476 1543 570 1594 καὶ
595 1542 691 1594 τοῦ
730 1543 984 1614 σώματος
1006 1559 1020 1605 ;
1044 1541 1158 1594 Νῦν
1188 1542 1247 1594 δὲ
1269 1541 1414 1610 λέγω
1435 1558 1540 1593 σοι·
1569 1540 1771 1592 Δεκτόν
1803 1540 1920 1591 ἐστι

332 1635 603 1708 πρότερον
653 1637 995 1706 θεραπεῦσαι
1049 1637 1110 1689 τὸ
1165 1636 1387 1706 Ολᾶσμα
1436 1634 1528 1688 τοῦ
1585 1635 1767 1698 ποδὸς,
1800 1629 1919 1686 εἶτα

328 1728 531 1781 πλῦναι
557 1729 656 1799 τὴν
684 1730 878 1798 στολὴν
908 1729 1005 1782 καὶ
1029 1729 1318 1792 λευκᾶναι,
1340 1729 1511 1798 ἤγουν
1541 1724 1767 1798 πρώτην
1817 1725 1918 1796 τὴν

327 1818 507 1892 ψυχὴν
547 1822 794 1889 άγιᾶσαι,
825 1821 922 1874 καὶ
941 1820 1205 1888 φωτίσαι,
1241 1821 1338 1872 καὶ
1365 1819 1497 1872 αὑτό
1537 1835 1598 1872 τε
1645 1819 1706 1871 τὸ
1757 1816 1918 1887 σῶμα

2019 620 2125 674 lam
2158 621 2212 676 in
2238 637 2435 691 aquam
2457 621 2828 692 projicientes,
2854 636 2977 676 cum
3003 637 3206 692 sapone
3228 633 3282 676 et
3309 633 3612 695 smegmate

2021 712 2167 767 illam
2214 714 2488 778 lavaruut,
2548 724 2604 768 et
2662 714 2898 783 pristino
2945 714 3225 783 splendori
3269 726 3324 769 et
3385 717 3608 770 candori

2019 804 2404 859 restituerunt.
2426 805 2577 875 Aqua
2608 821 2737 861 vero
2771 817 2827 860 et
2853 822 3095 876 smegma
3125 821 3231 861 non
3263 816 3495 878 possunt
3520 807 3611 874 ju-

2020 910 2149 950 rare
2187 898 2376 965 pedem
2409 897 2747 952 laborantem
2775 907 2830 952 et
2861 898 3182 963 contritum,
3225 899 3322 953 sed
3376 915 3468 954 ars
3493 900 3607 954 sola

2021 988 2219 1042 medici
2249 990 2736 1058 experientissimi,
2774 991 2866 1059 qui
2905 991 2960 1044 iu
2990 1005 3048 1046 se
3074 992 3264 1060 recipit
3298 1007 3438 1046 onus
3487 1008 3608 1046 cum

2022 1089 2270 1147 tempore
2303 1091 2357 1136 et
2383 1097 2538 1146 cura,
2568 1082 2716 1136 illum
2757 1084 3003 1152 pristina
3032 1083 3253 1138 sanitati
3284 1084 3511 1138 reddere
3555 1093 3612 1138 ct

2022 1174 2334 1228 restituere.
2385 1174 2653 1244 Propheta
2683 1191 2820 1231 vero
2863 1189 2987 1230 tuus
3027 1176 3120 1230 tali
3164 1184 3217 1231 te
3248 1177 3495 1232 doctrina
3525 1177 3613 1232 in-

2019 1267 2218 1332 stituit,
2252 1281 2444 1322 omnes
2491 1268 2705 1322 scilicet
2758 1269 2952 1323 anima:
3008 1278 3060 1322 et
3111 1269 3359 1338 corporis
3393 1269 3612 1324 morbos

2020 1373 2143 1413 cum
2174 1373 2314 1426 aqua
2371 1360 2616 1430 purgari,
2650 1360 2818 1414 lavari
2866 1369 2922 1414 et
2973 1361 3268 1415 removeri.
3308 1359 3430 1414 Jam
3479 1377 3612 1416 vero

2021 1463 2161 1517 aqua
2193 1464 2299 1502 non
2325 1451 2497 1506 valuit
2523 1467 2722 1506 curare
2752 1453 3048 1506 contritum
3101 1452 3292 1521 pedem
3329 1452 3603 1508 visibilem

2022 1546 2157 1598 etin
2213 1558 2408 1598 sensus
2468 1544 2866 1607 incurrentem,
2926 1545 3201 1613 quomodo
3232 1558 3363 1614 ergo
3425 1553 3610 1613 possst

2021 1640 2258 1691 animam
2288 1635 2617 1690 invisibilem
2653 1635 2838 1690 lavare
2865 1644 2920 1688 et
2973 1637 3361 1691 sauctilicare?
3409 1637 3466 1691 Si
3527 1638 3609 1692 di-

2023 1745 2115 1783 cas
2143 1744 2158 1783 :
2199 1729 2388 1784 Oratio
2420 1737 2503 1782 est
2532 1729 2727 1782 anima:
2765 1727 3145 1792 sanctificatio,
3177 1744 3346 1796 quare
3380 1744 3484 1784 non
3515 1744 3610 1783 va-

2023 1819 2096 1875 let
2124 1821 2286 1874 etiam
2320 1833 2518 1889 corpus
2545 1817 2719 1886 ipsum
2749 1818 3139 1873 sanctilicare?
3161 1818 3317 1873 Nunc
3351 1836 3480 1874 vero
3533 1823 3607 1874 is-

326 1909 481 1980 νίψαι
514 1911 652 1980 μετὰ
685 1907 877 1972 ὓδατος
908 1911 1002 1961 καὶ
1031 1907 1351 1962 σαπουνίου.
1385 1908 1522 1961 Οὐαί
1558 1925 1662 1972 σοι,
1697 1908 1917 1972 ὲλεεινὲ,

2029 1913 2120 1966 tttd
2155 1922 2210 1966 et
2240 1911 2474 1981 amplius
2520 1911 2641 1965 dico
2692 1911 2810 1975 tibi,
2836 1911 3251 1967 convenientius
3297 1924 3382 1967 est
3435 1913 3612 1982 primo

330 2001 500 2072 μέρος
527 2000 780 2071 κρίσεως·
807 2001 906 2070 τὴν
933 2001 1098 2064 ἁγίαν
1130 2000 1311 2070 ψυχὴν
1335 1998 1596 2054 καλοῦσιν
1630 2000 1688 2052 ὲν
1737 2016 1915 2067 παρα-

325 2094 576 2166 δείσῳ,ἢ
619 2093 900 2163 λέγουσιν,
941 2093 1113 2159 Ἐλθὲ,
1145 2092 1458 2147 πλυνόκωλε
1496 2095 1554 2145 ἐν
1603 2090 1682 2162 τῷ
1733 2109 1916 2164 παρα-

325 2187 511 2259 δείσῳ.

2023 2019 2219 2059 curare
2287 2003 2482 2056 vulnus
2538 2002 2712 2071 pedis,
2740 2013 2795 2057 et
2844 2002 3040 2058 deinde
3099 2007 3358 2060 accedere
3405 2008 3470 2060 ad
3521 2021 3612 2060 τεο

2025 2107 2166 2151 stem
2216 2095 2505 2150 Iarandam
2564 2105 2616 2149 et
2661 2094 3040 2162 dealhaudam,
3075 2096 3156 2152 sic
3203 2097 3378 2165 primo
3417 2096 3614 2150 animm

2024 2204 2153 2244 cura
2190 2189 2350 2243 debet
2385 2203 2480 2242 nos
2503 2187 2822 2251 sollicitare,
2850 2198 2910 2242 ut
2934 2189 3008 2242 sit
3035 2187 3292 2241 nimirttm
3317 2197 3530 2253 sancta,
3557 2199 3614 2243 et

327 2281 653 2346 illuminata,
685 2282 901 2345 deinde,
921 2283 1168 2352 corporis
1191 2297 1332 2352 aqua
1363 2291 1418 2337 et
1442 2288 1744 2352 smegmate
1766 2281 1978 2337 lavandi
2020 2294 2106 2339 est
2136 2284 2382 2338 habenda
2423 2284 2582 2337 ratio.
2631 2280 2722 2336 Va:
2773 2282 2891 2346 tibi,
2947 2283 3256 2338 miserrime
3305 2285 3482 2352 portio
3533 2283 3618 2337 fu-

328 2390 452 2433 tura
484 2374 879 2442 ultimijudicii.
919 2375 1000 2428 Au
1029 2385 1257 2429 vocatur
1272 2377 1450 2429 anima
1485 2375 1552 2428 ad
1579 2375 1887 2444 paradisum
1927 2387 1984 2431 et
2012 2375 2254 2431 dicitur:
2299 2373 2456 2438 Veni,
2483 2388 2516 2429 ο
2557 2373 2839 2438 elunilote,
2873 2373 2996 2427 veni
3031 2374 3082 2428 in
3111 2373 3468 2444 paradisum?

403 2470 575 2523 Ὅταν
599 2469 730 2536 γοῦν
763 2469 1082 2540 τελευτήσῃ
1116 2470 1144 2520 6
1173 2469 1462 2539 ἄνθρωπος
1490 2471 1586 2522 καὶ
1621 2472 1793 2540 ταφῇ,
1826 2468 1924 2523 καὶ

334 2561 477 2632 μετὰ
509 2545 911 2632 τρείςὴμέρας
965 2561 1064 2630 οὑχ
1119 2559 1380 2631 ὑπάρχει,
1417 2561 1617 2632 βρῶμα
1646 2562 1742 2615 καὶ
1778 2561 1925 2614 σκώ-

329 2649 454 2721 ληξ,
485 2652 582 2704 καὶ
611 2651 725 2716 ὄζει
752 2652 848 2705 καὶ
866 2650 1178 2720 φθείρεται,
1223 2653 1323 2704 καὶ
1375 2653 1457 2705 ὅτι
1489 2654 1584 2707 ἐὰν
1647 2652 1721 2724 μὴ
1748 2651 1926 2723 πολλῷ

333 2744 555 2816 χώματι
602 2745 696 2796 καὶ
748 2743 918 2796 πλακί
968 2761 1096 2808 τινι,
1157 2743 1253 2796 καὶ
1311 2744 1570 2813 ἀσφαλῶς
1615 2744 1926 2817 περικρυϐᾔ

335 2837 416 2908 τῷ
443 2837 678 2906 σώματι,
703 2839 731 2890 ὁ
751 2837 977 2904 ἐγγίσας
998 2835 1166 2888 αὑτοῦ
1202 2837 1432 2904 πλησίον
1459 2837 1568 2889 ἀπὸ
1597 2837 1697 2908 τῆς
1723 2836 1929 2907 πολλῆς

333 2929 601 2990 δυσωδίας
625 2928 884 2981 ἐτελεύτα
914 2929 998 2982 ἄν.
1037 2929 1150 2980 Νῦν
1177 2929 1234 2981 δὲ
1259 2929 1350 2992 τίς
1408 2929 1647 2997 ὠφέλεια
1688 2928 1774 2997 τῷ
1824 2931 1922 2983 άν-

338 3019 544 3091 θρὼπῳ
573 3020 664 3072 τὸν
695 3019 867 3073 κῶλον
896 3021 1061 3074 αὐτοῦ
1095 3021 1318 3074 πλύνειν
1344 3022 1527 3084 πάσας
1559 3021 1658 3084 τὰς
1703 3021 1920 3091 ἡμέρας

336 3112 438 3182 τῆς
463 3110 609 3182 ζωῆς
625 3111 789 3165 αὑτοῦ
809 3131 824 3178 ;
844 3115 978 3182 φησὶ
999 3112 1108 3183 γὰρ
1129 3115 1156 3165 6
1177 3115 1462 3182 προφήτης
1485 3112 1667 3164 Δαϐίδ·
1717 3130 1734 3163 ι
1771 3114 1926 3182 Καρ-

2095 2470 2232 2525 Cum
2263 2485 2396 2524 vero
2428 2469 2629 2538 aliquis
2698 2478 2950 2524 mortuus
2983 2477 3067 2522 est
3106 2478 3164 2523 et.
3195 2470 3448 2538 sepulcro
3491 2485 3617 2527 con-

2026 2561 2193 2624 ditus,
2226 2570 2282 2616 et
2337 2575 2614 2623 corrosus.
2648 2569 2703 2615 et
2761 2561 3012 2614 redactus
3042 2559 3096 2613 iu
3168 2563 3512 2630 putredinem
3558 2575 3615 2618 et

2025 2667 2262 2716 vermes,
2300 2653 2433 2708 fetet
2463 2661 2518 2707 et
2540 2667 2767 2722 prorsus
2802 2654 3187 2724 corrumpitur,
3219 2665 3272 2709 et
3305 2655 3409 2709 nisi
3444 2657 3613 2712 multa

2030 2752 2172 2797 terra
2217 2745 2504 2808 tinnulata,
2535 2755 2590 2798 et
2612 2745 2913 2810 asseribus,
2939 2756 2990 2800 et
3025 2746 3263 2800 maxima
3328 2747 3613 2817 diligentia

2030 2831 2398 2887 abscondantur
2448 2849 2668 2904 corpus,
2732 2835 2895 2888 talem
2957 2837 3174 2890 exhalat
3245 2820 3500 2904 fetorem,
3557 2847 3618 2892 ut

2033 2927 2258 2995 propius
2305 2929 2631 2982 accedentes
2659 2936 2801 2982 tetro
2829 2928 2997 2983 odore
3043 2931 3232 2983 statim
3283 2942 3608 2985 enecentur.

2030 3016 2149 3072 Jam
2179 3035 2308 3074 vero
2331 3021 2462 3090 quid
2492 3023 2649 3089 juvat
2681 3021 2958 3075 hominem
2987 3021 3214 3091 singulis
3237 3023 3428 3075 diebus
3463 3032 3617 3078 tanta

2033 3125 2162 3165 cura
2193 3111 2374 3165 culum
2403 3120 2459 3165 et
2488 3111 2666 3165 colum
2705 3111 2923 3165 lavare?
2953 3109 3077 3166 Ideo
3100 3112 3232 3166 dicit
3268 3113 3434 3183 David
3485 3127 3616 3184 pro-

337 3203 460 3258 δίαν
479 3205 726 3276 καθαρὰν
753 3205 936 3259 κτίσον
971 3207 1028 3259 ἐν
1053 3205 1196 3276 ἐμοὶ,
1217 3208 1245 3258 6
1268 3205 1419 3268 Θεός.
1448 3223 1466 3256 ι
1501 3205 1610 3257 Kal
1639 3204 1922 3273 όΜωῦσῆς

2035 3205 2195 3273 pheta
2224 3221 2238 3257 :
2275 3203 2320 3260 Ο
2351 3205 2515 3269 Deus,
2551 3220 2674 3259 crea
2709 3205 2760 3258 in
2791 3219 2876 3260 me
2897 3220 2992 3259 cor
3020 3221 3213 3275 purum
3247 3216 3302 3259 et
3331 3208 3614 3260 mundum.

339 3297 755 3366 τεσσαράκοντα
799 3297 1013 3368 ἡμέρας
1059 3297 1154 3349 καὶ
1184 3295 1388 3358 νύκτας
1423 3297 1778 3366 ἐνήστευσεν,
1833 3297 1926 3348 καὶ

338 3384 401 3438 τὸ
431 3387 609 3455 στόμα
658 3387 823 3440 αὑτοῦ
859 3387 1053 3451 ὢζετο,
1076 3385 1256 3439 λαϐὼν
1279 3387 1335 3440 δὲ
1364 3386 1541 3456 φύλλα
1572 3387 1793 3456 δένδρου
1818 3389 1926 3441 ὰπ-

340 3479 638 3547 εσπόγγισε
659 3480 726 3532 τὰ
754 3480 907 3549 χείλη
941 3478 1133 3535 αὑτοῦ.
1175 3479 1285 3532 Kal
1307 3479 1586 3550 ὀργισθεὶς
1614 3481 1642 3532 ὁ
1667 3478 1799 3542 Θεὸς
1829 3479 1927 3531 αὑ-

339 3572 440 3642 τῷ,
469 3568 656 3624 εἶπεν*
693 3573 792 3624 Διὰ
836 3572 888 3624 τί
934 3572 1274 3639 ἐσπόγγισας
1329 3573 1396 3622 τὰ
1428 3571 1582 3640 χείλη
1634 3588 1728 3623 σου
1789 3569 1930 3640 μετὰ

338 3662 450 3716 τῶν
484 3662 696 3732 φύλλων
722 3681 736 3728 ;
765 3663 1006 3730 ”Υπαγε,
1044 3664 1344 3734 νήστευσον
1391 3663 1593 3732 ἑτέρας
1649 3663 1929 3734 τεσσαρά-

338 3771 530 3809 κοντα.
569 3755 739 3825 Κάγὼ
767 3756 862 3807 νῦν
893 3756 1168 3825 ἁγιασμὸν
1197 3754 1378 3825 ψυχῆς
1425 3772 1486 3808 τε
1539 3757 1636 3808 καὶ
1678 3755 1930 3825 σώματος

339 3845 512 3918 ζητῶ,
549 3847 644 3900 ἐὰν
678 3847 870 3918 βρωμῇ
905 3847 966 3899 τὸ
999 3849 1174 3918 στόμα
1206 3864 1324 3911 σου,
1348 3846 1402 3900 τί
1453 3847 1589 3916 πρός
1623 3863 1727 3918 με;
1787 3847 1932 3909 Χοῦς

340 3941 634 4010 ὑπάρχεις,
679 3940 774 3993 καὶ
840 3942 920 4002 εἰς
962 3942 1067 4009 γῆν
1106 3939 1412 4011 ἁπελεύσῃ.
1458 3941 1622 4010 ’Ἄρτι
1654 3939 1777 3990 εἰπέ
1813 3955 1928 4009 μοι,

341 4028 389 4086 ὦ
430 4033 720 4105 Ἀγάρηνὲ,
752 4036 877 4086 ἐπεὶ
905 4036 933 4086 ὁ
962 4035 1095 4095 Θεὸς
1124 4033 1484 4096 ἐκατεδέξατο
1530 4033 1590 4084 τὸ
1634 4032 1808 4100 στόμα
1835 4031 1931 4083 τοῦ

341 4126 630 4195 προφήτου
659 4123 802 4188 ὄζον,
833 4125 926 4176 καὶ
957 4123 1058 4176 οὐκ
1079 4118 1256 4187 εἶπεν,
1293 4123 1500 4175 Πλῦναι
1537 4123 1678 4191 μετὰ
1733 4120 1930 4184 ὓδατος

341 4217 509 4271 αὐτοῦ
540 4217 635 4270 τοῦ
669 4219 976 4288 προφήτου,
1007 4218 1039 4287 ἣ
1068 4217 1366 4284 σπόγγισαι
1393 4232 1406 4245 ο
1450 4218 1514 4269 σὺ
1573 4216 1695 4278 πῶς
1723 4215 1930 4282 λέγεις,

340 4307 429 4364 ὅτι
459 4308 599 4378 μετὰ
640 4308 736 4360 τοῦ
787 4309 983 4372 ὓδατος
1035 4309 1327 4375 ἁγιάζεται
1402 4310 1436 4379 ἡ
1487 4308 1660 4379 ψυχὴ,
1716 4309 1810 4360 καὶ
1871 4307 1934 4359 τὸ

343 4399 543 4472 σῶμα;
566 4400 942 4470 πεπλάνησαι.
969 4402 1080 4454 Kal
1114 4401 1244 4454 ὅταν
1268 4401 1617 4472 ἁμαρτάνῃς,
1646 4399 1708 4452 οὐ
1770 4397 1933 4468 μόνον

343 4491 410 4546 τὸ
435 4493 595 4563 σῶμα
621 4491 892 4563 λαμϐάνει
915 4493 1017 4563 τὴν
1049 4492 1350 4564 ἁμαρτίαν,
1381 4493 1520 4547 ἀλλὰ
1566 4492 1663 4546 καὶ
1689 4493 1722 4562 ἡ
1755 4492 1927 4561 ψυχή.

342 4583 462 4638 Νῦν
493 4586 551 4639 δὲ
577 4586 638 4638 τὸ
664 4585 827 4656 σῶμα
880 4583 1116 4648 ἕπλυνας
1143 4585 1252 4638 ἀπὸ
1301 4585 1402 4654 τῆς
1457 4584 1740 4656 ῥυπαρίας
1791 4584 1932 4653 μετὰ

343 4674 443 4730 τοῦ
469 4674 684 4739 ὓδατος,
715 4676 814 4746 τὴν
839 4675 896 4727 δὲ
944 4673 1124 4744 ψυχὴ-θ
1168 4673 1268 4746 τὴν
1302 4675 1540 4744 ἀόρατον
1593 4677 1733 4744 μετὰ
1773 4674 1928 4726 ποίου

348 4765 544 4828 ὕδατος
563 4765 740 4829 θέλεις
779 4766 1066 4837 καθαίρειν
1094 4766 1268 4837 αὐτὴν
1313 4765 1424 4818 ἀπὸ
1474 4765 1574 4834 τῆς
1629 4765 1930 4834 άμαρτίας;

347 4860 461 4914 Kal
491 4858 609 4924 πῶς
644 4860 920 4930 προτιμᾲν
951 4859 1012 4912 τὸ
1047 4859 1209 4929 σῶμα
1239 4857 1532 4910 ὲκπλύνειν
1562 4857 1685 4910 καθ’
1718 4858 1934 4928 ἡμέραν

347 4953 635 5017 πεντάκις,
693 4953 793 5006 καὶ
853 4955 950 5023 τὴν
996 4952 1179 5024 ψυχὴν
1223 4954 1488 5020 ἀφεῖναις
1526 4952 1662 5021 Οὐχὶ
1709 4953 1743 5020 ή
1789 4950 1936 5020 ψυχὴ

348 5046 589 5116 ὑπάρχει
619 5046 820 5116 μείζων
846 5047 940 5098 τοῦ
973 5044 1266 5114 σώματος;
1336 5044 1544 5115 Ὠσπερ
1588 5043 1688 5114 τὴν
1737 5043 1936 5113 στολὴν

348 5136 674 5203 ὲλεύκανας,
715 5139 810 5192 καὶ
839 5138 903 5190 τὸ
933 5137 1157 5205 θλάσμα
1193 5137 1288 5190 τοῦ
1325 5136 1486 5197 ποδὸς
1511 5137 1614 5190 οὐκ
1657 5135 1937 5206 ἡδυνήοης

349 5228 696 5299 Θεραπεῦσαι
730 5230 835 5282 ὑπὸ
867 5229 962 5282 τοῦ
995 5229 1209 5294 ὓδατος,
1247 5228 1384 5281 ἀλλὰ
1419 5228 1559 5299 μετὰ
1611 5227 1815 5300 ἰατρῶν
1841 5229 1937 5282 καὶ

350 5321 596 5393 βοτανῶν
628 5321 890 5393 ἀρίστων.

348 5424 507 5486 potes
541 5431 735 5470 curare
762 5425 814 5469 et
842 5415 1121 5470 dealbare.
1153 5413 1260 5468 Sed
1285 5415 1474 5482 pedem
1501 5413 1841 5467 vulneratum
1877 5425 1932 5470 et

350 5511 712 5574 medicorum,
744 5517 799 5563 et
864 5508 1074 5562 vitibus
1108 5506 1402 5560 herbarum
1453 5506 1922 5574 pnestantiorum.

425 5603 540 5656 Νῦν
567 5602 707 5658 Θέλω
763 5619 846 5656 σοι
883 5605 1081 5657 εἰπεῖν.
1134 5603 1207 5655 Σὺ
1260 5601 1404 5671 ἔχεις
1438 5601 1611 5670 τάφον
1663 5600 1860 5672 ἔχοντά
1889 5619 1942 5654 τι

357 5695 561 5762 ἔξωθεν
615 5698 958 5768 ἐγκοίμισμα
1004 5696 1150 5750 πάνυ
1191 5695 1508 5766 Θαυμαστὸν
1551 5695 1660 5749 ἀπὸ
1711 5697 1940 5766 χρυσίου

349 5792 452 5847 καὶ
486 5791 813 5862 μαργάρων,
854 5789 1059 5845 ἔσωθεν
1091 5789 1149 5842 δὲ
1181 5788 1449 5852 δυσωδίας
1510 5789 1605 5842 καὶ
1640 5787 1942 5859 σκωλήκων

349 5883 539 5955 γέμει.
574 5884 746 5938 Πάλιν
774 5883 967 5953 ἐρωτῶ
993 5899 1076 5948 σε,
1113 5881 1245 5936 ὅταν
1268 5880 1513 5953 χωρισθῇ
1555 5880 1618 5936 τὸ
1650 5880 1852 5952 βρέφος
1878 5881 1943 5935 ἐκ

2028 3296 2094 3350 Et
2131 3312 2255 3351 eum
2278 3296 2453 3352 Moses
2473 3295 3154 3369 jejunassetquadraginta
3181 3299 3298 3352 dies
3329 3307 3384 3352 et
3419 3310 3610 3354 noctes

2028 3390 2229 3458 incepit
2253 3405 2507 3444 acescere
2529 3389 2676 3445 illius
2709 3389 2933 3456 halitus,
2964 3402 3018 3446 et
3045 3406 3142 3445 ore
3170 3391 3442 3459 ingratum
3477 3392 3610 3445 odo-

2028 3495 2144 3534 rem
2173 3481 2468 3546 emittere;
2494 3481 2769 3551 accipiens
2823 3497 2954 3536 vero
2991 3483 3116 3536 folia
3154 3484 3368 3538 arboris
3424 3483 3612 3551 cujus-

2029 3573 2152 3626 dam
2211 3573 2410 3642 quibus
2457 3572 2602 3628 labia
2665 3573 2836 3630 voluit
2889 3576 3130 3630 irrorare
3178 3585 3235 3630 et
3306 3577 3615 3646 detergere.

2029 3666 2234 3720 exarsit
2262 3667 2446 3721 statim
2490 3666 2569 3719 ira
2607 3665 2699 3719 Dei
2728 3675 2783 3720 et
2828 3667 3002 3733 dixit;
3055 3683 3228 3737 quare
3286 3667 3430 3721 foliis
3475 3669 3616 3722 labia

2032 3757 2474 3813 detersisti?Abi
2525 3769 2581 3814 et
2606 3757 2792 3826 jejuna
2833 3761 3014 3815 adhuc
3066 3761 3202 3814 alios
3258 3762 3620 3831 quadraginta

2031 3854 2169 3917 dies,
2205 3869 2326 3906 nam
2391 3868 2490 3921 ego
2531 3853 2655 3907 volo
2705 3855 3204 3908 sanetilicationem
3238 3871 3342 3910 non
3375 3859 3621 3924 corporis

2034 3945 2125 3997 sed
2165 3945 2385 4004 anima},
2415 3945 2462 3996 si
2500 3943 2640 3996 male
2663 3943 2774 3996 olet
2797 3959 2859 3998 os
2891 3953 3060 4008 tuum,
3095 3946 3224 4012 quid
3253 3945 3356 3999 hoc
3389 3945 3455 3998 ad
3496 3947 3622 3999 me?

2033 4038 2113 4092 Tu
2141 4055 2199 4092 es
2224 4049 2369 4092 terra
2393 4047 2446 4090 et
2474 4040 2528 4090 in
2564 4047 2835 4091 terramet
2854 4037 3131 4105 pulverem
3161 4039 3474 4093 reverteris.
3496 4037 3616 4092 lam

2035 4144 2202 4193 vero,
2250 4144 2282 4181 ο
2329 4129 2615 4196 Agarenel,
2656 4128 2743 4181 die
2801 4129 2955 4190 tnihi,
2988 4127 3428 4194 quandoquidem
3480 4127 3621 4180 Deus

2037 4220 2291 4273 toleravit
2326 4230 2382 4273 et
2436 4219 2664 4272 admisit
2703 4233 2766 4273 os
2823 4216 3000 4271 l‘etens
3037 4219 3316 4286 prophetae
3347 4217 3531 4283 Mosis,
3567 4229 3623 4272 et

2036 4322 2142 4360 non
2178 4307 2338 4375 jussit
2368 4308 2724 4375 prophetam,
2756 4316 2817 4358 ιιι
2847 4321 2910 4359 os
2934 4321 3089 4359 suum
3128 4321 3262 4373 aqua
3319 4306 3527 4361 lavaret
3567 4317 3623 4361 et

2035 4399 2347 4469 detergeret
2373 4437 2388 4462 ,
2415 4408 2470 4452 tu
2525 4413 2630 4466 qua
2659 4398 2989 4451 verecundia
3027 4407 3178 4465 potes
3207 4413 3457 4452 asserere
3495 4401 3622 4452 aui-

2041 4506 2184 4544 mam
2219 4500 2275 4546 el
2298 4505 2495 4560 corpus
2519 4505 2658 4559 aqua
2695 4489 2916 4568 purgari
2943 4499 2998 4543 et
3021 4489 3354 4543 sanctiﬁeari
3377 4491 3400 4543 ?
3427 4491 3615 4548 Erras.

2041 4584 2175 4638 Nam
2203 4599 2325 4638 cum
2357 4599 2550 4653 peccas
2606 4600 2711 4636 nou
2755 4591 2963 4636 tantum
3023 4596 3224 4649 corpus
3285 4582 3622 4650 inquinatur,

2039 4679 2133 4733 sed
2167 4680 2333 4731 etiam
2365 4678 2546 4730 anima
2569 4676 2778 4744 peccati
2810 4675 2931 4728 labe
2967 4673 3227 4727 inlicitur.
3252 4672 3310 4728 Si
3348 4690 3476 4729 vero
3501 4691 3626 4730 cor-

2038 4771 2188 4840 poris
2218 4771 2408 4823 sordes
2442 4783 2580 4835 aqua
2612 4768 2887 4836 ahstcrgis
2917 4775 2971 4820 et
2995 4767 3170 4829 deles,
3195 4782 3302 4836 qua
3324 4783 3466 4835 aqua
3502 4768 3618 4822 aui-

2037 4879 2182 4917 tnam
2217 4863 2544 4916 invisiliilem
2579 4877 2606 4912 a
2640 4872 2862 4929 peccato
2887 4861 3122 4914 liberare
3158 4871 3210 4914 et
3267 4877 3502 4930 purgare
3527 4877 3620 4914 cu-

2039 4954 2226 5008 naris?
2256 4954 2318 5007 Et
2341 4968 2443 5021 qua
2505 4951 2718 5005 ratione
2749 4952 2808 5003 iit
2842 4961 2900 5002 ut
2941 4951 3114 5019 primo
3143 4964 3368 5005 curetur
3425 4967 3626 5022 corpus

2037 5055 2093 5101 et
2134 5046 2426 5116 quinquies
2455 5045 2685 5110 singulis
2706 5043 2898 5097 diebus
2932 5054 3205 5112 purgetur
3231 5055 3284 5098 et
3313 5045 3625 5113 mundetur,

2042 5139 2223 5192 anima
2283 5152 2413 5190 vero
2465 5137 2708 5206 neglecta
2736 5145 2792 5188 et.
2843 5135 2991 5188 illota
3032 5136 3625 5204 relinquatur?Annon

2040 5234 2220 5284 anima
2247 5229 2517 5299 dignitate
2545 5243 2744 5295 corpus
2798 5228 2974 5296 ipsum
3007 5230 3272 5297 superat?
3323 5229 3485 5284 Certe
3541 5245 3628 5285 res

2043 5322 2120 5376 ita
2153 5337 2210 5375 se
2241 5321 2404 5375 habet
2441 5330 2502 5374 ut
2541 5321 2594 5372 in
2632 5321 2885 5389 parabola
2921 5321 3092 5374 vestis
3114 5328 3174 5390 et
3205 5320 3376 5389 pedis.
3411 5310 3626 5376 Vestem

1969 5419 2266 5471 contritqu
2310 5430 2414 5469 non
2483 5415 2690 5484 poteris
2725 5413 2919 5482 juvare
2947 5428 3114 5483 aqua,
3146 5415 3240 5467 sed
3289 5416 3630 5481 experientia

2123 5601 2282 5656 Nunc
2306 5610 2356 5656 et
2397 5600 2542 5655 aliud
2576 5615 2772 5671 urgere
2795 5600 2936 5656 volo.
2964 5599 3144 5655 [labes
3165 5601 3470 5670 sepulcrum
3497 5603 3634 5657 mira

2049 5691 2465 5764 prorsusloriea
2528 5693 2954 5757 circumdatum,
2986 5703 3042 5746 et
3096 5695 3264 5747 variis
3321 5698 3638 5762 margaritis

2048 5798 2104 5842 et
2129 5802 2263 5839 auro
2299 5787 2638 5852 decoratum,
2667 5786 2902 5840 interius
2933 5800 3063 5840 vero
3084 5794 3170 5840 est
3209 5785 3430 5854 plenum
3459 5785 3624 5842 fetort

2051 5887 2108 5935 et
2153 5879 2456 5935 vermibus.
2511 5877 2723 5935 Rursus
2780 5878 2928 5933 aliud
2986 5888 3039 5936 te
3097 5878 3474 5948 interrogabo,
3512 5894 3636 5934 cum
