  <div class='ocr_page' id='page_1' title='image "/cluster/home/n/w/nwhite01/storage/ocr_20150623/104:no.4/coo.31924054870088/717.png"; bbox 0 0 4146 6442; ppageno 0'>
   <div class='ocr_carea' id='block_1_1' title="bbox 623 430 762 502">
    <p class='ocr_par' dir='ltr' id='par_1_1' title="bbox 623 430 762 502">
     <span class='ocr_line' id='line_1_1' title="bbox 623 430 762 502; baseline -0.022 0"><span class='ocrx_word' id='word_1_1' title='bbox 623 430 762 502; x_wconf 66' lang='lat' dir='ltr'><strong>ltili}</strong></span> 
     </span>
    </p>
   </div>
   <div class='ocr_carea' id='block_1_2' title="bbox 1729 432 2710 498">
    <p class='ocr_par' dir='ltr' id='par_1_2' title="bbox 1729 432 2710 498">
     <span class='ocr_line' id='line_1_2' title="bbox 1729 432 2710 498; baseline 0.002 -4"><span class='ocrx_word' id='word_1_2' title='bbox 1729 432 2297 495; x_wconf 68' lang='lat' dir='ltr'><strong>BARTHOLOMAZI</strong></span> <span class='ocrx_word' id='word_1_3' title='bbox 2338 434 2710 498; x_wconf 85' lang='lat' dir='ltr'><strong>EDESSENI</strong></span> 
     </span>
    </p>
   </div>
   <div class='ocr_carea' id='block_1_3' title="bbox 3751 436 3864 501">
    <p class='ocr_par' dir='ltr' id='par_1_3' title="bbox 3751 436 3864 501">
     <span class='ocr_line' id='line_1_3' title="bbox 3751 436 3864 501; baseline 0.027 -3"><span class='ocrx_word' id='word_1_4' title='bbox 3751 436 3864 501; x_wconf 75' lang='grc'><strong>1416</strong></span> 
     </span>
    </p>
   </div>
   <div class='ocr_carea' id='block_1_4' title="bbox 621 540 2206 620">
    <p class='ocr_par' dir='ltr' id='par_1_4' title="bbox 621 540 2206 617">
     <span class='ocr_line' id='line_1_4' title="bbox 621 540 2206 617; baseline -0.001 -19"><span class='ocrx_word' id='word_1_5' title='bbox 621 555 814 617; x_wconf 85' lang='lat' dir='ltr'><strong>partus</strong></span> <span class='ocrx_word' id='word_1_6' title='bbox 831 557 897 598; x_wconf 82' lang='lat' dir='ltr'><strong>ex</strong></span> <span class='ocrx_word' id='word_1_7' title='bbox 925 549 1118 598; x_wconf 78' lang='lat' dir='ltr'><strong>ventre</strong></span> <span class='ocrx_word' id='word_1_8' title='bbox 1138 540 1333 596; x_wconf 89' lang='lat' dir='ltr'><strong>matris</strong></span> <span class='ocrx_word' id='word_1_9' title='bbox 1359 541 1650 610; x_wconf 90' lang='lat' dir='ltr'><strong>emittitur,</strong></span> <span class='ocrx_word' id='word_1_10' title='bbox 1675 542 1822 598; x_wconf 88' lang='lat' dir='ltr'><strong>illius</strong></span> <span class='ocrx_word' id='word_1_11' title='bbox 1839 559 2039 615; x_wconf 88' lang='lat' dir='ltr'><strong>corpus</strong></span> <span class='ocrx_word' id='word_1_12' title='bbox 2067 559 2206 615; x_wconf 87' lang='lat' dir='ltr'><strong>aqua</strong></span> 
     </span>
    </p>
   </div>
   <div class='ocr_carea' id='block_1_5' title="bbox 2307 540 3871 620">
    <p class='ocr_par' dir='ltr' id='par_1_5' title="bbox 2310 544 3871 620">
     <span class='ocr_line' id='line_1_5' title="bbox 2310 544 3871 620; baseline 0.003 -22"><span class='ocrx_word' id='word_1_13' title='bbox 2310 549 2410 617; x_wconf 78' lang='grc' dir='ltr'><strong>τῆς</strong></span> <span class='ocrx_word' id='word_1_14' title='bbox 2443 547 2652 610; x_wconf 77' lang='grc' dir='ltr'><strong>κοιλίας</strong></span> <span class='ocrx_word' id='word_1_15' title='bbox 2685 547 2784 618; x_wconf 82' lang='grc' dir='ltr'><strong>τῆς</strong></span> <span class='ocrx_word' id='word_1_16' title='bbox 2815 544 3023 617; x_wconf 78' lang='grc' dir='ltr'><strong>μητρὸς</strong></span> <span class='ocrx_word' id='word_1_17' title='bbox 3043 544 3234 610; x_wconf 77' lang='grc' dir='ltr'><strong>αὐτοῦ,</strong></span> <span class='ocrx_word' id='word_1_18' title='bbox 3254 546 3632 617; x_wconf 76' lang='grc' dir='ltr'><strong>καθαρίζεται</strong></span> <span class='ocrx_word' id='word_1_19' title='bbox 3653 547 3712 600; x_wconf 81' lang='grc' dir='ltr'><strong>τὸ</strong></span> <span class='ocrx_word' id='word_1_20' title='bbox 3735 550 3871 620; x_wconf 77' lang='grc' dir='ltr'><strong>σῶμα</strong></span> 
     </span>
    </p>
   </div>
   <div class='ocr_carea' id='block_1_6' title="bbox 621 633 2201 707">
    <p class='ocr_par' dir='ltr' id='par_1_6' title="bbox 621 633 2201 707">
     <span class='ocr_line' id='line_1_6' title="bbox 621 633 2201 707; baseline 0.001 -16"><span class='ocrx_word' id='word_1_21' title='bbox 621 637 936 692; x_wconf 89' lang='lat' dir='ltr'><strong>mundatur.</strong></span> <span class='ocrx_word' id='word_1_22' title='bbox 966 634 1061 689; x_wconf 88' lang='lat' dir='ltr'><strong>Est</strong></span> <span class='ocrx_word' id='word_1_23' title='bbox 1086 648 1216 689; x_wconf 87' lang='lat' dir='ltr'><strong>vero</strong></span> <span class='ocrx_word' id='word_1_24' title='bbox 1244 633 1407 688; x_wconf 84' lang='lat' dir='ltr'><strong>Itiolle</strong></span> <span class='ocrx_word' id='word_1_25' title='bbox 1441 633 1584 688; x_wconf 90' lang='lat' dir='ltr'><strong>illius</strong></span> <span class='ocrx_word' id='word_1_26' title='bbox 1615 650 1835 706; x_wconf 89' lang='lat' dir='ltr'><strong>corpus,</strong></span> <span class='ocrx_word' id='word_1_27' title='bbox 1863 647 1918 692; x_wconf 91' lang='lat' dir='ltr'><strong>et</strong></span> <span class='ocrx_word' id='word_1_28' title='bbox 1950 653 2056 691; x_wconf 87' lang='lat' dir='ltr'><strong>non</strong></span> <span class='ocrx_word' id='word_1_29' title='bbox 2103 653 2201 707; x_wconf 86' lang='lat' dir='ltr'><strong>po-</strong></span> 
     </span>
    </p>
   </div>
   <div class='ocr_carea' id='block_1_7' title="bbox 625 727 2202 795">
    <p class='ocr_par' dir='ltr' id='par_1_7' title="bbox 625 727 2202 795">
     <span class='ocr_line' id='line_1_7' title="bbox 625 727 2202 795; baseline 0.001 -12"><span class='ocrx_word' id='word_1_30' title='bbox 625 730 926 786; x_wconf 84' lang='lat' dir='ltr'><strong>testadhuc</strong></span> <span class='ocrx_word' id='word_1_31' title='bbox 957 742 1139 793; x_wconf 85' lang='lat' dir='ltr'><strong>orare,</strong></span> <span class='ocrx_word' id='word_1_32' title='bbox 1173 728 1318 795; x_wconf 91' lang='lat' dir='ltr'><strong>quod</strong></span> <span class='ocrx_word' id='word_1_33' title='bbox 1345 727 1467 780; x_wconf 83' lang='lat' dir='ltr'><strong>dico</strong></span> <span class='ocrx_word' id='word_1_34' title='bbox 1499 744 1566 780; x_wconf 91' lang='lat' dir='ltr'><strong>ne</strong></span> <span class='ocrx_word' id='word_1_35' title='bbox 1597 727 1722 782; x_wconf 94' lang='lat' dir='ltr'><strong>hinc</strong></span> <span class='ocrx_word' id='word_1_36' title='bbox 1752 732 2096 784; x_wconf 77' lang='lat' dir='ltr'><strong>occasionem</strong></span> <span class='ocrx_word' id='word_1_37' title='bbox 2120 731 2202 784; x_wconf 89' lang='lat' dir='ltr'><strong>in-</strong></span> 
     </span>
    </p>
   </div>
   <div class='ocr_carea' id='block_1_8' title="bbox 619 819 2199 888">
    <p class='ocr_par' dir='ltr' id='par_1_8' title="bbox 619 819 2199 888">
     <span class='ocr_line' id='line_1_8' title="bbox 619 819 2199 888; baseline 0 -12"><span class='ocrx_word' id='word_1_38' title='bbox 619 823 813 876; x_wconf 85' lang='lat' dir='ltr'><strong>venias</strong></span> <span class='ocrx_word' id='word_1_39' title='bbox 845 820 1121 874; x_wconf 88' lang='lat' dir='ltr'><strong>asserendi</strong></span> <span class='ocrx_word' id='word_1_40' title='bbox 1169 819 1312 888; x_wconf 87' lang='lat' dir='ltr'><strong>quod</strong></span> <span class='ocrx_word' id='word_1_41' title='bbox 1370 834 1466 885; x_wconf 85' lang='lat' dir='ltr'><strong>per</strong></span> <span class='ocrx_word' id='word_1_42' title='bbox 1497 835 1686 888; x_wconf 81' lang='lat' dir='ltr'><strong>preces</strong></span> <span class='ocrx_word' id='word_1_43' title='bbox 1731 822 2106 875; x_wconf 87' lang='lat' dir='ltr'><strong>sanctilicatur</strong></span> <span class='ocrx_word' id='word_1_44' title='bbox 2136 823 2199 876; x_wconf 89' lang='lat' dir='ltr'><strong>il-</strong></span> 
     </span>
    </p>
   </div>
   <div class='ocr_carea' id='block_1_9' title="bbox 626 909 2200 976">
    <p class='ocr_par' dir='ltr' id='par_1_9' title="bbox 626 909 2200 976">
     <span class='ocr_line' id='line_1_9' title="bbox 626 909 2200 976; baseline 0.001 -11"><span class='ocrx_word' id='word_1_45' title='bbox 626 912 730 966; x_wconf 91' lang='lat' dir='ltr'><strong>lius</strong></span> <span class='ocrx_word' id='word_1_46' title='bbox 773 912 950 964; x_wconf 89' lang='lat' dir='ltr'><strong>anima</strong></span> <span class='ocrx_word' id='word_1_47' title='bbox 993 913 1058 962; x_wconf 89' lang='lat' dir='ltr'><strong>ad</strong></span> <span class='ocrx_word' id='word_1_48' title='bbox 1105 909 1353 961; x_wconf 89' lang='lat' dir='ltr'><strong>ultimum</strong></span> <span class='ocrx_word' id='word_1_49' title='bbox 1403 924 1576 976; x_wconf 90' lang='lat' dir='ltr'><strong>usque</strong></span> <span class='ocrx_word' id='word_1_50' title='bbox 1623 911 1816 963; x_wconf 88' lang='lat' dir='ltr'><strong>mortis</strong></span> <span class='ocrx_word' id='word_1_51' title='bbox 1845 923 2200 966; x_wconf 91' lang='lat' dir='ltr'><strong>momentum.</strong></span> 
     </span>
    </p>
   </div>
   <div class='ocr_carea' id='block_1_10' title="bbox 625 998 2204 1067">
    <p class='ocr_par' dir='ltr' id='par_1_10' title="bbox 625 998 2204 1067">
     <span class='ocr_line' id='line_1_10' title="bbox 625 998 2204 1067; baseline 0 -11"><span class='ocrx_word' id='word_1_52' title='bbox 625 1000 849 1056; x_wconf 82' lang='lat' dir='ltr'><strong>Ostendi</strong></span> <span class='ocrx_word' id='word_1_53' title='bbox 873 1015 1003 1066; x_wconf 82' lang='lat' dir='ltr'><strong>ergo</strong></span> <span class='ocrx_word' id='word_1_54' title='bbox 1041 998 1132 1051; x_wconf 81' lang='lat' dir='ltr'><strong>lilii</strong></span> <span class='ocrx_word' id='word_1_55' title='bbox 1163 998 1308 1065; x_wconf 83' lang='lat' dir='ltr'><strong>quod</strong></span> <span class='ocrx_word' id='word_1_56' title='bbox 1336 1013 1479 1067; x_wconf 90' lang='lat' dir='ltr'><strong>aqua</strong></span> <span class='ocrx_word' id='word_1_57' title='bbox 1542 1014 1638 1052; x_wconf 89' lang='lat' dir='ltr'><strong>nec</strong></span> <span class='ocrx_word' id='word_1_58' title='bbox 1669 1014 1868 1067; x_wconf 84' lang='lat' dir='ltr'><strong>corpus</strong></span> <span class='ocrx_word' id='word_1_59' title='bbox 1894 1016 1992 1055; x_wconf 90' lang='lat' dir='ltr'><strong>nec</strong></span> <span class='ocrx_word' id='word_1_60' title='bbox 2023 1002 2204 1056; x_wconf 87' lang='lat' dir='ltr'><strong>anima</strong></span> 
     </span>
    </p>
   </div>
   <div class='ocr_carea' id='block_1_11' title="bbox 623 1090 2205 1161">
    <p class='ocr_par' dir='ltr' id='par_1_11' title="bbox 623 1090 2205 1161">
     <span class='ocr_line' id='line_1_11' title="bbox 623 1090 2205 1161; baseline 0.001 -12"><span class='ocrx_word' id='word_1_61' title='bbox 623 1092 1053 1149; x_wconf 84' lang='lat' dir='ltr'><strong>sanctiﬁcantur.</strong></span> <span class='ocrx_word' id='word_1_62' title='bbox 1093 1090 1148 1143; x_wconf 93' lang='lat' dir='ltr'><strong>Si</strong></span> <span class='ocrx_word' id='word_1_63' title='bbox 1186 1106 1315 1144; x_wconf 90' lang='lat' dir='ltr'><strong>vero</strong></span> <span class='ocrx_word' id='word_1_64' title='bbox 1340 1106 1563 1159; x_wconf 79' lang='lat' dir='ltr'><strong>regeras</strong></span> <span class='ocrx_word' id='word_1_65' title='bbox 1615 1096 1759 1161; x_wconf 89' lang='lat' dir='ltr'><strong>quod</strong></span> <span class='ocrx_word' id='word_1_66' title='bbox 1823 1091 1966 1149; x_wconf 82' lang='lat' dir='ltr'><strong>fetus</strong></span> <span class='ocrx_word' id='word_1_67' title='bbox 2015 1109 2205 1150; x_wconf 87' lang='lat' dir='ltr'><strong>recens</strong></span> 
     </span>
    </p>
   </div>
   <div class='ocr_carea' id='block_1_12' title="bbox 623 1183 2206 1256">
    <p class='ocr_par' dir='ltr' id='par_1_12' title="bbox 623 1183 2206 1256">
     <span class='ocr_line' id='line_1_12' title="bbox 623 1183 2206 1256; baseline -0.001 -15"><span class='ocrx_word' id='word_1_68' title='bbox 623 1198 783 1242; x_wconf 89' lang='lat' dir='ltr'><strong>natus</strong></span> <span class='ocrx_word' id='word_1_69' title='bbox 809 1189 1002 1240; x_wconf 87' lang='lat' dir='ltr'><strong>debeat</strong></span> <span class='ocrx_word' id='word_1_70' title='bbox 1029 1183 1342 1237; x_wconf 84' lang='lat' dir='ltr'><strong>circumcidi</strong></span> <span class='ocrx_word' id='word_1_71' title='bbox 1385 1195 1438 1237; x_wconf 93' lang='lat' dir='ltr'><strong>ct</strong></span> <span class='ocrx_word' id='word_1_72' title='bbox 1463 1185 1542 1237; x_wconf 89' lang='lat' dir='ltr'><strong>sic</strong></span> <span class='ocrx_word' id='word_1_73' title='bbox 1575 1185 1938 1251; x_wconf 81' lang='lat' dir='ltr'><strong>sanctilicari,</strong></span> <span class='ocrx_word' id='word_1_74' title='bbox 1984 1203 2206 1256; x_wconf 86' lang='lat' dir='ltr'><strong>respou-</strong></span> 
     </span>
    </p>
   </div>
   <div class='ocr_carea' id='block_1_13' title="bbox 623 1272 2208 1342">
    <p class='ocr_par' dir='ltr' id='par_1_13' title="bbox 623 1272 2208 1342">
     <span class='ocr_line' id='line_1_13' title="bbox 623 1272 2208 1342; baseline 0.001 -14"><span class='ocrx_word' id='word_1_75' title='bbox 623 1277 744 1337; x_wconf 90' lang='lat' dir='ltr'><strong>deo,</strong></span> <span class='ocrx_word' id='word_1_76' title='bbox 765 1289 860 1326; x_wconf 92' lang='lat' dir='ltr'><strong>nec</strong></span> <span class='ocrx_word' id='word_1_77' title='bbox 889 1276 939 1326; x_wconf 91' lang='lat' dir='ltr'><strong>in</strong></span> <span class='ocrx_word' id='word_1_78' title='bbox 976 1273 1077 1326; x_wconf 91' lang='lat' dir='ltr'><strong>hoc</strong></span> <span class='ocrx_word' id='word_1_79' title='bbox 1105 1272 1270 1325; x_wconf 89' lang='lat' dir='ltr'><strong>etiam</strong></span> <span class='ocrx_word' id='word_1_80' title='bbox 1294 1274 1598 1325; x_wconf 84' lang='lat' dir='ltr'><strong>consistere</strong></span> <span class='ocrx_word' id='word_1_81' title='bbox 1624 1275 1871 1342; x_wconf 88' lang='lat' dir='ltr'><strong>corporis</strong></span> <span class='ocrx_word' id='word_1_82' title='bbox 1904 1274 1986 1328; x_wconf 87' lang='lat' dir='ltr'><strong>vel</strong></span> <span class='ocrx_word' id='word_1_83' title='bbox 2011 1278 2208 1329; x_wconf 73' lang='lat' dir='ltr'><strong>anima:</strong></span> 
     </span>
    </p>
   </div>
   <div class='ocr_carea' id='block_1_14' title="bbox 621 1362 2207 1437">
    <p class='ocr_par' dir='ltr' id='par_1_14' title="bbox 621 1362 2207 1437">
     <span class='ocr_line' id='line_1_14' title="bbox 621 1362 2207 1437; baseline 0.001 -17"><span class='ocrx_word' id='word_1_84' title='bbox 621 1365 1132 1420; x_wconf 89' lang='lat' dir='ltr'><strong>sanetilicationem.</strong></span> <span class='ocrx_word' id='word_1_85' title='bbox 1157 1365 1260 1417; x_wconf 91' lang='lat' dir='ltr'><strong>Sed</strong></span> <span class='ocrx_word' id='word_1_86' title='bbox 1297 1362 1712 1418; x_wconf 68' lang='lat' dir='ltr'><strong>Israelita-hanc</strong></span> <span class='ocrx_word' id='word_1_87' title='bbox 1744 1365 2054 1420; x_wconf 84' lang='lat' dir='ltr'><strong>habuerunt</strong></span> <span class='ocrx_word' id='word_1_88' title='bbox 2075 1383 2207 1437; x_wconf 89' lang='lat' dir='ltr'><strong>gen-</strong></span> 
     </span>
    </p>
   </div>
   <div class='ocr_carea' id='block_1_15' title="bbox 623 1457 2203 1527">
    <p class='ocr_par' dir='ltr' id='par_1_15' title="bbox 623 1457 2203 1527">
     <span class='ocr_line' id='line_1_15' title="bbox 623 1457 2203 1527; baseline 0 -15"><span class='ocrx_word' id='word_1_89' title='bbox 623 1461 693 1512; x_wconf 90' lang='lat' dir='ltr'><strong>tis</strong></span> <span class='ocrx_word' id='word_1_90' title='bbox 719 1469 772 1511; x_wconf 90' lang='lat' dir='ltr'><strong>et</strong></span> <span class='ocrx_word' id='word_1_91' title='bbox 801 1459 1019 1527; x_wconf 79' lang='lat' dir='ltr'><strong>generis</strong></span> <span class='ocrx_word' id='word_1_92' title='bbox 1053 1457 1132 1510; x_wconf 88' lang='lat' dir='ltr'><strong>sui</strong></span> <span class='ocrx_word' id='word_1_93' title='bbox 1165 1465 1346 1510; x_wconf 83' lang='lat' dir='ltr'><strong>notam</strong></span> <span class='ocrx_word' id='word_1_94' title='bbox 1380 1473 1485 1526; x_wconf 87' lang='lat' dir='ltr'><strong>qua</strong></span> <span class='ocrx_word' id='word_1_95' title='bbox 1527 1460 1594 1510; x_wconf 92' lang='lat' dir='ltr'><strong>ab</strong></span> <span class='ocrx_word' id='word_1_96' title='bbox 1619 1457 1742 1512; x_wconf 87' lang='lat' dir='ltr'><strong>aliis</strong></span> <span class='ocrx_word' id='word_1_97' title='bbox 1798 1459 2050 1526; x_wconf 80' lang='lat' dir='ltr'><strong>gentibus</strong></span> <span class='ocrx_word' id='word_1_98' title='bbox 2095 1459 2203 1512; x_wconf 85' lang='lat' dir='ltr'><strong>dis-</strong></span> 
     </span>
    </p>
   </div>
   <div class='ocr_carea' id='block_1_16' title="bbox 625 1549 2207 1618">
    <p class='ocr_par' dir='ltr' id='par_1_16' title="bbox 625 1549 2207 1618">
     <span class='ocr_line' id='line_1_16' title="bbox 625 1549 2207 1618; baseline -0.001 -14"><span class='ocrx_word' id='word_1_99' title='bbox 625 1552 1020 1618; x_wconf 88' lang='lat' dir='ltr'><strong>tinguerentur.</strong></span> <span class='ocrx_word' id='word_1_100' title='bbox 1061 1549 1260 1601; x_wconf 87' lang='lat' dir='ltr'><strong>lterum</strong></span> <span class='ocrx_word' id='word_1_101' title='bbox 1295 1563 1427 1618; x_wconf 83' lang='lat' dir='ltr'><strong>ergo</strong></span> <span class='ocrx_word' id='word_1_102' title='bbox 1475 1560 1640 1618; x_wconf 89' lang='lat' dir='ltr'><strong>atque</strong></span> <span class='ocrx_word' id='word_1_103' title='bbox 1699 1550 1894 1603; x_wconf 83' lang='lat' dir='ltr'><strong>iterum</strong></span> <span class='ocrx_word' id='word_1_104' title='bbox 1932 1550 2024 1602; x_wconf 91' lang='lat' dir='ltr'><strong>tibi</strong></span> <span class='ocrx_word' id='word_1_105' title='bbox 2085 1551 2207 1602; x_wconf 84' lang='lat' dir='ltr'><strong>dico</strong></span> 
     </span>
    </p>
   </div>
   <div class='ocr_carea' id='block_1_17' title="bbox 622 1638 2207 1710">
    <p class='ocr_par' dir='ltr' id='par_1_17' title="bbox 622 1638 2207 1710">
     <span class='ocr_line' id='line_1_17' title="bbox 622 1638 2207 1710; baseline -0.001 -18"><span class='ocrx_word' id='word_1_106' title='bbox 622 1641 881 1710; x_wconf 81' lang='lat' dir='ltr'><strong>quodqui</strong></span> <span class='ocrx_word' id='word_1_107' title='bbox 932 1638 1092 1694; x_wconf 84' lang='lat' dir='ltr'><strong>docet</strong></span> <span class='ocrx_word' id='word_1_108' title='bbox 1127 1638 1296 1692; x_wconf 89' lang='lat' dir='ltr'><strong>Deum</strong></span> <span class='ocrx_word' id='word_1_109' title='bbox 1359 1640 1570 1691; x_wconf 85' lang='lat' dir='ltr'><strong>ratione</strong></span> <span class='ocrx_word' id='word_1_110' title='bbox 1643 1647 1945 1701; x_wconf 83' lang='lat' dir='ltr'><strong>carentem,</strong></span> <span class='ocrx_word' id='word_1_111' title='bbox 1984 1641 2207 1692; x_wconf 87' lang='lat' dir='ltr'><strong>onmino</strong></span> 
     </span>
    </p>
   </div>
   <div class='ocr_carea' id='block_1_18' title="bbox 621 1731 2206 1802">
    <p class='ocr_par' dir='ltr' id='par_1_18' title="bbox 621 1731 2206 1802">
     <span class='ocr_line' id='line_1_18' title="bbox 621 1731 2206 1802; baseline -0.003 -14"><span class='ocrx_word' id='word_1_112' title='bbox 621 1734 713 1788; x_wconf 87' lang='lat' dir='ltr'><strong>ille</strong></span> <span class='ocrx_word' id='word_1_113' title='bbox 754 1736 868 1802; x_wconf 83' lang='lat' dir='ltr'><strong>Ipse</strong></span> <span class='ocrx_word' id='word_1_114' title='bbox 892 1742 1035 1785; x_wconf 83' lang='lat' dir='ltr'><strong>caret</strong></span> <span class='ocrx_word' id='word_1_115' title='bbox 1069 1732 1381 1800; x_wconf 89' lang='lat' dir='ltr'><strong>cognitione</strong></span> <span class='ocrx_word' id='word_1_116' title='bbox 1425 1741 1482 1787; x_wconf 89' lang='lat' dir='ltr'><strong>et</strong></span> <span class='ocrx_word' id='word_1_117' title='bbox 1531 1731 1754 1800; x_wconf 85' lang='lat' dir='ltr'><strong>pietate,</strong></span> <span class='ocrx_word' id='word_1_118' title='bbox 1792 1739 1851 1784; x_wconf 91' lang='lat' dir='ltr'><strong>ut</strong></span> <span class='ocrx_word' id='word_1_119' title='bbox 1905 1731 1999 1784; x_wconf 93' lang='lat' dir='ltr'><strong>tibi</strong></span> <span class='ocrx_word' id='word_1_120' title='bbox 2043 1747 2206 1800; x_wconf 80' lang='lat' dir='ltr'><strong>supra</strong></span> 
     </span>
    </p>
   </div>
   <div class='ocr_carea' id='block_1_19' title="bbox 622 1823 1037 1894">
    <p class='ocr_par' dir='ltr' id='par_1_19' title="bbox 622 1823 1037 1894">
     <span class='ocr_line' id='line_1_19' title="bbox 622 1823 1037 1894; baseline -0.01 -14"><span class='ocrx_word' id='word_1_121' title='bbox 622 1823 1037 1894; x_wconf 64' lang='lat' dir='ltr'><strong>repraesentari.</strong></span> 
     </span>
    </p>
   </div>
   <div class='ocr_carea' id='block_1_20' title="bbox 2305 631 3872 711">
    <p class='ocr_par' dir='ltr' id='par_1_20' title="bbox 2305 631 3872 711">
     <span class='ocr_line' id='line_1_20' title="bbox 2305 631 3872 711; baseline 0.003 -19"><span class='ocrx_word' id='word_1_122' title='bbox 2305 639 2473 692; x_wconf 80' lang='grc' dir='ltr'><strong>αὑτοῦ</strong></span> <span class='ocrx_word' id='word_1_123' title='bbox 2493 640 2601 693; x_wconf 84' lang='grc' dir='ltr'><strong>ἀπὸ</strong></span> <span class='ocrx_word' id='word_1_124' title='bbox 2627 640 2839 699; x_wconf 79' lang='grc' dir='ltr'><strong>ὓδατος.</strong></span> <span class='ocrx_word' id='word_1_125' title='bbox 2870 631 3042 692; x_wconf 79' lang='grc' dir='ltr'><strong>Αὑτὸῦ</strong></span> <span class='ocrx_word' id='word_1_126' title='bbox 3083 639 3189 710; x_wconf 75' lang='grc' dir='ltr'><strong>γὰρ</strong></span> <span class='ocrx_word' id='word_1_127' title='bbox 3223 640 3468 710; x_wconf 71' lang='grc' dir='ltr'><strong>μαλακδν</strong></span> <span class='ocrx_word' id='word_1_128' title='bbox 3501 641 3568 692; x_wconf 82' lang='grc' dir='ltr'><strong>τὸ</strong></span> <span class='ocrx_word' id='word_1_129' title='bbox 3589 640 3764 711; x_wconf 87' lang='grc' dir='ltr'><strong>σῶμα,</strong></span> <span class='ocrx_word' id='word_1_130' title='bbox 3793 647 3872 697; x_wconf 75' lang='grc' dir='ltr'><strong>καὶ</strong></span> 
     </span>
    </p>
   </div>
   <div class='ocr_carea' id='block_1_21' title="bbox 2303 727 3868 798">
    <p class='ocr_par' dir='ltr' id='par_1_21' title="bbox 2303 727 3868 798">
     <span class='ocr_line' id='line_1_21' title="bbox 2303 727 3868 798; baseline 0 -16"><span class='ocrx_word' id='word_1_131' title='bbox 2303 729 2364 782; x_wconf 78' lang='grc' dir='ltr'><strong>οὐ</strong></span> <span class='ocrx_word' id='word_1_132' title='bbox 2399 729 2620 782; x_wconf 75' lang='grc' dir='ltr'><strong>δύναται</strong></span> <span class='ocrx_word' id='word_1_133' title='bbox 2654 729 2818 798; x_wconf 82' lang='grc' dir='ltr'><strong>εὐχὴν</strong></span> <span class='ocrx_word' id='word_1_134' title='bbox 2860 729 3104 797; x_wconf 76' lang='grc' dir='ltr'><strong>ποιῆσαι,</strong></span> <span class='ocrx_word' id='word_1_135' title='bbox 3144 728 3232 780; x_wconf 78' lang='grc' dir='ltr'><strong>ἵνα</strong></span> <span class='ocrx_word' id='word_1_136' title='bbox 3275 727 3448 798; x_wconf 72' lang='grc' dir='ltr'><strong>εὕρῃς</strong></span> <span class='ocrx_word' id='word_1_137' title='bbox 3506 729 3767 798; x_wconf 76' lang='grc' dir='ltr'><strong>ἀφορμὴν</strong></span> <span class='ocrx_word' id='word_1_138' title='bbox 3797 729 3868 782; x_wconf 82' lang='grc' dir='ltr'><strong>ὅτι</strong></span> 
     </span>
    </p>
   </div>
   <div class='ocr_carea' id='block_1_22' title="bbox 2308 819 3874 892">
    <p class='ocr_par' dir='ltr' id='par_1_22' title="bbox 2308 819 3874 892">
     <span class='ocr_line' id='line_1_22' title="bbox 2308 819 3874 892; baseline 0.001 -19"><span class='ocrx_word' id='word_1_139' title='bbox 2308 821 2448 892; x_wconf 76' lang='grc' dir='ltr'><strong>μετὰ</strong></span> <span class='ocrx_word' id='word_1_140' title='bbox 2474 820 2575 891; x_wconf 80' lang='grc' dir='ltr'><strong>τῆς</strong></span> <span class='ocrx_word' id='word_1_141' title='bbox 2600 821 2763 889; x_wconf 69' lang='grc' dir='ltr'><strong>εὐχῆς</strong></span> <span class='ocrx_word' id='word_1_142' title='bbox 2794 819 3081 888; x_wconf 76' lang='grc' dir='ltr'><strong>ἁγιάζεται</strong></span> <span class='ocrx_word' id='word_1_143' title='bbox 3112 821 3145 890; x_wconf 88' lang='grc' dir='ltr'><strong>ή</strong></span> <span class='ocrx_word' id='word_1_144' title='bbox 3179 820 3329 891; x_wconf 74' lang='grc' dir='ltr'><strong>ψυχὴ</strong></span> <span class='ocrx_word' id='word_1_145' title='bbox 3372 819 3549 873; x_wconf 77' lang='grc' dir='ltr'><strong>αὐτοῦ</strong></span> <span class='ocrx_word' id='word_1_146' title='bbox 3597 821 3756 890; x_wconf 83' lang='grc' dir='ltr'><strong>μέχρι</strong></span> <span class='ocrx_word' id='word_1_147' title='bbox 3792 821 3874 875; x_wconf 85' lang='grc' dir='ltr'><strong>θα-</strong></span> 
     </span>
    </p>
   </div>
   <div class='ocr_carea' id='block_1_23' title="bbox 2305 910 3875 982">
    <p class='ocr_par' dir='ltr' id='par_1_23' title="bbox 2305 910 3875 982">
     <span class='ocr_line' id='line_1_23' title="bbox 2305 910 3875 982; baseline 0.001 -17"><span class='ocrx_word' id='word_1_148' title='bbox 2305 913 2490 965; x_wconf 81' lang='grc' dir='ltr'><strong>νάτου.</strong></span> <span class='ocrx_word' id='word_1_149' title='bbox 2523 912 2741 976; x_wconf 79' lang='grc' dir='ltr'><strong>Ἐδειξά</strong></span> <span class='ocrx_word' id='word_1_150' title='bbox 2773 929 2875 973; x_wconf 89' lang='grc' dir='ltr'><strong>σοι,</strong></span> <span class='ocrx_word' id='word_1_151' title='bbox 2908 911 2989 964; x_wconf 82' lang='grc' dir='ltr'><strong>ὅτι</strong></span> <span class='ocrx_word' id='word_1_152' title='bbox 3021 910 3082 964; x_wconf 80' lang='grc' dir='ltr'><strong>τὸ</strong></span> <span class='ocrx_word' id='word_1_153' title='bbox 3105 910 3250 982; x_wconf 78' lang='grc' dir='ltr'><strong>ὕδωρ</strong></span> <span class='ocrx_word' id='word_1_154' title='bbox 3279 913 3340 964; x_wconf 86' lang='grc' dir='ltr'><strong>οὺ</strong></span> <span class='ocrx_word' id='word_1_155' title='bbox 3390 910 3693 981; x_wconf 79' lang='grc' dir='ltr'><strong>καθαρίζει</strong></span> <span class='ocrx_word' id='word_1_156' title='bbox 3717 912 3875 982; x_wconf 71' lang='grc' dir='ltr'><strong>ψυχήν</strong></span> 
     </span>
    </p>
   </div>
   <div class='ocr_carea' id='block_1_24' title="bbox 2305 998 3876 1070">
    <p class='ocr_par' dir='ltr' id='par_1_24' title="bbox 2305 998 3876 1070">
     <span class='ocr_line' id='line_1_24' title="bbox 2305 998 3876 1070; baseline 0.003 -20"><span class='ocrx_word' id='word_1_157' title='bbox 2305 998 2430 1050; x_wconf 71' lang='grc' dir='ltr'><strong>οὔτε</strong></span> <span class='ocrx_word' id='word_1_158' title='bbox 2462 999 2640 1068; x_wconf 85' lang='grc' dir='ltr'><strong>σῶμα.</strong></span> <span class='ocrx_word' id='word_1_159' title='bbox 2671 1001 2731 1052; x_wconf 75' lang='lat' dir='ltr'><strong>Ei</strong></span> <span class='ocrx_word' id='word_1_160' title='bbox 2757 999 2815 1052; x_wconf 81' lang='grc' dir='ltr'><strong>δὲ</strong></span> <span class='ocrx_word' id='word_1_161' title='bbox 2843 999 3024 1066; x_wconf 86' lang='grc' dir='ltr'><strong>λέγεις</strong></span> <span class='ocrx_word' id='word_1_162' title='bbox 3051 1001 3134 1052; x_wconf 84' lang='grc' dir='ltr'><strong>ὅτι</strong></span> <span class='ocrx_word' id='word_1_163' title='bbox 3165 999 3271 1070; x_wconf 83' lang='grc' dir='ltr'><strong>χρὴ</strong></span> <span class='ocrx_word' id='word_1_164' title='bbox 3302 1002 3765 1070; x_wconf 80' lang='grc' dir='ltr'><strong>περιτέμνεσθαι,</strong></span> <span class='ocrx_word' id='word_1_165' title='bbox 3795 1005 3876 1056; x_wconf 76' lang='grc' dir='ltr'><strong>καὶ</strong></span> 
     </span>
    </p>
   </div>
   <div class='ocr_carea' id='block_1_25' title="bbox 2305 1087 3878 1162">
    <p class='ocr_par' dir='ltr' id='par_1_25' title="bbox 2305 1087 3878 1162">
     <span class='ocr_line' id='line_1_25' title="bbox 2305 1087 3878 1162; baseline 0.003 -21"><span class='ocrx_word' id='word_1_166' title='bbox 2305 1087 2478 1148; x_wconf 67' lang='grc' dir='ltr'><strong>οὕτως</strong></span> <span class='ocrx_word' id='word_1_167' title='bbox 2508 1088 2824 1154; x_wconf 78' lang='grc' dir='ltr'><strong>ἁγιάζεται,</strong></span> <span class='ocrx_word' id='word_1_168' title='bbox 2848 1088 2994 1156; x_wconf 77' lang='grc' dir='ltr'><strong>λέγω</strong></span> <span class='ocrx_word' id='word_1_169' title='bbox 3027 1105 3132 1151; x_wconf 86' lang='grc' dir='ltr'><strong>σοι,</strong></span> <span class='ocrx_word' id='word_1_170' title='bbox 3166 1090 3313 1142; x_wconf 83' lang='grc' dir='ltr'><strong>Λὺτὺ</strong></span> <span class='ocrx_word' id='word_1_171' title='bbox 3347 1090 3474 1144; x_wconf 79' lang='grc' dir='ltr'><strong>οὔτε</strong></span> <span class='ocrx_word' id='word_1_172' title='bbox 3513 1091 3612 1144; x_wconf 83' lang='grc' dir='ltr'><strong>τοῦ</strong></span> <span class='ocrx_word' id='word_1_173' title='bbox 3645 1093 3878 1162; x_wconf 87' lang='grc' dir='ltr'><strong>σώματός</strong></span> 
     </span>
    </p>
   </div>
   <div class='ocr_carea' id='block_1_26' title="bbox 2306 1179 3877 1256">
    <p class='ocr_par' dir='ltr' id='par_1_26' title="bbox 2306 1179 3877 1256">
     <span class='ocr_line' id='line_1_26' title="bbox 2306 1179 3877 1256; baseline 0.004 -24"><span class='ocrx_word' id='word_1_174' title='bbox 2306 1181 2455 1233; x_wconf 87' lang='grc' dir='ltr'><strong>ἐστιν</strong></span> <span class='ocrx_word' id='word_1_175' title='bbox 2479 1180 2771 1251; x_wconf 79' lang='grc' dir='ltr'><strong>ἁγιασμὸς,</strong></span> <span class='ocrx_word' id='word_1_176' title='bbox 2800 1179 2925 1234; x_wconf 75' lang='grc' dir='ltr'><strong>οὔτε</strong></span> <span class='ocrx_word' id='word_1_177' title='bbox 2955 1182 3157 1252; x_wconf 81' lang='grc' dir='ltr'><strong>ψυχῆς.</strong></span> <span class='ocrx_word' id='word_1_178' title='bbox 3202 1183 3342 1236; x_wconf 81' lang='grc' dir='ltr'><strong>Ἀλλ’</strong></span> <span class='ocrx_word' id='word_1_179' title='bbox 3369 1179 3525 1255; x_wconf 73' lang='grc' dir='ltr'><strong>εἶχον</strong></span> <span class='ocrx_word' id='word_1_180' title='bbox 3558 1185 3613 1237; x_wconf 73' lang='lat' dir='ltr'><strong>oi</strong></span> <span class='ocrx_word' id='word_1_181' title='bbox 3677 1187 3877 1256; x_wconf 83' lang='grc' dir='ltr'><strong>Ἰσραη-</strong></span> 
     </span>
    </p>
   </div>
   <div class='ocr_carea' id='block_1_27' title="bbox 2305 1271 3878 1345">
    <p class='ocr_par' dir='ltr' id='par_1_27' title="bbox 2305 1271 3878 1345">
     <span class='ocr_line' id='line_1_27' title="bbox 2305 1271 3878 1345; baseline 0.004 -21"><span class='ocrx_word' id='word_1_182' title='bbox 2305 1273 2450 1325; x_wconf 84' lang='grc' dir='ltr'><strong>λῖται</strong></span> <span class='ocrx_word' id='word_1_183' title='bbox 2508 1273 2666 1325; x_wconf 76' lang='grc' dir='ltr'><strong>τοῦτο</strong></span> <span class='ocrx_word' id='word_1_184' title='bbox 2714 1271 3005 1344; x_wconf 85' lang='grc' dir='ltr'><strong>γνώρισμα</strong></span> <span class='ocrx_word' id='word_1_185' title='bbox 3072 1279 3175 1343; x_wconf 83' lang='grc' dir='ltr'><strong>τῆς</strong></span> <span class='ocrx_word' id='word_1_186' title='bbox 3234 1277 3374 1341; x_wconf 78' lang='grc' dir='ltr'><strong>ἰδίας</strong></span> <span class='ocrx_word' id='word_1_187' title='bbox 3420 1278 3650 1345; x_wconf 78' lang='grc' dir='ltr'><strong>γενεᾶς,</strong></span> <span class='ocrx_word' id='word_1_188' title='bbox 3682 1277 3878 1330; x_wconf 85' lang='grc' dir='ltr'><strong>διιστῶν</strong></span> 
     </span>
    </p>
   </div>
   <div class='ocr_carea' id='block_1_28' title="bbox 2307 1365 3876 1438">
    <p class='ocr_par' dir='ltr' id='par_1_28' title="bbox 2307 1365 3876 1438">
     <span class='ocr_line' id='line_1_28' title="bbox 2307 1365 3876 1438; baseline 0.003 -20"><span class='ocrx_word' id='word_1_189' title='bbox 2307 1366 2505 1428; x_wconf 75' lang='grc' dir='ltr'><strong>αὐτοὺς</strong></span> <span class='ocrx_word' id='word_1_190' title='bbox 2539 1365 2649 1418; x_wconf 71' lang='grc' dir='ltr'><strong>ἀπὸ</strong></span> <span class='ocrx_word' id='word_1_191' title='bbox 2695 1366 2805 1418; x_wconf 86' lang='grc' dir='ltr'><strong>τῶν</strong></span> <span class='ocrx_word' id='word_1_192' title='bbox 2828 1365 3019 1421; x_wconf 81' lang='grc' dir='ltr'><strong>ἐθνῶν.</strong></span> <span class='ocrx_word' id='word_1_193' title='bbox 3067 1368 3228 1422; x_wconf 69' lang='grc' dir='ltr'><strong>Ἀλλὰ</strong></span> <span class='ocrx_word' id='word_1_194' title='bbox 3271 1371 3366 1422; x_wconf 77' lang='grc' dir='ltr'><strong>καὶ</strong></span> <span class='ocrx_word' id='word_1_195' title='bbox 3405 1369 3575 1433; x_wconf 75' lang='grc' dir='ltr'><strong>αὖθις</strong></span> <span class='ocrx_word' id='word_1_196' title='bbox 3616 1370 3758 1438; x_wconf 86' lang='grc' dir='ltr'><strong>λέγω</strong></span> <span class='ocrx_word' id='word_1_197' title='bbox 3787 1387 3876 1434; x_wconf 79' lang='grc' dir='ltr'><strong>σοι,</strong></span> 
     </span>
    </p>
   </div>
   <div class='ocr_carea' id='block_1_29' title="bbox 2306 1457 3876 1530">
    <p class='ocr_par' dir='ltr' id='par_1_29' title="bbox 2306 1457 3876 1530">
     <span class='ocr_line' id='line_1_29' title="bbox 2306 1457 3876 1530; baseline 0.002 -20"><span class='ocrx_word' id='word_1_198' title='bbox 2306 1457 2388 1510; x_wconf 80' lang='grc' dir='ltr'><strong>ὅτι</strong></span> <span class='ocrx_word' id='word_1_199' title='bbox 2418 1459 2446 1509; x_wconf 99' lang='lat'><strong>6</strong></span> <span class='ocrx_word' id='word_1_200' title='bbox 2489 1457 2685 1524; x_wconf 78' lang='grc' dir='ltr'><strong>ἄλογον</strong></span> <span class='ocrx_word' id='word_1_201' title='bbox 2713 1457 2848 1510; x_wconf 84' lang='grc' dir='ltr'><strong>Θεὸν</strong></span> <span class='ocrx_word' id='word_1_202' title='bbox 2884 1458 3230 1530; x_wconf 75' lang='grc' dir='ltr'><strong>δογματίζων</strong></span> <span class='ocrx_word' id='word_1_203' title='bbox 3252 1503 3267 1528; x_wconf 93' lang='grc'><strong>,</strong></span> <span class='ocrx_word' id='word_1_204' title='bbox 3320 1464 3416 1516; x_wconf 72' lang='grc' dir='ltr'><strong>καὶ</strong></span> <span class='ocrx_word' id='word_1_205' title='bbox 3448 1461 3690 1529; x_wconf 80' lang='grc' dir='ltr'><strong>ἁπλοῦν,</strong></span> <span class='ocrx_word' id='word_1_206' title='bbox 3737 1463 3876 1514; x_wconf 74' lang='grc' dir='ltr'><strong>εὗσε-</strong></span> 
     </span>
    </p>
   </div>
   <div class='ocr_carea' id='block_1_30' title="bbox 2308 1549 3878 1626">
    <p class='ocr_par' dir='ltr' id='par_1_30' title="bbox 2308 1549 3878 1626">
     <span class='ocr_line' id='line_1_30' title="bbox 2308 1549 3878 1626; baseline 0.004 -25"><span class='ocrx_word' id='word_1_207' title='bbox 2308 1549 2458 1612; x_wconf 78' lang='grc' dir='ltr'><strong>6εέας</strong></span> <span class='ocrx_word' id='word_1_208' title='bbox 2483 1550 2629 1602; x_wconf 67' lang='grc' dir='ltr'><strong>ἐστὶν</strong></span> <span class='ocrx_word' id='word_1_209' title='bbox 2668 1553 2760 1602; x_wconf 76' lang='grc' dir='ltr'><strong>καὶ</strong></span> <span class='ocrx_word' id='word_1_210' title='bbox 2793 1549 3043 1616; x_wconf 86' lang='grc' dir='ltr'><strong>γνώσεως</strong></span> <span class='ocrx_word' id='word_1_211' title='bbox 3080 1554 3330 1626; x_wconf 80' lang='grc' dir='ltr'><strong>ἄμοιρος,</strong></span> <span class='ocrx_word' id='word_1_212' title='bbox 3357 1556 3552 1620; x_wconf 76' lang='grc' dir='ltr'><strong>καθὼς</strong></span> <span class='ocrx_word' id='word_1_213' title='bbox 3584 1558 3682 1610; x_wconf 79' lang='grc' dir='ltr'><strong>καὶ</strong></span> <span class='ocrx_word' id='word_1_214' title='bbox 3721 1554 3878 1620; x_wconf 76' lang='grc' dir='ltr'><strong>ἐδειξὲ</strong></span> 
     </span>
    </p>
   </div>
   <div class='ocr_carea' id='block_1_31' title="bbox 2311 1643 2710 1713">
    <p class='ocr_par' dir='ltr' id='par_1_31' title="bbox 2311 1643 2710 1713">
     <span class='ocr_line' id='line_1_31' title="bbox 2311 1643 2710 1713; baseline 0.003 -19"><span class='ocrx_word' id='word_1_215' title='bbox 2311 1659 2395 1695; x_wconf 88' lang='grc' dir='ltr'><strong>σοι</strong></span> <span class='ocrx_word' id='word_1_216' title='bbox 2432 1643 2492 1708; x_wconf 80' lang='grc' dir='ltr'><strong>ἐξ</strong></span> <span class='ocrx_word' id='word_1_217' title='bbox 2515 1643 2710 1713; x_wconf 77' lang='grc' dir='ltr'><strong>ἀρχῆς.</strong></span> 
     </span>
    </p>
   </div>
   <div class='ocr_carea' id='block_1_32' title="bbox 693 1915 2206 1992">
    <p class='ocr_par' dir='ltr' id='par_1_32' title="bbox 693 1915 2206 1987">
     <span class='ocr_line' id='line_1_32' title="bbox 693 1915 2206 1987; baseline 0.003 -19"><span class='ocrx_word' id='word_1_218' title='bbox 693 1916 902 1969; x_wconf 76' lang='lat' dir='ltr'><strong>llursus</strong></span> <span class='ocrx_word' id='word_1_219' title='bbox 928 1931 1056 1969; x_wconf 89' lang='lat' dir='ltr'><strong>vero</strong></span> <span class='ocrx_word' id='word_1_220' title='bbox 1111 1924 1161 1969; x_wconf 91' lang='lat' dir='ltr'><strong>te</strong></span> <span class='ocrx_word' id='word_1_221' title='bbox 1217 1915 1568 1980; x_wconf 73' lang='lat' dir='ltr'><strong>interrogabo</strong></span> <span class='ocrx_word' id='word_1_222' title='bbox 1618 1915 1684 1968; x_wconf 88' lang='lat' dir='ltr'><strong>de</strong></span> <span class='ocrx_word' id='word_1_223' title='bbox 1720 1917 1909 1987; x_wconf 79' lang='lat' dir='ltr'><strong>viginti</strong></span> <span class='ocrx_word' id='word_1_224' title='bbox 1969 1929 2206 1987; x_wconf 89' lang='lat' dir='ltr'><strong>quatuor</strong></span> 
     </span>
    </p>
   </div>
   <div class='ocr_carea' id='block_1_33' title="bbox 2307 1915 3874 1992">
    <p class='ocr_par' dir='ltr' id='par_1_33' title="bbox 2381 1917 3874 1992">
     <span class='ocr_line' id='line_1_33' title="bbox 2381 1917 3874 1992; baseline 0.003 -23"><span class='ocrx_word' id='word_1_225' title='bbox 2381 1917 2549 1972; x_wconf 85' lang='grc' dir='ltr'><strong>Πάλιν</strong></span> <span class='ocrx_word' id='word_1_226' title='bbox 2574 1917 2632 1971; x_wconf 83' lang='grc' dir='ltr'><strong>δὲ</strong></span> <span class='ocrx_word' id='word_1_227' title='bbox 2662 1919 2854 1988; x_wconf 86' lang='grc' dir='ltr'><strong>ἐρωτῶ</strong></span> <span class='ocrx_word' id='word_1_228' title='bbox 2891 1935 2950 1971; x_wconf 88' lang='grc' dir='ltr'><strong>σε</strong></span> <span class='ocrx_word' id='word_1_229' title='bbox 2996 1917 3127 1989; x_wconf 71' lang='grc' dir='ltr'><strong>περὶ</strong></span> <span class='ocrx_word' id='word_1_230' title='bbox 3165 1919 3275 1972; x_wconf 87' lang='grc' dir='ltr'><strong>τῶν</strong></span> <span class='ocrx_word' id='word_1_231' title='bbox 3309 1920 3778 1992; x_wconf 73' lang='grc' dir='ltr'><strong>εἰκοσιτεσσάρων</strong></span> <span class='ocrx_word' id='word_1_232' title='bbox 3804 1941 3874 1992; x_wconf 77' lang='grc' dir='ltr'><strong>χι-</strong></span> 
     </span>
    </p>
   </div>
   <div class='ocr_carea' id='block_1_34' title="bbox 623 2009 2209 2079">
    <p class='ocr_par' dir='ltr' id='par_1_34' title="bbox 623 2009 2209 2079">
     <span class='ocr_line' id='line_1_34' title="bbox 623 2009 2209 2079; baseline 0 -17"><span class='ocrx_word' id='word_1_233' title='bbox 623 2009 963 2079; x_wconf 80' lang='lat' dir='ltr'><strong>myriadibus</strong></span> <span class='ocrx_word' id='word_1_234' title='bbox 993 2010 1383 2078; x_wconf 85' lang='lat' dir='ltr'><strong>prophetarum</strong></span> <span class='ocrx_word' id='word_1_235' title='bbox 1415 2021 1550 2076; x_wconf 84' lang='lat' dir='ltr'><strong>quos</strong></span> <span class='ocrx_word' id='word_1_236' title='bbox 1576 2009 1788 2076; x_wconf 81' lang='lat' dir='ltr'><strong>jactare</strong></span> <span class='ocrx_word' id='word_1_237' title='bbox 1817 2011 1981 2074; x_wconf 82' lang='lat' dir='ltr'><strong>soles,</strong></span> <span class='ocrx_word' id='word_1_238' title='bbox 2014 2021 2072 2065; x_wconf 91' lang='lat' dir='ltr'><strong>ut</strong></span> <span class='ocrx_word' id='word_1_239' title='bbox 2121 2028 2209 2065; x_wconf 86' lang='lat' dir='ltr'><strong>eo-</strong></span> 
     </span>
    </p>
   </div>
   <div class='ocr_carea' id='block_1_35' title="bbox 623 2100 2203 2168">
    <p class='ocr_par' dir='ltr' id='par_1_35' title="bbox 623 2100 2203 2168">
     <span class='ocr_line' id='line_1_35' title="bbox 623 2100 2203 2168; baseline 0 -14"><span class='ocrx_word' id='word_1_240' title='bbox 623 2116 744 2154; x_wconf 89' lang='lat' dir='ltr'><strong>rum</strong></span> <span class='ocrx_word' id='word_1_241' title='bbox 767 2100 985 2153; x_wconf 90' lang='lat' dir='ltr'><strong>nomina</strong></span> <span class='ocrx_word' id='word_1_242' title='bbox 1021 2102 1246 2163; x_wconf 77' lang='lat' dir='ltr'><strong>releras,</strong></span> <span class='ocrx_word' id='word_1_243' title='bbox 1282 2111 1335 2151; x_wconf 90' lang='lat' dir='ltr'><strong>et</strong></span> <span class='ocrx_word' id='word_1_244' title='bbox 1364 2100 1496 2167; x_wconf 84' lang='lat' dir='ltr'><strong>quid</strong></span> <span class='ocrx_word' id='word_1_245' title='bbox 1519 2101 1712 2168; x_wconf 87' lang='lat' dir='ltr'><strong>singuli</strong></span> <span class='ocrx_word' id='word_1_246' title='bbox 1747 2103 2026 2156; x_wconf 81' lang='lat' dir='ltr'><strong>vaticinati</strong></span> <span class='ocrx_word' id='word_1_247' title='bbox 2054 2115 2203 2167; x_wconf 92' lang='lat' dir='ltr'><strong>sunt,</strong></span> 
     </span>
    </p>
   </div>
   <div class='ocr_carea' id='block_1_36' title="bbox 625 2192 2208 2265">
    <p class='ocr_par' dir='ltr' id='par_1_36' title="bbox 625 2192 2208 2265">
     <span class='ocr_line' id='line_1_36' title="bbox 625 2192 2208 2265; baseline 0.006 -25"><span class='ocrx_word' id='word_1_248' title='bbox 625 2208 731 2262; x_wconf 84' lang='lat' dir='ltr'><strong>quo</strong></span> <span class='ocrx_word' id='word_1_249' title='bbox 785 2193 1046 2244; x_wconf 89' lang='lat' dir='ltr'><strong>miraculo</strong></span> <span class='ocrx_word' id='word_1_250' title='bbox 1102 2192 1490 2255; x_wconf 88' lang='lat' dir='ltr'><strong>inclaruerint,</strong></span> <span class='ocrx_word' id='word_1_251' title='bbox 1548 2207 1656 2261; x_wconf 88' lang='lat' dir='ltr'><strong>quo</strong></span> <span class='ocrx_word' id='word_1_252' title='bbox 1716 2203 1982 2263; x_wconf 83' lang='lat' dir='ltr'><strong>tempore,</strong></span> <span class='ocrx_word' id='word_1_253' title='bbox 2031 2213 2208 2265; x_wconf 91' lang='lat' dir='ltr'><strong>quove</strong></span> 
     </span>
    </p>
   </div>
   <div class='ocr_carea' id='block_1_37' title="bbox 622 2283 2205 2356">
    <p class='ocr_par' dir='ltr' id='par_1_37' title="bbox 622 2283 2205 2356">
     <span class='ocr_line' id='line_1_37' title="bbox 622 2283 2205 2356; baseline 0.003 -19"><span class='ocrx_word' id='word_1_254' title='bbox 622 2286 722 2337; x_wconf 85' lang='lat' dir='ltr'><strong>sub</strong></span> <span class='ocrx_word' id='word_1_255' title='bbox 753 2284 982 2351; x_wconf 91' lang='lat' dir='ltr'><strong>imperio</strong></span> <span class='ocrx_word' id='word_1_256' title='bbox 1020 2285 1357 2337; x_wconf 75' lang='lat' dir='ltr'><strong>exstiterint.</strong></span> <span class='ocrx_word' id='word_1_257' title='bbox 1391 2283 1562 2338; x_wconf 86' lang='lat' dir='ltr'><strong>Totus</strong></span> <span class='ocrx_word' id='word_1_258' title='bbox 1607 2285 1759 2338; x_wconf 87' lang='lat' dir='ltr'><strong>orbis</strong></span> <span class='ocrx_word' id='word_1_259' title='bbox 1815 2297 2031 2342; x_wconf 87' lang='lat' dir='ltr'><strong>constat</strong></span> <span class='ocrx_word' id='word_1_260' title='bbox 2082 2303 2205 2356; x_wconf 86' lang='lat' dir='ltr'><strong>sep-</strong></span> 
     </span>
    </p>
   </div>
   <div class='ocr_carea' id='block_1_38' title="bbox 625 2374 2207 2450">
    <p class='ocr_par' dir='ltr' id='par_1_38' title="bbox 625 2374 2207 2450">
     <span class='ocr_line' id='line_1_38' title="bbox 625 2374 2207 2450; baseline 0.006 -23"><span class='ocrx_word' id='word_1_261' title='bbox 625 2375 870 2444; x_wconf 85' lang='lat' dir='ltr'><strong>tuaginta</strong></span> <span class='ocrx_word' id='word_1_262' title='bbox 915 2374 1123 2428; x_wconf 87' lang='lat' dir='ltr'><strong>duabus</strong></span> <span class='ocrx_word' id='word_1_263' title='bbox 1158 2376 1375 2444; x_wconf 84' lang='lat' dir='ltr'><strong>linguis,</strong></span> <span class='ocrx_word' id='word_1_264' title='bbox 1407 2387 1464 2429; x_wconf 88' lang='lat' dir='ltr'><strong>ut</strong></span> <span class='ocrx_word' id='word_1_265' title='bbox 1494 2389 1681 2430; x_wconf 87' lang='lat' dir='ltr'><strong>notum</strong></span> <span class='ocrx_word' id='word_1_266' title='bbox 1724 2391 1830 2434; x_wconf 85' lang='lat' dir='ltr'><strong>eSt.</strong></span> <span class='ocrx_word' id='word_1_267' title='bbox 1886 2378 1951 2432; x_wconf 88' lang='lat' dir='ltr'><strong>Et</strong></span> <span class='ocrx_word' id='word_1_268' title='bbox 1977 2381 2020 2433; x_wconf 88' lang='lat' dir='ltr'><strong>si</strong></span> <span class='ocrx_word' id='word_1_269' title='bbox 2050 2393 2207 2450; x_wconf 89' lang='lat' dir='ltr'><strong>potes</strong></span> 
     </span>
    </p>
   </div>
   <div class='ocr_carea' id='block_1_39' title="bbox 623 2469 2212 2538">
    <p class='ocr_par' dir='ltr' id='par_1_39' title="bbox 623 2469 2212 2538">
     <span class='ocr_line' id='line_1_39' title="bbox 623 2469 2212 2538; baseline 0.004 -17"><span class='ocrx_word' id='word_1_270' title='bbox 623 2482 931 2522; x_wconf 88' lang='lat' dir='ltr'><strong>memorare</strong></span> <span class='ocrx_word' id='word_1_271' title='bbox 957 2477 1077 2522; x_wconf 89' lang='lat' dir='ltr'><strong>tuos</strong></span> <span class='ocrx_word' id='word_1_272' title='bbox 1105 2469 1400 2538; x_wconf 84' lang='lat' dir='ltr'><strong>prophetas</strong></span> <span class='ocrx_word' id='word_1_273' title='bbox 1430 2471 1727 2523; x_wconf 90' lang='lat' dir='ltr'><strong>secundum</strong></span> <span class='ocrx_word' id='word_1_274' title='bbox 1774 2487 2058 2526; x_wconf 79' lang='lat' dir='ltr'><strong>ltlllllel&#39;lllll</strong></span> <span class='ocrx_word' id='word_1_275' title='bbox 2106 2474 2212 2527; x_wconf 86' lang='lat' dir='ltr'><strong>liti-</strong></span> 
     </span>
    </p>
   </div>
   <div class='ocr_carea' id='block_1_40' title="bbox 621 2560 2210 2628">
    <p class='ocr_par' dir='ltr' id='par_1_40' title="bbox 621 2560 2210 2628">
     <span class='ocr_line' id='line_1_40' title="bbox 621 2560 2210 2628; baseline 0.004 -16"><span class='ocrx_word' id='word_1_276' title='bbox 621 2575 855 2628; x_wconf 85' lang='lat' dir='ltr'><strong>gnarum</strong></span> <span class='ocrx_word' id='word_1_277' title='bbox 889 2560 1054 2615; x_wconf 88' lang='lat' dir='ltr'><strong>totius</strong></span> <span class='ocrx_word' id='word_1_278' title='bbox 1101 2562 1275 2623; x_wconf 88' lang='lat' dir='ltr'><strong>orbis,</strong></span> <span class='ocrx_word' id='word_1_279' title='bbox 1313 2563 1472 2615; x_wconf 77' lang='lat' dir='ltr'><strong>fidem</strong></span> <span class='ocrx_word' id='word_1_280' title='bbox 1505 2563 1600 2615; x_wconf 90' lang='lat' dir='ltr'><strong>tibi</strong></span> <span class='ocrx_word' id='word_1_281' title='bbox 1659 2564 2004 2618; x_wconf 84' lang='lat' dir='ltr'><strong>habebimus.</strong></span> <span class='ocrx_word' id='word_1_282' title='bbox 2055 2565 2210 2621; x_wconf 84' lang='lat' dir='ltr'><strong>Nunc</strong></span> 
     </span>
    </p>
   </div>
   <div class='ocr_carea' id='block_1_41' title="bbox 621 2655 2208 2725">
    <p class='ocr_par' dir='ltr' id='par_1_41' title="bbox 621 2655 2208 2725">
     <span class='ocr_line' id='line_1_41' title="bbox 621 2655 2208 2725; baseline 0.005 -20"><span class='ocrx_word' id='word_1_283' title='bbox 621 2667 844 2707; x_wconf 91' lang='lat' dir='ltr'><strong>verone</strong></span> <span class='ocrx_word' id='word_1_284' title='bbox 873 2655 1090 2722; x_wconf 82' lang='lat' dir='ltr'><strong>quidem</strong></span> <span class='ocrx_word' id='word_1_285' title='bbox 1124 2666 1340 2708; x_wconf 85' lang='lat' dir='ltr'><strong>centum</strong></span> <span class='ocrx_word' id='word_1_286' title='bbox 1367 2656 1760 2723; x_wconf 85' lang='lat' dir='ltr'><strong>prophetarum</strong></span> <span class='ocrx_word' id='word_1_287' title='bbox 1800 2658 2021 2711; x_wconf 86' lang='lat' dir='ltr'><strong>nomina</strong></span> <span class='ocrx_word' id='word_1_288' title='bbox 2053 2669 2208 2725; x_wconf 86' lang='lat' dir='ltr'><strong>potes</strong></span> 
     </span>
    </p>
   </div>
   <div class='ocr_carea' id='block_1_42' title="bbox 623 2742 2205 2818">
    <p class='ocr_par' dir='ltr' id='par_1_42' title="bbox 623 2742 2205 2818">
     <span class='ocr_line' id='line_1_42' title="bbox 623 2742 2205 2818; baseline 0.004 -20"><span class='ocrx_word' id='word_1_289' title='bbox 623 2742 852 2798; x_wconf 75' lang='lat' dir='ltr'><strong>referre.</strong></span> <span class='ocrx_word' id='word_1_290' title='bbox 883 2746 1020 2799; x_wconf 81' lang='lat' dir='ltr'><strong>Audi</strong></span> <span class='ocrx_word' id='word_1_291' title='bbox 1058 2747 1256 2816; x_wconf 86' lang='lat' dir='ltr'><strong>quippe</strong></span> <span class='ocrx_word' id='word_1_292' title='bbox 1291 2761 1322 2800; x_wconf 90' lang='lat' dir='ltr'><strong>a</strong></span> <span class='ocrx_word' id='word_1_293' title='bbox 1349 2761 1433 2801; x_wconf 91' lang='lat' dir='ltr'><strong>me</strong></span> <span class='ocrx_word' id='word_1_294' title='bbox 1476 2747 1754 2801; x_wconf 83' lang='lat' dir='ltr'><strong>Edesseno</strong></span> <span class='ocrx_word' id='word_1_295' title='bbox 1778 2764 1890 2802; x_wconf 87' lang='lat' dir='ltr'><strong>rem</strong></span> <span class='ocrx_word' id='word_1_296' title='bbox 1919 2765 2079 2818; x_wconf 83' lang='lat' dir='ltr'><strong>quam</strong></span> <span class='ocrx_word' id='word_1_297' title='bbox 2113 2751 2205 2805; x_wconf 86' lang='lat' dir='ltr'><strong>tibi</strong></span> 
     </span>
    </p>
   </div>
   <div class='ocr_carea' id='block_1_43' title="bbox 622 2835 2208 2911">
    <p class='ocr_par' dir='ltr' id='par_1_43' title="bbox 622 2835 2208 2911">
     <span class='ocr_line' id='line_1_43' title="bbox 622 2835 2208 2911; baseline 0.005 -21"><span class='ocrx_word' id='word_1_298' title='bbox 622 2836 880 2890; x_wconf 85' lang='lat' dir='ltr'><strong>narrabo.</strong></span> <span class='ocrx_word' id='word_1_299' title='bbox 905 2837 1244 2905; x_wconf 83' lang='lat' dir='ltr'><strong>Diequodam</strong></span> <span class='ocrx_word' id='word_1_300' title='bbox 1283 2835 1577 2892; x_wconf 85' lang='lat' dir='ltr'><strong>Zecchetes</strong></span> <span class='ocrx_word' id='word_1_301' title='bbox 1603 2856 1697 2892; x_wconf 89' lang='lat' dir='ltr'><strong>seu</strong></span> <span class='ocrx_word' id='word_1_302' title='bbox 1730 2841 2015 2911; x_wconf 87' lang='lat' dir='ltr'><strong>religiosus</strong></span> <span class='ocrx_word' id='word_1_303' title='bbox 2053 2845 2208 2911; x_wconf 86' lang='lat' dir='ltr'><strong>quie-</strong></span> 
     </span>
    </p>
   </div>
   <div class='ocr_carea' id='block_1_44' title="bbox 623 2927 2206 3000">
    <p class='ocr_par' dir='ltr' id='par_1_44' title="bbox 623 2927 2206 3000">
     <span class='ocr_line' id='line_1_44' title="bbox 623 2927 2206 3000; baseline 0.006 -22"><span class='ocrx_word' id='word_1_304' title='bbox 623 2939 805 2990; x_wconf 89' lang='lat' dir='ltr'><strong>scens,</strong></span> <span class='ocrx_word' id='word_1_305' title='bbox 839 2927 1072 2980; x_wconf 86' lang='lat' dir='ltr'><strong>accessit</strong></span> <span class='ocrx_word' id='word_1_306' title='bbox 1119 2927 1198 2980; x_wconf 91' lang='lat' dir='ltr'><strong>ad-</strong></span> <span class='ocrx_word' id='word_1_307' title='bbox 1221 2929 1511 2996; x_wconf 70' lang='lat' dir='ltr'><strong>Quemtiatn</strong></span> <span class='ocrx_word' id='word_1_308' title='bbox 1541 2928 1936 2998; x_wconf 85' lang='lat' dir='ltr'><strong>Calepitarnm,</strong></span> <span class='ocrx_word' id='word_1_309' title='bbox 1961 2948 2054 3000; x_wconf 86' lang='lat' dir='ltr'><strong>spe</strong></span> <span class='ocrx_word' id='word_1_310' title='bbox 2094 2933 2206 2987; x_wconf 86' lang='lat' dir='ltr'><strong>fre-</strong></span> 
     </span>
    </p>
   </div>
   <div class='ocr_carea' id='block_1_45' title="bbox 627 3019 2206 3092">
    <p class='ocr_par' dir='ltr' id='par_1_45' title="bbox 627 3019 2206 3092">
     <span class='ocr_line' id='line_1_45' title="bbox 627 3019 2206 3092; baseline 0.006 -22"><span class='ocrx_word' id='word_1_311' title='bbox 627 3026 712 3071; x_wconf 90' lang='lat' dir='ltr'><strong>tus</strong></span> <span class='ocrx_word' id='word_1_312' title='bbox 741 3020 882 3086; x_wconf 85' lang='lat' dir='ltr'><strong>quod</strong></span> <span class='ocrx_word' id='word_1_313' title='bbox 907 3019 977 3072; x_wconf 89' lang='lat' dir='ltr'><strong>ab</strong></span> <span class='ocrx_word' id='word_1_314' title='bbox 1008 3019 1100 3072; x_wconf 91' lang='lat' dir='ltr'><strong>illo</strong></span> <span class='ocrx_word' id='word_1_315' title='bbox 1133 3035 1316 3086; x_wconf 79' lang='lat' dir='ltr'><strong>rogaui</strong></span> <span class='ocrx_word' id='word_1_316' title='bbox 1349 3036 1443 3074; x_wconf 91' lang='lat' dir='ltr'><strong>seu</strong></span> <span class='ocrx_word' id='word_1_317' title='bbox 1475 3021 1882 3092; x_wconf 71' lang='lat' dir='ltr'><strong>eleemosynam</strong></span> <span class='ocrx_word' id='word_1_318' title='bbox 1933 3035 2081 3079; x_wconf 84' lang='lat' dir='ltr'><strong>esset</strong></span> <span class='ocrx_word' id='word_1_319' title='bbox 2109 3041 2206 3080; x_wconf 86' lang='lat' dir='ltr'><strong>ac-</strong></span> 
     </span>
    </p>
   </div>
   <div class='ocr_carea' id='block_1_46' title="bbox 623 3108 2206 3185">
    <p class='ocr_par' dir='ltr' id='par_1_46' title="bbox 623 3108 2206 3185">
     <span class='ocr_line' id='line_1_46' title="bbox 623 3108 2206 3185; baseline 0.006 -23"><span class='ocrx_word' id='word_1_320' title='bbox 623 3119 903 3178; x_wconf 79' lang='lat' dir='ltr'><strong>cepturus.</strong></span> <span class='ocrx_word' id='word_1_321' title='bbox 931 3108 1076 3164; x_wconf 90' lang='lat' dir='ltr'><strong>Petit</strong></span> <span class='ocrx_word' id='word_1_322' title='bbox 1102 3126 1232 3182; x_wconf 80' lang='lat' dir='ltr'><strong>ergo</strong></span> <span class='ocrx_word' id='word_1_323' title='bbox 1257 3120 1315 3165; x_wconf 90' lang='lat' dir='ltr'><strong>ut</strong></span> <span class='ocrx_word' id='word_1_324' title='bbox 1344 3128 1451 3182; x_wconf 88' lang='lat' dir='ltr'><strong>quo</strong></span> <span class='ocrx_word' id='word_1_325' title='bbox 1489 3127 1618 3183; x_wconf 87' lang='lat' dir='ltr'><strong>erga</strong></span> <span class='ocrx_word' id='word_1_326' title='bbox 1647 3116 1812 3170; x_wconf 88' lang='lat' dir='ltr'><strong>Deum</strong></span> <span class='ocrx_word' id='word_1_327' title='bbox 1837 3126 1890 3170; x_wconf 90' lang='lat' dir='ltr'><strong>et</strong></span> <span class='ocrx_word' id='word_1_328' title='bbox 1909 3118 2206 3185; x_wconf 85' lang='lat' dir='ltr'><strong>prophetas</strong></span> 
     </span>
    </p>
   </div>
   <div class='ocr_carea' id='block_1_47' title="bbox 627 3202 2204 3278">
    <p class='ocr_par' dir='ltr' id='par_1_47' title="bbox 627 3202 2204 3278">
     <span class='ocr_line' id='line_1_47' title="bbox 627 3202 2204 3278; baseline 0.005 -25"><span class='ocrx_word' id='word_1_329' title='bbox 627 3217 816 3257; x_wconf 85' lang='lat' dir='ltr'><strong>amore</strong></span> <span class='ocrx_word' id='word_1_330' title='bbox 851 3202 1146 3268; x_wconf 81' lang='lat' dir='ltr'><strong>ferebatur,</strong></span> <span class='ocrx_word' id='word_1_331' title='bbox 1197 3203 1358 3258; x_wconf 85' lang='lat' dir='ltr'><strong>vellet</strong></span> <span class='ocrx_word' id='word_1_332' title='bbox 1399 3204 1469 3258; x_wconf 94' lang='lat' dir='ltr'><strong>illi</strong></span> <span class='ocrx_word' id='word_1_333' title='bbox 1508 3222 1787 3260; x_wconf 90' lang='lat' dir='ltr'><strong>nummum</strong></span> <span class='ocrx_word' id='word_1_334' title='bbox 1854 3222 2081 3278; x_wconf 84' lang='lat' dir='ltr'><strong>erogare</strong></span> <span class='ocrx_word' id='word_1_335' title='bbox 2139 3209 2204 3262; x_wconf 90' lang='lat' dir='ltr'><strong>ad</strong></span> 
     </span>
    </p>
   </div>
   <div class='ocr_carea' id='block_1_48' title="bbox 625 3293 2203 3367">
    <p class='ocr_par' dir='ltr' id='par_1_48' title="bbox 625 3293 2203 3367">
     <span class='ocr_line' id='line_1_48' title="bbox 625 3293 2203 3367; baseline 0.004 -19"><span class='ocrx_word' id='word_1_336' title='bbox 625 3293 836 3362; x_wconf 86' lang='lat' dir='ltr'><strong>singula</strong></span> <span class='ocrx_word' id='word_1_337' title='bbox 882 3308 1003 3362; x_wconf 73' lang='lat' dir='ltr'><strong>quae</strong></span> <span class='ocrx_word' id='word_1_338' title='bbox 1062 3305 1462 3350; x_wconf 80' lang='lat' dir='ltr'><strong>memoraretur</strong></span> <span class='ocrx_word' id='word_1_339' title='bbox 1531 3299 1914 3367; x_wconf 85' lang='lat' dir='ltr'><strong>prephetarum</strong></span> <span class='ocrx_word' id='word_1_340' title='bbox 1963 3301 2203 3356; x_wconf 88' lang='lat' dir='ltr'><strong>nomina.</strong></span> 
     </span>
    </p>
   </div>
   <div class='ocr_carea' id='block_1_49' title="bbox 628 3386 2206 3458">
    <p class='ocr_par' dir='ltr' id='par_1_49' title="bbox 628 3386 2206 3458">
     <span class='ocr_line' id='line_1_49' title="bbox 628 3386 2206 3458; baseline 0.004 -18"><span class='ocrx_word' id='word_1_341' title='bbox 628 3386 781 3440; x_wconf 81' lang='lat' dir='ltr'><strong>Sedit</strong></span> <span class='ocrx_word' id='word_1_342' title='bbox 809 3400 937 3439; x_wconf 90' lang='lat' dir='ltr'><strong>vero</strong></span> <span class='ocrx_word' id='word_1_343' title='bbox 987 3386 1060 3438; x_wconf 90' lang='lat' dir='ltr'><strong>illi</strong></span> <span class='ocrx_word' id='word_1_344' title='bbox 1119 3389 1366 3455; x_wconf 82' lang='lat' dir='ltr'><strong>petitioni</strong></span> <span class='ocrx_word' id='word_1_345' title='bbox 1419 3389 1917 3458; x_wconf 85' lang='lat' dir='ltr'><strong>obtemperaturus.</strong></span> <span class='ocrx_word' id='word_1_346' title='bbox 1977 3392 2040 3446; x_wconf 80' lang='lat' dir='ltr'><strong>Et</strong></span> <span class='ocrx_word' id='word_1_347' title='bbox 2085 3409 2206 3447; x_wconf 92' lang='lat' dir='ltr'><strong>cum</strong></span> 
     </span>
    </p>
   </div>
   <div class='ocr_carea' id='block_1_50' title="bbox 626 3479 2206 3554">
    <p class='ocr_par' dir='ltr' id='par_1_50' title="bbox 626 3479 2206 3554">
     <span class='ocr_line' id='line_1_50' title="bbox 626 3479 2206 3554; baseline 0.004 -22"><span class='ocrx_word' id='word_1_348' title='bbox 626 3493 812 3533; x_wconf 76' lang='lat' dir='ltr'><strong>coram</strong></span> <span class='ocrx_word' id='word_1_349' title='bbox 855 3495 914 3532; x_wconf 89' lang='lat' dir='ltr'><strong>se</strong></span> <span class='ocrx_word' id='word_1_350' title='bbox 947 3479 1267 3532; x_wconf 83' lang='lat' dir='ltr'><strong>collocasset</strong></span> <span class='ocrx_word' id='word_1_351' title='bbox 1305 3495 1553 3548; x_wconf 87' lang='lat' dir='ltr'><strong>magnam</strong></span> <span class='ocrx_word' id='word_1_352' title='bbox 1589 3499 1942 3537; x_wconf 86' lang='lat' dir='ltr'><strong>nummorum</strong></span> <span class='ocrx_word' id='word_1_353' title='bbox 1973 3489 2206 3554; x_wconf 82' lang='lat' dir='ltr'><strong>cepiam,</strong></span> 
     </span>
    </p>
   </div>
   <div class='ocr_carea' id='block_1_51' title="bbox 629 3569 2208 3642">
    <p class='ocr_par' dir='ltr' id='par_1_51' title="bbox 629 3569 2208 3642">
     <span class='ocr_line' id='line_1_51' title="bbox 629 3569 2208 3642; baseline 0.004 -20"><span class='ocrx_word' id='word_1_354' title='bbox 629 3569 1033 3638; x_wconf 75' lang='lat' dir='ltr'><strong>clllagitavitab</strong></span> <span class='ocrx_word' id='word_1_355' title='bbox 1069 3571 1178 3633; x_wconf 91' lang='lat' dir='ltr'><strong>illo,</strong></span> <span class='ocrx_word' id='word_1_356' title='bbox 1215 3581 1272 3622; x_wconf 91' lang='lat' dir='ltr'><strong>ut</strong></span> <span class='ocrx_word' id='word_1_357' title='bbox 1305 3571 1514 3638; x_wconf 81' lang='lat' dir='ltr'><strong>singula</strong></span> <span class='ocrx_word' id='word_1_358' title='bbox 1545 3571 1943 3642; x_wconf 82' lang='lat' dir='ltr'><strong>Prophetarum</strong></span> <span class='ocrx_word' id='word_1_359' title='bbox 1989 3577 2208 3628; x_wconf 86' lang='lat' dir='ltr'><strong>nomina</strong></span> 
     </span>
    </p>
   </div>
   <div class='ocr_carea' id='block_1_52' title="bbox 630 3660 2208 3730">
    <p class='ocr_par' dir='ltr' id='par_1_52' title="bbox 630 3660 2208 3730">
     <span class='ocr_line' id='line_1_52' title="bbox 630 3660 2208 3730; baseline 0.001 -17"><span class='ocrx_word' id='word_1_360' title='bbox 630 3671 960 3724; x_wconf 82' lang='lat' dir='ltr'><strong>recenseret,</strong></span> <span class='ocrx_word' id='word_1_361' title='bbox 995 3663 1058 3712; x_wconf 91' lang='lat' dir='ltr'><strong>ad</strong></span> <span class='ocrx_word' id='word_1_362' title='bbox 1092 3660 1368 3728; x_wconf 83' lang='lat' dir='ltr'><strong>quodlibet</strong></span> <span class='ocrx_word' id='word_1_363' title='bbox 1392 3663 1672 3730; x_wconf 70' lang='lat' dir='ltr'><strong>pmphetze</strong></span> <span class='ocrx_word' id='word_1_364' title='bbox 1699 3678 1896 3718; x_wconf 84' lang='lat' dir='ltr'><strong>n0nieu</strong></span> <span class='ocrx_word' id='word_1_365' title='bbox 1928 3679 2208 3718; x_wconf 87' lang='lat' dir='ltr'><strong>nummum</strong></span> 
     </span>
    </p>
   </div>
   <div class='ocr_carea' id='block_1_53' title="bbox 626 3751 2204 3826">
    <p class='ocr_par' dir='ltr' id='par_1_53' title="bbox 626 3751 2204 3826">
     <span class='ocr_line' id='line_1_53' title="bbox 626 3751 2204 3826; baseline 0.004 -21"><span class='ocrx_word' id='word_1_366' title='bbox 626 3761 966 3819; x_wconf 86' lang='lat' dir='ltr'><strong>accepturus.</strong></span> <span class='ocrx_word' id='word_1_367' title='bbox 986 3751 1120 3804; x_wconf 88' lang='lat' dir='ltr'><strong>Cum</strong></span> <span class='ocrx_word' id='word_1_368' title='bbox 1138 3751 1385 3818; x_wconf 81' lang='lat' dir='ltr'><strong>verojam</strong></span> <span class='ocrx_word' id='word_1_369' title='bbox 1407 3754 1669 3821; x_wconf 89' lang='lat' dir='ltr'><strong>quosdam</strong></span> <span class='ocrx_word' id='word_1_370' title='bbox 1697 3770 1948 3808; x_wconf 89' lang='lat' dir='ltr'><strong>nummos</strong></span> <span class='ocrx_word' id='word_1_371' title='bbox 1963 3758 2204 3826; x_wconf 75' lang='lat' dir='ltr'><strong>accepis-</strong></span> 
     </span>
    </p>
   </div>
   <div class='ocr_carea' id='block_1_54' title="bbox 626 3843 2209 3915">
    <p class='ocr_par' dir='ltr' id='par_1_54' title="bbox 626 3843 2209 3915">
     <span class='ocr_line' id='line_1_54' title="bbox 626 3843 2209 3915; baseline 0.004 -18"><span class='ocrx_word' id='word_1_372' title='bbox 626 3854 729 3906; x_wconf 83' lang='lat' dir='ltr'><strong>set,</strong></span> <span class='ocrx_word' id='word_1_373' title='bbox 761 3855 814 3899; x_wconf 91' lang='lat' dir='ltr'><strong>et</strong></span> <span class='ocrx_word' id='word_1_374' title='bbox 846 3843 1204 3912; x_wconf 86' lang='lat' dir='ltr'><strong>quorumdam</strong></span> <span class='ocrx_word' id='word_1_375' title='bbox 1245 3845 1526 3898; x_wconf 89' lang='lat' dir='ltr'><strong>nominum</strong></span> <span class='ocrx_word' id='word_1_376' title='bbox 1577 3846 1969 3915; x_wconf 89' lang='lat' dir='ltr'><strong>prophetarum</strong></span> <span class='ocrx_word' id='word_1_377' title='bbox 2020 3865 2209 3904; x_wconf 84' lang='lat' dir='ltr'><strong>recor-</strong></span> 
     </span>
    </p>
   </div>
   <div class='ocr_carea' id='block_1_55' title="bbox 627 3935 2207 4002">
    <p class='ocr_par' dir='ltr' id='par_1_55' title="bbox 627 3935 2207 4002">
     <span class='ocr_line' id='line_1_55' title="bbox 627 3935 2207 4002; baseline 0.003 -10"><span class='ocrx_word' id='word_1_378' title='bbox 627 3940 783 3992; x_wconf 89' lang='lat' dir='ltr'><strong>datus</strong></span> <span class='ocrx_word' id='word_1_379' title='bbox 815 3937 1025 3999; x_wconf 70' lang='lat' dir='ltr'><strong>l&#39;uisset,</strong></span> <span class='ocrx_word' id='word_1_380' title='bbox 1061 3936 1243 3990; x_wconf 85' lang='lat' dir='ltr'><strong>statim</strong></span> <span class='ocrx_word' id='word_1_381' title='bbox 1279 3935 1437 3992; x_wconf 67' lang='lat' dir='ltr'><strong>laesit</strong></span> <span class='ocrx_word' id='word_1_382' title='bbox 1484 3938 1768 4002; x_wconf 87' lang='lat' dir='ltr'><strong>memoria,</strong></span> <span class='ocrx_word' id='word_1_383' title='bbox 1800 3949 1857 3994; x_wconf 91' lang='lat' dir='ltr'><strong>et</strong></span> <span class='ocrx_word' id='word_1_384' title='bbox 1907 3941 2047 3994; x_wconf 88' lang='lat' dir='ltr'><strong>ultra</strong></span> <span class='ocrx_word' id='word_1_385' title='bbox 2102 3956 2207 3997; x_wconf 90' lang='lat' dir='ltr'><strong>non</strong></span> 
     </span>
    </p>
   </div>
   <div class='ocr_carea' id='block_1_56' title="bbox 625 4031 2209 4104">
    <p class='ocr_par' dir='ltr' id='par_1_56' title="bbox 625 4031 2209 4104">
     <span class='ocr_line' id='line_1_56' title="bbox 625 4031 2209 4104; baseline 0.003 -17"><span class='ocrx_word' id='word_1_386' title='bbox 625 4031 1016 4102; x_wconf 84' lang='lat' dir='ltr'><strong>suppeditavit,</strong></span> <span class='ocrx_word' id='word_1_387' title='bbox 1050 4032 1266 4085; x_wconf 83' lang='lat' dir='ltr'><strong>etiamsi</strong></span> <span class='ocrx_word' id='word_1_388' title='bbox 1301 4032 1440 4087; x_wconf 88' lang='lat' dir='ltr'><strong>alter</strong></span> <span class='ocrx_word' id='word_1_389' title='bbox 1475 4032 1703 4088; x_wconf 85' lang='lat' dir='ltr'><strong>instaret</strong></span> <span class='ocrx_word' id='word_1_390' title='bbox 1730 4044 1785 4090; x_wconf 89' lang='lat' dir='ltr'><strong>et</strong></span> <span class='ocrx_word' id='word_1_391' title='bbox 1835 4045 2078 4104; x_wconf 83' lang='lat' dir='ltr'><strong>urgeret.</strong></span> <span class='ocrx_word' id='word_1_392' title='bbox 2117 4037 2209 4092; x_wconf 90' lang='lat' dir='ltr'><strong>Sic</strong></span> 
     </span>
    </p>
   </div>
   <div class='ocr_carea' id='block_1_57' title="bbox 626 4121 2208 4194">
    <p class='ocr_par' dir='ltr' id='par_1_57' title="bbox 626 4121 2208 4194">
     <span class='ocr_line' id='line_1_57' title="bbox 626 4121 2208 4194; baseline 0.003 -16"><span class='ocrx_word' id='word_1_393' title='bbox 626 4133 865 4178; x_wconf 87' lang='lat' dir='ltr'><strong>tentatus</strong></span> <span class='ocrx_word' id='word_1_394' title='bbox 898 4133 950 4176; x_wconf 93' lang='lat' dir='ltr'><strong>et</strong></span> <span class='ocrx_word' id='word_1_395' title='bbox 979 4122 1172 4176; x_wconf 69' lang='lat' dir='ltr'><strong>irrisus</strong></span> <span class='ocrx_word' id='word_1_396' title='bbox 1221 4121 1320 4175; x_wconf 79' lang='lat' dir='ltr'><strong>fuit</strong></span> <span class='ocrx_word' id='word_1_397' title='bbox 1351 4137 1380 4175; x_wconf 90' lang='lat' dir='ltr'><strong>a</strong></span> <span class='ocrx_word' id='word_1_398' title='bbox 1436 4123 1722 4190; x_wconf 87' lang='lat' dir='ltr'><strong>Moratino,</strong></span> <span class='ocrx_word' id='word_1_399' title='bbox 1757 4135 1812 4180; x_wconf 92' lang='lat' dir='ltr'><strong>et</strong></span> <span class='ocrx_word' id='word_1_400' title='bbox 1861 4137 2082 4194; x_wconf 89' lang='lat' dir='ltr'><strong>pactum</strong></span> <span class='ocrx_word' id='word_1_401' title='bbox 2152 4139 2208 4183; x_wconf 91' lang='lat' dir='ltr'><strong>et</strong></span> 
     </span>
    </p>
   </div>
   <div class='ocr_carea' id='block_1_58' title="bbox 625 4209 2205 4278">
    <p class='ocr_par' dir='ltr' id='par_1_58' title="bbox 625 4209 2205 4278">
     <span class='ocr_line' id='line_1_58' title="bbox 625 4209 2205 4278; baseline 0.003 -13"><span class='ocrx_word' id='word_1_402' title='bbox 625 4210 862 4265; x_wconf 90' lang='lat' dir='ltr'><strong>conditio</strong></span> <span class='ocrx_word' id='word_1_403' title='bbox 913 4209 1167 4274; x_wconf 80' lang='lat' dir='ltr'><strong>rescissa,</strong></span> <span class='ocrx_word' id='word_1_404' title='bbox 1233 4218 1288 4263; x_wconf 90' lang='lat' dir='ltr'><strong>et</strong></span> <span class='ocrx_word' id='word_1_405' title='bbox 1342 4209 1410 4264; x_wconf 89' lang='lat' dir='ltr'><strong>ab</strong></span> <span class='ocrx_word' id='word_1_406' title='bbox 1447 4210 1538 4264; x_wconf 90' lang='lat' dir='ltr'><strong>illo</strong></span> <span class='ocrx_word' id='word_1_407' title='bbox 1586 4212 1912 4278; x_wconf 82' lang='lat' dir='ltr'><strong>improbata.</strong></span> <span class='ocrx_word' id='word_1_408' title='bbox 1964 4213 2021 4268; x_wconf 90' lang='lat' dir='ltr'><strong>Si</strong></span> <span class='ocrx_word' id='word_1_409' title='bbox 2074 4225 2205 4270; x_wconf 88' lang='lat' dir='ltr'><strong>tunc</strong></span> 
     </span>
    </p>
   </div>
   <div class='ocr_carea' id='block_1_59' title="bbox 624 4301 2206 4371">
    <p class='ocr_par' dir='ltr' id='par_1_59' title="bbox 624 4301 2206 4371">
     <span class='ocr_line' id='line_1_59' title="bbox 624 4301 2206 4371; baseline 0.003 -13"><span class='ocrx_word' id='word_1_410' title='bbox 624 4304 923 4359; x_wconf 78' lang='lat' dir='ltr'><strong>adfuissent</strong></span> <span class='ocrx_word' id='word_1_411' title='bbox 972 4301 1290 4366; x_wconf 62' lang='lat' dir='ltr'><strong>Christiani,</strong></span> <span class='ocrx_word' id='word_1_412' title='bbox 1353 4317 1534 4356; x_wconf 88' lang='lat' dir='ltr'><strong>annon</strong></span> <span class='ocrx_word' id='word_1_413' title='bbox 1587 4304 1686 4371; x_wconf 90' lang='lat' dir='ltr'><strong>ipsi</strong></span> <span class='ocrx_word' id='word_1_414' title='bbox 1746 4321 1840 4359; x_wconf 86' lang='lat' dir='ltr'><strong>vos</strong></span> <span class='ocrx_word' id='word_1_415' title='bbox 1884 4306 2120 4361; x_wconf 89' lang='lat' dir='ltr'><strong>ludibrio</strong></span> <span class='ocrx_word' id='word_1_416' title='bbox 2152 4319 2206 4363; x_wconf 90' lang='lat' dir='ltr'><strong>et</strong></span> 
     </span>
    </p>
   </div>
   <div class='ocr_carea' id='block_1_60' title="bbox 625 4392 2206 4466">
    <p class='ocr_par' dir='ltr' id='par_1_60' title="bbox 625 4392 2206 4466">
     <span class='ocr_line' id='line_1_60' title="bbox 625 4392 2206 4466; baseline 0.002 -16"><span class='ocrx_word' id='word_1_417' title='bbox 625 4398 736 4450; x_wconf 86' lang='lat' dir='ltr'><strong>risu</strong></span> <span class='ocrx_word' id='word_1_418' title='bbox 787 4395 1149 4463; x_wconf 76' lang='lat' dir='ltr'><strong>excepiSsent.</strong></span> <span class='ocrx_word' id='word_1_419' title='bbox 1208 4392 1340 4446; x_wconf 81' lang='lat' dir='ltr'><strong>Cum</strong></span> <span class='ocrx_word' id='word_1_420' title='bbox 1393 4409 1522 4462; x_wconf 90' lang='lat' dir='ltr'><strong>ergo</strong></span> <span class='ocrx_word' id='word_1_421' title='bbox 1571 4395 1833 4461; x_wconf 75' lang='lat' dir='ltr'><strong>ignoretis</strong></span> <span class='ocrx_word' id='word_1_422' title='bbox 1910 4399 2206 4466; x_wconf 87' lang='lat' dir='ltr'><strong>propheta-</strong></span> 
     </span>
    </p>
   </div>
   <div class='ocr_carea' id='block_1_61' title="bbox 627 4484 2205 4554">
    <p class='ocr_par' dir='ltr' id='par_1_61' title="bbox 627 4484 2205 4554">
     <span class='ocr_line' id='line_1_61' title="bbox 627 4484 2205 4554; baseline 0.001 -15"><span class='ocrx_word' id='word_1_423' title='bbox 627 4503 744 4541; x_wconf 90' lang='lat' dir='ltr'><strong>rum</strong></span> <span class='ocrx_word' id='word_1_424' title='bbox 793 4487 1036 4546; x_wconf 75' lang='lat' dir='ltr'><strong>noinina,</strong></span> <span class='ocrx_word' id='word_1_425' title='bbox 1083 4484 1358 4552; x_wconf 86' lang='lat' dir='ltr'><strong>quomodo</strong></span> <span class='ocrx_word' id='word_1_426' title='bbox 1409 4491 1616 4536; x_wconf 88' lang='lat' dir='ltr'><strong>tantum</strong></span> <span class='ocrx_word' id='word_1_427' title='bbox 1671 4485 2055 4554; x_wconf 86' lang='lat' dir='ltr'><strong>prophetarum</strong></span> <span class='ocrx_word' id='word_1_428' title='bbox 2103 4504 2205 4542; x_wconf 85' lang='lat' dir='ltr'><strong>llu-</strong></span> 
     </span>
    </p>
   </div>
   <div class='ocr_carea' id='block_1_62' title="bbox 2310 2003 3876 2079">
    <p class='ocr_par' dir='ltr' id='par_1_62' title="bbox 2310 2003 3876 2079">
     <span class='ocr_line' id='line_1_62' title="bbox 2310 2003 3876 2079; baseline 0.003 -19"><span class='ocrx_word' id='word_1_429' title='bbox 2310 2008 2508 2060; x_wconf 82' lang='grc' dir='ltr'><strong>λιάδων</strong></span> <span class='ocrx_word' id='word_1_430' title='bbox 2537 2008 2838 2079; x_wconf 86' lang='grc' dir='ltr'><strong>προφητῶν</strong></span> <span class='ocrx_word' id='word_1_431' title='bbox 2871 2003 2946 2062; x_wconf 81' lang='grc' dir='ltr'><strong>ὧν</strong></span> <span class='ocrx_word' id='word_1_432' title='bbox 2981 2011 3130 2079; x_wconf 77' lang='grc' dir='ltr'><strong>ἡμᾶς</strong></span> <span class='ocrx_word' id='word_1_433' title='bbox 3159 2010 3458 2075; x_wconf 80' lang='grc' dir='ltr'><strong>διδάσκεις,</strong></span> <span class='ocrx_word' id='word_1_434' title='bbox 3512 2010 3662 2064; x_wconf 84' lang='grc' dir='ltr'><strong>ὥστε</strong></span> <span class='ocrx_word' id='word_1_435' title='bbox 3697 2011 3789 2064; x_wconf 78' lang='grc' dir='ltr'><strong>καὶ</strong></span> <span class='ocrx_word' id='word_1_436' title='bbox 3821 2013 3876 2064; x_wconf 70' lang='grc' dir='ltr'><strong>τὰ</strong></span> 
     </span>
    </p>
   </div>
   <div class='ocr_carea' id='block_1_63' title="bbox 2309 2100 3872 2174">
    <p class='ocr_par' dir='ltr' id='par_1_63' title="bbox 2309 2100 3872 2174">
     <span class='ocr_line' id='line_1_63' title="bbox 2309 2100 3872 2174; baseline 0.002 -20"><span class='ocrx_word' id='word_1_437' title='bbox 2309 2102 2548 2171; x_wconf 79' lang='grc' dir='ltr'><strong>ὀνόματα</strong></span> <span class='ocrx_word' id='word_1_438' title='bbox 2572 2100 2834 2167; x_wconf 74' lang='grc' dir='ltr'><strong>ἐξειπεῖν,</strong></span> <span class='ocrx_word' id='word_1_439' title='bbox 2870 2103 2963 2154; x_wconf 75' lang='grc' dir='ltr'><strong>καὶ</strong></span> <span class='ocrx_word' id='word_1_440' title='bbox 2991 2103 3018 2153; x_wconf 87' lang='lat'><strong>6</strong></span> <span class='ocrx_word' id='word_1_441' title='bbox 3036 2103 3223 2166; x_wconf 75' lang='grc' dir='ltr'><strong>καθεὶς</strong></span> <span class='ocrx_word' id='word_1_442' title='bbox 3247 2103 3430 2154; x_wconf 73' lang='grc' dir='ltr'><strong>αὐτῶν</strong></span> <span class='ocrx_word' id='word_1_443' title='bbox 3453 2105 3872 2174; x_wconf 81' lang='grc' dir='ltr'><strong>ἐπροφήτευσεν,</strong></span> 
     </span>
    </p>
   </div>
   <div class='ocr_carea' id='block_1_64' title="bbox 2309 2191 3876 2264">
    <p class='ocr_par' dir='ltr' id='par_1_64' title="bbox 2309 2191 3876 2264">
     <span class='ocr_line' id='line_1_64' title="bbox 2309 2191 3876 2264; baseline 0.001 -20"><span class='ocrx_word' id='word_1_444' title='bbox 2309 2191 2524 2261; x_wconf 84' lang='grc' dir='ltr'><strong>ῆποῖον</strong></span> <span class='ocrx_word' id='word_1_445' title='bbox 2571 2191 2758 2260; x_wconf 74' lang='grc' dir='ltr'><strong>θαῦμα</strong></span> <span class='ocrx_word' id='word_1_446' title='bbox 2801 2193 3123 2264; x_wconf 80' lang='grc' dir='ltr'><strong>εἰργάσατο,</strong></span> <span class='ocrx_word' id='word_1_447' title='bbox 3170 2194 3263 2246; x_wconf 78' lang='grc' dir='ltr'><strong>καὶ</strong></span> <span class='ocrx_word' id='word_1_448' title='bbox 3299 2194 3537 2258; x_wconf 72' lang='grc' dir='ltr'><strong>ἕκαστος</strong></span> <span class='ocrx_word' id='word_1_449' title='bbox 3587 2196 3685 2248; x_wconf 79' lang='grc' dir='ltr'><strong>ἐπὶ</strong></span> <span class='ocrx_word' id='word_1_450' title='bbox 3740 2197 3876 2248; x_wconf 81' lang='grc' dir='ltr'><strong>ποίαν</strong></span> 
     </span>
    </p>
   </div>
   <div class='ocr_carea' id='block_1_65' title="bbox 2311 2281 3874 2356">
    <p class='ocr_par' dir='ltr' id='par_1_65' title="bbox 2311 2281 3874 2356">
     <span class='ocr_line' id='line_1_65' title="bbox 2311 2281 3874 2356; baseline 0.003 -22"><span class='ocrx_word' id='word_1_451' title='bbox 2311 2281 2591 2350; x_wconf 80' lang='grc' dir='ltr'><strong>βασιλείαν</strong></span> <span class='ocrx_word' id='word_1_452' title='bbox 2643 2283 2929 2353; x_wconf 62' lang='grc' dir='ltr'><strong>ὑπῆρχε-ις</strong></span> <span class='ocrx_word' id='word_1_453' title='bbox 2984 2283 3042 2336; x_wconf 86' lang='lat'><strong>&#39;0</strong></span> <span class='ocrx_word' id='word_1_454' title='bbox 3100 2284 3302 2354; x_wconf 87' lang='grc' dir='ltr'><strong>κόσμος</strong></span> <span class='ocrx_word' id='word_1_455' title='bbox 3347 2285 3468 2348; x_wconf 84' lang='grc' dir='ltr'><strong>ὅλος</strong></span> <span class='ocrx_word' id='word_1_456' title='bbox 3523 2286 3874 2356; x_wconf 77' lang='grc' dir='ltr'><strong>ἐϐδομήκοντα</strong></span> 
     </span>
    </p>
   </div>
   <div class='ocr_carea' id='block_1_66' title="bbox 2309 2374 3876 2449">
    <p class='ocr_par' dir='ltr' id='par_1_66' title="bbox 2309 2374 3876 2449">
     <span class='ocr_line' id='line_1_66' title="bbox 2309 2374 3876 2449; baseline 0.001 -21"><span class='ocrx_word' id='word_1_457' title='bbox 2309 2375 2403 2428; x_wconf 79' lang='grc' dir='ltr'><strong>δύο</strong></span> <span class='ocrx_word' id='word_1_458' title='bbox 2424 2374 2666 2444; x_wconf 82' lang='grc' dir='ltr'><strong>γλῶσσαί</strong></span> <span class='ocrx_word' id='word_1_459' title='bbox 2699 2377 2860 2438; x_wconf 75' lang='grc' dir='ltr'><strong>εἰσιν,</strong></span> <span class='ocrx_word' id='word_1_460' title='bbox 2889 2375 2963 2438; x_wconf 86' lang='grc' dir='ltr'><strong>ὼς</strong></span> <span class='ocrx_word' id='word_1_461' title='bbox 2989 2376 3238 2446; x_wconf 75' lang='grc' dir='ltr'><strong>οἴδαμεν.</strong></span> <span class='ocrx_word' id='word_1_462' title='bbox 3272 2378 3380 2430; x_wconf 83' lang='lat' dir='ltr'><strong>Kal</strong></span> <span class='ocrx_word' id='word_1_463' title='bbox 3405 2378 3502 2430; x_wconf 78' lang='grc' dir='ltr'><strong>ἐὰν</strong></span> <span class='ocrx_word' id='word_1_464' title='bbox 3548 2378 3681 2449; x_wconf 74' lang='grc' dir='ltr'><strong>ἔχῃς</strong></span> <span class='ocrx_word' id='word_1_465' title='bbox 3722 2379 3876 2430; x_wconf 69' lang='grc' dir='ltr'><strong>εἰπεῖν</strong></span> 
     </span>
    </p>
   </div>
   <div class='ocr_carea' id='block_1_67' title="bbox 2310 2465 3871 2540">
    <p class='ocr_par' dir='ltr' id='par_1_67' title="bbox 2310 2465 3871 2540">
     <span class='ocr_line' id='line_1_67' title="bbox 2310 2465 3871 2540; baseline 0.002 -22"><span class='ocrx_word' id='word_1_466' title='bbox 2310 2470 2453 2519; x_wconf 79' lang='grc' dir='ltr'><strong>κατᾶ</strong></span> <span class='ocrx_word' id='word_1_467' title='bbox 2475 2465 2570 2518; x_wconf 83' lang='grc' dir='ltr'><strong>τὸν</strong></span> <span class='ocrx_word' id='word_1_468' title='bbox 2598 2465 2832 2535; x_wconf 79' lang='grc' dir='ltr'><strong>ἀριθμὸν</strong></span> <span class='ocrx_word' id='word_1_469' title='bbox 2885 2466 2992 2521; x_wconf 86' lang='grc' dir='ltr'><strong>τῶν</strong></span> <span class='ocrx_word' id='word_1_470' title='bbox 3055 2467 3324 2535; x_wconf 83' lang='grc' dir='ltr'><strong>γλωσσῶν</strong></span> <span class='ocrx_word' id='word_1_471' title='bbox 3351 2470 3550 2533; x_wconf 82' lang='grc' dir='ltr'><strong>τόσους</strong></span> <span class='ocrx_word' id='word_1_472' title='bbox 3592 2471 3871 2540; x_wconf 78' lang='grc' dir='ltr'><strong>προφήτας,</strong></span> 
     </span>
    </p>
   </div>
   <div class='ocr_carea' id='block_1_68' title="bbox 2311 2557 3873 2631">
    <p class='ocr_par' dir='ltr' id='par_1_68' title="bbox 2311 2557 3873 2631">
     <span class='ocr_line' id='line_1_68' title="bbox 2311 2557 3873 2631; baseline 0.002 -21"><span class='ocrx_word' id='word_1_473' title='bbox 2311 2558 2676 2628; x_wconf 78' lang='grc' dir='ltr'><strong>ἐπιστεύομέν</strong></span> <span class='ocrx_word' id='word_1_474' title='bbox 2730 2574 2833 2611; x_wconf 90' lang='grc' dir='ltr'><strong>σοι.</strong></span> <span class='ocrx_word' id='word_1_475' title='bbox 2885 2557 3000 2610; x_wconf 82' lang='grc' dir='ltr'><strong>Νῦν</strong></span> <span class='ocrx_word' id='word_1_476' title='bbox 3045 2558 3100 2611; x_wconf 83' lang='grc' dir='ltr'><strong>δὲ</strong></span> <span class='ocrx_word' id='word_1_477' title='bbox 3150 2559 3274 2611; x_wconf 77' lang='grc' dir='ltr'><strong>οὐδὲ</strong></span> <span class='ocrx_word' id='word_1_478' title='bbox 3343 2561 3546 2614; x_wconf 83' lang='grc' dir='ltr'><strong>ἑκατὸν</strong></span> <span class='ocrx_word' id='word_1_479' title='bbox 3605 2561 3873 2631; x_wconf 77' lang='grc' dir='ltr'><strong>προφητῶν</strong></span> 
     </span>
    </p>
   </div>
   <div class='ocr_carea' id='block_1_69' title="bbox 2309 2651 3869 2723">
    <p class='ocr_par' dir='ltr' id='par_1_69' title="bbox 2309 2651 3869 2723">
     <span class='ocr_line' id='line_1_69' title="bbox 2309 2651 3869 2723; baseline 0.001 -21"><span class='ocrx_word' id='word_1_480' title='bbox 2309 2651 2554 2720; x_wconf 86' lang='grc' dir='ltr'><strong>ὀνόματα</strong></span> <span class='ocrx_word' id='word_1_481' title='bbox 2613 2652 2821 2722; x_wconf 79' lang='grc' dir='ltr'><strong>δυνήσῃ</strong></span> <span class='ocrx_word' id='word_1_482' title='bbox 2868 2653 3070 2706; x_wconf 78' lang='grc' dir='ltr'><strong>εἰπεῖν.</strong></span> <span class='ocrx_word' id='word_1_483' title='bbox 3150 2654 3352 2705; x_wconf 71' lang='grc' dir='ltr'><strong>’Ἄκουε</strong></span> <span class='ocrx_word' id='word_1_484' title='bbox 3415 2654 3530 2723; x_wconf 83' lang='grc' dir='ltr'><strong>γὰρ</strong></span> <span class='ocrx_word' id='word_1_485' title='bbox 3587 2655 3718 2723; x_wconf 87' lang='grc' dir='ltr'><strong>παρ’</strong></span> <span class='ocrx_word' id='word_1_486' title='bbox 3757 2653 3869 2723; x_wconf 81' lang='grc' dir='ltr'><strong>ἐμοῦ</strong></span> 
     </span>
    </p>
   </div>
   <div class='ocr_carea' id='block_1_70' title="bbox 2323 2739 3871 2816">
    <p class='ocr_par' dir='ltr' id='par_1_70' title="bbox 2323 2739 3871 2816">
     <span class='ocr_line' id='line_1_70' title="bbox 2323 2739 3871 2816; baseline -0.002 -18"><span class='ocrx_word' id='word_1_487' title='bbox 2323 2742 2632 2813; x_wconf 82' lang='grc' dir='ltr'><strong>Ἐδεσηνοῦ.</strong></span> <span class='ocrx_word' id='word_1_488' title='bbox 2661 2744 2808 2796; x_wconf 84' lang='grc' dir='ltr'><strong>Μίαν</strong></span> <span class='ocrx_word' id='word_1_489' title='bbox 2843 2739 2937 2798; x_wconf 80' lang='grc' dir='ltr'><strong>οὖν</strong></span> <span class='ocrx_word' id='word_1_490' title='bbox 2988 2744 3098 2798; x_wconf 87' lang='grc' dir='ltr'><strong>τῶν</strong></span> <span class='ocrx_word' id='word_1_491' title='bbox 3143 2745 3368 2815; x_wconf 79' lang='grc' dir='ltr'><strong>ἡμερῶν</strong></span> <span class='ocrx_word' id='word_1_492' title='bbox 3403 2741 3577 2816; x_wconf 80' lang='grc' dir='ltr'><strong>ἦλθεν</strong></span> <span class='ocrx_word' id='word_1_493' title='bbox 3624 2746 3871 2814; x_wconf 81' lang='grc' dir='ltr'><strong>Ζεκχέτης</strong></span> 
     </span>
    </p>
   </div>
   <div class='ocr_carea' id='block_1_71' title="bbox 2309 2834 3869 2908">
    <p class='ocr_par' dir='ltr' id='par_1_71' title="bbox 2309 2834 3869 2908">
     <span class='ocr_line' id='line_1_71' title="bbox 2309 2834 3869 2908; baseline -0.003 -18"><span class='ocrx_word' id='word_1_494' title='bbox 2309 2855 2414 2900; x_wconf 87' lang='grc' dir='ltr'><strong>τις,</strong></span> <span class='ocrx_word' id='word_1_495' title='bbox 2449 2835 2608 2889; x_wconf 81' lang='grc' dir='ltr'><strong>τοῦτ’</strong></span> <span class='ocrx_word' id='word_1_496' title='bbox 2639 2835 2808 2901; x_wconf 78' lang='grc' dir='ltr'><strong>ἐστιν,</strong></span> <span class='ocrx_word' id='word_1_497' title='bbox 2840 2836 3174 2907; x_wconf 78' lang='grc' dir='ltr'><strong>ήσυχαστὴς,</strong></span> <span class='ocrx_word' id='word_1_498' title='bbox 3197 2839 3278 2900; x_wconf 81' lang='grc' dir='ltr'><strong>είς</strong></span> <span class='ocrx_word' id='word_1_499' title='bbox 3313 2837 3412 2907; x_wconf 81' lang='grc' dir='ltr'><strong>τὴν</strong></span> <span class='ocrx_word' id='word_1_500' title='bbox 3439 2837 3654 2908; x_wconf 80' lang='grc' dir='ltr'><strong>ροὖγάν</strong></span> <span class='ocrx_word' id='word_1_501' title='bbox 3674 2834 3869 2889; x_wconf 82' lang='grc' dir='ltr'><strong>τινιτῶν</strong></span> 
     </span>
    </p>
   </div>
   <div class='ocr_carea' id='block_1_72' title="bbox 2309 2927 3870 3002">
    <p class='ocr_par' dir='ltr' id='par_1_72' title="bbox 2309 2927 3870 3002">
     <span class='ocr_line' id='line_1_72' title="bbox 2309 2927 3870 3002; baseline -0.004 -18"><span class='ocrx_word' id='word_1_502' title='bbox 2309 2929 2654 2994; x_wconf 87' lang='grc' dir='ltr'><strong>Χαλεπιτῶν,</strong></span> <span class='ocrx_word' id='word_1_503' title='bbox 2688 2931 2784 2984; x_wconf 71' lang='grc' dir='ltr'><strong>καὶ</strong></span> <span class='ocrx_word' id='word_1_504' title='bbox 2832 2930 2980 2998; x_wconf 81' lang='grc' dir='ltr'><strong>λέγει</strong></span> <span class='ocrx_word' id='word_1_505' title='bbox 3014 2929 3185 2998; x_wconf 79' lang='grc' dir='ltr'><strong>αὐτῷ’</strong></span> <span class='ocrx_word' id='word_1_506' title='bbox 3244 2931 3370 2982; x_wconf 84' lang='grc' dir='ltr'><strong>Ἐὰν</strong></span> <span class='ocrx_word' id='word_1_507' title='bbox 3394 2931 3622 3002; x_wconf 82' lang='grc' dir='ltr'><strong>ἀγαπᾷς</strong></span> <span class='ocrx_word' id='word_1_508' title='bbox 3648 2931 3733 2984; x_wconf 85' lang='grc' dir='ltr'><strong>τὸν</strong></span> <span class='ocrx_word' id='word_1_509' title='bbox 3759 2927 3870 2982; x_wconf 64' lang='grc' dir='ltr'><strong>Θεὸν</strong></span> 
     </span>
    </p>
   </div>
   <div class='ocr_carea' id='block_1_73' title="bbox 2311 3019 3867 3093">
    <p class='ocr_par' dir='ltr' id='par_1_73' title="bbox 2311 3019 3867 3093">
     <span class='ocr_line' id='line_1_73' title="bbox 2311 3019 3867 3093; baseline -0.001 -18"><span class='ocrx_word' id='word_1_510' title='bbox 2311 3023 2558 3084; x_wconf 73' lang='grc' dir='ltr'><strong>καὶτοὺς</strong></span> <span class='ocrx_word' id='word_1_511' title='bbox 2590 3022 2903 3092; x_wconf 77' lang='grc' dir='ltr'><strong>προφήτας,</strong></span> <span class='ocrx_word' id='word_1_512' title='bbox 2969 3021 3196 3091; x_wconf 82' lang='grc' dir='ltr'><strong>χάρισόν</strong></span> <span class='ocrx_word' id='word_1_513' title='bbox 3229 3038 3319 3091; x_wconf 88' lang='grc' dir='ltr'><strong>μοι</strong></span> <span class='ocrx_word' id='word_1_514' title='bbox 3351 3023 3600 3093; x_wconf 83' lang='grc' dir='ltr'><strong>νόμισμα</strong></span> <span class='ocrx_word' id='word_1_515' title='bbox 3640 3023 3715 3087; x_wconf 81' lang='grc' dir='ltr'><strong>ἓν,</strong></span> <span class='ocrx_word' id='word_1_516' title='bbox 3758 3019 3867 3074; x_wconf 79' lang='grc' dir='ltr'><strong>ἐκά-</strong></span> 
     </span>
    </p>
   </div>
   <div class='ocr_carea' id='block_1_74' title="bbox 2312 3108 3866 3182">
    <p class='ocr_par' dir='ltr' id='par_1_74' title="bbox 2312 3108 3866 3182">
     <span class='ocr_line' id='line_1_74' title="bbox 2312 3108 3866 3182; baseline -0.004 -17"><span class='ocrx_word' id='word_1_517' title='bbox 2312 3129 2438 3165; x_wconf 84' lang='grc' dir='ltr'><strong>στου</strong></span> <span class='ocrx_word' id='word_1_518' title='bbox 2467 3113 2749 3182; x_wconf 82' lang='grc' dir='ltr'><strong>προφήτου</strong></span> <span class='ocrx_word' id='word_1_519' title='bbox 2781 3112 3028 3182; x_wconf 87' lang='grc' dir='ltr'><strong>όνόματι.</strong></span> <span class='ocrx_word' id='word_1_520' title='bbox 3062 3111 3170 3164; x_wconf 80' lang='grc' dir='ltr'><strong>Καὶ</strong></span> <span class='ocrx_word' id='word_1_521' title='bbox 3203 3112 3496 3164; x_wconf 83' lang='grc' dir='ltr'><strong>ἐκατέθετο</strong></span> <span class='ocrx_word' id='word_1_522' title='bbox 3527 3111 3678 3180; x_wconf 78' lang='grc' dir='ltr'><strong>αὐτῴ</strong></span> <span class='ocrx_word' id='word_1_523' title='bbox 3715 3108 3866 3162; x_wconf 80' lang='grc' dir='ltr'><strong>δοῦναι</strong></span> 
     </span>
    </p>
   </div>
   <div class='ocr_carea' id='block_1_75' title="bbox 2310 3201 3866 3276">
    <p class='ocr_par' dir='ltr' id='par_1_75' title="bbox 2310 3201 3866 3276">
     <span class='ocr_line' id='line_1_75' title="bbox 2310 3201 3866 3276; baseline -0.007 -15"><span class='ocrx_word' id='word_1_524' title='bbox 2310 3205 2384 3268; x_wconf 77' lang='grc' dir='ltr'><strong>ὡς</strong></span> <span class='ocrx_word' id='word_1_525' title='bbox 2416 3206 2678 3276; x_wconf 78' lang='grc' dir='ltr'><strong>ᾐτήσατο.</strong></span> <span class='ocrx_word' id='word_1_526' title='bbox 2713 3205 2822 3258; x_wconf 81' lang='lat' dir='ltr'><strong>Kal</strong></span> <span class='ocrx_word' id='word_1_527' title='bbox 2858 3203 2967 3266; x_wconf 82' lang='grc' dir='ltr'><strong>θεὶς</strong></span> <span class='ocrx_word' id='word_1_528' title='bbox 3018 3201 3250 3255; x_wconf 84' lang='grc' dir='ltr'><strong>ἐνώπιον</strong></span> <span class='ocrx_word' id='word_1_529' title='bbox 3280 3203 3447 3256; x_wconf 81' lang='grc' dir='ltr'><strong>αὐτοῦ</strong></span> <span class='ocrx_word' id='word_1_530' title='bbox 3494 3202 3682 3273; x_wconf 84' lang='grc' dir='ltr'><strong>πλήθη</strong></span> <span class='ocrx_word' id='word_1_531' title='bbox 3738 3217 3866 3268; x_wconf 83' lang='grc' dir='ltr'><strong>νομι-</strong></span> 
     </span>
    </p>
   </div>
   <div class='ocr_carea' id='block_1_76' title="bbox 2318 3295 3866 3370">
    <p class='ocr_par' dir='ltr' id='par_1_76' title="bbox 2318 3295 3866 3370">
     <span class='ocr_line' id='line_1_76' title="bbox 2318 3295 3866 3370; baseline -0.008 -18"><span class='ocrx_word' id='word_1_532' title='bbox 2318 3300 2564 3370; x_wconf 83' lang='grc' dir='ltr'><strong>σμάτων,</strong></span> <span class='ocrx_word' id='word_1_533' title='bbox 2591 3300 2877 3368; x_wconf 74' lang='grc' dir='ltr'><strong>ἀπῄτησεν</strong></span> <span class='ocrx_word' id='word_1_534' title='bbox 2934 3296 3094 3350; x_wconf 75' lang='grc' dir='ltr'><strong>αὑτὸν</strong></span> <span class='ocrx_word' id='word_1_535' title='bbox 3128 3296 3313 3364; x_wconf 85' lang='grc' dir='ltr'><strong>λέγειν</strong></span> <span class='ocrx_word' id='word_1_536' title='bbox 3351 3295 3582 3358; x_wconf 78' lang='grc' dir='ltr'><strong>καθενὺς</strong></span> <span class='ocrx_word' id='word_1_537' title='bbox 3617 3297 3866 3365; x_wconf 75' lang='grc' dir='ltr'><strong>προφήτου</strong></span> 
     </span>
    </p>
   </div>
   <div class='ocr_carea' id='block_1_77' title="bbox 2312 3382 3865 3462">
    <p class='ocr_par' dir='ltr' id='par_1_77' title="bbox 2312 3382 3865 3462">
     <span class='ocr_line' id='line_1_77' title="bbox 2312 3382 3865 3462; baseline -0.006 -18"><span class='ocrx_word' id='word_1_538' title='bbox 2312 3391 2506 3462; x_wconf 79' lang='grc' dir='ltr'><strong>ὄνομα,</strong></span> <span class='ocrx_word' id='word_1_539' title='bbox 2536 3391 2949 3460; x_wconf 75' lang='grc' dir='ltr'><strong>καὶλαμϐάνειν</strong></span> <span class='ocrx_word' id='word_1_540' title='bbox 2977 3389 3080 3443; x_wconf 79' lang='grc' dir='ltr'><strong>ἀνὰ</strong></span> <span class='ocrx_word' id='word_1_541' title='bbox 3102 3388 3158 3440; x_wconf 82' lang='grc' dir='ltr'><strong>ἓν</strong></span> <span class='ocrx_word' id='word_1_542' title='bbox 3201 3390 3466 3459; x_wconf 82' lang='grc' dir='ltr'><strong>νόμισμα.</strong></span> <span class='ocrx_word' id='word_1_543' title='bbox 3515 3387 3575 3441; x_wconf 85' lang='lat'><strong>&#39;0</strong></span> <span class='ocrx_word' id='word_1_544' title='bbox 3630 3387 3685 3439; x_wconf 83' lang='grc' dir='ltr'><strong>δὲ</strong></span> <span class='ocrx_word' id='word_1_545' title='bbox 3721 3382 3865 3452; x_wconf 77' lang='grc' dir='ltr'><strong>ἀρξά-</strong></span> 
     </span>
    </p>
   </div>
   <div class='ocr_carea' id='block_1_78' title="bbox 2316 3474 3865 3555">
    <p class='ocr_par' dir='ltr' id='par_1_78' title="bbox 2316 3474 3865 3555">
     <span class='ocr_line' id='line_1_78' title="bbox 2316 3474 3865 3555; baseline -0.008 -19"><span class='ocrx_word' id='word_1_546' title='bbox 2316 3500 2477 3555; x_wconf 89' lang='grc' dir='ltr'><strong>μενος</strong></span> <span class='ocrx_word' id='word_1_547' title='bbox 2506 3483 2601 3535; x_wconf 80' lang='grc' dir='ltr'><strong>τοῦ</strong></span> <span class='ocrx_word' id='word_1_548' title='bbox 2626 3482 2930 3552; x_wconf 79' lang='grc' dir='ltr'><strong>λαμϐάνειν</strong></span> <span class='ocrx_word' id='word_1_549' title='bbox 2981 3481 3048 3534; x_wconf 75' lang='grc' dir='ltr'><strong>τὰ</strong></span> <span class='ocrx_word' id='word_1_550' title='bbox 3099 3479 3434 3550; x_wconf 77' lang='grc' dir='ltr'><strong>νομίσματα,</strong></span> <span class='ocrx_word' id='word_1_551' title='bbox 3489 3479 3649 3548; x_wconf 85' lang='grc' dir='ltr'><strong>μόλις</strong></span> <span class='ocrx_word' id='word_1_552' title='bbox 3689 3474 3865 3546; x_wconf 79' lang='grc' dir='ltr'><strong>ήρξατο</strong></span> 
     </span>
    </p>
   </div>
   <div class='ocr_carea' id='block_1_79' title="bbox 2313 3570 3865 3647">
    <p class='ocr_par' dir='ltr' id='par_1_79' title="bbox 2313 3570 3865 3647">
     <span class='ocr_line' id='line_1_79' title="bbox 2313 3570 3865 3647; baseline -0.009 -17"><span class='ocrx_word' id='word_1_553' title='bbox 2313 3579 2410 3630; x_wconf 70' lang='grc' dir='ltr'><strong>καὶ</strong></span> <span class='ocrx_word' id='word_1_554' title='bbox 2462 3575 2706 3647; x_wconf 78' lang='grc' dir='ltr'><strong>ἐμνήσθη</strong></span> <span class='ocrx_word' id='word_1_555' title='bbox 2764 3575 2927 3627; x_wconf 88' lang='grc' dir='ltr'><strong>τινῶν</strong></span> <span class='ocrx_word' id='word_1_556' title='bbox 2964 3573 3296 3642; x_wconf 80' lang='grc' dir='ltr'><strong>ὀνομασιῶν,</strong></span> <span class='ocrx_word' id='word_1_557' title='bbox 3352 3573 3449 3624; x_wconf 80' lang='grc' dir='ltr'><strong>καὶ</strong></span> <span class='ocrx_word' id='word_1_558' title='bbox 3490 3570 3865 3637; x_wconf 79' lang='grc' dir='ltr'><strong>ἀπαιτούμενος</strong></span> 
     </span>
    </p>
   </div>
   <div class='ocr_carea' id='block_1_80' title="bbox 2313 3658 3862 3740">
    <p class='ocr_par' dir='ltr' id='par_1_80' title="bbox 2313 3658 3862 3740">
     <span class='ocr_line' id='line_1_80' title="bbox 2313 3658 3862 3740; baseline -0.008 -18"><span class='ocrx_word' id='word_1_559' title='bbox 2313 3671 2413 3722; x_wconf 77' lang='grc' dir='ltr'><strong>οὐκ</strong></span> <span class='ocrx_word' id='word_1_560' title='bbox 2454 3669 2702 3740; x_wconf 85' lang='grc' dir='ltr'><strong>ἐμνήσθη</strong></span> <span class='ocrx_word' id='word_1_561' title='bbox 2758 3669 2858 3720; x_wconf 77' lang='grc' dir='ltr'><strong>ἔτι.</strong></span> <span class='ocrx_word' id='word_1_562' title='bbox 2907 3667 3107 3720; x_wconf 77' lang='grc' dir='ltr'><strong>Λοιπὸν</strong></span> <span class='ocrx_word' id='word_1_563' title='bbox 3158 3669 3254 3718; x_wconf 76' lang='grc' dir='ltr'><strong>καὶ</strong></span> <span class='ocrx_word' id='word_1_564' title='bbox 3313 3658 3469 3726; x_wconf 74' lang='grc' dir='ltr'><strong>οὗτος</strong></span> <span class='ocrx_word' id='word_1_565' title='bbox 3517 3659 3862 3729; x_wconf 82' lang='grc' dir='ltr'><strong>κατεγελάσθη</strong></span> 
     </span>
    </p>
   </div>
   <div class='ocr_carea' id='block_1_81' title="bbox 2313 3755 3862 3832">
    <p class='ocr_par' dir='ltr' id='par_1_81' title="bbox 2313 3755 3862 3832">
     <span class='ocr_line' id='line_1_81' title="bbox 2313 3755 3862 3832; baseline -0.011 -15"><span class='ocrx_word' id='word_1_566' title='bbox 2313 3761 2468 3832; x_wconf 76' lang='grc' dir='ltr'><strong>παρὰ</strong></span> <span class='ocrx_word' id='word_1_567' title='bbox 2495 3761 2590 3816; x_wconf 83' lang='grc' dir='ltr'><strong>τοῦ</strong></span> <span class='ocrx_word' id='word_1_568' title='bbox 2626 3760 2958 3830; x_wconf 80' lang='grc' dir='ltr'><strong>Μορατίνου,</strong></span> <span class='ocrx_word' id='word_1_569' title='bbox 3006 3758 3102 3812; x_wconf 77' lang='grc' dir='ltr'><strong>καὶ</strong></span> <span class='ocrx_word' id='word_1_570' title='bbox 3151 3755 3443 3827; x_wconf 79' lang='grc' dir='ltr'><strong>ἐπειράθη,</strong></span> <span class='ocrx_word' id='word_1_571' title='bbox 3475 3757 3574 3808; x_wconf 76' lang='grc' dir='ltr'><strong>καὶ</strong></span> <span class='ocrx_word' id='word_1_572' title='bbox 3618 3755 3685 3806; x_wconf 80' lang='grc' dir='ltr'><strong>τὰ</strong></span> <span class='ocrx_word' id='word_1_573' title='bbox 3733 3767 3862 3820; x_wconf 84' lang='grc' dir='ltr'><strong>νομι-</strong></span> 
     </span>
    </p>
   </div>
   <div class='ocr_carea' id='block_1_82' title="bbox 2314 3841 3858 3923">
    <p class='ocr_par' dir='ltr' id='par_1_82' title="bbox 2314 3841 3858 3923">
     <span class='ocr_line' id='line_1_82' title="bbox 2314 3841 3858 3923; baseline -0.009 -15"><span class='ocrx_word' id='word_1_574' title='bbox 2314 3855 2511 3909; x_wconf 83' lang='grc' dir='ltr'><strong>σθέντα</strong></span> <span class='ocrx_word' id='word_1_575' title='bbox 2571 3852 2829 3923; x_wconf 75' lang='grc' dir='ltr'><strong>ἐμέμφθη</strong></span> <span class='ocrx_word' id='word_1_576' title='bbox 2871 3851 3003 3923; x_wconf 84' lang='grc' dir='ltr'><strong>παρ’</strong></span> <span class='ocrx_word' id='word_1_577' title='bbox 3059 3848 3251 3902; x_wconf 78' lang='grc' dir='ltr'><strong>αὐτοῦ.</strong></span> <span class='ocrx_word' id='word_1_578' title='bbox 3310 3849 3374 3900; x_wconf 81' lang='lat' dir='ltr'><strong>Ei</strong></span> <span class='ocrx_word' id='word_1_579' title='bbox 3437 3846 3740 3918; x_wconf 78' lang='grc' dir='ltr'><strong>παρέτυχον</strong></span> <span class='ocrx_word' id='word_1_580' title='bbox 3774 3841 3858 3909; x_wconf 74' lang='grc' dir='ltr'><strong>ἄρα</strong></span> 
     </span>
    </p>
   </div>
   <div class='ocr_carea' id='block_1_83' title="bbox 2311 3934 3856 4018">
    <p class='ocr_par' dir='ltr' id='par_1_83' title="bbox 2311 3934 3856 4018">
     <span class='ocr_line' id='line_1_83' title="bbox 2311 3934 3856 4018; baseline -0.005 -17"><span class='ocrx_word' id='word_1_581' title='bbox 2311 3949 2455 4010; x_wconf 82' lang='grc' dir='ltr'><strong>τινὲς</strong></span> <span class='ocrx_word' id='word_1_582' title='bbox 2523 3946 2842 4018; x_wconf 73' lang='grc' dir='ltr'><strong>Χριστιανοὶ</strong></span> <span class='ocrx_word' id='word_1_583' title='bbox 2907 3937 3032 4008; x_wconf 85' lang='grc' dir='ltr'><strong>ὧδε,</strong></span> <span class='ocrx_word' id='word_1_584' title='bbox 3085 3944 3147 3995; x_wconf 80' lang='grc' dir='ltr'><strong>οὐ</strong></span> <span class='ocrx_word' id='word_1_585' title='bbox 3176 3939 3558 4008; x_wconf 83' lang='grc' dir='ltr'><strong>κατεγέλασαν</strong></span> <span class='ocrx_word' id='word_1_586' title='bbox 3589 3938 3655 3993; x_wconf 82' lang='grc' dir='ltr'><strong>ἂν</strong></span> <span class='ocrx_word' id='word_1_587' title='bbox 3701 3934 3856 4003; x_wconf 55' lang='lat' dir='ltr'><strong>aput;</strong></span> 
     </span>
    </p>
   </div>
   <div class='ocr_carea' id='block_1_84' title="bbox 2314 4024 3856 4108">
    <p class='ocr_par' dir='ltr' id='par_1_84' title="bbox 2314 4024 3856 4108">
     <span class='ocr_line' id='line_1_84' title="bbox 2314 4024 3856 4108; baseline -0.01 -15"><span class='ocrx_word' id='word_1_588' title='bbox 2314 4042 2438 4103; x_wconf 85' lang='grc' dir='ltr'><strong>Πῶς</strong></span> <span class='ocrx_word' id='word_1_589' title='bbox 2463 4039 2556 4092; x_wconf 77' lang='grc' dir='ltr'><strong>οὖν</strong></span> <span class='ocrx_word' id='word_1_590' title='bbox 2597 4041 2775 4108; x_wconf 78' lang='grc' dir='ltr'><strong>ὑμεῖς,</strong></span> <span class='ocrx_word' id='word_1_591' title='bbox 2831 4037 2954 4090; x_wconf 74' lang='grc' dir='ltr'><strong>ἐπεὶ</strong></span> <span class='ocrx_word' id='word_1_592' title='bbox 2981 4037 3043 4090; x_wconf 83' lang='grc' dir='ltr'><strong>οὑ</strong></span> <span class='ocrx_word' id='word_1_593' title='bbox 3087 4036 3386 4103; x_wconf 81' lang='grc' dir='ltr'><strong>γινώσκετε</strong></span> <span class='ocrx_word' id='word_1_594' title='bbox 3433 4032 3546 4086; x_wconf 87' lang='grc' dir='ltr'><strong>τῶν</strong></span> <span class='ocrx_word' id='word_1_595' title='bbox 3597 4024 3856 4102; x_wconf 84' lang='grc' dir='ltr'><strong>προφητῶν</strong></span> 
     </span>
    </p>
   </div>
   <div class='ocr_carea' id='block_1_85' title="bbox 2311 4119 3856 4203">
    <p class='ocr_par' dir='ltr' id='par_1_85' title="bbox 2311 4119 3856 4203">
     <span class='ocr_line' id='line_1_85' title="bbox 2311 4119 3856 4203; baseline -0.008 -19"><span class='ocrx_word' id='word_1_596' title='bbox 2311 4133 2571 4203; x_wconf 83' lang='grc' dir='ltr'><strong>ὀνόματα,</strong></span> <span class='ocrx_word' id='word_1_597' title='bbox 2599 4130 2869 4184; x_wconf 77' lang='grc' dir='ltr'><strong>τοσούτων</strong></span> <span class='ocrx_word' id='word_1_598' title='bbox 2909 4129 3118 4198; x_wconf 81' lang='grc' dir='ltr'><strong>πλῆθος</strong></span> <span class='ocrx_word' id='word_1_599' title='bbox 3167 4125 3466 4199; x_wconf 85' lang='grc' dir='ltr'><strong>προφητῶν</strong></span> <span class='ocrx_word' id='word_1_600' title='bbox 3523 4126 3699 4193; x_wconf 85' lang='grc' dir='ltr'><strong>λέγεις</strong></span> <span class='ocrx_word' id='word_1_601' title='bbox 3740 4119 3856 4188; x_wconf 74' lang='grc' dir='ltr'><strong>ἔχειν</strong></span> 
     </span>
    </p>
   </div>
   <div class='ocr_carea' id='block_1_86' title="bbox 2313 4216 3855 4296">
    <p class='ocr_par' dir='ltr' id='par_1_86' title="bbox 2313 4216 3855 4296">
     <span class='ocr_line' id='line_1_86' title="bbox 2313 4216 3855 4296; baseline -0.012 -17"><span class='ocrx_word' id='word_1_602' title='bbox 2313 4226 2494 4296; x_wconf 83' lang='grc' dir='ltr'><strong>ὑμᾶς;</strong></span> <span class='ocrx_word' id='word_1_603' title='bbox 2539 4225 2649 4276; x_wconf 85' lang='lat' dir='ltr'><strong>Kal</strong></span> <span class='ocrx_word' id='word_1_604' title='bbox 2707 4222 3103 4292; x_wconf 85' lang='grc' dir='ltr'><strong>ἀπετόλμησας</strong></span> <span class='ocrx_word' id='word_1_605' title='bbox 3151 4223 3216 4274; x_wconf 79' lang='grc' dir='ltr'><strong>σὺ</strong></span> <span class='ocrx_word' id='word_1_606' title='bbox 3259 4219 3494 4290; x_wconf 80' lang='grc' dir='ltr'><strong>ζητῆσαι</strong></span> <span class='ocrx_word' id='word_1_607' title='bbox 3537 4216 3763 4271; x_wconf 80' lang='grc' dir='ltr'><strong>τοσαῦτα</strong></span> <span class='ocrx_word' id='word_1_608' title='bbox 3789 4225 3855 4262; x_wconf 86' lang='grc' dir='ltr'><strong>νο·</strong></span> 
     </span>
    </p>
   </div>
   <div class='ocr_carea' id='block_1_87' title="bbox 2315 4303 3854 4388">
    <p class='ocr_par' dir='ltr' id='par_1_87' title="bbox 2315 4303 3854 4388">
     <span class='ocr_line' id='line_1_87' title="bbox 2315 4303 3854 4388; baseline -0.012 -17"><span class='ocrx_word' id='word_1_609' title='bbox 2315 4318 2564 4388; x_wconf 83' lang='grc' dir='ltr'><strong>μίσματα</strong></span> <span class='ocrx_word' id='word_1_610' title='bbox 2596 4317 2726 4386; x_wconf 80' lang='grc' dir='ltr'><strong>περὶ</strong></span> <span class='ocrx_word' id='word_1_611' title='bbox 2759 4309 2836 4368; x_wconf 80' lang='grc' dir='ltr'><strong>ὧν</strong></span> <span class='ocrx_word' id='word_1_612' title='bbox 2861 4315 2923 4367; x_wconf 83' lang='grc' dir='ltr'><strong>οὐ</strong></span> <span class='ocrx_word' id='word_1_613' title='bbox 2952 4314 3244 4382; x_wconf 76' lang='grc' dir='ltr'><strong>γινώσκεις</strong></span> <span class='ocrx_word' id='word_1_614' title='bbox 3275 4312 3512 4383; x_wconf 85' lang='grc' dir='ltr'><strong>ἀριθμὸν</strong></span> <span class='ocrx_word' id='word_1_615' title='bbox 3552 4312 3658 4364; x_wconf 87' lang='grc' dir='ltr'><strong>τῶν</strong></span> <span class='ocrx_word' id='word_1_616' title='bbox 3687 4303 3854 4376; x_wconf 83' lang='grc' dir='ltr'><strong>ὑμετέ-</strong></span> 
     </span>
    </p>
   </div>
   <div class='ocr_carea' id='block_1_88' title="bbox 2318 4403 3854 4480">
    <p class='ocr_par' dir='ltr' id='par_1_88' title="bbox 2318 4403 3854 4480">
     <span class='ocr_line' id='line_1_88' title="bbox 2318 4403 3854 4480; baseline -0.005 -19"><span class='ocrx_word' id='word_1_617' title='bbox 2318 4427 2428 4480; x_wconf 87' lang='grc' dir='ltr'><strong>ρων</strong></span> <span class='ocrx_word' id='word_1_618' title='bbox 2469 4408 2791 4479; x_wconf 82' lang='grc' dir='ltr'><strong>προφητῶν.</strong></span> <span class='ocrx_word' id='word_1_619' title='bbox 2826 4407 3021 4473; x_wconf 86' lang='grc' dir='ltr'><strong>Λέγεις</strong></span> <span class='ocrx_word' id='word_1_620' title='bbox 3053 4423 3144 4476; x_wconf 88' lang='grc' dir='ltr'><strong>μοι</strong></span> <span class='ocrx_word' id='word_1_621' title='bbox 3173 4405 3360 4470; x_wconf 85' lang='grc' dir='ltr'><strong>πάλιν,</strong></span> <span class='ocrx_word' id='word_1_622' title='bbox 3383 4405 3466 4458; x_wconf 83' lang='grc' dir='ltr'><strong>ὅτι</strong></span> <span class='ocrx_word' id='word_1_623' title='bbox 3499 4403 3710 4474; x_wconf 85' lang='grc' dir='ltr'><strong>πρῶτος</strong></span> <span class='ocrx_word' id='word_1_624' title='bbox 3746 4409 3854 4466; x_wconf 67' lang='grc' dir='ltr'><strong>προ·</strong></span> 
     </span>
    </p>
   </div>
   <div class='ocr_carea' id='block_1_89' title="bbox 2313 4493 3852 4572">
    <p class='ocr_par' dir='ltr' id='par_1_89' title="bbox 2313 4493 3852 4572">
     <span class='ocr_line' id='line_1_89' title="bbox 2313 4493 3852 4572; baseline -0.006 -17"><span class='ocrx_word' id='word_1_625' title='bbox 2313 4502 2488 4572; x_wconf 83' lang='grc' dir='ltr'><strong>φήτης</strong></span> <span class='ocrx_word' id='word_1_626' title='bbox 2511 4501 2660 4554; x_wconf 81' lang='grc' dir='ltr'><strong>ἐστὶν</strong></span> <span class='ocrx_word' id='word_1_627' title='bbox 2712 4501 2740 4552; x_wconf 92' lang='lat'><strong>6</strong></span> <span class='ocrx_word' id='word_1_628' title='bbox 2787 4499 2981 4570; x_wconf 75' lang='grc' dir='ltr'><strong>Ἀδὰμ,</strong></span> <span class='ocrx_word' id='word_1_629' title='bbox 3041 4499 3137 4552; x_wconf 71' lang='grc' dir='ltr'><strong>καὶ</strong></span> <span class='ocrx_word' id='word_1_630' title='bbox 3197 4499 3427 4569; x_wconf 76' lang='grc' dir='ltr'><strong>ἔσχατος</strong></span> <span class='ocrx_word' id='word_1_631' title='bbox 3477 4499 3504 4550; x_wconf 88' lang='grc' dir='ltr'>ὁ</span> <span class='ocrx_word' id='word_1_632' title='bbox 3563 4493 3852 4563; x_wconf 77' lang='grc' dir='ltr'><strong>Μουχάμετο</strong></span> 
     </span>
    </p>
   </div>
   <div class='ocr_carea' id='block_1_90' title="bbox 629 4573 2206 4661">
    <p class='ocr_par' dir='ltr' id='par_1_90' title="bbox 629 4573 2203 4645">
     <span class='ocr_line' id='line_1_90' title="bbox 629 4573 2203 4645; baseline 0.001 -15"><span class='ocrx_word' id='word_1_633' title='bbox 629 4593 835 4630; x_wconf 82' lang='lat' dir='ltr'><strong>inerunt</strong></span> <span class='ocrx_word' id='word_1_634' title='bbox 887 4577 1026 4645; x_wconf 89' lang='lat' dir='ltr'><strong>apud</strong></span> <span class='ocrx_word' id='word_1_635' title='bbox 1085 4589 1182 4628; x_wconf 87' lang='lat' dir='ltr'><strong>vos</strong></span> <span class='ocrx_word' id='word_1_636' title='bbox 1235 4573 1484 4627; x_wconf 86' lang='lat' dir='ltr'><strong>ﬂoruisse</strong></span> <span class='ocrx_word' id='word_1_637' title='bbox 1529 4576 1742 4629; x_wconf 85' lang='lat' dir='ltr'><strong>audetis</strong></span> <span class='ocrx_word' id='word_1_638' title='bbox 1805 4591 2080 4643; x_wconf 83' lang='lat' dir='ltr'><strong>asserere,</strong></span> <span class='ocrx_word' id='word_1_639' title='bbox 2149 4590 2203 4632; x_wconf 91' lang='lat' dir='ltr'><strong>et</strong></span> 
     </span>
    </p>
   </div>
   <div class='ocr_carea' id='block_1_91' title="bbox 2307 4573 3852 4661">
    <p class='ocr_par' dir='ltr' id='par_1_91' title="bbox 2313 4586 3852 4661">
     <span class='ocr_line' id='line_1_91' title="bbox 2313 4586 3852 4661; baseline -0.003 -17"><span class='ocrx_word' id='word_1_640' title='bbox 2313 4593 2560 4661; x_wconf 81' lang='grc' dir='ltr'><strong>Ἀφρων,</strong></span> <span class='ocrx_word' id='word_1_641' title='bbox 2579 4593 2670 4644; x_wconf 72' lang='grc' dir='ltr'><strong>καὶ</strong></span> <span class='ocrx_word' id='word_1_642' title='bbox 2700 4591 2806 4655; x_wconf 82' lang='grc' dir='ltr'><strong>ἐξω</strong></span> <span class='ocrx_word' id='word_1_643' title='bbox 2834 4591 2931 4661; x_wconf 84' lang='grc' dir='ltr'><strong>τῆς</strong></span> <span class='ocrx_word' id='word_1_644' title='bbox 2963 4591 3242 4661; x_wconf 77' lang='grc' dir='ltr'><strong>ἀληθείας.</strong></span> <span class='ocrx_word' id='word_1_645' title='bbox 3293 4591 3382 4644; x_wconf 85' lang='grc' dir='ltr'><strong>Ἐν</strong></span> <span class='ocrx_word' id='word_1_646' title='bbox 3403 4589 3676 4660; x_wconf 84' lang='grc' dir='ltr'><strong>διαφόροις</strong></span> <span class='ocrx_word' id='word_1_647' title='bbox 3698 4586 3852 4640; x_wconf 81' lang='grc' dir='ltr'><strong>τόποις</strong></span> 
     </span>
    </p>
   </div>
   <div class='ocr_carea' id='block_1_92' title="bbox 625 4667 2206 4741">
    <p class='ocr_par' dir='ltr' id='par_1_92' title="bbox 625 4667 2206 4741">
     <span class='ocr_line' id='line_1_92' title="bbox 625 4667 2206 4741; baseline 0.002 -21"><span class='ocrx_word' id='word_1_648' title='bbox 625 4686 794 4741; x_wconf 86' lang='lat' dir='ltr'><strong>quare</strong></span> <span class='ocrx_word' id='word_1_649' title='bbox 817 4685 923 4723; x_wconf 91' lang='lat' dir='ltr'><strong>non</strong></span> <span class='ocrx_word' id='word_1_650' title='bbox 978 4667 1257 4722; x_wconf 89' lang='lat' dir='ltr'><strong>erubescis</strong></span> <span class='ocrx_word' id='word_1_651' title='bbox 1310 4675 1386 4720; x_wconf 89' lang='lat' dir='ltr'><strong>tot</strong></span> <span class='ocrx_word' id='word_1_652' title='bbox 1434 4683 1687 4722; x_wconf 89' lang='lat' dir='ltr'><strong>nummos</strong></span> <span class='ocrx_word' id='word_1_653' title='bbox 1734 4669 2032 4738; x_wconf 78' lang='lat' dir='ltr'><strong>elllagitare</strong></span> <span class='ocrx_word' id='word_1_654' title='bbox 2071 4681 2206 4740; x_wconf 90' lang='lat' dir='ltr'><strong>quot</strong></span> 
     </span>
    </p>
   </div>
   <div class='ocr_carea' id='block_1_93' title="bbox 626 4760 2205 4828">
    <p class='ocr_par' dir='ltr' id='par_1_93' title="bbox 626 4760 2205 4828">
     <span class='ocr_line' id='line_1_93' title="bbox 626 4760 2205 4828; baseline -0.001 -12"><span class='ocrx_word' id='word_1_655' title='bbox 626 4763 992 4816; x_wconf 83' lang='lat' dir='ltr'><strong>suntnomina</strong></span> <span class='ocrx_word' id='word_1_656' title='bbox 1045 4760 1460 4826; x_wconf 82' lang='lat' dir='ltr'><strong>prephetarum,</strong></span> <span class='ocrx_word' id='word_1_657' title='bbox 1497 4775 1616 4828; x_wconf 74' lang='lat' dir='ltr'><strong>qua:</strong></span> <span class='ocrx_word' id='word_1_658' title='bbox 1667 4770 1846 4812; x_wconf 86' lang='lat' dir='ltr'><strong>tamen</strong></span> <span class='ocrx_word' id='word_1_659' title='bbox 1898 4775 2205 4816; x_wconf 78' lang='lat' dir='ltr'><strong>memorare</strong></span> 
     </span>
    </p>
   </div>
   <div class='ocr_carea' id='block_1_94' title="bbox 627 4850 2204 4923">
    <p class='ocr_par' dir='ltr' id='par_1_94' title="bbox 627 4850 2204 4923">
     <span class='ocr_line' id='line_1_94' title="bbox 627 4850 2204 4923; baseline -0.001 -15"><span class='ocrx_word' id='word_1_660' title='bbox 627 4871 732 4908; x_wconf 91' lang='lat' dir='ltr'><strong>non</strong></span> <span class='ocrx_word' id='word_1_661' title='bbox 765 4865 938 4923; x_wconf 87' lang='lat' dir='ltr'><strong>potes,</strong></span> <span class='ocrx_word' id='word_1_662' title='bbox 971 4860 1025 4904; x_wconf 90' lang='lat' dir='ltr'><strong>et</strong></span> <span class='ocrx_word' id='word_1_663' title='bbox 1056 4860 1181 4904; x_wconf 89' lang='lat' dir='ltr'><strong>sunt</strong></span> <span class='ocrx_word' id='word_1_664' title='bbox 1217 4851 1308 4903; x_wconf 92' lang='lat' dir='ltr'><strong>tibi</strong></span> <span class='ocrx_word' id='word_1_665' title='bbox 1363 4865 1590 4919; x_wconf 90' lang='lat' dir='ltr'><strong>prorsus</strong></span> <span class='ocrx_word' id='word_1_666' title='bbox 1641 4851 1843 4919; x_wconf 83' lang='lat' dir='ltr'><strong>ignota.</strong></span> <span class='ocrx_word' id='word_1_667' title='bbox 1880 4850 1985 4905; x_wconf 87' lang='lat' dir='ltr'><strong>Sed</strong></span> <span class='ocrx_word' id='word_1_668' title='bbox 2019 4853 2085 4906; x_wconf 89' lang='lat' dir='ltr'><strong>ad</strong></span> <span class='ocrx_word' id='word_1_669' title='bbox 2140 4867 2204 4907; x_wconf 86' lang='lat' dir='ltr'><strong>ea</strong></span> 
     </span>
    </p>
   </div>
   <div class='ocr_carea' id='block_1_95' title="bbox 627 4943 2214 5015">
    <p class='ocr_par' dir='ltr' id='par_1_95' title="bbox 627 4943 2214 5015">
     <span class='ocr_line' id='line_1_95' title="bbox 627 4943 2214 5015; baseline 0.001 -17"><span class='ocrx_word' id='word_1_670' title='bbox 627 4964 745 5015; x_wconf 70' lang='lat' dir='ltr'><strong>quae</strong></span> <span class='ocrx_word' id='word_1_671' title='bbox 765 4946 874 4999; x_wconf 77' lang='lat' dir='ltr'><strong>dixi</strong></span> <span class='ocrx_word' id='word_1_672' title='bbox 901 4959 1094 4997; x_wconf 87' lang='lat' dir='ltr'><strong>rursus</strong></span> <span class='ocrx_word' id='word_1_673' title='bbox 1137 4943 1366 5011; x_wconf 79' lang='lat' dir='ltr'><strong>regeris,</strong></span> <span class='ocrx_word' id='word_1_674' title='bbox 1386 4943 1654 4996; x_wconf 88' lang='lat' dir='ltr'><strong>Adamum</strong></span> <span class='ocrx_word' id='word_1_675' title='bbox 1683 4943 1850 4997; x_wconf 81' lang='lat' dir='ltr'><strong>fuisse</strong></span> <span class='ocrx_word' id='word_1_676' title='bbox 1893 4947 2214 5014; x_wconf 86' lang='lat' dir='ltr'><strong>prophetam</strong></span> 
     </span>
    </p>
   </div>
   <div class='ocr_carea' id='block_1_96' title="bbox 629 5035 2216 5108">
    <p class='ocr_par' dir='ltr' id='par_1_96' title="bbox 629 5035 2216 5108">
     <span class='ocr_line' id='line_1_96' title="bbox 629 5035 2216 5108; baseline 0.001 -16"><span class='ocrx_word' id='word_1_677' title='bbox 629 5040 890 5108; x_wconf 86' lang='lat' dir='ltr'><strong>primum;</strong></span> <span class='ocrx_word' id='word_1_678' title='bbox 913 5035 1342 5089; x_wconf 73' lang='lat' dir='ltr'><strong>Muhannnedem</strong></span> <span class='ocrx_word' id='word_1_679' title='bbox 1363 5051 1492 5090; x_wconf 84' lang='lat' dir='ltr'><strong>vero</strong></span> <span class='ocrx_word' id='word_1_680' title='bbox 1523 5037 1769 5089; x_wconf 88' lang='lat' dir='ltr'><strong>ultimum</strong></span> <span class='ocrx_word' id='word_1_681' title='bbox 1792 5036 1978 5092; x_wconf 81' lang='lat' dir='ltr'><strong>fuisse.</strong></span> <span class='ocrx_word' id='word_1_682' title='bbox 2010 5037 2216 5094; x_wconf 84' lang='lat' dir='ltr'><strong>lusulse</strong></span> 
     </span>
    </p>
   </div>
   <div class='ocr_carea' id='block_1_97' title="bbox 629 5127 2215 5196">
    <p class='ocr_par' dir='ltr' id='par_1_97' title="bbox 629 5127 2215 5196">
     <span class='ocr_line' id='line_1_97' title="bbox 629 5127 2215 5196; baseline 0.001 -11"><span class='ocrx_word' id='word_1_683' title='bbox 629 5140 683 5185; x_wconf 80' lang='lat' dir='ltr'><strong>et</strong></span> <span class='ocrx_word' id='word_1_684' title='bbox 709 5129 1065 5196; x_wconf 70' lang='lat' dir='ltr'><strong>extrajacens</strong></span> <span class='ocrx_word' id='word_1_685' title='bbox 1095 5128 1340 5181; x_wconf 85' lang='lat' dir='ltr'><strong>veritatis</strong></span> <span class='ocrx_word' id='word_1_686' title='bbox 1365 5129 1618 5182; x_wconf 89' lang='lat' dir='ltr'><strong>orbitam.</strong></span> <span class='ocrx_word' id='word_1_687' title='bbox 1655 5127 1709 5181; x_wconf 92' lang='lat' dir='ltr'><strong>ln</strong></span> <span class='ocrx_word' id='word_1_688' title='bbox 1743 5131 1906 5185; x_wconf 86' lang='lat' dir='ltr'><strong>variis</strong></span> <span class='ocrx_word' id='word_1_689' title='bbox 1962 5132 2096 5186; x_wconf 89' lang='lat' dir='ltr'><strong>locis</strong></span> <span class='ocrx_word' id='word_1_690' title='bbox 2121 5134 2215 5187; x_wconf 92' lang='lat' dir='ltr'><strong>de-</strong></span> 
     </span>
    </p>
   </div>
   <div class='ocr_carea' id='block_1_98' title="bbox 629 5219 2214 5292">
    <p class='ocr_par' dir='ltr' id='par_1_98' title="bbox 629 5219 2214 5292">
     <span class='ocr_line' id='line_1_98' title="bbox 629 5219 2214 5292; baseline 0.004 -19"><span class='ocrx_word' id='word_1_691' title='bbox 629 5221 894 5292; x_wconf 85' lang='lat' dir='ltr'><strong>prehendi</strong></span> <span class='ocrx_word' id='word_1_692' title='bbox 926 5229 976 5272; x_wconf 89' lang='lat' dir='ltr'><strong>te</strong></span> <span class='ocrx_word' id='word_1_693' title='bbox 1003 5219 1296 5283; x_wconf 89' lang='lat' dir='ltr'><strong>dicentem,</strong></span> <span class='ocrx_word' id='word_1_694' title='bbox 1332 5223 1474 5288; x_wconf 89' lang='lat' dir='ltr'><strong>quod</strong></span> <span class='ocrx_word' id='word_1_695' title='bbox 1511 5233 1633 5274; x_wconf 89' lang='lat' dir='ltr'><strong>erat</strong></span> <span class='ocrx_word' id='word_1_696' title='bbox 1665 5221 2040 5286; x_wconf 79' lang='lat' dir='ltr'><strong>Multatnmed,</strong></span> <span class='ocrx_word' id='word_1_697' title='bbox 2085 5237 2214 5280; x_wconf 90' lang='lat' dir='ltr'><strong>ante</strong></span> 
     </span>
    </p>
   </div>
   <div class='ocr_carea' id='block_1_99' title="bbox 2313 4674 3853 4754">
    <p class='ocr_par' dir='ltr' id='par_1_99' title="bbox 2313 4674 3853 4754">
     <span class='ocr_line' id='line_1_99' title="bbox 2313 4674 3853 4754; baseline -0.023 2"><span class='ocrx_word' id='word_1_698' title='bbox 2313 4683 2528 4754; x_wconf 77' lang='grc' dir='ltr'><strong>εὓρηκά</strong></span> <span class='ocrx_word' id='word_1_699' title='bbox 2567 4701 2652 4747; x_wconf 75' lang='grc' dir='ltr'><strong>σεν</strong></span> <span class='ocrx_word' id='word_1_700' title='bbox 2684 4684 2758 4746; x_wconf 82' lang='grc' dir='ltr'><strong>ὡς</strong></span> <span class='ocrx_word' id='word_1_701' title='bbox 2793 4684 2994 4752; x_wconf 73' lang='grc' dir='ltr'><strong>λέγεις,</strong></span> <span class='ocrx_word' id='word_1_702' title='bbox 3022 4685 3104 4736; x_wconf 82' lang='grc' dir='ltr'><strong>ὅτι</strong></span> <span class='ocrx_word' id='word_1_703' title='bbox 3129 4685 3156 4736; x_wconf 93' lang='grc' dir='ltr'><strong>ό</strong></span> <span class='ocrx_word' id='word_1_704' title='bbox 3184 4683 3480 4753; x_wconf 84' lang='grc' dir='ltr'><strong>Μουχάμετ</strong></span> <span class='ocrx_word' id='word_1_705' title='bbox 3524 4683 3630 4751; x_wconf 86' lang='grc' dir='ltr'><strong>πρὸ</strong></span> <span class='ocrx_word' id='word_1_706' title='bbox 3657 4674 3853 4734; x_wconf 75' lang='grc' dir='ltr'><strong>καταϐο-</strong></span> 
     </span>
    </p>
   </div>
   <div class='ocr_carea' id='block_1_100' title="bbox 2313 4762 3850 4847">
    <p class='ocr_par' dir='ltr' id='par_1_100' title="bbox 2313 4762 3850 4847">
     <span class='ocr_line' id='line_1_100' title="bbox 2313 4762 3850 4847; baseline -0.016 -7"><span class='ocrx_word' id='word_1_707' title='bbox 2313 4777 2411 4847; x_wconf 83' lang='grc' dir='ltr'><strong>λῆς</strong></span> <span class='ocrx_word' id='word_1_708' title='bbox 2450 4775 2656 4839; x_wconf 78' lang='grc' dir='ltr'><strong>κόσμου</strong></span> <span class='ocrx_word' id='word_1_709' title='bbox 2717 4772 2806 4846; x_wconf 82' lang='grc' dir='ltr'><strong>ἦν.</strong></span> <span class='ocrx_word' id='word_1_710' title='bbox 2860 4777 2970 4829; x_wconf 90' lang='lat' dir='ltr'><strong>Kal</strong></span> <span class='ocrx_word' id='word_1_711' title='bbox 3021 4776 3381 4846; x_wconf 77' lang='grc' dir='ltr'><strong>ἐρωτώμενος</strong></span> <span class='ocrx_word' id='word_1_712' title='bbox 3439 4775 3569 4845; x_wconf 84' lang='grc' dir='ltr'><strong>παρ’</strong></span> <span class='ocrx_word' id='word_1_713' title='bbox 3618 4771 3742 4844; x_wconf 75' lang='grc' dir='ltr'><strong>ἐμοῦ</strong></span> <span class='ocrx_word' id='word_1_714' title='bbox 3769 4762 3850 4819; x_wconf 83' lang='grc' dir='ltr'><strong>ποῦ</strong></span> 
     </span>
    </p>
   </div>
   <div class='ocr_carea' id='block_1_101' title="bbox 2317 4862 3850 4938">
    <p class='ocr_par' dir='ltr' id='par_1_101' title="bbox 2317 4862 3850 4938">
     <span class='ocr_line' id='line_1_101' title="bbox 2317 4862 3850 4938; baseline -0.003 -18"><span class='ocrx_word' id='word_1_715' title='bbox 2317 4867 2616 4928; x_wconf 81' lang='grc' dir='ltr'><strong>ἐκατοίκει,</strong></span> <span class='ocrx_word' id='word_1_716' title='bbox 2671 4870 2768 4920; x_wconf 75' lang='grc' dir='ltr'><strong>καὶ</strong></span> <span class='ocrx_word' id='word_1_717' title='bbox 2820 4867 3024 4936; x_wconf 76' lang='grc' dir='ltr'><strong>λέγεις·</strong></span> <span class='ocrx_word' id='word_1_718' title='bbox 3064 4867 3286 4930; x_wconf 74' lang='grc' dir='ltr'><strong>Μεταξὺ</strong></span> <span class='ocrx_word' id='word_1_719' title='bbox 3339 4867 3514 4938; x_wconf 78' lang='grc' dir='ltr'><strong>πηλοῦ</strong></span> <span class='ocrx_word' id='word_1_720' title='bbox 3569 4868 3659 4920; x_wconf 72' lang='grc' dir='ltr'><strong>καὶ</strong></span> <span class='ocrx_word' id='word_1_721' title='bbox 3697 4862 3850 4916; x_wconf 74' lang='grc' dir='ltr'><strong>ὓδατος</strong></span> 
     </span>
    </p>
   </div>
   <div class='ocr_carea' id='block_1_102' title="bbox 2313 4952 3846 5031">
    <p class='ocr_par' dir='ltr' id='par_1_102' title="bbox 2313 4952 3846 5031">
     <span class='ocr_line' id='line_1_102' title="bbox 2313 4952 3846 5031; baseline -0.003 -18"><span class='ocrx_word' id='word_1_722' title='bbox 2313 4961 2635 5031; x_wconf 79' lang='grc' dir='ltr'><strong>ἐκρύπτετο.</strong></span> <span class='ocrx_word' id='word_1_723' title='bbox 2660 4961 2768 5012; x_wconf 73' lang='lat' dir='ltr'><strong>Kal</strong></span> <span class='ocrx_word' id='word_1_724' title='bbox 2796 4960 2980 5012; x_wconf 84' lang='grc' dir='ltr'><strong>λοιπὸν</strong></span> <span class='ocrx_word' id='word_1_725' title='bbox 3003 4959 3118 5021; x_wconf 86' lang='grc' dir='ltr'><strong>πῶς</strong></span> <span class='ocrx_word' id='word_1_726' title='bbox 3138 4959 3365 5026; x_wconf 79' lang='grc' dir='ltr'><strong>ὕστερόν</strong></span> <span class='ocrx_word' id='word_1_727' title='bbox 3389 4962 3536 5012; x_wconf 84' lang='grc' dir='ltr'><strong>ἐστιν</strong></span> <span class='ocrx_word' id='word_1_728' title='bbox 3556 4959 3646 5012; x_wconf 82' lang='grc' dir='ltr'><strong>τοῦ</strong></span> <span class='ocrx_word' id='word_1_729' title='bbox 3681 4952 3846 5018; x_wconf 69' lang='grc' dir='ltr'><strong>Ἀδὰμ,</strong></span> 
     </span>
    </p>
   </div>
   <div class='ocr_carea' id='block_1_103' title="bbox 2316 5040 3850 5130">
    <p class='ocr_par' dir='ltr' id='par_1_103' title="bbox 2316 5040 3850 5130">
     <span class='ocr_line' id='line_1_103' title="bbox 2316 5040 3850 5130; baseline -0.004 -24"><span class='ocrx_word' id='word_1_730' title='bbox 2316 5054 2508 5124; x_wconf 80' lang='grc' dir='ltr'><strong>ἐπειδὴ</strong></span> <span class='ocrx_word' id='word_1_731' title='bbox 2545 5054 2654 5124; x_wconf 76' lang='grc' dir='ltr'><strong>πρὸ</strong></span> <span class='ocrx_word' id='word_1_732' title='bbox 2723 5054 3046 5124; x_wconf 81' lang='grc' dir='ltr'><strong>καταὸολῆς</strong></span> <span class='ocrx_word' id='word_1_733' title='bbox 3096 5053 3308 5124; x_wconf 87' lang='grc' dir='ltr'><strong>κόσμου</strong></span> <span class='ocrx_word' id='word_1_734' title='bbox 3361 5049 3747 5130; x_wconf 40' lang='grc' dir='ltr'><strong>ὑπῆρχενγΣὺ</strong></span> <span class='ocrx_word' id='word_1_735' title='bbox 3776 5040 3850 5096; x_wconf 72' lang='grc' dir='ltr'><strong>καὶ</strong></span> 
     </span>
    </p>
   </div>
   <div class='ocr_carea' id='block_1_104' title="bbox 2316 5136 3846 5212">
    <p class='ocr_par' dir='ltr' id='par_1_104' title="bbox 2316 5136 3846 5212">
     <span class='ocr_line' id='line_1_104' title="bbox 2316 5136 3846 5212; baseline -0.005 -19"><span class='ocrx_word' id='word_1_736' title='bbox 2316 5141 2448 5194; x_wconf 77' lang='grc' dir='ltr'><strong>αὐτὸ</strong></span> <span class='ocrx_word' id='word_1_737' title='bbox 2477 5140 2677 5209; x_wconf 81' lang='grc' dir='ltr'><strong>λέγεις.</strong></span> <span class='ocrx_word' id='word_1_738' title='bbox 2707 5141 2779 5194; x_wconf 79' lang='grc' dir='ltr'><strong>Σὺ</strong></span> <span class='ocrx_word' id='word_1_739' title='bbox 2820 5142 2916 5194; x_wconf 76' lang='grc' dir='ltr'><strong>καὶ</strong></span> <span class='ocrx_word' id='word_1_740' title='bbox 2948 5141 3302 5212; x_wconf 82' lang='grc' dir='ltr'><strong>ἀνατρέπεις,</strong></span> <span class='ocrx_word' id='word_1_741' title='bbox 3357 5142 3453 5195; x_wconf 73' lang='lat' dir='ltr'><strong>xal</strong></span> <span class='ocrx_word' id='word_1_742' title='bbox 3486 5142 3601 5206; x_wconf 85' lang='grc' dir='ltr'><strong>πῶς</strong></span> <span class='ocrx_word' id='word_1_743' title='bbox 3633 5139 3724 5192; x_wconf 81' lang='grc' dir='ltr'><strong>οὐκ</strong></span> <span class='ocrx_word' id='word_1_744' title='bbox 3751 5136 3846 5202; x_wconf 67' lang='grc' dir='ltr'><strong>ἐρυθ</strong></span> 
     </span>
    </p>
   </div>
   <div class='ocr_carea' id='block_1_105' title="bbox 2318 5229 2880 5301">
    <p class='ocr_par' dir='ltr' id='par_1_105' title="bbox 2318 5229 2880 5301">
     <span class='ocr_line' id='line_1_105' title="bbox 2318 5229 2880 5301; baseline 0 -19"><span class='ocrx_word' id='word_1_745' title='bbox 2318 5230 2498 5301; x_wconf 78' lang='grc' dir='ltr'><strong>θριᾷς,</strong></span> <span class='ocrx_word' id='word_1_746' title='bbox 2536 5229 2808 5296; x_wconf 79' lang='grc' dir='ltr'><strong>άσύνετε;</strong></span> <span class='ocrx_word' id='word_1_747' title='bbox 2871 5285 2880 5292; x_wconf 65' lang='grc'><strong>,</strong></span> 
     </span>
    </p>
   </div>
   <div class='ocr_carea' id='block_1_106' title="bbox 621 5309 3845 5388">
    <p class='ocr_par' dir='ltr' id='par_1_106' title="bbox 621 5309 3845 5388">
     <span class='ocr_line' id='line_1_106' title="bbox 621 5309 3845 5388; baseline -0.003 -13"><span class='ocrx_word' id='word_1_748' title='bbox 621 5311 977 5386; x_wconf 73' lang='lat' dir='ltr'><strong>jaclamllmli</strong></span> <span class='ocrx_word' id='word_1_749' title='bbox 1013 5309 1386 5375; x_wconf 64' lang='grc' dir='ltr'><strong>Ῐυηάδίιιθηῑθ.</strong></span> <span class='ocrx_word' id='word_1_750' title='bbox 1418 5324 1474 5367; x_wconf 80' lang='lat' dir='ltr'><strong>et</strong></span> <span class='ocrx_word' id='word_1_751' title='bbox 1509 5322 1728 5383; x_wconf 85' lang='lat' dir='ltr'><strong>rogatus</strong></span> <span class='ocrx_word' id='word_1_752' title='bbox 1781 5330 1808 5366; x_wconf 89' lang='lat' dir='ltr'><strong>a</strong></span> <span class='ocrx_word' id='word_1_753' title='bbox 1842 5331 1926 5369; x_wconf 88' lang='lat' dir='ltr'><strong>me</strong></span> <span class='ocrx_word' id='word_1_754' title='bbox 1985 5319 2206 5374; x_wconf 89' lang='lat' dir='ltr'><strong>ubinam</strong></span> <span class='ocrx_word' id='word_1_755' title='bbox 2272 5324 2572 5388; x_wconf 85' lang='lat' dir='ltr'><strong>habitabat,</strong></span> <span class='ocrx_word' id='word_1_756' title='bbox 2645 5325 2848 5378; x_wconf 79' lang='lat' dir='ltr'><strong>asseris</strong></span> <span class='ocrx_word' id='word_1_757' title='bbox 2909 5323 3058 5377; x_wconf 90' lang='lat' dir='ltr'><strong>illum</strong></span> <span class='ocrx_word' id='word_1_758' title='bbox 3085 5322 3412 5376; x_wconf 83' lang='lat' dir='ltr'><strong>occultatum</strong></span> <span class='ocrx_word' id='word_1_759' title='bbox 3447 5325 3610 5378; x_wconf 81' lang='lat' dir='ltr'><strong>fuisse</strong></span> <span class='ocrx_word' id='word_1_760' title='bbox 3637 5323 3761 5376; x_wconf 87' lang='lat' dir='ltr'><strong>inter</strong></span> <span class='ocrx_word' id='word_1_761' title='bbox 3782 5315 3845 5365; x_wconf 88' lang='lat' dir='ltr'><strong>lu-</strong></span> 
     </span>
    </p>
   </div>
   <div class='ocr_carea' id='block_1_107' title="bbox 629 5400 3846 5486">
    <p class='ocr_par' dir='ltr' id='par_1_107' title="bbox 629 5400 3846 5486">
     <span class='ocr_line' id='line_1_107' title="bbox 629 5400 3846 5486; baseline 0 -25"><span class='ocrx_word' id='word_1_762' title='bbox 629 5421 740 5480; x_wconf 80' lang='lat' dir='ltr'><strong>ttttn</strong></span> <span class='ocrx_word' id='word_1_763' title='bbox 764 5417 820 5460; x_wconf 91' lang='lat' dir='ltr'><strong>et</strong></span> <span class='ocrx_word' id='word_1_764' title='bbox 844 5419 1063 5474; x_wconf 78' lang='lat' dir='ltr'><strong>aquam.</strong></span> <span class='ocrx_word' id='word_1_765' title='bbox 1099 5400 1155 5454; x_wconf 91' lang='lat' dir='ltr'><strong>Si</strong></span> <span class='ocrx_word' id='word_1_766' title='bbox 1192 5415 1320 5454; x_wconf 87' lang='lat' dir='ltr'><strong>vero</strong></span> <span class='ocrx_word' id='word_1_767' title='bbox 1354 5418 1439 5458; x_wconf 82' lang='lat' dir='ltr'><strong>res</strong></span> <span class='ocrx_word' id='word_1_768' title='bbox 1487 5405 1559 5457; x_wconf 86' lang='lat' dir='ltr'><strong>ita</strong></span> <span class='ocrx_word' id='word_1_769' title='bbox 1604 5422 1662 5458; x_wconf 88' lang='lat' dir='ltr'><strong>se</strong></span> <span class='ocrx_word' id='word_1_770' title='bbox 1693 5405 1909 5472; x_wconf 87' lang='lat' dir='ltr'><strong>habeat,</strong></span> <span class='ocrx_word' id='word_1_771' title='bbox 1937 5415 2207 5480; x_wconf 86' lang='lat' dir='ltr'><strong>quomodo</strong></span> <span class='ocrx_word' id='word_1_772' title='bbox 2263 5424 2348 5467; x_wconf 81' lang='lat' dir='ltr'><strong>est</strong></span> <span class='ocrx_word' id='word_1_773' title='bbox 2409 5425 2653 5486; x_wconf 82' lang='lat' dir='ltr'><strong>tempore</strong></span> <span class='ocrx_word' id='word_1_774' title='bbox 2715 5418 2924 5470; x_wconf 83' lang='lat' dir='ltr'><strong>Adamo</strong></span> <span class='ocrx_word' id='word_1_775' title='bbox 2972 5416 3260 5482; x_wconf 85' lang='lat' dir='ltr'><strong>posterior.</strong></span> <span class='ocrx_word' id='word_1_776' title='bbox 3309 5418 3352 5470; x_wconf 91' lang='lat' dir='ltr'><strong>si</strong></span> <span class='ocrx_word' id='word_1_777' title='bbox 3389 5416 3638 5470; x_wconf 85' lang='lat' dir='ltr'><strong>nimirum</strong></span> <span class='ocrx_word' id='word_1_778' title='bbox 3680 5406 3846 5465; x_wconf 80' lang='lat' dir='ltr'><strong>exslilil</strong></span> 
     </span>
    </p>
   </div>
   <div class='ocr_carea' id='block_1_108' title="bbox 627 5498 3840 5582">
    <p class='ocr_par' dir='ltr' id='par_1_108' title="bbox 627 5498 3840 5582">
     <span class='ocr_line' id='line_1_108' title="bbox 627 5498 3840 5582; baseline -0.001 -22"><span class='ocrx_word' id='word_1_779' title='bbox 627 5517 750 5560; x_wconf 88' lang='lat' dir='ltr'><strong>ante</strong></span> <span class='ocrx_word' id='word_1_780' title='bbox 775 5500 1050 5558; x_wconf 79' lang='lat' dir='ltr'><strong>conditum</strong></span> <span class='ocrx_word' id='word_1_781' title='bbox 1085 5498 1382 5551; x_wconf 77' lang='lat' dir='ltr'><strong>mundum?</strong></span> <span class='ocrx_word' id='word_1_782' title='bbox 1414 5498 1496 5554; x_wconf 88' lang='lat' dir='ltr'><strong>Tu</strong></span> <span class='ocrx_word' id='word_1_783' title='bbox 1550 5501 1691 5556; x_wconf 90' lang='lat' dir='ltr'><strong>idem</strong></span> <span class='ocrx_word' id='word_1_784' title='bbox 1733 5504 1935 5559; x_wconf 89' lang='lat' dir='ltr'><strong>asseris</strong></span> <span class='ocrx_word' id='word_1_785' title='bbox 1965 5516 2014 5561; x_wconf 87' lang='lat' dir='ltr'><strong>et</strong></span> <span class='ocrx_word' id='word_1_786' title='bbox 2049 5510 2270 5564; x_wconf 87' lang='lat' dir='ltr'><strong>evertis.</strong></span> <span class='ocrx_word' id='word_1_787' title='bbox 2308 5510 2352 5565; x_wconf 90' lang='grc' dir='ltr'>Ο</span> <span class='ocrx_word' id='word_1_788' title='bbox 2418 5513 2595 5566; x_wconf 82' lang='lat' dir='ltr'><strong>omnis</strong></span> <span class='ocrx_word' id='word_1_789' title='bbox 2625 5511 2954 5582; x_wconf 79' lang='lat' dir='ltr'><strong>cognitionis</strong></span> <span class='ocrx_word' id='word_1_790' title='bbox 3009 5526 3226 5581; x_wconf 79' lang='lat' dir='ltr'><strong>expers,</strong></span> <span class='ocrx_word' id='word_1_791' title='bbox 3268 5526 3436 5580; x_wconf 86' lang='lat' dir='ltr'><strong>quare</strong></span> <span class='ocrx_word' id='word_1_792' title='bbox 3501 5517 3557 5574; x_wconf 69' lang='lat' dir='ltr'><strong>tu</strong></span> <span class='ocrx_word' id='word_1_793' title='bbox 3614 5524 3711 5562; x_wconf 89' lang='lat' dir='ltr'><strong>non</strong></span> <span class='ocrx_word' id='word_1_794' title='bbox 3742 5514 3840 5557; x_wconf 83' lang='lat' dir='ltr'><strong>eru-</strong></span> 
     </span>
    </p>
   </div>
   <div class='ocr_carea' id='block_1_109' title="bbox 625 5597 841 5656">
    <p class='ocr_par' dir='ltr' id='par_1_109' title="bbox 625 5597 841 5656">
     <span class='ocr_line' id='line_1_109' title="bbox 625 5597 841 5656; baseline -0.014 -3"><span class='ocrx_word' id='word_1_795' title='bbox 625 5602 798 5656; x_wconf 66' lang='lat' dir='ltr'><strong>bt&#39;s&#39;ttis</strong></span> <span class='ocrx_word' id='word_1_796' title='bbox 819 5597 841 5650; x_wconf 82' lang='lat'><strong>?</strong></span> 
     </span>
    </p>
   </div>
   <div class='ocr_carea' id='block_1_110' title="bbox 696 5689 2204 5758">
    <p class='ocr_par' dir='ltr' id='par_1_110' title="bbox 696 5689 2204 5758">
     <span class='ocr_line' id='line_1_110' title="bbox 696 5689 2204 5758; baseline -0.001 -8"><span class='ocrx_word' id='word_1_797' title='bbox 696 5699 800 5750; x_wconf 88' lang='lat' dir='ltr'><strong>Sed</strong></span> <span class='ocrx_word' id='word_1_798' title='bbox 832 5697 1026 5750; x_wconf 82' lang='lat' dir='ltr'><strong>iterum</strong></span> <span class='ocrx_word' id='word_1_799' title='bbox 1059 5705 1111 5750; x_wconf 92' lang='lat' dir='ltr'><strong>te</strong></span> <span class='ocrx_word' id='word_1_800' title='bbox 1134 5689 1483 5758; x_wconf 83' lang='lat' dir='ltr'><strong>interrogabo</strong></span> <span class='ocrx_word' id='word_1_801' title='bbox 1515 5702 1530 5739; x_wconf 89' lang='lat'><strong>:</strong></span> <span class='ocrx_word' id='word_1_802' title='bbox 1571 5689 1656 5742; x_wconf 88' lang='lat' dir='ltr'><strong>dic</strong></span> <span class='ocrx_word' id='word_1_803' title='bbox 1677 5703 1807 5757; x_wconf 80' lang='lat' dir='ltr'><strong>ergo</strong></span> <span class='ocrx_word' id='word_1_804' title='bbox 1839 5691 1967 5746; x_wconf 89' lang='lat' dir='ltr'><strong>mihi</strong></span> <span class='ocrx_word' id='word_1_805' title='bbox 2004 5695 2094 5748; x_wconf 91' lang='lat' dir='ltr'><strong>ubi</strong></span> <span class='ocrx_word' id='word_1_806' title='bbox 2149 5703 2204 5749; x_wconf 88' lang='lat' dir='ltr'><strong>et</strong></span> 
     </span>
    </p>
   </div>
   <div class='ocr_carea' id='block_1_111' title="bbox 625 5783 2211 5855">
    <p class='ocr_par' dir='ltr' id='par_1_111' title="bbox 625 5783 2211 5855">
     <span class='ocr_line' id='line_1_111' title="bbox 625 5783 2211 5855; baseline 0.001 -17"><span class='ocrx_word' id='word_1_807' title='bbox 625 5790 839 5855; x_wconf 81' lang='lat' dir='ltr'><strong>quando</strong></span> <span class='ocrx_word' id='word_1_808' title='bbox 861 5800 1020 5842; x_wconf 88' lang='lat' dir='ltr'><strong>natus</strong></span> <span class='ocrx_word' id='word_1_809' title='bbox 1067 5797 1153 5842; x_wconf 76' lang='lat' dir='ltr'><strong>est</strong></span> <span class='ocrx_word' id='word_1_810' title='bbox 1183 5783 1550 5848; x_wconf 83' lang='lat' dir='ltr'><strong>Mubammed,</strong></span> <span class='ocrx_word' id='word_1_811' title='bbox 1595 5796 1704 5851; x_wconf 91' lang='lat' dir='ltr'><strong>quo</strong></span> <span class='ocrx_word' id='word_1_812' title='bbox 1760 5783 2060 5853; x_wconf 78' lang='lat' dir='ltr'><strong>profectus,</strong></span> <span class='ocrx_word' id='word_1_813' title='bbox 2091 5787 2211 5840; x_wconf 82' lang='lat' dir='ltr'><strong>tibi-</strong></span> 
     </span>
    </p>
   </div>
   <div class='ocr_carea' id='block_1_112' title="bbox 633 5873 2206 5946">
    <p class='ocr_par' dir='ltr' id='par_1_112' title="bbox 633 5873 2206 5946">
     <span class='ocr_line' id='line_1_112' title="bbox 633 5873 2206 5946; baseline -0.004 -13"><span class='ocrx_word' id='word_1_814' title='bbox 633 5895 754 5933; x_wconf 74' lang='lat' dir='ltr'><strong>nam</strong></span> <span class='ocrx_word' id='word_1_815' title='bbox 783 5889 1027 5934; x_wconf 89' lang='lat' dir='ltr'><strong>mortuus</strong></span> <span class='ocrx_word' id='word_1_816' title='bbox 1063 5887 1117 5934; x_wconf 89' lang='lat' dir='ltr'><strong>et</strong></span> <span class='ocrx_word' id='word_1_817' title='bbox 1140 5873 1535 5934; x_wconf 84' lang='lat' dir='ltr'><strong>humanitatem</strong></span> <span class='ocrx_word' id='word_1_818' title='bbox 1566 5873 1740 5944; x_wconf 71' lang='lat' dir='ltr'><strong>exuit,</strong></span> <span class='ocrx_word' id='word_1_819' title='bbox 1807 5885 1901 5931; x_wconf 91' lang='lat' dir='ltr'><strong>aut</strong></span> <span class='ocrx_word' id='word_1_820' title='bbox 1933 5880 2206 5946; x_wconf 84' lang='lat' dir='ltr'><strong>quomodo</strong></span> 
     </span>
    </p>
   </div>
   <div class='ocr_carea' id='block_1_113' title="bbox 2399 5687 3839 5776">
    <p class='ocr_par' dir='ltr' id='par_1_113' title="bbox 2399 5687 3839 5776">
     <span class='ocr_line' id='line_1_113' title="bbox 2399 5687 3839 5776; baseline -0.007 -23"><span class='ocrx_word' id='word_1_821' title='bbox 2399 5698 2540 5752; x_wconf 79' lang='grc' dir='ltr'><strong>Ἀλλ’</strong></span> <span class='ocrx_word' id='word_1_822' title='bbox 2567 5699 2759 5770; x_wconf 85' lang='grc' dir='ltr'><strong>ἐρωτῶ</strong></span> <span class='ocrx_word' id='word_1_823' title='bbox 2784 5717 2846 5753; x_wconf 85' lang='grc' dir='ltr'><strong>σε</strong></span> <span class='ocrx_word' id='word_1_824' title='bbox 2877 5699 3060 5763; x_wconf 78' lang='grc' dir='ltr'><strong>πάλιν,</strong></span> <span class='ocrx_word' id='word_1_825' title='bbox 3089 5696 3183 5750; x_wconf 72' lang='grc' dir='ltr'><strong>καὶ</strong></span> <span class='ocrx_word' id='word_1_826' title='bbox 3204 5696 3327 5749; x_wconf 81' lang='grc' dir='ltr'><strong>εἰπέ</strong></span> <span class='ocrx_word' id='word_1_827' title='bbox 3359 5711 3469 5765; x_wconf 84' lang='grc' dir='ltr'><strong>μοι,</strong></span> <span class='ocrx_word' id='word_1_828' title='bbox 3496 5693 3622 5760; x_wconf 81' lang='grc' dir='ltr'><strong>ποῦ,</strong></span> <span class='ocrx_word' id='word_1_829' title='bbox 3640 5687 3839 5776; x_wconf 76' lang='grc' dir='ltr'><strong>καὶ</strong></span> 
     </span>
    </p>
   </div>
   <div class='ocr_carea' id='block_1_114' title="bbox 2311 5778 3838 5869">
    <p class='ocr_par' dir='ltr' id='par_1_114' title="bbox 2311 5778 3838 5869">
     <span class='ocr_line' id='line_1_114' title="bbox 2311 5778 3838 5869; baseline -0.013 -26"><span class='ocrx_word' id='word_1_830' title='bbox 2311 5789 2583 5862; x_wconf 86' lang='grc' dir='ltr'><strong>ἐγεννήθη</strong></span> <span class='ocrx_word' id='word_1_831' title='bbox 2615 5792 2645 5844; x_wconf 92' lang='lat'><strong>6</strong></span> <span class='ocrx_word' id='word_1_832' title='bbox 2672 5789 3010 5860; x_wconf 83' lang='grc' dir='ltr'><strong>Μουχάμετ,</strong></span> <span class='ocrx_word' id='word_1_833' title='bbox 3044 5787 3140 5840; x_wconf 70' lang='grc' dir='ltr'><strong>καὶ</strong></span> <span class='ocrx_word' id='word_1_834' title='bbox 3181 5783 3282 5837; x_wconf 79' lang='grc' dir='ltr'><strong>ποῦ</strong></span> <span class='ocrx_word' id='word_1_835' title='bbox 3307 5781 3617 5853; x_wconf 68' lang='grc' dir='ltr'><strong>ἐπορεύετο,</strong></span> <span class='ocrx_word' id='word_1_836' title='bbox 3643 5778 3728 5831; x_wconf 79' lang='grc' dir='ltr'><strong>καὶ</strong></span> 
     </span>
    </p>
   </div>
   <div class='ocr_carea' id='block_1_115' title="bbox 2307 5866 3837 5953">
    <p class='ocr_par' dir='ltr' id='par_1_115' title="bbox 2307 5866 3837 5953">
     <span class='ocr_line' id='line_1_115' title="bbox 2307 5866 3837 5953; baseline -0.015 -18"><span class='ocrx_word' id='word_1_837' title='bbox 2307 5882 2601 5951; x_wconf 78' lang='grc' dir='ltr'><strong>ἀπέθανεν,</strong></span> <span class='ocrx_word' id='word_1_838' title='bbox 2639 5884 2670 5953; x_wconf 83' lang='grc' dir='ltr'>ἢ</span> <span class='ocrx_word' id='word_1_839' title='bbox 2710 5884 2738 5935; x_wconf 88' lang='grc' dir='ltr'><strong>ό</strong></span> <span class='ocrx_word' id='word_1_840' title='bbox 2771 5882 2953 5952; x_wconf 83' lang='grc' dir='ltr'><strong>πατὴρ</strong></span> <span class='ocrx_word' id='word_1_841' title='bbox 2999 5878 3186 5946; x_wconf 75' lang='grc' dir='ltr'><strong>αὑτοῦ,</strong></span> <span class='ocrx_word' id='word_1_842' title='bbox 3224 5875 3318 5930; x_wconf 70' lang='grc' dir='ltr'><strong>καὶ</strong></span> <span class='ocrx_word' id='word_1_843' title='bbox 3383 5877 3409 5929; x_wconf 89' lang='lat'><strong>6</strong></span> <span class='ocrx_word' id='word_1_844' title='bbox 3459 5873 3676 5934; x_wconf 80' lang='grc' dir='ltr'><strong>πάππος</strong></span> <span class='ocrx_word' id='word_1_845' title='bbox 3709 5866 3837 5922; x_wconf 69' lang='grc' dir='ltr'><strong>αὐτου</strong></span> 
     </span>
    </p>
   </div>
  </div>
