4146 6430
401 426 535 492 1417

1602 425 2084 489 CONFUTATIO
2126 428 2435 490 AGAREN
2445 430 2468 489 Ι
2481 477 2495 491 .

3528 433 3670 502 1418

393 542 512 605 πῶς
552 539 840 595 καλεῖται’
870 539 1051 595 πάντα
1071 540 1130 593 ού
1164 539 1478 608 γινώσκεις.
1515 539 1658 593 Ἀλλ’
1688 541 1800 609 ἐγὼ
1822 541 1976 610 γινὼ-

2089 551 2253 613 pater
2298 543 2443 599 illius
2493 552 2584 598 aut
2625 556 2760 600 avus
2806 544 3123 601 vocabatur.
3171 544 3278 601 ista
3313 548 3497 604 omnia
3562 566 3671 607 non

396 650 533 699 σκω,
579 634 676 687 καὶ
725 633 905 696 καλῶς
960 632 1289 702 ἐπίσταμαι.
1355 632 1481 685 Ἐὰν
1530 634 1751 701 ἀγνοεῖς
1800 635 1871 687 τὰ
1915 633 1985 687 σὰ

394 734 726 797 γράμματα,
760 725 854 778 καὶ
870 726 940 778 τὰ
959 724 1089 794 ἐμά.
1120 723 1236 777 Κᾶν
1264 725 1327 776 σὺ
1355 723 1423 777 τὰ
1455 724 1562 793 ἐμά
1582 726 1643 778 οὐ
1668 724 1983 793 γινώσκεις,

392 819 630 873 ἄκουσον
661 819 848 872 λοιπὸν
874 817 968 871 ἀπ’
1019 817 1177 889 ἐμοῦ,
1235 819 1329 871 καὶ
1383 817 1667 888 διδάχθητι
1712 818 1774 870 ού
1822 819 1985 888 μόνον

396 914 527 980 περὶ
560 910 654 962 τοῦ
688 910 925 964 πάππου
952 909 1144 972 αὑτοῦ,
1173 909 1309 963 ἀλλὰ
1340 911 1435 963 καὶ
1466 910 1570 973 ἓως
1603 912 1801 978 γενεὰς
1850 912 1984 965 δέκα

392 1006 505 1065 τοῖς
533 1003 756 1057 ἑαυτοῦ.
803 1001 946 1071 Ἐγὼ
977 1002 1033 1054 δὲ
1067 1002 1155 1054 διὰ
1188 1002 1536 1055 ἀναδιδάσκω
1567 1001 1659 1054 τὸν
1700 1003 1813 1055 υἱόν
1856 1017 1979 1072 μου·

392 1094 488 1147 τον
528 1097 583 1148 δὲ
617 1095 731 1147 υἱόν
761 1112 862 1164 μου
912 1095 1015 1148 οὐκ
1060 1094 1340 1160 ἐνδέχεται
1374 1093 1534 1147 τοῦτο
1569 1098 1767 1160 ποιεῖν,
1809 1096 1891 1149 ὅτι
1919 1096 1982 1149 οὐ

391 1186 639 1242 δύιαται.
674 1185 832 1240 υῦτω
862 1187 972 1259 γὰρ
998 1188 1094 1241 καὶ
1144 1187 1300 1255 ὑμεῖς
1334 1186 1394 1238 ού
1448 1186 1678 1239 δύνασθε
1726 1188 1857 1259 περὶ
1885 1188 1980 1243 τοῦ

394 1279 696 1349 Μουχάμετ
731 1278 978 1349 ἀκριϐῶς
1005 1279 1227 1343 εἰδέναι,
1259 1278 1333 1341 ὡς
1359 1278 1523 1349 ἡμεῖς
1543 1280 1591 1330 οί
1616 1280 1939 1350 Χριστιανοί
1963 1297 1977 1311 ’

388 1369 527 1421 διότι
558 1371 718 1439 ἡμεῖς
750 1370 857 1440 πρὸ
890 1369 984 1422 τοῦ
1011 1371 1318 1439 Μουχάμετ
1361 1368 1550 1437 ἐσμὲν,
1600 1371 1696 1422 καὶ
1735 1371 1984 1441 ἀκριϐῶς

394 1462 466 1515 τὰ
491 1462 611 1515 κατ’
641 1463 809 1516 αὐτοῦ
837 1463 1072 1517 ἅπαντα.
1102 1464 1293 1533 Ὅμως
1326 1465 1419 1517 καὶ
1463 1462 1560 1515 ἐὰν
1584 1463 1766 1516 οἴδατε
1798 1463 1981 1534 ὑμεῖς,

391 1552 611 1619 δείξατε
643 1557 778 1625 ἡμῖν
805 1556 938 1627 περὶ⁵
984 1556 1085 1626 τῆς
1121 1557 1431 1626 γεννήσεως
1480 1556 1647 1609 αὑτοῦ
1683 1556 1786 1611 κᾶν
1852 1556 1984 1628 μίαν

392 1648 613 1719 ἑορτὴν,
647 1648 747 1700 καὶ
802 1649 932 1719 περὶ
988 1647 1083 1701 τοῦ
1131 1647 1514 1718 ἀναληφθῆναι
1549 1648 1712 1702 αὐτὸν
1760 1651 1844 1711 είς
1889 1648 1984 1701 τὸν

389 1736 641 1806 οὐρανόν.
680 1736 817 1789 Εἰπέ
876 1754 990 1808 μοι,
1057 1736 1110 1789 τί
1162 1737 1479 1808 ἐορτάζειςς
1523 1738 1556 1809 ἢ
1615 1737 1715 1791 καὶ
1767 1738 1854 1791 διὰ
1882 1738 1983 1810 τὴν

391 1829 560 1901 θανὴν
589 1828 782 1894 αὐτοῦ,
836 1830 932 1883 καὶ
977 1828 1082 1883 ποῦ
1124 1829 1323 1899 ἐτάφη,
1369 1830 1466 1882 καὶ
1501 1830 1585 1892 τίς
1636 1828 1982 1901 ήψαλμῳδία

2086 636 2252 702 nosti,
2275 636 2492 690 illorum
2528 651 2660 691 vero
2695 651 2801 692 non
2834 652 2953 692 sum
2990 637 3234 706 ignarus,
3267 638 3377 694 imo
3410 655 3472 696 ea
3500 645 3672 711 probo

2085 728 2233 780 novi.
2276 727 2498 796 Ignoras
2528 727 2713 783 forsan
2757 736 2846 782 tua
2881 730 3026 783 sicut
3058 738 3268 785 nostra.
3326 729 3433 787 Sed
3495 734 3540 788 si
3574 743 3676 790 no-

2085 824 2202 869 stra
2245 816 2341 870 tibi
2382 827 2508 871 sunt
2540 818 2969 888 incognita,audi
3006 826 3095 873 tua
3137 829 3192 874 et
3217 821 3365 876 disce
3399 837 3426 876 a
3448 836 3538 878 me
3563 838 3672 879 non

2087 918 2298 962 tantum
2337 910 2460 979 quis
2490 910 2656 964 fuerit
2699 910 2845 965 illius
2902 920 3062 981 pater
3109 921 3203 967 aut
3237 928 3394 977 avus,
3422 916 3517 969 sed
3544 916 3670 971 audi

2083 1014 2298 1054 sursum
2318 1011 2372 1055 et
2395 1010 2565 1066 retro,
2595 1000 2795 1055 decem
2826 1000 2973 1056 illius
2995 1003 3397 1070 generationes.
3417 1002 3527 1075 Ego
3552 1006 3673 1075 qui-

2084 1091 2205 1145 dem
2241 1092 2418 1147 doceo
2450 1092 2620 1147 ﬁlium
2646 1109 2846 1157 meum,
2881 1094 2977 1149 sed
3010 1093 3098 1150 ille
3124 1110 3228 1150 non
3268 1095 3405 1151 idem
3453 1105 3674 1165 praestat

2084 1194 2138 1235 et
2180 1198 2366 1238 revera
2394 1199 2499 1238 non
2532 1194 2732 1252 potest.
2784 1185 2876 1239 Sic
2915 1185 3080 1240 etiam
3129 1201 3238 1239 non
3279 1187 3507 1255 potestis
3560 1195 3670 1241 tam

2087 1282 2346 1327 accurate
2368 1289 2431 1328 ea
2458 1288 2616 1329 nosse
2642 1290 2762 1343 quae
2792 1283 3043 1345 spectant
3064 1274 3506 1331 Muhammedem
3530 1276 3675 1332 sicut

2087 1379 2184 1418 nos
2209 1365 2506 1419 Christiani
2535 1381 2551 1433 ;
2580 1381 2703 1420 nam
2727 1381 2914 1421 sumus
2937 1366 3059 1435 ipso
3080 1367 3461 1423 Muhammede
3499 1369 3672 1423 multo

2085 1459 2435 1526 vetustiores,
2466 1469 2522 1513 et
2551 1475 2670 1529 qua:
2693 1461 2761 1515 ad
2791 1461 2942 1515 illum
2990 1462 3265 1531 pertinent
3330 1462 3484 1516 nobis
3547 1477 3673 1531 per-

2096 1549 2283 1618 Spicue
2321 1550 2539 1618 cognita
2565 1560 2716 1605 sunt.
2746 1550 2948 1604 Dicatis
2970 1564 3101 1621 ergo
3127 1550 3284 1606 nobis
3306 1550 3351 1606 si
3391 1550 3493 1605 hoc
3517 1551 3673 1607 vobis

2085 1640 2157 1695 sit
2202 1640 2503 1709 eugnitum,
2539 1640 2809 1709 quodnam
2860 1640 3060 1697 festum
3116 1643 3426 1697 celebretur
3451 1643 3504 1699 in
3557 1658 3673 1700 mc-

2087 1733 2314 1787 moriam
2356 1734 2655 1787 nativitatis
2683 1745 2737 1787 et
2786 1735 3173 1804 assumptiouis
3214 1735 3358 1789 illius
3393 1736 3445 1791 in
3478 1736 3668 1792 cmlos.

2089 1820 2182 1876 Dic
2210 1822 2341 1876 mihi
2383 1837 2504 1892 qua:
2538 1823 2656 1877 dies
2694 1823 2954 1879 solemnis
2992 1825 3238 1880 instituta
3270 1826 3335 1879 ad
3371 1826 3672 1884 nativitatis

391 1921 493 1991 τῆς
518 1899 832 1991 κοιμήσεως
865 1920 1033 1974 αὐτοῦ
1059 1921 1177 1986 ;Τὰ
1210 1919 1394 1990 βιϐλία
1428 1920 1583 1990 ὑμῶν
1609 1921 1717 1991 ὅλα⁶
1741 1899 1976 1992 διῆλθον,

2090 1915 2173 1968 vel
2208 1914 2401 1969 mortis
2421 1915 2502 1969 vel
2538 1916 2836 1985 sepulturae
2872 1914 3018 1970 illius
3065 1918 3388 1972 memoriam
3421 1916 3670 1975 recolen-

390 2013 488 2067 καὶ
540 2012 800 2083 οὐδεμίαν
866 2004 1028 2083 εὗρον
1102 2012 1359 2066 ὑπόθεσιν
1400 2011 1801 2083 γεγραμμένην
1851 2013 1983 2083 περὶ

394 2105 621 2158 ἐπαίνου
654 2105 748 2158 καὶ
801 2103 998 2174 ὕμνου.
1032 2103 1169 2156 Οὐδὲ
1223 2104 1257 2173 ὴ
1322 2104 1508 2175 μήτηρ
1546 2103 1713 2157 αὑτοῦ
1768 2105 1981 2176 ’Ῑεμένα

392 2195 722 2267 ἐχαιρετήθη
752 2195 860 2247 ὑπὸ
914 2194 1011 2247 τοῦ
1058 2194 1323 2265 Γαϐριὴλ,
1378 2194 1504 2248 οὔτε
1564 2196 1598 2267 ἡ
1644 2195 1876 2267 δύναμις
1920 2197 1981 2262 ἐξ

388 2285 561 2350 ὕψους
618 2285 856 2356 κατῴκει
892 2288 951 2338 ἐν
990 2284 1150 2356 αὐτῇ,
1197 2286 1292 2339 καὶ
1326 2285 1523 2354 ἔγγυος
1560 2286 1807 2355 γέγονεν,
1848 2287 1979 2341 οὔτε

393 2377 621 2438 Πνεῦμα
646 2377 799 2444 ἅγιον
829 2376 1091 2430 ἐκάλεσεν
1131 2377 1302 2448 αὐτὴν
1329 2377 1516 2445 ἁγίαν,
1573 2379 1671 2430 καὶ
1726 2380 1836 2449 πρὸ
1881 2378 1979 2432 τοῦ

384 2470 553 2524 τόκου
607 2471 898 2541 παρθένον,
931 2471 1026 2523 καὶ
1069 2470 1209 2541 μετά
1250 2471 1410 2523 τόκον
1462 2470 1735 2540 παρθένον
1774 2473 1975 2542 μένειν.

391 2565 453 2617 Ei
492 2565 565 2634 μὴ
608 2562 681 2635 [ἐ]
712 2563 904 2636 γράφη
938 2561 1134 2626 οὕτως,
1162 2563 1247 2616 ὅτι
1275 2562 1383 2616 ὑπὸ
1426 2562 1637 2616 πολλῶν
1674 2562 1980 2635 ἀνθρώπιον

385 2655 552 2725 δούλη
584 2657 889 2727 ἠγοράσθη.
951 2655 1077 2719 Πῶς
1121 2656 1293 2726 αὐτὴν
1331 2654 1429 2727 τὴν
1481 2656 1699 2727 δούλην,
1736 2658 1830 2709 καὶ
1880 2656 1979 2728 τὴν

384 2744 572 2813 ἁγίαν,
604 2746 700 2797 κέι
733 2745 1032 2815 μακαρίαν,
1068 2746 1164 2799 καὶ
1197 2744 1543 2816 πανάμωμον
1574 2745 1849 2817 Παρθένον
1877 2746 1977 2817 τὴν

389 2837 620 2908 Μητέρα
642 2837 734 2890 τοῦ
756 2837 892 2890 Θεοῦ
912 2838 1090 2905 Λόγου
1108 2839 1235 2901 ίσας
1266 2840 1459 2901 ποιεῖς,
1479 2837 1667 2911 ὥσπερ
1697 2838 1797 2892 οὐκ
1828 2838 1977 2892 ἐστιν

382 2930 448 2983 ἐν
474 2932 665 2994 αὑταῖς
697 2929 916 3000 ἰσότηςς
949 2930 1108 2982 Οὕτω
1139 2929 1231 2981 καὶ
1275 2931 1306 2982 ό
1340 2930 1640 3002 Μουχάμετ
1680 2931 1794 2993 ίσος
1825 2932 1977 2985 ἐστὶν

380 3019 469 3090 τῷ
497 3020 744 3091 Χριστῷ,
777 3022 862 3075 ὅτι
887 3023 919 3074 ό
943 3021 1248 3091 Μουχάμετ
1271 3023 1506 3092 νεκροὺς
1532 3023 1630 3075 οὐκ
1654 3023 1973 3094 ἀνέστησεν,

380 3111 504 3165 ἀλλ’
530 3113 654 3166 οὺδέ
672 3113 750 3176 ὡς
798 3114 826 3166 6
874 3114 1111 3179 Χριστὸς
1154 3113 1249 3167 τὸν
1302 3113 1683 3184 τετραὴμερον
1719 3115 1975 3187 Λάζαρον

381 3203 709 3275 ἀνέστησεν,
736 3203 861 3256 οὐδὲ
882 3203 976 3257 τοῦ
992 3205 1401 3274 γεγεννημένου
1426 3204 1628 3274 τυφλοῦ
1652 3206 1862 3277 ἤνοιξεν
1875 3208 1975 3276 ὀφ-
2000 3243 2045 3302 ϐ

384 3295 655 3366 θαλμοὺς,
687 3295 812 3350 οὕτε
863 3297 1045 3350 πᾶσαν
1104 3297 1261 3349 νόσον
1314 3297 1410 3350 καὶ
1460 3299 1643 3350 πᾶσαν
1699 3298 1973 3368 μαλακίαν

384 3388 787 3459 ἐθεράπευσεν,
842 3388 1081 3460 λεπροὺς
1127 3389 1228 3442 οὐκ
1290 3388 1614 3458 ἐκαθάρισε,
1643 3391 1822 3460 κωφοὶ
1879 3391 1976 3445 καὶ

385 3480 576 3535 αλαλοι
606 3481 705 3534 οὑκ
734 3481 972 3549 ίάθησαν
1003 3481 1135 3551 παρ’
1180 3479 1369 3544 αὑτοῦ,
1411 3480 1537 3533 οὔτε
1587 3480 1711 3551 βίαν
1754 3482 1976 3553 ἀνέμων

384 3573 484 3625 καὶ
505 3573 858 3642 ἀγριαίνοντα
884 3572 1103 3643 κύματα
1133 3571 1385 3642 ἔστησεν,
1415 3572 1508 3625 καὶ
1524 3575 1583 3625 ἐν
1603 3571 1760 3626 ὕδατι
1782 3573 1974 3644 ὥσπερ

386 3665 562 3737 ξηρᾶς
587 3664 1016 3734 ἐπεριπάτησεν,
1066 3663 1161 3717 καὶ
1219 3665 1300 3727 είς
1350 3663 1477 3726 τοὺς
1515 3664 1764 3735 μαθητὰς
1807 3665 1975 3718 αὑτοῦ

380 3756 490 3809 οὐκ
526 3754 776 3825 εἰσῆλθεν
819 3755 930 3808 τῶν
968 3754 1152 3827 θυρῶν
1208 3754 1642 3826 κεκλεισμένων,
1679 3754 1806 3809 οὔτε
1845 3773 1977 3827 μετ-

382 3847 683 3920 εμορφώθη
703 3847 939 3918 πρόσθεν
967 3847 1075 3901 τῶν
1103 3848 1361 3919 μαθητῶν
1386 3847 1576 3914 αὐτοῦ,
1600 3849 1695 3901 καὶ
1719 3848 1975 3921 ἀναμάρ-

382 3959 554 4014 τητος
610 3942 711 3995 οὐκ
754 3937 844 4013 ἦν,
900 3940 1025 3994 οὔτε
1079 3942 1371 4005 ἀθάνατος,
1408 3939 1971 4013 οῦτεδικαιοκριτής.

386 4033 514 4097 Πῶς
544 4032 657 4088 ἴσον
690 4036 866 4097 ποιεῖς
897 4033 1059 4087 αὐτὸν
1088 4031 1168 4103 τῷ
1201 4032 1456 4103 Χριστῷ;
1495 4033 1619 4085 ἐπεὶ
1653 4032 1896 4086 τοιοῦτόν
1918 4050 1973 4085 τι

378 4126 451 4178 ού
480 4126 781 4197 πεποίηκεν
806 4128 833 4178 6
856 4125 1179 4195 Μουχάμετ,
1214 4124 1339 4178 οὐδὲ
1376 4123 1506 4179 ἄλλο
1560 4123 1646 4177 ἒτε
1658 4141 1750 4195 ρον
1775 4125 1836 4176 τὸ
1865 4124 1973 4177 oio-

383 4217 532 4272 νοῦν.
590 4216 729 4270 Οὔτε
777 4216 1037 4288 ἀληθείας
1085 4218 1366 4288 ἐχόμενος,
1417 4214 1544 4269 οὔτε
1600 4215 1969 4288 δικαιοσύνης,

382 4309 524 4363 ἀλλά
572 4310 795 4380 μᾶλλον,
844 4284 926 4364 ὅτι
995 4284 1196 4364 πᾶσαν-
1240 4309 1460 4363 ἀδικίαν
1522 4284 1828 4374 ἐνεδείξατο
1873 4284 1971 4363 καὶ

377 4402 670 4468 διετάξατο
725 4401 1051 4472 φονεύεσθαι
1089 4403 1269 4456 πάντα
1319 4402 1412 4455 τὸν
1472 4401 1548 4472 μὴ
1603 4401 1837 4470 λέγοντα
1864 4402 1966 4455 αὐ·-

378 4495 476 4548 τδν
525 4494 663 4548 Θεοῦ
696 4495 1024 4551 ἀπόστολον.
1081 4496 1195 4549 Καὶ
1238 4496 1302 4549 σὺ
1350 4493 1533 4563 λέγεις
1584 4494 1842 4561 ἀναιδῶς,
1883 4495 1970 4547 ὅτι

2085 2004 2245 2071 dam;
2269 2006 2495 2076 quinam
2521 2007 2714 2077 psalmi
2741 2007 2926 2061 etodte
2946 2007 3307 2062 decantantur
3327 2009 3380 2063 in
3410 2010 3669 2066 honorem

2083 2098 2638 2154 dormitionisillius?
2677 2096 2881 2153 Omnes
2934 2107 3057 2154 tuos
3092 2099 3262 2156 libros
3316 2100 3521 2167 evolvi,
3575 2103 3673 2158 sed

2084 2191 2287 2245 nullum
2312 2192 2490 2247 inveni
2514 2203 2921 2262 argumentum,
2939 2194 3024 2248 vel
3048 2192 3473 2249 declarationem
3496 2194 3673 2265 scrip-

2082 2291 2193 2336 tam
2228 2285 2294 2338 de
2318 2283 2574 2339 laudibus
2608 2293 2664 2340 et
2687 2285 2892 2356 hymno
2928 2286 3124 2355 quibus
3151 2285 3314 2340 fuerit
3336 2285 3662 2342 celebratus.

2080 2375 2192 2430 Nec
2247 2377 2472 2446 angelus
2529 2376 2751 2431 Gabriel
2799 2377 3055 2432 salutavit
3109 2376 3669 2433 JemenamMuham-

2082 2468 2256 2523 medis
2279 2477 2535 2535 matrem,
2564 2485 2669 2525 nec
2693 2469 2867 2526 virtus
2898 2470 3164 2527 Altissimi
3202 2469 3363 2525 inilla
3399 2471 3666 2527 habitavit

2080 2570 2140 2616 ut
2189 2575 2476 2632 praegnans
2550 2569 2605 2615 et
2654 2562 2880 2633 gravida
2937 2563 3223 2635 evaderet},
3273 2577 3378 2619 nec
3426 2561 3664 2635 Spiritus

2080 2663 2305 2707 sanctus
2337 2652 2484 2707 illam
2521 2654 2740 2709 vocavit
2766 2662 3015 2709 sanctam
3043 2693 3060 2719 ,
3091 2668 3191 2711 nec
3237 2653 3339 2710 fuit
3359 2655 3511 2726 virgo
3535 2663 3664 2711 ante

2079 2755 2319 2814 partum,
2368 2758 2470 2800 nec
2522 2755 2647 2815 post
2688 2757 2903 2816 partum
2946 2746 3097 2816 virgo
3149 2748 3367 2804 mansit.
3402 2748 3510 2804 Sed
3541 2758 3663 2804 tan-

2079 2846 2192 2891 tum
2218 2838 2318 2892 hoc
2337 2839 2599 2906 scriptum
2618 2839 3092 2910 invenitur,quod,
3116 2855 3238 2895 cum
3258 2849 3405 2896 esset
3421 2854 3602 2910 serva,
3628 2858 3661 2895 tt

2077 2930 2243 2985 variis
2272 2928 2586 2984 hominibus
2636 2930 2915 3000 redempta
2979 2931 3175 2997 fuerit;
3209 2931 3482 3003 quomodo
3534 2948 3666 3003 ergo

2079 3020 2238 3075 istam
2262 3034 2498 3087 servam,
2521 3031 2578 3077 et
2605 3023 3528 3089 sanctam,beatam,immaculatam
3550 3022 3665 3079 Ma-

2077 3122 2215 3166 trem
2235 3112 2325 3167 Dei
2346 3113 2530 3177 Verhi,
2549 3128 2813 3184 suppares
2843 3115 2999 3180 facis,
3030 3130 3157 3171 cum
3186 3115 3331 3171 inter
3370 3114 3493 3172 illas
3519 3114 3664 3172 nulla

2078 3204 2150 3258 sit
2182 3204 2489 3273 aequalitas.
2520 3204 2613 3259 Sic
2651 3204 2999 3260 Muhammed
3065 3204 3276 3261 scilicet
3300 3214 3386 3261 est
3436 3206 3664 3277 aequalis

2077 3298 2317 3364 Christo,
2340 3312 2463 3352 cum
2499 3306 2681 3353 tamen
2713 3305 2963 3353 mortuos
3019 3313 3127 3352 non
3170 3298 3523 3366 excitaverit,
3565 3316 3666 3356 nec

2079 3391 2219 3445 sicut
2252 3390 2504 3445 Christus
2524 3391 2949 3460 quatriduanum
2979 3389 3251 3445 Lazarum
3276 3392 3342 3445 ad
3376 3392 3545 3447 vitam
3574 3409 3662 3448 re-

2080 3482 2374 3548 vocaverit,
2411 3498 2512 3537 nec
2541 3485 2667 3538 caeci
2686 3482 2877 3538 oculos
2907 3482 3146 3552 aperuit,
3190 3499 3291 3539 nec
3309 3484 3495 3539 omnia
3516 3499 3665 3540 mor-

2078 3576 2271 3630 borum
2302 3584 2358 3628 et
2384 3574 2759 3629 infirmitatum
2791 3589 2989 3645 genera
3019 3575 3252 3639 curavit,
3279 3592 3378 3632 nec
3400 3576 3551 3646 lepra
3585 3578 3667 3633 lac

2081 3665 2337 3721 borantes
2362 3664 2667 3727 mundavit,
2691 3680 2790 3719 nec
2806 3665 2954 3720 surdi
2976 3679 3076 3719 nec
3102 3668 3238 3721 muti
3257 3666 3436 3721 abillo
3462 3669 3663 3736 sanati,

2078 3771 2179 3811 nec
2209 3757 2317 3810 vim
2351 3765 2635 3811 ventorum
2662 3755 3016 3827 furentesque
3041 3756 3242 3813 ﬂuctus
3300 3763 3662 3830 compescuit,

2078 3863 2181 3904 nec
2210 3848 2382 3903 salum
2434 3857 2493 3902 ut
2552 3847 2726 3903 solum
2784 3850 3015 3919 pedibus
3060 3850 3315 3915 calcavit,
3358 3850 3664 3920 necjunnis

2075 3938 2275 3993 clausis
2305 3940 2369 3992 ad
2404 3938 2701 4008 discipulos
2757 3955 2886 3995 suos
2914 3944 3243 4009 penetravit,
3273 3956 3374 3997 nec
3434 3943 3660 3997 transﬁ-

2075 4041 2298 4100 guratus
2319 4030 2420 4085 luit
2454 4046 2639 4087 coram
2667 4032 2794 4097 illis,
2822 4048 2920 4087 nec
2954 4032 3053 4086 fuit
3082 4034 3289 4101 peccati
3320 4050 3517 4103 purus,
3562 4049 3665 4090 nec

2076 4124 2425 4189 immortalis,
2453 4139 2553 4179 nec
2576 4124 2743 4195 judex
2787 4124 3154 4193 aequissimus.
3190 4126 3475 4193 Quomodo
3530 4143 3663 4198 ergo

2074 4213 2506 4270 Mahummedem
2520 4215 2740 4270 Christo
2751 4231 2936 4285 parem
2952 4226 3106 4285 potes
3119 4219 3661 4283 asserere,cumtalia

2073 4307 2161 4363 vel
2192 4306 2391 4362 similia
2435 4323 2717 4377 nunquam
2750 4307 2840 4362 ille
2877 4308 3217 4378 prastiterit,
3251 4324 3353 4364 nec
3406 4310 3663 4366 veritatis

2073 4410 2127 4454 et
2147 4400 2377 4471 iustitiae
2414 4401 2592 4455 fautor
2629 4411 2684 4456 et
2709 4412 2990 4471 promotor
3011 4402 3311 4467 exstiterit,
3333 4402 3445 4458 imo
3463 4405 3648 4474 potius

2074 4506 2133 4547 se
2184 4490 2465 4560 injustitia:
2509 4491 2843 4561 mancipium
2892 4491 3227 4561 exhibuerit,
3280 4507 3403 4547 cum
3468 4508 3661 4549 omnes

375 4588 413 4638 ὁ
436 4587 739 4658 Μουχάμετ
795 4588 891 4641 καὶ
936 4588 966 4641 ό
1004 4586 1241 4657 Χριστὸς
1273 4584 1482 4656 Ἰησοῦς
1537 4586 1685 4637 ἐστιν
1708 4600 1722 4613 ·
1757 4586 1885 4658 περὶ
1910 4584 1969 4638 δὲ

2080 4581 2339 4635 trucidari
2362 4581 2611 4649 jusserit,
2641 4583 2733 4651 qui
2768 4582 2917 4637 illum
2955 4583 3046 4637 Dei
3077 4582 3381 4652 apostolum
3405 4584 3657 4640 conliteri

378 4677 478 4731 τοῦ
512 4679 629 4749 βίου
662 4679 758 4733 τοῦ
786 4678 953 4733 αὑτοῦ
980 4678 1280 4749 Μουχάμετ
1309 4676 1454 4746 λέγω
1476 4693 1559 4730 σοι
1591 4691 1605 4707 ·

2072 4674 2434 4729 recusarunt?
2459 4674 2540 4728 Tu
2566 4688 2694 4729 vero
2721 4674 3086 4731 inverecunde
3106 4683 3161 4730 et
3196 4674 3540 4745 impudenter
3567 4691 3659 4731 as—

378 4770 522 4826 seris
584 4771 1021 4827 Muhammedem
1067 4782 1122 4827 et
1181 4771 1458 4826 Christum
1546 4754 1772 4825 omnino
1810 4783 1972 4839 pares
2011 4768 2214 4835 fuisse;
2279 4770 2374 4823 sed
2403 4771 2471 4823 ad
2494 4783 2557 4823 ea
2584 4782 2709 4838 quae
2747 4777 2999 4837 spectant
3036 4768 3202 4823 vitam
3224 4779 3280 4823 et
3308 4786 3487 4826 mores
3534 4768 3658 4825 Mu-

376 4864 687 4920 hammedis
718 4880 863 4920 nunc
896 4881 984 4920 me
1016 4875 1303 4929 converto,
1334 4874 1389 4919 et
1421 4864 1546 4919 dico
1588 4880 1601 4918 :

465 4957 525 5011 Ὀ
547 4958 849 5029 λεγόμενος
875 4958 1451 5029 Ἀμπτουλμουτάλεπ
1463 4957 1637 5020 οὐδεὶς
1654 4950 1722 5027 ἦν
1748 4952 1859 5008 ἀπὸ
1877 4953 1973 5007 τοῦ

374 5048 571 5118 γένους
601 5051 712 5104 τῶν
742 5050 839 5104 νῦν
869 5050 1315 5121 Μουσουλμανῶν
1366 5049 1571 5117 γνῶναι
1610 5046 1795 5112 αὐτὸν,
1846 5045 1971 5098 οὔτε

370 5142 582 5206 οἴδατε,
615 5141 741 5196 οῦτε
776 5142 1095 5213 γνωρίζετε.
1140 5142 1337 5214 Ἡμεῖς
1389 5141 1448 5194 δέ
1503 5141 1552 5194 0i
1581 5138 1901 5212 Χριστιανοὶ
1920 5137 1969 5190 οί

374 5233 732 5298 πιστεύοντες
759 5234 837 5303 τῷ
864 5234 1093 5305 λογικῷ,
1125 5236 1221 5287 καὶ
1277 5233 1442 5297 ζῶντι
1475 5230 1615 5302 Θεῷ,
1676 5231 1772 5283 καὶ
1830 5229 1969 5299 πρὸς

368 5324 543 5378 αὐτὸν
592 5324 917 5396 ὑπάρχομεν
974 5324 1157 5390 καθὼς
1204 5326 1299 5380 καὶ
1354 5325 1685 5397 κληρονόμοι
1730 5324 1830 5392 τῆς
1859 5323 1963 5392 γῆς

373 5415 743 5484 τυγχάνομεν.
794 5416 903 5469 Καὶ
952 5415 1177 5487 οἴδαμεν
1206 5416 1372 5471 αὑτὸν
1426 5417 1524 5469 καὶ
1558 5415 1958 5485 ἐγνωρίσαμεν,

374 5504 564 5559 λοιπὸν
598 5508 695 5560 ἀπ’
721 5507 856 5579 ἐμοῦ
909 5509 1147 5576 ὀφείλεις
1201 5509 1392 5578 μαθεῖν
1426 5508 1556 5578 περὶ
1592 5508 1835 5569 πάντων,
1882 5499 1958 5559 ὧν

365 5599 440 5650 οὐ
473 5597 785 5666 γινώσκεις.
830 5601 888 5654 '0
909 5601 1209 5671 Μουχάμετ
1230 5600 1448 5670 ἐγένετο
1474 5600 1590 5663 υίὸς
1633 5598 1969 5670 ’Λμπτουλᾶ,

370 5690 407 5741 6
451 5691 803 5761 Ἀμπτουλᾶς
841 5693 957 5756 υίὸς
1009 5691 1567 5763 Ἀμπταλμουταλὶπ,
1598 5693 1627 5745 ό
1689 5689 1970 5762 Ἀμπταλη

378 5782 662 5851 paucam;
716 5783 832 5846 υἱὸς
882 5784 1074 5855 Ἀσέμ,
1147 5783 1320 5854 ’Λσέμ
1383 5782 1500 5846 υἱὸς
1545 5782 1970 5853 Ἀδελμουνέφη,

396 5873 797 5947 ’Δδελμουνέφη
847 5878 958 5939 υίὸς
977 5878 1170 5944 Κουσὶ,
1194 5880 1223 5931 6
1236 5878 1438 5943 Κουσ“ις
1451 5877 1564 5943 υἱὸς
1582 5876 1774 5943 Armati,
1802 5875 1970 5932 Λουαῒ

695 5969 974 6057 ΡΔἸιιΟΙ..
1008 5973 1124 6035 Gn.
1162 5973 1317 6037 CIV.

2146 4953 2219 5018 Is,
2269 4953 2356 5008 cui
2388 4952 2961 5022 Amptoulmoutalepo
3000 4968 3211 5015 nomen
3258 4959 3401 5018 erat,
3431 4950 3655 5021 ignotus

2069 5056 2189 5101 erat
2215 5047 2311 5101 toti
2354 5046 2858 5100 Musulmannorum
2889 5046 3060 5115 genti,
3092 5054 3147 5099 et
3170 5044 3463 5115 nequidem
3484 5060 3653 5112 nunc,

2066 5141 2188 5208 quis
2207 5140 2297 5193 ille
2314 5140 2482 5195 fuerit
2501 5140 2643 5208 apud
2671 5155 2768 5195 vos
2787 5151 2970 5193 notum
2994 5149 3051 5193 et
3067 5147 3403 5208 compertum
3418 5149 3527 5195 est.
3546 5138 3657 5193 Nos

2062 5231 2500 5285 vernCltristiani
2518 5231 2609 5300 qui
2635 5231 2909 5285 credimus
2933 5230 3042 5285 Deo
3074 5231 3274 5284 viventi
3302 5239 3357 5285 et
3379 5229 3652 5296 rationali,

2068 5326 2161 5394 qui
2178 5324 2250 5377 illi
2270 5326 2692 5389 adltmremus,et
2708 5324 2799 5394 qui
2821 5324 2986 5379 totius
3006 5337 3165 5378 terra:
3184 5324 3427 5379 ltazredcs
3441 5339 3651 5385 sumus.

2074 5416 2220 5469 illum
2251 5415 2422 5483 probe
2453 5414 2830 5483 cognovimus.
2870 5416 2977 5469 Sed
3013 5416 3113 5469 hac
3140 5419 3206 5471 de
3242 5430 3300 5470 re
3325 5416 3469 5471 sicut
3498 5425 3555 5471 et
3587 5415 3655 5470 de

2076 5507 2259 5563 multis
2276 5508 2395 5561 aliis
2410 5523 2531 5576 quae
2547 5507 2645 5563 tibi
2666 5518 2793 5561 sunt
2812 5507 3090 5576 incognita
3107 5508 3272 5563 debes
3294 5524 3322 5561 a
3339 5523 3425 5563 me
3444 5508 3652 5564 doceri.

2071 5600 2416 5655 Multammcd
2464 5599 2565 5654 fuit
2599 5600 2741 5655 ﬁlius
2787 5602 3115 5671 Amptoulae,
3158 5602 3480 5671 Amptoulas
3522 5617 3654 5658 vero

2071 5692 2173 5747 fuit
2221 5692 2366 5747 (ilius
2394 5693 2921 5762 Amptalmoutalipi,
2968 5695 3480 5767 Amptaulmutalip,
3513 5695 3655 5751 [ilius

2069 5784 2280 5850 Ascmi,
2315 5789 2547 5840 Asemus
2593 5786 2738 5841 [ilius
2772 5785 3192 5859 Adelmunaphi,
3244 5788 3656 5860 Adelmunaplte

2072 5877 2219 5937 (ilius
2249 5876 2405 5945 Cusi,
2441 5877 2603 5935 Cusis
2632 5879 2775 5939 ﬁlius
2815 5877 3000 5951 Levat,
3026 5879 3173 5939 Lova
3201 5881 3344 5937 ﬁlius
3370 5881 3653 5947 δίου-νοω,

3299 5980 3378 6042 1ιὸ
