4146 6438
609 415 744 481 1419
1736 409 2309 471 BARTHOLOMIEI
2350 411 2725 473 EDESSENI
3750 414 3865 477 lli-0

606 535 882 589 Mutracas
944 528 1087 584 ﬁlius
1146 526 1376 592 Cainan,
1437 525 1645 580 Cainan
1705 523 1849 581 ﬁlius
1908 525 2190 591 Emuldab,

2307 528 2423 592 υίὸς
2477 530 2799 600 Μουτρακᾶ,
2855 530 3187 602 Μουτρακᾶς
3226 531 3341 594 υἱὸς
3393 529 3623 597 Καῖνὰν,
3683 532 3864 584 Καϊνὰν

606 623 873 682 Emuldab
924 620 1066 676 ﬁlius
1126 617 1324 683 Elisai,
1394 618 1561 672 Elisai
1631 618 1776 675 ﬁlius
1834 616 2190 688 Metusalacb,

2304 622 2421 685 υἱὸς
2458 621 2785 693 Ἐμουλδὰϐ,
2842 623 3144 693 Ἐμουλδὰϐ
3198 627 3313 689 υἱὸς
3390 626 3625 690 Ἀλισαῒ,
3684 626 3865 682 ’Λλισσῖ

608 712 946 771 Metusalach
982 710 1127 765 ﬁlius
1148 708 1546 778 Arphalxiach.

2300 716 2415 780 υἱὸς
2445 716 2825 785 Μετουσάλαχ,
2853 718 3213 788 Μετουσάλαχ
3261 718 3376 782 υίὸς
3420 720 3777 791 ’Λρφαλσιάχ.

676 807 821 863 Audi
852 818 1017 869 nunc,
1042 802 1347 868 insulse,ea
1372 816 1489 869 quae
1509 810 1757 867 spectant
1776 800 2190 856 avumMuham-

2371 810 2487 863 Νῦν
2518 809 2776 873 ἄκουσον,
2802 810 3019 881 ἀνόητε,
3056 810 3153 863 τοῦ
3194 811 3421 864 πάππου
3449 811 3547 864 τοῦ
3587 813 3869 882 Μουχάμετ

609 902 783 958 medie
803 896 1375 968 Ainptulmutalipum,
1407 893 1518 949 imo
1548 908 1609 948 ea
1643 894 1758 963 ipsa
1786 910 1909 965 quae
1953 895 2190 965 contige-

2299 898 2395 953 τοῦ
2442 898 3068 970 ’Λμπτουλμουταλεπῆ,
3096 898 3227 969 ἄχρι
3260 900 3512 970 τελευτῆς
3536 901 3637 955 τοῦ
3666 904 3865 971 Μουχά-

606 1002 736 1048 runt
767 992 833 1047 ad
860 990 1049 1048 ultima
1077 985 1473 1043 Multammedis
1528 984 1699 1056 ipsius
1733 984 1868 1041 fata.
1924 986 2002 1042 Ea
2069 1001 2190 1041 vero

2307 1009 2428 1063 μετ.
2475 992 2585 1046 Kal.
2606 990 2642 1045 ἃ
2670 985 2849 1052 εἷπον,
2878 993 2971 1045 καὶ
3008 992 3190 1064 μέλλω
3219 993 3410 1055 εἰπεῖν,
3441 994 3627 1048 αὐτῶν
3654 995 3868 1049 Χαλδαῖ·

607 1100 727 1156 qua:
753 1084 888 1149 dixi,
921 1091 976 1137 et
1006 1083 1360 1150 imposterum
1394 1079 1570 1135 dicam
1596 1085 1651 1133 et
1712 1077 1971 1145 scribam,
2004 1093 2066 1134 ea
2108 1093 2201 1147 pe-

608 1178 703 1231 tita
728 1186 855 1231 sunt
880 1186 936 1229 et
963 1175 1158 1228 hausta
1215 1172 1397 1229 omnia
1427 1185 1490 1227 ex
1530 1171 1755 1241 scriptis
1786 1182 1841 1224 et
1864 1169 2020 1226 libris
2046 1170 2191 1239 ipso-

608 1284 727 1324 rum
761 1265 1163 1323 Chaldaeorum.
1196 1262 1487 1333 Amptulas
1516 1260 1925 1317 Muhammedis
1955 1272 2112 1332 pater
2146 1263 2197 1316 in

608 1359 726 1415 foro
754 1359 990 1428 quodam
1024 1357 1266 1409 Arabum
1302 1355 1436 1409 emit
1470 1354 1574 1409 sibi
1627 1368 1853 1407 uxorem
1915 1351 2198 1408 Jemenam

609 1451 1004 1506 Mubammedis
1037 1458 1294 1510 matrem,
1326 1446 1559 1518 puellam
1590 1458 1644 1501 et
1694 1447 1863 1502 ﬁliam
1914 1447 2198 1517 cujusdam

605 1544 697 1596 cui
755 1540 923 1596 Leoni
985 1554 1184 1595 nomen
1236 1548 1378 1594 erat.
1407 1538 1544 1594 Cum
1595 1554 1729 1593 vero
1766 1539 2199 1596 Muhammedem

607 1634 927 1704 peperisset,
956 1630 1157 1702 elapsis
1214 1632 1398 1686 decem
1451 1631 1611 1685 annis
1663 1631 1881 1685 tandem
1931 1640 2055 1701 post
2100 1648 2201 1687 ex-

606 1729 805 1781 atincta
876 1734 984 1780 est.
1045 1723 1395 1779 Muhammed
1441 1738 1569 1778 vero
1629 1733 1801 1779 matre
1833 1725 2078 1790 orbatus,
2133 1725 2202 1780 ab

606 1818 1033 1887 Amptuutalepo
1064 1815 1168 1871 fuit
1198 1818 1484 1882 educatus,
1517 1824 1573 1869 et
1601 1830 1723 1869 cum
1769 1817 1836 1870 ad
1866 1830 2068 1871 annum
2121 1817 2200 1870 vi-

2305 1085 2418 1139 κῶν
2453 1101 2535 1138 σοι
2578 1083 2808 1155 γραφῶν
2861 1083 3005 1153 λέγω
3044 1086 3139 1139 καὶ
3197 1088 3416 1157 γράφω.
3460 1086 3519 1141 '0
3581 1087 3761 1158 πατὴρ
3790 1089 3867 1140 τοῦ

2300 1177 2606 1246 Μουχάμετ
2642 1179 2670 1230 6
2704 1176 3054 1243 Ἀμπτουλᾶς
3075 1178 3313 1248 ἡγόρασε
3331 1178 3430 1248 τὴν
3460 1182 3696 1247 γυναῖκα
3724 1182 3867 1234 αὑτοῦ

2301 1264 2398 1335 τὴν
2450 1265 2693 1333 Ίεμενᾶν
2726 1265 2826 1336 τὴν
2860 1265 3073 1336 μητέρα
3129 1267 3222 1320 τοῦ
3280 1269 3585 1338 Μουχάμετ
3637 1271 3742 1323 ἀπὸ
3787 1272 3867 1323 τοῦ

2307 1356 2480 1427 φόρου
2510 1356 2620 1410 τῶν
2684 1356 2992 1427 Ἀρράϐων,
3030 1357 3124 1410 τοῦ
3160 1359 3386 1422 Λέοντος
3410 1362 3510 1429 τὴν
3554 1362 3742 1431 κόρην.
3776 1364 3870 1416 Καὶ

2300 1447 2376 1510 ὡς
2406 1445 2553 1518 αὕτη
2588 1446 2848 1518 ἐγέννησε
2879 1448 2971 1502 τὸν
3032 1450 3357 1519 Μουχάμετ,
3399 1451 3539 1520 μετὰ
3582 1453 3713 1505 δέκα
3760 1456 3868 1523 χρό-

2302 1557 2424 1604 νους
2455 1540 2738 1613 τέθνηκεν.
2774 1542 2883 1596 Καὶ
2922 1544 3203 1613 ἀνετράφη
3234 1546 3263 1597 6
3296 1544 3602 1615 Ἀίουχάμετ
3637 1546 3711 1617 μὴ
3748 1548 3867 1617 ἔχων

2306 1632 2522 1703 μητέρα
2552 1633 2709 1705 παρὰ
2736 1632 2831 1686 τοῦ
2892 1634 3372 1706 ’Λμπτουταλεπῆ,
3419 1638 3517 1691 καὶ
3557 1638 3635 1690 κδ’
3686 1639 3868 1708 χρόνων

2302 1724 2565 1795 γεγονὼς,
2591 1725 2784 1779 ἐλαϐεν
2815 1726 3004 1779 ἔκτοτε
3043 1729 3309 1794 γυναῖκας
3327 1728 3480 1793 δέκα,
3512 1729 3610 1782 καὶ
3652 1728 3867 1793 σκλάϐις

2302 1816 2384 1884 ἐξ.
2424 1816 2489 1870 Ἦ
2515 1814 2707 1887 πρώτη
2749 1816 2885 1887 γυνὴ
2915 1816 3081 1871 αὐτοῦ
3126 1816 3362 1883 Χατιτζὲ
3414 1820 3447 1889 η
3485 1818 3740 1889 θυγάτηρ
3781 1819 3859 1872 τοῦ

604 1912 869 1981 gesimum
895 1917 1154 1979 quartum
1183 1907 1363 1962 aetatis
1428 1922 1539 1962 suae
1590 1908 1954 1977 pervenisset,
2006 1911 2190 1963 decem

2300 1879 2613 1979 Χαλεπῆ,’ή
2638 1879 2885 1979 δευτέρα.
2911 1907 3255 1980 Ἀμπταλμὲ,
3359 1879 3613 1982 θυγάτηρ
3643 1879 3733 1964 =66
3778 1911 3861 1965 Σα-

606 2018 803 2058 uxores
830 2002 1005 2068 duxit,
1038 2001 1236 2070 quibus
1272 2015 1368 2055 sex
1412 2000 1759 2056 concubinas
1805 2002 2050 2071 captivas
2102 2018 2194 2056 su-

607 2095 940 2165 perinduxit.
1006 2093 1187 2148 Prima
1230 2092 1377 2147 illius
1422 2106 1563 2147 uxor
1621 2094 1918 2149 vocabatur
1972 2094 2193 2150 Caditsa

608 2188 715 2243 tilia
753 2187 1035 2257 cujusdam
1062 2186 1320 2257 Chalepi;
1351 2188 1597 2244 secunda
1618 2186 1930 2257 Amptalme
1955 2186 2063 2241 ﬁlia
2090 2186 2194 2241 Sa-

606 2282 812 2351 phove;
843 2280 1001 2336 tertia
1048 2280 1221 2347 Aisai,
1257 2280 1365 2334 ﬁlia
1395 2278 1613 2346 Omari;
1645 2288 1839 2349 quarta
1871 2280 2046 2347 Asiai,
2085 2281 2194 2334 ﬁlia

603 2376 896 2443 Apupacri,
932 2388 1027 2428 seu
1057 2372 1415 2442 Mpoumpaci,
1442 2372 1533 2440 qui
1566 2372 1933 2427 Muhammedi
1958 2387 2185 2427 succes-

602 2468 678 2523 sit
699 2473 752 2520 et
786 2474 907 2536 post
936 2464 1084 2519 illum
1110 2465 1295 2519 sedem
1323 2463 1629 2533 occupavit,
1656 2464 1710 2518 id
1758 2473 1845 2520 est
1889 2462 1993 2519 fuit
2048 2464 2195 2519 Cali-

605 2559 748 2629 pha;
778 2557 967 2626 quinta
990 2557 1089 2611 fuit
1115 2556 1287 2611 Maria
1313 2554 1601 2625 Egyptia;
1644 2563 1797 2609 sexta
1839 2555 2031 2618 Zaite;
2068 2572 2194 2626 sep-

609 2650 748 2706 tima
781 2649 1011 2715 Zulcha,
1045 2657 1101 2703 et
1128 2663 1248 2719 quae
1271 2655 1596 2717 sequuntur.
1626 2645 1745 2702 Jam
1776 2661 1907 2702 vero
1938 2647 2033 2702 tibi
2070 2665 2195 2702 nar-

606 2744 738 2801 rabo
775 2744 917 2798 unde
960 2748 1017 2797 et
1060 2740 1335 2811 quomodo
1397 2739 1519 2794 illas
1577 2739 1832 2795 habuerit
1859 2749 1916 2795 et
1954 2741 2192 2796 duxerit.

602 2838 827 2896 Caditsa
855 2836 1145 2892 hauriebat
1169 2848 1391 2904 aquam,
1422 2842 1477 2887 et
1529 2832 1754 2889 camelis
1777 2842 1962 2904 potum
1995 2849 2193 2904 suppe-

602 2930 849 2997 ditabat;
880 2944 1003 2983 cum
1022 2942 1152 2981 vero
1176 2926 1300 2981 illac
1328 2926 1587 2980 transiret
1615 2924 2192 2996 Multammed,aquam

2295 2002 2461 2071 φουᾶ,
2510 2001 2545 2071 ἡ
2601 2001 2758 2070 τρίτη
2800 1998 2984 2061 Λίσαῒ,
3038 2001 3071 2070 ἡ
3117 2001 3363 2072 θυγάτηρ
3418 2002 3515 2055 τοῦ
3546 2003 3780 2073 Οὑμαρὶ,
3828 2006 3855 2072 ἡ

2305 2092 2542 2162 τετάρτη
2636 2090 2845 2155 Ἀσιαὶ,
2905 2092 2939 2162 ή
3008 2091 3257 2163 Θυγάτηρ
3328 2091 3424 2146 τοῦ
3515 2094 3859 2164 ’Λποπάκρη,

2299 2186 2468 2255 ἤγουν
2491 2183 2587 2237 τοῦ
2622 2185 2978 2256 Μπουμπέκη
3001 2184 3096 2238 τοῦ
3131 2184 3457 2249 καθίσαντος
3488 2186 3634 2257 μετὰ
3659 2187 3861 2256 Μουχὰ-

2300 2279 2481 2349 μετ,ἢ
2525 2277 2768 2346 Χανιφὰ,
2808 2276 3035 2347 πέμπτη
3072 2275 3294 2347 Μεριὲμ
3346 2277 3649 2344 Αἰγυπτία,
3682 2280 3714 2349 ἡ
3749 2278 3861 2348 ἕκτη

2296 2368 2481 2432 Ζαιτὲ,
2511 2369 2545 2439 ἡ
2572 2367 2774 2437 ἑϐδόμη
2802 2366 3033 2436 Ζουλχὰ,
3062 2367 3157 2420 καὶ
3186 2366 3442 2438 καθεξῆς.
3468 2369 3583 2422 Καὶ
3606 2368 3712 2422 ἰδοὺ
3741 2367 3864 2435 λέγω

2297 2478 2399 2527 σοι,
2459 2462 2575 2525 πῶς
2631 2461 2802 2523 αὑτὰς
2845 2458 3131 2527 ἀνέλαϐεν,
3171 2459 3268 2513 καὶ
3315 2460 3499 2516 πόθεν.
3550 2462 3617 2515 Ἦ
3647 2459 3859 2524 Χατιτζὲ

2296 2554 2564 2627 ἦντλησεν
2591 2552 2758 2623 ὕδωρ,
2800 2553 2895 2606 καὶ
2915 2550 3132 2616 έπότιζε
3161 2552 3260 2615 τὰς
3316 2552 3625 2623 καμήλους,
3682 2554 3770 2606 καὶ
3799 2553 3862 2605 δι·

2299 2646 2513 2700 έϐαινεν
2537 2647 2565 2699 6
2597 2645 2921 2716 Μουχάμετ,
2959 2645 3053 2698 καὶ
3075 2643 3340 2712 ἐζήτησεν
3361 2643 3528 2715 ὕδωρ,
3559 2646 3656 2699 καὶ
3687 2644 3863 2716 ᾔτησεν

2296 2739 2467 2811 αὐτὴν
2480 2740 2561 2802 εἰς
2573 2741 2830 2807 γυναῖκα.
2866 2737 2976 2790 Kal.
2996 2730 3202 2807 εἷπενζή
3229 2737 3485 2801 Χατιτζὲ,
3504 2738 3581 2792 Τὸ
3601 2737 3862 2811 πρόσωπόν

2298 2850 2393 2887 σου
2429 2830 2635 2903 βλέπω,
2662 2832 2757 2886 κα)⁴
2812 2830 2875 2884 οὐ
2908 2829 3091 2901 τολμῶ
3125 2830 3346 2900 ἐγγίσαι
3398 2847 3481 2883 σοι
3510 2846 3525 2861 ·
3553 2831 3631 2901 μὴ
3683 2830 3745 2882 σὺ
3777 2824 3864 2882 εῐὸ

2297 2922 2588 2995 προφήτης
2616 2924 2682 2975 ὲκ
2708 2918 2804 2973 τοῦ
2831 2921 3023 2988 γένους
3070 2919 3180 2974 τῶν
3234 2921 3632 2992 Κωρασιωτῶν
3660 2937 3675 2985 ;
3722 2920 3863 2987 Λέγει

603 3026 719 3094 ipse
740 3021 899 3093 petiit
923 3036 955 3076 a
984 3019 1184 3090 puella,
1224 3034 1386 3089 quam
1439 3026 1499 3072 ut
1545 3032 1669 3073 cum
1699 3016 1790 3072 illo
1845 3018 2190 3073 matrimonio

2297 3017 2462 3087 αὐτῇ·
2504 3014 2644 3068 Ναί.
2674 3014 2785 3068 Kal.
2811 3013 3079 3085 ἐζήτησεν
3108 3014 3279 3083 αὐτὴν
3315 3016 3377 3067 ἐκ
3418 3014 3512 3067 τοῦ
3557 3014 3758 3087 πατρὸς
3785 3014 3865 3067 αὐ-

599 3114 753 3185 jungi
786 3113 967 3176 vellet,
1006 3111 1151 3165 nulla
1201 3124 1351 3164 mora
1421 3108 1652 3179 rogavit.
1716 3106 2020 3178 Respondit
2064 3122 2190 3163 vero

2295 3110 2397 3179 τῆς
2448 3112 2529 3171 είς
2585 3108 2843 3176 γυναῖκα.
2906 3105 3020 3176 Τὴν
3070 3105 3127 3158 δὲ
3192 3105 3521 3176 Ἀμπταλμὲ
3572 3104 3759 3159 ἔλαϐεν
3811 3106 3862 3156 ὲκ

602 3203 851 3268 Caditsa,
881 3202 1093 3257 vultum
1134 3201 1355 3270 quidem
1396 3209 1545 3254 tuum
1592 3214 1817 3269 possum
1848 3201 2188 3271 conspicere,

2295 3202 2546 3265 δουλείας
2606 3198 2703 3253 τοῦ
2776 3199 2929 3253 οῐκου
3001 3197 3191 3262 αὑτοῦ,
3242 3199 3335 3251 καὶ
3392 3198 3863 3271 διεπαρθενεύσατο

600 3298 696 3353 sed
734 3309 913 3351 tamen
959 3310 1066 3350 non
1114 3293 1289 3347 audeo
1324 3292 1391 3345 ad
1446 3303 1496 3347 te
1533 3292 1833 3358 accedere;
1865 3309 1932 3347 an
1971 3304 2024 3347 tu
2077 3309 2183 3347 non
2298 3296 2492 3364 αὐτήν.

601 3406 664 3446 es
686 3390 775 3445 ille
809 3386 1073 3459 propheta
1096 3384 1185 3454 qui
1216 3384 1356 3437 inter
1382 3382 1696 3437 Corasiotas
1726 3391 1886 3438 natus
1933 3386 2047 3439 est?
2082 3386 2383 3457 Respondit
2412 3402 2424 3438 :
2461 3382 2574 3440 lino
2609 3382 2699 3437 ille
2751 3381 2864 3451 ipse
2897 3396 3041 3437 smn.
3097 3380 3165 3436 Et
3221 3383 3288 3437 ad
3323 3393 3534 3453 patrem
3588 3382 3771 3453 puella:
3794 3394 3863 3439 ac.

601 3482 769 3547 cedit,
814 3480 1073 3547 illamque
1124 3474 1380 3545 conjugio
1432 3476 1536 3529 sibi
1591 3475 1909 3531 sociandam
1953 3491 1986 3531 a
2055 3489 2209 3547 patre
2249 3476 2584 3547 impetravit.
2625 3474 2985 3542 Amptalmem
3048 3489 3178 3528 vero
3239 3477 3413 3540 duxit,
3467 3487 3727 3547 tanquam
3764 3490 3861 3531 ser-

601 3587 727 3627 vam
753 3569 1135 3633 domesticam,
1179 3576 1235 3623 et
1270 3569 1324 3622 in
1352 3567 1561 3622 aedibus
1616 3567 1731 3622 suis
1779 3577 1989 3634 natam,
2020 3585 2185 3640 quam
2225 3586 2352 3625 cum
2409 3568 2562 3639 prius
2589 3568 2906 3623 dellorasset
2941 3578 2995 3622 et
3034 3567 3456 3638 devirginasset,
3506 3567 3655 3623 illam
3700 3575 3859 3638 postea

603 3665 874 3722 connubio
900 3663 1001 3718 sibi
1018 3659 1218 3729 junxit.

675 3763 823 3820 Aisai
878 3776 1012 3816 vero
1065 3775 1186 3812 cum
1249 3773 1277 3811 e
1316 3758 1613 3828 longinquo
1663 3758 1878 3813 videret
1942 3760 2193 3813 inceden-

606 3871 715 3913 tem
771 3867 824 3910 et
862 3857 1212 3910 accedentem
1262 3851 1720 3916 Mnbammedeni,
1766 3853 2012 3906 extendit
2053 3854 2192 3921 pha-

602 3949 823 4004 cioliuin
883 3962 1067 4011 suum,
1099 3958 1267 4014 super
1303 3945 1448 4013 quod
1496 3959 1622 3999 cum
1683 3944 2017 4008 incessisset,
2055 3945 2194 3999 dixit

602 4040 811 4113 puellae,
838 4039 1042 4109 gratias
1088 4049 1192 4105 ago
1247 4033 1365 4088 tibi.
1393 4031 1583 4105 Magna
1634 4043 1719 4088 est
1761 4034 1894 4089 ﬁdes
1951 4045 2063 4098 tua,
2091 4035 2191 4089 mi-

597 4136 671 4190 sit
706 4147 833 4187 rero
879 4130 946 4184 ad
990 4128 1130 4183 illius
1170 4137 1377 4198 patrem
1438 4127 1641 4197 jubens
1697 4137 1757 4180 ut
1817 4127 1985 4181 ﬁliam
2030 4128 2097 4182 ad
2128 4143 2189 4184 se

600 4227 842 4281 mitteret
879 4237 1105 4278 uxorem
1134 4220 1236 4275 sibi
1266 4219 1600 4275 sociandam.
1631 4219 1828 4272 Audito
1894 4234 2021 4272 vero
2049 4235 2186 4273 nun-

602 4320 698 4383 tio,
736 4317 929 4388 puella:
961 4323 1116 4384 pater
1148 4314 1386 4367 maximo
1437 4311 1691 4382 perl‘uSus
1734 4322 1816 4366 est
1861 4312 2080 4381 gaudio,
2120 4311 2184 4365 il-

601 4414 817 4481 lamque
857 4410 1005 4464 misit
1035 4408 1101 4462 ad
1136 4407 1575 4461 Muhammedem
1633 4421 1757 4459 cum
1789 4405 2105 4476 oxygalacte
2128 4415 2203 4460 nt-

600 4507 731 4563 illud
792 4505 1123 4568 comederet,
1153 4511 1208 4557 et
1247 4515 1347 4570 pro
1387 4499 1495 4554 illis
1556 4509 1895 4568 precaretur.
1942 4498 2185 4569 Abrepto

2377 3758 2445 3812 Ἦ
2497 3757 2556 3811 δὲ
2612 3755 2775 3810 Αἰσαῖ
2828 3755 3014 3810 ἰδοῦσα
3062 3757 3155 3809 τὶν
3206 3758 3504 3827 Μουχάμετ
3560 3758 3858 3829 ἐρχόμενον,

2291 3853 2548 3924 ἥπλωσεν
2586 3851 2648 3905 τὸ
2674 3850 3049 3921 φακαιώλαιον
3092 3852 3286 3921 αὐτῆς,
3333 3854 3429 3905 καὶ
3477 3855 3859 3925 περιεπάτησεν

2290 3946 2479 4001 ἐπάνω
2512 3943 2698 3999 αὑτοῦ.
2730 3945 2895 4013 Λέγει
2924 3943 3020 3997 οὖν
3049 3947 3186 4015 αὐτῇ
3218 3947 3246 3998 ὁ
3275 3945 3599 4016 Μουχάμετο
3650 3946 3858 4015 Εὐχάρι-

2292 4036 2405 4090 στῶ
2437 4053 2545 4099 σοι,
2576 4035 2787 4105 μεγάλη
2820 4053 2914 4088 σου
2983 4038 3016 4107 ἡ
3046 4035 3250 4099 πίστις.
3302 4038 3411 4091 Καὶ
3456 4037 3773 4090 ἀπέστειλεν
3792 4036 3858 4096 εἰς

2293 4128 2386 4182 τὸν
2421 4130 2639 4199 πατέρα
2666 4127 2838 4197 αὐτῆς
2865 4127 3043 4196 λέγων
3067 4145 3079 4158 ο
3114 4129 3338 4181 Στεῖλόν
3370 4145 3459 4198 μοι
3484 4129 3584 4200 τὴν
3610 4129 3857 4199 θυγατέρα

2296 4236 2390 4272 σου
2420 4220 2500 4282 είς
2528 4222 2787 4287 γυναῖκα.
2818 4219 2929 4273 Καὶ
2949 4219 3189 4283 ἀκούσας
3212 4223 3239 4272 6
3272 4220 3453 4292 πατὴρ
3491 4222 3666 4291 αὐτῆς
3708 4214 3854 4291 ἐχάρη

2296 4310 2527 4381 σφόδρα,
2558 4298 2654 4365 καὶ
2686 4312 2929 4366 ἔστειλεν
2968 4311 3139 4383 αὐτὴν
3181 4312 3321 4382 μετὰ
3367 4314 3460 4366 καὶ
3511 4312 3856 4382 ὀξυγάλακτος

2297 4401 2431 4472 πρὸς
2462 4403 2553 4455 τὸν
2576 4403 2898 4473 Μουχάμετ,
2927 4405 3013 4456 ἵνα
3049 4406 3218 4476 φάγῃ,
3272 4404 3366 4457 καὶ
3420 4403 3644 4475 εὔξηται
3692 4403 3853 4465 αὑτός.

2294 4494 2405 4547 Kal.
2441 4492 2622 4548 λαϐὼν
2663 4494 2723 4547 τὸ
2756 4494 2901 4562 γάλα
2938 4496 3162 4564 ἔφαγεν,
3212 4497 3310 4562 τὴν
3349 4495 3408 4548 δὲ
3449 4497 3619 4568 κόρην
3653 4496 3855 4564 διεπαρ-

598 4614 729 4655 vero
758 4599 923 4661 lacte,
947 4595 1042 4650 illo
1068 4609 1127 4651 se
1159 4592 1451 4662 saginavit,
1483 4600 1538 4645 et
1562 4592 1782 4645 tandem
1838 4590 2034 4661 puellae
2079 4593 2186 4645 vir-

2295 4584 2608 4639 θενεύσατο.
2654 4586 2716 4638 'il
2749 4586 2991 4657 Μεριὲμ,
3017 4583 3085 4659 ἦν
3114 4587 3169 4640 δὲ
3195 4588 3489 4654 Αἰγυπτία,
3532 4591 3612 4651 εὶς
3637 4589 3852 4655 κάστρόν

599 4692 755 4762 ginea
782 4688 1025 4744 claustra
1055 4684 1224 4739 salaci
1279 4682 1448 4737 sicula
1488 4681 1799 4737 temeravit.
1833 4682 2003 4737 Maria
2056 4698 2185 4737 vero

600 4794 718 4838 erat
746 4779 1026 4851 Egyptia,
1054 4792 1174 4845 qua!
1200 4784 1319 4830 crat
1350 4776 1400 4827 in
1434 4775 1568 4829 urbe
1603 4774 1795 4843 Mpois,
1827 4774 1931 4829 sita
1962 4775 2017 4829 in
2049 4789 2183 4846 agro

602 4876 959 4929 Damasceno.
992 4871 1126 4925 Cum
1150 4883 1282 4923 vero
1310 4867 1439 4921 illuc
1469 4865 2186 4936 pervenissetMuhammed

598 4983 723 5023 cum
777 4964 1002 5020 camelis
1042 4961 1273 5017 domiea:
1296 4974 1408 5015 suae
1443 4975 1580 5030 quos
1608 4960 1876 5014 cunducta
1935 4961 2187 5014 mercede

598 5070 790 5127 regch
810 5055 1039 5118 solebat,
1077 5052 1208 5105 vidit
1243 5050 1476 5120 puellam
1497 5060 1553 5104 et
1594 5050 1741 5104 illam
1770 5051 2069 5115 adamavit,
2120 5050 2187 5106 il-

600 5150 817 5218 lamque
848 5160 1073 5201 uxorem
1107 5144 1162 5197 in
1221 5145 1447 5198 domum
1476 5158 1632 5198 suam
1695 5144 1936 5198 deduxit.
1989 5144 2181 5200 Zaiten

599 5239 765 5294 etiam
795 5251 990 5306 aquam
1019 5236 1360 5288 haurientem
1432 5243 1488 5287 et
1528 5245 1875 5304 spargentem
1930 5245 2055 5291 cum
2088 5253 2182 5292 va-

598 5331 748 5388 sculo
772 5331 1004 5400 quodam
1039 5325 1279 5391 tictili,et
1305 5326 1591 5394 purpureis
1619 5327 1774 5395 genis
1807 5328 2182 5398 conspicuam,

598 5426 781 5480 statim
812 5420 1110 5485 adamavit,
1132 5434 1292 5486 quam
1316 5432 1478 5471 manu
1508 5418 1983 5488 comprehensam,
2008 5422 2085 5476 sic
2103 5433 2187 5476 est

601 5519 898 5573 allocutus:
928 5512 1118 5567 Nullus
1155 5520 1353 5580 praeter
1400 5525 1486 5565 me
1521 5509 1575 5564 in
1631 5521 1685 5565 te
1745 5522 2075 5577 potestatein
2131 5528 2188 5567 et

594 5612 683 5681 jus
718 5609 956 5670 habebit,
987 5615 1040 5661 et
1074 5616 1259 5673 postea
1282 5601 1428 5655 illam
1461 5618 1557 5671 pro
1582 5618 1752 5656 uxore
1788 5604 1997 5661 habuit.
2026 5606 2183 5674 Quod

598 5719 720 5757 tum
751 5710 905 5770 pater
950 5698 1271 5759 audivisset,
1325 5703 1497 5748 totum
1534 5709 1603 5761 se
1637 5697 1877 5750 maximo
1935 5699 2180 5769 permisit

600 5796 820 5865 gaudio,
851 5802 905 5846 et
940 5792 1005 5846 ad
1040 5789 1482 5845 Muliainnicdem
1541 5791 1841 5857 profectus,
1874 5807 2059 5846 curam
2087 5793 2184 5846 illo

599 5884 907 5953 procubuit,
936 5883 1126 5940 dicens
1154 5900 1166 5937 :
1202 5879 1361 5938 Unde
1393 5878 1527 5935 mihi
1562 5890 1745 5937 tantus
1772 5885 1971 5952 bonos,
1992 5896 2047 5941 ut
2082 5902 2176 5956 ge-

2288 4674 2583 4745 λεγόμενον
2608 4678 2803 4740 Mrta);
2829 4680 2908 4740 εἰς
2939 4680 3043 4749 γῆν
3073 4679 3372 4749 Δαμασκοῦ
3397 4680 3746 4751 καθιζομένη,
3768 4677 3853 4731 καὶ

2287 4768 2378 4820 ὅτε
2412 4768 2662 4837 ἀπῆλθεν
2692 4770 2719 4821 ό
2758 4771 3061 4841 Μουχάμετ
3097 4771 3237 4841 μετὰ
3270 4772 3533 4843 καμήλων
3582 4772 3726 4826 ίδίων
3763 4771 3849 4840 τῆς

2290 4859 2489 4929 κυρίας
2540 4859 2707 4913 αὑτοῦ
2755 4861 2995 4930 μίσθιος,
3041 4858 3182 4915 εἶδεν
3223 4864 3395 4935 αὐτὴν
3435 4866 3527 4917 καὶ
3562 4864 3847 4933 ἠγάπησεν,

2288 4954 2384 5006 καὶ
2412 4953 2593 5006 λαϐὼν
2627 4955 2802 5025 αὐτὴν
2833 4955 3029 5026 έφερεν
3063 4957 3144 5019 εἰς
3164 4955 3234 5008 τὰ
3273 4956 3401 5011 ἴδια.
3432 4958 3539 5009 Kal.
3569 4961 3665 5027 τὴν
3710 4953 3849 5008 Ζαῖτὲ

2289 5043 2434 5115 ὕδωρ
2465 5046 2837 5100 ὲκϐάλλουσαν
2867 5048 3009 5117 μετὰ
3028 5046 3123 5101 τοῦ
3160 5050 3435 5119 κεραμίου
3478 5049 3587 5102 ἀπὸ
3635 5049 3722 5101 τὸν
3751 5044 3849 5100 κλί-

2290 5140 2472 5202 ϐανον,
2501 5142 2596 5192 καὶ¹
2637 5140 2739 5203 τὰς
2772 5140 3015 5218 παρειὰς
3044 5141 3281 5212 ὲρυθρὰς
3326 5143 3545 5213 ἔχουσα,
3585 5142 3846 5213 ἠγάπησεν

2288 5234 2479 5304 αὐτὴν,
2509 5234 2601 5287 καὶ
2631 5237 2917 5308 κρατήσας
2975 5237 3075 5306 τῆς
3115 5238 3298 5307 χειρὸς
3352 5238 3523 5307 αὐτῆς
3557 5232 3725 5290 εἶπεν·
3748 5234 3845 5288 Οὐκ

2288 5328 2400 5396 ἔχει
2439 5345 2522 5380 σοι
2587 5327 2747 5391 ἄλλος
2798 5329 3068 5395 ἐξουσίαν,
3121 5332 3171 5384 εί
3236 5331 3311 5402 μὴ
3343 5332 3476 5401 ἐγὼ,
3536 5332 3631 5385 καὶ
3661 5330 3843 5398 ἐπῆρεν

2287 5418 2457 5488 αὐτὴν
2487 5418 2675 5473 ἔκτοτε
2714 5423 2796 5483 είς
2835 5424 3092 5489 γυναῖκα.
3156 5425 3266 5477 Καὶ
3314 5424 3554 5488 ἀκούσας
3608 5428 3634 5477 6
3662 5422 3839 5488 ταύτης

2287 5509 2470 5579 πατὴρ
2500 5512 2671 5581 ἐχάρη
2700 5512 2925 5583 σφόδρα,
2958 5515 3052 5566 καὶ
3084 5514 3259 5568 ἐλθὼν
3287 5516 3559 5568 ἐπέπεσεν
3609 5514 3687 5575 εἰς
3726 5510 3837 5569 τοὺς

2287 5603 2453 5666 πόδας
2484 5604 2647 5658 αὐτοῦ
2684 5606 2878 5672 λέιων⁶
2932 5607 3102 5661 Πόθεν
3136 5626 3227 5678 μοι
3260 5608 3441 5673 τοῦτο,
3478 5605 3731 5661 ἁπόστολε
3757 5599 3835 5653 τοῦ

2285 5695 2444 5758 Θεοῦ,
2478 5696 2565 5749 ἵνα
2595 5697 2802 5769 κληθῇς
2832 5700 3081 5769 γαμϐρός
3109 5718 3250 5770 μου;
3284 5702 3450 5768 Λέγει
3486 5698 3632 5767 αὐτῷ
3657 5699 3683 5750 ὁ
3710 5696 3837 5749 Μουο

2286 5787 2466 5858 χάμετ
2489 5803 2502 5817 ’
2544 5789 2783 5856 ’Λνίστα,
2816 5792 2897 5844 ὅτι
2931 5791 3108 5855 οὕτως
3159 5794 3487 5864 γέγραπται.
3533 5789 3767 5858 Ἐποίησε
3789 5784 3833 5835 δὲ

2284 5881 2312 5934 6
2342 5880 2645 5953 Μουχάμετ
2669 5883 2856 5938 παιδία
2889 5885 2931 5940 δ’
2959 5887 3059 5957 μὲν
3102 5886 3328 5957 ἄρρενα,
3358 5889 3470 5941 καὶ
3507 5885 3633 5957 θῆλυ
3670 5884 3739 5937 ἓν.
3788 5880 3834 5927 ὐ
