4146 6474
432 471 565 537 1421

1629 469 2112 531 CONFUTATIO
2149 469 2460 530 AGAREN
2468 469 2509 529 Ι.

3564 466 3700 530 1122

428 587 644 659 πρῶτος
686 585 798 648 υἱὸς
829 583 996 638 αὑτοῦ
1042 581 1210 648 Ταῗπ,
1241 585 1270 636 6
1308 581 1562 654 δεύτερος
1613 584 1780 653 Ταὲρ,
1823 585 1850 635 6
1892 583 2009 653 τρί-

2117 600 2214 639 uer
2251 597 2401 638 meus
2428 581 2616 637 haberi
2646 594 2750 637 non
2793 581 3148 648 dedigueris?
3178 580 3276 635 Cui
3313 581 3394 635 sic
3425 580 3543 634 iniit
3575 582 3685 634 Ml!-

427 696 520 741 τος
577 679 796 748 Κασὲμ,
827 680 856 730 6
915 676 1174 747 τέταρτος
1221 675 1528 745 ’11μ6ραῒμ,
1602 677 1762 745 καὶὴ
1815 675 2009 746 Θήλεια

426 771 536 824 Φατ
543 772 641 842 μὰ.

2121 676 2367 729 hatntued
2397 691 2409 729 :
2443 675 2637 744 Surge,
2666 674 2746 729 sic
2771 675 2823 728 in
2859 674 2984 728 fatis
3015 675 3295 728 decretum
3326 686 3381 727 ct
3433 674 3697 742 scriptum

2121 776 2228 820 est.
2262 764 2606 820 Multammed
2633 777 2810 819 autem
2841 775 3074 833 quatuor
3126 763 3264 817 filios
3298 765 3604 832 procreavit
3650 773 3704 819 et

431 880 590 918 unam
629 863 810 916 tiliam.
842 860 1242 930 Pritnogcnittts
1280 861 1576 916 vocabatur
1614 859 1772 929 Taip,
1823 859 2099 916 secundus
2117 857 2280 922 Taer,
2307 858 2500 912 tertius
2541 858 2754 923 Casem,
2817 867 3045 925 quartus
3106 856 3365 918 lbrabitu,
3421 856 3542 909 filiae
3575 872 3702 909 vero

431 955 693 1008 Pliattma:
723 967 916 1005 nomen
949 961 1085 1004 erat.

501 1049 608 1102 Kal.
639 1047 816 1107 οὐδεὶς
844 1046 952 1100 ἀπὸ
975 1046 1042 1097 τὰ
1079 1045 1286 1118 ἄρρενα
1333 1045 1550 1114 ἔζησεν,
1602 1045 1651 1098 ei
1685 1044 1760 1116 μὴ
1795 1045 1930 1116 μόνη
1981 1046 2015 1115 ἡ

427 1140 642 1208 Φατμὰ.
677 1139 803 1202 Πῶς
824 1138 923 1190 οὐκ
962 1139 1261 1208 ἀνέστησεν
1285 1137 1394 1190 ἀπὸ
1435 1137 1544 1189 τῶν
1574 1136 1805 1190 παιδίων
1846 1133 2016 1188 αὐτοῦ

429 1230 659 1284 ἐνώπιον
722 1229 833 1282 τῶν
899 1227 1200 1299 ’Λῤῥάὅων,
1256 1227 1399 1281 ὥστε
1450 1227 1610 1280 εἰδεῖν
1657 1227 1878 1292 αὐτοὺς,
1919 1225 2017 1279 καὶ

429 1317 722 1370 πιστεῦσαι
753 1318 818 1370 ἐκ
845 1317 953 1369 τῶν
1001 1316 1293 1387 Θαυμάτων
1352 1316 1540 1382 αὐτοῦ,
1601 1317 1651 1369 εἰ
1725 1318 2015 1386 προφήτης

425 1402 518 1477 ἦν,
554 1406 629 1470 ὡς
657 1406 874 1474 λέγεις;
909 1407 1021 1477 Τὴν
1070 1407 1126 1459 δὲ
1155 1407 1382 1478 Φατμὰν
1413 1407 1614 1459 ἔδωκεν
1670 1407 1750 1469 εἰς
1775 1409 2012 1476 γυναῖκα

428 1499 600 1571 αὐτὴν
634 1499 713 1572 τῷ
753 1498 1031 1571 ὲξαδέλφῳ
1054 1499 1222 1553 αὑτοῦ
1268 1499 1397 1569 Ἀλῆ
1437 1499 1539 1570 υἱῷ
1588 1499 1681 1552 τοῦ
1740 1500 2011 1552 Ἀπουτα-

427 1589 592 1660 λεπῆ.
626 1590 737 1644 Καὶ
759 1590 922 1654 αὐτὸς
953 1591 1176 1658 ἐποίησε
1218 1589 1338 1661 μετ’
1379 1590 1552 1658 αὐτὴν
1594 1588 1786 1642 παιδία
1843 1587 1957 1651 δύο,
1985 1589 2013 1641 6

431 1679 646 1750 πρῶτος
669 1680 786 1743 υἱὸς
811 1678 980 1733 αὐτοῦ
1017 1680 1302 1751 Χασάνης,
1343 1679 1372 1731 6
1397 1678 1654 1750 δεύτερος
1682 1677 2008 1748 Χουσεΐνης.

431 1771 542 1824 Καὶ
583 1771 722 1840 μετὰ
768 1770 867 1842 τὴν
919 1770 1176 1843 τελευτὴν
1239 1769 1333 1822 τοῦ
1391 1769 1695 1838 Μουχάμετ
1740 1769 1943 1838 ἀνέστη
1983 1771 2012 1822 ὁ

2187 1042 2324 1095 Nulli
2376 1057 2504 1096 vero
2556 1041 2848 1096 liberorum
2902 1041 3027 1095 vitae
3090 1057 3254 1096 usura
3311 1040 3518 1094 diutina
3565 1053 3698 1092 con-

2113 1148 2265 1187 cessa
2321 1133 2439 1187 fuit.
2502 1132 2628 1187 Sola
2687 1148 2817 1188 vero
2853 1133 3104 1188 Phatima
3140 1133 3246 1187 diei
3333 1132 3587 1185 aether-eis
3647 1140 3702 1182 et

2114 1225 2367 1280 vitalibus
2431 1226 2578 1279 auris
2651 1227 2993 1281 vescebatur.
3047 1224 3229 1292 Quare
3287 1239 3415 1278 vero
3496 1224 3696 1276 liberos

2111 1329 2238 1370 suos
2276 1332 2344 1370 ex
2387 1317 2612 1371 mortuis
2667 1332 2771 1370 non
2825 1318 3084 1372 excitavit
3133 1317 3185 1370 iu
3238 1316 3524 1384 prteseutia
3558 1315 3697 1368 Ara-

2111 1406 2262 1469 bum,
2298 1417 2355 1456 ut
2393 1406 2617 1458 istorum
2668 1407 3053 1460 miraculorum
3114 1405 3571 1475 contemplatione
3610 1415 3698 1458 at-

2111 1496 2273 1550 toniti
2329 1496 2383 1550 itt
2441 1495 2586 1548 illum
2637 1497 2967 1550 crederent?
2999 1497 3128 1551 Etsi
3161 1499 3422 1566 prapheta
3455 1498 3576 1562 fuit,
3616 1497 3695 1549 uti

2114 1588 2275 1651 dicis,
2306 1601 2477 1656 quare
2536 1588 2639 1642 hoc
2701 1602 2806 1642 non
2840 1589 3136 1657 praestitit?
3186 1589 3492 1643 Phatimam
3571 1605 3700 1644 vero

2113 1694 2336 1734 uxorem
2365 1679 2585 1733 tradidit
2611 1679 2695 1734 Ali
2729 1680 2840 1734 filio
2866 1680 3052 1736 fratris
3105 1683 3188 1737 sui
3237 1683 3541 1753 Abutalepi.
3601 1681 3698 1737 Ille

2112 1782 2293 1823 autem
2318 1785 2382 1823 ex
2411 1769 2660 1823 Pbatima
2691 1771 2822 1825 duos
2867 1773 3104 1838 Suscepit
3166 1772 3385 1835 liberos,
3419 1773 3703 1842 primoge:

433 1858 626 1930 ἐχθρὸς
649 1859 815 1914 αὐτοῦ
841 1860 903 1914 τὺ
927 1861 1100 1931 ὄνομα
1129 1861 1312 1915 Μεϐία
1346 1862 1469 1932 ἔχον
1498 1859 1595 1914 καὶ
1642 1860 1756 1913 υἱὸν
1787 1859 2009 1930 ὀνόματι

2117 1861 2292 1914 nitutn
2321 1863 2540 1915 nomine
2583 1861 2911 1926 Cltasanetn,
2969 1863 3230 1917 minorem
3297 1874 3423 1916 natu
3477 1864 3697 1917 nomine

446 1951 612 2015 Ἰαζὶτ
645 1951 1006 2023 ὲξουσιαστὴν
1024 1954 1328 2024 τοπάρχην.
1383 1953 1496 2007 Καὶ
1537 1951 1882 2016 ἀπέστειλεν,
1917 1951 2013 2006 καὶ

432 2043 724 2110 ἐφόνευσεν
761 2045 888 2109 τοὺς
913 2045 1007 2098 δύο
1028 2045 1176 2108 υἱοὺς
1205 2043 1298 2097 τοῦ
1342 2043 1473 2114 ’Λλῆ
1499 2042 1590 2096 τὸν
1611 2043 1890 2112 Χασάνην,
1919 2043 2014 2096 καὶ

430 2134 524 2189 τὸν
552 2136 876 2208 Χουσεῖνην,
900 2139 994 2191 τὸν
1025 2138 1293 2208 πρότερον
1317 2137 1408 2190 διὰ
1431 2135 1748 2206 φαρμάκου,
1780 2135 1873 2188 τὸν
1893 2135 2015 2188 δεύ-

427 2244 585 2298 τερον
614 2228 705 2283 διὰ
743 2230 955 2300 ξίφους.
1003 2229 1191 2283 Ταῦτα
1241 2231 1422 2284 πάντα
1464 2224 1583 2283 οῖδα
1611 2227 1848 2299 ἀληθῶς.
1900 2227 2013 2282 Καὶ

426 2321 553 2391 λέγε
591 2340 703 2394 μοι,
727 2323 850 2375 ἐπεὶ
877 2317 974 2376 οὖν
1005 2321 1071 2376 ἂν
1101 2321 1264 2375 αὐτὸν
1289 2321 1578 2392 προφήτην
1605 2320 1814 2386 καλεῖς,
1844 2319 1934 2373 διὰ
1958 2319 2012 2372 τί

422 2414 487 2467 οὐ
517 2415 933 2484 προεφήτευσεν
961 2414 1092 2486 περὶ
1117 2413 1227 2466 τῶν
1255 2413 1464 2467 τέκνων
1508 2411 1700 2476 αὐτοῦ,
1743 2413 1842 2464 καὶ
1882 2411 2012 2483 περὶ

425 2505 538 2560 τῶν
563 2506 808 2574 ἐκγόνων
858 2504 1050 2570 αὐτοῦ,
1102 2506 1186 2560 ὅτι
1235 2504 1408 2568 οὕτως
1463 2503 1719 2575 μέλλουσι
1753 2502 2018 2574 θνήσκειν

429 2597 568 2666 μετὰ
614 2597 844 2652 θάνατον
911 2597 1110 2663 αὐτοῦς
1172 2598 1399 2649 Ἔκτοτε
1444 2594 1698 2649 ἐκάθισεν
1749 2595 1870 2648 ἀντὶ
1911 2595 2006 2648 τοῦ

424 2689 750 2760 Μουχάμετ.
797 2691 1156 2762 Ἀποπάκρης
1208 2689 1517 2760 χαλιφάτης
1557 2687 1784 2758 χρόνους
1836 2694 1890 2752 ς’
1917 2689 2011 2742 καὶ

423 2780 619 2851 ἥμισυ.
670 2780 804 2836 Εἶτα
851 2784 880 2836 6
940 2782 1198 2854 Οῠμέρης
1254 2783 1284 2835 6
1349 2781 1464 2843 υἱὸς
1514 2779 1608 2833 τοῦ
1670 2779 2007 2847 Χαττάπαπ,

423 2871 655 2943 κρόνους
689 2879 765 2940 ς’.
805 2875 1041 2928 Ἔπειτα
1071 2875 1098 2927 6
1132 2873 1407 2943 Ὀθμάνης
1424 2873 1540 2935 υἱὸς
1573 2870 1749 2942 Ἀφάη
1781 2873 2010 2942 χρόνους

425 2963 516 3035 ιβ’,
549 2961 672 3021 εἶτα
705 2967 734 3020 6
778 2967 936 3038 ’Λλὴς
966 2967 1079 3028 υἱὸς
1108 2966 1204 3018 τοῦ
1266 2964 1890 3035 Ἀποταλεπῆῑχρόνους
1938 2965 2002 3020 δ’.

424 3055 598 3109 Πάλιν
624 3055 769 3126 λέγω
797 3074 882 3110 σοι
915 3057 998 3110 ὄτι
1033 3056 1129 3108 ἐὰν
1189 3053 1534 3124 ἐξηγήσομαι
1589 3053 1698 3106 τῶν
1727 3053 1792 3123 ιβ’
1843 3053 2008 3108 αὐτοῦ

2119 1951 2474 2006 Chuseinetu.
2503 1953 2640 2005 Cum
2666 1968 2797 2007 vero
2824 1953 3178 2008 Muhammed
3209 1953 3325 2008 fato
3355 1953 3574 2007 functus
3599 1967 3689 2007 es-

2121 2054 2228 2109 set,
2257 2045 2467 2100 exstitit
2512 2043 2717 2100 Mebias
2766 2047 2987 2116 quidam
3050 2057 3285 2118 quocum
3342 2045 3692 2101 Mnhammed

2122 2137 2434 2191 inimicitias
2467 2149 2812 2203 exercuerat,
2844 2150 2896 2195 et
2918 2141 3010 2209 qui
3081 2139 3253 2194 filium
3299 2139 3539 2195 habebat
3599 2155 3702 2195 no-

2121 2231 2267 2284 mine
2291 2229 2423 2284 Jasit
2452 2231 2734 2301 dynastam
2762 2233 3222 2300 potentissimum.
3251 2232 3398 2288 Misit
3425 2247 3554 2288 vero
3583 2231 3696 2288 Me-

2122 2323 2238 2375 bias
2273 2323 2538 2389 quosdam
2571 2323 2662 2392 qui
2697 2325 3031 2378 trucidarent
3069 2325 3210 2382 filios
3256 2323 3341 2380 Ali
3386 2324 3698 2380 Chasanem

2119 2423 2172 2468 tl
2203 2414 2560 2479 Chusainem,
2592 2416 3011 2485 primogenitum
3044 2432 3173 2472 vero
3204 2431 3439 2481 veneno,
3465 2416 3693 2471 alterum

2118 2506 2296 2574 gladio
2323 2507 2570 2562 incautos
2599 2519 2967 2576 peremerunt.
2995 2509 3096 2564 Ista
3119 2511 3299 2564 Omnia
3332 2510 3466 2564 mihi
3527 2511 3699 2579 probe

2117 2611 2394 2668 comperta
2421 2610 2566 2654 sunt.
2611 2601 2666 2655 Si
2692 2615 2842 2670 ergo,
2877 2611 2934 2656 ut
2959 2602 3118 2656 modo
3147 2603 3419 2667 dicebam,
3457 2602 3699 2656 Multam-

2117 2692 2241 2747 nted
2272 2693 2372 2747 fuit
2399 2694 2689 2763 prapheta,
2719 2693 2806 2748 die
2840 2695 2970 2749 mihi
2997 2710 3167 2765 quare
3222 2696 3286 2750 de
3315 2703 3490 2749 morte
3555 2694 3698 2749 ﬁlio-

2119 2799 2237 2838 rum
2264 2794 2320 2839 et
2363 2794 2617 2854 nepotum
2649 2785 2785 2839 nihil
2813 2786 3140 2842 vaticinatus
3167 2798 3271 2853 est,
3302 2796 3356 2842 et
3379 2787 3525 2856 quod
3552 2793 3717 2856 post-r

2117 2891 2278 2946 quam
2309 2877 2704 2931 humanitatem
2735 2878 3092 2947 implevisset,
3135 2878 3227 2932 tali
3262 2888 3317 2932 et
3348 2879 3438 2933 tali
3470 2878 3581 2931 fato
3611 2888 3700 2932 es-

2117 2975 2236 3022 sent
2305 2968 2526 3022 tandem
2579 2968 2922 3037 perituri?A
2970 2978 3215 3039 tempore
3277 2978 3458 3022 autem
3507 2969 3699 3021 mortis

2119 3058 2536 3124 Multammcdis,
2568 3071 2689 3128 post
2733 3059 2905 3125 illum,
2941 3071 3000 3115 ut
3048 3061 3261 3131 caliplta
3311 3071 3365 3114 et
3414 3072 3700 3115 successor

422 3145 670 3200 πάππων
712 3148 788 3201 τὰ
818 3147 1064 3218 ὀνόματα
1119 3146 1215 3200 καὶ
1271 3143 1371 3215 τὴν
1421 3142 1692 3215 αἰσχύνην
1744 3143 1948 3211 αὐτῶν,
1980 3146 2009 3199 6

2118 3150 2258 3205 sedit
2282 3149 2630 3218 Apupacber,
2669 3150 2758 3219 qui
2786 3151 3073 3221 imperavit
3111 3167 3283 3206 annos
3309 3167 3401 3206 sex
3436 3166 3559 3205 cum
3612 3151 3700 3205 di-

423 3237 718 3308 Εὐφρὰτης
748 3240 888 3310 ὑπὲρ
915 3239 1145 3310 μέλανος
1165 3237 1267 3290 οὐκ
1290 3235 1514 3307 ἀρκέσει
1541 3251 1654 3304 μοι.

2117 3241 2301 3296 midio.
2339 3241 2466 3296 l'ost
2492 3242 2663 3309 illum,
2695 3242 3026 3312 caliphatum
3060 3244 3294 3299 obtinuit
3340 3243 3510 3301 Omer
3554 3243 3701 3296 ﬁlius

416 3330 664 3402 Catapap
697 3333 874 3404 spatio
927 3346 1023 3387 sex
1057 3343 1350 3384 annorum.
1398 3325 1527 3380 Post
1563 3327 1713 3380 illum
1777 3325 2075 3385 Otltmaues
2142 3331 2289 3386 filius
2355 3332 2585 3402 Apltuaa,
2654 3347 2827 3386 annos
2879 3333 3189 3396 duodecim,
3226 3333 3420 3388 deinde
3447 3333 3530 3388 Ali
3553 3332 3696 3386 filius

421 3423 695 3494 Abutalipi
729 3440 902 3481 annos
957 3431 1211 3494 quatuor.
1263 3419 1390 3474 Dico
1418 3432 1547 3488 ergo
1578 3417 1677 3472 tibi
1715 3427 1771 3474 et
1799 3419 1998 3475 iterum
2075 3425 2219 3488 dico,
2249 3425 2394 3493 quod
2461 3425 2505 3479 si
2552 3425 2841 3480 duodecim
2901 3426 3047 3481 illius
3102 3441 3328 3481 avorum
3384 3427 3625 3491 nomina,
3646 3433 3704 3481 et

417 3529 576 3591 gesta
632 3520 807 3588 turpia
860 3529 918 3575 et
959 3517 1207 3589 pudenda
1254 3527 1484 3569 narrare
1535 3513 1755 3579 vellem,
1801 3515 2062 3573 deﬁceret.
2099 3507 2408 3588 Euphrates
2438 3519 2578 3588 ipse,
2613 3520 2831 3576 etiamsi
2874 3536 2972 3590 pro
3019 3523 3302 3576 ruentibus
3353 3521 3512 3577 undis
3554 3529 3704 3575 atra-

424 3627 662 3668 mentum
700 3614 831 3668 mibi
874 3614 1265 3684 suppeditaret.
3133 3676 3136 3678 γ

493 3706 609 3760 Νῦν
636 3707 865 3761 ἄκουσον
888 3706 980 3759 τὸν
1013 3705 1126 3776 βίον
1148 3706 1243 3760 τοῦ
1277 3708 1509 3761 πάππου
1554 3705 1650 3759 τοῦ
1700 3703 2005 3774 Μουχάμετ

2185 3706 2478 3762 Nuncvero
2490 3707 2610 3762 audi
2630 3705 2792 3761 vitam
2810 3715 3058 3762 etmores
3085 3705 3580 3780 Antptalmotalepl,
3616 3713 3701 3767 avi

414 3799 519 3853 τοῦ
588 3799 1104 3870 ’Λμπτομουτάλεπ.
1142 3799 1233 3852 Ἐν
1279 3801 1359 3872 τῷ
1393 3799 1572 3869 καιρῴ
1624 3795 1818 3868 ἐκείνῳ
1867 3793 2001 3868 ἦνή

2114 3796 2282 3868 ipsius
2312 3797 2720 3854 Muhammedis.
2740 3799 2846 3852 Isto
2868 3807 3109 3868 tempore
3138 3797 3702 3870 incolebatregionem

422 3889 744 3961 κατοίκησις
771 3889 938 3944 αὑτοῦ
966 3893 1046 3954 εἰς
1072 3891 1177 3962 γῆν
1207 3892 1462 3964 Μαραδᾶ,
1492 3890 1588 3944 καὶ
1623 3887 2004 3961 ὲπαρεπονέθη

421 3982 648 4037 ἀπὸτοῦ
682 3982 888 4054 πατρὸς
931 3982 1099 4036 αὐτοῦ
1147 3983 1338 4054 Ἀσὲμ,
1381 3980 1550 4054 ἦλθεν
1583 3984 1664 4046 εἰς
1694 3982 1798 4052 γῆν
1837 3981 2007 4049 Σεφε-

419 4075 528 4148 ρὰν
591 4075 809 4143 γονικὸν
853 4075 929 4128 ὢν
982 4074 1392 4146 Κωρασιωτῶν,
1449 4073 1590 4144 ἔχων
1650 4071 1769 4144 μεθ’
1807 4071 2004 4125 ἑαυτοῦ

423 4165 619 4219 παιδία
652 4164 860 4236 ἄρρενα
888 4165 1040 4230 δέκα,
1076 4166 1172 4219 καὶ⁹
1205 4165 1514 4236 Θυγατέρας
1546 4167 1718 4235 τρεῖς.
1763 4163 1821 4216 '0
1861 4161 2008 4233 πρῶ-

419 4273 514 4320 τος
549 4257 662 4321 υἱὸς
695 4255 859 4311 αὑτοῦ
894 4257 1178 4327 Ἀμουσὲς,
1209 4259 1239 4311 6
1265 4256 1308 4327 β’
1346 4257 1588 4327 Ἀμπᾶς,
1621 4257 1649 4308 6
1672 4256 2008 4324 γ’Ἀπουτα-

419 4348 585 4419 λεπῆ,
625 4351 655 4402 6
704 4348 745 4402 δ’
797 4347 1182 4420 Ἀμπουλχὰπ,
1231 4351 1259 4403 6
1293 4354 1334 4402 ε’
1403 4346 1808 4412 ’Δπλουκαδὲπ,
1859 4348 1888 4400 6
1950 4344 2004 4410 ς’

435 4440 761 4506 Ἀπουτζὰλ,
790 4442 820 4494 6
850 4440 892 4506 ζ’
926 4440 1410 4512 Ἀμπτουλκασὲμ,
1435 4441 1663 4510 ὀδγδοος
1694 4438 2003 4509 Ἀμπουλῆ,

416 4533 451 4585 6
476 4532 520 4585 0'
551 4533 824 4602 Σαφονὰν.
851 4535 878 4586 6
905 4539 936 4586 t'
982 4534 1350 4603 Ἀμπτουλᾶς.
1379 4533 1553 4596 Αὐτός
1585 4533 1735 4585 ἐστιν
1760 4533 1788 4585 6
1817 4530 2004 4600 πατὴρ

418 4624 517 4677 τοῦ
545 4627 866 4697 Μουχάμετ.
902 4627 960 4680 '0
984 4627 1041 4680 δὲ
1071 4627 1296 4691 πάππος
1325 4628 1418 4681 τοῦ
1449 4629 1761 4698 Μουχάμετ
1787 4629 1816 4680 6
1873 4626 2010 4697 Ἀμ-

421 4719 944 4790 πτουλμουτα).έπης
975 4714 1121 4790 εἶχεν
1152 4719 1378 4788 ἀδελφὺν
1415 4720 1670 4790 Κουρέση
1711 4719 1772 4772 τὸ
1810 4717 2005 4789 ὄνομα,

422 4811 566 4864 κατὰ
591 4811 652 4864 τὸ
680 4812 851 4882 ὄνομα
883 4813 977 4866 τοῦ
1010 4814 1350 4884 προπάππου
1379 4813 1573 4867 αὑτοῦ.
1613 4814 1724 4867 Καὶ
1763 4812 2008 4884 κατῴκει

421 4901 504 4963 εἰς
533 4901 638 4972 γῆν
693 4901 825 4973 Χὰμ
873 4902 968 4956 δύο
1024 4903 1250 4974 ἡμερῶν
1284 4902 1485 4974 δρόμον
1527 4904 1593 4956 ὲκ
1635 4903 1730 4956 τοῦ
1777 4903 2009 4971 ἀδελφοῦ

420 4992 593 5047 αὑτοῦ
637 4995 702 5047 ὲκ
735 4997 835 5065 τῆς
868 4997 972 5065 γῆς
1006 4995 1264 5065 Μαραδά.
1329 4995 1386 5047 ’0
1443 4993 1500 5047 δὲ
1548 4996 1814 5066 Κωρέσης
1846 4991 2012 5066 λεῖχεν

423 5084 733 5156 θυγατέρας
761 5085 914 5150 δέκα,
941 5088 1033 5140 καὶ
1064 5087 1215 5150 υἱοὺς
1240 5088 1408 5158 τρεῖς.
1454 5087 1519 5139 Ἦ
1551 5087 1808 5158 ὑστερινὴ
1841 5086 2012 5157 Θυγά-

424 5192 531 5248 τηρ
561 5176 726 5230 αὐτοῦ
754 5177 953 5248 ἤκουεν
986 5178 1270 5242 Λιαλου).ὲ,
1299 5177 1446 5231 τοῦτ’
1474 5177 1624 5232 ἕσίν
1648 5179 2005 5251 Μαρκαριτα,

425 5271 524 5319 καὶ
557 5268 847 5338 ἠγάπησεν
879 5270 1046 5339 αὐτὴν
1076 5271 1104 5323 6
1143 5265 1489 5341 Ἀμπτουλᾶς
1517 5273 1544 5324 6
1573 5271 1690 5334 υἱὸς
1721 5269 1815 5323 τοῦ
1856 5269 2012 5324 ἁδελ-

426 5357 530 5426 φοῦ
580 5358 776 5412 τοῦτου
835 5360 1422 5432 Ἀμπτουλμουτάλεπ,
1453 5365 1482 5416 6
1536 5363 1631 5415 καὶ
1676 5361 1862 5432 πατὴρ
1919 5362 2009 5415 τοῦ

426 5449 750 5522 Μουχάμετ,
804 5454 1095 5522 ἠγάπησεν
1142 5450 1238 5508 οὖν
1270 5456 1439 5527 αὐτὴν
1481 5455 1709 5527 σφόδρα,
1740 5456 1834 5508 κα“ι⁸
1862 5455 2011 5522 λέγει

426 5540 508 5610 τῷ
545 5543 716 5615 πατρὶ
741 5545 928 5598 αὐτοῦ’
965 5547 1116 5600 Θέλω
1142 5549 1316 5600 εἰπεῖν
1351 5565 1412 5600 σε
1444 5546 1525 5618 τῷ
1561 5546 1775 5619 ἀδελφῷ
1809 5565 1902 5601 σου
1933 5548 2012 5619 τῷ

431 5635 686 5707 Κουρέσῃ
710 5637 891 5690 δοῦναί
927 5657 1016 5708 μοι
1044 5641 1143 5710 τὴν
1161 5639 1437 5710 θυγατέρα
1454 5638 1621 5692 αὑτοῦ
1644 5641 1724 5704 εἰς
1747 5643 2010 5708 γυναῖκα.

427 5721 538 5778 Ἦν
567 5725 626 5778 δὲ
650 5729 679 5779 6
705 5729 988 5799 Κουρέσης
1020 5729 1273 5792 πλούσιος
1299 5729 1506 5799 σφόδρα
1539 5729 1692 5800 παρὰ
1724 5730 1817 5782 τὸν
1848 5729 2010 5782 ἁδελ-

429 5817 531 5884 φὺν
559 5818 727 5873 αὐτοῦ
774 5821 868 5875 τὸν
909 5821 1491 5893 Ἀμπτουλμουτάλεπ.
1547 5822 1715 5890 Λέγει
1767 5823 1797 5875 6
1831 5822 2010 5892 πατὴρ

429 5904 525 5959 τοῦ
567 5909 903 5981 ’Λμπτουλᾶ·
939 5915 996 5967 '0
1023 5913 1162 5977 θεῖός
1189 5929 1280 5966 σου
1303 5911 1418 5967 έναι
1449 5911 1706 5977 πλούσιος
1738 5913 1833 5968 καὶ
1856 5915 2011 5968 κενό-

2113 3887 2353 3955 Marada;
2371 3904 2492 3945 cum
2508 3903 2634 3944 vero
2651 3900 2808 3960 pater
2821 3890 2962 3945 illius
2976 3891 3136 3946 Asem
3152 3892 3431 3947 molestias
3448 3893 3522 3948 illi
3545 3911 3704 3950 crea-

2116 3993 2200 4036 ret
2223 3991 2276 4034 et
2309 3982 2551 4049 querulis
2574 3982 3086 4050 eaprobrationibus
3115 3998 3331 4052 semper
3359 3986 3508 4040 illum
3535 4001 3700 4042 vexa-

2114 4079 2219 4136 ret,
2245 4070 2395 4126 venit
2429 4069 2728 4143 Sephoram
2748 4072 2887 4140 apud
2923 4073 3241 4128 Corasiotas
3269 4089 3406 4142 quos
3431 4079 3698 4145 sanguine

2113 4175 2378 4235 etgenere
2399 4165 2713 4234 attingebat.
2737 4162 2980 4219 Habebat
3005 4179 3135 4219 vero
3152 4181 3334 4220 secum
3356 4170 3541 4222 decem
3563 4169 3698 4224 libe-

2115 4268 2205 4308 ros
2222 4268 2419 4318 mares,
2439 4264 2491 4308 et
2504 4262 2616 4308 tres
2634 4252 2790 4307 ﬁlias.
2805 4252 3021 4308 Primus
3037 4257 3336 4309 vocabatur
3351 4257 3600 4324 Atuases,
3620 4273 3702 4314 se-

2112 4345 2323 4399 cundus
2349 4345 2574 4414 Ampas,
2599 4345 2791 4398 tertius
2806 4345 3094 4415 Abutalep,
3117 4354 3346 4414 quartus
3379 4347 3696 4418 Ampclcap,

2114 4437 2334 4506 quintus
2346 4438 2680 4506 Aplucadep,
2699 4444 2888 4492 sextus
2900 4436 3150 4507 Aputsal,
3166 4438 3704 4511 septimusAmptul-

2113 4543 2318 4593 casem,
2372 4539 2598 4584 octavus
2646 4527 2956 4598 Amptuale,
2996 4543 3175 4584 nonus
3218 4527 3501 4598 Saphuan,
3545 4531 3700 4589 deci-

2042 4613 2084 4667 ῐ)
2118 4637 2237 4676 ntus
2273 4620 2617 4690 Amptoulas.
2645 4619 2773 4674 Fuit
2800 4634 2931 4675 vero
2954 4620 3040 4675 hic
3070 4628 3230 4690 pater
3272 4617 3699 4679 Multatnmedis.

2112 4711 2623 4783 Amptulmutalipes
2651 4721 2832 4766 autem
2875 4725 3010 4766 avus
3078 4711 3475 4768 Mubammedis
3507 4713 3701 4771 habuit

2113 4805 2338 4860 fratrem
2373 4804 2595 4858 nomine
2659 4803 2884 4868 Corase,
2917 4803 3010 4874 qui
3063 4803 3169 4858 isto
3224 4805 3444 4860 neruine
3500 4821 3698 4861 nomen

2113 4897 2297 4968 proavi
2322 4897 2404 4952 sui
2439 4895 2728 4952 referebat.
2763 4893 3058 4950 Habitabat
3091 4909 3223 4950 vero
3264 4896 3317 4950 in
3350 4907 3495 4951 terra
3523 4897 3697 4954 Cham

2112 4990 2342 5045 duorum
2373 4989 2583 5043 dierum
2617 4988 2793 5056 spatio
2819 4989 3030 5043 distans
3053 5002 3082 5040 a
3115 4986 3359 5052 Marada,
3400 4991 3489 5044 ubi
3530 4989 3702 5046 frater

2111 5082 2229 5150 ejus
2255 5083 2416 5137 sedes
2460 5083 2597 5135 lixas
2644 5081 2902 5161 habebat.
2934 5081 3169 5138 Corases
3221 5097 3352 5137 vero
3410 5097 3701 5139 numerosa

2115 5177 2263 5244 prole
2295 5177 2486 5232 beatus
2517 5175 2913 5230 ltahuitdecem
2949 5177 3109 5241 tilias,
3142 5185 3196 5231 et
3222 5185 3335 5233 tres
3376 5177 3534 5232 filios.
3565 5177 3698 5232 Filia

2115 5285 2244 5324 vero
2262 5283 2388 5322 natu
2409 5270 2627 5323 minima
2647 5270 2942 5324 vocabatur
2971 5268 3200 5336 Lialule,
3225 5271 3329 5326 hoc
3349 5281 3454 5336 est,
3473 5270 3698 5340 Geunna

2115 5379 2208 5417 seu
2274 5361 2593 5432 Margarita,
2662 5363 2810 5417 illam
2869 5362 3144 5418 adamavit
3196 5363 3485 5433 Amptulas
3544 5373 3702 5432 pater

2118 5455 2530 5520 Multammedis,
2563 5464 2617 5510 et
2653 5454 2800 5510 [ilius
2827 5455 3321 5525 Amptulmutalepi
3373 5454 3561 5510 fratris
3593 5454 3702 5511 Co-

2117 5561 2271 5601 rasaa.
2302 5546 2438 5602 Cum
2476 5562 2608 5616 ergo
2662 5547 2810 5603 illam
2868 5546 3142 5617 deperiret
3167 5547 3509 5617 Amptualas,
3559 5551 3698 5620 patri

2115 5639 2405 5693 consilium
2439 5653 2595 5694 suum
2629 5640 2862 5710 aperuit,
2897 5649 2952 5694 et
2979 5641 3117 5695 dixit
3145 5657 3159 5694 :
3188 5640 3319 5695 Pete
3342 5656 3370 5694 a
3402 5639 3576 5697 fratre
3606 5651 3701 5696 tuo

2115 5729 2316 5785 Corase
2372 5739 2434 5784 ut
2469 5741 2675 5785 annuat
2707 5735 2850 5787 votis
2907 5733 3067 5796 meis,
3103 5745 3160 5788 et
3210 5733 3358 5789 illius
3412 5733 3521 5788 tilia
3556 5749 3700 5790 uxor

2116 5821 2245 5875 mihi
2281 5825 2633 5880 concedatur.
2661 5822 2794 5879 Erat
2827 5839 2960 5880 vero
2989 5824 3224 5882 Corases
3283 5825 3612 5892 ditissimus,
3643 5836 3700 5882 et

2115 5917 2309 5984 Opibus
2339 5917 2895 5990 Amptultuutalcpunt
2919 5916 3146 5974 fratrem
3181 5918 3504 5990 longissime
3537 5933 3695 5987 supe-
