4146 6436
414 404 436 468 1
459 404 553 467 ιεδ

1609 404 2089 467 CONFUTATIO
2131 405 2224 463 AG
2242 404 2497 465 ARENI.

3550 399 3683 465 1426

412 532 495 579 σε,
526 512 742 579 τέκνον,
771 512 868 567 καὶ
894 512 954 566 σὲ
984 512 1081 566 καὶ
1100 512 1204 585 τὴν
1231 515 1490 582 γυναῖκα,
1518 514 1587 585 ἢν
1603 512 1803 580 Θέλεις,
1835 513 1992 577 λάϐε,

2100 522 2293 583 pater:
2326 513 2510 577 Pater,
2532 525 2755 567 uxorem
2783 512 2912 568 mihi
2930 511 3131 584 jttngas
3152 512 3295 567 volo.
3319 512 3686 584 lndignabun-

410 605 507 660 καὶ
543 604 613 661 τὰ
640 604 829 673 τέκνα,
876 604 914 659 δ.
963 604 1183 676 μέλλεις
1218 603 1472 675 ποιῆσαι,
1532 607 1616 659 ὅτι
1661 606 1720 659 ἐν
1762 607 1829 677 τῇ
1880 605 1994 676 ζωῇ

412 706 509 750 σου
534 694 835 767 ἐγενόμεθα
861 694 1001 762 ξένοι
1036 696 1101 750 ἐκ
1127 697 1229 769 τῆς
1274 695 1460 767 χώρας
1504 696 1688 767 ήμῶν,
1712 697 1807 751 καὶ
1836 698 1896 751 ἐν
1928 700 1995 769 τῇ

410 788 650 860 ξενιτείᾳ.
686 787 957 859 μέλλομεν
990 788 1310 843 ἀποθανεῖν.
1341 789 1498 844 Maca
1532 789 1729 863 καιρὸν
1753 789 1810 843 δὲ
1830 789 1997 845 πάλιν

410 880 609 953 δχλησε
652 881 745 936 τὸν
774 881 992 953 πατέρα
1021 881 1188 937 αὑτοῦ
1232 882 1410 952 λέγων
1453 882 1625 953 αὐτῷ,
1680 884 1834 938 Ἐλθέ
1877 885 1997 955 μετ’

410 973 546 1043 ἐμοῦ
580 974 640 1027 ἐν
674 975 742 1045 τῇ
772 974 1107 1046 πανηγύρει,
1132 974 1228 1030 καὶ
1252 974 1597 1047 ἐξωνήσομεν
1634 976 1845 1031 σκλάϐα
1873 977 1997 1031 ὅσον

410 1065 478 1119 νά
514 1064 661 1120 δόσει
701 1067 731 1119 6
780 1065 914 1129 Θεὸς
954 1066 1045 1121 ἵνα
1079 1083 1182 1137 μου
1245 1066 1396 1121 δόσει
1429 1068 1527 1121 xal.
1576 1070 1833 1137 γυναῖκα.
1887 1070 1999 1123 Kal.

410 1157 738 1222 ἀπελθόντες
763 1158 823 1211 ἐν
846 1159 915 1230 τῇ
938 1158 1268 1229 πανηγύρει,
1305 1161 1401 1214 καὶ
1444 1160 1869 1232 ψηλαφήσαντες
1901 1162 1997 1217 ἀπ’

408 1250 579 1317 ἄκρον
627 1250 736 1315 ἕως
790 1251 983 1323 ἄκρον,
1034 1244 1197 1322 εὗρεν
1234 1254 1264 1306 6
1347 1252 1663 1323 Ἀμπτολᾶς
1726 1253 1994 1319 σκλάϐαν,

409 1343 503 1396 καὶ
532 1341 844 1414 ἐξωνήσατο
869 1344 1066 1414 αὑτήν.
1090 1345 1200 1398 Ka‘t
1232 1343 1382 1413 λέγει
1419 1345 1449 1398 6
1497 1348 1940 1418 σωματοπράτης
1969 1350 1998 1401 6

411 1433 647 1504 ράπτης,
688 1434 773 1489 ὅτι
813 1434 908 1489 Μὰ
959 1434 1052 1489 τὸν
1084 1434 1218 1488 Θεὸν
1256 1435 1350 1488 τὸν
1402 1435 1635 1505 φοϐερὸν
1684 1436 1849 1489 πλέον
1886 1439 1998 1491 τῶν

408 1525 618 1581 δώδεκα
656 1528 838 1599 φόρων
863 1528 1080 1599 ἐπράθη
1117 1528 1150 1598 ή
1183 1527 1393 1581 σκλάϐα
1416 1525 1578 1598 αὕτη.
1603 1527 1713 1581 Καὶ
1742 1526 1999 1593 λαϐόντες

411 1619 619 1689 ἤγαγον
646 1620 819 1690 αὐτὴν
866 1622 947 1684 εἰς
984 1622 1085 1690 τὴν
1127 1620 1308 1675 οἰκίαν
1340 1622 1650 1693 χαίροντες.
1698 1622 1811 1675 Kal.
1858 1622 1999 1690 μετά

414 1711 608 1783 μικρὸν
630 1712 955 1766 ἀπέστειλεν
979 1714 1151 1785 αὐτὴν
1180 1713 1398 1782 βόσκειν
1420 1713 1519 1776 τὰς
1545 1712 1830 1785 καμήλους
1856 1712 1998 1767 κατὰ

410 1803 511 1873 τὴν
558 1803 670 1857 τῶν
732 1804 1020 1875 Ἀρράϐων
1085 1804 1398 1875 συνήθειαν,
1472 1804 1877 1875 ἐπιφερομένην
1938 1804 1998 1856 τὸ

410 1895 643 1967 ὀψώνιον
664 1898 837 1965 αὐτῆς
852 1899 911 1950 ὲν
940 1897 1367 1967 προσφωναρίῳ,
1395 1897 1488 1949 ἐπὶ⁸
1504 1895 1599 1949 τοῦ
1621 1895 1774 1965 ὤμου
1797 1896 1995 1966 αὐτῆς,

411 1989 508 2044 καὶ
537 1989 634 2059 ἀφ’
682 1990 923 2059 ἑσπέρας
970 1989 1232 2058 ἐγέμισεν
1280 1989 1413 2042 αὐτὸ
1448 1989 1716 2059 καμήλων
1767 1988 1994 2059 κόπρον,

411 2079 607 2150 ἔφερεν
634 2080 693 2133 ἐν
720 2082 787 2150 τῇ
835 2079 984 2151 οἰκίᾳ
1020 2079 1114 2132 τοῦ
1152 2081 1345 2151 κυρίου
1406 2080 1602 2151 αὐτῆς.
1662 2080 1771 2134 Kal
1798 2082 1856 2133 ἐν
1920 2078 1998 2151 τῷ

408 2168 685 2223 δουλεύειν
714 2168 886 2240 αὐτὴν
915 2170 1109 2233 οὕτως,
1143 2170 1222 2234 ὼς
1253 2173 1536 2242 προεῖπον,
1584 2172 1830 2243 συνήφθη
1857 2172 1997 2243 αὐτῇ

407 2264 438 2314 ὁ
487 2262 854 2332 Ἀμπτουλᾶς.
914 2263 1029 2317 Kal.
1071 2262 1272 2332 ἔγκυος
1324 2264 1437 2316 εἴτε
1484 2263 1544 2328 ἐξ
1576 2264 1766 2327 αὐτοῦ,
1796 2263 1908 2317 εἴτε
1933 2266 1999 2317 ἐκ

408 2353 519 2407 τῶν
544 2354 761 2424 βοσκῶν
788 2355 895 2408 τῶν
929 2355 1049 2425 μετ’
1074 2356 1247 2427 αὐτῆς
1279 2355 1388 2410 τῶν
1424 2357 1482 2409 ἐν
1504 2355 1583 2427 τῷ
1612 2356 1730 2427 ὄρει
1765 2356 1865 2420 τὰς
1891 2374 1994 2410 κα-

411 2446 618 2517 μήλους
645 2446 972 2518 βοσκόντωνο
999 2446 1206 2516 ἔφθασε
1241 2448 1349 2519 γὰρ
1379 2450 1407 2503 6
1438 2449 1633 2520 καιρὸς
1673 2449 1775 2519 τῆς
1800 2449 1999 2521 γεννή-

410 2558 548 2605 σεως
574 2542 767 2613 αὐτῆς.
807 2543 919 2596 Kal.
956 2544 1098 2598 κατὰ
1131 2543 1232 2614 τὴν
1274 2544 1570 2616 συνήθειαν
1614 2543 1787 2613 αὐτῆς
1830 2543 1997 2595 ἀπελ-

407 2634 579 2689 θοῦσα
613 2636 671 2687 ἐν
696 2635 775 2707 τῷ
794 2636 909 2705 ὄρει
960 2636 1175 2707 βόσκειν
1229 2638 1329 2702 τὰς
1385 2637 1671 2708 καμήλους
1704 2636 1997 2706 ἐγέννησεν

408 2730 589 2781 ἐκεῖσε
610 2728 703 2782 τὸν
730 2729 1053 2800 Μουχάμετ,
1089 2732 1184 2784 καὶ
1212 2731 1458 2785 λαϐοῦσα
1482 2732 1539 2783 ἐν
1559 2729 1637 2800 τῷ
1666 2745 1997 2801 προσφωνα-

411 2818 513 2891 ρίῳ
548 2822 690 2876 κατὰ
748 2821 813 2875 τὸ
847 2821 1081 2893 σύνηθες
1140 2825 1379 2894 ἑσπέρας
1430 2825 1529 2891 τὴν
1579 2823 1688 2877 τῶν
1731 2824 1996 2895 καμήλων

408 2913 637 2984 κόπρον,
684 2914 780 2967 καὶ
822 2914 1034 2969 ἄνωθεν
1090 2916 1181 2970 τὸν
1231 2918 1559 2986 Μουχάμετ,
1617 2912 1781 2987 ἦλθεν
1828 2920 1887 2968 ἐν
1926 2921 1994 2987 τῇ

407 3004 557 3077 οἰκίᾳ
582 3004 675 3060 τοῦ
712 3006 904 3078 κυρίου
928 3007 1121 3078 αὐτῆς.
1156 3004 1313 3062 Εἷδεν
1345 3005 1440 3062 οὖν
1492 3009 1585 3062 τὸν
1638 3009 1937 3079 Μουχάμετ
1966 3009 1996 3060 6

411 3099 639 3161 πάππος
667 3099 978 3165 αὑτοῦ,καὶ
1013 3100 1184 3169 λέγει·
1242 3100 1520 3170 Ἀνάθεμα
1549 3100 1645 3154 καὶ
1704 3100 1783 3170 τῷ
1836 3101 1993 3153 σπεί-

2100 606 2202 661 dus
2232 605 2453 674 replicat
2478 614 2632 674 pater
2666 624 2679 660 :
2714 604 3018 659 Anatltema
3061 606 3137 661 sis
3185 614 3261 669 ttt,
3283 614 3337 659 et
3363 621 3502 660 uxor
3519 622 3682 676 quam

2101 697 2196 752 tibi
2238 696 2535 766 ropulabis,
2570 706 2626 751 et
2672 696 2828 752 liberi
2875 712 3012 766 quos
3065 712 3133 751 ex
3190 697 3277 751 illa
3337 698 3677 766 procreabis.

2099 788 2236 857 Quia
2260 789 2315 844 in
2340 790 2448 843 vita
2474 799 2564 845 tua
2586 804 2683 845 nos
2702 805 2891 845 sumus
2924 798 3181 845 extorres
3204 800 3259 843 et
3282 791 3461 858 patria
3490 800 3676 845 nostra

2097 882 2335 952 profugi,
2368 891 2425 937 et
2444 882 2700 938 exsilium
2746 892 2994 938 nostrum
3042 882 3148 937 nisi
3178 897 3301 937 cmn
3334 882 3444 935 vita
3496 891 3681 937 nostra

2101 988 2206 1028 non
2243 974 2521 1030 ﬁniemus.
2559 972 2690 1029 Post
2756 972 2977 1043 aliquod
3027 989 3157 1029 vero
3206 972 3472 1042 temporis
3515 973 3685 1027 inter-

2098 1065 2320 1131 vallum,
2344 1066 2537 1121 iterum
2583 1066 2727 1135 patri
2760 1066 3050 1122 molestum
3115 1068 3391 1138 negotium
3453 1065 3683 1121 facessi-

2098 1159 2177 1213 vit
2215 1157 2484 1213 dicendo:
2514 1155 2652 1213 Veni
2687 1171 2896 1211 mecum
2950 1158 3019 1211 ad
3072 1155 3274 1222 forum,
3323 1165 3381 1211 et
3437 1170 3685 1211 ememus

2100 1247 2367 1315 captivam
2415 1246 2629 1315 qualem
2678 1245 2823 1301 Deus
2884 1246 3042 1302 nobis
3096 1247 3492 1316 suppeditabit,
3562 1261 3683 1316 quze

2102 1340 2230 1395 tuilti
2267 1340 2538 1395 connubio
2570 1339 2938 1408 copulabitnr.
2973 1340 3040 1394 Et
3064 1338 3294 1409 profecti
3334 1340 3403 1394 ad
3476 1339 3682 1402 forum,

2099 1446 2290 1486 omnes
2315 1431 2414 1486 fori
2450 1432 2678 1501 angulos
2723 1434 2961 1486 maxima
3014 1446 3146 1486 cura
3203 1432 3672 1501 pervestigarunt,

2100 1526 2389 1580 etinvenit
2432 1524 2718 1592 Amptulas
2771 1525 3041 1593 captivam
3091 1540 3254 1594 quam
3305 1525 3460 1579 emit.
3516 1522 3684 1578 Sutor

2102 1632 2283 1675 autem
2314 1620 2404 1688 qui
2434 1634 2649 1673 servam
2675 1633 2771 1674 seu
2816 1619 3091 1688 captivam
3140 1618 3433 1683 vendebat,
3468 1618 3685 1673 dicebat

2099 1721 2154 1767 et
2192 1713 2295 1767 hoc
2325 1711 2645 1781 juratncuto
2675 1726 2772 1780 per
2806 1710 2979 1766 Deum
3008 1714 3351 1767 tremendum
3378 1712 3675 1767 conﬁrma-

2103 1809 2215 1869 bat,
2249 1804 2391 1874 quod
2420 1805 2519 1859 ista
2544 1806 2757 1874 captiva
2791 1804 3096 1874 plusquam
3130 1805 3421 1860 duodecim
3458 1807 3673 1862 vicibus

2103 1899 2321 1953 vendita
2352 1897 2567 1963 fuerat;
2601 1912 2705 1966 qua
2730 1898 2798 1952 de
2829 1912 2886 1950 re
2912 1898 3097 1953 laetitia
3127 1898 3494 1963 exsultantes,
3532 1898 3685 1952 illam

2101 1990 2320 2043 domum
2382 1990 2747 2043 deduxerunt.
2796 1988 2999 2059 Elapso
3030 2003 3159 2044 vero
3212 1990 3370 2060 pauci
3423 1991 3688 2060 temporis

2102 2083 2299 2151 spatio,
2338 2082 2482 2136 illam
2533 2083 2585 2136 in
2627 2098 2817 2150 agrum
2872 2083 3141 2137 miserunt
3196 2091 3255 2137 ut
3310 2082 3551 2139 camelos
3592 2098 3689 2152 pa-

2102 2184 2282 2231 sceret
2308 2176 2606 2229 seeundum
2638 2189 2844 2229 morem
2866 2177 2954 2242 qui
2974 2175 3116 2244 apud
3140 2175 3354 2231 Arabas
3380 2174 3687 2237 obtinebat.

2099 2276 2154 2322 et
2188 2266 2419 2337 singulis
2452 2266 2743 2321 matutinis
2792 2252 3153 2334 temporibus,
3181 2267 3364 2324 cibum
3430 2270 3689 2323 diurnum

2099 2380 2209 2436 quo
2231 2365 2475 2419 aleretur
2510 2365 2752 2421 cauiSIro
2781 2380 2969 2421 secum
2998 2363 3242 2419 humeris
3267 2363 3536 2432 gestabat,
3561 2362 3691 2417 sin-

2100 2457 2240 2526 gulis
2271 2472 2401 2511 vero
2430 2457 2754 2526 vespertinis
2799 2457 2952 2511 boris
2985 2455 3127 2509 idem
3191 2454 3495 2507 canistrum
3549 2463 3690 2507 ster~

2099 2562 2227 2601 core
2269 2545 2607 2601 camelorum
2660 2545 2879 2616 plenum
2930 2546 3152 2599 domum
3204 2542 3408 2598 domini
3472 2543 3559 2599 sui
3602 2559 3689 2599 re-

2101 2639 2243 2693 ferre
2266 2638 2496 2694 solebat.
2526 2638 2757 2703 Etcum,
2790 2636 3002 2708 uti‘jam
3036 2636 3361 2702 memoravi,
3424 2637 3686 2698 serviret.

2099 2747 2223 2784 cum
2262 2730 2353 2784 illa
2390 2744 2503 2784 rem
2533 2730 2723 2784 habuit
2760 2730 3066 2799 Amptulas.
3098 2728 3238 2784 Cum
3279 2742 3411 2799 ergo
3466 2737 3683 2783 uterum

2101 2822 2273 2876 l‘t-rret
2301 2822 2418 2877 sive
2442 2821 2566 2889 quia
2596 2820 2885 2890 Amptulas
2919 2821 3033 2876 sive
3060 2820 3203 2887 quod
3242 2819 3563 2874 armentarii
3594 2820 3687 2889 qui

2100 2917 2152 2968 in
2182 2923 2367 2969 monte
2392 2914 2634 2970 camelos
2662 2914 2981 2983 pascebant,
3001 2928 3125 2969 cum
3163 2912 3255 2967 illa
3302 2921 3686 2973 consuessent.

2102 3008 2320 3061 tandem
2346 3006 2596 3075 pervenit
2627 3006 2695 3061 ad
2729 3016 2943 3075 tempus
2973 3020 3080 3075 quo
3122 3015 3338 3061 uterum
3396 3005 3679 3075 deponere

2096 3106 2152 3153 et
2181 3111 2375 3166 parcre
2403 3098 2656 3151 debebat.
2684 3095 2833 3151 More
2875 3098 3042 3168 igitur
3102 3098 3265 3153 solito
3313 3097 3563 3168 profecta
3616 3098 3684 3150 ad

413 3205 595 3258 ραντι,
624 3189 723 3243 καὶ
760 3190 860 3261 τὴν
914 3191 1212 3260 φέρουσαν,
1247 3191 1329 3245 ὅτι
1373 3191 1432 3257 ἐξ
1486 3191 1669 3253 αἰτίας
1704 3188 1799 3244 τοῦ
1842 3190 1993 3243 σπεί-

2099 3200 2335 3245 montem
2394 3198 2454 3242 ttt
2516 3187 2592 3242 ibi
2646 3189 2886 3244 camelos
2935 3191 3130 3255 aleret,
3181 3190 3393 3258 peperit
3444 3188 3517 3243 ibi
3575 3187 3692 3242 Illu-

410 3297 605 3350 ραντος
629 3280 958 3354 ἐχαώθημεν
1003 3283 1112 3338 ἀπὸ
1159 3282 1257 3353 τὴν
1304 3282 1410 3353 γῆν
1441 3284 1536 3336 καὶ
1567 3282 1678 3335 τῶν
1716 3280 1994 3351 γυναικῶν

405 3377 440 3445 ή
450 3374 591 3444 μῶν.

2104 3282 2471 3346 bammedem,
2516 3282 2728 3351 vesperi
2798 3297 2926 3335 vero
3013 3296 3327 3347 reversura,
3386 3281 3689 3337 secundum

2106 3373 2559 3428 consuetudinem
2583 3373 2883 3427 canistrum
2937 3383 3181 3428 stercore
3213 3373 3550 3428 camelorum
3584 3373 3689 3427 im-

408 3468 599 3538 plevit,
633 3468 994 3527 Maltometem
1039 3487 1169 3526 vero
1192 3484 1388 3526 recens
1411 3480 1599 3525 natum
1649 3471 2095 3540 superimposuit,
2158 3469 2347 3539 sicque
2406 3470 2474 3524 ad
2535 3470 2681 3524 aedes
2716 3469 2924 3523 domini
2960 3469 3044 3524 sui
3111 3467 3299 3524 rediit.
3328 3470 3478 3524 Avus
3503 3476 3689 3525 autem

409 3579 535 3618 cum
576 3564 785 3621 videret
854 3576 1108 3637 nepotem
1164 3566 1597 3622 Multammedetn
1664 3567 1857 3623 dixit:
1908 3569 2216 3623 Auatbema
2266 3577 2324 3623 et
2400 3568 2541 3637 patri
2596 3575 2652 3623 et
2710 3566 2899 3631 matri,

409 3674 531 3716 mus
559 3662 733 3730 patria
766 3661 904 3732 pulsi
927 3673 982 3717 et
1011 3663 1274 3719 uxoribus
1312 3664 1513 3719 orbati.

480 3752 631 3826 Αὕτη
658 3755 714 3808 δέ
743 3756 889 3810 κατὰ
922 3756 1024 3827 τὴν
1061 3757 1352 3826 συνήθειαν
1388 3757 1559 3827 αὐτῆς
1585 3757 1883 3828 ἐπορεύετο
1919 3760 1999 3823 εἰς

404 3844 469 3899 τὸ
492 3846 619 3918 ὄρος
651 3848 868 3917 βόσκειν
892 3850 992 3913 τὰς
1023 3849 1311 3920 καμήλους
1346 3850 1698 3921 βαστάζουσα
1728 3851 1822 3904 τὸν
1847 3852 1999 3904 Metto

406 3940 609 4012 χάμετ,
636 3942 725 3997 ἵνα
743 3942 935 3999 τοῦτον
984 3943 1217 4015 θηλάζῃ,
1252 3945 1350 3997 xal.
1376 3945 1515 4014 μετὰ
1564 3944 1733 4015 τριῶν
1790 3944 2000 4014 χρόνων

408 4030 839 4102 συμπληρῶσαι,
872 4032 1099 4104 ἐξῆλθεν
1135 4038 1162 4088 6
1210 4034 1392 4105 πατὴρ
1438 4033 1534 4087 τοῦ
1574 4034 1875 4104 Μουχάμετ
1916 4036 1998 4097 εἰς

406 4123 688 4192 κυνήγιον.
740 4124 850 4177 Καὶ
904 4125 1250 4195 ἐκυνήγήσεν
1298 4124 1491 4196 ἄγριον
1550 4125 1843 4195 πρόϐατον,
1902 4126 1997 4177 καὶ

406 4209 707 4275 ἐπέζευσεν
739 4212 832 4266 τοῦ
868 4213 1072 4279 σφάξαι
1100 4214 1251 4278 αὐτὸ,
1289 4215 1385 4267 καὶ
1417 4213 1755 4285 παρατυχὼν
1808 4215 1992 4266 ἐκεῖσε

404 4304 530 4373 ὄφις
553 4303 743 4358 ἔδακεν
772 4306 957 4371 αὐτὸν,
987 4307 1082 4359 καὶ
1117 4307 1280 4370 εὐθὺς
1308 4308 1414 4360 ἀπ’)
1439 4307 1532 4360 τοῦ
1579 4306 1857 4377 δήγματος
1890 4308 1997 4359 ἁπ-

406 4393 588 4448 έυανε.
617 4396 773 4449 Μετὰ
802 4398 860 4451 δὲ
894 4398 956 4450 τὸ
992 4397 1395 4469 συμπληρῶσαι
1439 4398 1660 4469 χρόνους
1688 4397 1730 4450 ε’
1753 4397 1995 4451 ἀπέθανε

406 4487 503 4539 καὶ
538 4489 567 4540 6
603 4489 831 4552 πάππος
877 4488 971 4542 τοῦ
1029 4492 1349 4561 Μουχάμετ.
1400 4493 1509 4544 Καὶ
1566 4490 1918 4546 ἀναλαϐοῦσα
1962 4493 1996 4562 ή

2978 3580 3105 3620 nam
3158 3564 3318 3636 culpa
3372 3566 3543 3637 patris
3599 3581 3693 3622 su-

2172 3757 2264 3813 llla
2300 3772 2430 3812 vero
2458 3772 2609 3813 more
2630 3755 2792 3812 solito
2820 3755 3053 3825 singulis
3090 3755 3283 3810 diebus
3307 3754 3696 3824 proﬁcisceba-

2101 3860 2190 3903 tur
2217 3851 2284 3903 ad
2312 3859 2550 3905 montem
2582 3860 2640 3903 ut
2670 3849 2913 3904 camelos
2949 3856 3224 3917 pasceret,
3253 3858 3307 3903 et
3331 3862 3519 3903 secum
3572 3848 3693 3904 Mu-

2098 3944 2439 3997 hatnmedem
2471 3946 2724 4012 gestabat
2750 3942 2977 3996 utillum
3004 3940 3254 3995 laetaret.
3276 3939 3478 3998 Tribus
3505 3953 3688 3998 autem

2098 4037 2327 4105 integris
2362 4037 2522 4091 annis
2552 4036 2777 4105 elapsis,
2820 4045 2979 4104 pater
3038 4036 3440 4093 Multammedis
3496 4037 3564 4091 ad
3596 4052 3692 4092 ve-

2095 4128 2339 4183 nandum
2384 4128 2574 4191 exivit,
2622 4134 2679 4180 et
2728 4142 2885 4182 ovem
2918 4126 3233 4182 silvestrem
3283 4126 3335 4181 in
3398 4129 3691 4184 venatione

2097 4230 2312 4290 captam
2338 4221 2557 4275 domum
2610 4220 2877 4285 deduxit;
2916 4220 3011 4274 sed
3060 4234 3185 4273 cum
3242 4221 3309 4273 ad
3369 4219 3515 4274 illam
3573 4236 3691 4276 ma-

2095 4315 2347 4377 clattdatn
2380 4329 2441 4368 se
2468 4312 2783 4383 accingeret
2822 4324 2876 4366 et
2910 4312 3054 4366 illaut
3086 4322 3433 4381 sequeretur,
3462 4327 3690 4382 serpens

2097 4406 2248 4460 illum
2284 4405 2485 4459 invasit
2543 4411 2597 4459 et
2618 4418 2801 4456 tnorsu
2852 4402 3190 4472 impetiit,et
3251 4403 3437 4457 statim
3469 4418 3688 4459 morsus

2100 4495 2323 4551 vulnere
2352 4495 2579 4551 interiit.
2622 4493 2837 4573 Elapsis
2874 4508 3002 4547 vero
3032 4494 3275 4563 quinque
3316 4494 3441 4548 aliis
3500 4494 3685 4558 annis,

407 4580 617 4635 σκλάϐα
631 4583 722 4637 τὸν
749 4584 986 4653 ὀρφανὸν
1009 4584 1193 4649 παῖδα,
1223 4584 1343 4655 ἦτοι
1367 4584 1459 4639 τὸν
1482 4585 1806 4655 Μουχάμετ,
1825 4579 1991 4656 ἦλθεν

2102 4604 2237 4643 avus
2270 4589 2383 4657 ipse
2408 4586 2807 4641 Muhammedis
2855 4586 3075 4639 tandem
3130 4584 3241 4639 fato
3298 4584 3522 4640 functus
3581 4596 3689 4641 est.

404 4672 489 4735 εὶς
510 4672 677 4726 τόπον
708 4673 1027 4744 σύγκαιρον,
1059 4676 1152 4728 καὶ
1180 4671 1337 4746 εὗρεν
1373 4677 1552 4727 ἐκεῖσε
1578 4676 1675 4729 τὸν
1718 4678 1990 4730 Ἀπουτα-

404 4761 544 4833 λέπη
578 4762 670 4817 τὸν
709 4763 1074 4834 ἁνδράόελφον
1113 4763 1309 4832 αὐτῆς,
1356 4763 1449 4815 καὶ
1497 4764 1793 4833 συνέτυχεν
1844 4762 1993 4833 αὐτῴ

404 4856 537 4925 περὶ
568 4854 786 4907 πάντων
824 4854 933 4906 τῶν
982 4854 1416 4925 συμϐεϐηκότων
1470 4853 1631 4923 αὐτῇ.
1684 4854 1795 4906 Kal.
1841 4852 1993 4918 λέγει

404 4946 589 5017 αὑτῇὸ
618 4946 1049 5018 Ἀπουταλέπη;’
1080 4946 1222 5014 Ἐγὼ
1251 4947 1317 5000 va
1345 4945 1637 5017 άναθρέψω
1650 4945 1740 4998 τὸν
1772 4946 1993 5013 ἀνεψιόν

410 5056 534 5104 μου,
564 5040 656 5093 τὸν
683 5041 943 5110 Μωαμὲδ,
976 5042 1071 5093 καὶ
1098 5042 1161 5093 σὺ
1198 5038 1417 5093 δούλευε
1456 5040 1555 5107 ἐμὲ
1591 5041 1670 5101 εἰς
1706 5038 1767 5090 τὸ
1827 5036 1995 5108 σπῆτὶ

409 5147 533 5200 μου,
571 5132 665 5185 xal
691 5131 916 5201 ἐποίησε
944 5132 1081 5201 μετὰ
1108 5132 1205 5200 τῆς
1240 5130 1450 5200 μητρὸς
1483 5128 1651 5183 αὐτοῦ
1683 5126 1923 5198 χρόνους
1962 5134 1994 5179 ι’

407 5224 503 5276 καὶ
526 5223 855 5293 ἀνετρέφετο
893 5216 1073 5289 οὗτος.
1122 5224 1232 5277 Kal.
1291 5222 1478 5275 ἔκτοτε
1511 5220 1749 5274 ἀπέθανε
1810 5221 1907 5273 καλ⁸
1957 5223 1988 5288 ἡ

408 5316 596 5385 μήτηρ
645 5314 833 5381 αὑτοῦ,
875 5317 970 5368 καὶ
1011 5316 1344 5387 ὰνετρέφετο
1406 5315 1513 5368 ὑπὸ
1568 5313 1663 5366 τοῦ
1699 5312 1845 5366 θείου
1898 5312 1993 5366 τοῦ

418 5407 823 5479 Ἀπουταλέπη,
878 5408 973 5461 καὶ
1016 5408 1322 5462 ἐκδέδωκεν
1389 5407 1556 5461 αὑτὸν
1608 5406 1749 5478 μετὰ
1781 5404 1993 5476 βοσκῶν

404 5499 499 5554 τοῦ
533 5499 752 5569 βόσκειν
786 5502 951 5554 αὑτὸν
980 5501 1229 5572 πρόϐατα
1275 5502 1368 5555 καὶ
1412 5500 1695 5572 καμήλους
1735 5501 1829 5553 ἐπὶ
1860 5501 1993 5571 χρό-

405 5609 530 5654 νους
560 5590 591 5645 ι’
627 5595 721 5647 καὶ
750 5594 938 5648 ἔκτοτε
988 5594 1191 5667 ὥρισεν
1224 5595 1258 5666 ἡ
1295 5594 1463 5671 κυρία
1502 5596 1689 5659 αὑτὸν,
1724 5596 1811 5648 ἵνα
1841 5594 1993 5659 ταξι-

406 5683 551 5736 δεύει
579 5685 687 5738 ἀπὸ
730 5685 909 5757 χώρα;
944 5688 1024 5749 εἰς
1072 5687 1257 5758 χώραν
1303 5688 1575 5758 μισθωτὸς
1629 5689 1768 5759 μετᾶ
1806 5690 1992 5758 καμή⁴

407 5776 497 5828 λια
520 5778 710 5848 αὐτῆς.
755 5781 861 5832 Kal.
903 5781 970 5834 τὰ
1028 5780 1283 5835 ἐντεῦθεν
1339 5781 1509 5851 κέρδη
1542 5783 1886 5850 προσέφερεν
1920 5786 1985 5851 τῇ

406 5872 577 5943 κυρίᾳ.
608 5872 795 5939 αὑτοῦ,
830 5876 925 5929 καὶ
962 5876 1261 5947 πεποίηκεν
1302 5876 1475 5940 οὓτως
1512 5876 1739 5950 χρόνους
1774 5883 1834 5932 ε’.

2097 4681 2391 4748 Abripiens
2440 4694 2568 4732 vero
2638 4693 2798 4732 serva
2862 4676 3298 4731 Multammedem
3353 4679 3686 4747 orpltanttm,

2098 4772 2311 4826 abittet
2338 4771 2588 4841 pervenit
2620 4771 2673 4823 in
2726 4769 2903 4823 locum
2950 4768 3244 4838 quemdam
3290 4769 3529 4824 amicum
3597 4770 3686 4825 ubi

2098 4863 2324 4918 oﬂ'ettdit
2348 4863 2713 4933 Abutalepum
2757 4863 2982 4916 fratrem
3019 4862 3203 4915 mariti
3258 4863 3339 4918 sui
3396 4872 3451 4918 et
3503 4864 3687 4917 omnia

2100 4957 2173 5011 illi
2210 4956 2458 5010 narravit
2489 4972 2608 5024 qua:
2638 4957 2739 5025 ipsi
2772 4956 3139 5025 contigerant.
3170 4955 3447 5025 Abutalep
3503 4966 3685 5012 autem

2102 5050 2423 5119 regerebat:
2452 5048 2562 5118 Ego
2591 5048 2795 5103 victum
2825 5050 3187 5120 suppeditabo
3214 5048 3361 5103 aﬂini
3396 5064 3520 5103 meo
3569 5048 3685 5103 Mn-

2103 5144 2403 5207 Itammedi,
2438 5152 2494 5196 tu
2533 5155 2665 5196 vero
2698 5143 2908 5197 servias
2938 5145 3079 5213 apud
3109 5156 3195 5197 me
3224 5142 3276 5196 in
3313 5141 3448 5210 ipsis
3483 5142 3691 5197 aedibus

2102 5237 2258 5291 meis.
2292 5234 2360 5290 Et
2405 5237 2583 5305 spatio
2641 5250 2905 5289 annorum
2952 5237 3161 5299 decem,
3190 5251 3310 5289 cum
3358 5245 3531 5289 matre
3590 5252 3686 5289 sua

2100 5332 2240 5399 apud
2271 5328 2419 5383 illttttt
2455 5327 2681 5393 mansit,
2714 5336 2768 5382 et
2794 5328 2866 5381 ibi
2920 5328 3088 5381 vitam
3137 5342 3294 5381 suam
3332 5328 3684 5380 sustentavit.

2100 5424 2205 5477 Sed
2224 5431 2409 5485 postea
2438 5422 2553 5491 ipsa
2588 5431 2760 5475 mater
2788 5421 3146 5486 moriebatur,
3178 5431 3233 5475 et
3252 5422 3403 5473 solus
3434 5419 3684 5473 alebatur

2098 5516 2239 5587 apud
2269 5514 2593 5569 avunculum
2628 5513 3007 5584 Abutalepum,
3043 5516 3143 5568 bac
3168 5514 3245 5567 illi
3271 5511 3526 5582 imposita
3552 5527 3683 5567 cura

2101 5619 2160 5666 ttt
2209 5626 2329 5665 cum
2391 5609 2510 5663 aliis
2559 5607 2867 5677 pastoribus
2898 5622 3029 5662 oves
3088 5616 3144 5659 et
3184 5603 3424 5660 camelos
3478 5614 3689 5674 regeret

2099 5710 2151 5755 et
2176 5707 2445 5770 pasceret.
2475 5698 2630 5765 Quod
2686 5713 2808 5753 cum
2838 5713 2934 5768 per
2960 5699 3146 5751 decem
3184 5709 3358 5749 annos
3400 5692 3692 5765 praestitis:

2101 5799 2204 5853 sct,
2240 5788 2385 5845 illius
2416 5789 2634 5845 domina
2676 5788 2816 5859 apud
2849 5804 2907 5844 sc
2942 5786 3231 5842 constituit
3264 5785 3417 5841 illum
3476 5786 3543 5841 de
3598 5798 3687 5840 re-

2101 5881 2260 5951 gione
2289 5881 2339 5937 itt
2374 5879 2652 5949 regionem
2679 5880 2898 5936 mittere
2929 5895 3050 5933 cum
3082 5879 3331 5945 camelis,
3360 5886 3418 5933 ut
3454 5893 3540 5934 res
3562 5890 3693 5933 suas
