4146 6442
412 403 547 467 1420

1603 405 2079 466 CONFUTATIO
2122 406 2482 467 AGARENI.

3551 418 3685 482 H35)

412 527 654 591 ἑκάστην
690 518 832 591 μετὰ
855 517 951 571 τοῦ
1004 518 1252 588 Παχυρᾶ.
1308 518 1467 570 Καὶό
1518 520 1752 589 μοναχὸς
1802 518 1890 572 διὰ
1937 519 1996 571 τὸ

2104 519 2320 587 triginta
2352 521 2558 574 dierum
2582 530 2631 572 et
2658 532 2920 588 noenum,
2953 524 3076 580 volo
3098 525 3321 597 jejunus
3360 533 3547 588 vivere
3570 544 3625 589 et
3652 550 3680 587 a

415 613 680 687 ⁴ριαιιττίσαι
724 610 909 673 αὐτὸν,
947 610 1267 680 ἀνέτρεφεν.
1309 608 1579 679 Ἐσπέρας
1606 609 1663 662 δὲ
1693 609 1998 679 γενομένης

413 710 616 778 ἣρχετο
644 701 1063 773 κορεννύμενος,
1094 703 1190 754 καὶ
1224 701 1326 753 οὐκ
1356 700 1614 754 ἐδείπνει.
1651 700 1878 767 Ἔλεγεν
1906 697 1998 753 οὖν

416 799 552 871 πρὸς
580 796 747 850 αὐτὸν
772 795 801 848 6
858 794 1271 863 Ἀπουταλέπης
1304 794 1333 846 6
1379 792 1523 855 θεῖος
1573 808 1692 844 του·
1720 792 1871 845 Θέλω
1912 792 1998 843 ἵνα

419 905 509 959 μοι
544 887 783 951 ἐξείποις
829 885 1009 939 πᾶσάν
1050 901 1145 938 σου
1193 883 1293 953 τὴν
1330 882 1613 936 ὑπόθεσιν.
1648 880 1839 936 Βλέπω
1890 884 1999 949 γὰρ

416 979 517 1032 οὐκ
549 976 751 1038 ἐσθίεις
780 974 1013 1038 οὐδόλως
1041 992 1093 1028 τι
1124 990 1137 1003 ·
1176 972 1312 1027 ἀλλὰ
1338 973 1433 1026 καὶ
1462 974 1522 1027 ἐν
1552 975 1668 1036 τοῖς
1692 972 1846 1042 ὄρεσι
1878 972 2000 1025 καθ’

418 1069 657 1139 ἑκάστην
682 1071 1027 1138 περιπατεῖς,
1052 1068 1147 1119 καὶ
1168 1066 1227 1118 16
1251 1066 1493 1137 ἑσπέρας
1519 1065 1834 1129 κατάκοπος
1854 1064 2003 1136 ἔρχεο

419 1174 529 1213 σαι.
574 1158 925 1228 Ἀνάγγειλον
978 1155 1072 1212 οὖν
1132 1160 1287 1228 ήμῖν,
1342 1158 1370 1210 ὃ
1413 1175 1465 1210 τι
1500 1156 1995 1229 χρηματιζόμενος.

415 1253 579 1320 Λέγει
599 1251 750 1322 αὐτῷ
773 1253 802 1304 6
827 1251 1147 1321 Μουχάμετ·
1167 1250 1294 1302 Ἐὰν
1324 1249 1483 1320 θέλῃς
1513 1249 1749 1315 ἐξειπεῖν
1775 1266 1864 1320 με,
1898 1247 2001 1301 σώ-

418 1361 612 1416 ρευσον
664 1344 860 1416 πρῶτα
906 1344 999 1396 τὸν
1053 1343 1181 1396 λαὸν
1211 1340 1305 1395 τοῦ
1341 1342 1529 1406 Μακᾶ,
1559 1343 1654 1395 καὶ
1707 1342 2001 1413 ἐρχόμενος

414 1435 608 1505 αὔριον
639 1435 749 1489 ἀπὸ
792 1433 884 1488 τοῦ
916 1434 1078 1505 ὅρους
1110 1436 1249 1487 εἴπω
1301 1452 1382 1488 σοι
1436 1435 1618 1487 πάντα
1660 1431 2000 1486 κατενώπιον

414 1527 616 1581 αὐτῶν.
648 1520 810 1581 Οὗτοι
836 1527 895 1580 δέ
922 1527 1023 1580 οὐκ
1065 1528 1315 1598 ἐνόησαν,
1346 1529 1428 1582 ὅτι
1474 1528 1539 1580 ἐκ
1571 1526 1665 1580 τοῦ
1691 1525 1999 1597 καλογήρου

413 1619 728 1673 διδάσκεται
758 1621 851 1672 καὶ
881 1620 1167 1689 τρέφεται,
1195 1618 1332 1671 ἀλλά
1358 1619 1479 1673 οὐδὲ
1508 1619 1535 1670 6
1597 1617 1834 1688 μοναχδς
1860 1617 2001 1671 ἐτόλ-

418 1728 561 1780 μησε
596 1713 734 1782 πρός
760 1729 883 1765 τινα
910 1711 1020 1764 τῶν
1063 1710 1349 1782 Ἀῤῥάϐων
1380 1710 1637 1777 ἐξειπεῖν,
1682 1710 1765 1763 ὅτι
1804 1708 1999 1779 σχολά-

415 1802 499 1865 ζει
523 1804 655 1872 παρ’
681 1802 852 1857 αὐτοῦ
882 1804 910 1855 6
933 1803 1259 1873 Μουχάμετ,
1292 1802 1379 1855 ἴνα
1412 1803 1505 1855 καὶ
1542 1802 1780 1873 βαπτίσῃ
1808 1802 1997 1865 αὑτὸν,

2101 612 2239 663 cibis
2272 625 2496 677 prorsus
2552 614 2851 680 abstinere,
2883 626 2941 669 ut
2989 618 3167 674 tenuis
3212 631 3267 674 et
3312 622 3529 679 subtilis
3551 639 3683 680 eva-

2101 703 2221 755 dam
2253 704 2425 756 instar
2447 704 2646 773 angeli,
2683 718 2879 762 etcum
2911 710 2976 763 ad
3036 725 3123 765 me
3173 714 3398 769 accedet
3434 717 3682 785 angelus,

2101 797 2181 849 sic
2205 807 2391 864 potero
2429 796 2641 851 facilius
2675 816 2797 853 cum
2848 801 2939 856 illo
2972 816 3255 859 sermones
3303 814 3358 859 et
3413 808 3679 877 colloquia

2102 888 2352 944 miscere.
2385 888 2475 942 llle
2513 904 2640 943 vero
2669 892 2806 945 clam
2839 906 2894 948 et
2932 896 3189 962 privatim
3223 896 3451 967 singulis
3494 900 3683 955 diebus

2100 979 2347 1033 alebatur
2377 981 2517 1049 apud
2572 981 2894 1039 Pachuram.
2928 984 2997 1039 Et
3038 987 3335 1043 monachus
3367 989 3470 1043 iste
3530 999 3586 1044 ut
3617 991 3679 1045 il-

2103 1071 2214 1125 lum
2237 1070 2452 1126 tandem
2487 1072 2551 1125 ad
2579 1072 2906 1142 baptismum
2942 1077 3289 1143 perduceret,
3344 1078 3417 1133 illi
3476 1080 3678 1133 vietum

2098 1165 2503 1235 suppeditabat.
2538 1165 2764 1236 Vesperi
2791 1183 2921 1223 vero
2954 1168 3168 1223 redibat
3206 1168 3346 1224 bene
3381 1178 3573 1240 pastus
3627 1181 3682 1225 et

2102 1265 2291 1313 ventre
2323 1258 2532 1328 plenus,
2567 1269 2622 1313 et
2650 1269 2781 1315 tunc
2808 1275 2869 1315 se
2896 1260 3041 1317 nolle
3082 1274 3309 1316 camare
3362 1260 3678 1315 simulabat.

2101 1349 2180 1402 Ad
2205 1349 2354 1403 illum
2373 1365 2500 1404 vero
2518 1349 2597 1405 sic
2621 1352 2839 1407 tandem
2863 1351 2982 1407 inﬁt
3008 1353 3311 1409 avunculus
3331 1353 3478 1410 illius
3508 1353 3680 1407 Abou-

2105 1441 2306 1510 talipa:
2338 1440 2450 1512 Ego
2503 1441 2625 1496 volo
2674 1451 2731 1496 ut
2782 1443 2913 1497 tnihi
2969 1444 3243 1514 significes
3305 1453 3470 1499 totam
3516 1445 3678 1499 istam

2104 1542 2249 1588 tuam
2269 1533 2458 1604 agendi
2484 1535 2770 1588 rationem.
2818 1532 2987 1590 Video
3020 1538 3166 1591 enim
3201 1547 3256 1593 te
3305 1538 3534 1608 singulis
3563 1538 3680 1593 die-

2102 1627 2204 1680 bus
2235 1627 2302 1679 ad
2340 1634 2550 1681 montes
2579 1626 2884 1691 discedere,
2912 1635 2964 1681 te
2996 1629 3208 1697 vesperi
3256 1629 3436 1684 redire
3490 1627 3679 1683 labore

2102 1716 2404 1771 confectum
2428 1725 2483 1770 et
2508 1716 2854 1781 exhaustum,
2886 1727 2941 1773 et
2968 1728 3147 1773 tamen
3177 1728 3230 1774 te
3279 1718 3414 1773 nihil
3451 1733 3677 1788 prorsus

2102 1814 2323 1876 gustare
2350 1812 2403 1860 et
2424 1804 2610 1859 edere.
2657 1804 2881 1859 Declara
2925 1820 3058 1875 ergo
3119 1805 3276 1860 nobis
3313 1820 3419 1874 quo
3451 1804 3674 1859 oraculo

414 1898 508 1949 καὶ
536 1895 743 1968 διδάξῃ,
768 1898 862 1950 καὶ
888 1897 1126 1968 διαφύγῃ
1158 1896 1267 1950 ἀπὸ
1297 1897 1406 1951 τῶν
1446 1897 1731 1967 Ἀρράϐων
1760 1897 1851 1951 τὸν
1882 1896 1995 1951 κίν-

2099 1908 2148 1953 et
2168 1897 2496 1953 commercio
2517 1898 2621 1953 hoc
2648 1896 2839 1952 l'acias.
2869 1898 2950 1950 Ad
2978 1898 3083 1952 ista
3115 1897 3400 1965 regerebat
3422 1895 3639 1949 Multam
3659 1923 3679 1934 -

412 1987 585 2043 δυνον.
2110 1988 2233 2042 med
2263 2005 2276 2041 :
2316 1986 2370 2042 Si
2397 1988 2532 2043 velis
2565 2002 2652 2044 me
2678 1987 2821 2043 istud
2849 1988 3108 2057 quidquid
3139 1997 3223 2043 est
3262 1988 3483 2057 negotii;
3517 2002 3680 2043 enar-

416 2094 557 2142 rare,
589 2093 860 2149 congrcga
893 2079 1069 2147 primo
1094 2079 1347 2149 populum
1378 2088 1435 2134 et
1458 2079 1663 2135 incolas
1688 2079 1901 2147 Meccaz,
1967 2088 2022 2133 ct
2060 2081 2303 2150 sequenti
2330 2080 2439 2145 die,
2472 2095 2538 2135 ex
2597 2080 2873 2135 montibus
2904 2080 3140 2143 rediens,
3208 2095 3308 2151 ego
3361 2081 3540 2135 omnia
3582 2080 3677 2135 de-

412 2172 632 2225 clarabo
662 2172 711 2225 iu
741 2178 1032 2239 conspectu
1050 2171 1319 2241 omnium,
1350 2180 1404 2228 et
1431 2183 1614 2228 stante
1660 2173 1840 2242 pepuli
1906 2188 2200 2229 numerosa
2263 2188 2490 2227 corona.
2526 2172 2600 2226 Illi
2665 2188 2799 2228 vero
2868 2173 3190 2243 ignorabant
3234 2174 3378 2243 quod
3426 2188 3456 2226 a
3518 2172 3681 2227 Calo-

410 2278 541 2333 gert)
572 2278 667 2315 seu
708 2262 977 2317 monacho
1009 2261 1325 2329 docebatur,
1352 2274 1407 2321 et
1436 2264 1706 2330 alebatur,
1734 2279 1835 2319 nec
1861 2265 2159 2320 monachus
2176 2264 2448 2320 Arabibus
2470 2265 2704 2319 audebat
2729 2265 2971 2319 revelare
2996 2267 3140 2334 quod
3171 2263 3217 2317 Μ
3227 2264 3515 2319 uhautmed
3537 2264 3680 2333 apud

409 2368 470 2407 se
502 2355 735 2407 haereret
782 2362 839 2407 et
869 2361 1195 2417 moraretur,
1222 2362 1280 2408 ut
1314 2366 1689 2418 exerceretur,
1734 2354 2059 2417 doceretur,
2095 2354 2370 2424 baptismo
2435 2354 2762 2426 tingeretur.
2803 2363 2859 2410 et
2938 2358 3043 2410 isto
3107 2354 3326 2410 silentio
3372 2353 3669 2424 periculum

408 2447 476 2498 ab
525 2444 797 2498 Arabibus
847 2456 999 2497 certo
1043 2446 1449 2510 iutentandum,
1481 2461 1541 2501 se
1586 2446 1988 2502 declinaturum
2030 2448 2302 2517 sperabat.

492 2538 551 2589 Ὀ
579 2537 635 2590 δὲ
694 2538 1107 2607 Ἀπουταλέπης
1143 2539 1224 2601 είς
1268 2538 1358 2591 τὸν
1393 2539 1562 2594 Marcii
1612 2540 1875 2612 σωρεύων
1902 2540 1995 2593 τὸν

409 2628 557 2693 λαὸν,
587 2628 680 2681 καὶ¹
700 2628 877 2696 λέγων
900 2631 980 2693 εἰς
1012 2631 1140 2692 τοὺς
1172 2629 1529 2701 προεστῶτας
1549 2630 1659 2686 τῶν
1706 2631 1996 2704 Ἀρράϐων

411 2718 561 2783 υἱῶν,
583 2720 665 2773 ὅτι
686 2716 780 2783 Εἷς
805 2718 865 2783 ἐξ
886 2720 1044 2791 ἡμῶν
1065 2721 1240 2792 ἐφάνη
1269 2722 1556 2793 προφήτης
1587 2721 1680 2776 τοῦ
1693 2740 1826 2793 νομα
1845 2725 1995 2777 Μου-

410 2812 588 2881 χάμετ
640 2811 944 2882 νηστεύσας
983 2812 1199 2883 ἡμέρας
1224 2815 1542 2884 τριάκοντα,
1591 2815 1687 2869 καὶ
1718 2814 1873 2868 δεῦτε
1900 2814 1995 2868 τοῦ

415 2905 540 2956 ἰδεῖν
566 2904 748 2960 αὐτόν.
793 2904 904 2957 Kal
950 2905 1286 2969 ἀκούσαντες
1324 2908 1500 2973 αὐτοὶ,
1551 2908 1634 2962 ὅτι
1668 2909 1852 2979 χοῖκὸς
1903 2909 1996 2963 ἄν·

411 2996 629 3064 θρωπος
661 2995 965 3066 νηστεύσας
998 2996 1212 3068 ἡμέρας
1242 2996 1304 3064 λ’,
1351 2999 1445 3054 καὶ
1496 2998 1597 3052 οὐκ
1636 2999 1991 3070 ἀποθνήσκει,

414 3084 668 3151 μεγάλως
696 3085 956 3149 ἐδόξασαν
984 3086 1078 3140 τὸν
1122 3087 1277 3152 Θεὸν,
1308 3089 1404 3140 καὶ
1437 3088 1681 3159 ἠκούσθη
1734 3088 1892 3143 τοῦτο
1914 3091 1995 3152 εἰς

2170 2538 2323 2594 Tunc
2346 2554 2476 2609 ergo
2513 2539 2841 2609 Abutelepes
2872 2538 3111 2594 Meecam
3142 2553 3202 2595 se
3229 2537 3479 2601 contulit,
3509 2552 3680 2608 popu-

2100 2631 2208 2685 lum
2233 2632 2608 2701 congregavit,
2652 2632 2838 2701 sicque
2869 2631 3049 2700 populi
3111 2640 3393 2699 maguates
3439 2638 3494 2684 et
3523 2629 3679 2684 nobi-

2097 2720 2262 2776 liores
2325 2729 2407 2775 est
2465 2720 2794 2775 allocutus:
2851 2718 3006 2775 Uuus
3061 2721 3202 2774 inter
3252 2735 3352 2775 nos
3411 2721 3671 2788 propinet:

2097 2819 2432 2877 exortuscst,
2449 2811 2792 2866 Multammed
2812 2812 3090 2878 nimirum,
3105 2812 3194 2880 qui
3219 2811 3440 2881 triginta
3464 2811 3677 2867 dierum

2092 2905 2355 2973 jejunium
2380 2903 2540 2959 facile
2569 2916 2745 2975 potest
2767 2905 3035 2971 tolerare;
3063 2904 3247 2960 venite
3273 2919 3426 2974 ergo,
3460 2913 3518 2958 ut
3552 2912 3675 2959 tan-

2104 3004 2213 3048 tum
2240 2994 2545 3063 prodigium
2578 2993 2774 3048 intueri
2799 3004 2854 3049 et
2885 2993 3071 3047 videre
3098 2995 3340 3062 possitis.
3382 2994 3678 3048 Audientes

2102 3101 2228 3142 vero
2261 3086 2340 3142 illi
2378 3087 2523 3157 quod
2556 3086 2732 3141 homo
2755 3096 3007 3141 terrenus
3032 3085 3243 3154 jejunio
3305 3086 3528 3152 triginta
3563 3086 3678 3140 die-~

411 3178 595 3230 πᾶσαν
625 3178 722 3247 τὴν
775 3178 878 3249 γῆν
941 3178 1260 3250 Ἀῥραϐίας.
1302 3179 1416 3234 Καὶ
1449 3181 1805 3250 συναχθέντες
1832 3177 1995 3252 ἦλθον

2105 3192 2222 3230 runt
2271 3192 2381 3231 non
2406 3184 2753 3240 enecaretur,
2778 3175 3035 3229 maximis
3073 3173 3330 3229 laudibus
3364 3174 3533 3228 Beum
3588 3188 3677 3228 ce-

415 3269 555 3338 μετά
588 3269 679 3323 τοῦ
723 3270 1131 3342 Ἀπουταλέπη,
1161 3271 1256 3325 καὶ
1290 3272 1440 3340 λέγει
1477 3273 1683 3336 αὐτοῖς·
1720 3273 1996 3325 Καθίσατε

411 3353 537 3425 ὧδε,
585 3360 667 3412 ὅτι
701 3360 939 3431 ἑσπέρας
979 3362 1163 3431 μέλλει
1201 3362 1400 3417 ἐλθεῖν.
1440 3362 1719 3427 Ἐλθόντος
1758 3359 1850 3417 οὖν
1901 3363 1997 3418 τοῦ

414 3453 736 3521 Μουχὰμετ,
767 3455 1185 3525 συναγείρονται
1217 3455 1417 3518 πάντες
1441 3458 1521 3519 εἰς
1545 3457 1870 3525 συνάντησιν
1901 3457 1998 3510 αὐ·-

414 3544 530 3607 τοῦ,
572 3545 667 3597 καὶ
692 3545 917 3617 ἐϐόησεν
948 3548 976 3599 ὁ
1006 3547 1323 3616 ἀναθρέψας
1363 3548 1528 3601 αὐτὸν
1560 3547 1995 3617 Ἀπουταλέπης,

423 3633 623 3697 Καλῶς
652 3631 819 3705 ἦλθεν
847 3637 874 3689 6
898 3636 1125 3707 φωστὴρ
1150 3637 1251 3703 τῆς
1281 3636 1597 3707 Ἀρῤαϐἱας,
1629 3640 1657 3689 ό
1692 3637 1999 3707 νηστεύσας

415 3726 710 3794 τριάκοντα
732 3726 1070 3797 νυχθήμερα.
1102 3727 1211 3779 Καὶ
1236 3727 1573 3790 ἀκούσαντες
1596 3728 1646 3779 οἱ
1672 3728 1819 3798 ὄχλοι
1845 3729 1997 3798 ἔφρι-

413 3817 529 3881 ξαν,
552 3822 647 3871 καὶ
662 3818 993 3886 ἐτρόμαξαν.
1021 3818 1184 3887 Λέγει
1208 3822 1236 3871 ό
1258 3819 1580 3889 Μουχάμετ,
1605 3819 1863 3882 Ἀκουσε,
1886 3820 1996 3873 θεῖε

424 3910 825 3978 ’Λπουταλέπη,
853 3912 943 3962 καὶ
978 3910 1253 3981 ἀνάτροφε
1274 3928 1398 3980 μου,
1426 3912 1567 3981 μετά
1595 3911 1689 3963 τοῦ
1712 3911 1842 3965 λαοῦ
1876 3929 1994 3975 σου,

410 4002 493 4054 ὅτι
516 4002 644 4053 ὅταν
675 3997 818 4070 ἧλθα
851 4004 932 4064 εἰς
964 4000 1061 4071 τὴν
1082 4001 1393 4070 Δαμασκὸν,
1428 4002 1531 4074 τὴν
1582 4002 1871 4073 ὑστερινὴν
1909 4020 1997 4069 ιιςο⁸

413 4093 536 4162 ράν,
572 4093 667 4145 καὶ
702 4092 874 4162 ἔχασα
891 4092 952 4145 16
983 4091 1215 4163 καμῆλι,
1235 4093 1331 4145 καὶ
1362 4091 1569 4163 ἕδειρὲς
1595 4110 1684 4163 με,
1710 4095 1805 4146 καὶ
1837 4094 1993 4146 ἐδίω-

411 4184 504 4249 ge;
542 4200 609 4252 με
639 4184 747 4235 ἀπὸ
769 4182 864 4236 τοῦ
894 4184 1043 4236 οἴκου
1068 4200 1184 4237 σου.
1213 4184 1325 4235 Kal
1352 4183 1461 4236 ἀπὸ
1495 4183 1670 4254 λύπης
1700 4203 1801 4254 μου
1830 4180 1994 4256 ἦλθον

410 4278 493 4338 εἰς
524 4276 587 4328 τὸ
630 4275 917 4329 Βασιλικὸν
966 4276 1193 4346 πηγάδι,
1250 4279 1345 4331 κοιλ⁵
1406 4276 1604 4330 ἔπεσον
1656 4278 1858 4341 ἐκεῖσε,
1899 4278 1995 4329 καὶ

410 4369 819 4441 ἁπεκοιμήθην,
841 4369 936 4423 καὶ
967 4366 1106 4422 εἶδον
1136 4369 1289 4442 ὄναρ,
1342 4370 1423 4423 ὅτι
1448 4369 1477 4421 ό
1513 4369 1665 4439 ἥλιος
1698 4369 1869 4422 κλίνει
1899 4369 1993 4421 καὶ

413 4464 715 4531 προσκυνεῖ
743 4480 831 4533 με.
863 4462 972 4516 Καὶ
1006 4462 1103 4515 ἐπὶ
1133 4461 1233 4533 τὴν
1259 4460 1451 4532 αὔριον
1473 4460 1764 4531 ἐγείρομαι
1796 4459 1991 4529 φοϐού-

2100 3268 2402 3330 lebraruut,
2431 3276 2485 3323 et
2512 3267 2695 3322 statim
2734 3266 2980 3321 miraculi
3016 3281 3205 3323 rumor
3237 3276 3291 3321 ct
3349 3264 3494 3320 fama
3555 3279 3678 3335 per-

2100 3360 2242 3414 vasit
2284 3368 2454 3414 totam
2512 3359 2794 3414 Arabiam.
2845 3357 3168 3428 Congregati
3224 3371 3354 3427 ergo
3410 3366 3678 3411 venerunt

2100 3463 2222 3503 eum
2255 3448 2566 3516 Abutalipa,
2599 3448 2689 3516 qui
2713 3449 2780 3501 ad
2811 3447 2934 3502 illos
2961 3446 3138 3503 dixit:
3167 3430 3365 3502 Sedete
3396 3444 3510 3509 hic,
3551 3458 3677 3499 nam

2100 3540 2245 3595 circa
2272 3555 2556 3608 vesperam
2580 3549 2845 3593 venturus
2898 3547 2982 3592 est
3048 3538 3336 3607 propheta.
3369 3537 3679 3591 Aceedentc

2099 3645 2230 3700 ergo
2261 3630 2668 3696 Muhammede,
2700 3630 3304 3694 surrexeruntomnes,
3328 3637 3383 3683 et
3435 3628 3487 3682 in
3532 3626 3679 3683 illius

2100 3735 2391 3776 occursum
2424 3732 2678 3788 ruerunt,
2720 3721 2920 3777 boante
2968 3730 3024 3776 et
3062 3720 3332 3775 clamante
3368 3720 3677 3789 Abutalipe,

2098 3812 2500 3868 Multammedis
2533 3821 2767 3882 patrono
2789 3820 2844 3867 et
2871 3812 3084 3867 altore:
3127 3811 3497 3867 Gratissimus
3519 3811 3681 3865 adve—

2099 3906 2180 3959 nit
2214 3904 2295 3960 sol
2319 3904 2552 3969 Arabire,
2578 3903 2899 3973 cujusvires
2936 3904 3157 3973 triginta
3184 3902 3677 3972 dierumjejunium

2100 4011 2205 4050 non
2242 4004 2420 4065 potest
2446 3997 2760 4052 exhaurire.
2785 3996 3000 4061 Quibus
3033 3997 3259 4062 auditis,
3288 3995 3461 4050 turbat
3492 3994 3675 4049 statim

2099 4088 2327 4143 horrore
2356 4096 2410 4143 et
2444 4097 2681 4143 tremore
2712 4087 3169 4155 corripiebantur.
3223 4086 3299 4141 Os
3359 4101 3487 4141 vero
3523 4101 3677 4140 suum

2098 4182 2149 4233 in
2172 4181 2287 4234 haec
2301 4178 2463 4234 verba
2478 4178 2635 4234 solvit
2650 4176 2991 4233 Muhammed
3013 4195 3027 4234 :
3047 4176 3492 4247 Audi,’Ahutalep
3507 4192 3676 4230 avun-

2096 4273 2235 4338 culo,
2280 4281 2333 4325 tu
2371 4272 2461 4341 qui
2498 4270 2832 4342 benignitate
2885 4280 2973 4324 ttta
3037 4288 3123 4325 tne
3154 4270 3337 4324 fovisti
3365 4280 3419 4324 et
3453 4269 3674 4333 aluisti;

2097 4365 2243 4432 audi,
2278 4366 2520 4434 inquam,
2555 4375 2609 4419 tu
2641 4374 2697 4420 et
2731 4363 2961 4435 populus
2995 4373 3139 4416 tuus.
3168 4362 3304 4417 Cum
3337 4361 3524 4416 ultima
3559 4361 3677 4415 vice

2100 4459 2359 4510 Damasco
2388 4457 2648 4522 redirem,
2678 4465 2734 4511 et
2770 4455 3035 4510 eamelum
3069 4455 3401 4519 amisissem,
3436 4452 3676 4507 verberi-

414 4568 596 4619 μενος,
638 4553 731 4606 καὶ
754 4550 1166 4621 ἐννοιαζόμενος
1206 4552 1307 4606 οὐκ
1336 4548 1489 4605 εἷπον
1520 4551 1656 4623 πρός
1685 4553 1808 4605 τινά
1839 4568 1892 4604 τι
1926 4551 1986 4604 16

2099 4550 2194 4603 bus
2226 4563 2311 4602 me
2339 4547 2673 4617 excipiebas,
2718 4557 2771 4603 et
2804 4548 2964 4601 duino
3004 4556 3091 4599 tua
3133 4544 3392 4615 pellebas.
3443 4543 3677 4598 llluarore

412 4642 657 4698 σύνολον.
701 4644 968 4714 Ἀπῆλθον
1014 4639 1107 4698 οὖν
1138 4645 1219 4707 είς
1258 4642 1329 4696 τὰ
1360 4643 1486 4715 ὅρη,
1527 4644 1585 4696 ἐν
1608 4637 1691 4705 οἷς
1722 4643 1990 4714 πρότερον

409 4735 509 4796 τὰς
543 4735 823 4805 καμήλους
865 4734 1115 4799 ἔϐοσκον,
1172 4736 1311 4806 πρὸς
1338 4736 1400 4788 16
1451 4734 1721 4804 ἀναϐῆναί
1756 4752 1848 4805 με,
1896 4736 1994 4789 καὶ

410 4826 589 4895 εὑρὼν
616 4828 842 4899 πέτραν,
872 4827 1101 4881 ἐκάθισα
1132 4826 1237 4879 ὑπὸ
1277 4826 1502 4896 ταύτης,
1556 4825 1655 4899 τὴν
1686 4826 1846 4880 σκιὰν
1874 4827 1993 4880 δια-

411 4918 706 4987 νἰούμενος
738 4920 800 4972 16
833 4919 1039 4990 ὅραμα.
1095 4920 1207 4972 Καὶ
1260 4913 1423 4991 ἦλθεν
1465 4920 1618 4989 φωνὴ
1650 4918 1712 4983 ἐξ
1759 4918 1994 4988 ούρανοῦ

413 5010 548 5080 πρός
579 5028 645 5081 με
674 5011 928 5080 λέγουσιν
956 5012 1278 5083 Μουχάμετ,
1313 5014 1386 5081 μὴ
1418 5011 1695 5076 ἐννοιάζου
1728 5012 1865 5082 ὑπὲρ
1898 5012 1992 5064 τοῦ

412 5103 440 5151 ὁ
450 5103 711 5172 papa-10;.
737 5102 995 5164 Ἀπελθε,
1021 5104 1113 5156 καὶ
1134 5104 1425 5173 νήστευσον
1449 5103 1661 5171 ἡμέρας
1678 5101 1990 5172 τριάκοντα,

414 5194 512 5245 καὶ
544 5194 758 5267 στράφῃ
784 5188 907 5259 ὧδε,
936 5194 1022 5248 ἵνα
1052 5194 1191 5247 εἴπω
1222 5211 1326 5247 σοι.

2093 4655 2225 4695 vero
2259 4639 2533 4694 cruciatus
2572 4649 2627 4694 et
2655 4654 2869 4705 errans,
2911 4638 3127 4692 tandem
3186 4631 3402 4705 perven‘i
3459 4635 3513 4690 in
3565 4633 3671 4689 Rc-

2093 4733 2236 4802 gium
2273 4733 2505 4803 aliquem
2539 4731 2855 4787 louticulum
2890 4747 2983 4785 seu
3033 4740 3254 4797 puteum
3328 4728 3481 4799 regia
3539 4742 3671 4781 cura

2094 4834 2431 4878 excavatum.
2461 4822 2658 4878 Statim
2692 4838 2822 4878 vero
2890 4821 3335 4892 procumbebant,
3378 4830 3432 4875 ct
3484 4834 3675 4874 somno

2096 4932 2182 4971 me
2213 4926 2382 4971 totum
2416 4915 2820 4983 permittebam.
2858 4914 3097 4983 Contigit
3129 4928 3257 4967 vero
3291 4928 3376 4966 me
3403 4910 3673 4967 somnium

2102 5009 2323 5073 habere,
2360 5016 2413 5061 et
2446 5008 2630 5061 videre
2659 5008 2826 5062 solem
2861 5023 2924 5062 ex
2962 5007 3070 5062 alto
3125 5023 3184 5062 se
3218 5005 3596 5061 demittentom
3623 5013 3677 5059 et

2104 5101 2292 5155 humili
2330 5111 2385 5154 et
2431 5109 2699 5169 prostrata
2726 5099 2845 5154 luce
2899 5116 2983 5154 tne
3032 5101 3376 5155 adorantem.
3411 5097 3674 5168 Sequenti

2101 5207 2228 5247 vero
2268 5207 2430 5247 mane
2459 5192 2887 5261 experrclactus,
2916 5200 3058 5248 totus
3102 5193 3457 5259 cohorresco,
3490 5200 3547 5246 et
3578 5192 3677 5246 du-

415 5293 537 5346 bius
560 5293 687 5360 quid
713 5292 792 5346 rei
844 5303 1010 5357 esset,
1077 5300 1248 5346 totum
1307 5290 1579 5361 negotium
1635 5288 1768 5343 nulli
1836 5288 2159 5357 signiﬁcavi.
2231 5287 2517 5343 Profectus
2564 5302 2692 5358 ergo
2752 5304 2901 5343 more
2945 5288 3106 5343 solito
3193 5288 3260 5343 ad
3318 5296 3531 5343 montes
3582 5284 3672 5359 ubi

417 5385 650 5438 camelos
700 5384 1007 5452 pascebam,
1072 5398 1195 5437 cum
1243 5397 1343 5450 ego
1400 5381 1787 5446 asccttdissem,
1843 5380 2187 5435 inveniebam
2228 5389 2472 5449 petram,
2506 5380 2591 5433 cui
2652 5379 2914 5443 insidens,
2987 5379 3315 5447 incipiebam
3379 5381 3561 5433 animo
3591 5378 3673 5432 vi-

420 5472 624 5530 sionem
677 5490 849 5529 meam
890 5476 1127 5538 volvere,
1156 5483 1210 5528 et
1263 5474 1406 5529 illam
1437 5489 1535 5543 pro
1576 5474 1764 5527 umbra
1819 5484 1874 5528 et
1923 5489 1980 5527 re
2056 5486 2280 5541 prorsus
2343 5487 2479 5526 vana
2508 5482 2781 5541 reputare.
2825 5470 3022 5525 Statim
3088 5486 3216 5525 vero
3281 5486 3382 5525 vox
3438 5486 3469 5524 e
3529 5470 3671 5525 cmlo

416 5568 733 5637 erumpebat
769 5568 955 5623 dicens
982 5584 995 5621 :
1022 5564 1387 5631 Multammed,
1421 5579 1487 5619 ne
1523 5574 1576 5619 te
1612 5565 1794 5619 turbet
1826 5563 1987 5617 auxia
2025 5564 2089 5617 de
2128 5563 2340 5617 visione
2372 5562 2667 5631 cogitatio;
2694 5561 2807 5626 abi,
2852 5574 3063 5615 macera
3112 5569 3161 5614 te
3190 5559 3398 5629 jejunio
3448 5560 3681 5628 triginta

415 5659 649 5724 dierum,
680 5668 736 5716 et.
764 5670 951 5730 postea
978 5666 1080 5715 huc
1114 5668 1393 5714 revertere
1425 5670 1485 5714 ut
1536 5660 1665 5728 quid
1714 5660 1786 5715 sit
1815 5661 2081 5731 agendum
2113 5660 2209 5715 tibi
2239 5660 2569 5730 significem.

484 5751 671 5815 Οὕτως
692 5754 917 5823 ἤκουσα,
954 5755 1047 5804 καὶ
1079 5753 1373 5823 ἐπλήρωσα
1408 5752 1619 5821 ἡμέρας
1640 5792 1655 5816 ,
1688 5752 1731 5804 λ’
1758 5754 1980 5824 νήστης,

2168 5752 2256 5805 llis
2287 5752 2483 5805 auditis
2532 5751 2749 5820 triginta
2797 5750 2911 5804 dies
2942 5758 2995 5803 et
3027 5747 3247 5818 triginta
3279 5756 3465 5800 noctes
3500 5761 3663 5815 pror-

416 5847 511 5905 ml
530 5846 572 5901 λ’
604 5846 783 5914 νύτας,
814 5847 906 5902 καὶ
931 5846 1241 5915 ἀπέρχομαι
1274 5845 1393 5898 καθ’
1419 5846 1666 5916 ἑκάστην
1695 5844 1828 5915 πρὸς
1857 5847 1955 5917 σὴν

2099 5861 2160 5899 us
2189 5843 2409 5914 jejunus
2433 5843 2639 5913 peregi,
2671 5853 2724 5896 ct
2780 5842 2932 5897 solus
2997 5855 3251 5897 reversus
3299 5838 3366 5894 ad
3427 5848 3655 5909 petram.
