4146 6464
471 396 606 464 ιιειι

1618 397 2188 466 BARTHOLOMEI
2230 402 2616 468 EDESSENI

3645 398 3795 466 H32

467 513 642 570 astitit
686 510 824 569 mihi
887 512 1051 568 homo
1100 513 1324 568 nomine
1376 510 1598 566 Gabriel
1668 513 1822 580 cujus
1876 515 2054 568 vultus

2189 517 2390 588 πέτραν,
2420 520 2513 572 καὶ
2534 517 2756 590 ἔρχεται
2788 516 3081 589 ἄνθρωπος
3132 515 3377 588 τοῦνομα
3407 513 3679 587 Γαϐριὴλ,
3716 517 3790 570 τδ

467 607 783 678 splendebat
814 615 874 662 ut
897 607 1000 668 sol,
1034 615 1217 660 vestes
1267 615 1328 660 ut
1373 621 1534 658 arcus
1581 605 1824 661 caelestis
1877 606 2059 661 radia-

471 698 628 762 baut,
658 707 713 753 et
739 697 916 753 forma
953 697 1176 768 orisque
1232 696 1504 766 elegantia
1561 697 1785 752 omnino
1839 699 2060 768 conspi-

469 805 627 845 cuus.
666 788 1028 846 Sermouibus
1069 804 1198 844 vero
1220 788 1681 844 ineuarrabilibus
1707 798 1760 843 et
1787 788 1942 842 miris
1976 805 2062 843 me

469 884 842 940 adoriebatur.
870 882 1026 938 Nune
1050 897 1201 947 vero,
1221 882 1264 936 si
1295 881 1486 946 vultis,
1516 882 1700 936 audite
1733 896 1840 948 me,
1871 891 1926 936 et
1956 882 2056 936 ob-

472 985 776 1047 temperate
813 975 1155 1030 maudatiset
1179 973 1441 1028 voluntati
1473 974 1617 1028 illius
1649 974 1739 1042 qui
1777 973 1925 1027 misit
1953 989 2059 1036 me,

471 1079 528 1122 et
573 1069 621 1123 si
665 1081 769 1138 ego
793 1066 996 1137 aliquid
1025 1066 1179 1120 vobis
1210 1079 1564 1131 enarravero,
1603 1065 1733 1118 illud
1762 1078 1830 1118 ne
1877 1074 2062 1132 pereat

477 1168 535 1214 et
583 1159 856 1224 elabatur,
890 1159 1126 1212 maxima
1155 1173 1286 1211 cura
1335 1157 1559 1226 scriptis
1603 1157 1941 1226 consignata.
1973 1155 2066 1210 Ille

474 1261 658 1309 autem
695 1253 844 1308 solus
877 1251 1256 1306 revertebatur
1275 1249 1342 1304 ad
1374 1250 1723 1312 monachum,
1754 1266 1785 1303 a
1823 1265 1932 1318 quo
1963 1250 2064 1302 (IO-

475 1346 727 1411 eebatur,
759 1343 956 1399 deinde
988 1343 1224 1408 rediens,
1253 1358 1316 1397 ea
1370 1359 1489 1412 qua:
1526 1342 1814 1396 audiverat
1841 1359 2067 1397 enarra-

475 1434 589 1498 bat,
620 1432 922 1488 desultoria
957 1432 1176 1486 levitate
1205 1433 1274 1486 ab
1305 1448 1414 1485 uno
1447 1431 1514 1484 ad
1566 1432 1712 1486 aliud
1767 1432 2065 1496 transiens,

475 1524 719 1580 etmodo
749 1525 1000 1594 quaedam
1061 1538 1319 1591 promens
1369 1524 1432 1576 de
1497 1523 1727 1586 Atlauto,
1779 1525 1939 1577 modo
1996 1523 2066 1578 de

478 1615 702 1682 Davide,
732 1612 889 1670 modo
918 1615 982 1669 de
1005 1613 1340 1676 Abraltamo,
1371 1613 1536 1668 modo
1555 1614 1620 1667 de
1643 1612 1885 1678 Christo,
1908 1615 2069 1669 modo

477 1708 544 1763 tle
564 1705 698 1773 Noe,
735 1709 893 1762 modo
938 1707 1005 1763 de
1061 1707 1353 1762 Salomone
1380 1709 1627 1778 quaedam
1683 1707 1987 1772 eil'utiebat,
2015 1718 2069 1762 et

477 1813 820 1868 quaecunque
847 1800 1083 1864 dixerat,
1108 1814 1170 1854 ea
1215 1801 1422 1868 scripto
1453 1799 1818 1869 excipiebant,
1864 1809 1921 1855 et
1944 1801 2068 1868 qui-

2163 610 2459 680 πρόσωπον
2485 610 2651 666 αὐτοῦ
2689 610 2948 676 λάμπων,
3003 611 3080 674 ὡς
3107 609 3137 662 6
3166 609 3342 680 ἥλιος,
3378 608 3450 662 τὰ
3473 608 3534 662 δὲ
3571 609 3787 680 ἱμάτια

2163 701 2353 762 αὐτοῦ,
2383 703 2460 766 ὡς
2489 703 2588 771 τὴν
2629 703 2762 758 θέαν
2791 701 2889 756 τοῦ
2928 701 3087 768 τόξου
3109 699 3205 754 τοῦ
3233 701 3570 772 φαινομένου
3602 701 3662 754 ἐν
3696 698 3790 770 τῷ

2164 791 2400 863 οὖρινῷ,
2435 793 2528 845 καὶ
2558 791 2706 848 πάνυ
2725 791 2929 863 ὡραῖος
2960 790 3042 861 τῷ
3063 789 3217 843 εῖδει.
3249 790 3360 844 Καὶ
3400 788 3782 858 συντυγχάνει

2169 902 2261 956 μοι
2300 885 2517 958 ἄρρητα
2549 885 2791 957 ῥήματα.
2841 884 3074 956 Ἀρτίως
3119 883 3216 936 ἐὰν
3245 883 3451 947 Θέλετε,
3485 881 3786 936 ἀκούσατέ

2170 994 2294 1048 μου,
2327 977 2421 1030 καὶ
2455 979 2719 1049 ποιήσατε
2741 976 2837 1030 τοῦ
2858 975 3176 1047 πέμψαντός
3209 992 3277 1046 με
3306 975 3368 1028 :6
3396 975 3637 1047 θέλημα,
3671 974 3787 1027 καὶ

2167 1071 2220 1122 εἰ
2241 1087 2295 1122 τι
2319 1069 2468 1137 λέγω
2496 1070 2645 1140 ὑμῖν,
2665 1069 2916 1139 γράψατε
2941 1067 3137 1121 ταῦτα.
3171 1068 3282 1120 Καὶ
3302 1066 3463 1130 αὐτὸς
3480 1067 3789 1136 ἀπήρχετο

2168 1160 2517 1231 καθεκάστην
2549 1160 2686 1231 πρὸς
2724 1160 2816 1212 τὸν
2850 1158 3106 1230 μοναχὸν,
3138 1159 3233 1212 καὶ
3275 1157 3597 1211 διδάσκεται
3630 1154 3786 1224 παρ’

2168 1252 2358 1316 αὐτοῦ,
2419 1254 2515 1304 καὶ
2565 1252 2970 1322 κατερχόμενος
3023 1248 3238 1303 ἐκεῖθεν
3276 1249 3524 1302 ἐὸἰϐασκε
3584 1245 3786 1300 ταῦτα

2169 1344 2278 1397 ἀπὸ
2304 1343 2432 1397 ἄλλο
2468 1345 2547 1407 εἰς
2577 1343 2762 1404 ἄλλου,
2797 1341 2930 1395 ποτὲ
2957 1341 3057 1412 μὲν
3096 1343 3161 1394 ἐκ
3183 1339 3277 1393 τοῦ
3323 1340 3516 1410 Ἀδὰμ,
3544 1339 3684 1392 ποτὲ
3719 1338 3787 1392 δὲ

2169 1438 2235 1490 ἐκ
2255 1435 2353 1488 τοῦ
2379 1435 2563 1498 Δαϐὶδ,
2597 1436 2734 1490 ἄλλα
2773 1435 2874 1505 μὲν
2904 1437 2969 1487 ἐκ
2993 1432 3088 1487 τοῦ
3132 1431 3393 1503 Χριστοῦ,
3428 1431 3566 1485 ἄλλα
3599 1430 3659 1483 δὲ
3696 1431 3775 1481 ἐκ

2167 1529 2264 1582 τοῦ
2283 1591 2285 1593 ι
2304 1529 2580 1600 Ἀϐραὰμ,
2610 1529 2742 1581 ποτέ
2777 1529 2877 1598 μὲν
2900 1528 2966 1580 ἐκ
2990 1526 3088 1580 τοῦ
3122 1526 3268 1588 Νῶε,
3314 1525 3446 1577 ποτέ
3469 1525 3523 1576 δὲ
3572 1525 3639 1576 ἐκ
3670 1521 3782 1575 τοῦ

2170 1621 2538 1692 Σολομῶντος.
2571 1622 2680 1674 Καὶ
2728 1622 2758 1674 6
2788 1620 3091 1690 Μουχὰμετ
3146 1619 3200 1671 εί
3224 1635 3277 1670 τι
3316 1617 3504 1684 ἔλεγεν
3559 1617 3645 1678 εἰς
3673 1615 3781 1668 τὸν

2170 1714 2318 1781 λαὸν,
2349 1714 2525 1779 οὕτως
2576 1714 2849 1787 ἔγραψαν,
2901 1716 2995 1768 καὶ
3050 1713 3320 1783 ἐφύλαξεν
3373 1713 3610 1775 ἕκαστος
3640 1713 3701 1765 εἰ
3723 1729 3784 1765 τι

2171 1807 2431 1878 ἔφθασεν,
2482 1810 2577 1862 καὶ
2613 1809 3212 1879 ἐψευδοπροφήτευσεν.
3255 1807 3496 1878 Χρόνους
3553 1806 3600 1870 ζ’
3639 1807 3780 1858 ἀνα-

477 1891 611 1946 libet
639 1893 743 1946 sibi
793 1893 1053 1948 servabat
1101 1907 1163 1946 ea
1196 1908 1317 1961 qua:
1346 1893 1418 1945 illi
1458 1892 1808 1956 excitlebaut,
1832 1904 1891 1947 et
1930 1891 2066 1948 falsa

2189 1877 2380 1956 ϐαίνων
2423 1903 2504 1966 είς
2542 1904 2602 1956 :6
2643 1903 2791 1973 ὅρος,
2841 1877 2936 1957 καὶ
2976 1877 3324 1956 καταϐαίνων
3364 1899 3676 1970 ἐμάνθανεν
3709 1898 3779 1950 ἐκ

476 1986 912 2042 vaticinabatur.
939 1987 1045 2042 Per
1080 2003 1252 2042 annos
1273 2003 1404 2056 ergo
1435 1999 1644 2057 septem
1674 1991 1980 2046 ascendens
2012 1991 2066 2044 in

481 2088 722 2133 montem
755 2091 812 2134 et
843 2082 1207 2143 descendens.
1230 2083 1526 2137 discebata
1554 2081 1808 2139 Paclmro
1841 2100 1904 2138 ea
1950 2099 2070 2154 quae

478 2171 865 2237 annuntiabat,
897 2173 1186 2244 impOueus
1209 2185 1262 2228 et
1287 2175 1522 2231 illudens
1564 2176 1783 2231 miseris
1811 2175 2072 2232 Borbori-

479 2262 568 2325 tis.
629 2268 770 2333 apud
846 2280 982 2336 quos
1055 2268 1410 2338 impudenter
1463 2268 1731 2339 jactabat,
1819 2269 2071 2341 angelum

2173 1995 2270 2048 τοῦ
2302 1996 2534 2066 Παχυρᾶ
2580 1996 2673 2048 καὶ
2706 1995 3009 2066 ἐκήρυττεν
3049 1993 3242 2058 οὕτως,
3277 1995 3375 2046 καὶ
3419 1991 3642 2046 πλανῶν
3669 1992 3783 2045 αὐ-

2173 2087 2302 2150 τοὺς
2316 2087 2394 2150 ὡς
2426 2085 3079 2156 βεϐορϐορωμένους,καὶ
3113 2086 3324 2154 ἔλεγεν,
3351 2089 3434 2139 ὅτι
3483 2085 3574 2150 Ἐξ
3602 2086 3780 2155 οὐρα-

2179 2178 2273 2232 νοῦ
2307 2178 2630 2234 καταϐαίνει
2658 2180 2894 2248 ἄγγελος
2936 2181 3144 2251 Κυρίου
3189 2181 3250 2234 :6
3280 2180 3454 2251 ονομα
3502 2181 3543 2234 Γ
3543 2179 3779 2251 αϐριὴλ,

2181 2270 2282 2324 καὶ
2305 2270 2637 2340 ἀναγγέλλει
2669 2290 2780 2342 μοι.

481 2355 576 2410 Dei
615 2357 834 2412 nomine
879 2357 1190 2414 Gabrielem
1242 2374 1274 2414 e
1335 2360 1475 2416 caelo
1555 2361 1917 2429 descendere,
1973 2361 2066 2431 qui
2145 2362 2296 2417 illum
2366 2362 2569 2419 talibus
2656 2365 3081 2420 revelatiouibus
3167 2364 3484 2420 iuiurmaret
3539 2378 3598 2421 et
3648 2382 3782 2420 eru-

482 2445 650 2499 tliret.

552 2533 754 2591 llabuit
781 2551 915 2606 ergo
938 2537 1238 2593 avunculos
1262 2550 1520 2608 quatuor,
1558 2541 1771 2611 primus
1802 2540 1902 2596 fuit
1925 2543 2078 2598 Abu-

482 2619 717 2696 talepes,
745 2631 835 2697 qui
861 2631 1126 2684 euutrivit
1156 2630 1624 2700 Mubammetlem,
1655 2638 1928 2692 secundus
1977 2634 2078 2691 0.-

481 2735 675 2777 tnaues
727 2722 929 2788 scriba,
996 2724 1088 2794 qui
1165 2724 1498 2779 Alcoranum
1583 2729 1826 2794 scripsit,
1887 2729 2080 2782 tertius

480 2813 831 2882 Apoutsales,
896 2816 990 2885 qui
1061 2817 1338 2876 mendacii
1387 2817 1821 2874 Mubammetlem
1873 2821 2074 2891 arguit.

483 2921 612 2964 cum
644 2918 920 2963 assereret
948 2925 1008 2963 se
1047 2910 1115 2963 ad
1148 2909 1321 2966 caelos
1339 2925 1512 2980 usque
1547 2915 1868 2968 ascendere.
1900 2913 2078 2980 Quar-

489 3012 576 3054 tus
603 3015 734 3056 vero
760 3001 1149 3058 Abtulcbabes.
1173 3000 1436 3058 Otmanes
1471 3015 1678 3070 autem,
1719 3019 1843 3059 cum
1877 3006 2080 3074 aliquid

488 3095 757 3150 narrabat
789 3093 1228 3164 Mubammetles,
1285 3096 1414 3152 illud
1467 3098 1650 3153 statim
1695 3113 1850 3163 aure,
1892 3101 2079 3163 corde,

2252 2541 2415 2617 Εἷχεν
2447 2539 2544 2598 οὖν
2571 2546 2752 2612 Θείους
2779 2547 2845 2614 δ’,
2869 2549 2898 2602 6
2935 2549 3034 2620 μὲν
3075 2550 3296 2618 πρῶτος
3357 2549 3781 2618 Ἀπουταλέπης

2175 2641 2205 2694 6
2234 2640 2547 2711 ἀναθρέψας
2589 2642 2683 2694 τὸν
2738 2642 3064 2713 Μουχάμέτ,
3115 2643 3147 2694 6
3192 2643 3381 2714 ἔτερος
3422 2643 3698 2712 Ὀθμάνης
3751 2647 3782 2696 6

2175 2734 2592 2805 γραμματικὸς,
2611 2737 2640 2788 6
2661 2735 2879 2806 γράψας
2900 2737 2961 2788 :6
2980 2737 3306 2807 Κουράνιον,
3331 2737 3509 2804 τρίτος
3529 2739 3556 2788 6
3581 2736 3777 2788 Ἀπου-

2172 2824 2401 2894 τζὰλης,
2451 2826 2586 2879 ὃπου
2629 2822 2785 2879 εἶπεν
2840 2825 2940 2880 τοῦ
2995 2827 3320 2898 Μουχάμετ·
3367 2826 3656 2890 Ψεύδεσαι,
3692 2829 3778 2880 ὅτι

2176 2919 2377 2990 ἅνέϐης
2411 2921 2492 2982 είς
2519 2919 2612 2971 τὸν
2637 2919 2889 2990 οὐρανόν.
2927 2921 3038 2973 Καὶ
3062 2921 3091 2974 6
3120 2919 3387 2986 τέταρτος
3412 2923 3440 2974 6
3470 2919 3783 2991 Ἀμπτουλ-

2179 3012 2374 3084 χάϐης.
2419 3011 2476 3065 '0
2492 3011 2548 3064 δὲ
2581 3013 2669 3064 ’00
2679 3013 2876 3084 μάνης,
2899 3013 3002 3066 εῐτι
3018 3014 3216 3084 ἤκουεν
3240 3016 3306 3067 ἐκ
3327 3013 3424 3067 τοῦ
3451 3013 3776 3083 Μουχάμετ,

2183 3107 2492 3159 ἐπίστευεν.
2543 3105 2661 3176 Μιᾷ
2693 3101 2787 3160 οὖν
2818 3105 2930 3159 τῶν
2951 3106 3180 3178 ἡμερῶν
3207 3106 3359 3174 λέγει
3402 3111 3430 3160 6
3475 3107 3779 3177 Μουχάμετ

493 3185 600 3239 title
657 3186 964 3242 hauriebat.
998 3185 1166 3243 Certo
1195 3203 1323 3242 vero
1351 3189 1586 3258 quodam
1615 3189 1702 3244 die
1733 3189 1873 3243 divit
1901 3204 2079 3243 avun-

2189 3200 2324 3269 1:p6;
2375 3198 2467 3251 :6v
2501 3197 2648 3252 θεῖον
2670 3199 2845 3252 αὑτοῦ
2898 3200 3288 3270 Ἀπουταλέπη
3335 3201 3623 3272 παῤῥησὶᾳ
3665 3199 3783 3253 τῶν

490 3277 620 3333 culo
649 3294 750 3334 Suo
772 3280 1090 3349 Abutalepi,
1119 3289 1176 3334 et
1204 3283 1307 3334 hoc
1331 3280 1672 3336 conﬁdenter
1729 3290 1785 3335 et
1836 3282 2084 3350 pluribus

2189 3288 2599 3361 περιεστώτων,
2627 3289 2709 3343 ὅτι
2744 3291 2802 3344 ἐν
2826 3291 2893 3360 τῇ
2923 3289 3082 3344 νυκτὶ
3111 3289 3288 3361 ταύτῃ
3332 3290 3469 3360 πρὸς
3496 3289 3586 3342 τὸν
3619 3287 3780 3348 Θεὸν,

492 3372 833 3438 astantibus,
867 3373 1012 3443 quod
1074 3375 1334 3428 nimirum
1363 3389 1424 3429 ea
1460 3375 1574 3445 ipsa
1604 3387 1766 3430 nocte
1799 3376 1866 3429 ad
1921 3375 2086 3429 Deum

494 3464 797 3529 evolasset,
827 3466 1170 3536 sedissetque
1205 3481 1328 3522 cum
1359 3467 1454 3523 illo
1502 3477 1612 3522 tam
1650 3469 1901 3537 proxime
1925 3485 2089 3538 quant

497 3558 856 3626 supercilium
892 3569 1036 3614 astat
1073 3561 1390 3630 supercilio,
1421 3561 1530 3616 imo
1558 3572 1613 3614 et
1669 3560 1876 3617 habens
1928 3565 2091 3632 pedes

497 3650 718 3709 indutos
739 3652 854 3707 suis
881 3652 1014 3722 ipsis
1043 3653 1329 3716 saudaiiis,
1355 3662 1412 3707 et
1445 3669 1571 3708 cum
1602 3653 1695 3707 illo
1719 3669 1819 3708 ore
1871 3655 1939 3708 ad
2005 3671 2090 3716 os,

500 3744 962 3800 familiarissimos
994 3747 1307 3801 miscuisset
1343 3761 1645 3802 sermones.
1668 3745 1834 3799 Deum
1868 3761 1997 3800 vero
2039 3748 2092 3800 iu

502 3837 601 3890 bas
628 3835 875 3905 erupisse
898 3852 1061 3893 voces
1084 3857 1098 3893 :
1125 3838 1482 3894 Gratissimus
1508 3839 1640 3892 mibi
1670 3839 1962 3903 advenisti,
1980 3838 2091 3893 Mu-

503 3930 781 3994 ltamuretl,
807 3931 1083 3985 desiderio
1110 3932 1349 3986 maximo
1385 3930 1608 4000 ﬂagravi
1644 3943 1696 3986 te
1755 3933 1960 3996 videre,
1999 3948 2097 4002 per

503 4023 737 4093 gloriam
774 4040 972 4087 meam,
998 4025 1100 4079 nisi
1132 4035 1184 4078 tu
1217 4025 1548 4088 exstitisses,
1585 4037 1641 4080 et
1671 4035 1794 4080 tuus
1819 4041 1952 4096 erga
2012 4042 2098 4081 me

504 4115 734 4172 ali'ectus
771 4127 827 4172 et
856 4133 1033 4184 amor,
1068 4135 1174 4173 nou
1242 4135 1515 4174 ereassem
1566 4121 1789 4185 caelum,
1827 4135 1928 4173 nec
1984 4129 2098 4174 ter-

505 4224 646 4274 ram,
683 4224 784 4265 nee
805 4210 1046 4278 angelos,
1072 4225 1171 4265 nec
1196 4221 1368 4267 lotum
1389 4228 1561 4282 genus
1593 4214 1918 4266 humanum.
1941 4209 2097 4265 Nunc

504 4316 640 4357 vero
671 4305 757 4356 est
788 4302 920 4356 mihi
953 4304 1182 4371 populus
1216 4303 1445 4360 ciemus.
1468 4305 1534 4359 Et
1557 4304 1721 4374 jussit
1756 4304 2094 4358 avunculum

505 4410 665 4448 suum
705 4393 998 4450 Otmanem
1025 4407 1081 4450 ut
1139 4398 1239 4451 ista
1300 4401 1483 4452 omnia
1516 4398 1741 4467 scriptis
1805 4397 2101 4465 diligenter

509 4491 817 4549 mandaret.
849 4492 1200 4561 Scripserunt
1226 4509 1379 4562 ergo,
1403 4503 1457 4546 et
1491 4494 1592 4546 ista
1657 4492 1819 4546 didici
1866 4508 1930 4545 ex
1970 4490 2100 4560 ipsis

2189 3393 2285 3436 καὶ
2303 3383 2558 3436 ἐκάθισεν
2582 3383 2819 3436 ἐνώπιον
2843 3383 3034 3449 αὑτοῦ,
3059 3383 3137 3446 ὡς
3157 3384 3265 3437 ἀπὸ
3285 3383 3461 3452 ὀφρὺν
3484 3384 3562 3445 είς
3582 3383 3783 3452 ὀφρὺν,

2193 3476 2398 3548 μᾶλλον
2431 3477 2486 3529 δέ
2518 3475 2703 3548 φορῶν
2734 3477 2831 3530 καὶ
2863 3476 2930 3529 τὰ.
2967 3475 3232 3531 σανδάλιά
3268 3494 3395 3548 μου,
3446 3475 3540 3528 καὶ
3569 3475 3789 3529 συνέτυ·

2191 3586 2288 3640 χον
2320 3567 2470 3638 αὐτῷ
2499 3569 2674 3639 στόμα
2733 3569 2869 3640 πρὺς
2916 3569 3117 3639 στόμα.
3146 3568 3259 3622 Καὶ
3305 3566 3532 3636 ἐϐόησεν
3586 3567 3615 3619 6
3651 3567 3787 3629 Θεὸς

2192 3661 2332 3730 πρός
2363 3677 2454 3731 με,
2490 3661 2586 3714 καὶ
2613 3661 2763 3730 λέγει
2797 3679 2910 3732 μοι,
2938 3661 3138 3726 Καλῶς
3162 3657 3327 3733 ἦλθες
3352 3661 3490 3732 πρός
3521 3675 3611 3730 με,
3639 3659 3787 3712 Μου-

2193 3754 2396 3824 χάμετ,
2428 3752 2701 3825 ἐπιθυμίᾳ
2749 3752 3078 3824 ἐπεθύμησα
3117 3753 3212 3806 τοῦ
3252 3753 3380 3806 ἰδεῖν
3419 3767 3500 3815 σε,
3559 3749 3638 3821 μὰ
3687 3750 3790 3820 τὴν

2193 3847 2355 3912 δόξαν
2393 3863 2520 3917 μου,
2545 3848 2640 3900 ἐὰν
2669 3849 2772 3900 οὐκ
2799 3842 2967 3917 ἦσουν
2995 3847 3090 3900 καὶ
3113 3848 3146 3917 ἠ
3179 3847 3369 3917 ἀγάπη
3405 3863 3498 3898 σου
3529 3843 3666 3914 πρός
3692 3860 3787 3914 με.

2195 3942 2322 3994 οὔτε
2350 3941 2443 3992 τὸν
2494 3940 2726 4010 οὐρανὸν
2775 3940 3004 4011 ἔμελλον
3044 3940 3302 4010 ποιῆσαι,
3338 3938 3461 3992 οὔτε
3515 3937 3613 4008 τὴν
3661 3936 3791 4005 γῆν,

2197 4030 2324 4085 οὔτε
2359 4032 2650 4100 ἀγγέλους,
2683 4029 2812 4084 οὔτε
2858 4031 3017 4100 γένος
3045 4027 3376 4100 ἀνθρώπων.
3410 4025 3525 4079 Νῦν
3559 4024 3616 4078 δὲ
3663 4023 3790 4086 λαός

2202 4145 2306 4198 μου
2336 4126 2636 4195 ἐξαίρετος.
2670 4126 2783 4178 Καὶ
2817 4123 2970 4193 λέγει
3007 4123 3100 4176 τὸν
3129 4121 3275 4175 θεῖον
3315 4117 3506 4174 τοῦτον
3550 4115 3792 4187 Ὀθμάνη

2199 4221 2410 4289 γράψαι
2438 4218 2508 4272 τὰ
2533 4219 2805 4289 λεγόμενα
2825 4215 3128 4286 ἐπιμελῶς.
3157 4215 3440 4284 ’Ἐγραφον
3461 4207 3556 4266 οὖν
3595 4210 3791 4273 ταῦτα,

2201 4312 2311 4366 ἀπὸ
2347 4310 2461 4362 τῶν
2512 4311 2622 4364 σῶν
2671 4312 3022 4381 γραμμάτων
3079 4311 3251 4375 ἔγνων
3281 4305 3326 4360 ὦ
3369 4304 3790 4374 Μουσουλμανέ.

2204 4405 2299 4457 καὶ
2333 4403 2476 4474 ὑπὲρ
2505 4401 2775 4470 ἀληθείας
2798 4401 3008 4470 ἐλέγχω
3055 4417 3113 4452 σε
3139 4415 3156 4430 ο
3189 4397 3307 4462 πῶς
3337 4400 3400 4450 οὐ
3433 4395 3670 4466 φοϐῆσαι
3700 4393 3797 4446 τόν

2204 4493 2359 4556 Θεὸν,
2412 4494 2505 4546 καὶ
2539 4491 2803 4563 ἐρυθριᾷς
2852 4493 2962 4545 ἀπὸ
3009 4493 3120 4544 τῶν
3157 4488 3462 4560 ἀνθρώπων
3515 4486 3794 4547 τοιαύταις

511 4583 623 4638 tuis
646 4583 884 4653 scriptis,
911 4597 944 4638 o
967 4583 1330 4647 Musulmaue,
1362 4594 1412 4636 et
1441 4585 1524 4638 sic
1541 4585 1606 4638 de
1635 4584 1862 4637 veritate
1882 4597 2081 4652 possuu

2209 4584 2525 4638 ἀκολουθῶν
2557 4583 2975 4650 διδασκαλίαις;
3019 4585 3098 4654 Τῇ
3139 4581 3197 4636 δὲ
3242 4581 3507 4653 ἐπαύριον
3557 4578 3796 4635 ἀναστὰς

512 4686 565 4731 te
596 4675 884 4732 confutare
918 4687 973 4730 et
995 4677 1264 4732 refellere.
1292 4678 1424 4742 Sed,
1450 4692 1658 4747 quaeso,
1696 4678 1975 4746 quomodo
2006 4675 2102 4729 Dei

513 4769 713 4825 timore
751 4785 858 4823 non
888 4769 1225 4839 percelleris,
1256 4772 1531 4840 quomodo
1556 4771 1748 4823 saltem
1818 4770 2101 4824 hominum

513 4863 721 4933 pudore
741 4873 794 4917 et
818 4865 1144 4918 verecundia
1178 4879 1284 4919 non
1335 4862 1690 4926 sulqutlet-is,
1732 4880 1858 4918 cum
1908 4864 2108 4918 talibus

515 4957 769 5012 inanibus
796 4957 1065 5012 doctrinis
1109 4967 1162 5014 te
1219 4958 1548 5026 morigerum
1603 4969 1656 5012 et
1715 4961 2106 5026 obsequentem

517 5049 768 5117 prtebes?
797 5051 1062 5118 Sequenti
1097 5066 1228 5106 vero
1255 5053 1342 5106 tlic
1367 5065 1596 5119 surgens
1631 5051 1776 5104 illius
1810 5051 2110 5106 avunculus

517 5143 870 5215 Abutelepes,
897 5147 1040 5200 illius
1070 5149 1212 5202 altor
1237 5159 1301 5202 et-
1325 5147 1618 5208 cuutritor,
1637 5146 1722 5199 bis
1747 5146 1927 5199 verbis
1957 5146 2106 5199 illum

519 5236 768 5290 aloritur
797 5252 814 5289 :
842 5236 923 5290 Ab
946 5251 1012 5290 eo
1044 5247 1288 5306 tempore
1349 5251 1457 5304 quo
1499 5235 1638 5304 apud
1698 5250 1796 5287 nos
1844 5234 1967 5286 talia
2011 5233 2112 5286 mi-

523 5329 690 5384 rantia
721 5338 778 5384 et
797 5329 1036 5384 inaudita
1061 5327 1317 5398 iactitare
1333 5329 1596 5383 etdncere
1620 5327 1916 5393 increpisti,
1941 5328 2111 5396 elapsi

524 5431 652 5475 sunt
678 5431 886 5491 septem
917 5422 1069 5488 anui,
1105 5437 1247 5474 nunc
1287 5419 1578 5474 manifesta
1602 5430 1657 5474 et
1675 5419 1935 5471 coulirma
1972 5419 2116 5473 inter

526 5528 622 5568 uos
653 5515 937 5569 veritatem
973 5529 1162 5568 eorum
1203 5529 1323 5584 qua:
1373 5529 1628 5584 promere
1686 5513 1853 5568 soles.
1886 5513 2031 5567 Dicis
2065 5523 2115 5564 te

527 5604 581 5657 iu
612 5605 810 5660 caelum
839 5607 1153 5672 ascendere,
1185 5616 1234 5660 te
1274 5605 1382 5659 Deo
1415 5605 1766 5658 iatuiliariter
1798 5605 1898 5668 uti,
1931 5613 1986 5658 et
2041 5603 2111 5656 ab

529 5698 620 5750 illo
652 5710 704 5752 te
755 5699 947 5754 audire
998 5699 1134 5752 mira
1165 5709 1218 5753 et
1274 5712 1397 5769 quae
1438 5697 1527 5751 vix
1583 5697 1817 5768 exprimi
1880 5697 2114 5765 possint.

530 5784 637 5845 Sed
672 5801 731 5844 ut
764 5793 972 5848 Arabes
997 5795 1092 5847 tibi
1130 5794 1289 5848 {idem
1323 5792 1582 5853 habeant,
1632 5807 1741 5860 quo
1768 5791 2036 5846 miraculo
2065 5799 2116 5843 te

532 5883 911 5942 commendas?
960 5886 1138 5942 Exere
1190 5889 1448 5941 virtutem
1504 5893 1649 5938 tuam
1691 5882 1754 5938 in
1807 5884 2118 5954 patratioue

2205 4680 2233 4733 6
2283 4678 2426 4741 θεῖος
2476 4675 2640 4729 αὑτοῦ
2711 4675 3134 4745 Ἀπουταλέπης
3183 4676 3213 4727 ὁ
3265 4672 3582 4744 ἀναθρέψας
3631 4670 3798 4723 αὐτὸν

2207 4765 2385 4824 εἶπενο
2429 4770 2604 4823 Ἑπτὰ
2659 4770 2844 4841 χρόνοι
2899 4768 3062 4831 εἰσὶν,
3108 4769 3200 4838 ἀφ’
3226 4768 3286 4821 οὐ
3327 4765 3552 4820 τοιᾶὖτα
3581 4765 3801 4836 ἄρρητα

2211 4867 2433 4936 ῥήματα
2467 4861 2833 4934 προφητεύων
2888 4862 2979 4914 καὶ
3021 4860 3199 4928 λέγων
3224 4861 3381 4930 ἡμῖν,
3423 4857 3518 4911 νῦν
3565 4856 3800 4926 φανῆναι

2210 4959 2243 5021 ἡ
2271 4956 2502 5028 ἀλήθειά
2535 4973 2629 5008 σου
2650 4956 2712 5006 ἐν
2738 4956 2894 5024 ἡμῖν,
2924 4954 2989 5006 σὺ
3017 4949 3068 5006 εἴ
3087 4956 3114 5006 ὁ
3151 4951 3360 5014 ἀναϐὰς
3384 4950 3464 5014 είς
3493 4949 3618 5012 τοὺς
3636 4947 3800 5017 οὐρα-

2210 5050 2358 5114 νοὺς,
2391 5051 2487 5102 καὶ
2527 5047 2809 5116 συντυχὼν
2844 5045 2923 5116 τῷ
2965 5045 3089 5116 Θεῷ
3131 5044 3350 5118 ἄρρητα
3394 5045 3634 5115 ῥήματα,
3686 5039 3800 5101 πῶς

2213 5142 2389 5204 θέλεις
2414 5139 2702 5193 πιστεῦσαί
2728 5157 2785 5192 σε
2817 5139 3021 5202 πάντες
3046 5139 3096 5190 oi.
3121 5136 3436 5210 Ἀρῤαϐες;
3488 5134 3716 5202 ποίησόν
3749 5149 3802 5184 τι

2217 5233 2411 5304 μικρὸν
2443 5231 2691 5300 σημεῖον,
2719 5229 2813 5283 καὶ
2842 5228 3042 5290 ἰδόντες
3061 5227 3193 5281 αὐτὸ
3220 5225 3604 5293 πιστεύσομεν.
3641 5223 3804 5289 Λέγει

2215 5325 2364 5395 αὐτῷ
2398 5327 2426 5378 ὁ
2479 5324 2807 5394 Μουχάμετ,
2847 5321 2931 5374 ὃτι
2982 5319 3072 5373 Ἐν
3097 5322 3165 5389 τῇ
3193 5318 3352 5371 νυκτὶ
3380 5315 3557 5387 ταύτῃ
3596 5311 3803 5384 σωρεύ-

2215 5421 2345 5489 θητε
2377 5418 2604 5484 πλησίον
2633 5435 2734 5488 μου
2756 5457 2771 5482 ,
2800 5416 2894 5469 καὶ
2919 5413 3190 5478 ὑποδείξω
3223 5413 3355 5483 ὑμῖν
3387 5411 3609 5479 σημεῖον
3633 5407 3809 5459 τοιοῦ-

2214 5528 2326 5564 τονο
2366 5511 2720 5580 σχισθήσεται
2754 5513 2787 5580 ἡ
2814 5510 3012 5580 σελήνη
3045 5511 3125 5569 εἰς
3158 5507 3256 5560 δύο
3288 5505 3420 5574 παρ’
3445 5502 3602 5575 ἐμοῦ,
3636 5502 3728 5553 καὶ
3749 5501 3808 5554 τὸ

2222 5603 2320 5673 μὲν
2352 5605 2524 5674 ἥμισυ
2567 5603 2901 5669 σταθήσεται
2942 5602 3021 5663 είς
3045 5599 3139 5653 τὸν
3181 5597 3415 5670 οὐρανὸν
3435 5597 3526 5649 ἐπὶ
3552 5593 3654 5662 τῆς
3682 5594 3794 5646 dva-

2220 5698 2405 5767 τολῆς,
2435 5697 2497 5750 :6
2533 5697 2585 5749 δὲ
2623 5696 2811 5767 ἕτερον
2853 5696 2932 5752 εἰς
2965 5693 3141 5745 δύσιν.
3185 5691 3294 5743 Καὶ
3321 5685 3728 5759 ἐσωρεύθησαν,
3759 5685 3807 5735 εμὲ

2222 5792 2280 5845 δέ
2305 5790 2624 5859 συννεφείας
2642 5789 2832 5859 οὔσης,
2857 5789 2952 5840 καὶ
2975 5781 3303 5850 εἷπεν,Ἐγὼ
3329 5781 3624 5851 πεποίηκα,
3653 5778 3808 5850 ﬁgat;

2225 5886 2285 5940 δὲ*
2314 5885 2416 5939 οὐκ
2443 5882 2621 5938 οἴδατε
2651 5882 2713 5936 :6
2738 5879 2926 5953 θαῦμά
2967 5894 3095 5950 μου,
3128 5877 3203 5939 ὡς
3229 5873 3463 5945 ἀνάξιοι.
