4146 6438
342 411 481 478 M33

1550 400 2030 469 CONFUTATIO
2068 390 2433 457 AGARENI.

3482 370 3621 436 M35

336 525 481 596 signi
511 522 794 594 cujusdam
818 519 901 575 vel
930 515 1137 589 exigui,
1163 523 1223 571 ut
1268 529 1460 571 omnes
1514 517 1943 585 persuadeantur
1976 521 2028 565 et
2046 508 2458 563 convincuntur.
2487 496 2789 566 Respondit
2836 495 2911 549 illi
2946 490 3290 548 Multammed
3322 509 3338 546 ι
3373 489 3616 558 Ilacipsa

340 630 502 675 nocte
529 618 596 670 ad
621 632 705 671 me
735 612 1095 678 conveniatis,
1124 620 1177 665 et
1202 609 1308 665 tale
1332 609 1654 664 miraculqu
1678 611 1925 663 ninnium
1964 603 2138 661 oculis
2202 596 2497 652 videndum
2553 588 2849 647 exhibebo.
2882 586 3147 641 Videbitis
3177 586 3361 639 lunam
3382 584 3435 637 in
3466 583 3606 637 duas

338 720 522 781 partes
546 708 797 771 scissam,
822 718 1051 773 quarum
1108 717 1211 755 uua
1263 701 1316 754 in
1350 700 1582 765 oriente,
1608 699 1778 754 altera
1831 697 1883 751 in
1924 692 2206 749 occidente
2247 685 2429 741 radios
2476 697 2604 737 suos
2633 676 3029 735 disseminabit.
3052 673 3436 730 Convenerunt
3456 684 3613 741 ergo,

340 765 393 860 et
415 818 544 858 acre
562 800 801 857 tenebris
821 797 1063 852 oﬂ'usoet
1088 794 1426 855 obnubilato.
1448 792 1585 846 dixit
1615 788 1961 845 Multammed
1979 804 1994 842 :
2015 781 2333 839 Miraculnm
2361 777 2589 849 patravi,
2619 774 2712 829 sed
2737 786 2843 826 non
2865 768 3115 840 potuistis
3146 765 3273 821 illud
3293 765 3497 827 videre,
3526 766 3612 819 in-

341 895 485 966 digni
522 894 720 964 quippe
750 890 884 946 estis
905 890 997 959 qui
1031 901 1209 941 meum
1240 885 1561 939 miraculum
1586 883 1759 938 oculis
1785 877 2150 950 usurparetis.

414 946 522 1042 Kal
538 946 695 1056 ἐχέτε
712 982 887 1046 οὕτως
912 946 1074 1051 ιλέχρι
1097 977 1191 1031 τοῦ
1215 976 1312 1031 νῦν
1327 974 1588 1045 γεγονὼς,
1607 976 1700 1028 καὶ
1722 946 1938 1045 γράφει-

2096 966 2164 1021 Et
2186 965 2289 1018 liuc
2320 975 2488 1030 usque
2520 956 2662 1028 apud
2681 972 2776 1011 vos
2810 955 2952 1027 viget
2985 952 3147 1008 istius
3172 950 3250 1005 rei
3281 946 3544 1002 memoria
3568 955 3627 1002 et

340 1078 500 1132 τοῦτο
527 1078 560 1147 ἡ
585 1074 773 1144 γραφή
803 1088 921 1127 σου.
954 1068 1220 1131 Ἀναστὰς
1242 1067 1300 1120 δὲ
1325 1069 1353 1121 6
1383 1068 1571 1135 ἕτερος
1593 1065 1758 1118 αὑτοῦ
1788 1065 1929 1127 θεῖος

341 1172 371 1225 ό
411 1165 784 1236 mmmam;
810 1163 979 1232 λέγει,
1016 1160 1142 1214 Ἐὰν
1167 1161 1265 1213 οὐκ
1288 1160 1385 1213 ἴδω
1407 1158 1601 1229 μικρόν
1622 1175 1672 1210 τι
1707 1158 1931 1226 σημεῖον

345 1260 484 1332 μετὰ
510 1258 623 1313 τῶν
658 1255 955 1327 ὀφθαλμῶν
983 1271 1106 1324 μου,
1137 1252 1198 1305 οὐ
1238 1251 1313 1323 μὴ
1352 1250 1655 1313 πιστεύσω,
1694 1246 1932 1302 εὐκολὼ-

341 1369 502 1424 τερον
534 1350 682 1421 ζητῶ
713 1365 774 1403 σε
819 1348 1044 1418 ποιῆσαι
1076 1345 1254 1409 τοῦτο,
1281 1345 1346 1397 σὺ
1374 1344 1555 1410 λέγεις
1581 1345 1665 1395 ὅτι
1687 1344 1765 1405 εἰς
1804 1339 1933 1401 τοὺς

344 1442 651 1515 (οὐρανοὺς)
687 1440 890 1511 ἀνέϐης
945 1439 1077 1509 μίαν
1124 1436 1486 1499 διασκέλισιν,
1548 1434 1794 1505 ὑψώθη-,τι
1838 1427 1936 1484 οὖν

343 1533 452 1588 ἀπὸ
477 1533 578 1604 τῆς
610 1532 717 1603 γῆς
744 1530 1028 1600 σπιθαμὰς
1060 1531 1233 1599 τρεῖς,
1276 1528 1371 1579 καὶ
1424 1525 1793 1596 κρεμὲισοητι,
1846 1523 1935 1576 ἵνα

343 1622 587 1678 διαϐάσω
615 1620 675 1675 τὸ
696 1618 863 1673 σπαθί
897 1635 1002 1690 μου
1032 1617 1295 1671 ὑποκάτω
1325 1615 1434 1667 τῶν
1474 1614 1651 1667 ποδῶν
1687 1631 1803 1673 σου,
1838 1613 1935 1665 καὶ

342 1716 465 1770 τότε
489 1712 858 1783 πιστεύσομέν
904 1728 989 1764 σοι
1021 1708 1119 1763 ἀπ’
1159 1710 1334 1779 ἀρχῆς
1379 1707 1487 1771 ἕως
1535 1706 1745 1770 τέλους.
1789 1703 1936 1759 Ἰδὼν

343 1808 402 1862 δὲ
431 1810 461 1862 6
480 1805 783 1877 Μουχὰμετ
810 1803 871 1857 τὸ
896 1804 1102 1874 ἄπορον
1123 1801 1289 1856 αὑτοῦ
1320 1800 1569 1870 ἐϐόησεν,
1595 1797 1770 1865 λέγων
1800 1796 1936 1866 πρὸς

346 1901 437 1955 τὸν
471 1898 622 1962 λαὸν,
640 1896 699 1951 '0
728 1894 1106 1964 Ἀπουτξάλης
1125 1896 1153 1947 6
1179 1892 1322 1955 θεῖός
1359 1910 1461 1961 μου
1497 1890 1716 1961 θανάτῳ
1744 1890 1935 1942 τελευ-

344 1992 522 2061 ⁸τήσει.
556 1990 668 2044 Kal
700 1989 750 2040 οἱ
782 1986 881 2056 μὲν
910 1987 1160 2058 φρόνιμοι
1182 1985 1274 2038 τοῦ
1299 1982 1432 2037 λαοῦ
1456 1983 1644 2048 ἔλεγον
1671 1983 1763 2035 τὸν
1787 1983 1936 2036 Mou-

346 2082 547 2150 χίμετ,
576 2078 693 2131 Eiet
719 2077 871 2145 λέγει
899 2079 927 2129 6
954 2076 1095 2138 θεῖός
1125 2091 1243 2139 σου,
1277 2075 1437 2139 κὰκε,
1460 2075 1553 2127 καὶ
1579 2073 1734 2137 λέξον
1752 2073 1935 2139 αὑτὸν,

346 2175 399 2226 εί
428 2172 486 2226 δέ
520 2169 703 2234 καλῶς
752 2170 847 2223 καὶ
881 2168 1101 2235 ἀληθῶς
1144 2167 1317 2235 λέγει,
1363 2167 1453 2221 διὰ
1479 2167 1533 2220 τί
1565 2166 1814 2229 κελεύεις
1845 2166 1938 2219 τὸν

347 2265 476 2318 λαὸν
494 2263 586 2318 τοῦ
622 2262 883 2333 φονεῦσαι
908 2261 1095 2327 auctir;
1127 2261 1188 2314 Οί
1219 2260 1278 2313 δὲ
1306 2259 1553 2323 πλείονες
1584 2261 1765 2331 μωροὶ
1785 2258 1938 2322 ὄντες

2034 1061 2134 1114 hoc
2157 1057 2350 1127 legitur
2381 1053 2586 1121 scripto
2611 1049 2989 1119 consignatum
3022 1046 3076 1099 iu
3104 1043 3258 1097 libris
3284 1040 3503 1097 vestris.
3533 1039 3629 1093 At-

2034 1161 2115 1204 ter
2155 1162 2281 1201 νει-ο
2311 1142 2706 1199 Muliammedis
2762 1138 3066 1195 avunculus
3111 1133 3405 1189 Abutsales
3455 1132 3630 1187 astitit

2032 1245 2216 1305 etiam,
2248 1249 2302 1295 et
2336 1254 2395 1294 se
2430 1237 2575 1290 nullo
2598 1235 2758 1289 modo
2812 1232 3154 1288 crediturum
3215 1228 3452 1282 asseruit
3514 1225 3621 1280 nisi

2035 1336 2252 1405 aliquod
2285 1332 2477 1388 saltem
2517 1329 2601 1383 vel
2642 1325 2976 1382 levissimum
3030 1324 3238 1375 videret
3272 1317 3621 1373 miraculum.

2038 1429 2153 1483 Hoc
2181 1426 2323 1497 quod
2356 1424 2679 1479 facillimum
2715 1428 2799 1473 est
2827 1430 2956 1483 rogo
2988 1422 3047 1467 ut
3070 1413 3259 1467 facias.
3288 1412 3438 1466 Dicis
3466 1410 3616 1479 quod

2037 1524 2197 1576 unico
2232 1533 2392 1590 passu
2422 1515 2592 1569 eteius
2617 1522 2773 1581 potes
2807 1508 3127 1569 ascendere,
3158 1513 3213 1558 et
3252 1502 3410 1556 unica
3456 1499 3617 1570 plan-

2039 1624 2213 1668 tarum
2238 1610 2585 1666 excussioue.
2620 1603 2819 1659 Attolle
2851 1615 2986 1672 ergo
3023 1611 3076 1653 te
3126 1598 3306 1666 ipsum
3366 1607 3430 1648 ex
3481 1602 3629 1645 terra

2038 1708 2094 1759 in
2126 1705 2320 1767 alium,
2359 1708 2413 1755 ct
2448 1701 2524 1755 sis
2574 1700 2646 1753 ita
2679 1693 2948 1764 pendulus
2979 1691 3033 1745 in
3063 1703 3190 1743 aere
3254 1703 3282 1740 a
3343 1695 3491 1740 terra
3547 1683 3630 1737 di-

2045 1807 2196 1851 stans
2228 1795 2404 1865 spatio
2424 1793 2585 1845 trium
2613 1788 2915 1858 palmorum
2946 1794 3004 1836 ut
3036 1781 3240 1851 possim
3275 1779 3375 1830 sub
3400 1775 3630 1844 pedibus

2039 1888 2356 1958 tuis:ensem
2391 1900 2567 1938 meum
2608 1894 2829 1935 movere
2858 1887 2912 1932 et
2945 1876 3173 1944 agitare.
3203 1870 3359 1936 Quod
3388 1868 3436 1920 si
3484 1866 3628 1920 fece-

2048 1983 2145 2044 ris,
2174 1978 2357 2035 omnia
2394 1990 2513 2046 qua:
2547 1988 2735 2028 narras
2765 1988 2792 2024 a
2817 1968 3087 2039 principio
3105 1964 3170 2018 ad
3204 1965 3393 2023 linem,
3424 1959 3630 2013 tinnis-

2041 2074 2175 2127 sima
2212 2071 2316 2125 (ide
2369 2067 2710 2122 hauriemus.
2751 2061 2951 2116 Videtis
2985 2073 3118 2112 vero
3165 2049 3513 2109 Muhaunued
3542 2050 3631 2101 in-

2039 2163 2421 2220 credulitatem
2456 2157 2733 2220 avunculi,
2761 2168 2816 2209 et
2845 2168 2905 2208 se
2952 2152 3095 2207 nulla
3134 2150 3220 2202 via
3275 2144 3419 2200 elabi
3446 2156 3631 2211 posse,

2041 2255 2297 2311 clamavit
2328 2256 2391 2307 ad
2426 2252 2682 2322 populum
2711 2266 2726 2303 :
2767 2246 3083 2307 Abutsaies,
3139 2241 3357 2297 etiamsi
3390 2253 3635 2292 avuncu-

348 2357 603 2427 ἐϐόησαν,
622 2330 864 2426 ’Ἀληθῶς
892 2356 922 2411 ό
944 2354 1233 2426 προφήτης
1252 2353 1425 2420 λέγει,
1449 2352 1637 2417 καθὼς
1670 2330 1940 2423 μαρτυρεῖ

2047 2349 2131 2402 lus
2163 2364 2338 2413 meus,
2370 2346 2553 2399 statim
2590 2350 2764 2395 morte
2798 2338 3093 2409 plectatur.
3122 2335 3467 2404 Regerebant
3491 2330 3625 2384 intei

346 2451 495 2522 καὶὴ
519 2450 768 2520 Θυγάτηρ
788 2448 954 2501 αὑτοῦ
976 2447 1172 2518 Φατμὰ
1194 2448 1227 2515 ἡ
1259 2446 1445 2499 ἰδοῦσα
1472 2445 1635 2500 αὑτὸν
1660 2445 1938 2499 ἀναϐάντα

346 2544 431 2606 εἰς
481 2542 572 2593 τὸν
615 2539 864 2608 οὐρανόν.
910 2538 1019 2592 Kal
1068 2537 1359 2597 ἀνατείνας
1404 2538 1432 2589 6
1486 2534 1789 2606 Μουχάμετ
1836 2535 1939 2608 τὴν

349 2631 567 2701 σπάθην
595 2631 734 2701 πρὸς
763 2631 854 2683 τὸν
879 2630 1025 2683 θεῖον
1053 2627 1241 2692 αὐτοῦ,
1293 2628 1389 2681 καὶ
1425 2627 1628 2691 ἰδόντες
1660 2628 1718 2680 τὸ
1752 2628 1934 2682 κοινὸν

346 2721 446 2776 τοῦ
473 2721 608 2776 λαοῦ
640 2723 941 2793 ἐφόνευσαν
973 2722 1157 2788 αὑτὸν,
1193 2722 1289 2773 καὶ
1324 2721 1543 2791 ἐτέρους
1577 2720 1811 2783 πολλοὺς
1840 2721 1940 2775 σὺν

346 2814 519 2886 αὐτῷ.
554 2814 814 2881 Δύνασαι,
847 2808 893 2868 ὦ
916 2812 1313 2884 Μουσουλμανέ
1336 2812 1505 2877 δεῖξαί
1531 2829 1619 2879 με,
1645 2811 1938 2881 ψεύδομαι,

348 2907 450 2961 καὶ
468 2906 553 2974 οὔ;
579 2906 691 2961 Καὶ
718 2907 827 2961 ἀπὸ
856 2906 956 2977 τῆς
978 2906 1193 2978 ἡμέρας
1218 2904 1426 2975 ταύτης
1451 2903 1807 2972 ἐδογμάτισεν
1837 2904 1941 2967 ἕως

346 2997 448 3052 τοῦ
477 2998 595 3060 νῦν,
628 2996 697 3051 El
727 3014 811 3060 τις
836 2999 937 3069 οὐχ
967 2998 1226 3069 ὁμολογεῖ
1253 2996 1343 3050 τὸν
1367 2995 1671 3067 Μουχάμετ
1696 2991 1943 3050 ἆπόστο-

346 3089 444 3144 λον
470 3090 630 3156 Θεοῦ,
663 3090 762 3144 καὶ
790 3092 1086 3163 προφήτην
1122 3084 1285 3153 εἶναι,
1315 3088 1460 3156 ξίφει
1488 3087 1806 3141 ἀποθανεῖν.
1827 3087 1941 3140 Kal

348 3182 627 3254 ἐκράτησε
670 3182 831 3236 τοῦτο
863 3182 1093 3254 κρόνους
1118 3188 1192 3247 ς’,
1224 3181 1320 3235 καὶ
1344 3180 1435 3235 διὰ
1476 3179 1569 3233 τὸν
1636 3178 1807 3249 φόϐον
1838 3178 1937 3233 τοῦ

349 3275 585 3330 θανάτου
618 3275 861 3347 συνήχθη
888 3275 1018 3339 λαὸς
1047 3274 1237 3338 πολύς.

347 3369 688 3423 avunculum
756 3366 1116 3425 confoderunt
1158 3375 1214 3419 ct
1255 3379 1382 3419 cum
1436 3361 1531 3417 illo
1583 3361 1783 3417 multos
1829 3361 1965 3416 alios

2039 2441 2291 2513 p0pulutn
2320 2438 2677 2509 sapientiores
2704 2452 2718 2490 :
2755 2433 2812 2489 Si
2840 2431 3027 2501 aliqud
3054 2428 3205 2499 pravi
3233 2425 3434 2480 exridit
3463 2437 3634 2477 avun-

2040 2536 2162 2591 culo
2196 2544 2307 2597 tuo,
2351 2529 2689 2601 quareillum
2717 2542 2822 2580 nou
2854 2524 3094 2578 mones?
3128 2520 3173 2575 si
3224 2533 3356 2573 vero
3397 2518 3534 2569 bene
3578 2520 3637 2566 et

2051 2644 2180 2683 vere
2242 2627 2457 2680 locutus
2512 2631 2616 2686 est,
2643 2634 2817 2691 quare
2855 2616 3198 2685 iniquissima
3227 2607 3497 2664 sententia
3548 2605 3633 2659 vis

2042 2721 2196 2776 illum
2224 2736 2253 2772 a
2280 2716 2479 2787 populo
2510 2711 2795 2770 trucidari.
2817 2707 3045 2763 Plurimi
3070 2718 3220 2765 vero,
3253 2716 3402 2755 mera
3437 2697 3625 2752 stulti-

2043 2812 2133 2865 tite
2164 2819 2220 2865 et
2253 2808 2540 2864 dementiae
2571 2804 2805 2858 ludibria
2829 2801 3131 2856 clamaruut
3161 2814 3175 2851 :
3205 2793 3345 2847 Vera
3385 2789 3630 2859 loquitur

2046 2903 2337 2971 Propheta,
2362 2901 2508 2969 quod
2566 2896 2877 2954 testimonio
2932 2907 3032 2948 suo
3083 2889 3249 2945 etiam
3300 2881 3624 2952 comprobat

2036 2994 2184 3050 illius
2208 2993 2319 3048 tilia
2343 2992 2621 3056 Pltatinia,
2655 3004 2778 3060 quae
2809 2987 2960 3041 illum
2996 2983 3133 3037 vidit
3158 2978 3400 3035 incuties
3428 2988 3621 3029 ascen—

2037 3088 2283 3142 dentem.
2322 3084 2475 3139 Unde
2530 3082 2746 3136 animos
2790 3081 3017 3146 capiens
3044 3068 3389 3129 Mulnmmed
3441 3078 3632 3122 ensem

2035 3180 2346 3250 evaginavit
2377 3187 2567 3232 contra
2599 3171 2928 3228 avunculum
2953 3182 3135 3230 suum,
3164 3174 3219 3220 et
3249 3163 3397 3219 illius
3451 3172 3637 3216 exeni—

2036 3248 2465 3341 pto'cotmnoise
2517 3266 2693 3320 tui-tm
2753 3262 2965 3319 strictis
3017 3259 3183 3313 etiam
3229 3252 3428 3325 gladiis
3490 3248 3640 3305 illius

2034 3362 2200 3417 etiam
2252 3361 2621 3415 trucidarunt.
2685 3356 2768 3410 An
2820 3363 2877 3409 tu
2938 3360 3115 3421 potes.
3149 3346 3623 3406 oblusulmanne,

351 3464 533 3531 palam
556 3460 738 3517 facere
757 3475 842 3516 me
864 3458 1081 3515 mentiri
1104 3457 1187 3512 vel
1214 3472 1345 3511 non.
1370 3454 1437 3509 Et
1467 3456 1537 3510 ab
1564 3455 1657 3510 illo
1682 3466 1925 3524 tempore
1962 3455 2030 3510 ad
2067 3471 2211 3511 nunc
2244 3470 2444 3526 usque,
2500 3454 2669 3510 istam
2733 3449 3026 3505 barbaram
3094 3439 3478 3499 disseminavit
3533 3437 3632 3492 doc

353 3555 590 3608 eti-inani
616 3572 630 3609 :
655 3553 711 3608 Si
748 3554 877 3623 quis
906 3567 1010 3605 non
1039 3551 1228 3605 credat
1255 3560 1312 3603 et
1370 3550 1696 3607 coutiteatur
1731 3547 2163 3605 Mnhamtnedem
2191 3548 2499 3620 apostolum
2546 3547 2643 3603 Dei
2684 3560 2809 3600 esse
2852 3552 2908 3598 et
2938 3539 3281 3610 prophetam,
3314 3534 3492 3607 gladio
3519 3540 3635 3587 sta-

355 3650 452 3704 tim
475 3648 834 3701 iuterimatur.
866 3643 979 3699 Hoc
1004 3658 1136 3697 vero
1164 3641 1397 3697 obtinuit
1433 3658 1530 3712 per
1571 3660 1744 3700 annos
1801 3659 1920 3710 sex,
1960 3653 2017 3699 et
2051 3652 2198 3699 metu
2270 3644 2463 3698 mortis
2519 3639 2676 3694 multi
2735 3635 3051 3708 congregati
3105 3641 3235 3688 sunt
3287 3631 3381 3702 qui
3439 3636 3632 3700 partes

353 3738 750 3798 Bluliauuuedis
781 3737 1030 3793 foverent
1077 3744 1134 3790 et
1168 3742 1476 3788 tuerentur.

426 3834 537 3888 Kal
572 3831 908 3893 ἀκούσαντες
949 3831 999 3882 οἱ
1041 3828 1254 3882 ἐκεῖθεν
1295 3828 1597 3899 Ἀρῤαϐες,
1631 3827 1713 3882 ὅτι
1748 3826 1943 3890 ἀδίκως

2123 3825 2279 3895 Quod
2304 3841 2428 3881 cum
2459 3823 2803 3880 audivissent
2841 3818 3052 3876 Arabes
3092 3818 3166 3872 ibi
3221 3825 3639 3872 coaimorantes

353 3928 516 3998 χάνει
541 3926 633 3979 τὸν
678 3924 946 3985 λαὸν,καὶ
1005 3920 1357 3990 συνήχθησαν
1415 3920 1618 3989 πλῆθος
1652 3918 1812 3983 πολὺ,
1854 3920 1943 3973 καὶ

2052 3921 2197 3991 quod
2220 3919 2477 3973 nimirum
2514 3930 2624 3971 tam
2653 3916 2855 3986 injuste
2916 3913 3125 3981 periret
3172 3918 3354 3963 tantus
3408 3905 3638 3977 popula-

352 4017 522 4092 ἦλθον
559 4015 702 4071 κατὰ
732 4015 887 4069 πάνω
914 4012 1025 4065 τῶν
1049 4011 1470 4065 πιστευσάντων
1494 4011 1586 4063 τὸν
1622 4011 1943 4081 Μουχάμετ,

2051 4014 2192 4067 rium
2226 4024 2505 4076 numerus,
2541 4010 2683 4062 inter
2707 4024 2766 4062 se
2786 4011 3233 4063 ciinvetteruntet
3250 4000 3467 4069 agmine
3486 3999 3640 4054 facto

358 4091 459 4164 καὶ
488 4108 785 4172 ἐτζὰκισαν
814 4103 1010 4167 αὐτοὺς
1031 4102 1120 4156 διὰ
1153 4101 1395 4172 πολέμου
1428 4103 1522 4155 καὶ
1552 4104 1838 4173 καμηλίων
1869 4106 1943 4166 είς

2051 4103 2411 4159 irrueruutin
2445 4099 2847 4156 Multamtnedis
2912 4105 3235 4155 sectatores.
3296 4108 3435 4163 quos
3493 4091 3643 4145 bello

355 4203 466 4274 γῆν
488 4199 736 4269 Μαδιάμ.
755 4198 866 4251 Kal
887 4196 1073 4266 φυγὼν
1101 4197 1129 4248 6
1147 4195 1449 4266 Μουχάμετ
1478 4189 1638 4265 εὗρεν
1662 4196 1946 4267 σπήλαιον,

356 4296 458 4349 καὶ
495 4290 730 4362 διεσώθη
765 4288 931 4360 μέσον
958 4287 1281 4359 νυχθήμερα
1306 4288 1453 4359 τρία.
1499 4287 1609 4340 Kal
1650 4288 1715 4341 σὺ
1768 4287 1951 4355 λέγεις

358 4385 774 4457 αἰσχυνόμενος,
802 4382 885 4436 ὅτι
912 4381 970 4434 ἐν
1012 4381 1117 4451 μιᾷ
1165 4381 1306 4451 ῥοπῇ
1342 4378 1663 4451 ἐσκεπάσθη
1714 4380 1821 4433 ὑπὸ
1850 4381 1950 4448 τῆς

376 4483 668 4555 Ἀράχνης.
701 4478 812 4532 Kal
856 4476 1096 4544 γίνωσκε
1130 4474 1212 4528 ὅτι
1244 4474 1425 4527 πάντα
1464 4468 1583 4527 οἶδα
1609 4474 1678 4526 τὰ
1700 4472 1950 4545 φλυαρή-

310 4588 315 4589 ’
365 4577 513 4647 ματα
542 4592 658 4639 σου,
688 4573 782 4626 καὶ
805 4569 1057 4640 παριστῶ
1090 4585 1170 4621 σοι
1209 4567 1373 4621 αὐτά.
1402 4563 1569 4631 Αὖθις
1596 4567 1790 4632 νυκτὸς
1817 4566 1952 4636 ἐφυ-

360 4688 459 4740 γεν
480 4670 509 4722 6
529 4668 853 4739 Μουχάμετ,
891 4665 987 4718 καὶ
1016 4663 1266 4735 εἰσῆλθεν
1297 4665 1377 4727 εἰς
1415 4664 1476 4716 τὸ
1518 4663 1683 4734 ῥηθὲν
1713 4664 1952 4735 κάστρον

364 4762 459 4814 καὶ
496 4756 864 4827 ἐναπομείνας
900 4753 1029 4815 λαὸς
1075 4750 1456 4833 ἠκολούθησαν
1495 4752 1544 4803 οἱ
1575 4750 1671 4804 καὶ
1721 4750 1953 4803 πιστεύ-

365 4870 558 4916 σαντες
586 4851 768 4905 αὖτόν.
808 4846 1075 4918 Εἰσῆλθεν
1099 4841 1193 4899 οὖν
1233 4846 1263 4896 ὁ
1297 4843 1602 4914 Μουχάμετ
1655 4843 1737 4905 εἰς
1778 4842 1953 4914 όσπή-

360 4961 497 5002 τιον,
530 4943 625 4996 καὶ
654 4940 862 5010 ἐκρύϐη
891 4938 999 4991 ἀπὸ
1021 4936 1119 4990 τοῦ
1151 4936 1322 5005 φόϐου
1349 4936 1458 4989 τῶν
1502 4935 1811 5008 Ἀῥρἀϐων.
1846 4929 1949 4990 Εὗ-

366 5054 459 5108 ρον
488 5036 546 5089 as
568 5034 659 5087 τὸν
684 5033 826 5086 θεῖον
865 5030 1030 5084 αὑτοῦ
1060 5029 1122 5082 τὸ
1158 5028 1539 5098 Ἀποπᾶκρην,
1577 5028 1672 5081 καὶ
1702 5027 1943 5098 ἐκράτη-

364 5145 467 5181 σαν
479 5123 862 5191 αὖτδν,Δείξον
889 5123 1042 5193 ἡμῖν,
1070 5119 1346 5188 λέγοντες,
1372 5117 1464 5171 τὸν
1488 5118 1813 5188 Μουχάμετ.
1840 5118 1952 5171 Kal

2050 4208 2107 4251 et
2126 4194 2460 4250 camelorum
2494 4192 2808 4248 ministerio
2861 4189 3143 4259 fregerunt
3187 4198 3244 4240 et
3276 4183 3636 4255 proﬂigarunt

2050 4290 2106 4345 in
2133 4302 2273 4344 terra
2304 4288 2549 4343 Madian.
2577 4284 2813 4354 Fugiens
2840 4297 2971 4337 vero
3026 4279 3371 4335 Muhammed
3429 4277 3640 4332 invenit

2051 4383 2390 4453 speluncam,
2420 4381 2474 4434 in
2507 4395 2614 4449 qua
2653 4392 2748 4449 per
2817 4383 2931 4428 tres
2971 4373 3086 4428 dies
3118 4383 3175 4427 et
3225 4379 3415 4425 noctes
3452 4368 3648 4423 delite-

2051 4489 2214 4531 scens
2244 4474 2463 4527 tandem
2508 4471 2692 4525 salvus
2721 4466 2916 4524 evasit.
2947 4464 3316 4520 luverecunde
3347 4476 3479 4516 vero
3507 4460 3647 4515 dicis

2053 4567 2196 4638 quod
2233 4566 2284 4619 in
2316 4574 2484 4619 antro
2526 4562 2596 4617 ob
2622 4560 2921 4631 periculum
2960 4559 3133 4612 latens
3163 4569 3381 4609 aranea:
3404 4552 3511 4607 tela
3540 4550 3645 4605 ob-

2054 4664 2249 4717 ductus
2278 4658 2461 4713 fuerit.
2500 4654 2652 4711 Unde
2709 4664 2864 4724 potes
2914 4664 3252 4721 cognoscere
3296 4645 3429 4699 milii
3488 4658 3644 4697 com-

2053 4763 2207 4825 perta
2246 4767 2366 4808 esse
2391 4750 2574 4805 omnia
2609 4757 2701 4802 tua
2751 4745 2969 4808 delirio,
3005 4752 3059 4797 et
3101 4757 3187 4795 tne
3219 4740 3307 4794 illa
3379 4736 3473 4792 tibi
3527 4737 3645 4791 siu-

2053 4863 2179 4903 ccre
2202 4854 2618 4915 represseutare.
2649 4840 2858 4895 Rursus
2890 4851 3021 4892 vero
3067 4835 3202 4904 fugit
3251 4830 3631 4893 Muhammed,

2053 4949 2109 4995 et
2146 4940 2426 5010 ingressus
2454 4945 2541 4990 est
2581 4937 2774 4989 urbem
2807 4944 2901 4985 seu
2949 4938 3191 4984 castrum
3253 4921 3500 4993 aliquod,
3536 4936 3648 4973 una

2055 5048 2180 5088 cum
2256 5029 2470 5092 turbis,
2522 5042 2644 5095 quae
2713 5022 2857 5079 illius
2908 5023 3165 5090 dogmata
3226 5016 3387 5069 nimis
3458 5012 3651 5068 fat-lies

2056 5124 2421 5180 crediderant.
2483 5119 2765 5189 Ingressus
2819 5126 2905 5169 est
2954 5127 3087 5183 ergo
3138 5107 3506 5164 diversorium
3550 5119 3649 5161 seu

365 5217 517 5273 εἶπεν
544 5183 729 5276 αὐτοῖς
756 5183 799 5269 ό.
825 5183 1185 5282 Ἀποπακρης
1214 5210 1332 5281 μεθ’
1361 5211 1550 5282 ὅρκου·
1581 5183 1673 5263 Μὰ
1690 5183 1791 5263 ’τὸν
1818 5209 1943 5263 Θεὸν

2059 5218 2353 5287 hospitium
2412 5222 2467 5267 et
2538 5183 2683 5264 metu
2775 5206 2969 5262 mortis
3033 5217 3201 5274 quam
3296 5199 3508 5254 Arabes
3571 5196 3648 5250 illi

363 5311 527 5382 ἡμῶν
554 5309 642 5362 τὸν
684 5305 937 5361 ἐλεοῦντα
990 5308 1084 5358 καὶ
1116 5304 1435 5374 ἐλεημένον,
1484 5304 1571 5356 ἵνα
1616 5303 1814 5371 ὑπάγω
1855 5304 1950 5355 καὶ

365 5403 513 5474 εὕρω
545 5401 730 5466 αὐτὸν,
762 5402 857 5455 ἐάν
893 5416 959 5470 με
1012 5397 1344 5469 ἀπολύσητε,
1380 5399 1474 5451 καὶ
1507 5397 1660 5468 δήσω
1702 5397 1864 5450 αὑτὸν
1893 5394 1953 5461 ἐξ

365 5493 652 5564 ἀγκώνων,
685 5493 779 5546 καὶ
809 5490 961 5562 φέρω
1002 5490 1137 5557 πρδς
1163 5488 1330 5559 ὑμᾶς.
1372 5487 1573 5541 Ἐλθὼν
1606 5483 1698 5540 οὗν
1724 5489 1751 5539 6
1788 5487 1950 5539 Ἀπο-

366 5590 587 5660 πάκρης
609 5584 856 5657 εἰσῆλθεν
890 5584 1077 5647 εἰςτλιν
1107 5580 1427 5652 Μουχάμετ,
1449 5584 1542 5633 καὶ
1567 5574 1953 5645 εἶπεν,Ἦλθον

368 5680 503 5751 πρὸς
535 5680 595 5733 σὲ
620 5679 713 5733 τοῦ
752 5679 983 5749 ἐπάρειν
1018 5691 1075 5727 σε
1110 5675 1170 5739 ἐξ
1202 5674 1469 5743 ἀγκώνων
1502 5674 1811 5740 δεδεμένον.
1859 5673 1955 5725 καὶ

370 5774 599 5841 ἀγαγεῖν
634 5788 691 5825 σε
718 5771 798 5833 εἰς
828 5770 951 5833 τοὺς
994 5764 1304 5837 νΛῤῥαϐας.
1344 5768 1454 5819 Kal
1480 5766 1720 5829 ἀναστὰς
1744 5767 1771 5818 ό
1804 5766 1951 5818 Μου-

372 5867 547 5941 χᾴμετ
586 5862 981 5935 ἐνηγκαλίσατο
1032 5857 1216 5923 αὺτὸν,
1266 5860 1361 5913 καὶ
1411 5858 1671 5931 ἔσφιγξε-ι
1726 5856 1952 5927 σφύδρα,

2059 5322 2265 5368 certam
2294 5308 2642 5362 intentabant
2688 5301 2761 5357 ibi
2808 5301 2897 5354 ditt
2931 5299 3112 5353 latuit.
3149 5297 3482 5350 Invenerunt
3516 5305 3652 5344 vero

2062 5403 2152 5459 isti
2185 5401 2393 5455 Arabes
2416 5398 2585 5451 alimn
2648 5392 3051 5448 Multamtnedis
3099 5385 3437 5442 avunculum
3499 5382 3652 5435 Aba-

2053 5496 2335 5556 bakeruni,
2369 5493 2570 5560 illoque
2599 5494 2853 5555 correpto
2900 5483 3160 5538 dixerunt
3194 5497 3208 5536 :
3244 5476 3430 5532 iudica
3492 5474 3652 5530 nobis

2054 5583 2142 5637 tibi
2180 5583 2342 5635 lateat
2368 5576 2772 5634 Multannnedes
2796 5593 2810 5638 ;
2834 5573 2971 5628 dixit
3005 5569 3299 5625 Abubaker
3334 5581 3459 5621 cum
3486 5564 3651 5635 jura-

2054 5680 2239 5727 meuto
2269 5688 2285 5725 :
2320 5671 2377 5725 Si
2414 5685 2500 5724 me
2541 5665 2866 5727 dimittatis,
2917 5663 2962 5717 si
3002 5657 3444 5715 Multanimedem
3497 5656 3652 5710 inve-
3702 5682 3705 5683 ν

2055 5763 2225 5828 niam,
2267 5777 2363 5830 per
2405 5759 2572 5815 Deum
2642 5758 3024 5811 miseraturcm
3088 5762 3141 5806 ct
3216 5746 3650 5813 misericordem,

2054 5854 2204 5912 illum
2237 5851 2488 5911 inanibus
2520 5860 2573 5907 et
2605 5847 2846 5907 brachiis
2876 5848 3118 5900 vinctum
3140 5840 3206 5896 ad
3235 5854 3331 5895 vus
3358 5836 3653 5895 deducam.
