4146 6436
652 370 783 437 H33

1796 378 2359 438 ΒΧΚΤΞΙΟΙΑἊΗΞΙ
2410 378 2779 439 ΕῡΕὸΞῧΝῐ

3790 380 3901 445 14313

646 485 952 553 Venitergo
976 485 1271 541 Abuhaker
1306 490 1372 544 ad
1402 489 1928 555 Mnhannnmlem,ct
1953 491 2024 543 illi
2056 492 2217 546 dixit:

2335 489 2475 541 ὥστε
2504 490 2925 560 ὀλιγοθύμησεν.
2952 491 3061 544 Καὶ
3090 485 3243 544 εἶπεν
3291 491 3441 563 αὐτῷ
3481 495 3512 546 6
3552 494 3901 565 ’Λποπάκρης·

642 578 709 631 ad
747 588 797 631 te
829 580 1064 644 accessi,
1098 590 1155 634 ut
1187 592 1237 637 te
1268 584 1508 638 brachiis
1571 582 1813 636 vinctum
1868 590 1925 635 et
1998 585 2235 638 constri-

2347 584 2625 653 Ἐλέησον,
2680 578 2725 636 ὦ
2765 583 2917 637 δοῦλε
2972 584 3068 637 τοῦ
3102 584 3263 638 Θεοῦ⁶
3306 585 3399 639 νῦν
3458 588 3577 658 γὰρ
3621 586 3806 655 ἔγνων,
3836 591 3904 643 ὅτι

643 680 794 721 ctum
869 671 936 723 ad
996 672 1211 726 Arabas
1295 676 1673 742 perducerem.
1740 672 2049 741 Exsurgens
2108 687 2217 728 vert

2331 675 2621 743 προφήτης
2644 668 2696 726 εἴ
2719 674 2807 736 σὺ,
2832 673 2928 726 καὶ
2953 674 3253 740 ἀπόστολος
3277 675 3432 730 Θεοῦ.
3461 678 3578 731 Kal
3600 673 3753 730 εἶπεν
3778 678 3903 750 αὐτῷ

647 758 1011 829 Muhannued,
1049 764 1433 818 Abubakernm
1474 765 1620 818 ulnis
1666 775 1719 818 et
1762 764 2003 817 brachiis
2071 778 2228 819 com-

644 854 834 920 plexus
862 866 949 909 est
989 865 1044 911 et
1084 857 1155 911 ita
1208 859 1565 911 vehementer
1623 858 1773 911 illum
1829 858 2129 924 stringebat
2175 865 2230 912 et

2327 771 2356 823 6
2385 770 2710 840 Μουχὰμετυ
2757 768 2883 823 Ἐὰν
2922 770 3232 838 ἀληθεύεις,
3279 771 3638 842 Ἀποπάκρη,
3671 770 3903 843 ὲνωθήσει

2328 862 2425 914 καὶ
2447 862 2511 913 σὺ
2545 863 2663 931 μετ’
2698 861 2857 929 ἐμοῦ.
2889 863 3001 917 Kal
3025 858 3183 915 εἶπεν
3214 865 3242 915 ὁ
3286 863 3653 933 ’Λποπάκρης
3683 862 3760 933 τῷ
3778 865 3904 917 Μου-

643 948 1062 1013 comprimebat,
1088 959 1142 1002 ut
1195 948 1305 1015 jam
1376 950 1545 1003 animi
1598 949 1898 1017 deliquium
1948 950 2217 1005 videretur

2324 952 2523 1023 χάμετ·
2564 954 2964 1025 Ἀρματὼθητι
2998 954 3138 1024 μετὰ
3168 953 3263 1008 τοῦ
3312 954 3443 1009 λαοῦ
3505 972 3632 1019 σου,
3681 957 3771 1009 καὶ
3802 955 3904 1009 ἐλθὲ

644 1051 931 1104 passurus.
959 1040 1263 1110 Regerebat
1295 1058 1424 1113 ergo
1444 1042 1733 1097 Abubaker
1759 1060 1773 1097 :
1801 1041 2066 1097 Miserere
2094 1043 2223 1108 mei,

642 1130 1018 1193 potentissime
1055 1134 1145 1188 Dei
1186 1150 1367 1196 serve,
1405 1151 1547 1188 nunc
1594 1150 1696 1206 ego
1731 1150 1972 1203 agnosco
2000 1143 2053 1188 te
2094 1148 2219 1191 esse

2339 1045 2456 1115 μετ’
2488 1044 2644 1114 ἐμοῦ,
2681 1044 2833 1105 ὅπως
2863 1043 3228 1115 ὲξαφήσωμεν
3256 1044 3481 1110 αὐτοὺς,
3514 1045 3603 1099 ὅτι
3634 1046 3905 1115 ἀμέριμνοί

2331 1136 2489 1199 εἰσιν,
2520 1135 2616 1187 καὶ
2640 1135 2710 1205 ἀρ
2718 1134 2940 1206 ματώθη
2950 1153 3069 1190 σαν.

640 1224 957 1291 prophetam
984 1229 1358 1297 etapostolum
1390 1228 1505 1282 Dei.
1544 1227 1619 1281 Illi
1652 1244 1779 1283 vero
1809 1228 1888 1282 sic
1955 1227 2076 1281 infit
2117 1228 2463 1282 Multatnmed
2502 1246 2515 1283 :
2561 1225 2617 1281 Si
2657 1244 2783 1281 vera
2834 1229 2994 1292 dicis,
3064 1243 3098 1280 ο
3151 1226 3463 1291 Abuhaker,
3483 1242 3691 1296 operas
3718 1236 3766 1278 et
3793 1242 3903 1275 ron-

640 1317 757 1368 silia
794 1328 978 1371 nostra
1008 1320 1167 1373 simul
1213 1322 1467 1375 nniamus
1497 1331 1549 1374 et
1581 1320 1873 1375 sociemus.
1912 1319 2057 1374 Dixit
2124 1335 2256 1373 vero
2295 1319 2626 1375 Ahubaker:
2665 1321 2831 1375 Arma
2864 1334 3090 1391 capesse
3124 1335 3247 1375 cum
3300 1319 3499 1389 populo
3551 1329 3651 1374 tuo
3699 1330 3753 1373 et
3797 1318 3901 1373 veni

639 1422 848 1459 met-um
885 1419 941 1460 ut
970 1411 1178 1467 Arabas
1202 1412 1501 1475 deleamus,
1529 1412 1603 1466 illi
1630 1413 1830 1482 quippe
1874 1422 2002 1467 sunt
2054 1411 2312 1479 imparati
2349 1418 2405 1465 et
2434 1412 2549 1465 otio
2580 1413 2802 1481 sepulti.

709 1498 983 1552 Continuo
1016 1516 1145 1569 ergo
1172 1504 1237 1556 ad
1266 1518 1415 1556 arma
1438 1510 1825 1572 proruperunt,
1860 1512 1913 1556 et
1932 1500 2226 1555 Abnbaker

638 1606 763 1642 cum
802 1590 1186 1647 Multammede
1208 1594 1389 1648 subita
1424 1594 1729 1663 irruptione
1765 1594 2048 1664 fregerunt
2089 1594 2229 1645 Ara-

642 1682 759 1744 has,
795 1690 850 1736 et
885 1685 954 1737 ab
980 1684 1073 1738 illo
1102 1695 1343 1753 tempore
1407 1686 1579 1740 victor
1624 1699 1845 1753 semper
1886 1684 2085 1739 evasit.
2134 1680 2227 1737 Vi-

2400 1499 2598 1554 Λαϐὼν
2650 1497 2743 1554 οὖν
2799 1502 2828 1554 6
2894 1501 3253 1572 Ἀποπάκρης
3302 1501 3392 1554 τὸν
3449 1500 3779 1573 Άῐουχόιμετ,
3826 1501 3899 1557 καί

2331 1591 2576 1662 ἀπῆλθον
2630 1593 2769 1663 πρὸς
2823 1594 2949 1657 τοὺς
3014 1592 3323 1663 ’Λρῤαϐας,
3366 1594 3461 1647 καὶ
3503 1593 3901 1661 ὲνίκησεν.ἁπ’

2333 1684 2551 1752 ἐκείνης
2588 1685 2688 1755 τῆς
2732 1684 2905 1755 ὧρας.
2971 1684 3192 1747 Ἰδόντες
3250 1685 3280 1737 6
3316 1684 3446 1748 λαὸς
3496 1684 3597 1737 τὸν
3632 1684 3903 1755 Μουχάμετ

640 1775 830 1828 dentes
860 1791 987 1829 vero
1014 1778 1183 1831 turba:
1216 1778 1653 1832 Muliatnmedem
1683 1779 1882 1846 ubique
1934 1779 2215 1835 victorem.

2325 1780 2643 1849 νικήσαντα,
2673 1777 2932 1848 sua:qu
2993 1778 3164 1839 πολὺς
3192 1777 3338 1842 λαὸς,
3387 1777 3485 1830 xal
3525 1776 3899 1845 ὲφουσάτευσεν

638 1866 705 1915 ad
748 1864 898 1917 illum
938 1866 1133 1931 majori
1153 1868 1306 1936 copia
1350 1868 1401 1920 in
1434 1868 1550 1923 dies
1581 1867 1984 1923 conﬂuxerunt.
2016 1868 2077 1922 Et
2099 1868 2221 1921 Mu-

639 1958 889 2010 hammed
922 1958 988 2011 de
1019 1973 1160 2013 novo
1187 1975 1250 2013 cx
1283 1959 1594 2027 junioribus
1649 1970 1704 2015 et
1729 1963 2221 2027 prmstantiorihus,

635 2049 940 2102 exercitum
974 2051 1319 2121 conscripsit,
1352 2062 1406 2108 et
1462 2053 1689 2109 veniens
1728 2054 1969 2109 Meceam
2029 2053 2220 2122 proﬂi-

635 2143 785 2209 gatit
814 2145 1046 2209 Arabas,
1085 2156 1137 2199 et
1172 2148 1363 2201 urbem
1416 2158 1471 2203 et
1521 2166 1703 2204 arcem
1734 2150 2092 2221 expugnavit.
2136 2149 2225 2203 Vi-

636 2236 788 2288 ribus
838 2252 967 2291 vero
1005 2240 1184 2293 auctis
1234 2254 1427 2294 omnes
1472 2242 1923 2308 circumjacentes
1974 2242 2225 2310 regiones

634 2330 945 2398 m-cnpavit.
979 2329 1047 2383 Et
1082 2330 1252 2398 legem
1307 2332 1425 2387 lixit
1468 2348 1573 2401 qua
1626 2334 2007 2397 sanciebatur,
2068 2344 2127 2388 ut
2178 2334 2221 2387 si

633 2419 759 2487 quis
794 2419 1228 2477 Mnhammedetn
1294 2426 1615 2493 prophetam
1650 2435 1704 2477 et
1759 2426 2070 2493 aposmlum
2127 2425 2222 2479 Dei

632 2526 740 2563 non
768 2513 1143 2580 conﬁteretur,
1180 2518 1366 2569 statim
1401 2530 1578 2571 morte
1605 2519 1961 2587 plecteretur,
1994 2528 2049 2570 et
2076 2528 2221 2571 metu

632 2604 823 2657 mortis
847 2609 1289 2662 numerosissima
1318 2610 1599 2664 turbarum
1622 2612 1800 2680 cupia,
1833 2611 1978 2664 illius
2024 2610 2220 2663 vexilla

629 2698 986 2766 sequebatur,
1025 2710 1079 2752 et
1110 2700 1255 2755 illius
1310 2702 1615 2757 doctrinam
1657 2704 2108 2772 amplectebatur.
2131 2703 2223 2757 Sic

627 2791 812 2843 varias
854 2792 1093 2846 Arabum
1128 2795 1313 2863 plagas
1344 2804 1397 2848 et
1435 2796 1597 2849 nrbes
1627 2798 1936 2863 occupavit,
1973 2795 2223 2849 tandem-

626 2895 734 2945 que
764 2884 1013 2949 pervenit
1039 2884 1104 2937 ad
1148 2885 1326 2938 locum
1367 2887 1587 2941 nomine
1626 2887 1965 2951 'l‘sumtsutn,
2013 2889 2064 2941 id
2113 2899 2217 2952 est,

628 2982 821 3036 puteus
858 2976 1181 3040 profundus.
1215 2973 1377 3028 Juxta
1412 2991 1540 3029 vero
1567 2988 1789 3047 puteum
1812 2989 1931 3031 erat
1961 2983 2094 3033 urbs
2118 2994 2214 3033 seu

627 3074 871 3115 east-rum
910 3066 1126 3121 nomine
1156 3068 1395 3134 Susaita,
1426 3069 1473 3120 id
1514 3080 1616 3132 est,
1655 3071 1792 3139 lapis
1821 3071 1977 3138 niger
2007 3080 2061 3126 et
2118 3072 2214 3124 ob-

626 3170 841 3219 scurus,
873 3159 1017 3227 quod
1053 3175 1173 3214 cum
1212 3173 1638 3231 expugnassent,
1689 3164 1741 3216 in
1811 3162 1902 3218 illo
1943 3164 2216 3234 captivam

626 3250 1157 3315 romprelumderunt
1195 3254 1430 3308 vetulam
1467 3257 1759 3323 quamdam
1815 3271 1938 3310 cum
1999 3267 2213 3326 septem

626 3337 814 3394 liberis
857 3343 990 3395 suis.
1031 3343 1177 3398 Illam
1220 3361 1347 3401 vero
1385 3348 1467 3402 sic
1530 3360 1651 3402 sunt
1690 3350 1911 3403 adorti:
1963 3350 2044 3404 Tn
2092 3368 2214 3403 eum

628 3431 815 3484 libo-ris
870 3436 1000 3495 tuis,
1046 3439 1211 3491 crede
1240 3439 1291 3490 in
1332 3438 1802 3505 Muhammedetu,
1843 3451 1898 3495 et
1951 3442 2002 3495 in
2047 3442 2215 3498 Deum

626 3524 792 3588 illius,
824 3526 947 3595 quia
976 3540 1057 3579 est
1088 3531 1346 3597 propheta
1380 3542 1433 3583 et
1461 3534 1743 3600 apostolus
1810 3533 1924 3588 Dei.
1972 3535 2066 3589 llla
2118 3552 2215 3590 au-

628 3628 733 3668 tem
764 3618 841 3671 sic
868 3618 933 3673 ad
954 3634 1047 3673 cos
1074 3638 1089 3675 :
1123 3620 1319 3687 Qnreso
1349 3623 1499 3675 illum
1536 3627 1719 3678 statim
1754 3626 1986 3688 videam,
2007 3637 2213 3687 etcum

627 3706 719 3760 illo
777 3708 1075 3763 conferam.
1133 3711 1248 3777 Qua
1301 3714 1591 3768 c-nl'estim
1639 3716 1704 3767 all
1765 3716 2209 3772 Muhammedem

626 3800 1061 3866 perdurta,dixit
1085 3820 1097 3857 :
1119 3803 1301 3870 Quare
1338 3817 1388 3859 te
1413 3822 1581 3861 vocas
1619 3812 1942 3876 pr0phetam
1971 3820 2024 3863 et
2049 3826 2213 3878 apos-

625 3893 822 3960 tolum,
863 3896 1041 3965 qualis
1078 3908 1163 3953 est
1216 3900 1359 3953 Deus
1403 3910 1561 3967 tuus;
1606 3918 1706 3973 ego
1760 3903 1978 3972 quidem
2036 3905 2212 3961 Vene-

625 4004 740 4041 rem
768 3998 821 4043 et
860 3989 1201 4059 Phosporum
1241 3994 1393 4048 sidus
1428 4011 1527 4065 pro
1554 3997 1874 4051 numinibus
1928 3998 2127 4064 habeo,
2156 4008 2212 4054 tu

621 4098 753 4135 vero
783 4083 996 4152 qualem
1033 4085 1199 4140 Deum
1256 4087 1426 4142 habes
1449 4099 1501 4142 et
1540 4090 1721 4143 colis?
1748 4090 2054 4159 Respondit
2103 4093 2215 4149 Mu-

624 4178 882 4232 hammed
922 4196 935 4232 :
976 4177 1073 4233 Est
1104 4180 1245 4235 alius
1286 4179 1452 4245 Deus,
1488 4182 1645 4237 habet
1672 4198 1860 4239 servos
1892 4184 2209 4240 Michaelem

617 4278 673 4318 et
710 4268 1043 4324 Gabrielem.
1094 4272 1240 4329 Illius
1293 4289 1414 4328 sum
1466 4274 1765 4342 apostolus.
1809 4276 1954 4329 Dixit
1983 4278 2209 4331 vetula:

622 4353 728 4409 Ubi
772 4356 984 4412 habitat
1036 4359 1143 4414 iste
1187 4360 1334 4417 Deus
1387 4376 1551 4431 quem
1600 4367 1928 4421 annuntias?
1966 4367 2213 4421 Multam-

620 4450 740 4503 mcd
775 4451 985 4519 palmas
1042 4454 1108 4506 ad
1157 4455 1336 4508 sidera
1381 4457 1599 4521 tollens,
1637 4461 1959 4527 respondit:
1989 4460 2214 4515 Habitat

620 4542 673 4594 in
705 4543 866 4597 cmlo.
902 4542 1142 4614 Urgebat
1181 4547 1364 4602 vetula
1394 4565 1410 4602 :
1441 4548 1524 4601 An
1562 4559 1619 4604 ιιι
1662 4550 1811 4606 solus
1862 4551 2013 4605 illum
2042 4554 2212 4620 nosti,

616 4652 685 4687 an
735 4652 865 4691 vero
896 4639 1124 4708 populus
1149 4650 1271 4696 tuus
1301 4644 1465 4696 etiam
1512 4652 1691 4698 tecum
1723 4644 1873 4699 illum
1918 4648 2105 4700 novit?
2133 4649 2215 4701 Att

620 4728 763 4782 illius
807 4744 911 4783 vox
945 4733 1155 4784 accedit
1205 4734 1271 4787 ad
1305 4749 1493 4789 vocem
1535 4735 1813 4789 hominum
1850 4747 2219 4802 terrenornm,

617 4839 683 4872 an
714 4836 842 4875 vero
858 4822 927 4877 ab
951 4822 1038 4875 illa
1057 4824 1350 4893 discrepat.
1375 4826 1676 4895 Respondit
1702 4827 2044 4883 Mnhammed
2068 4847 2083 4885 :
2109 4828 2221 4884 Nec

616 4929 714 4983 ego
747 4913 914 4968 Deum
936 4916 1150 4981 novi,et
1174 4919 1439 4987 primores
1466 4918 1645 4988 populi
1677 4922 1742 4973 ad
1776 4921 1919 4975 illius
1946 4923 2216 4993 cognitio-

620 5022 739 5059 nem
764 5023 869 5060 non
895 5019 1184 5076 potuerunt
1206 5013 1368 5067 etiam
1393 5014 1962 5081 assnrgere.lnstabat
1990 5017 2170 5070 vetula
2196 5034 2208 5069 :

2328 1871 2392 1922 ὲκ
2431 1870 2625 1922 νέωνὸ
2678 1870 2980 1938 Μουχάμετ
3036 1869 3329 1923 κατεπάνω
3391 1885 3549 1934 τους,
3605 1869 3702 1921 καὶ
3758 1866 3900 1921 ἐλθὼν

2327 1962 2407 2023 εἰς
2442 1959 2535 2012 τὸν
2563 1960 2731 2011 Μακᾶ
2760 1958 3050 2021 ὲτζάκισεν
3083 1959 3210 2021 τοὺς
3258 1956 3575 2028 Ἀῤῥαϐας,
3610 1955 3707 2008 καὶ
3734 1954 3897 2008 ἀνελά-

2327 2049 2453 2103 ϐετο
2479 2048 2540 2101 τὸ
2576 2047 2834 2118 κάστρον.
2895 2049 3004 2101 Kal
3037 2047 3443 2116 ἐνεδυναμώθη,
3479 2048 3583 2100 καὶ
3634 2045 3813 2098 ἔλαϐεν
3842 2043 3896 2099 τὰ

2327 2143 2631 2213 περίχωρα,
2689 2142 2784 2194 καὶ
2827 2139 3239 2210 ἐνομοθέτησεν·
3276 2140 3473 2203 "Oa-ct;
3537 2140 3603 2193 οὐ
3660 2138 3797 2207 λέγει
3822 2138 3894 2189 τὴν

2326 2235 2632 2305 Μονχάμετ
2670 2237 2958 2303 προφήτην
2982 2233 3077 2285 καὶ
3138 2232 3462 2294 ἀπόστολον,
3493 2231 3721 2301 θανάτῳ
3748 2229 3895 2282 τελει-

2324 2329 2505 2399 τήσει.
2539 2329 2647 2380 Kal
2668 2328 2758 2380 διὰ
2778 2326 2870 2379 τὸν
2895 2326 3062 2396 φόϐον
3084 2326 3179 2380 τοῦ
3216 2326 3449 2380 θανάτου
3480 2325 3655 2389 πολὺς
3690 2323 3889 2395 ἀριθμὸς

2325 2421 2541 2487 ἐγένετο
2601 2419 2723 2489 μετ’
2780 2418 2971 2483 αὑτοῦ,
3017 2422 3114 2473 καὶ
3168 2420 3497 2472 ἐπίστευσεν
3569 2419 3752 2474 αὐτόν.
3803 2417 3890 2471 Kal

2324 2514 2518 2567 ἐλαϐεν
2542 2515 2756 2584 κάστρη
2781 2514 2877 2567 καὶ
2897 2513 3083 2583 χώρας
3119 2513 3229 2565 τῶν
3273 2514 3589 2584 Ἀῤῥάϐων,
3627 2512 3721 2565 καὶ
3749 2508 3888 2562 ὲλϐὼν

2323 2608 2402 2668 εἰς
2434 2607 2597 2659 τόπον
2632 2606 2928 2676 λεγόμενον
2973 2605 3345 2676 Ζουνζούμην,
3380 2605 3532 2657 τοῦτ’
3583 2604 3730 2657 ἔστιν
3758 2601 3889 2671 βυθὸς

2324 2698 2513 2769 βαθύς.
2548 2699 2658 2753 Kal
2680 2701 2848 2768 ἐγγὺς
2880 2698 3046 2753 αὐτοῦ
3069 2695 3137 2770 ἦν
3157 2698 3397 2767 κάστρον
3423 2698 3604 2767 ὄνομα
3627 2695 3886 2751 Σουσαῖτσ,

2321 2792 2468 2845 τοῦτ’
2506 2792 2654 2845 ἐστιν
2706 2792 2916 2863 μαῦρον
2951 2792 3122 2855 λίθον,
3178 2790 3274 2845 καὶ
3310 2790 3626 2860 παρέλαϐεν
3664 2788 3789 2841 αὐτὸ
3814 2786 3885 2837 διὰ

2321 2886 2586 2957 πολέμου.
2632 2888 3021 2958 Κρατήσαντες
3060 2886 3192 2955 γοῦν
3224 2887 3460 2954 γυναῖκα
3505 2882 3686 2955 γραῦν
3725 2883 3811 2933 σὺν
3838 2875 3884 2942 ζ’

2320 2977 2557 3041 τέκνοις,
2596 2977 2693 3032 καὶ
2724 2972 2878 3031 εἷπον
2913 2978 3075 3047 αὐτῇ·
3112 2976 3412 3030 Πίστευσον
3438 2975 3539 3029 σὺν
3573 2976 3687 3035 τοῖς
3712 2972 3887 3027 τέχνας

2325 3085 2418 3123 σου
2454 3068 2533 3131 είς
2566 3067 2659 3121 τὸν
2698 3067 3023 3138 Μουχάμετ,
3082 3068 3179 3120 καὶ
3217 3067 3297 3130 είς
3323 3066 3414 3118 τὸν
3446 3064 3585 3118 Θεὸν
3626 3061 3795 3122 αὑτοῦ,
3819 3058 3886 3111 ὄτι

2248 3127 2289 3183 C
2328 3162 2475 3215 ἐστιν
2510 3127 2799 3232 προφήτης
2959 3127 3262 3222 ἀπόστολος
3279 3127 3449 3212 Θεοῦ.
3480 3159 3651 3225 Λέγει
3704 3153 3881 3213 αὐτοῖς’

2332 3258 2429 3319 Ἂς
2464 3255 2557 3308 ἴδω
2587 3254 2772 3318 αὐτὸν,
2805 3254 2893 3308 ἵνα
2925 3251 3177 3323 συντύχω
3214 3251 3333 3323 μετ’
3365 3251 3555 3306 αὐτοῦ.
3611 3249 3884 3317 ’Λπήγαγον

2325 3343 2417 3400 οὖν
2448 3346 2617 3418 αὐτὴν
2644 3346 2782 3418 πρὸς
2810 3345 2997 3411 αὐτὸν,
3025 3345 3118 3399 καί
3146 3360 3281 3415 φησι
3309 3345 3446 3416 πρὸς
3466 3345 3563 3397 τὸν
3590 3340 3880 3410 Μουχάμετ’

2327 3440 2502 3493 Πόθεν
2533 3439 2722 3500 καλεῖς
2747 3439 2940 3492 ἑαυτὸν
2976 3438 3289 3508 προφήτην,
3323 3438 3418 3491 καὶ
3452 3436 3767 3496 ἀπόστολον,
3799 3428 3877 3481 καὶ

2327 3536 2479 3595 ποῖός
2535 3535 2682 3586 ἐστιν
2722 3533 2751 3585 6
2784 3531 2918 3594 Θεός
2975 3533 3103 3597 σου”;
3156 3530 3299 3601 Ἐγὼ
3332 3530 3464 3584 Θεὸν
3490 3529 3763 3600 γινώσκω,
3804 3522 3883 3590 τὴν

2339 3624 2684 3695 Ἀφροδίτην,
2720 3624 2782 3677 τὸ
2812 3624 3094 3692 ἑωσφόρον
3119 3612 3343 3695 ἄστρον,
3374 3624 3469 3676 ὲσὺ
3496 3625 3653 3676 ποῖον
3672 3619 3755 3673 τὸν
3776 3614 3882 3669 Θεὸν

2325 3718 2542 3781 καλεῖςῖ
2573 3718 2740 3786 Λέγει
2770 3718 2934 3787 αὐτῇ·
2972 3717 3167 3781 Ἀλλης
3193 3717 3323 3779 Θεὸς
3350 3717 3519 3769 ἐστιν.
3555 3717 3705 3784 Ἔχει
3732 3707 3883 3764 δοῦλον

2323 3810 2546 3882 Μιχαὴλ
2570 3812 2663 3864 καὶ
2693 3810 2959 3881 Γαϐριὴλ.
2992 3809 3235 3864 Ἐκείνου
3262 3810 3379 3878 είμὶ
3408 3808 3719 3868 ἀπόστολος.
3747 3802 3881 3866 Λέγει

2323 3905 2357 3974 ἡ
2387 3905 2584 3973 γραῦς·
2617 3904 2727 3956 Kal
2766 3901 2870 3954 ποῦ
2900 3902 3149 3954 κατοικεῖ
3188 3900 3348 3963 αὐτὸς
3379 3901 3406 3951 6
3433 3899 3588 3963 Θεὸς,
3617 3900 3672 3952 ὃν
3702 3895 3878 3962 λέγειςὲ

2324 3997 2434 4049 Kal
2452 3993 2603 4049 εἶπεν
2629 3996 2789 4064 αὐτῇ·
2816 3994 2908 4047 Ἐν
2942 3992 3018 4063 τῷ
3037 3992 3275 4064 οὐρανῷ,
3303 3992 3416 4047 ἀνω
3442 3992 3624 4057 δείξας
3643 3992 3705 4060 τῇ
3734 3981 3870 4056 χειρί.

2320 4088 2485 4156 Λέγει
2510 4090 2542 4158 ἡ
2568 4086 2761 4157 γραῦς’
2797 4087 2869 4140 Σὺ
2914 4086 3074 4154 μόνος
3103 4082 3251 4149 οἶδας
3292 4084 3482 4148 αὐτὸν,
3519 4084 3553 4155 ἢ
3590 4084 3680 4137 καὶ
3713 4081 3738 4132 ὁ
3777 4073 3879 4134 λαός

2322 4198 2457 4244 σου;
2490 4181 2584 4233 καὶ
2611 4182 2644 4251 ή
2676 4178 2831 4249 φωνὴ
2861 4176 3051 4240 αὐτοῦ,
3083 4178 3160 4240 ὡς
3193 4178 3226 4246 ἡ
3255 4175 3413 4246 ἡμῶν
3444 4176 3645 4246 χοῖκῶν
3680 4162 3876 4230 ὲστιν,ἧ

2320 4274 2450 4344 παρ’
2480 4273 2650 4341 αὐτὴν
2678 4272 2840 4339 ξένης
2874 4270 3037 4336 Λέγει
3064 4270 3093 4321 6
3120 4267 3441 4337 Μουχάμετ·
3485 4267 3611 4321 Οὐδ’
3636 4261 3742 4333 ἐγὼ
3786 4252 3879 4311 οἶδα

2319 4367 2410 4421 τὸν
2442 4365 2596 4428 Θεὸν,
2628 4365 2752 4419 οὔτε
2788 4366 2837 4418 οἱ
2895 4361 3282 4434 περιεστῶτες.
3339 4362 3504 4430 Λέγει
3533 4363 3567 4432 ἠ
3604 4355 3789 4431 γραῦς·
3817 4349 3877 4403 Σὺ

2318 4462 2501 4530 λέγεις
2525 4462 2611 4514 ὅτι
2649 4459 2779 4530 μίαν
2810 4456 3149 4512 διασκέλισιν
3181 4455 3382 4526 ἀνέϐης
3408 4456 3492 4518 εἰς
3516 4454 3608 4507 τὸν
3643 4448 3766 4505 Θεὸν
3797 4442 3877 4496 σὺν

2320 4555 2433 4614 τοῖς
2462 4549 2773 4612 σανδαλίοις
2801 4566 2919 4603 σου.
2954 4546 3064 4601 Kal
3101 4545 3252 4620 τὼρα
3271 4547 3472 4615 λέγεις,
3510 4547 3626 4600 υύκ
3656 4536 3764 4597 οἶδα
3800 4532 3879 4587 αὖ·

2319 4645 2448 4710 τόν;
2480 4643 2599 4707 πῶς
2628 4642 2880 4696 καλεῖσαι
2918 4645 3207 4714 προφήτης
3232 4641 3328 4695 καὶ
3360 4638 3693 4700 ἀπόστολυςς
3742 4627 3879 4691 Λέγει

2321 4740 2349 4792 6
2375 4737 2697 4808 Μουχάμετ·
2722 4736 2889 4789 ’Λλλά
2909 4736 3255 4807 ἀρχάγγελος
3273 4733 3411 4787 Θεοῦ
3440 4731 3657 4804 ἔρχεται
3681 4722 3803 4795 πρός
3823 4729 3878 4786 με

2324 4830 2448 4885 καθ’
2490 4829 2731 4899 ἑκάστην
2759 4827 2821 4881 τὸ
2849 4827 3023 4899 ὄνομα
3050 4826 3319 4898 Γαϐριὴλ,
3344 4825 3439 4879 καὶ
3468 4818 3777 4892 ἀναγγέλλει
3801 4822 3877 4881 μοι

2326 4925 2458 4995 περὶ
2484 4917 2558 4975 ὧν
2588 4922 2756 4989 λέγω.
2775 4920 2989 4991 Λέγειὴ
3014 4920 3211 4994 γραῦς·
3231 4920 3405 4974 Ὅταν
3430 4936 3525 4973 σου
3541 4915 3692 4970 λαλεί
3716 4911 3742 4964 6
3765 4906 3878 4974 ἀρχ·

2322 5016 2576 5085 ἅγγελος,
2602 5015 2665 5066 σὺ
2695 5013 2854 5082 μόνος
2880 5014 3125 5078 ἀκούεις,
3156 5013 3190 5084 ἢ
3226 5012 3324 5065 καὶ
3347 5012 3376 5064 6
3405 5011 3533 5074 λαός
3575 5022 3698 5071 σονς

616 5096 896 5161 Quomodo
921 5102 1035 5154 haec
1055 5102 1362 5169 quadrant?
1386 5103 1545 5156 modo
1566 5102 1785 5158 dicebas
1805 5113 1857 5160 te
1889 5106 2049 5160 unico
2083 5123 2247 5177 passu
2283 5117 2335 5163 et
2365 5106 2518 5175 quasi
2559 5105 2720 5160 unica
2757 5104 3155 5160 subsultatione
3227 5112 3279 5157 te
3314 5119 3436 5158 cum
3488 5098 3733 5156 san-.laliis
3789 5097 3874 5141 ίυιε

618 5194 785 5247 ιιιιιιις
803 5194 1094 5248 ascendere
1111 5208 1157 5248 et
1181 5207 1231 5249 te
1247 5197 1313 5251 ad
1344 5194 1508 5249 Dentri
1530 5212 1702 5266 usque
1723 5200 2045 5267 pervenire;
2080 5215 2225 5255 nunc
2264 5217 2397 5255 vero
2431 5200 2567 5255 dicis
2598 5210 2651 5253 te
2705 5213 2809 5254 ιιοιι
2852 5213 3014 5253 nosse
3044 5198 3235 5253 Deum.
3267 5195 3550 5264 Quomodo
3595 5203 3735 5271 potes
3762 5194 3866 5251 6'80

618 5288 761 5340 illius
788 5290 1046 5356 propheta
1089 5300 1142 5342 et
1194 5290 1471 5357 apostolo.
1515 5290 1733 5343 vorari?
1775 5290 1867 5344 Sic
1910 5302 2015 5355 est,
2084 5293 2259 5361 inquit
2300 5290 2671 5355 Mnhammed,
2712 5290 2807 5345 sed
2836 5289 3055 5346 Gabriel
3107 5288 3471 5358 archangelus
3525 5287 3616 5342 Dei
3683 5282 3743 5339 all
3797 5286 3863 5328 ηιθ

620 5380 862 5447 quotidie
882 5381 1092 5435 accedit
1121 5390 1176 5435 et
1204 5397 1265 5436 ea
1318 5383 1450 5435 mihi
1506 5382 1710 5436 revelat
1736 5398 1853 5449 qua:
1906 5386 2060 5441 vobis
2116 5388 2382 5441 annuntio
2441 5387 2705 5454 Pergebat
2764 5386 2965 5450 vetula,
2995 5395 3051 5440 et
3091 5385 3303 5439 dicebat
3334 5400 3347 5437 :
3379 5383 3514 5438 Cum
3566 5377 3757 5435 accedit
3811 5379 3861 5420 ³ο

624 5474 864 5542 loquitur
899 5474 1144 5543 angelus,
1181 5489 1248 5528 an
1281 5487 1333 5527 ttt
1370 5475 1517 5528 solus
1552 5476 1698 5528 illum
1730 5478 1907 5542 audis,
1944 5495 2009 5533 an
2071 5496 2199 5535 vero
2238 5480 2467 5550 pOpnItts
2497 5479 2643 5532 illum
2668 5477 2834 5531 etitm
2860 5476 3054 5530 audit?

699 5566 759 5619 Si
794 5582 985 5621 omnes
1012 5568 1260 5631 audiunt,
1294 5584 1486 5622 omnes
1521 5580 1645 5623 sunt
1682 5572 1912 5640 apostoli
1974 5574 2207 5628 archan-

622 5657 747 5723 geli,
778 5669 833 5713 et
860 5669 913 5713 tu
947 5661 1177 5729 gratiam
1224 5661 1457 5729 aliquam
1501 5674 1552 5715 ct
1618 5663 1940 5717 beneﬁcium
1990 5666 2208 5735 aliquod

625 5750 1133 5820 peculiarejactarc
1190 5768 1295 5808 non
1326 5766 1499 5821 potes.
1534 5754 1591 5809 Si
1660 5771 1787 5807 vero
1839 5756 1987 5812 solus
2029 5761 2207 5819 audis.

627 5841 982 5913 archangelus
1008 5854 1094 5899 est
1119 5846 1412 5916 apoStolns,
1437 5854 1491 5898 tu
1525 5863 1652 5902 vero
1670 5863 1893 5917 prorsus
1926 5850 2099 5917 nihil;
2130 5864 2211 5908 te-

2395 5574 2456 5626 Εί
2493 5573 2590 5642 μὲν
2640 5572 2742 5625 σὺν
2783 5574 2897 5634 τοῖς
2931 5570 3133 5639 ὄχλοις.
3194 5568 3399 5631 πάντες
3447 5565 3584 5619 εἰσιν
3631 5550 3866 5653 ἀπόσξολίξι

2320 5667 2412 5722 τοῦ
2459 5665 2828 5737 ἀρχαγγέλου,
2862 5664 2959 5718 καὶ
3001 5665 3067 5717 σὺ
3098 5664 3261 5734 χάριν
3311 5661 3415 5714 οὐκ
3446 5660 3609 5729 ἔχεις.
3666 5654 3722 5710 El
3743 5646 3789 5702 δὲ
3819 5646 3866 5693 “il

2330 5761 2510 5831 μαίνοντα
2545 5762 2571 5812 ὁ
2602 5758 2947 5827 ἀρχάγγελος
2987 5758 3137 5811 ἐστιν
3170 5757 3492 5819 ἀπόστολος,
3521 5754 3612 5807 καὶ
3637 5754 3696 5805 σὺ
3729 5740 3861 5841 οὺδὶγν

2328 5857 2390 5909 συ
2420 5854 2512 5907 οὖν
2546 5856 2736 5906 ἑαυτόν
2773 5852 3073 5907 ἀπόστολον
3102 5853 3176 5923 μὴ
3209 5851 3416 5914 καλεῖς.
3449 5849 3611 5918 Λέγει
3633 5850 3658 5901 ό
3690 5842 3863 5904 Μονῖν
