4146 6450
317 397 450 464 1437

1525 391 2002 453 CONFUTATiO
2040 392 2384 453 AG-ARENI
2395 441 2406 452 .

3459 390 3596 456 H38

321 525 445 582 μετ’
483 507 726 580 Στρέψον
765 507 1024 576 σεαυτὴν,
1077 505 1150 576 μή
1183 521 1300 567 πως
1338 508 1656 574 καττκοπῇς
1695 507 1781 570 σὺ,
1811 514 1905 558 καὶ

2030 520 2184 575 psum
2233 519 2366 572 ergo
2435 501 2739 573 apostolum
2801 517 2908 555 non
2945 502 3176 571 amplius
3239 515 3419 557 voces.
3487 505 3594 559 lle-

315 604 386 657 τὰ
413 604 583 656 τέκνα
613 618 706 653 σου
731 600 820 653 διὰ
845 601 1053 668 ξίφους.
1090 597 1229 666 Φησὶ
1260 596 1315 648 δὲ
1347 597 1379 666 ἡ
1412 596 1605 665 γραῦς·
1634 597 1911 667 Φιεϐήθητι

317 701 408 751 τῦν
431 697 585 760 Θεὸν,
613 696 672 751 ὃν
701 693 1013 763 γινώσκεις.
1054 693 1274 764 Πρῶτον
1304 691 1610 762 πρόσταξον
1652 693 1720 745 τὰ
1747 693 1914 747 τέκνα

323 807 426 858 μου
453 786 862 855 κατακοπῆναι,
883 779 1004 838 εἶτα
1029 783 1161 851 ἐγὼ,
1193 785 1267 853 μή
1293 799 1421 836 ποτε
1448 781 1712 844 πολλάκις
1738 781 1915 833 ὀπίσω

325 900 428 949 μου
458 879 900 952 ἐναπομείναντα
930 877 980 930 οἱ
1013 875 1204 939 παῖδες
1240 875 1317 938 ὡς
1347 875 1578 945 ἄφρονες
1609 874 1703 928 καὶ
1739 873 1916 946 μωροὶ

323 972 710 1026 πιστεύσουσιν
741 972 799 1022 ἐν
839 968 1207 1038 ἐσφαλμένοις
1257 965 1495 1038 δόγμασι
1526 983 1643 1031 σου,
1691 983 1790 1020 και
1819 982 1915 1034 γε-

323 1061 544 1132 νώμεθα
574 1061 808 1134 ὀιρνηταλ⁸
835 1057 931 1112 τοῦ
966 1057 1103 1111 Θεοῦ
1136 1056 1318 1128 ἡμῶν.
1353 1057 1518 1125 Λέγει
1543 1059 1571 1111 6
1593 1058 1914 1126 Μουχὰμετ’

325 1153 463 1206 Ἕνα
492 1151 654 1223 μόνον
686 1153 829 1218 εἰπὲ,
852 1151 986 1222 ὅτιλὸ
1021 1149 1321 1219 Μουχάμετ
1350 1148 1498 1202 ἐστὶν
1516 1149 1805 1219 προφήτης
1823 1147 1918 1202 καὶ⁹

324 1244 650 1308 ἀπόστολος,
696 1245 792 1298 καὶ
839 1241 1099 1297 ἀπολύσω
1127 1258 1209 1306 σε,
1246 1241 1342 1294 καὶ
1389 1242 1470 1304 σὲ,
1506 1241 1602 1295 καὶ
1641 1241 1712 1296 τὰ
1750 1241 1918 1296 τέκνα

326 1354 447 1393 σου.
486 1337 652 1407 Λέγει
679 1340 712 1408 ἡ
751 1337 962 1408 γραῦςο
1003 1334 1184 1402 Ἀπαξ
1214 1333 1290 1405 μὴ
1319 1335 1536 1403 γένοιτο
1569 1335 1746 1388 εἰπεῖν
1779 1334 1920 1404 μετὰ

323 1427 434 1480 τῶν
459 1427 667 1481 τέκνων
721 1447 826 1499 μου
875 1426 1118 1482 τοιοῦτον
1154 1426 1334 1496 λόγον.
1375 1427 1676 1496 Προστὰξει
1701 1422 1795 1482 οὖν
1824 1425 1918 1480 τοῦ

323 1519 623 1590 Μουχάμετ
657 1519 968 1590 κατέκοψαν
999 1522 1066 1575 τὰ
1091 1519 1258 1573 τέκνα
1283 1520 1385 1589 τῆς
1417 1519 1612 1590 γραὸς,
1658 1517 1779 1574 εἶτα
1823 1519 1922 1574 αὐ-

323 1611 425 1681 τὴν
459 1614 646 1666 ἐπάνω
690 1612 801 1665 τῶν
829 1614 1041 1667 τέκνων
1076 1612 1271 1684 αὐτῆς.
1315 1613 1452 1666 Τότε
1484 1612 1685 1682 λέγειὸ
1725 1614 1920 1666 Ἀπου-

323 1701 569 1774 ταλέπης
603 1705 633 1757 6
678 1703 821 1768 θεῖος
868 1701 1060 1772 αὑτοῦ,
1105 1704 1136 1758 6
1175 1705 1268 1759 καὶ
1295 1704 1604 1774 ἀνάτροφος
1630 1702 1726 1759 τοῦ
1774 1705 1922 1759 Μου-

325 1808 531 1865 χαμετ⁹

399 1971 562 2040 Μέγα
595 1974 770 2044 κρῖμα
791 1973 1010 2042 ἐγένετο
1036 1975 1114 2038 είς
1144 1973 1244 2044 τὴν
1274 1972 1474 2042 γραῦν,
1517 1972 1610 2026 καὶ
1651 1971 1720 2028 τὰ
1755 1973 1923 2026 τέκνα

323 2063 520 2133 αὐτῆς·
553 2066 601 2116 εἰ
632 2063 732 2134 μὲν
766 2065 876 2137 γὰρ
903 2065 1178 2135 ἐψεύδετο,
1207 2060 1356 2135 εἶχες
1382 2065 1600 2133 ἐλέγξαι
1639 2065 1832 2136 αὐτὴν,
1873 2067 1924 2118 εί

322 2155 384 2207 δὲ
415 2155 652 2226 ἀληθῶς,
685 2156 775 2210 διὰ
806 2157 857 2210 τί
891 2157 1015 2212 ἀντὶ
1051 2158 1142 2211 τοῦ
1166 2157 1362 2221 σῶσαι,
1394 2158 1725 2225 ἁπώλεσας;
1759 2157 1925 2227 Λέγει

324 2247 481 2321 αὑτῷ
506 2252 534 2302 ὀ
570 2249 892 2319 Μουχάμετ’
921 2249 1168 2322 Ἀληθῶς
1197 2249 1506 2320 ἁνέθρεψάς
1558 2266 1648 2322 με,
1694 2251 1810 2305 ἀλλ’
1832 2247 1926 2306 οὖν

322 2339 500 2411 eam
527 2341 696 2404 δεῖξαι
697 2355 728 2412 ,λ
759 2341 828 2394 τὰ
877 2343 1166 2415 θελήματα
1211 2341 1307 2396 τοῦ
1339 2341 1476 2398 Θεοῦ
1505 2343 1668 2406 ποιῶ,
1713 2344 1812 2398 καλ⁵
1859 2346 1924 2397 σὺ

323 2431 690 2499 ἀνθίστασαις
733 2433 977 2504 φύλασσε
1045 2435 1120 2506 μὴ
1177 2434 1470 2506 ἀπορρίψω
1510 2434 1607 2504 τὴν
1651 2433 1787 2486 αἱδὼ
1825 2433 1927 2501 τῆς

324 2522 664 2594 ανατροφῆς,
692 2525 782 2577 καὶ
813 2524 1062 2593 φονεύσω
1095 2541 1177 2578 σε.
1205 2526 1368 2594 Λέγει
1405 2527 1434 2578 6
1484 2525 1920 2595 Ἀπουταλέπηςο

324 2613 481 2682 Ἐγὼ
518 2615 578 2667 οὑ
613 2620 856 2670 πιστεύω
875 2616 1031 2685 Θεὸν,
1049 2612 1111 2671 οὗ
1149 2618 1290 2670 εἰσιν
1329 2615 1398 2670 τὰ
1425 2616 1712 2686 θελήματα
1736 2614 1924 2678 αὑτοῦ,

325 2707 432 2760 ὃσα
456 2706 524 2761 ἂν
559 2709 624 2761 σὺ
655 2713 852 2774 ποιεῖς.
886 2709 1052 2778 Λέγει
1095 2710 1123 2762 6
1145 2709 1472 2780 Μουχάμετ·
1505 2710 1580 2762 06
1622 2707 1923 2772 πιστεύεις,

324 2797 444 2860 ὅτις
473 2814 540 2868 με
567 2797 864 2864 ἀπόστολος
885 2799 1023 2853 Θεοῦ
1041 2817 1056 2866 ;
1077 2799 1262 2868 Λέγει·
1285 2800 1376 2869 Μὴ
1406 2798 1637 2867 γένοιτο.
1673 2801 1781 2852 Καὶ
1797 2799 1926 2867 ὥρι-

334 2905 430 2941 σεν
453 2891 481 2941 6
511 2889 812 2961 Μουχὰμετ
843 2891 1145 2961 τηνικαῦτα
1168 2891 1573 2961 κατακοπῆναι.
1602 2893 1709 2944 Καὶ
1737 2892 1927 2961 ἐποίη-

328 2996 433 3032 σαν
458 2979 650 3042 οὕτως.
711 2980 959 3052 Ἀληθῶς
1010 2982 1230 3045 πάντως
1278 2981 1572 3052 ἀληθεύειν
1617 3000 1710 3052 με,
1761 2983 1925 3056 μέχρι

324 3069 423 3121 τοῦ
459 3070 554 3123 νῦν
590 3072 773 3140 ἔχουσι
817 3071 926 3126 τῶν
993 3073 1257 3128 τοιούτων
1285 3074 1506 3146 τρόπων
1529 3073 1638 3127 τῶν
1669 3074 1924 3142 ἐϐδελυγ-

329 3159 529 3230 μένων.
573 3161 683 3213 Καὶ
710 3161 898 3232 ἓτερον
930 3165 1179 3233 σημεῖον·
1210 3163 1274 3215 σὺ
1303 3162 1480 3231 λέγεις
1508 3162 1819 3233 εἰσέρχεσθε
1845 3165 1924 3226 είς

324 3253 421 3304 τὸν
447 3253 616 3306 Mani
647 3253 803 3323 ὑμῶν
826 3253 904 3318 ὼς
935 3255 1024 3308 ἐπ’
1071 3256 1228 3325 εὐχῇ,
1256 3255 1588 3308 λιθοϐολείτε
1625 3256 1718 3309 τὸν
1757 3255 1924 3308 τόπον
1952 3249 1995 3306 C

323 3345 536 3400 τοῦτον.
553 3346 663 3399 Καὶ
682 3346 1058 3417 ἐρωτώμενος,
1083 3341 1127 3399 ὦ
1143 3346 1563 3416 Μουσουλμανέ,
1582 3349 1682 3402 Διὰ
1707 3348 1760 3399 τί
1779 3347 1924 3399 λιθο-

326 3436 533 3490 ϐολείτε
571 3438 662 3490 τὸν
685 3438 884 3504 τόπον;
928 3440 1023 3492 καὶ
1055 3438 1263 3507 λέγετε,
1300 3441 1382 3494 ὅτι
1410 3441 1510 3494 οὐκ
1541 3441 1862 3493 ἐπίστευσεν
1897 3441 1924 3492 6

344 3529 757 3601 Ἀπουταλέπης
818 3531 911 3584 τὸν
949 3531 1274 3602 Μουχάμετ.
1323 3532 1432 3585 Καὶ
1470 3532 1656 3601 ἕτερον
1700 3533 1925 3601 σημεῖον

325 3618 472 3688 λέγω
502 3620 652 3690 ὑμῖν,
686 3622 769 3674 ὃτι
797 3621 966 3690 ἐγγὺς
993 3622 1088 3675 τοῦ
1121 3623 1290 3676 τόπου
1319 3624 1532 3676 ἐκείνου
1563 3625 1710 3676 ἐστίν
1749 3624 1925 3696 φρέαρ

326 3713 425 3764 τοῦ
464 3712 562 3765 νῦν
589 3713 941 3785 Ζουνζούμην
961 3756 977 3780 ,
1025 3715 1149 3785 ἔχον
1182 3715 1317 3768 πολὺ
1355 3715 1520 3787 ὕδωρ,
1550 3717 1644 3768 λαὶ
1673 3717 1801 3780 τοὺς
1832 3733 1928 3786 φυ-

328 3805 527 3873 γόντας
547 3806 726 3858 ἐκεῖσε
758 3805 1005 3861 ἔϐαλλον.
1035 3808 1146 3861 Καὶ
1166 3807 1231 3860 σὺ
1263 3807 1633 3878 πεπλάνησαι,
1655 3808 1748 3861 καὶ
1769 3809 1925 3877 ἆγιον

327 3899 494 3950 τόπον
522 3898 841 3962 λιθοϐολεῖς,
861 3899 958 3952 καὶ
979 3903 1036 3952 ἐν
1062 3899 1138 3971 τῷ
1164 3899 1534 3971 ὑποστρέφειν
1555 3901 1620 3953 ἐκ
1643 3901 1732 3952 τὸν
1757 3901 1928 3954 Μακᾶ

329 3989 630 4058 λαμϐάνεις
663 3989 810 4061 ὕδωρ
834 3992 896 4044 ἐκ
927 3991 1022 4044 τοῦ
1062 3991 1301 4062 φρέατος
1332 3991 1565 4046 ἐκείνου.
1605 3992 1717 4044 Καὶ
1757 4010 1924 4062 κομι-

330 4082 557 4150 ζόμενος
598 4085 680 4146 είς
705 4083 804 4154 τὴν
835 4083 1013 4137 οἰκίαν
1045 4085 1166 4137 ἀντὶ
1195 4083 1466 4152 εὐλογίας,
1495 4085 1591 4136 καὶ
1616 4086 1696 4147 εἰς
1730 4085 1926 4154 ἐτέρας

330 4174 537 4244 χώρας,
579 4175 676 4228 καὶ
707 4175 1063 4248 ἐρωτώμενος
1093 4175 1398 4245 παρ’ἐμοῦ.
1435 4175 1500 4227 Τί
1525 4176 1674 4227 ἐστιν
1695 4177 1752 4228 τὸ
1780 4175 1926 4246 ὕδωρ

327 4266 511 4331 τοῦτο,
563 4270 657 4321 καὶ
710 4269 876 4322 πόθεν
923 4269 1036 4338 ἔχει
1092 4268 1191 4337 τὴν
1227 4269 1514 4336 εὐλογίαν;
1565 4271 1660 4320 καὶ
1714 4269 1922 4335 λέγετε⁹

326 4358 500 4411 Τούτὸ
523 4362 640 4412 ἐστι
660 4359 719 4411 τὸ
737 4358 881 4431 ὕδωρ
908 4361 968 4412 τὸ
990 4359 1360 4430 Ζουνςούμην,
1389 4361 1471 4411 ὃτι
1498 4359 1629 4411 ποτὲ
1651 4362 1679 4412 6
1699 4361 1811 4422 υἱός
1831 4359 1924 4412 τοῦ

342 4451 595 4522 Ἀϐραὰμ
623 4450 896 4522 ἐκοιμήθη
917 4453 1053 4515 ἐκεῖ,
1084 4453 1180 4504 καὶ
1198 4451 1490 4516 ἐξυπνὶσας
1521 4450 1798 4521 ἐδίψησεν,
1833 4452 1927 4504 καὶ

330 4543 410 4613 μὴ
452 4544 723 4614 εὑρίσκων
779 4543 943 4613 ὕδωρ,
995 4543 1184 4615 ἐτριψε
1216 4547 1316 4614 τὴν
1353 4546 1595 4614 πτέρναν
1638 4542 1804 4597 αὐτοῦ
1845 4545 1925 4606 εἰς

325 4642 429 4710 την
463 4640 589 4710 γῆν,
643 4639 739 4694 καὶ
769 4639 930 4710 ἐξέϐη
965 4641 1028 4692 τὸ
1062 4640 1228 4710 ὕδωρ,
1259 4640 1354 4693 καὶ¹
1377 4639 1609 4711 παρέκει
1642 4640 1794 4693 ἐστὶν
1822 4639 1926 4710 βω·

331 4734 454 4800 μἰς,
487 4731 581 4783 καὶ
623 4733 903 4785 ἀναϐαίνει
937 4732 964 4784 6
994 4731 1120 4795 λαὸς
1155 4731 1332 4803 ὑμῶν,
1360 4733 1457 4784 καὶ
1513 4731 1760 4785 ποιοῦσιν
1789 4732 1928 4801 ἡμέ-

333 4841 432 4894 ρας
465 4830 534 4891 γ’,
581 4827 674 4878 καὶ
717 4826 914 4896 βοῶσιν
952 4825 1127 4888 οὕτως
1165 4825 1438 4893 λέγοντες,
1477 4824 1612 4894 πρὸς
1657 4824 1750 4878 τὸν
1797 4823 1930 4876 Θεὸν

326 4918 598 4986 δεόμενον
638 4918 703 4969 Τί
755 4918 1040 4986 κελεύεις;
1085 4923 1150 4972 ἐκ
1197 4919 1404 4990 τρίτου,
1444 4920 1538 4972 καὶ
1573 4915 1930 4988 ἐρωτώμενος

327 5010 461 5082 παρ’
495 5010 653 5082 ἐμοῦ,
678 5012 832 5074 Τίνος
864 5014 1025 5085 χάριν
1057 5013 1216 5066 τοῦτο
1246 5014 1474 5078 ποιεῖτε;
1505 5011 1810 5080 λέγετε,ὄτι
1834 5008 1924 5062 τὸν

344 5101 539 5169 Ἀδὰμ,
577 5104 670 5154 καὶ
703 5109 800 5172 τὴν
834 5103 946 5156 ξίῦα
984 5098 1086 5156 ᾆδε
1148 5105 1358 5174 ἥνωσεν
1387 5103 1415 5154 6
1454 5101 1606 5166 Θεὸς,
1649 5103 1744 5178 καὶ
1786 5101 1922 5170 μετὰ

325 5193 438 5244 τῶν
490 5194 666 5247 ἄλλων
711 5196 992 5267 φλυαριῶν
1031 5197 1324 5268 φλυαρείτε
1355 5200 1449 5249 καὶ
1477 5194 1636 5248 τοῦτο
1688 5195 1926 5248 ἐοίκατε.

325 5282 433 5335 Φεῦ
465 5285 568 5354 τῆς
617 5289 846 5350 ἀτοπίας
887 5288 982 5340 καὶ
1017 5288 1112 5340 τοῦ
1152 5287 1524 5359 τολμήματος,
1555 5287 1716 5342 ἄθεον
1749 5287 1926 5338 ποιεῖν

325 5374 421 5426 τὸν
455 5375 586 5429 Θεὸν
609 5377 620 5428 ι

1957 4589 2006 4646 D

2016 597 2237 666 spondit
2286 596 2630 650 Multamtned
2665 613 2678 648 :
2710 594 2984 650 Converte
3026 605 3099 662 te,
3134 611 3200 649 ne
3243 604 3296 648 tu
3335 595 3601 666 liberique

2017 689 2092 742 tui
2116 687 2298 758 gladio
2321 688 2575 756 pereatis.
2621 687 2766 740 Dixit
2801 688 2977 740 vetula
3009 706 3021 740 :
3056 685 3209 740 Time
3247 689 3408 741 Deum
3437 704 3598 757 quem

2017 779 2179 833 nosti.
2235 777 2420 832 Primo
2479 792 2610 832 vero
2677 780 2906 833 decerne
2967 787 3024 832 ut
3074 777 3228 830 liberi
3271 778 3375 831 mei
3425 779 3603 846 capite

2019 876 2360 932 trnncentnr,
2412 882 2513 935 ego
2557 881 2690 922 vero
2747 877 3021 938 postrema
3053 868 3322 937 supplicio
3370 884 3476 936 quo
3509 885 3600 920 vo-

2016 959 2184 1016 lueris
2206 959 2432 1030 plectar.
2465 959 2543 1015 Ne
2572 961 2754 1016 forsan
2786 963 2943 1016 liberi
2973 970 3093 1032 post
3125 975 3211 1014 me
3247 961 3600 1028 superstites,

2003 1053 2248 1108 stultitia
2274 1063 2329 1107 et
2373 1053 2576 1109 mentis
2610 1052 2933 1124 impotentia
2979 1053 3134 1117 moti,
3165 1052 3396 1106 credant
3447 1067 3603 1106 erro-

2020 1151 2135 1202 neis
2164 1147 2270 1202 tuis
2299 1146 2669 1217 dogmatibus,
2701 1156 2756 1201 et
2783 1146 2874 1200 Dei
2907 1144 3078 1198 nostri
3106 1143 3307 1198 cultum
3330 1153 3388 1198 et
3415 1143 3604 1212 cogni-

2022 1241 2220 1296 tionem
2247 1239 2475 1307 ejurent.
2508 1237 2654 1295 Dixit
2680 1237 3025 1294 Mubatntned
3053 1254 3067 1293 :
3104 1235 3361 1290 Proferas
3394 1245 3604 1290 tantunt

2020 1336 2133 1390 hinc
2155 1336 2318 1390 verba
2354 1353 2368 1389 :
2405 1333 2751 1387 Muhammed
2778 1341 2861 1385 est
2903 1331 3165 1399 propheta
3223 1340 3277 1383 et
3329 1329 3609 1398 apostolus

2021 1428 2140 1491 Dei,
2175 1439 2228 1482 et
2265 1439 2315 1482 te
2347 1442 2467 1480 cum
2497 1426 2679 1479 liberis
2710 1423 2981 1477 dimittam
3006 1424 3186 1476 salvos
3209 1421 3604 1476 etincolnnu-s.

2024 1519 2320 1588 lle-spondit
2353 1516 2526 1570 vetula
2566 1515 2764 1568 :Absit
2792 1527 2849 1566 ut
2890 1513 3016 1567 talia
3067 1515 3232 1566 verba
3291 1511 3372 1566 vel
3437 1513 3606 1567 semel

2024 1611 2180 1664 nobis
2213 1610 2490 1664 excidant.
2525 1606 2688 1663 Jubet
2735 1621 2866 1674 ergo
2905 1604 3090 1660 furens
3141 1603 3490 1658 Mubammed
3549 1613 3609 1658 ut

2022 1703 2175 1758 liberi
2208 1702 2674 1764 iuterimerentttr,
2697 1707 2752 1752 et
2785 1713 2975 1752 eorum
3041 1697 3255 1764 funera,
3289 1698 3481 1752 mauis
3523 1697 3608 1750 ιιι-

2025 1811 2156 1850 nere
2183 1793 2613 1850 cumularentur.
2650 1791 2728 1844 Ad
2783 1791 2899 1844 haec
2945 1790 3254 1858 excipiebat
3292 1788 3608 1859 Abutalipes

1952 1886 1992 1940 Β
2021 1886 2321 1942 avunculus
2350 1895 2404 1940 et
2432 1885 2702 1940 enutritor
2732 1881 3169 1938 Multammedis:

2097 1979 2259 2032 Certe
2291 1992 2484 2046 magna
2521 1976 2718 2043 injuria
2745 1974 2941 2030 aﬂ‘ecta
2986 1985 3069 2029 est
3095 1973 3198 2028 ista
3254 1975 3430 2029 vetula
3483 1990 3607 2028 cum

2025 2069 2212 2126 liberis
2245 2070 2402 2135 suis;
2434 2085 2558 2122 nam
2621 2069 2664 2122 si
2727 2068 3096 2122 mentiebatur
3143 2077 3200 2121 et
3245 2067 3490 2130 errabat,
3523 2083 3612 2120 ar-

2025 2161 2238 2233 guenda
2271 2170 2325 2216 et
2360 2159 2607 2214 docenda
2634 2167 2775 2221 erat,
2802 2158 2846 2213 si
2883 2171 3063 2214 autem
3099 2174 3222 2214 vera
3289 2169 3436 2214 esset
3467 2160 3612 2215 illius

2027 2253 2179 2318 ﬁdes,
2219 2267 2390 2322 quare
2413 2251 2563 2305 illam
2598 2250 2914 2309 interimere
2946 2250 3130 2317 potius
3156 2265 3320 2318 quam
3354 2250 3498 2304 illatn
3533 2251 3613 2303 in-

2024 2343 2295 2400 Colntnem
2321 2343 2597 2399 dimittere
2626 2340 2883 2396 voluisti?
2910 2342 3055 2395 Dixit
3089 2340 3435 2396 Mnbammed
3462 2359 3474 2394 :
3505 2339 3614 2394 Re-

2027 2451 2152 2489 vera
2203 2445 2256 2490 ttt
2286 2434 2595 2498 Inealuisti,
2635 2435 2730 2488 sed
2762 2433 3045 2486 ostendam
3084 2434 3230 2498 quod
3274 2432 3610 2486 voluntatem

2030 2526 2121 2580 Dei
2173 2527 2330 2590 facio,
2359 2536 2414 2580 ιιι
2489 2541 2620 2580 vero
2676 2526 2846 2580 audes
2909 2526 3308 2579 contradicere.
3341 2525 3487 2579 Cave
3544 2540 3612 2580 ne

2025 2617 2177 2669 omni
2213 2615 2477 2670 tnetn0rizt
2509 2624 2564 2667 et
2587 2613 2922 2668 conscientia
2953 2613 3342 2667 beneﬁciorum
3393 2625 3609 2667 tuorum

2029 2718 2258 2771 remota,
2287 2717 2337 2762 te
2364 2707 2548 2762 statim
2583 2705 2915 2760 interimam.
2943 2705 3084 2758 Dixit
3105 2706 3436 2776 Abntalepes
3461 2726 3473 2760 :
3497 2707 3613 2775 Ego

2028 2818 2134 2855 non
2164 2803 2328 2858 Credo
2352 2803 2403 2856 itt
2431 2800 2602 2855 Deum
2631 2799 2817 2864 istum,
2849 2798 3005 2868 cujus
3037 2809 3168 2853 sunt
3189 2815 3354 2868 opera
3382 2816 3446 2855 ea
3490 2817 3611 2872 quae

2027 2891 2181 2947 facis.
2235 2891 2548 2961 Excipiebat
2575 2889 2922 2945 Multantmed
2951 2908 2964 2944 :
3001 2889 3119 2945 Non
3151 2907 3282 2958 ergo
3319 2893 3495 2947 credis
3528 2907 3616 2948 me

2025 2997 2145 3038 esse
2171 2985 2491 3052 prophetam
2523 2980 2649 3038 Dei?
2675 2981 2819 3036 Dixit
2841 2981 3197 3051 Abutalipes;
3220 2982 3378 3036 Absit
3400 2994 3458 3036 ut
3511 2983 3614 3038 boc

2027 3075 2249 3130 credam
2280 3075 2293 3128 l
2333 3072 2489 3130 Unde
2525 3074 2728 3130 furoris
2778 3086 2948 3129 ωειτο
2983 3076 3219 3144 percitus
3269 3075 3614 3130 Mubatntned

2020 3166 2189 3234 jussit
2225 3177 2284 3218 nt
2313 3165 2499 3220 statim
2549 3167 2912 3232 occideretur,
2943 3167 3086 3235 quod
3144 3167 3347 3220 factum
3390 3179 3496 3224 est.
3523 3169 3615 3224 Me

2029 3271 2210 3318 autem
2251 3276 2440 3318 verum
2492 3262 2679 3318 dicere
2711 3272 2944 3316 testatur
3000 3265 3342 3315 consuetudo
3381 3273 3436 3316 et
3497 3279 3616 3320 tuos

2029 3357 2118 3423 qni
2155 3355 2298 3410 inter
2323 3354 2718 3410 abominandos
2750 3353 2888 3406 ritus
2919 3363 3131 3406 vestros
3158 3353 3408 3421 usurpari
3451 3354 3610 3409 solet.

2031 3441 2208 3498 Unntn
2244 3443 2444 3512 quippe
2473 3443 2690 3512 signum
2719 3440 2910 3495 soletis
2938 3440 3135 3495 all'erre
3161 3457 3226 3495 ex
3262 3443 3325 3496 iis
3350 3444 3442 3512 qui
3471 3443 3615 3498 Mco-

2028 3537 2186 3588 Cltztlll
2242 3533 2311 3587 ad
2374 3538 2642 3587 orandum
2714 3533 3116 3600 ingrediuntur.
3168 3532 3357 3586 Solent
3418 3537 3614 3604 quippe

2031 3627 2176 3681 bttnc
2207 3626 2382 3680 locum
2417 3625 2687 3694 lapidibus
2720 3623 2999 3694 impetere.
3029 3625 3090 3680 Et
3119 3626 3434 3693 interrogati
3495 3627 3610 3681 Mn-

2028 3721 2300 3775 sulmanni
2331 3734 2502 3790 quare
2535 3717 2746 3786 lapides
2802 3719 2882 3772 sic
2915 3717 3226 3787 projiciant,
3289 3722 3618 3786 respondent

2030 3818 2151 3872 ideo
2176 3816 2228 3869 id
2269 3815 2385 3870 ﬁeri
2408 3817 2534 3886 quia
2571 3813 2896 3883 Abutalipes
2919 3813 3091 3867 noluit
3114 3813 3341 3868 credere
3370 3812 3617 3868 Mnbam-

2033 3908 2206 3968 tnedi.
2235 3908 2423 3964 Altero
2457 3922 2588 3964 vero
2614 3909 2773 3976 signo
2811 3917 2858 3960 te
2882 3906 3265 3960 confutaturus
3305 3921 3448 3960 sum.
3478 3903 3616 3961 Nam

2022 3999 2173 4068 juvta
2218 4000 2379 4053 istum
2409 3999 2586 4051 locum
2635 4008 2717 4052 est
2771 4005 2964 4068 puteus
3009 3997 3326 4050 'l’sutntsum
3390 3998 3445 4050 in
3507 4012 3620 4066 quo

2030 4105 2263 4142 maxima
2293 4105 2558 4157 aquarum
2620 4088 2800 4156 copia,
2829 4103 2857 4138 a
2895 4102 3026 4154 quo,
3061 4087 3406 4148 accedentes,
3434 4085 3614 4142 solent

2027 4195 2217 4235 arcere
2253 4192 2309 4234 et
2335 4179 2555 4247 ejicere.
2583 4179 2648 4232 Et
2707 4187 2759 4230 tu
2820 4179 3086 4244 impostor
3115 4185 3170 4231 et
3221 4180 3501 4246 deceptus,
3535 4177 3612 4231 la-

2033 4273 2248 4342 pidibus
2301 4271 2516 4340 itnpetis
2579 4269 2758 4324 locum
2821 4272 2984 4324 istum
3046 4268 3328 4322 Sanctum.
3369 4269 3431 4322 Et
3491 4285 3612 4324 cum

2029 4363 2247 4419 Meet-ba
2275 4363 2566 4419 reverteris
2596 4363 2841 4424 domum,
2865 4375 3063 4429 aquam
3097 4376 3162 4414 ex
3215 4359 3320 4414 isto
3347 4371 3508 4430 puteo
3532 4378 3617 4417 ac-

2030 4459 2167 4529 cipis
2200 4472 2360 4526 quam
2391 4455 2506 4508 loco
2539 4454 2936 4510 benedictionis
2967 4455 3286 4518 tibiservas,
3310 4463 3364 4508 et
3402 4454 3452 4507 in
3482 4453 3617 4510 alias

2036 4550 2283 4620 regiones
2321 4546 2466 4600 soles
2497 4555 2942 4614 etrcutngcstarc.
2974 4545 3038 4598 Et
3067 4563 3097 4598 ιι
3141 4561 3225 4597 tne
3251 4545 3614 4614 interrogatus

2033 4641 2214 4711 qualis
2243 4649 2326 4693 est
2364 4640 2466 4694 ista
2507 4652 2670 4705 aqua,
2705 4647 2758 4693 et
2784 4638 2926 4691 unde
2958 4637 3118 4691 istaut
3181 4638 3614 4693 benedictionem

2029 4734 2273 4790 hauserit
2293 4730 2730 4792 etcootraxerit;
2759 4729 3134 4797 respondetis:
3161 4727 3253 4782 Est
3281 4744 3418 4799 aqua
3447 4729 3615 4784 Zum.

2029 4839 2174 4888 znm,
2207 4824 2333 4892 quia
2363 4821 2433 4877 ibi
2470 4823 2608 4876 lilius
2630 4821 2928 4874 Abraltami
2972 4835 3165 4875 somno
3219 4821 3447 4875 obrutus
3475 4823 3606 4875 dor-

2030 4916 2205 4980 tn'tvit,
2234 4930 2463 4971 excusso
2494 4929 2622 4968 vero
2655 4928 2873 4978 sumno,
2902 4929 3027 4970 cum
3064 4913 3152 4967 siti
3180 4924 3490 4983 urgeretur,
3518 4929 3617 4970 nec
3666 4911 3668 4914 ’

2031 5013 2246 5065 adesset
2269 5023 2408 5078 aqua
2435 5022 2538 5075 qua
2583 5007 2730 5062 sitim
2779 5007 3162 5078 restingueret,
3197 5005 3454 5061 calcaneo
3506 5017 3616 5062 ter-

2032 5119 2146 5157 ram
2183 5101 2332 5155 trivit
2368 5111 2421 5154 et
2472 5101 2725 5169 pulsavtt,
2748 5109 2802 5153 et
2841 5101 3026 5155 statim
3058 5116 3212 5170 aqua:
3262 5099 3531 5155 scaturire
3559 5110 3615 5155 et

2031 5209 2254 5249 mana-re
2279 5194 2610 5263 incipiebant
2639 5191 2830 5258 ;juxta
2863 5207 2994 5249 vero
3024 5203 3106 5248 est
3141 5193 3335 5258 altare,
3374 5193 3439 5245 ad
3467 5199 3611 5262 quod

2031 5287 2258 5356 populus
2290 5287 2519 5349 accedit,
2544 5295 2600 5340 et
2625 5286 2858 5342 statione
2907 5287 3070 5339 trium
3097 5286 3308 5338 dierttm
3363 5286 3430 5337 ibi
3461 5301 3609 5338 com-

2036 5386 2304 5440 moratur,
2336 5375 2608 5430 incondita
2656 5390 2791 5430 voce
2827 5373 3069 5430 clamans
3105 5383 3160 5427 et
3193 5375 3466 5427 orationes
3503 5372 3615 5424 l'nn-

329 5467 467 5520 dens
503 5468 568 5519 ad
596 5465 787 5532 Detun,
816 5478 870 5520 et
913 5467 1141 5522 dicens:
1175 5469 1314 5534 Quid
1351 5468 1643 5538 pta‘cipis?
1683 5466 1869 5522 Tertio
1923 5467 2094 5535 togati
2154 5482 2370 5536 quoque
2408 5481 2436 5518 a
2481 5480 2566 5519 me
2617 5479 2788 5536 quare
2834 5466 2932 5522 hos
2981 5464 3213 5528 laciatis,
3261 5458 3605 5531 respondetis

328 5561 458 5628 quia
491 5562 760 5615 Adatnum
793 5571 847 5615 et
869 5561 1036 5615 Evam
1097 5563 1172 5616 ibi
1208 5561 1351 5616 Deus
1421 5561 1774 5616 matrimonio
1840 5559 2135 5626 cepttlavit,
2169 5568 2219 5612 ct
2241 5559 2342 5613 ltoc
2377 5558 2636 5628 ﬁgmento
2712 5567 2768 5612 ct
2801 5557 3018 5624 delirio,
3046 5567 3260 5611 vestras
3281 5555 3416 5609 alias
3440 5569 3613 5624 nugas

331 5663 383 5707 et
430 5651 663 5722 ineptias
694 5652 1002 5708 cumulatis.
1043 5650 1157 5704 Vult
1202 5651 1559 5706 absurditatis
1587 5658 1643 5704 et
1702 5649 2050 5712 temeritatis,
2093 5665 2195 5716 qua
2232 5648 2372 5704 Deus
2407 5649 2466 5702 iit
2515 5649 2754 5702 atlteus!

402 5746 514 5798 Καὶ
543 5745 822 5816 προάγων,
854 5746 993 5816 μετὰ
1023 5745 1079 5799 δὲ
1109 5743 1206 5798 τοῦ
1238 5744 1588 5814 φονευθῆναι,
1623 5743 1723 5812 τὴν
1748 5741 1924 5812 γραῦν

333 5837 481 5921 μετᾲ
523 5838 648 5902 τοὺς
699 5838 897 5904 παῖδας
948 5839 1156 5910 αὐτῆς,
1198 5837 1290 5890 καὶ
1347 5835 1439 5890 τον
1508 5835 1930 5906 ἰθιπουταλιέπη,

2107 5741 2212 5796 Sed
2239 5754 2426 5811 pergo.
2459 5738 2755 5810 Postquam
2789 5738 3128 5793 Multatnntcd
3183 5739 3474 5793 occidisset
3521 5753 3609 5794 re-

2049 5833 2216 5890 tulatn
2248 5833 2406 5888 istam
2440 5847 2561 5888 cum
2615 5831 2803 5892 liberis
2861 5832 2996 5900 suis,
3021 5842 3074 5885 ct
3122 5831 3500 5902 Abutalepum.
3529 5846 3612 5886 rc-
