4146 6498
592 418 730 485 1439

1729 413 2298 477 BARTHOLOMAEI
2337 412 2710 475 EDESSENI

3749 407 3881 473 1440

590 548 784 589 versus
814 539 899 586 est
934 545 1057 586 cum
1087 529 1333 586 exercitu
1382 544 1482 586 suo
1528 526 1585 584 in
1628 526 1819 582 urbem
1878 526 2205 591 Medinam,

2299 527 2524 597 ;στράφη
2550 527 2579 579 6
2609 522 2915 595 Μουχάμετ
2944 522 3085 593 μετά
3112 522 3173 576 τὸ
3200 521 3474 593 φουσάτον
3499 521 3673 576 αὐτοῦ
3703 524 3784 586 εἰς
3821 522 3881 574 τὸ

587 638 645 685 et
672 627 743 682 ibi
769 626 1063 681 maximam
1098 626 1362 679 bonorum
1390 621 1603 691 copiam
1625 637 1641 676 :
1663 618 1967 689 Acquisivit
1997 627 2051 673 et
2074 617 2176 672 sibi

593 717 952 787 comparavit.
976 716 1120 770 Dixit
1144 730 1271 769 vero
1297 714 1493 777 turbis,
1521 708 1891 781 arebangelus
1919 709 2014 763 Dei
2044 707 2179 764 mihi

595 808 768 864 adfuit
787 810 984 879 jubens
1007 818 1067 861 ut
1092 810 1368 863 discedam
1396 806 1448 860 in
1476 804 1815 875 provinciam
1871 809 1928 856 et
1974 808 2179 855 terram

598 898 816 954 Marada
874 899 940 953 ad
983 910 1232 970 posteros
1259 896 1343 950 avi
1380 895 1510 959 mei,
1539 893 1766 962 illosque
1796 905 2047 946 revocem
2114 887 2183 942 ab

592 994 873 1047 erroribus
893 991 1090 1061 quilms
1145 1004 1288 1043 nunc
1349 998 1480 1044 sunt
1527 984 1773 1040 immersi
1810 1002 1823 1040 :
1857 983 1970 1055 Ego
2000 990 2182 1037 autem

595 1082 883 1137 discedens
918 1081 1073 1134 vobis
1113 1080 1365 1149 relinquo
1394 1074 1808 1136 Abubakerum,
1847 1082 1906 1127 ut
1931 1088 2026 1127 vos
2046 1072 2190 1127 hor--

599 1186 767 1241 tetur,
792 1177 988 1231 doceat
1012 1174 1363 1229 etconlirmet
1393 1171 1445 1225 in
1468 1170 1534 1225 iis
1551 1184 1672 1239 qua:
1724 1166 2033 1223 audivistis.
2058 1164 2185 1220 Tri-

597 1268 750 1325 stitia
769 1282 898 1323 vero
926 1284 1033 1320 non
1051 1281 1147 1321 vos
1168 1264 1450 1333 corripiat,
1467 1278 1592 1317 nam
1619 1260 1772 1315 brevi
1798 1268 2041 1315 revertar
2061 1271 2183 1328 ego,

599 1362 807 1417 interea
844 1357 1177 1414 Abubakero
1218 1364 1395 1413 estote
1452 1353 1734 1424 morigeri.
1764 1352 1912 1406 Abiit
1942 1365 2076 1422 ergo
2121 1349 2187 1403 de

600 1452 720 1507 loco
746 1452 798 1505 in
834 1451 1032 1512 locum.
1060 1458 1115 1503 et
1148 1450 1216 1503 de
1253 1447 1531 1518 provincia
1585 1445 1640 1500 in
1688 1442 2049 1515 provinciam.
2093 1440 2187 1495 Dei

598 1552 784 1597 autem
818 1542 1052 1596 viventis
1083 1549 1139 1595 et
1183 1536 1578 1609 sapientissimi
1636 1535 1975 1607 providentia
2009 1532 2187 1587 conti-

599 1639 677 1706 git
713 1647 771 1687 ut
815 1634 1128 1705 perveniret
1159 1632 1211 1686 in
1240 1631 1418 1685 locum
1447 1630 1535 1683 ubi
1592 1629 1737 1683 illius
1765 1643 1898 1681 avus
1921 1636 1977 1681 et
2018 1624 2187 1681 Cora-

601 1732 759 1785 siota:
782 1742 959 1797 pugna
987 1726 1130 1780 inter
1162 1740 1221 1781 se
1246 1722 1632 1778 conﬂixerunt.
1655 1718 2029 1791 ,Rogaveruut
2059 1733 2190 1786 ergo

603 1822 753 1875 illum
777 1820 901 1890 quis
922 1828 977 1873 et
1007 1816 1158 1885 cuias
1188 1823 1356 1871 esset.
1384 1813 1719 1883 Respondit:
1747 1811 1879 1867 Sum
1900 1827 1965 1866 ex
1992 1824 2191 1881 genere

2282 618 2524 689 κάστρον
2560 617 2801 682 Ματινά,
2831 618 2925 669 καὶ
2972 615 3204 686 εποίησε
3254 613 3538 685 κτητόριον
3571 613 3750 684 μέγα,
3786 616 3880 667 καὶ

2282 704 2440 763 εἶπεν
2488 711 2604 771 τοῖς
2653 708 2852 779 ὄχλοις
2922 708 2981 760 ’0
3035 705 3378 780 ἀρχάγγελος
3420 706 3630 776 Κυρίου
3707 704 3881 758 ἐλθὼν

2283 803 2421 874 πρός
2465 818 2532 873 με
2562 802 2659 855 καὶ
2684 801 2811 855 τάδε
2840 800 2993 870 φησί’
3035 799 3272 852 Ἀπελθε
3304 799 3385 862 εἰς
3418 795 3603 868 χώραν
3643 796 3881 867 Μαραδά

2283 897 2366 959 είς
2389 896 2458 949 τὰ
2491 895 2687 965 γονικά
2719 894 2814 947 τοῦ
2844 895 3073 947 πάππου
3101 908 3220 955 σου,
3241 891 3331 946 ἵνα
3354 889 3589 961 στρέψης
3615 889 3754 942 λαὸν
3784 906 3880 941 πε-

2285 984 2660 1056 πλανημένον.
2716 982 2836 1037 Νῦν
2881 982 2941 1037 δὲ
2978 976 3082 1037 ὧδε
3150 981 3357 1053 ἀφίημι
3398 981 3527 1050 ὑμῖν
3570 981 3703 1033 ἀντὶ
3747 980 3879 1051 ἐμοῦ

2285 1076 2873 1148 τδνἈποπάκρην,ῖνπι
2903 1074 3241 1129 νουθετεῖσθε
3275 1074 3369 1128 καὶ
3414 1073 3747 1127 διδάσκεσθε
3780 1074 3883 1126 ὑπὸ

2285 1168 2358 1223 τὰ
2387 1169 2657 1241 λεγόμενα
2689 1170 2839 1239 ὑμῖν,
2869 1169 2966 1222 καὶ
3000 1164 3079 1238 μὴ
3097 1166 3381 1233 λυπεῖσθε,
3406 1167 3488 1220 ὅτι
3513 1166 3627 1233 ἐγὼ
3662 1167 3725 1218 ὲν
3758 1182 3880 1219 συν-

2286 1263 2440 1334 τόμῳ
2464 1261 2795 1333 στρέφομαι,
2821 1262 2916 1316 καὶ
2938 1260 3094 1333 ἔχετε
3119 1260 3215 1314 τὸν
3252 1260 3502 1313 Ἀποπάκ
3513 1276 3638 1330 ρην.
3678 1257 3882 1328 ’Δπῆλ-

2288 1354 2382 1409 θεν
2411 1357 2478 1409 ἐκ
2504 1355 2670 1408 τόπου
2702 1357 2784 1419 είς
2813 1355 3002 1418 τόπον,
3051 1354 3147 1409 καὶ
3198 1352 3308 1406 ἀπὸ
3335 1350 3517 1423 χώρας
3562 1353 3648 1414 είς
3677 1348 3880 1421 χώραν,

2289 1450 2384 1501 καὶ
2414 1448 2701 1519 οἰκονομίᾳ
2734 1446 2828 1500 τοῦ
2865 1446 3069 1511 ζῶντος
3100 1445 3196 1499 καὶ
3225 1443 3448 1513 λογικοῦ
3500 1442 3641 1495 Θεοῦ
3680 1443 3881 1495 ἐπέπε-

2291 1557 2384 1593 σεν
2409 1541 2490 1604 είς
2523 1540 2710 1605 τόπον,
2734 1539 2815 1604 είς
2842 1539 2901 1592 ὃν
2932 1538 3155 1608 ἐγένετο
3184 1539 3213 1591 6
3248 1536 3486 1606 πόλεμος
3518 1533 3618 1587 τοῦ
3655 1532 3880 1587 πάππου

2292 1630 2461 1685 αὐτοῦ
2500 1631 2641 1701 μετὰ
2666 1630 2759 1683 τοῦ
2801 1630 3063 1701 Κωρέση.
3085 1628 3196 1682 Kal
3225 1627 3520 1699 ἠρώτησαν
3548 1623 3743 1679 αὐτόν’
3776 1622 3879 1686 Τίς

2292 1719 2375 1789 ei;
2396 1723 2507 1776 Kal
2530 1721 2746 1789 ἐξεῖπεν
2762 1722 2970 1787 αὐτοῖς’
2994 1720 3143 1791 Ἐγώ
3168 1721 3283 1791 είμι
3315 1721 3379 1772 ὲκ
3408 1720 3601 1788 γένους
3626 1717 3740 1769 τῶν
3762 1716 3881 1769 Κω-

2295 1812 2604 1883 ρασιωτῶν.
2643 1812 2947 1884 Ἐζήτησαν
2995 1807 3090 1865 οὖν
3120 1811 3315 1882 μαθεῖν
3358 1809 3600 1871 ἅπαντες
3628 1807 3691 1860 τὸ
3718 1806 3880 1874 ὄνομα

602 1911 1039 1968 Corasiotarum.
1075 1907 1383 1978 Pergebant
1414 1914 1469 1960 et
1524 1905 1770 1975 repetitis
1799 1903 2193 1974 quzestionibus

2299 1904 2613 1970 αὑτοῦ,Καὶ
2638 1905 2692 1958 τί
2722 1906 2950 1976 σημεῖον
2981 1904 3125 1975 ἔχεις
3155 1906 3220 1957 ὲκ
3240 1902 3535 1974 τῆςχὼρας
3566 1899 3806 1971 ἐκείνης,
3828 1901 3881 1953 ὲν

606 2003 896 2074 urgebant,
928 2008 987 2056 ut
1022 2010 1247 2070 possent
1275 1999 1490 2054 tandem
1524 2012 1686 2053 nosse
1714 1997 1874 2067 quale
1912 2006 2057 2052 esset
2105 2010 2194 2049 no-

608 2112 730 2151 nten
762 2094 929 2149 illius.
965 2092 1229 2148 Dicebant
1257 2106 1391 2160 ergo
1425 2108 1440 2145 :
1470 2088 1590 2157 Quo
1626 2089 1827 2145 indicio
1869 2090 2195 2159 comprobas

611 2201 664 2244 te
693 2202 817 2242 esse
859 2184 1095 2240 incolam
1117 2183 1357 2254 regionis
1379 2196 1541 2251 quam
1576 2195 1869 2247 memoras,
1902 2191 1959 2235 et
2002 2180 2054 2233 in
2088 2194 2194 2248 qua

610 2278 750 2334 dicis
805 2278 1084 2333 habitasse
1140 2290 1300 2329 avum
1344 2270 1637 2328 tuum?Et
1692 2271 1825 2343 ipsis
1872 2270 2201 2340 signiﬁcavit

612 2373 889 2443 quomodo
915 2372 1066 2426 locus
1102 2378 1390 2425 vocaretur
1443 2367 1690 2424 Marada.
1747 2369 1995 2437 Contigit
2047 2382 2198 2435 vero,

615 2464 919 2535 inquiebat,
944 2474 1007 2518 ut
1033 2463 1144 2517 duo
1190 2461 1413 2528 fratres,
1457 2460 1597 2516 bello
1630 2461 1774 2515 inter
1807 2460 1927 2516 illos
1954 2462 2203 2531 ;exarde-

624 2568 833 2626 scente,
864 2566 1052 2610 mutuo
1078 2570 1137 2610 se
1162 2563 1446 2609 vexarent.
1478 2553 1636 2609 Unde
1666 2568 1799 2608 avus
1840 2568 1993 2608 mens
2018 2553 2204 2606 debuit

620 2650 829 2717 lugere,
859 2649 1032 2701 solum
1061 2656 1295 2713 vertere,
1335 2656 1388 2700 et
1424 2645 1551 2699 alibi
1584 2646 1742 2699 sedes
1796 2660 2066 2714 quaerere.
2119 2643 2201 2697 Ex

614 2744 737 2795 istis
771 2756 898 2793 vero
919 2740 1103 2794 verbis
1134 2737 1809 2792 auimadvertebantillum
1841 2753 1965 2792 vera
1999 2738 2201 2793 dicere.

616 2835 948 2898 Quaerebam
988 2846 1120 2900 ergo
1148 2832 1422 2899 quodnam
1446 2838 1593 2899 esset
1626 2828 1772 2885 illius
1809 2845 2028 2885 nomen.
2062 2829 2206 2883 Dixit

617 2925 776 2993 ipsis.
809 2923 920 2992 Ego
971 2938 1135 2977 vocor
1184 2920 1631 2986 Mubammed,et
1680 2937 1799 2977 sum
1837 2922 2098 2991 propheta
2151 2932 2207 2976 et

617 3015 893 3086 apostolus
915 3012 1032 3067 Dei.
1071 3014 1150 3066 Ad
1178 3030 1298 3083 qua:
1325 3016 1683 3085 regerebant:
1710 3012 1916 3069 Rumor
1946 3014 2087 3082 apud
2107 3028 2207 3069 nos

619 3108 869 3178 pervenit
901 3122 1088 3161 revera
1123 3108 1444 3176 prophetam
1488 3108 1783 3161 excitatum
1811 3121 1878 3161 ex
1909 3108 2044 3161 urbe
2097 3105 2209 3161 Me-

2296 1991 2331 2071 ᾖ
2362 1999 2613 2050 κατοικεῖ
2635 1999 2663 2050 6
2686 1998 2910 2060 πάππος
2945 2014 3039 2050 σου
3067 1997 3342 2066 λέγοντες.
3376 1996 3486 2049 Kal
3517 1990 3677 2049 εἶπεν
3707 1996 3881 2057 αὐτοῖς

2296 2088 2358 2142 τὸ
2396 2089 2515 2153 πῶς
2566 2088 2816 2142 ἐκαλεῖτο
2868 2089 3125 2160 Μάραθα.
3180 2088 3394 2159 Συνέόη
3438 2088 3496 2141 δὲ
3528 2086 3791 2158 γένεσθαι
3828 2087 3881 2139 ἐν

2301 2181 2452 2252 μέσῳ
2482 2179 2592 2234 τῶν
2614 2180 2708 2233 δύο
2730 2180 2975 2250 ἀδελφῶν
3008 2180 3263 2248 πόλεμος.
3296 2181 3410 2235 Kal
3440 2181 3658 2252 ἀφῆκεν
3689 2182 3717 2234 6
3747 2179 3880 2233 πάπ-

2301 2290 2402 2337 πος
2433 2291 2536 2344 μου
2561 2274 2654 2327 τὸν
2689 2274 2857 2328 τόπον
2897 2272 3083 2338 αὐτοῦ,
3121 2275 3217 2327 καί
3246 2272 3471 2343 ἔφυγεν,
3516 2276 3617 2326 καὶ
3650 2273 3762 2325 ἀπὸ
3793 2269 3877 2324 τοῦ

2300 2366 2459 2436 λόγου
2504 2366 2669 2420 αὐτοῦ
2725 2366 3103 2437 ἀνεγνώρισαν
3131 2366 3317 2422 αὐτόν.
3375 2367 3486 2420 Kal
3530 2361 3800 2419 εἷποψΣὺ
3825 2364 3877 2417 δὲ

2302 2459 2421 2523 πῶς
2464 2460 2755 2527 καλεῖσαι;
2787 2460 2954 2529 Λέγει
2988 2459 3205 2523 αὐτοῖς·
3253 2460 3329 2513 Τὸ
3378 2458 3553 2529 δνομὰ
3592 2476 3699 2529 μου
3755 2454 3879 2510 εἶναι

2303 2552 2629 2623 Μουχάμετ,
2657 2554 2752 2607 καὶ
2779 2549 2922 2624 ἧμαι
2949 2553 3237 2625 προφήτης
3262 2552 3358 2606 καὶ
3392 2550 3697 2614 ἀπόστολος
3734 2548 3877 2603 Θεοῦ.

2305 2645 2416 2700 Kal
2470 2641 2623 2699 εἷπον
2675 2646 2815 2717 πρὸς
2843 2644 3027 2699 αὐτόν’
3075 2643 3445 2715 Ἦκούσαμεν,
3494 2644 3578 2697 ὅτι
3612 2643 3880 2714 προφήτης

2306 2738 2605 2809 ἐγήγερται
2632 2740 2696 2792 ὲκ
2721 2738 2819 2810 τῆς
2853 2738 2959 2809 γῆς
2993 2736 3232 2799 Ματινά,
3264 2738 3360 2790 καί⁵
3384 2736 3459 2807 μὴ
3494 2736 3591 2790 eos
3617 2729 3701 2802 sl;
3729 2735 3879 2801 Λέγει

2308 2832 2514 2897 αὐτοῖς,
2547 2832 2629 2884 ὃτι
2675 2831 2818 2900 Ἐγώ
2841 2833 2978 2902 εἰμι,
3004 2832 3099 2885 καὶ
3130 2830 3398 2884 ἀκούσατε
3433 2830 3494 2882 τὸ
3526 2828 3754 2900 φρικτὸν
3789 2845 3880 2897 μυ-

2310 2924 2533 2995 στήριον
2579 2924 2662 2976 ὅτι
2709 2923 2962 2976 τοσοῦτον
3011 2923 3309 2994 ὴγαπήθην
3350 2922 3501 2993 παρά
3546 2920 3710 2984 Θεοῦ,
3754 2918 3880 2971 ὥστε

2308 3015 2689 3085 ἀναληφθῆναι
2715 3033 2781 3085 με
2810 3016 2890 3078 είς
2912 3014 2982 3069 τά
3015 3014 3126 3086 ὕψη
3157 3015 3327 3084 ἐγγὺς
3350 3013 3446 3066 τοῦ
3462 3012 3624 3078 Θεοῦ,
3648 3012 3743 3066 καὶ
3766 3009 3881 3062 ἐκά-

2312 3107 2440 3161 θισα
2479 3108 2576 3160 σὺν
2606 3110 2722 3172 τοῖς
2751 3108 3060 3171 σανδαλίοις
3106 3124 3209 3179 μου
3237 3108 3347 3161 ἀπὸ
3388 3108 3561 3179 ὀφρῦν
3593 3108 3675 3170 είς
3702 3101 3877 3173 ὀφρύν.

618 3202 777 3266 diua;
804 3217 870 3253 an
899 3210 951 3252 tu
981 3200 1069 3253 ille
1092 3200 1208 3269 ipse
1243 3200 1364 3255 est?
1384 3200 1582 3255 Statim
1610 3197 2205 3271 respondebat:Utique

2314 3201 2424 3254 Kal
2456 3200 2718 3271 συνέτυχέ
2755 3217 2844 3269 μοι
2867 3205 2895 3255 6
2920 3201 3055 3263 Θεὸς
3080 3200 3299 3272 ἄρρητα
3322 3201 3564 3271 ῥήματα,
3600 3197 3694 3251 καὶ
3726 3192 3880 3263 ἐγνώ-

2238 3248 2287 3312 C

620 3310 745 3351 sum
780 3294 874 3349 ille
897 3294 1046 3364 ipse;
1071 3293 1293 3364 insuper
1321 3309 1452 3348 vero
1481 3292 1665 3349 audite
1691 3310 1721 3347 a
1746 3306 1833 3347 me
1869 3293 2205 3349 tremendum

2317 3310 2447 3366 ρισα
2472 3293 2656 3358 αὐτὸν,
2693 3297 2788 3347 καὶ
2826 3293 3167 3365 ὲγνωρίσθην
3203 3292 3335 3363 παρ’
3374 3289 3567 3356 αὑτοῦ,
3612 3291 3708 3344 καὶ
3756 3302 3877 3357 πρό-

624 3394 941 3460 mysterium
972 3406 987 3442 :
1015 3397 1167 3441 tanto
1200 3402 1288 3442 me
1352 3386 1498 3442 Deus
1543 3400 1731 3442 amore
1752 3396 2073 3457 prosecutus
2100 3395 2206 3454 est,

626 3492 682 3535 ut
742 3492 1056 3549 assumptus
1112 3480 1307 3536 fuerim
1354 3480 1408 3533 in
1457 3478 1626 3535 cmlos
1680 3480 2040 3546 celsissimos,
2085 3496 2207 3535 cum

626 3574 763 3627 meis
788 3574 920 3644 ipsis
949 3574 1240 3636 cali‘eis,et
1264 3572 1376 3624 sedi
1405 3569 1558 3639 juxta
1584 3569 1756 3626 Deum
1786 3579 1897 3624 tam
1959 3572 2208 3641 proxime

625 3680 791 3736 quam
822 3664 1180 3734 supercilium
1239 3679 1405 3716 unmn
1449 3662 2108 3731 astatalterisupereilio.
2138 3661 2207 3717 Et

2315 3387 2496 3458 φήτην
2536 3385 2767 3440 ἐκάλεσέ
2813 3403 2912 3457 με,
2955 3386 3050 3439 καὶ
3078 3383 3235 3439 εἶπέν
3276 3398 3405 3455 μοι’
3448 3383 3576 3438 Ἐὰν
3598 3383 3701 3438 οὐκ
3740 3376 3803 3453 ἦν
3849 3380 3881 3447 ἡ

2310 3480 2504 3549 ἀγάπη
2549 3496 2667 3541 σου,
2705 3476 2829 3533 οὔτε
2880 3479 2973 3531 τὸν
2996 3477 3250 3549 οὐρανὸν,
3283 3475 3407 3531 οὔτε
3425 3475 3524 3548 τὴν
3551 3475 3659 3546 γῆν
3676 3471 3879 3544 ἔμελλον

2311 3573 2555 3643 ποιῆσαι,
2583 3571 2724 3627 ἀλλά
2753 3572 2850 3631 καὶ
2876 3571 2938 3625 τὸ
2958 3571 3131 3644 ὕνομά
3154 3588 3247 3625 σου
3274 3570 3492 3641 ἐγράφη
3528 3569 3592 3623 τὸ
3613 3567 3776 3640 γύρον
3796 3562 3876 3618 τοῦ

2309 3666 2501 3737 θρόνου
2526 3682 2651 3736 μου.

631 3756 783 3810 illum
815 3758 1069 3825 cognovi,
1093 3766 1147 3809 et
1175 3756 1245 3809 ab
1276 3754 1369 3807 illn
1422 3754 1673 3823 cognitus
1741 3769 1890 3819 sum,
1944 3770 2031 3809 me
2065 3755 2384 3825 prophetam
2423 3758 2632 3813 \oeavit
2696 3767 2751 3813 et
2785 3758 3139 3824 renuntiavit,
3179 3768 3236 3814 et
3301 3757 3437 3814 dixit
3470 3756 3599 3811 mihi
3632 3773 3648 3812 :
3679 3753 3873 3820 Absque

630 3864 819 3905 amore
845 3859 1028 3919 quote
1076 3863 1397 3918 prosequor,
1461 3849 1602 3902 foret
1638 3856 1696 3901 ut
1734 3861 1836 3903 nec
1873 3847 2070 3903 caelum
2122 3865 2222 3905 nec
2262 3860 2463 3906 terram
2523 3852 2911 3907 condidissem.
2970 3851 3087 3908 lmo
3136 3866 3332 3907 nomen
3388 3860 3562 3915 tuum,
3583 3849 3877 3916 inscriptum

631 3951 716 3996 est
761 3941 906 3997 circa
967 3942 1221 3996 thronum
1282 3956 1486 4005 meum,
1520 3954 1576 3996 et
1606 3940 1753 3997 illius
1809 3941 2221 3999 characteribus
2258 3947 2415 4015 quasi
2444 3948 2692 4014 superbit
2723 3954 2780 4000 et
2809 3946 3092 4017 gloriatur.

704 4033 964 4089 Astantes
1023 4050 1152 4088 vero
1181 4050 1302 4089 cum
1339 4037 1443 4089 ista
1474 4037 1746 4102 audirent,
1767 4038 1924 4101 quasi
1954 4036 2224 4108 lacrymas

2394 4041 2458 4093 Οί
2490 4040 2548 4093 δὲ
2594 4040 2963 4111 περιεστῶτες
3000 4040 3097 4095 καὶ
3130 4039 3423 4103 ἀκούοντες
3458 4037 3681 4091 ἔκλαιον
3709 4031 3881 4103 δῆθεν.

636 4130 932 4183 fundentes
964 4141 1013 4184 et
1048 4132 1284 4201 suspiria
1318 4132 1425 4185 imo
1462 4143 1681 4198 pectore
1736 4134 2013 4190 trahentes
2072 4134 2205 4188 illun

2323 4132 2419 4186 καὶ
2449 4132 2713 4205 ἐθρήνουν
2764 4132 3181 4202 καταγελῶντες
3227 4133 3425 4196 αὐτὸν,
3460 4131 3713 4200 λέγουσιν
3756 4123 3883 4195 αὐτῷ

634 4222 956 4288 irridebant,
993 4231 1047 4275 et
1098 4222 1387 4277 dicebant:
1423 4224 1478 4278 Si
1515 4234 1567 4277 tu
1602 4240 1726 4278 vera
1760 4240 1973 4291 narras,
2010 4241 2113 4281 nec
2172 4226 2205 4280 ii

2325 4229 2552 4293 πάντες*
2592 4229 2721 4282 Ἐὰν
2748 4226 3069 4297 ἀληθεύεις,
3114 4224 3288 4290 δεῖξον
3309 4226 3443 4295 ἡμῖν
3473 4226 3566 4277 ποῖ
3594 4222 3789 4293 ἀνέόης
3816 4218 3881 4279 είς

633 4314 796 4368 dictis
831 4313 980 4367 fraus
1015 4313 1122 4367 ulla
1161 4314 1312 4378 latet,
1357 4316 1491 4371 velis
1519 4316 1833 4386 signiﬁcare
1871 4320 2141 4386 quomodo
2175 4318 2205 4371 it

2324 4323 2455 4384 τοὺς
2512 4319 2802 4393 οὐρανούς.
2842 4318 3009 4387 Λέγει
3042 4317 3247 4381 αὐτοῖς·
3296 4315 3621 4370 Ἐσκάλωσα
3677 4314 3765 4368 τὸν
3801 4310 3883 4363 ἕνα

635 4407 835 4462 οωιιιιιι
861 4408 1195 4462 ascenderis.
1226 4407 1374 4462 Dixit
1402 4408 1510 4463 illis
1544 4428 1559 4464 :
1600 4408 1798 4465 Pedem
1831 4408 2223 4481 Hierosolymis

637 4507 893 4567 tanquam
929 4498 1090 4552 scala:
1125 4499 1381 4567 imposui,
1416 4497 1585 4554 altero
1634 4509 1816 4553 autem
1877 4501 2047 4553 et'elos
2075 4502 2222 4570 ipsos

2331 4428 2434 4482 μου
2470 4410 2606 4463 πόδα
2643 4411 2725 4473 είς
2768 4408 2839 4462 τὰ
2885 4407 3275 4478 Ἱεροσόλυμα,
3311 4406 3408 4459 καὶ
3439 4404 3533 4458 τὸν
3571 4404 3756 4474 ἕτερόν
3796 4416 3881 4469 μου

2326 4505 2639 4558 διεσκέλισα
2680 4505 2759 4566 είς
2788 4502 2912 4565 τοὺς
2945 4498 3232 4570 οὐρανούς.
3266 4497 3533 4567 Λέγουσιν
3564 4497 3732 4565 αὐτῷ⁸
3765 4489 3882 4554 Δόξα

638 4590 939 4658 penetravi.
994 4590 1205 4656 Quibus
1229 4591 1428 4645 auditis
1456 4606 1563 4645 uno
1594 4606 1692 4646 ore
1718 4590 2025 4645 clamarunt
2050 4609 2065 4646 :
2092 4591 2205 4647 Glo-

2328 4596 2407 4668 τῷ
2442 4595 2561 4666 Θεῷ
2599 4594 2676 4666 τῷ
2708 4593 2981 4658 ἐλεοῦντι,
3025 4592 3117 4645 καὶ
3146 4593 3424 4662 ὲλεημένῳ
3447 4628 3463 4655 ,
3504 4591 3586 4644 ὅτι
3621 4591 3883 4656 ἄνθρωπος

639 4682 717 4734 ria
744 4683 813 4735 sit
850 4680 960 4735 Deo
1029 4683 1331 4737 miseratori
1388 4692 1443 4735 et
1500 4682 1840 4738 misericordi
1905 4683 1995 4751 qui
2054 4682 2224 4737 voluit

640 4776 801 4828 unico
828 4788 1017 4843 gressu
1053 4774 1326 4828 hominem
1389 4785 1665 4829 terrenum
1698 4776 1763 4828 ad
1817 4776 1987 4831 caelos
2052 4790 2226 4845 usque

638 4880 969 4934 asSurgere;
1080 4868 1285 4935 gratias
1373 4883 1510 4936 quas
1589 4884 1876 4937 possumus
1958 4870 2225 4924 maximas

640 4959 991 5027 rependimus
1043 4958 1420 5027 potentissimo
1476 4959 1790 5029 phospboro
1844 4960 2010 5015 sideri
2044 4971 2223 5013 matu-

640 5054 792 5113 tino,
838 5049 949 5103 Deo
1004 5049 1342 5104 misericordi
1374 5058 1429 5103 et
1469 5052 1773 5107 miseratori
1801 5092 1816 5118 ,
1872 5055 1963 5122 qui
2014 5053 2228 5108 miseri-

637 5142 824 5197 r-ordia
860 5156 963 5195 nos
986 5149 1070 5194 est
1100 5152 1425 5208 prosecutus
1457 5153 1514 5198 et
1547 5158 1611 5197 ex
1660 5159 1862 5213 genere
1915 5145 2225 5199 Corasiota-

641 5252 760 5289 rum
792 5236 1111 5303 prophetam
1166 5234 1684 5304 praestantissimum
1738 5236 1881 5289 sicut
1909 5244 1959 5290 te
1983 5235 2144 5305 elegit
2172 5242 2228 5292 et

637 5325 919 5380 excitavit.
958 5323 1155 5377 Mansit
1179 5340 1308 5379 vero
1336 5325 1476 5393 apud
1548 5324 1670 5379 illos
1704 5326 1882 5395 spatio
1940 5326 2226 5381 duodecim

638 5420 849 5474 dierum
876 5433 1001 5473 cum
1036 5417 1165 5481 illis,
1201 5417 1434 5485 singulis
1470 5417 1663 5472 diebus
1687 5418 1965 5475 disserens
2029 5430 2084 5475 et
2118 5436 2229 5473 va—

640 5515 751 5570 rios
780 5528 1063 5569 sermones
1098 5514 1354 5568 miscens.
1390 5512 1524 5567 Cum
1562 5528 1690 5568 vero
1754 5513 1899 5569 inter
1936 5531 1996 5570 se
2039 5515 2229 5570 confa-

639 5609 956 5663 hularentur
985 5608 1239 5661 dixerunt
1270 5605 1335 5659 ad
1364 5605 1513 5659 illum
1541 5622 1554 5659 :
1591 5604 1634 5661 0
1665 5605 2033 5672 Muhammed,
2060 5608 2230 5663 electe

643 5702 758 5767 Dei,
801 5701 1095 5769 aliquando
1125 5716 1259 5753 avus
1294 5708 1481 5755 noster
1525 5701 1713 5755 habuit
1754 5717 1948 5770 equam
2007 5704 2230 5758 omnino

642 5792 968 5855 mirandam,
1024 5802 1080 5846 et
1129 5806 1251 5861 qua:
1284 5796 1581 5847 secundam
1638 5792 1690 5847 in
1735 5802 1843 5847 tota
1892 5795 2093 5849 Arabia
2122 5811 2229 5849 non

646 5886 916 5942 haberet:
956 5885 1176 5940 veniens
1229 5900 1357 5942 vero
1389 5895 1545 5956 pater
1590 5895 1714 5942 tuus
1776 5887 2023 5955 Abtulas,
2069 5904 2227 5943 avum

2326 4689 2509 4759 χοῖκὸς
2536 4688 2675 4759 μετά
2703 4686 2823 4751 ἑνὸς
2856 4683 3070 4757 βαθμοῦ
3095 4683 3270 4754 ἀνέϐη
3296 4684 3376 4746 είς
3399 4683 3492 4736 τὸν
3517 4681 3744 4754 οὐρανὸν
3763 4720 3776 4743 ,
3805 4674 3883 4728 καὶ

2327 4781 2881 4853 εὐχαριστοῦμενῖτῷ
2915 4777 3355 4850 μεγαλαδυνάμῳ
3409 4775 3675 4846 ἑωσφόρῳ
3698 4774 3878 4838 ἄστρῳ.

2326 4875 2405 4946 τῷ
2445 4874 2687 4927 ἐλεοῦντι
2735 4873 2830 4926 καὶ
2881 4871 3196 4941 ὲλεημένῳ,
3234 4871 3317 4923 ὅτι
3365 4868 3601 4939 ἠλέησεν
3642 4867 3704 4919 τὸ
3749 4861 3882 4931 γένος

2327 4966 2520 5038 ἡμῶν,
2566 4967 2663 5021 καὶ
2700 4964 2983 5031 ἐξελέξατο
3016 4966 3081 5016 ὲκ
3117 4962 3211 5016 τοῦ
3240 4960 3433 5031 γένους
3470 4960 3582 5012 τῶν
3612 4960 3880 5028 Κωρασιω·

2326 5059 2438 5114 τῶν
2477 5058 2767 5130 ἄνθρωπον
2803 5057 2947 5110 κατά
2989 5054 3050 5108 σὲ
3087 5054 3367 5108 ἐκλεκτόν.
3417 5053 3643 5123 Ἔμεινε
3688 5049 3742 5102 δὲ
3781 5039 3878 5114 μετ’

2328 5152 2511 5208 αὐτῶν
2562 5151 2780 5223 ἡμέρας
2825 5151 2915 5221 ιβ’,
2966 5150 3064 5204 καὶ
3113 5148 3229 5218 μετ’
3261 5146 3444 5201 αὐτῶν
3491 5143 3875 5213 διαλεγόμενος,

2329 5248 2426 5301 καὶ
2451 5248 2508 5300 ὲν
2534 5244 2611 5317 τῷ
2644 5244 2858 5316 ὁμιλεῖν
2890 5243 3061 5298 αὐτὸν
3093 5241 3315 5310 λέγουσι
3346 5240 3485 5311 πρὸς
3522 5238 3711 5293 αὐτόν’
3735 5232 3876 5317 Μωαέ

2333 5338 2434 5407 μὲδ
2484 5316 2710 5390 ἐκλεκτὲ
2766 5335 2861 5388 τοῦ
2923 5333 3097 5397 Θεοῦ,
3153 5331 3287 5385 ποτὲ
3317 5331 3409 5385 τὸν
3459 5330 3647 5400 καιρὸν
3695 5316 3876 5395 εἷχενό

2331 5429 2559 5491 πάππος
2588 5426 2747 5498 ἡμῶν
2772 5426 2983 5496 φοράδα
3013 5425 3155 5479 πάνυ
3184 5421 3526 5493 θαυμαστὴν,
3558 5417 3624 5493 ἦς
3653 5413 3876 5482 δευτέραν

2331 5520 2432 5572 οὐκ
2468 5515 2616 5589 εἶχεν
2668 5519 2701 5590 ὴ
2766 5517 3074 5589 ’Λρῤαϐία,
3112 5517 3208 5569 καὶ
3255 5514 3426 5568 ἐλθὼν
3478 5516 3506 5567 6
3539 5512 3721 5582 πατήρ
3752 5500 3877 5559 σονό

2344 5611 2652 5674 Ἀπτουλᾶς
2697 5611 2932 5664 δέδωκεν
2966 5610 3159 5671 αὐτοῖς
3208 5610 3310 5678 τὴν
3360 5607 3617 5678 εἰρήνην,
3662 5605 3742 5657 ἵνα
3781 5591 3875 5664 μεί-

2333 5720 2518 5756 νουσιν
2553 5701 2877 5773 ἀμέριμνοι.
2944 5699 3053 5755 Kal
3094 5700 3186 5754 διὰ
3227 5700 3424 5762 νυκτὸς
3490 5697 3697 5752 ἀνεῖλεν
3738 5682 3876 5749 αὐτὴν

2333 5795 2420 5848 διὰ
2451 5794 2757 5866 μαχαίρας,
2790 5795 2883 5847 καὶ
2907 5794 3029 5847 τότε
3058 5791 3118 5859 ἐξ
3142 5791 3307 5845 αὑτοῦ
3333 5789 3546 5861 διῆλθεν
3574 5788 3603 5839 ὁ
3642 5784 3867 5842 πόλεως’

2334 5888 2485 5960 τώρα
2527 5883 2619 5943 οῦν
2665 5887 3099 5959 παρακαλεῦμέν
3146 5903 3206 5942 σε
3241 5885 3313 5953 ὡς
3358 5883 3625 5955 ὑπάρχεις
3662 5868 3874 5943 ἐκλεκτὸς
