4146 6488
358 484 482 550 ill-ll

1556 478 2039 539 CONFUTATIO
2079 478 2443 539 AGARENI.

3502 477 3643 542 1442

345 597 442 651 τοῦ
464 594 636 663 Θεοῦ,
666 593 765 649 καὶ
797 592 881 646 ὅτι
917 590 1011 644 τὸν
1058 589 1192 645 Θεὸν
1229 585 1540 659 ὲγνώρισας
1564 625 1580 648 ,
1616 587 1715 639 καὶ
1757 583 1944 640 ἀκούει

2058 596 2307 638 nostrum
2353 595 2407 639 et
2433 598 2581 648 suos,
2615 583 2855 638 humana
2912 583 3246 639 salutatione
3295 597 3348 640 et
3400 585 3641 641 oﬂiciOsa

349 708 444 744 σου
477 690 558 753 εἰς
600 688 815 751 πάντα,
850 685 1161 752 ἀνάστήσον
1187 681 1290 753 τὴν
1331 680 1544 750 φοράδα
1565 716 1580 741 ,
1610 677 1679 746 ἣν
1710 676 1951 729 ἐσκότω-

348 801 442 837 σεν
463 784 491 836 6
525 783 713 851 πατήρ
747 797 842 832 σου
862 815 878 841 ,
918 777 1017 830 καὶ
1047 778 1212 848 ἡμεῖς
1255 774 1417 827 πλέον
1451 771 1640 843 θαῦμα
1666 770 1729 823 ού
1754 770 1952 842 ζητοῦ-

351 892 451 945 μεν
485 873 636 945 παρὰ
664 871 789 924 σοῦ.
847 870 922 921 Οὐ
963 869 1124 939 μόνον
1157 866 1247 920 διὰ
1276 866 1366 919 τὸν
1396 865 1561 918 πόθον
1594 863 1691 933 τῆς
1720 861 1953 933 φοράδος

347 967 605 1037 λέγομεν,
639 964 779 1017 ἀλλὰ
801 964 868 1017 νὰ
894 962 1098 1016 ἰδοῦσιν
1129 959 1226 1013 καὶ
1257 960 1305 1011 οί
1344 959 1622 1030 ’Λρραϐες
1648 956 1709 1009 τὸ
1741 954 1951 1027 θαῦμα,

348 1060 444 1113 καὶ
484 1055 837 1111 πιστεύσουσί
890 1072 987 1118 σε,
1035 1055 1118 1106 ὅτι
1150 1050 1370 1121 ἀληθῶς
1415 1050 1709 1120 προφήτης
1740 1043 1821 1115 εἴ,
1860 1049 1954 1101 καὶ

347 1149 646 1211 ἀπόστολος
677 1145 833 1199 Θεοῦ.
871 1145 1037 1212 Λέγει
1075 1143 1309 1204 αὐτοῖςὸ
1333 1143 1658 1212 Μουχάμετο
1704 1140 1955 1194 Ὑποδεί-

350 1240 475 1303 ξατέ
517 1256 608 1308 μοι
656 1239 815 1307 ὑμεῖς
865 1237 956 1289 τὸν
997 1236 1205 1304 τάφον,
1261 1236 1320 1287 ὲν
1367 1229 1411 1303 ᾧ
1453 1236 1632 1305 ἐτάφη
1680 1235 1714 1304 ἡ
1752 1235 1948 1305 φοράς⁸

346 1333 613 1399 Λέγουσιν
645 1330 796 1400 αὐτῷ
824 1332 1047 1391 πάντες
1076 1330 1193 1382 UO“
1221 1324 1290 1399 ἦν
1316 1328 1626 1399 ἄνθρωπος’
1665 1328 1753 1381 ἵνα
1782 1329 1951 1397 ταφῇν

350 1424 550 1491 ἄλογον
598 1418 667 1493 ἦν
690 1462 705 1487 ,
741 1424 837 1475 καὶ
891 1421 1202 1493 ἐρρίψαμεν
1246 1420 1382 1473 αὐτὸ
1406 1458 1421 1483 ,
1458 1422 1554 1474 καὶ
1589 1419 1807 1490 ἐϐρώθη
1848 1421 1951 1472 ὑπὸ

347 1515 456 1567 τῶν
488 1514 715 1587 θηρίων.
751 1514 915 1581 Λέγει
953 1516 981 1565 6
1004 1514 1327 1583 Μουχάμετ,
1376 1512 1531 1565 Ἐπεὶ
1551 1514 1609 1565 ού
1649 1511 1950 1581 γινώσκετε

346 1608 440 1660 τὶν
484 1607 691 1675 τάφον,
743 1606 797 1658 τί
852 1606 1031 1675 μέλλω
1089 1608 1431 1677 ἀναστῆσαι;
1485 1606 1752 1673 Λέγουσιν
1800 1604 1950 1675 αὐτῷ

348 1698 584 1760 πάντες·
635 1696 856 1767 Ἐπειδὴ
912 1699 1201 1770 προφήτης
1247 1692 1330 1760 εἰ,
1392 1694 1491 1748 καί
1545 1693 1806 1756 ἐκλεκτὸς
1853 1693 1948 1747 τοῦ

348 1788 523 1853 Θεοῦ,
566 1788 628 1842 ού
664 1786 959 1856 γινώσκεις
1007 1788 1111 1841 ποῦ
1147 1792 1327 1841 κεῖται
1368 1788 1401 1857 ἡ
1446 1786 1657 1857 φορά;;
1702 1785 1843 1839 Ἀλλ’
1885 1787 1945 1837 ού

348 1883 574 1936 δύνασαι
601 1882 909 1951 ἀναστῆσαι
936 1883 1132 1953 αὐτὴν.
1182 1881 1344 1935 Ἀλλὰ
1374 1880 1554 1944 καλῶς
1587 1897 1647 1933 σε
1675 1880 1941 1951 εὕραμεν·

2057 686 2140 729 est
2170 679 2395 731 adortus
2415 685 2473 731 ut
2499 677 2618 730 illos
2644 679 2890 730 incautos
2930 690 2986 731 et
3017 678 3385 742 incogitantes
3423 680 3643 748 decipe-

2057 777 2159 822 ret.
2193 766 2259 822 Et
2299 784 2484 823 revera
2512 780 2673 822 noctu
2707 784 3007 837 exsurgens
3041 782 3234 837 equam
3289 768 3468 837 gladio
3518 784 3644 822 con-

2059 858 2192 913 fodit
2213 870 2267 913 et
2298 875 2356 915 se
2386 860 2524 913 rlattt
2551 862 2836 930 proripuit.
2863 872 2917 913 et
2938 862 3062 914 hinc
3089 861 3215 913 tnali
3246 872 3297 913 et
3316 862 3435 915 belli
3454 877 3640 926 causa,

2057 952 2201 1019 quod
2238 953 2437 1005 fratres
2476 968 2603 1021 erga
2642 967 2700 1007 se
2724 951 2959 1005 invicem
2998 954 3067 1003 ita
3089 954 3456 1020 exasperavit.
3488 950 3644 1007 Nune

2056 1055 2235 1097 autem
2299 1055 2349 1099 te
2411 1047 2763 1099 vehementer
2827 1058 3087 1113 rogamus
3150 1045 3340 1113 quod,
3397 1058 3519 1098 cum
3568 1046 3644 1097 sis

2056 1135 2151 1190 Dei
2193 1139 2419 1198 electus,
2456 1136 2621 1190 Deum
2658 1138 2834 1204 ipsum
2880 1151 3202 1205 cognoscas,
3246 1148 3300 1190 et
3331 1146 3383 1190 te
3427 1152 3645 1206 semper

2056 1230 2352 1291 exaudiat,
2396 1228 2574 1279 excita
2622 1242 2688 1281 ex
2750 1229 2981 1280 mortuis
3018 1242 3233 1295 equam,
3269 1242 3430 1295 quam
3491 1236 3644 1295 pater

2058 1329 2180 1373 tuus
2212 1318 2483 1373 interfecit
2514 1338 2529 1373 :
2561 1321 2704 1387 quod
2731 1322 2995 1387 [)TiPSlllO,
3036 1320 3234 1370 mullum
3289 1318 3433 1371 aliud
3483 1321 3645 1371 mira-

2054 1412 2233 1463 culum
2264 1422 2368 1463 ate
2395 1410 2806 1480 postulahiums.
2846 1410 2955 1463 lloc
2988 1425 3113 1464 vero
3149 1425 3425 1479 rogamus,
3460 1408 3641 1463 minus

2054 1501 2329 1554 desiderio
2361 1516 2511 1569 equa:
2536 1503 2941 1569 recuperanda),
2972 1518 3130 1569 quam
3161 1509 3217 1553 ut
3246 1499 3454 1553 Arabes
3479 1500 3639 1552 mira.

2053 1592 2231 1645 culum
2289 1593 2518 1647 videant
2565 1610 2675 1661 quo
2716 1603 3033 1647 moveantur
3088 1595 3154 1646 ad
3211 1592 3543 1645 credendum
3590 1603 3641 1645 te

2055 1698 2241 1737 revera
2298 1699 2421 1739 esse
2486 1686 2801 1755 prophetam
2873 1695 2927 1737 et
2976 1683 3277 1753 aposmlum
3322 1682 3435 1736 Dei.
3494 1681 3642 1736 Dixit

2050 1772 2394 1829 Multammed
2426 1792 2440 1830 :
2471 1776 2755 1830 Osleutiite
2785 1776 2913 1829 mihi
2946 1777 3255 1843 sepulcrum
3284 1776 3333 1829 in
3369 1791 3477 1841 quo
3497 1791 3637 1844 tqua

2051 1868 2265 1921 Condita
2296 1868 2463 1938 jacet.
2504 1866 2707 1922 Omnes
2755 1884 2862 1921 uno
2909 1884 3004 1921 ore
3039 1880 3335 1936 regerunt:
3364 1867 3481 1922 Non
3519 1879 3640 1923 erat

348 1975 442 2028 καὶ
493 1974 919 2038 ἀποστείλαντες
970 1968 1128 2045 εὗρον
1179 1973 1427 2043 κάμηλον
1478 1971 1935 2043 μεμεθυσμένην,

2047 1959 2205 2014 homo
2234 1969 2294 2014 ut
2322 1961 2571 2030 sepulcro
2609 1959 2974 2025 conderetur;
3017 1969 3135 2014 erat
3169 1975 3374 2014 merum
3422 1960 3640 2030 jumen-

347 2067 444 2120 καὶ
476 2066 725 2136 λέγουσιν
756 2066 926 2137 αὐτῷ,
972 2067 1056 2118 ὅτι
1090 2066 1322 2129 Πάντως
1351 2065 1563 2118 ἐκείνου
1610 2065 1723 2125 υίὸς
1767 2066 1946 2135 ὑπάρ-

347 2173 464 2227 χεις
505 2157 603 2210 τοῦ
652 2157 841 2221 δόντος
878 2159 981 2225 τὴν
1020 2158 1246 2227 εἰρήνην
1287 2153 1383 2208 τοῦ
1423 2155 1691 2222 πάππου,
1725 2155 1820 2208 καὶ
1850 2155 1939 2208 τέ-

346 2250 438 2314 λος
482 2248 894 2321 πληρώσαντες,
923 2248 1149 2319 ἄδηλον,
1185 2246 1304 2300 εἷτα
1351 2249 1732 2319 κρατήσαντες
1775 2248 1939 2301 αὑτὸν

348 2343 443 2396 καὶ
495 2341 759 2413 δήσαντες
813 2338 1249 2408 ὀπισθαγκώνων
1313 2339 1564 2405 λέγουσιν
1626 2336 1800 2407 αὐτῷ’
1860 2337 1934 2390 Σὺ

345 2435 525 2504 λέγεις
564 2437 646 2489 ὅτι
676 2436 757 2497 εἰς
790 2435 916 2497 τοὺς
963 2433 1229 2504 οὐρανοὺς
1256 2432 1479 2501 ἀνέϐης,
1517 2430 1613 2484 καὶ
1658 2431 1939 2501 ἁπήδησον

347 2528 414 2579 ἐκ
442 2528 540 2596 τῆς
586 2525 690 2595 γῆς
744 2524 841 2577 καὶ
896 2522 1137 2592 πέρασον
1169 2520 1377 2575 ἄνωθεν
1406 2521 1505 2591 τῆς
1559 2519 1809 2590 καμήλου
1862 2519 1939 2592 μὴ

346 2618 671 2689 ἑγγίσαντες
700 2619 813 2672 τῶν
843 2619 1023 2671 ποδῶν
1063 2632 1157 2669 σου
1199 2616 1298 2687 τὴν
1332 2615 1505 2686 ῥάχην
1535 2630 1637 2685 της
1676 2615 1775 2667 καὶ
1816 2614 1939 2667 τότε

349 2710 723 2781 πιστεύσομεν
744 2751 759 2777 ,
802 2711 886 2763 ὅτι
914 2709 1112 2778 ἁνέϐης
1157 2708 1238 2771 εἰς
1268 2708 1361 2761 τὸν
1390 2707 1643 2779 οὐρανόν.
1684 2705 1858 2769 Αὐτὸς
1884 2706 1941 2759 δὲ

350 2802 525 2856 πολλὰ
559 2802 873 2864 σπουδάσας
897 2840 912 2865 ,
950 2802 1046 2855 καὶ
1078 2799 1153 2871 μὴ
1180 2799 1501 2869 δυνάμενος,
1520 2797 1612 2850 καὶ
1643 2792 1799 2851 εἷπον
1829 2796 1942 2852 ὅλοι

352 2892 492 2965 πρὸς
517 2893 701 2947 αὐτόν·
722 2891 921 2946 Ἐλθὼν
950 2890 1186 2944 δέδωκεν
1217 2891 1351 2961 ἡμῖν
1381 2890 1604 2960 εἰρήνην
1631 2889 1699 2944 νά
1720 2887 1942 2961 χαὼσῃς

350 2986 503 3057 ἡμᾶς
534 2989 600 3039 ἐκ
630 2986 731 3056 τῆς
764 2985 1002 3047 πίστεως
1030 2983 1210 3056 ἡμῶν.

2042 2062 2176 2116 tum,
2208 2063 2259 2107 et
2282 2054 2483 2107 animal
2530 2053 2873 2118 irrationale,
2919 2063 2973 2107 et
3002 2054 3149 2106 illam
3185 2052 3345 2106 foras
3397 2053 3637 2124 proieci-

2040 2161 2182 2213 mus,
2212 2156 2267 2201 et
2310 2146 2606 2201 bestiarum
2634 2147 2854 2202 latranti
2887 2159 2941 2203 et
2966 2148 3149 2201 voraci
3197 2149 3488 2201 stomacho
3513 2162 3637 2201 esca

2040 2240 2256 2292 tandem
2334 2240 2531 2295 evasit.
2582 2238 2731 2294 Dixit
2759 2241 3101 2296 Muhaunaed
3140 2258 3153 2294 :
3185 2239 3638 2311 Quandoquidem

2037 2330 2261 2386 nescitis
2287 2330 2377 2386 ubi
2411 2332 2484 2387 sit
2505 2332 2645 2387 illius
2685 2335 3021 2403 sepulcrum,
3052 2337 3329 2404 quomodo
3352 2335 3641 2389 existima-

2044 2426 2115 2479 tis
2142 2439 2228 2478 me
2269 2440 2429 2494 posse
2489 2427 2633 2480 illam
2658 2444 2724 2482 ex
2767 2429 2997 2483 mortuis
3071 2429 3337 2482 excitare.
3371 2428 3638 2484 Dixerunt

2043 2536 2234 2576 oumes
2263 2538 2278 2575 :
2315 2518 2395 2574 Tu
2425 2536 2486 2576 es
2515 2524 2781 2592 propheta
2813 2536 2865 2579 et
2890 2522 3095 2578 electus
3120 2522 3237 2587 Dei,
3266 2531 3322 2577 et
3345 2524 3519 2577 nescis
3547 2524 3637 2578 ιιΙιί

2039 2610 2220 2682 jaceat
2240 2628 2378 2683 equa
2412 2614 2550 2668 ista?
2579 2616 2807 2668 multum
2847 2616 3002 2669 abest
3025 2630 3158 2683 ergo
3207 2625 3267 2669 ut
3318 2612 3468 2668 illam
3515 2630 3641 2684 pos-

2041 2706 2118 2760 sis
2150 2705 2216 2760 ad
2251 2707 2417 2760 vitam
2456 2722 2733 2762 revocare.
2765 2709 2870 2763 Sed
2901 2723 3002 2764 nos
3038 2708 3274 2778 teipsum
3325 2708 3638 2763 beneluve-

2043 2799 2278 2853 niemus.
2305 2797 2369 2852 Et
2396 2813 2519 2853 cum
2548 2799 2761 2869 aliquos
2811 2801 3113 2868 misissent,
3186 2803 3509 2857 invenerunt
3542 2818 3633 2858 ca-

2044 2890 2240 2944 melam
2274 2892 2433 2946 thure
2463 2899 2519 2947 et
2565 2894 2693 2947 vino
2731 2893 3092 2959 inehriatam,
3143 2909 3307 2965 quam
3354 2911 3483 2952 cum
3537 2896 3640 2949 ad-

2043 2982 2328 3038 duxissent
2351 2983 2604 3039 dixerunt
2637 2986 2738 3055 ipsi
2780 3003 2795 3041 :
2832 2984 3039 3040 Revera
3097 2995 3152 3041 tu
3183 3000 3245 3042 es
3298 2986 3442 3044 ﬁlius
3494 2987 3639 3043 illius

351 3082 444 3149 qui
474 3079 561 3134 avi
586 3079 661 3133 tui
708 3079 928 3133 nomine
945 3080 1120 3132 salute
1147 3075 1422 3145 impartita
1456 3083 1674 3132 nostros
1701 3073 1937 3145 decepit.
1976 3070 2129 3127 illum
2158 3089 2290 3145 ergo
2361 3077 2746 3146 corripuerunt
2805 3077 3056 3131 immibus
3087 3086 3209 3147 post
3249 3087 3395 3149 terga
3457 3081 3606 3135 revin

352 3185 526 3242 ctum,
552 3174 880 3231 etdixerunt
913 3171 1036 3228 :Tu
1064 3173 1264 3226 asseris
1303 3173 1445 3242 quod
1476 3170 1531 3225 in
1585 3172 1759 3226 emlos
1815 3169 2137 3236 ascendisti,
2171 3185 2315 3223 nunc
2354 3184 2485 3225 vero
2543 3171 2684 3225 saltu
2754 3180 2806 3225 te
2848 3170 2900 3224 in
2958 3171 3191 3227 sublime
3244 3173 3451 3235 attolle,
3487 3183 3539 3227 et
3582 3182 3637 3229 te

358 3276 558 3324 excute
586 3281 750 3336 supra
800 3264 1019 3321 camelze
1067 3266 1291 3320 dorsum
1322 3266 1459 3318 adeo
1496 3272 1553 3317 ut
1579 3263 1633 3317 in
1669 3263 1798 3318 illud
1849 3263 2078 3334 pedibus
2119 3263 2227 3317 tuis
2279 3277 2386 3317 non
2418 3263 2725 3333 impingas;
2768 3272 2894 3317 tunc
2932 3278 3064 3318 vero
3117 3267 3402 3320 credemus
3454 3275 3506 3320 te
3554 3282 3640 3323 re-

353 3379 487 3420 vera
537 3364 590 3417 in
619 3362 820 3417 coelum
852 3360 1186 3416 ascendisse.
1222 3360 1357 3415 Cum
1385 3375 1515 3415 vero
1551 3360 1720 3414 multa
1781 3368 2017 3414 tentaret
2076 3366 2131 3415 et
2162 3359 2254 3413 tali
2318 3360 2696 3429 experimento
2721 3375 2826 3413 non
2868 3369 3053 3429 posset
3106 3377 3166 3416 se
3214 3365 3630 3431 commendare,

354 3460 614 3513 dixerunt
642 3458 707 3509 ad
758 3456 907 3509 illum
939 3470 1132 3511 omnes
1177 3472 1193 3509 :

354 3552 460 3608 ﬁde
498 3562 680 3606 nostra
705 3549 1003 3603 dimovere.

1248 3454 1481 3510 Veniens
1510 3470 1610 3511 nos
1641 3438 1973 3512 salutewsua
2013 3467 2097 3511 est
2169 3464 2488 3526 prosecutus
2549 3466 2603 3510 et
2673 3456 2844 3511 voluit
2899 3472 3000 3512 nos
3037 3469 3303 3528 quotquot
3365 3474 3553 3516 sumus
3603 3478 3636 3517 a

423 3646 539 3701 Καὶ
583 3640 817 3698 δεικνύω
867 3658 950 3694 σοι
999 3640 1111 3712 ἐγὼ
1166 3644 1195 3697 6
1239 3643 1524 3713 Ἐδεσηνδς
1569 3646 1803 3716 μοναχὺς
1849 3661 1944 3698 πο-

2126 3643 2240 3714 Ego
2270 3656 2451 3701 autem
2482 3646 2787 3703 monachus
2817 3646 3127 3702 Edessenus
3156 3646 3332 3717 qualis
3363 3647 3434 3702 sit
3454 3660 3634 3704 vestra

349 3738 501 3810 ταπὴ
524 3732 666 3792 εἶναι
694 3736 849 3805 ὑμῶν
883 3738 918 3807 ἡ
954 3737 1159 3801 πίστις,
1195 3737 1363 3810 ἤγουν
1401 3737 1561 3791 τοῦτο
1587 3739 1771 3807 ελεγον
1803 3738 1940 3809 πρὸς

348 3832 413 3886 τὸ
437 3829 713 3900 ἑωσφόρον
737 3828 959 3898 ἄστρον,
979 3828 1072 3889 Τίς
1095 3827 1228 3890 θεὸς
1256 3827 1432 3898 μέγας
1455 3829 1529 3891 ὡς
1548 3831 1575 3882 6
1600 3828 1732 3892 Θεὸς
1757 3828 1939 3898 ἡμῶν;

352 3924 465 3977 Καὶ
514 3924 616 3975 οὑκ
676 3921 824 3973 ἐστιν
880 3920 1093 3983 δίκαιος
1145 3920 1286 3989 πλὴν
1316 3919 1426 3977 τοῦ
1468 3921 1604 3974 Θεοῦ
1651 3920 1808 3991 ἡμῶν
1845 3918 1941 3972 τοῦ

353 4013 635 4077 ἐλεοῦντος
654 4056 668 4079 ,
697 4014 792 4066 καὶ
820 4012 1140 4083 ὲλεημένου.
1171 4013 1281 4063 Καὶ
1305 4012 1432 4078 δόξα
1462 4015 1526 4082 τῇ
1555 4012 1780 4081 δυνάμει
1809 4029 1903 4065 σου
1923 4053 1939 4078 ,

354 4110 566 4181 Κύριε,
595 4107 800 4177 Κύριε,
850 4106 927 4177 μὴ
973 4105 1217 4177 χωρίσῃς
1254 4106 1403 4175 ἡμᾶς
1445 4104 1542 4157 τοῦ
1589 4104 1774 4167 ἐλέους
1805 4121 1938 4168 σου,

352 4203 491 4255 ἀλλὰ
541 4200 713 4253 σῶσον
746 4202 894 4269 ἡμᾶς
935 4200 1002 4269 τῇ
1035 4196 1263 4265 δυνάμει
1303 4213 1420 4248 σου·
1475 4197 1668 4266 Ἀμήν.
1724 4195 1836 4249 Καὶ
1871 4196 1941 4249 τὰ

350 4292 596 4361 ὀνόματα
633 4307 745 4342 των
780 4288 1085 4358 ἀνθρώπων
1141 4288 1205 4338 ὲκ
1246 4287 1440 4355 γένους
1478 4286 1588 4339 τῶν
1650 4285 1940 4358 Ἀῤῥάόων

353 4386 591 4456 ὑπάρχει
656 4382 860 4445 οὕτως·
921 4379 1244 4443 Θεόδουὶος,
1284 4379 1683 4448 Θεοχάριστος,
1719 4379 1942 4431 626m:-

355 4494 515 4543 στος,
549 4476 949 4546 Θεοστήρικτος
971 4513 987 4538 ,
1027 4473 1122 4525 καὶ
1155 4471 1430 4542 Θεόδωρος
1457 4488 1471 4502 θ
1506 4471 1673 4540 μέχρι
1717 4470 1812 4523 τοῦ
1845 4469 1941 4523 νῦν

351 4569 522 4637 γενεὰ
569 4569 669 4639 μία
706 4568 817 4621 τῶν
876 4566 1161 4639 Ἀρράϐων
1215 4564 1502 4633 λεγόμενοι
1555 4560 1939 4625 Κουλπιῶται,

352 4664 525 4735 ἤγουν
575 4656 1187 4726 Σκυλιῶται,τοιαύτην
1235 4656 1421 4709 πίστιν
1459 4654 1675 4724 ἔχουσιν
1722 4653 1941 4707 καὶτὸν

353 4754 655 4825 Μουχάμετ
693 4748 1207 4819 ἀναθεματίζουσιν.
1263 4746 1499 4813 Λέγουσι
1550 4744 1715 4798 πάλιν
1748 4746 1776 4798 6
1813 4744 1942 4807 λαὸς

353 4843 451 4898 τοῦ
505 4842 823 4914 Μουχάμετο
895 4841 1049 4893 Ἐπεὶ
1093 4838 1192 4910 τὴν
1233 4838 1482 4909 κάμηλον
1521 4836 1622 4890 οὐκ
1664 4835 1941 4909 ὴδυνήθης

355 4939 630 5009 περᾶσαι,
659 4935 834 5001 δεῖξον
874 4934 1007 5005 ἡμῖν
1048 4932 1279 5004 σημεῖόν
1320 4948 1374 4984 τι
1410 4931 1627 5003 μικρόν.
1696 4931 1939 4995 Ἐκεῖνος

350 5030 635 5100 δεδεμένος
659 5026 767 5091 ὣν,
795 5024 999 5091 ὲξείπε“
1045 5024 1180 5078 Ἀπὸ
1216 5023 1310 5077 τοῦ
1348 5023 1443 5076 νῦν
1466 5024 1565 5076 οὐκ
1586 5022 1695 5093 ἔχω
1716 5024 1939 5094 σημεῖον
1969 5019 2018 5079 D

355 5124 495 5194 πρὸς
523 5123 668 5192 ὑμᾶς
690 5162 705 5183 .
733 5122 816 5174 ὅτι
840 5119 1061 5174 ἄπιστοί
1095 5120 1241 5171 ἐστε.
1274 5116 1543 5185 Λέγουσιν
1575 5116 1745 5187 αὐτῷ·
1784 5116 1857 5168 Σὺ
1892 5117 1942 5169 εἰ

355 5221 620 5285 ἄπιστος,
659 5219 742 5273 ὅτι
783 5216 983 5280 πολλὰς
1024 5214 1203 5285 ψυχὰς
1236 5212 1530 5278 ἀπώλεσας
1562 5213 1785 5278 ἀδίκως.
1834 5215 1945 5269 Kal.

353 5315 625 5386 δήσαντες
654 5310 819 5364 αὑτὸν
841 5310 922 5374 εἰς
946 5308 1045 5380 τὴν
1074 5308 1244 5378 οὐρὰν
1268 5307 1367 5375 τῆς
1395 5325 1461 5377 με
1472 5307 1821 5378 μεθυσμένης
1847 5324 1946 5362 κα·

356 5405 566 5477 μήλου,
625 5403 722 5456 καὶ
774 5402 1136 5473 κεντήσαντες
1193 5399 1365 5469 αὐτὴν
1411 5399 1694 5452 ἀπέλυσαν
1725 5399 1807 5462 εἰς
1848 5400 1943 5454 τὸν

352 5499 574 5567 κάμπον
597 5535 613 5560 ,
666 5497 762 5549 καὶ
803 5492 1143 5563 σκιαζομένη
1194 5493 1228 5562 ὴ
1262 5490 1510 5562 κάμηλος
1540 5491 1671 5544 ποτὲ
1705 5490 1938 5560 φεύγει,

352 5589 486 5643 ποτὲ
506 5588 565 5642 δὲ
591 5588 899 5642 καταπατεῖ
921 5584 1083 5639 αὐτὸν
1112 5584 1256 5638 κατὰ
1303 5584 1620 5656 πρόσωπον,
1651 5584 1746 5637 καὶ
1766 5582 1939 5646 οὕτως

353 5681 712 5753 κατεπατήθη
743 5681 849 5736 ὑπὸ
885 5680 985 5751 τῆς
1011 5679 1283 5751 καμήλου,
1314 5677 1410 5731 καὶ
1439 5678 1624 5741 κακῶς
1647 5679 1936 5750 ἐφονεύοη.

353 5766 527 5838 υῦτος
580 5775 609 5826 6
641 5772 753 5844 βίος
810 5771 1014 5838 αὐτοῦ,
1052 5772 1148 5825 καὶ
1195 5771 1305 5823 τῶν
1346 5769 1589 5823 πάππων
1620 5770 1818 5836 αὐτοῦ,
1861 5771 1938 5832 ὡς

350 5872 627 5937 ἤκουσας,
661 5859 708 5920 ὦ
750 5864 1166 5934 Μουσουλμανέ.
1206 5865 1279 5915 Σὺ
1308 5862 1524 5933 πρῶτον
1557 5861 1933 5932 ὁμολόγησας,

348 5962 431 6013 ὅτι
478 5957 853 6028 ἑϐδομήκοντα
886 5957 982 6011 δύο
1025 5956 1189 6028 φυλαὶ
1223 5956 1332 6011 ἀπὸ
1363 5955 1425 6008 τὸ
1451 5954 1605 6024 γένος
1645 5955 1754 6009 τῶν
1782 5957 1933 6010 Μου-

2047 3744 2103 3791 et
2142 3738 2355 3793 illormn
2409 3740 2568 3805 ﬁdes,
2606 3740 2700 3794 tibi
2738 3740 2915 3809 palam
2956 3739 3172 3794 faciam.
3212 3741 3404 3795 Dicunt
3436 3741 3638 3811 quippe

2049 3829 2367 3900 Phosphoro
2395 3850 2409 3887 :
2443 3832 2576 3899 Quis
2613 3834 2754 3887 Deus
2785 3848 3015 3902 magnus
3047 3833 3188 3885 sicut
3238 3831 3379 3887 Deus
3416 3832 3639 3888 noster?

2046 3930 2232 3985 Etnon
2261 3938 2344 3981 est
2367 3926 2509 3979 Deus
2529 3926 2709 3993 justus
2724 3935 2779 3979 et
2811 3924 3078 3995 benignus
3115 3934 3311 3993 przeter
3342 3924 3508 3980 Deum
3546 3940 3639 3980 no-

2047 4035 2222 4078 strum
2248 4019 2653 4075 misericordem
2671 4026 2725 4070 et
2742 4018 2938 4071 misera
2950 4026 3141 4071 torem.
3160 4016 3242 4070 Sit
3263 4016 3432 4086 gloria
3447 4017 3635 4072 virtuti

2046 4123 2174 4177 tuae,
2193 4128 2224 4165 ο
2255 4110 2505 4175 Domine,
2536 4107 2786 4173 Domine,
2807 4122 2874 4161 ne
2897 4123 2996 4163 nos
3020 4122 3245 4177 separes
3275 4117 3330 4161 et
3356 4124 3636 4165 removeas

2045 4219 2073 4256 a
2117 4200 2486 4257 misericordia
2514 4208 2629 4263 tua,
2655 4199 2749 4254 sed
2784 4199 2951 4252 libera
2983 4206 3039 4252 et
3083 4213 3241 4253 serva
3301 4215 3402 4254 nos
3428 4201 3633 4271 potenti

2048 4295 2242 4349 robore
2273 4302 2398 4345 tuo.
2444 4291 2642 4347 Amen.
2676 4291 2802 4345 llaec
2838 4305 2964 4343 vero
3015 4301 3142 4344 sunt
3195 4296 3631 4361 praestantiorqu

2046 4388 2328 4441 hominum
2366 4384 2584 4438 nomina
2617 4384 2759 4452 apud
2784 4381 3014 4437 Arabas.
3050 4382 3422 4451 Theodoulus,
3456 4384 3634 4441 Theo-

2043 4482 2317 4534 charistus
2372 4477 2739 4541 Theoctistus,
2774 4484 2828 4531 et
2862 4476 3295 4542 Theosterictus,
3341 4487 3397 4533 et
3448 4479 3632 4535 Theo-

2044 4575 2234 4628 dorus.
2263 4571 2345 4625 Ad
2370 4571 2485 4625 hac
2516 4576 2698 4623 autem
2732 4584 2904 4637 usque
2936 4579 3177 4639 tempora
3208 4578 3293 4623 est
3328 4586 3434 4627 una
3485 4587 3635 4643 quae-

2044 4667 2167 4720 dam
2193 4663 2398 4718 familia
2460 4662 2705 4717 Arabum
2770 4661 2860 4731 qui
2916 4661 3172 4715 dicuntur
3217 4660 3479 4732 Colpiotae
3534 4678 3630 4721 seu

2044 4757 2302 4813 Sculiotae
2321 4765 2373 4811 et
2402 4754 2561 4810 talem
2598 4755 2801 4809 habent
2839 4753 2999 4810 fidem
3027 4772 3133 4825 qua
3194 4754 3629 4814 Muhammedem

2044 4849 2394 4904 anathemate
2448 4847 2778 4917 percutiunt.
2820 4845 3024 4900 lterum
3099 4862 3225 4904 vero
3284 4851 3457 4906 turba
3513 4852 3632 4908 ista:

2044 4941 2475 4996 Muhammedem
2494 4937 2820 4994 adoriuntur
2854 4940 3096 4994 dicentes
3134 4959 3147 4994 :
3180 4941 3629 5014 Quandoquidem

2045 5035 2313 5092 camelmn
2372 5032 2514 5088 saltu
2553 5047 2656 5085 non
2685 5032 2904 5101 potuisti
2962 5047 3248 5103 superare,
3301 5035 3494 5090 saltem
3544 5038 3630 5093 vel

2045 5128 2329 5184 minimutn
2359 5128 2585 5181 ostende
2608 5126 2765 5179 nobis
2795 5126 3011 5194 signum
3043 5135 3098 5180 et
3135 5128 3483 5185 miraculum.
3532 5128 3631 5187 Ille

2043 5218 2223 5273 adhuc
2244 5216 2478 5271 vinculis
2506 5218 2836 5270 constrictus
2869 5217 3159 5283 .respondit
3183 5239 3195 5273 :
3220 5215 3337 5272 Non
3355 5219 3512 5275 eritis
3535 5236 3630 5276 vo-

2047 5321 2222 5365 torum
2280 5317 2585 5377 compotes,
2639 5324 2737 5362 nec
2778 5306 2945 5360 ullum
3001 5323 3187 5362 coram
3217 5302 3371 5364 vobis
3399 5312 3630 5378 patrabo

2045 5402 2390 5467 miraculum,
2419 5418 2540 5456 nam
2580 5417 2674 5457 vos
2690 5401 3086 5457 estisinﬁdeles
3138 5412 3192 5456 et
3233 5403 3514 5457 increduli.
3549 5401 3628 5459 Illi

2044 5496 2229 5548 statim
2249 5503 2503 5562 regerunt
2525 5510 2538 5547 :
2561 5491 2641 5546 Tu
2666 5493 2781 5563 ipse
2800 5508 2859 5547 es
2882 5491 3134 5556 inﬁdelis,
3149 5507 3275 5546 nam
3292 5492 3632 5562 quampluri-

2049 5601 2166 5639 mos
2211 5585 2574 5655 injustissime
2627 5585 2930 5655 peremisti.
2964 5584 3229 5655 Illumque
3280 5582 3475 5639 cauda:
3532 5599 3630 5639 ca-

2046 5679 2202 5733 melte
2238 5676 2517 5731 inebriatze
2545 5676 2864 5748 alligarunt,
2895 5692 3056 5747 quam
3094 5676 3300 5731 aculeis
3335 5676 3632 5732 vehemen-

2046 5780 2131 5824 ter
2161 5778 2465 5838 pungentes
2501 5784 2597 5838 per
2625 5786 2849 5839 campos
2880 5780 2934 5824 et
2958 5756 3121 5838 agros
3155 5769 3502 5825 dimiserunt.
3533 5768 3627 5825 Illa

2043 5877 2176 5916 vero
2209 5863 2276 5915 ad
2303 5861 2871 5915 nmhraseommoveri
2894 5861 3079 5926 solita,
3129 5862 3294 5915 modo
3322 5860 3540 5933 fugiens
3560 5862 3628 5918 il-

2045 5954 2152 6010 lum
2183 5953 2459 6022 trahebat,
2483 5956 2645 6011 modo
2672 5967 2836 6027 caput
2864 5955 3094 6028 pedibus
3124 5954 3480 6013 cvnculca'bat
3505 5971 3522 6025 ;
3573 5967 3630 6013 et
