4146 6432
669 377 808 444 1443

1820 385 2390 448 BARTHOLOMEI
2427 388 2767 451 EDESSEN
2776 390 2802 450 Ι

3812 396 3926 463 1444

666 498 815 552 illum
855 497 927 552 ita
957 496 1190 552 calcavit
1215 508 1270 553 et
1307 497 1567 555 contriiit
1598 496 1823 560 cautela,
1855 506 1910 548 ut
1952 497 2018 550 ad
2054 497 2244 551 malam

2359 501 2602 571 σουλμαν
2618 501 2680 552 τιν
2720 498 3010 572 άρνοῐνται
3055 501 3148 553 τὸν
3180 501 3502 575 Μουχάμετ,
3534 504 3634 559 καὶ
3678 507 3926 580 ἀναθεμα-

667 599 893 644 inortem
924 591 1012 644 ille
1039 593 1253 646 tandem
1281 592 1499 646 abierit.
1525 590 1647 645 ilice
1663 599 1746 644 est
1776 589 1917 641 illitis
1941 602 1996 642 et
2028 606 2254 644 avorum

667 687 799 747 vita,
817 684 1090 751 prouttibi
1110 686 1358 749 narravi,
1376 700 1408 738 0
1431 683 1830 738 Mnsulnianne.
1862 681 1924 735 Et
1947 693 1998 736 ιιι
2020 684 2252 752 primum

664 777 946 830 conliteris
985 793 1050 830 ex
1081 785 1194 830 toto
1227 791 1423 844 genere
1461 775 1968 829 Musnlmannoruin
2032 787 2255 843 septua-

664 870 814 938 ginta
841 868 978 922 duas
1016 868 1251 947 familias
1289 885 1383 922 seu
1417 870 1596 921 tribus
1629 864 2068 920 Mahuininedein
2121 866 2252 936 reji-

664 979 789 1016 cere
813 973 865 1016 et
897 963 1371 1018 anatlieniatiSmis
1423 961 1796 1016 acerbissimis
1851 961 1998 1014 illuni
2065 960 2249 1015 ferire.

665 1056 917 1110 Secundo
956 1057 1121 1110 etiam
1181 1056 1384 1110 ass-eris
1451 1065 1692 1124 quatuor
1746 1053 1894 1106 illius
1947 1053 2248 1109 avunculus

663 1148 810 1200 illuni
844 1149 1162 1216 abnegasse,
1198 1157 1252 1201 et
1277 1157 1534 1214 tanquam
1563 1145 1850 1215 impostori
1914 1145 2157 1199 noluisse
2195 1145 2245 1200 ei

661 1238 822 1292 ﬁdem
858 1239 1056 1293 habere
1093 1242 1236 1292 unde
1269 1238 1335 1290 ab
1392 1237 1485 1290 illo
1527 1237 1724 1306 injuste
1775 1237 2085 1306 interempti
2132 1234 2248 1290 fue-

659 1341 808 1385 runt.
846 1332 1060 1385 Primus
1119 1332 1356 1385 nutritor
1408 1330 1551 1384 illius
1605 1329 2256 1398 Abutalepes,secnndus

658 1423 1002 1487 Apontsalcs,
1087 1425 1282 1476 tertius
1317 1419 1817 1488 Amptonlcalepes,
1849 1427 2076 1487 quartus
2107 1417 2252 1473 Mee-

661 1513 800 1568 bias.
837 1515 1148 1568 Muliercnla
1199 1530 1326 1567 vero
1370 1513 1672 1566 litterarum
1717 1513 1864 1566 rudis
1891 1521 1944 1564 et
1996 1510 2250 1580 agrestis,

656 1623 781 1660 cum
812 1618 1015 1672 septem
1052 1607 1240 1660 liberis
1274 1605 1409 1667 Suis,
1443 1605 1589 1657 illum
1622 1602 1924 1656 confutavit
1949 1611 2003 1655 et
2025 1616 2125 1670 pro
2166 1602 2250 1654 iii—

657 1697 766 1750 hilo
799 1699 1004 1752 habuit.
1042 1697 1148 1753 Sed
1202 1709 1257 1751 et
1316 1712 1416 1750 nos
1463 1696 1760 1750 Christiani
1798 1696 2040 1749 bieredes
2099 1697 2247 1762 regni

2356 595 2539 658 τίζουν
2569 593 2755 647 αὐτόν.
2790 593 2900 644 Kal
2929 592 3088 646 πάλιν
3121 595 3185 646 σὺ
3210 594 3409 663 λέγεις,
3435 597 3516 649 ὅτι
3556 596 3656 651 καὶ
3686 599 3930 673 τέσσαρες

2355 689 2491 742 θεῖοι
2524 681 2690 739 αὑτοῦ
2723 686 3028 756 ἠρνήσαντο
3057 684 3246 738 τοῦτον
3273 726 3287 750 ,
3322 688 3417 739 καὶ
3449 685 3522 759 μὴ
3555 690 3928 756 πιστεύσαντες

2358 781 2543 843 αὐτὸν,
2570 779 2648 842 ὡς
2677 778 2942 848 ψεύστην,
2973 777 3176 841 ἀδίκως
3205 777 3579 852 ἐφονεύθησαν
3607 783 3742 854 παρ’
3763 786 3925 850 αὐτοῦ,

2351 874 2380 926 6
2411 871 2628 943 πρῶτος
2655 873 2684 925 6
2720 871 3035 941 ἀναθρέψας
3076 871 3238 924 αὐτὸν
3280 870 3704 945 Ἀπουταλέπης
3724 919 3739 942 ,
3763 877 3926 930 δεύτε-

2361 982 2452 1037 ρος
2512 967 2541 1018 6
2599 961 3003 1034 ’AmiitCalqc‘,
3058 963 3241 1032 τρίτος
3293 965 3321 1017 6
3384 965 3924 1039 Ἀμπτουλχαλέπης,

2355 1057 2618 1126 τέταρτος
2637 1058 2665 1108 6
2685 1054 2978 1118 Μεεϐοίας.
3012 1055 3122 1108 Ka‘t
3144 1056 3178 1126 ἡ
3204 1056 3341 1126 γυνὴ
3369 1058 3508 1125 μετὰ
3535 1057 3650 1111 τῶν
3672 1059 3716 1124 ζ’
3747 1063 3925 1116 παίδων

2357 1146 2556 1216 αύτῆςξ,
2595 1146 2966 1216 ἀγράμματος
2995 1145 3091 1198 καὶ
3115 1145 3329 1216 χωρικὴ
3363 1148 3592 1218 ἤλεγξεν
3629 1150 3821 1217 αὑτὸν,
3848 1153 3924 1207 καὶ

2356 1236 2659 1306 πεποίηκεν
2676 1235 2800 1290 ἀντὶ
2825 1235 3061 1300 οὐδενός.
3100 1233 3262 1291 Ἀλλά
3291 1238 3386 1291 καὶ⁵
3413 1241 3575 1310 ἡμεῖς
3599 1243 3651 1293 oi
3683 1241 3923 1312 Χριστια-

2354 1330 2437 1382 νοὶ
2469 1330 2520 1382 οἱ
2553 1328 2882 1401 κληρονόμοι
2912 1326 3014 1399 τῆς
3057 1325 3337 1399 βασιλείας
3375 1331 3482 1383 τῶν
3519 1333 3771 1403 οὐρανῶν
3793 1376 3808 1402 ,
3845 1336 3922 1388 καὶ

2351 1422 2450 1491 τῆς
2478 1419 2650 1491 ὀρθῆς
2675 1420 2930 1484 ζπίστεως
2960 1419 3316 1490 πρεσϐευταὶ,
3341 1423 3435 1474 καὶ
3464 1423 3583 1488 τοῖς
3613 1425 3784 1487 ὅντως
3806 1442 3920 1496 προ·

2353 1515 2553 1586 φήταις
2601 1512 2923 1576 ἀκόλουθοι,
2987 1511 3286 1582 ἐλέγχομεν
3339 1513 3432 1568 τὸν
3495 1517 3804 1588 κατάρατον
3843 1519 3920 1572 καί

2353 1605 2582 1676 βέϐηλον
2614 1603 2915 1676 Μουχάμετ
2935 1647 2952 1675 ,
2985 1605 3082 1658 καὶ
3123 1603 3360 1676 μάταιον
3391 1609 3484 1662 καὶ
3528 1609 3772 1682 ψεύστην
3802 1612 3918 1664 ἁπο-

2349 1693 2647 1764 καλοῦμεν.

654 1787 916 1852 crelestis,
967 1799 1022 1842 et
1079 1797 1237 1841 recta:
1316 1785 1442 1840 tidei
1488 1785 1647 1854 legati
1688 1796 1744 1838 et
1792 1787 2127 1849 sacerdotes,
2200 1786 2697 1855 prOpIietarumque
2762 1783 2986 1854 vestigia
3046 1783 3418 1840 indesinenter
3469 1799 3800 1856 prementes,
3844 1807 3917 1846 re-

651 1882 870 1950 jicimiis
925 1882 1269 1936 maledictum
1331 1890 1386 1935 et
1452 1878 1742 1949 profanum
1798 1879 2254 1944 Muhammedem,
2296 1878 2558 1948 illumque
2622 1879 2872 1942 stultum,
2907 1893 3101 1933 vanum
3141 1889 3200 1935 et
3264 1879 3619 1951 iinpostorem
3667 1884 3914 1939 renuntia-

656 1992 799 2030 lllllS.

730 2069 882 2121 Enim
915 2079 1041 2119 vero
1076 2080 1198 2117 cum
1229 2061 1594 2118 Musulinanni
1635 2063 1700 2116 :id
1731 2063 1922 2118 urbem
1973 2063 2246 2118 Mcdinam
2282 2070 2327 2128 Β

655 2161 1074 2232 proﬁciscuntur
1118 2167 1178 2211 ut
1215 2171 1374 2211 sacro
1406 2159 1553 2212 cultu
1603 2168 1656 2211 et
1684 2157 2023 2216 orationibus
2049 2156 2245 2210 defun-

654 2262 872 2322 gantnr,
905 2260 1087 2319 rogant
1111 2247 1435 2303 incolasloci
1471 2249 1717 2302 dicentes
1746 2247 2066 2303 :Osiendite
2091 2249 2246 2303 nobis

655 2345 964 2415 sepulcrum
986 2341 1384 2396 Mulianimedis
1418 2351 1476 2394 ιιι
1505 2341 1634 2394 illud
1661 2355 1984 2394 veneremur
2007 2350 2060 2394 et
2087 2340 2241 2409 pruni

654 2438 1051 2493 deosculeuiur.
1069 2435 1419 2503 Respondent
1442 2443 1621 2487 autem
1645 2433 1775 2502 ipsis
1802 2450 1815 2485 :
1843 2431 1908 2485 Et
1932 2432 2054 2501 quis
2071 2440 2248 2499 potest

649 2547 717 2587 eo
751 2531 1071 2584 temeritatis
1104 2529 1381 2589 devenire,
1417 2537 1474 2579 ut
1516 2525 1718 2580 audeat
1752 2526 1952 2578 intueri
1980 2525 2124 2578 illius
2155 2539 2244 2579 sei

653 2624 934 2696 plllt'l'lllll?
974 2623 1109 2675 Nam
1145 2624 1233 2691 qui
1275 2619 1406 2673 illud
1461 2628 1687 2686 asticctu
1740 2633 1839 2672 sun
1895 2619 2246 2672 teincraverit

651 2717 834 2773 statim
866 2717 1039 2769 oculis
1065 2715 1307 2767 orbatur.
1343 2711 1449 2764 Sed
1505 2713 1607 2765 hoc
1641 2720 1726 2765 est
1762 2721 1970 2764 tantum
2030 2712 2246 2764 occasio

649 2820 707 2862 et
732 2817 1047 2876 prmtcxtus,
1071 2817 1125 2859 ct
1151 2816 1321 2858 totum
1352 2805 1794 2872 istudLnegotium
1825 2801 2020 2856 falsum
2047 2810 2154 2866 est,
2189 2813 2246 2856 et

560 2969 569 2977 κ
635 2902 1015 2970 .exc0gitaiinn
1047 2909 1106 2952 ut
1161 2897 1394 2968 populiis
1430 2896 1767 2964 decipiatur,
1799 2911 1867 2950 ne
1899 2896 1964 2949 ad
1997 2896 2245 2951 veritatis

649 2993 1018 3062 cognitionem
1071 2990 1374 3060 perveniat,
1421 2997 1475 3044 et
1526 2988 1610 3043 sic
1678 2989 1934 3041 nuntium
2003 2987 2246 3043 remittat

651 3097 874 3152 prorsus
926 3081 1273 3148 despuenda},
1301 3080 1615 3132 vanissinm
1643 3089 1698 3130 et
1726 3077 2103 3132 insulsissimte
2151 3093 2244 3133 su-

650 3174 983 3244 perstitioni.
1024 3171 1156 3224 Nam
1216 3182 1370 3226 extra
1407 3173 1597 3225 urbem
1627 3169 1840 3223 Medina
1897 3167 2240 3224 fabricarunt

646 3279 698 3321 et
740 3267 1151 3320 acililicaverunt
1203 3280 1416 3317 niuruui
1473 3264 1526 3317 iu
1577 3261 1770 3318 circuli
1839 3261 2094 3326 formam,
2144 3276 2244 3333 per

647 3374 809 3427 quem
844 3359 1025 3411 nullus
1052 3359 1211 3411 datur
1237 3359 1441 3422 aditus,
1494 3367 1550 3411 et
1586 3355 1726 3424 apud
1782 3371 1972 3410 omnes
2037 3355 2238 3410 famam

2436 2063 2529 2128 Ὠς
2566 2063 2624 2116 δὲ
2663 2065 2713 2117 oi
2741 2065 3164 2136 Μουσουλμανο“ι
3206 2066 3582 2139 ἀπερχόμενοι
3630 2068 3712 2132 είς
3742 2067 3796 2122 τὸ
3831 2067 3910 2122 κά-

2354 2171 2516 2226 στρον
2558 2155 2777 2210 Ματινὰ
2816 2156 2910 2209 ἐπὶ
2943 2159 3005 2210 τὸ
3041 2155 3486 2228 προσεύξασθαι,
3524 2157 3770 2229 ἐρωτῶσι
3808 2159 3910 2222 τοὺς

2351 2247 2532 2300 ἐκεῖσε
2561 2247 2844 2311 ἐντοπίους
2861 2248 3140 2317 λέγοντες,
3156 2247 3507 2313 ’Υποδείξατε
3526 2251 3661 2320 ἡμῖν
3673 2249 3758 2302 τὸν
3772 2249 3907 2318 τάφον

2347 2336 2444 2392 τοῦ
2476 2338 2779 2410 Μουχάμετ
2799 2378 2815 2402 ,
2849 2338 2937 2392 ἵνα
2969 2336 3355 2409 άσπασώμεθα
3387 2338 3572 2394 αὐτόν.
3607 2339 3720 2392 Kal
3747 2338 3902 2407 λέγου-

2351 2446 2435 2482 σιν
2468 2430 2650 2492 αὐτοῖς
2686 2447 2700 2460 ο
2730 2431 2843 2483 Ka‘t
2889 2429 2975 2493 τίς
3008 2429 3186 2500 τολμᾶ
3231 2430 3361 2482 ίδείν
3405 2429 3498 2482 τὸν
3535 2428 3709 2497 τάφον
3739 2426 3902 2491 αὐτούς

2361 2523 2418 2575 Ὁ
2451 2521 2562 2594 γάρ
2604 2522 2729 2575 ἰδὼν
2761 2523 2853 2575 τὸν
2873 2524 3045 2592 τάφον
3074 2522 3242 2576 αὑτοῦ
3287 2522 3611 2593 τυφλοῦται.
3651 2521 3756 2575 Kal
3783 2521 3902 2575 ἐστιν

2347 2615 2574 2686 ἀφορμὴ
2610 2615 2770 2670 τοῦτο
2799 2617 2895 2669 καὶ
2932 2617 3240 2686 πρόφασις,
3275 2616 3372 2670 καὶ
3415 2618 3445 2670 6
3490 2616 3654 2686 λόγος
3700 2616 3902 2686 ψευδὴς.

2347 2707 2437 2760 ἵνα
2471 2708 2643 2771 ὁλαὸς
2692 2709 2973 2761 ἀπατᾶται
2994 2749 3009 2773 ,
3044 2709 3142 2762 καὶ
3193 2707 3270 2778 μὴ
3307 2708 3452 2780 μάθῃ
3486 2709 3551 2761 τὸ
3591 2708 3799 2781 ἀληθὲς,
3825 2707 3902 2760 καὶ

2346 2799 2520 2864 οὕτως
2541 2840 2555 2863 ,
2594 2802 2852 2872 άθετήσει
2895 2804 2961 2873 τῇ
2993 2800 3368 2872 καταπτύστῳ
3397 2805 3490 2855 καὶ
3533 2803 3768 2870 γέλωτος
3796 2801 3902 2870 ἀξίᾳ.

2347 2894 2639 2966 θρησκείᾳ.
2697 2894 3151 2966 Ἐμηχανήσαντο
3191 2893 3300 2966 γὰρ
3344 2895 3439 2947 καὶ
3479 2893 3704 2949 ἔκτισαν
3747 2892 3900 2962 γύρω-

2347 2986 2439 3040 θεν
2483 2990 2664 3057 τεῖχον
2708 2987 3039 3058 κυκλοτερὲς
3081 2984 3388 3042 άδιόδευτον
3422 2986 3632 3042 ἔσωθεν
3682 2987 3772 3041 τοῦ
3817 2984 3900 3038 κά-

2348 3097 2514 3152 στρου
2549 3079 2802 3147 Ματινά,
2843 3081 2938 3134 καὶ
2979 3079 3435 3151 διαφημίζουσιν,
3471 3081 3529 3145 ἐς
3577 3081 3790 3135 ἅπαντα
3825 3079 3899 3131 τὸν

2344 3173 2498 3240 λαὸν,
2530 3173 2613 3226 ὅτι
2638 3171 2789 3236 ἐντὸς
2812 3170 3007 3225 τούτου
3040 3171 3190 3225 ἐστὶν
3219 3175 3247 3226 6
3269 3174 3438 3242 τάφος
3467 3171 3562 3226 τοῦ
3590 3172 3897 3244 Μουχὰμετ,

2345 3268 2442 3323 καὶ
2471 3267 2532 3322 ού
2559 3265 2786 3322 δύναταί
2806 3283 2890 3330 τις
2919 3261 3082 3330 ίδεῖν,
3118 3264 3206 3320 ἵνα
3239 3264 3314 3338 μὴ
3342 3265 3626 3336 τυφλωθῇ.
3658 3265 3762 3320 Καὶ
3790 3281 3898 3334 κρα-

2308 3359 2315 3429 ξ
2345 3364 2431 3411 τετ
2458 3361 2488 3416 ἢ
2523 3357 2748 3428 τοιαύτη
2775 3356 2958 3429 πλάνη
3002 3358 3083 3422 είς
3115 3358 3242 3420 τοὺς
3275 3356 3554 3429 διαδόχους
3589 3360 3673 3424 εἰς
3699 3358 3787 3421 τὰς
3817 3371 3899 3410 κα-

646 3422 1007 3506 disseminant
1071 3450 1143 3506 ibi
1187 3452 1394 3506 servari
1451 3422 1766 3516 sepulcrum
1821 3449 2240 3515 Muliaminedis,

2349 3439 2505 3512 θεξῆς
2540 3441 2654 3498 τῶν
2677 3422 3122 3520 Μουσουλμανῶν
3157 3450 3368 3519 γενεάς.

645 3543 740 3597 sed
803 3541 1076 3596 neminem
1108 3542 1172 3596 ad
1205 3540 1336 3595 illud
1366 3541 1630 3598 accedere
1657 3556 1724 3595 ne
1758 3541 1901 3595 illius
1961 3540 2255 3598 curiositas
2327 3543 2610 3599 oculorum
2658 3543 2960 3614 privatione
3020 3553 3421 3611 couipcnsetur.
3456 3541 3523 3596 Et
3583 3539 3896 3599 sunessioiie

648 3638 888 3708 viguitet
914 3622 1151 3690 obt'inuit.
1174 3637 1276 3690 ista
1305 3637 1604 3708 imposuira
1640 3652 1812 3708 usque
1851 3638 1916 3690 ad
1947 3649 2239 3705 sequentes
2280 3638 2784 3696 Musulmannorum
2819 3639 3221 3710 generationes.

721 3729 1009 3784 Ahubaker
1066 3745 1193 3785 Vero
1223 3733 1313 3785 diu
1375 3732 1732 3801 exspectabat
1794 3744 1853 3785 ιιι
1895 3731 2242 3788 Mnhanimed

645 3833 1037 3877 reverteretur.
1070 3821 1205 3876 Cum
1233 3838 1362 3876 vero
1395 3825 1624 3892 populus
1668 3824 1877 3878 videret
1925 3825 2078 3878 illum
2133 3841 2240 3880 non

651 3912 1006 3976 redire,illius
1032 3913 1183 3966 obliti
1209 3915 1722 3978 suut,etdixerunt:
1743 3916 2012 3985 Aﬂ‘eratis
2037 3919 2240 3988 scripta

640 4017 766 4074 qua:
803 4005 955 4059 vobis
986 4003 1210 4059 tradidit
1248 4005 1618 4074 Miiliainmed,
1649 4018 1707 4062 nt
1756 4009 1920 4064 simul
1978 4011 2242 4082 colligan-

643 4104 864 4164 gantnr,
892 4107 946 4150 et
993 4111 1060 4151 ex
1107 4097 1213 4152 illis
1278 4113 1442 4152 unum
1496 4101 1588 4152 liat
1633 4100 1908 4157 volumen.
1967 4099 2242 4158 Successit

642 4203 777 4243 sero
819 4187 1110 4242 Abuliaker
1152 4191 1203 4243 in
1236 4190 1411 4244 locum
1446 4191 1864 4256 Muliaminedis,
1889 4203 1944 4248 et
1989 4193 2236 4264 calipha-

639 4295 734 4337 tus
758 4299 851 4338 seu
906 4283 1202 4336 virai'iatns
1249 4299 1448 4338 munus
1497 4295 1553 4339 et
1599 4287 1920 4356 dignitatem
1977 4289 2235 4343 obtinuit.

640 4375 780 4432 Erat
805 4390 933 4429 vero
962 4375 1229 4430 Otmanes
1265 4378 1441 4430 scriba
1468 4377 1701 4432 eximius
1747 4387 1800 4433 et
1825 4378 2238 4436 cclcbet't‘itttus.

647 4469 943 4522 Constituit
963 4480 1141 4522 autem
1169 4469 1317 4522 illum
1363 4469 1657 4525 Abubaker
1684 4481 1742 4525 ιιι
1771 4474 1953 4526 omnia
1988 4471 2240 4526 Muham-

649 4560 821 4614 medis
859 4561 1064 4629 scripta
1095 4560 1400 4638 colligeret,
1433 4575 1498 4614 ex
1531 4560 1752 4630 illisque
1781 4579 1945 4615 unum
1978 4562 2243 4617 conﬂaret

647 4650 896 4705 volumen
987 4652 1130 4720 quod
1197 4668 1341 4705 nunc
1399 4653 1600 4720 ubique
1643 4654 1788 4707 venit
1843 4654 1946 4708 sub
2023 4657 2243 4711 nomine

2422 3736 2481 3791 '0
2512 3736 2570 3790 δὲ
2610 3736 2969 3806 Ἀποπάκρης
2992 3734 3286 3806 ἐπερίμενε
3307 3733 3401 3788 τοῦ
3427 3731 3780 3803 ὑποστρέψαι.
3811 3727 3896 3780 Καὶ

2343 3828 2547 3892 ἰδόντες
2577 3828 2740 3882 αὑτὸν
2762 3867 2777 3892 ,
2807 3828 2891 3881 ὅτι
2923 3826 3023 3880 οὐκ
3047 3822 3211 3898 ἦλθεν
3242 3825 3728 3896 άπεμενοίμνησαν
3763 3819 3894 3873 αὐτὸν

2340 3923 2437 3976 καὶ
2475 3922 2694 3990 λέγουσι
2725 3919 2864 3992 πρὸς
2888 3919 2980 3973 τὸν
3007 3919 3136 3973 λαόν
3154 3933 3169 3949 ο
3199 3918 3406 3988 Φέρετέ
3432 3915 3535 3981 τὰς
3585 3913 3795 3987 γραφὰς
3815 3910 3895 3964 αύ-

2337 4014 2434 4068 τοῦ
2458 4055 2473 4079 ,
2508 4014 2575 4079 ἃς
2605 4014 2840 4068 δέδωκεν
2886 4012 3018 4083 ὑμῖν
3050 4012 3077 4064 6
3105 4011 3405 4082 Μουχάμετ
3424 4048 3441 4075 ,
3487 4009 3575 4064 ἵνα
3610 4003 3894 4078 σωρευθῶσι

2341 4109 2438 4162 καὶ
2466 4087 2735 4176 γένωνται
2767 4104 2971 4176 βιϐλίον
2993 4105 3074 4158 ἐν.
3101 4103 3210 4159 Kal
3230 4101 3484 4158 ἐκάθισεν
3515 4103 3543 4156 6
3575 4098 3895 4167 Ἀποπάκρης

2345 4200 2657 4272 χαλιφάτης
2703 4199 2825 4252 ἀντὶ
2878 4197 2971 4252 τοῦ
3014 4197 3339 4267 Μουχάμετ.
3377 4189 3490 4247 ’Ἦν
3535 4193 3593 4248 δὲ
3654 4190 3894 4262 Ὀθμάνης

2345 4292 2740 4366 γραμματικὸς
2775 4291 2938 4346 πάνυ.
2975 4289 3087 4342 Kal
3123 4287 3385 4352 ἐπέταξεν
3420 4285 3570 4356 αὐτῷ
3615 4285 3643 4338 6
3690 4276 3897 4338 Ἀποπά·

2345 4403 2486 4457 κρης
2537 4385 2813 4454 σωρεῦσαι
2863 4383 3042 4446 πάσας
3074 4380 3175 4444 τὰς
3214 4380 3436 4452 γραφάς
3479 4377 3574 4430 τοῦ
3625 4373 3894 4443 Μουχάμετ

2345 4477 2572 4548 ποιῆσαι
2609 4475 2778 4538 αὑτάς
2827 4475 3031 4547 βιϐλίον
3065 4473 3122 4526 ἒν
3161 4472 3222 4525 τὸ
3263 4472 3560 4542 λεγόμενον
3604 4469 3892 4538 Κουρανιον.

2345 4569 2454 4621 Kal
2492 4567 2795 4636 πεποίηκεν
2833 4565 2992 4620 τοῦτο
3021 4564 3165 4619 καθά
3191 4564 3502 4635 ὁρίστησεν.
3541 4563 3652 4617 Καὶ
3678 4561 3737 4615 τὸ
3768 4572 3896 4628 πρω-

2343 4661 2578 4714 τότυτεον
2615 4658 2810 4712 τούτου
2851 4660 2917 4712 ἐκ
2955 4656 3151 4728 ,χειρὸς
3192 4654 3287 4709 τοῦ
3335 4655 3600 4726 Ὀθμάνου
3635 4655 3796 4708 κεῖται
3828 4645 3893 4707 είς

627 4739 919 4798 Μοοτδιιί.
954 4740 1058 4796 Ista
1097 4757 1230 4797 vero
1261 4745 1601 4798 exsecutioni
1653 4747 1934 4799 mandavit
1965 4745 2106 4802 sicut
2138 4749 2232 4803 de-

2349 4751 2442 4821 τὴν
2473 4747 2752 4820 Τροῦλλαν
2774 4747 2876 4820 τῆς
2908 4747 3209 4818 ἐκκλησίας
3239 4745 3336 4799 τοῦ
3370 4745 3688 4818 Προδρόμου
3715 4745 3788 4804 εἰς
3809 4737 3892 4807 τὴν

630 4845 793 4889 acrem
854 4833 1094 4889 fuerant.
1172 4833 1237 4888 Et
1291 4835 1450 4890 istius
1523 4835 1646 4891 libri
1703 4839 2098 4910 autographuni
2145 4856 2241 4896 seu

2345 4843 2639 4912 Δαμασκὸν
2674 4844 2755 4906 εἰς
2784 4841 2845 4894 τὸ
2881 4840 3131 4912 Τζεμεὴν
3155 4839 3482 4910 λεγόμενον,
3512 4838 3541 4891 6
3573 4839 3718 4891 ἐστιν
3750 4833 3886 4885 Euva-

633 4935 968 4997 protmypus
1009 4943 1173 4980 manu
1205 4927 1376 4996 ipsius
1408 4927 1668 4981 Otliniani
1725 4931 1964 4998 scriptus
2008 4941 2064 4985 et
2113 4946 2244 4985 exa-

2349 4939 2498 5008 γωγὴ
2529 4938 2722 4991 τόπου.
2765 4936 2878 4989 Καὶ
2903 4935 3040 4988 ὅπου
3071 4934 3217 4988 ἐστὶν
3255 4934 3317 4986 τὸ
3341 4932 3642 5003 Κουράνιόν
3665 4947 3751 4983 σου
3769 4941 3783 4957 ·
3812 4939 3893 4978 πε-

634 5016 797 5069 -ra'tus
826 5019 1007 5070 adhuc.
1065 5019 1224 5072 hodie
1288 5030 1608 5074 asservatur
1657 5020 1708 5073 in
1755 5017 1936 5075 Trulla
1985 5022 2243 5078 Ecclesia:

640 5106 877 5163 Joannis
912 5107 1173 5177 Baptistae
1202 5111 1559 5178 praecursoris
1588 5111 1797 5166 DOmini
1845 5113 1971 5168 Jesn
2012 5113 2238 5180 Christi,

644 5202 696 5254 in
738 5200 871 5254 urbe
908 5203 1178 5266 Damasci,
1209 5205 1260 5256 in
1301 5204 1420 5258 loco
1459 5204 1552 5274 qui
1582 5206 1783 5259 dicitur
1810 5204 2100 5270 Tsenieen,
2143 5210 2234 5278 qui

640 5304 726 5349 est
758 5294 859 5348 loci
894 5295 1208 5364 Syuagoga.
1252 5295 1328 5350 lbi
1366 5307 1680 5352 asservatur
1728 5301 2028 5358 Alcoranns
2087 5312 2232 5357 tuus.

643 5388 903 5443 Continet
937 5403 1067 5442 vero
1101 5389 1417 5444 innumeras
1446 5407 1638 5459 nugas,
1663 5404 1719 5444 et
1781 5393 2032 5462 liguienta
2087 5396 2234 5450 nullo

644 5482 869 5537 tibicine
904 5490 961 5537 et
990 5481 1347 5536 fundamento
1396 5482 1638 5536 suﬂiilta.
1671 5478 1832 5539 Verbi
1870 5489 2046 5554 gratia
2091 5484 2234 5557 quod

640 5574 988 5631 Abraliamus
1039 5576 1212 5644 patris
1271 5574 1412 5629 idola
1471 5575 1823 5648 confregerit,
1857 5582 1997 5648 quod
2057 5579 2235 5635 Moses

645 5681 792 5722 mare
827 5669 1074 5722 diviserit
1103 5668 1366 5736 viamque
1396 5668 1601 5739 -p0piilo
1633 5673 1907 5738 paraverit
1955 5690 2059 5743 qua
2089 5676 2235 5729 sicco

646 5759 780 5825 pede
806 5759 1035 5829 populus
1062 5760 1467 5829 pertransierit.
1501 5759 1714 5815 Pharao
1746 5778 1874 5818 vero
1905 5767 2064 5836 aquis
2093 5781 2237 5821 mer-

643 5865 736 5905 sus
774 5850 958 5918 lueiit,
987 5854 1127 5926 quod
1162 5850 1277 5908 Noe
1333 5869 1518 5908 arcam
1553 5855 1876 5928 condiderit,
1906 5859 2052 5929 quod
2114 5869 2232 5918 cete

2346 5030 2516 5100 ριὲχει
2548 5027 2820 5099 φλυαρίας
2847 5028 2943 5081 καὶ
2971 5025 3131 5096 λόγια
3162 5025 3530 5096 άθεμελίωτα,
3557 5024 3634 5077 ὅτι
3679 5013 3892 5090 Ἀϐραὰμ

2341 5120 2570 5171 ἔθλασεν
2603 5115 2673 5172 τὰ
2713 5119 2910 5172 εἴδωλα
2929 5158 2944 5183 ,
2982 5119 3011 5171 6
3031 5115 3285 5186 Μιυῦσῆς
3319 5115 3503 5186 ἔσχισε
3535 5111 3631 5184 τὴν
3654 5112 3890 5167 θάλασσαν

2347 5214 2441 5265 καὶ
2473 5211 2735 5275 ἐπέζευσε
2779 5211 2858 5283 τῷ
2888 5209 3004 5281 λαῷ
3038 5208 3227 5274 αὐτοῦ,
3261 5207 3356 5262 καὶ
3379 5205 3576 5279 Φαραὼ
3606 5201 3884 5268 ἑποντίσθη,

2345 5305 2470 5359 Νῶε
2514 5306 2740 5374 ἐποίησε
2775 5304 3030 5368 κιϐωτὸν,
3083 5304 3270 5356 Ἰωνᾶν
3306 5301 3535 5355 κατέπιε
3575 5297 3749 5371 κῆτος,
3776 5295 3886 5362 Χρι-

2347 5399 2470 5462 στὸς
2524 5400 2752 5470 νεκροὺς
2809 5399 3138 5468 ἀνέστησεν,
3216 5395 3414 5465 Ἰωσὴφ
3490 5391 3885 5464 ἐκληρονόμησεν

2343 5489 2624 5558 Αἴγυπτον
2639 5528 2653 5554 ,
2687 5488 2855 5541 Δαϐὶδ
2875 5487 3195 5558 Ψαλτήριον
3219 5487 3544 5555 πεποίηκεν,
3561 5481 3792 5553 Σολομῶν
3806 5475 3885 5536 τὰς

2341 5579 2516 5645 λέξεις
2546 5580 2656 5633 τῶν
2694 5581 2900 5652 θηρίων
2924 5581 3017 5633 καὶ
3049 5579 3157 5631 τῶν
3190 5577 3456 5632 πετεινῶν
3487 5575 3786 5647 ἐγνώρισεν.
3812 5569 3884 5621 καὶ

2338 5675 2367 5726 6
2398 5674 2702 5745 Μουχάμετ
2733 5677 2812 5738 εἰς
2846 5675 2938 5727 τὸν
2969 5675 3200 5746 οὐρανὸν
3228 5673 3421 5742 ἀνέϐη,
3463 5674 3556 5725 καὶ
3594 5671 3883 5740 συνήντησεν

2336 5768 2417 5839 τῷ
2445 5766 2690 5839 Χριστῷ,
2715 5769 2812 5821 καὶ
2838 5768 3129 5837 συνέτυχεν
3152 5765 3304 5836 αὐτῷ
3328 5767 3423 5819 καὶ
3455 5757 3610 5836 εὗρεν
3633 5764 3660 5815 6
3696 5756 3880 5848 Μουχά·

2341 5878 2464 5932 μετ,
2496 5861 2624 5915 ὅταν
2663 5861 2834 5933 ἀνέϐη
2879 5862 2959 5926 είς
2990 5861 3081 5915 τὸν
3123 5859 3388 5930 οὐρανὸν,
3421 5847 3794 5930 γεγραμμένον
3814 5847 3878 5928 είς
