4146 6490
377 439 512 503 Ιίτὸ

1582 434 2068 497 CONFUTATIO
2135 435 2500 498 AGARENI.

3521 449 3656 515 1446

369 551 460 604 τὸν
492 549 684 620 θρόνον
716 547 810 600 τοῦ
841 546 1001 612 Θεοῦ,
1033 548 1134 601 οὑκ
1164 547 1311 600 ἔστιν
1344 546 1476 608 Θξὸς
1512 546 1647 616 πλὴν
1676 547 1770 600 τοῦ
1806 549 1942 601 Θεοῦ

2074 551 2265 606 lenam
2323 552 2641 614 voraverit;
2696 557 2836 621 qum!
2900 555 3148 611 Christus
3208 572 3448 616 mortuos
3512 568 3661 620 exci-

371 644 468 697 καὶ
499 646 527 697 6
561 645 869 714 Μουχάμετ
927 642 1227 706 ἀπόστολος
1258 641 1422 696 Θεοῦ.
1451 642 1563 695 Καὶ
1592 642 1741 710 λέγει
1770 646 1799 696 6
1837 645 1976 709 Θεὸς

369 738 451 798 είς
473 735 632 789 ἄλλον
667 736 831 787 τόπον
872 736 929 787 ὲν
960 734 1037 804 τῷ
1069 733 1364 804 Κουρανίῳ
1390 750 1507 786 σου·
1540 735 1855 804 Χαιρετίζω
1888 753 1970 798 σε,

369 828 703 898 Μουχάμετ,
746 828 844 880 σὺν
896 827 973 897 τῷ
1007 826 1140 896 οἴκῳ
1186 826 1280 880 καὶ
1323 824 1436 896 λαῷ
1477 843 1604 878 σου·
1646 826 1882 897 ἀλλαχοῦ
1915 829 1970 880 δὲ

368 919 516 989 λέγει
557 920 618 972 τὸ
650 920 960 991 Κουράνιόν
993 936 1110 972 σου*
1171 919 1234 972 Ἠ
1268 919 1506 988 Μαριὰμ
1543 917 1716 986 ἔφαγε
1758 919 1971 986 καρπὸν

371 1017 630 1084 φοινίκων
662 1015 756 1068 καὶ
783 1011 1170 1082 ἐγγαστρώθη.
1208 1010 1604 1080 Μουσουλμανὲ
1629 1052 1644 1074 ,
1685 1010 1876 1079 ἐπειδὴ
1910 1011 1971 1064 τὸ

371 1109 674 1181 Κουράνιόν
709 1125 802 1161 σου
830 1106 1012 1175 λέγεις
1041 1105 1101 1170 ἐξ
1134 1104 1362 1177 οὐρανοῦ
1405 1104 1668 1158 κατελθὸν
1699 1105 1790 1158 καὶ
1821 1103 1968 1157 ἐστιν

368 1201 524 1270 λόγος
555 1201 690 1253 Θεοῦ
713 1241 728 1267 ,
781 1199 877 1252 καὶ
924 1199 1260 1269 συνὰναρχος
1282 1239 1296 1262 ,
1343 1197 1417 1261 ὡς
1451 1197 1634 1265 λέγεις
1657 1237 1671 1258 ,
1709 1195 1826 1260 πῶς
1868 1197 1969 1249 οὑκ

366 1294 506 1348 είσὶν
540 1295 600 1346 ὲν
642 1291 793 1362 αὐτῷ
833 1289 1141 1360 δηλούμενα.
1173 1290 1330 1358 λόγια
1362 1289 1679 1352 νουθετικὰ,
1714 1288 1810 1340 καὶ
1849 1289 1967 1357 ὀρι-

368 1385 566 1452 στικά,
599 1385 696 1437 καὶ
731 1383 1047 1454 θεοπρεπῆ,
1089 1379 1274 1443 καθὼς
1303 1381 1398 1434 καὶ
1430 1378 1509 1450 τῷ
1536 1381 1746 1450 Μωῦσῇ
1779 1379 1965 1447 ἔλεγεν

362 1479 392 1531 6
423 1477 589 1543 Θεὸς,
637 1478 720 1531 ὅτι
779 1477 1012 1544 Ποίησον
1041 1474 1169 1526 τάδε
1204 1475 1301 1527 καὶ
1345 1473 1508 1539 τάδε;
1560 1472 1696 1526 ἀλλὰ
1726 1472 1874 1540 λέγει
1905 1471 1965 1522 τὸ

365 1567 578 1639 βιϐλίον
610 1583 743 1631 σου,
778 1565 855 1628 ὡς
898 1565 1120 1633 λέγεις,
1173 1564 1255 1617 ὅτι
1301 1564 1358 1616 Ὀ
1399 1563 1576 1626 δεῖνας
1623 1563 1825 1631 ἔφαγεν
1868 1561 1959 1613 τὸν

363 1659 614 1731 καρπὸν,
645 1661 673 1712 6
716 1657 902 1728 ἕτερος
927 1657 1128 1724 ὑπάγει
1163 1655 1499 1725 κοιμηθῆναι
1520 1694 1534 1718 ,
1560 1656 1589 1707 6
1621 1654 1779 1717 ἄλλος
1821 1652 1958 1706 πλύ-

362 1771 445 1806 νει
481 1752 551 1804 τὰ
584 1750 778 1821 ἱμάτια
808 1749 974 1802 αὑτοῦ
999 1789 1013 1811 ,
1049 1750 1078 1800 6
1115 1747 1276 1810 ἄλλος
1311 1748 1564 1817 εἰσῆλθεν
1598 1749 1680 1810 είς
1713 1747 1814 1818 τὴν
1845 1764 1961 1800 κοι-

362 1843 485 1898 λίαν
506 1843 602 1898 τοῦ
642 1843 863 1914 κήτους,
898 1843 925 1894 ό
956 1839 1116 1904 ἄλλος
1149 1839 1439 1911 συνέτριψε
1470 1841 1539 1894 τὰ
1570 1838 1793 1906 εἴδωλα,
1864 1840 1962 1894 άλ-

2079 644 2410 714 larit;qnod
2449 643 2646 714 Ioseph
2686 646 2981 717 IEgyptttm
3027 659 3084 701 ιιι
3116 653 3484 708 hatreditatetn
3534 673 3659 725 pns-

2075 736 2330 801 sederit;
2395 738 2540 805 quod
2637 736 2803 792 David
2879 739 3197 808 psalterium
3248 751 3658 817 tomposnerit;

2075 830 2216 896 quod
2266 828 2524 882 Salomon
2554 831 2866 884 animalium
2903 836 3242 887 terrcsu'ium
3282 845 3334 889 et
3363 839 3658 894 \‘0lttlllillttl

2074 919 2282 989 linguas
2310 930 2364 976 et
2414 935 2570 975 voces
2625 923 2832 990 Optime
2899 925 3188 993 calluerit;
3223 931 3366 996 quod
3421 931 3662 985 Multam-

2073 1013 2193 1064 med
2259 1013 2309 1065 in
2370 1013 2567 1066 caelum
2628 1016 2962 1077 ascenderit.
3009 1019 3203 1075 obvius
3263 1020 3438 1077 factus
3495 1022 3659 1078 fuerit

2072 1104 2293 1158 (Lhristo
2347 1120 2455 1173 quo
2501 1123 2620 1159 ctnu
2671 1109 2821 1161 varia
2884 1110 3134 1164 habuerit
3206 1113 3470 1180 colloeluia
3515 1117 3661 1184 quod

2074 1197 2344 1251 invenerit
2390 1197 2760 1264 Muhamnted,
2799 1219 2918 1254 ctnn
2959 1203 3012 1255 itt
3067 1204 3236 1259 crrlos
3280 1210 3660 1274 pervenisset,

2077 1287 2191 1341 haec
2218 1289 2383 1342 verba
2421 1291 2620 1345 throno
2654 1291 2744 1347 Dei
2797 1295 3034 1360 asot-ipta
3069 1310 3082 1347 :
3113 1295 3228 1350 Non
3265 1307 3345 1349 est
3384 1296 3527 1353 υνυς
3557 1300 3658 1355 nisi

2036 1395 2043 1403 '
2073 1379 2235 1445 Dens,
2265 1392 2319 1436 et
2353 1382 2697 1437 Multamtned
2735 1388 3010 1455 apostolus
3039 1389 3155 1445 Dei.
3188 1391 3395 1464 Alicnbi
3429 1408 3558 1446 vero
3605 1394 3658 1446 in

2066 1470 2336 1524 Alrorano
2369 1482 2458 1525 tuo
2482 1475 2610 1527 dicit
2642 1473 2785 1529 Deus
2823 1495 2835 1531 :
2862 1477 2938 1532 Te
2970 1479 3173 1542 Sultllo,
3201 1497 3234 1534 ο
3291 1481 3654 1547 Multamtned,

2070 1577 2194 1615 cum
2231 1562 2432 1616 fatttilia
2493 1575 2548 1619 et
2581 1575 2692 1618 toto
2716 1569 2909 1636 populo
2961 1580 3070 1625 tuo.
3106 1572 3246 1626 Alibi
3305 1575 3468 1627 etiam
3526 1576 3659 1629 dicit

2066 1654 2377 1707 Alcoranus
2414 1658 2557 1725 quod
2595 1657 2760 1711 Maria
2815 1660 3022 1714 fructus
3071 1665 3370 1730 palmarum
3424 1667 3658 1722 ediderit

2066 1745 2209 1800 unde
2229 1748 2451 1814 gravida
2501 1747 2666 1803 fuerit
2723 1761 2776 1804 ct
2809 1761 3022 1806 uterum
3077 1757 3402 1819 gesserit.0
3455 1758 3658 1814 Musul-

2064 1855 2244 1902 mane,
2269 1842 2708 1912 quandoquidem
2732 1843 3248 1912 jactasAlt-oranum
3270 1858 3417 1903 tuum
3439 1865 3470 1904 e
3516 1853 3656 1907 ctelo

360 1935 451 1998 λος
486 1934 642 2006 φησι,
666 1934 760 2004 Μὴ
788 1932 1022 2004 τρώγεις
1051 1932 1263 2003 χοίριον
1281 1972 1296 1994 ,
1324 1932 1404 2003 τῷ
1428 1931 1572 2001 ἄλλῳ
1594 1927 1778 1985 εἶπενο
1822 1933 1950 1986 Βάλε

2068 1933 2442 1996 descendisse,
2469 1934 2734 2005 illumque
2766 1952 2888 1992 esse
2943 1939 3164 1993 verbum
3199 1941 3312 2005 Dei,
3343 1941 3451 1997 Deo
3513 1959 3655 1998 coae-

356 2029 452 2082 τὸν
487 2028 752 2082 δάκτυλόν
789 2043 882 2078 σου
921 2027 1000 2088 είς
1038 2025 1137 2096 τὴν
1176 2025 1447 2096 καθέδραν
1482 2043 1611 2091 σου,
1647 2027 1745 2079 καὶ
1789 2026 1956 2081 πλῦνε

357 2122 589 2184 ἑαυτὸν,
635 2121 729 2175 καὶ
767 2119 966 2172 ἔκϐαλε
1003 2119 1065 2169 τὸ
1102 2117 1372 2170 δάκτυλόν
1413 2134 1530 2181 σου,
1563 2118 1662 2170 καὶ
1706 2117 1833 2186 βάλε
1873 2118 1956 2182 είς

353 2215 420 2268 τὸ
469 2213 645 2284 στόμα
693 2229 823 2278 σου,
875 2210 952 2282 τῷ
988 2211 1126 2279 μετά
1175 2209 1517 2262 δακτυλιδίου
1570 2208 1812 2279 χρυσοῦ,
1861 2208 1958 2262 καὶ

357 2305 825 2375 γουνακατουδίου
888 2303 1076 2375 φορῶν
1147 2302 1224 2371 μὴ
1279 2300 1530 2368 εὔχεται,
1596 2300 1768 2353 ταῦτα
1822 2300 1960 2364 ὅλως

351 2399 582 2468 ἅπρεπα
610 2397 768 2466 λόγιά
797 2397 927 2449 είσι.
989 2395 1101 2447 Καὶ
1137 2393 1252 2456 πῶς
1295 2395 1323 2446 6
1367 2392 1500 2454 Θεὸς
1540 2393 1696 2460 λόγια
1746 2393 1958 2462 σφαλτά

351 2493 450 2544 καὶ
485 2490 691 2562 βέϐηλα
721 2490 1023 2559 φθέγγεται
1054 2505 1068 2552 ;

2073 2033 2309 2086 ternum,
2346 2033 2404 2078 ut
2437 2028 2658 2091 asseris,
2691 2043 2860 2095 quare
2893 2029 2946 2083 in
2999 2030 3088 2084 illo
3142 2047 3249 2085 non
3307 2035 3655 2090 continentur

2063 2115 2284 2170 oracula
2321 2124 2377 2169 et
2424 2116 2680 2186 dogmata
2711 2119 3104 2185 consolatoria,
3138 2123 3528 2189 exhortatoria,
3557 2127 3655 2180 de-

2061 2219 2230 2270 creta,
2271 2207 2439 2279 leges,
2483 2211 2770 2264 sententia
2804 2227 2923 2280 qua:
2961 2212 3049 2266 Dei
3091 2215 3427 2283 majestatctu
3481 2227 3536 2272 et
3569 2233 3656 2269 sa-

2060 2299 2317 2366 pientiam
2383 2300 2659 2355 redoleant
2693 2302 2875 2356 :sicut
2924 2302 3058 2359 Mosi
3123 2308 3259 2361 dixit
3327 2308 3509 2362 Dens:
3545 2307 3654 2363 Fac

2062 2390 2188 2455 ista,
2222 2402 2280 2446 et
2321 2392 2451 2454 ista,
2487 2409 2637 2447 more
2667 2398 3078 2462 sapientiSsimo
3119 2401 3300 2452 omnia
3351 2403 3550 2455 ιιοοιιιιε
3601 2411 3653 2454 et

2062 2483 2356 2551 imperans.
2394 2483 2499 2539 Sed
2555 2487 2693 2540 liber
2740 2498 2883 2554 tuus,
2940 2501 2996 2542 ut
3041 2491 3156 2560 ipse
3212 2509 3316 2546 non
3380 2493 3649 2559 dilliteris,

350 2582 535 2638 dicit:
579 2582 687 2637 Iste
716 2580 954 2637 comedit
1012 2578 1267 2640 fructum,
1327 2575 1469 2628 alius
1535 2576 1635 2630 ivit
1689 2577 1958 2641 cubitum,
2007 2577 2146 2632 alius
2195 2575 2324 2630 lavit
2371 2578 2694 2632 vestimenta
2733 2595 2870 2646 sua,
2927 2581 3065 2636 alter
3122 2585 3400 2639 descendit
3433 2587 3482 2640 in
3517 2601 3651 2640 ven-

351 2683 492 2728 trem
540 2674 675 2728 cetis
729 2691 740 2726 :

781 2671 919 2726 alius
970 2669 1239 2738 confregit
1281 2669 1467 2736 idola;
1499 2669 1637 2723 alius
1677 2670 1842 2736 dicit;
1911 2669 1990 2725 Ne
2066 2669 2319 2723 comedas
2377 2685 2602 2724 carnem
2653 2672 2916 2739 suillam;
2968 2675 3127 2728 alteri
3204 2677 3436 2732 dicitur:
3503 2677 3650 2748 Digi-

352 2773 465 2818 tum
495 2766 727 2820 immitte
767 2765 819 2818 in
877 2764 1120 2830 podicem
1174 2767 1323 2814 tuum
1365 2770 1422 2816 et
1457 2761 1572 2814 lava
1613 2771 1685 2823 te,
1720 2760 1912 2814 deinde
1950 2771 2145 2815 excute
2182 2759 2412 2830 digitum
2453 2771 2629 2829 tuum,
2659 2773 2715 2819 et
2755 2764 2904 2818 illum
2948 2767 3144 2822 itermn
3181 2771 3232 2823 itt
3270 2786 3333 2824 os
3378 2771 3647 2837 immitte;

348 2855 508 2910 alteri
537 2855 742 2909 dicitur
776 2873 788 2908 :
823 2851 902 2907 Ne
933 2866 1092 2907 vaces
1143 2851 1380 2908 orationi
1413 2867 1534 2905 eum
1569 2867 1734 2906 ant-eo
1781 2852 2004 2918 annulo,
2043 2852 2124 2904 vel
2155 2868 2276 2904 Illlll
2301 2861 2450 2906 veste
2493 2852 2613 2907 l'clis
2641 2855 2782 2924 pelle
2820 2869 3034 2912 ornata.
3071 2859 3172 2915 Ista
3197 2863 3376 2916 omnia
3423 2881 3648 2933 prorsus

353 2947 776 3008 suntimlecora,
809 2955 864 2999 et
885 2957 1067 3014 quaeso
1093 2944 1364 3012 quomodo
1413 2939 1556 2996 Deus
1611 2957 1773 3007 vana,
1821 2939 2074 3010 profana,
2129 2956 2357 2995 erronea
2407 2941 2775 3010 eloqueretur.

427 3041 539 3093 Ἴδε
568 3035 663 3094 οὖν
684 3079 699 3104 ,
735 3037 1013 3108 πανταχοῦ
1047 3035 1372 3108 εὑρίσκεσθε
1402 3033 1638 3104 ψεῦσται
1674 3034 1772 3088 καὶ
1809 3034 1945 3087 πλαο

350 3147 456 3183 νοι.
489 3130 598 3184 Καὶ
627 3127 952 3194 καταγελῶν
974 3127 1120 3195 λέγω
1148 3129 1252 3191 σοι,
1289 3123 1415 3178 οὑτε
1452 3123 1597 3194 ἱερὸν
1627 3123 1948 3195 γνωρίζετε,

2136 3031 2274 3087 Viue
2309 3048 2442 3101 ergo
2472 3043 2527 3088 et
2580 3035 2973 3100 animadverte,
2999 3054 3096 3092 vos
3143 3039 3340 3110 ubique
3387 3043 3554 3101 falsos
3591 3057 3648 3102 et

2060 3125 2385 3194 impostores
2426 3127 2779 3195 deprehendi.
2823 3128 2888 3181 Et
2932 3129 3025 3183 tibi
3071 3131 3302 3187 illudens
3331 3150 3518 3194 assero
3546 3154 3642 3195 VttS

350 3217 478 3273 οὕτε
512 3220 640 3273 ναὸν
667 3219 826 3281 Θεοῦ,
862 3218 988 3272 οὔτε
1033 3219 1206 3289 βῆμα,
1236 3215 1363 3271 οὕτε
1394 3217 1547 3270 θείαν
1579 3216 1740 3286 χάριν
1773 3216 1948 3286 ἔχετε,

2057 3233 2160 3271 non
2203 3219 2404 3273 habere
2427 3235 2605 3286 sacra,
2639 3235 2739 3274 nec
2767 3222 3024 3292 templum
3082 3223 3197 3290 Dei,
3234 3243 3410 3298 neque
3441 3231 3642 3298 altare,

354 3310 481 3363 οὔτε
511 3310 680 3380 εὐχὴν
699 3350 715 3376 ,
747 3308 873 3363 οὔτε
902 3307 1192 3378 βάπτισμα
1211 3348 1226 3372 ,
1271 3305 1397 3360 οὔτε
1434 3305 1788 3376 ψαλμῳδίαν,
1825 3303 1952 3358 οὔτε

351 3401 550 3471 ἄφεσιν
590 3401 918 3472 ἁμαρτιῶν,
966 3398 1092 3452 οὑτε
1158 3397 1442 3470 βασιλείαν
1490 3397 1774 3470 οὐρανῶν,
1825 3395 1952 3450 οὔτε

355 3493 721 3563 παράδεισον,
771 3493 820 3544 εί
873 3492 948 3562 μὴ
986 3492 1068 3544 ὅτι
1099 3489 1390 3545 ἀναϐαίνει
1439 3484 1522 3554 εἷς
1571 3489 1630 3556 ἐξ
1675 3488 1829 3560 ὑμῶν
1869 3493 1951 3553 είς

349 3585 519 3640 τόπον
546 3584 774 3656 ὑψηλὸν,
803 3586 900 3639 καὶ
927 3584 1043 3649 θεὶς
1069 3583 1163 3638 τὸν
1198 3584 1297 3638 ἕνα
1323 3583 1589 3638 δάκτυλον
1628 3583 1726 3653 τῆς
1765 3581 1950 3653 χειρὸς

351 3678 520 3731 αὑτοῦ
559 3677 640 3740 είς
677 3677 740 3731 τὸ
770 3677 960 3744 ὠτίον,
1000 3676 1188 3730 καὶτὸ
1221 3675 1351 3731 ἄλλο
1391 3675 1656 3729 δάκτυλον
1693 3674 1792 3744 τῆς
1825 3673 1945 3726 ἐτέ-

351 3788 455 3842 ρας
485 3771 669 3842 χειρὸς
698 3771 780 3834 είς
817 3770 916 3843 τὴν
948 3769 1223 3840 καθέδραν
1256 3768 1445 3834 αὑτοῦ,
1475 3768 1570 3822 καὶ
1608 3767 1706 3838 βοᾷ
1736 3765 1906 3829 οὕτως
1929 3780 1945 3797 υ

347 3861 483 3926 Θεὸς
527 3863 736 3933 μέγαςι
772 3864 865 3916 καὶ
911 3862 1043 3926 Θεὸς
1090 3863 1295 3933 μέγαςί
1344 3862 1439 3915 καὶ
1487 3860 1781 3932 μαρτυρεῖ.
1832 3858 1948 3911 Οὐκ

346 3956 500 4010 ἔστιν
529 3955 696 4020 Θεὸς,
743 3956 822 4019 ὡς
855 3956 883 4010 6
931 3955 1068 4020 Θεὸς
1107 3955 1265 4027 ἡμῶν
1287 3993 1302 4018 ,
1338 3955 1434 4008 καὶ
1465 3951 1755 4024 μαρτυρῶ,
1805 3951 1887 4004 ὅτι
1917 3952 1946 4004 6

346 4049 654 4120 Μουχάμετ
686 4047 991 4112 ἀπόστολος
1014 4047 1151 4100 Θεοῦ
1179 4049 1347 4100 ἐστιν.
1389 4047 1502 4100 Καὶ
1539 4043 1714 4099 ταῦτα
1751 4040 1944 4113 πρώην

345 4143 486 4214 πρὸς
511 4144 638 4205 τοὺς
671 4143 958 4215 Ἀρρασας
990 4141 1126 4212 δῆλα
1156 4137 1298 4212 ἦσαν
1331 4139 1439 4212 πρὸ
1473 4141 1568 4192 τοῦ
1605 4137 1940 4206 Μουχάμετ,

344 4235 528 4306 παρὲξ
565 4233 723 4288 τοῦτο
760 4235 856 4289 καὶ
882 4233 1042 4304 μόνον
1087 4235 1170 4287 ὅτι
1209 4235 1238 4286 6
1287 4231 1594 4304 Μουχάμετ
1645 4227 1942 4291 ἀπόστολος

343 4329 486 4382 Θεοῦ
516 4323 608 4401 ἦν.
642 4328 752 4382 Καὶ
789 4329 1099 4398 εἰσέρχεται
1127 4329 1156 4380 6
1181 4325 1425 4388 τοιοῦτος
1455 4323 1744 4394 ἄνθρωπος
1774 4322 1854 4384 είς
1879 4318 1941 4372 τὸ

347 4420 639 4492 μασγίδιον
662 4419 978 4491 ἔμπροσθεν
1004 4418 1098 4472 τοῦ
1124 4419 1278 4483 λαοῦ,
1302 4419 1395 4471 καὶ
1424 4415 1660 4478 ἵσταται,
1684 4413 1760 4476 ὡς
1786 4413 1940 4483 εἴρηα-

342 4528 474 4578 cat,
520 4513 615 4565 καὶ
652 4511 872 4583 εὔχεται
910 4511 1010 4582 τὴν
1051 4510 1222 4582 εὑχὴν
1246 4551 1260 4576 ,
1299 4510 1366 4581 ἣν
1409 4505 1584 4562 εἷπον.
1628 4508 1701 4559 Τὸ
1733 4507 1791 4559 δὲ
1832 4523 1938 4576 μα-

2057 3325 2233 3379 neque
2256 3310 2490 3364 divinam
2515 3312 2771 3382 gratiam,
2801 3328 2973 3382 neque
2995 3316 3281 3384 baptisma,
3301 3337 3475 3392 neque
3499 3325 3642 3390 psalv

2056 3405 2320 3468 modiam,
2369 3417 2544 3470 neque
2597 3405 2974 3460 remissionem
3043 3420 3412 3475 peccatorum,
3466 3429 3643 3482 neque

2056 3507 2287 3562 regnum
2328 3493 2622 3557 caelorum,
2659 3509 2833 3562 neque
2859 3497 3164 3564 paradisum
3191 3504 3331 3566 apud
3375 3517 3470 3556 vos
3514 3505 3645 3571 quis

2052 3586 2428 3655 consequitur,
2461 3585 2558 3639 sed
2597 3593 2807 3640 tantum
2847 3603 2986 3641 unus
3015 3604 3079 3642 ex
3117 3591 3270 3646 vobis
3301 3569 3550 3647 ascendit
3582 3569 3634 3649 iii

2051 3678 2226 3733 locum
2254 3676 2487 3756 aliquem
2517 3677 2832 3743 sublimem,
2862 3689 2917 3733 et
2942 3679 3168 3748 digitum
3195 3699 3358 3735 untttn
3387 3688 3502 3738 auri
3530 3689 3636 3740 itu-

2050 3788 2280 3841 ponens,
2300 3772 2527 3826 alterum
2549 3786 2679 3826 vero
2696 3771 2893 3841 podici,
2909 3773 2976 3826 ad
3009 3775 3177 3828 ravim
3198 3790 3369 3844 usque
3393 3777 3590 3836 clamat
3615 3798 3638 3839 ξ

2051 3863 2189 3918 Deus
2207 3866 2462 3930 magnus!
2489 3863 2628 3919 Deus
2655 3880 2880 3935 magnus
2904 3865 2916 3918 l
2946 3878 3002 3920 et
3026 3867 3376 3924 confessione
3402 3885 3500 3925 sua
3551 3882 3632 3926 te-

2045 3964 2222 4009 statur
2246 3970 2260 4006 :
2287 3955 2402 4009 Non
2426 3965 2510 4009 est
2542 3956 2681 4011 Deus
2705 3957 2843 4010 sicut
2871 3958 3010 4011 Deus
3034 3968 3236 4022 noster,
3259 3967 3313 4014 et
3341 3975 3439 4030 ego
3462 3963 3630 4032 proti-

2047 4052 2165 4098 teor
2186 4043 2329 4113 quod
2387 4045 2739 4100 Muhamtned
2801 4047 2875 4100 sit
2930 4049 3211 4116 apostolus
3257 4050 3369 4104 Dei.
3399 4050 3466 4104 Et
3528 4052 3638 4107 iam

2044 4136 2135 4190 diu
2168 4149 2290 4190 nota
2319 4145 2477 4192 erant
2507 4136 2646 4207 apud
2676 4138 2888 4193 Arabas
2941 4147 3233 4208 antequam
3279 4140 3628 4198 Multammed

2044 4228 2376 4294 exoriretnr,
2416 4237 2775 4297 prteterquam
2807 4229 2954 4283 istud
2982 4230 3180 4296 solum,
3209 4234 3354 4300 quod
3387 4233 3637 4288 Multam.

2043 4319 2166 4372 tned
2229 4328 2314 4372 est
2343 4319 2623 4388 aliostolus
2659 4318 2774 4372 Dei.
2804 4317 2933 4373 Post
2967 4319 3126 4374 istaut
3156 4335 3284 4376 vero
3329 4321 3632 4378 confessio-

2043 4425 2190 4475 nem,
2222 4411 2524 4480 ingreditnr
2553 4411 2714 4463 homo
2747 4411 2849 4464 iste
2879 4423 3289 4481 mosqueam,et
3312 4422 3421 4469 stat
3437 4429 3625 4468 coram

2042 4504 2260 4571 populo,
2282 4515 2341 4558 ut
2370 4505 2573 4558 dictum
2598 4514 2774 4570 est,et
2800 4506 3232 4576 orationemjam
3268 4489 3626 4562 memoratam

346 4605 557 4674 σγίδιον
599 4604 755 4677 ὑμῶν
801 4603 1045 4657 τοιοῦτόν
1100 4605 1267 4656 ἐστιν.
1327 4603 1498 4656 Ὅταν
1543 4600 1764 4671 μέλλεις
1809 4595 1942 4651 αὑτὸ

2054 4596 2368 4653 deblaterat.
2399 4595 2546 4652 Talis
2585 4611 2712 4650 Vero
2745 4608 2826 4652 est
2857 4601 2998 4668 apud
3032 4614 3126 4653 vos
3185 4615 3462 4670 mosquea.
3489 4602 3629 4656 Cum

345 4695 682 4765 θεμελιῶσαι
703 4740 717 4764 ,
750 4696 1020 4766 θεμελιοῖς
1055 4697 1151 4749 σὺν
1187 4695 1336 4766 αὑτῷ
1368 4695 1462 4747 καὶ
1495 4694 1601 4764 πρὸ
1665 4691 1762 4762 τὴν
1796 4692 1935 4744 καθ-

344 4788 512 4859 έδραν
543 4806 638 4841 σου
695 4789 1036 4860 χρηματίσαι
1096 4789 1366 4858 σωτήριον
1413 4786 1629 4857 μέλλον,
1662 4784 1807 4854 ἔχεις
1843 4781 1939 4835 καὶ

343 4881 492 4954 ὕδωρ
518 4881 635 4954 [καὶ
666 4881 854 4954 ὑδωρ],
891 4883 966 4945 ὡς
997 4882 1136 4952 μετὰ
1155 4881 1214 4934 τὸ
1241 4878 1576 4949 καθεσθῆναί
1613 4895 1671 4931 σε
1702 4877 1936 4937 ἐκτενῶς

348 4972 445 5044 τὴν
492 4973 700 5046 συνήθη
750 4991 843 5026 σου
886 4972 1177 5044 καθέδραν,
1217 4973 1313 5024 καὶ
1359 4972 1500 5037 μετὰ
1531 4969 1705 5023 ταῦτα
1742 4967 1935 5039 εὔχου,

344 5065 496 5119 ἔστιν
542 5065 599 5118 δὲ
633 5067 693 5119 τὸ
751 5065 1038 5136 μασγίδιον
1079 5063 1457 5136 ἐστρωμένον,
1501 5061 1690 5132 ὥσπερ
1742 5060 1935 5131 κλίνη,

345 5157 437 5210 ἵνα
468 5157 544 5227 μὴ
573 5157 846 5227 μιαίνεται
885 5156 1323 5227 περιπατοῦντος
1350 5154 1446 5210 τοῦ
1477 5152 1765 5224 ἀνθρώπου
1794 5153 1937 5206 ἂνω-

344 5243 442 5296 θεν
479 5244 670 5298 αὑτοῦ.
731 5245 898 5296 Ἀλλὰ
927 5247 1020 5297 καὶ
1050 5244 1282 5299 σανίδων
1319 5245 1438 5298 ἐστὶ
1480 5244 1770 5296 στοιϐασία
1799 5243 1940 5297 ᾶνωο

344 5334 439 5387 θεν
469 5337 564 5388 καὶ
599 5335 850 5405 γὺρωθεν
879 5337 975 5391 τοῦ
1019 5339 1339 5408 μασγιδίου,
1365 5337 1458 5390 καὶ
1487 5337 1548 5390 τὸ
1581 5336 1938 5406 συνενὸμενον

342 5425 514 5480 αὑτοῦ
558 5428 920 5500 καθεδράριον
963 5431 1025 5483 οὑ
1073 5431 1411 5501 μιαίνουσιν,
1452 5432 1480 5483 6
1512 5431 1706 5499 ἠντλρεί
1741 5428 1802 5480 τὸ
1831 5426 1939 5478 τῶν

346 5519 649 5573 σανδαλίων
685 5522 780 5574 σοῦ
808 5523 1073 5576 ὑποκάτω
1105 5522 1214 5575 τῶν
1247 5523 1425 5575 ποδῶν
1463 5537 1556 5574 σου
1597 5523 1644 5573 οἱ
1675 5520 1939 5573 ἀπέναντι

344 5612 440 5667 τοῦ
482 5614 779 5686 προσώπου
808 5618 864 5668 ὲν
907 5616 985 5687 τῷ
1019 5616 1367 5686 είσέρχεσθσί
1419 5633 1475 5667 σε
1509 5617 1588 5677 εἰς
1620 5613 1719 5686 τὴν
1766 5628 1938 5684 προσ-

344 5708 512 5778 ευχήν
567 5723 683 5762 σου.
741 5703 872 5761 Οἶδά
938 5726 998 5761 σε
1063 5709 1159 5761 καὶ
1225 5707 1520 5778 μανδήλιον
1567 5703 1933 5776 βαστάζοντα,

344 5800 485 5869 ὅπερ
524 5798 784 5872 άπὶώνης
833 5799 1146 5871 ἔμπροσθέν
1196 5817 1316 5862 σου,
1364 5799 1460 5853 καὶ
1501 5798 1671 5872 εὔχῃ,
1722 5799 1810 5851 ἵνα
1861 5797 1936 5869 μὴ

346 5890 550 5962 μιανθῇ
583 5890 642 5942 τὸ
678 5891 969 5960 πρόσωπόν
1016 5909 1110 5944 σου
1132 5930 1148 5957 ,
1181 5889 1369 5962 ἐπειδὴ
1403 5889 1750 5960 ἐστρωμένον
1777 5883 1846 5958 ἦν
1875 5888 1935 5942 τὸ

2047 4687 2194 4742 illius
2218 4688 2469 4758 iacienda
2500 4698 2625 4743 sunt
2651 4691 3028 4756 fundamenta,
3052 4691 3210 4745 simul
3256 4694 3419 4746 etiam
3457 4694 3627 4748 a-diti~

2042 4792 2240 4835 cantur
2263 4781 2456 4835 balnea
2485 4792 2538 4835 et
2565 4781 2780 4836 lavacra
2841 4796 2898 4836 ιιι
2966 4785 3327 4839 Musulmanni
3382 4786 3626 4862 feturam

2040 4873 2270 4929 Salutem
2297 4874 2566 4944 adepturi,
2601 4877 2833 4929 habeant
2867 4893 3062 4946 aquam
3093 4881 3158 4931 ad
3188 4895 3341 4933 usum
3395 4880 3626 4948 podicis,

2045 4981 2154 5035 quo
2181 4981 2375 5036 magna
2403 4981 2524 5021 cum
2559 4971 2907 5022 contentione
2947 4980 3136 5038 parato
3188 4981 3245 5025 ct
3296 4974 3628 5041 composito,

2040 5058 2107 5109 ad
2136 5073 2326 5126 preces
2352 5071 2410 5112 se
2436 5059 2749 5126 accingunt.
2781 5057 2874 5113 Est
2903 5075 3031 5114 vero
3062 5078 3321 5131 mosquea
3356 5068 3628 5134 tapetibus

2041 5159 2211 5204 strata
2238 5151 2382 5206 sicut
2413 5149 2586 5205 lectus
2608 5191 2624 5216 ,
2655 5165 2719 5204 ne
2749 5153 3024 5206 hominum
3044 5170 3207 5222 super
3233 5159 3625 5211 antbttlattiittm

2042 5252 2300 5296 contactu
2327 5243 2748 5297 contaminetur.
2778 5244 2884 5297 Sed
2913 5254 2968 5298 et
2995 5260 3156 5314 supra
3188 5260 3403 5302 suntex
3432 5253 3627 5303 asseri-

2043 5336 2140 5387 taus
2171 5335 2523 5400 struetiones,
2574 5346 2627 5390 et
2677 5336 2917 5390 tabulata
2970 5338 3218 5407 quaedam
3287 5343 3433 5394 circa
3481 5359 3624 5395 mos-

2041 5437 2277 5499 queam;
2317 5434 2500 5492 partes
2557 5434 2736 5478 autem
2782 5426 3234 5492 circumjacentes
3259 5439 3311 5479 et
3361 5429 3623 5481 sessionis

2041 5515 2217 5569 locum
2250 5531 2520 5584 mosquete
2548 5519 2864 5588 contiguum
2911 5535 3017 5573 non
3056 5519 3341 5588 inquinant
3396 5529 3450 5574 et
3489 5535 3626 5574 con-

2041 5618 2324 5678 spurcant.
2357 5608 2464 5664 Alii
2498 5610 2740 5664 sandalia
2771 5625 2837 5664 ex
2882 5612 3108 5678 pedibus
3139 5612 3351 5677 tollunt,
3380 5622 3480 5666 eta
3501 5627 3625 5666 cou-

2049 5710 2236 5770 spectu
2263 5717 2362 5756 suo
2421 5712 2720 5756 removent.
2762 5701 2899 5758 Novi
2936 5704 3099 5758 etiam
3129 5705 3271 5774 quod
3307 5721 3427 5758 cum
3480 5721 3625 5758 mos-

2039 5809 2238 5864 queam
2271 5792 2576 5863 ingrederis
2599 5796 2744 5849 soles
2774 5796 2996 5850 mantile
3021 5805 3198 5850 tecum
3232 5804 3447 5866 gestare
3477 5799 3622 5865 quod

2041 5901 2224 5942 coram
2261 5895 2312 5944 te
2341 5885 2582 5957 explicas
2607 5895 2660 5943 et
2715 5889 2965 5946 extendis
3030 5899 3090 5944 ut
3152 5893 3330 5961 possis
3383 5888 3623 5946 orationi
