4146 6430
591 387 725 451 1447
1746 375 2315 439 BARTHOLOMEI
2356 374 2731 439 EDESSENI
3730 375 3871 440 1M8

588 518 809 567 vacare,
847 501 1031 557 ettuis
1090 498 1539 554 inclinationibus
1598 505 1654 550 et
1707 494 2166 564 prostrationibus

2273 490 2561 563 μασγίδιόν
2583 507 2711 556 σου,
2746 488 2886 561 τίςή
2914 486 3075 559 χρεία
3106 486 3201 542 τοῦ
3228 487 3558 559 μανδηλίου;
3593 488 3716 544 οὖα).
3746 499 3869 552 τοὶς

586 594 754 647 facies
782 602 868 644 tua
910 606 1016 645 non
1055 590 1393 659 inquinetur.
1432 587 1539 641 Sed
1600 601 1723 641 cum
1778 586 2172 654 tapetibuS'sit

2273 581 2461 646 κακῶς
2518 581 2812 653 φρονοῦσι,
2865 582 2895 634 ὁ
2936 579 3162 634 τοιαῦτα
3214 581 3453 652 φρονῶν,
3500 584 3619 646 πῶς
3654 584 3865 656 τολμᾷς

582 696 785 737 ornata
811 693 867 737 et
892 693 1067 736 strata
1099 692 1206 735 tota
1240 693 1648 748 mosquea,qnae
1678 676 1977 732 necessitas
1993 677 2173 731 adhuc

2272 674 2551 746 ἐρωτῆσαι
2584 674 2950 745 Χριστιανοὺς
2981 673 3100 736 πῶς
3135 673 3517 740 πιστεύουσινς
3542 674 3770 739 Πάντως
3800 676 3865 729 τὸ

586 774 824 827 tttaltlilia
860 774 1151 826 admovere
1198 782 1255 824 nt
1287 767 1760 838 conspurcationis
1815 777 1870 822 et
1928 767 2172 821 sordium

2270 767 2567 836 κεφάλαιον
2602 766 2703 834 τῆς
2738 764 3013 837 σωτηρίας
3042 764 3142 834 τῆς
3167 764 3349 835 ψυχῆς
3378 782 3473 819 σου
3494 766 3653 820 τοῦτό
3680 770 3858 834 ἐστιν,

584 865 1067 919 rontaminantium
1101 866 1303 917 vitetur
1328 861 1627 931 periculum
1655 859 1678 912 ἳ
1704 858 1794 913 Va:
1845 859 2002 914 vobis
2050 872 2169 927 pes.

2269 861 2327 913 ὲν
2358 858 2436 929 τῷ
2472 859 2649 910 εἰπεῖν
2682 856 2763 920 είς
2791 856 2852 909 τὸ
2899 855 3073 925 ὄνομα
3108 856 3204 909 τοῦ
3237 855 3372 910 Θεοῦ
3404 857 3499 910 τοῦ
3539 857 3857 926 ἐλεοῦντος,

582 957 723 1010 sima
754 959 1007 1023 dogmata
1046 955 1373 1009 foventibus.
1407 952 1486 1009 Tu
1514 953 1604 1023 qui
1657 952 1782 1005 talia
1816 950 1987 1005 sentis
2031 964 2168 1017 quo-

2269 952 2364 1005 καὶ
2400 949 2496 1003 τοῦ
2532 950 2657 1019 ὲλεη
2666 950 2848 1020 μένου.

584 1049 746 1101 modo
779 1050 943 1101 audes
988 1047 1089 1101 hac
1123 1047 1438 1117 importuna
1504 1054 1558 1099 et
1605 1041 1969 1099 inverecunda
2029 1040 2290 1110 petitione
2328 1058 2524 1097 vexare
2570 1040 2929 1104 Christianos,
2990 1038 3283 1108 quaerendo
3347 1039 3475 1109 quid
3497 1047 3551 1094 et
3578 1045 3856 1108 quomodo

579 1140 837 1194 credant?
866 1137 1000 1192 Tota
1028 1140 1224 1208 quippe
1252 1154 1462 1193 smmna
1485 1137 1676 1191 salutis
1716 1136 1911 1190 anima:
1964 1144 2158 1189 vestra:
2198 1135 2251 1189 in
2282 1135 2332 1189 id
2363 1144 2573 1190 tantum
2617 1134 2926 1199 resolvitur,
2995 1134 3249 1187 nimirum
3279 1145 3339 1188 ut
3362 1135 3574 1189 dicatur
3598 1152 3612 1188 :
3640 1132 3697 1187 In
3754 1152 3859 1189 no—

583 1238 731 1291 mine
762 1237 854 1290 Dei
893 1236 1231 1291 miseratoris
1263 1244 1319 1289 et
1352 1233 1747 1289 misericordis.

818 1344 967 1399 Finis
1000 1346 1118 1399 vita:
1139 1344 1486 1412 impurissimi
1514 1344 1564 1396 Μ
1575 1344 1922 1399 ulmmmedis.

2381 1346 2561 1410 Τέλος
2596 1344 2701 1397 τοῦ
2729 1344 2875 1407 ,βίου
2905 1342 3012 1397 τοῦ
3043 1342 3380 1409 ἀκαθάρτου
3412 1344 3747 1413 Μουχάμετ.

599 1478 1059 1503 -α--κ

1622 1634 2048 1746 ΚΑΤΑ
2118 1633 2803 1751 ΜΩΑΜΕΔ.

1366 2023 2005 2153 CONTRA
2102 2026 3073 2159 MUHAMMED.

647 2412 848 2469 Contra
899 2412 1205 2469 Saracenos
1234 2416 1326 2484 qui
1378 2415 1633 2469 dicuntur
1696 2415 1983 2470 :smaelitaa
2041 2425 2159 2471 tan-

2332 2414 2490 2470 Κατά
2543 2414 2883 2488 Σαρακηνῶν
2930 2414 2981 2469 οἳ
3026 2412 3319 2470 καλοῦνται
3368 2417 3713 2489 ἰσμαηλῖται
3740 2418 3841 2491 μὲν

574 2523 739 2576 quam
764 2506 832 2561 ab
866 2507 1089 2561 lsmaele
1143 2509 1408 2577 originem
1467 2510 1747 2563 ducentes.
1803 2507 1929 2562 Fuit
1967 2518 2157 2564 autem

2258 2507 2335 2573 ὡς
2363 2509 2471 2565 ἀπὸ
2500 2507 2597 2562 τοῦ
2640 2509 2869 2581 Ἰσμαὴλ
2898 2510 3288 2579 καταγόμενοι.
3322 2510 3449 2574 Υίδς
3486 2512 3543 2565 δὲ
3580 2505 3738 2576 οὗτος
3768 2508 3839 2583 ἦν

577 2601 722 2655 lilius
768 2599 1091 2661 Ahrabami,
1144 2616 1307 2670 quem
1374 2601 1450 2655 illi
1498 2599 1705 2670 peperit
1763 2599 1909 2670 Agar
1963 2600 2156 2654 ancilla

2255 2600 2351 2653 τοῦ
2402 2600 2685 2671 Ἀϐραὰμ,
2739 2599 3024 2671 γεννηθεὶς
3073 2598 3134 2664 ἐξ
3166 2601 3345 2671 Ἀγαρ
3394 2602 3493 2671 τῆς
3544 2605 3838 2673 παιδίσκης

576 2692 778 2747 δίη-τω.
803 2692 885 2747 Ab
917 2692 1019 2746 hac
1065 2706 1194 2747 vero
1247 2694 1393 2759 Agar
1426 2693 1679 2746 dicuntur
1729 2691 1985 2762 Agareni.
2019 2691 2157 2748 Dicti

573 2792 704 2839 sunt
723 2795 905 2838 autem
943 2783 1224 2850 Saraceni,
1255 2783 1380 2853 quia
1404 2824 1418 2848 ,
1447 2799 1571 2837 cum
1616 2781 1762 2849 Agar
1815 2783 1974 2837 ilomo
2007 2782 2155 2851 pulsa

575 2888 674 2939 per
703 2873 977 2926 desertum
1005 2881 1215 2925 erraret
1251 2871 1550 2940 palabunda
1582 2881 1636 2924 et
1673 2868 1953 2924 lsmaelem
1986 2871 2155 2925 lilium

572 2971 837 3033 gestaret,
894 2963 1094 3018 dixerit
1144 2965 1379 3035 angelo:
1423 2963 1559 3017 Sara
1616 2965 1838 3016 domina
1900 2978 2019 3017 mea
2071 2978 2157 3018 me

572 3058 736 3111 domo
762 3057 990 3126 expulit,
1025 3066 1083 3109 ut
1115 3056 1184 3109 ibi
1224 3056 1436 3123 legitur.
1476 3054 1734 3111 Saraceni
1761 3070 1889 3109 vero
1910 3056 1977 3109 ad
2009 3064 2147 3110 tem-

574 3161 707 3216 pora
740 3162 909 3215 usque
932 3146 1277 3215 imperatoris
1342 3148 1573 3202 lleraclii
1603 3148 1819 3202 fuerunt
1858 3148 2157 3202 idololatria

572 3245 633 3291 et
667 3236 893 3292 Veneris
937 3238 1344 3309 phosphorique
1367 3239 1561 3293 sideris
1610 3238 1845 3293 cultores
1892 3239 2153 3309 religiosi.

573 3328 719 3396 quod
770 3327 951 3396 lingua
981 3329 1269 3384 vernacula
1302 3328 1567 3383 vocabant
1593 3325 1804 3393 Cabar,
1836 3330 1978 3396 quod
2035 3342 2154 3381 ma-

572 3436 740 3495 guum
765 3422 1056 3491 significat.
1091 3422 1217 3475 Istis
1244 3437 1373 3474 vero
1399 3420 1735 3489 temporibus
1768 3430 1922 3474 ortus
1947 3430 2031 3473 est
2072 3420 2154 3473 in-

576 3524 661 3565 ter
688 3512 809 3565 illos
840 3512 1182 3566 Muhauuned
1223 3512 1505 3581 propheta,
1539 3525 1699 3579 quem
1755 3519 1812 3563 ut
1859 3511 2151 3564 maximum

572 3614 628 3657 et
656 3606 955 3672 adjutorem
979 3604 1305 3658 indefessum
1328 3602 1849 3671 dcprmdicaverunt.
1874 3601 2004 3655 Erat
2027 3618 2153 3655 vero

2259 2692 2498 2765 Σάρρας.
2552 2692 2847 2762 Ἀγαρηνοὶ
2888 2691 2946 2745 δὲ
2976 2690 3085 2746 ἀπὸ
3133 2692 3315 2764 ’Ἅγαρ
3347 2693 3444 2763 τῆς
3482 2695 3686 2764 μητρὸς
3736 2697 3838 2749 Ἰσ-

2260 2782 2428 2852 μαήλ.
2461 2782 2768 2851 Σαρακηνοὶ
2800 2780 2908 2833 ἀπὸ
2946 2780 3042 2833 τοῦ
3070 2781 3250 2835 εἰπεῖν
3281 2781 3414 2852 πρὸς
3443 2783 3536 2835 τὸν
3564 2781 3795 2851 ἄγγελον
3816 2825 3835 2851 ,

2256 2873 2340 2926 ὅτι
2370 2872 2705 2925 ἀπλαθείσα
2744 2871 2896 2943 παρὰ
2933 2870 3035 2940 τῆς
3064 2871 3263 2943 κυρίας
3302 2871 3473 2943 αὐτῆς
3500 2872 3665 2927 ὥδευε
3698 2874 3838 2927 κατά

2256 2964 2354 3037 τὴν
2404 2964 2613 3036 ἔρημον
2653 2964 3029 3034 ἐπιφερομένη
3068 2963 3159 3016 τὸν
3214 2961 3474 3034 Ἰσμαὴλ,
3519 2963 3601 3017 ὅτι
3650 2964 3839 3035 Σάρρα

2257 3056 2422 3127 κυρία
2463 3073 2531 3125 με
2563 3054 2848 3124 ἀπήλασεν
2871 3094 2888 3121 ,
2936 3054 3012 3117 ὼς
3046 3055 3165 3107 ἐκεῖ
3206 3052 3377 3122 λέγει.
3432 3054 3496 3106 Ol
3530 3054 3839 3125 Σαρακηνοὶ

2258 3148 2360 3218 μὲν
2416 3146 2580 3218 μέχρι
2638 3162 2746 3198 των
2802 3144 3128 3214 Ἡρακλείου
3173 3144 3269 3198 τοῦ
3318 3144 3582 3215 βασιλέως
3627 3148 3837 3217 χρόνων

2255 3239 2678 3307 εἰδωλολάτρουν
2721 3236 3162 3308 προσκυνοῦντες
3205 3236 3283 3307 τῷ
3313 3238 3576 3309 ἑωσφόρῳ
3612 3238 3835 3309 ἄστρῳ,

2256 3332 2352 3385 καὶ
2370 3333 2438 3401 τῇ
2472 3330 2780 3402 Ἀφροδίτῃ,
2809 3332 2876 3400 ἢν
2896 3330 2960 3402 δὴ
2982 3330 3077 3383 καὶ
3102 3329 3296 3401 Χαϐἄρ
3323 3333 3387 3401 τῇ
3417 3331 3595 3384 αὐτῶν
3623 3331 3838 3406 γλώττῃ

2255 3422 2631 3491 ἐπωνόμαζον.
2673 3422 2837 3493 Δηλοῖ
2865 3422 2920 3475 δὲ
2960 3423 2993 3492 ἡ
3038 3422 3186 3488 λέξις
3232 3420 3370 3492 αῦτη
3424 3422 3524 3492 τὴν
3566 3424 3831 3494 μεγάλην.

2255 3517 2388 3567 Τότε
2420 3514 2477 3567 δὲ
2500 3516 2786 3585 προφήτης
2814 3515 2998 3576 αὐτοῖς
3028 3514 3227 3583 ἀνέστη
3272 3513 3539 3583 Μωάμεο,
3559 3514 3655 3567 καὶ
3682 3514 3836 3568 αὐτοὶ

2254 3607 2469 3676 ἔχοντες
2513 3607 2679 3659 αὑτὸν
2742 3608 2914 3676 μέγαν
2958 3605 3054 3658 καὶ
3112 3605 3462 3675 περιὸόητον.
3510 3600 3678 3669 Οὗτος
3726 3606 3835 3662 ἀπὸ

576 3693 690 3760 ipse
713 3707 779 3746 ex
820 3708 923 3745 una
945 3692 1179 3745 tribuum
1208 3692 1463 3745 Ismaelis.
1494 3690 1589 3745 llle
1610 3701 1787 3743 autem
1819 3690 1918 3743 fuit
1961 3690 2153 3743 lsmael

2258 3700 2386 3769 μιᾶς
2422 3698 2529 3750 τῶν
2572 3697 2630 3762 ἐξ
2676 3697 2902 3766 Ἰσμαὴλ
2942 3695 3125 3766 φυλῶν
3156 3696 3551 3766 καταγόμενος.
3609 3697 3834 3768 Ἱσμαὴλ

575 3792 833 3852 tanquam
862 3798 1000 3836 unus
1026 3798 1090 3836 ex
1122 3783 1365 3835 lsmai-lis
1421 3782 1674 3850 posteris.
1727 3780 2152 3850 Primogcnitum

2254 3767 2312 3841 δὲ
2353 3785 2422 3859 ἦν
2458 3782 2651 3854 οὗτος,
2705 3789 2781 3852 ὡς
2813 3788 2908 3842 καὶ
2952 3787 3044 3840 τοῦ
3087 3788 3313 3858 Ίσμαὴλ
3359 3788 3645 3857 τυγχάνων
3694 3790 3830 3842 ἀπό-

560 3860 705 3927 ‘vcro
726 3873 912 3928 habuit
931 3872 1182 3927 Etsarum
1204 3890 1363 3942 quem
1381 3878 1563 3943 genuit
1583 3890 1646 3929 ex
1670 3875 1921 3929 lsmaele.
1956 3877 2154 3928 Deinde

573 3964 710 4019 duos
745 3964 878 4018 alios
907 3964 1043 4018 filios
1067 3964 1119 4017 in
1153 3966 1277 4017 vita:
1315 3976 1369 4018 et
1400 3967 1517 4018 dias
1570 3965 1787 4019 lmninis
1816 3980 1979 4020 auras
2027 3964 2155 4019 emi-

571 4057 666 4124 sit,
702 4055 1018 4109 Mundarum
1050 4058 1329 4120 nimirum,
1361 4065 1416 4112 et
1443 4058 1878 4112 Schularabiam.
1929 4056 2154 4110 Munda-

576 4163 667 4201 ros
694 4155 873 4201 autem
920 4150 1112 4216 genuit
1158 4149 1455 4215 Cuzarum,
1505 4158 1560 4203 et
1605 4147 2042 4202 Themimannm.
2069 4147 2153 4202 Ab

574 4238 679 4292 illis
700 4249 855 4294 ortus
886 4230 1229 4294 Muliammed
1256 4242 1345 4308 qui
1378 4240 1499 4294 talis
1523 4252 1639 4292 erat
1675 4239 1823 4292 vultu
1856 4247 1910 4292 et
1954 4237 2148 4291 forma.

573 4328 705 4383 Erat
729 4330 1068 4384 sciui-siccus
1088 4332 1368 4395 etaridus,
1397 4330 1611 4384 incessu
1665 4344 1793 4384 vero
1854 4338 1907 4384 et
1972 4329 2153 4397 specie

574 4421 732 4490 plane
764 4421 1042 4474 ridiculus.
1068 4422 1256 4475 Adhuc
1291 4437 1421 4475 vero
1452 4421 1504 4474 in
1538 4420 1655 4487 ipsa
1697 4420 1924 4475 infantia
1958 4435 2152 4489 paren-

574 4513 719 4566 tibus
758 4514 1004 4573 orbatus,
1042 4521 1287 4566 extrema
1340 4519 1661 4581 paupertate
1716 4511 2071 4577 obruebatur,
2094 4518 2150 4564 et

572 4602 770 4655 iaceris
801 4602 993 4671 pannis
1024 4602 1261 4667 indutus,
1292 4610 1348 4657 et
1399 4602 1558 4670 plane
1598 4601 1884 4667 obscurus,
1922 4601 2142 4656 femina:

569 4692 787 4747 cuidam
829 4694 1001 4748 vidua:
1032 4694 1265 4748 traditus
1304 4694 1404 4748 fuit
1432 4708 1647 4757 servus,
1685 4707 1805 4762 quae
1840 4691 1989 4746 illum
2056 4708 2149 4760 ge-

571 4802 702 4841 nere
765 4787 1162 4855 quodammodo
1225 4788 1551 4857 attingebat.
1604 4786 1741 4841 Cum
1785 4795 1965 4841 autem
2014 4801 2148 4853 pue-

570 4880 707 4933 ritia:
732 4894 905 4933 annos
932 4888 1078 4934 esset
1104 4889 1549 4948 praetergressus,
1604 4877 1783 4935 factus
1831 4887 1916 4933 est
1957 4892 2149 4932 servus

568 4971 944 5025 mercenarius
1018 4972 1176 5026 istius
1218 4973 1392 5026 viduae
1474 4973 1559 5027 cui
1621 4970 1878 5040 Chadigte
1949 4985 2146 5024 nomen

566 5072 709 5127 erat,
767 5062 985 5117 feminae
1066 5064 1387 5128 ditissima},
1442 5072 1500 5117 et
1578 5063 1768 5132 opibus
1847 5062 2146 5116 allluentis-

565 5154 736 5209 sinite.
761 5154 892 5220 Quae
924 5170 1046 5208 cum
1082 5158 1230 5209 varia
1263 5154 1365 5209 alia
1402 5154 1782 5223 suppellectili,
1853 5154 2021 5207 nmlta
2059 5151 2146 5220 ju-

566 5252 749 5300 tne..ta
803 5245 984 5299 alebat
1033 5255 1088 5300 et
1134 5246 1372 5300 camelos
1445 5245 1895 5315 quamplurimas.
1940 5242 2145 5297 Horum

563 5349 748 5393 rector
822 5338 1151 5392 constitutus
1204 5337 1572 5401 Mnhammed,
1622 5335 1877 5390 omnibus
1938 5333 2148 5389 viribus

564 5429 790 5483 tentavit
819 5428 1115 5495 Chadigam
1140 5430 1423 5483 dominam
1459 5444 1610 5482 suam
1676 5427 1729 5481 in
1766 5441 2003 5481 amorem
2061 5425 2142 5479 sui

566 5522 839 5590 pellicere.
877 5520 1033 5575 Clam
1100 5521 1313 5588 irrepit,
1357 5535 1483 5574 cum
1540 5520 1630 5573 illa
1674 5518 2046 5587 congreditur,
2087 5526 2145 5570 et

566 5613 784 5665 tandem
819 5612 1057 5681 legitime
1087 5620 1142 5666 et
1163 5612 1377 5682 publice
1400 5611 1499 5665 tori
1527 5612 1709 5665 socius
1768 5608 1962 5675 evasit,
1993 5618 2045 5662 et
2078 5606 2139 5660 il-

566 5701 670 5755 lam
694 5719 918 5758 uxorem
938 5704 1112 5758 duxit.
1208 5773 1211 5775 ἓ

633 5791 828 5847 Postea
873 5801 1084 5848 mutato
1126 5792 1357 5850 consilio
1406 5791 1706 5863 Chadigam
1756 5788 1946 5861 puduit
2005 5803 2129 5845 cum

2256 3897 2433 3949 γονος.
2465 3880 2737 3948 Πρόγονον
2769 3880 2824 3932 δὲ
2849 3876 2962 3950 εἶχε
2994 3878 3085 3932 τὸν
3124 3878 3398 3948 Ἤτζαρον
3425 3880 3659 3946 ἐκεῖνον,
3685 3880 3751 3958 ρν
3774 3878 3832 3947 ἐξ

2266 3970 2493 4041 Ἰσμαὴλ
2520 3971 2673 4023 ἔτεκε
2697 4011 2709 4031 ,
2738 3970 2835 4023 καὶ
2868 3972 2949 4033 εἰς
2981 3969 3095 4040 φῶς
3122 3969 3237 4039 βίου
3266 3969 3508 4039 παρῆξεν
3538 3969 3630 4023 δύο
3658 3969 3830 4037 υἱοὺς,

2253 4060 2345 4113 τὸν
2389 4060 2708 4131 Μούνδαρον
2754 4060 2974 4113 καὶτὸν
3008 4059 3407 4131 Σκυλαραϐίαν.
3466 4060 3526 4112 ’0
3558 4060 3612 4113 δὲ
3654 4060 3832 4116 Μούν-

2253 4150 2415 4222 δαρος
2442 4154 2709 4205 ἀπέτεκεν
2735 4152 2828 4205 τὸν
2850 4150 3157 4223 Κούσαρον,
3190 4151 3282 4203 καὶ
3310 4151 3401 4203 τὸν
3426 4150 3702 4223 Θεμίμην.
3732 4152 3829 4207 Ἐκ

2251 4242 2456 4296 τούτων
2519 4245 2548 4296 ὁ
2605 4243 2847 4314 Μωαμὲδ
2896 4242 3185 4313 καταχθείς
3212 4257 3227 4272 ⁸
3262 4242 3500 4306 τοιοῦτος
3558 4243 3614 4295 δὲ
3650 4240 3716 4315 ἦν
3758 4244 3828 4315 τῇ

2255 4337 2466 4405 μορφῇο
2495 4334 2767 4404 ἡμίξηρος
2785 4376 2801 4400 ,
2835 4338 2930 4387 καὶ
2958 4335 3020 4387 τὸ
3053 4330 3191 4397 εἶδος
3225 4333 3433 4401 γελοῖός
3463 4351 3522 4386 τε
3553 4337 3647 4387 καὶ
3677 4333 3827 4403 βαδί-

2253 4441 2443 4496 σματι.
2476 4427 2585 4479 Καὶ
2612 4427 2805 4497 κομιδῇ
2833 4426 2953 4489 νέος
2976 4424 3408 4496 ἀπορφανισθεὶς
3436 4427 3604 4495 πένης
3623 4425 3829 4478 παντά-

2253 4533 2420 4569 πασιν
2448 4512 2547 4588 ἦν,
2585 4518 2682 4570 καὶ
2712 4517 3057 4585 ρακενδυτῶν
3079 4558 3093 4584 ,
3119 4517 3216 4570 καὶ
3256 4518 3465 4588 ἀφανὴς
3495 4515 3572 4569 ὢν
3603 4516 3826 4587 ὲθήτευε

2251 4608 2402 4679 παρὰ
2472 4610 2727 4677 γυναικὸς
2782 4608 2960 4680 χήρας
3032 4608 3172 4661 κατὰ
3227 4608 3387 4677 γένος
3445 4606 3594 4678 αὑτῷ
3653 4622 3824 4676 προσ-

2248 4699 2460 4771 ηκούσῃ
2483 4739 2498 4764 ,
2527 4700 2627 4770 τὴν
2661 4698 2919 4769 παιδικὴν
2959 4697 3321 4769 παραμείϐων
3352 4698 3450 4767 τῆς
3482 4698 3696 4769 ἡλικίας
3728 4715 3824 4768 μι-

2252 4791 2454 4854 σθωτὸς
2490 4792 2699 4860 γίνεται
2738 4791 2837 4861 τῆς
2863 4792 3122 4860 γυναικὸς
3166 4790 3368 4861 ταύτης
3389 4830 3405 4857 ,
3435 4791 3559 4862 ἣτις
3588 4792 3681 4844 καὶ
3708 4790 3827 4845 Χα-

2248 4883 2403 4951 διγάν
2447 4882 2935 4955 ἐπονομαζομένης
2976 4884 3240 4946 πλουσίας
3279 4884 3419 4937 πάνυ
3459 4883 3553 4936 καὶ
3578 4883 3827 4953 εὐπορωο

2246 4974 2449 5044 τάτης,
2488 4975 2583 5027 καὶ
2614 4974 2755 5045 μετά
2789 4975 2889 5046 τῆς
2932 4975 3125 5045 λοιπῆς
3158 4975 3477 5046 περιουσίας
3524 4973 3615 5027 καὶ
3655 4975 3827 5044 κτήνη

2254 5064 2424 5117 πολλὰ
2464 5063 2813 5135 κεκτημένη,
2862 5063 2980 5135 μεθ’
3012 5058 3086 5117 ὧν
3112 5065 3205 5117 καὶ
3240 5064 3524 5135 καμήλους
3551 5064 3632 5118 ὅτι
3671 5063 3825 5117 πλεί-

2255 5172 2433 5219 στους.
2470 5151 2573 5208 ’Ὧν
2618 5158 2814 5227 νομεὺς
2848 5158 2878 5209 ὁ
2920 5157 3220 5229 Μαχούμετ
3268 5158 3524 5228 κατέστη.
3575 5158 3827 5227 Ἰσχυσεν

2251 5248 2333 5311 εἰς
2397 5247 2577 5319 ἔρωτα.
2628 5250 2729 5318 τὴν
2777 5248 2975 5320 κυρίαν
3030 5248 3196 5302 αὑτοῦ
3267 5248 3508 5317 Χαδιγὰν
3553 5248 3822 5317 ἀγαγεῖν·

2252 5337 2422 5391 ὑπέδυ
2452 5338 2656 5408 ταύτην
2676 5378 2691 5403 ,
2724 5339 2818 5391 καὶ
2851 5340 3187 5406 συνεγένετο.
3224 5339 3332 5392 Καὶ
3349 5339 3412 5391 τὸ
3439 5338 3588 5403 τέλος
3618 5339 3827 5409 κυρίως

2253 5430 2507 5501 φανερῶς
2559 5433 2640 5493 εἰς
2676 5430 2857 5501 γάμου
2902 5432 3190 5485 κοινωνίαν
3234 5431 3438 5502 ταύτην
3475 5432 3553 5494 εἰς
3590 5432 3826 5499 γυναῖκα

2248 5517 2548 5586 λαμϐάνει..

2310 5785 2421 5841 Καὶ
2446 5786 2581 5858 πρὸς
2603 5786 2763 5843 τοῦτο
2786 5785 3156 5859 ἀποτρόπαιον
3190 5788 3379 5861 ἠγεῖτο
3402 5783 3562 5840 αὑτὸν
3581 5784 3825 5852 Χαδιγὰν
