4146 6456
340 406 476 469 tuo
1457 400 1939 463 CONFUTATIO
1979 404 2532 467 MUHAMMEDIS.
3498 408 3633 473 1450

336 519 730 591 συγκοινωνεῖν
761 515 939 586 τούτῳ
963 515 1025 568 οὐ
1060 511 1224 585 μόνον
1264 511 1356 566 διὰ
1382 512 1445 566 τὸ
1474 512 1750 583 μισθωτὸν
1793 508 1932 567 εἶναι
1961 549 1973 576 λ

1996 539 2010 578 ι
2041 515 2132 571 ἰΙΙο
2176 517 2495 573 societatem
2530 519 2871 591 coujugalem
2908 520 3106 577 fovere
3137 530 3194 577 et
3222 536 3347 578 cum
3379 523 3471 580 illo
3497 540 3633 581 cou-

333 616 475 686 αὐτῇ
502 612 694 666 τοῦτον
714 654 729 677 ,
766 608 882 663 ἀλλ’
916 609 1001 661 ὅτι
1026 608 1123 660 καὶ
1151 605 1395 668 άνείδεος
1431 599 1501 675 ἦν
1530 606 1629 659 καὶ
1659 605 1931 678 ἄμορφος.

2041 608 2318 675 cumbere,
2361 619 2475 663 tum
2498 610 2625 680 quia
2682 614 3059 669 mercenarius
3110 613 3311 684 fuerat,
3338 624 3451 671 tum
3506 619 3632 688 quia

334 702 451 756 Kal.
476 702 535 755 ἐν
557 698 784 762 πολλαῖς
822 696 932 751 τῶν
955 694 1184 767 ἡμερῶν
1215 693 1361 749 κατὰ
1384 694 1491 766 γῆς
1524 693 1810 766 κείμενος,
1841 697 1936 751 καὶ

2040 700 2428 771 ingratissima:
2488 712 2545 758 et
2593 704 2925 773 turpissimae
2965 715 3087 762 erat
3140 706 3351 763 formae.
3407 710 3639 781 insuper

332 794 512 865 ἀφρὸν
565 789 893 847 ἀποπτύων.
934 788 1233 857 Γενόμενος
1274 787 1333 841 δὲ
1385 787 1576 858 κύριος
1616 788 1728 840 τῶν
1759 788 1938 860 ὑπαρ-

2040 795 2166 863 quia
2199 796 2431 864 singulis
2463 794 2576 852 fere
2642 796 2838 854 diebus
2900 800 3055 869 quasi
3125 802 3388 858 comitiali
3439 804 3632 861 morbo

331 889 543 960 χόντων
590 885 763 955 αὐτῆς
815 882 1076 947 πολλάκις
1123 880 1401 952 ἀπεδήμει
1452 880 1576 933 κατ’
1631 880 1931 951 ἐμπορίαν.

2039 896 2346 953 correptus,
2377 899 2473 941 ore
2517 889 2795 957 spumanti
2820 890 2874 944 in
2908 900 3111 945 terram
3137 892 3372 947 cadebat
3400 903 3455 949 et
3476 893 3632 963 jace-

330 981 446 1037 Καί
473 996 609 1035 ποτε
639 977 1089 1050 παραγενόμενος
1120 978 1202 1039 εἰς
1233 974 1604 1045 Παλαιστίνην
1639 976 1934 1046 συνέτυχεν

2040 977 2152 1032 bat.
2194 977 2468 1033 Bonorum
2509 993 2639 1034 vero
2661 981 2851 1037 uxoris
2906 982 3160 1039 dominus
3202 984 3385 1042 factus
3444 987 3637 1057 saepis.

346 1074 655 1148 Ἑϐραίοις,
698 1067 820 1125 εἶτα
874 1070 1211 1141 Ἀρειανοῖς,
1258 1068 1454 1122 ἔπειτα
1491 1069 1589 1121 καὶ
1630 1068 1935 1140 Νεστορια-

2041 1069 2179 1123 sime
2192 1069 2259 1123 ad
2283 1077 2648 1125 mercaturam
2671 1075 3034 1129 exercendam
3062 1091 3292 1148 peregre
3319 1078 3642 1149 proﬁcisce-

333 1171 469 1232 νοῖς.
517 1166 630 1221 Καὶ
661 1163 824 1229 δόξας
876 1162 1189 1233 φιλομαθὴς
1229 1157 1404 1227 εἶναι,
1435 1159 1682 1231 ἀρύσατο
1722 1160 1938 1231 ταχέως

2041 1160 2227 1219 batur.
2257 1161 2395 1217 Cum
2423 1164 2477 1217 in
2524 1162 2872 1221 Palaestinam
2927 1168 3222 1237 aliquando
3272 1174 3634 1241 pervenisset,

334 1260 397 1325 ἐξ
450 1256 724 1331 Ἐϐραίων
768 1256 870 1327 μὲν
907 1254 1008 1327 τὴν
1042 1252 1378 1326 μοναρχίαν,
1415 1252 1475 1320 ἐξ
1528 1253 1827 1324 Ἀρειανῶν
1876 1253 1936 1306 δὲ

2043 1253 2233 1307 incidit
2259 1254 2311 1308 in
2340 1253 2619 1323 Hebraeus,
2649 1257 2849 1314 deinde
2876 1259 2930 1314 in
2979 1260 3238 1327 Arianos,
3268 1274 3550 1333 postremo
3578 1266 3637 1320 in

331 1354 510 1423 Λόγον
591 1351 691 1406 καὶ
743 1349 975 1421 Πνεῦμα
1016 1348 1251 1413 κτιστὰ,
1300 1347 1411 1403 ἀπὸ
1455 1347 1516 1402 δέ
1553 1346 1938 1419 Νεστοριανῶν

2041 1344 2429 1403 Nestorianos.
2480 1349 2615 1404 Cum
2647 1353 2797 1404 'vero
2878 1350 3120 1409 scientia:
3176 1353 3406 1425 cupidus
3464 1355 3639 1413 videri

329 1443 884 1516 ἀνθρωπολατρείαν.
910 1443 1023 1496 Καὶ
1052 1440 1310 1495 σύνθετον
1332 1439 1394 1506 ἐξ
1425 1439 1608 1495 αὐτῶν
1632 1439 1938 1512 θρησκείαν

2043 1438 2228 1505 vellet,
2263 1454 2330 1494 ex
2369 1439 2617 1497 Hebraeis
2642 1442 2828 1499 hausit
2852 1445 3231 1502 monarchiam
3272 1459 3367 1504 seu
3409 1448 3633 1504 unicum

330 1539 515 1609 ἐαυτῷ
574 1538 981 1611 συνεστήσατο·
1047 1537 1383 1608 νοσήσαντος
1435 1535 1494 1589 δὲ
1541 1534 1708 1588 πάλιν
1769 1532 1938 1587 αὐτοῦ

2039 1543 2163 1586 esse
2194 1530 2386 1586 Deum.
2419 1528 2499 1587 Ex
2525 1532 2745 1588 Ariauis
2798 1532 3035 1589 Verbum
3074 1544 3127 1591 et
3186 1536 3453 1607 Spiritum
3506 1553 3639 1592 san-

330 1635 569 1706 πάρεσιν
611 1631 829 1705 μελῶν,
877 1633 913 1702 ή
955 1630 1261 1702 δηλωθεϊσα
1294 1627 1490 1684 τούτου
1530 1628 1676 1699 γυνὴ
1729 1627 1941 1700 σφόδρα

2044 1632 2195 1678 ctum
2239 1637 2363 1678 esse
2412 1632 2714 1693 creaturas,
2740 1640 2805 1679 ex
2850 1622 3194 1682 Nestorianis
3224 1627 3522 1695 hominem,
3550 1631 3640 1685 ni-

326 1731 522 1803 ἠνιᾶτο
542 1771 558 1795 ,
584 1729 681 1782 καὶ
708 1726 981 1799 ήσχαλλεν
1000 1725 1065 1779 οὐ
1100 1724 1263 1797 μόνον
1290 1723 1369 1787 ὡς
1395 1722 1581 1777 δοῦλον
1608 1722 1705 1777 καὶ
1729 1721 1939 1792 μισθω-

2045 1714 2241 1770 mirum
2267 1729 2557 1784 personam
2583 1716 2875 1771 humanam
2901 1717 3104 1773 Christi
3127 1733 3251 1775 esse
3278 1719 3636 1776 adorandam.

326 1823 422 1877 τὸν
453 1822 627 1893 αὐτῆς
667 1818 1042 1889 συνσιφθείσα,
1087 1816 1227 1872 ἀλλὰ
1262 1818 1357 1870 καὶ
1398 1816 1475 1879 ὡς
1525 1813 1672 1886 μέγα
1715 1814 1935 1883 νόσημα

2042 1805 2110 1861 Et
2148 1820 2216 1860 ex
2266 1808 2387 1862 istis
2436 1807 2695 1863 oumibus
2747 1809 3131 1879 complicatam
3166 1811 3486 1883 religionem
3533 1813 3638 1868 sibi

327 1906 525 1986 ἔχοντα
553 1883 649 1966 τόν
679 1883 1026 1985 γημάμενον.
1056 1903 1168 1963 Ἤν
1196 1908 1255 1962 δὲ
1278 1908 1466 1971 αὐτοῖς
1497 1883 1655 1976 φίλος
1692 1904 1932 1976 μοναχός

2005 1898 2295 1954 ιοοηίιονίι
2348 1910 2405 1955 et
2426 1901 2751 1969 composuit.
2780 1901 2882 1957 Illo
2933 1916 3066 1958 vero
3107 1902 3305 1959 iterum
3354 1903 3642 1962 laborante

324 2020 415 2073 τις
465 2006 745 2080 ἐξόριστος
799 2006 887 2069 εἰς
940 2004 1128 2059 ἐκεῖνα
1165 2003 1237 2057 τὰ
1285 2002 1428 2074 μέρη
1483 2000 1573 2054 διὰ
1616 1999 1679 2053 τὸ
1734 1998 1933 2054 ἐαυτοῦ

2040 1993 2411 2047 membrorum
2451 1992 2723 2047 solutione
2746 2002 2802 2049 et
2830 1994 3092 2067 paralysi,
3127 2006 3429 2052 memorata
3469 2012 3636 2067 supra

325 2100 529 2171 δόγμα.
561 2092 734 2161 Οὗτος
775 2096 837 2163 ἐξ
862 2095 1149 2167 ὑποθήκης
1190 2092 1287 2147 τοῦ
1323 2089 1572 2161 Μωάμεθ
1623 2088 1935 2161 ἐπληροφό-

2041 2098 2178 2139 uxor
2228 2087 2582 2141 vehementer
2637 2085 2961 2154 angebatur,
2999 2098 3055 2142 et
3125 2086 3539 2159 indignabatur,
3582 2096 3642 2145 ut

326 2202 500 2264 μησεν
533 2192 632 2263 τὴν
666 2189 862 2246 τούτου
913 2187 1183 2257 σύζυγον,
1225 2187 1302 2251 ὡς
1344 2184 1530 2239 οὐκέτι
1571 2183 1728 2252 κοινὴ
1775 2182 1934 2244 νόσος

2039 2186 2165 2246 pote
2207 2190 2329 2246 qua:
2364 2176 2620 2233 maritum
2652 2179 2757 2234 sibi
2787 2180 3097 2236 sociaverat
3121 2195 3229 2237 non
3260 2189 3476 2236 tantum
3522 2196 3643 2239 ser-

324 2288 480 2341 ἐστὶν
504 2287 540 2359 ή
571 2285 884 2356 κατέχουσα
914 2282 1007 2338 τὸν
1034 2280 1303 2352 Μωάμεδ,
1340 2278 1493 2348 λέγει
1527 2276 1665 2349 πρὸς
1701 2275 1875 2346 αὐτὴν
1902 2276 1931 2329 ό

2034 2282 2159 2323 vum
2234 2280 2288 2323 et
2315 2269 2420 2324 vile
2448 2271 2781 2341 mancipium
2848 2281 2905 2328 et
2939 2273 3365 2337 mercenarium,
3404 2275 3499 2330 sed
3545 2276 3644 2330 ho-

323 2377 589 2450 μοναχδς,
643 2377 757 2431 ἀλλ’
785 2376 979 2440 ὁσάκις
1018 2374 1119 2428 ἴδοι
1158 2372 1251 2427 τὸν
1278 2368 1624 2443 ἀρχάγγελον
1658 2366 1927 2438 Γαϐριὴλ,

2034 2361 2234 2414 minem
2271 2361 2364 2432 qui
2394 2363 2588 2418 morbo
2620 2364 2979 2421 acerbissimo
3000 2376 3314 2423 vexaretur.
3343 2366 3632 2424 Habebaut

326 2467 409 2540 μὴ
437 2466 625 2540 φέρων
670 2465 838 2522 αὑτοῦ
868 2466 968 2537 τὴν
1009 2463 1251 2535 φοϐερὰν
1288 2460 1616 2530 ἐπιφάνειαν
1653 2458 1737 2522 είς
1766 2457 1929 2512 τοῦτο

2030 2465 2161 2507 vero
2182 2454 2516 2510 monachum
2547 2457 2842 2525 quemdam
2889 2457 2991 2513 sibi
3020 2458 3347 2514 familiarem
3381 2469 3438 2517 et
3486 2461 3626 2519 auti-

322 2560 689 2615 καταπίπτει.
730 2558 845 2613 Καὶ
880 2558 990 2629 γὰρ
1038 2556 1067 2609 ό
1119 2552 1386 2627 δηλωθεὶς
1429 2551 1684 2619 ἄγγελος,
1718 2548 1923 2620 φησὶν,

2029 2560 2173 2613 cum,
2216 2546 2307 2616 qui
2354 2556 2579 2617 propter
2630 2563 2725 2604 sua
2771 2564 2935 2620 prava
2988 2552 3242 2621 dogmata
3276 2550 3406 2609 illuc
3442 2552 3622 2609 fuerat

322 2656 411 2717 είς
438 2653 567 2718 τοὺς
614 2652 890 2724 μεγάλους
937 2650 1331 2707 ἀποστέλλεται
1380 2645 1673 2717 προφήτας
1707 2643 1924 2697 ἀποκα-

2024 2638 2079 2693 ἰη
2106 2639 2358 2696 exsilium
2409 2641 2705 2713 relegatus.
2740 2642 2837 2700 llle
2882 2644 3185 2701 deliberata
3215 2660 3341 2701 cum
3371 2644 3618 2701 Multam-

322 2745 549 2799 λύπτων
580 2743 766 2807 αὐτοῖς
794 2744 865 2797 τὰ
904 2743 1181 2813 μυστήρια
1212 2739 1308 2793 τοῦ
1342 2736 1479 2791 Θεοῦ
1502 2777 1515 2799 ,
1553 2736 1650 2790 καὶ
1687 2733 1929 2804 γνώσεις

2028 2735 2183 2783 mede
2210 2730 2441 2785 consilio
2473 2747 2699 2787 uxorem
2732 2732 3133 2791 Muhammedis
3177 2736 3246 2791 ab
3278 2736 3383 2792 ista
3417 2736 3614 2791 anxie-

320 2839 437 2892 τῶν
460 2836 768 2907 ἑπομένων.
830 2834 1253 2889 ’Λποστέλλεται
1289 2831 1383 2896 δέ,
1424 2828 1592 2901 φησὶ,
1650 2826 1748 2881 καὶ
1792 2824 1931 2898 πρὸς

2030 2831 2143 2877 tate
2172 2836 2429 2879 revocare
2460 2825 2765 2896 satagebat,
2795 2827 3209 2898 conabaturque
3261 2829 3620 2899 persuadere,

322 2927 421 2983 τὸν
449 2926 695 2998 Μωαμέδ
723 2926 894 2998 ἄνδρα
918 2924 1013 2977 τὸν
1040 2926 1163 2989 σὸν,
1185 2921 1263 2986 ὡς
1300 2921 1478 2993 μέγαν
1507 2917 1820 2991 προφήτηνι

2032 2929 2141 2968 non
2176 2914 2388 2986 vulgari
2418 2927 2475 2970 et
2503 2917 2792 2976 ordinario
2826 2920 3019 2976 morbo
3080 2921 3321 2976 cruciari
3376 2919 3627 2975 Multam-

323 3020 565 3082 medem.
627 3019 756 3086 Sed,
792 3017 1096 3090 inquiebat,
1162 3015 1593 3091 quotiescunque
1646 3008 1797 3063 videt
1875 3004 2265 3075 archangelum
2332 3004 2664 3077 Gabrielem,
2730 3010 2906 3081 impar
2938 3018 3103 3066 tanta:
3166 3008 3405 3067 ferenda
3436 3012 3613 3068 vision

323 3114 499 3179 cadit,
558 3123 615 3170 et
643 3112 801 3183 quasi
862 3112 1106 3185 pondere
1156 3110 1346 3182 gloriae
1392 3105 1672 3171 obruitur;
1714 3101 1952 3157 addebat
1988 3099 2155 3155 etiam
2193 3101 2495 3158 monachus
2551 3103 2684 3158 ille:
2710 3103 2946 3160 Mittitur
2978 3107 3082 3161 iste
3112 3106 3337 3178 angelus
3361 3107 3428 3162 ad
3464 3107 3608 3161 maxi

328 3224 451 3266 mos
509 3196 805 3281 prophetas
853 3207 988 3278 ipsis
1051 3204 1311 3277 mysteria
1369 3201 1462 3257 Dei
1525 3209 1580 3255 et
1618 3197 1930 3253 futurorum
1971 3193 2345 3262 cOguitiouem
2405 3197 2695 3265 revelans;
2768 3199 3029 3270 pergebat
3075 3214 3207 3255 vero
3265 3208 3320 3256 et
3378 3201 3636 3255 dicebat:

334 3305 571 3363 Mittitur
596 3307 738 3360 idem
765 3304 994 3373 angelus
1025 3303 1091 3356 ad
1110 3302 1398 3373 conjugem
1466 3309 1617 3353 tuum
1673 3289 2109 3350 Muhammedetn
2143 3300 2401 3363 tanquam
2435 3296 2502 3349 ad
2526 3311 2779 3368 maguum
2814 3297 3159 3369 pr0phetam.

400 3398 556 3470 Αὐτὴ
595 3397 655 3453 δέ
684 3396 975 3451 πεισθεῖσα
1005 3398 1118 3460 τοῖς
1139 3393 1491 3466 λεγομένοις,
1526 3389 1626 3446 καὶ
1652 3390 1925 3459 γενομένη
1953 3385 1999 3446 G

2103 3381 2197 3438 Illa
2255 3399 2389 3443 vero
2451 3388 2614 3445 dictis
2676 3388 2819 3445 victa
2863 3398 2921 3445 et
2975 3391 3387 3461 obtemperans,
3434 3393 3642 3462 gaudio

324 3491 641 3564 περιχαρὴς
674 3492 771 3546 τὸν
803 3490 965 3561 λόγον
997 3488 1287 3545 πεισθεῖσα
1319 3488 1590 3560 ἐκήρυττε
1626 3482 1927 3557 διαρρήδην

2034 3481 2273 3537 maximo
2308 3479 2529 3552 perfusa
2562 3496 2680 3538 rem
2712 3492 2881 3538 totam
2917 3482 3043 3539 aliis
3075 3484 3416 3541 mulierculis
3464 3501 3636 3556 expo-

322 3583 451 3646 ταῖς
480 3582 672 3647 ἄλλαις
717 3580 1005 3652 γυναιξὶν,
1047 3581 1130 3635 ὅτι
1175 3581 1351 3651 μέγας
1385 3580 1537 3633 ἐστὶν
1580 3572 1870 3648 προφήτης
1899 3575 1929 3628 ὁ

2033 3577 2198 3633 nebat
2220 3586 2277 3633 et
2301 3577 2617 3643 enarrabat,
2646 3579 2793 3647 quod
2819 3576 3082 3633 nimirum
3108 3576 3460 3635 Muhammed
3488 3591 3637 3636 esset

324 3672 605 3744 Μωαμὲδ,
636 3674 733 3729 καὶ
775 3673 929 3746 παρὰ
957 3674 1038 3745 τῷ
1066 3671 1189 3745 Θεῷ
1234 3671 1652 3743 ἐκλελεγμένος.
1698 3669 1807 3723 Kal.
1837 3668 1930 3721 τὸν

2033 3669 2306 3725 maximus
2331 3668 2693 3741 propheta,,et
2727 3687 2759 3725 a
2786 3666 2899 3727 Deo
2927 3671 3157 3727 electus.
3190 3672 3257 3727 Et
3279 3671 3386 3727 hoc
3420 3672 3581 3727 modo
3602 3688 3631 3727 a

326 3767 533 3841 τρόπον
552 3767 744 3822 τοῦτον
768 3768 834 3822 ἐκ
869 3765 1151 3837 γυναικῶν
1180 3766 1262 3830 εἰς
1300 3766 1504 3838 ἄνδρας
1527 3765 1557 3817 ό
1586 3763 1746 3833 λόγος
1772 3757 1929 3826 οὗτος

2040 3762 2261 3820 feminis
2289 3764 2355 3820 ad
2383 3763 2533 3820 viros
2558 3762 2700 3819 fama
2718 3763 2823 3820 ista
2860 3764 3100 3829 transiit,
3133 3765 3348 3821 tandem
3377 3766 3636 3833 obtinuit.

322 3858 595 3924 διαδοθεὶς
626 3861 956 3933 ἐκράτησεν,
990 3860 1088 3915 καὶ
1125 3858 1392 3932 ηὑξάνθη.
1436 3858 1503 3913 Τί
1542 3857 1806 3928 γέγονεν;
1835 3856 1928 3909 τέ-

2032 3857 2247 3913 etvires
2269 3856 2924 3927 acquisiviteundo.Quid
2940 3856 3141 3911 factum
3168 3858 3639 3932 postea?Cbadiga

320 3950 531 4023 θνηκεν
559 3954 594 4025 ή
644 3953 785 4025 γυνὴ
819 3953 990 4008 αὑτοῦ
1038 3952 1289 4021 Χαδιγὰ,
1334 3950 1432 4006 καὶ
1460 3950 1802 4022 κληρονόμον
1849 3951 1929 4013 είς

2032 3965 2173 4006 uxor
2184 3950 2438 4015 moritur,
2458 3962 2513 4004 et
2526 3951 2769 4005 omnium
2790 3951 3055 4004 bonorum
3072 3964 3295 4005 suorum
3311 3965 3377 4006 ex
3395 3965 3520 4006 asse
3537 3952 3632 4007 bte-

326 4044 551 4099 ἅπαντα
578 4044 753 4115 αὐτῆς
782 4044 1049 4115 Μωάμεδ,
1097 4043 1191 4098 τὸν
1231 4044 1328 4098 καὶ
1360 4042 1664 4114 Μαχούμετ
1698 4041 1798 4111 τῆς
1824 4058 1926 4095 πεί-

2034 4042 2218 4098 redem
2253 4041 2540 4097 constituit
2560 4050 2616 4096 et
2647 4040 2868 4110 reliquit
2890 4040 3360 4106 Mubammedem;
3391 4043 3482 4112 qui
3508 4058 3636 4097 cum

326 4136 583 4208 ριουσίας
631 4136 804 4207 αὐτῆς
863 4136 1181 4202 κατέλιπεν,
1238 4134 1299 4201 ὃς
1340 4137 1435 4192 καὶ
1474 4135 1797 4210 κληρονόμῃ
1832 4134 1930 4188 καὶ

2034 4134 2139 4190 ista
2164 4133 2518 4205 pinguissima
2543 4132 2862 4190 haereditate
2873 4132 3397 4204 scrpeusevasisset,
3419 4144 3468 4189 ta
3479 4137 3638 4191 ndem

326 4227 535 4301 ταύτης
570 4227 697 4297 ὄφις
745 4228 822 4282 ὢν
858 4227 1075 4299 δράκων
1117 4228 1367 4297 γέγονεν.
1425 4228 1537 4281 Καὶ
1585 4227 1774 4283 ἔκτοτε
1832 4245 1930 4281 πε..

2034 4226 2209 4283 factus
2232 4236 2315 4283 est
2334 4226 2601 4282 draco.Et
2623 4227 2691 4280 ab
2726 4226 2818 4281 illo
2852 4236 3096 4296 tempore
3121 4228 3273 4282 dives
3306 4224 3507 4293 factus,
3539 4229 3640 4284 bo-

327 4321 657 4395 πλουτηκὼς
690 4322 873 4395 τίμιος
913 4324 1069 4395 παρὰ
1109 4323 1282 4376 πᾶσιν
1316 4321 1602 4391 ἐφαίνετοο
1644 4320 1773 4387 δόξα
1822 4320 1930 4393 γὰρ

2035 4335 2223 4376 norem
2254 4322 2394 4391 apud
2419 4336 2611 4375 omnes
2632 4320 2860 4388 adeptus
2873 4330 2977 4374 cst.
3000 4319 3270 4377 Gloriatio
3290 4320 3492 4392 quippe
3514 4322 3636 4378 sine

328 4416 686 4488 ἀπείραντος,
711 4416 747 4489 ἣ
773 4419 871 4471 καὶ
898 4417 1115 4489 πλούτῳ
1142 4416 1433 4489 προσλάϐῃ
1451 4415 1552 4488 τὴν
1576 4414 1759 4484 οἴησιν
1788 4414 1931 4486 μέγα

2037 4415 2144 4471 ﬁne
2176 4423 2230 4468 et
2259 4429 2380 4485 quae
2415 4414 2554 4485 apud
2580 4413 2778 4484 vulgus
2810 4414 3125 4485 opinionem
3162 4413 3270 4471 sibi
3307 4430 3376 4471 ex
3429 4417 3629 4487 opibus

327 4527 382 4564 τι
408 4508 693 4573 δοκεῖτοῖς
720 4511 1006 4573 ταπεινοῖς
1028 4510 1125 4564 καὶ⁹
1147 4509 1483 4581 τιμώμενον.
1515 4508 1627 4563 Καὶ
1646 4505 1931 4562 συλλαϐὼν

2036 4508 2315 4576 conciliat,
2346 4522 2601 4580 magnum
2633 4508 2762 4577 quid
2787 4518 2842 4564 et
2871 4510 3243 4563 venerandum
3277 4509 3497 4564 videtur
3540 4511 3634 4563 ab-

327 4599 429 4661 τὰς
459 4598 871 4671 προρῤηθείσας
905 4600 1069 4663 κενὰς
1104 4599 1273 4653 αὐτοῦ
1304 4598 1663 4661 διδασκαλίας
1693 4600 1723 4651 ό
1758 4598 1932 4652 Μωά-

2034 4602 2195 4671 iectis
2219 4611 2276 4658 et
2325 4619 2390 4658 ex
2425 4603 2587 4674 plebe
2620 4602 3359 4680 humilioribus.Congerens
3379 4619 3512 4675 ergo
3541 4620 3636 4658 su-

331 4692 434 4765 μεδ
470 4693 581 4747 ἀπὸ
632 4694 743 4748 τῶν
799 4691 1075 4748 Ἰουδαίων
1107 4692 1207 4765 τὴν
1261 4694 1593 4766 μοναρχίαν,
1629 4695 1696 4746 ἐκ
1733 4692 1792 4747 δέ
1820 4691 1929 4744 τῶν
1964 4749 1968 4763 η

2000 4758 2006 4768 _
2040 4712 2137 4768 pra
2204 4705 2535 4752 memoratas
2583 4711 2752 4751 vanas
2809 4696 3121 4765 opiniones,
3152 4696 3409 4750 nimirum
3440 4710 3505 4751 ex
3538 4696 3637 4750 Ju-

342 4748 643 4855 ιΑρειανὼν
689 4783 751 4838 τὸ
778 4783 961 4853 λέγειν
1010 4783 1104 4836 τὸν
1135 4748 1312 4853 Ᾰόγόν
1363 4748 1472 4837 καῖ
1497 4748 1627 4836 Υίόν
1658 4782 1755 4837 τοῦ
1789 4782 1927 4836 Θεοῦ
1964 4748 1979 4804 1

1998 4748 2172 4846 ’διιξίε
2200 4791 2695 4856 ntonarcbiam,ex
2754 4790 2970 4844 Ariauis
3022 4788 3258 4845 Verbum
3311 4789 3402 4845 Dei
3429 4798 3486 4844 et
3544 4791 3635 4845 Dei

330 4876 586 4943 κτιστδν,
627 4877 694 4931 ἐκ
730 4876 789 4931 δέ
825 4876 938 4931 τῶν
985 4877 1372 4948 Νεστοριανῶν
1429 4876 1529 4949 τὴν
1573 4876 1931 4947 άνθρωπολα-

2043 4886 2240 4943 Eilium
2327 4900 2450 4942 esse
2493 4896 2829 4948 creaturam,
2884 4897 2951 4939 ex
3004 4881 3347 4938 Nestorianis
3402 4882 3636 4936 ambro-

328 4968 544 5040 τρεὶαν.
589 4970 704 5024 Ka‘t
739 4969 921 5037 πάντα
948 4967 1235 5024 συλλαϐὼν
1265 4969 1507 5037 ἐδίδαξεν
1544 4969 1607 5024 τὸ
1638 4970 1926 5042 ᾀδόμενον.

2040 4980 2353 5049 polatriam,
2389 4993 2457 5035 ex
2488 4978 2592 5034 illis
2633 4977 2887 5032 omnibus
2930 4990 3093 5031 unam
3140 4976 3449 5030 doctrinam
3502 4990 3637 5031 cou-

330 5059 494 5115 Οὕτω
532 5060 597 5132 δὴ
629 5061 728 5116 καὶ
761 5063 1112 5135 συγκεράσας
1144 5063 1241 5117 καὶ
1264 5063 1344 5135 τῷ
1376 5062 1494 5135 λαῷ
1532 5064 1807 5136 ἐκήρυξεν
1834 5063 1932 5119 καὶ

2040 5074 2210 5139 ﬂavit,
2241 5090 2406 5145 quam
2438 5072 2786 5128 auditoribus
2816 5079 3030 5140 gratam
3055 5077 3110 5124 et
3140 5070 3485 5125 decantatam
3536 5069 3636 5123 du-

332 5151 638 5219 ἐκράτυνεν
678 5153 773 5208 καὶ
816 5152 895 5218 ὼς
933 5155 1224 5227 προφήτην
1266 5156 1446 5224 μέγαν
1474 5158 1543 5210 ἐκ
1578 5155 1718 5210 Θεοῦ
1764 5155 1932 5210 αὐτὸν

2042 5169 2174 5224 cuit.
2206 5167 2270 5223 Et
2298 5169 2379 5223 sic
2406 5183 2465 5222 se
2526 5165 2701 5221 turbis
2753 5175 2809 5219 et
2859 5162 3059 5236 pepulo
3113 5162 3454 5225 immiscens,
3485 5161 3632 5216 illam

331 5244 600 5313 τιμᾶσθαι
630 5242 709 5315 τῷ
754 5245 870 5316 λαῷ
904 5249 1363 5319 παρηγγυήσατο.
1397 5248 1564 5312 Γνοὺς
1589 5248 1649 5303 δέ
1668 5248 1796 5311 τοὺς
1825 5249 1930 5303 Ἰσι-

2040 5262 2356 5335 praedicavit
2418 5269 2474 5317 et
2548 5256 2889 5331 propagavit,
2949 5270 3010 5312 se
3070 5266 3326 5323 tanquam
3381 5270 3634 5324 maguum

339 5337 612 5407 μαηλίτας
650 5337 761 5391 τῶν
808 5340 999 5394 παθῶν
1032 5337 1173 5395 εἶναι
1220 5342 1463 5408 δούλους,
1496 5343 1595 5396 καὶ
1629 5343 1934 5414 βοσκητοὺς

2041 5359 2360 5431 prephetam
2394 5353 2716 5419 venditavit,
2746 5362 2802 5408 et
2853 5367 2883 5406 a
2936 5349 3137 5423 populo
3172 5364 3231 5404 se
3256 5348 3373 5404 fere
3422 5347 3525 5403 coli
3575 5356 3639 5403 et

335 5429 729 5501 ἁπημάντους,
788 5431 957 5502 ἤγουν
1018 5429 1488 5505 βοσκηματὼδεις,
1550 5436 1647 5489 καὶ
1707 5435 1932 5499 δούλους

2041 5429 2258 5507 adorari
2294 5448 2510 5504 tandem
2559 5444 2817 5500 obtinuit.
2848 5442 2984 5499 Cum
3022 5456 3153 5498 vero
3188 5438 3359 5510 probe
3394 5440 3638 5495 novisset

334 5519 497 5584 ϐντας
533 5519 866 5593 βρωμάτων,
901 5521 1084 5593 βίϐλον
1119 5526 1332 5592 οἰκείας
1360 5526 1687 5598 νομοθεσίας
1718 5528 1935 5594 ἐξέθετο

2036 5543 2336 5600 lsmaelitas
2363 5555 2588 5597 suarum
2617 5538 2907 5595 libidinum
2942 5549 3092 5605 ,esse
3120 5548 3272 5589 mera
3335 5532 3630 5600 mancipia,

331 5614 613 5711 γέμουσα-ν
654 5614 836 5685 πάσης
873 5617 1191 5689 ἀκαθάρτου
1228 5619 1587 5691 νομοθεσίας,
1627 5623 1936 5696 προσφιλὴς

2035 5638 2163 5711 quia
2195 5647 2444 5706 pastores
2467 5642 2627 5690 erant
2686 5630 2917 5687 minime
2943 5626 3166 5685 verendi
3212 5633 3270 5682 et
3316 5623 3556 5689 exitiosi,
3579 5634 3635 5678 et

331 5706 520 5771 αὐτοῖς
567 5702 670 5779 ἦν,
703 5709 797 5762 καὶ
826 5710 1128 5781 οὐρανόθεν
1168 5714 1258 5768 διὰ
1287 5715 1382 5770 τοῦ
1422 5717 1773 5789 ἀρχαγγέλου
1825 5719 1935 5771 Γα-

2036 5702 2381 5801 pastoritiam
2420 5736 2592 5783 artem
2632 5734 2845 5785 tantum
2894 5727 3238 5784 exercentes,
3269 5725 3327 5772 et
3378 5730 3634 5773 escarum

330 5798 499 5873 ϐριὴλ
534 5801 932 5873 κατενεχθῆναι
963 5805 1117 5877 αὑτῷ
1138 5806 1587 5879 διεϐεϐαιώσατο,
1622 5814 1719 5869 καὶ
1748 5814 1934 5886 δεδογο

2037 5798 2356 5892 ventrisque
2420 5816 2818 5885 servi,librum
2866 5814 3047 5881 legum
3091 5824 3190 5866 sua
3245 5810 3459 5882 privata
3516 5806 3635 5863 sola

334 5894 572 5966 μάτικεν
597 5933 612 5959 ,
659 5894 870 5969 ταύτην
915 5897 1013 5969 τὴν
1061 5904 1388 5972 νομοθεσίαν
1435 5912 1657 5984 διδάξας
1688 5916 1769 5989 τῷ
1804 5911 1920 5984 λαῷ
1949 5973 1963 5987 ε

1993 5922 2331 5991 auctoritate
2404 5913 2675 5972 inunitum
2736 5906 3068 5979 composuit,
3138 5904 3358 5977 plenum
3414 5899 3630 5959 omnis

574 5992 849 6057 PATROL.
882 5996 1001 6057 GR.
1034 6000 1192 6065 (Σίν.

3236 6001 3312 6063 b6

1189 6126 1315 6143 v.44“
