4146 6436
564 401 693 465 1451

1726 402 1816 461 BA
1828 399 2293 462 RTHOLOMA‘II
2342 398 2716 461 EDESSENI

3719 400 3849 467 1452

558 519 787 588 impurae
816 516 1085 572 doctrina:
1114 516 1234 572 istis
1260 515 1574 572 hominibus
1618 516 1971 587 gratissima),
2006 514 2158 570 illum

2275 515 2379 567 Καὶ
2420 515 2641 584 Κουρὰν
2688 513 2895 583 ταύτην
2927 513 3187 569 ἐκάλεσεν
3212 556 3226 579 ,
3258 513 3540 569 τουτέστιν
3574 513 3729 569 θείαν
3760 518 3849 587 δη-

556 610 699 666 ctelo
731 610 798 665 ad
823 626 884 665 se
916 609 1151 665 delatum
1183 624 1281 677 per
1309 607 1693 680 archangelum
1722 606 2033 663 Gabrielcm
2064 621 2156 661 as-

2275 606 2391 675 ιαδὴ
2437 605 2785 676 νομοθεσίαν,
2847 606 3030 679 ῥητῶς
3083 607 3466 678 διοριζομένην
3512 608 3717 680 αὐτὴν,
3762 609 3848 664 τὸν

559 704 752 770 seruit,
775 704 1080 757 doctrinam
1113 704 1204 757 illo
1238 712 1553 758 contentam
1612 702 1851 755 medium
1889 700 1943 755 in
1968 699 2160 770 vulgus

560 796 963 859 disseminavit,
996 813 1157 867 quam
1201 797 1476 850 Coranum
1524 795 1759 862 vocavit,
1794 794 1847 849 id
1893 804 1979 849 est
2018 793 2159 848 divi-

560 904 686 942 nam
716 888 909 956 legem.
946 887 1137 942 Sancit
1158 904 1287 942 vero
1317 888 1407 941 illa
1455 887 1678 942 disertis
1724 885 1907 941 verbis
1933 883 2163 955 quemli-

560 978 655 1032 bet
677 977 1089 1048 llagarenorum
1118 993 1282 1047 posse
1305 978 1407 1033 sibi
1441 984 1680 1046 quatuor
1710 990 1909 1031 uxores
1968 974 2159 1029 matri-

560 1070 749 1125 monio
787 1070 1064 1140 copulare,
1101 1080 1158 1125 et
1206 1086 1330 1125 cum
1382 1070 1488 1124 illis
1530 1069 1743 1140 publice
1774 1084 2155 1136 consuescere,

561 1161 903 1217 concubinas
934 1177 1064 1217 vero
1098 1171 1180 1217 tot
1208 1171 1341 1232 quot
1374 1161 1448 1216 illi
1505 1162 1791 1231 placuerit.
1829 1159 1942 1217 Hac
1974 1172 2155 1216 autem

560 1255 773 1309 ratione
826 1256 1108 1325 Agareuos
1165 1258 1218 1310 in
1270 1270 1426 1310 suum
1458 1254 1664 1310 cultum
1700 1255 1975 1324 perduxit,
2040 1253 2161 1309 illos

560 1361 658 1401 sua
692 1348 940 1402 doctrina
965 1348 1159 1403 imbuit
1189 1363 1416 1403 monens
1448 1349 1616 1403 etiam
1655 1356 1711 1401 ut
1769 1346 2160 1417 frequentibus

2259 698 2465 753 καθένα
2492 698 2603 753 τῶν
2638 699 2964 770 Ἀγαρηνῶν
2988 698 3079 752 ὑπ’
3110 700 3362 764 ἐξουσίαν
3389 700 3531 771 ἔχειν
3559 700 3847 771 τέσσαρσιν

2260 790 2512 860 γυναιξὶν
2544 796 2955 861 συγκοινωνεῖν,
2985 794 3080 846 καὶ
3113 791 3342 856 ταύταις
3378 792 3693 862 συνομιλεῖν
3726 810 3851 863 προ·

2264 885 2487 954 φανῶς,
2530 884 2819 949 παλλακὰς
2870 885 2928 938 δὲ
2960 885 3107 956 ἔχειν
3154 886 3245 939 τὸν
3290 884 3413 938 καθ’
3454 884 3582 949 ἕνα,
3616 884 3745 946 ὅσας
3792 884 3853 937 ἂν

2262 983 2490 1053 αἰρέτω.
2527 980 2639 1035 Καὶ
2673 980 2849 1044 οὕτως
2877 984 3003 1045 τοὺς
3047 982 3388 1053 Ἀγαρηνοὺς
3425 982 3505 1043 εἰς
3535 980 3633 1048 τὴν
3666 976 3852 1032 ἑαυτοῦ

2260 1075 2426 1145 τιμὴν
2454 1075 2667 1145 ἢγαγεν
2688 1113 2702 1138 ,
2728 1073 2826 1127 καὶ
2847 1073 3023 1138 οὕτως
3043 1076 3243 1137 αὐτοὺς
3265 1073 3506 1138 ἐδίδαξεν
3530 1114 3543 1137 ,
3571 1072 3669 1125 καὶ
3700 1088 3854 1142 μετα-

2261 1168 2412 1230 νοίας
2453 1166 2829 1236 καταγγείλας
2866 1170 3065 1221 ποιεῖν.
3108 1168 3219 1220 Καὶ
3244 1166 3291 1218 τ’
3322 1166 3457 1220 ἄλλα
3489 1165 3722 1229 τούτων,
3760 1164 3855 1217 ὅσα

2260 1261 2319 1312 ὲν
2343 1260 2408 1330 τῇ
2447 1258 2616 1329 βίϐλῳ
2641 1260 2945 1330 ἐγράψατο.
3000 1258 3167 1329 Ἀλλᾲ
3196 1257 3290 1314 καί
3321 1275 3453 1312 ποτε
3482 1257 3669 1322 ἁπλῶς
3698 1254 3856 1327 ὲκρά-

2260 1369 2422 1406 τυνεν
2461 1353 2837 1425 νομοθέτημα.

562 1443 1007 1501 inclinationibus
1061 1444 1427 1512 indulgerent.
1484 1442 1553 1496 Et
1601 1442 1705 1496 alia
1769 1442 1894 1496 talia
1956 1443 2140 1498 docuit
2178 1460 2300 1514 qua:
2365 1447 2417 1501 in
2472 1448 2621 1503 illius
2661 1448 2799 1503 libro
2847 1446 3049 1517 scripta
3105 1445 3481 1501 continentur.
3511 1443 3620 1500 Sed
3685 1452 3740 1499 et
3766 1442 3855 1497 ali-

562 1538 783 1609 quando
806 1537 1111 1592 absolutam
1143 1536 1313 1606 legem
1342 1537 1579 1604 aliquam
1613 1534 1752 1597 ﬁxit,
1777 1549 1942 1604 quam
1985 1535 2159 1590 voluit
2199 1538 2305 1590 vim
2335 1537 2535 1592 habere
2567 1548 2619 1593 et
2652 1539 2922 1593 obtinere.

634 1628 883 1686 Habebat
910 1630 1109 1699 quippe
1139 1631 1375 1683 amicum
1409 1628 1629 1683 nomine
1682 1627 1788 1681 Zez
1824 1628 1911 1682 cui
1957 1627 2155 1682 matri—

565 1720 966 1789 moniojuncta
996 1732 1113 1775 erat
1147 1736 1284 1774 uxor
1316 1720 1508 1775 formae
1530 1720 1975 1791 elegantissime.
2009 1719 2158 1775 lllius

568 1830 701 1870 vero
744 1830 933 1870 amore
976 1829 1241 1870 accensus
1267 1813 1635 1879 Muhammed,
1663 1814 1834 1869 voluit
1865 1813 2013 1869 illam
2054 1814 2157 1870 sibi

571 1921 801 1962 uxorem
840 1907 1068 1971 habere,
1104 1916 1159 1961 et
1190 1906 1426 1961 amicum
1458 1907 1523 1960 ad
1548 1922 1606 1961 se
1625 1907 1838 1961 curavit
1878 1907 2162 1971 accersiri,

572 2015 735 2070 quem
772 1999 974 2056 talibus
1005 1999 1186 2054 verbis
1211 1999 1475 2053 adoritur.
1501 1997 1672 2062 Nosti,
1702 1998 1900 2061 amice,
1938 2012 2021 2052 me
2044 2009 2166 2051 esse

562 2094 893 2165 prophetam
917 2090 1157 2160 Dei,(nec
1184 2100 1298 2147 tuto
1318 2108 1416 2147 nec
1441 2099 1629 2146 sancte
1654 2090 1817 2146 dictis
1840 2091 1978 2145 meis
2003 2090 2163 2144 [idem

562 2196 622 2241 et
659 2184 1061 2242 observantiam
1097 2186 1305 2255 negari.
1344 2184 1499 2239 Scias
1548 2198 1678 2254 ergo
1713 2184 1765 2238 id
1818 2184 1961 2251 quod
2033 2182 2166 2236 mihi

564 2277 711 2332 Deus
745 2277 860 2345 ipse
886 2275 1198 2344 imperavit.
1233 2273 1502 2328 Nimirum
1536 2284 1595 2327 ut
1632 2289 1858 2328 uxorem
1903 2284 2051 2327 tuam
2083 2273 2164 2326 di-

564 2366 771 2431 mittas,
797 2364 1056 2436 illamque
1084 2365 1216 2419 mihi
1250 2364 1602 2419 matrimonio
1628 2362 1877 2435 iungant.
1904 2363 2166 2429 Quando—

565 2457 787 2527 quidem
814 2470 944 2510 vero
973 2456 1124 2509 illum
1178 2456 1502 2524 pmphetam
1560 2470 1687 2510 esse
1735 2455 2163 2517 existimabant,

565 2550 788 2606 etillum
821 2549 1114 2605 admodum
1142 2548 1469 2619 probabant,
1501 2549 1693 2604 annuit
1720 2550 1860 2604 votis
1920 2560 1974 2604 et
2008 2549 2169 2603 dictis

567 2644 780 2700 amicus
814 2642 944 2709 Zez,
977 2653 1032 2698 et
1057 2642 1126 2697 ab
1155 2658 1328 2697 uxore
1357 2653 1641 2712 separatus
1667 2652 1751 2698 est
1776 2658 1941 2712 quam
1999 2641 2171 2695 tradi-

568 2737 651 2794 dit
682 2751 910 2792 uxorem
966 2735 1205 2791 futuram
1268 2735 1666 2791 Multammedis
1726 2738 1867 2791 sicut
1918 2735 2171 2806 ipsejus-

564 2837 733 2885 serat.
781 2828 995 2885 Uxores
1024 2842 1155 2884 vero
1188 2829 1396 2898 primas
1430 2838 1485 2883 et
1514 2836 1745 2883 numero
1780 2837 2019 2898 quatuor
2066 2827 2168 2880 ha-

563 2922 683 2978 buit
720 2939 735 2975 :
765 2920 1020 2977 videlicet
1052 2920 1273 2987 Zadize,
1308 2921 1457 2985 Aisc,
1481 2922 1706 2992 Zeinep,
1738 2930 1791 2977 et
1836 2921 2165 2975 Omielteim.

566 3012 773 3068 Habuit
808 3027 937 3067 vero
961 3012 1129 3067 tiliam
1157 3015 1378 3068 nomine
1408 3013 1727 3078 Phatmam,
1752 3028 1916 3081 quam
1968 3026 2170 3082 genero

566 3106 713 3160 Alim
736 3106 1090 3163 matrimonio
1135 3107 1355 3162 locavit.
1382 3106 1582 3161 llabuit
1606 3116 1661 3160 et
1682 3106 1819 3161 duos
1839 3107 1974 3160 lilios
1994 3104 2171 3159 Chou-

566 3214 738 3252 sancn
755 3198 1582 3254 etChousaiucn.Aderantvero
1598 3198 1673 3253 illi
1687 3209 1738 3252 et
1752 3198 1841 3253 alii
1856 3207 2170 3268 symmysta:

571 3294 697 3347 etin
722 3307 890 3359 opere
917 3292 1049 3347 socii
1075 3294 1203 3347 etin
1246 3293 1597 3363 propaganda
1632 3292 1885 3346 doctrina
1917 3306 2014 3346 sua
2043 3305 2172 3345 suc-

573 3400 825 3440 cessores
874 3384 1158 3441 indefessi.
1185 3383 1455 3440 Videlicet
1478 3385 1904 3455 Apoupicertas,
1934 3394 1988 3439 et
2028 3383 2175 3439 Cou-

571 3479 748 3543 biker,
778 3478 1036 3545 etOmar,
1057 3477 1381 3544 etTalches,
1404 3490 1456 3534 et
1485 3480 1857 3548 Opoupacres,
1886 3490 1939 3533 et
1966 3477 2172 3543 Saduc,

571 3584 625 3627 et
654 3571 886 3637 Mausie,
914 3582 969 3627 et
999 3571 1231 3642 Supeer,
1268 3583 1324 3627 et
1345 3572 1577 3636 Adelau,
1606 3582 1662 3627 et
1706 3571 1847 3637 Zeit,
1878 3582 1931 3625 et
1958 3572 2171 3636 Zciton,

571 3679 623 3723 et
656 3666 797 3733 Zait,
822 3679 873 3721 et
910 3667 1170 3729 0thman,
1201 3682 1429 3721 numero
1456 3666 1707 3721 videlicet
1730 3666 2037 3721 duodecim.
2067 3666 2177 3719 An-

578 3761 731 3833 gelos
762 3777 891 3815 vero
920 3771 1180 3830 portento
1207 3762 1367 3819 miro.
1405 3771 1461 3815 et
1492 3776 1558 3815 ex
1607 3776 1788 3814 rerum
1820 3761 2176 3814 colendarum

574 3868 809 3908 numero
835 3868 957 3908 esse
1008 3852 1314 3914 dictitabat,
1338 3851 1567 3905 Aratum
1612 3849 1848 3917 scilicet,
1884 3849 2175 3913 Maratum,

576 3945 852 4016 Tsapham
879 3955 934 3999 et
974 3943 1241 3998 Maruam.
1288 3942 1461 3998 Erant
1518 3958 1650 3998 vero
1687 3950 1743 3997 et
1796 3942 2074 4012 propheta:
2123 3952 2179 3996 et

575 4039 807 4107 apostoli
869 4054 896 4092 a
949 4037 1327 4091 Multammede
1357 4036 1667 4101 memorati,
1700 4034 1959 4089 nimirum
1997 4034 2174 4099 Chutl,

577 4131 762 4197 Tsale,
793 4146 887 4187 seu
915 4131 1094 4195 Salec,
1129 4131 1318 4200 Soaip,
1343 4130 1519 4192 Edris,
1547 4127 1948 4198 Choualciphil,
1980 4127 2178 4183 ctLoe-

579 4240 704 4279 man
740 4224 856 4294 ipse
886 4239 1009 4278 cum
1054 4222 1188 4278 illis.
1215 4222 1345 4277 Post
1374 4223 1495 4276 illos
1522 4221 1701 4291 jungit
1745 4221 2179 4290 quauiplurimos

581 4319 719 4373 alios
760 4317 980 4387 scriptis
1033 4315 1253 4371 Veteris
1287 4316 1623 4372 TeStamenti
1658 4314 1972 4370 notissimos
2022 4313 2177 4367 Noa-

579 4410 766 4477 chum,
795 4407 1767 4476 Abrahamum,lsaacum,.lacobutn
1806 4449 1821 4469 .
1859 4407 2177 4478 Joscphum,

583 4503 795 4571 Mosen,
832 4503 1052 4569 Jobum,
1100 4504 1409 4565 Aaronem,
1466 4502 1752 4566 Davidem,
1804 4501 2176 4566 Salomonem,

2336 1633 2495 1685 Φίλον
2540 1633 2649 1703 γὰρ
2694 1629 2812 1702 εἶχέ
2852 1647 2977 1684 τινα
3015 1629 3119 1694 Ζὲζ
3160 1627 3718 1700 προσηγορευμένον,
3760 1645 3853 1697 γυ·

2266 1726 2431 1779 ναῖκα
2457 1723 2653 1796 ἔχοντα
2684 1722 2875 1778 κάλλει
2910 1722 3119 1793 ὡραίαν
3155 1722 3321 1785 πάνυ,
3373 1720 3468 1774 καὶ
3489 1720 3697 1791 ταύτης
3732 1721 3858 1790 πρὶς

2269 1817 2451 1889 ἔρωτα
2483 1818 2750 1889 κινηθεὶς,
2779 1816 2875 1871 καὶ
2890 1815 3124 1887 θελήσας
3161 1814 3346 1869 λαϐεῖν
3367 1814 3538 1885 αὐτὴν
3569 1812 3855 1884 ὁμόζυγον,

2275 1911 2727 1982 προσεκαλέσατο
2782 1910 2971 1964 τοῦτον
2995 1951 3009 1974 ,
3061 1910 3159 1963 καὶ
3188 1903 3343 1961 εἶπεν
3384 1908 3554 1978 αὐτῷ·
3578 1901 3772 1971 Οἶδας,
3817 1900 3859 1959 ὦ

2270 2008 2498 2077 ἑταῖρε,
2542 2005 2618 2068 ὡς
2664 2004 2956 2075 προφήτης
3000 2002 3111 2073 ἐγὼ
3160 2002 3418 2071 τυγχάνω
3459 1998 3635 2064 Θεοῦ,
3671 1990 3763 2053 καὶ
3800 1999 3857 2051 τὸ

2267 2100 2380 2162 τοῖς
2412 2099 2566 2169 έμοίς
2616 2097 2858 2168 ῥήμασίν
2888 2114 3011 2149 τινα
3062 2097 3336 2161 ἀπιστεῖν,
3373 2095 3473 2164 οὐχ
3510 2094 3686 2147 ὅσιον.
3728 2092 3855 2145 Ἴσοι

2269 2186 2386 2253 οὖν,
2408 2190 2483 2253 ὡς
2512 2187 2853 2260 προσέταξέν
2888 2189 3031 2260 μοιὸ
3056 2188 3209 2252 Θεὸς,
3245 2189 3303 2240 σὲ
3340 2187 3438 2258 μὲν
3474 2185 3746 2240 ἀπολῦσαι
3769 2184 3856 2253 τὴν

2274 2284 2412 2337 ἰδίαν
2458 2284 2732 2351 γυναῖκα,
2795 2282 2897 2351 ἐμὲ
2938 2280 2997 2333 δὲ
3029 2279 3237 2349 ταύτην
3282 2278 3488 2332 λαϐεῖν.
3546 2276 3704 2329 Ἐπεὶ
3742 2275 3857 2343 γοῦν

2271 2375 2565 2447 προφήτην
2623 2370 2773 2445 εἶχον
2830 2372 3024 2426 τοῦτον
3069 2371 3308 2436 πάντες,
3356 2370 3432 2433 ὡς
3463 2372 3696 2440 εἴπομεν
3722 2408 3735 2432 ,
3776 2366 3857 2419 καὶ

2271 2468 2521 2539 ᾐδοῦντο,
2571 2467 2867 2521 κατένευσε
2908 2464 2986 2535 τῷ
3020 2464 3166 2536 λόγῳ
3196 2462 3365 2519 αὐτοῦ
3400 2463 3428 2515 6
3467 2462 3602 2527 Ζὲζ,
3640 2460 3735 2514 καὶ
3769 2457 3856 2527 τὴν

2271 2563 2512 2631 γυναῖκα
2552 2558 2721 2614 αὐτοῦ
2754 2558 3035 2630 ἐχωρίσθη
3058 2598 3074 2624 ,
3119 2557 3217 2611 καὶ
3256 2556 3463 2625 ταύτην
3496 2556 3525 2607 6
3571 2550 3858 2623 Μαχούμετ

2270 2652 2645 2725 προσελάϐετο
2689 2653 2770 2716 είς
2820 2654 3095 2722 γυναῖκα,
3127 2648 3313 2713 καθὼς
3360 2645 3539 2702 εἶπεν.
3598 2647 3859 2709 Γυναῖκες

2270 2747 2328 2800 δὲ
2358 2746 2514 2817 ἔσχεν
2558 2745 2657 2809 τὰς
2690 2743 2915 2817 πρώτας
2943 2746 3038 2798 καὶ
3080 2743 3218 2806 ίδίας
3249 2743 3416 2797 αὐτου
3446 2741 3487 2794 δ’
3507 2759 3519 2770 ·
3570 2741 3737 2812 ἤγουν
3770 2739 3860 2804 τὴν

2270 2836 2490 2900 Ζαδιζὲ,
2526 2838 2622 2889 καὶ
2660 2835 2762 2907 τὴν
2810 2836 2978 2898 Ἀῖσὲ,
3012 2835 3109 2889 καὶ
3135 2834 3234 2905 τὴν
3261 2833 3481 2897 Ζεῖνὲπ,
3504 2831 3603 2885 καὶ
3638 2827 3861 2901 ὐμειελ-

2272 2928 2421 3001 θείμ.
2471 2928 2702 2983 Ἔτεκεν
2743 2928 2801 2981 δὲ
2856 2929 2951 2982 καὶ
2995 2927 3327 2997 θυγατέραν,
3375 2925 3475 2997 τὴν
3506 2928 3755 2995 Φὰτμαν,
3798 2921 3859 2992 ἢν

2270 3023 2370 3077 καὶ
2414 3022 2879 3094 ὲπεγάμϐρευσεν
2916 3023 3005 3076 ἐπ’
3038 3021 3210 3091 αὐτὴν
3240 3018 3493 3090 γαμϐρὸν
3528 3018 3623 3071 τὸν
3659 3014 3857 3084 Ἀλείμ.

2272 3115 2383 3169 Καὶ
2431 3115 2583 3179 υἱοὺς
2634 3114 2763 3176 δύο,
2796 3114 2889 3168 τὸν
2946 3114 3227 3182 Χασάνην,
3276 3112 3374 3165 καὶ
3415 3111 3508 3164 τὸν
3544 3108 3857 3176 Χουσεῖνην.

2272 3204 2457 3262 Ἦσαν
2484 3208 2658 3261 δὲκαὶ
2684 3210 2733 3261 οί
2764 3208 2946 3279 ’ἑτεροι
2984 3207 3323 3277 συμμύσται,
3352 3204 3449 3258 καλ⁸
3478 3202 3755 3275 συνεργοὶ,
3776 3198 3862 3253 καὶ

2276 3299 2515 3370 διάδοχοι
2550 3298 2738 3354 αὑτοῦ.
2787 3300 2995 3367 ’Ἡγουν
3046 3302 3073 3353 6
3131 3297 3539 3369 Πουπικέρτος,
3587 3296 3687 3348 καὶ
3732 3296 3864 3345 Κου-

2279 3390 2465 3461 ϐίκερ,
2514 3392 2611 3443 καὶ
2641 3391 2863 3463 υὺμὰρ,
2908 3394 3004 3445 καὶ
3040 3391 3280 3461 Τάλχης,
3312 3389 3409 3443 καὶ
3440 3391 3468 3441 6
3511 3386 3859 3457 Πουπάκρης,

2278 3484 2307 3535 6
2368 3482 2610 3550 Σαδοὺκ,
2654 3483 2747 3536 καὶ
2786 3484 3035 3548 Μαυσιὲ,
3076 3485 3103 3536 6
3133 3480 3420 3553 Σουπεὴρ,
3453 3479 3482 3531 6
3530 3477 3784 3539 Ἀδελαῦ,
3838 3479 3863 3526 ὁ

2278 3573 2403 3628 Ζεῒτ
2425 3614 2440 3640 ,
2476 3575 2571 3628 καὶ
2615 3576 2643 3628 6
2685 3575 2858 3629 Ζίτων
2880 3616 2893 3642 ,
2948 3574 3043 3628 καὶ
3078 3573 3236 3636 Σλῒτ,
3267 3572 3363 3626 καὶ
3402 3570 3665 3641 Οὑθμὰν,
3708 3569 3862 3639 ἤγουν

2283 3667 2369 3737 ιβ’.
2418 3668 2710 3737 Ἀγγέλους
2748 3667 2806 3720 δὲ
2837 3667 3235 3738 τερατεύεσθαι
3278 3667 3342 3719 ὲκ
3371 3664 3478 3718 τῶν
3509 3661 3860 3733 σεϐασμάτων

2280 3758 2444 3827 εἶναι,
2482 3763 2575 3815 τόν
2607 3780 2668 3815 τε
2728 3761 2904 3834 Ἀρὼθ
2930 3802 2942 3825 ,
2989 3760 3205 3816 καὶτὸν
3235 3757 3469 3830 Μαρὼθ,
3510 3758 3606 3811 καὶ
3646 3755 3858 3826 Τζάφα,

2280 3856 2378 3911 καὶ
2408 3855 2499 3909 τὸν
2530 3856 2765 3927 Μαρούα
2787 3896 2799 3909 .
2834 3855 3122 3926 Προφῆται
3156 3854 3213 3907 δὲ
3235 3893 3249 3917 ,
3270 3853 3366 3906 καὶ
3390 3851 3685 3906 ἀπόστολοι
3712 3864 3863 3921 προσ-

2284 3947 2683 4018 αγορεύομενοι
2738 3948 2867 4016 παρ’
2921 3945 3086 3998 αὐτοῦ
3136 3945 3232 3998 τοῦ
3265 3942 3537 4013 Μωάμεθ,
3567 3942 3745 3995 εἵτουν
3778 3939 3859 3991 τὸν

2279 4041 2426 4094 Χοὺδ
2446 4083 2461 4107 ,
2501 4041 2599 4094 καὶ
2644 4040 2876 4106 Τζάλετ,
2922 4039 2955 4110 ἢ
2988 4038 3201 4105 Σάλεκ,
3232 4038 3332 4092 καὶ
3365 4036 3457 4090 τὸν
3485 4035 3696 4089 Σουαῖπ
3719 4075 3734 4101 ,
3774 4032 3860 4087 καὶ

2279 4133 2373 4187 τὸν
2396 4174 2399 4177 -
2421 4134 2616 4205 Ἐδρὴς
2636 4174 2651 4199 ,
2689 4134 2784 4187 καὶ
2812 4133 2907 4187 τὸν
2939 4131 3312 4201 Χουαλκιφὶλ,
3344 4132 3440 4183 καὶ
3491 4130 3582 4182 τὸν
3625 4127 3859 4198 Λοημὰν,

2281 4225 2445 4280 αὐτὸν
2480 4226 2620 4296 μετὰ
2646 4224 2877 4280 τούτων.
2906 4226 3146 4295 Παρέγει
3181 4225 3301 4296 μετ’
3329 4224 3528 4286 αὐτοὺς
3557 4223 3652 4275 καὶ
3685 4224 3748 4274 ὲκ
3775 4218 3863 4287 τῆς

2282 4318 2532 4382 Παλαιᾶς
2557 4318 2722 4389 δῆθεν
2755 4318 2980 4390 Γραφῆς
3002 4359 3017 4383 ,
3058 4316 3153 4371 τοῦ
3181 4335 3239 4369 τε
3256 4316 3380 4369 Νῶε
3402 4357 3417 4382 ,
3449 4315 3541 4368 καὶ
3586 4312 3861 4383 Ἀϐραὰμ,

2282 4411 2378 4464 καὶ
2421 4411 2633 4476 Ἰσαὰκ,
2666 4411 2760 4463 καὶ
2807 4409 3028 4473 Ἰακὼϐ,
3059 4411 3155 4462 καὶ
3198 4407 3417 4477 Ἰωσὴφ,
3459 4407 3554 4461 καὶ
3598 4403 3744 4468 Ἰὼϐ,
3776 4399 3863 4452 καὶ

2281 4504 2556 4567 Μωσέως,
2593 4504 2688 4557 καὶ
2727 4502 2961 4575 Ἀαρὼν,
2996 4503 3093 4555 καὶ
3133 4501 3320 4565 Δαϐὶδ,
3350 4501 3446 4553 καὶ
3489 4495 3861 4568 Σολομῶντος,

580 4595 778 4661 Eliam,
806 4594 1025 4661 Jonam,
1061 4593 1385 4649 Zachariam
1422 4605 1634 4665 patrem
1665 4593 1891 4648 Joannis
1918 4592 2170 4662 Bnplislm

2284 4594 2381 4647 καὶ
2446 4595 2645 4660 Ἠλία,
2698 4596 2793 4649 καὶ
2858 4595 3048 4659 Ἰωνᾶ,
3094 4594 3187 4647 καὶ
3230 4591 3504 4663 Ζαχαρίου
3534 4589 3626 4643 τοῦ
3669 4582 3863 4655 πατρὸς

581 4687 965 4757 ρι’ωριιτεοτίε,
1000 4683 1319 4748 Jeremiam,
1358 4684 1656 4748 Danielcm,
1692 4681 2175 4749 Melchisedecum,

582 4790 636 4836 et
663 4794 856 4835 omnes
889 4790 1101 4834 veteres
1126 4778 1422 4847 prophetas
1442 4786 1496 4831 et
1521 4776 1633 4830 Deo
1663 4776 1867 4831 ﬁdeles.

652 4963 905 5020 Jactabat
951 4971 1007 5016 et
1076 4959 1404 5016 sententiam
1477 4975 1508 5013 e
1562 4958 1704 5014 uelo
1754 4973 1817 5013 se
1895 4956 2181 5027 accepisse

584 5066 947 5116 asserentem,
1000 5053 1145 5123 quod
1214 5051 1359 5106 Deus
1420 5067 1582 5121 quem
1649 5052 1764 5105 vult
1822 5050 1890 5106 ad
1978 5051 2178 5105 bonum

583 5152 772 5216 ﬂectit,
798 5150 1024 5204 alterius
1066 5163 1196 5203 vero
1230 5162 1326 5200 cor
1355 5145 1577 5200 indurat
1612 5154 1669 5200 et
1722 5144 1897 5199 reddit
1927 5142 2179 5197 immori-

582 5264 794 5321 gerum.
823 5244 886 5299 Et
920 5246 1065 5314 quod
1094 5244 1139 5298 si
1177 5244 1319 5297 Deus
1351 5240 1515 5296 vellet
1555 5241 1761 5294 mutuis
1801 5238 1958 5295 bellis
2000 5237 2181 5293 homi-

583 5356 683 5397 nes
721 5356 782 5395 se
846 5352 956 5393 non
1009 5335 1330 5389 invaderent
1390 5345 1444 5388 et
1512 5332 1868 5388 lacesserent.
1895 5331 2001 5387 Sed
2033 5330 2177 5400 quod

581 5432 727 5488 Deus
766 5431 931 5485 faciat
955 5440 1298 5498 quzecunque
1332 5424 1467 5492 vult,
1493 5424 1753 5480 sitcausa
1787 5424 1911 5480 boni
1941 5432 1997 5479 ct
2027 5422 2177 5489 mali,

585 5529 929 5596 imperetque
954 5521 1071 5575 fato
1094 5529 1148 5574 et
1170 5517 1429 5573 fortunae.
1466 5514 1877 5572 Obtrutlebatet
1913 5516 2014 5570 alia
2075 5517 2177 5571 d0-

581 5629 762 5690 gmata
801 5615 1114 5680 lsmaelitis,
1145 5612 1288 5684 quod
1325 5612 1581 5665 nimirum
1626 5609 1886 5664 Dominus
1918 5609 2057 5664 Deus
2094 5607 2182 5664 Je-

582 5728 678 5769 sus
709 5711 983 5776 Christus,
1016 5724 1083 5763 ex
1115 5705 1337 5777 Virgine
1367 5703 1536 5759 Maria
1571 5704 1692 5759 sine
1724 5703 1933 5758 semine
1961 5703 2177 5775 genitus

583 5806 746 5860 fuerit
782 5820 880 5875 per
938 5800 1182 5856 Verbum
1234 5808 1288 5852 et
1316 5797 1579 5868 Spiritum
1608 5794 1724 5850 Dei.
1758 5794 1824 5849 Et
1856 5798 1999 5866 quod
2050 5811 2174 5851 cum

581 5898 820 5953 infantia:
863 5910 1081 5953 teucros
1107 5908 1282 5948 annos
1313 5893 1549 5949 nondum
1581 5903 2175 5965 cssct__SUpergrcssus

2298 4687 2547 4741 Ἰωάννου
2581 4686 2677 4740 τοῦ
2708 4687 3050 4758 Προδρὸμου,
3081 4687 3177 4741 καί
3214 4684 3503 4756 Ἱερεμίου,
3539 4682 3634 4736 καὶ
3655 4675 3859 4746 Δανιὴλ,

2284 4779 2380 4832 καὶ
2417 4778 2780 4850 Μελχισέδεκ,
2816 4781 2912 4833 καὶ
2961 4779 3173 4843 πάντας
3219 4780 3345 4841 τοὺς
3386 4775 3621 4830 ἔκπαλαι
3661 4769 3863 4845 προφήο

2283 4889 2383 4935 τας
2405 4914 2418 4937 ,
2453 4874 2551 4927 καὶ
2578 4875 2635 4927 έν
2668 4872 2788 4944 Θεῷ
2824 4873 3074 4937 πιστούς.

2358 4964 2606 5018 ’Ἃνωθεν
2629 4964 3031 5034 ἐπιλαϐόμενος
3056 4964 3228 5018 δοκῶν
3253 4962 3432 5018 τοιάδε
3450 4962 3703 5029 λέγουσα,
3735 4957 3811 5009 ὅτι
3835 4954 3861 5005 6

2284 5055 2419 5119 Θεὸς
2458 5056 2518 5108 ὂν
2551 5055 2698 5109 θέλει
2724 5056 2910 5127 ὁδηγεῖ
2948 5058 3029 5116 εἰς
3063 5055 3293 5123 ἀγαθὸν.
3327 5055 3387 5109 ὃν
3417 5054 3474 5107 δὲ
3508 5053 3672 5117 θέλει,
3711 5046 3859 5117 σκλη-

2285 5148 2470 5221 ρύνεισ
2508 5150 2604 5202 καὶ
2627 5150 2711 5202 ὅτι
2734 5190 2748 5214 ,
2788 5150 2837 5201 εί
2867 5151 2894 5201 6
2924 5149 3055 5214 Θεὸς
3082 5149 3305 5219 ἤθελεν,
3341 5148 3442 5201 οὐκ
3474 5145 3540 5200 ἂν
3574 5143 3857 5211 ἐπολέμουν

2284 5242 2538 5314 ἀλλήλοις
2568 5243 2618 5295 οἱ
2643 5241 2946 5314 ἄνθρωποι.
2995 5240 3135 5294 Ἀλλ’
3168 5240 3331 5304 αὐτὸς
3364 5240 3508 5292 ποιεῖ
3532 5239 3557 5291 6
3580 5234 3711 5298 Θεὸς
3733 5232 3857 5300 ὅπερ

2285 5335 2579 5407 βούλεται,
2640 5337 2735 5390 καὶ
2780 5334 2986 5398 παντὸς
3036 5333 3277 5404 ἁγάΟοῦ,
3316 5333 3410 5386 καὶ
3438 5326 3673 5400 πονηροῦ
3710 5322 3855 5384 αὐτός

2280 5433 2432 5484 ἐστιν
2477 5431 2672 5493 αἴτιος.
2723 5432 2831 5483 Καὶ
2882 5430 3020 5500 τύχη
3081 5431 3174 5484 καὶ
3222 5427 3533 5498 εἱμαρμένη
3563 5423 3654 5476 ὑπ’
3701 5413 3854 5473 αὑτοῦ

2282 5524 2451 5578 ἐστιν.
2496 5524 2661 5592 Λέγει
2692 5524 2748 5576 δὲ
2801 5526 2896 5576 καί
2928 5522 3123 5593 ἐτέρας
3168 5519 3519 5581 διδασκαλίας
3567 5514 3701 5587 πρὸς
3740 5509 3855 5571 τοὺς

2294 5616 2683 5686 Ὶσμαηλίτας,
2721 5617 2801 5669 ὅτι
2838 5618 2866 5668 6
2893 5614 3100 5686 Κύριος
3138 5612 3234 5667 καὶ
3282 5612 3415 5674 Θεὸς
3482 5606 3686 5679 Ἰησοῦς
3728 5603 3851 5673 Χρι-

2283 5709 2408 5772 στὸς
2444 5708 2553 5762 ἀπὸ
2594 5708 2821 5781 Μαρίας
2868 5707 2971 5774 τῆς
3001 5703 3283 5777 Παρθένου
3324 5704 3452 5758 ἄνευ
3499 5699 3702 5773 σπορᾶς
3739 5710 3853 5763 γεν-

2281 5799 2467 5870 νηθεὶς
2519 5803 2583 5854 ἐκ
2613 5799 2708 5854 τοῦ
2762 5800 2937 5869 Λόγου
2969 5798 3063 5851 τοῦ
3098 5797 3232 5851 Θεοῦ
3280 5796 3375 5850 καὶ
3408 5795 3501 5849 τοῦ
3532 5791 3849 5861 Πνεύματος.

2280 5892 2389 5945 Καὶ
2418 5891 2498 5948 ἔτι
2531 5894 2723 5965 mimo;
2752 5892 2827 5948 ὢν
2849 5893 3075 5946 πετεινὰ
3108 5892 3169 5944 ἐκ
3216 5888 3403 5961 πηλῶν
3453 5882 3845 5954 έπλαστοὺργει,
