4146 6428
831 365 950 376 ιηυω
995 364 1000 369 ~

398 392 538 464 M53

1522 395 2001 466 CONFUTATIO
2039 397 2591 468 MUHAMMEDIS.

3547 406 3686 472 1454

3169 473 3258 486 ’τιο
3309 475 3401 486 *-
3417 474 3432 482 α

393 513 493 567 καὶ
513 509 778 582 ἐμφυσῶν
809 508 986 565 ἐποίει
1011 505 1436 578 αὑτά-ζῶα,’καὶ
1461 511 1697 581 τυφλοὺς
1723 513 1862 574 ἰᾶτο,
1892 511 1990 565 καὶ

2106 513 2344 569 volucres
2376 529 2440 568 ex
2495 512 2611 569 luto
2670 512 3008 582 formaverit,
3043 514 3097 569 in
3153 527 3291 586 quas
3326 531 3448 573 cum
3507 517 3686 574 insuf-

393 604 627 674 νεκροὺς
656 603 873 673 ἤγειρε.
907 603 1021 656 Καὶ
1056 604 1136 656 ὅτι
1182 604 1247 656 ἐκ
1281 603 1684 675 παρακλήσεως
1719 602 1830 658 τῶν
1859 602 1989 657 ἀπο-

396 698 602 752 στόλων
643 697 886 768 ᾐτήσατο
923 694 1014 748 τόν
1065 694 1229 760 Θεὸν,
1265 696 1362 748 καὶ
1408 694 1750 765 κατήνεγκεν
1792 694 1857 746 ὲκ
1889 692 1986 746 τοῦ

391 787 629 860 οὐρανοῦ
659 786 965 859 τράπεζαν,
995 787 1091 841 καὶ
1133 785 1425 856 ἐξέτρεψεν
1458 784 1681 852 αὐτοὺς,
1717 784 1813 839 καὶ
1844 784 1991 856 μάλα

392 882 544 936 λαόν.
578 883 690 936 Καὶ
716 883 798 935 ὃτι
842 880 968 934 οὔτε
1014 878 1374 951 ἐσταυρώθη,
1414 878 1540 933 οὔτε
1576 877 1697 932 κατ’
1731 877 1991 948 ἀλήθειαν

394 973 669 1035 ᾁπέθανεν
695 974 772 1036 ὡς
797 973 1111 1044 ἄνθρωπος,
1143 972 1284 1026 ἀλλὰ
1308 972 1453 1025 κατὰ
1480 969 1786 1040 φαντασίαν
1821 968 1992 1040 μόνην

392 1062 571 1116 ταῦτα
619 1062 774 1133 παρὰ
817 1061 928 1116 τῶν
971 1061 1242 1135 Ἐϐραίων
1281 1061 1498 1131 ὒπέστη
1523 1101 1537 1127 ,
1592 1060 1786 1114 τοῦτον
1837 1058 1992 1128 νομί-

398 1171 594 1218 σαντες
648 1153 1045 1225 ἐσταύρωσαν,
1077 1154 1196 1208 ἀλλ’
1223 1152 1349 1207 οὔτε
1383 1170 1468 1217 τις
1504 1152 1670 1207 αὑτοῦ
1721 1152 1858 1214 ὅλως
1895 1151 1993 1221 οὐχ

392 1249 598 1319 ἥψατο,
635 1248 775 1301 ἀλλὰ
814 1248 954 1319 πρὸς
980 1248 1191 1316 ἀθεΐαν,
1232 1248 1331 1301 καὶ
1377 1247 1664 1310 ἀπιστίαν,
1697 1245 1792 1300 καὶ
1820 1245 1995 1298 ἁπαν-

395 1340 646 1411 θρωπίαν
695 1339 887 1393 τοῦτον
943 1339 1169 1410 ἐώρων,
1218 1339 1345 1391 ὅσον
1392 1338 1534 1391 κατά
1593 1338 1695 1401 τὰς
1761 1334 1993 1405 ὲφικτὰς

395 1430 493 1484 καὶ
521 1429 873 1502 δυσωνυμίας
927 1428 1113 1484 αὐτῶν
1147 1428 1524 1482 πεπονθότων.
1558 1425 1667 1480 Καὶ
1708 1425 1870 1480 τοῦτο
1910 1424 1997 1478 λέ-

394 1538 532 1591 γων,
559 1524 642 1575 ὅτι
687 1521 987 1593 ἐρωτηθεὶς
1040 1521 1195 1593 παρὰ
1251 1521 1348 1575 τοῦ
1391 1519 1562 1574 Θεοῦ·
1591 1520 1656 1572 Ei
1702 1517 1999 1588 ὠνόμασας

398 1612 593 1666 ἑαυτὸν
617 1612 754 1668 Θεὸν
781 1615 841 1667 ἐν
867 1613 947 1684 τῷ
979 1614 1172 1685 κόσμῳ
1193 1630 1206 1644 ·
1244 1615 1273 1667 ὁ
1301 1613 1358 1666 δὲ
1388 1610 1542 1667 εἶπεν
1563 1629 1577 1643 ·
1612 1607 1684 1667 Ὦ
1729 1612 1959 1681 Ἰωάννη
1979 1649 1995 1674 ,

398 1706 465 1758 σὺ
498 1697 665 1767 εἶπας
695 1703 790 1758 τὸν
819 1705 978 1773 λόγον
1011 1705 1206 1758 τοῦτον
1231 1746 1246 1772 ,
1274 1706 1357 1759 ὅτι
1388 1705 1516 1768 Υίός
1551 1705 1668 1775 εἰμι
1707 1701 1801 1756 τοῦ
1835 1701 1995 1769 Θεοῦ,

397 1793 496 1846 καὶ
537 1794 693 1858 Θεός.
749 1794 1059 1866 Ἦρνήσατο
1082 1835 1096 1860 ,
1135 1794 1311 1864 λέγων
1335 1835 1351 1859 ,
1385 1797 1468 1849 ὃτι
1499 1795 1571 1848 Σὺ
1603 1794 1785 1850 πάντα
1832 1791 1998 1861 γινώ-

2091 603 2300 670 ﬂasset,
2333 606 2674 674 incoeperunt
2701 610 2926 673 moveri,
2959 609 3168 664 sentire
3213 619 3266 662 et
3302 610 3471 664 halitu
3502 610 3689 666 ellica-

2094 695 2318 751 cissimo
2352 697 2584 751 animari
2618 705 2675 752 et
2730 697 3019 753 viviﬁcari.
3057 696 3463 768 lnsuper,quod
3507 716 3685 756 caecos

2093 792 2389 857 sanaverit,
2416 801 2658 846 mortuos
2699 791 2976 857 excitarit,
3001 792 3144 862 quod
3198 792 3265 844 al
3313 793 3684 861 apostolorum

2093 896 2313 937 suorum
2369 885 2790 953 postulationem
2852 883 3024 940 Deum
3081 885 3356 952 rogaverit
3402 886 3494 956 qui
3548 887 3689 943 ctelo

2095 975 2362 1030 dimiserit
2429 991 2673 1031 mensam
2756 975 2925 1031 variis
3001 974 3234 1046 dapibus
3264 985 3518 1032 onustam
3560 978 3686 1047 qui-

2095 1065 2196 1121 bus
2242 1067 2520 1138 apostolos
2546 1067 2693 1137 ipsos
2759 1078 2814 1122 et
2873 1066 3059 1122 turbas
3110 1067 3544 1138 quamplurimas
3606 1067 3688 1123 ci-

2098 1160 2309 1214 baverit
2351 1170 2406 1215 et
2446 1159 2850 1215 rel‘ocillaverit.
2883 1161 3038 1228 Quod
3073 1162 3222 1216 cruci
3260 1175 3368 1216 non
3407 1161 3573 1216 fuerit
3606 1161 3691 1214 af-

2096 1250 2258 1315 ﬁxus,
2286 1263 2386 1302 nec
2414 1264 2600 1304 revera
2630 1261 2686 1303 ut
2714 1251 2878 1306 homo
2928 1262 3180 1307 mortuus
3237 1250 3421 1315 fuerit,
3445 1251 3540 1307 sed
3585 1252 3689 1306 ista

2102 1349 2310 1394 tantum
2341 1341 2638 1410 contigisse
2661 1342 2962 1396 secundum
3005 1342 3383 1412 apparentiam
3448 1351 3506 1397 et
3561 1357 3689 1410 spe-

2098 1433 2259 1498 ciem,
2286 1448 2460 1502 caque
2480 1434 2548 1488 ab
2583 1431 2828 1488 Hebraeis
2857 1448 2978 1489 esse
3015 1435 3319 1505 supposita,
3349 1435 3444 1506 qui
3481 1433 3682 1490 existi-

2099 1535 2324 1581 marunt
2356 1527 2410 1579 in
2453 1525 2784 1582 cruceillutn
2813 1527 2990 1596 ipsum
3022 1527 3312 1583 sustulisse
3367 1536 3424 1583 et
3453 1542 3688 1596 suspen-

2100 1618 2267 1673 disse.
2319 1614 2426 1671 Sed
2465 1631 2653 1671 revera
2684 1617 2865 1672 nullus
2900 1618 3050 1673 illum
3088 1619 3464 1690 apprehendit,
3497 1619 3593 1675 sed
3623 1620 3692 1674 ad

2100 1709 2317 1765 illorum
2345 1710 2704 1778 impietatem,
2735 1710 3193 1778 incredulitatem,
3226 1712 3686 1768 inhumanitatem

2105 1803 2440 1868 testandam,
2477 1803 2732 1856 viderunt
2757 1802 2906 1856 illum
2936 1813 3210 1875 quantum
3239 1820 3308 1860 ex
3354 1819 3542 1860 eorum
3602 1807 3692 1858 in-

397 1903 589 1951 σκεις,
635 1887 735 1940 καὶ
782 1882 952 1954 οἶδας,
1008 1888 1092 1942 ὃτι
1139 1888 1240 1941 οὐκ
1285 1888 1549 1957 ὠνόμασα
1592 1887 1786 1941 ἑαυτὸν
1821 1886 1986 1952 Θεὸν,

2106 1894 2290 1950 faustis
2327 1893 2532 1950 viribus
2594 1894 2906 1964 pendebat,
2939 1910 3131 1952 revera
3185 1896 3504 1968 patientem.
3526 1896 3692 1952 Addit

395 1980 430 2051 ἧ
471 1981 594 2034 ι’ίόν
621 1997 751 2033 σου·
786 1979 973 2044 δοῦλος
1026 1983 1134 2053 γάρ
1182 1981 1276 2036 σού
1307 1983 1456 2054 εἰμι,
1492 1984 1588 2035 καὶ
1627 1981 1727 2051 οὑχ
1788 1980 2000 2052 ὑπερη-

397 2076 711 2149 φανεύομαι
747 2078 909 2133 τοῦτο
956 2078 1269 2134 καλεῖσθαι.
1304 2080 1417 2132 Καὶ
1453 2079 1586 2132 ὄτιό
1628 2077 1762 2142 Θεὸς
1807 2076 2001 2130 ἔλαϐεν

396 2169 565 2224 αὐτὸν
621 2172 708 2243 είς
733 2171 827 2225 τὸν
876 2171 1114 2243 οὐρανὸν
1163 2171 1255 2225 διὰ
1298 2171 1362 2224 τὸ
1411 2171 1535 2226 λίαν
1579 2169 1758 2241 φιλεῖν
1813 2168 1997 2223 αὐτόν.

2098 1999 2154 2044 et
2182 1989 2326 2045 istud
2352 1989 2495 2059 quod
2521 2004 2643 2044 cum
2674 1987 2834 2045 Iesus
2853 1988 2920 2044 ad
2948 1989 3124 2046 eteios
3162 1990 3523 2062 pervenisset,
3552 1989 3696 2046 Deus

2102 2083 2172 2137 ab
2189 2083 2308 2152 ipso
2328 2083 2620 2151 rogaverit:
2638 2080 2818 2149 Quare
2835 2099 2957 2139 cum
2972 2083 3026 2137 in
3040 2083 3239 2139 mundo
3256 2081 3590 2147 versabaris,
3607 2095 3698 2135 vo-

2102 2174 2296 2230 cavisti
2325 2183 2376 2227 te
2403 2173 2599 2229 Filium
2615 2174 2712 2230 Dei
2734 2175 2757 2229 ?
2778 2176 2858 2231 Ad
2876 2190 2996 2245 qua:
3011 2172 3203 2231 Iesus:
3227 2173 3276 2231 0
3295 2173 3559 2242 Joannes,
3584 2189 3696 2230 non

397 2261 510 2313 Καὶ
544 2261 633 2314 ὅτε
661 2241 893 2328 ἀῦῆλθεν
923 2241 958 2316 ὁῖ
981 2263 1218 2334 Χριστὸς
1248 2265 1307 2317 ἐν
1344 2263 1423 2334 τῷ
1451 2262 1689 2335 οὐρανῷ,
1722 2261 1845 2315 τότε
1863 2262 2001 2333 ἐρω-

2106 2281 2205 2336 ego
2228 2268 2321 2323 sed
2370 2277 2424 2322 tu
2459 2269 2560 2322 hoc
2588 2267 2796 2331 dixisti,
2831 2282 2917 2322 me
2949 2267 3208 2322 nimirum
3260 2281 3380 2322 esse
3433 2265 3606 2322 Deum
3638 2275 3698 2322 et

396 2351 538 2422 τήθη
558 2353 688 2422 περὶ
718 2351 906 2407 αὐτοῦ.
932 2355 1036 2407 Τὸν
1066 2355 1301 2425 Χριστὸν
1329 2355 1390 2407 οὐ
1415 2353 1653 2422 λέγωσιν
1678 2352 1805 2405 Υίὸν
1831 2351 1994 2419 Θεοῦ,

397 2445 520 2499 ἀλλ’
551 2446 877 2514 ἀπόστολον,
912 2447 1008 2500 καὶ
1033 2449 1347 2519 προφήτην,
1367 2446 1561 2501 καθότι
1589 2449 1617 2500 ὁ
1652 2445 1808 2511 Θεὸς,
1838 2445 1997 2514 φησὶ,

398 2538 675 2593 κωινωνὸν
703 2539 806 2592 οὐκ
851 2539 966 2611 ἔχει
989 2579 1004 2604 ,
1054 2541 1152 2594 καὶ⁸
1185 2539 1390 2604 πάντες
1425 2541 1473 2592 oi
1521 2537 1807 2602 ποιοῦντες
1847 2536 1999 2608 αὑτῷ

399 2634 494 2687 τὸν
545 2632 785 2706 Χριστὸν
836 2633 1132 2699 κοινωνὸν,
1193 2634 1487 2704 μέλλουσιν
1541 2630 1878 2696 κολάζεσθαι
1919 2631 2000 2694 εἰς

398 2727 502 2797 τὴν
536 2727 766 2794 γέενναν
793 2727 888 2781 τοῦ
921 2728 1118 2799 πυρός.
1156 2727 1303 2780 Διότι
1331 2727 1361 2780 ό
1393 2726 1534 2790 Θεὸς
1578 2725 1836 2780 κοινωνὸν
1877 2725 1998 2795 ήτοι

398 2818 589 2889 ὅμοιον
615 2821 715 2872 οὐκ
742 2818 878 2890 ἔχει.
911 2818 1097 2872 Ταῦτα
1122 2819 1217 2872 τοῦ
1251 2819 1520 2889 Μωάμεδ.

2103 2353 2297 2411 Filium
2325 2355 2438 2411 Dei.
2469 2355 2697 2426 Negavit
2712 2372 2843 2426 ergo
2865 2357 3051 2412 dicens
3074 2373 3090 2412 :
3112 2356 3309 2414 ODeus
3325 2356 3508 2412 omnia
3530 2357 3696 2422 nosti,

2099 2457 2155 2503 et
2187 2449 2392 2517 optime
2423 2449 2517 2503 tibi
2547 2460 2886 2519 compertum
2914 2460 2999 2503 est
3031 2465 3118 2504 me
3152 2464 3350 2505 nomen
3380 2447 3475 2506 Dei
3498 2458 3555 2505 et
3593 2463 3701 2503 no-

2103 2554 2227 2594 men
2260 2537 2386 2594 Filii
2421 2539 2496 2593 tui
2526 2555 2806 2610 nunquam
2835 2541 2969 2596 mihi
2989 2541 3247 2597 tribuisse
3275 2551 3332 2596 et
3381 2555 3695 2610 usurpasse.

2103 2628 2235 2685 Sum
2279 2630 2479 2700 quippe
2507 2644 2701 2686 servus
2739 2641 2883 2698 tuus,
2911 2645 3013 2686 nec
3042 2631 3168 2687 taiis
3199 2647 3285 2687 me
3312 2645 3552 2701 unquam
3609 2633 3697 2685 in-

2100 2724 2264 2778 sessit
2291 2723 2465 2779 fastus
2508 2732 2562 2778 et
2585 2725 2839 2794 superbia
2874 2735 2932 2779 ut
2965 2725 3058 2779 tali
3089 2724 3247 2780 titulo
3293 2724 3569 2781 nominari
3608 2737 3698 2779 me

2098 2815 2448 2886 dedignarer.
2495 2814 2606 2871 Nec
2639 2816 2729 2871 hic
2773 2817 2899 2871 linis
2966 2815 3297 2882 fabularum,
3347 2816 3500 2872 addit
3550 2829 3700 2887 quo-

403 2911 549 2966 Dcns
573 2911 719 2966 illmn
755 2913 806 2966 in
832 2914 1000 2968 ctelos
1026 2913 1268 2969 evexerit
1290 2915 1432 2984 quod
1463 2912 1768 2968 vehementi
1799 2925 1986 2966 amore
2025 2908 2175 2964 illum
2204 2922 2646 2981 prosequeretur.
2688 2912 2753 2967 Et
2791 2911 2933 2981 quod
2977 2927 3102 2968 cum
3137 2910 3390 2968 Christus
3408 2911 3461 2967 in
3499 2910 3700 2967 caelum

401 3005 742 3060 ascendisset
773 3005 837 3059 de
869 3004 958 3059 illo
985 3004 1213 3074 quaestio
1239 3013 1382 3058 mota
1413 3002 1597 3069 fuerit,
1625 3003 1768 3073 quod
1817 3001 2074 3056 nimirum
2114 3000 2370 3055 Christus
2393 3015 2500 3055 non
2553 3001 2625 3056 sit
2649 3000 2819 3056 Filius
2840 3002 2932 3057 Dei
2983 3001 3266 3068 dicendus,
3306 3001 3400 3056 sed
3427 3000 3677 3072 apostqu

401 3108 460 3154 et
482 3101 767 3169 propheta,
796 3099 937 3153 sicut
969 3096 1107 3153 Deus
1142 3097 1296 3160 dicit,
1321 3096 1464 3165 quod
1529 3110 1634 3149 non
1701 3093 1953 3149 admittit
1987 3092 2220 3157 socium,
2286 3091 2599 3162 quicunque
2652 3107 2780 3147 vero
2813 3090 3089 3147 Christum
3141 3090 3234 3146 Dei
3286 3092 3494 3148 socium
3557 3108 3686 3150 asse

404 3206 528 3247 rere
560 3207 664 3246 non
711 3199 989 3254 verentur,
1026 3190 1078 3243 in
1129 3189 1380 3260 gehenna
1411 3188 1552 3258 ignis
1599 3194 1808 3241 aeterno
1871 3184 2140 3256 supplicio
2207 3184 2318 3240 sint
2379 3182 2669 3240 alliciendi.
2717 3183 2861 3240 Deus
2903 3185 3107 3254 quippe
3138 3201 3244 3241 non
3282 3187 3447 3243 habet
3471 3186 3687 3243 socium

404 3302 508 3344 nec
536 3301 741 3357 parem.
773 3285 895 3340 Haec
925 3283 1113 3340 omnia
1136 3283 1480 3338 Muhammed
1513 3283 1580 3338 de
1605 3281 1846 3338 Christo.

478 3383 646 3450 Λέγει
672 3382 803 3454 περὶ
831 3380 933 3451 τῆς
971 3379 1231 3442 πλάσεως
1272 3377 1369 3430 τοῦ
1417 3378 1612 3449 Ἀδὰμ,
1649 3378 1708 3432 ὲν
1795 3393 1962 3448 φησιν
1983 3415 1999 3442 ,

2178 3375 2393 3431 Asserit
2422 3389 2554 3431 vero
2583 3374 2732 3431 circa
2779 3377 3120 3432 creationem
3178 3377 3372 3433 Adami
3394 3375 3502 3433 alia
3574 3391 3701 3434 cum

400 3476 491 3530 ὅτι
526 3473 774 3545 ἐπλάσθη
801 3474 830 3526 ὁ
874 3470 1163 3544 ἄνθρωπος
1207 3470 1317 3524 ἀπὸ
1349 3468 1610 3541 χώματος
1661 3470 1758 3524 καὶ
1799 3468 2001 3538 σταγό-

405 3586 498 3632 νος
520 3609 534 3634 ,
579 3567 674 3620 καὶ
720 3565 945 3636 ήδελον,
989 3565 1086 3619 καὶ
1120 3565 1484 3635 μασήματος,
1514 3564 1612 3616 καὶ
1639 3563 1721 3617 ὅτι
1763 3562 1857 3616 τοῦ
1903 3563 2001 3616 ἀν-

406 3660 630 3733 θρώπου
681 3658 1058 3721 πλασθέντος,
1102 3659 1150 3710 οἰ
1201 3656 1303 3727 μὲν
1337 3655 1486 3710 ἄλλοι
1533 3657 1738 3718 πάντες
1778 3653 2003 3722 ἄγγελοι

403 3750 710 3826 προστάξει
771 3749 908 3804 Θεοῦ
969 3747 1398 3820 προσεκύνησαν
1440 3746 1631 3803 αὑτοῦ.
1673 3745 1852 3809 Μόνος
1881 3744 1940 3797 δὲ
1975 3744 2004 3798 ό

404 3848 610 3919 Βελίαρ
656 3846 760 3900 οὐκ
807 3844 1038 3915 ἐπείσθη
1081 3843 1466 3913 προσκυνῆσαι
1513 3841 1605 3894 τὸν
1662 3838 1867 3910 Ἀδὰμ,
1911 3836 2006 3891 καὶ

402 3941 496 3996 διὰ
536 3939 700 3994 τοῦτο
746 3938 1063 3992 πέπτωκεν.
1116 3935 1282 4004 Λέγει
1332 3935 1463 4004 περὶ
1520 3930 1659 3985 Θεοῦ
1689 3933 1772 3986 ὅτι
1817 3929 2002 3995 αὐτὸς,

405 4034 541 4097 Θεὸς
576 4031 674 4097 ὣν,
725 4030 874 4084 ἐστὶν
907 4029 1194 4098 όποιήσας
1236 4027 1306 4079 τὰ
1353 4025 1570 4090 πάντα,
1618 4022 1742 4078 οὔτε
1785 4022 2005 4091 ἐγένετο

405 4127 595 4196 ὅμοιος
620 4123 789 4178 αὐτοῦ
818 4139 905 4185 τις
922 4157 937 4185 ,
969 4119 1085 4173 ἀλλ’
1113 4112 1193 4180 εἷς
1219 4117 1357 4180 Θεὸς
1379 4116 1687 4186 ὁλόσφυρος
1727 4114 1828 4168 οὐκ
1852 4112 2006 4179 ἐγέν-

407 4233 598 4286 νησεν,
631 4212 745 4267 οὔτ’
785 4211 1075 4282 ἐγεννήθη,
1108 4207 1226 4262 ἀλλ’
1266 4201 1348 4271 εἷς
1383 4208 1534 4259 ἐστιν
1567 4203 1724 4270 Θεὸς,
1759 4205 1856 4258 καὶ
1895 4204 2006 4266 πᾶς

406 4311 437 4364 ὁ
480 4306 724 4380 μερίζων
770 4303 968 4367 αὐτὸν,
1019 4303 1053 4374 ἢ
1097 4303 1287 4373 ὅμοιον
1337 4298 1532 4366 ποιῶν,
1576 4298 1854 4369 σωτηρίας
1903 4296 2005 4350 οὐκ

409 4403 595 4466 ἔστιν,
634 4400 750 4455 ἀλλ’
785 4398 1065 4470 ἀφόρητον
1087 4437 1101 4463 ,
1134 4395 1229 4449 καὶ
1264 4394 1484 4448 αἰώνιον
1527 4393 1769 4450 κόλασιν.
1802 4391 2005 4446 Τοιαῦ-

408 4513 501 4550 ται
549 4493 646 4548 τοῦ
695 4491 942 4563 Μωαμὲδ
988 4492 1047 4544 αί
1097 4489 1449 4561 νομοθεσίαι,
1499 4487 1679 4541 ταῦτα
1713 4484 2004 4557 νενομοθέ-

408 4603 583 4657 τηκεν
610 4585 691 4656 τῷ
741 4583 857 4656 λαῷ
920 4583 1166 4654 Ἰσμαήλ.
1203 4581 1307 4634 Τὸν
1353 4581 1461 4651 γὰρ
1501 4580 1668 4634 τόπον
1696 4579 1789 4632 τὸν
1823 4580 1882 4631 ὲν
1927 4576 2006 4647 τῷ

413 4679 628 4749 Βάκχε,
681 4679 804 4748 ἤτοι
851 4676 1048 4745 Μῆκε,
1101 4675 1134 4744 ἢ
1197 4673 1426 4744 Μάκεχ,
1487 4668 1637 4726 οἷκον
1691 4671 2003 4742 προσευχῆς

2105 3469 2376 3540 prioribus
2415 3468 2752 3524 absurditate
2828 3470 3236 3526 contendentia.
3306 3469 3449 3525 Dicit
3500 3471 3703 3540 quippe

2104 3562 2342 3633 primum
2363 3561 2639 3616 hominem
2679 3561 2882 3616 factum
2937 3578 3006 3618 ex
3057 3573 3226 3630 terra,
3263 3563 3431 3629 stilla,
3458 3562 3598 3629 luto,
3633 3573 3693 3619 et

2106 3655 2343 3721 quadam
2373 3653 2604 3708 materia
2634 3653 2890 3710 dentibus
2923 3664 2980 3709 et
3001 3668 3101 3710 ore
3150 3655 3411 3710 contrita.
3440 3654 3702 3710 Formato

2106 3757 2314 3812 autem,
2339 3744 2538 3815 inquit,
2572 3747 2747 3816 primo
2781 3745 3022 3810 homine,
3055 3747 3242 3802 statim
3295 3762 3488 3804 omnes
3533 3749 3703 3803 advo-

2107 3837 2290 3894 larunt
2319 3839 2520 3908 angeli,
2551 3839 2644 3909 qui
2715 3837 2940 3905 jubente
2985 3839 3096 3894 Deo
3149 3840 3428 3895 hominem
3493 3839 3705 3896 saluta-

2107 3941 2238 3988 runt
2259 3943 2315 3987 et
2347 3935 2667 3986 adorarunt.
2695 3932 2857 3989 Solus
2898 3947 3027 3988 vero
3063 3933 3246 3988 Beliar
3276 3949 3399 3989 cum
3428 3932 3704 3990 Adamum

2107 4025 2337 4080 adorare
2367 4025 2659 4090 recusavit,
2697 4022 2881 4094 lapsus
2907 4034 2990 4078 est
3010 4035 3064 4079 et
3083 4025 3150 4079 ad
3169 4023 3400 4079 Tartara
3427 4026 3704 4081 detrusus.

2107 4116 2187 4174 De
2216 4117 2326 4172 Deo
2349 4132 2480 4173 vero
2510 4118 2705 4172 asserit
2731 4118 2875 4188 quod
2900 4117 3044 4173 Deus
3064 4118 3214 4174 solus
3240 4119 3423 4173 omnia
3441 4119 3702 4175 condide-

2109 4209 2201 4273 rit,
2232 4224 2332 4263 nec
2358 4225 2542 4278 parem
2588 4209 2907 4280 sociumque
2965 4211 3242 4275 admittat,
3267 4220 3323 4266 et
3386 4213 3552 4282 quod,
3577 4227 3705 4268 cum

2109 4304 2182 4358 sit
2217 4312 2360 4357 totus
2384 4302 2437 4356 in
2470 4302 2656 4356 orbem
2690 4303 2843 4373 quasi
2879 4304 3074 4358 malleo
3103 4305 3319 4371 ductus,
3349 4319 3448 4360 nec
3475 4313 3704 4375 generet

2112 4410 2210 4449 nec
2264 4407 2577 4466 generetur.
2640 4393 2795 4449 illum
2854 4412 2977 4451 esse
3031 4396 3191 4466 plane
3235 4397 3481 4462 unicum,
3518 4408 3572 4453 et
3607 4412 3705 4452 eos

2110 4487 2202 4557 qui
2227 4487 2375 4542 illum
2398 4487 2669 4553 dividunt,
2688 4497 2744 4543 et
2771 4489 2978 4544 socium
3006 4490 3078 4543 illi
3099 4486 3356 4560 jungunt,
3383 4489 3576 4545 salutis
3593 4505 3704 4545 non

2111 4578 2322 4635 futuros
2356 4579 2670 4651 participes,
2689 4580 2785 4636 sed
2807 4592 3136 4636 a:ternarum
3190 4596 3476 4651 ptenarutn
3536 4580 3703 4636 mise-

2115 4670 2311 4726 randas
2338 4671 2608 4727 victimas.
2632 4672 2723 4727 liae
2751 4681 2877 4727 sunt
2909 4673 3167 4728 doctrina‘
3198 4684 3253 4728 et
3279 4673 3426 4744 leges
3450 4671 3702 4727 Multam-

410 4773 705 4844 διωρίσατο
750 4767 915 4832 εῖναι,
977 4769 1073 4822 καὶ
1127 4767 1227 4830 τὰς
1275 4765 1490 4822 ἑαυτῶν
1533 4765 1791 4836 λατρείας
1823 4766 2001 4818 ἐκεῖσε

2116 4763 2319 4816 medis:
2341 4763 2466 4817 talia
2485 4763 2669 4818 docuit
2685 4775 2733 4818 et
2751 4765 2985 4820 sancivit
3002 4765 3478 4835 apudlsmaelitas.
3497 4763 3704 4821 Locum

413 4865 737 4936 προσάγειν.
804 4863 929 4916 Ὀτι
973 4861 1071 4916 καὶ
1107 4860 1274 4940 ’λίθος
1324 4859 1403 4929 τῷ
1456 4857 1688 4928 τοιούτῳ
1727 4858 1882 4929 τόπῳ
1937 4853 2006 4929 ἦν

412 4952 779 5021 ἀνακείμενος
808 4951 866 5004 ὲν
891 4949 968 5021 τῷ
1003 4949 1152 5021 μέσῳ
1176 4947 1549 5020 παμμεγέθης
1571 4988 1586 5014 ,
1618 4947 1694 5011 ὡς
1723 4947 2009 5002 ἑπάνωθεν

412 5044 586 5098 αὐτοῦ
637 5043 732 5098 τοῦ
797 5044 948 5096 λίθου
1001 5042 1220 5109 λέγεται
1295 5044 1362 5112 τῇ
1408 5042 1583 5112 Ἀγὰρ
1654 5040 1928 5112 ὁμιλήσας
1977 5041 2006 5093 ό

427 5135 720 5207 Ἀϐραὰμ,
761 5135 794 5206 ἢ
847 5135 922 5200 ὡς
965 5135 1115 5205 αὐτῷ
1189 5134 1288 5206 τὴν
1337 5133 1588 5204 κάμηλον
1650 5133 2006 5205 προσδήσας,

413 5228 506 5282 ὅτε
552 5227 643 5280 τὸν
699 5227 888 5280 Ἰσαὰκ
926 5225 1155 5297 ἔμελλεν
1206 5225 1377 5279 θύειν.
1414 5224 1764 5295 Προσέταξεν
1815 5225 1875 5278 δὲ
1909 5225 2012 5288 τὰς

415 5319 584 5388 εὐχὰς
629 5317 756 5381 τοὺς
799 5317 1234 5388 συνερχομένους
1282 5319 1466 5371 ὲκεῖσε
1513 5317 1690 5381 οὕτως
1730 5318 2008 5374 ἐπιπλεῖν.

416 5408 530 5479 Τὴν
569 5407 669 5478 μὲν
703 5409 833 5477 μίαν
856 5407 1040 5461 αὐτῶν
1073 5411 1231 5480 χεῖρα
1259 5408 1396 5480 πρὸς
1423 5409 1516 5463 τὸν
1541 5409 1689 5463 λίθον
1719 5411 2007 5478 ἐκτείνειν,

415 5503 565 5575 τῇδὲ
596 5504 761 5574 ἑτέρᾳ
791 5501 853 5556 τὸ
890 5497 984 5566 οὖς
1025 5501 1279 5574 κατέχειν
1310 5504 1371 5557 τὸ
1410 5503 1541 5557 ἴδιον
1561 5545 1576 5570 ,
1615 5502 1711 5557 καὶ
1738 5503 1880 5558 οὕτω
1912 5523 2011 5559 κυ-

415 5591 697 5662 κλοτερῶς
752 5593 982 5657 ἑαυτοὺς
1039 5593 1404 5664 περιφέρειν,
1477 5593 1583 5657 ἕως
1642 5593 1708 5647 ἂν
1770 5595 2015 5650 πέσωσιν

420 5687 969 5751 σκοτοδινιάσαντες,
1029 5691 1124 5741 καὶ
1156 5687 1255 5758 τὴν
1303 5689 1570 5762 περιοχὴν
1628 5690 1797 5744 αὐτοῦ
1832 5692 2016 5745 πᾶσαν

421 5780 748 5851 ἐπιτηρεῖν,
797 5782 891 5836 καὶ
921 5780 1104 5844 λίθους
1143 5782 1286 5836 ἑπτὰ
1318 5781 1467 5836 κατὰ
1513 5782 1623 5836 τῶν
1668 5784 2017 5856 Χριστιανῶν

420 5875 796 5946 ὲπιρῤίπτειν.
831 5875 950 5930 Ἵνα
982 5875 1040 5928 δὲ
1070 5874 1148 5949 μὴ
1186 5876 1253 5931 τὰ
1296 5877 1520 5949 ῥήματα
1553 5881 1651 5949 τῆς
1688 5881 1818 5950 παρ’
1847 5878 2017 5934 αὐτοῦ

2111 4854 2311 4910 etenim
2347 4855 2489 4924 apud
2520 4855 2660 4923 illos,
2696 4859 2916 4913 nomine
2946 4857 3176 4914 Bacchae
3204 4859 3286 4915 vel
3322 4858 3582 4924 Macchte,
3619 4857 3708 4913 vel

2112 4947 2374 5004 Mechech
2397 4951 2661 5005 orationis
2680 4952 2850 5007 aedem
2877 4954 3112 5007 futuram
3147 4961 3460 5023 perpetuam
3486 4955 3708 5009 decreto

2115 5039 2524 5112 determinavit,
2557 5053 2610 5097 et
2641 5059 2858 5098 onmem
2889 5044 3094 5100 cultum
3122 5062 3280 5100 suum
3317 5046 3444 5101 illuc
3469 5045 3706 5117 dirigere

2117 5146 2172 5192 et
2196 5147 2537 5193 convertere.
2569 5138 2705 5204 Quia
2750 5139 3010 5194 nimirum
3042 5139 3222 5195 medio
3249 5140 3301 5195 in
3329 5141 3570 5196 istoloco
3601 5157 3705 5196 ex-

2121 5239 2228 5284 stat
2254 5229 2392 5299 lapis
2413 5231 2682 5286 maximus
2713 5246 2879 5301 super
2905 5247 3067 5301 quem
3107 5230 3254 5287 fama
3278 5233 3447 5289 refert
3474 5233 3708 5304 Agarem

2119 5337 2241 5375 cum
2255 5321 2566 5377 Abrahamo
2584 5338 2698 5376 rem
2721 5324 2995 5391 habuisse,
3021 5325 3104 5378 vel
3119 5326 3290 5393 ipsum
3308 5325 3680 5380 Abrahamum
3693 5365 3712 5390 ,

2121 5414 2195 5470 illi
2225 5415 2497 5470 camelum
2531 5413 2784 5487 alligasse
2814 5432 2940 5472 cum
2967 5417 3136 5472 lilium
3160 5433 3317 5473 suum
3345 5417 3590 5472 lsaacum
3618 5431 3713 5471 cs-

2116 5518 2200 5563 set
2231 5508 2630 5564 immolaturus.
2656 5505 2836 5564 Voluit
2861 5524 3006 5574 ,vero
3047 5523 3238 5565 omnes
3267 5509 3393 5564 illuc
3428 5507 3714 5564 conﬂuen-

2122 5612 2202 5656 tes
2247 5609 2302 5656 et
2369 5601 2761 5658 contendentes
2807 5603 2875 5658 ad
2934 5603 3209 5658 orationes
3265 5601 3580 5669 habendas,
3610 5603 3716 5658 hoc

2123 5693 2229 5748 ritu
2264 5693 2386 5751 illas
2413 5693 2664 5752 fundere.
2692 5693 2863 5751 Jussit
2903 5696 3079 5766 primo
3141 5710 3305 5750 unam
3341 5711 3601 5752 manuum
3647 5697 3717 5750 ad

2123 5785 2355 5855 lapidem
2393 5788 2554 5841 istum
2583 5789 2862 5858 porrigere
2909 5799 2965 5846 et
3012 5789 3332 5857 extendere,
3371 5790 3542 5844 altera
3585 5805 3716 5844 vero

2123 5896 2277 5938 suam
2300 5881 2576 5961 propriam
2607 5883 2912 5971 auricplam
2971 5883 3248 5956 corripere
3277 5893 3332 5940 et
3354 5882 3718 5956 comprehcn-
