4146 6436
534 335 673 449 τιεῡ
1710 376 2280 445 BARTHOLOMAEI
2314 370 2694 444 EDESSENI
3702 371 3834 444 1456

529 498 680 562 dare,
711 504 896 564 postea
939 497 992 552 in
1037 495 1224 553 orbem
1259 496 1473 566 seipsos
1530 493 1924 566 circumagere,
1959 496 2133 550 donec

2239 495 2552 566 ὁρισθείσης
2604 494 2922 566 προσευχῆς
2981 489 3388 558 ἐπιτελεῖσθαι,
3452 493 3528 559 ὡς
3572 496 3831 568 εἴρηται,

530 591 803 660 vertigine
858 600 916 645 et
977 593 1136 661 quasi
1194 589 1443 646 caacitate
1491 586 1757 654 percussi,
1815 587 1870 641 in
1921 597 2126 642 terram

2239 587 2375 642 ὠσὶν
2403 588 2747 658 ἀνήκουστα,
2783 587 3018 641 κάκεῖνα
3049 591 3238 659 γραφῇ
3282 589 3625 660 παραδοτέον
3646 626 3662 652 ,
3699 588 3834 658 πρὸς

529 692 693 737 ruant
720 694 773 737 et
796 684 1015 738 cadant.
1041 681 1280 739 Jussitel
1305 695 1468 738 omne
1489 680 1539 736 ld
1563 681 1706 752 quod
1739 679 1792 734 in
1818 679 1933 734 suis
1966 695 2126 735 man-

2239 679 2466 734 πλείονα
2496 679 2858 734 διδασκαλίαν
2893 680 3066 735 αὐτοῦ
3104 680 3427 753 Μαχούμετ,
3456 681 3553 737 καὶ
3589 698 3833 752 προσευ-

533 775 676 829 datis
705 777 1060 831 veloratione
1109 769 1206 830 sua
1275 773 1664 828 continebatur
1725 771 2007 827 observari
2071 779 2126 826 et

2239 772 2335 844 χὴν
2365 771 2597 844 ἔχουσαν
2615 772 2810 836 οὕτως·
2861 772 3164 838 Ἀλὰ,Ἀλὰ
3211 772 3472 837 ούακοὺό,
3539 772 3672 826 ’Δλὰ
3710 789 3836 826 κου-

533 875 741 936 septem
787 868 994 938 lapides
1011 879 1201 922 contra
1233 865 1582 923 Christianos
1605 865 1795 934 projici
1829 876 1882 921 et
1902 865 2122 931 excuti;

2239 866 2362 937 δάρ.
2402 865 2591 921 Ταῦτα
2628 867 2880 935 λέγονται
2911 867 3259 931 πλειστάκις.

533 974 602 1014 ne
629 975 760 1016 vero
787 962 951 1016 verba
973 961 1416 1030 orationisquam
1439 960 1696 1014 (minibus
1727 959 2115 1015 addisceudam
2155 967 2212 1014 et
2278 959 2726 1015 deblaterandam
2791 960 3092 1016 tradiderat
3154 972 3207 1016 et
3255 963 3593 1026 decreverat,
3624 975 3732 1015 non
3764 959 3837 1013 fa-

535 1053 638 1110 cile
676 1055 850 1110 audiri
882 1065 937 1111 et
983 1054 1261 1110 memoriae
1290 1053 1535 1108 mandari
1568 1063 1817 1122 possent,
1850 1052 1941 1107 illa
1981 1052 2097 1123 ipsa
2137 1053 2342 1120 scripto
2373 1054 2684 1123 consignari
2756 1055 2970 1109 curavit
3038 1053 3408 1118 Mubannued,
3432 1065 3487 1109 et
3547 1055 3614 1109 ad
3661 1055 3831 1123 maju-

538 1163 654 1204 rem
688 1148 1132 1206 informationem
1169 1148 1478 1204 orationem
1501 1147 1730 1204 tradidit
1765 1162 1889 1219 quae
1954 1147 2036 1204 sic
2096 1149 2282 1204 habet.
2313 1147 2412 1204 Ala
2452 1147 2553 1202 Ala
2575 1145 2960 1218 LOuakoubar,
3027 1151 3126 1204 Ala
3182 1149 3427 1205 Koubar.
3498 1146 3626 1204 Haac
3671 1151 3833 1203 verba

543 1243 821 1296 inultoties
851 1243 1216 1312 ingeminant.

622 1333 784 1388 Notat
812 1351 940 1390 vero
963 1335 1058 1389 Ala
1077 1346 1131 1390 et
1159 1334 1390 1401 koubar,
1423 1333 1593 1388 Deum
1625 1347 1904 1401 maguum,
1938 1347 2002 1386 va
2040 1347 2142 1386 an-

567 1441 654 1480 em
690 1436 846 1481 notat
877 1427 1197 1482 maximum.
1249 1425 1394 1481 lnter
1422 1441 1486 1480 ea
1538 1439 1671 1480 vero
1702 1439 1822 1494 quae
1875 1424 2061 1478 docuit
2093 1433 2146 1476 et

543 1523 687 1576 istud
727 1522 1158 1587 memorabatur,
1189 1531 1332 1591 quod
1389 1520 1687 1590 aliquando
1755 1518 2002 1574 camelus
2065 1517 2145 1573 fe-

539 1615 685 1669 mina
707 1615 986 1671 exstiterit
1013 1615 1126 1671 Deo
1158 1616 1352 1670 devota
1387 1624 1442 1669 et
1461 1628 1641 1678 sacra,
1667 1612 2062 1682 magnitudinis
2089 1619 2143 1666 et

2315 1331 2583 1402 Σημαίνει
2625 1331 2773 1386 δὲτὸ
2811 1331 2913 1402 μὲν
2955 1330 3112 1398 Ἀλὰ,
3154 1331 3248 1385 καὶ
3283 1331 3347 1385 τὸ
3381 1330 3593 1402 κουδέιρ
3629 1329 3838 1400 μειζον-

2243 1423 2342 1477 δεᾶ
2367 1465 2382 1489 ,
2431 1423 2494 1478 τὸ
2524 1424 2582 1478 δὲ
2615 1423 2716 1477 ούὰ
2770 1423 3056 1495 μέγιστον.
3122 1423 3365 1490 ἐδίδαξεν
3404 1423 3462 1476 δὲ
3499 1423 3705 1486 αὐτὸς.
3759 1425 3838 1476 ὅτι

2245 1517 2498 1588 κάμηλον
2546 1517 2770 1589 θήλειαν
2819 1517 2915 1571 τοῦ
2961 1515 3100 1570 Θεοῦ
3157 1517 3310 1589 ἱερὰν
3371 1515 3542 1577 οὖσαν
3584 1516 3836 1584 γενέσθαι

2246 1611 2471 1683 μεγάλῳ
2515 1611 2684 1682 μήκει
2735 1627 2818 1673 τε,
2872 1610 2970 1664 καὶ
3002 1611 3233 1665 πλάτει·
3283 1609 3408 1679 ἥτις
3435 1625 3492 1662 τε
3527 1607 3628 1661 καὶ
3677 1608 3838 1678 εὐχὰς

531 1403 555 1448 ι

537 1707 849 1762 latitudinis
879 1722 1103 1778 prorsus
1138 1708 1399 1777 ingentis,
1423 1720 1544 1774 qua:
1589 1719 1780 1774 preces
1812 1702 1878 1756 ad
1935 1702 2135 1757 cmluni

553 1799 834 1865 fundebat,
882 1800 998 1870 ipsa
1061 1800 1238 1869 spatio
1300 1799 1523 1854 circiter
1566 1797 1800 1851 duarum
1857 1797 2139 1858 horarum,

531 1889 908 1947 emerescente
935 1891 1053 1947 luce
1080 1890 1374 1958 splendens
1395 1899 1450 1945 et
1482 1903 1801 1946 coruscans.
1823 1887 1976 1943 lllam
2001 1903 2131 1942 vero

529 1984 767 2054 Agareni
817 1985 1055 2054 primum
1090 1983 1227 2038 lacte
1261 1985 1408 2039 alere
1441 1983 1713 2047 solebant,
1755 1983 1848 2038 sed
1902 1982 2132 2053 contigit

533 2090 594 2131 ut
617 2093 646 2132 a
677 2077 1003 2148 quibusdam
1051 2077 1163 2132 illic
1198 2077 1670 2132 commorantibus
1697 2077 2126 2141 interﬁceretur,

533 2169 678 2225 unde
700 2184 728 2222 a
758 2169 868 2225 Deo
896 2170 1086 2239 rejecti
1111 2179 1167 2225 et
1208 2171 1482 2240 reprobati
1523 2169 1761 2224 fuerunt.
1796 2168 1945 2223 Illius
1999 2183 2132 2223 vero

533 2254 797 2328 parvulus
819 2260 1062 2315 camelus
1087 2262 1251 2316 boatu
1285 2271 1340 2314 et
1370 2261 1617 2317 clamore
1651 2261 1821 2316 caelos
1854 2262 2132 2316 lacessens

532 2366 689 2422 opem
722 2352 1015 2421 phosphori
1043 2353 1380 2423 imploravit,
1411 2370 1439 2406 a
1471 2369 1603 2424 quo,
1629 2354 1924 2418 utdicitnr,
1949 2354 2002 2408 in
2023 2368 2134 2408 cos-

533 2440 646 2496 lum
683 2452 893 2511 .raptus
948 2443 1132 2499 fuerit.
1189 2443 1324 2498 Nam
1381 2446 1586 2500 dictum
1634 2456 1718 2502 est
1779 2447 1900 2500 illos
1952 2447 2133 2502 colere

528 2533 902 2604 phosphorum
932 2550 1028 2591 seu
1067 2545 1280 2592 astrum
1331 2539 1654 2592 matutinum
1709 2553 1805 2594 seu
1839 2537 2130 2594 Venerem.

532 2638 697 2692 quam
731 2624 914 2695 lingua
938 2627 1172 2683 Arabica
1201 2637 1402 2684 vocant
1425 2645 1524 2696 vae,
1567 2630 1620 2684 id
1649 2641 1731 2685 est
1757 2645 1973 2701 magna.
2011 2630 2130 2684 Mu-

530 2713 788 2772 hammed
823 2733 956 2773 vero
983 2717 1332 2776 Christianos
1365 2730 1722 2777 contemnens
1751 2732 1807 2778 et
1839 2723 1992 2778 flocci
2033 2721 2126 2790 fa—

533 2808 711 2878 ciens,
741 2820 900 2866 vocat
929 2812 1290 2883 abnegatores
1315 2823 1371 2868 et
1400 2815 1857 2879 associalores,et
1889 2816 1941 2870 in
1969 2818 2130 2870 istam

532 2903 842 2960 doctrinam
903 2915 960 2961 et
984 2907 1124 2961 viam
1151 2908 1409 2976 perduxit
1455 2907 1784 2972 Saracenos,
1817 2918 1873 2962 et
1919 2909 2136 2964 vocavit

531 2996 841 3051 doctrinam
879 3007 934 3054 et
963 2998 1103 3052 viam
1141 2999 1529 3064 Dei,lanienas
1577 3001 2046 3067 Christianorum,
2082 3010 2137 3057 et

530 3087 675 3142 bella
705 3089 900 3158 quibus
931 3088 1280 3147 Christianos
1311 3091 1489 3147 solent
1520 3102 1739 3147 vastare
1757 3104 1811 3146 et
1842 3093 2131 3148 lacessere.

2249 1704 2388 1776 πρὸς
2441 1703 2673 1775 οὐρανὸν
2718 1703 2970 1758 ἐπετέλει
3019 1700 3477 1773 ὲπιαυγαζομένη
3535 1699 3708 1772 μέσον
3749 1699 3839 1753 δύο

2249 1797 2408 1868 ὡρῶν
2439 1797 2587 1870 έξῆς.
2632 1798 2743 1852 Καὶ
2769 1799 2818 1851 οἰ
2854 1797 3048 1870 πρώην
3087 1796 3388 1868 Ἀγαρηνοὶ
3421 1793 3834 1866 έγαλουχοῦντο.

2247 1892 2504 1964 Ταύτην,
2567 1892 2643 1956 ὡς
2708 1892 2964 1963 ἐλέγετο,
3041 1890 3373 1962 φονευθῆναι
3441 1890 3632 1954 κακῶς
3693 1888 3836 1958 παρα

2239 1985 2352 2040 τῶν
2387 1986 2696 2056 τηνικαῦτα
2738 1985 3084 2058 ἀνθρώπων,
3141 1985 3240 2039 καὶ
3271 1985 3360 2038 διὰ
3405 1983 3566 2038 τοῦτο
3624 1983 3836 2055 ἀμύνα-

2242 2078 2367 2132 σθαι
2398 2078 2600 2142 αὐτοὺς
2644 2081 2672 2132 6
2719 2079 2886 2141 Θεός·
2923 2077 2985 2130 τὸ
3034 2075 3371 2148 καμηλύνιον
3397 2076 3572 2145 αὐτῆς
3607 2075 3826 2146 βοάζον,

2241 2171 2446 2227 καὶτὸν
2463 2172 2745 2242 ἑωσφόρον
2766 2169 3093 2224 ἐπεκαλεῖτο
3119 2171 3201 2233 εἰς
3227 2169 3503 2240 βοήθειαν,
3531 2170 3559 2251 6
3583 2168 3644 2221 δὲ
3673 2184 3835 2238 προσ-

2241 2259 2470 2313 ελάϐετο
2524 2260 2684 2314 τοῦτο
2724 2261 2806 2324 εἰς
2854 2259 2948 2313 τὸν
2985 2260 3256 2331 οὐρανὸν,
3293 2260 3370 2324 ὡς
3408 2259 3665 2330 εἴρηται,
3707 2259 3834 2328 παρ’

2241 2353 2425 2424 αὐτῷ,
2461 2352 2538 2418 ὥς
2593 2371 2759 2425 φησι,
2805 2353 2877 2408 τὰ
2918 2354 3164 2408 ἔκπαλαι
3209 2353 3288 2425 τῷ
3334 2353 3558 2425 πρωῖνῷ
3614 2355 3828 2424 ἄστρῳ,

2241 2446 2414 2516 ἤγουν
2467 2445 2546 2516 τῷ
2592 2445 2898 2518 ὲωσιρόρῳ,
2958 2448 3053 2501 καὶ
3086 2450 3152 2519 τῇ
3206 2447 3539 2518 Ἀφροδίτῃ,
3599 2449 3670 2519 ῆν
3699 2449 3832 2501 κατᾶ

2239 2539 2350 2592 τῶν
2415 2539 2704 2612 Ἀρράὀων
2756 2539 3013 2608 γλῶσσαν
3065 2539 3430 2611 ὀνομάζουσι,
3479 2539 3631 2594 τοῦτ’
3687 2539 3829 2592 ἐστιν

2241 2632 2479 2704 μεγάλη.
2538 2632 2848 2696 Ὀνειδίζων
2887 2634 3017 2698 τοὺς
3049 2633 3416 2705 Χριστιανοὺς
3447 2631 3696 2703 ἀρνητὰς
3723 2633 3830 2683 ὀνο·

2245 2724 2438 2798 μάζει,
2496 2725 2591 2780 mi.
2646 2726 2972 2797 έτεριστὰς,
3019 2727 3116 2780 καὶ
3156 2726 3417 2797 διεγείρει
3468 2727 3603 2790 τοὺς
3653 2727 3829 2798 Σαρα-

2240 2820 2443 2890 κηνοὺς
2489 2820 2572 2884 εἰς
2609 2819 2710 2891 τὴν
2757 2819 2877 2873 ὁδὸν
2925 2818 3165 2891 ταύτην,
3213 2822 3307 2874 καὶ
3330 2819 3430 2890 τὴν
3465 2819 3687 2890 σφαγὴν
3719 2820 3830 2873 ὁδον

2238 2908 2379 2963 Θεοῦ
2424 2909 2706 2980 ὀνομάζει,
2738 2909 2831 2964 τὸν
2868 2911 3013 2964 κατὰ
3042 2911 3152 2965 τῶν
3181 2911 3529 2981 Χριστιανῶν
3561 2911 3827 2982 πόλεμον,

2239 3005 2337 3058 καὶ
2396 3004 2525 3067 τοὺς
2567 3005 2627 3057 ὲν
2687 3003 2767 3074 τῷ
2823 3003 3056 3076 τοιούτῳ
3112 3004 3338 3075 πολέμῳ
3387 3003 3830 3076 ἀποθνήσκοντας

2256 3099 2600 3169 Ἀγαρηνοὺς
2656 3099 2810 3162 υἱοὺς
2859 3098 3035 3164 Θεοῦ,
3086 3098 3184 3152 καὶ
3247 3097 3433 3163 ἀξίους
3489 3095 3589 3151 τοῦ
3656 3114 3830 3166 παρα-

532 3180 854 3252 llagarenos
880 3197 1008 3236 vero
1036 3183 1090 3238 in
1123 3185 1243 3239 istis
1265 3183 1416 3239 bellis
1431 3184 1842 3248 accumbentes,
1863 3183 2004 3239 ﬁlios
2026 3183 2122 3239 Dei

2240 3191 2422 3245 δείσου
2491 3190 2709 3257 καλῶν,
2773 3192 2869 3246 καὶ
2928 3192 3156 3253 πιστοὺς
3229 3193 3288 3244 ὲν
3348 3190 3490 3262 Θεῷ.
3562 3189 3830 3254 Ἐδίδαξεν

536 3289 660 3328 esse
681 3273 940 3337 asseruit,
963 3283 1016 3329 et
1051 3275 1264 3342 ﬁdeles,
1295 3285 1351 3331 et
1371 3275 1568 3347 dignos
1595 3275 1688 3345 qni
1734 3276 1992 3331 omnibus
2035 3289 2135 3344 pa-

533 3363 701 3418 radisi
745 3363 1117 3433 voluptatibus
1184 3365 1554 3421 cumulentur.
1592 3365 1739 3420 lnter
1781 3365 1885 3420 alia
1930 3369 2032 3422 hoc
2079 3377 2134 3422 et

532 3461 719 3516 docuit
763 3459 1134 3529 Mubammed,
1165 3461 1311 3532 quod
1337 3463 1514 3518 sinon
1562 3463 1635 3518 sit
1661 3462 1728 3517 ad
1757 3478 1980 3518 manum
2037 3478 2133 3532 pa-

533 3565 653 3608 rata
694 3568 859 3624 aqua,
899 3557 1152 3625 usurpari
1183 3555 1355 3626 possit
1387 3563 1558 3619 terra,
1611 3558 1703 3609 sed
1755 3567 1900 3610 terra
1955 3556 2136 3611 tenuis

533 3657 587 3701 et
618 3647 974 3702 subtilissima
1011 3664 1117 3717 qua
1143 3647 1264 3701 loco
1317 3663 1474 3717 aquae
1500 3647 1668 3711 oculi,
1700 3647 1903 3712 vultus,
1939 3664 2136 3704 manus

536 3749 786 3793 terantur
811 3748 867 3791 et
907 3738 1266 3794 defricentur.
1303 3739 1416 3795 lloc
1454 3747 1510 3794 et
1529 3740 1740 3795 addidit
1777 3739 2134 3797 Mubammed

543 3846 595 3886 se
636 3831 891 3885 nimirum
931 3846 1052 3887 esse
1073 3833 1310 3903 paradisi
1348 3833 1502 3902 quasi
1536 3834 1851 3900 ostiarium,
1890 3845 1946 3890 et
1983 3835 2131 3891 illius

541 3925 770 3980 clavium
803 3941 959 3980 usum
992 3941 1021 3979 a
1051 3940 1149 3981 suo
1183 3925 1423 3996 pendere
1445 3927 1698 3981 arbitrio.

605 4017 755 4073 Talis
778 4034 928 4084 vero,
955 4019 1255 4074 secundum
1286 4019 1460 4084 illum,
1489 4033 1573 4074 est
1595 4020 1918 4090 paradisus:
1955 4018 2009 4074 in
2046 4020 2134 4075 illo

537 4122 665 4166 sunt
722 4120 957 4180 quatuor
1022 4110 1246 4166 flumina
1301 4127 1456 4181 aqua:
1518 4111 1938 4180 limpidissimae,
1977 4114 2131 4168 lactis

534 4203 858 4270 dulcissimi,
885 4203 994 4256 viui
1028 4203 1361 4268 suavissimi,
1392 4215 1447 4256 et
1476 4203 1655 4257 mellis
1715 4203 2128 4259 defaecatissinii

534 4307 588 4349 et
615 4294 849 4349 mirabili
890 4293 1158 4362 colatura,
1183 4295 1252 4349 ab
1277 4295 1426 4349 omni
1457 4294 1686 4349 materia
1716 4298 1977 4350 crassiori
2006 4314 2134 4366 pur-

537 4388 825 4457 gatissinii.
870 4388 1075 4442 Futura
1104 4388 1338 4458 quadam
1393 4389 1481 4442 die
1541 4403 1703 4455 quam
1739 4387 1882 4444 Deus
1913 4393 2030 4443 lixit
2079 4400 2134 4446 ct

538 4480 946 4544 determinavit,
984 4479 1053 4534 ad
1088 4481 1481 4551 quinquaginta
1509 4496 1776 4534 annorum
1855 4483 2133 4552 myriadas

2238 3283 2440 3347 αὐτοὺς
2475 3285 2504 3337 6
2550 3285 2817 3356 Μωάμεδ,
2867 3286 2926 3338 ὲν
2954 3280 3036 3348 οἷς
3071 3285 3168 3338 καί⁸
3207 3284 3406 3349 τοῦτο,
3438 3284 3534 3338 ἐὰν
3583 3284 3661 3356 μὴ
3687 3283 3829 3352 εὑρί-

2239 3393 2466 3430 σκουσιν
2512 3377 2572 3444 ἐξ
2620 3379 2844 3448 ἑτοίμου
2902 3376 3084 3450 ὕδωρ,
3125 3377 3488 3448 λαμϐάνωσιν
3537 3377 3678 3449 χοῦν
3717 3376 3829 3430 ἀντὶ

2239 3469 2414 3541 ὕδωρ,
2456 3469 2590 3541 χοῦν
2635 3471 2858 3526 λεπτόν.
2903 3473 3016 3526 Καὶ
3056 3471 3174 3543 μετ’
3218 3470 3385 3525 αὐτοῦ
3427 3470 3692 3542 τρίϐωσιν
3738 3470 3829 3531 τὰς

2235 3563 2410 3633 ὄψεις,
2437 3567 2533 3618 καὶ
2557 3565 2658 3629 τὰς
2686 3567 2882 3637 χεῖρας
2906 3566 3096 3629 αὐτοῖς
3119 3567 3242 3620 ἀντὶ
3263 3563 3432 3637 ὕδωρ.
3463 3563 3828 3636 Προστίθησιν

2236 3654 2295 3708 δὲ
2321 3657 2354 3726 ή
2385 3656 2544 3710 τοῦτο
2573 3659 2601 3710 6
2630 3659 2955 3728 Μαχούμεδ,
2987 3658 3044 3721 ὃς
3079 3659 3242 3723 αὐτός
3281 3661 3436 3713 ἐστιν
3468 3662 3498 3713 6
3527 3657 3627 3712 τοῦ
3659 3675 3826 3727 παρα-

2235 3746 2415 3802 δείσου
2441 3749 2543 3814 τὰς
2568 3749 2718 3814 κλεῖς
2749 3751 3024 3822 κατέχων.

2305 4019 2562 4084 Τοιοῦτος
2595 4019 2686 4085 δὲ,
2720 4020 2910 4090 λέγει,
2952 4017 3021 4093 ἦν
3062 4023 3089 4076 6
3124 4021 3494 4093 παράδεισος,
3527 4023 3586 4074 ἐν
3685 4021 3821 4087 λέγει

2235 4111 2514 4184 τέσσαρας
2561 4107 2704 4166 εἶναι
2745 4114 3033 4184 ποταμοὺς
3073 4113 3133 4180 ἐξ
3173 4113 3368 4177 ὓδατος
3397 4113 3698 4175 ἀθολώτου,
3739 4111 3824 4165 καὶ

2234 4205 2512 4274 γάλακτος
2561 4205 2637 4276 μὴ
2686 4205 3060 4271 ἀλλάσσοντος
3116 4206 3210 4260 τὸν
3247 4207 3437 4260 νόστον
3489 4206 3687 4271 αὑτοῦ,
3739 4204 3824 4257 καὶ

2234 4298 2381 4353 οἴνου
2426 4298 2608 4370 ήδέος,
2660 4300 2756 4352 καί
2816 4299 3037 4370 μέλιτος
3095 4301 3336 4357 ὑλιστοῦ.
3377 4302 3490 4356 Καὶ
3539 4301 3685 4356 κατὰ
3730 4302 3823 4368 τὴν

2239 4391 2544 4461 μέλλουσαν
2582 4392 2835 4464 ἡμέραν,
2873 4392 2941 4463 ἢν
2978 4395 3109 4464 περὶ
3145 4395 3174 4447 6
3205 4392 3335 4456 Θεὸς
3375 4392 3550 4466 ὁρίζει
3585 4396 3665 4457 εἰς
3700 4408 3822 4442 πενο

2234 4484 2476 4554 τήκοντα
2521 4484 2769 4555 χιλιάδας
2800 4484 2939 4538 ἐτῶν
2974 4484 3182 4553 διάγειν
3218 4485 3277 4538 ὲν
3309 4485 3462 4554 αὐτῷ
3490 4487 3617 4548 τοὺς
3652 4485 3820 4554 Σαρα-

537 4589 728 4627 ‹›ειιιιοε
760 4573 1064 4628 Saracenos
1091 4575 1218 4628 illnc
1248 4590 1369 4629 esse
1443 4576 1916 4643 transportandos,
1949 4587 2001 4630 et
2061 4577 2132 4630 ibi

2241 4579 2447 4646 κηνοὺς
2483 4582 2626 4648 μετὰ
2646 4577 2756 4631 τῶν
2789 4577 2938 4631 ἰδίων
2964 4577 3244 4646 γυναικῶν
3270 4578 3403 4641 ὅσας
3432 4572 3576 4648 εἶχεν
3603 4577 3821 4636 ἕκαστος

539 4669 703 4721 Vitam
754 4667 1187 4722 amoenissimam
1244 4675 1641 4729 transacturos,
1692 4684 1815 4723 cum
1898 4671 2134 4739 propriis

541 4764 804 4814 uxoribus
838 4761 1029 4815 eodem
1058 4776 1288 4814 numero
1313 4771 1448 4830 quot
1485 4762 1731 4816 viventes
1760 4763 1812 4816 in
1845 4764 1946 4818 bac
1986 4773 2128 4817 terra

539 4867 740 4904 uxores
771 4851 1046 4907 aluerunt.
1081 4849 1154 4904 lbi
1185 4852 1285 4905 sub
1313 4853 1502 4907 umbra
1529 4863 1582 4904 et
1610 4853 1846 4920 tegmine
1873 4854 2131 4906 arborum

540 4933 900 5012 quarumdam
941 4957 1062 5012 qum
1111 4942 1370 4997 dicuntur
1422 4943 1582 4997 Sidre
1635 4956 1689 4997 et
1751 4942 1974 5010 Talecb,
2006 4960 2135 4997 sua-

539 5035 796 5090 vissimus
836 5036 1046 5090 fructus
1076 5045 1444 5103 comesturos,
1469 5036 1661 5090 avibus
1693 5049 1854 5092 cantu
1889 5054 1988 5092 suo
2006 5053 2134 5091 sna-

538 5125 766 5180 \‘lSSiIIIO
800 5141 988 5179 eorum
1018 5142 1179 5182 aures
1211 5128 1599 5184 mulcentibus.
1643 5127 1750 5183 Ora
1817 5131 2132 5199 proluturos

539 5221 667 5273 vino
693 5234 757 5272 ex
800 5216 949 5273 fonte
978 5219 1253 5287 Caphura,
1291 5230 1346 5274 et
1373 5238 1400 5273 a
1438 5220 1585 5274 fonte
1617 5220 1888 5278 Znnziber
1918 5227 2008 5294 qui
2043 5225 2132 5279 di-

536 5313 684 5363 citur
717 5309 1007 5364 Salsabila.
1042 5310 1106 5364 Et
1134 5312 1314 5364 vinum
1349 5311 1743 5381 propinat..ros
1771 5328 1838 5366 ex
1864 5310 2129 5383 fontequi

538 5403 738 5457 dicitur
797 5401 1334 5481 TliesnimJllormn
1388 5419 1515 5458 vero
1568 5413 1835 5459 staturam
1894 5406 2131 5461 futuram

538 5494 923 5570 celsissimam,
958 5492 1327 5548 masculorum
1363 5493 1606 5563 quidem,
1647 5494 1974 5550 feminarum
2005 5514 2133 5552 vero

533 5590 896 5659 quadraginta
926 5588 1256 5642 cubitorum.
1278 5587 1578 5642 insatiabili
1612 5604 1736 5642 vero
1766 5589 1988 5643 libidine
2051 5593 2134 5644 iii-

537 5687 620 5732 ter
646 5695 704 5734 se
754 5682 1016 5748 coituros,
1051 5683 1180 5751 quia
1243 5683 1472 5735 istorum
1529 5697 1922 5751 congressurum
1963 5684 2131 5738 lleniu

536 5769 711 5837 ipsum
751 5789 855 5825 non
894 5774 1061 5844 pudet
1104 5789 1204 5827 nec
1232 5774 1304 5827 illi
1345 5783 1469 5826 su::t
1508 5774 1747 5828 fastidio.
1779 5774 2136 5832 lntruduceu-

539 5863 636 5913 das
672 5880 801 5918 vero
835 5865 886 5917 in
917 5867 1229 5932 paradisum
1278 5869 1473 5920 asserit
1515 5866 1636 5921 Mali
1661 5875 1858 5924 immed
1915 5883 2135 5940 septua—

2240 4668 2319 4722 ἔτι
2350 4669 2493 4734 ζῶν,
2544 4670 2641 4723 καὶ
2690 4670 2797 4722 ὑπὸ
2849 4670 3010 4724 σκιάν
3038 4687 3202 4725 τινων
3238 4670 3478 4743 δένδρων
3521 4669 3615 4724 τοῦ
3654 4684 3819 4738 παρα-

2236 4762 2440 4830 δείσου,
2470 4763 2506 4817 ἃ
2535 4762 2781 4816 καλεῖται
2814 4763 2981 4835 Σίδρη
3013 4764 3109 4818 καὶ
3145 4764 3346 4836 Τάλεχ,
3375 4764 3600 4834 ὀπώραν
3628 4761 3818 4816 ἐσθίον-

2236 4873 2359 4921 τες,
2398 4859 2492 4910 καὶ
2539 4858 2779 4928 ὀρνέων·
2822 4859 3071 4922 πίνοντες
3152 4858 3260 4936 άπὸ
3319 4860 3558 4930 Καφυρὰ
3611 4857 3815 4926 πηγῆς,

2238 4950 2335 5003 καὶ
2365 4949 2474 5003 ἀπὸ
2501 4950 2774 5020 Ζογγίόερ
2811 4954 2994 5022 πηγῆς
3018 4993 3033 5018 ,
3058 4952 3445 5023 ὀνομασμένης
3481 4950 3779 5004 Σαλσάϐιλα
3800 4963 3812 4975 ·

2237 5040 2335 5093 καὶ
2395 5038 2538 5094 οἶνον
2577 5042 3092 5111 προσφερομένους,
3125 5042 3184 5094 ὃν
3225 5041 3285 5095 τὸ
3317 5042 3571 5112 κέρασμα
3619 5041 3681 5092 ἐκ
3718 5053 3817 5103 πη-

2237 5132 2340 5203 γῆς
2373 5132 2634 5204 Θεσνείμ.
2675 5126 2777 5186 ’Ὧν
2820 5136 2876 5186 αἱ
2907 5134 3115 5204 ἡλικίαι
3145 5135 3549 5204 οὐρανομήκεις
3587 5132 3812 5204 ἀρρένων

2236 5240 2296 5276 τε
2338 5225 2435 5278 καὶ
2479 5223 2713 5295 θηλειῶν
2740 5226 3157 5296 τεσσαράκοντα
3194 5227 3411 5296 πήχεις,
3449 5221 3814 5284 συνουσιαζόν-

2237 5332 2347 5369 των
2374 5316 2718 5387 ἀκορέστως,
2751 5317 2918 5388 φησιν
2943 5357 2956 5379 ,
2998 5319 3079 5370 ὅτι
3131 5320 3158 5370 6
3195 5318 3329 5379 Θεὸς
3371 5317 3472 5369 ούκ
3512 5315 3808 5384 αἰσχύνεται

2237 5408 2430 5461 τοῦτο’
2479 5409 2688 5476 εἰσάξει
2727 5409 2786 5462 δὲ
2847 5413 2906 5462 έν
2958 5410 3037 5479 τῷ
3086 5411 3402 5481 παραδείσῳ
3457 5409 3808 5478 ἐϐδομήκοντα

2237 5502 2487 5572 χιλιάδας
2513 5503 2742 5555 δικαίων
2765 5543 2780 5566 ,
2823 5503 2950 5566 τοὺς
2982 5504 3038 5557 δὲ
3073 5504 3436 5574 ἁμαρτωλοὺς
3469 5499 3811 5573 κριθήσεσθαι

2240 5596 2392 5666 παρᾶ
2440 5595 2532 5648 τοῦ
2572 5595 2741 5660 Θεοῦ,
2778 5596 2875 5649 καὶ
2915 5598 3228 5650 πιττακίων
3266 5597 3344 5652 εἰς
3369 5597 3493 5658 τοὺς
3524 5592 3808 5666 τραχήλους

2239 5687 2422 5741 αὐτῶν
2455 5688 2908 5759 περιτιθεμένων,
2939 5688 3114 5753 οὕτως
3148 5689 3553 5743 εἰσελεύσεσθαι
3582 5687 3671 5741 καὶ
3696 5680 3806 5736 τού-

2237 5797 2364 5843 τους
2409 5781 2490 5845 εἰς
2538 5783 2632 5834 τὸν
2714 5778 3075 5852 παράδεισὸν
3127 5800 3327 5854 φησιν,
3392 5777 3802 5853 ὀνομαζομένους

2242 5873 2644 5946 ἀπελευθέρους
2679 5874 2771 5928 τοῦ
2804 5876 3070 5947 Μωὲιμεδ.
3116 5877 3225 5929 Καὶ
3256 5876 3344 5930 ἵνα
3382 5877 3459 5948 μή
3502 5875 3532 5929 6
3563 5871 3777 5943 παράδεέ
