4146 6440
412 450 548 519 1457
1040 502 1046 508 .
1539 457 1998 519 CONFUTATIC

2100 458 2609 519 lUHAMMEDlS.
3184 454 3263 465 ψ
3578 455 3715 522 1458

410 586 503 632 σος
540 566 793 639 ἔμπλεως
825 568 992 641 φέρον
1017 585 1093 635 τι,
1136 567 1261 631 τοὺς
1298 567 1621 639 Σαμαρίτας
1655 571 1855 641 ὲφιστᾷ
1881 569 1998 623 τού-

2114 567 2260 638 ginta
2307 569 2580 638 myriadas
2626 567 2923 639 justorum.
2964 567 3300 625 Pcecatores
3355 584 3485 625 vero
3544 586 3713 639 quos-

406 679 517 714 των
537 703 549 726 ,
586 664 813 715 κάκεῖσε
845 662 1124 716 δουλεύειν
1154 661 1565 733 ἀκαταπαύστῳ
1589 661 1835 733 λατρεία.

2114 663 2236 718 dam
2272 678 2299 715 a
2328 664 2435 717 Deo
2454 663 2798 731 jndicandos,
2836 664 2926 735 qui
2961 664 3203 732 pittaciis
3260 666 3583 734 quibusdam
3636 680 3705 720 cx

408 754 549 807 collo
582 754 940 822 pendentibus
965 755 1074 808 sint
1097 754 1564 824 distinguendi,et
1600 755 1650 807 in
1680 755 1989 821 paradisum
2030 753 2429 820 introducendi,
2489 764 2543 809 et
2570 757 2751 810 liberti
2829 756 3233 811 Muhammcdis
3268 759 3612 815 nominandi.
3650 762 3715 817 Et

408 862 479 902 ne
524 845 806 915 paradisus
835 847 1089 902 sordibus
1145 848 1458 917 impleatur,
1532 846 1837 902 Samaritas
1910 848 2109 904 asserit
2183 846 2255 902 ibi
2299 848 2592 918 sistendos,
2665 852 2756 922 qui
2823 851 2931 907 illis
2986 853 3235 907 serviant
3258 861 3313 908 et
3370 852 3713 912 indesinenti

408 934 593 993 labore
651 939 945 1009 purgandis
975 940 1235 995 sordibus
1265 948 1635 1009 occupentur.
3509 936 3527 941 -

475 1055 589 1109 Καὶ
648 1054 708 1107 ὲν
754 1054 832 1125 τῷ
884 1054 1071 1126 καιρῷ
1107 1055 1207 1125 τῆς
1262 1056 1506 1126 κρίσεως
1545 1056 1575 1108 6
1616 1054 1717 1125 μὲν
1752 1053 1995 1123 Μωῦσῆς

2176 1055 2269 1109 Die
2291 1066 2472 1111 autem
2494 1057 2682 1129 judicli
2719 1059 2949 1113 extremi
2980 1058 3271 1115 contendit
3333 1057 3711 1125 Muhammed.

408 1149 597 1219 μέλλει
649 1147 981 1213 κολάζεσθαι
1029 1148 1106 1212 ὡς
1150 1149 1487 1220 παραϐάτης
1534 1148 1724 1218 νόμου.
1760 1149 1871 1200 Καὶ
1919 1148 1998 1209 εἰς

2101 1146 2282 1202 Mosen
2332 1150 2509 1218 poenis
2567 1151 2859 1206 obnoxium
2922 1151 3276 1206 luturum.--..ut
3337 1162 3713 1220 transgresso-

405 1239 516 1309 πῦρ
566 1238 898 1309 βληθήσεται
942 1240 1049 1302 πᾶς
1093 1241 1121 1293 6
1171 1240 1302 1304 λαὸς
1343 1238 1454 1292 τῶν
1510 1238 1867 1307 Ἰσραηλιτῶν
1925 1236 1998 1299 ὡς

2104 1256 2215 1293 rem
2260 1240 2412 1309 legis,
2441 1241 2717 1297 lsraelitas
2789 1258 2919 1297 vero
2967 1244 3019 1297 in
3080 1242 3262 1312 ignem
3319 1245 3708 1310 detrudeudos,

403 1334 575 1388 πολλὰ
605 1334 835 1400 δοξάσας
866 1334 1066 1398 αὐτοὺς
1094 1336 1123 1387 6
1157 1335 1291 1398 Θεὸς
1312 1376 1326 1401 ,
1360 1335 1610 1388 κάκεῖνοι
1646 1332 1722 1403 μὴ
1747 1329 1998 1385 πεισθέν-

2105 1334 2249 1401 quod
2284 1333 2426 1388 Deus
2452 1336 2572 1391 illos
2607 1336 2774 1390 multa
2809 1336 3061 1391 docuerit
3085 1338 3285 1406 quibus
3320 1353 3444 1391 cum
3505 1339 3710 1393 fuerint

399 1444 525 1492 τες,
571 1429 927 1500 παραϐάντες
980 1430 1072 1485 τὸν
1124 1429 1294 1498 νόμον
1356 1426 1614 1497 μέλλουσι
1666 1425 1998 1495 κολασθῆναι

2108 1426 2367 1480 increduli
2402 1436 2456 1481 et
2480 1428 2813 1498 immorigeri
2839 1470 2854 1495 ,
2887 1429 3107 1484 aeternis
3152 1429 3438 1499 suppliciis
3476 1440 3530 1485 et
3580 1431 3707 1500 igne

400 1520 641 1585 αἱωνίως
666 1522 765 1578 καὶ¹
797 1523 878 1586 εἰς
905 1522 1016 1595 πῦρ
1048 1519 1392 1591 ἐμϐληθῆναι
1419 1521 1529 1583 πᾶς
1553 1521 1580 1572 6
1599 1518 1727 1582 λαὸς
1762 1515 1998 1587 Ἰσραήλ.

2107 1518 2542 1589 iuexstiuguibili
2580 1520 2814 1575 cruciari
2877 1520 3113 1575 debeant
3162 1536 3354 1576 omnes
3413 1520 3699 1577 lsraelitte.

401 1615 467 1669 Οἱ
500 1614 558 1668 δὲ
592 1615 915 1688 Χριστιανοὶ
965 1616 1059 1671 καὶ
1104 1615 1262 1668 αὐτοὶ
1321 1612 1545 1666 κολάσει
1598 1609 1998 1681 παραδοθήσον-

2111 1611 2457 1666 Christianos
2509 1622 2689 1667 autem
2738 1613 3062 1683 gravissima
3123 1614 3289 1668 etiam
3336 1628 3498 1683 poena
3562 1612 3703 1668 allii-

399 1725 512 1773 ται,
546 1707 623 1772 ὡς
649 1706 985 1772 καλέσαντες
1008 1707 1102 1761 τὸν
1127 1706 1368 1779 Χριστὸν
1390 1704 1525 1758 Θεὸν
1549 1701 1998 1775 σεσαρκωμένον¹

2104 1704 2330 1775 gendos,
2360 1705 2504 1775 quod
2530 1703 2810 1761 Christum
2849 1705 3171 1761 vocaverint
3208 1707 3376 1761 Deum
3442 1706 3705 1761 incarna-

400 1800 568 1854 αὑτὸν
616 1800 673 1853 δὲ
726 1800 1053 1871 ἀπεφήνατο
1104 1797 1384 1870 σωτηρίας
1434 1795 1756 1866 ἀξιωθῆναι,
1810 1793 1906 1847 καὶ
1956 1791 1998 1846 oi

2110 1806 2248 1851 tum.
2286 1796 2468 1867 Ipsum
2531 1812 2664 1851 vero
2720 1796 3000 1852 Christum
3052 1796 3288 1851 salutem
3343 1807 3703 1851 consecutum

410 1891 728 1964 ’Λγαρηνοί.
779 1864 1023 1947 Τοιαῦτα
1054 1891 1151 1945 τοῦ
1196 1864 1500 1960 Μαχούμετ
1543 1888 1614 1942 τὰ
1632 1864 1995 1958 διδάγματα,

2101 1864 2490 1958 asserit,quod
2554 1896 2609 1944 et
2648 1897 2873 1944 censent
2930 1890 3055 1958 ipsi;
3083 1888 3343 1957 Agareni.
3378 1886 3530 1942 Talia
3584 1888 3706 1943 fue-

395 1984 628 2040 τοιαῦτα
685 1983 852 2039 αὑτοῦ
914 1985 985 2039 τὰ
1046 1984 1385 2055 σοφίσματα.
1442 1980 1886 2051 Τελευτήσαντος
1938 1977 1997 2031 δὲ

397 2074 568 2131 αὑτοῦ
589 2116 605 2141 ,
651 2077 763 2140 πᾶς
796 2078 825 2129 6
868 2075 979 2129 τῶν
1025 2074 1350 2147 Ἀγαρηνῶν
1384 2072 1629 2144 συνήχθη
1666 2070 1835 2142 ἐσμὸς
1857 2111 1873 2137 ,
1906 2070 1998 2123 καὶ

398 2171 739 2242 βαρϐαρικὸν
770 2170 969 2243 θρῆνον
997 2169 1242 2233 ἅπαντες
1271 2171 1670 2240 πεποιήκεσαν,
1700 2165 1844 2219 οὕτω
1870 2163 1999 2218 τοῦ-

395 2281 489 2317 τον
532 2264 769 2335 λάρνακι
809 2264 1146 2336 μαρμαρινῳ
1190 2263 1524 2335 ποιήσαντες
1575 2258 1880 2329 ἐπέθηκαν.
1940 2257 1999 2312 '0

393 2349 493 2409 οῦν
522 2353 687 2424 νόμος
713 2353 825 2408 τῶν
862 2353 1226 2426 Ἰσμαηλιτῶν
1256 2356 1285 2409 6
1311 2352 1723 2425 ὀνομαζόμενος
1746 2350 1995 2424 Κορρὰν,

396 2449 427 2502 6
461 2448 559 2503 καὶ
621 2446 775 2518 παρὰ
810 2446 904 2501 τοῦ
946 2447 1251 2518 Μαχούμετ
1294 2447 1473 2511 δοθεὶς
1528 2447 1630 2502 οὐκ
1664 2445 1829 2516 ἐτέθη
1864 2445 1997 2517 παρ’

394 2539 564 2599 αὑτοῦ
596 2540 692 2593 καὶ
725 2540 914 2610 μόνου,
953 2540 1091 2593 ἀλλὰ
1124 2541 1222 2593 καὶ
1257 2539 1391 2610 παρ’
1420 2538 1629 2607 ἐτέρων
1661 2536 1826 2591 τινῶν
1846 2576 1861 2602 ,
1892 2536 1997 2591 τοῦ

395 2630 651 2703 γαμϐροῦ
684 2631 853 2685 αὐτοῦ
893 2631 1046 2701 Ἀλῆ,
1088 2632 1187 2685 καὶ
1236 2630 1416 2686 ἄλλων
1456 2629 1636 2695 ἑπτά,
1679 2628 1775 2683 τοῦ
1804 2627 1996 2696 Ναφὲ,

410 2723 568 2789 Ἐδν,
612 2724 811 2795 Ὀμὰρ,
863 2722 1159 2795 Ἐλρεσὰρ,
1219 2723 1411 2793 Ἀσὴρ,
1468 2718 1587 2774 υἱοῦ
1633 2718 1730 2773 τοῦ
1786 2719 1994 2790 Χετὴρ,

394 2818 492 2871 καὶ
536 2815 654 2871 υἱοῦ
688 2815 786 2869 τοῦ
831 2816 1025 2888 Ἀμέρ.
1058 2814 1355 2870 Λαϐόντων
1387 2813 1572 2867 τοίνυν
1596 2812 1709 2867 τῶν
1747 2811 1847 2884 μὲν
1880 2812 1999 2865 τοῦς

396 2926 511 2974 τον,
540 2908 650 2961 τῶν
687 2908 746 2962 δὲ
789 2911 1021 2971 ἐκεῖνον,
1062 2908 1156 2962 καὶ
1192 2904 1541 2978 βουλομένων
1583 2904 1837 2959 ἑκάστων
1868 2903 2000 2972 στῆ-

397 3018 491 3055 σαι
523 3003 616 3054 τδν
652 2999 808 3065 ἴδιον,
857 3000 997 3070 μετὰ
1043 2999 1276 3053 θάνατον
1318 2995 1415 3050 τοῦ
1460 3012 1524 3049 τε
1570 2993 1701 3065 ’Λλῆ
1776 2993 1871 3049 καὶ
1900 2993 1996 3047 τοῦ

395 3092 687 3164 Μωάμεθ,
727 3093 971 3159 στάσεις,
1021 3092 1117 3146 καὶ
1170 3089 1536 3160 φιλονεικίαι,
1578 3088 1677 3141 καὶ
1728 3087 1994 3158 πόλεμοι,

396 3188 491 3241 καὶ
520 3187 708 3258 χύσεις
740 3188 994 3258 αἱμάτων
1031 3186 1200 3257 μέσον
1232 3184 1343 3238 τῶν
1370 3182 1635 3253 διαδόχων
1658 3180 1839 3236 αὐτῶν
1869 3183 1999 3251 ὲμε-
2026 3213 2070 3273 C

399 3280 728 3352 σολάϐησαν.
774 3280 935 3335 Ἀλλὰ
964 3281 1065 3349 τὴν
1092 3280 1333 3350 σήμερον
1359 3279 1409 3331 oi
1445 3277 1543 3347 μὲν
1567 3275 1707 3345 πρὸς
1730 3274 1998 3346 ἀλλήλους

397 3373 630 3446 πόλεμοι
688 3372 972 3437 ἔπαυσαν,
1032 3372 1065 3442 ή
1125 3371 1183 3424 δὲ
1221 3371 1542 3436 διάστασις,
1582 3367 1677 3421 καὶ
1728 3368 1998 3439 διαίρεσις

396 3467 791 3538 ἐπεκράτησε,
848 3465 950 3521 καὶ
1004 3465 1254 3535 δέχονται
1317 3466 1367 3518 οἱ
1426 3464 1525 3534 μὲν
1578 3462 1729 3516 τόνδε
1754 3496 1795 3525 ,.
1841 3464 1892 3516 οἱ
1939 3463 1996 3516 δὲ

394 3557 576 3612 τόνδε.

468 3736 565 3800 Εἰς
593 3734 656 3789 τὸ
685 3733 1072 3800 ἑξακοσιοστὸν
1102 3740 1192 3800 κς¹
1221 3732 1341 3799 ἔτος
1372 3734 1482 3789 ἀπὺ
1514 3735 1616 3805 τῆς
1654 3736 1749 3790 τοῦ
1782 3736 1993 3807 Κυρίου

397 3828 735 3900 σαρκώσεως
774 3827 953 3899 ἐφάνη
980 3828 1009 3881 6
1044 3827 1295 3898 Μωάμεθ
1329 3828 1811 3900 πεντεκαιδεκάτῳ
1840 3830 1995 3899 βασι-

392 3921 646 3985 λεύοντος
699 3921 1021 3993 Ἡρακλείου
1043 3961 1057 3987 ,
1090 3922 1185 3974 ἐπὶ
1211 3920 1309 3975 τοῦ
1342 3921 1611 3992 Χοσρόου,
1654 3923 1745 3976 ὅτε
1779 3923 1992 3996 ἡττήθη

395 4014 503 4069 ὑπὸ
547 4013 893 4086 Ἡρακλείου.
925 4011 1346 4086 Προσεκολλήθη
1379 4012 1438 4065 δὲ
1468 4013 1547 4085 τῷ
1572 4015 1875 4086 Μαχούμετ
1907 4034 1993 4082 τις

407 4106 733 4177 Ἰακωϐίτης
792 4106 1019 4177 ὀνόματι
1089 4108 1332 4180 Βαειρά,
1387 4108 1511 4160 ἐπεὶ⁸
1553 4107 1721 4171 αὐτὸς
1773 4108 1993 4179 ἰδιώτης

391 4194 485 4272 ἦν,
520 4199 616 4253 καὶ
658 4200 1027 4271 ἀγράμματος
1048 4217 1060 4233 ·
1108 4200 1339 4273 ὕστερον
1364 4201 1423 4255 δὲ
1465 4201 1795 4257 ἀπέκτεινεν
1829 4204 1994 4259 αὑτὸν

391 4294 754 4366 ὁΜαχούμετ
789 4295 884 4349 τὸν
950 4294 1295 4368 Ἰακωϐίτην.
1362 4295 1527 4350 Ἀλλὰ
1586 4296 1681 4350 καλ⁴
1743 4297 1992 4351 Ἰουδαῖοί

392 4403 563 4451 τινες,
594 4386 801 4450 Φινεὲς,
827 4387 919 4439 καὶ
949 4386 1121 4440 Αὺδιὰ
1147 4386 1376 4457 ὀνόματι
1408 4386 1617 4451 Σαλὼν,
1648 4388 1789 4457 μετὰ
1816 4389 1991 4443 ταῦτα

392 4472 452 4535 δὲ
482 4472 733 4525 Αὐδαλλὰ
766 4473 1083 4544 εἰρημένος,
1128 4475 1228 4529 καὶ
1259 4476 1433 4545 Σελὲμ
1453 4516 1469 4541 ,
1509 4476 1559 4530 οἳ
1592 4477 1689 4529 καὶ
1728 4480 1990 4548 γεγόνασι

2098 1992 2229 2049 runt
2256 1983 2532 2051 dogmata,
2557 1981 2877 2049 imposturze
2909 1990 2963 2033 et
2989 1979 3337 2049 s0phismata
3358 1979 3702 2035 bluhamme-

2100 2076 2308 2145 dis,qui
2334 2091 2455 2131 cum
2482 2075 2696 2130 tandem
2728 2075 2843 2130 fato
2875 2076 3157 2139 cessisset,
3180 2084 3235 2129 et
3262 2083 3509 2129 mortuus
3535 2082 3702 2138 esset,

2099 2170 2635 2238 omnibusAgarenis
2677 2180 2936 2237 tanquam
2967 2168 3293 2239 agminibus
3353 2167 3513 2221 iactis
3563 2182 3701 2221 con-

2100 2259 2448 2315 currentibus
2471 2266 2527 2312 et
2547 2257 2975 2321 conﬂuentibus,
3012 2257 3247 2312 barbaro
3314 2257 3462 2310 luctu
3509 2265 3564 2310 et
3621 2254 3709 2309 l'u—

2100 2366 2233 2406 nere
2285 2352 2437 2405 illum
2488 2359 2618 2405 sunt
2680 2350 2979 2420 prosecuti,
3037 2349 3299 2419 illumque
3354 2347 3607 2418 sepulcro
3657 2357 3715 2404 et

2102 2461 2244 2500 arca:
2281 2460 2607 2500 marmorea:
2632 2444 2947 2499 condidere.
2992 2440 3106 2497 Lex
3135 2457 3269 2512 ergo
3294 2440 3701 2496 lsmaelitarum

2101 2554 2223 2609 quae
2249 2550 2476 2593 vocatur
2500 2538 2749 2593 Coranus
2780 2549 2835 2591 et
2862 2552 2984 2606 qua:
3011 2554 3040 2590 a
3066 2535 3449 2590 Muhammede
3506 2536 3705 2589 tradita

2101 2634 2331 2696 dicitur,
2364 2648 2469 2687 non
2521 2632 2588 2685 ab
2649 2630 2742 2686 illo
2769 2629 2883 2686 solo
2913 2629 3012 2684 fuit
3041 2630 3287 2699 exposita
3340 2635 3395 2682 et
3421 2639 3705 2695 enarrata,

2100 2727 2194 2780 sed
2232 2742 2260 2778 a
2295 2724 2621 2795 quibusdam
2657 2724 2802 2786 aliis,
2838 2721 3098 2777 nimirum
3157 2721 3240 2775 Ali
3306 2719 3709 2775 Multammedis

2101 2831 2301 2886 genero
2332 2825 2385 2870 et
2407 2831 2435 2869 a
2467 2826 2675 2885 septem
2703 2814 2846 2878 aliis,
2880 2828 3073 2883 nempe
3097 2829 3125 2866 a
3146 2810 3354 2879 Naphe,
3377 2810 3446 2866 ab
3475 2811 3612 2876 Eon,
3637 2812 3705 2865 ab

2103 2914 2291 2976 Omar,
2325 2912 2392 2966 ab
2420 2909 2661 2973 Elresar,
2682 2910 2749 2963 ab
2776 2908 2935 2972 Aser,
2975 2922 3002 2959 a
3065 2907 3175 2960 ﬁlio
3197 2906 3418 2971 Cheter,
3450 2912 3504 2959 et
3534 2924 3559 2956 a
3601 2903 3710 2958 tilio

2100 3001 2285 3055 Amer.
2305 3000 2410 3055 Alii
2430 3014 2560 3055 vero
2590 2999 2737 3065 huic,
2762 2999 2850 3051 alii
2880 3013 3007 3051 vero
3027 2996 3183 3049 alteri
3218 2996 3503 3049 adhaerere
3522 2994 3709 3048 volen-

2105 3096 2274 3155 tibus.
2303 3102 2357 3149 et
2389 3100 2511 3161 post
2537 3100 2765 3145 mortem
2802 3089 2884 3143 Ali
2914 3100 2968 3144 et
2997 3087 3420 3152 Muhammedis,
3470 3085 3703 3157 singulis

2103 3203 2258 3240 suum
2279 3186 2553 3257 proprium
2575 3185 2853 3240 doctorem
2878 3197 3199 3252 promovere
3223 3181 3703 3241 contendentibus.

2105 3280 2428 3343 seditiones,
2467 3279 2706 3343 invidice,
2747 3279 2903 3339 rixae,
2943 3276 3085 3331 bella
3104 3275 3491 3330 cruentissima
3519 3284 3708 3329 exorta

2101 3381 2233 3427 sunt
2263 3373 2407 3426 inter
2428 3384 2800 3425 successores.
2834 3369 2945 3421 lloe
2976 3368 3198 3437 quidem
3245 3378 3490 3434 tempore
3549 3365 3694 3419 bella

2102 3471 2410 3526 cessarunt,
2444 3462 2538 3517 sed
2569 3477 2785 3529 semper
2816 3470 3135 3529 grassantur
3163 3459 3468 3514 divisiones
3499 3466 3553 3512 et
3580 3459 3697 3512 dis-

2101 3559 2320 3621 sidia,et
2349 3555 2441 3610 alii
2466 3556 2634 3620 hunc,
2673 3556 2764 3609 alii
2803 3554 3035 3607 alterum
3068 3552 3421 3622 pertinaciter
3456 3567 3703 3619 sequun-

2104 3661 2210 3704 tur.

2169 3742 2327 3795 Anno
2385 3740 2785 3795 sexcentesimo
2822 3738 3079 3791 vicesimo
3113 3746 3267 3791 sexto
3303 3735 3701 3791 lncarnationis

2098 3843 2251 3886 ortus
2271 3843 2355 3886 est
2370 3831 2736 3891 illubammed,
2758 3831 2970 3884 decimo
2986 3828 3177 3897 quinto
3196 3844 3339 3880 anno
3357 3828 3705 3894 imperatoris

2100 3923 2369 3989 Heraclii,
2401 3924 2504 3977 sub
2526 3922 2805 3987 Chosroe,
2835 3938 2956 3976 curn
2978 3921 3067 3975 hic
3093 3922 3160 3973 ab
3180 3918 3432 3973 Heraclio
3452 3921 3593 3975 bello
3613 3922 3707 3991 vi—_

2098 4024 2215 4069 ctus
2236 4024 2290 4069 et
2327 4026 2615 4085 superatus
2648 4012 2769 4067 fuit.
2798 4012 3019 4067 Sor-ium
3049 4024 3230 4066 autem
3263 4029 3321 4066 se
3338 3997 3710 4065 Mnhammedl

2089 4107 2271 4177 junxit
2307 4108 2606 4161 inonachns
2638 4106 2855 4175 quidam
2884 4103 3156 4166 Jacobita,
3190 4106 3276 4158 cui
3304 4103 3475 4157 Bairae
3503 4120 3701 4158 nomen

2096 4209 2236 4263 erat,
2268 4200 2392 4268 quia
2423 4199 2510 4253 ille
2534 4198 2701 4253 idiota
2727 4208 2926 4252 eratet
2958 4198 3264 4278 litterarum
3325 4197 3487 4265 plane
3526 4197 3701 4251 rudis.

2095 4294 2228 4347 Cum
2246 4307 2375 4345 vero
2390 4292 2479 4347 diu
2507 4292 2647 4345 inter
2663 4306 2723 4346 se
2748 4291 2953 4344 mutuis
2971 4289 3163 4345 olliciis
3183 4289 3481 4343 amicitiam
3508 4291 3706 4344 coluis-

2095 4394 2238 4447 sent,
2271 4384 2485 4436 tandem
2510 4382 2657 4435 illmu
2700 4381 2983 4435 interemit
3013 4382 3444 4434 Mnbammcdes.
3479 4382 3584 4434 Sed
3642 4393 3697 4436 et

2093 4475 2264 4531 ,ιιι-ςεεί
2300 4476 2521 4544 quidam
2567 4485 2624 4528 ut
2650 4474 2887 4528 Phinees
2938 4485 2991 4526 et
3020 4474 3195 4527 Andia
3244 4474 3335 4541 qui
3404 4474 3704 4529 vocabatur

396 4564 766 4636 Σαρρακηνοί.
798 4565 907 4619 Καί
938 4584 1087 4630 τινες
1115 4567 1475 4639 Νεστοριανοὶ
1517 4568 1760 4639 μάλιστα
1799 4587 1994 4625 κοινω-

2103 4570 2288 4632 Salon,
2347 4568 2526 4623 socias
2601 4582 2798 4621 manus
2882 4564 3259 4621 Mnhauunedi
3327 4565 3699 4620 tradidrrnnt.

394 4660 548 4714 νοῦσι
601 4660 982 4732 Σαρῤακηνοῖς
1025 4660 1279 4730 λέγοντες
1342 4662 1419 4732 μὴ
1472 4661 1607 4716 Θεὸν
1655 4664 1990 4735 γεγενῆσθαι

2100 4665 2211 4717 )‹)5ι
2238 4661 2356 4715 illos
2382 4669 2586 4723 autem,
2624 4659 2851 4713 Abtlulla
2880 4669 2933 4711 et
2972 4657 3155 4711 Salem
3217 4668 3381 4727 gente
3432 4658 3697 4712 Saraceni

393 4754 460 4806 ὲκ
490 4752 589 4823 τῆς
629 4753 847 4823 Μαρίας
880 4753 1199 4823 Παρθένου,
1231 4753 1352 4807 ἀλλ’
1384 4753 1551 4807 αὑτὸν
1597 4754 1806 4827 Ἰησοῦν
1852 4756 1989 4829 Χρι-

2107 4756 2228 4809 llius
2259 4764 2442 4825 partes
2479 4754 2652 4808 secuti
2707 4762 2855 4807 sunt.
2890 4750 2955 4804 Et
2983 4753 3214 4821 quidem
3285 4751 3450 4805 etiam
3494 4752 3699 4805 Nesto-

395 4846 545 4899 στόν.
601 4846 712 4900 Καὶ
751 4846 874 4899 τότε
910 4846 1209 4919 συνέθηκεν
1260 4848 1289 4900 ὁ
1342 4846 1593 4918 Μωάμεθ
1643 4848 1768 4901 τινὰ
1819 4850 1988 4918 νόμου

2100 4846 2341 4916 rianiqni
2375 4860 2562 4901 revera
2624 4862 2749 4898 cum
2793 4844 3088 4899 Saracenis
3139 4844 3367 4913 gemina
3428 4843 3699 4926 sentiunt,

393 4938 585 5009 τρόπῳ
611 4938 701 4992 διὰ
745 4938 853 4992 τῶν
886 4940 1091 5011 ἑτέρων
1125 4938 1421 5010 λαμϐάνων
1451 4940 1573 4994 τινὰ
1622 4941 1722 5010 μὲν
1782 4943 1848 4996 ἐκ
1890 4943 1992 5013 τῆς

2100 4953 2393 4997 asserentes
2428 4944 2592 4997 Deum
2625 4958 2729 4996 non
2757 4951 2942 4995 natum
2992 4956 3054 4995 ex
3093 4938 3313 5010 Virgine
3361 4939 3528 4993 Maria
3553 4982 3566 5001 .
3605 4944 3701 4995 sed

394 5030 659 5096 Παλαιᾶς,
688 5034 811 5087 τινὰ
850 5033 908 5087 δὲ
933 5035 998 5087 ὲκ
1020 5031 1123 5103 τῆς
1156 5033 1367 5103 Καινῆς
1410 5033 1712 5103 Διαθήκης.
1767 5034 1841 5088 Οὐ
1884 5035 1991 5104 μὴν

2100 5044 2303 5090 tantum
2331 5035 2514 5091 Jesum
2577 5035 2873 5087 Christum.
2907 5034 2971 5087 Et
3032 5042 3160 5087 tunc
3210 5034 3527 5102 composuit
3584 5032 3703 5087 Mu-

392 5125 517 5183 τὸτε
552 5126 582 5177 6
625 5124 754 5190 λαὸς
788 5125 967 5197 εἴχετο
1024 5125 1394 5196 Ἀλκοράνου,
1429 5127 1457 5178 6
1485 5125 1542 5178 δὲ
1589 5124 1750 5196 Ἀλῆς
1779 5121 1848 5196 ἦν
1876 5128 1992 5187 υἱὸς

2102 5130 2350 5183 hammed
2379 5129 2614 5199 aliquam
2648 5130 2781 5195 legis
2828 5130 3057 5182 formam
3097 5136 3151 5179 et
3206 5128 3504 5192 ratiOnem,
3558 5143 3703 5196 qua:-

393 5216 491 5272 τοῦ
534 5216 842 5290 Ἀϐιτελὲμ.

2100 5224 2222 5274 dam
2255 5238 2317 5275 ex
2350 5221 2473 5275 aliis
2500 5221 2802 5288 decerpens
2833 5222 2963 5274 etin
3014 5235 3183 5273 unum
3242 5219 3525 5289 colligens.
3560 5218 3695 5274 Nam

396 5326 588 5368 revera
634 5313 882 5382 quaadam
938 5313 1213 5385 congessit
1247 5329 1313 5368 ex
1374 5311 1553 5368 Veteri
1600 5311 1978 5381 Testamento,
2020 5316 2269 5384 qttaulam
2341 5328 2521 5371 antem
2557 5331 2623 5369 ex
2656 5314 2827 5369 Novo.
2893 5313 3048 5369 Tunc
3117 5328 3247 5368 vero
3301 5314 3531 5383 populus
3566 5330 3701 5366 non-

396 5406 525 5460 dum
554 5404 791 5463 habebat
838 5406 1190 5474 Alcoranum,
1224 5410 1319 5464 sed
1348 5407 1497 5463 illum
1534 5414 1723 5480 postea
1797 5411 1990 5467 habuit
2029 5412 2097 5466 ab
2136 5411 2219 5466 Ali
2255 5413 2347 5482 qui
2401 5411 2500 5465 fuit
2529 5412 2674 5465 lilius
2694 5411 2992 5467 Abitelem.

2110 5544 2350 5599 Nomina
2441 5546 2704 5601 mensium
2750 5545 2915 5609 Iunce,
2977 5544 3121 5612 apud
3170 5540 3467 5614 Agarenos.
3522 5542 3701 5604 Maius

398 5541 605 5613 Μῆνες
665 5542 778 5615 τῆς
840 5543 1152 5612 σελήνης,
1212 5544 1375 5617 παρὰ
1434 5544 1563 5613 τοῖς
1629 5545 1993 5617 Ἀγαρηνοῖς.

2643 5616 2970 5686 principium
2997 5615 3144 5671 anui.

992 5620 1177 5682 Mal'ot';
1217 5614 1399 5685 ἀρχή.

470 5768 711 5835 Σαϐάλα,
748 5770 1034 5835 Σιλκαντὲ,
1082 5770 1352 5840 Σιλχιτζὲ,
1409 5772 1729 5845 Μουχερὲμ,
1794 5773 1994 5844 Σεφὲρ,

414 5862 857 5934 Ῥεμϐιουλέϐελ,
902 5863 1343 5934 Ῥεμϐιουλαχὶλ,
1390 5865 1681 5932 Τζουμαζὶ
1733 5866 1994 5935 Ἐλεϐὲλ,

398 5954 682 6029 Τζουμαξὶ
748 5956 971 6029 Ἐλάχὶρ
988 6000 1000 6023 ,
1058 5955 1319 6024 Ῥετζὲτε,

2177 5779 2396 5842 Sabala,
2455 5779 2716 5845 Silcante,
2772 5778 3051 5843 Silchitse,
3089 5777 3425 5845 Mucbemm,
3461 5782 3695 5849 Sepher,

2111 5873 2535 5937 lii-tubionlvbel,
2594 5872 3051 5932 Rembioulachil,
3106 5871 3400 5927 Tanutnazi
3476 5875 3681 5939 I‘Ilebel,

1370 5959 1637 6029 Σαμαίαν,
1691 5959 1993 6030 Ῥάμαζαν.

2110 5963 2395 6019 Tsoumazi
2425 5964 2652 6028 Elaclnl,
2683 5962 2906 6032 lietsep,
2928 5964 3188 6033 Sampan,
3230 5962 3305 6017 lla
3334 5982 3506 6018 uztzrtu
3528 6005 3541 6017 .
