  <div class='ocr_page' id='page_1' title='image "/cluster/home/n/w/nwhite01/storage/ocr_20150623/104 pt.4/mdp.39015061931229/014.png"; bbox 0 0 3966 6240; ppageno 0'>
   <div class='ocr_carea' id='block_1_1' title="bbox 252 288 3521 378">
    <p class='ocr_par' dir='ltr' id='par_1_1' title="bbox 260 303 2378 333">
     <span class='ocr_line' id='line_1_1' title="bbox 260 303 2378 333; baseline -0.009 -1"><span class='ocrx_word' id='word_1_1' title='bbox 260 311 1432 333; x_wconf 51' lang='lat' dir='ltr'><strong>M—Mm</strong></span> <span class='ocrx_word' id='word_1_2' title='bbox 1759 310 1793 317; x_wconf 67' lang='grc' dir='ltr'><strong>σο</strong></span> <span class='ocrx_word' id='word_1_3' title='bbox 1826 303 2378 316; x_wconf 53' lang='grc' dir='ltr'><strong>--η--αηο-ο--νοσ--υι--υι-ι-ν-η</strong></span> 
     </span>
    </p>
   </div>
   <div class='ocr_carea' id='block_1_2' title="bbox 1760 344 2397 357">
    <p class='ocr_par' dir='ltr' id='par_1_2' title="bbox 1760 344 2397 357">
     <span class='ocr_line' id='line_1_2' title="bbox 1760 344 2397 357; baseline -0.008 0"><span class='ocrx_word' id='word_1_4' title='bbox 1760 344 2397 357; x_wconf 46' lang='grc' dir='ltr'><strong>Ψ--Μ--ι-..ο-</strong></span> 
     </span>
    </p>
   </div>
   <div class='ocr_carea' id='block_1_3' title="bbox 1465 543 2304 701">
    <p class='ocr_par' dir='ltr' id='par_1_3' title="bbox 1465 543 2304 701">
     <span class='ocr_line' id='line_1_3' title="bbox 1465 543 2304 701; baseline -0.01 1"><span class='ocrx_word' id='word_1_5' title='bbox 1465 543 2304 701; x_wconf 88' lang='lat' dir='ltr'><strong>PHOTII</strong></span> 
     </span>
    </p>
   </div>
   <div class='ocr_carea' id='block_1_4' title="bbox 526 927 3250 1073">
    <p class='ocr_par' dir='ltr' id='par_1_4' title="bbox 526 927 3250 1073">
     <span class='ocr_line' id='line_1_4' title="bbox 526 927 3250 1073; baseline -0.008 0"><span class='ocrx_word' id='word_1_6' title='bbox 526 943 1627 1073; x_wconf 77' lang='lat' dir='ltr'><strong>MYRIOBIBLON</strong></span> <span class='ocrx_word' id='word_1_7' title='bbox 1709 936 2073 1069; x_wconf 89' lang='lat' dir='ltr'><strong>SIVE</strong></span> <span class='ocrx_word' id='word_1_8' title='bbox 2135 927 3250 1059; x_wconf 85' lang='lat' dir='ltr'><strong>BIBLIOTHECA.</strong></span> 
     </span>
    </p>
   </div>
   <div class='ocr_carea' id='block_1_5' title="bbox 1580 1262 2201 1343">
    <p class='ocr_par' dir='ltr' id='par_1_5' title="bbox 1580 1262 2201 1343">
     <span class='ocr_line' id='line_1_5' title="bbox 1580 1262 2201 1343; baseline -0.011 -13"><span class='ocrx_word' id='word_1_9' title='bbox 1580 1262 2201 1343; x_wconf 77' lang='lat' dir='ltr'><strong>(CONTINUATIO.)</strong></span> 
     </span>
    </p>
   </div>
   <div class='ocr_carea' id='block_1_6' title="bbox 992 1666 1116 1720">
    <p class='ocr_par' dir='ltr' id='par_1_6' title="bbox 992 1666 1116 1720">
     <span class='ocr_line' id='line_1_6' title="bbox 992 1666 1116 1720; baseline 0.008 -1"><span class='ocrx_word' id='word_1_10' title='bbox 992 1666 1116 1720; x_wconf 71' lang='lat' dir='ltr'><strong>EN’.</strong></span> 
     </span>
    </p>
   </div>
   <div class='ocr_carea' id='block_1_7' title="bbox 744 1759 1389 1828">
    <p class='ocr_par' dir='ltr' id='par_1_7' title="bbox 744 1759 1389 1828">
     <span class='ocr_line' id='line_1_7' title="bbox 744 1759 1389 1828; baseline -0.006 -14"><span class='ocrx_word' id='word_1_11' title='bbox 744 1760 801 1814; x_wconf 81' lang='grc' dir='ltr'><strong>Ἀ</strong></span> <span class='ocrx_word' id='word_1_12' title='bbox 811 1759 1172 1828; x_wconf 56' lang='lat' dir='ltr'><strong>ratium/60v</strong></span> <span class='ocrx_word' id='word_1_13' title='bbox 1202 1759 1389 1826; x_wconf 70' lang='grc' dir='ltr'>λόγοι.</span> 
     </span>
    </p>
   </div>
   <div class='ocr_carea' id='block_1_8' title="bbox 348 1847 1856 1923">
    <p class='ocr_par' dir='ltr' id='par_1_8' title="bbox 348 1847 1856 1923">
     <span class='ocr_line' id='line_1_8' title="bbox 348 1847 1856 1923; baseline -0.007 -14"><span class='ocrx_word' id='word_1_14' title='bbox 348 1852 800 1923; x_wconf 74' lang='grc' dir='ltr'>’Ᾱνεγνώσθησαν</span> <span class='ocrx_word' id='word_1_15' title='bbox 832 1853 844 1881; x_wconf 83' lang='grc'>¹</span> <span class='ocrx_word' id='word_1_16' title='bbox 866 1850 1261 1920; x_wconf 76' lang='grc' dir='ltr'>Ἀγαθαρχίδου</span> <span class='ocrx_word' id='word_1_17' title='bbox 1287 1850 1433 1917; x_wconf 86' lang='grc' dir='ltr'>λόγοι</span> <span class='ocrx_word' id='word_1_18' title='bbox 1460 1847 1607 1912; x_wconf 86' lang='grc' dir='ltr'>δύο,ὀ</span> <span class='ocrx_word' id='word_1_19' title='bbox 1634 1847 1856 1919; x_wconf 83' lang='grc' dir='ltr'>πρῶτος</span> 
     </span>
    </p>
   </div>
   <div class='ocr_carea' id='block_1_9' title="bbox 268 1938 1856 2014">
    <p class='ocr_par' dir='ltr' id='par_1_9' title="bbox 268 1938 1856 2014">
     <span class='ocr_line' id='line_1_9' title="bbox 268 1938 1856 2014; baseline -0.006 -14"><span class='ocrx_word' id='word_1_20' title='bbox 268 1948 362 2000; x_wconf 77' lang='grc' dir='ltr'>καὶ</span> <span class='ocrx_word' id='word_1_21' title='bbox 380 1948 408 1997; x_wconf 98' lang='lat'><strong>6</strong></span> <span class='ocrx_word' id='word_1_22' title='bbox 426 1946 702 2014; x_wconf 80' lang='grc' dir='ltr'>πέμπτος,</span> <span class='ocrx_word' id='word_1_23' title='bbox 728 1943 856 2011; x_wconf 69' lang='grc' dir='ltr'>περὶ</span> <span class='ocrx_word' id='word_1_24' title='bbox 884 1941 984 2011; x_wconf 81' lang='grc' dir='ltr'>τῆς</span> <span class='ocrx_word' id='word_1_25' title='bbox 1002 1940 1269 2011; x_wconf 80' lang='grc' dir='ltr'>Ἐρυθρᾶς</span> <span class='ocrx_word' id='word_1_26' title='bbox 1304 1939 1579 2010; x_wconf 81' lang='grc' dir='ltr'>θαλάσσης</span> <span class='ocrx_word' id='word_1_27' title='bbox 1608 1940 1703 1992; x_wconf 75' lang='grc' dir='ltr'>καὶ</span> <span class='ocrx_word' id='word_1_28' title='bbox 1736 1938 1856 1991; x_wconf 59' lang='lat' dir='ltr'><strong>tct-</strong></span> 
     </span>
    </p>
   </div>
   <div class='ocr_carea' id='block_1_10' title="bbox 272 2031 1857 2114">
    <p class='ocr_par' dir='ltr' id='par_1_10' title="bbox 272 2031 1857 2114">
     <span class='ocr_line' id='line_1_10' title="bbox 272 2031 1857 2114; baseline -0.006 -20"><span class='ocrx_word' id='word_1_29' title='bbox 272 2059 375 2114; x_wconf 81' lang='grc' dir='ltr'><strong>ρων</strong></span> <span class='ocrx_word' id='word_1_30' title='bbox 419 2036 740 2108; x_wconf 74' lang='grc' dir='ltr'><strong>παραδόξων</strong></span> <span class='ocrx_word' id='word_1_31' title='bbox 762 2034 937 2105; x_wconf 72' lang='grc' dir='ltr'>ἔργων</span> <span class='ocrx_word' id='word_1_32' title='bbox 960 2036 1017 2086; x_wconf 83' lang='grc' dir='ltr'>ὲν</span> <span class='ocrx_word' id='word_1_33' title='bbox 1038 2033 1315 2102; x_wconf 79' lang='grc' dir='ltr'><strong>κεφαλαίῳ</strong></span> <span class='ocrx_word' id='word_1_34' title='bbox 1331 2031 1788 2102; x_wconf 82' lang='grc' dir='ltr'>διαλαμϐάνοντες</span> <span class='ocrx_word' id='word_1_35' title='bbox 1813 2031 1857 2085; x_wconf 85' lang='grc'><strong>⁹.</strong></span> 
     </span>
    </p>
   </div>
   <div class='ocr_carea' id='block_1_11' title="bbox 409 2143 1754 2215">
    <p class='ocr_par' dir='ltr' id='par_1_11' title="bbox 409 2143 1754 2215">
     <span class='ocr_line' id='line_1_11' title="bbox 409 2143 1754 2215; baseline -0.003 -12"><span class='ocrx_word' id='word_1_36' title='bbox 409 2151 505 2203; x_wconf 79' lang='grc' dir='ltr'>Ἐκ</span> <span class='ocrx_word' id='word_1_37' title='bbox 542 2147 654 2202; x_wconf 82' lang='grc' dir='ltr'>τοῦ</span> <span class='ocrx_word' id='word_1_38' title='bbox 690 2147 741 2200; x_wconf 84' lang='grc' dir='ltr'>α’</span> <span class='ocrx_word' id='word_1_39' title='bbox 769 2146 957 2215; x_wconf 73' lang='grc' dir='ltr'>λόγου</span> <span class='ocrx_word' id='word_1_40' title='bbox 981 2146 1089 2199; x_wconf 86' lang='grc' dir='ltr'>τοῦ</span> <span class='ocrx_word' id='word_1_41' title='bbox 1119 2143 1253 2213; x_wconf 75' lang='grc' dir='ltr'>περὶ</span> <span class='ocrx_word' id='word_1_42' title='bbox 1272 2145 1292 2176; x_wconf 82' lang='grc'>⁸</span> <span class='ocrx_word' id='word_1_43' title='bbox 1325 2143 1439 2212; x_wconf 82' lang='grc' dir='ltr'>τῆς</span> <span class='ocrx_word' id='word_1_44' title='bbox 1467 2143 1754 2212; x_wconf 81' lang='grc' dir='ltr'>Ἐρυθρᾶς</span> 
     </span>
    </p>
   </div>
   <div class='ocr_carea' id='block_1_12' title="bbox 896 2216 1241 2283">
    <p class='ocr_par' dir='ltr' id='par_1_12' title="bbox 896 2216 1241 2283">
     <span class='ocr_line' id='line_1_12' title="bbox 896 2216 1241 2283; baseline -0.009 -12"><span class='ocrx_word' id='word_1_45' title='bbox 896 2216 1241 2283; x_wconf 74' lang='grc' dir='ltr'><strong>θαλάσσης.</strong></span> 
     </span>
    </p>
   </div>
   <div class='ocr_carea' id='block_1_13' title="bbox 348 2308 1865 2380">
    <p class='ocr_par' dir='ltr' id='par_1_13' title="bbox 348 2308 1865 2380">
     <span class='ocr_line' id='line_1_13' title="bbox 348 2308 1865 2380; baseline -0.003 -15"><span class='ocrx_word' id='word_1_46' title='bbox 348 2314 461 2365; x_wconf 80' lang='grc' dir='ltr'>Ὀτι</span> <span class='ocrx_word' id='word_1_47' title='bbox 505 2310 843 2380; x_wconf 79' lang='grc' dir='ltr'>Πτολεμαῖόν</span> <span class='ocrx_word' id='word_1_48' title='bbox 868 2326 1002 2379; x_wconf 86' lang='grc' dir='ltr'>φησι</span> <span class='ocrx_word' id='word_1_49' title='bbox 1032 2310 1125 2362; x_wconf 82' lang='grc' dir='ltr'>τὸν</span> <span class='ocrx_word' id='word_1_50' title='bbox 1160 2309 1299 2380; x_wconf 74' lang='grc' dir='ltr'>μετᾲ</span> <span class='ocrx_word' id='word_1_51' title='bbox 1324 2309 1415 2363; x_wconf 81' lang='grc' dir='ltr'>τὸν</span> <span class='ocrx_word' id='word_1_52' title='bbox 1450 2310 1633 2377; x_wconf 84' lang='grc' dir='ltr'>Λάγου</span> <span class='ocrx_word' id='word_1_53' title='bbox 1667 2310 1684 2339; x_wconf 68' lang='grc'><strong><em>⁵</em></strong></span> <span class='ocrx_word' id='word_1_54' title='bbox 1714 2308 1865 2379; x_wconf 83' lang='grc' dir='ltr'>πρῶ-</span> 
     </span>
    </p>
   </div>
   <div class='ocr_carea' id='block_1_14' title="bbox 276 2398 1864 2473">
    <p class='ocr_par' dir='ltr' id='par_1_14' title="bbox 276 2398 1864 2473">
     <span class='ocr_line' id='line_1_14' title="bbox 276 2398 1864 2473; baseline -0.003 -16"><span class='ocrx_word' id='word_1_55' title='bbox 276 2423 361 2457; x_wconf 80' lang='grc' dir='ltr'><strong>τον</strong></span> <span class='ocrx_word' id='word_1_56' title='bbox 401 2404 714 2471; x_wconf 74' lang='grc' dir='ltr'><strong>ἐλεφάντων</strong></span> <span class='ocrx_word' id='word_1_57' title='bbox 758 2402 933 2473; x_wconf 81' lang='grc' dir='ltr'>Θήραν</span> <span class='ocrx_word' id='word_1_58' title='bbox 981 2402 1357 2471; x_wconf 81' lang='grc' dir='ltr'>συστήσασθαι</span> <span class='ocrx_word' id='word_1_59' title='bbox 1395 2420 1409 2432; x_wconf 93' lang='grc'>·</span> <span class='ocrx_word' id='word_1_60' title='bbox 1448 2401 1585 2456; x_wconf 71' lang='grc' dir='ltr'>ἀλλὰ</span> <span class='ocrx_word' id='word_1_61' title='bbox 1626 2401 1735 2471; x_wconf 84' lang='grc' dir='ltr'><strong>γὰρ</strong></span> <span class='ocrx_word' id='word_1_62' title='bbox 1768 2398 1864 2453; x_wconf 73' lang='lat' dir='ltr'><strong>mi.</strong></span> 
     </span>
    </p>
   </div>
   <div class='ocr_carea' id='block_1_15' title="bbox 275 2494 1861 2566">
    <p class='ocr_par' dir='ltr' id='par_1_15' title="bbox 275 2494 1861 2566">
     <span class='ocr_line' id='line_1_15' title="bbox 275 2494 1861 2566; baseline -0.001 -16"><span class='ocrx_word' id='word_1_63' title='bbox 275 2498 380 2550; x_wconf 81' lang='grc' dir='ltr'>τῶν</span> <span class='ocrx_word' id='word_1_64' title='bbox 426 2497 831 2566; x_wconf 68' lang='grc' dir='ltr'>ὀμοιοτρὸπωψ</span> <span class='ocrx_word' id='word_1_65' title='bbox 856 2495 948 2548; x_wconf 75' lang='grc' dir='ltr'>καὶ</span> <span class='ocrx_word' id='word_1_66' title='bbox 980 2496 1049 2547; x_wconf 81' lang='grc' dir='ltr'>τὰ</span> <span class='ocrx_word' id='word_1_67' title='bbox 1081 2497 1151 2565; x_wconf 82' lang='grc' dir='ltr'>τῇ</span> <span class='ocrx_word' id='word_1_68' title='bbox 1185 2494 1346 2563; x_wconf 83' lang='grc' dir='ltr'>φύσει</span> <span class='ocrx_word' id='word_1_69' title='bbox 1376 2495 1763 2566; x_wconf 78' lang='grc' dir='ltr'><strong>κεχωρισμένα</strong></span> <span class='ocrx_word' id='word_1_70' title='bbox 1791 2496 1861 2565; x_wconf 81' lang='grc' dir='ltr'>τῇ</span> 
     </span>
    </p>
   </div>
   <div class='ocr_carea' id='block_1_16' title="bbox 275 2586 1866 2660">
    <p class='ocr_par' dir='ltr' id='par_1_16' title="bbox 275 2586 1866 2660">
     <span class='ocr_line' id='line_1_16' title="bbox 275 2586 1866 2660; baseline 0 -19"><span class='ocrx_word' id='word_1_71' title='bbox 275 2590 541 2660; x_wconf 73' lang='grc' dir='ltr'>προνοίᾳδ</span> <span class='ocrx_word' id='word_1_72' title='bbox 586 2589 915 2655; x_wconf 83' lang='grc' dir='ltr'>συναγαγεῖν</span> <span class='ocrx_word' id='word_1_73' title='bbox 974 2586 1080 2641; x_wconf 81' lang='grc' dir='ltr'>ὑπὸ</span> <span class='ocrx_word' id='word_1_74' title='bbox 1123 2587 1254 2657; x_wconf 85' lang='grc' dir='ltr'>μίαν</span> <span class='ocrx_word' id='word_1_75' title='bbox 1325 2588 1559 2658; x_wconf 77' lang='grc' dir='ltr'>οἴκησιν.</span> <span class='ocrx_word' id='word_1_76' title='bbox 1598 2587 1866 2641; x_wconf 85' lang='grc' dir='ltr'>Σκεπτέον</span> 
     </span>
    </p>
   </div>
   <div class='ocr_carea' id='block_1_17' title="bbox 273 2680 1868 2753">
    <p class='ocr_par' dir='ltr' id='par_1_17' title="bbox 273 2680 1868 2753">
     <span class='ocr_line' id='line_1_17' title="bbox 273 2680 1868 2753; baseline 0.001 -19"><span class='ocrx_word' id='word_1_77' title='bbox 273 2684 327 2735; x_wconf 79' lang='grc' dir='ltr'>δὲ</span> <span class='ocrx_word' id='word_1_78' title='bbox 362 2682 413 2735; x_wconf 85' lang='grc' dir='ltr'><strong>τί</strong></span> <span class='ocrx_word' id='word_1_79' title='bbox 444 2700 613 2753; x_wconf 73' lang='grc' dir='ltr'>φησιν</span> <span class='ocrx_word' id='word_1_80' title='bbox 643 2680 881 2734; x_wconf 72' lang='grc' dir='ltr'>ὲνταῦθα</span> <span class='ocrx_word' id='word_1_81' title='bbox 903 2682 931 2732; x_wconf 90' lang='grc' dir='ltr'>ὁ</span> <span class='ocrx_word' id='word_1_82' title='bbox 970 2680 1267 2749; x_wconf 79' lang='grc' dir='ltr'>ἱστορικός.</span> <span class='ocrx_word' id='word_1_83' title='bbox 1302 2682 1417 2735; x_wconf 74' lang='grc' dir='ltr'><strong>Καὶ</strong></span> <span class='ocrx_word' id='word_1_84' title='bbox 1439 2681 1551 2752; x_wconf 83' lang='grc' dir='ltr'>γὰρ</span> <span class='ocrx_word' id='word_1_85' title='bbox 1583 2682 1604 2712; x_wconf 77' lang='grc'>⁸</span> <span class='ocrx_word' id='word_1_86' title='bbox 1635 2683 1728 2735; x_wconf 77' lang='grc' dir='ltr'><strong>καὶ</strong></span> <span class='ocrx_word' id='word_1_87' title='bbox 1760 2681 1868 2752; x_wconf 76' lang='grc' dir='ltr'>πρὸ</span> 
     </span>
    </p>
   </div>
   <div class='ocr_carea' id='block_1_18' title="bbox 272 2768 1867 2840">
    <p class='ocr_par' dir='ltr' id='par_1_18' title="bbox 272 2768 1867 2840">
     <span class='ocr_line' id='line_1_18' title="bbox 272 2768 1867 2840; baseline 0 -16"><span class='ocrx_word' id='word_1_88' title='bbox 272 2772 379 2824; x_wconf 82' lang='grc' dir='ltr'>τῶν</span> <span class='ocrx_word' id='word_1_89' title='bbox 419 2769 782 2840; x_wconf 75' lang='grc' dir='ltr'>Πτολεμαίων</span> <span class='ocrx_word' id='word_1_90' title='bbox 822 2768 1049 2836; x_wconf 78' lang='grc' dir='ltr'><strong>ἐλέφασι</strong></span> <span class='ocrx_word' id='word_1_91' title='bbox 1103 2769 1295 2822; x_wconf 70' lang='grc' dir='ltr'>πολλοὶ</span> <span class='ocrx_word' id='word_1_92' title='bbox 1328 2769 1648 2840; x_wconf 83' lang='grc' dir='ltr'>χειροήθεσι</span> <span class='ocrx_word' id='word_1_93' title='bbox 1680 2771 1771 2823; x_wconf 73' lang='grc' dir='ltr'>καὶ</span> <span class='ocrx_word' id='word_1_94' title='bbox 1810 2772 1867 2825; x_wconf 80' lang='grc' dir='ltr'>ὲν</span> 
     </span>
    </p>
   </div>
   <div class='ocr_carea' id='block_1_19' title="bbox 276 2860 1870 2934">
    <p class='ocr_par' dir='ltr' id='par_1_19' title="bbox 276 2860 1870 2934">
     <span class='ocr_line' id='line_1_19' title="bbox 276 2860 1870 2934; baseline 0.002 -19"><span class='ocrx_word' id='word_1_95' title='bbox 276 2864 495 2933; x_wconf 80' lang='grc' dir='ltr'>πολέμῳ</span> <span class='ocrx_word' id='word_1_96' title='bbox 521 2863 781 2932; x_wconf 81' lang='grc' dir='ltr'>ἐχρῶντο,</span> <span class='ocrx_word' id='word_1_97' title='bbox 802 2861 877 2923; x_wconf 81' lang='grc' dir='ltr'>ὡς</span> <span class='ocrx_word' id='word_1_98' title='bbox 909 2860 1099 2930; x_wconf 80' lang='grc' dir='ltr'>Πῶρός</span> <span class='ocrx_word' id='word_1_99' title='bbox 1125 2879 1206 2925; x_wconf 86' lang='grc' dir='ltr'>τε,</span> <span class='ocrx_word' id='word_1_100' title='bbox 1224 2861 1422 2925; x_wconf 82' lang='grc' dir='ltr'>ὁἸνδὸς</span> <span class='ocrx_word' id='word_1_101' title='bbox 1448 2865 1475 2916; x_wconf 91' lang='lat'><strong>6</strong></span> <span class='ocrx_word' id='word_1_102' title='bbox 1494 2864 1512 2893; x_wconf 77' lang='grc'><strong>⁷</strong></span> <span class='ocrx_word' id='word_1_103' title='bbox 1538 2865 1673 2934; x_wconf 81' lang='grc' dir='ltr'>πρὸς</span> <span class='ocrx_word' id='word_1_104' title='bbox 1690 2861 1870 2931; x_wconf 78' lang='grc' dir='ltr'>Ἀλέξ-</span> 
     </span>
    </p>
   </div>
   <div class='ocr_carea' id='block_1_20' title="bbox 288 2953 1868 3026">
    <p class='ocr_par' dir='ltr' id='par_1_20' title="bbox 288 2953 1868 3026">
     <span class='ocr_line' id='line_1_20' title="bbox 288 2953 1868 3026; baseline 0 -18"><span class='ocrx_word' id='word_1_105' title='bbox 288 2956 478 3026; x_wconf 81' lang='grc' dir='ltr'>ανδρον</span> <span class='ocrx_word' id='word_1_106' title='bbox 530 2954 876 3021; x_wconf 84' lang='grc' dir='ltr'><strong>πολεμήσας,</strong></span> <span class='ocrx_word' id='word_1_107' title='bbox 923 2953 1021 3006; x_wconf 81' lang='grc' dir='ltr'><strong>καὶ</strong></span> <span class='ocrx_word' id='word_1_108' title='bbox 1087 2953 1239 3007; x_wconf 76' lang='grc' dir='ltr'>ἄλλοι</span> <span class='ocrx_word' id='word_1_109' title='bbox 1295 2956 1395 3008; x_wconf 88' lang='grc' dir='ltr'>οὑκ</span> <span class='ocrx_word' id='word_1_110' title='bbox 1438 2955 1627 3023; x_wconf 79' lang='grc' dir='ltr'><strong>ὀλίγοι.</strong></span> <span class='ocrx_word' id='word_1_111' title='bbox 1676 2958 1745 3009; x_wconf 85' lang='grc' dir='ltr'><strong>Ἦ</strong></span> <span class='ocrx_word' id='word_1_112' title='bbox 1783 2958 1868 3010; x_wconf 77' lang='grc' dir='ltr'>ὅτι</span> 
     </span>
    </p>
   </div>
   <div class='ocr_carea' id='block_1_21' title="bbox 2663 1653 2815 1711">
    <p class='ocr_par' dir='ltr' id='par_1_21' title="bbox 2663 1653 2815 1711">
     <span class='ocr_line' id='line_1_21' title="bbox 2663 1653 2815 1711; baseline -0.007 0"><span class='ocrx_word' id='word_1_113' title='bbox 2663 1653 2815 1711; x_wconf 88' lang='lat' dir='ltr'><strong>CCL.</strong></span> 
     </span>
    </p>
   </div>
   <div class='ocr_carea' id='block_1_22' title="bbox 2129 1744 3342 1821">
    <p class='ocr_par' dir='ltr' id='par_1_22' title="bbox 2129 1744 3342 1821">
     <span class='ocr_line' id='line_1_22' title="bbox 2129 1744 3342 1821; baseline -0.005 -16"><span class='ocrx_word' id='word_1_114' title='bbox 2129 1750 2213 1805; x_wconf 75' lang='lat' dir='ltr'><strong>Ex</strong></span> <span class='ocrx_word' id='word_1_115' title='bbox 2260 1748 2653 1821; x_wconf 79' lang='lat' dir='ltr'><strong>Agatharchide</strong></span> <span class='ocrx_word' id='word_1_116' title='bbox 2682 1757 2940 1815; x_wconf 74' lang='lat' dir='ltr'><strong>excerpta:</strong></span> <span class='ocrx_word' id='word_1_117' title='bbox 2970 1745 3208 1799; x_wconf 66' lang='lat' dir='ltr'><strong>historice</strong></span> <span class='ocrx_word' id='word_1_118' title='bbox 3242 1744 3342 1815; x_wconf 80' lang='grc' dir='ltr'><strong>(ί).</strong></span> 
     </span>
    </p>
   </div>
   <div class='ocr_carea' id='block_1_23' title="bbox 2030 1838 3543 1913">
    <p class='ocr_par' dir='ltr' id='par_1_23' title="bbox 2030 1838 3543 1913">
     <span class='ocr_line' id='line_1_23' title="bbox 2030 1838 3543 1913; baseline -0.007 -14"><span class='ocrx_word' id='word_1_119' title='bbox 2030 1844 2180 1901; x_wconf 87' lang='lat' dir='ltr'><strong>Lecti</strong></span> <span class='ocrx_word' id='word_1_120' title='bbox 2230 1854 2358 1899; x_wconf 92' lang='lat' dir='ltr'><strong>sunt</strong></span> <span class='ocrx_word' id='word_1_121' title='bbox 2399 1842 2821 1913; x_wconf 79' lang='lat' dir='ltr'><strong>Agatharchidze</strong></span> <span class='ocrx_word' id='word_1_122' title='bbox 2852 1839 2972 1894; x_wconf 87' lang='lat' dir='ltr'><strong>libri</strong></span> <span class='ocrx_word' id='word_1_123' title='bbox 3024 1839 3173 1905; x_wconf 90' lang='lat' dir='ltr'><strong>duo,</strong></span> <span class='ocrx_word' id='word_1_124' title='bbox 3229 1838 3440 1908; x_wconf 89' lang='lat' dir='ltr'><strong>primus</strong></span> <span class='ocrx_word' id='word_1_125' title='bbox 3487 1843 3543 1890; x_wconf 86' lang='lat' dir='ltr'><strong>ct</strong></span> 
     </span>
    </p>
   </div>
   <div class='ocr_carea' id='block_1_24' title="bbox 1960 1928 3541 2008">
    <p class='ocr_par' dir='ltr' id='par_1_24' title="bbox 1960 1928 3541 2008">
     <span class='ocr_line' id='line_1_24' title="bbox 1960 1928 3541 2008; baseline -0.006 -17"><span class='ocrx_word' id='word_1_126' title='bbox 1960 1938 2190 2008; x_wconf 76' lang='lat' dir='ltr'><strong>quintus</strong></span> <span class='ocrx_word' id='word_1_127' title='bbox 2227 1938 2297 1991; x_wconf 89' lang='lat' dir='ltr'><strong>de</strong></span> <span class='ocrx_word' id='word_1_128' title='bbox 2329 1935 2514 1989; x_wconf 74' lang='lat' dir='ltr'><strong>Rubro</strong></span> <span class='ocrx_word' id='word_1_129' title='bbox 2554 1934 2689 1988; x_wconf 90' lang='lat' dir='ltr'><strong>mari</strong></span> <span class='ocrx_word' id='word_1_130' title='bbox 2720 1974 2734 1993; x_wconf 83' lang='grc'>,</span> <span class='ocrx_word' id='word_1_131' title='bbox 2784 1932 3113 2002; x_wconf 59' lang='lat' dir='ltr'><strong>cauet-isque</strong></span> <span class='ocrx_word' id='word_1_132' title='bbox 3164 1932 3328 1986; x_wconf 86' lang='lat' dir='ltr'><strong>rebus</strong></span> <span class='ocrx_word' id='word_1_133' title='bbox 3379 1928 3541 1985; x_wconf 78' lang='lat' dir='ltr'><strong>ﬁdem</strong></span> 
     </span>
    </p>
   </div>
   <div class='ocr_carea' id='block_1_25' title="bbox 1960 2026 3385 2096">
    <p class='ocr_par' dir='ltr' id='par_1_25' title="bbox 1960 2026 3385 2096">
     <span class='ocr_line' id='line_1_25' title="bbox 1960 2026 3385 2096; baseline -0.005 -10"><span class='ocrx_word' id='word_1_134' title='bbox 1960 2029 2355 2086; x_wconf 76' lang='lat' dir='ltr'><strong>excedentibus</strong></span> <span class='ocrx_word' id='word_1_135' title='bbox 2386 2044 2601 2084; x_wconf 90' lang='lat' dir='ltr'><strong>summa</strong></span> <span class='ocrx_word' id='word_1_136' title='bbox 2632 2027 2810 2096; x_wconf 84' lang='lat' dir='ltr'><strong>capita</strong></span> <span class='ocrx_word' id='word_1_137' title='bbox 2841 2026 3385 2095; x_wconf 83' lang='lat' dir='ltr'><strong>comprehendentes.</strong></span> 
     </span>
    </p>
   </div>
   <div class='ocr_carea' id='block_1_26' title="bbox 2295 2135 3222 2209">
    <p class='ocr_par' dir='ltr' id='par_1_26' title="bbox 2295 2135 3222 2209">
     <span class='ocr_line' id='line_1_26' title="bbox 2295 2135 3222 2209; baseline -0.008 -15"><span class='ocrx_word' id='word_1_138' title='bbox 2295 2140 2375 2194; x_wconf 72' lang='lat' dir='ltr'><strong>Ex</strong></span> <span class='ocrx_word' id='word_1_139' title='bbox 2398 2141 2531 2194; x_wconf 80' lang='lat' dir='ltr'><strong>libro</strong></span> <span class='ocrx_word' id='word_1_140' title='bbox 2569 2141 2740 2209; x_wconf 87' lang='lat' dir='ltr'><strong>primo</strong></span> <span class='ocrx_word' id='word_1_141' title='bbox 2772 2138 2835 2192; x_wconf 84' lang='lat' dir='ltr'><strong>de</strong></span> <span class='ocrx_word' id='word_1_142' title='bbox 2860 2137 2997 2190; x_wconf 84' lang='lat' dir='ltr'><strong>mari</strong></span> <span class='ocrx_word' id='word_1_143' title='bbox 3026 2135 3222 2189; x_wconf 82' lang='lat' dir='ltr'><strong>Rubro.</strong></span> 
     </span>
    </p>
   </div>
   <div class='ocr_carea' id='block_1_27' title="bbox 2036 2294 3549 2367">
    <p class='ocr_par' dir='ltr' id='par_1_27' title="bbox 2036 2294 3549 2367">
     <span class='ocr_line' id='line_1_27' title="bbox 2036 2294 3549 2367; baseline -0.01 -7"><span class='ocrx_word' id='word_1_144' title='bbox 2036 2304 2165 2361; x_wconf 78' lang='lat' dir='ltr'><strong>CAP.</strong></span> <span class='ocrx_word' id='word_1_145' title='bbox 2226 2302 2268 2358; x_wconf 82' lang='lat' dir='ltr'><strong>l.</strong></span> <span class='ocrx_word' id='word_1_146' title='bbox 2335 2301 2609 2367; x_wconf 82' lang='lat' dir='ltr'><strong>Quomodo</strong></span> <span class='ocrx_word' id='word_1_147' title='bbox 2674 2298 2947 2352; x_wconf 74' lang='lat' dir='ltr'><strong>Ptolemazi</strong></span> <span class='ocrx_word' id='word_1_148' title='bbox 3013 2296 3242 2363; x_wconf 85' lang='lat' dir='ltr'><strong>primam</strong></span> <span class='ocrx_word' id='word_1_149' title='bbox 3300 2294 3549 2361; x_wconf 65' lang='lat' dir='ltr'><strong>elephan-</strong></span> 
     </span>
    </p>
   </div>
   <div class='ocr_carea' id='block_1_28' title="bbox 1967 2385 3547 2455">
    <p class='ocr_par' dir='ltr' id='par_1_28' title="bbox 1967 2385 3547 2455">
     <span class='ocr_line' id='line_1_28' title="bbox 1967 2385 3547 2455; baseline -0.01 0"><span class='ocrx_word' id='word_1_150' title='bbox 1967 2411 2081 2455; x_wconf 88' lang='lat' dir='ltr'><strong>tum</strong></span> <span class='ocrx_word' id='word_1_151' title='bbox 2128 2398 2459 2454; x_wconf 78' lang='lat' dir='ltr'><strong>venationem</strong></span> <span class='ocrx_word' id='word_1_152' title='bbox 2512 2393 2859 2448; x_wconf 75' lang='lat' dir='ltr'><strong>instituerint.</strong></span> <span class='ocrx_word' id='word_1_153' title='bbox 2903 2419 2971 2431; x_wconf 88' lang='lat'><strong>-—-</strong></span> <span class='ocrx_word' id='word_1_154' title='bbox 3016 2388 3367 2444; x_wconf 66' lang='lat' dir='ltr'><strong>Ptolemaeum</strong></span> <span class='ocrx_word' id='word_1_155' title='bbox 3393 2427 3408 2451; x_wconf 93' lang='lat'><strong>,</strong></span> <span class='ocrx_word' id='word_1_156' title='bbox 3452 2385 3547 2455; x_wconf 86' lang='lat' dir='ltr'><strong>qui</strong></span> 
     </span>
    </p>
   </div>
   <div class='ocr_carea' id='block_1_29' title="bbox 1966 2482 3551 2564">
    <p class='ocr_par' dir='ltr' id='par_1_29' title="bbox 1966 2482 3551 2564">
     <span class='ocr_line' id='line_1_29' title="bbox 1966 2482 3551 2564; baseline -0.009 -15"><span class='ocrx_word' id='word_1_157' title='bbox 1966 2503 2090 2564; x_wconf 90' lang='lat' dir='ltr'><strong>post</strong></span> <span class='ocrx_word' id='word_1_158' title='bbox 2122 2492 2255 2564; x_wconf 81' lang='lat' dir='ltr'><strong>Lagi</strong></span> <span class='ocrx_word' id='word_1_159' title='bbox 2283 2492 2450 2545; x_wconf 89' lang='lat' dir='ltr'><strong>lilium</strong></span> <span class='ocrx_word' id='word_1_160' title='bbox 2486 2490 2539 2543; x_wconf 92' lang='lat' dir='ltr'><strong>in</strong></span> <span class='ocrx_word' id='word_1_161' title='bbox 2564 2488 2799 2559; x_wconf 63' lang='lat' dir='ltr'><strong>Egypto</strong></span> <span class='ocrx_word' id='word_1_162' title='bbox 2825 2484 3093 2554; x_wconf 85' lang='lat' dir='ltr'><strong>regnavit,</strong></span> <span class='ocrx_word' id='word_1_163' title='bbox 3127 2484 3364 2553; x_wconf 87' lang='lat' dir='ltr'><strong>primum</strong></span> <span class='ocrx_word' id='word_1_164' title='bbox 3396 2482 3551 2537; x_wconf 85' lang='lat' dir='ltr'><strong>insti-</strong></span> 
     </span>
    </p>
   </div>
   <div class='ocr_carea' id='block_1_30' title="bbox 1966 2575 3549 2651">
    <p class='ocr_par' dir='ltr' id='par_1_30' title="bbox 1966 2575 3549 2651">
     <span class='ocr_line' id='line_1_30' title="bbox 1966 2575 3549 2651; baseline -0.009 -12"><span class='ocrx_word' id='word_1_165' title='bbox 1966 2584 2145 2639; x_wconf 82' lang='lat' dir='ltr'><strong>tuisse</strong></span> <span class='ocrx_word' id='word_1_166' title='bbox 2179 2581 2529 2651; x_wconf 83' lang='lat' dir='ltr'><strong>elephantum</strong></span> <span class='ocrx_word' id='word_1_167' title='bbox 2562 2588 2726 2649; x_wconf 89' lang='lat' dir='ltr'><strong>atque</strong></span> <span class='ocrx_word' id='word_1_168' title='bbox 2748 2576 3018 2647; x_wconf 86' lang='lat' dir='ltr'><strong>ejusmodi</strong></span> <span class='ocrx_word' id='word_1_169' title='bbox 3044 2575 3350 2629; x_wconf 90' lang='lat' dir='ltr'><strong>belluarum</strong></span> <span class='ocrx_word' id='word_1_170' title='bbox 3383 2589 3549 2627; x_wconf 84' lang='lat' dir='ltr'><strong>vena-</strong></span> 
     </span>
    </p>
   </div>
   <div class='ocr_carea' id='block_1_31' title="bbox 1973 2662 3553 2744">
    <p class='ocr_par' dir='ltr' id='par_1_31' title="bbox 1973 2662 3553 2744">
     <span class='ocr_line' id='line_1_31' title="bbox 1973 2662 3553 2744; baseline -0.008 -13"><span class='ocrx_word' id='word_1_171' title='bbox 1973 2677 2203 2743; x_wconf 86' lang='lat' dir='ltr'><strong>tionem,</strong></span> <span class='ocrx_word' id='word_1_172' title='bbox 2264 2684 2317 2729; x_wconf 83' lang='lat' dir='ltr'><strong>ct</strong></span> <span class='ocrx_word' id='word_1_173' title='bbox 2345 2689 2467 2744; x_wconf 66' lang='lat' dir='ltr'><strong>quae</strong></span> <span class='ocrx_word' id='word_1_174' title='bbox 2501 2681 2698 2728; x_wconf 85' lang='lat' dir='ltr'><strong>natura</strong></span> <span class='ocrx_word' id='word_1_175' title='bbox 2729 2670 3001 2740; x_wconf 79' lang='lat' dir='ltr'><strong>disjunxit</strong></span> <span class='ocrx_word' id='word_1_176' title='bbox 3023 2708 3040 2733; x_wconf 90' lang='lat'><strong>,</strong></span> <span class='ocrx_word' id='word_1_177' title='bbox 3069 2666 3170 2722; x_wconf 85' lang='lat' dir='ltr'><strong>sub</strong></span> <span class='ocrx_word' id='word_1_178' title='bbox 3200 2682 3364 2720; x_wconf 90' lang='lat' dir='ltr'><strong>unam</strong></span> <span class='ocrx_word' id='word_1_179' title='bbox 3391 2662 3553 2735; x_wconf 86' lang='lat' dir='ltr'><strong>quasi</strong></span> 
     </span>
    </p>
   </div>
   <div class='ocr_carea' id='block_1_32' title="bbox 1970 2757 3552 2833">
    <p class='ocr_par' dir='ltr' id='par_1_32' title="bbox 1970 2757 3552 2833">
     <span class='ocr_line' id='line_1_32' title="bbox 1970 2757 3552 2833; baseline -0.009 -10"><span class='ocrx_word' id='word_1_180' title='bbox 1970 2767 2399 2824; x_wconf 88' lang='lat' dir='ltr'><strong>stabulationem</strong></span> <span class='ocrx_word' id='word_1_181' title='bbox 2451 2765 2767 2833; x_wconf 88' lang='lat' dir='ltr'><strong>redegisse,</strong></span> <span class='ocrx_word' id='word_1_182' title='bbox 2821 2761 3074 2815; x_wconf 81' lang='lat' dir='ltr'><strong>alﬁrmat.</strong></span> <span class='ocrx_word' id='word_1_183' title='bbox 3119 2757 3552 2827; x_wconf 75' lang='lat' dir='ltr'><strong>Expendendum</strong></span> 
     </span>
    </p>
   </div>
   <div class='ocr_carea' id='block_1_33' title="bbox 1970 2849 3554 2929">
    <p class='ocr_par' dir='ltr' id='par_1_33' title="bbox 1970 2849 3554 2929">
     <span class='ocr_line' id='line_1_33' title="bbox 1970 2849 3554 2929; baseline -0.007 -15"><span class='ocrx_word' id='word_1_184' title='bbox 1970 2874 2103 2915; x_wconf 85' lang='lat' dir='ltr'><strong>vero</strong></span> <span class='ocrx_word' id='word_1_185' title='bbox 2131 2858 2261 2929; x_wconf 92' lang='lat' dir='ltr'><strong>quid</strong></span> <span class='ocrx_word' id='word_1_186' title='bbox 2288 2857 2392 2912; x_wconf 88' lang='lat' dir='ltr'><strong>boc</strong></span> <span class='ocrx_word' id='word_1_187' title='bbox 2416 2856 2535 2911; x_wconf 90' lang='lat' dir='ltr'><strong>loco</strong></span> <span class='ocrx_word' id='word_1_188' title='bbox 2560 2856 2707 2909; x_wconf 89' lang='lat' dir='ltr'><strong>dicat</strong></span> <span class='ocrx_word' id='word_1_189' title='bbox 2727 2854 3051 2907; x_wconf 88' lang='lat' dir='ltr'><strong>historicus.</strong></span> <span class='ocrx_word' id='word_1_190' title='bbox 3076 2849 3209 2905; x_wconf 82' lang='lat' dir='ltr'><strong>Nam</strong></span> <span class='ocrx_word' id='word_1_191' title='bbox 3234 2850 3397 2904; x_wconf 88' lang='lat' dir='ltr'><strong>etiam</strong></span> <span class='ocrx_word' id='word_1_192' title='bbox 3426 2857 3554 2903; x_wconf 87' lang='lat' dir='ltr'><strong>ante</strong></span> 
     </span>
    </p>
   </div>
   <div class='ocr_carea' id='block_1_34' title="bbox 1979 2939 3552 3014">
    <p class='ocr_par' dir='ltr' id='par_1_34' title="bbox 1979 2939 3552 3014">
     <span class='ocr_line' id='line_1_34' title="bbox 1979 2939 3552 3014; baseline -0.008 -7"><span class='ocrx_word' id='word_1_193' title='bbox 1979 2953 2397 3007; x_wconf 65' lang='lat' dir='ltr'><strong>Ptolemaeorum</strong></span> <span class='ocrx_word' id='word_1_194' title='bbox 2430 2957 2640 3003; x_wconf 61' lang='lat' dir='ltr'><strong>aetatem</strong></span> <span class='ocrx_word' id='word_1_195' title='bbox 2665 2990 2679 3013; x_wconf 89' lang='lat'><strong>,</strong></span> <span class='ocrx_word' id='word_1_196' title='bbox 2718 2946 2875 2999; x_wconf 84' lang='lat' dir='ltr'><strong>multi</strong></span> <span class='ocrx_word' id='word_1_197' title='bbox 2925 2957 3144 3014; x_wconf 89' lang='lat' dir='ltr'><strong>quoque</strong></span> <span class='ocrx_word' id='word_1_198' title='bbox 3174 2939 3552 3010; x_wconf 80' lang='lat' dir='ltr'><strong>elephantibus</strong></span> 
     </span>
    </p>
   </div>
   <div class='ocr_carea' id='block_1_35' title="bbox 282 3032 1867 3119">
    <p class='ocr_par' dir='ltr' id='par_1_35' title="bbox 282 3041 1861 3119">
     <span class='ocr_line' id='line_1_35' title="bbox 282 3041 1861 3119; baseline 0.001 -20"><span class='ocrx_word' id='word_1_199' title='bbox 282 3046 618 3116; x_wconf 83' lang='grc' dir='ltr'>Πτολεμαῖος</span> <span class='ocrx_word' id='word_1_200' title='bbox 648 3041 803 3107; x_wconf 71' lang='grc' dir='ltr'>οὗτος</span> <span class='ocrx_word' id='word_1_201' title='bbox 840 3044 1007 3107; x_wconf 83' lang='grc' dir='ltr'>πολὺς</span> <span class='ocrx_word' id='word_1_202' title='bbox 1048 3044 1265 3115; x_wconf 84' lang='grc' dir='ltr'>πρῶτος</span> <span class='ocrx_word' id='word_1_203' title='bbox 1306 3048 1438 3117; x_wconf 76' lang='grc' dir='ltr'>περὶ</span> <span class='ocrx_word' id='word_1_204' title='bbox 1466 3049 1674 3118; x_wconf 87' lang='grc' dir='ltr'>ταύτην</span> <span class='ocrx_word' id='word_1_205' title='bbox 1708 3048 1861 3119; x_wconf 74' lang='grc' dir='ltr'>ὤφθη</span> 
     </span>
    </p>
   </div>
   <div class='ocr_carea' id='block_1_36' title="bbox 1980 3032 3555 3119">
    <p class='ocr_par' dir='ltr' id='par_1_36' title="bbox 1980 3032 3555 3111">
     <span class='ocr_line' id='line_1_36' title="bbox 1980 3032 3555 3111; baseline -0.01 -11"><span class='ocrx_word' id='word_1_206' title='bbox 1980 3045 2231 3100; x_wconf 80' lang='lat' dir='ltr'><strong>cicuratis</strong></span> <span class='ocrx_word' id='word_1_207' title='bbox 2269 3043 2355 3097; x_wconf 91' lang='lat' dir='ltr'><strong>usi</strong></span> <span class='ocrx_word' id='word_1_208' title='bbox 2397 3042 2651 3111; x_wconf 86' lang='lat' dir='ltr'><strong>leguntur</strong></span> <span class='ocrx_word' id='word_1_209' title='bbox 2680 3058 2692 3092; x_wconf 91' lang='lat'><strong>:</strong></span> <span class='ocrx_word' id='word_1_210' title='bbox 2718 3048 2775 3091; x_wconf 88' lang='lat' dir='ltr'><strong>ut</strong></span> <span class='ocrx_word' id='word_1_211' title='bbox 2808 3037 2983 3091; x_wconf 81' lang='lat' dir='ltr'><strong>Porus</strong></span> <span class='ocrx_word' id='word_1_212' title='bbox 3013 3034 3269 3090; x_wconf 87' lang='lat' dir='ltr'><strong>Indorum</strong></span> <span class='ocrx_word' id='word_1_213' title='bbox 3310 3049 3427 3098; x_wconf 82' lang='lat' dir='ltr'><strong>rex,</strong></span> <span class='ocrx_word' id='word_1_214' title='bbox 3460 3032 3555 3102; x_wconf 85' lang='lat' dir='ltr'><strong>qui</strong></span> 
     </span>
    </p>
   </div>
   <div class='ocr_carea' id='block_1_37' title="bbox 279 3135 1860 3209">
    <p class='ocr_par' dir='ltr' id='par_1_37' title="bbox 279 3135 1860 3209">
     <span class='ocr_line' id='line_1_37' title="bbox 279 3135 1860 3209; baseline 0.002 -20"><span class='ocrx_word' id='word_1_215' title='bbox 279 3147 374 3207; x_wconf 73' lang='grc' dir='ltr'>την</span> <span class='ocrx_word' id='word_1_216' title='bbox 399 3137 667 3206; x_wconf 77' lang='grc' dir='ltr'>σπουδὴν,</span> <span class='ocrx_word' id='word_1_217' title='bbox 719 3135 753 3202; x_wconf 86' lang='grc' dir='ltr'><strong>ἦ</strong></span> <span class='ocrx_word' id='word_1_218' title='bbox 797 3136 1015 3205; x_wconf 84' lang='grc' dir='ltr'>πρῶτος</span> <span class='ocrx_word' id='word_1_219' title='bbox 1068 3136 1179 3188; x_wconf 80' lang='grc' dir='ltr'>τῶν</span> <span class='ocrx_word' id='word_1_220' title='bbox 1234 3139 1377 3206; x_wconf 71' lang='grc' dir='ltr'>μετὰ</span> <span class='ocrx_word' id='word_1_221' title='bbox 1422 3136 1792 3209; x_wconf 81' lang='grc' dir='ltr'>Ἀλέξανδρον,</span> <span class='ocrx_word' id='word_1_222' title='bbox 1828 3140 1860 3207; x_wconf 80' lang='grc' dir='ltr'>ἢ</span> 
     </span>
    </p>
   </div>
   <div class='ocr_carea' id='block_1_38' title="bbox 278 3225 1268 3297">
    <p class='ocr_par' dir='ltr' id='par_1_38' title="bbox 278 3225 1268 3297">
     <span class='ocr_line' id='line_1_38' title="bbox 278 3225 1268 3297; baseline 0.002 -18"><span class='ocrx_word' id='word_1_223' title='bbox 278 3227 383 3281; x_wconf 70' lang='grc' dir='ltr'><strong>’.ὢν</strong></span> <span class='ocrx_word' id='word_1_224' title='bbox 414 3226 694 3296; x_wconf 83' lang='grc' dir='ltr'>Αίγύπτου</span> <span class='ocrx_word' id='word_1_225' title='bbox 733 3225 1001 3296; x_wconf 78' lang='grc' dir='ltr'>βασιλέων</span> <span class='ocrx_word' id='word_1_226' title='bbox 1029 3226 1268 3297; x_wconf 82' lang='grc' dir='ltr'>πρῶτος.</span> 
     </span>
    </p>
   </div>
   <div class='ocr_carea' id='block_1_39' title="bbox 1974 3124 3552 3198">
    <p class='ocr_par' dir='ltr' id='par_1_39' title="bbox 1974 3124 3552 3198">
     <span class='ocr_line' id='line_1_39' title="bbox 1974 3124 3552 3198; baseline -0.009 -8"><span class='ocrx_word' id='word_1_227' title='bbox 1974 3152 2098 3190; x_wconf 89' lang='lat' dir='ltr'><strong>cum</strong></span> <span class='ocrx_word' id='word_1_228' title='bbox 2138 3133 2448 3189; x_wconf 75' lang='lat' dir='ltr'><strong>Alexandro</strong></span> <span class='ocrx_word' id='word_1_229' title='bbox 2498 3132 2698 3185; x_wconf 85' lang='lat' dir='ltr'><strong>bellum</strong></span> <span class='ocrx_word' id='word_1_230' title='bbox 2730 3130 2898 3198; x_wconf 75' lang='lat' dir='ltr'><strong>gessit</strong></span> <span class='ocrx_word' id='word_1_231' title='bbox 2922 3167 2937 3191; x_wconf 87' lang='lat'><strong>,</strong></span> <span class='ocrx_word' id='word_1_232' title='bbox 2990 3127 3191 3196; x_wconf 87' lang='lat' dir='ltr'><strong>aliique</strong></span> <span class='ocrx_word' id='word_1_233' title='bbox 3228 3141 3336 3179; x_wconf 89' lang='lat' dir='ltr'><strong>non</strong></span> <span class='ocrx_word' id='word_1_234' title='bbox 3371 3124 3552 3191; x_wconf 82' lang='lat' dir='ltr'><strong>pauci.</strong></span> 
     </span>
    </p>
   </div>
   <div class='ocr_carea' id='block_1_40' title="bbox 1972 3216 3557 3292">
    <p class='ocr_par' dir='ltr' id='par_1_40' title="bbox 1972 3216 3557 3292">
     <span class='ocr_line' id='line_1_40' title="bbox 1972 3216 3557 3292; baseline -0.01 -8"><span class='ocrx_word' id='word_1_235' title='bbox 1972 3228 2138 3284; x_wconf 84' lang='lat' dir='ltr'><strong>Forte</strong></span> <span class='ocrx_word' id='word_1_236' title='bbox 2163 3227 2489 3282; x_wconf 68' lang='lat' dir='ltr'><strong>Ptolemteus</strong></span> <span class='ocrx_word' id='word_1_237' title='bbox 2526 3224 2614 3277; x_wconf 91' lang='lat' dir='ltr'><strong>hic</strong></span> <span class='ocrx_word' id='word_1_238' title='bbox 2640 3223 2851 3292; x_wconf 86' lang='lat' dir='ltr'><strong>primus</strong></span> <span class='ocrx_word' id='word_1_239' title='bbox 2878 3222 3123 3289; x_wconf 88' lang='lat' dir='ltr'><strong>impense</strong></span> <span class='ocrx_word' id='word_1_240' title='bbox 3150 3219 3227 3271; x_wconf 86' lang='lat' dir='ltr'><strong>illi</strong></span> <span class='ocrx_word' id='word_1_241' title='bbox 3260 3216 3440 3271; x_wconf 88' lang='lat' dir='ltr'><strong>studio</strong></span> <span class='ocrx_word' id='word_1_242' title='bbox 3474 3216 3557 3268; x_wconf 85' lang='lat' dir='ltr'><strong>iu—</strong></span> 
     </span>
    </p>
   </div>
   <div class='ocr_carea' id='block_1_41' title="bbox 281 3310 3556 3389">
    <p class='ocr_par' dir='ltr' id='par_1_41' title="bbox 281 3310 3556 3389">
     <span class='ocr_line' id='line_1_41' title="bbox 281 3310 3556 3389; baseline -0.004 -16"><span class='ocrx_word' id='word_1_243' title='bbox 281 3320 537 3376; x_wconf 85' lang='lat' dir='ltr'><strong>cubuisse</strong></span> <span class='ocrx_word' id='word_1_244' title='bbox 566 3320 719 3375; x_wconf 83' lang='lat' dir='ltr'><strong>visus</strong></span> <span class='ocrx_word' id='word_1_245' title='bbox 786 3328 873 3374; x_wconf 90' lang='lat' dir='ltr'><strong>est</strong></span> <span class='ocrx_word' id='word_1_246' title='bbox 916 3340 929 3375; x_wconf 89' lang='lat'><strong>:</strong></span> <span class='ocrx_word' id='word_1_247' title='bbox 969 3328 1067 3374; x_wconf 83' lang='lat' dir='ltr'><strong>aut</strong></span> <span class='ocrx_word' id='word_1_248' title='bbox 1133 3321 1348 3389; x_wconf 88' lang='lat' dir='ltr'><strong>primus</strong></span> <span class='ocrx_word' id='word_1_249' title='bbox 1416 3337 1799 3379; x_wconf 84' lang='lat' dir='ltr'><strong>successorum</strong></span> <span class='ocrx_word' id='word_1_250' title='bbox 1848 3321 2185 3384; x_wconf 72' lang='lat' dir='ltr'><strong>Alexandri,</strong></span> <span class='ocrx_word' id='word_1_251' title='bbox 2256 3319 2340 3373; x_wconf 91' lang='lat' dir='ltr'><strong>vel</strong></span> <span class='ocrx_word' id='word_1_252' title='bbox 2398 3318 2629 3372; x_wconf 82' lang='lat' dir='ltr'><strong>aliorum</strong></span> <span class='ocrx_word' id='word_1_253' title='bbox 2692 3313 2914 3385; x_wconf 62' lang='grc' dir='ltr'>Αῑιςγνιί</span> <span class='ocrx_word' id='word_1_254' title='bbox 2968 3326 3191 3382; x_wconf 85' lang='lat' dir='ltr'><strong>regum,</strong></span> <span class='ocrx_word' id='word_1_255' title='bbox 3236 3310 3287 3363; x_wconf 89' lang='lat' dir='ltr'><strong>ei</strong></span> <span class='ocrx_word' id='word_1_256' title='bbox 3334 3322 3556 3378; x_wconf 78' lang='lat' dir='ltr'><strong>Operam</strong></span> 
     </span>
    </p>
   </div>
   <div class='ocr_carea' id='block_1_42' title="bbox 280 3416 448 3471">
    <p class='ocr_par' dir='ltr' id='par_1_42' title="bbox 280 3416 448 3471">
     <span class='ocr_line' id='line_1_42' title="bbox 280 3416 448 3471; baseline 0.012 -2"><span class='ocrx_word' id='word_1_257' title='bbox 280 3416 448 3471; x_wconf 86' lang='lat' dir='ltr'><strong>dedit.</strong></span> 
     </span>
    </p>
   </div>
   <div class='ocr_carea' id='block_1_43' title="bbox 376 3506 1867 3580">
    <p class='ocr_par' dir='ltr' id='par_1_43' title="bbox 376 3506 1867 3580">
     <span class='ocr_line' id='line_1_43' title="bbox 376 3506 1867 3580; baseline 0.001 -19"><span class='ocrx_word' id='word_1_258' title='bbox 376 3510 474 3561; x_wconf 85' lang='grc' dir='ltr'><strong>Οτι</strong></span> <span class='ocrx_word' id='word_1_259' title='bbox 505 3506 607 3578; x_wconf 83' lang='grc' dir='ltr'>τὴν</span> <span class='ocrx_word' id='word_1_260' title='bbox 629 3508 904 3579; x_wconf 73' lang='grc' dir='ltr'>Ἐρυθρὰν</span> <span class='ocrx_word' id='word_1_261' title='bbox 934 3508 1204 3563; x_wconf 82' lang='grc' dir='ltr'>θάλατταν</span> <span class='ocrx_word' id='word_1_262' title='bbox 1234 3510 1294 3562; x_wconf 86' lang='grc' dir='ltr'>τὸ</span> <span class='ocrx_word' id='word_1_263' title='bbox 1313 3510 1487 3578; x_wconf 80' lang='grc' dir='ltr'>ὄνομα</span> <span class='ocrx_word' id='word_1_264' title='bbox 1511 3509 1739 3563; x_wconf 79' lang='grc' dir='ltr'><strong>ἑλκύσαι</strong></span> <span class='ocrx_word' id='word_1_265' title='bbox 1762 3527 1867 3580; x_wconf 85' lang='grc' dir='ltr'><strong>φη-</strong></span> 
     </span>
    </p>
   </div>
   <div class='ocr_carea' id='block_1_44' title="bbox 226 3599 1868 3685">
    <p class='ocr_par' dir='ltr' id='par_1_44' title="bbox 226 3599 1868 3685">
     <span class='ocr_line' id='line_1_44' title="bbox 226 3599 1868 3685; baseline 0.002 -32"><span class='ocrx_word' id='word_1_266' title='bbox 226 3682 227 3685; x_wconf 6' lang='grc' dir='ltr'><strong>γ</strong></span> <span class='ocrx_word' id='word_1_267' title='bbox 283 3600 367 3653; x_wconf 69' lang='grc' dir='ltr'><strong>σὶν</strong></span> <span class='ocrx_word' id='word_1_268' title='bbox 412 3599 539 3654; x_wconf 77' lang='grc' dir='ltr'>οὒτε</span> <span class='ocrx_word' id='word_1_269' title='bbox 595 3600 678 3653; x_wconf 83' lang='grc' dir='ltr'>ὅτι</span> <span class='ocrx_word' id='word_1_270' title='bbox 732 3599 827 3653; x_wconf 81' lang='grc' dir='ltr'>τοῦ</span> <span class='ocrx_word' id='word_1_271' title='bbox 862 3601 1121 3671; x_wconf 82' lang='grc' dir='ltr'>Ἀραϐίου</span> <span class='ocrx_word' id='word_1_272' title='bbox 1171 3602 1506 3671; x_wconf 80' lang='grc' dir='ltr'>καλουμένου</span> <span class='ocrx_word' id='word_1_273' title='bbox 1567 3600 1769 3655; x_wconf 78' lang='grc' dir='ltr'>κόλπου</span> <span class='ocrx_word' id='word_1_274' title='bbox 1796 3602 1868 3656; x_wconf 85' lang='grc' dir='ltr'>τὰ</span> 
     </span>
    </p>
   </div>
   <div class='ocr_carea' id='block_1_45' title="bbox 287 3690 1869 3762">
    <p class='ocr_par' dir='ltr' id='par_1_45' title="bbox 287 3690 1869 3762">
     <span class='ocr_line' id='line_1_45' title="bbox 287 3690 1869 3762; baseline -0.032 29"><span class='ocrx_word' id='word_1_275' title='bbox 287 3691 384 3759; x_wconf 62' lang='grc' dir='ltr'><strong>μὲν</strong></span> <span class='ocrx_word' id='word_1_276' title='bbox 423 3690 563 3759; x_wconf 60' lang='grc' dir='ltr'>πρὸς</span> <span class='ocrx_word' id='word_1_277' title='bbox 619 3690 825 3761; x_wconf 63' lang='grc' dir='ltr'><strong>ἐπέραν</strong></span> <span class='ocrx_word' id='word_1_278' title='bbox 868 3690 998 3761; x_wconf 67' lang='grc' dir='ltr'>δρητ</span> <span class='ocrx_word' id='word_1_279' title='bbox 1051 3691 1305 3762; x_wconf 76' lang='grc' dir='ltr'>δριμείας</span> <span class='ocrx_word' id='word_1_280' title='bbox 1345 3694 1440 3744; x_wconf 71' lang='grc' dir='ltr'>καὶ</span> <span class='ocrx_word' id='word_1_281' title='bbox 1474 3692 1740 3760; x_wconf 81' lang='grc' dir='ltr'>διαπύρου</span> <span class='ocrx_word' id='word_1_282' title='bbox 1768 3694 1869 3762; x_wconf 79' lang='grc' dir='ltr'>τῆς</span> 
     </span>
    </p>
   </div>
   <div class='ocr_carea' id='block_1_46' title="bbox 287 3782 1867 3855">
    <p class='ocr_par' dir='ltr' id='par_1_46' title="bbox 287 3782 1867 3855">
     <span class='ocr_line' id='line_1_46' title="bbox 287 3782 1867 3855; baseline 0.004 -22"><span class='ocrx_word' id='word_1_283' title='bbox 287 3783 523 3852; x_wconf 75' lang='grc' dir='ltr'>ἡλιακῆς</span> <span class='ocrx_word' id='word_1_284' title='bbox 566 3783 784 3846; x_wconf 79' lang='grc' dir='ltr'><strong>ἀκτῖνος</strong></span> <span class='ocrx_word' id='word_1_285' title='bbox 821 3782 1119 3855; x_wconf 83' lang='grc' dir='ltr'>βαλλούσης</span> <span class='ocrx_word' id='word_1_286' title='bbox 1140 3785 1182 3848; x_wconf 80' lang='grc'><strong>⁸,</strong></span> <span class='ocrx_word' id='word_1_287' title='bbox 1236 3785 1511 3855; x_wconf 77' lang='grc' dir='ltr'>ἄνθρακος</span> <span class='ocrx_word' id='word_1_288' title='bbox 1560 3786 1867 3854; x_wconf 68' lang='grc' dir='ltr'>φαντασίαν</span> 
     </span>
    </p>
   </div>
   <div class='ocr_carea' id='block_1_47' title="bbox 284 3874 1864 3949">
    <p class='ocr_par' dir='ltr' id='par_1_47' title="bbox 284 3874 1864 3949">
     <span class='ocr_line' id='line_1_47' title="bbox 284 3874 1864 3949; baseline 0.002 -23"><span class='ocrx_word' id='word_1_289' title='bbox 284 3874 603 3939; x_wconf 78' lang='grc' dir='ltr'>ἀποδίδωσι,</span> <span class='ocrx_word' id='word_1_290' title='bbox 654 3874 724 3928; x_wconf 83' lang='grc' dir='ltr'>τὰ</span> <span class='ocrx_word' id='word_1_291' title='bbox 754 3875 811 3928; x_wconf 83' lang='grc' dir='ltr'><strong>δὲ</strong></span> <span class='ocrx_word' id='word_1_292' title='bbox 844 3875 982 3946; x_wconf 72' lang='grc' dir='ltr'>πρὸς</span> <span class='ocrx_word' id='word_1_293' title='bbox 1021 3877 1287 3940; x_wconf 82' lang='grc' dir='ltr'>ἀνατολὰς</span> <span class='ocrx_word' id='word_1_294' title='bbox 1313 3878 1456 3940; x_wconf 84' lang='grc' dir='ltr'>θῖνες</span> <span class='ocrx_word' id='word_1_295' title='bbox 1505 3878 1693 3949; x_wconf 85' lang='grc' dir='ltr'>ἄμμου</span> <span class='ocrx_word' id='word_1_296' title='bbox 1721 3878 1864 3946; x_wconf 72' lang='grc' dir='ltr'>γεώο</span> 
     </span>
    </p>
   </div>
   <div class='ocr_carea' id='block_1_48' title="bbox 283 3966 1868 4042">
    <p class='ocr_par' dir='ltr' id='par_1_48' title="bbox 283 3966 1868 4042">
     <span class='ocr_line' id='line_1_48' title="bbox 283 3966 1868 4042; baseline 0.003 -23"><span class='ocrx_word' id='word_1_297' title='bbox 283 3966 393 4030; x_wconf 79' lang='grc' dir='ltr'>δεις</span> <span class='ocrx_word' id='word_1_298' title='bbox 424 3966 727 4037; x_wconf 77' lang='grc' dir='ltr'>ὑπέρυθροι</span> <span class='ocrx_word' id='word_1_299' title='bbox 757 3970 907 4041; x_wconf 82' lang='grc' dir='ltr'>παρὰ</span> <span class='ocrx_word' id='word_1_300' title='bbox 938 3969 1108 4022; x_wconf 76' lang='grc' dir='ltr'>πολλὰ</span> <span class='ocrx_word' id='word_1_301' title='bbox 1142 3969 1331 4037; x_wconf 70' lang='grc' dir='ltr'>στάδια</span> <span class='ocrx_word' id='word_1_302' title='bbox 1372 3970 1473 4041; x_wconf 82' lang='grc' dir='ltr'>τῆς</span> <span class='ocrx_word' id='word_1_303' title='bbox 1499 3970 1688 4024; x_wconf 80' lang='grc' dir='ltr'>αὐτόθι</span> <span class='ocrx_word' id='word_1_304' title='bbox 1723 3988 1868 4042; x_wconf 83' lang='grc' dir='ltr'>παρ-</span> 
     </span>
    </p>
   </div>
   <div class='ocr_carea' id='block_1_49' title="bbox 286 4060 1872 4133">
    <p class='ocr_par' dir='ltr' id='par_1_49' title="bbox 286 4060 1872 4133">
     <span class='ocr_line' id='line_1_49' title="bbox 286 4060 1872 4133; baseline 0.004 -23"><span class='ocrx_word' id='word_1_305' title='bbox 286 4060 440 4121; x_wconf 83' lang='grc' dir='ltr'>αλίας</span> <span class='ocrx_word' id='word_1_306' title='bbox 478 4060 822 4130; x_wconf 82' lang='grc' dir='ltr'>ὲκκέχυνται.</span> <span class='ocrx_word' id='word_1_307' title='bbox 861 4061 1139 4131; x_wconf 82' lang='grc' dir='ltr'>Οὐμενοῧν</span> <span class='ocrx_word' id='word_1_308' title='bbox 1183 4062 1282 4115; x_wconf 82' lang='grc' dir='ltr'>οὐκ</span> <span class='ocrx_word' id='word_1_309' title='bbox 1314 4065 1379 4114; x_wconf 75' lang='grc' dir='ltr'>ἐκ</span> <span class='ocrx_word' id='word_1_310' title='bbox 1404 4061 1596 4114; x_wconf 83' lang='grc' dir='ltr'>τούτου</span> <span class='ocrx_word' id='word_1_311' title='bbox 1633 4062 1872 4133; x_wconf 76' lang='grc' dir='ltr'>Ἐρυθρὰ</span> 
     </span>
    </p>
   </div>
   <div class='ocr_carea' id='block_1_50' title="bbox 287 4150 1869 4224">
    <p class='ocr_par' dir='ltr' id='par_1_50' title="bbox 287 4150 1869 4224">
     <span class='ocr_line' id='line_1_50' title="bbox 287 4150 1869 4224; baseline 0.003 -21"><span class='ocrx_word' id='word_1_312' title='bbox 287 4150 571 4221; x_wconf 82' lang='grc' dir='ltr'>κέκληται.</span> <span class='ocrx_word' id='word_1_313' title='bbox 610 4152 672 4205; x_wconf 78' lang='grc' dir='ltr'><strong>Εἰ</strong></span> <span class='ocrx_word' id='word_1_314' title='bbox 699 4153 809 4223; x_wconf 82' lang='grc' dir='ltr'><strong>γὰρ</strong></span> <span class='ocrx_word' id='word_1_315' title='bbox 848 4154 943 4205; x_wconf 81' lang='grc' dir='ltr'>καὶ</span> <span class='ocrx_word' id='word_1_316' title='bbox 966 4155 995 4205; x_wconf 88' lang='lat'><strong>6</strong></span> <span class='ocrx_word' id='word_1_317' title='bbox 1022 4154 1342 4224; x_wconf 79' lang='grc' dir='ltr'>παράπλους</span> <span class='ocrx_word' id='word_1_318' title='bbox 1382 4155 1480 4224; x_wconf 85' lang='grc' dir='ltr'><strong>μέν</strong></span> <span class='ocrx_word' id='word_1_319' title='bbox 1508 4155 1623 4207; x_wconf 78' lang='grc' dir='ltr'>ἐστι</span> <span class='ocrx_word' id='word_1_320' title='bbox 1651 4154 1834 4217; x_wconf 83' lang='grc' dir='ltr'>στενὸς</span> <span class='ocrx_word' id='word_1_321' title='bbox 1853 4194 1869 4221; x_wconf 92' lang='grc'><strong>,</strong></span> 
     </span>
    </p>
   </div>
   <div class='ocr_carea' id='block_1_51' title="bbox 288 4243 1869 4318">
    <p class='ocr_par' dir='ltr' id='par_1_51' title="bbox 288 4243 1869 4318">
     <span class='ocr_line' id='line_1_51' title="bbox 288 4243 1869 4318; baseline 0.003 -23"><span class='ocrx_word' id='word_1_322' title='bbox 288 4243 392 4295; x_wconf 81' lang='grc' dir='ltr'><strong>τῶν</strong></span> <span class='ocrx_word' id='word_1_323' title='bbox 424 4244 481 4297; x_wconf 78' lang='grc' dir='ltr'><strong>δὲ</strong></span> <span class='ocrx_word' id='word_1_324' title='bbox 511 4244 689 4312; x_wconf 64' lang='grc' dir='ltr'>λόφων</span> <span class='ocrx_word' id='word_1_325' title='bbox 718 4248 815 4299; x_wconf 77' lang='grc' dir='ltr'>καὶ</span> <span class='ocrx_word' id='word_1_326' title='bbox 854 4246 1018 4300; x_wconf 87' lang='grc' dir='ltr'>θινῶν</span> <span class='ocrx_word' id='word_1_327' title='bbox 1062 4249 1147 4316; x_wconf 74' lang='grc' dir='ltr'><strong>ἐφ’</strong></span> <span class='ocrx_word' id='word_1_328' title='bbox 1197 4248 1438 4318; x_wconf 77' lang='grc' dir='ltr'>ἑκάτερα</span> <span class='ocrx_word' id='word_1_329' title='bbox 1469 4248 1489 4278; x_wconf 82' lang='grc'>⁹</span> <span class='ocrx_word' id='word_1_330' title='bbox 1528 4246 1622 4300; x_wconf 79' lang='grc' dir='ltr'><strong>τοῦ</strong></span> <span class='ocrx_word' id='word_1_331' title='bbox 1668 4247 1869 4300; x_wconf 84' lang='grc' dir='ltr'>κόλπου</span> 
     </span>
    </p>
   </div>
   <div class='ocr_carea' id='block_1_52' title="bbox 290 4336 1867 4410">
    <p class='ocr_par' dir='ltr' id='par_1_52' title="bbox 290 4336 1867 4410">
     <span class='ocr_line' id='line_1_52' title="bbox 290 4336 1867 4410; baseline 0.006 -27"><span class='ocrx_word' id='word_1_332' title='bbox 290 4336 487 4399; x_wconf 74' lang='grc' dir='ltr'>παντὸς</span> <span class='ocrx_word' id='word_1_333' title='bbox 534 4337 951 4407; x_wconf 81' lang='grc' dir='ltr'>ὑπερκειμένων</span> <span class='ocrx_word' id='word_1_334' title='bbox 997 4340 1032 4409; x_wconf 77' lang='grc' dir='ltr'>ἡ</span> <span class='ocrx_word' id='word_1_335' title='bbox 1067 4339 1344 4393; x_wconf 78' lang='grc' dir='ltr'>πίπτουσα</span> <span class='ocrx_word' id='word_1_336' title='bbox 1374 4339 1505 4409; x_wconf 85' lang='grc' dir='ltr'>παρ’</span> <span class='ocrx_word' id='word_1_337' title='bbox 1534 4340 1867 4410; x_wconf 81' lang='grc' dir='ltr'>ἀμφοτέρων</span> 
     </span>
    </p>
   </div>
   <div class='ocr_carea' id='block_1_53' title="bbox 2042 3491 3555 3572">
    <p class='ocr_par' dir='ltr' id='par_1_53' title="bbox 2042 3491 3555 3572">
     <span class='ocr_line' id='line_1_53' title="bbox 2042 3491 3555 3572; baseline -0.015 -8"><span class='ocrx_word' id='word_1_338' title='bbox 2042 3510 2173 3565; x_wconf 73' lang='lat' dir='ltr'><strong>CAP.</strong></span> <span class='ocrx_word' id='word_1_339' title='bbox 2220 3504 2284 3561; x_wconf 87' lang='lat' dir='ltr'><strong>Il.</strong></span> <span class='ocrx_word' id='word_1_340' title='bbox 2318 3502 2666 3572; x_wconf 70' lang='lat' dir='ltr'><strong>Quadruplex</strong></span> <span class='ocrx_word' id='word_1_341' title='bbox 2704 3496 3023 3570; x_wconf 74' lang='lat' dir='ltr'><strong>etymologia</strong></span> <span class='ocrx_word' id='word_1_342' title='bbox 3054 3493 3224 3549; x_wconf 83' lang='lat' dir='ltr'><strong>Rubri</strong></span> <span class='ocrx_word' id='word_1_343' title='bbox 3258 3491 3446 3545; x_wconf 80' lang='lat' dir='ltr'><strong>maris.</strong></span> <span class='ocrx_word' id='word_1_344' title='bbox 3484 3518 3555 3534; x_wconf 88' lang='lat'><strong>-—-</strong></span> 
     </span>
    </p>
   </div>
   <div class='ocr_carea' id='block_1_54' title="bbox 1974 3579 3557 3656">
    <p class='ocr_par' dir='ltr' id='par_1_54' title="bbox 1974 3579 3557 3656">
     <span class='ocr_line' id='line_1_54' title="bbox 1974 3579 3557 3656; baseline -0.015 0"><span class='ocrx_word' id='word_1_345' title='bbox 1974 3601 2224 3656; x_wconf 80' lang='lat' dir='ltr'><strong>Rubrum</strong></span> <span class='ocrx_word' id='word_1_346' title='bbox 2260 3611 2410 3651; x_wconf 86' lang='lat' dir='ltr'><strong>mare</strong></span> <span class='ocrx_word' id='word_1_347' title='bbox 2442 3595 2567 3648; x_wconf 81' lang='lat' dir='ltr'><strong>inde</strong></span> <span class='ocrx_word' id='word_1_348' title='bbox 2594 3606 2794 3647; x_wconf 86' lang='lat' dir='ltr'><strong>nomen</strong></span> <span class='ocrx_word' id='word_1_349' title='bbox 2828 3588 3049 3642; x_wconf 90' lang='lat' dir='ltr'><strong>trahere</strong></span> <span class='ocrx_word' id='word_1_350' title='bbox 3089 3584 3199 3650; x_wconf 90' lang='lat' dir='ltr'><strong>ait,</strong></span> <span class='ocrx_word' id='word_1_351' title='bbox 3255 3597 3364 3637; x_wconf 90' lang='lat' dir='ltr'><strong>non</strong></span> <span class='ocrx_word' id='word_1_352' title='bbox 3411 3579 3557 3649; x_wconf 90' lang='lat' dir='ltr'><strong>quod</strong></span> 
     </span>
    </p>
   </div>
   <div class='ocr_carea' id='block_1_55' title="bbox 1974 3682 3557 3761">
    <p class='ocr_par' dir='ltr' id='par_1_55' title="bbox 1974 3682 3557 3761">
     <span class='ocr_line' id='line_1_55' title="bbox 1974 3682 3557 3761; baseline -0.015 -16"><span class='ocrx_word' id='word_1_353' title='bbox 1974 3690 2099 3761; x_wconf 86' lang='lat' dir='ltr'><strong>ejus</strong></span> <span class='ocrx_word' id='word_1_354' title='bbox 2124 3689 2301 3751; x_wconf 88' lang='lat' dir='ltr'><strong>sinus,</strong></span> <span class='ocrx_word' id='word_1_355' title='bbox 2329 3700 2491 3756; x_wconf 92' lang='lat' dir='ltr'><strong>quem</strong></span> <span class='ocrx_word' id='word_1_356' title='bbox 2520 3682 2815 3737; x_wconf 85' lang='lat' dir='ltr'><strong>Arabicqu</strong></span> <span class='ocrx_word' id='word_1_357' title='bbox 2846 3684 3065 3740; x_wconf 82' lang='lat' dir='ltr'><strong>vocant,</strong></span> <span class='ocrx_word' id='word_1_358' title='bbox 3105 3684 3322 3729; x_wconf 89' lang='lat' dir='ltr'><strong>montes</strong></span> <span class='ocrx_word' id='word_1_359' title='bbox 3344 3712 3358 3737; x_wconf 89' lang='lat'><strong>,</strong></span> <span class='ocrx_word' id='word_1_360' title='bbox 3392 3686 3557 3727; x_wconf 82' lang='lat' dir='ltr'><strong>occa-</strong></span> 
     </span>
    </p>
   </div>
   <div class='ocr_carea' id='block_1_56' title="bbox 1974 3760 3559 3845">
    <p class='ocr_par' dir='ltr' id='par_1_56' title="bbox 1974 3760 3559 3845">
     <span class='ocr_line' id='line_1_56' title="bbox 1974 3760 3559 3845; baseline -0.015 -5"><span class='ocrx_word' id='word_1_361' title='bbox 1974 3760 2097 3840; x_wconf 86' lang='lat' dir='ltr'><strong>sum</strong></span> <span class='ocrx_word' id='word_1_362' title='bbox 2142 3796 2336 3836; x_wconf 89' lang='lat' dir='ltr'><strong>versus</strong></span> <span class='ocrx_word' id='word_1_363' title='bbox 2357 3821 2373 3845; x_wconf 97' lang='lat'><strong>,</strong></span> <span class='ocrx_word' id='word_1_364' title='bbox 2417 3779 2547 3832; x_wconf 92' lang='lat' dir='ltr'><strong>dum</strong></span> <span class='ocrx_word' id='word_1_365' title='bbox 2577 3790 2732 3830; x_wconf 86' lang='lat' dir='ltr'><strong>acres</strong></span> <span class='ocrx_word' id='word_1_366' title='bbox 2763 3782 2816 3827; x_wconf 91' lang='lat' dir='ltr'><strong>et</strong></span> <span class='ocrx_word' id='word_1_367' title='bbox 2849 3768 2995 3841; x_wconf 82' lang='lat' dir='ltr'><strong>ignei</strong></span> <span class='ocrx_word' id='word_1_368' title='bbox 3027 3767 3159 3824; x_wconf 89' lang='lat' dir='ltr'><strong>solis</strong></span> <span class='ocrx_word' id='word_1_369' title='bbox 3183 3765 3320 3821; x_wconf 89' lang='lat' dir='ltr'><strong>radii</strong></span> <span class='ocrx_word' id='word_1_370' title='bbox 3349 3778 3445 3819; x_wconf 90' lang='lat' dir='ltr'><strong>eos</strong></span> <span class='ocrx_word' id='word_1_371' title='bbox 3478 3760 3559 3817; x_wconf 80' lang='lat' dir='ltr'><strong>fe-</strong></span> 
     </span>
    </p>
   </div>
   <div class='ocr_carea' id='block_1_57' title="bbox 1975 3859 3559 3938">
    <p class='ocr_par' dir='ltr' id='par_1_57' title="bbox 1975 3859 3559 3938">
     <span class='ocr_line' id='line_1_57' title="bbox 1975 3859 3559 3938; baseline -0.014 -6"><span class='ocrx_word' id='word_1_372' title='bbox 1975 3878 2161 3938; x_wconf 87' lang='lat' dir='ltr'><strong>riunt,</strong></span> <span class='ocrx_word' id='word_1_373' title='bbox 2207 3873 2459 3929; x_wconf 82' lang='lat' dir='ltr'><strong>carbonis</strong></span> <span class='ocrx_word' id='word_1_374' title='bbox 2513 3868 2743 3923; x_wconf 85' lang='lat' dir='ltr'><strong>reddant</strong></span> <span class='ocrx_word' id='word_1_375' title='bbox 2787 3865 3027 3934; x_wconf 85' lang='lat' dir='ltr'><strong>speciem</strong></span> <span class='ocrx_word' id='word_1_376' title='bbox 3058 3878 3071 3915; x_wconf 91' lang='lat'><strong>:</strong></span> <span class='ocrx_word' id='word_1_377' title='bbox 3100 3859 3167 3914; x_wconf 87' lang='lat' dir='ltr'><strong>ad</strong></span> <span class='ocrx_word' id='word_1_378' title='bbox 3202 3867 3385 3913; x_wconf 91' lang='lat' dir='ltr'><strong>ortum</strong></span> <span class='ocrx_word' id='word_1_379' title='bbox 3429 3869 3559 3910; x_wconf 90' lang='lat' dir='ltr'><strong>vero</strong></span> 
     </span>
    </p>
   </div>
   <div class='ocr_carea' id='block_1_58' title="bbox 1976 3949 3557 4034">
    <p class='ocr_par' dir='ltr' id='par_1_58' title="bbox 1976 3949 3557 4034">
     <span class='ocr_line' id='line_1_58' title="bbox 1976 3949 3557 4034; baseline -0.016 -10"><span class='ocrx_word' id='word_1_380' title='bbox 1976 3968 2171 4025; x_wconf 89' lang='lat' dir='ltr'><strong>tumuli</strong></span> <span class='ocrx_word' id='word_1_381' title='bbox 2198 3981 2377 4021; x_wconf 64' lang='lat' dir='ltr'><strong>arenae</strong></span> <span class='ocrx_word' id='word_1_382' title='bbox 2398 3975 2451 4018; x_wconf 92' lang='lat' dir='ltr'><strong>et</strong></span> <span class='ocrx_word' id='word_1_383' title='bbox 2477 3962 2647 4034; x_wconf 80' lang='lat' dir='ltr'><strong>glebae</strong></span> <span class='ocrx_word' id='word_1_384' title='bbox 2678 3957 2969 4028; x_wconf 80' lang='lat' dir='ltr'><strong>insigniter</strong></span> <span class='ocrx_word' id='word_1_385' title='bbox 2989 3952 3116 4016; x_wconf 83' lang='lat' dir='ltr'><strong>ruﬁ,</strong></span> <span class='ocrx_word' id='word_1_386' title='bbox 3149 3951 3216 4006; x_wconf 90' lang='lat' dir='ltr'><strong>ad</strong></span> <span class='ocrx_word' id='word_1_387' title='bbox 3242 3949 3415 4004; x_wconf 86' lang='lat' dir='ltr'><strong>multa</strong></span> <span class='ocrx_word' id='word_1_388' title='bbox 3444 3960 3557 4001; x_wconf 70' lang='lat' dir='ltr'><strong>orae</strong></span> 
     </span>
    </p>
   </div>
   <div class='ocr_carea' id='block_1_59' title="bbox 1976 4037 3556 4117">
    <p class='ocr_par' dir='ltr' id='par_1_59' title="bbox 1976 4037 3556 4117">
     <span class='ocr_line' id='line_1_59' title="bbox 1976 4037 3556 4117; baseline -0.016 -1"><span class='ocrx_word' id='word_1_389' title='bbox 1976 4062 2128 4117; x_wconf 86' lang='lat' dir='ltr'><strong>illius</strong></span> <span class='ocrx_word' id='word_1_390' title='bbox 2166 4058 2457 4113; x_wconf 66' lang='lat' dir='ltr'><strong>maritimae</strong></span> <span class='ocrx_word' id='word_1_391' title='bbox 2489 4053 2663 4110; x_wconf 84' lang='lat' dir='ltr'><strong>stadia</strong></span> <span class='ocrx_word' id='word_1_392' title='bbox 2698 4050 3073 4106; x_wconf 72' lang='lat' dir='ltr'><strong>elfundantur.</strong></span> <span class='ocrx_word' id='word_1_393' title='bbox 3106 4042 3259 4098; x_wconf 88' lang='lat' dir='ltr'><strong>Hanc</strong></span> <span class='ocrx_word' id='word_1_394' title='bbox 3299 4037 3556 4113; x_wconf 88' lang='lat' dir='ltr'><strong>(inquit)</strong></span> 
     </span>
    </p>
   </div>
   <div class='ocr_carea' id='block_1_60' title="bbox 1975 4128 3555 4209">
    <p class='ocr_par' dir='ltr' id='par_1_60' title="bbox 1975 4128 3555 4209">
     <span class='ocr_line' id='line_1_60' title="bbox 1975 4128 3555 4209; baseline -0.018 1"><span class='ocrx_word' id='word_1_395' title='bbox 1975 4156 2047 4209; x_wconf 92' lang='lat' dir='ltr'><strong>ob</strong></span> <span class='ocrx_word' id='word_1_396' title='bbox 2077 4167 2299 4209; x_wconf 87' lang='lat' dir='ltr'><strong>causam</strong></span> <span class='ocrx_word' id='word_1_397' title='bbox 2332 4164 2481 4204; x_wconf 89' lang='lat' dir='ltr'><strong>mare</strong></span> <span class='ocrx_word' id='word_1_398' title='bbox 2507 4148 2639 4201; x_wconf 85' lang='lat' dir='ltr'><strong>illud</strong></span> <span class='ocrx_word' id='word_1_399' title='bbox 2678 4143 2926 4197; x_wconf 78' lang='lat' dir='ltr'><strong>Rubrum</strong></span> <span class='ocrx_word' id='word_1_400' title='bbox 2971 4152 3081 4193; x_wconf 89' lang='lat' dir='ltr'><strong>non</strong></span> <span class='ocrx_word' id='word_1_401' title='bbox 3126 4143 3373 4190; x_wconf 81' lang='lat' dir='ltr'><strong>vocatur.</strong></span> <span class='ocrx_word' id='word_1_402' title='bbox 3417 4128 3555 4184; x_wconf 89' lang='lat' dir='ltr'><strong>Nam</strong></span> 
     </span>
    </p>
   </div>
   <div class='ocr_carea' id='block_1_61' title="bbox 1975 4225 3561 4313">
    <p class='ocr_par' dir='ltr' id='par_1_61' title="bbox 1975 4225 3561 4313">
     <span class='ocr_line' id='line_1_61' title="bbox 1975 4225 3561 4313; baseline -0.017 -11"><span class='ocrx_word' id='word_1_403' title='bbox 1975 4260 2101 4301; x_wconf 92' lang='lat' dir='ltr'><strong>cum</strong></span> <span class='ocrx_word' id='word_1_404' title='bbox 2130 4242 2408 4313; x_wconf 82' lang='lat' dir='ltr'><strong>navigatio</strong></span> <span class='ocrx_word' id='word_1_405' title='bbox 2438 4241 2561 4294; x_wconf 85' lang='lat' dir='ltr'><strong>illac</strong></span> <span class='ocrx_word' id='word_1_406' title='bbox 2593 4237 2662 4292; x_wconf 89' lang='lat' dir='ltr'><strong>sit</strong></span> <span class='ocrx_word' id='word_1_407' title='bbox 2692 4240 2949 4302; x_wconf 82' lang='lat' dir='ltr'><strong>angusta,</strong></span> <span class='ocrx_word' id='word_1_408' title='bbox 2969 4230 3101 4285; x_wconf 90' lang='lat' dir='ltr'><strong>dum</strong></span> <span class='ocrx_word' id='word_1_409' title='bbox 3126 4225 3362 4281; x_wconf 83' lang='lat' dir='ltr'><strong>vertices</strong></span> <span class='ocrx_word' id='word_1_410' title='bbox 3387 4232 3442 4277; x_wconf 90' lang='lat' dir='ltr'><strong>et</strong></span> <span class='ocrx_word' id='word_1_411' title='bbox 3473 4231 3561 4276; x_wconf 88' lang='lat' dir='ltr'><strong>tu-</strong></span> 
     </span>
    </p>
   </div>
   <div class='ocr_carea' id='block_1_62' title="bbox 1977 4314 3560 4400">
    <p class='ocr_par' dir='ltr' id='par_1_62' title="bbox 1977 4314 3560 4400">
     <span class='ocr_line' id='line_1_62' title="bbox 1977 4314 3560 4400; baseline -0.017 -6"><span class='ocrx_word' id='word_1_412' title='bbox 1977 4340 2108 4394; x_wconf 85' lang='lat' dir='ltr'><strong>muli</strong></span> <span class='ocrx_word' id='word_1_413' title='bbox 2155 4337 2414 4392; x_wconf 83' lang='lat' dir='ltr'><strong>universo</strong></span> <span class='ocrx_word' id='word_1_414' title='bbox 2443 4333 2697 4400; x_wconf 90' lang='lat' dir='ltr'><strong>utrinque</strong></span> <span class='ocrx_word' id='word_1_415' title='bbox 2731 4327 2878 4382; x_wconf 92' lang='lat' dir='ltr'><strong>sinui</strong></span> <span class='ocrx_word' id='word_1_416' title='bbox 2914 4321 3254 4394; x_wconf 88' lang='lat' dir='ltr'><strong>impendent,</strong></span> <span class='ocrx_word' id='word_1_417' title='bbox 3301 4314 3560 4387; x_wconf 80' lang='lat' dir='ltr'><strong>splendor</strong></span> 
     </span>
    </p>
   </div>
   <div class='ocr_carea' id='block_1_63' title="bbox 290 4408 1867 4504">
    <p class='ocr_par' dir='ltr' id='par_1_63' title="bbox 290 4408 1867 4504">
     <span class='ocr_line' id='line_1_63' title="bbox 290 4408 1867 4504; baseline 0.005 -26"><span class='ocrx_word' id='word_1_418' title='bbox 290 4429 369 4489; x_wconf 78' lang='grc' dir='ltr'>εἰς</span> <span class='ocrx_word' id='word_1_419' title='bbox 398 4420 495 4481; x_wconf 81' lang='grc' dir='ltr'>τὸν</span> <span class='ocrx_word' id='word_1_420' title='bbox 538 4430 707 4500; x_wconf 83' lang='grc' dir='ltr'>πόρον</span> <span class='ocrx_word' id='word_1_421' title='bbox 740 4430 848 4483; x_wconf 83' lang='grc' dir='ltr'>τῶν</span> <span class='ocrx_word' id='word_1_422' title='bbox 894 4431 1141 4504; x_wconf 75' lang='grc' dir='ltr'>ἠπείρων</span> <span class='ocrx_word' id='word_1_423' title='bbox 1167 4432 1312 4504; x_wconf 79' lang='grc' dir='ltr'>αὐγὴ</span> <span class='ocrx_word' id='word_1_424' title='bbox 1339 4436 1406 4504; x_wconf 84' lang='grc' dir='ltr'>τῇ</span> <span class='ocrx_word' id='word_1_425' title='bbox 1439 4433 1621 4504; x_wconf 83' lang='grc' dir='ltr'>χέρσῳ</span> <span class='ocrx_word' id='word_1_426' title='bbox 1655 4408 1867 4503; x_wconf 87' lang='grc' dir='ltr'>παρεγ-</span> 
     </span>
    </p>
   </div>
   <div class='ocr_carea' id='block_1_64' title="bbox 1980 4408 3557 4504">
    <p class='ocr_par' dir='ltr' id='par_1_64' title="bbox 1980 4408 3557 4496">
     <span class='ocr_line' id='line_1_64' title="bbox 1980 4408 3557 4496; baseline -0.015 -11"><span class='ocrx_word' id='word_1_427' title='bbox 1980 4447 2039 4486; x_wconf 78' lang='lat' dir='ltr'><strong>ex</strong></span> <span class='ocrx_word' id='word_1_428' title='bbox 2074 4438 2306 4496; x_wconf 84' lang='lat' dir='ltr'><strong>utraque</strong></span> <span class='ocrx_word' id='word_1_429' title='bbox 2346 4425 2659 4480; x_wconf 85' lang='lat' dir='ltr'><strong>continente</strong></span> <span class='ocrx_word' id='word_1_430' title='bbox 2693 4418 2896 4491; x_wconf 59' lang='lat' dir='ltr'><strong>“Qa</strong></span> <span class='ocrx_word' id='word_1_431' title='bbox 2948 4416 3003 4469; x_wconf 88' lang='lat' dir='ltr'><strong>in</strong></span> <span class='ocrx_word' id='word_1_432' title='bbox 3036 4412 3235 4467; x_wconf 79' lang='lat' dir='ltr'><strong>fretum</strong></span> <span class='ocrx_word' id='word_1_433' title='bbox 3287 4408 3557 4466; x_wconf 87' lang='lat' dir='ltr'><strong>incidens.</strong></span> 
     </span>
    </p>
   </div>
   <div class='ocr_carea' id='block_1_65' title="bbox 291 4519 1872 4596">
    <p class='ocr_par' dir='ltr' id='par_1_65' title="bbox 291 4519 1872 4596">
     <span class='ocr_line' id='line_1_65' title="bbox 291 4519 1872 4596; baseline 0.004 -25"><span class='ocrx_word' id='word_1_434' title='bbox 291 4521 396 4590; x_wconf 82' lang='grc' dir='ltr'><strong>γυᾷ</strong></span> <span class='ocrx_word' id='word_1_435' title='bbox 425 4523 527 4590; x_wconf 78' lang='grc' dir='ltr'>τὴν</span> <span class='ocrx_word' id='word_1_436' title='bbox 558 4519 829 4574; x_wconf 83' lang='grc' dir='ltr'>θάλατταν</span> <span class='ocrx_word' id='word_1_437' title='bbox 876 4523 1090 4593; x_wconf 80' lang='grc' dir='ltr'>ὁμοίαν,</span> <span class='ocrx_word' id='word_1_438' title='bbox 1121 4525 1221 4593; x_wconf 87' lang='grc' dir='ltr'>τῆς</span> <span class='ocrx_word' id='word_1_439' title='bbox 1254 4526 1355 4595; x_wconf 82' lang='grc' dir='ltr'>μὲν</span> <span class='ocrx_word' id='word_1_440' title='bbox 1379 4525 1517 4588; x_wconf 84' lang='grc' dir='ltr'>ίδίας</span> <span class='ocrx_word' id='word_1_441' title='bbox 1545 4527 1711 4577; x_wconf 82' lang='grc' dir='ltr'>πᾶσιν</span> <span class='ocrx_word' id='word_1_442' title='bbox 1733 4528 1872 4596; x_wconf 80' lang='grc' dir='ltr'>ὁρω-</span> 
     </span>
    </p>
   </div>
   <div class='ocr_carea' id='block_1_66' title="bbox 294 4612 1877 4688">
    <p class='ocr_par' dir='ltr' id='par_1_66' title="bbox 294 4612 1877 4688">
     <span class='ocr_line' id='line_1_66' title="bbox 294 4612 1877 4688; baseline 0.004 -23"><span class='ocrx_word' id='word_1_443' title='bbox 294 4612 484 4683; x_wconf 83' lang='grc' dir='ltr'>μένης,</span> <span class='ocrx_word' id='word_1_444' title='bbox 524 4613 622 4667; x_wconf 81' lang='grc' dir='ltr'>τοῦ</span> <span class='ocrx_word' id='word_1_445' title='bbox 652 4615 708 4668; x_wconf 81' lang='grc' dir='ltr'><strong>δὲ</strong></span> <span class='ocrx_word' id='word_1_446' title='bbox 761 4615 962 4679; x_wconf 81' lang='grc' dir='ltr'>πάθους</span> <span class='ocrx_word' id='word_1_447' title='bbox 1013 4618 1073 4669; x_wconf 81' lang='grc' dir='ltr'>οὐ</span> <span class='ocrx_word' id='word_1_448' title='bbox 1120 4618 1256 4670; x_wconf 85' lang='grc' dir='ltr'>πᾶσι</span> <span class='ocrx_word' id='word_1_449' title='bbox 1288 4619 1723 4688; x_wconf 80' lang='grc' dir='ltr'>γινωσκομένου,</span> <span class='ocrx_word' id='word_1_450' title='bbox 1760 4616 1877 4671; x_wconf 79' lang='grc' dir='ltr'>ἀλλ’</span> 
     </span>
    </p>
   </div>
   <div class='ocr_carea' id='block_1_67' title="bbox 290 4703 1874 4780">
    <p class='ocr_par' dir='ltr' id='par_1_67' title="bbox 290 4703 1874 4780">
     <span class='ocr_line' id='line_1_67' title="bbox 290 4703 1874 4780; baseline 0.004 -24"><span class='ocrx_word' id='word_1_451' title='bbox 290 4703 382 4757; x_wconf 77' lang='grc' dir='ltr'>οὖν</span> <span class='ocrx_word' id='word_1_452' title='bbox 438 4706 499 4758; x_wconf 84' lang='grc' dir='ltr'><strong>ού</strong></span> <span class='ocrx_word' id='word_1_453' title='bbox 548 4706 637 4761; x_wconf 86' lang='grc' dir='ltr'><strong>διὰ</strong></span> <span class='ocrx_word' id='word_1_454' title='bbox 659 4707 814 4761; x_wconf 80' lang='grc' dir='ltr'><strong>τοῦτὸ</strong></span> <span class='ocrx_word' id='word_1_455' title='bbox 844 4725 977 4779; x_wconf 80' lang='grc' dir='ltr'>φησι</span> <span class='ocrx_word' id='word_1_456' title='bbox 1030 4708 1129 4778; x_wconf 83' lang='grc' dir='ltr'>τὴν</span> <span class='ocrx_word' id='word_1_457' title='bbox 1178 4709 1371 4779; x_wconf 83' lang='grc' dir='ltr'>κλῆσιν</span> <span class='ocrx_word' id='word_1_458' title='bbox 1423 4709 1610 4762; x_wconf 86' lang='grc' dir='ltr'>λαϐεῖν</span> <span class='ocrx_word' id='word_1_459' title='bbox 1641 4710 1740 4780; x_wconf 83' lang='grc' dir='ltr'>τὴν</span> <span class='ocrx_word' id='word_1_460' title='bbox 1774 4709 1874 4764; x_wconf 88' lang='grc' dir='ltr'><strong>θά-</strong></span> 
     </span>
    </p>
   </div>
   <div class='ocr_carea' id='block_1_68' title="bbox 293 4790 1870 4866">
    <p class='ocr_par' dir='ltr' id='par_1_68' title="bbox 293 4790 1870 4866">
     <span class='ocr_line' id='line_1_68' title="bbox 293 4790 1870 4866; baseline 0.006 -23"><span class='ocrx_word' id='word_1_461' title='bbox 293 4790 506 4857; x_wconf 75' lang='grc' dir='ltr'>λατταν,</span> <span class='ocrx_word' id='word_1_462' title='bbox 547 4795 597 4847; x_wconf 84' lang='grc' dir='ltr'><strong>εί</strong></span> <span class='ocrx_word' id='word_1_463' title='bbox 644 4796 743 4847; x_wconf 72' lang='grc' dir='ltr'><strong>καὶ</strong></span> <span class='ocrx_word' id='word_1_464' title='bbox 772 4796 881 4848; x_wconf 83' lang='grc' dir='ltr'><strong>τῶν</strong></span> <span class='ocrx_word' id='word_1_465' title='bbox 912 4797 1019 4865; x_wconf 76' lang='grc' dir='ltr'>πρὸ</span> <span class='ocrx_word' id='word_1_466' title='bbox 1057 4797 1224 4850; x_wconf 83' lang='grc' dir='ltr'>αὐτοῦ</span> <span class='ocrx_word' id='word_1_467' title='bbox 1254 4798 1411 4852; x_wconf 84' lang='grc' dir='ltr'>τοῦτο</span> <span class='ocrx_word' id='word_1_468' title='bbox 1434 4798 1647 4863; x_wconf 83' lang='grc' dir='ltr'>πολλοῖς</span> <span class='ocrx_word' id='word_1_469' title='bbox 1669 4800 1870 4866; x_wconf 79' lang='grc' dir='ltr'>ἔδοξεν.</span> 
     </span>
    </p>
   </div>
   <div class='ocr_carea' id='block_1_69' title="bbox 296 4877 1874 4963">
    <p class='ocr_par' dir='ltr' id='par_1_69' title="bbox 296 4877 1874 4963">
     <span class='ocr_line' id='line_1_69' title="bbox 296 4877 1874 4963; baseline 0.007 -29"><span class='ocrx_word' id='word_1_470' title='bbox 296 4877 452 4937; x_wconf 59' lang='grc' dir='ltr'>τιδὲι</span> <span class='ocrx_word' id='word_1_471' title='bbox 482 4884 576 4958; x_wconf 83' lang='lat' dir='ltr'><strong>R.]</strong></span> <span class='ocrx_word' id='word_1_472' title='bbox 608 4886 767 4940; x_wconf 75' lang='grc' dir='ltr'>Οὕτω</span> <span class='ocrx_word' id='word_1_473' title='bbox 798 4887 897 4957; x_wconf 84' lang='grc' dir='ltr'>μὲν</span> <span class='ocrx_word' id='word_1_474' title='bbox 920 4888 1014 4942; x_wconf 76' lang='grc' dir='ltr'>οὖν</span> <span class='ocrx_word' id='word_1_475' title='bbox 1035 4891 1061 4941; x_wconf 90' lang='lat'><strong>6</strong></span> <span class='ocrx_word' id='word_1_476' title='bbox 1106 4889 1319 4961; x_wconf 81' lang='grc' dir='ltr'>πρῶτος</span> <span class='ocrx_word' id='word_1_477' title='bbox 1358 4893 1407 4944; x_wconf 80' lang='grc' dir='ltr'><strong>εί</strong></span> <span class='ocrx_word' id='word_1_478' title='bbox 1432 4893 1524 4944; x_wconf 72' lang='grc' dir='ltr'>καὶ</span> <span class='ocrx_word' id='word_1_479' title='bbox 1560 4892 1636 4963; x_wconf 82' lang='grc' dir='ltr'>μὴ</span> <span class='ocrx_word' id='word_1_480' title='bbox 1667 4891 1874 4963; x_wconf 84' lang='grc' dir='ltr'>ἀληθὴς</span> 
     </span>
    </p>
   </div>
   <div class='ocr_carea' id='block_1_70' title="bbox 296 4973 1875 5053">
    <p class='ocr_par' dir='ltr' id='par_1_70' title="bbox 296 4973 1875 5053">
     <span class='ocr_line' id='line_1_70' title="bbox 296 4973 1875 5053; baseline 0.005 -28"><span class='ocrx_word' id='word_1_481' title='bbox 296 4973 387 5043; x_wconf 83' lang='grc' dir='ltr'>τῆς</span> <span class='ocrx_word' id='word_1_482' title='bbox 417 4974 596 5040; x_wconf 79' lang='grc' dir='ltr'>αἰτίας</span> <span class='ocrx_word' id='word_1_483' title='bbox 622 4976 800 5045; x_wconf 79' lang='grc' dir='ltr'>λόγος.</span> <span class='ocrx_word' id='word_1_484' title='bbox 854 4980 1117 5049; x_wconf 79' lang='grc' dir='ltr'>Δεύτερος</span> <span class='ocrx_word' id='word_1_485' title='bbox 1152 4983 1195 5013; x_wconf 87' lang='grc'><strong>¹⁰</strong></span> <span class='ocrx_word' id='word_1_486' title='bbox 1229 4981 1308 5046; x_wconf 82' lang='grc' dir='ltr'><strong>δὲ,</strong></span> <span class='ocrx_word' id='word_1_487' title='bbox 1352 4982 1551 5051; x_wconf 84' lang='grc' dir='ltr'>ὁμοίως</span> <span class='ocrx_word' id='word_1_488' title='bbox 1592 4982 1752 5053; x_wconf 80' lang='grc' dir='ltr'>ἔχων,</span> <span class='ocrx_word' id='word_1_489' title='bbox 1780 4982 1875 5035; x_wconf 83' lang='grc' dir='ltr'>τὸν</span> 
     </span>
    </p>
   </div>
   <div class='ocr_carea' id='block_1_71' title="bbox 298 5065 1878 5146">
    <p class='ocr_par' dir='ltr' id='par_1_71' title="bbox 298 5065 1878 5146">
     <span class='ocr_line' id='line_1_71' title="bbox 298 5065 1878 5146; baseline 0.006 -28"><span class='ocrx_word' id='word_1_490' title='bbox 298 5065 442 5133; x_wconf 72' lang='grc' dir='ltr'>ῆλιον</span> <span class='ocrx_word' id='word_1_491' title='bbox 502 5068 686 5123; x_wconf 76' lang='grc' dir='ltr'>ἐκεῖσέ</span> <span class='ocrx_word' id='word_1_492' title='bbox 749 5087 917 5141; x_wconf 75' lang='grc' dir='ltr'>φησιν</span> <span class='ocrx_word' id='word_1_493' title='bbox 978 5072 1019 5103; x_wconf 84' lang='grc'>¹¹</span> <span class='ocrx_word' id='word_1_494' title='bbox 1082 5074 1444 5129; x_wconf 82' lang='grc' dir='ltr'>ἐπιτέλλοντα</span> <span class='ocrx_word' id='word_1_495' title='bbox 1480 5077 1578 5145; x_wconf 78' lang='grc' dir='ltr'><strong>οὐχ</strong></span> <span class='ocrx_word' id='word_1_496' title='bbox 1625 5076 1701 5139; x_wconf 85' lang='grc' dir='ltr'>ὡς</span> <span class='ocrx_word' id='word_1_497' title='bbox 1748 5073 1878 5146; x_wconf 85' lang='grc' dir='ltr'>παρ’</span> 
     </span>
    </p>
   </div>
   <div class='ocr_carea' id='block_1_72' title="bbox 1974 4494 3557 4573">
    <p class='ocr_par' dir='ltr' id='par_1_72' title="bbox 1974 4494 3557 4573">
     <span class='ocr_line' id='line_1_72' title="bbox 1974 4494 3557 4573; baseline -0.016 0"><span class='ocrx_word' id='word_1_498' title='bbox 1974 4534 2124 4573; x_wconf 85' lang='lat' dir='ltr'><strong>mare</strong></span> <span class='ocrx_word' id='word_1_499' title='bbox 2152 4494 2310 4569; x_wconf 72' lang='lat' dir='ltr'><strong>terra:</strong></span> <span class='ocrx_word' id='word_1_500' title='bbox 2351 4511 2595 4567; x_wconf 85' lang='lat' dir='ltr'><strong>assimile</strong></span> <span class='ocrx_word' id='word_1_501' title='bbox 2632 4525 2756 4564; x_wconf 90' lang='lat' dir='ltr'><strong>esse</strong></span> <span class='ocrx_word' id='word_1_502' title='bbox 2798 4502 3183 4566; x_wconf 84' lang='lat' dir='ltr'><strong>denuntiaret,</strong></span> <span class='ocrx_word' id='word_1_503' title='bbox 3231 4505 3292 4553; x_wconf 89' lang='lat' dir='ltr'><strong>ut</strong></span> <span class='ocrx_word' id='word_1_504' title='bbox 3344 4494 3557 4565; x_wconf 85' lang='lat' dir='ltr'><strong>species</strong></span> 
     </span>
    </p>
   </div>
   <div class='ocr_carea' id='block_1_73' title="bbox 1973 4588 3558 4668">
    <p class='ocr_par' dir='ltr' id='par_1_73' title="bbox 1973 4588 3558 4668">
     <span class='ocr_line' id='line_1_73' title="bbox 1973 4588 3558 4668; baseline -0.016 -2"><span class='ocrx_word' id='word_1_505' title='bbox 1973 4612 2066 4668; x_wconf 89' lang='lat' dir='ltr'><strong>illa</strong></span> <span class='ocrx_word' id='word_1_506' title='bbox 2096 4610 2149 4663; x_wconf 93' lang='lat' dir='ltr'><strong>in</strong></span> <span class='ocrx_word' id='word_1_507' title='bbox 2181 4607 2429 4663; x_wconf 90' lang='lat' dir='ltr'><strong>omnium</strong></span> <span class='ocrx_word' id='word_1_508' title='bbox 2458 4604 2649 4659; x_wconf 90' lang='lat' dir='ltr'><strong>oculos</strong></span> <span class='ocrx_word' id='word_1_509' title='bbox 2686 4605 3030 4663; x_wconf 85' lang='lat' dir='ltr'><strong>incurreret,</strong></span> <span class='ocrx_word' id='word_1_510' title='bbox 3069 4593 3285 4652; x_wconf 82' lang='lat' dir='ltr'><strong>etiamsi</strong></span> <span class='ocrx_word' id='word_1_511' title='bbox 3343 4588 3558 4643; x_wconf 68' lang='lat' dir='ltr'><strong>affectio</strong></span> 
     </span>
    </p>
   </div>
   <div class='ocr_carea' id='block_1_74' title="bbox 1980 4683 3559 4766">
    <p class='ocr_par' dir='ltr' id='par_1_74' title="bbox 1980 4683 3559 4766">
     <span class='ocr_line' id='line_1_74' title="bbox 1980 4683 3559 4766; baseline -0.015 -6"><span class='ocrx_word' id='word_1_512' title='bbox 1980 4703 2197 4760; x_wconf 89' lang='lat' dir='ltr'><strong>cunctis</strong></span> <span class='ocrx_word' id='word_1_513' title='bbox 2232 4718 2340 4755; x_wconf 90' lang='lat' dir='ltr'><strong>non</strong></span> <span class='ocrx_word' id='word_1_514' title='bbox 2367 4699 2508 4756; x_wconf 75' lang='lat' dir='ltr'><strong>foret</strong></span> <span class='ocrx_word' id='word_1_515' title='bbox 2540 4697 2846 4766; x_wconf 74' lang='lat' dir='ltr'><strong>explorata.</strong></span> <span class='ocrx_word' id='word_1_516' title='bbox 2878 4692 3005 4746; x_wconf 89' lang='lat' dir='ltr'><strong>ldeo</strong></span> <span class='ocrx_word' id='word_1_517' title='bbox 3029 4702 3332 4760; x_wconf 80' lang='lat' dir='ltr'><strong>cognomen</strong></span> <span class='ocrx_word' id='word_1_518' title='bbox 3364 4688 3465 4739; x_wconf 86' lang='lat' dir='ltr'><strong>hac</strong></span> <span class='ocrx_word' id='word_1_519' title='bbox 3494 4683 3559 4737; x_wconf 88' lang='lat' dir='ltr'><strong>de</strong></span> 
     </span>
    </p>
   </div>
   <div class='ocr_carea' id='block_1_75' title="bbox 1978 4774 3561 4861">
    <p class='ocr_par' dir='ltr' id='par_1_75' title="bbox 1978 4774 3561 4861">
     <span class='ocr_line' id='line_1_75' title="bbox 1978 4774 3561 4861; baseline -0.015 -10"><span class='ocrx_word' id='word_1_520' title='bbox 1978 4811 2145 4851; x_wconf 81' lang='lat' dir='ltr'><strong>causa</strong></span> <span class='ocrx_word' id='word_1_521' title='bbox 2179 4809 2288 4849; x_wconf 91' lang='lat' dir='ltr'><strong>non</strong></span> <span class='ocrx_word' id='word_1_522' title='bbox 2317 4792 2573 4861; x_wconf 89' lang='lat' dir='ltr'><strong>adeptum</strong></span> <span class='ocrx_word' id='word_1_523' title='bbox 2600 4802 2720 4843; x_wconf 87' lang='lat' dir='ltr'><strong>esse</strong></span> <span class='ocrx_word' id='word_1_524' title='bbox 2743 4793 2935 4840; x_wconf 86' lang='lat' dir='ltr'><strong>auctor</strong></span> <span class='ocrx_word' id='word_1_525' title='bbox 2956 4791 3207 4846; x_wconf 89' lang='lat' dir='ltr'><strong>testatur,</strong></span> <span class='ocrx_word' id='word_1_526' title='bbox 3238 4781 3368 4835; x_wconf 88' lang='lat' dir='ltr'><strong>licet</strong></span> <span class='ocrx_word' id='word_1_527' title='bbox 3398 4774 3561 4831; x_wconf 87' lang='lat' dir='ltr'><strong>multi</strong></span> 
     </span>
    </p>
   </div>
   <div class='ocr_carea' id='block_1_76' title="bbox 1986 4870 3561 4957">
    <p class='ocr_par' dir='ltr' id='par_1_76' title="bbox 1986 4870 3561 4957">
     <span class='ocr_line' id='line_1_76' title="bbox 1986 4870 3561 4957; baseline -0.013 -14"><span class='ocrx_word' id='word_1_528' title='bbox 1986 4898 2113 4943; x_wconf 88' lang='lat' dir='ltr'><strong>ante</strong></span> <span class='ocrx_word' id='word_1_529' title='bbox 2155 4888 2333 4957; x_wconf 90' lang='lat' dir='ltr'><strong>ipsum</strong></span> <span class='ocrx_word' id='word_1_530' title='bbox 2366 4885 2439 4939; x_wconf 89' lang='lat' dir='ltr'><strong>ita</strong></span> <span class='ocrx_word' id='word_1_531' title='bbox 2468 4885 2578 4938; x_wconf 92' lang='lat' dir='ltr'><strong>sint</strong></span> <span class='ocrx_word' id='word_1_532' title='bbox 2622 4880 2854 4951; x_wconf 83' lang='lat' dir='ltr'><strong>Opinati.</strong></span> <span class='ocrx_word' id='word_1_533' title='bbox 2908 4877 3036 4932; x_wconf 66' lang='lat' dir='ltr'><strong>Haec</strong></span> <span class='ocrx_word' id='word_1_534' title='bbox 3074 4876 3240 4947; x_wconf 84' lang='lat' dir='ltr'><strong>igitur</strong></span> <span class='ocrx_word' id='word_1_535' title='bbox 3268 4881 3349 4928; x_wconf 88' lang='lat' dir='ltr'><strong>est</strong></span> <span class='ocrx_word' id='word_1_536' title='bbox 3382 4870 3561 4940; x_wconf 85' lang='lat' dir='ltr'><strong>prima</strong></span> 
     </span>
    </p>
   </div>
   <div class='ocr_carea' id='block_1_77' title="bbox 1979 4964 3561 5050">
    <p class='ocr_par' dir='ltr' id='par_1_77' title="bbox 1979 4964 3561 5050">
     <span class='ocr_line' id='line_1_77' title="bbox 1979 4964 3561 5050; baseline -0.011 -14"><span class='ocrx_word' id='word_1_537' title='bbox 1979 4981 2141 5043; x_wconf 87' lang='lat' dir='ltr'><strong>ratio,</strong></span> <span class='ocrx_word' id='word_1_538' title='bbox 2178 4979 2432 5050; x_wconf 89' lang='lat' dir='ltr'><strong>quamvis</strong></span> <span class='ocrx_word' id='word_1_539' title='bbox 2461 4993 2490 5031; x_wconf 92' lang='lat' dir='ltr'><strong>a</strong></span> <span class='ocrx_word' id='word_1_540' title='bbox 2524 4990 2655 5029; x_wconf 84' lang='lat' dir='ltr'><strong>vero</strong></span> <span class='ocrx_word' id='word_1_541' title='bbox 2686 4974 3060 5028; x_wconf 84' lang='lat' dir='ltr'><strong>dissentanea.</strong></span> <span class='ocrx_word' id='word_1_542' title='bbox 3106 4972 3290 5024; x_wconf 87' lang='lat' dir='ltr'><strong>Altera</strong></span> <span class='ocrx_word' id='word_1_543' title='bbox 3334 4964 3561 5038; x_wconf 88' lang='lat' dir='ltr'><strong>perinde</strong></span> 
     </span>
    </p>
   </div>
   <div class='ocr_carea' id='block_1_78' title="bbox 1979 5058 3556 5137">
    <p class='ocr_par' dir='ltr' id='par_1_78' title="bbox 1979 5058 3556 5137">
     <span class='ocr_line' id='line_1_78' title="bbox 1979 5058 3556 5137; baseline -0.013 -8"><span class='ocrx_word' id='word_1_544' title='bbox 1979 5090 2040 5130; x_wconf 91' lang='lat' dir='ltr'><strong>se</strong></span> <span class='ocrx_word' id='word_1_545' title='bbox 2073 5075 2235 5128; x_wconf 83' lang='lat' dir='ltr'><strong>habet</strong></span> <span class='ocrx_word' id='word_1_546' title='bbox 2260 5090 2273 5126; x_wconf 89' lang='lat'><strong>:</strong></span> <span class='ocrx_word' id='word_1_547' title='bbox 2303 5069 2461 5137; x_wconf 86' lang='lat' dir='ltr'><strong>Quod</strong></span> <span class='ocrx_word' id='word_1_548' title='bbox 2492 5068 2576 5123; x_wconf 90' lang='lat' dir='ltr'><strong>sol</strong></span> <span class='ocrx_word' id='word_1_549' title='bbox 2608 5067 2718 5121; x_wconf 91' lang='lat' dir='ltr'><strong>illic</strong></span> <span class='ocrx_word' id='word_1_550' title='bbox 2740 5075 2992 5128; x_wconf 83' lang='lat' dir='ltr'><strong>exortus,</strong></span> <span class='ocrx_word' id='word_1_551' title='bbox 3025 5078 3133 5118; x_wconf 90' lang='lat' dir='ltr'><strong>non</strong></span> <span class='ocrx_word' id='word_1_552' title='bbox 3168 5073 3226 5116; x_wconf 87' lang='lat' dir='ltr'><strong>ut</strong></span> <span class='ocrx_word' id='word_1_553' title='bbox 3258 5058 3400 5130; x_wconf 85' lang='lat' dir='ltr'><strong>apud</strong></span> <span class='ocrx_word' id='word_1_554' title='bbox 3432 5071 3556 5119; x_wconf 90' lang='lat' dir='ltr'><strong>nos,</strong></span> 
     </span>
    </p>
   </div>
   <div class='ocr_carea' id='block_1_79' title="bbox 1597 5210 2281 5269">
    <p class='ocr_par' dir='ltr' id='par_1_79' title="bbox 1597 5210 2281 5269">
     <span class='ocr_line' id='line_1_79' title="bbox 1597 5210 2281 5269; baseline -0.006 0"><span class='ocrx_word' id='word_1_555' title='bbox 1597 5214 1833 5269; x_wconf 73' lang='lat' dir='ltr'><strong>VARIA&#39;J</strong></span> <span class='ocrx_word' id='word_1_556' title='bbox 1875 5210 2281 5269; x_wconf 86' lang='lat' dir='ltr'><strong>LECTIONES.</strong></span> 
     </span>
    </p>
   </div>
   <div class='ocr_carea' id='block_1_80' title="bbox 371 5304 3164 5399">
    <p class='ocr_par' dir='ltr' id='par_1_80' title="bbox 371 5304 3164 5399">
     <span class='ocr_line' id='line_1_80' title="bbox 371 5304 3164 5399; baseline -0.002 -30"><span class='ocrx_word' id='word_1_557' title='bbox 371 5318 388 5397; x_wconf 50' lang='grc' dir='ltr'>ξ</span> <span class='ocrx_word' id='word_1_558' title='bbox 420 5317 893 5399; x_wconf 49' lang='grc' dir='ltr'><strong>Ἀνεςτυώσθττι-ανἴ</strong></span> <span class='ocrx_word' id='word_1_559' title='bbox 966 5327 986 5357; x_wconf 85' lang='grc'><strong><em>²</em></strong></span> <span class='ocrx_word' id='word_1_560' title='bbox 1012 5324 1491 5399; x_wconf 68' lang='grc' dir='ltr'>διαλαμϐάνοντες]</span> <span class='ocrx_word' id='word_1_561' title='bbox 1524 5327 1841 5399; x_wconf 81' lang='grc' dir='ltr'>ἀνεγνώσθη</span> <span class='ocrx_word' id='word_1_562' title='bbox 1866 5328 1931 5381; x_wconf 86' lang='grc' dir='ltr'><strong>Α.</strong></span> <span class='ocrx_word' id='word_1_563' title='bbox 1998 5328 2044 5399; x_wconf 18' lang='grc'><strong>*³</strong></span> <span class='ocrx_word' id='word_1_564' title='bbox 2074 5326 2168 5379; x_wconf 80' lang='grc' dir='ltr'>τοῦ</span> <span class='ocrx_word' id='word_1_565' title='bbox 2190 5304 2355 5399; x_wconf 68' lang='grc' dir='ltr'>περὶ]</span> <span class='ocrx_word' id='word_1_566' title='bbox 2388 5318 2769 5399; x_wconf 37' lang='grc' dir='ltr'>ᾀγ-αθαρχζξουι</span> <span class='ocrx_word' id='word_1_567' title='bbox 2802 5314 3071 5399; x_wconf 44' lang='grc' dir='ltr'>τῶν-πε.ρὶ</span> <span class='ocrx_word' id='word_1_568' title='bbox 3100 5312 3164 5399; x_wconf 50' lang='grc' dir='ltr'><strong>Α..</strong></span> 
     </span>
    </p>
   </div>
   <div class='ocr_carea' id='block_1_81' title="bbox 3264 5311 3558 5374">
    <p class='ocr_par' dir='ltr' id='par_1_81' title="bbox 3264 5311 3558 5374">
     <span class='ocr_line' id='line_1_81' title="bbox 3264 5311 3558 5374; baseline -0.007 -14"><span class='ocrx_word' id='word_1_569' title='bbox 3264 5311 3286 5339; x_wconf 72' lang='grc'>⁸</span> <span class='ocrx_word' id='word_1_570' title='bbox 3318 5323 3450 5374; x_wconf 83' lang='grc' dir='ltr'>φασι</span> <span class='ocrx_word' id='word_1_571' title='bbox 3486 5323 3558 5369; x_wconf 82' lang='grc' dir='ltr'><strong>ς’.</strong></span> 
     </span>
    </p>
   </div>
   <div class='ocr_carea' id='block_1_82' title="bbox 308 5378 3549 5469">
    <p class='ocr_par' dir='ltr' id='par_1_82' title="bbox 308 5378 3549 5469">
     <span class='ocr_line' id='line_1_82' title="bbox 308 5378 3549 5469; baseline -0.009 -9"><span class='ocrx_word' id='word_1_572' title='bbox 308 5384 510 5469; x_wconf 49' lang='grc' dir='ltr'><strong>έλᾴγουί,</strong></span> <span class='ocrx_word' id='word_1_573' title='bbox 539 5378 719 5456; x_wconf 76' lang='grc' dir='ltr'>)ῖαγὼν</span> <span class='ocrx_word' id='word_1_574' title='bbox 743 5378 1017 5469; x_wconf 56' lang='grc' dir='ltr'>Ᾰιλάχῳν</span> <span class='ocrx_word' id='word_1_575' title='bbox 1056 5394 1113 5448; x_wconf 80' lang='grc' dir='ltr'><strong>Β.</strong></span> <span class='ocrx_word' id='word_1_576' title='bbox 1177 5378 1210 5469; x_wconf 46' lang='grc' dir='ltr'><strong>’θ’</strong></span> <span class='ocrx_word' id='word_1_577' title='bbox 1241 5378 1840 5469; x_wconf 15' lang='grc' dir='ltr'>τῇίπροῖθοία-</span> <span class='ocrx_word' id='word_1_578' title='bbox 1866 5378 2018 5451; x_wconf 57' lang='grc' dir='ltr'><strong>ἶξιιαὶ</strong></span> <span class='ocrx_word' id='word_1_579' title='bbox 2049 5378 2171 5469; x_wconf 77' lang='lat' dir='ltr'><strong>post</strong></span> <span class='ocrx_word' id='word_1_580' title='bbox 2200 5378 2355 5469; x_wconf 60' lang='grc' dir='ltr'><em>γάῥί</em></span> <span class='ocrx_word' id='word_1_581' title='bbox 2402 5378 2473 5449; x_wconf 69' lang='grc' dir='ltr'><strong>⁷’ὁ</strong></span> <span class='ocrx_word' id='word_1_582' title='bbox 2496 5378 2641 5464; x_wconf 69' lang='lat' dir='ltr'><strong>postn</strong></span> <span class='ocrx_word' id='word_1_583' title='bbox 2652 5389 2814 5454; x_wconf 75' lang='grc' dir='ltr'>Ἰνδὸς</span> <span class='ocrx_word' id='word_1_584' title='bbox 2840 5387 2964 5445; x_wconf 83' lang='lat' dir='ltr'><strong>add.</strong></span> <span class='ocrx_word' id='word_1_585' title='bbox 2993 5378 3057 5439; x_wconf 52' lang='lat' dir='ltr'><strong>A&#39;.</strong></span> <span class='ocrx_word' id='word_1_586' title='bbox 3132 5381 3154 5413; x_wconf 82' lang='grc'>⁸</span> <span class='ocrx_word' id='word_1_587' title='bbox 3182 5378 3451 5450; x_wconf 80' lang='grc' dir='ltr'>βαλούσης</span> <span class='ocrx_word' id='word_1_588' title='bbox 3482 5378 3549 5431; x_wconf 84' lang='grc' dir='ltr'><strong>Α.</strong></span> 
     </span>
    </p>
   </div>
   <div class='ocr_carea' id='block_1_83' title="bbox 308 5454 1651 5536">
    <p class='ocr_par' dir='ltr' id='par_1_83' title="bbox 308 5454 1651 5536">
     <span class='ocr_line' id='line_1_83' title="bbox 308 5454 1651 5536; baseline 0.01 -27"><span class='ocrx_word' id='word_1_589' title='bbox 308 5454 329 5485; x_wconf 84' lang='lat'><strong>&#39;</strong></span> <span class='ocrx_word' id='word_1_590' title='bbox 355 5454 629 5529; x_wconf 69' lang='grc' dir='ltr'>ἑκατέρας</span> <span class='ocrx_word' id='word_1_591' title='bbox 654 5475 716 5523; x_wconf 82' lang='grc' dir='ltr'>ς.</span> <span class='ocrx_word' id='word_1_592' title='bbox 796 5454 867 5496; x_wconf 62' lang='grc' dir='ltr'><strong>’ίο</strong></span> <span class='ocrx_word' id='word_1_593' title='bbox 896 5454 1149 5535; x_wconf 64' lang='grc' dir='ltr'>δεύτερον</span> <span class='ocrx_word' id='word_1_594' title='bbox 1173 5467 1236 5521; x_wconf 84' lang='grc' dir='ltr'><strong>Α.</strong></span> <span class='ocrx_word' id='word_1_595' title='bbox 1281 5454 1357 5497; x_wconf 77' lang='grc'>”¹¹</span> <span class='ocrx_word' id='word_1_596' title='bbox 1388 5454 1460 5536; x_wconf 61' lang='grc' dir='ltr'><strong>ἔρα</strong></span> <span class='ocrx_word' id='word_1_597' title='bbox 1475 5456 1558 5522; x_wconf 72' lang='grc' dir='ltr'><strong>σιν</strong></span> <span class='ocrx_word' id='word_1_598' title='bbox 1591 5487 1651 5532; x_wconf 76' lang='grc' dir='ltr'>ς.</span> 
     </span>
    </p>
   </div>
   <div class='ocr_carea' id='block_1_84' title="bbox 1808 5562 2043 5621">
    <p class='ocr_par' dir='ltr' id='par_1_84' title="bbox 1808 5562 2043 5621">
     <span class='ocr_line' id='line_1_84' title="bbox 1808 5562 2043 5621; baseline 0 -2"><span class='ocrx_word' id='word_1_599' title='bbox 1808 5562 2043 5621; x_wconf 58' lang='lat' dir='ltr'><strong>NOTAE.</strong></span> 
     </span>
    </p>
   </div>
   <div class='ocr_carea' id='block_1_85' title="bbox 372 5642 1548 5715">
    <p class='ocr_par' dir='ltr' id='par_1_85' title="bbox 372 5642 1548 5715">
     <span class='ocr_line' id='line_1_85' title="bbox 372 5642 1548 5715; baseline 0.012 -22"><span class='ocrx_word' id='word_1_600' title='bbox 372 5642 446 5713; x_wconf 77' lang='grc'><strong>(1)</strong></span> <span class='ocrx_word' id='word_1_601' title='bbox 482 5643 776 5715; x_wconf 86' lang='lat' dir='ltr'><strong>lnterprete</strong></span> <span class='ocrx_word' id='word_1_602' title='bbox 810 5646 1105 5705; x_wconf 85' lang='lat' dir='ltr'><strong>Laurentio</strong></span> <span class='ocrx_word' id='word_1_603' title='bbox 1128 5650 1548 5710; x_wconf 79' lang='lat' dir='ltr'><strong>Rhodomauno.</strong></span> 
     </span>
    </p>
   </div>
   <div class='ocr_carea' id='block_1_86' title="bbox 629 5742 1244 5806">
    <p class='ocr_par' dir='ltr' id='par_1_86' title="bbox 629 5742 1244 5806">
     <span class='ocr_line' id='line_1_86' title="bbox 629 5742 1244 5806; baseline 0.013 -8"><span class='ocrx_word' id='word_1_604' title='bbox 629 5742 897 5800; x_wconf 78' lang='grc' dir='ltr'>ίἈτιιοι.</span> <span class='ocrx_word' id='word_1_605' title='bbox 931 5743 1045 5802; x_wconf 70' lang='lat' dir='ltr'><strong>GR.</strong></span> <span class='ocrx_word' id='word_1_606' title='bbox 1083 5743 1244 5806; x_wconf 77' lang='lat' dir='ltr'><strong>CIV.</strong></span> 
     </span>
    </p>
   </div>
   <div class='ocr_carea' id='block_1_87' title="bbox 1647 6024 2173 6082">
    <p class='ocr_par' dir='ltr' id='par_1_87' title="bbox 1647 6024 2173 6082">
     <span class='ocr_line' id='line_1_87' title="bbox 1647 6024 2173 6082; baseline -0.002 1"><span class='ocrx_word' id='word_1_607' title='bbox 1647 6030 1659 6049; x_wconf 67' lang='lat'><em>‘</em></span> <span class='ocrx_word' id='word_1_608' title='bbox 1698 6024 1719 6067; x_wconf 59' lang='grc' dir='ltr'><strong>εί</strong></span> <span class='ocrx_word' id='word_1_609' title='bbox 1746 6031 1811 6082; x_wconf 51' lang='grc' dir='ltr'>Γῖ</span> <span class='ocrx_word' id='word_1_610' title='bbox 1840 6024 2173 6082; x_wconf 51' lang='grc' dir='ltr'><strong>ῗῗεῖὶιηΐι</strong></span> 
     </span>
    </p>
   </div>
   <div class='ocr_carea' id='block_1_88' title="bbox 1644 6022 2179 6127">
    <p class='ocr_par' dir='ltr' id='par_1_88' title="bbox 1644 6022 2179 6127">
     <span class='ocr_line' id='line_1_88' title="bbox 1647 6024 2173 6082; baseline -0.011 -4"><span class='ocrx_word' id='word_1_611' title='bbox 1647 6030 1659 6049; x_wconf 67' lang='lat'><strong>~‘</strong></span> <span class='ocrx_word' id='word_1_612' title='bbox 1746 6031 1811 6077; x_wconf 55' lang='grc' dir='ltr'><strong>δην</strong></span> <span class='ocrx_word' id='word_1_613' title='bbox 1840 6024 1997 6075; x_wconf 44' lang='lat' dir='ltr'><strong>rem</strong></span> <span class='ocrx_word' id='word_1_614' title='bbox 2100 6024 2173 6082; x_wconf 63' lang='grc' dir='ltr'><em>,Γ</em></span> 
     </span>
     <span class='ocr_line' id='line_1_89' title="bbox 1644 6022 2179 6127; baseline -0.007 -3"><span class='ocrx_word' id='word_1_615' title='bbox 1644 6022 2179 6127; x_wconf 56' lang='grc' dir='ltr'><strong>δ”-λ</strong></span> 
     </span>
    </p>
   </div>
   <div class='ocr_carea' id='block_1_89' title="bbox 2112 6154 2123 6169">
    <p class='ocr_par' dir='ltr' id='par_1_89' title="bbox 2112 6154 2123 6169">
     <span class='ocr_line' id='line_1_90' title="bbox 2112 6154 2123 6169; baseline 0 -2"><span class='ocrx_word' id='word_1_616' title='bbox 2112 6154 2123 6169; x_wconf 68' lang='lat' dir='ltr'><strong>L</strong></span> 
     </span>
    </p>
   </div>
  </div>
