3966 6240
428 286 449 348 1
466 287 486 349 ι
1582 282 1849 343 ΡΗΟΤῙΙ
1883 283 1975 344 ΡΑ

2085 284 2390 347 IARCH/E
2429 289 2535 348 CP.
3618 294 3683 357 12

433 408 644 463 lucidos
674 407 729 460 in
762 404 961 460 fretum
999 390 1183 458 radios
1210 399 1471 468 dimittat,
1508 400 1603 455 sed
1640 402 1825 455 cruori
1862 401 1979 456 assit

2106 404 2240 475 ἡμῖν
2275 404 2556 475 λαμπραῖς
2594 405 2713 469 ταῖς
2744 407 2957 462 ἀκτῖσιν
3001 407 3082 472 είς
3108 407 3200 462 τὸν
3245 409 3412 481 πόρον
3442 409 3681 481 βάλλειν,

429 502 610 564 miles,
635 499 779 555 unde
800 505 1081 554 cruentam
1102 494 1271 549 maris
1300 494 1539 564 speciem
1562 494 1761 548 eﬂiciat
1787 493 2005 549 intuen-

424 594 569 648 tibus
598 594 711 647 haec
744 580 976 646 aﬁectio.
1012 587 1077 642 Et
1098 589 1225 643 hinc
1256 587 1427 643 Rubri
1465 587 1883 658 appellationem
1910 602 2004 642 ex-

424 688 640 741 sistere.
695 684 913 739 Tertius
960 683 1090 736 hinc
1147 696 1330 736 sermo
1369 680 1660 751 Argolicus
1701 693 1827 734 est:
1860 694 1999 735 ausu

421 782 643 850 quidem
673 795 926 849 magnus,
954 780 1047 831 sed
1081 792 1346 848 persuasu
1378 776 1578 831 inanis.
1605 774 1743 829 Nam
1774 775 1868 845 qui
1893 774 2002 829 Cli-

420 874 566 927 niam
625 882 909 928 sectantur
967 869 1252 934 historici,
1304 883 1373 923 ex
1432 877 1717 938 poetarum
1778 869 1997 923 licentia

418 966 582 1018 etiam
611 964 714 1033 ipsi
744 963 1092 1018 securitatem
1130 960 1297 1025 nacti,
1334 959 1621 1029 perhibent
1650 974 1717 1013 ex
1747 958 1909 1029 Argis
1943 959 1995 1013 in

418 1053 755 1123 Ethiopian)
802 1054 955 1122 (quae
983 1052 1276 1122 Cepheni-ae
1328 1060 1455 1105 tunc
1504 1050 1739 1105 habebat
1774 1051 1994 1120 nomen)

417 1145 676 1200 Perseum
710 1146 777 1199 ad
803 1145 965 1198 tiliam
988 1143 1191 1213 Cephei
1222 1143 1557 1197 liberandam
1592 1142 1916 1213 profectum,
1943 1153 1997 1197 et

416 1240 542 1293 inde
560 1239 627 1293 ad
656 1237 854 1292 Persas
887 1246 1311 1306 transgressum,
1335 1251 1534 1289 nomen
1562 1235 1665 1290 hoc
1694 1250 1723 1288 a
1756 1235 1992 1289 ﬁliorum

415 1331 674 1399 quopiam
711 1344 834 1384 cum
868 1327 1051 1383 Persis
1078 1328 1515 1383 communicasse
1554 1346 1566 1381 :
1605 1338 1660 1381 et
1706 1337 1993 1395 procreato

413 1422 645 1494 Erythra
695 1422 826 1485 ﬁlio,
858 1436 1056 1474 nomen
1102 1420 1171 1474 ab
1221 1421 1324 1475 hoc
1368 1420 1509 1474 mari
1548 1419 1832 1475 indidisse.
1867 1417 1992 1473 Haec

411 1516 643 1584 protrita
688 1521 742 1567 et
774 1513 1018 1583 vulgaris
1056 1521 1140 1567 est
1170 1511 1497 1582 Argivorum
1538 1511 1605 1564 de
1632 1510 1819 1565 Rubro
1854 1510 1991 1565 mari

409 1607 614 1661 fabula.
667 1606 908 1671 Quarta,
966 1614 1020 1658 et
1075 1618 1203 1658 vero
1258 1618 1367 1657 non
1413 1603 1485 1656 ita
1528 1603 1791 1659 aberrans
1848 1602 1990 1657 ratio

409 1703 596 1771 (quam
643 1707 837 1753 auctor
883 1714 948 1751 ex
985 1695 1149 1752 Persa
1186 1695 1425 1766 quodam
1459 1694 1607 1749 Βοκο
1643 1710 1701 1749 se
1728 1693 1988 1749 didicisse

2107 494 2243 548 άλλά
2274 495 2609 566 παρομοίαις
2636 496 2849 567 αἵματι,
2876 498 2938 563 ἐξ
2968 493 3043 553 ὧν
3071 502 3184 564 τοῖς
3212 501 3415 573 δρῶσιν
3444 503 3684 573 ὕφαιμον

2106 590 2549 657 παρασκευάζειν
2586 589 2646 643 τὸ
2669 590 2840 656 πάθος
2869 593 2969 662 τὴν
2994 594 3092 664 τῆς
3122 594 3394 666 θαλάττης
3421 595 3681 667 ἔμφασιν,

2104 680 2361 733 κάκεῖθεν
2409 680 2673 752 Ἐρυθρὰν
2696 683 3188 753 κατονομάζεσθαι.
3223 686 3418 756 Τρίτος
3444 687 3502 741 δέ
3532 688 3682 740 ἐστιν

2103 768 2131 819 ὁ
2170 768 2484 838 Ἀργολικὸς
2513 770 2553 800 ¹¹
2613 770 2793 839 λόγος,
2825 773 2885 835 ὃς
2919 775 3036 826 ἐστι
3065 773 3243 844 (φησὶ)
3267 778 3334 847 τῇ
3368 775 3469 846 μὲν
3505 776 3680 848 τόλμῃ

2104 859 2303 929 μέγας,
2332 863 2397 932 τῇ
2425 861 2470 914 δ’
2511 862 2806 932 ἀποδείξει]
2829 864 2871 895 ¹⁸
2906 864 3178 928 κενός.¹υί
3216 866 3327 937 γὰρ
3359 867 3493 938 περὶ
3513 868 3682 921 Κλει-

2099 952 2221 1003 νίαν
2273 954 2534 1023 ἱστορικοί
2577 972 2762 1023 φασιν,
2819 956 2928 1009 ἀπὸ
2952 956 3053 1025 τῆς
3096 958 3390 1029 ποιητικῆς
3431 958 3678 1024 ἐξουσίας

2098 1044 2193 1096 καὶ
2226 1045 2377 1097 αὐτοὶ
2407 1046 2592 1100 ἄδειαν
2613 1047 2893 1111 λαϐόντες,
2927 1049 2984 1115 ἐξ
3011 1050 3248 1121 Ἀργους
3285 1052 3365 1114 εἰς
3389 1053 3680 1107 Αἰθιοπίαν

2100 1136 2368 1205 (ἐκαλεῖτο
2390 1136 2447 1189 δὲ
2474 1137 2595 1190 τότε
2628 1138 2910 1209 Κηφηνία)
2944 1142 3366 1211 παραγεγονότα
3396 1144 3491 1196 ἐπὶ
3520 1142 3679 1197 λύσει

2097 1227 2199 1295 τῆς
2257 1229 2493 1297 Κηφέως
2535 1228 2805 1300 θυγατρὸς
2837 1232 2930 1283 τὸν
2979 1233 3217 1302 Περσέα,
3262 1234 3472 1287 ἐκεῖθεν
3510 1234 3568 1288 δὲ
3598 1236 3678 1300 είς

2096 1321 2311 1390 Πέρσας
2357 1322 2699 1391 μεταστάντα
2732 1322 2796 1388 ίδ,
2842 1324 3079 1394 Πέρσαις
3117 1325 3215 1396 μὲν
3244 1328 3352 1379 ἀπό
3390 1344 3534 1391 τινος
3567 1328 3677 1383 τῶν

2094 1416 2335 1484 ἐγγόνων
2357 1418 2453 1487 τῆς
2484 1418 2732 1487 κλήσεως
2793 1419 3111 1489 μεταδοῦναι
3133 1460 3148 1484 ,
3174 1418 3442 1492 Ἐρύθραν
3465 1419 3523 1473 δὲ
3550 1438 3678 1489 γεν-

2094 1508 2258 1578 νῆσαι
2293 1509 2428 1575 υίὸν,
2453 1511 2551 1563 καὶ
2582 1510 2643 1575 ἐξ
2666 1510 2878 1564 ἐκείνου
2910 1514 2976 1581 τῇ
3006 1511 3251 1584 θαλάσσῃ
3282 1514 3325 1544 ³⁵
3354 1513 3455 1584 τὴν
3478 1512 3676 1582 κλῆσιν

2092 1601 2419 1670 παρασχεῖν.
2456 1600 2710 1665 Τοιοῦτος
2747 1601 2845 1672 μὲν
2888 1602 2983 1655 καὶ
3014 1604 3042 1657 ό
3079 1602 3393 1673 Ἀργολικὸς
3422 1603 3555 1673 περὶ
3571 1603 3677 1674 τῆς

2106 1692 2374 1763 Ἐρυθρᾶς
2404 1692 2678 1765 θαλάσσης
2722 1694 3061 1764 σχεδιασμός.
3109 1696 3378 1766 Τέταρτος
3404 1695 3461 1748 δέ
3497 1697 3542 1728 ¹⁶
3574 1695 3674 1750 καὶ

406 1790 665 1855 allirmat,
704 1798 760 1844 et
805 1789 991 1859 lingua
1037 1796 1091 1843 et
1130 1798 1313 1842 mente
1340 1786 1560 1842 Graecos
1588 1787 1854 1853 imitante,
1895 1787 1979 1855 qui

2092 1784 2302 1856 ἀληθής
2328 1787 2477 1838 ἐστιν
2498 1828 2513 1851 ,
2547 1785 2607 1840 ὃν
2636 1786 2800 1851 αὐτὸς
2831 1788 2872 1820 ’τ
2906 1787 3193 1859 μεμάθηκε
3220 1788 3372 1859 παρά
3409 1789 3622 1859 Πέρσου
3652 1805 3669 1820 ο

406 1881 596 1935 relicta
630 1881 812 1950 patria
842 1878 1074 1935 Athenis
1115 1880 1281 1934 vitam
1313 1879 1505 1948 egerit)
1556 1894 1622 1932 ex
1671 1878 1989 1933 narratione

405 1971 589 2027 Persa:
613 1973 729 2028 haec
759 1983 840 2028 est
869 1990 881 2026 :
916 1970 1182 2043 Erythras
1207 1970 1427 2040 quidem
1456 1968 1776 2040 fuitgenere
1800 1971 1984 2036 Persa,

407 2065 554 2120 ﬁlius
607 2064 851 2136 Myozaei,
889 2066 982 2134 qui
1042 2064 1210 2119 animi
1263 2064 1554 2135 praesentia
1606 2071 1661 2118 et
1712 2064 1762 2116 vi
1820 2077 1984 2132 opum

401 2156 723 2226 praeclaram
770 2155 877 2209 sibi
939 2155 1403 2210 existimationem
1462 2154 1821 2224 comparavit.
1875 2152 1985 2208 Do-

403 2262 640 2318 musque
663 2247 783 2316 ejus
818 2262 927 2301 non
956 2248 1201 2317 procula
1233 2246 1390 2312 mari,
1419 2257 1613 2302 contra
1650 2247 1857 2301 insulas
1894 2248 1988 2301 dc-

401 2351 579 2396 sertas
613 2342 747 2413 (non
780 2341 1004 2410 quidem
1038 2342 1141 2396 hac
1172 2350 1516 2411 tempestate,
1564 2340 1657 2395 sed
1698 2356 1804 2417 qua
1844 2339 1983 2394 Medi

402 2434 691 2504 imperium
725 2434 1017 2499 tenebant,
1053 2436 1275 2504 quando
1302 2435 1464 2488 etiam
1498 2432 1761 2503 Erythras
1790 2447 1983 2486 nosce-

400 2525 626 2595 batur).
683 2523 954 2595 Tempore
1016 2535 1197 2579 autem
1260 2524 1495 2578 hiberno
1535 2525 1600 2577 ad
1644 2522 1982 2593 Pasargadas

401 2616 816 2685 commigrabat,
853 2624 909 2671 et
948 2615 1050 2670 sub
1074 2623 1255 2669 ortum
1285 2616 1430 2669 veris
1457 2613 1525 2668 ad
1561 2630 1673 2667 rem
1709 2630 1864 2669 suam
1896 2613 1982 2667 fa-

402 2707 671 2762 miliarem
697 2706 927 2767 redibat,
977 2716 1089 2761 tum
1116 2706 1277 2760 aliam
1309 2706 1380 2761 ob
1416 2706 1707 2761 utilitatem
1732 2749 1748 2771 ,
1778 2716 1892 2760 tum
1922 2715 1981 2760 ut

399 2801 641 2871 aliquam
690 2801 813 2853 vitae
859 2814 973 2855 sua:
1025 2799 1359 2869 voluptatem
1404 2800 1509 2853 hac
1547 2800 1979 2853 commutatione

399 2893 729 2962 indulgeret.
752 2892 915 2961 Atqui
940 2905 1065 2945 cum
1103 2891 1158 2944 in
1191 2900 1439 2945 armenta
1471 2891 1592 2961 ejus
1623 2893 1809 2947 leones
1837 2893 1980 2947 irru-

396 2984 583 3054 ptione
622 2983 788 3048 facta,
815 2983 1105 3039 nonnullas
1132 2999 1398 3054 equarum
1441 2986 1736 3056 agrestium
1777 2986 1980 3040 intere-

2089 1875 2253 1941 Βόξος
2299 1875 2346 1928 δ’
2368 1872 2437 1943 ἦν
2486 1876 2664 1948 τούτῳ
2700 1877 2892 1950 ὄνομα,
2929 1879 3092 1949 φησίν
3116 1895 3130 1909 ·
3167 1879 3227 1933 ὃν
3274 1879 3369 1933 καὶ
3401 1878 3529 1952 [718
3572 1879 3670 1953 IL]

2088 1965 2362 2037 ἐλληνίσαι
2390 1967 2642 2035 γλῶσσαν
2683 1969 2726 2000 ¹⁸
2756 1970 2852 2022 καὶ
2878 1970 3126 2041 γνώμην,
3150 1971 3243 2025 καὶ
3263 1974 3384 2033 ταῖς
3411 1970 3670 2042 Ἀθήναις

2085 2058 2311 2112 λιπόντα
2333 2062 2431 2131 τὴν
2464 2062 2703 2131 πατρίδα
2724 2063 3013 2134 ἐμϐιῶναι.
3038 2065 3231 2133 Ἔλεγε
3261 2064 3318 2117 δέ
3344 2065 3373 2117 ὀ
3399 2064 3494 2118 τοῦ
3524 2063 3668 2135 Πέρ-

2086 2169 2182 2206 σου
2246 2153 2403 2222 λόγος
2452 2154 2651 2210 ταῦτα.
2700 2156 2913 2210 Γίνεται
2949 2174 3036 2220 τις
3080 2157 3203 2210 κατ’
3248 2158 3539 2227 εὐτολμίαν
3569 2159 3664 2215 καὶ

2085 2242 2315 2297 πλοῦτον
2345 2244 2650 2316 εὐδοκιμῶν
2685 2247 2952 2318 Ἐρύθρας
2984 2248 3176 2318 ὄνομα,
3209 2248 3366 2317 γένος
3398 2249 3497 2319 μὲν
3528 2250 3667 2319 Πέρ-

2084 2350 2206 2405 σης,
2248 2335 2363 2398 υίὸς
2396 2336 2454 2389 δὲ
2481 2338 2779 2404 Μυοξαίου,
2813 2338 3080 2393 κατοικῶν
3112 2340 3169 2393 δέ
3197 2340 3469 2411 θαλάττης
3499 2343 3538 2373 ¹⁹
3565 2342 3665 2407 μὲν

2080 2428 2143 2479 οὐ
2175 2426 2382 2499 πόρρω,
2412 2431 2758 2485 κατεναντίον
2784 2431 2843 2484 δὲ
2874 2432 3055 2503 νήσων
3079 2433 3305 2504 ἐρήμων
3330 2433 3505 2487 οὐσῶν
3527 2434 3572 2466 ²⁰
3596 2436 3662 2489 οὐ

2081 2516 2197 2583 νῦν,
2224 2517 2338 2570 ἀλλ’
2365 2518 2459 2571 ἐπὶ
2486 2519 2588 2589 τῆς
2616 2521 2818 2590 Μήδων
2848 2523 3141 2592 ἡγεμονίας
3171 2539 3186 2553 ·
3219 2523 3341 2577 τότε
3370 2525 3478 2594 γὰρ
3507 2523 3602 2577 καὶ
3634 2525 3665 2578 ὁ

2093 2608 2359 2678 Ἐρύθρας
2406 2611 2757 2682 ἐγνωρίζετο,
2787 2613 2847 2677 ὃς
2885 2613 2981 2668 τοῦ
3031 2615 3132 2685 μὲν
3156 2615 3427 2686 χειμῶνος
3466 2618 3524 2669 ἐν
3552 2618 3665 2670 Πα-

2081 2703 2380 2772 σαργάδαις
2420 2706 2660 2757 ἐποιεῖτο
2697 2707 2797 2774 τὴν
2835 2708 3071 2777 οῐκησιν,
3107 2706 3270 2779 ἔαρος
3305 2708 3363 2761 δὲ
3409 2709 3664 2779 μετέϐαι-

2078 2812 2168 2847 νεν
2197 2796 2288 2847 ἐπὶ
2321 2795 2418 2866 τὴν
2462 2796 2598 2850 ἰδίαν
2626 2800 2817 2868 κτῆσιν
2845 2799 2947 2866 τῆς
2968 2815 3026 2851 τε
3057 2798 3223 2870 ἄλλης
3254 2800 3414 2852 ἕνεκα
3442 2798 3657 2873 χρείας,

2078 2887 2174 2939 καὶ
2199 2887 2358 2957 χάριν
2404 2889 2526 2943 τινὰ
2571 2889 2649 2960 τῷ
2693 2889 2793 2960 βίῳ
2816 2890 2901 2943 διὰ
2939 2890 3039 2960 τῆς
3066 2891 3322 2961 τοιαύτης
3350 2890 3660 2962 μεταϐολῆς

2076 2978 2387 3049 ἀπονέμων.
2425 2979 2631 3034 Τούτου
2668 2981 2954 3053 φορϐάδων
2986 2982 3159 3055 ἀγέλῃ
3204 2983 3409 3054 μείζονι
3442 2983 3660 3047 λέοντες

396 3076 646 3139 inissent,
682 3075 907 3145 reliquae
936 3076 1117 3130 adhuc
1162 3074 1488 3137 incolumes,
1526 3077 1975 3131 consternatione

2081 3070 2475 3140 ἐπορούσαντές
2495 3089 2649 3137 τινας
2674 3074 2776 3144 μὲν
2810 3075 2992 3129 αὐτῶν
3018 3076 3366 3130 ἀπέκτεινανο
3394 3078 3450 3131 αί
3475 3077 3533 3131 δὲ
3564 3095 3661 3133 πε-

393 3182 459 3219 ex
504 3180 561 3220 re
593 3166 736 3232 visa,
766 3180 864 3221 ceu
894 3174 1063 3221 (nstro
1092 3165 1379 3235 perculsae,
1409 3166 1475 3219 ad
1505 3180 1656 3220 mare
1686 3182 1849 3221 cursu
1878 3167 1975 3223 ab-

2083 3162 2414 3232 ρισωθεῑσαι,
2463 3164 2540 3235 τῷ
2579 3143 2688 3220 δέει
2743 3167 2844 3238 τῆς
2886 3166 3063 3238 ὅψεως
3095 3164 3323 3241 ίοῒστρον
3374 3169 3655 3235 λαϐοῦσαι,

393 3266 573 3329 repto,
596 3272 801 3329 magno
835 3259 887 3311 in
925 3273 1099 3327 aquas
1128 3258 1333 3328 impetu
1373 3262 1543 3329 (aura
1594 3267 1706 3314 tum
1756 3259 1896 3316 forte
1942 3276 1975 3316 a

392 3348 562 3401 terris
603 3347 843 3417 alllabat)
881 3348 1269 3418 prolabuntur.
1321 3348 1569 3418 Cumque
1594 3349 1751 3404 initio
1781 3360 1975 3420 praeter

391 3437 550 3491 littus
598 3448 898 3502 natassent,
953 3452 1155 3508 pavore
1194 3454 1300 3493 non
1333 3440 1655 3508 desistente,
1684 3456 1712 3494 a
1756 3440 1975 3498 ﬂatibus

392 3529 653 3599 abreptae,
685 3528 977 3583 dilliculter
1002 3531 1071 3585 ad
1100 3530 1293 3585 insulae
1317 3532 1562 3587 adversa:
1589 3531 1788 3604 “2b
1819 3550 1972 3589 oram

392 3629 781 3685 emerserunt,
824 3636 1079 3690 unusque
1111 3636 1177 3675 ex
1221 3625 1605 3691 armentariis,
1652 3627 1974 3685 adolescens

393 3712 624 3767 audacia
659 3714 1006 3783 praecellens,
1037 3716 1167 3768 dum
1188 3715 1326 3770 alias
1360 3716 1521 3770 aliam
1550 3733 1706 3773 armo
1727 3733 1970 3790 prensat,

395 3819 500 3856 tina
534 3806 856 3859 transmisit.
888 3804 1149 3877 Erythras
1175 3808 1364 3877 igitur,
1389 3824 1563 3880 equas
1596 3827 1705 3866 non
1734 3814 1971 3883 amplius

393 3897 541 3950 visas
573 3896 930 3965 investigans,
960 3898 1173 3966 primus
1198 3898 1485 3954 hominum
1504 3901 1625 3971 ejus
1648 3902 1756 3958 loci
1795 3914 1969 3960 ratem

390 3988 683 4051 construit,
719 3989 1095 4057 magnitudine
1124 3991 1341 4058 quidem
1368 3992 1726 4059 mediocrem,
1754 3996 1850 4050 sed
1880 4011 1971 4051 ro-

395 4080 523 4134 bore
544 4080 960 4135 validissimam.
1007 4080 1216 4152 anue,
1251 4084 1400 4138 venti
1435 4086 1660 4140 secundi
1712 4096 1767 4141 et
1813 4103 1968 4143 com-

392 4172 541 4225 modi
576 4182 821 4226 tenorem
864 4176 1150 4235 nactus,in
1172 4174 1369 4230 fretum
1392 4176 1765 4243 descendit,et
1787 4180 1969 4235 subito

390 4259 536 4312 venti
590 4274 692 4328 ope
740 4271 1059 4330 provectus,
1123 4265 1323 4333 reperit
1368 4280 1538 4336 equas
1590 4276 1645 4322 et
1689 4280 1966 4339 pastorem

393 4352 579 4407 simul.
619 4352 817 4406 Insulae
840 4363 1019 4409 autem
1057 4356 1420 4413 admiratione
1449 4368 1665 4429 captus,
1692 4370 1747 4415 et
1775 4362 1965 4417 urbem

390 4442 446 4494 in
484 4455 642 4511 portu
671 4449 1026 4501 accommode
1048 4446 1316 4515 fundavit,
1340 4458 1394 4504 et
1419 4464 1484 4505 ex
1518 4453 1761 4520 opposita
1790 4453 1966 4509 conti-

2078 3253 2173 3306 ἐπὶ
2205 3253 2302 3326 τήν
2332 3255 2604 3311 θάλατταν
2626 3259 2941 3329 ἠλαύνοντο,
2970 3262 3065 3315 καὶ
3096 3256 3185 3332 (ἦν
3210 3262 3320 3335 γὰρ
3349 3262 3495 3335 αὔρα
3519 3266 3661 3319 κατά

2074 3346 2247 3419 τύχην
2268 3348 2554 3418 ἁπόγαιος)
2577 3351 2898 3420 εὐμεγέθεις
2921 3354 3259 3424 ἐμπεσοῦσαι
3283 3358 3394 3419 τοῖς
3422 3356 3660 3428 ῥείθροις

2078 3440 2218 3507 μετὰ
2271 3440 2552 3509 πτοήσεως
2580 3441 2649 3493 τά
2688 3440 2792 3510 μὲν
2842 3444 3036 3515 πρῶτα
3064 3445 3216 3516 παρὰ
3254 3446 3355 3516 τὴν
3389 3446 3495 3517 γῆν
3527 3449 3659 3519 ἐνή-

2074 3545 2249 3598 χοντο,
2290 3530 2384 3583 τοῦ
2430 3530 2489 3583 δέ
2530 3530 2785 3602 δείματος
2813 3534 2873 3587 οὐ
2917 3535 3177 3607 λήγοντος
3209 3536 3660 3610 ἐξεκυμάνθησαν

2073 3619 2168 3671 καὶ
2202 3620 2356 3688 μόλις
2384 3620 2479 3673 ἐπὶ
2518 3622 2580 3674 τὸ
2608 3623 2707 3692 τῆς
2735 3623 2963 3694 ἀντικρὺ
2992 3628 3156 3698 νήσου
3185 3630 3359 3699 πέρας
3392 3630 3657 3702 διεσώθη-

2075 3726 2193 3772 σαν,
2234 3710 2353 3775 ἐνὸς
2375 3711 2484 3765 τῶν
2515 3713 2753 3767 αἰπόλων
2781 3718 2995 3769 νεανίου
3036 3721 3131 3772 καὶ
3171 3720 3345 3792 τόλμῃ
3372 3721 3659 3793 διαφέρον-

2070 3816 2162 3863 τος
2190 3803 2727 3874 συμπεραιωθέντος,
2777 3806 2965 3860 ἄλλοτε
3002 3808 3169 3882 άλλης
3194 3811 3303 3863 τῶν
3339 3811 3507 3882 ὤμων
3535 3815 3659 3867 ἀντ-

2070 3893 2350 3962 εχομένου.
2413 3893 2470 3948 Ὀ
2492 3894 2585 3949 οῦν
2612 3896 2880 3968 Ἐρύθρας
2900 3900 3080 3971 ζητῶν
3101 3903 3198 3966 τὰς
3229 3903 3291 3956 οὐ
3320 3906 3654 3973 φαινομένας

2069 3988 2343 4060 φορϐάδας
2398 3988 2620 4060 πρῶτος
2675 3992 2783 4046 τῶν
2831 3995 3015 4048 ἐκεῖσε
3085 3996 3304 4066 σχεδίαν
3355 3997 3595 4069 ἐπήξατο
3631 4036 3650 4063 ,

2072 4079 2293 4149 μεγέθει
2351 4080 2454 4152 μὲν
2524 4082 2839 4153 σύμμετρον
2874 4125 2890 4152 ,
2942 4088 3009 4157 τῇ
3065 4086 3293 4156 δυνάμει
3345 4087 3402 4141 δὲ
3468 4088 3654 4157 στερί-

2068 4188 2176 4240 φην
2204 4171 2285 4205 ὀ*
2308 4210 2324 4237 ,
2356 4172 2452 4227 καὶ
2493 4172 2675 4229 λαϐὼν
2722 4177 2911 4230 στάσιν
2967 4178 3153 4248 οὐρίου
3190 4178 3287 4231 καὶ
3331 4179 3650 4249 συμμέτρου

2066 4262 2380 4335 πνεύματος
2417 4267 2629 4337 ἀφῆκεν
2658 4267 2741 4331 είς
2784 4269 2876 4322 τὸν
2906 4269 3075 4338 πόρον
3104 4285 3119 4301 ο
3149 4270 3287 4341 ταχὺ
3317 4271 3374 4323 δὲ
3417 4270 3513 4323 τοῦ
3547 4271 3651 4323 κύ-

2070 4371 2239 4424 ματος
2294 4357 2455 4411 αὐτὸν
2510 4359 2861 4430 προώσαντος
2914 4356 3041 4433 εὗρε
3101 4362 3200 4432 μὲν
3246 4364 3375 4427 τοὺς
3424 4362 3647 4427 ἵππους.

2067 4440 2194 4517 εὗρε
2225 4447 2281 4500 δὲ
2313 4449 2405 4503 τὸν
2431 4452 2622 4521 νομέα.
2669 4452 2971 4523 Θαυμάσας
2992 4453 3048 4506 δὲ
3083 4452 3181 4524 τὴν
3210 4453 3375 4524 νῆσον
3415 4454 3510 4505 καὶ⁹
3550 4452 3652 4505 πό-

390 4544 552 4589 nente
579 4535 655 4589 rei
690 4536 1002 4592 domesticae
1040 4539 1221 4608 inopia
1259 4541 1571 4596 laborantes
1595 4544 1724 4598 illuc
1750 4544 1963 4599 habita-

2081 4540 2243 4610 λισμα
2276 4543 2370 4594 ἐπὶ
2400 4540 2619 4611 λιμένος
2651 4544 2907 4616 εὐκαίρου
2975 4544 3247 4616 ἱδρύσατο,
3298 4546 3392 4598 καὶ
3442 4546 3505 4597 ἐκ
3544 4543 3651 4612 τῆς

390 4637 502 4682 tum
533 4630 833 4685 transtulit.
872 4631 1052 4702 Atque
1088 4634 1214 4689 inde
1253 4637 1416 4690 etiam
1470 4637 1677 4693 insulas
1713 4652 1964 4705 caeteras,

387 4720 691 4777 cultoribus
726 4739 947 4789 vacuas,
989 4725 1357 4781 habitatorum
1401 4731 1707 4799 frequentia
1754 4734 1821 4787 ad
1863 4734 1968 4789 hu-

389 4813 670 4867 manitatis
721 4815 926 4869 cultum
985 4819 1249 4872 traduxit.
1304 4817 1540 4875 Tantum
1586 4823 1756 4893 igitur
1782 4825 1967 4895 gloriae

388 4921 453 4958 ex
489 4905 654 4961 rebus
691 4910 879 4977 gestis,
931 4911 1072 4979 apud
1125 4911 1319 4982 vulgus
1368 4913 1476 4967 sibi
1507 4920 1875 4984 comparavit,
1906 4928 1969 4975 ut

390 5012 544 5051 mare
576 4998 746 5066 illud,
783 5003 1161 5071 magnitudine
1189 5004 1487 5069 inﬁnitum,
1523 5021 1716 5063 omnes
1760 5011 1826 5065 ad
1861 5028 1965 5066 no-

386 5096 556 5141 stram
593 5105 765 5159 usque
793 5101 1006 5147 aetatem
1028 5092 1367 5163 Erythraeum
1394 5096 1684 5164 appellent.
1714 5097 1964 5157 Nominis

388 5178 555 5247 igitur
584 5183 821 5237 rationes
853 5184 1122 5238 distinctae
1162 5186 1231 5237 ita
1265 5200 1325 5239 se
1357 5186 1577 5241 habent.
1627 5187 1763 5244 Nam
1805 5192 1966 5264 longe

388 5273 533 5325 aliud
564 5283 667 5340 est,
720 5275 765 5328 si
805 5274 1052 5345 Erythrae
1085 5292 1235 5330 mare
1266 5277 1471 5333 dixeris
1498 5318 1513 5344 ,
1551 5296 1714 5348 quam
1746 5283 1791 5335 si
1828 5282 1964 5355 Ery-

387 5363 569 5416 thrutu
612 5365 777 5435 (quod
818 5366 998 5420 Latiari
1030 5365 1278 5422 Rubrum
1333 5369 1595 5439 vertunt).
1647 5369 1761 5427 Hoc
1813 5376 1957 5427 enim

2063 4634 2362 4703 ἀντιπέραν
2394 4635 2523 4697 τούς
2560 4634 2901 4706 ἀποροῦντας
2926 4636 3044 4706 βίου
3090 4636 3435 4708 μετενεγκὼν
3459 4636 3645 4689 ἐπόλι-

2065 4744 2176 4790 σεν,
2208 4727 2418 4781 ἐκεῖθέν
2447 4746 2506 4780 τε
2534 4729 2631 4782 καὶ
2658 4730 2756 4793 τὰς
2784 4730 2948 4793 ἄλλας
2976 4732 3173 4800 νήσους
3209 4734 3451 4803 ἐρήμους
3479 4731 3650 4796 οὔσας

2062 4817 2365 4889 ἀνθρώπων
2407 4820 2685 4889 οἰκήσεσιν
2741 4821 3059 4891 ἐξημέρωσε
3088 4837 3105 4852 ·
3156 4824 3254 4876 καὶ
3310 4822 3648 4893 τηλικαύτην

2062 4912 2220 4978 δόξαν
2253 4914 2317 4965 ἐκ
2340 4913 2449 4967 τῶν
2481 4915 2830 4985 πραχθέντων
2874 4916 3090 4981 πολλοῖς
3137 4919 3478 4989 ἐνεποίησεν,
3504 4917 3648 4970 ὥστε

2062 5007 2163 5075 τὴν
2185 5008 2361 5058 ἐκεῖσε
2392 5006 2682 5074 θάλατταν,
2714 5006 2878 5060 οὖσαν
2900 5007 3132 5080 ἄπειρον
3157 5009 3383 5079 μεγέθει
3416 5010 3485 5074 ¹¹,
3511 5011 3619 5063 πάν
3638 5036 3649 5043 -

2060 5115 2159 5161 τας
2192 5098 2271 5152 ἔτι
2302 5100 2396 5151 καὶ
2425 5099 2548 5152 καθ’
2579 5102 2727 5171 ἡμᾶς
2753 5100 3111 5171 ἐπονομάζειν
3128 5102 3285 5175 Ἐρυθ
3296 5102 3413 5172 ράν.
3441 5103 3521 5155 Τά
3545 5102 3647 5172 μὲν

2060 5190 2152 5243 οῦν
2184 5192 2333 5243 αῐτια
2372 5193 2473 5261 τῆς
2523 5192 2768 5265 κλήσεως
2795 5193 2989 5264 ἔχοντα
3022 5194 3285 5265 διαφορὰν
3317 5195 3337 5262 (
3363 5196 3507 5264 μέγα
3534 5195 3643 5261 γάρ

2059 5284 2121 5334 τὸ
2150 5283 2527 5353 παραλλάττον
2547 5285 2784 5356 Ἐρύθρα
2813 5286 3085 5340 θάλατταν
3111 5287 3292 5340 εἰπεῖν
3313 5286 3346 5357 ἢ
3371 5286 3642 5338 θάλατταν

2074 5374 2361 5444 Ἐρυθρὰν
2406 5374 2467 5428 τὸ
2502 5376 2601 5447 μὲν
2634 5378 2743 5450 γὰρ
2768 5378 2860 5432 τὸν
2895 5379 2940 5410 ’³
2974 5377 3338 5449 κυριεύσαντα
3381 5372 3641 5445 σημαίνει

1682 5484 1914 5540 νΑιιιίΕ
1974 5486 2386 5546 LECTIONES.

454 5595 500 5625 η
535 5594 889 5625 ἧλνλῖλυηιλρ

454 5595 500 5625 ¹²
535 5594 889 5663 ἁργολογικδς
918 5596 983 5650 Α.
1094 5596 1136 5627 ¹⁸
1159 5596 1204 5648 δ’
1235 5596 1368 5650 ἀποδ

419 5679 485 5732 τῃ
516 5680 574 5726 ς.
653 5664 696 5697 ¹⁶
726 5666 803 5719 δέ.
902 5667 944 5698 ¹’
973 5666 1133 5729 αὐτὸς
1169 5684 1278 5719 unt.
1312 5667 1368 5719 Ιὲ.

386 5679 485 5735 fcta]
516 5680 574 5726 ς.
653 5667 696 5697 ¹⁶
726 5667 803 5719 δέ.
902 5667 944 5698 ¹’
973 5667 1133 5729 αὐτὸς
1169 5684 1278 5719 «ιιι».
1312 5667 1368 5719 Ιὲ.
1475 5670 1516 5699 ν’
1543 5667 1789 5735 γλῶτταν
1827 5686 1888 5732 ς.

386 5733 638 5790 l‘aeuuatn
669 5736 827 5790 habet
856 5738 920 5791 Α.
1018 5739 1060 5769 ²¹
1094 5738 1297 5808 μεγέθη
1333 5754 1392 5800 ς.

1094 5596 1136 5627 ²⁸
1159 5596 1204 5648 δ’
1235 5594 1529 5667 ἀποδείξει]
1569 5596 1625 5650 δέ
1664 5596 1789 5669 δόξῃ
1816 5599 1882 5652 Α.
1959 5598 2005 5629 ¹⁸
2035 5601 2377 5668 μεταστάντα
2407 5604 2448 5655 Α
2481 5622 2495 5659 :
2531 5604 2667 5675 μετά
2695 5604 2869 5658 ταῦτα
2904 5622 2965 5669 ς.
2998 5604 3237 5673 ἐκγόνων
3262 5602 3323 5658 Β.
3401 5603 3444 5635 ³⁸
3478 5582 3673 5659 θαλάοθ

1094 5685 1133 5707 η·
1169 5684 1255 5707 nm
1314 5667 1349 5707 R
1475 5670 1516 5699 1⁸
1543 5667 1789 5707 νῖὧττηιι
1827 5686 1865 5707 r-
2000 5670 2042 5701 19
2089 5670 2357 5707 “(ﬁn-ron“.
2397 5690 2437 5707 ι-
2534 5676 2579 5707 ao
2618 5676 2793 5707 ιη’..οιτηι
2831 5692 2953 5707 οτι-..ι
3016 5678 3041 5707 Α
3124 5676 3219 5706 -ιοι
3252 5690 3349 5707 nun
3379 5676 3641 5707 κφενιίορπ-ιι

1497 5670 1516 5699 ⁸
1543 5670 1789 5735 γλῶτταν
1827 5686 1888 5732 ς.
2000 5670 2042 5701 ³³
2089 5670 2357 5725 θάλατταν
2397 5690 2458 5737 ς.
2532 5670 2579 5707 ⁵ο
2618 5676 2793 5727 οὐσῶν
2830 5692 2973 5728 corr.
3007 5670 3085 5729 Αί
3124 5676 3219 5706 ·²⁰·
3252 5690 3349 5745 pro
3379 5676 3641 5745 στερίφην

1491 5740 1534 5768 ¹²
1560 5739 1649 5790 τὸν
1691 5740 1815 5794 add.
1872 5742 1937 5796 Α.
1986 5740 2087 5810 τῆς
2147 5740 2418 5813 θαλάττης
2477 5746 2542 5811 Α,
2584 5747 2681 5816 τῆς
2726 5746 3002 5817 θαλάσσης
3035 5748 3073 5798 Β
3106 5765 3119 5802 :
3149 5746 3248 5817 τὴν
3276 5745 3544 5800 θάλατταν
3575 5762 3639 5809 ς.
