3966 6240
354 274 421 338 15
1512 272 1778 335 ΡΠΟΤΙΙ
1815 273 2327 336 ΡΑΤΒΙΛΒΟΠᾹΞ
2353 277 2462 339 CP.
3563 277 3628 344 16

353 395 543 439 tatam.
608 383 665 438 lo
748 389 1006 451 prieterea
1091 381 1258 436 filiam
1320 381 1498 436 amnis
1564 381 1775 446 fuisse,
1843 379 1935 435 sed

2046 397 2142 453 σης
2172 385 2232 437 τὸ
2262 386 2522 440 Ποντικὸν
2550 386 2789 457 πέλαγος
2822 404 2835 416 ·
2866 388 2962 458 ἀφ’
2998 407 3067 462 ης
3100 390 3194 444 καὶ
3219 391 3316 445 τὸν
3354 391 3631 464 Βόσπορον

354 484 583 531 cornuta
672 474 827 529 bovis
909 472 1119 538 forma,
1200 489 1324 528 cum
1395 473 1536 529 asilo
1615 474 1943 544 agitaretur,

355 569 641 623 Ponticum
684 580 838 620 mare
892 566 1313 631 transcurrisse,
1387 566 1533 621 unde
1591 574 1647 621 et
1686 564 1938 636 Bospho-

355 678 452 717 rus
482 674 681 716 nomen
712 658 1005 729 acceperit.
1040 660 1107 714 Et
1128 658 1384 714 Caeneum
1418 657 1726 729 Lapitham,
1755 658 1936 728 primo

354 755 642 825 virginem,
689 754 832 808 circa
875 752 1177 822 pubertatis
1216 767 1389 806 annos
1417 766 1484 806 ex
1525 750 1762 806 femineo
1802 766 1935 805 sexu

356 852 411 903 in
460 848 673 901 virilem
735 846 1165 914 transmigrasse
1195 862 1207 897 :
1241 853 1405 914 atque
1453 844 1520 899 ad
1569 852 1934 914 postremum,

356 958 481 997 eum
516 956 547 995 a
576 940 857 995 centauris
886 938 1127 991 abietum
1160 937 1384 991 incussu
1419 936 1823 1000 verberaretur,
1862 938 1939 989 vi-

355 1050 481 1090 vum
517 1043 571 1088 et
604 1042 847 1087 erectum
882 1030 1123 1086 subiisse
1173 1040 1394 1087 terram.
1434 1030 1500 1084 Et
1536 1029 1737 1084 Ledam
1763 1069 1779 1094 ,
1820 1030 1940 1098 ejus

354 1143 479 1197 qua:
511 1126 563 1179 in
596 1124 858 1179 feminam
903 1123 1053 1176 cadit
1076 1123 1473 1193 procreationis
1510 1120 1653 1185 loco,
1690 1123 1936 1175 nativum

246 1250 260 1263 -
355 1219 634 1291 peperisse
660 1232 823 1271 ovum
863 1233 877 1268 :
915 1215 1057 1269 unde
1085 1213 1261 1268 forma
1304 1215 1393 1268 illa
1427 1222 1505 1269 tot
1538 1212 1735 1283 pugnis
1774 1228 1940 1282 expe-

355 1314 477 1376 tita,
510 1310 737 1373 Helena,
769 1309 1020 1379 inquam,
1052 1307 1337 1362 elformata
1369 1308 1459 1361 sit.
1515 1306 1723 1361 llellem
1774 1307 1937 1360 etiam

355 1416 410 1460 et
439 1404 704 1459 Phrixum
739 1402 929 1457 arietis
958 1401 1188 1471 pedibus
1232 1400 1501 1465 volantes,
1531 1399 1784 1455 confecto
1815 1415 1941 1452 cur-

356 1516 444 1559 su,
498 1513 647 1549 mare
682 1493 815 1548 illud
848 1494 915 1547 ad
954 1502 1249 1562 utrumque
1280 1492 1431 1547 littus
1464 1508 1676 1561 usque,
1733 1491 1943 1545 Helles-

357 1596 580 1655 pontum
609 1586 675 1639 dc
694 1602 749 1639 se
769 1592 1107 1637 nominasse.
1138 1581 1279 1647 Quid
1302 1581 1448 1651 quod
1481 1580 1742 1636 Hercules
1774 1580 1938 1635 etiam

358 1690 509 1734 vasta
541 1680 736 1741 maria,
766 1678 856 1731 ubi
886 1676 1141 1730 maxima:
1172 1677 1431 1728 oriuntur
1467 1683 1842 1744 tempestates,
1884 1673 1937 1727 in

357 1772 460 1823 olla
486 1784 744 1824 emensus
768 1769 839 1823 sit
864 1787 876 1823 :
908 1782 962 1821 et
987 1767 1229 1820 Africam
1258 1767 1515 1821 sementis
1547 1776 1601 1820 et
1630 1782 1785 1835 aqua:
1811 1766 1940 1817 via:-

358 1879 466 1932 que
495 1868 770 1931 expertem
805 1860 957 1914 solus
975 1859 1319 1929 peragrarit:
1359 1866 1414 1912 et
1436 1858 1505 1911 ab
1527 1858 1745 1914 Atlante
1779 1869 1942 1911 tantae

358 1954 753 2025 magnitudinis
810 1961 867 2007 et
926 1952 1212 2022 gravitatis
1283 1954 1551 2005 mundum
1606 1951 1659 2005 in
1697 1967 1756 2006 se
1788 1966 1943 2005 rece-

359 2049 501 2120 perit
531 2066 543 2101 :
570 2063 678 2101 non
704 2046 849 2117 quod
876 2045 1194 2099 mandatum
1225 2045 1467 2108 haberet,
1505 2044 1600 2099 sed
1638 2054 1849 2099 tantum
1883 2054 1944 2100 ut

358 2142 587 2211 gratiam
614 2140 811 2194 iniret?
841 2138 981 2204 Quid
1004 2139 1149 2208 quod
1185 2136 1379 2210 M3b
1420 2128 1641 2206 Orphei,
1673 2138 1941 2192 citharam

362 2232 653 2304 pulsantis,
692 2231 921 2299 vestigia
946 2238 1165 2284 montes
1187 2239 1241 2283 et
1271 2229 1506 2298 scopuli,
1531 2244 1720 2283 amore
1743 2239 1795 2283 et
1826 2238 1943 2284 stu-

359 2328 452 2382 dio
476 2327 698 2380 musica:
728 2324 972 2379 sectati?
1016 2322 1080 2376 Et
1107 2338 1300 2377 carnes
1327 2323 1491 2377 boum
1518 2323 1650 2377 solis
1682 2322 1821 2377 inter
1854 2340 1943 2378 as-

359 2420 591 2475 sandum
615 2433 807 2473 vocem
850 2416 1135 2471 hominum
1170 2415 1467 2470 intellectui
1501 2414 1718 2469 obviam
1759 2417 1943 2471 edide-

361 2511 512 2566 rint?
564 2508 627 2566 Et
678 2510 824 2578 quod
871 2508 985 2560 vita
1038 2505 1305 2571 defuncti,
1364 2521 1461 2575 per
1492 2506 1688 2572 otium,
1751 2520 1943 2561 omnes

362 2601 579 2673 generis
609 2613 895 2655 sermones
928 2612 1052 2652 cum
1089 2598 1282 2668 Ulysse
1330 2598 1579 2662 credant,
1620 2613 1684 2655 cx
1718 2599 1937 2654 infomti

362 2692 553 2747 umbra
582 2690 859 2760 proprium
884 2687 1045 2744 faciei
1074 2689 1472 2758 agnoscentes?
1496 2690 1714 2761 Aliique
1743 2691 1940 2745 borum

361 2786 571 2849 bibant,
596 2799 720 2837 cum
746 2797 847 2837 nec
871 2782 1027 2835 alvus
1059 2798 1159 2835 nec
1197 2781 1322 2852 gula
1360 2791 1526 2836 restet
1555 2800 1567 2836 :
1599 2783 1690 2836 alii
1731 2781 1939 2836 ferrum

361 2882 747 2938 extimescant,
782 2871 1153 2926 vulnerationi
1194 2882 1376 2927 tamen
1414 2888 1523 2926 non
1576 2875 1814 2945 amplius
1842 2876 1941 2929 ob-

363 2964 550 3020 noxii?
597 2962 857 3019 Nonnulli
894 2977 1088 3017 saxum
1141 2963 1398 3026 volvant,
1437 2979 1672 3034 quorum
1709 2979 1939 3035 corpora

2038 477 2321 548 εἰληφέναι
2357 478 2459 548 τὴν
2488 478 2706 550 κλῆσιν.
2750 480 2872 534 Ἔτι
2913 482 3123 535 Καινέα
3153 484 3246 536 τὸν
3286 485 3537 556 Λαπίδην
3569 486 3632 539 τὸ

2040 570 2142 641 μὲν
2179 569 2277 623 ἀπ’
2344 570 2522 641 ἀρχῆς
2599 572 2855 641 γενέσθαι
2903 573 3184 646 παρθένον
3218 577 3315 629 καὶ
3369 579 3629 644 γυναῖκα,

2038 661 2320 733 ἡϐήσαντα
2344 662 2403 715 δὲ
2424 663 2505 726 είς
2534 662 2705 736 ἄνδρα
2731 665 3089 736 μεταστῆναι,
3120 667 3183 719 τὸ
3213 666 3258 719 δ’
3292 666 3528 722 ὕστατον
3549 671 3630 733 εἰς

2037 756 2135 826 τὴν
2168 756 2272 825 γῆν
2294 755 2399 809 ὑπὸ
2427 756 2538 809 τῶν
2567 757 2902 827 Κενταύρων
2922 758 3242 824 καταδῦναι,
3262 761 3384 821 ταῖς
3411 760 3632 824 ἐλάταις

2038 846 2396 914 τυπτόμενον,
2436 846 2599 918 ὀρθόν
2625 864 2682 901 τε
2722 848 2818 901 καὶ
2872 845 3072 911 ζῶντα.
3114 849 3227 901 Καὶ
3285 849 3468 919 Λήδαν
3528 850 3631 920 μὲν

2038 937 2159 991 ἀντὶ
2185 939 2285 1006 τῆς
2312 936 2657 1009 καθηκούσης
2701 941 2923 1007 γυναικὶ
2954 937 3273 1002 τεκνώσεως
3310 939 3418 992 ὠοῦ
3450 944 3631 993 τεκεῖν

2038 1029 2222 1094 φύσιν,
2246 1032 2304 1094 ἐς
2330 1024 2391 1084 οὗ
2413 1030 2473 1083 τὸ
2501 1031 2883 1102 περιμάχητον
2908 1026 3067 1097 εἶδος,
3101 1031 3434 1103 τὴνἙλένην
3464 1032 3627 1101 λέγω.

2038 1120 2360 1191 τυπωθῆναι
2386 1138 2402 1153 ο
2426 1122 2522 1194 τὴν
2546 1124 2604 1176 δὲ
2640 1124 2838 1193 Ἕλλην
2876 1124 2971 1177 καὶ
3001 1124 3196 1193 Φρίξον
3219 1127 3310 1176 ἐπὶ
3333 1124 3490 1195 κριοῦ
3514 1128 3631 1189 τοῖς

2041 1214 2169 1265 ποσὶ
2235 1215 2569 1285 πετομένους
2616 1215 2697 1281 ³³,
2773 1216 2866 1269 τὸν
2944 1217 3112 1287 πόρον
3192 1218 3626 1282 κατανύσαντας,

2047 1304 2209 1377 [1528
2249 1306 2343 1379 R.]
2382 1310 2482 1379 τὴν
2524 1309 2609 1377 ἐφ’
2651 1310 2886 1380 ἑκάτερα
2915 1308 3187 1363 θάλατταν
3238 1308 3629 1381 Ἑλλήσποντον

2043 1400 2138 1467 ἀφ’
2170 1400 2378 1452 ἑαυτῶν
2408 1400 2453 1431 ³³
2476 1400 3114 1470 προσαγορεῦσαι.Τὸνδ’
3149 1400 3421 1471 Ἡρακλέα
3444 1401 3538 1454 καὶ
3559 1400 3629 1454 τὰ

2045 1495 2256 1562 πελάγη
2314 1494 2435 1562 μὲν,
2469 1488 2529 1545 οὗ
2568 1495 2817 1563 μέγιστοι
2860 1492 3155 1562 χειμῶνες,
3188 1494 3244 1545 ὲν
3272 1492 3463 1563 λέϐητι
3510 1493 3633 1548 δια-

2047 1584 2220 1648 πλεῖν,
2247 1584 2375 1658 [7‘20
2402 1584 2492 1657 1L]
2524 1585 2621 1656 τὴν
2653 1586 2709 1638 δὲ
2744 1585 2953 1655 Λιϐύην
2976 1584 3216 1657 ἄσπορον
3237 1585 3464 1656 ἄνυδρον
3493 1586 3632 1639 ἀπό.

2050 1696 2238 1751 ρευτον
2285 1679 2641 1749 ὑπάρχουσαν
2695 1680 2856 1747 μόνον
2905 1677 3280 1749 διεξέρχεσθαι
3328 1678 3395 1743 ³⁵,
3447 1676 3527 1749 τῷ
3572 1677 3630 1731 δὲ

2052 1772 2309 1824 Ἄτλαντι
2342 1772 2433 1825 τὸν
2478 1771 2796 1842 τηλικοῦτον
2819 1771 3162 1837 διαδέξασθαι
3196 1774 3420 1841 κόσμον,
3458 1772 3633 1845 πρόσ-

2050 1881 2236 1932 ταγμα
2305 1863 2349 1895 ³⁵
2387 1862 2487 1933 μὲν
2529 1864 2628 1916 οὑκ
2656 1863 2869 1933 ἔχοντα,
2903 1865 3061 1935 χάριν
3104 1865 3158 1918 δὲ
3186 1865 3489 1933 τιθέμενον.
3521 1866 3633 1918 Καὶ

2049 1955 2127 2027 τῷ
2167 1958 2265 2026 μὲν
2307 1954 2497 2026 Ὀρφεῖ
2533 1954 2869 2024 κιθαρίζοντι
2912 1957 3001 2010 διὰ
3030 1958 3390 2026 φιλομουσίαν
3431 1974 3500 2009 τα
3525 1956 3630 2027 ὅρη

2049 2046 2265 2108 καὶτὰς
2297 2047 2502 2116 πέτρας
2546 2044 2878 2111 ἀκολουθεῖν,
2929 2048 3067 2118 κρέα
3106 2047 3161 2101 δὲ
3208 2048 3499 2117 ὀπτώμενα
3523 2047 3633 2099 τῶν

2064 2135 2246 2189 Ἡλίου
2278 2136 2418 2205 βοῶν
2456 2137 2641 2206 φωνὴν
2668 2137 2955 2207 προΐεσθαι
2985 2140 3095 2201 τοῖς
3122 2139 3433 2209 ἀνθρώποις
3480 2155 3635 2192 συνε-

2048 2224 2169 2293 τήν.
2200 2223 2243 2274 Τ
2246 2222 2320 2275 ὧν
2347 2224 2402 2275 δὲ
2436 2223 2853 2294 μετηλλαχότων
2885 2226 2977 2279 τὸν
3011 2226 3124 2296 βίον
3158 2229 3249 2279 ἐπὶ
3281 2228 3478 2298 σχολῆς
3496 2229 3633 2297 πρὸς

2061 2315 2325 2369 Ὀδυσσέα
2368 2314 2745 2386 διεξέρχεσθαι
2783 2320 3104 2388 παντοδαπῆ
3138 2320 3185 2351 ⁸⁸
3221 2321 3539 2391 ἀδολεσχίαν
3564 2322 3633 2375 ὲκ

2047 2408 2147 2477 τῆς
2172 2409 2421 2479 ἀμόρφου
2464 2410 2621 2472 σκιᾶς
2652 2409 2713 2462 τὸ
2752 2410 2849 2480 τῆς
2879 2411 3055 2480 ὂψεως
3087 2412 3455 2481 γινώσκοντας
3487 2413 3635 2467 [65w-

2052 2518 2151 2570 μα,
2184 2501 2426 2563 καὶτοὺς
2483 2501 2580 2571 μὲν
2619 2502 2797 2555 αὐτῶν
2824 2504 2933 2557 ἀπὸ
2968 2504 3065 2557 τοῦ
3098 2505 3274 2557 πίνειν
3309 2506 3368 2557 ού
3399 2505 3630 2570 κοιλίας,

2048 2593 2109 2645 οὐ
2141 2593 2403 2663 βρόγχους
2442 2594 2686 2664 ἔχοντας,
2728 2596 2951 2665 ἑτέρους
2979 2595 3033 2647 δὲ
3058 2596 3342 2666 φοϐεῖσθαι
3370 2596 3462 2649 τὸν
3486 2598 3635 2669 σίδη-

2051 2702 2143 2756 ρον
2172 2686 2355 2739 οὐκέτι
2390 2686 2432 2718 ³⁷
2474 2687 2811 2757 δυναμένους
2830 2688 3129 2759 τρωθῆναι,
3162 2690 3318 2755 τινὰς
3346 2690 3402 2743 δὲ
3431 2691 3632 2759 πέτρον

2048 2776 2255 2830 κυλίειν
2276 2779 2386 2831 τῶν
2411 2781 2680 2848 σωμάτων
2707 2780 2877 2833 πάλαι
2896 2784 3416 2852 κατακεκαυμένων,
3437 2783 3634 2846 ἄλλους

2047 2868 2106 2923 δὲ
2157 2869 2401 2933 δικάζειν
2443 2872 2653 2941 ἑτέροις
2685 2871 3009 2942 τεθνηκόσιν
3053 2873 3391 2945 ἀδικήματος
3416 2875 3637 2940 οὐδενὸς

2050 2960 2390 3030 ὑπάρχοντος
2419 2978 2435 2993 ·
2484 2962 2544 3015 τὸ
2574 2963 2620 3016 δ’
2654 2963 2903 3032 ἔσχατον,
2944 2963 3056 3019 τῶν
3090 2966 3273 3018 οὐκέτι
3302 2966 3472 3019 ὀντων
3506 2968 3635 3030 τοὺς

357 3064 471 3131 jam
495 3061 623 3117 olim
646 3059 1088 3130 conﬂagrarunt?
1106 3059 1288 3129 Aliqui
1320 3060 1481 3115 etiam
1505 3063 1597 3132 jus
1619 3063 1805 3117 dicant
1831 3080 1938 3118 ca:-

2047 3052 2252 3116 τύπους
2282 3056 2339 3108 ἐν
2379 3055 2641 3125 πορθμίδι
2682 3057 2950 3122 διαπλεῖν,
2984 3058 3207 3128 ἔχοντας
3231 3059 3467 3129 Χάρωνα
3501 3058 3634 3113 ναύ-

363 3157 533 3217 teris,
572 3154 661 3207 ubi
711 3162 893 3206 tamen
926 3152 1063 3205 nihil
1119 3152 1447 3221 injuriarum
1500 3163 1585 3208 est
1628 3155 1941 3225 reliquum?

359 3244 501 3313 Quid
539 3246 757 3300 tandem
802 3244 949 3314 quod
998 3259 1189 3297 eorum
1231 3245 1325 3314 qui
1373 3261 1481 3299 non
1518 3247 1755 3316 amplius
1789 3259 1942 3311 sunt,

359 3340 657 3393 simulacra
700 3338 752 3390 in
781 3337 975 3407 cymba
1010 3335 1313 3405 trajiciunt,
1372 3336 1650 3391 Charonte
1682 3340 1944 3393 nauclero

356 3440 411 3484 ct
451 3430 838 3498 gubernatore,
872 3436 932 3481 ut
962 3441 1033 3481 ne
1066 3426 1341 3482 submersi
1374 3428 1555 3482 denuo
1592 3430 1805 3486 funeris
1834 3432 1946 3486 ela-

362 3521 508 3575 tione
527 3534 667 3588 Opus
701 3518 979 3572 habeant?
1028 3516 1095 3571 Et
1125 3521 1271 3587 quod
1307 3519 1544 3576 Alcestis
1572 3562 1587 3587 ,
1620 3534 1673 3575 et
1702 3522 1943 3578 Protesi-

358 3611 497 3677 laus,
531 3620 583 3665 et
612 3608 852 3663 Glaucus
874 3650 889 3674 ,
942 3616 1073 3678 post
1102 3608 1227 3662 vitae
1260 3611 1421 3663 tinem
1458 3616 1727 3682 surgant?
1761 3611 1942 3683 Siqui-

356 3704 479 3760 dem
537 3705 685 3759 illam
738 3705 1005 3759 Hercules
1035 3703 1285 3770 reducit,
1342 3703 1508 3757 istum
1562 3705 1750 3759 uxoris
1789 3721 1944 3760 amor

356 3796 711 3861 exstimulat,
753 3798 902 3851 hunc
959 3806 1114 3851 vates
1155 3810 1264 3849 una
1319 3795 1572 3850 defessus
1607 3800 1835 3851 excitat.
1878 3796 1943 3851 Ει

356 3892 503 3960 quod
539 3888 883 3958 Amphiarai,
920 3887 1031 3941 vita
1073 3887 1259 3941 adhuc
1294 3887 1527 3957 integra,
1581 3904 1784 3957 corpus
1834 3902 1940 3944 una

356 3998 480 4038 cum
503 3984 661 4053 equis
687 3989 742 4035 et
774 3994 945 4035 curru
978 3981 1144 4035 tellus
1176 3980 1500 4034 absorbeat?
1532 3978 1595 4033 Et
1623 3981 1769 4050 quod
1806 3983 1942 4035 den-

358 4074 503 4130 tibus
551 4089 582 4129 e
620 4071 815 4128 Cadmi
864 4073 1107 4126 dracone
1159 4072 1531 4128 disseniinatis
1577 4073 1677 4126 viri
1720 4075 1941 4139 armati,

356 4168 608 4237 interque
625 4180 683 4220 se
711 4166 1112 4235 depugnantes,
1138 4165 1509 4219 enascantur?
1541 4163 1607 4218 Et
1650 4166 1794 4235 quod
1839 4165 1945 4221 Ta-

354 4264 459 4329 los,
501 4262 702 4318 Minois
735 4272 947 4326 custos,
988 4268 1069 4313 ter
1098 4274 1208 4313 uno
1240 4258 1489 4328 quolibet
1509 4260 1595 4313 die
1620 4268 1788 4313 totam
1834 4262 1944 4315 cir-

354 4356 724 4414 cumambulet
755 4354 1000 4418 Cretam,
1048 4362 1157 4407 tam
1188 4352 1348 4423 longe
1387 4351 1603 4422 lateque
1632 4362 1936 4422 patentem,

2048 3145 2251 3215 κληρον
2297 3147 2392 3199 καὶ
2426 3147 2889 3220 κυδερνήτην,ἱ’να
2920 3148 2995 3220 μὴ
3022 3151 3502 3220 καταστραφέντες
3541 3154 3636 3205 ὲκ-

2046 3238 2224 3306 φορᾶς
2252 3237 2576 3291 ὲπιδέωνται
2602 3239 2785 3293 πάλιν.
2815 3241 2927 3293 Καὶ
2955 3239 3054 3310 τὴν
3088 3241 3189 3309 μὲν
3216 3240 3513 3311 ’Ἄλκηστιν
3541 3244 3635 3295 καὶ

2048 3330 2431 3399 Πρωτεσίλαον
2500 3334 2597 3383 καὶ
2654 3332 2896 3385 Γλαῦκον
2948 3333 3411 3403 τετελευτηκότας
3473 3335 3638 3389 πάλιν

2046 3423 2369 3490 ἀναστῆναι,
2399 3422 2499 3491 τὴν
2528 3424 2627 3492 μὲν
2658 3425 2747 3491 ὑφ’
2784 3424 3121 3494 Ἡρακλέους
3148 3426 3477 3495 ἀναχθεῖσαν
3500 3469 3514 3493 ,
3545 3428 3638 3483 τὸν

2047 3514 2103 3567 δὲ
2139 3514 2226 3567 διὰ
2265 3515 2354 3568 τὸν
2404 3519 2504 3586 τῆς
2546 3518 2803 3584 γυναικὸς
2838 3520 2882 3550 ³⁸
2932 3518 3135 3588 ἔρωτα,
3182 3520 3275 3572 τὸν
3305 3521 3362 3573 δὲ
3397 3523 3503 3573 ὑπὸ
3540 3522 3636 3576 τοῦ

2049 3608 2299 3674 μάντεως
2331 3606 2421 3658 τοῦ
2454 3608 2992 3678 συγκατορυχθέντος
3022 3627 3037 3641 ·
3068 3610 3163 3663 τοῦ
3192 3611 3248 3663 δὲ
3294 3608 3636 3683 ’Λμφιαράου

2045 3694 2248 3759 ζῶντος
2278 3697 2338 3749 τὸ
2365 3696 2526 3767 σῶμα
2571 3700 2972 3766 καταδέξασθαι
3010 3703 3149 3771 μετά
3190 3702 3300 3755 τῶν
3329 3704 3513 3756 ἵππων
3541 3710 3637 3757 καὶ

2044 3786 2138 3839 τοῦ
2177 3789 2371 3857 δίφρου
2411 3789 2509 3858 τὴν
2541 3790 2667 3859 γῆν.
2700 3792 2820 3843 Ἔτι
2851 3792 3030 3845 τοίνυν
3063 3795 3282 3857 ὀδόντας
3313 3797 3377 3848 ἐκ
3410 3796 3634 3865 Κάδμου

2050 3880 2331 3951 σπαρῆναι
2357 3880 2677 3950 δράκοντος,
2701 3885 2764 3935 ὲκ
2786 3883 2843 3936 δὲ
2868 3886 3075 3937 τούτων
3100 3886 3321 3949 ὁπλίτας
3356 3890 3635 3942 ἀνατεῖλαι

2049 3973 2390 4041 μαχομένους
2448 3973 2719 4045 ἀλλήλοις.
2778 3975 2881 4026 Τὸν
2939 3976 2995 4029 δὲ
3051 3974 3241 4030 Τάλων
3285 3980 3377 4033 τὸν
3417 3980 3637 4047 φύλακα

2042 4064 2139 4118 τοῦ
2169 4067 2211 4097 ³⁵
2241 4067 2394 4118 Μίνω
2416 4068 2537 4137 τρὶς·
2567 4068 2669 4135 μὲν
2690 4069 2748 4119 ὲν
2772 4070 2957 4139 ἡμέρᾳ
2981 4072 3160 4123 πᾶσαν
3187 4076 3507 4143 περιπολεῖν
3535 4076 3638 4144 τὴν

2046 4157 2291 4227 Κρήτην,
2326 4158 2662 4229 τηλικαύτην
2694 4155 2883 4221 οὖσαν,
2935 4161 3033 4230 τὴν
3068 4162 3123 4214 δὲ
3154 4163 3299 4233 ζωὴν
3334 4165 3498 4233 μόνον
3527 4167 3640 4220 τῶν

2047 4246 2306 4317 ἐμψύχων
2356 4248 2548 4322 τοῦτον
2596 4251 2652 4301 ὲν
2692 4248 2772 4315 τῷ
2824 4250 3016 4321 σφυρῷ
3038 4254 3363 4322 κεκτῆσθαι.
3397 4257 3505 4307 Καὶ
3540 4257 3639 4309 τοῦ

2045 4340 2201 4393 Μίνω
2232 4342 2288 4394 δὲ
2327 4343 2608 4411 ἀμήχανον
2639 4338 2780 4396 εἶναι
2823 4343 3136 4412 παραλῦσαι
3164 4348 3256 4398 τὸν
3300 4347 3438 4416 βίον,
3475 4350 3526 4401 εἰ
3560 4351 3635 4419 μή

355 4452 616 4521 solusque
654 4449 1022 4503 animatorum
1052 4447 1106 4500 in
1144 4446 1257 4501 talo
1303 4446 1469 4499 vitam
1504 4446 1825 4514 possideat?
1876 4449 1939 4502 Et

2046 4451 2128 4497 τις
2156 4436 2305 4505 αὑτῴ
2336 4435 2456 4499 ζέον
2493 4435 2636 4504 ὕδωρ
2664 4436 2954 4504 καταχέαι.
2987 4437 3131 4506 Πρὸς
3156 4440 3368 4503 τούτοις
3398 4441 3503 4494 ὑπὸ
3538 4444 3639 4510 μὲν

354 4543 500 4613 quod
533 4541 697 4596 Minoi
728 4542 840 4593 vita
864 4537 1116 4607 abrumpi
1152 4547 1412 4604 nequeat,
1440 4536 1542 4591 nisi
1572 4538 1697 4607 quis
1722 4538 1938 4594 ferven-

355 4648 463 4691 tem
492 4637 540 4691 ei
577 4647 776 4704 aquam
801 4631 1088 4686 adundat?
1117 4631 1196 4683 Ad
1234 4630 1348 4684 haec
1382 4630 1526 4700 quod
1569 4632 1939 4687 incantatione

355 4732 554 4787 Medea:
594 4732 921 4786 immutatus
951 4741 1117 4782 senex
1150 4726 1342 4780 hircus
1378 4725 1445 4779 ad
1469 4726 1810 4796 juventutem
1849 4743 1938 4781 re-

356 4825 538 4889 dierit,
565 4832 619 4877 et
651 4839 679 4876 a
715 4820 1030 4875 Peliadihus
1062 4819 1310 4873 incoctus
1337 4819 1406 4873 sit
1442 4826 1596 4888 pater
1620 4857 1634 4882 ,
1686 4828 1745 4873 ut
1794 4819 1941 4888 reju-

358 4913 707 4972 veneseeret?
734 4912 799 4966 Et
821 4911 968 4982 quod
997 4921 1109 4965 tres
1132 4925 1270 4964 anus
1289 4909 1589 4964 Pltoreides
1607 4910 1772 4963 unius
1795 4910 1935 4963 oeuli

356 5026 456 5066 usu
490 5010 658 5063 vitam
689 5008 931 5075 exigant,
963 5002 1359 5059 indissolubilis
1382 5003 1522 5055 inter
1544 5017 1603 5056 se
1628 5000 1751 5055 fidei
1782 5016 1938 5055 eom-

353 5111 630 5159 mutantes
667 5098 886 5153 vicem?
934 5097 1069 5151 item
1118 5094 1267 5167 quod
1297 5093 1546 5147 Arcadia:
1593 5092 1836 5147 cultores
1885 5103 1941 5145 et

355 5197 571 5259 Atticae,
600 5192 889 5260 terrigenae
916 5190 1029 5244 sint
1062 5195 1116 5242 et
1172 5195 1365 5257 praeter
1395 5194 1649 5238 naturam
1689 5182 1843 5236 orti?
1872 5182 1940 5235 Et

354 5289 501 5359 quod
543 5292 777 5343 mactata
825 5282 882 5338 in
914 5280 1110 5335 Aulide
1141 5280 1323 5335 vivam
1361 5294 1420 5333 se
1451 5274 1761 5331 exhibuerit
1790 5274 1935 5344 apud

2044 4527 2145 4597 τῆς
2191 4528 2433 4598 Μηδείας
2486 4528 2717 4599 γέροντα
2758 4527 2916 4597 κριὸν
2964 4530 3200 4598 ἐπῳδαῖς
3256 4535 3641 4600 μεταπεσόντα

2046 4620 2165 4674 νέον
2189 4620 2445 4687 γενέσθαι
2483 4620 2667 4683 πάλιν,
2699 4619 2804 4672 ὑπὸ
2830 4619 2886 4671 δὲ
2915 4620 3026 4673 τῶν
3068 4621 3353 4674 Πελιάδων
3395 4625 3643 4694 καθεψη-

2046 4712 2207 4782 θῆναι
2238 4713 2329 4765 τὸν
2357 4712 2572 4783 πατέρα
2615 4711 2839 4779 Πελίαν,
2880 4712 2966 4765 ἴνα
2994 4713 3220 4783 γένηται
3257 4715 3397 4778 νέος.
3435 4716 3551 4780 Τάς
3584 4717 3643 4770 δὲ

2044 4805 2309 4876 Φορκίδας
2340 4806 2490 4874 τρεῖς
2536 4805 2636 4873 μὲν
2670 4803 2838 4867 οὔσας
2870 4805 3088 4873 γραίας,
3138 4807 3219 4857 ἐνὶ
3252 4806 3309 4859 δὲ
3345 4810 3644 4878 χρωμένας

2046 4898 2333 4968 ὀφθαλμῷ,
2369 4894 2645 4963 διεξάγειν
2670 4894 2762 4947 τὸν
2794 4895 2907 4965 βίον
2933 4894 3128 4949 ἄλυτον
3159 4899 3289 4966 παρ’
3315 4896 3360 4927 ⁸ο
3390 4898 3643 4967 ἀλλήλων

2046 4992 2188 5045 κατὰ
2240 4989 2407 5059 μέρος
2459 4986 2833 5058 ἀμειόομένας
2865 4988 3067 5041 πίστιν.
3126 4988 3246 5040 Ἔτι
3294 4987 3350 5041 δὲ
3380 4992 3511 5053 τοὺς
3538 4993 3643 5061 τὴν

2060 5082 2351 5154 Ἀρκαδίαν
2382 5081 2667 5144 οἰκοῦντας
2722 5082 2816 5133 καὶ
2850 5079 2949 5149 τὴν
2991 5080 3242 5147 Ἀττικὴν
3281 5084 3540 5146 γηγενεῖς
3582 5101 3643 5136 τε

2048 5173 2305 5230 εἶναικαὶ
2331 5173 2482 5243 παρά
2512 5172 2675 5241 φύσιν
2698 5171 3002 5239 γεγονέναι.
3036 5169 3144 5221 Καὶ
3171 5169 3269 5238 τὴν
3312 5172 3410 5231 μὲν
3443 5173 3503 5223 έν
3535 5173 3646 5225 Αὑ-

2048 5267 2151 5319 λίδι
2201 5269 2504 5334 σφαγεῖσαν
2540 5267 2600 5319 ὲν
2649 5265 2883 5335 Ταύροις
2911 5262 3257 5331 ἀναφανῆναι
3288 5262 3497 5327 ζῶσαν,
3539 5267 3646 5337 τὴν

1608 5408 1843 5463 VARIIE
1877 5404 2176 5463 LECTION
2186 5404 2285 5460 ES.

424 5537 470 5570 ”
501 5553 592 5593 an.
628 5537 973 5611 πετομένουῖ
1025 5607 1035 5611 Δ
1074 5535 1241 5611 ιζάπ
1277 5532 1488 5587 ὲαυτῶν
1511 5528 1884 5611 ,ἐλλήσποντον
1906 5526 1978 5611 ’Βε

356 5610 493 5680 μένα
520 5611 585 5663 Δ.
662 5611 705 5642 ³⁸
736 5593 1278 5680 παντοδαπῂνΒ-,ίὲκ
1310 5634 1380 5680 :—
1402 5593 1770 5680 γινώσκοντας
1790 5628 1869 5677 :—
1894 5597 2004 5649 ἀπὸ
2027 5593 2154 5680 τοῦ]

1312 5672 1357 5704 ³⁸
1388 5664 1483 5725 τὸν
1518 5670 1613 5740 τῆς
1638 5664 1720 5737 γ.]
1753 5668 1851 5739 τῆς
1898 5684 1953 5736 γ.
1991 5666 2083 5720 τὸν
2107 5664 2175 5718 Α.

355 5677 407 5750 p.
456 5682 558 5734 407
590 5699 642 5734 a.
742 5683 786 5713 ιτ
820 5678 1031 5749 οὐκέτι]
1059 5679 1119 5731 οὐ
1153 5677 1210 5730 n.

355 5753 399 5781 “’
428 5751 623 5807 ἄλυτον
655 5754 783 5824 παρ’
814 5768 925 5809 om.
954 5753 1019 5803 A.

2074 5525 2119 5556 “
2150 5523 2464 5592 διέρχεσθαι
2502 5540 2564 5587 ς.
2670 5522 2716 5554 ³⁸
2745 5523 3077 5592 πρόσταγμα
3112 5521 3232 5589 μὲνι
3292 5535 3647 5592 προστεταγο

2187 5590 2525 5664 γὰνώσκοντα
2564 5622 2631 5632 —-
2654 5590 2887 5664 αἵματος
2916 5590 3291 5664 lit-insterlttts.
3327 5590 3568 5664 bllcian.
3594 5590 3644 5654 γι,

2282 5664 2325 5697 ³⁸
2354 5665 2531 5718 τάλων
2566 5664 2655 5717 τὸν
2699 5660 2916 5731 φύλακα
2960 5660 3055 5715 τοῦ
3103 5664 3146 5713 Α
3200 5679 3213 5714 :
3263 5660 3535 5713 ίταλωιὸν
3582 5680 3647 5727 ς.
