3944 6242
349 301 418 364 1⁵1
1476 306 1930 370 BIBLIOTHEC

2034 333 2095 344 -
2132 307 2294 367 COD.
2333 307 2487 368 CCL.
3540 304 3607 369 13

342 417 393 472 δ’
416 418 474 470 ὲν
499 415 891 487 Πελοποννήσῳ
913 418 1437 473 καταποντισθεῖσαν
1473 421 1580 473 ὑπὸ
1606 420 1702 473 τοῦ
1725 418 1932 492 πατρὸς

2034 417 2282 474 Tauros?
2312 418 2379 473 Et
2416 417 2563 489 quod
2602 416 2657 471 in
2690 416 3067 486 Peloponneso
3118 416 3257 472 mari
3290 417 3551 475 demersa.
3571 438 3601 475 a

357 510 635 580 ’Δκρισίου
661 515 726 581 τῇ
757 510 999 586 παραλίᾳ
1025 515 1091 582 τῇ
1119 513 1390 584 Σεριφίων
1421 513 1632 583 ἀϐλαϐῆ
1664 511 1804 583 μετά
1829 511 1924 565 τοῦ

2028 520 2184 583 patre
2212 512 2417 575 Arisio,
2451 509 2830 580 Seriphiorum
2861 510 3134 565 littoribus
3175 511 3466 567 incolumis
3496 529 3603 567 una

347 602 585 674 βρέφους
618 606 971 674 προσπεσεῖν.
1003 604 1108 657 Τὸν
1134 606 1181 657 δ’
1229 605 1334 658 ύπὺ
1354 603 1633 659 Μενελάου
1659 607 1802 658 κατά
1831 604 1928 676 τὴν

2034 620 2152 660 cum
2196 603 2402 657 infante
2431 602 2742 673 appulerit?
2782 602 2850 655 Et
2881 603 3025 672 quod
3072 618 3101 656 a
3136 600 3382 657 Menelao
3408 603 3461 657 in
3493 604 3607 657 sino

349 696 689 765 μονομαχίαν
733 695 835 767 ἤδη
881 695 1261 768 χειρούμενον,
1294 695 1554 766 ἐξαίφνης
1582 696 1926 767 ἁρπαγέντα,

342 788 406 841 ἐν
432 786 511 857 τῷ
540 785 773 857 θαλάμῳ
814 786 1068 854 γενέσθαι
1101 787 1239 857 πρὸς
1274 786 1561 841 συνουσίαν
1589 787 1809 856 ἕτοιμον
1840 786 1930 838 δν-

341 895 437 943 τα,
473 878 584 931 τῶν
611 877 801 932 δεινῶν
826 878 1084 933 ἁπάντων
1114 878 1557 949 ἐπιλελησμένον.
1586 878 1694 932 Τοῦ
1722 878 1779 931 δέ
1808 877 1929 931 δου-
1956 938 1962 941 ε

345 970 495 1041 ρείου
517 969 578 1023 τὸ
621 969 783 1033 κύτος
807 971 907 1024 ούκ
945 971 1031 1039 ἐφ’
1065 970 1262 1025 ἁλώσει
1291 972 1648 1042 συμπαγῆναι
1694 971 1925 1035 πόλεως,

347 1060 471 1113 ἀλλ’
503 1061 600 1112 ἐπὶ
653 1060 917 1133 προδοσίᾳ
956 1061 1067 1114 τῶν
1101 1061 1233 1133 περὶ
1282 1062 1373 1115 τὸν
1401 1062 1663 1115 Ὀδυσσέα
1712 1062 1805 1115 καὶ
1836 1062 1927 1114 τὸν

341 1151 727 1222 Νεοπτόλεμον
760 1168 777 1185 ⁸
830 1152 1089 1221 τοιαύτην
1138 1155 1168 1206 ὁ
1227 1153 1435 1224 τρόπος
1470 1154 1806 1225 «ὑπογράφει
1827 1154 1927 1225 τὴν

341 1242 602 1308 εὐήθειαν
704 1242 801 1295 καὶ
877 1240 973 1295 τοῦ
1072 1242 1585 1306 κατασκευάσαντος
1681 1242 1927 1313 τεχνίτου

343 1335 441 1387 καὶ¹
493 1334 604 1388 τῶν
656 1336 943 1405 ἐμϐάντων
979 1335 1023 1366 δ’
1054 1335 1324 1407 ἀριστέων
1379 1335 1614 1389 καὶτῶν
1667 1335 1930 1400 ὑποδεξα-

344 1428 530 1497 μένων
578 1428 660 1490 είς
742 1428 845 1498 τὴν
901 1427 1042 1480 ίδίαν
1113 1427 1291 1482 πόλιν.
1346 1429 1472 1482 Ἐπὶ
1526 1426 1781 1495 τούτοις,
1847 1429 1930 1482 ὅτι

339 1518 437 1571 τὸν
484 1518 810 1588 τηλικοῦτον
855 1520 1086 1590 ούρανδν
1117 1521 1256 1589 μετὰ
1280 1520 1392 1574 τῶν
1437 1522 1495 1573 ἐν
1534 1519 1685 1589 αύτῷ
1717 1519 1929 1589 διατρι-

342 1611 553 1665 ϐόντων
578 1612 720 1666 θεῶν
752 1615 868 1676 τοῖς
901 1613 1052 1675 ίδίοις
1084 1615 1112 1666 ὁ
1147 1614 1349 1678 Ἀτλας
1378 1612 1549 1683 ὤμοις
1586 1613 1928 1684 ὑπειληφὼς,

340 1704 495 1771 ὅμως
516 1705 615 1766 τὰς
636 1703 978 1775 καλουμένας
994 1705 1343 1767 ’Δτλαντίδας
1373 1708 1689 1777 ἐτεκνοποιή
1698 1723 1829 1777 σατο
1847 1707 1893 1738 ⁸⁸
1913 1722 1928 1737 ⁸

2027 695 2204 767 gulari
2236 694 2539 749 certamine
2566 694 2678 765 jam
2727 696 2990 750 subactus
3012 734 3028 759 ,
3068 704 3191 764 post
3229 696 3602 765 arreptionem

2028 788 2292 852 subitam,
2317 797 2565 843 versetur
2593 788 2649 842 in
2676 786 2941 850 thalamo,
2969 788 3036 842 ad
3070 788 3414 857 complexum
3449 802 3609 857 para-

2029 888 2141 946 tus,
2163 891 2218 936 et
2240 883 2423 937 omnis
2442 882 2655 937 adversi
2682 896 2848 936 casus
2863 880 3062 953 Μήτι
3092 882 3334 937 oblitus?
3368 881 3433 935 Et
3459 883 3609 952 quod

2029 975 2192 1046 lignei
2231 976 2356 1046 equi
2407 975 2811 1046 receptaculum
2864 990 2974 1029 non
3032 975 3097 1029 ad
3150 976 3605 1046 expugnationem

2030 1069 2182 1124 urbis
2218 1070 2292 1125 sit
2321 1079 2687 1139 compactum,
2718 1068 2811 1124 sed
2834 1068 2905 1123 ob
2923 1067 3283 1136 proditionem
3311 1068 3518 1141 Ulyssis
3556 1078 3612 1123 et

2031 1162 2395 1233 Neoptolemi,
2447 1160 2869 1231 sociorumque?
2922 1161 3056 1217 Vide
3107 1161 3285 1231 qualis
3312 1161 3416 1215 hoc
3444 1160 3609 1214 modo

2033 1256 2267 1312 stultitia
2299 1254 2644 1325 depingatur,
2658 1264 2712 1309 et
2728 1254 2958 1311 artiﬁcis
2979 1253 3072 1324 qui
3090 1268 3291 1324 equum
3314 1252 3608 1318 exstruxit,
3689 1321 3704 1334 ο

2031 1356 2087 1403 et
2114 1362 2428 1418 procerum,
2457 1348 2552 1418 qui
2580 1348 2729 1404 hunc
2780 1347 3044 1411 inierunt,
3078 1357 3133 1401 et
3160 1346 3361 1401 civium
3381 1386 3396 1410 ,
3429 1346 3524 1415 qui
3554 1346 3607 1399 iu

2030 1442 2308 1512 propriam
2340 1441 2532 1495 urbem
2562 1440 2814 1495 eumdem
2848 1439 3243 1507 susceperunt!
3302 1438 3454 1492 Adde
3500 1437 3609 1501 bis,

2031 1532 2180 1603 quod
2212 1533 2410 1587 caelum
2435 1542 2545 1587 tam
2574 1540 2818 1597 vastum,
2851 1532 2959 1587 diis
2979 1518 3033 1584 in
3056 1545 3121 1584 eo
3139 1528 3611 1587 commorantibus

2034 1624 2153 1679 suis
2181 1624 2336 1679 Atlas
2366 1624 2614 1679 humeris
2642 1623 2949 1693 exceperit,
2995 1631 3050 1677 et
3081 1621 3396 1677 Atlandides
3426 1627 3609 1674 tamen

2034 1716 2315 1787 genuerit,
2363 1716 2511 1787 quod
2556 1715 2671 1771 fleri
2703 1716 2857 1771 nullo
2882 1723 3062 1786 potest
3102 1713 3289 1769 modo.
3329 1712 3486 1779 Quod
3520 1726 3613 1766 or-

346 1797 469 1870 [721
517 1796 609 1868 H.]
634 1798 771 1869 ὅπερ
831 1799 1135 1869 ἀμήχανον.
1168 1799 1292 1852 Ὅτι
1338 1798 1436 1871 τὴν
1476 1799 1697 1854 ἅπασαν
1747 1802 1931 1854 οἰκου-

2034 1783 2158 1864 hem
2195 1783 2657 1865 totum—Oceanus
2682 1783 3009 1864 circumluat
3039 1816 3093 1862 et
3123 1806 3363 1872 ambiat,
3421 1817 3609 1861 custo-

348 1890 520 1960 μένην
565 1890 808 1953 ὠκεανὸς
878 1891 1201 1963 περικυκλοῖ
1248 1892 1503 1963 φρουρῶν
1544 1893 1641 1947 καὶ
1694 1893 1933 1964 συνέχων

344 1985 460 2045 τοῖς
485 1982 682 2036 ἑαυτοῦ
719 1982 989 2054 ῥεύμασιν
1009 2001 1024 2014 ο
1053 1983 1218 2056 [1529
1257 1984 1351 2057 R.]
1380 1978 1441 2038 οὗ
1473 1987 1623 2056 φησὶξ
1649 1986 1824 2056 πέραν
1849 1988 1933 2040 el-

347 2079 468 2128 κεῖν
500 2077 597 2139 τὰς
637 2076 912 2147 Γοργόνας
950 2078 1214 2139 Ἡσίοδος.
1242 2078 1369 2131 Ὅτι
1394 2078 1504 2132 τῶν
1546 2079 1745 2150 ἡρώων
1786 2080 1934 2144 τινὲς

355 2163 540 2232 ἅπαθῆ
564 2166 664 2234 τὴν
694 2165 962 2234 διαμονὴν
998 2167 1109 2219 τῶν
1138 2168 1408 2239 σωμάτων
1436 2168 1480 2201 ⁸³
1509 2170 1932 2240 διαφυλάττουσι

361 2258 536 2309 πάντα
565 2258 651 2311 τὸν
680 2260 873 2329 χρόνον
899 2262 956 2312 ἐν
983 2262 1103 2324 ταῖς
1132 2262 1398 2333 μακάρων
1420 2264 1626 2333 νήσοις,
1662 2263 1729 2326 ἃς
1757 2263 1934 2327 οὐδεὶς

357 2354 557 2423 κυρίως
600 2356 883 2425 ἱστόρηκε.
924 2357 1036 2410 Καὶ
1081 2355 1257 2410 ταῦτα
1285 2356 1385 2426 μὲν
1417 2359 1498 2420 είς
1526 2357 1732 2428 ἄπορον
1764 2375 1930 2411 κατα·

352 2446 656 2515 στρέφοντα
696 2448 856 2514 δόξαν
910 2448 1134 2512 πολλαῖς
1175 2449 1272 2503 καὶ
1325 2448 1434 2502 τῶν
1461 2451 1737 2516 γυναικῶν
1782 2449 1935 2504 εὔλο-

346 2553 443 2603 γον
472 2536 521 2569 “
562 2539 899 2607 παραδίδωσι
950 2542 1260 2612 χλευασμόν
1291 2544 1359 2597 ⁸⁸.
1424 2545 1547 2597 Τῶν
1581 2545 1629 2597 δ’
1690 2541 1759 2597 αὖ
1793 2545 1931 2599 θεῶν

346 2628 466 2692 πῶς
518 2632 950 2703 Μραδεξὼμεθα
979 2634 1026 2666 ⁵⁸
1075 2636 1166 2688 τὸν
1215 2637 1312 2704 μὲν
1350 2636 1407 2688 ἐν
1455 2637 1615 2707 μηρῷ
1654 2638 1934 2708 καταρῤαο

342 2720 517 2787 φέντα
555 2723 851 2793 τραφῆναι,
887 2724 985 2793 τὴν
1017 2725 1074 2779 δὲ
1100 2728 1166 2796 τῇ
1201 2726 1295 2779 τοῦ
1334 2728 1455 2790 Διὸς
1503 2729 1711 2798 κεφαλῇ
1753 2727 1933 2799 κοιλίᾳ

341 2810 684 2878 χρήσασθαι,
743 2812 838 2864 τὸν
886 2813 943 2866 δέ
995 2813 1124 2866 ἄνευ
1168 2814 1264 2868 τοῦ
1314 2816 1517 2885 πατρὸς
1574 2816 1931 2886 τελειωθῆναι

344 2902 514 2970 (λέγω
573 2902 637 2972 δὴ
687 2902 780 2955 τὸν
825 2904 1177 2976 Ἥφαιστον),
1223 2906 1316 2959 τὸν
1366 2907 1423 2960 δὲ
1485 2908 1673 2960 ’Ἡλιον
1718 2908 1805 2959 διὰ
1836 2908 1932 2971 τὰς

354 2991 596 3061 Ἀτρέως
625 2994 705 3056 είς
733 2993 977 3063 Θυέστην
1023 2996 1255 3067 πράξεις
1287 2998 1385 3067 τὴν
1420 2997 1519 3065 μὲν
1552 2997 1705 3050 δύσιν
1736 3000 1927 3051 ἀνατοσ

2034 1902 2194 1958 diens
2210 1918 2335 1958 eum
2354 1900 2595 1957 fluxihus
2621 1903 2737 1957 suis
2765 1913 2819 1957 et
2845 1901 3155 1963 continens,
3181 1900 3339 1969 cujus
3369 1907 3613 1954 extrema

2032 1995 2319 2065 Gorgones
2348 1994 2594 2049 accolere
2622 1994 2892 2050 Hesiodus
2919 1993 3085 2048 canit.
3116 1991 3181 2046 Et
3204 1991 3349 2061 quod
3381 1991 3610 2045 heroum

2034 2087 2283 2141 nonnulli
2337 2102 2631 2155 corporum
2680 2088 3154 2147 incolumitatem,
3209 2094 3360 2139 extra
3419 2099 3613 2138 omnes

2032 2179 2391 2244 adjectiones,
2423 2188 2768 2243 conservant,
2831 2180 2887 2235 in
2920 2178 3203 2233 beatorum
3255 2176 3452 2232 insulis
3493 2193 3507 2228 :
3546 2175 3613 2228 de

2033 2270 2235 2339 quibus
2260 2280 2440 2327 tamen
2470 2285 2631 2326 nemo
2650 2272 2784 2327 certi
2811 2270 3014 2341 aliquid
3046 2270 3323 2324 memoria}
3353 2268 3613 2338 prodidit.

2034 2363 2163 2421 Haec
2214 2366 2381 2437 igitur
2411 2381 2535 2420 cum
2586 2366 2642 2420 in
2691 2365 2887 2420 dubias
2932 2374 2987 2419 et
3029 2365 3313 2435 perplexas
3361 2363 3615 2417 desinant

2033 2458 2345 2529 opiniones,
2380 2459 2567 2513 multis
2598 2458 2765 2513 etiam
2789 2473 2820 2513 e
2842 2473 2975 2512 sexu
3005 2456 3262 2510 muliebri
3299 2455 3469 2509 risum
3503 2468 3613 2507 non

2034 2551 2449 2621 improbabilem
2506 2550 2750 2606 tradunt.
2824 2550 3093 2606 Caeterum
3153 2548 3220 2603 de
3277 2548 3384 2603 diis
3439 2560 3613 2615 nugas

2033 2641 2314 2712 quomodo
2346 2640 2725 2709 accipiamus?
2778 2639 2931 2706 Quod
2995 2639 3245 2693 videlicet
3283 2636 3503 2706 quidam
3536 2634 3616 2689 fe-

2033 2731 2177 2786 mori
2218 2733 2432 2785 insutus
2467 2731 2533 2785 ad
2566 2729 2938 2784 maturitatem
2970 2726 3277 2797 pervenerit
3311 2744 3324 2780 :
3363 2725 3613 2795 quaedam

2032 2821 2187 2878 Jovis
2218 2824 2395 2891 capite
2417 2835 2518 2891 pro
2557 2820 2785 2875 matrice
2818 2821 2889 2875 sit
2938 2819 3077 2873 usa?
3137 2820 3201 2872 Et
3225 2817 3446 2887 quidem
3494 2819 3617 2869 sine

2031 2922 2186 2984 patre
2201 2912 2529 2985 (Vulcanum
2556 2912 2701 2982 dico)
2719 2913 2790 2967 sit
2816 2911 3129 2982 perfectus?
3153 2910 3307 2977 Quod
3341 2908 3458 2971 Sol,
3486 2922 3615 2976 pro-

2032 3016 2154 3076 pter
2182 3005 2446 3059 nefariam
2474 3005 2622 3059 Atrei
2670 3005 2727 3058 in
2774 3003 3065 3074 Thyestem
3120 3003 3493 3072 impietatem,
3548 3017 3615 3056 ex

342 3084 444 3154 λὴν
465 3087 712 3154 ποιῆσαι,
736 3087 838 3157 τὴν
863 3087 921 3141 δὲ
948 3088 1216 3159 ἀνατολὴν
1238 3088 1412 3143 δύσιν.
1450 3091 1594 3159 Πρὸς
1627 3090 1685 3141 δὲ
1722 3089 1932 3153 τούτοις

2035 3112 2234 3153 occasu
2267 3105 2475 3162 ortum,
2515 3108 2571 3151 et
2602 3112 2667 3150 ex
2698 3105 2825 3151 ortu
2856 3111 3113 3150 occasum
3145 3093 3376 3149 fecerit?
3424 3104 3618 3163 prater

356 3176 677 3231 Ἀπόλλωνα
722 3177 823 3246 μὲν
868 3178 964 3232 καὶ
1002 3180 1312 3233 Ποσειδῶνα
1341 3183 1399 3233 ὲν
1440 3182 1611 3251 Τροίᾳ
1636 3181 1934 3251 θητεύσαν-

342 3287 444 3331 τας
494 3270 745 3324 ἐνιαυτὸν
772 3272 1085 3342 οἰκοδομίας
1132 3272 1571 3343 ἀποστερηθῆναι
1621 3273 1813 3343 μισθὸν
1839 3274 1935 3327 καὶ

346 3360 697 3433 βουτροφίας,
722 3366 844 3426 ταῖς
885 3364 1220 3428 δεινοτάταις
1248 3365 1354 3418 ὑπὸ
1380 3366 1753 3436 Λαομέδοντος
1777 3384 1939 3438 περιο

344 3458 617 3521 πεσόντας
646 3458 920 3523 ἀπειλαῖς,
963 3459 1219 3513 Διόνυσον
1258 3460 1317 3512 δέ
1365 3461 1469 3513 ὑπὸ
1500 3462 1823 3529 Λυκούργου
1846 3461 1935 3516 διά

343 3551 514 3617 φόϐον
537 3553 584 3583 δ’
604 3553 1042 3621 καταδιωχθέντα
1072 3555 1152 3617 εἰς
1186 3554 1288 3624 τὴν
1323 3553 1595 3608 θάλατταν
1618 3554 1751 3625 πρὸς
1779 3554 1935 3607 Θέτιν

342 3645 708 3711 καταφυγεῖν.
764 3642 905 3711 Πρὸς
960 3643 1019 3696 δὲ
1074 3644 1289 3707 τούτοις
1342 3645 1480 3716 ἐρινί
1510 3645 1649 3713 ὑπὲρ
1705 3642 1935 3709 κάλλους

344 3734 691 3804 καταστῆναι
753 3736 903 3798 θεαῖς
954 3728 1127 3801 ⁸⁸,ὧν
1185 3738 1394 3808 ἑκάστη
1450 3739 1547 3808 μέν
1586 3739 1813 3803 ἐδέκαζε
1842 3739 1936 3791 τὸν

343 3826 542 3896 κριτὴν
564 3830 675 3890 τοῖς
696 3827 826 3898 παρ’
854 3829 1019 3898 ἐαυτῇ
1041 3826 1253 3899 δώροις,
1281 3829 1368 3883 ἵνα
1390 3830 1592 3902 παρίδῃ
1622 3831 1682 3883 τὸ
1704 3830 1932 3897 δῖκαιον,

341 3922 581 3994 οὐδεμιᾷ
628 3924 686 3976 δέ
715 3923 1123 3995 παρηκολούθει
1170 3924 1232 3975 τὸ
1254 3925 1707 3994 συμπεσούμενον
1741 3926 1804 3978 ὲκ
1835 3926 1933 3995 τῆς

342 4015 585 4085 κρίσεως
610 4014 781 4078 τέλος.
815 4016 937 4068 Ἔτι
960 4015 1021 4068 τὸ
1072 4018 1170 4084 μὲν
1222 4014 1453 4085 Ἀθηνᾶς
1482 4016 1709 4085 μέγεθος
1740 4018 1822 4079 εἰς
1845 4032 1936 4086 χε-

340 4106 551 4169 λιδόνος
575 4107 988 4177 συγκαταϐῆναι
1025 4108 1070 4141 ⁴⁹
1105 4108 1291 4175 ὄγκον,
1319 4109 1381 4162 τὸ
1412 4108 1470 4161 δὲ
1497 4107 1590 4162 τοῦ
1622 4109 1740 4171 Διὸς
1774 4106 1936 4173 ἀξίω-

344 4216 423 4268 μα
480 4200 563 4261 είς
591 4198 797 4252 κύκνου
841 4199 1247 4269 κατασταλῆναι
1289 4200 1465 4266 τάξιν,
1503 4200 1564 4252 τὸ
1598 4200 1654 4252 δὲ
1691 4200 1799 4269 τῆς
1826 4201 1935 4269 Δή-

346 4304 561 4360 μητρος
605 4289 653 4321 ”
687 4288 884 4353 κάλλος
932 4292 1012 4353 είς
1040 4292 1140 4360 τὴν
1185 4290 1477 4360 αἰσχίστην
1533 4290 1934 4361 μετασταθῆναι

340 4380 607 4435 διάθεσιν.
640 4379 743 4434 Τὸν
797 4382 857 4435 δὲ
894 4383 1260 4452 νομιζόμενον
1294 4382 1557 4452 μέγιστον
1594 4382 1691 4436 Δία
1711 4382 1934 4435 ἐπιϐου-

2041 3204 2107 3244 ea
2159 3190 2304 3260 quod
2334 3190 2527 3258 Apollo
2555 3200 2608 3244 et
2633 3188 2917 3258 Neptunus
2941 3231 2956 3253 ,
2990 3188 3170 3242 locata
3212 3187 3357 3257 apud
3392 3186 3614 3256 Trojam

2039 3281 2383 3336 mercenaria
2410 3295 2575 3349 opera
2617 3295 2713 3349 per
2746 3295 2949 3333 annum
2977 3318 2992 3343 ,
3047 3288 3412 3349 prasterquam
3466 3279 3616 3347 quod

2038 3370 2418 3426 aediﬁcationis
2442 3379 2496 3425 et
2533 3370 2821 3424 ministerii
2853 3368 3139 3438 pastoralis
3179 3369 3428 3424 mercede
3464 3367 3615 3422 frau-

2045 3464 2334 3529 darentur,
2367 3463 2729 3518 atrocissimis
2767 3461 3157 3517 Laomedontis
3202 3461 3371 3516 minis
3420 3460 3618 3530 objecti

2037 3555 2188 3612 sint?
2222 3557 2284 3610 Et
2307 3555 2455 3625 quod
2475 3553 2721 3610 Bacchus
2748 3570 2778 3609 a
2808 3553 3057 3625 Lycurgo
3084 3553 3507 3623 perterrefactus
3531 3553 3617 3607 fu-

2038 3655 2305 3714 gatusque
2334 3645 2389 3698 in
2420 3659 2593 3707 mare,
2625 3644 2890 3701 Thetidos
2920 3659 3080 3715 opem
3128 3646 3472 3714 implorarit?
3502 3643 3620 3699 Huc

2045 3737 2261 3791 accedit
2282 3775 2299 3800 ,
2328 3734 2474 3805 quod
2506 3736 2599 3790 lite
2632 3735 2701 3789 de
2744 3734 2934 3790 formae
2985 3736 3255 3805 elegantia
3312 3737 3456 3790 inter
3488 3737 3619 3791 deas

2037 3836 2181 3889 orta,
2210 3840 2556 3896 unaquaeque
2586 3827 2907 3881 muneribus
2938 3826 3055 3881 suis
3095 3826 3333 3893 judicem
3369 3840 3622 3880 corrum-

2036 3933 2167 3988 pere
2191 3917 2451 3983 studeat,
2490 3926 2547 3971 et
2576 3918 2786 3972 nullam
2837 3930 3018 3973 tamen
3065 3919 3260 3972 harum
3294 3929 3622 3988 assequatur

2035 4011 2165 4066 ﬁnis
2191 4026 2259 4065 ex
2293 4012 2400 4065 hoc
2422 4009 2634 4079 judicio
2665 4019 2985 4066 eventurus.
3032 4009 3170 4075 lmo,
3197 4011 3495 4066 Minervam
3540 4010 3619 4065 fa-

2034 4103 2313 4165 bulantur,
2352 4113 2556 4170 quanta
2586 4110 2791 4171 quanta
2819 4112 2934 4169 est,
2964 4102 3017 4156 in
3044 4103 3355 4157 hirundinis
3389 4117 3621 4172 corpus-

2037 4195 2220 4250 culum
2262 4211 2320 4249 se
2360 4195 2637 4249 abdidisse
2665 4234 2680 4259 ,
2714 4204 2770 4250 et
2797 4196 3138 4263 maiestatem
3172 4194 3324 4250 Jovis
3375 4210 3406 4249 a
3456 4196 3619 4267 cygni

2036 4286 2213 4342 forma
2243 4287 2406 4341 veluti
2446 4288 2498 4341 in
2530 4287 2779 4343 ordinem
2808 4289 3107 4350 redactam,
3146 4297 3203 4342 et
3228 4288 3451 4344 Cereris
3492 4290 3615 4358 pul-

2036 4379 2406 4434 cltritudinem
2435 4378 2490 4431 in
2518 4377 2896 4448 turpissimum
2931 4379 3219 4434 transiisse
3247 4378 3511 4433 habitum.
3552 4380 3622 4433 Et

342 4472 611 4540 λευθῆναι
651 4473 752 4541 μὲν
782 4473 889 4525 ὑπὸ
916 4473 1010 4525 τού
1068 4471 1508 4541 ἀναγκαιοτάτου
1542 4471 1640 4540 τῆς
1673 4471 1932 4540 γυναικὸς

2039 4470 2253 4535 Jovem,
2294 4471 2388 4541 qui
2419 4484 2518 4540 pro
2548 4470 2790 4525 maximo
2822 4470 3073 4534 habetur,
3106 4485 3137 4524 a
3165 4471 3402 4525 maxime
3433 4486 3620 4525 neces—

341 4563 604 4635 ἀδελφοῦ,
634 4563 877 4634 σωθῆναι
902 4565 961 4618 δέ
985 4564 1092 4618 ὑπὸ
1120 4564 1229 4617 τῶν
1253 4564 1539 4635 ἐχθίστων,
1570 4563 1713 4630 λέγω
1740 4563 1804 4634 δὴ
1822 4562 1934 4616 τῶν

343 4656 594 4711 Τιτάνων
624 4673 639 4687 ·
688 4656 781 4720 οὓς
817 4658 1123 4721 ἀναϐάντας
1174 4659 1240 4710 ἐκ
1284 4658 1391 4710 τῶν
1424 4656 1644 4727 δεσμῶν
1685 4658 1782 4710 καὶ
1830 4655 1926 4709 τοῦ

344 4748 577 4812 σκότους
638 4750 737 4801 καὶ
783 4750 885 4818 τῆς
940 4751 1119 4802 ἐκεῖσε
1175 4748 1445 4818 φυλακῆς,
1477 4749 1572 4802 ἐπὶ
1612 4748 1712 4819 τὴν
1740 4750 1933 4820 χρείαν

340 4839 690 4909 παρέσχοντο
749 4838 1087 4907 φοϐήσαντες
1128 4841 1255 4901 τοὺς
1294 4837 1423 4905 περὶ
1467 4837 1558 4890 τὸν
1603 4838 1933 4901 Ποσειδῶνα,

340 4930 653 5001 καταϐῆναι
714 4928 880 4981 πάλιν
922 4928 1186 4991 ἑκουσίως
1240 4930 1320 4990 εἰς
1358 4928 1451 4980 τὸν
1505 4927 1798 4997 ’Δχέροντα
1839 4928 1936 4982 καὶ

339 5024 433 5079 τὸν
456 5024 625 5097 ’ᾍδου
653 5025 700 5055 ⁸⁸
748 5024 933 5076 τόπον.
973 5023 1094 5076 Ἔτι
1135 5024 1236 5091 τὴν
1264 5022 1362 5092 μὲν
1386 5020 1705 5091 Ἀφροδίτην
1737 5038 1936 5091 τιτρω-

346 5119 621 5187 σκομένην
672 5115 781 5168 ὑπὸ
807 5115 1007 5184 θνητῆς
1044 5114 1325 5184 δυνάμεως
1351 5154 1366 5179 ,
1423 5113 1515 5165 τὸν
1539 5112 1584 5164 δ’
1619 5113 1794 5181 Ἀρην
1816 5114 1936 5166 δεσ-

346 5210 618 5279 μούμενον
645 5207 739 5261 ὑπ’
776 5207 935 5260 Ὤτου
961 5208 1055 5258 καὶ
1094 5204 1406 5273 Ἐφιάλτου,
1446 5203 1537 5256 τὸν
1561 5201 1624 5254 δὲ
1666 5201 1835 5274 ’ᾼδην
1864 5205 1932 5269 ιη’

341 5306 400 5357 ἐν
429 5295 478 5372 ᾧ
503 5302 657 5371 τόπῳ
704 5299 807 5370 τὴν
860 5298 1138 5369 βασιλείαν
1196 5292 1362 5365 εἶχεν,
1412 5296 1590 5348 ἐκεῖσε
1628 5294 1718 5364 ὑφ’
1754 5296 1933 5366 Ἥρα-

2036 4563 2205 4625 sario,
2231 4562 2421 4616 uxoris
2454 4575 2735 4633 germano,
2761 4560 2992 4617 insidias
3014 4570 3322 4631 expertum,
3351 4570 3406 4616 et
3433 4577 3619 4616 serva—

2034 4661 2153 4706 tum
2202 4666 2329 4706 esse
2358 4666 2389 4705 a
2445 4651 2685 4706 maxime
2724 4650 2917 4705 invisis
2945 4691 2960 4715 ,
3011 4651 3323 4717 Titanibus,
3356 4652 3619 4721 inquam;

2034 4746 2127 4816 qui
2154 4745 2360 4812 egressi
2399 4760 2430 4801 e
2458 4744 2694 4800 vinculis
2720 4753 2774 4798 et
2804 4744 3044 4799 tenebris
3064 4783 3080 4809 ,
3132 4754 3187 4800 et
3219 4759 3342 4815 quae
3386 4744 3497 4800 illic
3537 4757 3622 4801 eet

2033 4838 2316 4903 custodia,
2352 4847 2642 4908 postquam
2695 4838 2752 4892 in
2808 4837 2992 4907 fugam
3042 4836 3292 4905 conjecto
3336 4836 3614 4908 Neptuno,

2039 4944 2265 5001 operam
2296 4931 2374 4986 illi
2402 4941 2715 4998 navassent,
2755 4939 2950 5000 sponte
2977 4932 3043 4984 ad
3090 4930 3289 5003 “ab
3332 4933 3617 4986 Acheron-

2040 5032 2151 5078 tem
2190 5032 2246 5078 et
2286 5021 2535 5078 Plutonis
2561 5038 2791 5094 regnum
2813 5024 2998 5078 denuo
3019 5037 3081 5078 se
3114 5024 3437 5093 receperint.
3473 5021 3612 5077 Tum

2036 5112 2302 5168 Venerem
2334 5115 2552 5169 tuortali
2575 5130 2736 5169 manu
2765 5115 3007 5171 sauciam
3039 5131 3055 5171 :
3085 5123 3141 5171 et
3170 5115 3393 5169 Martem
3422 5114 3492 5167 ab
3516 5112 3619 5167 Oto

2036 5214 2092 5261 et
2125 5206 2376 5275 Ephialte
2407 5206 2642 5262 vinculis
2665 5211 3047 5274 constrictum,
3078 5220 3132 5262 et
3164 5207 3337 5261 Ditem
3369 5206 3424 5259 in
3447 5220 3617 5273 regno

2037 5312 2163 5365 suo,
2184 5298 2252 5354 ab
2268 5296 2503 5355 Hercule
2527 5299 2742 5370 sagittis
2759 5300 2953 5364 ictum,
2976 5298 3031 5353 in
3061 5297 3331 5353 maximos
3352 5294 3615 5351 incidisse

1626 5476 1860 5532 VABUE
1900 5476 2308 5534 LECTIONES.

443 5604 487 5635 ’⁸⁸
520 5599 787 5674 ἐμϐατῶν
820 5598 927 5674 Β.-
976 5599 1021 5631 ⁵³
1048 5597 1512 5674 ἐπαιδοποιήσατο
1540 5596 1602 5650 Β.

1703 5594 1872 5668 δ’τὴν
1899 5594 2161 5667 διαμονὴν
2222 5597 2338 5668 τῶν
2388 5595 2681 5668 σωμάτων]
2705 5598 2777 5650 τά
2836 5595 3067 5668 σώματὲ
3105 5591 3171 5668 β’

3274 5590 3323 5621 “
3381 5590 3612 5661 εὐλόγῳ.

338 5674 384 5705 ⁸⁸
409 5661 709 5743 χλευᾶσμῷ
748 5672 807 5725 Β.
872 5671 929 5743 ξ’
954 5661 1408 5743 παραδεξαίμεθα
1431 5684 1492 5743 ςΣ
1508 5661 1892 5743 καταραφέντα
1912 5668 1957 5721 Α
1986 5661 2443 5743 καταραφθέντα
2460 5661 2549 5734 lg.
2624 5661 2862 5743 “96609
2888 5661 2988 5743 ς..-
3025 5661 3240 5743 δξλθεοῖς
3263 5661 3326 5717 Α.
3354 5738 3359 5741 ν
3403 5662 3447 5693 ⁸⁸
3472 5678 3617 5714 συν-ι

342 5730 693 5802 καταϐαίνειν
725 5744 793 5796 Α.
868 5742 912 5774 ⁵ο
949 5730 1230 5811 δημήτρας
1248 5730 1315 5793 Ᾱ.
1390 5739 1432 5771 ⁵³
1468 5736 1595 5808 ᾅδου
1634 5735 1677 5788 Β
1702 5755 1713 5789 :
1740 5730 1845 5809 ᾅδῃ
1879 5753 1939 5801 ς.
1980 5738 2025 5794 A
2062 5730 2513 5807 utrutu'haheat,
2538 5754 2646 5794 nou
2681 5730 2869 5809 liquet.
2944 5736 2989 5766 "
3022 5730 3142 5803 αἴδη
3167 5730 3230 5784 Α.
