3944 6242
344 301 409 365 19
1492 316 1754 379 PHOTII
1795 320 2073 380 PATRIA
2086 322 2303 382 BCH/E
2330 323 2439 384 CP.
3517 322 3592 386 ‘20

340 418 619 471 cruciatus
661 438 673 473 :
706 430 760 473 et
788 420 1087 476 Vulcanum
1114 441 1143 477 a
1177 426 1462 483 cacumine
1492 430 1618 484 cceli
1642 431 1914 501 deiectum

2029 433 2210 498 ιιλέους
2248 434 2570 500 τοξευθέντα
2622 435 2743 497 ταῖς
2781 433 3068 503 μεγίσταις
3128 432 3383 505 ἀλγηδόσι
3437 451 3597 504 περι-

343 508 398 562 ἱη
422 507 712 575 Lemnum,
740 528 849 567 non
878 514 1083 584 absque
1112 516 1334 574 laesione
1360 522 1606 591 corporis
1642 530 1699 578 et
1728 522 1917 580 dolore

338 610 588 659 extremo
621 622 633 657 :
676 612 731 658 et
759 603 1027 660 lunonem
1068 623 1098 663 a
1133 606 1267 665 Jove
1318 626 1639 681 suspensam
1678 615 1916 688 alligatis

342 696 563 761 utrique
592 698 713 767 pedi
752 698 1044 754 incudibus
1071 702 1349 759 maximis.
1385 705 1751 773 Summatim,
1783 710 1916 766 deos

339 786 603 843 adulteria
622 790 981 856 committere,
1006 790 1235 848 fulmine
1264 792 1439 863 feriri,
1473 796 1741 866 loripedes
1769 812 1912 866 esse,

340 879 504 935 furtis
542 897 881 950 assuescere,
939 886 1009 939 ab
1065 885 1380 943 hominibus
1410 888 1611 945 virtute
1640 893 1911 960 superari,

341 973 644 1037 procaciter
677 976 1003 1044 conviciari,
1034 977 1266 1047 injurias
1292 987 1530 1049 patrare,
1585 991 1787 1038 sortem
1820 984 1916 1040 de-

339 1066 575 1136 plOrare,
599 1075 654 1122 et
690 1068 906 1123 tandem
938 1071 1142 1127 nullius
1165 1071 1466 1129 aﬂectionis
1483 1075 1755 1132 immunes
1772 1090 1913 1142 esse,

340 1172 371 1210 a
424 1172 534 1226 qua
598 1174 701 1214 nos
767 1161 1069 1229 perturbati
1101 1163 1326 1219 deorum
1353 1180 1513 1235 opem
1569 1166 1913 1223 invocamus.

337 1248 521 1315 Quare
550 1251 644 1319 qui
678 1251 793 1305 haec
828 1251 1138 1309 fabularum
1173 1263 1425 1326 portenta
1453 1258 1769 1314 hominibus
1792 1274 1917 1316 cre-

337 1340 511 1395 denda
544 1350 894 1410 pt-Oponunt,
953 1351 1062 1397 tam
1112 1346 1300 1415 procul
1353 1362 1383 1401 a
1427 1349 1661 1405 veritate
1696 1351 1912 1417 remoti,

340 1447 472 1485 num
512 1441 671 1500 putas
690 1433 986 1501 magistros
1009 1433 1115 1489 ﬁde
1142 1436 1334 1506 dignos
1362 1437 1486 1495 aliis
1507 1439 1767 1496 docendis
1794 1457 1917 1497 esse

337 1522 710 1591 judicandos?
762 1525 900 1580 Dum
956 1536 1035 1582 tot
1095 1538 1153 1583 et
1214 1530 1413 1586 talibus
1486 1530 1917 1601 Agatharchides

340 1616 606 1685 exemplis
636 1619 999 1673 narrationem
1032 1618 1101 1675 de
1117 1620 1317 1675 Perseo
1344 1622 1411 1677 ad
1442 1620 1656 1679 fabulas
1691 1623 1916 1695 relegat,

343 1725 443 1762 nec
477 1711 612 1764 mari
650 1710 838 1769 Rubro
890 1727 921 1765 a
980 1712 1090 1768 ﬁlio
1142 1715 1327 1770 Persei
1389 1730 1588 1772 nomen
1628 1717 1917 1775 obvenisse

338 1801 522 1855 tradit.

411 1888 536 1945 Car.
583 1889 649 1945 V.
689 1888 1024 1945 Fabulamm
1069 1893 1194 1963 ﬁnis
1224 1895 1524 1955 delectatio.
1557 1927 1628 1939 --
1660 1897 1797 1954 Hinc
1829 1913 1918 1954 se-

340 1982 519 2052 ipsum
568 1982 624 2037 in
654 1998 818 2038 causa
858 1984 961 2038 sibi
992 2000 1114 2040 esse
1139 1995 1197 2039 ut
1234 1988 1617 2058 redarguatur,
1661 1991 1917 2057 ostendit,

338 2082 628 2143 propterea
658 2073 803 2142 quod
844 2072 915 2127 ad
964 2075 1163 2129 seriam
1213 2091 1402 2131 rerum
1451 2088 1727 2146 gestarum
1804 2089 1920 2134 tra-

338 2167 658 2233 ctationem,
690 2159 1063 2221 fabulatorum
1092 2168 1367 2224 licentiam
1395 2171 1663 2227 traducat.
1690 2170 1828 2226 Nam
1848 2173 1918 2229 ab

341 2260 446 2315 hac
492 2258 541 2315 si
578 2260 705 2329 quis
754 2258 1037 2314 refellendi
1079 2261 1321 2317 studium
1369 2263 1641 2328 detrahat,
1707 2265 1916 2320 nullam

338 2351 639 2407 relicturus
669 2362 753 2406 est
787 2353 1071 2407 materiam
1102 2354 1377 2420 viliorem,
1411 2357 1624 2411 sublata
1654 2356 1917 2412 nimirum

336 2441 467 2494 lide.
498 2438 674 2506 Quam
707 2440 856 2494 enim
892 2441 965 2496 ob
994 2456 1218 2495 causam
1256 2457 1363 2497 non
1386 2442 1587 2498 damno
1620 2442 1915 2500 Homerum

338 2533 559 2603 (inquit)
610 2534 752 2602 quod
795 2531 950 2587 Jovis
1000 2544 1055 2588 et
1078 2535 1317 2602 Neptuni
1357 2536 1648 2591 dissidium
1692 2539 1915 2603 asserit,

338 2640 467 2681 cum
504 2625 622 2680 ﬁeri
657 2642 766 2680 non
799 2627 998 2697 possit,
1029 2638 1088 2681 ut
1134 2626 1299 2682 homo
1340 2628 1589 2683 mortalis
1630 2628 1787 2685 ﬁdem
1816 2630 1919 2686 hac

337 2718 393 2773 in
443 2724 599 2789 parte
663 2728 914 2785 astruat;
955 2733 1056 2774 nec
1108 2719 1400 2775 Hesiodum
1438 2722 1707 2791 vitupero,
1754 2722 1916 2778 deum

342 2811 748 2877 generationem
810 2825 1087 2881 exponere
1150 2826 1380 2877 ausum;
1434 2827 1537 2867 nec
1594 2812 1913 2886 IEscbylum

282 2962 299 2979 κ
342 2904 588 2971 increpo,
621 2902 767 2971 quod
801 2901 853 2955 in
878 2902 1155 2972 plerisque
1170 2902 1455 2969 mentitur,
1486 2913 1541 2958 et
1570 2905 1760 2973 multa,
1791 2922 1916 2977 quae

2018 527 2207 579 πεσεῖν
2231 541 2248 555 ο
2283 525 2374 578 τὸν
2411 525 2468 577 δὲ
2521 524 2845 594 Ἥφαιστον,
2876 524 2985 577 ἀπὸ
3009 523 3105 578 τοῦ
3131 523 3275 577 κατὰ
3298 524 3393 578 τὸν
3420 525 3598 595 ὀὐρα-

2018 620 2108 671 νὸν
2144 617 2527 688 ἀπορῤιφέντα
2556 615 2746 686 ὕψους,
2781 618 2863 678 εἰς
2907 616 3127 686 Λῆμνον
3156 616 3437 687 ἐνεχθῆναι
3476 618 3595 671 δια-

2018 710 2271 779 κείμενον
2315 709 2558 779 ἐσχάτως
2591 714 2608 731 ⁶
2646 709 2745 779 τῆς
2772 708 2818 760 δ’
2851 709 3032 779 ’Ἥρας
3058 708 3164 762 ὑπὸ
3189 709 3284 762 τοῦ
3315 710 3436 773 Διὸς
3465 728 3567 779 κρε

2021 797 2270 869 μαμένης
2293 797 2339 829 ⁵³
2401 799 2465 849 ὲκ
2514 796 2622 850 τῶν
2655 796 2831 849 ποδῶν
2882 796 3168 864 ὲκδεθῆναι
3218 795 3598 866 παμμεγέθεις

2017 888 2288 959 ἄκμονας.
2336 887 2584 942 Καθόλου
2632 888 2689 940 δὲ
2733 887 2890 949 θεοὺς
2918 887 2966 919 ⁸⁵
2993 885 3364 957 μοιχεύοντας,
3392 903 3596 957 κεραυ-

2019 981 2333 1050 νουμένους,
2380 980 2736 1043 κυλλόποδας,
2782 978 3036 1032 κλέπτειν
3089 978 3453 1047 εἰθισμένους,
3505 978 3598 1031 άν-

2018 1070 2253 1142 θρώπων
2303 1070 2768 1142 ἀσθενεστέρους,
2832 1069 3141 1140 προχείρως
3197 1066 3595 1139 λοιδοροῦντας,

2017 1163 2360 1228 ἀδικοῦντας,
2387 1163 2918 1236 μεμψιμοιροῦντας,
2954 1163 3126 1232 πέρας
3154 1161 3373 1224 οὐθενὸς
3401 1160 3448 1192 ⁸⁸
3490 1162 3599 1213 πά-

2019 1257 2146 1320 θους
2167 1256 2323 1320 ἐκτὸς
2345 1256 2714 1321 καθεστῶτας,
2740 1254 2830 1323 ὑφ’
2851 1248 2926 1309 ὧν
2947 1256 3105 1326 ἡμεῖς
3128 1251 3285 1323 ὀχλού
3295 1268 3447 1323 μενοι
3468 1251 3596 1312 τοὺς

2020 1348 2177 1413 θεοὺς
2208 1349 2633 1418 ὲπικαλούμεθα.
2678 1349 2740 1402 Oi
2764 1344 2857 1402 οὖν
2885 1347 2953 1401 τά
2986 1346 3212 1400 τοιαῦτα
3238 1347 3596 1417 τερατευόμε-

2019 1459 2121 1507 νοι,
2149 1442 2341 1514 πόρρω
2381 1442 2480 1506 τῆς
2522 1440 2783 1513 ἀληθείας
2818 1440 3117 1511 ἱστάμενοι,
3168 1439 3270 1491 οὐκ
3289 1437 3355 1491 ἂν
3376 1436 3596 1505 ’ἑτέροις

2016 1533 2222 1605 ταύτην
2249 1533 2587 1605 εἰσηγεῖσθαι
2619 1534 2856 1605 κριθεῖεν
2888 1533 2955 1587 ἂν
2978 1531 3264 1597 ἀξιόλογοι.
3297 1530 3395 1583 Διὰ
3418 1530 3597 1582 τοιού-

2018 1641 2128 1677 των
2155 1624 2250 1677 καὶ
2281 1624 2550 1679 τοσούτων
2586 1623 2986 1694 Ἀγαθαρχίδης
3014 1622 3081 1677 τὰ
3111 1621 3242 1693 περὶ
3268 1620 3358 1673 τὸν
3386 1614 3599 1689 Περσέα

2020 1716 2099 1779 είς
2122 1716 2341 1786 ὁμοίους
2371 1716 2601 1785 ἀπάγων
2623 1717 2670 1749 ⁵⁸
2705 1714 2930 1786 μύθους,
2954 1714 3075 1767 οὐδὲ
3106 1713 3204 1785 τὴν
3234 1711 3506 1784 Ἐρυθρὰν
3533 1711 3600 1765 ὲκ

2020 1807 2116 1861 τοῦ
2154 1809 2343 1871 παιδὸς
2367 1809 2535 1863 αὐτοῦ
2562 1809 2828 1880 κληθῆναι
2850 1807 3083 1862 δίδωσιν.

2096 1902 2220 1953 ’Ότι
2246 1901 2429 1966 αὐτὸς,
2461 1901 2646 1972 φησὶν,
2679 1898 2856 1970 ἑαυτῷ
2894 1899 3064 1961 αἴτιος
3094 1897 3420 1952 καθίσταται
3446 1894 3600 1962 ἐλέγ-

2020 2010 2131 2063 χων
2157 1994 2185 2045 ὁ
2212 1993 2312 2063 τὴν
2343 1992 2452 2046 τῶν
2484 1991 2796 2062 μυθοποιῶν
2822 1991 3072 2057 ἐξουσίαν
3100 1990 3177 2053 εἰς
3204 1986 3599 2059 πραγματικὴν

2022 2083 2156 2157 [722
2206 2085 2301 2157 Η.]
2345 2086 2596 2156 μετάγων
2618 2086 2662 2119 ⁸⁷
2692 2085 2983 2155 ἐνάργειαν
3006 2084 3053 2115 ⁵⁸
3084 2101 3099 2114 ν
3134 2078 3203 2154 ἦς
3227 2083 3291 2135 ἄν
3314 2097 3397 2143 τις
3422 2078 3598 2149 ἀφέλῃ

2019 2180 2113 2233 τὸν
2214 2180 2431 2250 ἔλεγχον
2464 2221 2479 2244 ,
2553 2181 2706 2235 οὐδὲν
2808 2180 3188 2249 εὐτελέστερον
3286 2175 3600 2245 καταλείψει

2020 2275 2176 2341 γένος
2229 2274 2327 2344 τῆς
2391 2274 2626 2338 πίστεως
2684 2275 2950 2346 ἠρμένης.
2996 2273 3151 2326 Ἐπεὶ
3215 2271 3302 2325 διὰ
3336 2270 3457 2323 τίνα
3514 2272 3602 2323 αἰ-

2019 2367 2139 2420 τίαν
2164 2368 2411 2438 Ὅμηρον
2439 2368 2541 2420 οὐκ
2565 2366 2794 2431 εὐθύνω,
2826 2366 2948 2429 Διὸς
2973 2368 3067 2419 καὶ
3097 2364 3429 2425 Ποσειδῶνος
3453 2362 3598 2433 φράο

2020 2458 2183 2524 ζοντα
2204 2460 2469 2530 διαφορὰν
2485 2459 2649 2531 [1552
2679 2458 2800 2530 IL],
2827 2457 3086 2512 ἀδύνατον
3120 2454 3393 2526 ἀνθρώπῳ
3414 2455 3600 2507 πίστιν

2021 2550 2379 2624 παραδοῦναν
2409 2550 2761 2621 οὐδ’Ἣσιὸδῳ
2790 2550 3083 2619 μέμφομαι
3104 2547 3299 2617 δηλοῦν
3324 2547 3599 2616 τολμῶντι

2020 2640 2159 2695 θεῶν
2188 2642 2405 2711 γένεσιν
2423 2659 2438 2673 ’
2465 2643 2573 2695 οὐδ’
2604 2641 2870 2712 Αἰσχύλον
2922 2640 3246 2711 ὲπιπλήττω
3276 2638 3489 2705 πολλοῖς
3516 2637 3600 2691 δι-

2020 2732 2353 2804 εψευσμένον
2397 2735 2491 2788 καὶ
2513 2733 2682 2788 πολλὰ
2710 2734 3094 2804 συγγράφοντα
3126 2732 3234 2784 τῶν
3276 2730 3601 2800 ἁσυγχωρή-

2017 2840 2163 2876 των’
2210 2824 2319 2876 οὐδ’
2359 2824 2653 2895 Εὐριπίδου
2709 2822 3000 2895 κατηγορῶ
3054 2822 3131 2893 τῷ
3187 2822 3285 2892 μὲν
3320 2820 3599 2892 Ἀρχελάῳ

2019 2915 2457 2987 περιτεθεικότος
2497 2915 2597 2979 τὰς
2633 2914 2884 2985 Τημένου
2925 2915 3175 2986 πράξεις,
3204 2913 3293 2967 τὸν
3321 2912 3376 2966 δὲ
3405 2912 3598 2982 Τειρε-

335 2993 561 3047 concedi
612 3008 891 3062 nunquam
942 3006 1191 3063 possunt,
1231 2995 1284 3048 in
1324 2995 1533 3051 litteras
1566 2998 1776 3066 refert;
1815 3016 1915 3056 nec

2029 3006 2142 3060 σίαν
2167 3005 2469 3076 βεϐιωκότα
2496 3008 2923 3078 παρεισάγοντος
2948 3006 3106 3060 πέντε
3124 3005 3325 3073 γενεῶν
3349 3003 3508 3057 πλέον
3523 3003 3595 3058 ⁸⁸.

335 3083 656 3153 Euripidem
688 3099 908 3151 accuso,
931 3087 1076 3155 quod
1112 3086 1384 3143 Archelao
1408 3090 1599 3144 tribuit
1630 3108 1719 3147 res
1750 3109 1779 3146 a
1808 3092 1915 3148 Te-

2029 3099 2142 3153 ούδὲ
2179 3100 2306 3163 τοὺς
2337 3099 2530 3162 ἄλλους
2582 3101 2663 3163 εἰς
2701 3098 3019 3170 ἐπιτίμησιν
3059 3099 3177 3167 άγω
3206 3097 3517 3159 διασκευαῖς
3542 3098 3603 3148 ὲν

334 3192 501 3232 meno
554 3189 761 3249 gestas,
818 3189 874 3234 et
932 3180 1203 3235 Tiresiam
1249 3181 1303 3235 in
1360 3183 1576 3239 theatro
1620 3187 1913 3258 plusquam

2029 3197 2132 3257 τοίς
2154 3195 2393 3265 δράμασι
2417 3178 2725 3263 χρωμένους
2741 3191 3054 3257 ἁδυνάτοιςς
3084 3191 3207 3244 Ὅτι
3233 3192 3341 3254 πᾶς
3371 3189 3602 3260 ποιητὴς

335 3270 583 3339 quinque
632 3279 821 3325 aetates
873 3271 981 3326 vita
1020 3273 1365 3342 complexum
1420 3276 1758 3346 introducit;
1813 3295 1915 3335 nec

2029 3284 2381 3355 ψυχαγωγίας
2412 3284 2445 3354 ἢ
2475 3282 2734 3354 ἀληθείας
2762 3285 2881 3337 ἐστὶ
2906 3284 3224 3353 στοχαστής.

336 3363 461 3419 aliis
508 3365 643 3419 vitio
676 3373 850 3429 verto,
886 3366 1030 3435 quod
1061 3376 1323 3436 apparatu
1397 3367 1454 3421 in
1524 3367 1834 3426 fabularum
1879 3378 2101 3431 actione
2153 3385 2382 3432 utuntur
2433 3375 2635 3430 virium
2703 3376 3001 3430 excedente
3065 3375 3436 3430 humanarum
3483 3390 3603 3430 mo-

333 3458 511 3514 dum?
539 3457 678 3525 Quia
700 3460 882 3513 omnis
920 3469 1076 3528 poeta
1121 3461 1295 3530 magis
1335 3461 1635 3531 voluptatis
1680 3478 1909 3534 scopum
1950 3484 2115 3539 quam
2149 3472 2394 3527 veritatis
2420 3472 2526 3528 sibi
2555 3471 2896 3541 propositum
2924 3469 3108 3524 habet.

406 3548 536 3604 CAP.
579 3548 667 3603 Vl.
696 3549 826 3614 Qua:
860 3559 1001 3618 terra
1037 3550 1336 3618 elephantos
1366 3554 1650 3622 producat.
1683 3587 1754 3597 —
1788 3556 1914 3613 Ele-

339 3641 595 3711 phantos,
647 3641 841 3697 scribit
891 3652 1105 3706 auctor,
1146 3643 1410 3699 Indorum
1452 3656 1597 3702 terra
1627 3649 1819 3715 nutrit,
1862 3658 1917 3705 et

343 3733 690 3805 Ethiopum,
746 3750 871 3805 quas
907 3734 1295 3793 Thebanorum
1348 3739 1487 3796 ﬁnes
1528 3742 1768 3814 attingit,
1813 3759 1916 3801 nec

338 3843 448 3884 non
481 3827 667 3899 Libya.

406 3919 540 3977 Car.
570 3919 682 3976 Vll.
713 3920 938 3993 Egypti
961 3921 1179 3976 limites.
1206 3948 1265 3962 --
1290 3919 1540 3987 Quatuor
1566 3922 1692 3979 inde
1729 3927 1916 3996 perhi-

338 4014 431 4068 bet
492 4013 763 4069 limitibus
831 4014 1130 4084 IEgyptum
1176 4028 1302 4068 esse
1356 4013 1623 4070 inclusam
1671 4034 1686 4071 :
1740 4034 1771 4072 a
1827 4035 1915 4076 se-

337 4103 670 4173 ptentrione,
707 4105 929 4175 pelago:
964 4105 1033 4159 ab
1073 4113 1195 4161 ortu
1223 4115 1279 4160 et
1314 4120 1539 4173 occasu,
1567 4107 1830 4167 desertis:
1861 4121 1917 4168 et

336 4213 368 4250 a
400 4196 650 4262 meridie,
683 4197 938 4268 gentibus
962 4194 1306 4268 Ethiopum.

428 4286 700 4343 Austerus
770 4288 859 4343 hic
905 4302 1088 4344 sermo
1127 4289 1228 4360 (l),
1298 4290 1395 4347 sed
1461 4293 1739 4351 salutaris.
1797 4294 1912 4351 Os-

2095 3564 2217 3618 Ὀτι
2269 3564 2363 3618 κοιί⁵
2392 3564 2488 3634 τὴν
2543 3563 2768 3633 Ἰνδικὴν
2814 3564 3000 3633 χώραν
3044 3560 3345 3630 ἐλέφαντας
3380 3557 3605 3628 τρέφειν

2020 3657 2175 3727 φησί,
2206 3658 2300 3709 καὶ
2325 3658 2424 3728 τὴν
2442 3654 2749 3723 Αἰθιοπίαν,
2783 3656 2816 3726 ἢ
2840 3657 2950 3717 τοῖς
2979 3652 3232 3725 Θηϐαίων
3254 3651 3423 3723 ὁρίοις
3454 3649 3604 3703 ἐστιν

2019 3749 2239 3820 ὅμορος,
2263 3748 2359 3801 καὶ
2383 3748 2448 3820 δὴ
2480 3750 2573 3803 καὶ
2607 3748 2707 3820 τὴν
2738 3746 2969 3818 Λιϐύην.

2092 3930 2215 3982 Ὀτι
2242 3927 2502 3997 τέτταρες
2532 3926 2578 3958 ⁸ο
2602 3925 2758 3979 τόποι
2794 3924 2895 3994 τὴν
2935 3923 3212 3991 Αἴγυπτον
3240 3917 3601 3989 περιειλήφα-

2020 4036 2126 4086 σιν,
2165 4018 2274 4072 ἀπὸ
2315 4019 2414 4088 μὲν
2453 4018 2554 4088 τῆς
2580 4017 2782 4087 ἄρκτου
2814 4015 2877 4068 τὸ
2929 4012 3185 4081 πέλαγος,
3215 4011 3309 4065 ἀπ’
3336 4006 3603 4075 ἀνατολῆς

2016 4110 2074 4163 δὲ
2124 4109 2220 4163 καὶ
2267 4108 2472 4171 δύσεως
2514 4106 2776 4178 ὲρημίαι,
2835 4102 2944 4158 ἀπὸ
2978 4102 3037 4156 δὲ
3101 4100 3203 4170 τῆς
3255 4096 3604 4171 μεσημϐρίας

2017 4204 2297 4268 Αἰθίοπες.

2091 4300 2375 4371 Αὑστηρὸς
2403 4301 2431 4352 ὁ
2474 4298 2654 4366 λόγος,
2696 4294 2833 4349 ἀλλὰ
2874 4294 3167 4364 σωτήριος.
3201 4288 3469 4360 Δηλοῦται
3494 4284 3600 4354 γὰρ

339 4379 581 4435 tenditur
621 4380 769 4435 enim
818 4395 927 4435 non
971 4379 1170 4452 M5a
1222 4383 1531 4447 maestitiae,
1569 4386 1665 4440 sed
1721 4397 1912 4443 custo-

2029 4394 2079 4448 οὺ
2116 4364 2314 4464 λύπης,
2349 4391 2485 4447 άλλά
2518 4364 2767 4459 φυλακῆς
2815 4388 3023 4451 ἕνεκεν,
3059 4384 3152 4438 καί
3180 4382 3277 4453 τὴν
3307 4380 3500 4451 ἡδονὴν
3538 4378 3602 4429 ὲκ

336 4471 443 4527 dite
492 4472 705 4542 gratia;
772 4482 827 4527 et
875 4487 940 4526 ex
999 4474 1249 4529 oratione
1308 4477 1647 4545 voluptatem
1714 4491 1909 4536 sustu-

340 4564 422 4627 lit,
450 4579 519 4619 ne
540 4578 609 4619 ex
636 4564 799 4619 rebus
824 4564 1057 4634 gratiam
1090 4565 1267 4637 adepti
1290 4583 1391 4638 pro
1414 4568 1578 4626 bouis
1611 4572 1751 4626 mala
1783 4589 1915 4629 con-

340 4670 640 4725 sequamur
692 4657 815 4722 :vel
852 4670 949 4725 per
995 4653 1189 4712 Jovem
1237 4661 1324 4715 vel
1369 4661 1524 4730 deos,
1587 4673 1644 4719 et
1690 4680 1802 4720 non
1855 4667 1912 4721 in

338 4746 522 4802 medio
542 4747 721 4817 posita
753 4748 1004 4819 quaedam
1031 4750 1396 4811 remittamus.

412 4840 613 4895 Privati
666 4857 796 4896 vero
838 4842 1059 4899 divitias
1110 4844 1273 4916 longe
1326 4847 1735 4919 profundiores,
1795 4853 1914 4909 sine

340 4934 561 5002 negotio
587 4943 673 4989 est
708 4934 924 4991 diliicile
945 4951 1190 4992 servare.
1226 4937 1311 4994 Tu
1342 4955 1471 4996 vero
1500 4942 1699 4998 horum
1743 4955 1801 5000 et
1834 4946 1912 5000 si-

342 5023 556 5081 milium
605 5026 873 5082 bouorum
920 5028 1291 5086 hereditatem
1333 5034 1599 5104 consequi
1645 5044 1699 5091 te
1748 5050 1912 5106 posse

2019 4484 2130 4540 τῶν
2159 4486 2334 4553 λόγων
2361 4480 2554 4555 ἦρκεν,
2602 4482 2752 4542 ὅπως
2783 4481 2881 4548 τῆς
2910 4480 2973 4530 ὲκ
2999 4476 3108 4529 τῶν
3131 4472 3480 4543 πραγμάτων
3501 4469 3603 4539 χά-

2020 4595 2168 4650 ριτος
2198 4576 2567 4636 ἀπολαύοντες
2612 4571 2883 4643 μηδέποτε
2931 4570 3054 4622 ἀντὶ
3106 4566 3202 4620 τοῦ
3236 4565 3509 4636 βελτίονος
3542 4560 3604 4613 τὸ

2016 4674 2199 4742 χεῖρον
2225 4667 2529 4741 αἱρώμεθα,
2561 4664 2594 4736 ἢ
2642 4664 2777 4733 πρὸς
2821 4660 2964 4727 Διὸς,
2995 4661 3089 4713 καὶ
3131 4658 3294 4722 θεῶν,
3329 4656 3417 4709 ἴνα
3465 4652 3605 4723 μηδὲ

2016 4765 2126 4819 τῶν
2157 4766 2215 4817 ὲν
2248 4763 2398 4833 μέσῳ
2429 4761 2702 4830 κειμένων
2734 4756 2851 4809 ἔνια
2876 4754 3186 4826 παρίωμεν,

2106 4857 2337 4911 Ἰδιώτου
2366 4854 2465 4924 μὲν
2486 4853 2673 4905 οὐσίαν
2699 4849 2880 4921 μικρῷ
2905 4847 3207 4919 βαθυτέραν
3233 4834 3607 4915 ἀπραγμόνως

2018 4947 2254 5020 χαλεπὸν
2272 4946 2315 4978 ⁶¹
2347 4942 2647 4998 διασῶσαι·
2676 4942 2741 4995 σὺ
2771 4941 2828 4994 δὲ
2855 4939 3126 4994 τοσούτων
3154 4938 3249 4991 καὶ
3268 4934 3606 5006 τηλικούτων

2019 5036 2387 5109 κληρονομίαν
2421 5033 2642 5105 ἀγαθῶν
2675 5032 2926 5097 καθέξειν
2974 5030 3145 5102 χωρὶς
3185 5027 3426 5097 ἀγωνίας
3450 5023 3606 5079 ἑλπί-

1602 5187 1838 5244 νΑιιιΑζ
1884 5190 2296 5250 LECTIONES.

446 5327 493 5357 ³³
549 5326 906 5397 κρεμαμένης
939 5327 979 5381 Β
1026 5338 1082 5385 et
1131 5345 1279 5386 corr.
1336 5331 1379 5383 Α
1436 5347 1449 5383 ;

342 5394 381 5448 Λ
422 5415 436 5452 :
470 5398 619 5462 ἄγων
651 5414 712 5460 ς.
740 5394 748 5395 ί
791 5397 836 5428 ⁵⁷
861 5394 1118 5499 ’μετάγων
1147 5402 1191 5456 A
1221 5420 1233 5454 :
1263 5398 1475 5465 ἐνάγων
1503 5394 1563 5462 ςζ

342 5464 387 5496 u
427 5466 671 5501 -έηκηηςρ
702 5483 742 5501 ,-
842 5468 863 5501 ο
914 5469 1027 5501 ιιι-η.
1082 5474 1190 5501 ἐρα-ι
1219 5469 1454 5501 unus»)...
1478 5486 1516 5501 .-

416 5469 671 5534 έέσσαρες
702 5483 765 5531 ς’.
842 5469 884 5501 ⁸⁸
913 5469 1048 5541 άπρ.
1080 5474 1195 5523 ἐστὶ
1219 5469 1454 5539 χαλεπὸν
1477 5486 1540 5533 ς.

1504 5331 1902 5413 κρηιεῖαξμένης
1933 5350 1993 5396 ς·
2088 5332 2572 5413 ’ἱρεοδῑηοηικέ

1639 5401 1687 5432 ⁸⁸
1710 5401 1989 5473 ἐνέργειαν
2018 5421 2079 5468 ς’.
2115 5403 2273 5457 οὐθὲν
2304 5401 2393 5455 AB
2425 5421 2440 5456 ;
2481 5401 2633 5454 οὐδὲν
2668 5417 2729 5464 ς.

2736 5330 2782 5361 ⁵⁸
2824 5321 3034 5386 ὄύδενὸς
3100 5324 3159 5377 Β.
3291 5323 3336 5353 ⁵⁵
3365 5318 3605 5387 ἀπάγων

2088 5332 2137 5365 τι
2189 5332 2345 5371 nem“.

2189 5332 2345 5393 θεοὺς
2407 5346 2518 5383 om.
2556 5331 2621 5383 A.
2736 5331 2782 5361 ⁵⁵
2824 5331 3034 5386 ὀὺδενὸς
3101 5331 3159 5377 Β.
3291 5331 3336 5353 ⁸³
3365 5331 3601 5387 απαγων

2189 5403 2273 5457 θὲν
2304 5401 2393 5455 AB
2425 5421 2440 5456 ;
2481 5400 2633 5454 οὐδὲν
2668 5417 2729 5461 ς.
2823 5399 2868 5430 ⁵⁸
2904 5396 3062 5450 πλέον
3092 5394 3253 5448 πέντε
3304 5390 3508 5461 γενεῶν
3540 5389 3601 5445 Β.

1855 5588 2088 5645 NOTAE.

426 5718 507 5789 (1)
547 5716 647 5777 llic
674 5732 841 5779 multa
875 5723 1076 5779 omissa
1101 5734 1227 5793 sunt
1262 5723 1329 5781 ab
1361 5723 1653 5798 interprete
1682 5738 1733 5784 et
1757 5729 1811 5785 in
1846 5729 2033 5785 Graeca
2064 5732 2192 5787 edit.
2225 5731 2390 5786 llcnr.
2421 5726 2611 5798 Steph.
