3966 6240
331 265 400 331 21
1467 283 1997 347 BIBLIOTHECA.
2030 313 2099 323 --
2126 289 2288 350 COD.
2334 291 2487 350 CCL.
3535 303 3610 366 εει

332 387 489 453 (etc;
524 390 623 442 καὶ
651 388 828 444 ταῦτα
860 391 1146 459 γινώσκων
1178 395 1258 448 ὅτι
1296 397 1526 450 κάκεῖνα
1556 400 1657 469 μὲν
1696 402 1725 452 6
1766 401 1910 473 νόμος

2035 404 2154 457 sine
2214 408 2518 460 certamine
2566 406 2842 465 conﬁdis?
2902 410 3204 479 prmsertim
3253 428 3378 468 cum
3444 414 3592 469 scias

330 480 414 550 τῷ
444 481 784 553 κτησαμένῳ
811 485 1183 553 διαφυλάττει,
1210 487 1383 541 ταῦτα
1408 490 1467 542 δὲ
1507 493 1535 544 6
1572 491 1791 564 σίδηρος
1825 497 1930 564 ἀφ-

331 576 573 642 αιρεῖται
612 574 727 627 τῶν
754 576 1181 650 ἀσθενεστέρων.

409 670 533 723 Ὀτι
556 670 745 739 φησὶν,
789 672 882 725 Ἐκ
906 672 1101 727 πολλοῦ
1122 677 1313 746 χρόνου
1335 680 1730 751 προειληφότες
1760 682 1927 751 ἐσμὲν

330 759 414 814 ὅτι
442 762 544 824 τὰς
571 761 687 815 τῶν
722 763 1000 819 δυναστῶν
1028 766 1211 835 φιλίας
1268 768 1296 819 ὁ
1330 771 1522 841 καιρὸς
1562 773 1926 843 σφραγίξεται

329 853 426 907 καὶ
455 852 593 916 λύει,
631 856 728 908 καὶ
757 857 859 927 τὴν
888 859 989 927 σὴν
1017 860 1276 929 ἀσχολίαν
1314 863 1458 935 ἄλλῳ
1489 865 1711 919 δίδωσιν
1750 870 1924 939 ἀφορ-

329 945 464 1017 μὴν,
494 945 676 1012 αὔξων
727 949 825 1002 καὶ
855 948 1058 1019 φθίνων
1099 952 1171 1006 τά
1206 955 1510 1025 πράγματα
1556 958 1616 1022 ἐξ
1652 959 1921 1029 ἀλλήλοιν.

342 1042 408 1096 '0
454 1043 554 1113 μὲν
592 1040 670 1113 τῷ
720 1044 865 1112 λόγῳ
910 1046 1152 1116 συνεχῶς
1189 1050 1574 1119 χαριζόμενος,
1608 1051 1671 1105 τὸ
1711 1054 1773 1107 ὲκ
1810 1054 1923 1107 τῶν

334 1134 519 1206 ἔργων
544 1135 763 1190 δυνατὸν
794 1137 1162 1207 ὑπερϐαίνων,
1187 1141 1359 1195 πολλὰ
1390 1142 1737 1213 διαψεύδεται
1757 1159 1772 1176 ⁶
1808 1148 1835 1199 6
1863 1146 1922 1199 δὲ

340 1228 772 1299 προσλαμὸἀνων
796 1230 841 1263 ⁸⁸
884 1233 1012 1295 τοὺς
1058 1233 1225 1287 αὑτοῦ
1263 1235 1452 1302 φίλους
1497 1236 1692 1306 βουλῆς
1730 1256 1921 1292 κοινω-

335 1321 463 1383 νοὸς
513 1321 567 1372 ἐν
632 1324 846 1391 καιροῖς
893 1324 1237 1394 τηλικούτοις
1288 1326 1350 1379 ού
1399 1327 1496 1380 τοῦ
1527 1328 1571 1361 ⁸³
1604 1330 1706 1398 τὴν
1742 1329 1919 1401 ὁρμήν

327 1412 635 1478 ὲπὼσοντος
660 1416 853 1471 δεῖται.
885 1418 983 1481 Τίς
1015 1419 1124 1489 γὰρ
1153 1418 1327 1484 οὕτως
1358 1419 1607 1486 ἄϐουλος,
1635 1421 1697 1484 ὃς
1730 1423 1791 1475 τὸ
1836 1424 1920 1477 δο-

2036 499 2181 566 quod
2218 499 2301 553 lex
2332 500 2633 568 possidenti
2672 501 2759 556 illa
2800 517 3108 568 conservet,
3142 506 3254 560 limo
3278 508 3483 560 ferrum
3509 522 3609 559 au-

2033 590 2134 644 ft-rt
2163 592 2230 645 de
2261 591 2729 649 imbecillioribus.

2105 682 2329 749 Sumus,
2360 686 2555 754 inquit,
2594 687 2765 741 multo
2822 696 3065 757 tempore
3096 689 3150 743 in
3186 690 3286 743 hac
3314 690 3607 754 sententia,

2035 789 2226 840 regum
2258 775 2529 829 amicitias
2561 776 2629 829 ab
2664 776 2954 830 occasione
3002 778 3312 831 conﬁrmari
3362 786 3415 830 et
3445 777 3605 840 solvi,

2033 872 2086 914 et
2111 873 2257 915 tuam
2288 863 2705 931 occupationem
2748 863 2902 917 alteri
2932 864 3063 918 dare
3094 874 3502 933 argumentum,
3536 880 3605 918 ex

2034 949 2159 1004 aliis
2193 965 2282 1004 res
2336 956 2586 1019 augendo
2625 959 2680 1005 et
2720 950 3035 1005 minuendo.
3093 949 3191 1005 Hic
3213 950 3376 1005 verbo
3428 952 3605 1005 conti-

2027 1052 2222 1097 nenter
2266 1043 2623 1112 gratilicatus,
2664 1057 2846 1097 rerum
2888 1050 3166 1111 gestarum
3220 1043 3398 1111 ,ﬁdem
3440 1058 3603 1097 exce-

2024 1136 2184 1197 dens,
2221 1134 2356 1189 falsa
2405 1146 2830 1189 commemorat:
2864 1135 2953 1189 ille
2980 1135 3175 1189 amicis
3206 1136 3259 1188 in
3289 1137 3602 1190 societatem

2023 1227 2239 1282 consilii
2265 1228 2530 1283 adhibitis
2560 1239 2802 1299 tempore
2823 1228 3159 1298 ejuscemodi
3197 1241 3375 1297 neque
3401 1243 3604 1297 urgeno

2023 1320 2093 1375 tis
2148 1320 2408 1390 impetum
2439 1322 2627 1391 exigit.
2658 1321 2794 1389 Quis
2844 1322 2990 1375 enim
3041 1322 3178 1375 adeo
3227 1336 3424 1390 expers
3471 1336 3606 1375 con-

2023 1412 2155 1476 silii,
2200 1412 2295 1482 qui
2346 1415 2414 1467 ab
2461 1414 2633 1469 altero
2688 1414 2819 1483 quid
2854 1414 2957 1468 sibi
2992 1416 3239 1467 videatur
3271 1428 3605 1482 cognoscere

322 1502 458 1557 κοῦν
489 1505 639 1575 αὑτῷ
676 1507 809 1577 παρ’
842 1509 1031 1581 ἑτέρου
1065 1510 1313 1579 βούλεται
1346 1513 1559 1581 μαθεῖν,
1601 1512 1697 1568 καὶ
1742 1517 1910 1568 ποιεῖν

2020 1504 2170 1566 velit,
2200 1506 2325 1559 etin
2352 1507 2535 1560 dubiis
2576 1507 2811 1561 consilio
2862 1507 2938 1560 uti
2963 1506 3233 1577 explentis
3264 1506 3599 1561 desuderium

319 1598 417 1650 τὸν
444 1598 752 1668 σύμϐουλον
778 1601 885 1655 τῶν
914 1605 1307 1677 ἀπορουμένων
1333 1610 1631 1679 συνήγορον
1666 1612 1764 1678 τῆς
1795 1612 1910 1663 ὲπι-

2020 1594 2234 1663 ipsius?
2260 1595 2317 1649 Si
2349 1597 2493 1650 enim
2526 1597 2786 1652 dominus
2822 1598 3116 1662 bonorum,
3147 1613 3257 1651 non
3286 1598 3602 1653 succumbit

321 1689 561 1759 θυμίαςς
620 1694 667 1746 εί
722 1694 832 1763 γὰρ
880 1696 907 1748 6
954 1696 1147 1767 κύριος
1198 1698 1307 1755 τῶν
1362 1700 1634 1755 τοσούτων
1692 1700 1910 1768 ἀγαθῶν

2018 1686 2301 1755 cupiditati
2332 1702 2522 1743 eorum
2558 1690 2652 1759 qui
2691 1704 2914 1760 cogunt.
2961 1690 3185 1745 Beatum
3222 1691 3458 1761 praedico
3488 1691 3603 1745 haec

317 1786 591 1855 κρείττων
622 1788 739 1841 ἐστὶ
769 1788 871 1857 τῆς
913 1790 1214 1861 ἐπιθυμίας
1253 1792 1352 1862 τῆς
1398 1792 1509 1847 τῶν
1550 1791 1910 1863 βιαζομένων,

320 1874 639 1945 μακαρίσαι
688 1876 790 1945 μὲν
835 1877 945 1948 ἔχω
982 1879 1077 1932 τοῦ
1105 1878 1280 1935 ταῦτα
1311 1882 1653 1953 κεκτημένου
1700 1884 1802 1955 τὴν
1827 1884 1916 1949 ἐξ·

317 1967 534 2030 ουσίαν,
591 1968 891 2035 ἀφελέσθαι
945 1970 1002 2023 δὲ
1045 1974 1161 2035 τοῖς
1204 1973 1390 2036 ὅπλοις
1439 1974 1769 2044 βιασάμενος
1818 1978 1917 2041 τὰς

317 2060 589 2129 χορηγίας
619 2061 681 2115 οὐ
708 2060 974 2131 δύναμαι.
1011 2063 1077 2115 Τί
1124 2063 1217 2118 οὖν
1260 2065 1546 2135 ἀμήχανον
1588 2067 1787 2139 πρᾶξιν
1834 2070 1915 2131 είς

323 2150 488 2221 κενὴν
535 2153 869 2221 ἐπαγγελίαν
899 2154 945 2187 ⁸⁸
983 2154 1163 2223 ἄγειν,
1198 2157 1294 2210 καὶ
1314 2157 1414 2222 τὰς
1442 2159 1671 2231 ἀδήλους
1694 2160 1915 2225 ἐλπίδας

325 2242 437 2296 τῶν
488 2244 773 2315 προδήλων
833 2247 1094 2301 κινδύνων
1143 2249 1304 2302 πλέον
1347 2250 1729 2318 εὐλαϐεῖσθαις
1762 2253 1914 2307 Ἀλλά

323 2337 763 2407 καταπλήξονται
797 2341 922 2402 τοὺς
953 2340 1222 2411 Ἕλληνας
1255 2343 1304 2396 οἱ
1334 2344 1613 2409 Αἰθίοπες.
1649 2346 1803 2412 Τίνι;
1844 2348 1910 2418 τῇ

322 2428 453 2499 [725
476 2430 567 2501 IL]
592 2432 824 2502 μελανία
846 2433 939 2486 καὶ
960 2436 1027 2505 τῇ
1055 2435 1381 2509 παραλλαγῇ
1406 2437 1508 2507 τῆς
1541 2440 1774 2509 μορφῆς.
1799 2439 1911 2511 Οὐχ

316 2521 645 2592 ὑπερϐαίνει
674 2523 773 2594 τὴν
796 2523 890 2576 τοῦ
916 2526 1106 2590 παιδὸς
1131 2526 1350 2597 ἡλικίαν
1378 2529 1507 2600 παρ’
1530 2529 1661 2599 ἡμῖν
1684 2531 1712 2583 6
1736 2528 1913 2583 τοιοῦ-

316 2632 408 2677 τος
440 2614 628 2683 φόϐος.
674 2616 762 2668 Ἑν
806 2617 863 2670 δὲ
905 2621 1019 2682 τοῖς
1048 2618 1308 2691 πολέμοις
1341 2623 1437 2676 καὶ
1468 2625 1591 2686 ταῖς
1615 2623 1659 2654 ⁸⁸
1698 2623 1911 2691 μείζοσι

317 2708 609 2776 διαφοραῖς
663 2709 763 2761 οὒκ
818 2709 940 2778 ὄψει
998 2710 1093 2763 καὶ
1142 2709 1416 2783 χρώματι,
1466 2715 1639 2785 τόλμῃ
1703 2714 1759 2767 δὲ
1815 2716 1912 2771 καὶ

320 2801 629 2871 στρατηγίᾳ
675 2801 745 2853 τὰ
784 2803 1089 2873 πράγματα
1132 2804 1397 2875 κρίνεται.
1444 2804 1586 2875 Ἐγὼ
1633 2808 1677 2861 δ’
1713 2809 1807 2877 ἀφ’
1842 2803 1910 2881 ἦς

317 2893 539 2965 ἡμέρας
576 2895 609 2963 ή
649 2894 784 2965 τύχη
811 2912 879 2965 με
910 2896 1245 2968 κατέστησεν
1272 2899 1566 2970 ἐπίτροπον
1596 2900 1691 2954 τοῦ
1721 2900 1910 2971 σῶμα·

316 3004 409 3049 τος
442 2986 540 3039 τοῦ
567 2986 682 3047 σοῦ.
722 2987 843 3041 νέου
872 2989 1152 3054 παντελῶς
1178 2990 1351 3055 ὄντος,
1379 2994 1475 3046 καί⁵
1507 2994 1609 3063 τῆς
1648 2995 1776 3067 ὅλης
1815 2995 1912 3066 βα-

1944 1756 1987 1814 Β
2021 1779 2415 1847 possidentem,
2442 1781 2631 1835 tollere
2654 1790 2837 1835 autem
2867 1798 2973 1836 non
2993 1797 3217 1852 possum
3250 1783 3420 1837 armis
3443 1798 3604 1837 coac-

2020 1881 2130 1934 tus,
2163 1882 2439 1943 sumptus.
2474 1873 2613 1939 Quid
2642 1874 2809 1943 igitur
2842 1876 3076 1930 arduum
3114 1876 3383 1930 actionem
3415 1877 3467 1929 in
3504 1892 3601 1929 va-

2016 1980 2147 2018 num
2182 1980 2461 2020 rumorem
2493 1966 2785 2032 adducere,
2818 1982 3054 2035 spesque
3083 1968 3274 2039 inanes
3304 1968 3599 2023 reveritum

2015 2057 2189 2113 fui~se
2235 2074 2346 2128 pra:
2377 2060 2589 2115 arteria
2621 2061 2917 2129 periculis?
2950 2059 3056 2116 Sed
3108 2062 3415 2131 percellunt
3446 2059 3599 2117 Grae-

2017 2164 2115 2205 cos
2150 2147 2462 2220 Ethiopes.
2506 2151 2683 2218 Quare
2706 2154 2730 2206 ?
2757 2153 3037 2222 nigredine
3056 2162 3109 2209 et
3134 2152 3325 2209 forma:
3344 2152 3597 2209 differen-

2017 2242 2112 2297 tia.
2164 2241 2283 2297 Non
2320 2246 2536 2300 excedit
2567 2247 2827 2314 puerilem
2861 2258 3075 2302 aetatem
3107 2248 3195 2303 hic
3225 2258 3407 2304 metus
3453 2250 3597 2319 apud

2015 2346 2257 2393 nostros.
2291 2336 2348 2391 In
2388 2338 2545 2394 bellis
2587 2354 2715 2393 vero
2751 2339 3252 2411 grandioribusque
3276 2342 3591 2395 contentio-

2012 2428 2199 2493 nibus,
2257 2444 2364 2483 non
2429 2429 2567 2485 facie
2617 2442 2712 2484 ant
2764 2432 2968 2497 colore,
3007 2432 3100 2485 sed
3144 2431 3395 2495 audacia,
3442 2441 3498 2486 et
3540 2431 3599 2487 re

2016 2517 2236 2572 militari
2261 2534 2349 2574 res
2376 2520 2766 2591 dijudicantur.
2809 2520 2923 2591 Ego
2966 2538 3098 2577 vero
3132 2538 3162 2577 a
3193 2539 3304 2594 quo
3328 2524 3416 2578 die
3436 2539 3598 2579 cons-

2014 2608 2209 2665 titutus
2237 2626 2357 2665 sum
2393 2622 2541 2668 tutor
2584 2614 2835 2682 corporis
2873 2616 2973 2677 tui,
2998 2629 3120 2667 cum
3150 2615 3371 2685 juvenis
3403 2616 3595 2669 admo-

2010 2705 2141 2758 dum
2176 2719 2351 2771 esses,
2380 2707 2659 2775 totiusque
2702 2707 2876 2774 regni,
2929 2706 3117 2761 abillo
3160 2709 3344 2761 statim
3390 2708 3442 2760 in
3478 2722 3595 2762 ma-

2008 2812 2175 2866 gnum
2232 2812 2320 2852 me
2370 2797 2610 2852 laborem
2648 2800 2882 2869 conieci.
2912 2799 3258 2866 Quemnam?
3296 2800 3370 2855 Iis
3398 2799 3490 2869 qui
3540 2800 3593 2854 in

2010 2876 2287 2960 voluptate
2312 2902 2603 2947 versmlur
2633 2909 2939 2963 repugnare
2962 2904 3125 2964 atque
3162 2893 3456 2965 indignari,
3490 2908 3594 2947 non

2012 2983 2303 3040 facultates
2333 2986 2427 3039 tibi
2471 2987 2707 3053 primum
2735 2986 3061 3050 auferendo,
3112 2985 3207 3041 sed
3239 2986 3594 3060 imperitiam,

319 3079 550 3141 σιλείας,
582 3078 677 3133 ἀπ’
719 3079 935 3148 ἐκείνης
968 3079 1130 3144 εὐθὺς
1162 3081 1338 3152 μέγαν
1368 3082 1591 3153 ἐμαυτῷ
1618 3085 1779 3137 πόνον
1808 3086 1910 3139 ἐπ-

2017 3087 2077 3131 ut
2112 3078 2278 3133 tantis
2312 3078 2469 3133 bonis
2500 3080 2739 3148 prudens
2790 3078 3015 3143 fruaris,
3050 3095 3158 3134 non
3197 3094 3451 3149 peccans.
3483 3079 3597 3135 Hoc

319 3170 513 3222 ἔϐαλον
541 3170 605 3224 ⁸⁸.
640 3170 775 3224 Τίνα
804 3171 1020 3238 τοῦτον;
1060 3174 1171 3235 τοῖς
1216 3172 1354 3243 πρὸς
1388 3175 1583 3245 ἡδονὴν
1628 3175 1908 3246 ὁμιλοῦσιν

317 3261 698 3316 ἐναντιοῦσθαι
751 3263 846 3315 καὶ
888 3264 1284 3335 δυσχεραίνειν,
1334 3264 1429 3318 σού
1476 3266 1697 3337 πρῶτον
1740 3268 1907 3322 αὐτοῦ

320 3355 783 3426 περιαιρούμενος
825 3356 884 3407 οὐ
931 3356 1030 3426 τὴν
1072 3355 1320 3420 ἐξουσίαν
1365 3358 1503 3411 ἀλλά
1530 3358 1630 3429 τὴν
1658 3359 1905 3428 ἄγνοιαν,

318 3448 407 3502 ἵνα
447 3448 560 3500 τῶν
610 3448 880 3501 τοσούτων
926 3448 1145 3518 ἀγαθῶν
1185 3449 1400 3520 φρονῶν
1449 3451 1788 3524 ἀπολαύσῃς,
1829 3454 1906 3523 μὴ

315 3540 725 3612 διαμαρτάνων.
758 3540 931 3593 Τοῦτο
972 3540 1081 3611 γὰρ
1113 3542 1337 3613 ἐζήτουν
1378 3543 1585 3614 πατρᾰς
1627 3544 1766 3613 ἔχων
1811 3543 1905 3596 εὕ-

315 3650 468 3685 νοιαν
512 3632 711 3703 χρόνου
756 3633 1176 3703 στοχαζομένην,
1231 3635 1293 3687 οὐ
1344 3634 1585 3699 κόλακος
1623 3635 1907 3706 εἰρωνείαν

314 3724 495 3796 καιρῷ
518 3725 977 3796 προσομιλοῦσαν.
999 3725 1161 3798 [1535
1183 3726 1276 3799 IL}
1297 3722 1428 3781 Οἶδα
1452 3728 1582 3798 γὰρ,
1601 3728 1905 3799 πρεσϐύτε-

317 3833 409 3887 ρος
429 3816 505 3869 ὢν
536 3817 629 3870 καὶ
651 3815 863 3870 πολλῶν
885 3816 1149 3886 ἔμπειρος
1180 3816 1419 3885 γεγονὼς
1444 3817 1906 3887 πραγμάτων,διά

311 3910 441 3971 τοὺς
467 3907 737 3962 θωπεύειν
759 3894 1019 3978 ὲπιὸεὸλη
1030 3907 1222 3977 μένους
1243 3909 1368 3970 τοὺς
1392 3910 1448 3961 ἐν
1469 3910 1587 3971 ταῖς
1607 3909 1904 3980 ὑπεροχαῖς

314 4000 410 4053 καὶ
449 4001 554 4062 τάς
581 4000 845 4069 μεγίστας
882 3998 1160 4069 βασιλείας
1190 3998 1359 4069 ἄρδην
1390 4000 1763 4070 ἀνῃρημένας,
1804 4001 1904 4072 τήν

314 4091 661 4161 Κασάνδρου,
708 4090 808 4160 τὴν
854 4090 1195 4159 Λυσιμάχου,
1229 4090 1326 4159 τὴν
1364 4091 1721 4163 Ἀλεξάνδρου
1752 4093 1903 4161 τηλιοι

311 4183 523 4253 καύτην
549 4179 735 4246 οὖσαν,
764 4182 863 4254 τὴν
900 4182 1123 4252 Μήδων,
1155 4183 1252 4252 τήν
1279 4182 1487 4253 Σύρων,
1517 4182 1616 4255 τὴν
1654 4184 1901 4255 Περσῶν,

312 4277 453 4330 ὥστε
482 4276 620 4346 μηδὲ
646 4276 870 4347 σπέρμα
902 4275 1325 4343 καταλελεῖφθαι
1356 4276 1400 4306 ⁸⁷
1426 4274 1522 4328 τοῦ
1552 4276 1764 4343 γένους.
1787 4279 1903 4331 Ούκ

310 4367 563 4435 ἀλόγως·
600 4368 722 4420 νέου
776 4369 885 4437 γὰρ
923 4367 1095 4420 πολλά
1138 4369 1238 4438 μὲν
1292 4368 1616 4435 ἀγνοοῦντος
1666 4369 1756 4422 διὰ
1801 4369 1901 4438 τὴν

2013 3169 2157 3223 enim
2192 3169 2531 3239 quaerebam,
2559 3170 2732 3240 patris
2766 3180 2959 3227 nactus
2987 3171 3426 3227 benevolentiam
3457 3179 3599 3225 tetr-

2010 3275 2140 3330 pore
2164 3262 2531 3323 conciliatam,
2566 3278 2675 3316 non
2702 3262 3034 3318 adulationis
3058 3264 3370 3318 irrisionem
3399 3280 3596 3334 oppor-

2016 3355 2249 3409 tnnitate
2272 3366 2570 3410 assuetam.
2606 3355 2741 3409 Novi
2769 3358 2913 3411 enim
2956 3367 3013 3411 ut
3038 3357 3235 3429 M5!)
3270 3368 3398 3411 natu
3431 3374 3595 3427 gran-

2009 3448 2152 3513 dior,
2182 3448 2593 3519 mnltarumque
2617 3464 2797 3503 rerum
2822 3449 3217 3519 experientiam
3239 3461 3593 3512 consecutus,

2010 3557 2106 3611 per
2151 3541 2580 3596 assentationem
2627 3557 2748 3608 eos,
2784 3542 2879 3611 qui
2933 3544 3265 3597 excellerent
3307 3543 3593 3611 dignitate,

2007 3649 2285 3705 regnaque
2318 3634 2481 3688 simul
2512 3634 2763 3689 funditus
2792 3630 2969 3689 deleta
2994 3634 3311 3696 Cassandri,
3342 3634 3596 3706 Lysima-

2007 3726 2120 3787 chi,
2176 3733 2237 3781 et
2284 3726 2602 3793 Alexandri,
2650 3735 2799 3781 tanta
2846 3742 2971 3781 cum
3009 3727 3237 3793 iuerint,
3287 3725 3593 3789 Medorum,

2009 3815 2295 3886 Syrorum,
2332 3824 2388 3870 et
2426 3814 2718 3871 Persarum
2772 3835 2785 3871 ε
2833 3825 2893 3871 ιιι
2921 3832 3101 3887 neque
3131 3816 3350 3887 generis
3384 3817 3595 3872 semina

2008 3908 2355 3978 reliquerint,
2389 3924 2497 3963 non
2548 3909 2669 3964 sine
2703 3924 2893 3964 causa.
2923 3907 3139 3964 Juvene
3170 3909 3315 3963 enim
3346 3924 3441 3977 per
3462 3918 3595 3963 aeta-

2010 4009 2117 4053 tem
2144 4015 2327 4054 rerum
2358 4000 2636 4070 imperito,
2664 4001 2866 4057 celebri
2898 4016 3029 4055 vero
3063 4000 3117 4055 in
3146 4000 3410 4071 peccatis,
3454 4000 3593 4054 nihil

2007 4107 2187 4161 neque
2232 4093 2538 4162 promptius
2583 4092 2650 4147 ad
2701 4092 2937 4162 lapsum,
2985 4107 3161 4161 neque
3202 4089 3591 4160 periculosius.

2005 4183 2314 4238 Alexander
2347 4183 2511 4253 igitur
2549 4183 2720 4236 armis
2753 4182 3013 4245 invictus,
3050 4182 3105 4236 in
3140 4181 3263 4235 vita:
3292 4190 3593 4235 consuetu-

2006 4276 2135 4330 dine
2186 4273 2292 4329 fuit
2338 4274 2651 4328 inﬁrmior:
2712 4273 3031 4328 laudatione
3077 4272 3222 4327 enim
3257 4281 3453 4343 captus
3482 4282 3589 4337 est,

2007 4368 2424 4440 appellatusque
2456 4366 2693 4436 Jupiter,
2728 4383 2833 4421 non
2877 4383 2936 4422 se
2975 4365 3326 4425 subsannari.
3365 4366 3460 4421 sed
3491 4365 3591 4419 bo.

309 4461 554 4531 ήλικίαν,
590 4461 981 4531 εύλογουμένου
1019 4459 1076 4512 δὲ
1112 4460 1205 4513 ἐπὶ
1240 4462 1351 4523 τοῖς
1382 4461 1779 4532 ἁμαρτήμασιν
1804 4462 1897 4514 οὑ-

2017 4461 2192 4516 norari
2235 4459 2614 4515 existimabat.
2661 4458 2930 4529 Expetitis
2976 4459 3046 4514 iis
3087 4473 3210 4529 qua:
3241 4457 3360 4513 ﬁeri
3394 4457 3594 4526 nequi-

307 4552 397 4604 δὲν
454 4551 871 4624 σφαλερώτερον
926 4551 1048 4605 οὐδὲ
1102 4551 1594 4619 ἐπικινδυνότερον.
1656 4551 1714 4604 '0
1767 4553 1899 4620 γοῦν

2006 4561 2218 4615 verant,
2253 4560 2464 4605 naturae
2492 4550 2593 4605 fuit
2626 4553 2856 4609 oblitus.

319 4644 696 4716 Ἀλέξανδρος,
732 4646 1001 4716 ἀήττητος
1029 4642 1103 4697 ῶν
1131 4645 1191 4697 ὲν
1250 4646 1364 4707 τοῖς
1424 4643 1632 4705 ὅπλοις,
1690 4642 2083 4709 ἀσθενέστατος
2143 4641 2213 4718 ἧν
2272 4648 2330 4698 ὲν
2374 4647 2496 4707 ταῖς
2547 4643 2827 4711 ὁμιλίαις⁸
2885 4643 3139 4714 ἡλίσκετο
3169 4643 3280 4713 γάρ
3328 4642 3433 4696 ὑπὸ
3477 4642 3593 4696 τῶν

307 4740 571 4805 ὲπαίνων,
603 4741 699 4793 καὶ
728 4741 865 4802 Ζεὺς
896 4739 1231 4809 καλούμενος
1271 4739 1333 4792 οὐ
1380 4738 1739 4809 χλευάζεσθαι
1785 4739 2036 4812 ἐνόμιζεν
2103 4740 2243 4795 ἀλλά
2315 4741 2603 4811 τιμᾶσθαι,
2635 4738 2744 4791 τῶν
2784 4738 2884 4806 μὲν
2918 4736 3203 4790 ἀδυνάτων
3275 4735 3583 4807 ἐπιθυμῶν,

306 4834 404 4902 τῆς
432 4832 487 4885 δὲ
516 4830 735 4901 φύσεως
768 4830 1212 4902 ἐπιλελησμένος.

378 4928 553 4981 Ὅταν
594 4927 624 4979 6
663 4925 995 4995 δημαγωγὸς
1042 4926 1155 4987 τοίς
1192 4922 1406 4986 πολλοῖς
1443 4921 1785 4992 διαλέγηται,
1821 4923 1897 4995 μὴ

305 5023 405 5093 τὴν
432 5020 527 5074 τοῦ
554 5019 707 5090 φίλου
743 5018 899 5084 τάξιν
928 5016 1376 5087 ὑποστησάμενος
1406 5014 1542 5069 ἀλλά
1564 5018 1663 5085 τὴν
1691 5015 1787 5068 τοῦ
1810 5016 1901 5069 κό-

307 5114 494 5178 λακος,
531 5115 566 5183 ή
603 5111 711 5164 τῶν
744 5110 931 5181 ὗχλων
973 5110 1115 5181 ὁρμὴ
1171 5108 1472 5178 βεϐαιωτὴν
1514 5106 1758 5160 λαϐοῦσα
1800 5107 1901 5177 τῆς

309 5204 586 5276 ἁμαρτίας
636 5204 727 5256 τὸν
774 5202 1077 5271 σύμόουλον
1115 5198 1381 5269 ἀνέτρεψε
1423 5198 1523 5269 τὴν
1564 5198 1742 5253 πόλιν.
1786 5198 1903 5252 Ἐν-

309 5298 545 5366 σήκπτει
576 5294 683 5363 γὰρ
714 5295 743 5347 6
782 5294 973 5364 μῶμος
998 5293 1057 5345 ού
1093 5291 1235 5345 κατά
1265 5292 1374 5343 τῶν
1413 5290 1681 5344 ὑπαιτίων
1714 5290 1897 5360 μόνον,

308 5389 444 5441 ἀλλὰ
473 5388 570 5441 καὶ
602 5382 683 5452 οἷς
720 5385 785 5440 ἂν
823 5388 850 5439 6
881 5385 1075 5456 φθόνος
1108 5383 1259 5455 αὑτῷ
1306 5383 1405 5455 τὴν
1436 5382 1623 5453 ἔφοδον
1670 5382 1896 5453 προοδο-

2072 4920 2302 4988 Quando
2336 4930 2522 4975 orator
2558 4934 2689 4973 cum
2714 4917 2916 4988 popqu
2957 4916 3237 4983 disseruit,
3272 4932 3381 4971 non
3422 4917 3588 4973 amici

2000 5014 2095 5067 sed
2126 5010 2431 5066 adulatoria
2460 5024 2749 5080 personam
2779 5009 3084 5071 sustinens,
3138 5008 3311 5077 plebis
3346 5006 3586 5077 impetus

2000 5105 2404 5171 consiliarium,
2461 5104 2554 5173 qui
2602 5103 2655 5156 in
2687 5111 2913 5172 peccato
2959 5101 3317 5155 conﬁrmaret
3366 5110 3583 5166 nactus,

1999 5200 2189 5254 urbem
2217 5198 2433 5252 evertit.
2487 5196 2741 5250 Imminet
2773 5195 2918 5250 enim
2947 5194 3296 5248 adversarius
3341 5205 3451 5245 non
3491 5207 3583 5245 reo

2000 5302 2237 5354 tantum,
2271 5290 2365 5345 sed
2397 5298 2452 5345 ct
2481 5291 2567 5352 iis,
2610 5290 2874 5343 adversus
2906 5304 3047 5357 quos
3080 5286 3284 5341 invidia
3319 5284 3421 5353 ipsi
3460 5284 3582 5337 adi-

2000 5391 2118 5435 tum
2186 5378 2495 5435 adornavit.
2547 5377 2641 5433 Vel
2701 5386 2991 5433 accusator
3039 5375 3185 5431 enim
3238 5374 3410 5428 vincit
3468 5388 3579 5429 non

1580 5535 1817 5593 VARIAE
1860 5535 2274 5594 LECTIONES.

438 5684 484 5715 “
542 5680 943 5752 προλαμϐάνων
1189 5680 1235 5711 ⁸³
1291 5681 1349 5735 οὔ
1405 5677 1525 5750 τοῦ]
1548 5677 1713 5735 αὑτοῦ
1772 5681 1835 5733 Α.

314 5757 354 5787 ⁸⁷
397 5750 687 5825 σπέρματα
720 5750 1145 5821 καταλειφθῆναι
1183 5768 1239 5815 ς.

1932 5678 1976 5711 ⁸⁸
2026 5674 2370 5745 ἀπαγγελίαν
2389 5673 2454 5731 Α.

2560 5676 2603 5708 ⁸⁵
2634 5679 2757 5738 ταῖς
2805 5688 2917 5728 om.
2951 5676 3013 5727 Α.
3119 5672 3162 5704 ⁸⁸
3190 5670 3488 5728 ἐπέϐαλλον
3515 5687 3579 5737 ς’.
