3966 6240
388 235 461 300 23
1555 235 1815 298 ΡΗΟΤΙΙ
1850 235 2357 297 ΡΑἸἮΙΑΒΟΗᾸΞ
2395 239 2502 298 CP.
3591 235 3663 301 2³4

390 352 559 411 modo
608 372 848 420 reorum,
900 354 996 410 sed
1060 355 1225 409 etiam
1275 352 1549 407 interdum
1602 353 1958 422 potentiorun:

2077 352 2384 418 ποιήσαιτο.
2453 353 2523 405 Ἢ
2561 354 2604 383 ⁸⁸
2667 355 2860 424 κρατεῖ
2912 354 3021 424 γάρ
3086 356 3116 407 ὁ
3168 354 3360 425 μῶμος
3423 354 3484 407 οὑ
3550 356 3657 409 τῶν

392 448 793 504 accusationes.
855 446 1153 517 Postquam
1215 446 1417 504 invidia
1472 445 1640 499 telum
1715 445 1972 499 acerbum

390 542 602 611 jaciens
640 541 913 611 persuasit
936 557 1045 595 non
1077 555 1199 596 esse
1228 554 1294 595 eo
1323 538 1548 609 dignum
1574 535 1813 593 facinus.

471 805 711 863 Utuntur
736 816 791 862 et
819 807 1107 878 AEthiopes
1144 809 1197 863 in
1241 809 1449 865 bellicis
1486 809 1748 880 periculis
1778 810 1973 881 ingeno

390 897 539 953 tibus
571 898 714 963 teiis,
747 898 1005 956 brevibus
1027 915 1158 955 vero
1186 900 1421 970 jacnlis;
1454 902 1509 955 in
1538 917 1752 957 summa
1797 917 1969 957 arun-

386 990 534 1045 dinis
564 1003 717 1061 parte
749 1005 849 1060 pro
879 992 1025 1046 ferro
1069 994 1364 1065 oblongum
1404 994 1575 1065 ﬁgura
1606 996 1837 1062 lapidem
1869 1011 1974 1067 pos-

386 1091 549 1146 nunt,
584 1082 807 1139 funibus
837 1087 1200 1142 constrictum
1224 1128 1241 1152 ,
1272 1096 1496 1144 acutum
1525 1104 1687 1159 supra
1718 1089 1967 1156 modum,

386 1177 613 1233 venenis
642 1192 771 1232 vero
799 1178 1101 1236 mortiferis
1130 1181 1382 1236 tinctura.

461 1354 806 1424 Ptolemaeus,
857 1361 953 1425 ait,
1002 1362 1069 1416 ad
1119 1361 1318 1419 bellum
1373 1373 1563 1420 contra
1599 1365 1887 1436 Ethiopes
1935 1384 1968 1423 e

386 1446 594 1504 Graaeia
619 1451 946 1521 quingentos
992 1455 1207 1524 equites
1249 1458 1597 1527 conscripsit.
1638 1460 1713 1515 De
1757 1461 1845 1516 his
1874 1462 1970 1530 qui

386 1535 445 1590 in
475 1537 648 1608 prima
693 1541 811 1595 acie
841 1544 1110 1598 versaturi
1154 1555 1330 1610 erant,
1388 1557 1443 1602 et
1505 1563 1699 1618 agmen
1725 1551 1967 1618 ducturi,

385 1643 620 1686 numero
652 1641 893 1699 contum,
932 1650 1027 1691 eos
1060 1637 1429 1707 singularibus
1470 1640 1733 1699 instruxit
1774 1645 1965 1699 armis.

2079 441 2347 496 ὑπαιτίων
2411 443 2571 513 μόνον
2600 444 2668 507 ⁸9,
2718 444 2836 497 ἀλλ’
2888 443 3001 498 ἔσθ’
3049 444 3136 497 ὅτε
3196 444 3292 497 καὶ
3352 443 3463 496 τῶν
3529 444 3655 496 ἑπι-

2076 535 2461 606 κρατεστέρων
2505 537 2704 601 αἰτίας,
2747 536 2969 590 ἐπειδὰν
3018 539 3046 590 ὁ
3086 537 3281 604 φθόνος
3341 537 3539 606 πικρὸν
3597 535 3658 589 τὸ

2078 627 2230 697 βέλος
2282 629 2442 698 ἀφεὶς
2473 629 2986 701 προκατειργάσατο
3038 630 3130 682 τὸν
3173 631 3273 682 οὑκ
3308 628 3457 694 ἄξιον
3500 627 3659 682 τοῦτο

2075 722 2385 777 πείσεσθαι.

2146 814 2399 887 Χρῶνται
2426 815 2483 868 δὲ
2518 815 2609 869 ἐπὶ
2638 817 2747 869 τῶν
2784 815 3046 871 κινδύνων
3072 816 3181 869 τῶν
3215 814 3529 885 πολεμικῶν
3561 815 3656 869 Αἱ-

2075 906 2263 972 θίοπες
2312 910 2426 971 τοῖς
2480 908 2579 977 μὲν
2616 907 2793 975 τόξοις
2844 908 3120 979 μεγάλοις,
3162 908 3390 979 βραχέσι
3438 906 3495 959 δὲ
3541 908 3656 967 τοῖς

2071 1000 2273 1064 ὀϊστοῖς
2294 1016 2309 1031 ο
2335 999 2429 1053 ἐπὶ
2450 1000 2507 1052 δὲ
2537 999 2638 1069 τῆς
2666 1000 2842 1072 ἄκρας
2861 999 2953 1054 τοῦ
2978 999 3228 1068 καλάμου
3257 997 3507 1069 κερκίδος
3531 996 3656 1049 ἀντὶ

2073 1091 2168 1145 τοῦ
2192 1091 2412 1164 σιδήρου
2433 1093 2775 1163 παραμήκης
2794 1090 2872 1162 τῷ
2891 1091 3047 1162 τύπῳ
3068 1090 3214 1153 λίθος
3241 1089 3651 1159 ἀνεστήρικται,

2072 1183 2283 1256 νεύροις
2315 1184 2665 1254 ἐσφιγμένος,
2694 1184 2821 1249 ὀξὺς
2857 1182 2957 1253 μὲν
2989 1181 3290 1253 ὑπερϐολῇ,
3334 1179 3651 1251 φαρμάκοις

2071 1278 2129 1332 δὲ
2156 1277 2478 1347 θανασίμοις
2500 1275 2873 1349 βεϐαμμένος.

2145 1372 2268 1424 Ὅτι
2314 1370 2672 1439 Πτολεμαῖος,
2702 1368 2888 1440 φησὶν,
2928 1368 3011 1432 εἰς
3057 1368 3149 1421 τὸν
3187 1367 3332 1421 κατὰ
3376 1364 3655 1420 Αἰθιόπων

2072 1460 2308 1532 πόλεμον
2352 1459 2461 1513 ἀπὸ
2502 1461 2601 1533 τῇς
2644 1458 2892 1523 Ἐλλάδος
2939 1457 3331 1518 πεντακοσίους
3370 1453 3654 1520 συνέλεξεν

2074 1554 2281 1617 ἱππεῖς,
2333 1544 2408 1607 ὧν
2452 1552 2567 1615 τοῖς
2612 1549 3053 1620 προκινδυνεύειν
3096 1548 3349 1623 μέλλουσι
3387 1547 3484 1601 καὶ
3518 1546 3656 1601 καθ-

2068 1644 2414 1717 ηγουμένοις,
2436 1645 2498 1699 τὸ
2530 1642 2734 1713 πλῆθος
2759 1640 2909 1697 οὖσιν
2937 1642 3151 1708 ἑκατὸν,
3188 1638 3460 1711 ὁπλισμοῦ
3490 1656 3652 1709 περι-

386 1720 527 1777 Nam
558 1734 610 1779 et
632 1725 763 1794 ipsis
791 1735 843 1781 et
872 1728 1033 1797 equis
1056 1739 1232 1785 vestes
1257 1733 1322 1785 ad
1352 1734 1478 1801 pilei
1505 1735 1729 1790 modum
1758 1739 1958 1793 consui«

2072 1712 2235 1808 ἔθηκε
2257 1737 2460 1809 τρόπον
2479 1753 2495 1768 ·
2533 1712 2725 1801 στολὰς
2754 1736 2863 1807 γὰρ
2897 1736 3084 1799 αὑτοῖς
3109 1752 3169 1788 τε
3194 1734 3290 1789 καὶ
3321 1736 3433 1798 τοῖς
3463 1732 3653 1797 ἵπποις

386 1822 565 1883 patas,
597 1832 732 1885 quas
766 1834 918 1872 casas
958 1819 1012 1874 in
1042 1821 1266 1889 regione
1318 1824 1406 1878 illa
1442 1838 1662 1889 vocant,
1693 1828 1964 1897 attribuit,

388 1917 446 1960 ut
481 1917 650 1963 totum
682 1920 879 1979 praeter
910 1913 1100 1967 oculos
1131 1925 1515 1986 contegeretnr
1547 1935 1770 1991 corpus.

480 2112 565 2166 Ex
587 2113 722 2169 libro
748 2117 931 2184 quinto
960 2118 1391 2190 Agatharchidis,
1424 2126 1487 2180 de
1513 2131 1653 2182 mari
1685 2128 1884 2185 Rubro.

453 2272 586 2329 CAP.
627 2274 762 2330 Vlll.
797 2308 868 2317 —-
902 2278 1153 2350 Plerique
1198 2283 1363 2338 etiam
1420 2285 1769 2354 politicorum
1820 2293 1963 2348 viro-

380 2381 505 2420 rnm
558 2382 623 2429 ac
673 2379 959 2438 poetarum
1014 2373 1357 2443 dubitarunt,
1409 2380 1689 2448 quomodo
1737 2397 1966 2441 summae

380 2462 745 2527 quorumdam
780 2464 1120 2521 calamitates
1168 2468 1234 2523 iis
1261 2471 1355 2539 qui
1387 2481 1539 2526 extra
1578 2475 1817 2542 pericula
1850 2493 1966 2546 po-

380 2552 474 2607 siti
507 2564 651 2616 sunt,
688 2555 1278 2617 deeenternuntiandee
1315 2563 1421 2617 sint
1457 2582 1469 2618 :
1505 2582 1737 2636 quorum
1772 2570 1965 2625 modus

378 2654 493 2695 non
536 2640 696 2696 facile
740 2643 941 2717 me
997 2647 1329 2716 inclarescit,
1396 2654 1499 2708 nisi
1570 2657 1770 2726 aliquis
1827 2675 1966 2729 pra:-

378 2736 647 2790 struxerit
670 2752 893 2793 causam
929 2742 999 2795 iis
1031 2758 1152 2812 quae
1176 2746 1497 2813 aperiuntur
1522 2752 1959 2808 convenientem.

385 2820 685 2894 Olynthum
721 2837 775 2881 et
811 2827 1028 2891 Thebas
1058 2833 1253 2901 oppida
1296 2835 1405 2890 duo
1451 2837 1620 2901 clara,
1680 2840 1961 2911 Philippus

379 2922 436 2968 et
479 2912 789 2969 Alexander
840 2918 1182 2987 diripientes,
1243 2922 1361 2976 solo
1411 2940 1719 2995 sequarunt.
1804 2928 1960 2997 Quod

377 3000 587 3056 malum
638 3016 761 3057 cum
808 3013 1003 3071 printer
1050 3021 1202 3075 spem
1249 3011 1531 3075 acciderit,
1585 3032 1839 3087 magnum
1892 3020 1958 3074 de

378 3092 612 3162 imperio
652 3094 837 3149 multis
890 3097 1055 3151 etiam
1125 3098 1331 3156 Graecis
1381 3113 1640 3161 terrorem
1701 3110 1955 3176 incussit,
1986 3076 2028 3132 C

381 3183 681 3252 multisque
716 3187 1031 3243 oratoribus
1066 3188 1286 3244 dicendi
1317 3196 1603 3249 materiam
1635 3202 1960 3269 suppedita-

374 3274 476 3339 vit,
534 3284 591 3329 ut
625 3275 963 3332 calamitates
1002 3283 1220 3349 pr0prie
1264 3286 1640 3340 ostenderent.
1680 3290 1790 3342 Alii
1827 3307 1960 3361 ergo

377 3377 437 3422 ut
462 3369 789 3424 videbantur
824 3386 986 3440 super
1016 3372 1121 3428 hac
1146 3391 1203 3430 re
1224 3376 1519 3447 allegorice
1543 3397 1608 3436 ac
1643 3385 1810 3439 variis
1838 3387 1958 3442 dia-

379 3460 535 3516 lectis
571 3460 789 3516 abunde
826 3462 1101 3531 dixerunt,
1139 3466 1235 3520 alii
1268 3483 1397 3522 vero
1426 3470 1803 3530 vehementius
1830 3492 1960 3532 con-

376 3560 535 3605 sueto
580 3566 752 3614 more,
809 3554 1142 3625 proprieque
1191 3557 1339 3629 loqui
1396 3562 1559 3617 rebus
1618 3566 1805 3623 arduis
1849 3584 1957 3623 non

377 3638 875 3712 subterfugiebant.
938 3641 1239 3717 Utriusque
1294 3649 1391 3704 tibi
1444 3655 1659 3721 generis
1710 3659 1957 3728 exempla

373 3730 672 3802 proferam,
711 3744 769 3787 ut
815 3734 1023 3791 formas
1054 3751 1086 3792 e
1130 3743 1549 3807 comparatione
1594 3759 1954 3816 cognoscens,

375 3824 483 3878 utri
514 3826 711 3882 melius
761 3837 856 3881 aut
900 3828 1141 3887 deterius
1189 3831 1395 3901 dicant,
1460 3846 1552 3892 tuo
1587 3838 1799 3908 judicio
1843 3845 1958 3898 col-

373 3918 530 3991 ligas.

441 4101 707 4173 Hegesias
734 4105 954 4175 quidem
990 4108 1335 4164 eversionem
1370 4112 1589 4166 urbium
1632 4129 1774 4184 saepe
1802 4131 1954 4172 com-

374 4210 688 4253 memorans
708 4196 866 4253 exilis
883 4207 1001 4254 est:
1029 4201 1228 4256 nolens
1258 4203 1403 4257 enim
1435 4213 1676 4274 tempora
1708 4208 1955 4279 singula-

368 4286 467 4341 tim
503 4303 809 4365 recensere,
856 4291 1083 4348 studens
1108 4308 1238 4348 vero
1281 4297 1597 4351 necessario
1643 4298 1697 4352 in
1740 4302 1953 4356 acerbis

368 4375 609 4444 leporem
642 4378 871 4433 nimium
910 4380 1192 4443 adhibere,
1236 4385 1319 4436 sui
1364 4386 1669 4453 argumenti
1717 4403 1942 4458 scopum

367 4470 707 4541 aliquantum
752 4475 1085 4544 assequitur,
1134 4476 1227 4532 sed
1265 4492 1374 4532 non
1425 4493 1523 4546 pro
1554 4480 1628 4534 rei
1661 4481 1945 4553 dignitate,

366 4565 831 4634 quemadmodum
885 4568 938 4621 in
1000 4569 1116 4624 suis
1176 4571 1523 4626 orationibus
1578 4576 1947 4632 convincitur.

365 4654 537 4724 Quale
556 4657 686 4713 illud
709 4676 723 4713 :
750 4657 888 4713 Urbe
910 4660 1098 4714 relicta
1121 4677 1310 4715 nomen
1327 4663 1731 4732 acquisit‘imus.
1756 4667 1951 4737 SpeCta

365 4750 532 4822 igitur
558 4751 699 4806 hoc:
730 4751 1071 4809 affectionem
1114 4769 1459 4825 nequaquam
1490 4769 1692 4820 movet,
1733 4762 1829 4815 sed
1877 4765 1954 4816 si-

363 4840 774 4913 gnificationem
811 4845 1032 4901 tacitam
1073 4845 1261 4913 infert,
1297 4858 1353 4902 et
1392 4848 1446 4903 in
1481 4850 1623 4907 dicta
1665 4852 1949 4922 inquirere

362 4936 532 5008 cogit.
564 4936 668 4993 Ubi
708 4938 858 4993 enim
909 4939 1321 5011 ambiguitatem
1348 4944 1634 4999 sententiae
1664 4946 1834 5012 videt,
1872 4947 1947 5002 ibi

366 5027 434 5083 de
483 5030 757 5085 sermonis
804 5032 1075 5101 gravitate
1117 5036 1350 5092 remisit.
1387 5036 1613 5103 Quare?
1667 5040 1795 5109 quia
1863 5039 1949 5094 di-

369 5128 520 5175 ctum
575 5122 721 5177 clare
769 5124 1166 5193 perspiciendo,
1199 5128 1369 5182 animi
1400 5145 1735 5185 consensum
1765 5130 1954 5201 depre-

367 5210 608 5269 hendere
636 5212 786 5268 licet.
812 5214 1123 5281 Postposita
1161 5233 1289 5274 vero
1319 5221 1731 5290 perspicuitate,
1773 5238 1949 5292 neque

363 5298 450 5359 vis
499 5311 597 5358 aut
654 5304 919 5374 splendor
974 5308 1155 5364 verbis
1185 5310 1411 5365 subesse
1453 5319 1653 5380 potest.
1695 5309 1835 5367 Hinc
1882 5312 1950 5366 de

1974 4434 2027 4494 D

2069 1830 2309 1885 ἀνέδωκε
2353 1830 2608 1901 πιλητάς,
2658 1829 2726 1894 ἃς
2776 1831 2826 1883 οἱ
2879 1830 3021 1885 κατὰ
3071 1828 3173 1899 τὴν
3204 1827 3390 1899 χώραν
3434 1827 3652 1897 ἐκείνην

2072 1923 2543 1993 προσαγορεύουσι
2568 1922 2785 1990 κάσας,
2805 1922 2948 1977 ὥστε
2980 1922 3088 1976 πᾶν
3111 1921 3377 1993 κρύπτειν
3402 1917 3462 1973 τὸ
3483 1918 3647 1990 σῶμα

2070 2015 2210 2085 πλὴν
2238 2014 2344 2069 τῶν
2374 2015 2691 2086 ὀφθαλμῶν.
3262 2084 3267 2089 ἱ

2071 2128 2199 2196 ιηι
2226 2128 2320 2201 n.]
2365 2130 2467 2183 Ἐκ
2493 2128 2621 2201 τῆς
2670 2127 3192 2201 εζἈγαθαρχίδου
3229 2126 3497 2195 ἱστορίας
3536 2122 3646 2193 τῆς

2375 2199 2509 2268 περὶ
2536 2199 2655 2269 τὴν
2682 2197 2976 2268 Ἐρυθρὰν
3014 2198 3363 2255 θάλασσαν.

2142 2295 2264 2348 Ὅτι
2293 2294 2498 2361 πολλοὶ,
2524 2293 2682 2365 φησὶ,
2713 2294 2807 2347 καὶ
2833 2292 2943 2346 τῶν
2978 2290 3275 2346 πολιτικῶν
3301 2288 3510 2361 ἀνδρῶν
3557 2285 3656 2342 καὶ

2066 2388 2175 2442 τῶν
2200 2388 2411 2458 ποίημα
2434 2386 2795 2459 γεγραφότων
2819 2386 3191 2457 διηπορήκασι
3221 2383 3339 2446 πῶς
3361 2380 3459 2444 τὰς
3483 2380 3655 2451 ὑπερ-

2067 2479 2369 2541 ϐαλλούσας
2392 2479 2439 2512 ⁷ο
2479 2478 2645 2541 ὲνίοις
2678 2475 2948 2547 ἁκληρίας
2985 2474 3074 2529 τὸν
3108 2473 3265 2536 ἐκτὸς
3316 2470 3427 2526 τῶν
3466 2468 3652 2523 κινδύ-

2066 2591 2170 2627 νων
2193 2572 2442 2641 κείμενον
2471 2568 2791 2641 πρεπόντως
2817 2566 3173 2636 ὲξαγγελτέον
3194 2582 3208 2596 ·
3235 2559 3309 2619 ὧν
3326 2563 3354 2615 ὁ
3373 2563 3574 2633 τρόπος
3589 2562 3651 2614 οὑ

2065 2667 2184 2719 λίαν
2227 2664 2421 2732 γένοιτ’
2455 2662 2522 2716 ἂν
2569 2660 2840 2732 ἐμφανὴς,
2882 2661 2933 2713 εί
2982 2659 3055 2730 μή
3097 2676 3183 2722 τις
3227 2654 3543 2720 ὑποτάξαιέ
3582 2654 3649 2707 ἂν

2063 2755 2355 2811 ἀκόλουθον
2372 2754 2551 2809 αἰτίαν
2567 2755 2611 2785 ⁷¹
2635 2757 2749 2817 τοῖς
2767 2750 3247 2824 ὲμφανιζομένοις.
3276 2748 3535 2803 Ὄλυνθον
3557 2750 3653 2801 καὶ

2062 2848 2247 2920 Θήϐας
2270 2847 2362 2899 δύο
2389 2845 2573 2909 πόλεις
2598 2843 2839 2909 ἐνδόξους
2887 2842 3232 2914 Ἀλέξανδρος
3264 2841 3358 2895 καὶ
3384 2839 3651 2902 Φίλιππος

2061 2939 2461 3009 διαρπάσαντες
2505 2936 2755 2991 καθεῖλον
2786 2936 2867 2999 εἰς
2902 2935 3120 3005 ἔδαφος.
3154 2932 3227 2987 Τὸ
3252 2934 3311 2986 δὲ
3344 2932 3518 2987 δεινὸν
3554 2930 3649 2984 τοῦ

2065 3030 2506 3093 συντελεσθέντος
2532 3028 2660 3099 παρ’
2688 3027 2880 3083 ἐλπίδα
2911 3025 3222 3097 προσπεσὸν
3253 3026 3349 3079 καὶ
3376 3023 3484 3078 τῶν
3524 3023 3652 3079 Ἐλ-

2061 3122 2241 3191 λήνων
2283 3119 2495 3184 πολλοῖς
2529 3118 2768 3188 άγωνίαν
2797 3116 2927 3188 περὶ
2961 3116 3070 3170 τῶν
3093 3115 3231 3170 ὅλων
3266 3114 3513 3187 μεγάλην
3547 3115 3650 3167 έπ-

2062 3213 2312 3283 έστησεν,
2352 3212 2446 3265 καὶ
2486 3212 2595 3263 τῶν
2630 3210 2876 3284 ῥητόρων
2909 3208 3009 3262 οὐκ
3049 3208 3253 3277 ὀλίγοις
3296 3208 3456 3276 λόγου
3506 3224 3651 3277 παρ-

2062 3306 2220 3378 ἐσχεν
2251 3304 2508 3377 ἀφορμὴν
2550 3306 2632 3367 εἰς
2672 3304 2736 3356 τὸ
2768 3301 3009 3373 δηλῶσαι
3036 3301 3108 3355 τά
3139 3301 3510 3373 πεπραγμένα
3553 3300 3650 3353 τοῦ

2062 3397 2272 3461 πάθους
2294 3396 2534 3459 οἰκείως.
2564 3395 2865 3466 Εἰρήκασιν
2901 3393 2994 3447 οὖν
3020 3394 3151 3464 περὶ
3180 3393 3373 3448 τούτου
3389 3391 3484 3446 τοῦ
3509 3395 3652 3465 πρά-

2061 3504 2271 3557 γματος
2311 3486 2462 3541 ἄλλοι
2511 3486 2613 3557 μὲν
2648 3483 3027 3554 ἀλληγορικῶς
3067 3484 3143 3555 τῷ
3185 3484 3373 3555 τρόπῳ
3407 3482 3500 3536 καὶ
3529 3485 3650 3545 ταῖς

2060 3578 2382 3642 διαλέκτοις,
2413 3577 2490 3641 ὼς
2523 3575 2763 3641 δοκοῦσι,
2800 3575 3096 3646 περιττῶς,
3131 3576 3180 3629 οἱ
3210 3576 3255 3629 δ’
3289 3572 3651 3646 ἐμϐριθέστεφ

2062 3688 2177 3743 ρον,
2209 3670 2278 3723 τὰ
2308 3669 2514 3740 συνήθη
2550 3668 2647 3723 καὶ
2682 3668 2783 3731 τάς
2819 3668 3172 3741 κυριολογίας
3218 3668 3275 3720 ἐν
3313 3668 3426 3731 τοῖς
3454 3666 3647 3728 δεινοῖς

2058 3766 2120 3818 οὑ
2147 3763 2502 3832 πεφευγότες.
2540 3762 2835 3834 Ἐκατέρου
2862 3763 2921 3815 δέ
2957 3778 3039 3815 σοι
3071 3757 3437 3834 προοισόμεθα
3464 3774 3650 3829 παρα·-

2056 3857 2327 3927 δείγματα
2351 3857 2560 3925 γένους,
2595 3855 2684 3907 ἵνα
2704 3856 2829 3919 τοὺς
2858 3854 3213 3925 χαρακτῆρας
3243 3854 3307 3905 ὲκ
3327 3849 3646 3921 παραϐολῆς

2055 3949 2256 4003 ἐπιδὼν
2285 3950 2333 3981 ⁷³
2368 3949 2492 4013 τοὺς
2523 3948 2746 4019 ἄμεινον
2795 3948 2893 4002 καὶ
2927 3945 3235 4001 τούναντίον
3267 3946 3523 4006 εἰπόντας
3556 3942 3646 3996 ἐπ’

2055 4043 2248 4107 αὑταῖς
2269 4041 2438 4113 εὒρῃς
2470 4042 2513 4075 ⁷³
2543 4045 2665 4105 ταῖς
2688 4040 3061 4112 δοκιμασίαις.

2131 4132 2295 4204 [1556
2314 4132 2407 4205 R.]
2437 4133 2703 4202 Ἡγησίας
2732 4132 2830 4203 μὲν
2847 4127 2942 4186 οὖν
2965 4129 3227 4193 πολλάκις
3250 4129 3350 4199 τῆς
3372 4127 3646 4190 ἀπωλείας

2058 4222 2411 4294 μεμνημένος
2452 4222 2562 4276 τῶν
2604 4221 2813 4275 πόλεων
2855 4221 3080 4293 εὐτελής
3122 4222 3289 4275 ἐστιν.
3333 4219 3391 4274 ’0
3426 4219 3536 4290 γὰρ
3570 4218 3648 4288 μὴ

2056 4314 2225 4369 θέλων
2254 4317 2365 4377 τοῖς
2399 4315 2611 4385 καιροῖς
2638 4312 2855 4375 οἰκείως
2881 4311 3250 4380 διαλέγεσθαι,
3285 4310 3466 4381 ζητῶν
3495 4309 3553 4362 δὲ
3587 4309 3650 4375 ἐξ

2054 4406 2301 4476 ἀνάγκης
2348 4406 2406 4458 ὲν
2449 4404 2711 4477 αὐστηρῷ
2752 4404 3039 4475 πράγματι
3074 4404 3395 4475 κομψότητα
3423 4404 3648 4471 διαφαί-

2053 4516 2185 4562 νειν,
2210 4498 2303 4550 τοῦ
2334 4498 2434 4568 μὲν
2468 4497 2598 4551 ἰδίου
2620 4496 2940 4569 ζηλώματος
2970 4498 3018 4530 ⁷⁸
3044 4497 3136 4552 ἐπὶ
3165 4497 3332 4551 ποσὸν
3357 4496 3643 4567 τυγχάνει,

2050 4588 2150 4655 τῆς
2178 4587 2237 4642 δὲ
2258 4587 2368 4640 τῶν
2386 4588 2772 4658 ὑποκειμένων
2793 4587 2949 4653 ἀξίας
2970 4588 3032 4641 οὑ
3058 4587 3384 4658 στοχάζεται
3402 4604 3415 4616 ·
3450 4585 3645 4655 ὥσπερ

2050 4672 2204 4740 οὗτος
2242 4678 2301 4729 ἐν
2338 4681 2451 4742 τοῖς
2500 4677 2668 4733 αὑτοῦ
2711 4679 2964 4748 φωρᾶται
3006 4677 3209 4747 λόγοις.
3254 4672 3381 4732 Οἷον
3412 4678 3647 4745 Ὄνομα

2051 4767 2478 4838 κατελάϐομεν,
2501 4771 2685 4823 πόλιν
2721 4770 3183 4837 καταλιπόντες.
3210 4771 3410 4824 Σκόπει
3440 4769 3641 4824 τοίνυν.

2053 4861 2225 4916 Τοῦτο
2255 4863 2425 4926 πάθος
2459 4862 2558 4933 μὲν
2595 4863 2850 4933 οὑδαμῶς
2879 4866 3049 4928 ποιεῖ,
3080 4864 3219 4919 ἀλλὰ
3247 4865 3472 4934 συνάγει
3501 4863 3643 4933 πρὸς

2053 4954 2152 5026 τὴν
2183 4953 2421 5023 ἔμφασιν
2446 4954 2540 5008 καὶ
2569 4957 2712 5008 ποιεῖ
2733 4955 2918 5027 ζητεῖν
2940 4957 2993 5010 τί
3020 4957 3189 5027 λέγει.
3220 4952 3295 5012 OT)
3320 4957 3430 5028 γάρ
3463 4958 3530 5013 άν
3558 4976 3646 5024 τις

2051 5050 2117 5117 τῇ
2160 5046 2356 5118 γνώμῃ
2405 5046 2703 5118 δισταγμὸν
2746 5048 3134 5121 ἐνεργάσηται,
3186 5051 3368 5103 ἐκεῖσε
3409 5050 3519 5104 ἀπὸ
3548 5050 3646 5104 τοῦ

2052 5139 2211 5207 λόγου
2243 5139 2306 5190 τὸ
2338 5138 2509 5192 δεινὸν
2538 5138 2741 5209 ἀφῆκε.
2773 5140 2872 5193 Διὰ
2906 5140 2959 5191 τί
2984 5157 2999 5205 ;
3030 5140 3155 5194 Ὅτι
3194 5140 3259 5193 τὸ
3285 5141 3453 5212 ῥηθὲν
3479 5142 3539 5195 ὲν
3565 5141 3647 5213 τῷ

2053 5230 2243 5298 σαφῶς
2278 5230 2483 5297 γνῶναι
2512 5228 2611 5282 καὶ
2631 5230 2728 5301 τὴν
2758 5230 3102 5300 συμπάθειαν
3136 5231 3253 5286 ἔστι
3283 5232 3468 5287 λαϐεῖν
3489 5248 3503 5263 ⁸
3538 5235 3567 5287 ὁ
3596 5235 3645 5287 δ’

2058 5318 2365 5388 ὑστερήσας
2404 5318 2500 5372 τοὺ
2549 5316 2755 5387 σαφοῦς
2818 5319 3207 5377 ἀπολέλειπται
3255 5323 3349 5376 καὶ
3397 5322 3497 5392 τῆς
3546 5324 3642 5377 ὲν-

1636 5510 1869 5567 νΑιιυΕ
1902 5513 2315 5573 LECTIONES.

486 5626 530 5699 "_'
568 5624 628 5699 ἢ]
663 5627 755 5681 καὶ
788 5628 960 5689 ἄλλως
992 5645 1098 5698 mg.
1137 5629 1203 5681 A.

368 5697 647 5771 τεσσάρων
678 5703 741 5754 Α.
821 5701 865 5733 ⁷³
894 5697 1060 5772 εὕρῃς
1092 5698 1129 5753 Β

1310 5628 1353 5661 τε
1389 5629 1563 5698 μόνων
1593 5631 1631 5684 Α
1642 5670 1656 5684 .

1756 5633 1800 5664 ⁷ο
1836 5634 1935 5686 ὑπε
1943 5634 2142 5701 ρ6αλού
2152 5655 2249 5699 σας
2280 5657 2341 5704 ς.

1164 5718 1176 5754 :
1206 5699 1386 5771 εὕροις
1415 5716 1474 5765 ς’.
1552 5702 1596 5734 ⁷⁵
1621 5699 1964 5779 ζηλώματος]
1992 5699 2311 5781 δηλώματος
2337 5712 2381 5765 Α
2415 5728 2429 5766 :
2470 5709 2783 5782 ζητήματος
2814 5727 2875 5775 ς.

2445 5637 2699 5713 τξῄαίτίαν
2728 5638 3024 5696 ἀκόλουθον
3050 5658 3111 5706 ς.
3187 5641 3230 5674 ⁷³
3259 5638 3483 5713 ἐπιδὼν]
3513 5641 3608 5697 ἐπὶ
