3944 6242
272 277 347 341 25
1400 278 1930 341 BIBLIOTHECA.
1951 305 2022 317 -
2054 281 2216 343 COD.
2264 284 2422 346 CCL.
3475 291 3550 356 26

275 389 593 460 αργείαςπ.
648 384 780 442 Εἶτα
824 389 1007 457 ὅμοιον
1058 388 1190 459 περὶ
1230 388 1484 459 Θηϐαίων
1541 389 1696 458 φησὶ,
1761 388 1873 441 Τὸν

1988 389 2255 451 Thebanis
2293 394 2361 450 ad
2407 395 2660 452 eumdem
2715 398 2941 455 modum
2984 399 3257 471 loquitur:
3324 402 3558 462 Hierimo

275 484 389 552 γὰρ
402 481 658 552 μέγιστα
679 480 1048 551 φωνήσαντα
1074 483 1264 535 τόπον
1297 480 1536 550 ἄφωνον
1558 481 1596 547 ἠ
1627 496 1861 548 συμςρο⁸

269 573 351 640 ρὰ
379 572 691 638 πεποίηκε.
723 570 891 624 Πάλιν
922 572 1011 623 ἐπ’
1035 570 1350 636 Ὀλυνθίων,
1380 571 1481 625 Ἐκ
1495 570 1866 641 μυριάνδρου

278 666 514 730 πόλεως
560 663 848 731 ἐξῆλθον,
904 664 1294 733 ἐπιστραφεὶς
1338 662 1390 716 δ’
1443 662 1637 717 οὐκέτ’
1682 662 1868 719 εἶδον.

291 756 538 826 Ἐζήτεις
560 756 605 787 τ⁸
633 756 690 809 δὲ
718 756 809 821 τίς
855 754 917 809 τὸ
958 756 1056 825 μὲν
1085 756 1194 825 γὰρ
1231 756 1416 827 ῥηθὲν,
1456 756 1562 809 ὑπὸ
1609 756 1869 827 τοιαύτην

278 846 520 915 εμφασιν
553 846 871 911 πεπτωκὸς,
905 846 1257 915 πεπλάνηκεν
1277 847 1438 918 ἡμῶν
1466 847 1574 901 ἀπὸ
1599 847 1693 900 τοῦ
1730 866 1868 919 προ-

278 938 540 1008 κειμένου
600 939 702 1009 τὴν
766 937 1016 1010 γνώμην.
1076 942 1170 993 Δεῖ
1225 939 1281 993 δὲ
1342 940 1435 994 τὸν
1494 938 1870 1012 οίκτιζόμενον

276 1032 490 1100 ἀφέντα
548 1031 676 1096 τοὺς
730 1032 1084 1103 ἀστεϊσμοὺς,
1124 1031 1187 1085 τὸ
1219 1033 1455 1102 πρᾶγμα
1497 1033 1784 1103 σημαίνειν
1827 1024 1872 1101 ᾦ

276 1126 560 1180 οἰκείωται
605 1124 669 1178 τὸ
722 1124 917 1189 πάθος,
964 1127 1011 1178 εί
1066 1125 1319 1195 μέλλοι⁷⁷
1362 1124 1531 1197 μὴτῇ
1572 1126 1715 1192 λέξει
1757 1124 1883 1180 διαέ

279 1220 535 1285 κοσμεῖν,
568 1216 709 1271 ἀλλὰ
735 1216 815 1287 τῷ
845 1217 945 1282 τῆς
970 1218 1255 1288 συμφορᾶς
1279 1216 1439 1288 αἰτίῳ
1466 1216 1872 1289 προσεδρεύειν.

292 1309 439 1365 Ἀλλ’
464 1308 555 1378 ἐφ’
587 1308 778 1380 ἕτερον
820 1308 980 1364 ίτὲον.

348 1400 740 1470 Ἀλέξανδρε,
772 1400 872 1454 καί
901 1400 947 1431 ⁷⁸
977 1399 1086 1453 τὸν
1112 1398 1578 1469 Ἐπαμινώνδαν
1600 1398 1875 1469 νόμισον,

280 1491 516 1560 ὁρῶντα
555 1491 629 1545 τὰ
653 1491 919 1559 λείψανα
946 1489 1056 1557 τῆς
1100 1492 1352 1555 πόλεως,
1394 1489 1667 1557 παρόντα
1709 1506 1803 1557 μοι
1830 1488 1876 1520 ⁷³

279 1583 724 1639 συνικετεύειν.
743 1582 879 1652 Αῐτη
889 1600 965 1651 μα
988 1581 1088 1652 μὲν
1109 1581 1473 1652 μειρακιῶδες
1492 1581 1583 1633 καὶ
1598 1578 1879 1651 μεταφορὰ

283 1680 522 1751 σκληρὰ,
573 1679 636 1734 τδ
685 1680 743 1734 δὲ
795 1679 1123 1752 σκυθρωπὸν
1164 1681 1265 1751 τῆς
1310 1678 1565 1749 πράξεως
1613 1676 1874 1747 ἄρρητον.

1970 485 2108 536 enim
2138 484 2315 539 locum
2359 486 2704 553 clamantem,
2743 499 2950 544 mutum
2977 491 3259 547 calamitas
3294 494 3555 549 reddidit.

1970 574 2211 630 Rursum
2242 578 2310 632 de
2342 576 2657 648 Olynthiis:
2702 580 2832 636 Veni
2856 599 2921 637 ex
2940 584 3067 638 urbe
3098 583 3443 654 Myriandro,
3475 604 3560 643 re-

1969 684 2145 722 versus
2187 686 2292 723 non
2325 670 2557 742 amplius
2604 671 2751 728 vidi:
2786 676 2988 744 quaeris
3026 678 3327 747 quidnam?
3380 678 3558 749 Ipsum

1970 761 2117 815 enim
2160 761 2367 817 dictum
2398 766 2706 834 emphasim
2756 768 3062 836 requirens,
3104 771 3158 824 in
3185 786 3427 826 errorem
3458 790 3561 827 no-

1970 863 2143 907 strum
2181 852 2452 923 judicium
2506 856 2683 911 duxit.
2728 856 2889 913 Decet
2923 860 3067 915 enim
3107 860 3453 917 miserantem
3493 864 3563 918 ab

1975 934 2238 1001 asteismo
2281 948 2577 1013 abstinere,
2635 965 2750 1006 rem
2798 951 3087 1020 designare
3120 969 3242 1021 quae
3287 954 3562 1010 aﬂ‘ectionl

1973 1043 2193 1113 prapria
2239 1050 2345 1109 est,
2397 1044 2442 1097 si
2495 1042 2736 1099 dictione
2776 1052 3073 1098 ornaturus
3129 1045 3222 1110 sit,
3268 1047 3362 1101 sed
3418 1047 3566 1101 cala-

1977 1134 2187 1190 mitatis
2242 1149 2425 1190 causa:
2465 1134 2793 1190 serviturus.
2839 1132 2943 1191 Sed
2994 1134 3067 1193 ad
3102 1135 3208 1190 alia
3258 1137 3561 1206 proceden-

1980 1225 2133 1280 dum.

2051 1402 2095 1457 0
2128 1403 2449 1472 Alexander,
2491 1403 2916 1473 Epaminondam
2956 1406 3210 1461 existima
3268 1408 3563 1476 conspectis

1980 1497 2124 1550 urbis
2169 1496 2430 1566 reliquiis,
2478 1510 2787 1567 praesentem
2850 1516 2953 1553 non
2986 1502 3339 1569 comprecari.
3388 1504 3566 1555 Accu-

1983 1590 2122 1644 satio
2148 1590 2370 1658 quidem
2397 1590 2682 1660 juvenilis,
2714 1602 2770 1647 et
2797 1592 2993 1665 “ab
3028 1593 3166 1648 dura
3198 1594 3484 1649 translatio
3514 1604 3569 1649 et

1986 1683 2157 1739 tristis
2182 1683 2417 1739 actionis
2445 1693 2701 1754 aspectus
2727 1685 2837 1741 diei
2869 1701 2976 1739 non
2999 1696 3200 1755 potest.
3234 1686 3393 1740 Aliud
3423 1704 3435 1740 :
3471 1685 3571 1741 Re-

286 1776 453 1829 Ἀλλο
490 1793 506 1808 ·
556 1774 857 1844 Βασιλικῇ
886 1775 1076 1844 μανίᾳ
1107 1773 1238 1847 [725
1293 1773 1362 1845 Η]
1406 1773 1879 1843 προσπταίσασα

1988 1778 2071 1848 gia
2117 1777 2328 1831 insania
2372 1776 2499 1831 urbe
2543 1794 2745 1843 eversa,
2800 1778 3163 1833 miserandum
3198 1781 3365 1849 magis
3410 1797 3568 1850 quam

283 1870 463 1936 πόλις
500 1867 834 1938 τραγῳδίας
880 1866 1253 1935 ἐλεεινοτέρα
1304 1867 1535 1937 γέγονε.
1582 1866 1728 1936 Πρὸς
1770 1866 1880 1919 πᾶν

289 1962 495 2032 μᾶλλον
526 1962 560 2031 ἦ
593 1961 655 2014 τὸ
688 1959 935 2030 καθῆκον
967 1964 1197 2031 σοφιστῇ
1228 1960 1564 2031 ἡτοιμάσθαι
1605 1959 1877 2029 φαίνεται,

287 2054 414 2107 ὅθεν
445 2054 492 2086 ⁸ο
526 2054 586 2106 οὐ
619 2052 744 2106 λίαν
790 2052 1021 2106 ἅπτεται
1072 2051 1165 2105 τοῦ
1202 2051 1573 2125 προκειμένου
1594 2068 1606 2081 ·
1644 2049 1882 2121 χαλεπὸν

294 2145 407 2214 γὰρ
433 2138 579 2213 οἶμαι
605 2141 864 2215 χαλεποῖς
886 2141 1207 2213 πράγμασιν
1236 2141 1581 2213 μωκωμὲνην
1602 2140 1881 2195 διάλεκτον

304 2234 614 2304 ὲφορᾶσθαι.
666 2232 870 2287 Ἀλλο’
911 2234 972 2287 Τί
1014 2232 1111 2286 δεῖ
1150 2232 1354 2303 λέγειν
1394 2231 1744 2295 Ὀλυνθίους
1782 2228 1883 2284 καὶ

301 2329 611 2397 Θηϐαίους,
646 2323 745 2383 οἶα
776 2326 932 2381 κατὰ
969 2326 1186 2390 πόλεις
1215 2324 1629 2389 ἀποθανόντες
1660 2324 1883 2377 πεπόν-

292 2422 498 2481 ducar;
521 2419 743 2488 Ἕτερον
759 2415 1143 2486 παραπλήσιον
1170 2413 1459 2476 κολακείας
1485 2413 1586 2465 οὐκ
1616 2411 1863 2481 εὐσχήμο

290 2529 382 2574 νος
436 2512 530 2564 καὶ
584 2509 843 2580 εὐηθείας
875 2507 1171 2579 ἐχόμενον·
1225 2506 1474 2574 Ὅμοιον
1522 2503 1878 2569 πεποίηκας,

300 2603 687 2672 Ἀλέξανδρε,
714 2600 912 2667 Θήϐας
941 2597 1363 2666 κατασκάψας,
1387 2598 1468 2662 ὡς
1496 2594 1572 2650 ἂν
1588 2596 1640 2649 ει
1663 2598 1696 2650 ὀ
1725 2595 1875 2661 Ζεὺς

285 2698 356 2751 ἐκ
399 2696 515 2764 τῆς
552 2697 679 2750 κατ’
706 2693 970 2763 οὐρανὸν
992 2691 1239 2763 μερίδος
1269 2691 1514 2743 ἐκϐάλοι
1549 2689 1667 2757 τὴν
1696 2688 1883 2756 σελή-

286 2806 426 2855 νην.
463 2787 900 2856 ’Υπολείπομαι
926 2786 1035 2855 γὰρ
1073 2782 1182 2838 τὸν
1212 2783 1390 2851 ἥλιον
1417 2781 1547 2847 ταῖς
1580 2781 1879 2848 Ἀθήναις.

289 2883 405 2935 Δύο
438 2880 551 2950 γὰρ
588 2874 763 2934 αὗται
792 2879 1001 2942 πόλεις
1030 2875 1139 2944 τῆς
1176 2873 1470 2940 Ἑλλάδος
1501 2870 1664 2944 ἦσαν
1689 2875 1881 2942 ὄψεις.

287 2971 387 3026 Διὸ
417 2972 465 3002 ⁸¹
497 2969 754 3038 καὶπερὶ
786 2968 899 3036 τῆς
937 2968 1143 3035 ἐτέρας
1172 2965 1404 3037 ἀγωνιῶ
1428 2966 1546 3019 νῦν
1564 2967 1629 3018 θ’.
1675 2966 1737 3018 '0
1767 2964 1885 3035 μὲν

1985 1870 2247 1940 tragcedia
2288 1870 2651 1939 spectaculum
2701 1870 2885 1925 dedit:
2938 1872 3003 1925 ad
3062 1872 3297 1942 quodvis
3364 1874 3567 1941 potius,

1982 1976 2149 2031 quam
2180 1961 2419 2017 rhetoris
2469 1977 2673 2017 munus
2720 1970 2907 2033 aptum
2947 1963 3185 2029 videtur,
3235 1964 3377 2017 nihil
3414 1964 3571 2018 valde

1981 2055 2047 2108 ad
2084 2070 2198 2109 rem
2229 2053 2510 2124 pertinens
2541 2055 2778 2127 attingit.
2817 2052 3040 2111 Dillicile
3078 2055 3223 2110 enim
3256 2065 3390 2125 puto
3420 2055 3565 2110 ditii-

1983 2144 2203 2200 cillimis
2231 2146 2396 2202 rebus
2434 2146 2729 2202 ridiculum
2762 2146 3179 2203 accommodare
3236 2162 3566 2202 sermonem.

1986 2237 2191 2291 Aliud:
2242 2236 2385 2303 Quid
2450 2239 2642 2293 attinet
2702 2254 3115 2293 commemorare
3182 2238 3464 2310 Olynthios
3518 2249 3571 2293 et

1987 2328 2283 2393 Thebanos,
2315 2345 2435 2399 qua
2454 2345 2548 2398 per
2572 2329 2816 2401 singulas
2843 2330 2997 2385 urbes
3022 2331 3306 2385 morientes
3337 2331 3570 2400 perpessi

1983 2431 2104 2472 sunt
2127 2421 2152 2473 Ρ
2172 2419 2333 2474 Aliud
2361 2422 2540 2475 simile
2563 2420 2899 2476 adulationis
2928 2436 3037 2476 non
3062 2422 3327 2490 pulchrae,
3358 2433 3412 2476 et
3437 2422 3573 2475 sini-

1983 2512 2279 2583 plicitatem
2316 2512 2525 2567 habens
2558 2531 2571 2565 :
2600 2511 2786 2566 Simile
2824 2514 2975 2583 quid,
3009 2512 3333 2579 Alexander,
3364 2515 3564 2582 fecisti,

1988 2603 2193 2658 Thebas
2250 2622 2371 2658 cum
2411 2606 2689 2669 diruisses,
2719 2622 2782 2659 ac
2811 2607 2859 2659 si
2903 2605 3118 2675 Jupiter
3154 2622 3219 2660 ex
3248 2608 3431 2676 aliqua
3456 2609 3572 2662 cani

1983 2706 2135 2764 parte
2164 2696 2347 2750 lunam
2402 2698 2729 2754 sustulisset.
2770 2698 3032 2768 Relinque
3062 2700 3203 2753 enim
3234 2700 3450 2755 Athenis
3483 2718 3572 2754 so-

1989 2788 2131 2842 lem:
2171 2789 2291 2843 dua:
2326 2789 2466 2843 enim
2492 2790 2574 2843 hac
2613 2791 2853 2859 civitates
2899 2789 3121 2845 ercia:
3150 2801 3270 2845 sunt
3304 2791 3477 2854 ocelli,
3524 2804 3574 2846 et

1986 2876 2093 2929 duo
2121 2877 2183 2929 de
2223 2877 2392 2932 altera
2427 2878 2727 2933 certabant.
2782 2879 2933 2933 Alter
2958 2880 3099 2934 enim
3138 2880 3349 2935 evulsus
3388 2880 3575 2935 oculus

1987 2982 2084 3031 est,
2122 2970 2335 3024 Thebw.
2373 2969 2502 3024 Mihi
2534 2972 2753 3041 quidem
2796 2973 2975 3041 jocari
3026 2973 3271 3041 sophista
3311 2973 3462 3028 hisce
3493 2974 3577 3027 vi-

288 3064 403 3134 τὰρ
447 3060 537 3130 εἷς
571 3062 772 3118 αὐτῶν
813 3062 1126 3131 ὀφθαλμὸς
1173 3060 1213 3127 ἡ
1253 3058 1373 3112 τῶν
1412 3059 1680 3126 Θηϐαίων
1721 3056 1880 3111 ἐκκέ-

1991 3057 2171 3121 detur,
2218 3074 2325 3111 non
2370 3058 2659 3128 deplorare
2706 3060 2859 3115 urbis
2925 3059 3226 3124 fortunam,
3268 3070 3322 3113 et
3368 3058 3577 3125 videre,

289 3176 511 3213 κοπται
536 3157 584 3189 ⁸³
612 3158 809 3221 πόλις.
855 3155 1010 3225 Ἐμοὶ
1043 3154 1144 3225 μὲν
1178 3148 1271 3207 οὖν
1299 3150 1578 3204 σκώπτειν
1600 3151 1628 3203 ὁ
1657 3151 1704 3182 ⁸⁸
1731 3168 1885 3219 σοφι-

291 3252 429 3321 στὴς
455 3251 601 3303 δοκεῖ
638 3249 726 3303 διὰ
756 3248 987 3312 τούτων,
1014 3248 1114 3300 οὐκ
1144 3245 1509 3315 ὀλοφύρεσθαι
1535 3243 1645 3299 τῶν
1677 3244 1888 3298 πόλεων

290 3342 391 3412 τὴν
422 3342 616 3412 τύχην,
649 3343 745 3395 καὶ
784 3342 1007 3393 σκοπεῖν
1039 3340 1157 3403 πῶς
1186 3339 1253 3393 ἂν
1282 3340 1513 3409 τάχιστα
1554 3336 1887 3406 συγκόψαιτο

288 3435 382 3487 τὸν
422 3434 606 3502 λόγον,
643 3433 705 3486 ού
737 3432 857 3495 πῶς
880 3432 926 3463 ⁸⁸
957 3431 1016 3484 τὸ
1043 3432 1216 3495 πάθος
1253 3431 1361 3484 ὑπὸ
1389 3430 1485 3500 τὴν
1514 3429 1638 3499 ὄψιν
1687 3428 1888 3498 ἀγάγοι

290 3523 379 3576 διὰ
402 3522 506 3591 τῆς
537 3523 852 3591 ἐναργείας.
877 3521 1096 3592 Ἕτερον
1121 3522 1309 3591 ὅμοιον
1334 3538 1349 3554 ο
1385 3522 1456 3575 Al
1487 3519 1555 3573 δὲ
1585 3521 1795 3587 πόλεις
1829 3523 1888 3574 αἱ

292 3618 573 3683 πλησίον
600 3616 850 3669 ἔκλαιον
892 3614 1008 3680 τὴν
1048 3616 1251 3680 πόλιν,
1284 3613 1504 3683 ὁρῶσαι
1533 3612 1649 3679 τὴν
1682 3615 1891 3683 πρότε-

289 3724 411 3775 ρον
438 3701 640 3761 οὖσαν
676 3706 873 3760 οὐκέτ’
904 3703 1122 3761 οὖσαν.
1156 3706 1224 3760 Εἴ
1245 3723 1327 3770 τις
1355 3701 1447 3759 οὖν
1489 3709 1603 3769 τοῖς
1630 3706 1890 3776 Θηϐαίοις

290 3799 391 3851 καὶ
451 3801 570 3860 τοῖς
620 3798 918 3862 Ὀλυνθίοις
969 3797 1102 3868 παρ’
1153 3796 1322 3868 αὐτὴν
1378 3798 1478 3867 τὴν
1527 3797 1729 3851 ἅλωσιν
1786 3798 1886 3861 τὰς

291 3889 586 3959 περιόδους
610 3889 816 3953 ταύτας
848 3889 1247 3960 συναχθόμενος
1273 3890 1320 3920 ⁸⁸
1344 3888 1519 3956 ἔλεγε,
1546 3888 1795 3942 δοκοῦσιν
1824 3889 1891 3943 ἄν

297 3997 387 4048 μοι
432 3981 669 4048 γελάσαι
708 3983 802 4035 τὸν
842 3982 1133 4052 γράψαντα
1172 3981 1266 4035 καὶ
1302 3982 1506 4053 τρόπον
1544 3983 1666 4035 τινὰ
1712 3982 1892 4035 αὐτῶν

293 4073 596 4127 ὑπολαϐεῖν
649 4074 1001 4143 ἀθλιώτερον.
1052 4073 1248 4126 ’Λλλου
1283 4072 1327 4103 ⁸⁷
1368 4072 1561 4141 γένους
1599 4072 1888 4142 ἁψώμεθα,

292 4165 384 4219 τὸν
412 4167 584 4220 αὑτὸν
615 4166 915 4235 ἡγούμενοι
949 4166 1212 4237 σοφιστήν
1235 4180 1250 4194 ·
1296 4163 1506 4217 Δεινὸν
1540 4163 1655 4233 τὴν
1693 4161 1894 4232 χώραν

292 4257 578 4326 ἄσπορον
628 4254 782 4312 εἶναι
842 4259 958 4328 τὴν
998 4257 1143 4324 τοὺς
1198 4256 1509 4325 σπαρτοὺς
1565 4256 1890 4311 τεκοῦσαν.

306 4349 451 4403 Ἀλλ’
474 4351 578 4421 οὐχ
604 4349 779 4414 οὕτως
808 4353 836 4404 ὁ
857 4349 1229 4420 Δημοσθένης,
1252 4342 1313 4403 οὗ
1346 4348 1445 4419 τὴν
1481 4348 1710 4419 γνώμην
1741 4343 1894 4413 οὗτος

1995 3150 2273 3218 quomodo
2297 3150 2625 3206 brevissime
2657 3166 2968 3206 sermonem
3001 3151 3326 3206 abscindat:
3361 3164 3416 3206 et
3437 3167 3578 3219 quo-

1995 3240 2160 3294 modo
2188 3241 2291 3295 sub
2329 3250 2610 3310 aspectum
2663 3241 3033 3296 calamitatem
3068 3242 3234 3295 ducat
3274 3240 3579 3310 perspicui-

1998 3340 2108 3386 tate
2137 3331 2431 3386 sermonis.
2457 3332 2619 3386 Aliud
2652 3332 2783 3401 quid
2817 3332 3036 3387 simile:
3078 3330 3244 3385 Urbes
3269 3332 3455 3386 vicina:
3487 3347 3580 3385 ae-

1994 3424 2193 3493 flebant
2223 3424 2427 3489 urbem,
2460 3440 2576 3494 qua,
2619 3425 2765 3493 prior
2808 3424 3275 3492 [uisset,videntes
3312 3426 3432 3492 jam
3473 3441 3581 3479 non

1994 3529 2124 3568 esse.
2178 3513 2235 3567 Si
2286 3514 2410 3584 quis
2461 3514 2627 3583 igitur
2654 3512 2933 3569 Thebanis
2996 3527 3091 3570 aut
3131 3514 3405 3587 Olynthiis
3477 3516 3581 3570 sub

1995 3605 2169 3675 ipsam
2192 3606 2529 3660 eversionem
2572 3606 2884 3676 hujusmodi
2924 3608 3180 3676 periodos
3208 3609 3465 3662 collectas
3497 3624 3582 3660 re-

1997 3698 2245 3765 citasset,
2301 3699 2619 3754 viderentur
2663 3700 2797 3754 mihi
2838 3700 3163 3770 scriptorem
3214 3700 3474 3762 derisuri,
3526 3710 3582 3753 et

1998 3792 2406 3862 quodammodo
2422 3793 2765 3848 miseriorem
2790 3792 2924 3863 ipsis
2946 3793 3343 3848 existimatores
3385 3790 3578 3847 fuisse.

1998 3885 2159 3940 Aliud
2213 3900 2386 3956 genus
2448 3885 2802 3953 attingemus,
2862 3885 2965 3938 rati
3002 3885 3180 3953 ipsum
3235 3885 3578 3954 s0phistam:

1999 3978 2191 4041 Grave,
2224 3978 2490 4047 regionem
2529 3976 2762 4030 sterilem
2812 3993 2946 4040 esse,
2974 3992 3091 4047 qua:
3139 3987 3287 4031 satos
3337 3977 3573 4029 homines

1999 4072 2199 4143 genuit.
2239 4069 2346 4125 Sed
2386 4085 2493 4123 non
2528 4070 2608 4124 sic
2654 4068 3066 4135 Demosthenes,
3108 4069 3271 4140 cujus
3322 4069 3411 4123 ille
3456 4084 3585 4123 sen-

2002 4165 2229 4219 tentiam
2274 4163 2603 4218 deteriorem
2653 4162 2849 4217 reddit.
2884 4162 3090 4216 Scribit
3121 4162 3267 4216 enim
3344 4162 3583 4215 Atticam

2000 4254 2185 4308 ovium
2234 4251 2346 4307 ﬁeri
2387 4266 2671 4321 pascuum,
2714 4266 2837 4307 esse
2858 4268 3041 4321 grave,
3101 4266 3223 4319 qua:
3252 4251 3428 4321 prima
3462 4263 3591 4305 ante

2002 4346 2138 4400 alias
2164 4348 2395 4401 sativum
2428 4344 2680 4415 producit
2715 4343 2977 4399 fructum.
3001 4344 3090 4398 Ille
3113 4359 3247 4398 vero
3273 4345 3402 4399 dum
3448 4344 3587 4400 dixit

293 4440 394 4493 ἐπὶ
433 4440 502 4493 τὸ
535 4444 717 4512 χεῖρον
747 4441 1017 4511 μετέθηκε
1039 4456 1054 4471 ’
1084 4441 1286 4511 γράφει
1317 4440 1373 4494 δὲ
1397 4440 1568 4493 δεινὸν
1600 4438 1880 4509 μηλόϐοτοκ

2002 4453 2165 4509 grave
2194 4453 2337 4505 esse,
2362 4449 2563 4493 terram
2595 4436 2943 4492 infecundam
2978 4453 3118 4502 esse,
3152 4452 3275 4507 quae
3312 4446 3459 4492 satos
3482 4437 3585 4491 ho-

294 4532 563 4596 γενέσθαι
590 4533 687 4604 τὴν
716 4533 989 4603 Ἀττικὴν,
1009 4535 1043 4604 ἢ
1065 4532 1260 4601 πρώτη
1286 4534 1398 4595 τοῖς
1425 4532 1604 4595 ἄλλοις
1632 4531 1880 4602 ἐξήνεγκε

2002 4532 2176 4586 mines
2203 4530 2541 4601 produxerit,
2566 4546 2597 4585 e
2629 4532 2809 4586 verbis
2831 4531 3129 4602 pugnantia
3166 4532 3353 4596 sumit,
3387 4547 3494 4585 non
3518 4546 3584 4585 ex

295 4624 390 4676 τὸν
414 4625 628 4694 ἥμερον
652 4625 883 4688 καρπόν.
929 4624 987 4678 '0
1016 4625 1072 4678 δὲ
1098 4626 1279 4694 φήσας
1299 4623 1471 4677 δεινὸν
1498 4621 1636 4676 εἶναι
1662 4623 1761 4694 τὴν
1792 4625 1880 4694 γῆξ

2002 4638 2078 4678 re.
2107 4622 2247 4677 llinc
2284 4631 2339 4677 et
2382 4622 2731 4693 {rigiditatem
2778 4638 3051 4677 summam
3077 4622 3337 4679 ostendit.
3386 4624 3587 4688 Quem-

292 4714 547 4786 ἄσπορον
604 4716 859 4784 γενέσθαι
888 4717 934 4749 ”
966 4715 1069 4787 τὴν
1105 4717 1239 4779 τοὺς
1288 4716 1565 4785 σπαρτοὺς
1608 4716 1880 4768 τεκοῦσαν

2000 4714 2295 4769 admodum
2368 4714 2727 4769 Ermesianax
2779 4713 2873 4783 qui
2931 4714 3009 4768 sic
3082 4715 3327 4768 Athenas
3400 4713 3588 4767 lauda-

293 4808 364 4860 ἐκ
385 4807 501 4859 τῶν
530 4808 817 4878 ὀνομάτων
840 4808 938 4880 τὴν
960 4808 1278 4865 ἐναντίωσιν
1312 4808 1559 4879 εῖληφεν,
1594 4808 1695 4862 οὐκ
1719 4810 1783 4861 ἐκ
1802 4808 1880 4862 τοῐ

2000 4811 2079 4863 vit
2126 4826 2141 4863 :
2201 4807 2288 4863 Ea:
2332 4807 2480 4863 Jovis
2528 4810 2667 4863 enim
2701 4810 2873 4877 capite
2924 4819 3209 4880 prognata,
3246 4811 3434 4863 merito
3484 4808 3588 4861 tale

292 4898 653 4968 πράγματος.
700 4900 794 4953 Διὸ
844 4901 938 4955 καὶ
974 4900 1294 4972 ψυχρότητα
1342 4902 1581 4971 ἐσχάτην
1622 4900 1873 4972 ἐμφαίνει

2006 4901 2157 4955 habet
2197 4912 2354 4969 caput
2386 4902 2661 4972 felicitatis
2720 4900 2788 4956 Et
2836 4919 2849 4956 :
2887 4902 3016 4969 Quis
3048 4902 3215 4970 possit
3258 4900 3385 4971 Cyri
3417 4902 3587 4955 dona-

297 4990 465 5064 [1557
499 4992 598 5065 R.]
624 4992 817 5065 ὥσπερ
842 4996 937 5049 καὶ
965 4995 1342 5066 Ἐρμησιάνας
1372 4995 1418 5026 ⁸⁸
1449 4996 1478 5047 ὀ
1518 4994 1620 5064 τὴν
1664 4994 1880 5062 ’Λθῆναε

2010 4993 2204 5046 tionem
2238 4993 2446 5063 ἄκυρον
2471 4992 2704 5062 (nomini
2729 4992 2848 5061 ejus
2886 5007 2994 5045 non
3023 4991 3469 5060 respondentem)
3498 4989 3588 5057 fa-

294 5088 664 5157 ἑγκωμιάσας
697 5087 894 5153 οὕτως,
921 5088 1029 5143 Ἐκ
1048 5089 1159 5157 γὰρ
1179 5085 1347 5155 τῆς⁹⁰
1374 5088 1482 5141 τοῦ
1498 5088 1634 5153 Διὸς
1660 5105 1873 5158 γεγενη

2011 5084 2263 5139 cere?Et
2307 5085 2484 5140 simile
2526 5084 2663 5139 hoc:
2700 5082 2829 5139 Haec
2872 5084 2956 5137 via
2987 5084 3247 5153 quomodo
3289 5082 3432 5135 invia
3481 5088 3582 5141 est,

288 5179 449 5247 μένη
476 5179 756 5250 κεφαλῆς
779 5182 1019 5247 εἰκότως
1043 5179 1168 5249 ἔχει
1203 5178 1312 5247 τῆς
1353 5178 1738 5248 εὐδαιμονίας
1761 5179 1826 5232 τὸ
1854 5180 1875 5210 ⁸

2008 5177 2094 5229 via
2142 5175 2467 5246 adjacente?
2507 5172 2661 5229 Talia
2697 5175 2883 5229 omnia
2934 5173 3137 5244 (inquit
3169 5167 3585 5244 Agatarcbides)

1612 5312 1850 5369 VARUS
1893 5308 2189 5368 LECTION
2200 5308 2306 5366 ES.

368 5460 413 5494 "
439 5456 730 5528 ἐνεργείας
767 5471 884 5528 mg.
929 5457 979 5490 "
1016 5457 1246 5528 ἐζήτουν
1268 5456 1331 5528 Α..
1408 5455 1669 5528 Ἀτᾴμὲλλοι
1697 5455 1743 5528 _A
1778 5468 1794 5528 ι
1821 5453 2017 5528 μέλλον
2050 5470 2111 5528 ς.
2177 5451 2234 5528 ’⁷⁸
2266 5450 2361 5528 καὶ
2392 5450 2517 5528 add.
2697 5450 2741 5483 τ’
2772 5466 2870 5528 μοι
3014 5447 3182 5528 μὴμς.
3261 5446 3306 5479 ⁸⁸
3334 5445 3584 5528 φαίνεται

295 5529 417 5583 ὅθεν
445 5530 493 5585 Α
522 5517 546 5583 ε’
574 5517 747 5598 φάναι
781 5517 933 5580 οὐδὲν
972 5517 1070 5598 ς(
1103 5517 1151 5559 ’δι
1184 5526 1339 5598 διὺᾲΒ
1365 5542 1383 5584 :
1416 5517 1510 5598 δύο
1539 5544 1600 5590 ς.
1689 5526 1738 5598 ξδ’
1774 5517 1998 5598 ἀγωνιῶ
2028 5523 2269 5598 νῦν-,χι
2293 5521 2541 5598 ἁγωνιῷν
2568 5518 2637 5598 ᾖν
2669 5537 2729 5598 ς.
2826 5520 2871 5552 ⁸³
2902 5517 3437 5598 ’ἐκκεκέλαπταιᾉκ
3479 5517 3524 5550 ⁸⁵
3554 5520 3585 5571 ὁ

297 5601 341 5653 Α
366 5619 378 5631 ·
410 5583 511 5655 κᾶτ.
539 5583 664 5663 ὁ’ς.
746 5598 795 5629 ⁸⁵
826 5600 888 5669 οὐ
917 5583 1055 5669 πώς]
1093 5596 1337 5669 ὅπως
1375 5583 1379 5584 ί
1436 5596 1482 5628 ⁸⁸
1511 5583 1917 5669 συναχθομὲνας
1950 5599 2016 5648 A.
2188 5583 2353 5669 6i};in
2378 5622 2446 5634 —-
2465 5583 2737 5669 exprimebat
2769 5589 2808 5643 Β
2832 5630 2851 5669 ,
2890 5588 3004 5669 ἀλλ’
3033 5583 3105 5669 οὗ
3128 5620 3171 5629 ν
3191 5588 3483 5669 ηὰψόμεθα
3513 5605 3579 5669 ς.

295 5671 341 5703 ⁸⁸
367 5657 634 5741 γενέσθαι
679 5683 795 5722 om.
827 5667 893 5722 Β.
941 5657 1234 5741 σπαρτους
1256 5666 1296 5741 Β
1335 5676 1389 5721 et
1416 5681 1561 5741 corr.
1594 5657 1687 5741 A_':'_
1714 5657 1962 5741 καρποὺς
1987 5682 2046 5731 ς.
2123 5664 2171 5698 ⁸9
2212 5657 2609 5735 Ἑρμησιάναξὶ
2640 5661 2909 5741 ὲρμησίας
2934 5662 2959 5713 ὁ
2987 5657 3170 5724 νάξιος
3191 5657 3231 5711 Β
3254 5671 3306 5715 et
3338 5675 3482 5715 corr.
3510 5662 3578 5714 Α.

290 5744 319 5794 ὀ
357 5736 468 5799 om.
497 5747 567 5797 Α.
648 5741 699 5773 ’⁸
725 5741 829 5811 τῆς
865 5755 975 5795 om.
1008 5736 1072 5795 A.
1147 5740 1190 5773 ³³
1226 5738 1285 5791 το
1318 5747 1441 5809 post
1468 5739 1559 5792 καί
1584 5736 1709 5793 add.
1749 5737 1818 5792 A.
