3944 6242
316 272 386 335 21
1473 277 1737 338 PIIOTII
1772 278 2277 339 PATBIARCIIxE
2312 270 2422 339 (3P.
3512 265 3585 330 28

317 400 449 449 sunt
485 394 554 447 ab
593 407 692 446 usu
739 402 972 448 remota.
1011 393 1119 449 Sed
1158 394 1204 450 si
1255 395 1321 451 ad
1353 398 1895 455 commiserationem

2024 397 2360 466 ιαεράλαιον.
2398 414 2417 440 ι
2465 393 2721 447 Τοιοῦτον
2774 391 2870 444 καὶ
2903 391 2965 445 τὸ
3007 391 3103 457 Τίς
3150 388 3202 442 δ’
3241 388 3317 443 ἂν
3338 386 3586 441 δύναιτο

322 487 643 541 movendam
674 485 875 558 M'ja
911 486 1077 550 dicta,
1116 504 1222 541 non
1259 492 1449 558 procul
1483 507 1513 545 a
1556 493 1754 548 decoro
1803 495 1901 548 ab-

2024 488 2255 558 τοιῆσαι
2279 489 2391 555 τήν
2417 489 2462 520 ⁹¹
2484 487 2683 555 Κύρου
2701 484 2879 539 δόσιν
2906 484 3153 552 anuper;
3177 484 3271 535 καὶ
3300 482 3418 535 τόδε
3448 480 3505 532 δὲ
3531 480 3577 511 ⁸³

321 588 470 633 sunt.
508 578 603 633 Sin
642 583 707 633 de
735 580 880 632 omni
908 580 1026 632 idea
1056 580 1276 652 accipit,
1304 582 1574 650 judicium
1612 602 1720 640 non
1758 597 1904 643 recte

2024 584 2219 652 ἱμοιονο
2276 583 2463 647 Τόπος
2498 580 2567 633 δὲ
2609 579 2732 645 πῶς
2777 576 2991 648 γένοιτ’
3031 576 3108 631 ἂν
3139 576 3358 641 ἄϐατος
3388 572 3589 637 βάτου

325 672 469 733 tulit,
500 673 606 726 nisi
647 673 789 740 quod
821 683 1021 741 praeter
1045 674 1191 729 dicta
1226 676 1276 730 id
1306 694 1478 747 genus
1511 679 1615 733 alia
1669 681 1904 749 plurima

2024 672 2456 743 τερικειμένους
2514 673 2722 734 Πάντα,
2783 670 2948 741 φησὶν
2986 670 3014 722 ὁ
3060 667 3591 738 Ἀγαθαρχίδηςρτὰ

324 768 589 835 congerit.
626 766 891 821 Similiter
918 769 1247 823 criminatur
1276 780 1332 825 et
1357 771 1495 837 haec,
1532 773 1733 827 veluti:
1777 775 1908 828 The-

327 858 450 910 bani
482 860 531 910 in
558 857 692 910 bello
722 856 1067 913 Macedonico
1091 861 1371 931 plusquam
1412 862 1559 917 mille
1584 874 1905 918 straverunt.

2005 767 2228 821 τοιαῦτα
2263 767 2503 835 ἀδόκιμα
2524 781 2536 795 ·
2570 763 2686 817 ἀλλ’
2719 764 2768 816 εἰ
2814 763 2913 832 μὲν
2957 761 3092 833 πρὸς
3124 760 3515 827 ὲλεεινολογεαν
3544 760 3589 792 ⁸⁸

2006 858 2181 924 λέγοι,
2213 858 2380 924 ὲγγὺς
2405 856 2500 908 τοῦ
2536 855 2841 925 πρέποντος
2876 853 3116 919 ἵσταται,
3149 854 3198 905 εἰ
3229 852 3287 905 δὲ
3317 853 3451 924 πρὸς
3484 855 3592 906 πᾶ·

326 949 558 1003 Pulebra
606 965 740 1004 sane
789 952 1183 1008 demonstratio
1227 973 1239 1008 :
1278 964 1357 1009 tot
1395 956 1646 1011 homines
1713 967 1909 1027 przetcr

328 1030 595 1095 rationem
630 1043 795 1097 occisi
845 1054 993 1098 sunt.
1041 1045 1105 1099 Et
1136 1048 1368 1102 iterum:
1402 1046 1540 1102 Urbe
1567 1049 1761 1114 deleta,
1807 1052 1908 1103 viri

326 1129 538 1196 quidem
586 1130 826 1197 filiorum
878 1133 1213 1189 calamitates
1265 1140 1618 1204 spectabant:
1664 1141 1909 1195 mulieres

327 1232 504 1273 autem
525 1222 581 1273 in
613 1222 981 1280 Macedoniam
1008 1228 1290 1284 translata:
1343 1244 1487 1295 sunt,
1520 1233 1702 1287 urbem
1729 1235 1910 1304 aliqua

330 1314 487 1366 modo
518 1315 843 1383 sepelientes.
878 1318 1039 1373 Aliud
1072 1322 1248 1377 simile
1277 1341 1289 1377 :
1333 1322 1533 1379 Turma
1562 1325 1911 1382 Macedonum

331 1422 450 1460 vero
481 1408 690 1462 irruens
724 1412 887 1463 armis
920 1412 1065 1467 intra
1096 1431 1298 1480 muros,
1330 1417 1511 1470 urbem
1544 1421 1801 1475 vastavit:
1838 1423 1913 1479 ibi

334 1495 546 1565 quidem
591 1497 739 1551 urbis
790 1501 1115 1569 sepulcrum,
1160 1505 1244 1557 hic
1266 1522 1383 1559 vero
1427 1524 1591 1562 mors.
1642 1509 1910 1565 Caeterum

334 1599 550 1656 oportet
599 1590 808 1647 funeris
852 1595 1142 1650 elationem
1186 1609 1474 1668 ponentes,
1523 1601 1916 1671 epigrammate

334 1682 437 1735 uti.
476 1680 541 1734 Et
572 1683 780 1753 integra
812 1702 900 1740 res
936 1696 1040 1754 est,
1070 1690 1171 1743 nisi
1198 1691 1342 1759 quod
1371 1692 1536 1761 hujus
1564 1691 1913 1760 festivitatis,

336 1789 405 1828 ne
436 1776 623 1830 dicens
675 1778 904 1833 insania:
950 1782 1203 1836 acerbior
1252 1784 1457 1849 videar,
1513 1788 1915 1851 enarravimus,

335 1868 595 1936 inquiunt
636 1871 894 1938 plurima.
933 1871 1236 1929 introducit
1266 1891 1393 1931 vero
1443 1892 1566 1932 cum
1604 1878 1915 1948 perspicui-

339 1971 446 2013 tate
486 1970 540 2015 et
596 1972 793 2017 ornatu
843 1964 935 2033 qui
985 1965 1213 2020 debetur
1259 1967 1515 2031 orationi,
1571 1970 1771 2024 similia
1802 1972 1921 2026 elo-

338 2063 588 2120 quentes.
637 2053 967 2109 Stratoclem
1009 2058 1230 2126 quidem
1285 2059 1397 2113 sic:
1455 2065 1659 2115 Aratur
1698 2062 1816 2131 jam
1867 2074 1920 2117 et

336 2147 535 2198 seritur
581 2144 946 2203 Thebanorum
988 2150 1197 2216 civitas,
1248 2154 1340 2222 qni
1398 2155 1671 2208 nobiscum
1732 2167 1922 2211 contra

338 2237 646 2307 Philippum
666 2257 820 2294 arma
838 2254 1174 2311 sumpserunt
1191 2260 1208 2297 :
1226 2246 1474 2313 -δίιιιιιί,
1488 2248 1708 2317 (inquit)
1737 2267 1921 2304 casum

337 2333 484 2386 urbis
528 2334 799 2388 evidenter
830 2337 1099 2404 exposuit,
1129 2347 1179 2391 et
1218 2339 1514 2407 infelicium
1555 2344 1808 2398 amicitia:
1836 2361 1921 2398 re-

338 2423 590 2477 cordatus
630 2435 729 2479 est.
792 2425 1000 2480 Durum
1054 2431 1192 2483 enim
1260 2434 1630 2490 benevolentia:
1705 2438 1922 2507 apposi-

341 2526 477 2579 tum,
526 2518 779 2586 majorem
816 2520 948 2574 solet
981 2524 1495 2579 commiserationem
1530 2544 1751 2583 movere.
1794 2530 1926 2587 Post

339 2609 665 2665 Stratoclcm
742 2613 996 2669 similiter
1062 2613 1383 2671 IEschinem
1464 2621 1674 2676 inducit
1736 2623 1925 2677 dicen-

334 2710 483 2755 tem:
543 2700 678 2757 Urbs
702 2706 1029 2759 contermina
1076 2723 1103 2760 e
1147 2708 1323 2763 media
1369 2708 1578 2765 ercia
1615 2712 1791 2767 deleta
1820 2728 1918 2780 est,

337 2795 538 2865 inquit,
607 2798 945 2852 celeritatem
1007 2800 1204 2855 excidii
1291 2805 1608 2873 metaphora
1712 2808 1925 2877 signiti-

337 2904 492 2945 cans.
544 2888 856 2945 Periculum
906 2907 1037 2948 vero
1099 2893 1342 2949 inferens
1372 2912 1437 2950 ex
1478 2897 1604 2965 hoc,
1644 2902 1790 2968 quod
1836 2916 1925 2957 os-

338 2984 514 3038 tendit
557 2984 666 3054 pati
700 3000 826 3039 eum
868 2986 961 3055 qui
1002 2987 1268 3059 ﬁnitimus
1321 2997 1423 3042 est.
1464 2989 1571 3043 Sed
1634 3000 1691 3046 et
1728 2992 1924 3049 Demo-

2011 965 2108 1000 σαν
2141 948 2284 1000 ἰδέαν
2312 947 2495 1009 λόγου,
2518 950 2617 1000 οὐκ
2638 946 2814 1016 ὀρθῶς
2843 949 2911 1017 τῇ
2941 945 3120 1015 κρίσει
3155 944 3409 997 ἐπέϐαλε.
3444 944 3592 1013 Πλὴν

2011 1040 2336 1109 προστίθησι
2366 1041 2460 1093 καὶ
2483 1040 2646 1111 ἕτερα
2673 1039 2781 1093 τῶν
2813 1040 3119 1110 εἰρημένων
3147 1038 3330 1105 ὃμοια,
3363 1037 3469 1089 ὑπὸ
3494 1037 3594 1106 τὴν

2011 1132 2182 1206 αὐτὴν
2220 1136 2313 1187 καὶ
2346 1132 2518 1187 ταῦτα
2565 1136 2747 1205 φέρων
2794 1131 3073 1202 διαϐολὴν,
3106 1128 3218 1184 οἷον
3249 1129 3487 1197 Θηϐαῖοι
3524 1131 3598 1183 ἑν

2012 1225 2087 1294 τῇ
2122 1225 2288 1296 μάχῃ
2334 1226 2406 1295 τῇ
2437 1227 2587 1294 πρὸς
2616 1224 2971 1291 Μακεδόνας
2995 1223 3150 1292 ὑπὲρ
3173 1222 3316 1290 τοὺς
3338 1222 3597 1293 μυρίους

2013 1319 2461 1389 ἀνετράπησαν.
2481 1316 2552 1373 Ὦ
2577 1320 2749 1390 καλῆς
2768 1320 3058 1389 ἐμφάσεως
3078 1320 3089 1372 l
3116 1318 3209 1371 ἄνθ
3218 1333 3394 1389 ρωποι
3410 1317 3599 1370 τοσοῦ-

2014 1430 2096 1467 τοι
2126 1412 2451 1482 παραλόγως
2471 1412 2966 1482 ἀθατετραμμένοι.
3006 1411 3113 1462 Καὶ
3136 1409 3319 1475 πάλιν,
3348 1408 3459 1475 Τῆς
3482 1408 3600 1475 μὲν

2016 1504 2250 1569 πόλεως
2296 1503 2794 1571 κατασκαφείσης
2850 1504 2902 1553 ol
2938 1500 3057 1568 μὲν
3110 1497 3325 1564 ἄνδρες
3368 1495 3601 1552 παίδων

2016 1597 2332 1667 συμφορὰς
2356 1596 2789 1666 ὑπομένουσιν,
2823 1596 2881 1647 al
2908 1592 2977 1645 δὲ
3000 1591 3281 1663 γυναῖκες
3304 1591 3601 1659 μετήχθη-

2017 1706 2139 1745 σαν
2198 1694 2284 1757 εἰς
2330 1690 2726 1757 Μακεδονίαν,
2771 1687 2887 1753 τὴν
2930 1688 3114 1740 πόλιν
3157 1684 3430 1751 θάψασαί
3466 1700 3603 1735 τινα

2020 1783 2263 1851 τρόπον.
2294 1784 2519 1853 Ἕτερον
2556 1778 2840 1849 ὃμοιον.ᾘ
2878 1779 2947 1832 δὲ
2983 1776 3223 1847 φάλαγξ
3260 1774 3378 1829 τῶν
3400 1780 3600 1830 Μακε-

2019 1874 2213 1928 δόνων
2253 1874 2687 1943 είσϐιασαμένη
2738 1873 2862 1939 τοῖς
2891 1872 3100 1937 ὅπλοις
3152 1870 3323 1936 ἐντὸς
3362 1869 3602 1938 τείχους

2019 1967 2137 2037 τὴν
2157 1968 2338 2021 πόλιν
2366 1968 2719 2021 ἀπέκτεινεν
2741 1967 2809 2019 ⁸⁸.
2828 1963 2982 2018 Ἐκεῖ
2997 1963 3112 2032 μὲν
3151 1962 3310 2031 ταφὴ
3347 1963 3602 2027 πόλεως,

2021 2060 2280 2115 ἐνταῦθα
2301 2059 2367 2112 δὲ
2393 2058 2667 2124 θάνατος.
2688 2059 2884 2112 Λοιπὸν
2904 2056 3142 2126 ἐκφορὰν
3158 2054 3238 2107 δεῖ
3269 2053 3604 2123 προσθέντας

2026 2152 2413 2223 ἐπιγράμματι
2455 2150 2782 2222 χρήσασθαι,
2841 2149 2940 2203 καὶ
2994 2145 3263 2213 παντελὴς
3304 2147 3338 2216 ἡ
3382 2147 3604 2218 πρᾶξις.

2024 2243 2170 2314 Πλὴν
2204 2243 2302 2312 τῆς
2344 2242 2471 2315 [726
2498 2241 2588 2315 Η.]
2634 2243 2733 2313 μὲν
2775 2242 2966 2296 τούτου
3011 2240 3375 2309 κομψότητος,
3406 2239 3494 2292 ἵνα
3529 2238 3607 2309 μὴ

2025 2335 2223 2407 μανίας
2263 2336 2433 2389 εἰπὼν
2476 2336 2801 2407 πικρότερος
2837 2335 3012 2404 φανῶ,
3046 2333 3463 2405 διεληλύθαμεν,
3503 2348 3609 2402 φη-

2026 2432 2163 2496 σ¹ι¹⁹⁸,
2188 2429 2258 2483 τὰ
2286 2430 2534 2483 πλεῖστα.
2562 2430 2787 2497 Εἰσὰγει
2817 2428 2875 2481 δὲ
2904 2427 3043 2499 μετὰ
3067 2427 3365 2498 σαφηνείας
3392 2424 3487 2478 καὶ
3507 2423 3612 2493 τῆς

2025 2522 2344 2594 πρεπούσης
2357 2522 2502 2593 λόγῳ
2519 2523 2878 2593 κοσμιότητος
2891 2523 2971 2584 εἰς
2989 2522 3079 2575 τὸν
3095 2521 3279 2590 ὅμοιον
3296 2517 3547 2581 εἰπόντας
3561 2516 3611 2548 ’⁸

2022 2619 2187 2670 τόπον
2208 2615 2548 2687 Στρατοκλέα
2568 2616 2665 2685 μὲν
2681 2612 3153 2684 οὖτως.Ἀροῦται
3182 2611 3281 2665 καὶ
3304 2610 3613 2679 σπείρεται

2022 2709 2089 2763 τὸ
2119 2709 2386 2777 Θηϐαίων
2408 2707 2585 2770 ἄστυ,
2605 2707 2725 2760 τῶν
2738 2704 3325 2775 συναγωνισαμένων
3342 2701 3485 2772 ὑμῖν
3503 2701 3613 2754 τὸν

2025 2800 2175 2868 πρὸς
2192 2801 2494 2855 Φίλιππον
2515 2801 2803 2869 πόλεμον.
2828 2798 2997 2868 Ἅμα,
3021 2797 3176 2869 φησὶ,
3194 2796 3260 2850 τὸ
3284 2794 3476 2859 πάθος
3500 2792 3615 2861 τῆς

2025 2883 2257 2958 πόλεως
2288 2892 2568 2961 εὐσήμως
2591 2890 2870 2958 ἐξέθηκε,
2893 2890 2992 2944 καὶ
3018 2889 3129 2958 τῆς
3157 2886 3276 2941 τῶν
3307 2885 3614 2955 ἠτυχηκόο

2025 3003 2143 3039 των
2199 2986 2404 3055 φιλίας
2448 2984 2844 3054 ὺπεμνήσθη”
2884 2983 2952 3036 τὸ
3000 2981 3203 3036 δεινὸν
3241 2980 3353 3049 γὰρ
3407 2980 3617 3045 εὐνοίᾳ

338 3072 588 3136 sthenes,
643 3073 841 3142 inquit,
891 3074 1231 3129 transferens
1266 3092 1574 3133 sermonem
1628 3095 1811 3145 suum,
1868 3083 1919 3137 in

2028 3078 2354 3132 κατατεθὲν
2407 3076 2902 3145 ἐμϐριθεστέρους
2949 3075 3118 3129 εἴωθε
3173 3073 3319 3141 τοὺς
3374 3073 3619 3137 οἴκτους

336 3166 710 3221 Alexandrum
766 3167 847 3223 sic
881 3169 1158 3223 ostendit:
1198 3167 1388 3225 Urbem
1429 3171 1671 3239 funditus
1712 3178 1919 3243 evertit,

335 3275 488 3318 utne
533 3265 762 3319 cinerem
816 3266 1023 3335 quidem
1079 3265 1332 3320 domuum
1358 3268 1649 3336 reliquerit.
1703 3269 1920 3326 Liberos

336 3373 456 3410 vero
485 3366 535 3409 et
566 3372 759 3411 uxores
792 3359 984 3409 ducum
1019 3355 1239 3412 Grazciaz
1276 3376 1369 3428 per
1424 3361 1769 3415 tabernacula
1797 3364 1922 3416 bar-

338 3448 589 3502 barorum
613 3449 908 3504 distribuit.
936 3451 1153 3504 Acriter
1191 3460 1245 3504 et
1295 3452 1443 3506 clare
1503 3461 1556 3506 et
1594 3454 1831 3508 breviter
1855 3455 1923 3509 de

339 3540 573 3610 singulis
618 3541 902 3610 speciebus
954 3556 1087 3595 usus
1139 3556 1388 3606 excessu,
1443 3558 1549 3596 non
1582 3543 1787 3599 oblitus
1819 3544 1923 3599 fuit

337 3639 523 3688 tamen
548 3646 668 3687 rem
703 3631 951 3687 docentis
983 3631 1243 3703 mergite.
1279 3630 1521 3689 Rursum
1554 3633 1621 3690 de
1651 3631 1924 3707 Olynthiis

339 3725 481 3780 idem
505 3734 709 3790 orator,
746 3723 1036 3795 Olynthum
1078 3734 1129 3779 et
1171 3724 1468 3799 Met/tonent
1497 3734 1548 3780 et
1581 3727 1923 3795 Apolloniam

338 3826 389 3871 et
418 3816 554 3870 duas
604 3826 652 3870 et
694 3817 912 3887 triginta
952 3818 1104 3872 urbes
1147 3817 1413 3882 Thracia’,
1457 3834 1589 3889 quas
1623 3834 1800 3872 omnes
1843 3818 1924 3872 ita

340 3908 631 3963 crudeliter
666 3911 869 3973 evertit,
912 3927 975 3963 ac
1006 3911 1053 3964 si
1095 3927 1366 3982 nunquam
1408 3912 1624 3965 condita
1672 3911 1923 3981 fuissent,

342 4002 504 4072 facile
530 4019 643 4057 esse
691 4003 1025 4057 advenientes
1066 4002 1261 4057 dicere.
1293 4001 1605 4058 Ostendens
1645 4004 1791 4058 enim
1835 4020 1927 4058 ur-

344 4095 496 4149 bium
546 4093 974 4158 multitudinem,
1036 4093 1233 4165 M7b
1281 4094 1522 4148 virorum
1557 4094 1923 4149 calamitatem

340 4188 773 4258 comprehendit,
799 4198 859 4241 ut
893 4186 1125 4257 plurima
1162 4188 1568 4243 commiseratio
1604 4188 1781 4257 positu
1805 4188 1927 4241 ino-

341 4281 553 4351 pinato,
589 4280 764 4351 magis
796 4279 1107 4335 auditorum
1142 4279 1488 4335 aﬂectionem
1519 4289 1760 4336 moveat.
1800 4278 1927 4336 Hazc

342 4384 398 4429 et
429 4374 482 4428 id
510 4388 679 4445 genus
706 4372 813 4427 alia
838 4374 1076 4427 aliorum
1103 4372 1270 4426 etiam
1330 4372 1664 4443 scriptorum
1713 4372 1922 4440 dicens,

2026 3173 2237 3227 ποιεῖν.
2265 3174 2420 3227 Μετὰ
2444 3172 2795 3243 Στρατοκλέα
2834 3170 3035 3239 ὁμοίως
3087 3168 3349 3239 Αἰσχίνην
3403 3165 3619 3233 εἰσάγει

2024 3266 2273 3334 λέγοντα·
2289 3268 2475 3331 Πόλις
2489 3265 2862 3335 ἀστυγείτων
2881 3264 2949 3317 ἐκ
2963 3262 3161 3332 μέσης
3179 3260 3288 3328 τῆς
3320 3256 3622 3322 ’Ἑλλάδος

2026 3358 2380 3427 ἠφάνισται.
2412 3360 2669 3429 Ἀριστα,
2695 3358 2851 3428 φησὶ,
2876 3357 2975 3426 τῆς
3011 3356 3110 3426 μὲν
3132 3354 3406 3416 ἀπωλείας
3436 3351 3497 3405 τὸ
3524 3350 3623 3403 τά-

2027 3468 2121 3521 χος
2147 3453 2211 3520 τῇ
2240 3452 2524 3522 μεταφορᾷ
2552 3450 2824 3520 σημήνας,
2848 3450 2974 3513 τοὺς
3000 3447 3277 3511 κινδύνους
3308 3446 3366 3499 δὲ
3391 3441 3621 3517 ἐφιστὰς

2026 3545 2091 3597 ὲκ
2130 3542 2240 3602 τοῦ,
2266 3544 2357 3597 τὸν
2399 3543 2709 3599 πεπονθότα
2755 3545 2870 3608 τοῖς
2911 3542 3172 3598 ἀκούουσι
3194 3541 3461 3596 δεικνύειν
3490 3540 3626 3609 ὅμο-

2030 3652 2124 3707 ρον
2154 3635 2490 3707 ὑπάρχοντα.
2528 3637 2691 3692 Ἀλλὰ
2716 3636 2825 3705 γὰρ
2846 3637 2875 3689 ὁ
2910 3634 3287 3707 Δημοσθένης,
3309 3632 3465 3704 φησὶ,
3501 3646 3627 3701 μετ-

2028 3726 2259 3795 ενέγκας
2285 3728 2409 3792 τοὺς
2438 3727 2633 3796 λόγους
2663 3728 2760 3781 ἐπὶ
2786 3728 2881 3781 τὸν
2923 3725 3275 3795 Ἀλέξανδρον
3306 3723 3450 3777 οὕτω
3474 3720 3627 3791 δεδή-

2028 3818 2170 3873 λωκε
2193 3836 2208 3850 ο
2249 3820 2369 3887 Τὴν
2387 3819 2507 3889 μὲν
2528 3820 2712 3874 πόλιν
2736 3817 3043 3888 ἐξώρυξεν
3068 3818 3138 3871 ἐκ
3162 3815 3282 3869 τῶν
3308 3812 3618 3884 θεμελίων,

2024 3910 2181 3965 ὥστε
2226 3911 2388 3980 μηδὲ
2445 3912 2547 3965 ἐπὶ
2603 3911 2735 3979 ταῖς
2793 3911 3027 3977 ἑστίαις
3080 3905 3444 3963 καταλιπεῖν
3505 3903 3626 3972 τὴν

2027 4001 2275 4072 τέφραν,
2308 4002 2530 4070 παῖδας
2549 4003 2619 4057 δὲ
2643 4003 2741 4057 καὶ
2763 4001 3052 4072 γυναῖκας
3076 3999 3198 4054 τῶν
3220 3994 3630 4068 ’ἡγησαμένων

2028 4094 2140 4164 τῆς
2171 4096 2467 4163 Ἑλλάδος
2495 4097 2594 4151 ἐπὶ
2625 4097 2732 4163 τὰς
2756 4096 2995 4164 σκηνὰς
3038 4093 3158 4163 τῶν
3177 4091 3501 4160 βαρϐάρων
3538 4087 3632 4141 δι-

2028 4187 2245 4259 ένειμε.
2271 4190 2495 4261 Πικρῶς
2521 4190 2615 4243 καὶ
2644 4189 2831 4258 σαφῶς
2862 4190 2958 4241 καὶ
2992 4187 3238 4259 βραχέως
3266 4184 3359 4253 ἀφ’
3388 4182 3629 4236 ἑκάστου

2028 4283 2138 4335 τῶν
2176 4281 2331 4336 εἰδῶν
2360 4281 2600 4353 εἰληφὼς
2639 4284 2738 4353 τὴν
2771 4281 3103 4352 ὑπερϐολὴν,
3148 4280 3299 4349 ὅμως
3343 4277 3440 4347 τῆς
3476 4274 3631 4328 διδα-

2034 4376 2273 4447 σκούσης
2298 4376 2358 4429 τὸ
2398 4378 2632 4447 πρᾶγμα
2661 4376 2953 4447 ἐναργείας
2984 4375 3085 4427 οὑκ
3113 4372 3430 4426 ἐπελάθετο.
3456 4366 3633 4421 Πάλιν

339 4466 533 4535 recipit
570 4466 837 4536 quidem:
886 4463 1174 4537 Hegesiam
1208 4480 1359 4532 vero,
1410 4474 1464 4519 et
1517 4463 1587 4519 ab
1620 4464 1743 4535 ipso
1789 4478 1919 4533 pro-

2029 4470 2118 4520 έπ’
2176 4445 2469 4523 Ὀλυνθίων
2527 4445 2567 4521 bi
2610 4445 2776 4531 αὐτὸς
2828 4469 3015 4539 ῥήτωρ
3048 4468 3352 4520 Ὄλυνθον
3396 4463 3473 4529 δὴ
3527 4461 3633 4513 καὶ

337 4559 478 4613 lecta
509 4558 705 4627 rejicit.

2026 4563 2321 4629 Μεθώνην
2343 4560 2445 4614 καὶ
2471 4560 2891 4615 Ἀπολλωνίαν
2913 4560 3011 4614 καὶ
3042 4560 3152 4614 δύο
3183 4559 3282 4612 καί
3310 4556 3638 4625 τριάκοντα

339 4653 550 4719 πόλεις
566 4652 684 4705 τῶν
702 4652 799 4705 ἐπὶ
820 4651 1077 4721 Θρᾴκης,
1106 4650 1175 4715 ἂς
1196 4649 1401 4717 πάσας
1432 4649 1621 4716 οὕτως
1646 4649 1815 4721 ὠμῶς
1830 4652 2157 4723 ἀνῄρηκεν,
2186 4653 2344 4709 ὥστε
2370 4659 2422 4709 εί
2444 4654 2601 4726 μηδὲ
2625 4654 2863 4710 πώποτε
2876 4654 3231 4722 ᾠκίσθησαν
3246 4645 3638 4722 ῥᾴδιονεῖναι

340 4753 795 4819 προσελθόντας
833 4750 1044 4804 εἰπεῖν.
1085 4749 1426 4819 Ἐμφανίσας
1472 4748 1534 4800 τὸ
1571 4746 1777 4818 πλῆθος
1821 4749 1933 4802 τῶν
1972 4751 2207 4819 πόλεων,
2230 4751 2343 4805 τῶν
2404 4751 2616 4823 ἀνδρῶν
2637 4752 2736 4822 τὴν
2790 4752 3077 4822 συμφορὰν
3107 4749 3372 4803 ἐπέϐαλεν
3390 4749 3638 4823 ⁹τ,ὄπως

339 4848 641 4909 όπλεῖστος
660 4841 843 4907 οἶκτος
867 4846 962 4898 τοῦ
986 4842 1294 4915 παραδόξου
1350 4840 1599 4903 τεθέντος
1667 4840 1868 4909 μᾶλλον
1891 4840 2001 4895 τῶν
2038 4844 2414 4916 ἀκροωμένων
2479 4843 2847 4912 ἐκκαλέσηται
2911 4843 2971 4895 τὸ
3023 4844 3215 4905 πάθος.
3282 4842 3470 4894 Ταῦτα
3534 4847 3637 4899 καὶ

336 4940 547 4996 τοιαῦθ’
578 4939 741 5009 ἕτερα
764 4936 861 4993 καὶ
889 4936 1092 5008 ὲτέρων
1125 4932 1299 4987 εἰπὼν
1332 4929 1701 5001 συγγραφέων
1726 4930 1797 4985 τὰ
1827 4932 1927 5002 μὲν
1963 4933 2311 5006 ἀποδέχεται,
2344 4934 2472 4997 τοὺς
2530 4932 2589 4985 δὲ
2616 4932 2746 5004 περὶ
2810 4932 3079 5003 Ἡγησίαν
3112 4932 3210 4985 καὶ
3239 4932 3307 4985 τὰ
3331 4933 3462 5005 παρ’
3488 4935 3639 4989 ἐκείο

340 5055 449 5093 νων
478 5035 928 5109 παραγράφεται.

408 5130 539 5186 CAP.
571 5129 664 5184 IX.
706 5128 778 5183 De
826 5129 1162 5199 prwfecturis
1214 5124 1476 5199 zEgypti,
1533 5143 1567 5181 a
1596 5125 1832 5195 Memphi
1861 5126 1932 5180 ad

340 5222 655 5278 Thebaidem
678 5224 981 5294 usque.——A
1004 5221 1423 5291 Memphitarum
1451 5220 1584 5275 urbe
1613 5220 1666 5274 in
1695 5218 1933 5273 Thebai-

338 5316 459 5370 dem
514 5317 764 5388 quinque
798 5315 1045 5386 gentium
1086 5311 1427 5384 praefectum
1466 5311 1708 5383 (nomos
1749 5309 1934 5379 appel-

2111 5124 2237 5178 ’Ὁτι
2256 5122 2365 5177 ἀπὸ
2388 5120 2483 5175 τοῦ
2516 5122 2562 5155 ⁸⁸
2586 5120 2893 5191 Μεμφιτῶν
2920 5119 3113 5182 ἄστεος
3141 5118 3221 5183 εἰς
3257 5119 3359 5190 τὴν
3387 5120 3641 5190 Θηϐαΐδα

2042 5216 2203 5269 πέντε
2239 5217 2346 5268 εἰσὶ
2390 5214 2599 5284 μεταξὺ
2640 5214 2797 5282 νομοὶ
2818 5214 2863 5244 ⁹⁹
2895 5211 3085 5271 ἐθνῶν.
3128 5210 3345 5279 ἔχοντες
3400 5212 3644 5267 πολυάν-

2043 5307 2260 5375 Θρωπον
2319 5305 2496 5369 τάξιν,
2554 5302 2773 5375 πρῶτος
2808 5304 2825 5333 ¹
2882 5300 2984 5371 μὲν
3030 5300 3059 5352 ὁ
3111 5300 3639 5375 Ἡρακλεοπολίτης,

1633 5424 1869 5481 VARUS
1914 5422 2212 5480 LECTION
2221 5422 2327 5478 ES.

414 5533 460 5563 η
488 5530 587 5601 τὴν
610 5530 706 5585 τοῦ
735 5528 922 5600 Κύρου
958 5545 1020 5601 ς.
1096 5527 1143 5558 ’³
1166 5526 1285 5579 τόδε
1308 5524 1478 5601 Si};
1508 5524 1626 5601 τόδε
1653 5524 1713 5601 τζ)
1756 5541 1815 5601 ςἷ

343 5600 391 5634 ’⁸
420 5600 747 5657 ἀπέκτειναν
776 5602 848 5668 Α,
939 5600 985 5631 ’⁵
1008 5614 1141 5668 φασι
1177 5614 1238 5661 ς.

347 5672 393 5741 ξ’
424 5671 579 5741 νόμοι
610 5691 672 5738 ς.

346 5736 653 5816 ϐυοςίυρίἰ.
694 5745 831 5800 min.
867 5740 1112 5797 Hudson.
1147 5739 1397 5794 bibliotb.
1437 5736 1671 5792 Bcrnltn.

1923 5521 1971 5555 "
2026 5521 2161 5592 πρὸς
2219 5519 2634 5592 ἐλεεινολογίαν-

1333 5596 1379 5627 ⁸⁸
1411 5596 1635 5648 εἰπόντα
1667 5594 1727 5647 Β.
1757 5596 1923 5649 τόπον
1954 5592 2070 5669 ΔΑΒ
2130 5611 2143 5645 :
2193 5592 2397 5669 τρόπον
2423 5608 2485 5654 ς.
2589 5592 2635 5669 ’.⁷
2693 5592 2957 5669 ἐπέλαϐεν
2996 5602 3056 5646 ς.
3078 5652 3096 5669 Ἰ
3130 5592 3218 5669 ﬂ"
3256 5600 3350 5669 squ

778 5652 1050 5734 Timauo",
1093 5695 1164 5707 —-
1186 5652 1454 5736 ’δεύτερον
1483 5694 1551 5705 --
1581 5667 1762 5736 τρίτον
1795 5696 1861 5707 -
1907 5666 2172 5734 τέταρτον
2203 5652 2271 5703 -'—
2315 5652 2565 5734 πέμπτον
2593 5661 2658 5711 Α.
2685 5652 3096 5725 Λυκοπολίτης]
3130 5652 3457 5724 Ἀφροδίτης
3518 5672 3613 5728 mg

2769 5534 2783 5569 :
2835 5514 3153 5582 προσελθεῖν
3212 5512 3511 5582 ὁμολογίαν
3570 5532 3641 5580 ς.

2589 5588 2635 5619 ’⁷
2693 5585 2957 5637 ἐπέλαϐεν
2996 5602 3056 5646 ς.
3172 5582 3218 5614 ⁹⁸
3256 5583 3351 5635 τοῦ
3416 5600 3532 5637 om.
3570 5590 3640 5639 Α.

2130 5611 2143 5645 :
2193 5591 2397 5662 τρόπον
2423 5608 2485 5654 ς.
