3944 6242
253 271 324 336 29
1405 287 1933 352 BlBLIUTHECA.
1964 317 2031 326 —
2061 292 2225 353 con.
2259 293 2412 355 CCL.
3464 289 3536 353 30

260 390 510 461 δεύτερος
579 393 609 446 ὁ
663 392 1061 464 Λυκοπολίτης,
1121 396 1307 467 τρίτος
1368 402 1396 452 ὁ
1456 401 1849 474 Ὀξυρυγχίτης

1970 406 2103 477 aut)
2150 408 2515 476 interjacent,
2578 422 2812 478 quarum
2882 406 3184 478 papulosus
3240 413 3325 459 est
3372 404 3531 458 ordo-

262 480 424 552 [1540
450 481 542 554 IL]
567 484 828 556 τέταρτος
857 486 886 538 ὁ
926 485 1378 558 Ἐρμουπολίτης,
1413 492 1661 564 πέμπτος
1706 495 1764 548 ὃν
1795 497 1846 550 οἰ

268 575 365 644 μὲν
406 575 654 648 φυλακὴν
694 579 745 631 οί
772 579 828 632 δὲ
865 581 1079 651 σχεδίαν
1109 583 1394 637 καλοῦσιν·
1430 587 1490 638 ὲν
1520 586 1695 659 ταύτῃ
1737 587 1848 641 τῶν

264 668 471 721 ἀνωθεν
519 672 916 741 καταγομένων
948 676 1371 745 εἰσπράττονται
1407 680 1502 732 καὶ
1543 680 1758 734 τιθέασι
1790 681 1849 734 τὸ

263 759 439 822 τέλος.
470 761 607 823 Τοὺς
637 762 695 814 δὲ
718 764 1041 834 εἰρημένους
1064 766 1455 839 ὑπερϐάλλοντι
1479 774 1682 835 τόπους
1704 774 1848 845 ἀρχὴ

264 851 363 919 τῆς
388 853 651 922 Θηὸαἲδος
687 856 721 925 ἡ
752 856 932 911 λύκων
961 860 1137 928 πόλις,
1171 856 1291 915 εἶτα
1335 865 1658 936 ’Δφροδίτης
1689 867 1849 937 άλλη,

265 944 402 1013 πρὸς
426 945 482 997 δὲ
509 946 723 1011 τούτοις
754 949 968 1017 Πανὼν,
1011 952 1203 1007 ἔπειτα
1238 956 1440 1021 Θοινίς,
1479 958 1617 1027 μετά
1642 959 1847 1031 ταύτην

263 1038 459 1101 Βοπὸς,
489 1038 577 1108 ὑφ’
601 1040 670 1111 ἢν
691 1043 814 1106 Διὸς
836 1044 1007 1110 πόλις,
1041 1048 1108 1116 ἣν
1128 1048 1148 1076 ¹
1176 1047 1397 1102 καλοῦσι
1426 1050 1650 1120 μικράν.
1691 1052 1847 1105 Μετά

264 1129 320 1182 δὲ
362 1130 458 1184 τὸν
486 1137 998 1207 προσηγορευμένον
1030 1138 1074 1190 Τ
1078 1140 1363 1210 εντυρίτην
1393 1142 1558 1211 νομὸν
1588 1142 1608 1173 ³
1651 1141 1847 1196 Ἀπόλ-

264 1223 431 1289 λωνος
482 1228 806 1298 ὀνομάζεται
869 1231 1042 1297 πόλις,
1092 1229 1162 1304 ἧς
1214 1236 1399 1289 ἐπάνω
1457 1238 1557 1307 μὲν
1607 1238 1843 1304 Κοπτὸς,

267 1314 458 1370 ἔπειτα
494 1318 845 1393 Ἑλεφαντίνη
872 1323 916 1388 ⁸,
961 1319 1080 1378 εἶτα
1114 1326 1387 1381 Αἰθιόπων
1432 1327 1607 1400 χώρα,
1641 1330 1847 1397 Κορτία

266 1408 475 1549 πίρώτη.
530 1412 611 1464 Τά
656 1414 753 1484 μὲν
809 1414 904 1469 οὖν
947 1417 1056 1471 ἀπὸ
1092 1419 1371 1489 Μέμφεως
1414 1420 1519 1484 ἕως
1559 1420 1845 1484 Αἰθιοπίας

267 1516 290 1549 ε
320 1517 506 1549 autat.

267 1516 506 1570 ειρηται.

1951 496 2167 552 Primus
2237 507 2321 552 est
2379 496 2960 568 Heracleopolitarum.
3017 494 3338 557 Secundus,
3386 494 3536 563 lyco-

1953 589 2273 659 poiitarum.
2306 589 2546 656 Tertius,
2580 589 3083 661 Oxyrinchitarum.
3110 586 3372 654 Quartus,
3402 582 3537 638 Her-

1955 682 2369 751 mopolitarum.
2393 680 2679 748 Quintum,
2714 682 2805 735 alii
2832 680 3125 751 Phylacam
3160 672 3532 747 (custodiam),

1957 774 2049 828 alii
2112 773 2399 829 Schediam
2458 774 2710 844 (ratem)
2758 774 3062 828 nominant.
3104 772 3163 825 ln
3203 771 3304 823 hac
3355 780 3532 821 rerum

1952 879 2077 933 quae
2107 880 2172 918 ex
2205 866 2582 935 superioribus
2621 866 2782 920 terris
2818 865 3205 933 importantnr,
3238 862 3459 930 exigunt
3481 868 3537 913 et

1957 957 2239 1025 deponunt
2265 958 2513 1026 vectigal.
2549 956 2607 1011 Ei
2634 958 2726 1027 qui
2763 957 2907 1010 dicta
2954 956 3070 1009 hate
3107 956 3225 1008 loca
3255 958 3492 1020 'superat
3517 987 3534 1013 ,

1954 1050 2287 1120 principium
2318 1049 2630 1105 Thebaidos
2677 1060 2759 1104 est
2791 1050 2922 1103 urbs
2952 1047 3153 1118 Lycum
3179 1087 3193 1111 ,
3224 1045 3274 1098 id
3304 1052 3419 1109 cst,
3454 1041 3537 1094 lu-

1953 1158 2172 1213 porum.
2225 1142 2356 1196 lude
2395 1143 2500 1196 alia
2543 1142 2675 1197 urbs
2706 1140 2953 1195 Veneris.
2990 1140 3054 1193 Et
3092 1147 3283 1206 praeter
3310 1137 3409 1189 has
3433 1133 3539 1187 Pa-

1952 1251 2084 1290 non.
2123 1236 2261 1289 Exin
2297 1235 2546 1290 Thmnis.
2590 1233 2657 1288 Et
2689 1245 2812 1302 post
2843 1234 2984 1286 hanc
3035 1216 3251 1298 Bopos‘:
3296 1228 3400 1281 sub
3430 1240 3535 1294 qua

1955 1328 2087 1382 urbs
2134 1325 2284 1381 Jovis
2305 1366 2320 1391 ,
2359 1337 2723 1397 cognomento
2756 1340 2943 1395 parva.
2975 1325 3017 1376 A
3053 1320 3498 1391 Thentyritarum
3520 1355 3535 1376 ,

1966 1436 2132 1489 quant
2153 1430 2348 1474 vocant
2379 1418 2721 1489 praefectura,
2743 1418 3008 1487 Apollinis
3037 1415 3255 1470 nomine
3278 1414 3408 1466 urbs
3434 1419 3537 1470 est,

1954 1527 2119 1581 supra
2148 1527 2315 1581 quam
2346 1510 2554 1581 Coptus
2593 1521 2647 1565 et
2677 1524 2839 1578 porro
2880 1508 3260 1576 Elephantina.
3297 1500 3538 1556 Tandem

264 1596 504 1647 Occurrit
542 1593 860 1666 Ethiopum
904 1606 1081 1665 terra,
1140 1611 1195 1655 et
1241 1600 1425 1658 Cortia
1470 1602 1667 1673 prima.
1705 1602 1848 1659 Loca
1890 1603 2058 1673 igitur
2105 1621 2134 1659 a
2173 1604 2410 1673 Memphi
2482 1604 2547 1658 ad
2607 1602 2943 1670 Ethiopiam
2982 1600 3249 1669 praecipua
3284 1596 3373 1650 hic
3412 1605 3542 1650 sunt

266 1697 609 1742 enumerata.

336 1785 462 1836 Ὀτι
500 1784 729 1855 πλησίον
778 1787 880 1857 τῆς
934 1788 1200 1862 Ἐρυθρᾶς
1242 1791 1541 1864 θαλάσσης,
1589 1793 1710 1847 καθ’
1736 1790 1795 1845 ὃν
1830 1794 1857 1845 ὁ

2033 1788 2159 1843 CAP.
2199 1786 2265 1839 Χ.
2306 1783 2489 1839 Nilus.
2543 1783 2613 1834 De
2665 1780 2976 1835 marmoreis
3023 1780 3146 1831 auri
3196 1775 3543 1829 metallis.—

266 1877 457 1941 Νεῖλος
480 1879 684 1943 πολλὰς
714 1881 991 1950 ἐκτροπὰς
1030 1886 1126 1937 καὶ
1156 1887 1483 1957 παραφοράς
1526 1888 1851 1957 ποιούμενος

269 1973 416 2042 ὅμως
442 1975 629 2035 ,ἐκεῖσε
672 1974 1029 2045 ἀποκάμπτει
1068 1978 1407 2047 περιφανῶς,
1456 1981 1550 2033 καὶ
1595 1979 1720 2051 [727
1756 1979 1850 2052 Η.]

273 2068 506 2117 ποιεῖται
541 2064 683 2118 κατά
726 2065 826 2136 τὴν
863 2067 1046 2132 δεξιὰν
1084 2070 1241 2140 ῥύσιν
1291 2071 1399 2125 τῶν
1447 2071 1710 2140 ἀγκώνων
1752 2072 1853 2143 τὴν

285 2156 524 2224 μεγάλην
565 2157 735 2212 κλίσιν
753 2159 798 2224 ⁵,
842 2158 907 2213 ἐκ
939 2177 999 2214 τε
1037 2161 1134 2215 τοῦ
1162 2162 1434 2231 πελάγους
1463 2163 1485 2195 ⁶
1529 2164 1729 2229 κόλπος
1773 2168 1854 2230 εἰς

284 2249 387 2316 τὴν
440 2249 649 2318 ῆπειρον
684 2252 1028 2306 ἀνατείνεται
1077 2253 1268 2317 πολὺς,
1316 2253 1458 2307 ὥστε
1504 2254 1605 2325 τὴν
1646 2255 1853 2324 μεταξὺ

280 2341 568 2411 διάμετρον
587 2341 691 2395 τῶν
720 2342 952 2409 ὑδάτων,
975 2344 1070 2398 τοῦ
1100 2362 1159 2398 τε
1192 2346 1436 2417 ἁλμυροῦ
1468 2349 1564 2400 καὶ
1597 2348 1851 2418 ποτίμου,

277 2432 658 2502 παραπλήσιον
690 2434 850 2504 πηλῷ
873 2435 894 2466 ⁷
924 2436 1103 2507 πολλῷ
1122 2436 1222 2509 τὴν
1245 2438 1509 2507 συστολὴν
1534 2438 1853 2509 λαμϐάνειν.

271 2526 428 2579 Κατά
453 2527 585 2594 γοῦν
611 2528 711 2595 τὴν
734 2529 1036 2600 εἰρημένην
1061 2530 1330 2586 θάλατταν
1355 2532 1583 2602 πλησίον
1604 2533 1720 2586 ἐστί
1735 2550 1857 2587 τινα

268 2618 382 2671 τῶν
427 2619 785 2691 καλουμένων
811 2621 1051 2691 γνησίων
1078 2624 1101 2656 ⁸
1155 2624 1361 2695 πλῆθος
1398 2624 1591 2695 ἔχοντα
1657 2626 1858 2697 μετάλ-

268 2709 395 2776 λων,
420 2714 491 2782 τῇ
522 2713 665 2784 χρόᾳ
697 2714 793 2783 μὲν
816 2714 946 2768 ὄντα
975 2715 1097 2769 καθ’
1125 2716 1432 2789 ὑπερὸολὴν
1465 2718 1691 2789 μέλανα,
1719 2736 1860 2789 μαρ-

269 2806 451 2873 μάρου
501 2805 561 2857 δὲ
621 2807 880 2860 ποιοῦντα
927 2809 1181 2874 τοιαύτας
1228 2813 1285 2864 ὲν
1321 2812 1507 2876 αὑτοῖς
1533 2814 1554 2845 ⁸
1599 2813 1861 2882 ἐκφύσεις

269 2894 407 2949 ὥστε
467 2899 581 2951 πᾶν
622 2898 909 2953 λείπεσθαι
956 2901 1016 2954 τὸ
1049 2901 1501 2975 διαμιλλώμενον,
1540 2903 1641 2974 τῆς
1674 2904 1862 2959 λευκὰ-

271 3009 431 3060 τητος
460 2994 647 3064 κρίσιν
682 2996 783 3048 ούκ
806 2996 1036 3065 ἐχούσης
1064 2998 1128 3050 ¹⁰.

341 3086 466 3138 Ὀτι
483 3084 581 3149 οὓς
600 3086 847 3156 ἔσχατον.
874 3087 1031 3158 φησὶ,
1051 3090 1431 3161 κατέχειάκλή
1442 3107 1507 3159 ρη
1517 3107 1613 3159 μα,
1640 3091 1863 3156 τούτους

268 3177 303 3247 ὴ
328 3179 591 3248 τυραννὶς
620 3180 701 3242 εἰς
724 3179 825 3248 τὴν
856 3180 964 3234 τῶν
988 3182 1386 3252 χρυσωρυχίων
1418 3183 1625 3249 ἀπάγει
1656 3201 1856 3254 πικρο-

269 3270 442 3337 τάτην
473 3271 748 3335 δουλείαν,
785 3273 912 3336 τοὺς
943 3273 1041 3343 μὲν
1067 3273 1184 3344 ἅμα
1217 3275 1433 3343 γυναιξὶ
1464 3277 1559 3329 καὶ
1590 3277 1748 3330 παισὶ
1772 3294 1864 3330 τα-

270 3362 785 3434 λαιπωρουμένους,
828 3366 955 3427 τοὺς
981 3365 1037 3419 δὲ
1072 3368 1169 3420 καὶ
1194 3369 1366 3439 χωρὶς
1390 3368 1501 3422 τῶν
1530 3367 1860 3441 εἰρημένων.

280 3453 630 3527 ’Υπερόολὴν
658 3453 753 3511 οὖν
781 3457 961 3511 οὐδενὶ
988 3458 1049 3512 τὸ
1084 3458 1256 3523 πάθος
1286 3462 1663 3533 δυστυχήματι
1695 3478 1864 3515 κατα-

270 3544 455 3600 λιπεῖν
483 3547 939 3619 ὲκτραγῳδήσας,
963 3552 1057 3603 τὸν
1079 3553 1285 3622 τρόπον
1319 3553 1359 3584 ¹¹
1391 3553 1730 3622 ἀπαγγέλλει
1763 3557 1863 3623 τῆς

268 3640 403 3709 περὶ
425 3639 490 3692 τὸ
512 3642 738 3711 χρυσίον
767 3643 1055 3712 ἐργασίας.
1089 3644 1208 3697 Τῶν
1231 3645 1397 3716 ὀρῶν,
1427 3648 1615 3717 φησὶν,
1640 3649 1699 3701 ὲν
1730 3642 1811 3711 οἷς
1837 3649 1865 3699 ὁ

271 3731 482 3801 χρυσὸς
538 3732 878 3802 εὑρίσκεται,
926 3735 994 3788 τά
1052 3734 1155 3805 μὲν
1208 3738 1462 3808 ἀπότομα
1511 3738 1609 3792 καὶ
1666 3739 1865 3803 τελέως

271 3824 525 3895 σκληρὰν
554 3824 749 3895 ἔχοντα
784 3828 946 3896 φύσιν
990 3831 1373 3902 ὲκπρήσαντες
1407 3831 1509 3904 ὕλῃ
1556 3835 1650 3886 καὶ
1690 3833 1867 3903 χαῦνα

269 3914 351 3985 τῷ
381 3918 521 3987 πυρὶ
545 3920 874 3989 ποιήσαντες
904 3923 970 3985 ¹²,
993 3922 1166 3987 οὕτως
1200 3924 1385 3987 αὑτοῖς
1406 3924 1746 3993 προσάγουσι
1768 3926 1867 3994 τὴν

270 4012 501 4080 πεῖραν,
540 4010 613 4064 τά
653 4011 698 4064 δ’
732 4015 992 4082 ἀνειμένα
1020 4018 1086 4086 τῇ
1127 4015 1307 4087 πέτρᾳ
1340 4017 1545 4088 σιδήρῳ
1585 4018 1867 4090 λατομικῷ

276 4103 731 4173 κερματίζονται.
770 4106 1111 4178 Καθηγεῖται
1143 4108 1201 4162 δὲ
1252 4110 1364 4163 τῶν
1401 4110 1581 4165 ἄλλων
1614 4110 1867 4180 τεχνίτης

273 4197 303 4249 ὁ
336 4197 380 4229 ⁸³
409 4197 508 4249 τὸν
529 4198 675 4251 λίθον
701 4199 945 4269 διαιρῶν.
973 4202 1143 4255 Ὅταν
1169 4203 1225 4256 δὲ
1253 4196 1407 4267 οὗτος
1435 4206 1547 4267 τοῖς
1571 4203 1870 4274 μεταλλεύ-

277 4304 333 4340 σι
366 4289 411 4320 “
438 4289 545 4353 τὰς
565 4289 716 4354 ὁδοὺς
738 4290 1013 4364 ὑποδείξῃ,
1038 4293 1100 4346 τὸ
1121 4296 1230 4347 πᾶν
1254 4294 1416 4366 ἔργον
1436 4294 1869 4366 καταμερίζεται

273 4382 343 4449 τῇ
387 4381 504 4433 τῶν
550 4381 895 4451 ἀτυχούντων
949 4384 1167 4457 ἀνάγκῃ
1207 4385 1397 4439 τοῦτον
1431 4386 1524 4439 τὸν
1552 4386 1775 4457 τρόπον.
1805 4387 1870 4440 Οἱ

277 4470 383 4540 μὲν
408 4470 680 4543 εὔρωστοι
714 4475 758 4506 ³⁸
807 4474 903 4529 καὶ
943 4475 1054 4529 νέοι
1089 4476 1278 4529 τυπίσι
1319 4476 1566 4547 σιδηραῖς
1607 4479 1868 4532 κόπτουσι

271 4562 379 4634 τὴν
413 4564 607 4636 χώραν
647 4566 748 4638 τὴν
785 4567 1256 4641 μαρμαρίζουσαν,
1293 4569 1353 4622 οὑ
1391 4570 1552 4642 τέχνη
1590 4572 1690 4644 τὴν
1729 4573 1872 4643 πλη-

273 4655 402 4727 γὴν,
434 4657 580 4711 ἀλλά
607 4658 701 4729 βία
733 4660 796 4725 ’⁸,
830 4660 927 4713 καὶ
957 4661 1215 4728 τέμνουσι
1246 4661 1336 4715 διὰ
1365 4664 1466 4729 τῆς
1499 4661 1708 4734 πέτρας
1742 4663 1876 4715 ὑπο-

272 4750 483 4820 νόμους
526 4750 784 4815 πλείονας
826 4753 929 4806 οὑκ
969 4753 1148 4817 εὑθεῖς
1181 4754 1245 4817 ¹⁷,
1278 4754 1469 4807 ἄλλοτε
1495 4754 1593 4824 μὲν
1620 4754 1735 4808 ἄνω
1776 4755 1875 4823 τῆς

274 4841 591 4913 χρυσίτιδος
630 4842 1004 4913 ἀπονευούσης
1045 4842 1218 4909 λίθου,
1267 4844 1400 4897 ποτὲ
1438 4843 1496 4897 δὲ
1553 4844 1870 4916 κατωτέρω,

276 4935 444 4988 πάλιν
479 4934 538 4988 δὲ
571 4935 654 4998 εἰς
683 4934 784 5005 τὴν
813 4933 1093 5006 εὐώνυμον
1134 4937 1330 5001 κλίσιν,
1366 4939 1537 4992 ὲνίοτε
1569 4937 1627 4992 δὲ
1653 4938 1875 4993 σκολιὰν

276 5030 374 5081 καὶ
393 5029 839 5100 διεστραμμένην
866 5027 911 5059 ³⁸
945 5029 1036 5081 καὶ
1067 5029 1454 5100 παραπλησίαν
1479 5033 1602 5094 ταῖς
1632 5029 1741 5083 τῶν
1760 5029 1876 5083 δέν·-

278 5118 422 5186 δρων
448 5120 654 5189 ῥίζαις.
698 5115 859 5174 Οὗτοι
896 5121 996 5189 μὲν
1027 5119 1124 5175 οὖν
1154 5122 1379 5192 λύχνους
1414 5122 1876 5194 προσδεδεμένους

277 5214 391 5276 τοῖς
412 5212 696 5284 μετώποις
722 5212 939 5283 ἔχοντες
955 5211 1305 5284 λατομοῦσιν,
1328 5214 1747 5278 ἀκολουθοῦντες
1765 5211 1877 5270 οἷον

1952 1880 2129 1950 Prope
2161 1878 2407 1933 Rubrum
2461 1892 2651 1938 mare,
2704 1874 2956 1943 quamvis
3009 1871 3326 1927 dchrtic-ula
3373 1867 3539 1921 multa

1954 1984 2011 2029 et
2057 1971 2341 2027 anfractus
2388 1968 2552 2024 faciat
2601 1967 2757 2020 Nilus
2792 2004 2807 2027 ,
2868 1963 3153 2031 insigniter
3195 1971 3375 2013 tamen
3413 1957 3543 2010 illuc

1959 2065 2228 2125 deflectit,
2259 2073 2312 2115 et
2341 2062 2405 2116 ad
2431 2063 2714 2115 dexterum
2745 2058 2985 2126 riparum
3025 2064 3258 2107 tractum
3290 2064 3542 2121 magnam

1956 2160 2105 2214 illam
2157 2154 2578 2212 declinationem
2628 2151 2833 2212 cilicit,
2887 2148 3243 2218 prolixusque
3284 2160 3313 2199 e
3355 2145 3543 2213 pelago

1957 2254 2012 2308 in
2031 2251 2397 2308 continentem
2416 2248 2571 2302 sinus
2591 2243 2953 2316 protenditur,
2981 2241 3053 2294 ita
3076 2248 3133 2293 ut
3154 2253 3274 2308 quae
3294 2239 3344 2291 in
3365 2238 3544 2291 medio

1958 2351 2042 2400 est
2082 2358 2349 2414 aquarum
2415 2339 2572 2394 salsae
2619 2348 2673 2391 et
2720 2334 3009 2405 potabilis,
3040 2332 3337 2394 diameter,
3373 2329 3547 2384 instar

1959 2438 2073 2491 limi
2099 2435 2304 2506 c0piosi
2338 2434 2390 2486 in
2423 2439 2635 2485 arctum
2660 2436 2908 2498 cogatur.
2928 2427 3008 2480 Ad
3035 2439 3184 2479 mare
3208 2423 3373 2493 igitur
3401 2424 3505 2475 hoc
3526 2461 3542 2485 ,

1959 2530 2014 2584 in
2033 2528 2336 2597 prepinquo
2359 2533 2489 2580 sunt
2513 2525 2652 2579 loca.
2672 2522 2762 2574 ubi
2782 2519 2997 2573 metalla
3030 2518 3174 2586 (quin
3192 2513 3422 2585 genuina
3443 2511 3544 2583 [αι.

1963 2618 2149 2690 aurea]
2173 2618 2453 2686 vocitant)
2486 2614 2690 2668 aﬂ'atim
2727 2611 3079 2682 proveniunt,
3116 2608 3299 2663 colore
3324 2607 3545 2676 quidem

1961 2729 2126 2783 supra
2154 2711 2378 2767 modum
2408 2709 2589 2779 nigro,
2620 2706 2713 2761 sed
2745 2722 2866 2775 qua?
2898 2704 3005 2758 tale
3035 2702 3178 2755 intra
3210 2717 3269 2755 se
3305 2712 3549 2753 marmor

1961 2808 2309 2878 producunt,
2348 2811 2408 2857 ut
2443 2801 2578 2855 nihil
2614 2801 2686 2855 sit
2725 2798 2869 2867 quod
2903 2813 3027 2851 cum
3072 2811 3137 2850 eo
3169 2802 3378 2857 certet,
3413 2792 3546 2847 dum

1963 2897 2171 2953 candor
2201 2895 2409 2949 nullam
2444 2891 2683 2946 admittit
2718 2887 3209 2958 comparationem.

2033 3093 2167 3148 CAP.
2208 3089 2305 3145 XI.
2369 3088 2441 3142 De
2488 3100 2781 3155 pauperum
2823 3082 3103 3152 aﬂlictione
3174 3079 3229 3130 in
3264 3074 3548 3146 ergastulis

1967 3184 2392 3253 uurifodinarum
2421 3221 2434 3241 .
2484 3180 2649 3247 deque
2692 3177 2845 3229 modo
2893 3189 3085 3227 aurum
3114 3169 3448 3237 conﬁciendi.
3479 3196 3551 3207 -

1967 3278 2253 3333 Extremos
2286 3273 2399 3326 illic
2428 3280 2484 3325 et
2516 3269 2740 3336 abjectaa
2773 3266 2939 3320 sortis
2968 3265 3216 3317 homines
3246 3261 3299 3312 in
3340 3257 3553 3312 aurife-

1967 3370 2222 3424 dinarum
2270 3364 2588 3421 servitutem
2643 3358 3054 3415 acerbissimam
3093 3352 3337 3425 tyrannis
3384 3350 3555 3404 abdu-

1968 3462 2080 3516 cit:
2120 3473 2352 3530 quorum
2390 3454 2481 3509 alii
2518 3470 2644 3508 cum
2675 3452 2941 3507 uxoribus
2960 3458 3014 3503 et
3039 3446 3244 3509 liberis,
3270 3444 3360 3498 alii
3385 3442 3551 3496 etiam

1968 3555 2177 3621 absque
2208 3550 2346 3615 illis,
2384 3561 2657 3602 aerumnas
2710 3544 2981 3598 tolerant:
3024 3556 3161 3609 quas
3195 3552 3317 3592 cum
3350 3533 3555 3603 tragice

1968 3642 2317 3715 exaggeravit
2349 3650 2569 3705 auctor,
2596 3636 2745 3708 quod
2774 3636 2840 3690 ad
2872 3647 3149 3690 summam
3179 3630 3552 3685 calamitatem

1971 3740 2113 3793 nihil
2186 3735 2383 3803 reliqui
2448 3733 2553 3787 sibi
2609 3730 2844 3793 faciant,
2898 3725 3123 3782 modum
3163 3724 3389 3793 exponit
3445 3737 3556 3791 quo

1969 3845 2162 3884 aurnrn
2195 3828 2326 3882 illud
2358 3825 2660 3880 elaborent.
2712 3820 2977 3877 Montium
3030 3819 3281 3880 illorum,
3326 3813 3418 3867 ubi
3456 3829 3555 3866 au-

1970 3940 2089 3978 rum
2136 3921 2442 3992 reperitur,
2495 3933 2617 3988 qua:
2685 3923 2954 3987 praerupta
3017 3919 3145 3967 sunt
3196 3918 3265 3965 ct.
3302 3921 3554 3977 asperam

1969 4015 2193 4069 omnino
2242 4022 2493 4067 naturam
2522 4011 2723 4064 habent
2770 4006 2994 4079 Λάδα,
3037 4003 3199 4072 lignis
3224 4002 3554 4055 incendunt:

1970 4123 2209 4178 cumque
2236 4108 2347 4178 igni
2380 4107 2536 4160 laxos
2581 4113 2636 4158 et
2675 4103 2869 4156 molles
2900 4102 3147 4153 fecerunt
3169 4138 3182 4156 .
3213 4095 3557 4163 experimen-

1973 4212 2087 4256 tum
2140 4200 2248 4254 illis
2284 4200 2506 4255 demum
2560 4195 2877 4250 admovent.
2934 4189 3074 4245 Tum
3128 4206 3248 4259 qua:
3305 4189 3354 4241 in
3405 4197 3554 4255 petra

1972 4294 2216 4349 emollita
2269 4300 2400 4346 sunt
2449 4289 2596 4343 ferro
2631 4288 2888 4341 latomico
2939 4285 2994 4338 in
3062 4282 3235 4337 frusta
3280 4279 3556 4335 scindunt.

1973 4386 2289 4453 Praeestque
2344 4381 2469 4436 aliis
2531 4378 2765 4443 artifex,
2801 4376 2894 4446 qui
2936 4373 3169 4444 lapidem
3208 4370 3417 4425 dividit.
3452 4368 3557 4435 Qui

1977 4489 2267 4549 postquam
2307 4475 2426 4529 vias
2457 4472 2662 4528 metalli
2698 4468 3113 4540 indagatoribus
3154 4464 3431 4527 ostendit,
3473 4472 3557 4516 to-

1979 4585 2092 4627 tum
2114 4586 2255 4641 Opus
2277 4569 2616 4623 misellorum
2650 4564 2969 4619 necessitati
3000 4560 3274 4632 dispertit.
3302 4559 3382 4612 Ad
3411 4558 3558 4611 hunc

1978 4667 2202 4722 modum
2236 4665 2434 4719 robore
2480 4672 2535 4717 et
2579 4670 2736 4716 aelate
2772 4657 3009 4728 integri,
3055 4655 3267 4709 malleis
3309 4668 3374 4706 ex
3412 4650 3558 4705 ferro

1979 4758 2255 4816 incisoriis
2295 4758 2477 4812 locum
2524 4767 2800 4809 marmore
2843 4750 3126 4821 gravidum
3173 4746 3556 4817 perfringunt,

1976 4852 2232 4919 ictusque
2288 4862 2398 4903 non
2450 4856 2569 4901 arte
2616 4844 2709 4901 sed
2744 4843 2955 4897 viribus
3003 4840 3462 4901 administratur,
3505 4846 3559 4891 et

1977 4943 2162 5015 plures
2204 4954 2301 5011 per
2349 4953 2538 5009 rupem
2596 4935 2885 4991 cuniculos
2927 4943 3134 5005 agunt,
3180 4947 3289 4985 non
3334 4928 3555 4998 quidem

1978 5043 2158 5090 rectos
2192 5051 2208 5088 :
2243 5046 2370 5086 nam
2405 5030 2734 5100 quandoque
2763 5042 3006 5091 sursum,
3039 5023 3371 5096 quandoque
3395 5021 3558 5074 deor-

1981 5140 2105 5179 surr.
2129 5164 2144 5190 ,
2180 5136 2329 5178 nunc
2357 5120 2424 5175 ad
2456 5121 2602 5174 latus
2636 5118 2919 5175 sinistrum
2941 5160 2954 5179 ,
3003 5132 3149 5171 nunc
3184 5116 3236 5169 in
3272 5112 3552 5179 obliquum

1982 5225 2037 5271 et
2062 5224 2431 5270 transversum
2457 5253 2472 5279 ,
2502 5210 2725 5281 perinde
2754 5219 2814 5265 ut
2845 5211 3104 5265 arborum
3133 5204 3343 5261 radices
3364 5239 3380 5267 ,
3414 5197 3555 5268 lapis

1566 5350 1803 5407 VARUE
1844 5348 2251 5407 LECTIONES.

388 5467 499 5552 {liv
522 5469 565 5520 Δ
593 5483 608 5520 :
641 5466 712 5552 ἣχ
734 5466 832 5552 κοιλ⁵
862 5483 923 5530 ς.
999 5466 1212 5552 ³,νόμρν
1244 5483 1306 5531 ς.
1382 5465 1623 5552 "Eiram
1651 5466 1707 5552 δὲ
1732 5467 1911 5552 ’ἐλεφκ
1931 5467 1990 5519 Β.
2067 5466 2090 5497 ⁵
2117 5464 2294 5552 κλίσιν
2318 5464 2567 5548 μεγάλην
2593 5480 2654 5552 ς..
2720 5462 2752 5552 ’⁸
2790 5460 2884 5514 τοῦ
2916 5458 3151 5552 μεγάλου
3187 5448 3457 5552 πελάγους
3485 5463 3547 5512 ς.

281 5534 483 5639 ξιπηλῷ
521 5554 639 5593 orn.
666 5534 733 5590 Β.
812 5537 834 5569 ⁸
870 5534 1180 5606 γνησίωνΑ
1212 5555 1225 5590 :
1257 5536 1495 5609 χρυσίων
1524 5554 1583 5600 ς.

345 5614 371 5662 ό
398 5628 507 5662 om.
541 5611 612 5662 Α.
701 5608 745 5640 ⁸⁸
778 5606 1161 5662 μεταλλεύουσι
1198 5608 1258 5661 B.
1338 5609 1380 5639 “
1406 5606 1583 5662 εὑρῤω

348 5628 371 5663 ὕ
398 5628 507 5665 οιη.
541 5628 612 5663 Α.

392 5606 507 5665 om.
530 5611 612 5689 Ἀ.
701 5608 745 5640 ⁸⁸
776 5606 1161 5689 με-ταλλεύουσι
1198 5606 1380 5689 Βηλε
1406 5606 1704 5689 εὑρῤωστοι
1730 5606 1788 5661 Β.

275 5682 399 5740 mile
432 5681 695 5739 verbum.

814 5679 857 5711 ⁸⁷
900 5677 1073 5741 εὑθείς
1106 5681 1147 5732 Λ
1182 5697 1196 5732 :
1230 5676 1393 5741 εὐθὺς
1429 5676 1490 5741 ς.

1682 5538 1702 5569 9
1729 5538 1940 5569 Enna-n1.

1728 5538 1940 5598 ἑαυτοῖς
1970 5554 2028 5601 ς.
2134 5538 2176 5567 ¹⁰
2213 5538 2440 5602 ἑξούσης
2467 5552 2528 5599 ς.
2605 5538 2646 5566 ¹¹
2678 5538 2843 5586 τόπον
2866 5548 2925 5596 ς.
3006 5538 3046 5560 "
3070 5538 3452 5644 euﬂpgca‘ms
3484 5538 3545 5598 ς-

1730 5606 1788 5661 Β.
1892 5608 1934 5639 ¹⁶
1962 5616 2083 5677 post
2111 5605 2203 5676 βίᾳ¹
2228 5608 2377 5660 deest
2403 5604 2807 5677 καταφέροντες
2828 5609 2904 5673 (p.
2944 5597 3011 5652 Β.
3046 5594 3202 5661 1555,
3268 5588 3322 5660 9}
3357 5589 3439 5644 vel
3468 5604 3548 5643 8i-

1595 5679 1636 5710 “
1665 5676 2133 5751 διεστραμμένην]
2178 5676 2583 5749 διερρηγμένην
2628 5677 2695 5730 Α.

2134 5537 2176 5567 ¹⁰
2213 5530 2440 5602 ἑξούσης
2467 5530 2534 5599 gl
2605 5535 2646 5566 “
2678 5532 2843 5586 τόπον
2866 5530 2978 5602 ς.-
3006 5530 3452 5602 ι’-ξιέζιρῄεᾳντες
3484 5535 3545 5598 ς-
