3966 6240
406 263 473 328 31
1566 266 1837 329 ΡΗΟΤΙΙ
1863 264 2140 327 ΡΑΤΗῘΑ
2150 264 2377 327 ΒΕΖΗᾸέ
2403 265 2514 326 CP.
2734 330 2735 333 η
3605 254 3678 319 32

408 394 549 436 auro
575 394 864 450 pmgnans
892 378 1156 451 devergit.
1190 380 1272 436 illi
1300 380 1469 452 igitur
1498 381 1714 454 lychnis
1736 380 1803 436 ad
1836 380 1989 435 iron-

2094 379 2248 449 φλεϐὶ
2275 378 2354 449 τῷ
2381 375 2783 441 λευκανθίζοντι
2805 390 2819 408 ’
2852 372 2950 427 καὶ
2989 368 3274 441 πολλαχῶς
3315 384 3677 439 κατασχημα-

409 480 494 524 tes
522 469 760 538 alligatis
784 467 1016 536 lapidem
1050 469 1288 537 caedunt,
1317 470 1551 525 candore
1572 469 1715 538 ejus,
1740 478 1797 522 ut
1824 484 1982 533 vena,

408 563 652 618 deducti.
696 561 762 616 Et
800 562 893 617 ubi
942 558 1110 617 variis
1158 563 1337 617 modis
1382 563 1556 632 posita
1605 561 1714 616 illis
1753 575 1985 631 corpora

407 654 808 717 eﬂorniarunt,
854 654 908 706 in
949 664 1146 707 terram
1200 652 1501 722 fragmenta
1548 653 1844 721 (lejiciunt.
1879 669 1985 707 non

409 761 510 813 pro
535 746 620 800 sui
651 744 865 798 roboris
914 744 1146 809 habitu,
1193 746 1284 798 sed
1330 746 1398 798 ad
1444 746 1663 799 oculum
1706 743 1941 812 praefecti
1971 783 1985 805 ,

408 836 500 905 qui
533 836 754 890 verbera
777 836 845 889 ab
872 836 1245 905 increpatione
1273 850 1381 889 non
1413 836 1671 905 sejungit.
1702 834 1862 889 Pueri
1890 849 1987 887 au-

410 936 516 979 tem
544 925 890 994 impuberes,
937 925 991 978 in
1027 925 1315 979 cuniculos
1353 925 1420 979 ab
1458 925 1565 979 illis
1590 924 1822 979 effossos
1850 923 1988 977 irre-

409 1026 622 1085 ptantes
640 1056 656 1079 ,
684 1016 847 1071 etiam
879 1016 1119 1085 lapillos,
1144 1014 1211 1068 de
1236 1015 1501 1084 proiectis
1527 1015 1701 1068 multo
1728 1014 1987 1069 collectus

406 1108 615 1172 labore,
647 1109 789 1163 intra
821 1109 1022 1161 ostium
1055 1108 1363 1176 deportant.
1392 1106 1475 1162 Ab
1497 1108 1584 1160 his
1612 1122 1777 1175 porro
1804 1121 1985 1172 senes,

404 1207 461 1252 et
493 1199 775 1253 hominum
824 1199 1189 1252 invalidorum
1217 1200 1375 1253 turba
1404 1239 1419 1263 ,
1466 1198 1702 1268 lapidem
1750 1198 1990 1273 transle-

406 1299 570 1354 runt,
610 1299 664 1346 et
693 1292 1014 1345 translatum
1041 1292 1441 1361 inspectoribus
1477 1291 1611 1361 (qui
1638 1294 1853 1361 epuptei
1894 1307 1991 1346 vo-

407 1384 624 1447 cantur)
643 1382 920 1437 exhibent.
956 1381 1090 1437 Nam
1113 1385 1207 1454 qui
1233 1394 1361 1439 sunt
1386 1385 1526 1438 intra
1560 1385 1781 1453 triginta
1813 1399 1989 1439 annos

406 1484 462 1527 et
481 1474 680 1528 robore
691 1476 1031 1544 spectabiles,
1050 1477 1325 1532 mortariis
1340 1492 1369 1532 e
1384 1492 1518 1532 saxo
1532 1477 1792 1545 acceptis,
1812 1477 1990 1547 pistil-

407 1565 461 1619 lo
501 1566 661 1620 enixe
713 1567 975 1636 subigunt
1019 1578 1075 1622 et
1119 1569 1385 1638 pinsunt,
1434 1578 1495 1623 ut
1532 1569 1830 1623 maximum
1865 1569 1991 1623 inde

406 1657 700 1711 frustulum
752 1676 860 1712 non
904 1661 1131 1715 excedat
1176 1677 1387 1716 ervum.
1433 1660 1572 1714 Tum
1618 1667 1807 1715 eadem
1857 1660 1989 1716 hora

2091 471 2340 532 τίσαντες
2372 471 2481 524 τῶν
2519 469 2790 539 σωμάτων
2822 467 2924 529 τὰς
2954 465 3150 528 θέσεις,
3182 460 3581 519 καταϐάλλουσι
3608 461 3678 514 τά

2092 561 2420 633 θραύσματα
2446 562 2490 593 ¹⁹
2525 562 2605 624 εἰς
2640 559 2857 627 ἔδαφος,
2891 557 2953 609 οὑ
2988 556 3125 624 πρὸς
3158 555 3257 625 τὴν
3293 554 3427 606 ἰδίαν
3471 552 3587 616 ἕξιν
3618 567 3680 603 τε

2092 655 2188 708 καὶ
2210 653 2459 722 δύναμιν,
2492 651 2629 705 ἀλλά
2659 649 2794 720 πρὸς
2817 647 3093 719 ὀφθαλμὸν
3117 644 3433 708 ἐπιστάτου,
3462 644 3679 712 πληγῆς

2090 744 2189 814 τὴν
2223 745 2541 813 ἐπιτίμησιν
2587 741 2841 795 οὐδέποτε
2880 739 3225 811 χωρίζοντος.
3267 736 3332 788 Οἱ
3373 735 3431 788 δὲ
3486 734 3678 803 ἄνηϐοι

2093 839 2284 901 παῖδες
2322 839 2402 896 εἰς
2448 837 2574 899 τοὺς
2614 834 2720 887 ὑπὸ
2764 833 2968 887 τούτων
3000 830 3331 902 ὀρυχθέντας
3374 827 3679 894 ὑπονόμους

2095 927 2455 996 εἰσδυόμενοι,
2483 928 2574 979 καὶ
2606 927 2703 995 τὴν
2727 925 2926 995 χάλικα
2970 922 3079 975 τῶν
3111 919 3452 992 ῥιπτομένων
3483 918 3681 971 ἐπιπό-

2096 1037 2203 1081 νως
2232 1021 2276 1051 ³³
2322 1018 2691 1085 συλλέγοντες,
2737 1015 2895 1079 ἐκτὸς
2934 1014 3039 1067 τῶν
3087 1012 3325 1083 στομίων
3370 1010 3678 1081 κομίζουσι.

2097 1109 2256 1177 Παρὰ
2278 1109 2335 1163 δέ
2369 1109 2573 1163 τούτων
2601 1108 2655 1161 οἴ
2683 1126 2745 1161 τε
2776 1106 3140 1178 πρεσϐύτεροι
3173 1103 3269 1157 καὶ
3298 1102 3409 1156 τῶν
3432 1100 3681 1154 ἀσθενῶν

2096 1204 2147 1255 οἱ
2188 1203 2371 1256 πολλοὶ
2413 1203 2504 1255 τὸν
2541 1202 2689 1255 λίθον
2727 1202 3130 1271 μεταφέρουσι·
3165 1196 3594 1266 μετακομίζουσι
3622 1194 3680 1246 δὲ

2096 1288 2240 1348 οὗτοι
2271 1296 2383 1357 τοῖς
2420 1293 2777 1361 καλουμένοις
2825 1292 3228 1346 ἐπωπεῦσινίί.
3277 1290 3434 1362 [1⁸541
3470 1288 3564 1359 R.]
3616 1289 3680 1340 Οί

2097 1388 2207 1456 γὰρ
2235 1384 2385 1448 ἐντὸς
2416 1385 2525 1438 τῶν
2544 1386 2837 1455 τριάκοντα
2863 1383 2998 1436 ἐτῶν
3030 1384 3260 1445 καὶτοῖς
3289 1381 3453 1434 εἴδεσι
3482 1396 3681 1449 καρτεοη

2099 1478 2183 1549 poi.
2245 1478 2445 1548 ὅλμους
2488 1476 2724 1540 λιθίνους
2782 1475 3179 1546 παρειληφότες
3238 1475 3426 1544 ὑπέρῳ
3475 1472 3682 1543 σιδηρῷ

2097 1571 2415 1625 πτίσσουσιν
2447 1568 2816 1640 ἐπιστρεφῶς,
2845 1569 2940 1621 καὶ
2973 1569 3298 1637 ποιήσαντες
3328 1565 3388 1617 τὸ
3426 1564 3681 1634 μέγιστον

2097 1663 2302 1735 τρύφος
2347 1662 2524 1732 όρόϐῳ
2563 1659 2946 1729 παραπλήσιον
2994 1658 3131 1727 πρὸς
3173 1656 3272 1728 τὴν
3313 1656 3483 1726 αὐτὴν
3530 1654 3681 1726 ῶραν

405 1748 780 1803 admetiuntur
809 1748 953 1804 aliis.
992 1748 1172 1804 Labor
1205 1750 1293 1803 hic
1336 1759 1420 1805 est
1460 1749 1787 1805 feminarum
1815 1791 1829 1817 ,
1870 1766 1989 1821 quae

2094 1750 2500 1823 ἀπομετροῦσιν
2549 1748 2778 1819 ἑτέροις.
2815 1744 2982 1809 Οὗτος
3023 1748 3083 1801 δέ
3123 1749 3272 1800 ἐστιν
3310 1748 3340 1799 ό
3375 1746 3537 1807 πόνος
3570 1745 3682 1797 τῶν

407 1848 517 1886 una
552 1850 676 1888 cum
710 1835 925 1889 maritis
970 1845 1065 1890 aut
1110 1838 1431 1907 parentibus
1468 1839 1521 1891 in
1550 1838 1825 1907 ergastula
1859 1850 1991 1894 sunt

406 1924 673 1980 abducta}.
703 1926 896 1983 Plures
928 1929 1073 1982 enim
1105 1931 1296 1985 ordine
1332 1931 1487 1985 molze
1523 1931 1801 2001 agitantur
1824 1973 1839 1997 ,
1872 1933 1993 2001 qni-

404 2012 510 2069 bus
565 2016 766 2085 pistum
822 2017 975 2072 illum
1034 2019 1265 2088 lapidem
1319 2020 1663 2090 subjiciunt,
1712 2031 1767 2077 et
1828 2031 1995 2078 ternae

404 2107 667 2177 utrinque
694 2109 762 2163 ad
794 2126 963 2164 unum
999 2113 1346 2167 contusionis
1380 2114 1547 2167 ictum
1580 2122 1821 2169 astantes
1843 2155 1858 2179 ,
1887 2125 1992 2168 tam

404 2196 554 2253 findo
601 2201 921 2269 succinctu,
978 2213 1039 2257 ut
1083 2204 1198 2258 sola
1226 2206 1477 2274 corporis
1516 2206 1765 2274 pudenda
1802 2216 1993 2260 conte-

404 2303 572 2359 gant,
620 2292 873 2347 molendo
936 2294 1263 2350 incumbunt
1316 2304 1371 2350 et
1412 2313 1478 2351 eo
1525 2314 1699 2368 usque
1746 2300 1990 2356 molunt.

406 2384 535 2437 dum
570 2385 768 2439 tradita
804 2386 938 2455 ipsis
984 2404 1241 2442 mensura
1282 2388 1609 2461 similaginis
1660 2393 1726 2445 ad
1772 2393 1991 2446 modum

403 2476 619 2531 redacta
654 2476 837 2531 fuerit.
874 2477 969 2534 llis
1004 2479 1165 2549 igitur
1200 2481 1507 2546 universis,
1541 2485 1633 2553 qui
1656 2500 1775 2538 eam
1816 2484 1995 2539 fortu-

404 2585 490 2623 na:
516 2580 717 2624 sortcm
750 2572 982 2625 tolerant
1003 2612 1019 2637 ,
1052 2588 1199 2627 mnrs
1227 2573 1333 2627 vita
1360 2584 1444 2629 est
1476 2576 1790 2644 optabilior.
1836 2578 1877 2629 A
1911 2577 1992 2630 fe-

405 2662 589 2717 mineo
618 2679 750 2718 sexu
793 2665 1070 2733 pulverem
1111 2666 1182 2720 ita
1224 2667 1512 2721 subactum
1553 2668 1832 2736 excipiunt
1857 2670 1948 2723 alii
1976 2709 1990 2733 ,

404 2752 602 2824 44εὸ
651 2770 794 2824 quos
845 2758 1127 2826 selangeos
1185 2757 1490 2813 nominant.
1551 2760 1802 2815 Artiﬁces
1866 2766 1994 2814 sunt

408 2846 484 2899 illi
512 2862 746 2914 quorum
771 2848 824 2901 in
852 2848 1110 2904 facultate
1155 2859 1239 2906 est
1272 2851 1376 2905 hoc
1398 2852 1560 2921 regia:
1582 2851 1830 2906 utilitatis
1856 2866 1993 2920 Opus

408 2938 474 2991 ad
508 2939 667 2993 linem
695 2942 1014 3009 perducere.
1050 2942 1310 3013 Operatio
1340 2945 1412 2998 ita
1440 2960 1499 2998 se
1537 2944 1715 2997 habet.
1755 2944 1993 2997 Marmor

406 3030 483 3084 ita
525 3032 898 3086 commolitum
939 3035 994 3087 in
1028 3035 1212 3090 tabula
1256 3035 1578 3102 ell‘undunt,
1622 3036 1727 3090 lata
1771 3037 1988 3105 quidem

405 3132 459 3176 et
485 3122 552 3176 ad
578 3134 778 3178 rectam
811 3126 1112 3180 sectionem
1140 3127 1328 3195 polita,
1352 3142 1474 3195 qua:
1499 3137 1677 3182 tamen
1705 3145 1809 3182 non
1842 3142 1989 3185 recto
2018 3098 2063 3161 C

406 3212 674 3268 incumbit
700 3216 841 3282 loco,
876 3217 970 3271 sed
995 3218 1245 3287 exiguam
1277 3217 1702 3272 declinationem
1736 3219 1990 3273 habet.lu

405 3304 508 3364 hac
553 3309 872 3376 pulverem,
905 3309 1078 3363 affusa
1111 3325 1252 3379 aqua
1287 3352 1302 3376 ,
1337 3310 1590 3364 manibus
1624 3318 1808 3366 terunt
1837 3313 1993 3366 initio

404 3399 597 3455 leviter
642 3401 840 3455 deinde
884 3402 1150 3469 pressius.
1208 3402 1386 3466 Unde,
1416 3401 1612 3469 Opinor
1639 3441 1655 3466 ,
1708 3405 1990 3458 terrestria

405 3491 718 3555 eliquanlur
747 3501 799 3543 et
831 3491 898 3544 ad
936 3491 1161 3544 tabulati
1191 3502 1379 3544 nutum
1411 3490 1680 3547 defluunt.
1718 3492 1773 3546 ld
1808 3503 1989 3546 autem

405 3582 552 3650 quod
580 3582 822 3636 validum
849 3592 1006 3639 estet
1036 3583 1241 3652 aliquid
1270 3584 1457 3653 pollet,
1490 3584 1543 3638 in
1577 3586 1993 3655 ligno'subsistit

404 3674 704 3728 immobile.
736 3674 873 3727 Cum
916 3675 1081 3744 igitur
1112 3676 1303 3729 crebro
1344 3676 1504 3751 aquis
1533 3678 1820 3731 materiam
1853 3678 1991 3733 eluit

404 3767 724 3838 selangeus,
748 3767 992 3836 spongiis
1018 3766 1273 3821 mollibus
1301 3775 1355 3821 et
1380 3768 1563 3822 densis
1586 3784 1828 3822 marmor
1859 3769 1992 3824 levi-

402 3869 489 3915 ter
516 3867 804 3924 attrectat,
848 3869 904 3913 et
931 3859 1219 3928 aliquando
1253 3874 1506 3929 premens
1530 3901 1548 3925 ,
1580 3860 1723 3928 quod
1757 3866 1871 3915 leve
1908 3872 1993 3918 est

402 3962 459 4006 et
488 3953 696 4011 laxum.
728 3952 1045 4023 l'ungositati
1073 3952 1435 4022 implicatum,
1470 3969 1500 4009 e
1530 3969 1761 4008 caverna
1811 3966 1992 4009 extra-

404 4044 485 4100 hit
512 4056 567 4099 et
597 4045 819 4114 abjicit,
861 4045 1007 4115 quod
1035 4061 1160 4099 vero
1187 4061 1353 4114 grave
1388 4054 1475 4099 est
1500 4056 1566 4113 ,οι
1594 4046 1882 4116 splendet,
1933 4048 1987 4101 in

402 4139 584 4195 tabula
618 4150 886 4193 secretum
924 4138 1209 4207 relinquit,
1243 4139 1372 4208 quia
1404 4148 1629 4208 pr0pter
1660 4140 1987 4207 gravitatem

404 4241 601 4286 natura
638 4232 779 4284 haud
818 4231 976 4285 facile
1026 4231 1241 4286 mobilis
1292 4232 1342 4287 ei
1392 4232 1599 4287 subest.
1664 4230 1779 4286 Hoc
1827 4233 1990 4302 igitur

405 4327 571 4380 modo
608 4327 895 4395 selangeus
955 4338 1241 4395 postquam
1275 4326 1398 4380 auri
1432 4337 1678 4381 ramenta
1716 4341 1990 4396 expurga-

404 4420 525 4482 vit,
561 4419 879 4474 coctoribns
910 4420 1271 4474 transmittit:
1316 4419 1410 4489 qui
1441 4419 1603 4473 simul
1632 4434 1697 4475 ac
1734 4430 1985 4474 coactum
2022 4446 2064 4500 Β

404 4509 536 4565 illud
576 4512 645 4564 ad
695 4528 1006 4567 mensuram
1052 4520 1106 4566 et
1154 4513 1348 4566 libram
1381 4520 1753 4582 acceperunt,
1806 4515 1858 4567 in
1895 4529 1991 4568 vas

405 4599 706 4654 immittunt
734 4598 899 4655 ﬁctile
933 4640 948 4665 ,
988 4610 1042 4654 et
1085 4600 1151 4654 ad
1193 4599 1557 4654 multitudinis
1583 4601 1986 4670 proportionem

404 4691 588 4745 bolum
618 4692 823 4760 plumbi
849 4702 903 4745 et
932 4691 1061 4746 salis
1087 4706 1332 4759 grumos,
1363 4691 1774 4761 pauxillumque
1798 4691 1986 4745 stanni

403 4791 457 4836 et
484 4780 749 4837 furfurem
781 4782 1141 4837 hordeaceum
1171 4783 1499 4839 admiscent.
1547 4781 1686 4837 Hinc
1729 4782 1989 4854 imposito

403 4874 550 4941 quod
575 4873 713 4928 bene
737 4883 883 4943 tegat
901 4875 1179 4943 operculo,
1205 4884 1260 4930 et
1298 4875 1537 4945 undique
1572 4875 1901 4940 circumlito,
1932 4874 1986 4928 in

404 4964 627 5020 fornace
650 4976 915 5035 coquunt,
939 4968 1055 5023 dies
1074 4968 1320 5038 quinque
1344 4977 1396 5021 et
1415 4967 1637 5021 totidem
1658 4976 1847 5021 noctes
1868 4967 1988 5021 sine

404 5054 832 5112 intermissione.
874 5057 1137 5128 Sequenti
1170 5060 1428 5128 deinceps
1460 5055 1550 5113 die
1576 5097 1593 5125 ,
1630 5057 1779 5127 justa
1816 5067 1989 5111 mate-

403 5148 502 5204 rias
540 5149 794 5207 astulata:
831 5151 1245 5223 refrigeratione
1282 5149 1557 5213 adhibita,
1607 5149 1662 5204 in
1698 5147 1985 5203 vasculum

2097 1844 2373 1914 γυναικῶν
2402 1842 2509 1896 τῶν
2531 1843 2611 1905 είς
2634 1841 2733 1904 τὰς
2756 1840 3002 1908 φυλακὰς
3023 1840 3458 1908 συναπηγμένων
3484 1838 3679 1907 ἀνδράι

2098 1954 2182 1991 σιν
2212 1937 2244 2007 ἢ
2275 1934 2515 2006 γονεῦσι.
2555 1933 2684 2005 [ηδ
2712 1932 2805 2004 Η.]
2836 1933 3010 1987 Μύλοι
3043 1933 3149 2003 γὰρ
3178 1931 3307 2000 ἐξῆς
3334 1930 3554 1992 πλείους
3590 1930 3685 1998 βε-

2096 2027 2350 2099 ϐήκασιν,
2388 2028 2473 2094 ἐφ’
2500 2025 2593 2089 οὒς
2635 2026 2728 2079 τὸν
2754 2024 3081 2090 ἐπτισμένον
3117 2022 3470 2078 ἐπιϐάλλουσι
3502 2023 3680 2075 λίθονο

2095 2122 2190 2176 καὶ
2219 2120 2569 2191 παραστᾶσαι
2594 2119 2742 2188 τρεῖς
2771 2116 3115 2185 ἑκατέρωθεν
3142 2115 3279 2186 πρὸς
3300 2114 3397 2186 τὴν
3428 2114 3557 2185 μίαν
3581 2114 3685 2166 xci»

2096 2228 2206 2282 πην
2228 2211 2293 2276 ²⁸,
2320 2208 2489 2271 οὕτως
2523 2208 2830 2277 ἐζωσμέναι
2871 2207 3296 2276 δυσπροσόπτως
3341 2205 3481 2258 ὥστε
3520 2206 3686 2274 μόνον

2093 2302 2193 2374 τὴν
2245 2302 2508 2371 αἰσχύνην
2556 2299 2651 2352 τοῦ
2704 2300 2957 2369 σώματος
3015 2298 3302 2368 κρύπτειν,
3354 2298 3682 2368 ἀλήθουσιν·

2095 2394 2354 2465 ἀλήθουσι
2394 2393 2453 2447 δὲ.
2496 2392 2602 2456 ἓως
2652 2393 2757 2445 ὑπὸ
2800 2392 2890 2446 τὸν
2923 2393 3021 2460 τῆς
3065 2390 3398 2462 σεμιδάλεως
3445 2391 3615 2443 τόπον
3639 2390 3687 2421 ’⁵

2094 2488 2235 2560 ἀχθῇ
2257 2487 2318 2539 τὸ
2347 2485 2650 2557 παραδοθὲν
2682 2485 2898 2553 μέτρον.
2938 2477 3099 2537 Οὗτοι
3128 2485 3327 2546 πάντες
3347 2481 3510 2535 οἰτόν
3533 2486 3690 2553 εἰρη-

2097 2578 2257 2647 μένον
2316 2577 2412 2646 τῆς
2459 2575 2630 2647 τύχης
2682 2574 2880 2643 κλῆρον
2941 2573 3264 2636 ὑπελθόντες
3310 2574 3690 2643 ποθεινότερον

2095 2668 2277 2738 ἔχουσι
2305 2665 2397 2720 τοῦ
2432 2666 2548 2736 βίου
2591 2666 2681 2719 τὸν
2718 2666 2969 2719 θάνατον.
3001 2666 3161 2736 Παρὰ
3193 2666 3250 2718 δὲ
3290 2664 3384 2718 τοῦ
3422 2665 3614 2735 θήλεος
3638 2665 3689 2699 ’⁵

2092 2762 2285 2830 γένους
2308 2759 2643 2828 διαδέχονται
2679 2758 2781 2828 μὲν
2813 2758 2873 2811 τὸ
2910 2757 3377 2828 κατειργασμένον
3407 2757 3455 2809 oi
3487 2756 3689 2809 καλού-

2096 2867 2247 2922 μενοι
2276 2849 2531 2920 σηλαγεῖς
2556 2849 2603 2878 “
2624 2865 2637 2879 ο
2665 2850 2773 2901 εἰσὶ
2796 2848 2838 2900 δ’
2866 2841 3011 2901 οὗτοι
3042 2851 3279 2917 τεχνῖται
3310 2846 3447 2916 πρὸς
3484 2845 3545 2898 τὸ
3579 2846 3687 2899 πέ-

2098 2962 2196 3014 ρας
2226 2943 2383 3011 ἄγειν
2409 2942 2696 3011 δυνάμενοι
2720 2939 2817 3009 τὴν
2850 2940 3137 3011 βασιλικὴν
3163 2940 3372 3010 χρείαν.
3417 2940 3480 2990 Ἦ
3507 2938 3563 2991 δὲ
3589 2939 3686 3008 ἐρ-

2094 3036 2262 3106 γασία
2281 3034 2528 3104 τοιαύτη.
2562 3032 2976 3086 Καταϐάλλουσι
3010 3034 3108 3102 τὴν
3140 3032 3518 3101 ἀληλεσμένην
3544 3032 3689 3101 μάρ-

2098 3146 2271 3200 μαρον
2309 3130 2403 3181 ἐπὶ
2454 3126 2667 3188 σανίδος
2697 3124 2961 3186 πλατείας
2999 3123 3099 3193 μὲν
3142 3124 3234 3176 καὶ
3275 3122 3690 3191 κατεξυσμένης

2096 3223 2175 3285 είς
2211 3221 2428 3274 εὐθεῖαν
2458 3218 2653 3289 τομὴν,
2692 3218 2792 3270 οὐκ
2828 3219 2885 3269 ἐν
2916 3216 3050 3288 ὀρθῇ
3083 3216 3137 3268 δὲ
3175 3216 3331 3286 χώρα
3360 3213 3686 3285 βεϐηκυίας,

2093 3313 2231 3368 ἀλλὰ
2283 3313 2488 3383 μικρὰν
2537 3311 2770 3380 ἐχούσης
2812 3308 3104 3363 ἐπίκλισιν.
3143 3303 3277 3361 Εἶτα
3315 3306 3690 3376 καταχέοντες

2095 3406 2240 3477 ὕδωρ
2287 3405 2539 3474 τρίϐουσι
2584 3405 2708 3465 ταῖς
2754 3402 2932 3472 χερσὶ,
2968 3402 3036 3454 τὰ
3069 3400 3261 3472 πρῶτα
3302 3400 3402 3469 μὲν
3439 3399 3685 3469 κούφως,

2093 3496 2286 3550 ἔπειτα
2308 3498 2350 3528 ²⁷
2394 3494 2594 3565 μᾶλλον
2620 3494 2763 3560 ὃθεν,
2786 3489 2962 3560 οἶμαι,
2993 3492 3054 3545 τὸ
3088 3492 3186 3561 μὲν
3214 3492 3259 3524 ’⁸
3285 3491 3488 3558 γεῶδες
3516 3494 3691 3563 ἐκτη⁴

2094 3590 2324 3662 κόμενον
2376 3589 2710 3658 συναπορρεῖ
2752 3585 2897 3640 κατὰ
2929 3587 3027 3656 τὴν
3062 3586 3306 3637 ἐπίνοιαν
3334 3583 3430 3636 τοῦ
3468 3584 3695 3637 σανιδώ-

2097 3699 2288 3754 ματος,
2315 3680 2377 3735 τὸ
2401 3680 2445 3733 δ’
2467 3678 2650 3748 ίσχύον
2673 3681 2718 3711 ²⁹
2745 3678 2841 3731 καὶ
2867 3678 3091 3731 δυνατὸν
3114 3678 3206 3729 ἐπὶ
3231 3677 3323 3729 τοῦ
3350 3676 3506 3741 ξύλου
3534 3677 3693 3744 μένει

2093 3773 2370 3841 ἀκίνητον.
2406 3769 2673 3831 Πολλάκις
2716 3768 2773 3820 δὲ
2814 3770 2927 3832 τοῖς
2964 3767 3151 3821 ὕδασιν
3180 3767 3497 3831 ἀποπλύνας
3523 3770 3550 3821 ὁ
3588 3786 3693 3821 κα-

2091 3864 2354 3935 λούμενος
2394 3862 2703 3934 σηλαγγεὺς
2743 3860 3156 3930 μεταλαμϐάνει
3200 3861 3469 3929 σπόγγους
3513 3859 3693 3929 μαλα-

2094 3957 2225 4020 κοὺς
2273 3956 2369 4008 καὶ
2420 3956 2682 4017 πυκνοὺς,
2719 3946 2800 4015 οἷς
2832 3952 3213 4023 ἐφαπτόμενος
3254 3952 3351 4021 τῆς
3389 3951 3692 4022 μαρμάρου

2094 4046 2313 4114 κούφως
2365 4044 2460 4098 καὶ
2504 4042 2701 4096 θλίϐων
2746 4044 2839 4095 ἐπὶ
2880 4042 3045 4095 ποσὸν
3078 4042 3137 4095 τὸ
3171 4043 3268 4113 μὲν
3321 4042 3559 4112 ἐλαφρὸν
3594 4045 3694 4097 καὶ

2092 4137 2289 4209 χαῦνον
2320 4133 2725 4206 ἐμπλεκόμενον
2761 4135 2873 4196 τοῖς
2912 4133 3263 4204 ἀραιώμασιν
3305 4134 3414 4187 ἀπὸ
3448 4133 3547 4204 τῆς
3583 4137 3683 4202 σή.

2094 4244 2301 4300 ραγγος
2349 4227 2611 4293 ἀναφέρει
2659 4224 2751 4276 καὶ
2791 4223 3063 4292 ἐκρίπτει,
3096 4224 3155 4275 τὸ
3187 4224 3243 4277 δὲ
3284 4222 3547 4294 ἐμϐριθὲς
3595 4224 3693 4277 καὶ

2097 4319 2310 4374 στίλϐον
2348 4318 2442 4370 ἐπὶ
2466 4316 2563 4387 τῆς
2597 4314 2809 4376 σανίδος
2833 4315 3272 4387 ἀποκεκριμένον
3301 4315 3343 4346 ³⁰
3372 4314 3693 4381 ἀπολείπει,

2093 4413 2411 4482 δυσκινήτου
2446 4409 2534 4462 διὰ
2561 4409 2623 4460 τὸ
2646 4409 2687 4439 ³³
2716 4408 2883 4477 βάρος
2910 4406 3011 4475 τῆς
3036 4407 3295 4477 τοιαύτης
3323 4406 3543 4475 φύσεως
3565 4407 3697 4461 ὑπο-

2094 4504 2374 4574 κειμένης.
2413 4499 2599 4560 Οὕτως
2615 4494 2709 4551 οὖν
2736 4491 2891 4561 οὗτος
2921 4500 2950 4550 ό
2974 4496 3283 4567 σηλαγγεὺς
3306 4498 3695 4570 περικαθάρας

2092 4596 2161 4649 τὰ
2206 4595 2474 4666 ψήγματα
2519 4591 2613 4645 τοῦ
2664 4590 2869 4661 χρυσοῦ
2917 4589 3258 4660 παραδίδωσι
3290 4592 3401 4655 τοῖς
3435 4591 3692 4662 ἐψηταῖς.

2093 4692 2156 4743 Οἱ
2186 4690 2242 4742 δὲ
2270 4689 2530 4749 λαϐόντες
2567 4686 2752 4757 μέτρῳ
2774 4702 2834 4737 τε
2865 4683 2960 4739 καὶ
2994 4684 3223 4756 σταθμῷ
3260 4686 3322 4738 τὸ
3346 4688 3697 4756 συνηγμένον

2094 4782 2175 4842 εἰς
2206 4778 2375 4847 ἄγγος
2420 4776 2730 4846 κεραμεοῦν
2773 4773 3048 4838 ἐνέϐαλον,
3098 4778 3193 4829 καὶ
3240 4776 3498 4845 μίξαντες
3546 4779 3694 4832 κατά

2095 4871 2255 4939 λόγον
2279 4868 2376 4923 τοῦ
2398 4868 2639 4939 πλήθους
2666 4866 2917 4938 μολίϐδου
2948 4867 3117 4938 βῶλον
3139 4870 3233 4923 καὶ
3255 4868 3511 4939 χόνδρους
3543 4869 3694 4923 ἀλῶν

2096 4964 2190 5018 καὶ
2223 4961 2549 5032 κασσιτέρου
2584 4960 2757 5032 βραχὺ
2783 4960 2878 5014 καὶ
2901 4961 3142 5031 κρίθινον
3173 4961 3420 5032 πίτυρον,
3449 4964 3693 5018 κάπειτα

2095 5053 2377 5117 ἐπιθέντες
2398 5051 2638 5123 ἐπίθεμα
2660 5052 2843 5115 καλῶς
2865 5053 3214 5123 ἡρμοσμένον
3240 5054 3334 5107 καὶ
3354 5054 3628 5108 πάντοθεν
3647 5056 3694 5088 ³³

2095 5144 2407 5216 χρίσαντες,
2438 5142 2660 5213 ἕψουσιν
2689 5144 2746 5197 ἐν
2775 5143 2991 5214 καμίνῳ
3026 5146 3189 5197 πέντε
3217 5144 3430 5217 ἡμέρας
3457 5147 3556 5200 καὶ
3588 5144 3695 5210 τὰς

1679 5328 1918 5385 VARUE
1977 5326 2383 5385 LECTIONES.

513 5504 556 5535 ι’
587 5498 723 5573 θραύ
775 5513 880 5551 ατα
924 5510 1009 5561 pr.
1048 5494 1114 5546 A.
1216 5495 1263 5527 ¹⁶
1296 5494 1561 5557 ἐπιτόνως
1590 5494 1657 5547 Α.
1688 5500 1689 5503 “

408 5590 497 5627 νον
517 5570 563 5625 Α
585 5590 598 5625 :
619 5517 794 5641 κοπὲν
814 5565 1043 5641 --δυσπ
1054 5564 1315 5641 ροσώπως
1338 5565 1602 5641 τῌμόνην
1628 5580 1689 5641 ςξε

409 5643 547 5705 λεως
579 5660 639 5706 ς.
739 5633 785 5673 ﬂ
817 5633 1142 5708 σηλλαγγείς
1175 5653 1232 5708 ς.
1336 5637 1379 5667 ’⁷
1406 5633 1599 5690 ἔπειτα
1646 5633 1703 5688 δὲ
1736 5650 1794 5704 μ.
1831 5648 1892 5697 ς.

413 5712 456 5745 ³¹
483 5713 543 5768 ςδ
564 5711 687 5769 add.
724 5712 783 5767 Β.
874 5706 942 5738 ’³³
967 5706 1299 5778 πανταχόθεν
1337 5723 1397 5772 ς’.

1216 5495 1263 5527 ¹⁶
1296 5493 1561 5557 ἐπιτόνως
1590 5491 1657 5547 Α.
1688 5492 1733 5523 ¹¹
1764 5488 2062 5544 ἐποπεῦσιν
2083 5488 2146 5545 Β.
2223 5490 2271 5560 ’_'
2292 5488 2488 5560 σιδηρᾷ⁸
2513 5488 2577 5543 Β.
2656 5485 2923 5560 ²³ᾎκὼπην
2942 5486 3465 5560 -ᾉδυσπροσόπτως
3496 5519 3565 5533 -ι
3593 5493 3696 5560 μό-

1764 5509 2062 5544 εποπευσιν
2084 5509 2146 5545 ῠ.
2226 5509 2271 5520 "
2292 5509 2488 5560 σιοηριτ⁸
2513 5509 2577 5543 υ.
2658 5509 2703 5519 ··’
2729 5509 2923 5556 κωπην
2942 5516 3014 5530 —-
3036 5509 3465 5555 ουσπροσοπτως
3496 5519 3565 5533 -ι
3636 5509 3692 5547 ο.

1764 5563 1811 5594 ³⁵
1841 5560 1948 5615 ὑπὸ
1977 5590 2048 5602 ——
2072 5558 2259 5633 τόπον]
2288 5561 2443 5633 ἐςμ-
2464 5560 2667 5633 τρόπον
2700 5557 2967 5633 Diodorus
3000 5558 3217 5633 §iculus
3247 5558 3300 5621 5,
3345 5560 3432 5613 15.
3466 5632 3471 5633 ί
3515 5561 3562 5593 ’³
3591 5509 3692 5633 δή-

1992 5632 2037 5665 ’⁸
2070 5631 2170 5703 μὲν
2200 5628 2315 5687 oin.
2346 5630 2404 5685 Β.
2483 5630 2530 5663 ’⁵
2563 5628 2781 5698 ἰσχυρὸν
2813 5643 2871 5690 ς.

2996 5630 3039 5661 ³ο
3072 5632 3574 5700 ἀποκεκρυμμένον
3620 5630 3689 5689 Α.
