3966 6240
208 294 287 363 33

1348 277 1879 343 BIBLIOTHECA.
1920 298 1989 311 -
2019 270 2183 332 COD.
2208 264 2366 327 CCL.

3428 240 3502 305 34

213 420 343 481 ἴσας
382 409 610 471 νύκτας,
662 400 818 459 οὐθὲν
840 403 885 435 ³³
927 400 1315 463 διαλείποντες.
1358 400 1439 470 Τῇ
1476 397 1521 452 δ’
1570 396 1843 468 ἐχομένῃ⁴

1948 389 2057 444 liud
2096 384 2425 448 extrahunt,
2465 375 2709 445 nihilque
2752 384 2937 427 rerum
2971 362 3136 424 simul
3174 363 3498 433 iujectarum

215 505 540 576 σύμμετρον
587 499 657 568 τῇ
699 492 1077 565 πεπυρωμένῃ
1107 494 1477 562 προσάγοντες
1521 487 1681 557 ψύξιν
1731 488 1811 549 είς

214 598 444 665 ἀγγεῖον
473 590 821 660 κατήρασαν,
850 586 978 640 ἄλλο
1014 584 1114 654 μὲν
1146 581 1254 635 τῶν
1286 578 1626 650 συνεμϐεϐλη
1637 576 1812 648 μένων

216 689 378 743 οὑθίςν
411 684 783 755 εὑρίσκοντες,
812 678 944 732 αὐτὸ
977 676 1024 711 ³⁸
1056 677 1114 731 δὲ
1152 673 1245 729 τοῦ
1279 674 1505 746 χρυσίου
1540 672 1604 725 τὸ
1636 670 1812 743 χύμα,

220 782 488 855 βραχεῖαν
517 774 744 847 είληφδς
790 770 1062 827 ἀπουσίαν
1105 767 1215 824 άπδ
1252 768 1346 821 τοῦ
1387 764 1699 839 ψήγματος.
1752 763 1817 816 Ἡ

225 877 324 947 μὲν
356 868 452 926 οὖν
493 869 635 939 πρὸς
682 869 795 929 τοῖς
842 863 1125 935 μετάλλοις
1159 860 1406 915 ἀπώλεια
1447 858 1557 912 τῶν
1603 855 1818 910 πολλῶν

226 946 499 1030 σωμάτων
524 956 663 1027 πρὸς
687 954 749 1007 τὺ
773 953 939 1027 ῥηθὲν
958 952 1113 1016 τέλος
1138 950 1421 1020 κομίζεται
1442 949 1540 1020 τὴν
1561 946 1815 1011 διέξοδον,

228 1058 422 1130 σχεδὸν
468 1054 632 1121 αὑτῆς
676 1051 777 1119 τῆς
808 1049 1023 1119 φύσεως
1050 1046 1407 1117 δεικνυούσης
1440 1047 1524 1099 ὅτι
1552 1044 1646 1098 τοῦ
1682 1061 1819 1114 χρυ-

234 1157 361 1209 σίου
396 1151 742 1224 συμϐέϐηκεν
772 1149 1039 1219 ὑπάρχειν
1076 1146 1173 1200 καὶ
1206 1145 1307 1215 τὴν
1327 1145 1542 1213 γένεσιν
1564 1141 1821 1196 ἐπίπονον

240 1246 457 1316 καίτὴν
487 1243 728 1313 φυλακὴν
778 1240 1055 1311 σφαλερὰν
1089 1240 1186 1292 καὶ
1224 1237 1322 1308 τὴν
1374 1234 1615 1307 σπουδήν
1665 1232 1823 1304 μεγί-

247 1355 380 1407 στην
404 1338 495 1390 καὶ
520 1335 616 1406 τὴν
645 1332 843 1404 χρῆσιν
885 1328 1081 1398 ἡδονῆς
1134 1325 1230 1380 καί¹
1279 1324 1458 1393 λύπης
1513 1322 1618 1375 ἀνὰ
1661 1321 1824 1391 μέσον

244 1432 525 1503 κειμένην,
561 1429 662 1499 τήν
703 1442 763 1479 τε
802 1422 1066 1494 ἐργασίαν
1112 1419 1314 1489 τρόπον
1344 1416 1466 1470 τινὰ
1501 1414 1596 1468 τοῦ
1636 1413 1828 1481 γένους

239 1500 633 1595 ἀρχαιοτάτην.
664 1516 906 1586 Εὕρηται
939 1514 1035 1584 μὲν
1061 1509 1170 1580 γὰρ
1199 1508 1304 1562 ὑπὸ
1335 1506 1445 1559 τῶν
1474 1504 1708 1574 πρώτων
1734 1500 1825 1554 τοῦ

236 1591 408 1669 τύπου
435 1609 707 1683 βασιλέων
739 1608 848 1660 τῶν
878 1602 1155 1675 μετάλλων
1187 1600 1221 1670 ἠ
1254 1599 1434 1667 φύσις,
1467 1596 1674 1650 διέλιπε
1696 1593 1740 1625 ³⁵
1771 1591 1830 1646 δὲ

239 1702 548 1776 ἐνεργοῦσά
579 1718 709 1754 ποτε
740 1699 838 1770 μὲν
871 1694 1145 1749 Αἰθιόπων
1180 1689 1309 1763 [729
1329 1687 1421 1759 Η]
1467 1687 1561 1740 ἐπὶ
1597 1686 1696 1755 τὴν
1729 1683 1826 1737 Δί-

239 1774 451 1863 γυπτον
496 1789 740 1860 πλήθους
777 1783 1123 1843 συνελθόντος
1157 1784 1253 1833 καί⁵
1302 1777 1475 1831 πολλά
1514 1775 1614 1839 τὰς
1648 1774 1831 1836 πόλεις

243 1888 337 1957 ἔτη
366 1885 784 1957 φρουρήσαντος
815 1876 929 1949 (ὑφ’
949 1870 1025 1929 ὧν
1061 1874 1158 1927 καλ⁸
1177 1874 1222 1906 ⁸⁸
1251 1871 1319 1924 τὰ
1351 1869 1663 1939 Μεμνόνεια
1709 1884 1835 1920 συν-

244 1977 563 2035 τετελέσθαι
612 1974 792 2046 φασὶ),
825 1971 956 2025 ποτὲ
990 1968 1047 2023 δὲ
1084 1965 1283 2036 Μήδων
1326 1964 1421 2017 καὶ
1456 1962 1683 2032 Περσῶν
1717 1961 1838 2013 ὲπι-

248 2072 665 2145 κρατησάντων.
700 2067 1063 2137 Εὑρίσκονται
1094 2060 1151 2114 δὲ
1189 2062 1270 2115 ἔτι
1316 2057 1410 2112 καὶ
1451 2055 1574 2110 καθ’
1597 2055 1748 2125 ἡμᾶς
1777 2053 1837 2105 ἐν

253 2168 365 2229 τοῖς
410 2162 687 2233 χρυσείοις
742 2158 851 2222 τοῖς
890 2156 986 2211 ὑπ’
1010 2156 1235 2210 ἐκείνων
1271 2144 1763 2205 κατασκευασθεῖσι
1791 2140 1836 2173 ³⁷

261 2253 534 2329 [-ιδιιιι.]
566 2251 853 2322 λατομίδες
886 2250 985 2318 μὲν
1009 2249 1228 2320 χαλκαῖ,
1250 2244 1339 2299 διὰ
1373 2242 1433 2297 τδ
1472 2241 1639 2312 μήπω
1666 2236 1765 2306 τὴν
1790 2232 1834 2264 ει

252 2324 349 2401 τοῦ
404 2324 628 2414 σιδήρου
686 2341 809 2395 κατ’
861 2341 1065 2395 ἐκεῖνον
1124 2338 1216 2391 τὸν
1265 2334 1457 2407 χρόνον
1507 2324 1838 2399 ἐγνωρίσθαι

256 2439 467 2511 χρείαν,
501 2437 636 2490 ὀστᾶ
660 2434 719 2489 δὲ
754 2430 1060 2504 ἀνθρώπων
1090 2429 1299 2484 ἄπιστα
1331 2426 1408 2498 τῷ
1438 2422 1657 2493 πλήθει,
1687 2433 1838 2471 πτω-

259 2509 445 2603 μάτων
486 2530 647 2599 (ὅπερ
694 2524 841 2587 είκὸς
890 2524 1137 2592 γίνεσθαι
1164 2521 1207 2553 ³⁸
1247 2520 1349 2573 ούκ
1392 2517 1587 2585 ὀλίγων
1634 2514 1694 2566 ὲν
1729 2509 1842 2570 τοῖς

1914 475 2202 533 inveniunt
2228 511 2243 533 ,
2282 478 2476 537 praeter
2508 466 2755 520 eamdem
2786 461 2906 515 auri
2952 469 3196 513 massam
3220 454 3334 524 jam
3370 465 3504 508 cen-

1913 570 2095 626 natam
2118 606 2134 631 ,
2182 579 2305 635 qua
2350 578 2383 617 a
2424 558 2590 615 scobe
2620 554 2847 628 pristina
2886 568 2993 608 non
3027 549 3260 605 multum
3291 543 3499 600 deﬁcit.

1918 664 2043 719 "me
2085 660 2271 729 itaque
2319 656 2389 710 ad
2446 651 2662 708 fodinae
2698 648 2822 702 illas
2867 657 3162 715 corporum
3201 638 3502 695 multorum

1916 753 2172 825 perditio,
2203 750 2270 805 ad
2300 762 2448 814 eum,
2477 759 2640 816 quem
2664 740 2800 806 dixi,
2827 738 2989 794 tinem
3015 735 3223 793 exitum
3245 730 3499 794 sortitur,

1918 848 2035 920 ipsa
2067 859 2238 915 prope
2273 852 2473 897 natura
2521 837 2930 893 demonstrante
2955 871 2971 895 ,
3014 837 3070 884 et
3096 825 3503 898 generationem

1920 911 2038 995 auri
2069 911 2424 995 laboriosam,
2453 940 2508 986 et
2550 925 2857 984 custodiam
2886 920 3151 975 lubricam
3178 957 3194 983 ,
3221 924 3275 971 et
3301 911 3506 969 seduli-

1920 1042 2087 1089 tatem
2117 1028 2412 1084 maximam
2456 1038 2598 1085 esse,
2628 1030 2901 1086 usumque
2931 1014 2985 1067 in
3010 1011 3187 1066 medio
3210 1004 3506 1075 voluptatis

1922 1136 1978 1183 et
2014 1120 2352 1194 azgritudinis
2386 1115 2711 1172 consistere.
2765 1104 3078 1162 Elaboratio
3119 1110 3298 1156 autem
3340 1098 3508 1167 hujus

1926 1191 2141 1290 generis
2170 1206 2578 1283 quodammodo
2612 1201 3001 1273 antiquissima
3032 1206 3135 1252 est.
3167 1194 3305 1249 Nam
3337 1207 3368 1246 a
3395 1191 3479 1260 pri

1927 1280 2032 1363 niis
2058 1306 2161 1362 loci
2189 1280 2407 1373 regibus
2449 1301 2667 1353 inventa
2696 1305 2780 1350 est
2806 1306 2870 1348 ea
2901 1288 3107 1345 metalli
3143 1294 3357 1339 natura.
3407 1280 3513 1335 De-

1930 1398 2131 1465 siitque
2163 1396 2217 1449 in
2255 1370 2380 1448 actu
2412 1405 2532 1446 esse
2568 1397 2680 1443 tum
2706 1424 2723 1451 ,
2759 1382 2980 1454 quando
3014 1378 3334 1445 IEthiopum
3378 1370 3510 1427 olim

1930 1462 2122 1559 agmen
2159 1482 2451 1554 Egyptum
2484 1475 2824 1539 incursavit,
2868 1479 2922 1527 et
2953 1468 3139 1525 multis
3164 1466 3324 1521 anuis
3348 1462 3511 1516 urbes

1932 1555 2233 1635 custoditas
2273 1572 2541 1645 praesidiis
2586 1569 2702 1625 suis
2758 1563 2964 1624 tenuit.
3010 1576 3040 1615 a
3074 1557 3275 1630 ma
3312 1555 3515 1626 quibus

1932 1673 2095 1727 etiam
2121 1666 2426 1723 Memnonis
2450 1678 2572 1718 esse
2588 1659 2824 1732 perfecta
2853 1661 3178 1714 memorant,
3204 1660 3315 1703 tum
3340 1660 3515 1716 quan-

1862 1752 1904 1808 Β
1936 1765 2006 1819 do
2030 1761 2169 1817 Medi
2192 1769 2244 1814 et
2266 1758 2443 1813 Persa:
2464 1769 2647 1811 rerum
2676 1749 3044 1821 potiebantur.
3075 1745 3141 1799 Et
3166 1740 3514 1811 reperiuntur

1936 1856 2101 1913 etiam
2136 1860 2459 1923 tempestate
2490 1858 2675 1903 nostra
2707 1846 2762 1900 in
2794 1839 3115 1897 aurifodinis
3148 1837 3363 1891 illormn
3399 1846 3517 1885 ma-

1939 1947 2177 2002 nufactis
2203 1984 2219 2007 ,
2274 1942 2453 1997 mallei
2486 1936 2724 1994 incisorii
2774 1950 2841 1988 ex
2883 1947 2988 1986 aere
3019 1928 3150 1999 (qui
3178 1923 3518 1994 temporibus

1942 2041 2052 2095 illis
2079 2038 2211 2093 ferri
2243 2051 2377 2090 usus
2404 2032 2692 2087 admodum
2719 2027 2949 2096 exiguus
2972 2024 3123 2090 erat)
3171 2028 3225 2073 et
3265 2031 3391 2071 ossa
3422 2014 3525 2068 bon

1948 2133 2158 2189 minum
2210 2126 2511 2184 incredibili
2546 2120 2890 2179 multitudine
2920 2136 2933 2173 :
2983 2123 3377 2185 proptereaque
3412 2122 3517 2161 non

1942 2226 2099 2297 pauci
2137 2224 2189 2277 in
2227 2219 2498 2275 cuniculis
2529 2217 2636 2270 illis
2668 2214 2812 2269 laxis
2839 2220 2894 2265 et
2923 2205 3223 2263 crustaceis
3273 2204 3364 2269 (ut
3405 2199 3520 2254 ﬁeri

1945 2314 2224 2387 probabile
2241 2318 2345 2379 est)
2367 2308 2835 2380 opprimebantur.
2862 2300 3036 2355 Tanta
3067 2297 3374 2352 fodinarum
3408 2307 3523 2344 ma-

1948 2409 2176 2482 gnitudo
2198 2416 2304 2472 est,
2335 2414 2389 2461 et
2413 2403 2636 2472 obliqua
2668 2396 3035 2470 profunditate
3066 2390 3133 2446 ad
3163 2403 3315 2444 mare
3340 2387 3518 2455 ipsum

1948 2503 2281 2573 perungunt.

256 2570 978 2695 ;6Wt;‘xalrrrlaxd:650tv
1010 2570 1727 2686 ὑπονόμοιςγενομὲνωνίο,
1791 2570 2095 2672 τηλικαῦτα
2130 2570 2187 2651 δὲ
2231 2594 2556 2667 ὀρυγμάτων
2613 2586 2843 2660 μεγέθη,
2907 2582 3001 2638 καὶ
3024 2577 3363 2635 διατείνοντα
3431 2570 3529 2642 βά-

254 2722 407 2775 θεσιν
429 2713 778 2785 ἐπικαρσίοις
807 2713 893 2764 ἐπ’
918 2711 1090 2778 αὐτὴν
1122 2710 1221 2780 τήν
1250 2707 1525 2762 θάλασσαν
1552 2703 1620 2754 ⁸⁸.

325 2816 454 2870 Ὅτι
502 2810 659 2882 παρὰ
706 2812 807 2879 τὴν
839 2811 1013 2862 νότιον
1045 2806 1144 2877 τῆς
1187 2803 1469 2874 Αἰγύπτου
1503 2799 1680 2852 κλίσιν
1718 2793 1845 2847 τέσ-

262 2908 407 2979 σαρά
444 2907 563 2958 ἐστι
616 2901 761 2972 φῦλα
809 2900 877 2953 τὰ
908 2899 1162 2969 μέγιστα,
1196 2897 1259 2950 τὸ
1304 2895 1402 2966 μὲν
1432 2894 1548 2956 τοῖς
1585 2890 1847 2958 ποταμοῖς

259 2997 738 3072 παρεζευγμένον,
769 2994 799 3046 ὃ
831 2993 1046 3062 σπείρει
1082 2991 1332 3060 σήσαμον
1357 2986 1456 3040 καὶ¹
1493 2982 1751 3054 κέγχρον,
1788 2979 1849 3031 τὸ

259 3093 319 3147 δὲ
346 3091 480 3161 περὶ
508 3089 611 3152 τὰς
640 3088 838 3157 λίμνας
887 3083 1093 3144 οἰκοῦν,
1133 3083 1162 3134 ὃ
1197 3080 1293 3133 τοῦ
1332 3078 1581 3146 καλάμου
1616 3074 1715 3127 καὶ
1751 3072 1851 3141 τῆς

263 3184 401 3253 ὕλης
427 3183 665 3237 ἅπτεται
698 3180 797 3249 τῆς
822 3176 1060 3246 ἁπαλῆς,
1088 3175 1152 3227 τὸ
1179 3172 1237 3227 δὲ
1266 3173 1389 3242 είκῇ
1424 3165 1797 3236 πλανώμενον,
1822 3162 1851 3215 ὃ
1878 3200 1922 3258 C

268 3274 438 3347 σαρκὶ
466 3266 567 3326 καὶ
593 3271 829 3340 γάλακτι
864 3266 1230 3338 παραπέμπει
1259 3264 1350 3316 τὸν
1398 3260 1533 3332 βίον,
1585 3258 1648 3310 τὸ
1685 3256 1744 3309 δὲ
1787 3256 1854 3307 ὲκ

266 3346 368 3436 τῆς
401 3364 681 3437 παραλίας
729 3360 1073 3433 ὁρμώμενον,
1122 3358 1252 3420 τοὺς
1299 3351 1555 3424 ίχθύας⁸²
1596 3346 1853 3419 ἀγρεῦον.

269 3461 445 3513 Τοῦτο
470 3459 530 3511 δὲ
558 3457 625 3509 τὸ
650 3456 809 3524 γένος
855 3453 970 3523 ἔχει
1007 3451 1107 3523 μὲν
1139 3449 1264 3504 οὕτε
1296 3449 1480 3509 πόλεις
1514 3443 1640 3497 οὗτε
1674 3441 1858 3512 χώρας

271 3551 383 3606 οὔτ’
417 3551 589 3619 άλλης
634 3549 887 3617 ἐντέχνου
940 3542 1291 3610 κατασκευῆς
1340 3535 1667 3607 ὑπογραφὴν
1704 3533 1859 3587 οὐδε·

277 3640 498 3711 μίανδῆ
536 3638 655 3691 ἐστὶ
681 3636 739 3689 δὲ
762 3635 872 3689 τῶν
907 3633 1247 3694 ὑπολοίπων,
1279 3630 1354 3693 ὡς
1380 3627 1510 3681 ἔνιοί
1543 3642 1714 3695 φασι,
1765 3620 1862 3692 μέο

274 3752 504 3805 γιστον·
559 3734 670 3787 ἀπὸ
719 3730 829 3803 γάρ
866 3728 1139 3789 Αύταίων,
1174 3727 1227 3780 οἳ
1274 3725 1366 3778 τὸν
1409 3722 1637 3792 ἔσχατον
1693 3715 1863 3788 μυχὸν

274 3827 654 3891 κατοικοῦσιν,
697 3825 756 3878 ὃν
790 3821 878 3894 τεῇ
923 3821 1137 3892 μεγάλῃ
1150 3820 1198 3851 ⁸⁸
1229 3816 1545 3888 συμϐέϐηκε
1581 3810 1864 3880 συγκλείε-

280 3920 407 3973 σθαι
456 3917 734 3987 θαλάττῃ,
793 3915 956 3986 μέχρι
981 3914 1080 3998 τῆς
1119 3909 1349 3979 Ἰνδικῆς
1378 3909 1473 3962 καὶ
1521 3902 1862 3974 Κεδρωσίας,

280 4011 362 4064 ἔτι
401 4010 461 4063 δὲ
492 4006 810 4078 Γερμανίας
853 4006 948 4059 καὶ
976 3993 1203 4072 Περσῶν
1244 4002 1338 4055 καὶ
1366 4000 1475 4053 τῶν
1498 4000 1610 4059 τοῖς
1639 3993 1868 4065 είρημέ⁴

282 4119 394 4163 νοις
419 4100 638 4167 γένεσιν
672 4096 1050 4165 ὑποκειμένων
1083 4094 1289 4161 νήσων,
1333 4088 1654 4160 ἰχθυοφάγοι
1688 4086 1868 4153 πάντῃ

282 4192 601 4248 κατοικοῦσι
621 4190 690 4257 ⁸⁵,
737 4190 938 4258 γυμνοὶ⁸
992 4186 1093 4257 μὶν
1122 4186 1276 4247 ὄντες
1324 4183 1499 4247 αὐτοὶ,
1553 4178 1771 4249 γυμνὰς
1810 4177 1869 4230 δὲ

283 4286 501 4357 ἔχοντες
550 4283 649 4346 τὰς
691 4283 959 4350 γυναῖκας
983 4319 999 4343 ,
1057 4278 1247 4348 κοινὴν
1282 4275 1340 4329 δὲ
1377 4275 1587 4328 τέκνων
1629 4272 1869 4340 γένεσιν,

283 4378 363 4429 ἔτι
391 4377 452 4428 δὲ
483 4373 677 4445 ἡδονῆς
715 4371 815 4441 μὲν
846 4372 944 4424 καὶ
992 4370 1155 4423 πόνου
1209 4367 1446 4438 φυσικὴν
1481 4363 1697 4433 ἔχοντες
1726 4360 1872 4429 γνῶ-

286 4486 393 4531 σιν,
425 4465 675 4536 αἰσχρῶν
703 4465 760 4519 δὲ
794 4464 892 4517 καὶ
943 4461 1129 4516 καλῶν
1156 4460 1279 4513 οὐδὲ
1305 4458 1404 4529 τὴν
1432 4456 1724 4525 ἐλαχίστην
1754 4454 1871 4506 εἰσ-

285 4525 584 4629 φερόμενοι
615 4556 852 4610 ἔννοιαν.
906 4554 1132 4617 Τούτοις
1174 4551 1231 4605 δὲ
1263 4550 1333 4604 τὰ
1361 4525 1483 4619 -μὲν
1526 4545 1799 4617 ἀγχιϐαθῆ
1817 4544 1863 4576 ’⁵⁸
1898 4542 1942 4597 D
1975 4530 2178 4584 ιίοῐιθιη
2209 4525 2431 4581 habem-

286 4651 447 4704 πάντ’
480 4648 601 4701 ἐστὶ
634 4647 770 4717 πρὸς
796 4646 888 4699 τὸν
924 4644 1038 4715 βίον
1069 4642 1353 4711 ἀλλότρια,
1385 4638 1785 4708 παραπλησίως
1814 4636 1873 4688 δὲ

285 4745 353 4796 τὰ
409 4740 800 4812 παρακείμενα
846 4738 1086 4808 μακραῖς
1126 4735 1288 4807 ᾐόσιο
1342 4732 1514 4800 θήραν
1574 4729 1686 4801 γὰρ
1748 4726 1874 4782 οὔτε

296 4831 481 4902 ἰχθύος
535 4829 653 4884 οὔτ’
708 4827 868 4883 άλλου
918 4826 1112 4895 γένους
1159 4821 1524 4896 ὁμοιοπαθοῦς
1579 4818 1876 4891 ἁδροτέραν

2017 2782 2149 2839 Ωιι».
2200 2777 2313 2836 XII.
2354 2777 2431 2830 De
2472 2774 2611 2828 victu
2669 2770 2983 2834 AEt/tiopum
3026 2762 3174 2832 infra
3214 2758 3528 2828 Egyptum.

1950 2880 2125 2950 Deque
2149 2886 2297 2948 gente
2317 2890 2433 2943 qua:
2470 2871 2599 2925 solis
2630 2865 2861 2938 piscibus
2897 2862 3159 2917 vescitur:
3189 2867 3236 2909 et
3265 2851 3525 2924 quomodo

1950 2945 2245 3037 eos-capiat
2270 3008 2284 3030 ,
2323 2968 2481 3034 inque
2531 2961 2701 3014 cibum
2743 2965 2930 3011 vertat.
2972 2982 3045 2992 —
3085 2950 3164 3004 Ad
3223 2945 3530 3002 Australem

1953 3062 2169 3133 IEgypti
2220 3059 2434 3128 plagam
2476 3062 2712 3120 quatuor
2757 3056 2886 3103 sunt
2935 3044 3217 3099 hominum
3281 3040 3531 3093 nationes

1961 3153 2230 3207 maximae.
2266 3147 2443 3200 Prima
2474 3141 2651 3195 ﬂuviis
2684 3139 2943 3207 adjuncta
2965 3175 2980 3198 ,
3019 3148 3140 3202 quae
3179 3144 3454 3185 sesamum
3483 3138 3539 3180 et

1960 3244 2168 3298 milium
2204 3238 2355 3294 serit.
2412 3232 2661 3288 Secunda
2696 3244 2818 3298 qua:
2854 3225 3078 3294 paludes
3117 3222 3313 3277 aet-olit
3338 3260 3353 3281 ,
3389 3223 3539 3273 cala—

1959 3347 2220 3401 mumque
2251 3338 2304 3383 et
2337 3323 2586 3380 silvulam
2620 3320 2946 3374 teneriorem
2977 3313 3171 3381 carpit.
3201 3309 3385 3364 Tertia
3416 3321 3540 3376 quae

1959 3435 2167 3480 temere
2197 3422 2301 3475 huc
2330 3418 2456 3471 illuc
2478 3415 2716 3475 oberrat,
2735 3409 3106 3477 carnibusque
3129 3413 3182 3458 et
3207 3404 3345 3456 lacte
3372 3401 3541 3453 vitam

1960 3516 2214 3576 traducit.
2235 3512 2438 3579 Quarta
2462 3525 2529 3561 ex
2562 3504 2840 3559 littoribus
2872 3503 3040 3555 maris
3060 3513 3280 3568 egressa
3302 3494 3538 3565 piscium

1961 3605 2240 3663 venationi
2274 3602 2369 3656 dat
2400 3613 2644 3670 operam.
2676 3594 2789 3649 lloc
2819 3608 2990 3663 genus
3022 3606 3122 3644 nec
3152 3588 3317 3642 urbes
3345 3584 3547 3648 habet,

1963 3717 2067 3759 nec
2097 3699 2345 3768 regiones
2368 3735 2383 3759 ,
2416 3708 2516 3747 nec
2544 3691 2715 3744 ullum
2746 3693 3039 3757 apparatus
3065 3680 3354 3737 "artiﬁciosi
3383 3677 3542 3731 rudi-

1966 3806 2232 3851 mentum.
2280 3789 2376 3845 Est
2407 3787 2545 3839 inter
2575 3792 2766 3839 caetera
2789 3820 2804 3846 ,
2853 3787 2907 3832 ut
2939 3774 3160 3846 quidam
3195 3776 3549 3831 asseverant,

1967 3888 2294 3943 maximum.
2332 3880 2467 3935 Nam
2499 3878 2569 3932 ab
2602 3874 2843 3935 Autazis,
2890 3870 2982 3940 qui
3014 3869 3079 3922 ad
3112 3876 3415 3921 extremum
3456 3877 3550 3917 se-

1969 3995 2213 4044 cessum,
2252 3983 2407 4028 vasto
2433 3971 2704 4026 inclusum
2734 3964 2891 4025 mari,
2924 3961 2993 4017 ad
3023 3960 3230 4014 Indiam
3256 3967 3312 4011 et
3335 3954 3553 4010 Gedro-

1969 4071 2107 4125 siam
2144 4079 2198 4123 et
2228 4062 2593 4129 LGermaniam
2627 4070 2649 4095 ο
2708 4066 2761 4111 et
2790 4054 2984 4108 Persas
3010 4091 3025 4115 ,
3066 4048 3383 4116 insulasque
3431 4059 3553 4097 me-

1970 4158 2195 4215 moratis
2232 4152 2487 4225 gentibus
2542 4147 2822 4217 subjectas
2885 4156 3059 4211 usque
3098 4138 3389 4203 habitant,
3433 4135 3553 4189 ich-

1976 4248 2269 4322 thyophagi
2311 4242 2593 4316 (homines
2624 4255 2688 4294 ex
2718 4237 2960 4309 piscibus
2985 4233 3313 4300 victitantes)
3353 4228 3562 4298 ubique

1972 4343 2248 4401 domicilia
2277 4355 2375 4394 sua
2406 4337 2607 4391 habent
2635 4352 2649 4386 :
2689 4333 2780 4403 qui
2812 4331 2977 4393 nudo,
2999 4337 3106 4382 tam
3141 4325 3356 4379 femina:
3384 4336 3549 4392 quam

1973 4438 2074 4492 viri
2101 4476 2115 4500 ,
2150 4443 2277 4492 sunt
2302 4443 2561 4502 corpore,
2603 4437 2657 4481 et
2682 4437 3030 4480 communem
3061 4419 3266 4475 Subolis
3298 4430 3553 4487 procrea-

2478 4519 2721 4575 Naturali
2748 4516 2970 4586 quidem
3014 4513 3308 4580 voluptatis
3346 4518 3401 4562 et
3437 4522 3552 4559 mo-

1976 4623 2148 4677 lestiae
2172 4617 2484 4688 cognitione
2515 4632 2529 4667 :
2572 4612 2664 4668 sed
2702 4610 2945 4678 turpium
2976 4615 3032 4661 et
3069 4607 3423 4659 honestorum
3450 4614 3553 4653 nec

1978 4711 2208 4767 minima
2238 4705 2453 4778 praediti
2488 4702 2706 4757 notitia.
2736 4698 2832 4753 His
2864 4699 2982 4752 loca
3022 4694 3187 4749 maris
3213 4694 3457 4762 proxima
3492 4691 3560 4743 ad

1979 4804 2147 4857 vitam
2181 4793 2596 4856 sustentandam
2631 4800 2829 4847 cuncta
2864 4796 2990 4842 sunt
3033 4785 3235 4839 aliena.
3284 4781 3559 4837 Consimi-

294 4897 672 4991 παραδίδωσιν
710 4918 745 4987 ή
792 4914 971 4969 τοιάδε
996 4915 1214 4984 χέρσος.
1246 4911 1314 4963 Al
1340 4911 1397 4963 δὲ
1435 4910 1679 4980 οίκήσεις
1709 4909 1843 4961 πᾶσι

1980 4914 2107 4969 liter
2148 4912 2311 4967 etiam
2362 4923 2486 4978 quae
2534 4905 2746 4976 magnis
2806 4901 3083 4957 littoribus
3131 4898 3399 4968 adjacent.
3452 4897 3566 4953 Nec

294 4990 573 5065 ἔκκεινται
622 5010 737 5072 τοῖς
777 5006 1091 5078 είρημένοις
1141 5002 1295 5075 παρὰ
1320 5001 1419 5066 τὰς
1449 5001 1666 5074 ῥαχίας,
1699 4999 1755 5052 αἳ
1784 5016 1843 5052 κο

1986 5007 2136 5062 enim
2170 5004 2338 5075 piscis
2361 5043 2376 5068 ,
2407 5015 2510 5056 nec
2537 5000 2763 5054 alterius
2802 4995 3017 5068 generis
3037 5004 3274 5065 captura:
3296 4990 3562 5055 obnoxii,

296 5104 553 5167 κοιλάδας
584 5101 806 5175 βαθείας
840 5100 1026 5170 ἔχουσι
1071 5097 1169 5151 καὶ
1213 5096 1507 5167 φάραγγας
1552 5094 1843 5165 ἀνωμάλου

1987 5096 2281 5152 continens
2313 5093 2424 5147 illic
2462 5091 2805 5145 venationem
2845 5088 3052 5158 praebet
3082 5087 3414 5141 uberiorem.
3457 5081 3567 5135 lla-

299 5198 390 5248 καὶ
424 5198 687 5264 στεγνοὺς
702 5194 746 5226 ⁸⁷
775 5193 1027 5256 αὐλῶνας
1066 5191 1161 5245 καὶ
1196 5189 1418 5252 σκολιὰς
1452 5189 1747 5260 ἐκτροπάς.
1778 5180 1843 5242 Ὦ

1987 5188 2229 5244 bitacula
2257 5199 2440 5241 autem
2470 5182 2684 5239 cunctis
2706 5180 2953 5252 exposita
2982 5188 3111 5236 sunt
3137 5180 3205 5234 ad
3236 5175 3563 5246 crepidines,

367 5342 393 5374 ε
424 5331 594 5389 Forte
647 5328 934 5402 legendum
992 5337 1099 5396 est,
1137 5325 1502 5382 Carmaniam.

1610 5416 1845 5472 νΑιιιΑΞ
1889 5409 2303 5471 LECTIONES.

372 5540 420 5572 ³³
447 5538 603 5591 οὐδὲν
630 5554 692 5602 ς.
739 5536 784 5569 ³⁵
810 5533 1238 5604 αὑτὸ-εἰληφὸς
1266 5532 1329 5586 A:
1365 5531 1831 5604 αὐτοὶ-ςέείληφῲς
1862 5549 1926 5595 ς.
1965 5532 2010 5564 ³⁸
2039 5528 2274 5604 διέλειπε
2301 5524 2360 5581 Β.
2395 5523 2449 5604 1'
2472 5522 2592 5604 καὶ.
2610 5520 2735 5576 add.
2767 5522 2833 5604 Α..
2874 5520 2919 5553 ³⁷
2947 5512 3571 5604 ὲν-κατΙασκεωσθεῖσι

307 5627 417 5712 εἰη.
591 5608 638 5640 ³⁸
679 5607 976 5712 primast:
998 5605 1044 5658 A
1071 5624 1084 5660 :
1123 5586 1197 5674 μή
1229 5620 1334 5657 που
1370 5619 1432 5666 ς.
1527 5602 1571 5632 ³⁹
1604 5586 1921 5668 γίνεσθαιᾏ
1950 5618 1964 5654 :
1993 5599 2203 5669 γίνεται
2235 5616 2295 5662 ς.
2393 5594 2440 5626 ⁸⁰
2472 5592 2594 5647 libri
2624 5593 2948 5660 γινομένων.
3049 5591 3091 5619 ⁴¹
3129 5586 3401 5641 θάλατταν
3431 5602 3495 5648 ς’.

406 5700 436 5712 .,
476 5697 542 5712 ..ρ
575 5696 617 5712 ,-
788 5695 848 5712 η.
887 5695 948 5712 ς..
980 5695 1045 5712 η..
1076 5674 1402 5712 ιἰττῆνηηρηῆυ
1435 5672 1473 5712 n
1564 5672 1611 5702 ιιι
1641 5673 1701 5712 Α..
1726 5675 1791 5712 στῆ
1836 5669 2072 5712 ...ςνάληῖ
2099 5669 2213 5712 non
2246 5665 2467 5712 annm
2492 5663 2551 5712 Β.
2584 5662 2853 5712 θαλάττης
2884 5662 2944 5712 Β.
3022 5659 3067 5692 ⁸⁵
3096 5658 3495 5712 ὑποκειμένων

575 5696 639 5742 ς’.
679 5658 1045 5759 ’τδδούδεμίαν
1416 5672 1491 5759 ΑΒ.
1533 5758 1539 5759 7
1564 5658 1701 5759 ’δίδν
1726 5658 2073 5759 τῗγημεγάλή]
2099 5669 2214 5759 δγτι
2244 5658 2467 5759 μεγάλιιρ
2492 5663 2551 5717 Β.
2584 5658 2853 5759 θαλξιττιης
2884 5662 2953 5759 Βᾶ
3096 5658 3472 5728 ὑποκειμένων
3494 5682 3567 5699 -νι

313 5729 761 5805 κατ’ὖικᾶὑᾶιόω.
788 5729 876 5801 it.—
899 5729 976 5779 V'“
1011 5729 1319 5818 ἀγχιϐαθῆῖ
1342 5729 1479 5821 βάθη
1518 5758 1600 5812 pr.
1640 5745 1704 5796 A.
1766 5729 2143 5811 ’ἴτ’στεγνοὺς]
2174 5729 2391 5801 στενοὺς
2422 5729 2461 5786 Β
2500 5750 2624 5790 cum
2662 5729 2899 5787 Diodoro
2922 5731 2976 5796 '5,
3015 5729 3103 5783 15.
