3944 6242
383 264 455 327 35
1539 260 1805 321 PHOTII
1844 260 2353 321 PAT‘RIARCHE
2394 260 2504 321 (ΞΡ.
3582 258 3657 320 36

382 389 438 432 et
480 376 743 431 eavitales
787 376 988 431 habent
1026 374 1369 445 profundas,
1423 376 1812 445 convallesque
1841 376 1969 430 ina:-

2082 378 2220 447 πρὸς
2267 376 2367 446 τὴν
2415 375 2605 446 χρείαν
2636 373 3012 444 ὑποκειμένων
3041 372 3278 439 οἰκείως,
3325 374 3656 445 ἀναθέμενοι

383 472 611 540 quales,
658 478 712 523 et
745 469 1059 538 angustiora
1098 468 1353 522 aestuaria
1380 506 1395 531 ,
1442 476 1617 536 atque
1648 465 1975 521 diverticula

385 563 635 632 obliqua,
664 577 895 631 quorum
925 560 1064 615 situs
1101 576 1226 615 cum
1258 560 1324 615 ad
1362 573 1496 615 usus
1525 567 1649 629 apte
1670 568 1975 629 congruat,

387 655 552 709 rudes
572 643 822 707 alicunde
845 651 1051 720 lapides
1068 649 1313 704 sublatos
1340 650 1393 704 in
1414 650 1640 705 lacunas
1661 649 1974 704 demittunt.

386 742 616 809 Quando
650 742 814 811 igitur
847 749 1017 794 astus
1057 738 1234 808 pelagi
1276 747 1434 792 terrae
1480 753 1541 793 se
1584 738 1746 792 infert
1791 737 1975 808 (quod

388 835 475 890 bis
524 837 581 888 lit
622 848 957 903 unoquoque
1000 832 1121 898 die,
1164 832 1383 886 circiter
1424 831 1616 885 horam
1688 845 1890 885 nonam
1923 839 1978 885 et

387 924 582 996 4491)
622 924 882 993 tertiam)
922 938 1073 976 mare
1120 930 1289 975 totum
1329 920 1575 990 cooperit
1609 918 1871 983 dorsum,
1922 914 1973 970 vi

386 1030 571 1069 secum
604 1015 903 1077 adducens,
934 1029 1002 1067 ex
1036 1014 1249 1083 gurgite
1274 1013 1340 1067 ad
1371 1014 1524 1067 littus
1546 1055 1561 1080 ,
1594 1012 1759 1066 etiam
1795 1010 1975 1080 pisces

389 1123 498 1161 non
539 1122 778 1176 paucos,
817 1106 912 1176 qui
953 1108 1006 1161 in
1040 1107 1312 1161 maritima
1341 1106 1556 1161 interim
1583 1121 1679 1161 ora
1711 1111 1933 1159 manent
1954 1144 1970 1169 ,

389 1210 578 1269 pastus
603 1201 774 1267 gratia
802 1199 947 1254 circa
977 1214 1228 1253 recessus
1258 1199 1378 1252 illos
1410 1206 1465 1253 et
1494 1212 1760 1254 cavernas
1785 1195 1971 1265 dispa-

390 1292 619 1346 ciantes.
658 1290 793 1345 Cum
834 1307 961 1345 vere
998 1300 1164 1345 cestus
1198 1292 1368 1346 maris
1404 1290 1694 1360 retrofugit
1723 1328 1739 1352 ,
1773 1288 1973 1342 humor

389 1383 638 1453 equidem
666 1398 761 1453 per
788 1384 996 1452 lapides
1032 1393 1087 1438 et
1123 1385 1301 1440 fossas
1324 1384 1390 1438 ad
1421 1383 1713 1438 humiliora
1756 1391 1809 1436 et
1849 1396 1972 1434 ver-

389 1477 566 1547 gentia
608 1476 725 1531 loca
758 1476 972 1539 refluit,
1010 1485 1065 1531 at
1095 1477 1275 1547 pisces
1321 1477 1375 1531 in
1425 1475 1752 1531 cavitatibus
1799 1470 1973 1527 relicti

390 1579 631 1637 paratam
681 1569 1093 1639 ichthyophagis
1142 1570 1489 1624 venationem
1547 1576 1601 1622 et
1650 1564 1971 1621 alimoniam

389 1660 689 1716 sufficiunt.
725 1661 830 1716 Alii
859 1662 1078 1732 quidem
1114 1663 1316 1732 pisces,
1344 1670 1403 1717 ut
1430 1662 1541 1716 dixi
1567 1702 1585 1728 ,
1618 1659 1766 1715 facili
1790 1667 1969 1713 certa-

2080 468 2316 538 πέτρους
2360 468 2695 535 αὑτοπαγείς
2743 465 2837 518 ἐπὶ
2885 465 2988 535 τῆς
3030 464 3240 529 κοιλίας
3291 466 3455 521 οἰονεί
3499 484 3655 529 τινας

2076 559 2327 631 ἀραιούς.
2362 560 2535 613 Ὅταν
2563 558 2656 612 οῦν
2699 557 2764 611 ἐκ
2798 556 3070 625 πελάγους
3114 557 3148 628 ἠ
3195 557 3527 629 πλημμυρὶς
3560 559 3654 611 ἐπὶ

2076 654 2175 726 τὴν
2202 655 2395 725 χέρσον
2419 654 2639 724 φέροιτο
2652 651 2701 723 (ὃ
2717 654 2858 705 ποιεί
2879 652 2958 715 δὶς
2985 651 3225 721 ἑκάστης
3244 650 3482 721 ἡμέρας,
3515 651 3657 721 πρὸς

2077 746 2228 818 ὥραν
2256 748 2453 817 ἐνάτην
2480 763 2540 798 τε
2563 746 2608 777 ⁸⁸
2635 747 2729 799 καὶ
2750 745 2991 815 τρίτην),
3008 745 3041 813 ὴ
3077 743 3176 812 μὲν
3207 743 3443 796 θάλαττα
3473 744 3657 796 πᾶσαν

2076 841 2174 911 τὴν
2209 840 2403 910 ῥαχίαν
2438 837 2822 901 ἐπικαλύπτει,
2874 836 3267 901 συναπάγουσα
3318 837 3385 889 ἐκ
3415 834 3509 889 τοῦ
3550 838 3652 889 πό-

2079 950 2174 1003 ρου
2189 932 2234 962 “
2265 932 2403 1002 πρὸς
2430 930 2532 1000 τὴν
2560 930 2695 1001 ᾐόνα
2741 930 2836 1000 βίᾳ
2880 928 2977 981 καὶ
3003 928 3112 979 τῶν
3147 926 3347 997 ἰχθύων
3395 927 3496 979 οὐκ
3539 926 3654 979 ὀλί-

2075 1041 2243 1093 γους,
2282 1022 2331 1077 οἳ
2388 1025 2525 1084 τέως
2579 1022 2678 1092 μέν
2707 1023 2766 1074 ἐν
2790 1024 2855 1092 τῇ
2889 1018 3134 1090 παραλίᾳ
3182 1019 3435 1089 μένουσι,
3480 1018 3654 1088 νομῆς

2075 1118 2240 1189 χάριν
2270 1115 2618 1185 πλανώμενοι
2659 1114 2789 1183 περὶ
2819 1114 2917 1176 τὰς
2950 1113 3239 1175 ὑποδύσεις
3259 1127 3274 1144 ο
3308 1113 3446 1164 ἐπάν
3474 1111 3528 1163 δὲ
3554 1107 3653 1164 αῦ-

2076 1210 2158 1272 θις
2188 1208 2393 1279 ἀναδύῃ
2423 1208 2484 1260 τὸ
2513 1208 2614 1277 τῆς
2642 1206 2975 1276 ἀμπώτεως,
3004 1206 3065 1259 τὸ
3096 1206 3196 1272 μὲν
3219 1206 3384 1277 ὑγρὸν
3417 1206 3504 1259 διὰ
3544 1208 3653 1257 τῶν

2074 1303 2236 1356 λίθων
2269 1303 2365 1356 καὶ
2393 1301 2501 1354 τῶν
2536 1301 2842 1371 φαράγγων
2904 1301 3141 1370 ἀπορρεῖ
3190 1301 3269 1360 εἰς
3297 1299 3387 1352 τὸν
3412 1299 3653 1367 ἐπιφερῆ

2074 1396 2169 1448 καὶ
2200 1394 2595 1462 κατεπείγοντα
2624 1392 2811 1457 τόπον,
2843 1394 2892 1444 οἰ
2946 1391 2989 1443 δ’
3033 1389 3215 1460 ἰχθύες
3238 1392 3297 1443 ἐν
3320 1392 3432 1453 τοῖς
3457 1388 3655 1442 κοιλὼο

2078 1503 2244 1556 μασιν
2270 1484 2690 1553 ὑπολειπόμενοι
2714 1483 2937 1553 ἕτοιμον
2968 1482 3195 1553 θήραμα
3231 1481 3325 1534 καὶ
3358 1482 3535 1553 τροφὴ
3567 1480 3656 1549 γί-

2074 1578 2320 1631 νονται⁸⁰
2363 1577 2476 1638 τοῖς
2511 1575 2641 1647 [7'50
2690 1573 2785 1647 IL]
2831 1574 3201 1644 ἰχθυοφάγοις.
3245 1573 3387 1626 Ἀλλ’
3440 1575 3489 1626 οἰ
3552 1573 3655 1643 μέν

2074 1670 2224 1724 ἄλλοι
2253 1667 2436 1738 ἰχθύες
2464 1668 2562 1737 (ὡς
2588 1668 2692 1738 ἔφη
2703 1666 2844 1738 μεν)
2875 1667 3119 1729 εὐπετῶς
3154 1666 3650 1734 καταγωνίζονται·

389 1753 535 1808 mine
557 1728 907 1823 subigumur.
938 1754 1008 1808 At
1042 1728 1167 1809 cuin
1205 1728 1328 1810 sors
1356 1753 1513 1809 offert
1543 1768 1708 1808 canes
1744 1761 1800 1806 et
1827 1750 1966 1821 pho-

2076 1761 2210 1814 ἐπὰν
2242 1760 2287 1812 δ’
2320 1758 2605 1829 ἐμπέσωσι
2623 1758 2664 1790 ³¹
2695 1757 2854 1820 κύνες
2882 1774 2942 1810 τε
2974 1757 3068 1810 καὶ
3095 1757 3281 1825 φῶκαι
3308 1755 3527 1826 μείζους
3558 1755 3654 1809 καὶ

388 1861 483 1901 cas
516 1846 753 1915 majores
786 1856 841 1899 et
870 1847 1116 1917 scorpios
1147 1861 1529 1915 muraenasque
1550 1886 1565 1912 ,
1614 1854 1669 1900 et
1712 1844 1763 1898 id
1797 1858 1967 1914 genus

388 1946 585 1993 cuncta
606 1980 621 2002 ,
649 1937 935 1993 conﬂictus
973 1939 1061 2004 fit,
1095 1954 1201 1993 non
1235 1939 1356 1994 sine
1390 1938 1654 2009 periculo.
1688 1935 1972 2006 Quotquot

390 2044 520 2084 vero
546 2039 827 2100 ceperunt,
863 2031 916 2086 in
951 2031 1189 2087 fervidos
1218 2033 1284 2086 ad
1323 2032 1607 2086 meridiem
1634 2041 1815 2101 petras
1837 2046 1971 2085 con-

384 2122 604 2192 jiciunt.
646 2122 753 2180 Nec
787 2125 1007 2195 longum
1042 2126 1094 2180 in
1139 2126 1319 2180 medio
1349 2136 1585 2195 tempus,
1616 2140 1740 2179 cum
1774 2123 1968 2179 eodem

390 2229 450 2269 se
480 2217 717 2272 universi
752 2217 1041 2286 referunt,
1080 2228 1135 2273 et
1156 2227 1268 2273 tota
1300 2219 1501 2289 agitata
1535 2219 1709 2281 mole,
1740 2232 1972 2273 carnosa

391 2312 506 2358 tum
553 2321 681 2376 pars
724 2309 957 2376 excidit,
996 2309 1210 2365 fervore
1246 2326 1408 2381 quem
1440 2311 1679 2365 diximus
1704 2310 1971 2364 emollita.

392 2395 618 2466 Spinam
647 2414 776 2453 vero
808 2400 886 2454 illi
920 2411 1244 2456 coacervant
1264 2442 1279 2465 ,
1323 2402 1466 2463 unde
1495 2411 1547 2455 et
1574 2417 1641 2456 ex
1673 2402 1972 2473 longinquo

390 2503 561 2547 vasta:
622 2496 1018 2565 magnitudinis
1083 2498 1271 2550 tumuli
1336 2496 1771 2567 conspiciuntur.
1830 2494 1971 2550 Tum

390 2601 607 2649 carnes,
634 2587 685 2639 in
714 2588 933 2656 planum
958 2589 1180 2658 aliquod
1208 2604 1398 2643 saxum
1424 2589 1703 2650 collectas,
1735 2588 1801 2643 ad
1834 2597 1970 2642 tem—

390 2691 494 2745 pus
540 2691 649 2731 non
696 2679 970 2733 mediocre
998 2679 1248 2750 impense
1276 2681 1522 2743 calcant,
1563 2681 1726 2735 etiam
1771 2680 1969 2750 paliuri

390 2770 627 2824 admisto
650 2772 878 2824 semine.
900 2771 1075 2841 Hujus
1099 2773 1243 2825 enim
1271 2788 1369 2826 ceu
1398 2772 1622 2842 glutinis
1649 2772 1975 2827 admistione

392 2859 446 2912 in
479 2859 707 2913 solidam
744 2876 983 2915 massam
1019 2862 1176 2931 longe
1220 2861 1389 2930 magis
1446 2862 1781 2915 coalescunt.
1808 2859 1973 2916 Vide-

390 2959 481 3003 tur
512 2958 694 3005 autem
749 2951 1084 3007 condimenti
1128 2964 1222 3006 aut
1263 2952 1446 3006 infarti
1471 2953 1641 3007 vicem
1690 2963 1972 3021 praestare.

2076 1851 2333 1923 σκορπίοι
2381 1848 2737 1921 σμύραιναί⁸¹
2766 1866 2827 1901 τε
2855 1848 3013 1901 nat”
3045 1850 3156 1901 πᾶν
3179 1848 3242 1901 τὸ
3272 1848 3516 1900 τοιοῦτον
3555 1847 3653 1914 γέ-

2076 1961 2187 2009 νος,
2246 1941 2388 2014 μετά
2438 1940 2701 1995 κινδύνων
2732 1942 2766 2011 ἡ
2804 1939 3095 2012 συμπλοκὴ
3147 1940 3389 2009 γίνεταιο
3420 1940 3549 1992 ὅταν
3593 1938 3653 1991 δέ

2073 2037 2418 2109 θηρεύσωσιν
2483 2032 2913 2104 ὁσουσδηποτοῦν
2931 2035 2998 2099 ⁵⁸,
3070 2033 3499 2104 μετενέγκαντες
3558 2033 3654 2086 ἐπὶ

2070 2129 2171 2190 τάς
2226 2128 2433 2198 πέτρας
2500 2126 2602 2190 τὰς
2651 2126 2910 2196 κειμένας
2927 2127 2972 2159 ⁸⁸
3026 2125 3224 2196 πρὸςη
3282 2124 3651 2195 μεσημϐρίαν,

2071 2218 2240 2283 οῦσας
2286 2218 2589 2289 διαπύρους
2611 2259 2626 2284 ,
2661 2219 2892 2281 ταύταις
2921 2217 2980 2270 δέ
2999 2217 3041 2250 ⁸²
3072 2217 3397 2290 ἐπέρριψαν.
3444 2216 3655 2287 Χρόνον

2070 2311 2130 2365 δέ
2178 2312 2239 2364 ού
2297 2310 2468 2364 πολὺν
2517 2310 2781 2373 ἐάσαντες
2833 2310 3162 2382 στρέφουσιν
3202 2311 3295 2362 ἐπὶ⁹
3348 2308 3657 2378 τοῦμπαλιν

2074 2406 2335 2468 ἅπαντες.
2370 2400 2484 2457 Εἴθ’
2509 2404 2637 2457 ὅταν
2662 2388 2937 2457 λάϐωνται
2970 2401 3069 2474 τῆς
3097 2403 3265 2473 οὐρᾶς
3295 2402 3507 2456 καὶτὸν
3533 2403 3657 2455 ὅλον

2072 2497 2237 2565 δγκον
2268 2496 2521 2550 σείσωσιν
2570 2499 2634 2550 ἐκ
2663 2497 2888 2567 ταύτης,
2944 2497 2971 2549 ὁ
3028 2496 3127 2566 μὲν
3158 2494 3449 2566 σαρκώδης
3486 2494 3655 2557 τόπος

2074 2591 2222 2655 ἄπας
2251 2590 2506 2644 ἐκπίπτει
2546 2590 2922 2661 Θρυπτόμενος
2951 2589 3041 2642 διὰ
3069 2589 3169 2658 τὴν
3200 2588 3499 2660 εἰρημένην
3527 2586 3657 2655 θερ-

2081 2686 2303 2756 μασίαν,
2325 2685 2426 2754 τὴν
2462 2683 2507 2737 δ’
2534 2683 2779 2737 ἄκανθαν
2807 2682 3139 2754 σωρεύουσιν
3161 2682 3334 2745 αὐτοὶ,
3368 2682 3459 2749 ἀφ’
3484 2675 3552 2751 ἧς
3585 2682 3652 2733 ἐκ

2076 2774 2324 2838 πλείονος
2354 2775 2522 2828 τόπου
2560 2774 2787 2828 κολωνοὶ
2821 2772 3208 2843 παμμεγέθεις
3236 2773 3493 2843 ὁρῶνται.
3542 2771 3656 2842 Τὴν

2073 2868 2131 2921 δὲ
2155 2867 2335 2937 σάρκα
2366 2866 2476 2921 τῶν
2510 2865 2711 2936 ἰχθύων
2741 2867 2822 2926 εἰς
2871 2866 3213 2935 λεωπετρίαν
3250 2863 3657 2932 συναγαγόντες

2076 2962 2341 3016 πατοῦσιν
2374 2959 2611 3023 ἐκτενῶς
2639 2958 2733 3012 ἐπὶ
2752 2958 2945 3028 χρόνον
2975 2957 3076 3010 ούκ
3097 2956 3299 3023 ὀλίγον,
3337 2957 3432 3009 καὶ
3464 2954 3658 3021 μίξαν-

391 3039 635 3096 Tandem
674 3043 763 3097 ubi
795 3044 932 3099 satis
968 3044 1061 3099 diu
1094 3044 1324 3112 pedibus
1356 3044 1709 3115 subegerunt,
1735 3045 1969 3100 latercu-

2076 3073 2166 3116 τες
2194 3054 2286 3108 τὸν
2311 3052 2524 3124 καρπὸν
2545 3052 2590 3083 ³⁸
2619 3051 2712 3103 τοῦ
2745 3048 3064 3120 παλιούρου.
3116 3048 3278 3119 [1545
3330 3046 3424 3118 IL]
3451 3046 3659 3099 Τούτου

393 3152 475 3207 los
500 3152 625 3207 inde
644 3152 909 3207 formatos
942 3153 1008 3207 ad
1032 3154 1200 3207 solem
1228 3153 1408 3208 denuo
1437 3162 1734 3224 exponunt.
1757 3155 1967 3221 Quibus

2078 3148 2185 3218 γὰρ
2218 3144 2585 3216 συμμιγέντος
2617 3141 2944 3204 κολλῶδες⁸⁹
2983 3142 3082 3211 μὲν
3114 3140 3175 3193 τὸ
3210 3140 3318 3193 πᾶν
3347 3139 3482 3192 πολὺ
3516 3137 3661 3206 μᾶλ-

391 3246 691 3302 siccitatem
718 3246 949 3316 adeptis,
980 3245 1382 3301 discumbentes
1412 3256 1679 3317 quotquot
1711 3260 1839 3302 sunt
1862 3265 1967 3303 una

2076 3240 2167 3293 λον
2196 3239 2428 3308 γίνεται,
2462 3237 2611 3290 δοκεῖ
2635 3235 2679 3288 δ’
2703 3229 2817 3288 οἷον
2868 3234 3182 3303 ἡδύσματος
3201 3234 3246 3265 ⁸ο
3275 3233 3308 3303 ἢ
3344 3231 3661 3304 παρεμπλο⁹

389 3340 719 3408 epulantur,
764 3353 875 3392 non
931 3338 997 3391 ad
1046 3354 1358 3393 mensuram
1411 3348 1465 3392 et
1495 3340 1741 3407 pondus,
1779 3342 1873 3395 sed
1900 3343 1967 3397 ad

2081 3333 2187 3403 κῆς
2233 3329 2388 3396 τάξιν
2418 3329 2583 3401 ἔχειν.
2634 3328 2806 3382 Ἐπάν
2852 3326 2909 3380 δέ
2946 3326 3131 3379 ἱκανὸν
3160 3326 3352 3397 χρόνον
3378 3328 3491 3387 τοῖς
3527 3324 3659 3378 ποσὶ

390 3428 659 3499 cujusque
694 3428 979 3482 arbitrium
1011 3438 1064 3480 et
1093 3429 1442 3495 voluptatem.

2076 3426 2387 3496 δεψήσωσι,
2457 3420 2740 3484 πλινθίδας
2787 3420 3143 3489 παραμήκεις
3188 3418 3583 3479 διαπλάσαντες
3605 3417 3651 3446 ιι

392 3520 556 3574 πάλιν
583 3522 662 3584 εἰς
683 3520 776 3573 τὸν
800 3520 953 3589 ἥλιον
981 3519 1226 3574 τιθέασιν
1245 3536 1261 3552 ο
1290 3514 1365 3573 ὧν
1389 3520 1653 3591 ξηρασίαν
1688 3522 1969 3579 λαόουσῶν
2008 3524 2333 3582 καθίσαντες
2358 3514 2693 3589 εὐωχοῦνται
2736 3514 2961 3579 πάντες,
3002 3514 3064 3568 ού
3129 3513 3268 3584 πρὸς
3325 3514 3520 3584 μέτρον
3559 3513 3662 3565 καὶ

396 3614 637 3684 σταθμὸν
664 3654 678 3677 ,
740 3614 876 3667 ἀλλά
938 3615 1074 3684 πρὸς
1122 3613 1220 3685 τὴν
1277 3617 1511 3671 ἑκάστου
1572 3618 1826 3691 βούλησιν
1875 3624 1971 3676 καὶ
1996 3610 2187 3694 χάριν.

446 3708 575 3764 CAP.
594 3702 780 3762 ΧΙΙΗ]
787 3717 803 3758 ι
817 3707 1042 3761 conchas
1059 3719 1308 3762 venentur
1336 3709 1703 3783 ichthyophagi
1720 3726 1767 3766 et
1781 3724 1965 3783 potum

388 3809 597 3854 exeant.
622 3797 915 3852 --Contra
955 3796 1163 3853 hiemes
1203 3800 1538 3868 repentinas,
1572 3818 1693 3872 qua:
1728 3805 1959 3873 piscium

392 3890 734 3945 venationem
765 3889 847 3943 eis
878 3889 1253 3959 intercipiunt,
1295 3892 1403 3946 tale
1428 3893 1711 3964 quidpiam
1750 3897 1965 3951 machi-

390 3993 592 4038 nantnr
621 3980 921 4051 :Vagantes
955 3997 1050 4051 per
1083 3992 1253 4037 totam
1279 3985 1492 4039 vicinia:
1532 3987 1781 4045 littoralis
1808 4005 1963 4045 oram

390 4076 629 4129 conchas
684 4074 828 4144 (qua:
877 4074 950 4128 ibi
987 4084 1116 4129 sunt
1158 4077 1433 4142 maximae,
1472 4086 1532 4132 ut
1570 4082 1965 4150 magnitudinis

399 4181 662 4221 excessus
685 4166 772 4219 his
806 4166 898 4235 qui
934 4182 1041 4220 non
1074 4167 1329 4221 viderunt
1366 4169 1438 4223 sit
1463 4170 1825 4243 incredibilis)
1859 4176 1967 4229 col-

389 4256 603 4323 ligunt:
641 4257 913 4326 nudisque
944 4257 1138 4312 harum
1178 4260 1437 4315 carnibus
1481 4260 1534 4314 in
1569 4262 1657 4316 illa
1704 4267 1965 4336 temporis

387 4349 702 4404 difficultate
719 4350 1072 4420 indigentiam
1095 4362 1452 4420 compensant
1469 4363 1523 4409 et
1538 4356 1777 4425 explent.
1794 4357 1964 4425 Quinr

2153 3713 2275 3765 Ὅτι
2327 3708 2466 3781 πρὸς
2514 3707 2640 3770 τοὺς
2672 3705 2974 3775 αἰφνιδίους
3006 3703 3302 3776 χειμῶνας.
3334 3704 3384 3755 οἳ
3416 3703 3517 3773 τὴν
3546 3703 3662 3755 ἀπὸ

2075 3806 2185 3861 τῶν
2233 3802 2429 3874 ἰχθύων
2479 3800 2680 3863 αὐτοὺς
2726 3800 2901 3870 θήραν
2943 3798 3334 3870 ἀφαιροῦνται,
3366 3796 3565 3850 τοιόνδε
3601 3814 3655 3849 τι

2080 3896 2448 3969 μηχανῶνται·
2486 3893 2839 3964 Πλανώμενοι
2870 3893 3021 3963 παρά
3051 3893 3232 3945 πᾶσαν
3291 3892 3391 3963 τὴν
3425 3890 3658 3960 πλησίον

2077 3989 2351 4062 παραλίαν
2385 3987 2617 4057 κόγχους
2647 3985 2945 4054 συνάγουσι
2998 3985 3016 4045 (
3045 3985 3293 4054 μέγιστοι
3344 3983 3403 4035 δέ
3449 3982 3659 4053 τυγχά-

2074 4098 2279 4143 νουσιν,
2319 4078 2463 4133 ῶστε
2490 4078 2603 4139 τοῖς
2655 4077 2729 4146 μὴ
2765 4073 2965 4128 ἰδοῦσιν
2980 4075 3024 4105 ⁸⁸
3053 4074 3285 4128 ἄπιστον
3328 4073 3517 4135 αὐτοῖς
3556 4070 3655 4123 τοῦ

2079 4173 2346 4246 μεγέθους
2376 4171 2475 4241 τὴν
2505 4168 2811 4239 ὑπερϐολὴν
2860 4163 2995 4219 εἷναι
3020 4167 3039 4237 )
3063 4206 3077 4230 ,
3108 4160 3183 4220 ὧν
3214 4165 3275 4218 τὸ
3305 4165 3475 4235 κρέας
3502 4163 3657 4233 ὠμὸν

2074 4268 2174 4335 τῆς
2202 4266 2412 4327 ἐνδείας
2436 4261 2827 4331 ἀναπλήρωσιν
2851 4259 2972 4311 κατ’
3006 4261 3186 4311 ἐκεῖνο
3214 4257 3410 4330 καιροῦ
3442 4256 3652 4326 έχουσι.

2076 4359 2190 4429 Τῆς
2224 4357 2290 4423 ⁸δέ
2328 4355 2518 4427 χρείας
2576 4355 2675 4421 τῆς
2726 4353 2834 4405 ἀπὸ
2888 4351 3000 4403 τῶν
3051 4351 3249 4421 ἰχθύων
3312 4350 3391 4403 ἔτι
3442 4348 3657 4411 τούτοις

389 4441 498 4494 imo
547 4440 675 4493 dum
729 4440 914 4495 adhuc
949 4440 1181 4509 piscium
1221 4443 1326 4497 illis
1358 4445 1512 4513 copia
1540 4449 1801 4517 suppetit,
1832 4466 1965 4504 con-

2076 4447 2519 4520 παραμενούσης,
2542 4444 2670 4505 τοὺς
2698 4442 3025 4513 εἰρημένους
3047 4444 3279 4512 κόγχους
3306 4441 3651 4509 συλλέγουσι,

386 4533 520 4585 cllas
554 4532 676 4586 illas
700 4533 980 4601 colligunt,
1022 4548 1227 4603 easque
1258 4537 1465 4591 recenti
1495 4538 1617 4608 alga
1644 4549 1697 4594 et
1725 4541 1961 4610 piscium

386 4622 587 4695 450a
631 4624 905 4677 minorum
951 4624 1249 4693 capitibus,
1300 4626 1468 4683 fossis
1509 4629 1811 4695 demersas,
1860 4650 1964 4686 nu-

388 4718 582 4769 triunt.
634 4712 699 4767 Et
745 4722 931 4784 postea
966 4728 1210 4785 egesmte
1261 4722 1521 4790 correpti,
1580 4722 1634 4775 in
1669 4723 1849 4778 cibum
1884 4727 1967 4795 (ut

386 4806 593 4860 dictum
645 4808 752 4878 est)
819 4823 913 4862 eas
962 4817 1196 4862 vertunt.
1253 4808 1407 4876 Quod
1451 4812 1497 4866 si
1551 4822 1781 4885 uterque
1836 4816 1959 4870 illos

386 4897 542 4953 cibus
581 4895 861 4962 defecerit,
900 4912 965 4951 ex
1000 4900 1259 4954 universo
1299 4902 1579 4971 spinarum
1616 4919 1814 4959 acervo
1874 4920 1961 4960 re-

2069 4544 2164 4596 κα)⁵
2212 4540 2437 4603 τούτους
2455 4539 2500 4571 ⁸³
2534 4537 2698 4607 φύκει
2726 4553 2787 4588 τε
2833 4537 3135 4606 προσφάτῳ
3189 4537 3283 4588 καὶ
3310 4534 3508 4605 ἰχθυῶν
3538 4534 3653 4587 τῶν

2069 4636 2373 4689 ἐλασσόνων
2405 4631 2671 4700 κεφαλαῖς
2725 4633 2784 4683 ἐν
2836 4630 3115 4699 ὀρύγμασι
3169 4628 3495 4690 καταθέντες
3532 4627 3657 4679 δια-

2067 4726 2331 4795 τρέφουσι
2351 4740 2365 4755 ·
2390 4725 2491 4794 τῆς
2520 4722 2575 4776 δὲ
2606 4722 2811 4786 ἐνδείας
2842 4722 3039 4785 αὐτοὺς
3069 4720 3450 4790 κατασχούσης
3476 4719 3653 4771 ταῦτα

2069 4817 2168 4886 (ὡς
2201 4814 2440 4887 εἴρηται)
2480 4814 2761 4867 ποιοῦνται
2812 4813 3048 4885 σίτησιν.
3082 4812 3145 4865 Εἰ
3175 4812 3230 4863 δέ
3258 4812 3377 4863 ποθ’
3412 4811 3652 4879 ἑκατέρα

2066 4906 2262 4969 αὐτοὺς
2316 4906 2527 4973 σίτησις
2582 4905 2873 4974 ἐπιλείψει,
2929 4905 3038 4959 ἀπὸ
3088 4904 3291 4965 παντὸς
3348 4900 3443 4955 τοῦ
3464 4902 3509 4933 ⁶³
3535 4902 3648 4954 τῶν

385 4998 593 5049 centes,
628 4987 900 5057 et\adhuc
933 4990 1081 5044 succi
1116 4990 1307 5060 plenas
1338 4993 1595 5063 seligunt,
1644 5004 1698 5048 et
1746 4995 1959 5048 articu-

2076 4997 2322 5051 ἀκανθῶν
2353 4996 2531 5069 σωροῦ
2570 4997 2669 5061 τάς
2700 4997 2976 5067 ἐγχύμους
3026 4996 3208 5049 αὐτῶν
3265 4996 3357 5047 καὶ
3398 4995 3651 5063 προσφά-

384 5080 538 5138 latim
596 5080 722 5135 inde
780 5079 1055 5150 sublatas,
1118 5085 1318 5153 partim
1375 5085 1431 5139 in
1492 5099 1691 5141 saxoso
1749 5086 1955 5141 alicubi

2076 5106 2194 5153 τους
2227 5088 2568 5157 ἐπιλέγοντες
2620 5089 2915 5161 ἀφαιροῦσι
2968 5089 3086 5144 κατ’
3142 5086 3366 5158 ἄρθρον,
3407 5085 3649 5140 κᾶπειτα

1672 5245 1903 5301 VARI/ﬁ
1937 5245 2338 5304 LECTIONES.

453 5384 573 5439 ⁸⁸τε
591 5400 703 5441 om.
721 5384 785 5439 B.
818 5386 863 5419 ⁵⁸
888 5384 1080 5457 πόρου]
1096 5386 1291 5457 πόντου
1312 5385 1417 5441 Bel
1438 5400 1584 5457 corr.
1610 5385 1671 5440 Β.
1713 5387 1761 5419 ⁵⁸
1786 5388 1994 5456 γίνεται
2028 5389 2087 5443 Β.
2164 5391 2206 5423 ⁸⁸
2226 5388 2284 5443 δὲ
2300 5388 2508 5441 πέσωσι
2534 5389 2579 5443 Α
2600 5405 2613 5442 :
2636 5387 2680 5440 δ’
2708 5387 3051 5457 ἐμπέμπωσι-
3075 5402 3136 5449 ς.
3213 5385 3259 5415 ⁸⁸
3284 5382 3547 5455 μύραιναί
3579 5381 3641 5436 Β.

382 5456 665 5531 gutturi.
687 5473 767 5531 pr.
786 5461 854 5531 A_.
930 5458 978 5531 ’ξ
1003 5455 1160 5531 ὅσους
1187 5456 1250 5527 δή
1289 5458 1403 5509 ποτ’
1431 5456 1496 5531 ἀν
1515 5474 1621 5531 gr”
1653 5458 1697 5489 ⁸⁸
1724 5455 2114 5531 κειμένας
2142 5475 2255 5531 om.
2277 5464 2340 5514 Α.
2418 5461 2464 5490 ⁸⁸
2496 5458 2656 5531 πρὸς]
2674 5455 2813 5531 περί
2840 5455 2900 5508 Β.
2932 5458 2997 5531 -δῖ
3126 5465 3247 5523 post
3266 5459 3503 5531 satiati
3521 5470 3641 5531 oin.

384 5526 467 5602 Β.Δ
520 5528 566 5559 ⁸⁸
601 5524 850 5602 καρπδν]
876 5528 1075 5602 σπόρον
1101 5527 1140 5577 Β
1168 5524 1407 5602 et'corr.
1441 5529 1504 5580 A.
1565 5530 1627 5602 _”
1656 5524 1959 5602 κολλῷες]
1982 5531 2104 5584 libri
2142 5530 2405 5602 κρλλῶσιν
2427 5524 2900 5602 si.;.'cl'_.'l)iod_or1
2922 5527 2987 5602 _'5,
3012 5526 3098 5587 16,
3130 5526 3457 5602 vocabulum
3493 5524 3638 5602 idem

382 5595 603 5671 infrap.
644 5593 689 5650 Ι(
722 5593 880 5671 1352,
914 5593 1089 5671 τὸ
1114 5598 1225 5649 πᾶν
1254 5599 1388 5671 πολὺ
1404 5603 1450 5671 Ἀ
1481 5617 1493 5651 :
1530 5599 1591 5671 τὸ
1618 5600 1875 5671 πάμπολυ
1910 5593 1970 5664 ςῖ.
2073 5602 2117 5632 ⁶⁰
2151 5596 2262 5653 οἷον
2294 5598 2627 5671 ἡδύσματος]
2656 5598 2827 5671 οἰονεί
2875 5595 3174 5671 δύσμικτος
3214 5593 3255 5645 Β
3289 5604 3344 5647 et
3390 5609 3537 5671 corr.
3569 5595 3671 5671 4,~

384 5669 487 5723 fuit
512 5664 936 5794 fortazsegiova}
962 5668 1247 5793 δὲῇμαιῖος.
1322 5668 1363 5701 ⁶¹
1398 5664 1813 5742 διαπλάσαντες]
1841 5674 2167 5742 ποιήσαντες
2192 5672 2229 5724 Β
2257 5664 2478 5727 et'corr.
2506 5674 2570 5723 Α.
2608 5664 2627 5671 ’
2648 5670 2691 5700 θ’
2722 5666 2925 5720 ἰδοῦσιν
2953 5667 2998 5717 Α
3024 5685 3037 5718 :
3069 5664 3265 5717 εἰδόσιν
3296 5680 3355 5727 ς.
3435 5665 3482 5696 ⁸³
3509 5665 3640 5717 τού-

384 5754 495 5794 τοις
530 5755 613 5794 Dr.
695 5778 712 5794 .
826 5754 923 5791 του
955 5754 984 5791 a
1067 5775 1080 5790 .
1166 5774 1181 5791 .

383 5754 495 5804 τοις
528 5755 613 5811 pr.
644 5754 712 5794 Α.
753 5754 798 5772 ὐ
826 5754 923 5791 του
955 5754 1080 5793 auu.
1120 5754 1181 5791 υ.
