3944 6242
281 266 344 331 37
1409 264 1911 327 BIBLIOTHECA
1924 313 1937 325 .
1976 290 2046 302 -·
2074 265 2238 327 COD.
2264 266 2416 327 CCL.
3483 268 3556 331 38

280 379 379 439 τὰς
410 373 509 445 μὲν
534 372 836 436 κόπτοντες
864 373 954 427 ἐπὶ
990 371 1303 443 πετρώδους
1323 374 1515 439 τόπου,
1545 376 1610 437 ἂς
1639 374 1695 428 δὲ
1730 391 1868 427 κατ-

1990 376 2359 430 :omminuunt
2387 375 2528 439 loco,
2563 376 2760 445 partim
2795 376 3056 432 dentibus
3111 375 3434 443 coniiciunt,
3465 380 3558 435 be‘

283 469 644 542 εργαζόμενοι
672 468 761 521 διὰ
792 468 901 521 τῶν
962 467 1217 533 ὀδόντων,
1247 470 1362 531 τοῖς
1416 467 1719 536 φωλεύουσι
1758 466 1870 520 τῶν

286 563 493 634 θηρίων
537 561 641 632 τὴν
703 560 878 630 αὐτὴν
934 558 1175 613 διάθεσιν
1231 559 1589 635 λαμϐάνουσι.
1627 556 1785 629 Ποτῷ
1817 558 1877 611 δὲ

285 656 421 710 πολὺ
451 653 894 724 θαυμασιωτέρῳ
940 652 1205 722 χρῶνται.
1243 652 1365 704 Ἐπὶ
1400 651 1497 721 μὲν
1530 649 1640 721 γὰρ
1687 650 1879 703 τέττα-

288 766 386 819 ρας
420 748 646 817 ἡμέρας
690 746 835 815 πρὸς
893 747 1017 808 ταῖς
1075 743 1269 815 θήραις
1324 745 1565 812 γίνονται
1613 744 1707 796 καὶ
1741 742 1878 813 πρὸς

284 842 451 912 ᾠδαῖς
513 839 809 910 ἀνάρθροις
868 839 965 891 καὶ
1026 837 1166 907 πρὸς
1216 839 1335 901 ταῖς
1395 836 1707 899 συνουσίαις
1758 837 1880 898 ταῖς

283 934 507 995 παιδιᾶς
532 934 579 965 ⁸⁸
632 932 796 1003 χάριν
842 932 1187 1002 γινομέναις,
1219 932 1311 983 ὑπ’
1342 931 1557 995 οὐδενὸς
1600 928 1879 1001 περισπώ-

289 1045 465 1097 μενοι,
498 1026 588 1078 διά
618 1025 719 1096 τὴν
744 1025 1011 1077 εὐκοπίαν
1040 1025 1139 1095 τῆς
1161 1024 1370 1095 τροφῆς
1391 1025 1516 1094 ’τῆς
1543 1022 1599 1076 δὲ
1625 1023 1882 1095 πέμπτης

285 1118 724 1189 ἐπιλαϐούσης⁶⁶
780 1118 1089 1190 ἐξορμῶσιν
1143 1120 1224 1182 εἰς
1273 1119 1373 1186 τὴν
1408 1117 1683 1187 ὑπώρειαν
1715 1115 1879 1169 ποτοῦ

288 1212 477 1283 χάριν,
542 1213 625 1274 εἰς
682 1210 782 1272 τὰς
835 1211 1130 1281 συρρύσεις
1161 1210 1271 1263 τῶν
1308 1211 1577 1279 νομάδων,
1614 1211 1749 1281 πρλς
1794 1205 1883 1275 αἷς

293 1307 386 1358 καὶ
411 1306 454 1336 ⁸⁷
488 1304 559 1357 τὰ
589 1305 765 1374 κτήνη
796 1303 1135 1366 ποτίζουσιν.
1176 1303 1463 1373 Ἐσπέριος
1486 1302 1603 1374 [751
1636 1301 1729 1375 Η.]
1761 1302 1819 1356 δὲ
1847 1303 1882 1374 ἡ

287 1398 485 1469 πορεία
546 1397 785 1465 γίνεται.
847 1396 1270 1460 Κατανύσαντες
1292 1397 1336 1427 ⁸⁸
1387 1396 1443 1449 δὲ
1486 1397 1568 1459 εἰς
1622 1396 1721 1460 τὰς
1754 1412 1885 1449 ποτ-

289 1491 481 1561 ίστρας
524 1489 643 1543 τῶν
679 1489 938 1559 νομάδων
972 1488 1067 1542 τοῦ
1115 1489 1453 1560 κοιλώματος
1502 1488 1687 1559 κύκλῳ
1732 1505 1887 1560 περι-

287 1585 557 1653 έστησαν,
589 1580 692 1635 εἶτ’
723 1582 1165 1654 ἀπερεισάμενοι
1189 1582 1288 1644 τὰς
1316 1585 1505 1654 χεῖρας
1539 1583 1620 1647 εἰς
1656 1583 1754 1653 τὴν
1782 1582 1887 1653 γῆν

1982 467 2215 522 stiarum
2243 484 2368 538 quae
2396 469 2448 521 in
2476 468 2723 523 latibulis
2750 480 3043 524 versantur
3068 484 3271 524 morem
3308 479 3362 524 et
3407 456 3559 541 inge-

1980 558 2134 612 nium
2161 567 2639 628 repraesentantes.
2664 558 2802 614 Potu
2834 568 3015 614 autem
3042 560 3201 628 longe
3221 560 3559 615 mirabiliore

1981 660 2233 705 utuntur.
2268 650 2349 705 Ad
2388 661 2625 721 quatuor
2656 652 2800 705 enim
2834 653 2948 706 dies
2973 652 3283 723 piseatioui.
3303 662 3358 709 et
3383 655 3561 709 canti-

1982 743 2120 798 lenis
2172 759 2305 799 sane
2364 745 2681 810 inconditis,
2739 755 2792 799 et
2851 746 3137 811 sodalitiis,
3194 746 3325 811 ludi,
3386 746 3561 817 gratia

1984 836 2276 903 institutis,
2339 842 2570 899 vacant,
2625 836 2777 890 nulla
2841 851 2899 889 re
2956 837 3206 893 distracti
3268 854 3281 891 :
3338 847 3562 909 propter

1984 944 2257 983 summam
2294 928 2539 983 alimenti
2577 928 2809 998 parandi
2841 928 3186 983 facultatem.
3233 926 3340 983 Sed
3375 930 3561 983 inuni-

1985 1031 2151 1077 neute
2173 1022 2286 1092 jam
2326 1022 2413 1077 die
2442 1022 2659 1092 quinto,
2696 1022 2749 1075 in
2792 1022 3073 1093 regionem
3119 1022 3396 1075 montibus
3428 1021 3561 1076 sub-

1979 1118 2209 1189 jectam,
2262 1128 2425 1189 potus
2468 1134 2634 1174 causa
2685 1130 2904 1184 exeunt,
2969 1119 3036 1173 ad
3108 1120 3403 1174 nomadum
3442 1123 3562 1189 (pa-

1986 1210 2225 1280 storum)
2290 1211 2458 1276 rivos,
2514 1226 2625 1279 quo
2680 1226 2875 1281 pecora
2942 1226 3039 1266 sua
3116 1218 3304 1281 polum
3376 1221 3562 1282 agunt.

1985 1300 2261 1357 Profectio
2292 1313 2476 1356 autem
2502 1302 2591 1355 illa
2621 1303 2676 1356 tit
2705 1312 2949 1371 tempore
2972 1302 3307 1372 vespertino.
3330 1299 3566 1357 Proinde

1986 1409 2113 1449 cum
2160 1396 2225 1448 ad
2263 1394 2489 1464 aquaria
2537 1393 2833 1449 nomadum
2876 1393 3235 1458 diverterunt,
3280 1393 3461 1448 lacum
3510 1393 3567 1447 in

1986 1486 2177 1541 orbem
2224 1489 2608 1542 circumstant.
2659 1485 2855 1543 Postea
2905 1486 3161 1542 manibus
3216 1486 3387 1541 humo
3432 1502 3566 1542 con-

1988 1577 2155 1644 nixis,
2203 1588 2258 1633 et
2298 1576 2455 1633 ﬂexis
2506 1577 2759 1648 genibus,
2807 1577 2973 1632 boum
3020 1592 3173 1632 more
3206 1576 3422 1642 bibunt,
3453 1592 3565 1631 non

289 1678 385 1731 καὶ
414 1677 603 1740 θέντες
632 1675 702 1729 τὰ
743 1676 951 1743 γόνατα
978 1675 1170 1747 βοηδδν
1199 1677 1465 1741 πίνουσιν,
1501 1679 1561 1730 οὐ
1591 1677 1728 1748 πρὸς
1756 1678 1884 1749 μίαν

1990 1685 2104 1726 uno
2152 1668 2535 1740 respirationis
2578 1669 2806 1738 impetu,
2878 1668 2970 1724 sed
3020 1668 3217 1723 crebro
3262 1668 3565 1737 interquie-

1914 1724 1961 1781 D

286 1770 574 1838 ἀναπνοῆς
628 1768 810 1839 ὁρμὴν
832 1809 847 1833 ,
875 1768 1014 1822 ἀλλά
1046 1768 1305 1832 πολλάκις
1351 1770 1549 1833 αὐτοὺς
1578 1769 1884 1825 ἀναπαύον-

1992 1762 2222 1819 scendo.
2258 1761 2351 1817 Sic
2401 1762 2492 1817 ubi
2525 1777 2621 1817 ceu
2664 1762 2810 1817 dolia
2850 1770 3067 1817 ventres
3113 1762 3329 1831 liquore
3370 1760 3567 1831 imple-

287 1879 395 1923 τες.
457 1860 876 1931 Πληρὼσαντες
906 1860 962 1913 δέ
997 1861 1097 1924 τὰς
1125 1862 1338 1923 κοιλίας
1382 1862 1490 1915 τῶν
1520 1863 1704 1932 ὑγρῶν
1750 1862 1886 1915 καθ-

289 1955 433 2025 άπερ
493 1955 718 2021 ἀγγεῖα,
769 1952 907 2025 πρὸς
956 1951 1227 2007 θάλατταν
1273 1954 1425 2025 μόλις
1484 1954 1882 2027 ἀποχωροῦσιν.

292 2043 429 2099 Εἰτα
472 2043 896 2110 ἐπανελθόντες,
927 2045 1144 2117 ἐκείνην
1177 2046 1274 2117 μὲν
1300 2046 1396 2118 τὴν
1425 2048 1635 2120 ἡμέραν
1656 2049 1887 2113 ἕκαστος

297 2136 422 2189 οὒτε
494 2136 683 2205 ἰχθύος
723 2134 849 2188 οὔτε
884 2135 1048 2190 ἄλλου
1101 2138 1249 2201 τινὸς
1297 2140 1540 2207 γεύεται,
1595 2142 1772 2193 κεῖται
1826 2139 1885 2193 δὲ

307 2229 642 2299 ὑπεργέμων
678 2229 778 2282 καί⁸
823 2228 1117 2293 δύσπνους,
1152 2229 1292 2283 ὥστε
1343 2225 1482 2285 εἶναι
1528 2232 1729 2303 τρόπον
1762 2232 1885 2285 τι.νά

302 2324 382 2395 τῷ
432 2323 692 2395 μεθύοντι
730 2322 1176 2394 παραπλήσιονέθ
1208 2324 1269 2377 τὸ
1301 2324 1498 2394 βάρος·
1549 2324 1658 2391 ἀπὸ
1694 2325 1751 2379 δέ
1786 2324 1886 2395 τῆς

295 2418 565 2488 ἐχομένης
596 2416 700 2470 ἐπὶ
734 2416 836 2485 τὴν
869 2416 1178 2487 εἰρημένην
1209 2416 1423 2471 δίαιταν
1452 2418 1737 2486 ἐπανάγει.
1778 2417 1888 2471 Καὶ

295 2509 457 2564 τοῦτο
514 2509 707 2579 κύκλῳ
749 2508 840 2562 διά
880 2506 999 2579 βίου
1036 2507 1269 2576 γίνεται,
1316 2508 1452 2579 πρὸς
1481 2509 1739 2579 ἀσχολίαν
1790 2510 1886 2563 καὶ

294 2605 585 2675 μέριμναν
614 2600 830 2665 οὐδενὸς
873 2600 1297 2655 ἀποόλεπόντων
1328 2600 1507 2656 αὐτῶν
1536 2601 1884 2671 πράγματος.

289 2694 402 2747 Καὶ
438 2694 733 2763 νοσήμασι
771 2691 869 2762 μὲν
911 2690 1000 2745 διὰ
1036 2691 1137 2761 τὴν
1187 2689 1465 2761 ἁπλότητα
1514 2691 1614 2760 τῆς
1674 2690 1887 2760 διαίτης

289 2785 550 2848 σπανίοις
593 2783 1015 2854 περιπίπτουσι,
1046 2782 1288 2853 τοσούτῳ
1317 2781 1362 2835 δ’
1409 2782 1740 2854 ἀφαιροῦσιν
1776 2782 1887 2836 ἀπὸ

287 2875 380 2929 τοῦ
413 2876 626 2948 χρόνου
652 2873 765 2927 τῶν
789 2874 949 2940 ἐτῶν,
986 2874 1217 2946 ὅσῳπερ
1246 2872 1599 2944 ἀπονωτέραν
1626 2873 1737 2926 τῶν
1771 2872 1885 2926 λοι-

291 2968 405 3023 πῶν
438 2968 651 3039 ἔχουσα
682 2967 784 3039 τὴν
815 2968 1183 3039 ἀναστροφήν.

370 3257 519 3311 Ἀλλ’
582 3256 635 3310 οἰ
693 3256 793 3328 μὲν
848 3254 998 3318 ἐντὸς
1051 3255 1160 3308 τῶν
1212 3254 1418 3308 στενῶν
1481 3255 1582 3318 τὰς
1641 3255 1883 3324 οἰκήσεις

290 3350 509 3420 ἔχοντες
547 3349 875 3419 ἰχθυοφάγοι
924 3347 1069 3402 οὕτω
1104 3348 1525 3417 καταγίνονταιο
1574 3347 1623 3399 οί
1674 3345 1732 3398 δὲ
1784 3345 1882 3417 τὴν

290 3444 451 3507 ἐκτὸς
476 3442 525 3474 ⁷⁸
578 3442 856 3512 παραλίαν
897 3440 1229 3511 κεκτημένοι
1260 3441 1435 3510 ἄγρας
1465 3438 1565 3511 μὲν
1595 3438 1885 3509 ἐνδελεχῶς

288 3534 559 3603 τοιαύτης
616 3534 970 3605 εὐποροῦσιν,
1006 3533 1174 3603 ὑγροῦ
1208 3534 1251 3587 δ’
1297 3532 1483 3598 ἁπλῶς
1533 3533 1593 3585 ού
1638 3532 1883 3585 δέονταιο

287 3628 819 3699 προσενεγκάμενοι
843 3628 900 3681 δὲ
930 3628 1021 3681 τὸν
1057 3627 1209 3698 ἰχθὺν
1236 3626 1486 3698 ἔγχυλον,
1510 3626 1649 3680 ὥστε
1681 3626 1885 3695 μικρὰν

286 3718 434 3775 εἶναι
490 3720 604 3773 τῶν
638 3719 808 3789 ὠμῶν
857 3718 957 3790 τὴν
1000 3720 1381 3791 παραλλαγὴν,
1428 3720 1526 3791 οὐχ
1560 3716 1672 3774 οἷον
1722 3720 1884 3775 ποτὸν

286 3813 674 3883 ἐπιζητοῦσιν,
730 3811 847 3865 ἀλλ’
900 3812 1021 3865 οὐδὲ
1068 3813 1278 3866 έννοιαν
1327 3812 1516 3883 έχουσι
1540 3812 1636 3865 τοῦ
1670 3813 1884 3880 γένους.

286 3907 529 3977 Φέρουσι
561 3903 620 3955 δὲ
647 3901 871 3965 ἀλύπως
904 3904 1049 3974 ἅπερ
1077 3903 1323 3967 αὐτοῖς’ι
1353 3904 1449 3957 ἀπ’
1478 3904 1653 3975 ἀρχῆς
1679 3904 1712 3973 ἠ
1744 3901 1883 3974 τύχη

288 3998 709 4071 παραδέδωκεν.

364 4090 537 4164 [1548
572 4088 666 4161 IL]
698 4091 820 4144 Ὀτι
854 4089 981 4152 τοὺς
1018 4090 1078 4151 ἐν
1109 4091 1223 4152 τοῖς
1253 4090 1567 4160 εἰρημένοις
1592 4089 1781 4145 τόποις
1805 4088 1886 4141 οἰ-

288 4185 529 4246 κοῦντάς
553 4199 690 4252 φησι
721 4184 858 4252 πρὸς
892 4185 1004 4246 τοῖς
1036 4184 1347 4253 εἰρημένοις
1384 4181 1463 4234 ἐτι
1493 4181 1629 4252 μηδὲ
1657 4180 1795 4252 πρὸς
1816 4180 1886 4233 τά

290 4282 539 4350 μέγιστα
571 4278 684 4333 τῶν
716 4279 847 4349 παρ’
884 4281 1016 4349 ἡμῖν
1054 4278 1246 4331 δεινῶν
1279 4280 1474 4349 ὁμοίαν
1503 4280 1637 4348 ἡμῖν
1652 4279 1697 4309 ⁷⁸
1742 4276 1887 4347 ἔχειν

287 4372 395 4443 τὴν
427 4373 671 4425 ἔννοιαν.
700 4369 841 4424 Οὔτε
887 4371 994 4439 γὰρ
1036 4368 1256 4439 σίδηρον
1286 4370 1411 4421 κατ’
1439 4367 1619 4422 αὐτῶν
1665 4366 1890 4437 ἐπαιρό-

1987 1866 2205 1923 verunt,
2226 1855 2291 1910 ad
2318 1870 2467 1910 mare
2489 1854 2774 1909 ditliculter
2796 1856 2921 1909 inde
2941 1854 3266 1910 abscedunt.
3289 1853 3561 1910 Postridie

1986 1961 2150 2017 quam
2185 1946 2478 2001 deveutum
2512 1954 2709 2011 esteo,
2741 1961 2918 2015 neque
2958 1946 3027 2001 de
3059 1947 3231 2015 pisce,
3281 1962 3459 2016 neque
3490 1950 3560 2002 de

1986 2055 2048 2095 re
2078 2038 2211 2104 alia,
2239 2038 2531 2108 quisquam
2562 2047 2764 2108 gustat.
2799 2036 2906 2092 Sed
2938 2036 3134 2107 plenus
3154 2052 3319 2106 supra
3347 2036 3567 2091 modum

1985 2140 2040 2186 et
2065 2130 2359 2185 dilIiculter
2386 2129 2656 2187 anhelans
2688 2130 2924 2201 quisque
2963 2132 3211 2197 recubat,
3244 2131 3399 2185 ebrio
3433 2146 3571 2201 qua-

1986 2222 2276 2279 damtenus
2299 2266 2316 2290 ,
2345 2223 2638 2294 gravedine
2668 2224 2897 2291 scilicet,
2928 2224 3210 2280 assimilis.
3243 2224 3571 2294 lnsequentc

1986 2317 2207 2372 demum
2236 2316 2323 2371 die
2358 2316 2426 2372 ad
2456 2327 2776 2373 consuetam
2806 2318 2985 2372 victus
3024 2317 3292 2372 rationem
3334 2316 3566 2371 reditur.

1988 2409 2124 2476 Hoc,
2157 2410 2309 2465 velut
2356 2410 2508 2465 orbis
2555 2409 2936 2468 circumrotati
2981 2410 3218 2474 vicibus,
3264 2425 3362 2479 per
3395 2418 3567 2464 totam

1988 2502 2200 2572 agitant
2244 2501 2435 2565 vitam,
2487 2500 2709 2555 nemine
2758 2516 2824 2555 ex
2853 2501 2989 2570 ipsis
3038 2501 3105 2555 ad
3148 2501 3566 2571 occupationem

1986 2602 2081 2647 aut
2104 2609 2295 2649 curam
2327 2593 2534 2664 negotii
2586 2594 2938 2662 respiciente.
2980 2592 3037 2647 ln
3080 2594 3302 2648 morbos
3349 2602 3571 2664 propter

1986 2689 2169 2742 virtus
2216 2686 2636 2757 simplicitatem
2687 2702 2845 2743 raros
2883 2686 3187 2743 incidunt:
3241 2698 3569 2756 tantumque

1987 2779 2058 2835 de
2086 2796 2317 2836 numero
2348 2797 2619 2837 annorum
2652 2782 2931 2848 auferunt,
2964 2792 3172 2853 quanto
3207 2783 3381 2853 magis
3402 2798 3567 2849 quam

1989 2872 2175 2927 caeteri
2216 2872 2425 2941 absque
2475 2874 2761 2930 laboribus
2812 2884 3029 2930 :etatem
3065 2884 3254 2945 agunt.
3295 2876 3377 2929 Ad
3425 2876 3573 2929 hunc

1990 2963 2177 3031 itaque
2210 2965 2460 3029 modum,
2515 2966 2610 3034 qui
2662 2967 2809 3020 intra
2857 2966 3044 3022 fauces
3090 2976 3145 3021 et
3194 2968 3435 3022 locorum
3472 2983 3573 3022 an-

1992 3054 2204 3123 gustias
2260 3054 2419 3109 sedes
2482 3053 2721 3121 habent,
2786 3055 3184 3127 icbthyophagi
3244 3058 3409 3111 vitam
3476 3057 3574 3113 de-

1985 3154 2138 3215 gunt.

2056 3259 2190 3315 CAP.
2234 3258 2376 3315 XIV.
2434 3259 2511 3315 De
2553 3260 2953 3331 ichthyophagis
2995 3279 3099 3316 non
3145 3264 3466 3320 sitientibus.
3500 3294 3573 3309 --

1985 3350 2055 3405 At
2109 3350 2199 3418 qui
2250 3351 2590 3404 exteriorem
2649 3350 2752 3405 sibi
2807 3366 2959 3405 oram
3026 3353 3330 3419 vindicant,
3360 3355 3571 3424 piscatu

1985 3442 2303 3511 hujusmodi
2356 3442 2637 3497 abundant
2694 3453 2980 3513 perpetuo.
3069 3444 3314 3500 llumore
3388 3456 3571 3502 autem

1987 3550 2218 3606 prorsus
2276 3551 2381 3589 non
2438 3535 2646 3590 habent
2674 3550 2831 3605 Opus.
2883 3536 3114 3601 Quando
3166 3538 3312 3592 enim
3360 3541 3571 3607 piscem

1988 3628 2169 3683 adhuc
2238 3627 2619 3683 succuleutum
2677 3630 3066 3691 comederunt,
3112 3646 3219 3684 non
3270 3632 3433 3685 modo
3473 3646 3574 3700 po-

1986 3732 2103 3776 tum
2164 3736 2269 3774 non
2304 3722 2612 3791 requirunt,
2669 3722 2763 3775 sed
2816 3737 2916 3775 nec
2953 3722 3171 3791 generis
3240 3722 3401 3791 hujus
3461 3738 3576 3777 no-

1989 3816 2165 3870 titiam
2197 3824 2293 3868 aut
2347 3815 2737 3884 cogitationem
2808 3814 3032 3879 habent,
3061 3815 3372 3885 animisque
3426 3824 3577 3869 tran-

1988 3909 2175 3977 quillis
2204 3907 2386 3962 lerunt
2413 3922 2756 3977 quaecunque
2786 3906 2857 3961 ab
2886 3906 3045 3961 initio
3077 3906 3304 3963 fortuna
3352 3910 3434 3964 eis
3461 3921 3576 3963 tra-

1990 4001 2151 4056 didii.

2058 4094 2187 4150 CAP.
2219 4091 2338 4147 XV.
2371 4092 2448 4147 De
2502 4092 2721 4162 apathia
2756 4092 3264 4165 icltthyophagorum
3315 4111 3575 4165 quorum-

1990 4188 2224 4241 dam.-—
2244 4185 2301 4240 In
2332 4186 2467 4240 locis
2502 4198 2628 4240 ante
2653 4187 2819 4241 dictis
2841 4196 3150 4248 versantes,
3176 4203 3274 4241 nec
3299 4189 3571 4241 maximo—

1990 4295 2115 4337 rum
2149 4280 2231 4351 (ut
2272 4279 2417 4333 inter
2464 4293 2566 4333 nos
2606 4278 2901 4351 habentur)
2927 4279 3195 4334 malorum
3224 4296 3575 4335 communem

1993 4372 2205 4444 4501)
2262 4370 2549 4426 nobiscum
2612 4371 2891 4426 notionem
2966 4382 3021 4426 et
3066 4388 3288 4428 sensum
3347 4374 3574 4429 habent.

295 4481 466 4534 μενον
530 4463 783 4533 φεύγειν,
849 4461 973 4515 οὕτε
1031 4460 1477 4532 προπηλακισμῷ
1522 4459 1884 4532 ἐρεθίζεσθαι,

1993 4464 2107 4521 Nec
2130 4464 2272 4520 enim
2307 4464 2517 4518 ferrum
2552 4472 2743 4518 contra
2779 4479 2837 4517 se
2867 4464 3120 4518 strictum
3154 4474 3209 4518 et
3243 4464 3574 4517 intentatum

288 4552 420 4608 οὔτε
450 4554 584 4618 τοὺς
643 4552 718 4624 μὴ
764 4552 1076 4623 πάσχοντας
1104 4554 1219 4614 τοῖς
1269 4552 1542 4620 πάσχουσι
1578 4566 1887 4619 συναγανα-

285 4650 446 4700 κτεῖν
467 4664 484 4679 θ
521 4646 644 4699 ἀλλ’
678 4644 735 4697 εἴ
774 4662 826 4698 τι
856 4644 1067 4713 γένοιτο
1093 4643 1225 4713 περὶ
1253 4642 1450 4705 αὐτοὺς
1474 4640 1534 4706 ἐξ
1570 4640 1886 4711 ἀλλοφύλων

285 4738 561 4805 τοιοῦτον,
599 4737 863 4807 βλέπουσι
899 4736 998 4806 μὲν
1041 4728 1251 4789 οὗτοιη
1297 4733 1501 4797 ἀτενῶς
1534 4736 1614 4797 εἰς
1640 4735 1700 4787 τὸ
1738 4734 1887 4802 γινό-

287 4847 458 4899 μενον
493 4831 593 4882 καὶ
626 4829 728 4891 τὰς
765 4825 1011 4895 κεψαλάς
1046 4824 1294 4880 πύκναη
1326 4824 1658 4891 διανεύουσι,
1692 4826 1801 4879 τῶν
1828 4826 1886 4880 δὲ

285 4924 630 4994 εἰθισμένων
689 4921 968 4991 ἀνθρώπῳ
1012 4919 1150 4990 πρὸς
1195 4917 1487 4990 ἄνθρωπον
1506 4900 1569 4949 ⁷⁸⁸
1611 4917 1734 4971 οὐδὲ
1787 4919 1889 4987 τὴν

286 5014 590 5085 ἐλαχίστην
618 5012 858 5067 διδόασιν
899 5011 1133 5066 ἔννοιαν.
1171 5010 1335 5064 Ὀθεν
1370 5010 1557 5080 (φησὶν
1587 5012 1615 5063 ὁ
1642 5026 1889 5081 συγγρα-

1995 4556 2300 4628 refugiunt.
2335 4571 2439 4611 nec
2462 4556 2798 4610 contumelia
2834 4556 3104 4625 injuriave
3136 4556 3441 4621 irritantur,
3478 4573 3578 4612 nec

1995 4649 2197 4719 integri
2244 4647 2493 4702 adversis
2531 4647 2757 4702 casibus
2805 4645 3123 4703 al'l‘ectorum
3156 4648 3332 4702 vicem
3365 4650 3573 4715 dolent,

1995 4741 2089 4798 sed
2122 4743 2167 4797 si
2197 4742 2308 4797 tale
2332 4741 2616 4811 quidpiam
2649 4741 2719 4795 ab
2749 4740 3076 4811 alienigenis
3116 4742 3261 4797 circa
3302 4759 3399 4797 eos
3446 4758 3579 4796 con-

1994 4836 2173 4907 tingit,
2211 4835 2436 4890 intentis
2466 4834 2687 4905 quidem
2712 4836 2897 4889 oculis
2916 4834 2983 4888 ad
3014 4836 3221 4889 laetum
3246 4835 3574 4907 respiciunt,

1991 4939 2047 4983 et
2075 4929 2304 4982 crebros
2351 4927 2482 4981 dant
2530 4935 2698 4981 nutus
2746 4927 3052 4995 capitibus,
3106 4936 3162 4982 at
3207 4942 3399 4981 eorum
3454 4943 3577 4996 qua:

1994 5021 2160 5075 homo
2209 5020 2353 5074 circa
2410 5018 2684 5074 hominem
2736 5018 2917 5074 facere
2963 5021 3123 5082 solet.
3176 5036 3244 5075 ne
3292 5018 3573 5074 minimam

290 5106 450 5174 φεὺς)
486 5105 671 5174 ἔγωγε
734 5104 947 5175 νομίζω
1005 5102 1143 5173 μηδέ
1194 5102 1523 5173 χαρακτῆρα
1581 5099 1884 5169 εὔγνωστον

1994 5114 2213 5183 quidem
2286 5111 2820 5166 animadversionem
2898 5114 3156 5183 produnt.
3232 5111 3382 5167 Unde
3442 5111 3574 5165 mihi

289 5196 437 5269 ἔχειν
496 5200 725 5265 αὐτοὺς,
790 5194 1007 5268 ἐθισμῷ
1051 5195 1110 5250 δὲ
1172 5197 1268 5250 καὶ
1318 5195 1551 5266 νεύματι
1606 5196 1761 5264 ἡχοις
1831 5211 1884 5248 τε

1998 5205 2205 5275 (inquit
2234 5201 2451 5276 auctor)
2492 5217 2560 5259 ne
2589 5203 2808 5275 signum
2841 5204 3063 5275 quidem
3113 5205 3321 5261 notitias
3364 5209 3575 5257 certum

1569 5411 1806 5469 VARUE
1840 5412 2247 5471 LECTIUNES.

334 5597 404 5678 _"
433 5599 696 5678 παιδείας
728 5594 793 5650 Β.
826 5597 921 5678 --σς
950 5597 1318 5678 ἐπιϐαλορσης
1347 5596 1413 5652 Α.
1490 5597 1581 5678 __"_
1605 5601 1700 5678 καὶ
1728 5616 1840 5654 om.
1876 5601 1942 5654 A.
1976 5599 2377 5678 ecn§p£0t;_B.__
2454 5602 2519 5678 ’ᾗ
2534 5602 2936 5678 καταλύσαντες
2968 5620 3029 5678 ς.
3051 5676 3066 5678 _
3133 5604 3178 5636 "
3199 5606 3579 5678 παραπλήσιον

290 5668 369 5735 τῷ
393 5652 644 5754 μεθύοντι
903 5668 1142 5751 emis:
1169 5652 1325 5754 mi;
1350 5686 1411 5752 r:_.
1446 5686 1473 5754 ‘A
1490 5669 1589 5754 "If;
1619 5652 1913 5754 comam?
1940 5652 2130 5754 ρὺτοίς
2155 5652 2401 5754 ροῆἱιΛνΒΖ
2970 5652 3099 5744 ἧμῖν
3122 5652 3348 5732 out-.1.—
3359 5652 3456 5709 ml"
3468 5652 3581 5733 Et;

286 5752 370 5790 τοι
401 5743 441 5793 Α
475 5739 643 5797 εοῦτε
679 5755 745 5803 ς.
829 5738 872 5770 ⁷⁸
898 5738 1084 5809 πυκνῷ
1109 5756 1171 5803 ς.
1281 5741 1325 5772 ’τ’
1377 5738 1651 5812 ἀνθρώπῳ
1689 5738 1835 5813 ’πρὸς
1869 5740 2180 5813 ἄνθρωπον]
2230 5741 2541 5816 ἀνθρώποις
2596 5744 2654 5799 Β.
