3966 6240
390 271 461 333 39
1553 253 1819 318 PHOTII
1853 248 2367 312 PATRIARCHAE
2394 248 2504 309 CP.
3600 238 3677 301 40

390 386 619 445 habere.
674 380 769 437 sed
822 375 1257 442 assuefactione,
1287 382 1344 429 et
1391 380 1554 439 nutu,
1602 371 1869 439 sonisque
1916 382 1982 423 ac

2101 367 2180 419 ιαὶ
2225 366 2498 436 μιμητικῇ
2531 362 2762 435 δηλώσει
2790 362 3015 415 διοικεῖν
3067 360 3244 416 πάντα
3281 359 3349 412 τὰ
3396 356 3532 428 πρὸς
3582 358 3677 408 τὸν

392 475 691 533 imitatrice
726 472 1154 543 signiﬁcatione,
1234 477 1435 524 cuncta
1481 466 1537 521 in
1587 463 1699 517 vita
1750 460 1984 517 admini-

396 581 579 627 strare
609 569 889 625 videntur.

392 686 525 742 CAP.
558 682 698 737 XVI.
735 680 811 735 De
863 695 966 732 non
1007 674 1307 732 sitientibus
1351 672 1755 743 ichthyophagis
1816 678 1866 725 et
1920 669 1984 723 de

913 749 1093 819 phocis
1126 762 1311 800 rarum
1339 744 1490 814 quid.

469 861 897 935 lchthyophagis
920 858 1085 930 (quos
1114 870 1224 911 non
1256 853 1412 910 sitire
1436 852 1581 907 fama
1606 859 1710 923 est)
1742 849 1980 915 ﬁnitimi,

400 974 501 1014 ceu
543 954 865 1010 inviolabile
901 952 1173 1006 sancitum
1209 948 1288 1003 eis
1310 946 1489 1002 foedus
1517 946 1737 1000 sitcum
1768 943 1982 1013 phocis,

397 1067 501 1107 nec
549 1050 653 1119 ipsi
709 1048 918 1117 phocas
956 1044 1182 1108 laedunt,
1236 1056 1338 1096 nec
1383 1040 1453 1094 ab
1498 1038 1609 1092 illis
1653 1044 1985 1093 nocumento

404 1147 720 1201 aIIiciunlur
767 1161 780 1196 :
830 1142 943 1196 imo
993 1140 1155 1194 etiam
1197 1140 1409 1208 praedas
1446 1137 1590 1190 inter
1632 1150 1691 1189 se
1736 1129 1987 1187 venatori

397 1241 665 1310 integras,
700 1244 755 1291 et
788 1234 1117 1290 insidiarum
1154 1232 1448 1295 immunes,
1488 1238 1783 1297 utrumque
1814 1238 1986 1294 genus

398 1330 666 1393 custodit,
712 1339 766 1383 et
811 1327 885 1381 ita
940 1336 1186 1380 rnntuam
1228 1323 1370 1376 inter
1423 1336 1482 1375 se
1525 1317 1985 1375 consuetudinem

395 1419 625 1481 habent,
657 1426 718 1470 ut
766 1413 856 1467 vix
891 1413 1169 1476 homines,
1212 1410 1308 1479 qui
1364 1423 1488 1465 cum
1539 1404 1862 1461 hominibus
1912 1403 1987 1457 ita

398 1512 715 1565 convictum
750 1515 936 1573 agant,
976 1504 1352 1558 inveniantur.

466 1600 596 1655 CAP.
636 1595 806 1650 XVII.
861 1594 1185 1649 Habitacula
1216 1591 1725 1663 ichthyophagorum
1763 1598 1811 1643 et
1838 1589 1989 1658 fune-

394 1692 559 1747 ratio.
610 1722 678 1730 —
730 1689 865 1742 Pars
928 1686 1395 1757 iclithyOphagum
1455 1698 1555 1753 pro
1614 1681 1985 1736 tabernaculis
2017 1724 2059 1781 Β

398 1786 603 1839 habent
627 1797 845 1852 specus,
882 1796 990 1834 non
1017 1792 1323 1833 conversos
1353 1775 1419 1831 ad
1436 1775 1743 1839 meridiem,
1769 1782 1985 1842 pr0pter

398 1878 761 1933 immodicum
817 1882 1039 1937 aestum,
1103 1870 1198 1926 sed
1259 1870 1313 1923 in
1370 1869 1585 1939 plagam
1648 1867 1984 1922 contrariam

398 1984 644 2026 aversos.
679 1966 752 2021 Pa
766 1982 818 2022 rs
852 1966 955 2021 sub
983 1964 1151 2019 costis
1177 1962 1437 2033 piscium,
1471 1960 1671 2029 quibus
1729 1959 1862 2029 alga:
1909 1958 1989 2012 in-

400 2071 742 2125 stet-nuntur,
765 2060 987 2128 degunt.
1030 2056 1133 2109 Alii
1168 2054 1401 2109 vertices
1456 2054 1723 2108 olivarum
1760 2052 1900 2105 inter
1930 2064 1990 2106 se

401 2168 683 2211 connexos
720 2166 819 2222 pro
844 2147 1146 2203 domiciliis
1173 2152 1463 2215 usurpant.
1502 2143 1557 2198 Id
1596 2152 1783 2198 autem
1816 2156 1990 2213 genus

412 2248 574 2301 olivae
631 2246 873 2300 fructum
929 2241 1043 2296 edit
1108 2241 1234 2294 nuci
1298 2246 1571 2292 castanea:
1628 2236 1989 2306 persimilem.

403 2342 609 2407 Quarta
641 2354 777 2408 gens
806 2334 1274 2406 ichthyophagum
1322 2332 1485 2386 talem
1524 2328 1806 2384 habitandi
1859 2342 1992 2383 con-

405 2432 757 2488 suetudinem
804 2428 986 2482 hahet.
1041 2424 1348 2479 Immensus
1391 2436 1573 2477 arenae
1627 2420 1880 2476 cumulus
1925 2435 1993 2475 ex

405 2525 558 2578 Olnni
588 2536 704 2574 aevo
740 2530 1038 2588 congesms
1061 2526 1164 2580 est,
1199 2517 1378 2570 instar
1401 2513 1624 2567 montis.
1656 2511 1817 2579 Isque
1847 2519 1992 2565 totus

407 2633 437 2672 a
468 2617 634 2670 [luctu
667 2623 934 2684 perpetuo
967 2612 1207 2665 alluente
1239 2609 1633 2671 condensatur,
1672 2614 1736 2661 ut
1777 2621 1807 2659 a
1849 2605 1993 2660 mole

406 2710 593 2778 aliqua
628 2706 847 2777 generis
878 2713 933 2758 et
959 2711 1174 2757 natura;
1204 2701 1391 2765 unius,
1417 2709 1641 2770 propter
1660 2712 1839 2751 arena:
1861 2712 1994 2752 con-

407 2800 713 2853 cretionem
749 2794 881 2848 nihil
938 2792 1175 2846 diﬂ‘erat.
1216 2792 1357 2844 Hinc
1400 2789 1676 2844 cuniculis
1708 2786 1771 2840 ad
1819 2786 1995 2855 longi-

410 2889 659 2945 tudinem
681 2887 786 2940 viri
813 2885 971 2948 actis,
992 2899 1113 2954 quae
1138 2884 1192 2936 in
1215 2881 1431 2953 fastigio
1462 2892 1611 2941 sunt.
1642 2880 1996 2934 indurescere

408 2990 465 3036 et
493 2979 620 3034 tecti
660 2993 820 3033 usum
852 2976 1097 3046 praebere
1139 2974 1347 3037 sinunt,
1399 2982 1621 3042 propter
1669 2985 1830 3041 quam
1881 2967 1995 3023 dixi

411 3072 811 3129 connexionem
843 3086 857 3123 :
886 3069 978 3123 sed
1020 3068 1072 3120 in
1104 3066 1421 3137 pavimento
1447 3063 1696 3118 inferiori
1728 3062 1995 3130 oblongos
2024 3063 2066 3119 C
2099 3039 2429 3137 q’X‘JPG’GQM

410 3164 623 3216 ducunt
665 3169 880 3212 meatus
924 3155 1177 3223 undique
1221 3153 1364 3206 inter
1407 3166 1529 3205 sese
1568 3150 1898 3219 perforatos.
1930 3145 1989 3199 In

409 3254 522 3319 bis,
555 3253 906 3321 aliquatenus
937 3250 1002 3302 ad
1039 3245 1343 3316 penetralia
1382 3251 1543 3297 vento
1574 3240 1823 3308 exposita
1872 3237 1992 3291 luce

412 3344 679 3406 admissa,
713 3344 955 3411 quietem
984 3338 1231 3407 capiunt.
1269 3332 1327 3387 Si
1368 3331 1591 3403 quando
1615 3341 1796 3382 autem
1826 3326 1993 3380 maris

409 3431 700 3488 inundatio
729 3429 929 3488 oritur,
973 3424 1240 3495 praedam,
1280 3436 1392 3489 quo
1430 3420 1672 3473 diximus
1704 3417 1886 3478 modo,
1926 3428 1994 3467 ex

412 3522 723 3592 piscatione
751 3517 1070 3586 acquirunt.
1102 3513 1213 3566 Nec
1234 3512 1345 3564 ulla
1371 3524 1504 3564 sane
1536 3508 1832 3560 morientes
1863 3519 1993 3558 cura

410 3614 732 3683 dignantur,
770 3623 898 3663 cum
935 3620 1089 3659 mens
1136 3604 1353 3657 illorum
1391 3598 1763 3653 misericordia
1797 3594 1994 3665 451a

412 3710 605 3775 (quam
643 3700 829 3770 opinio
867 3697 1060 3769 gignit)
1090 3710 1196 3748 non
1226 3691 1513 3746 alliciatur.
1555 3688 1685 3741 Ideo
1724 3688 1996 3755 projectos

407 3798 597 3868 jacere
624 3796 831 3856 sinunt,
870 3792 1049 3842 donec
1080 3784 1443 3855 reciprocatio
1490 3793 1659 3835 aestus
1693 3781 1887 3835 oborta
1938 3778 1996 3831 in

416 3904 570 3944 mare
604 3887 746 3949 illos,
784 3897 965 3937 escam
997 3880 1266 3949 piscibus,
1294 3873 1603 3931 abstulerit.

484 4057 617 4111 CAP.
656 4052 845 4107 XVIII.
890 4049 1016 4103 Indi
1048 4046 1264 4117 quidam
1304 4053 1485 4113 sponte
1523 4044 1662 4107 nati,
1713 4058 1803 4095 seu
1840 4040 1998 4095 terri-

412 4143 967 4221 genw.—Nonnulli
1020 4136 1348 4212 [Indorum]
1398 4137 1493 4207 qui
1527 4151 1593 4190 ex
1645 4136 1782 4189 mari
1835 4136 1996 4189 victi-

419 4249 555 4305 tant,
580 4254 703 4293 cutn
737 4236 864 4289 aliis
887 4234 1051 4288 etiam
1086 4232 1192 4283 hoc
1216 4230 1390 4283 multo
1420 4228 1748 4282 insolentius
1773 4226 1995 4291 habent,

417 4328 652 4400 etquod
705 4328 757 4379 in
805 4322 1035 4377 rationis
1075 4319 1235 4373 ﬁdem
1281 4334 1390 4371 non
1445 4315 1607 4370 facile
1657 4317 1820 4370 cadit.
1860 4314 1994 4368 Nam

2088 459 2223 529 βίον.

2088 636 2227 706 Περὶ
2262 634 2382 689 τῶν
2404 634 2643 702 ddici-tor
2682 629 3088 767 ίχθὲἕεεάπων,
3124 629 3221 682 καὶ
3264 626 3384 680 τῶν
3430 626 3675 695 φωκῶν,

2847 719 2975 755 νον.

2847 719 2975 755 νον.

2163 823 2287 874 Ὅτι
2322 820 2480 889 φησι,
2530 818 2768 884 Πλησίον
2806 814 2919 868 τῶν
2968 813 3176 883 ἀδίψων
3213 811 3569 882 ίχθυοφάγων
3626 813 3678 865 οἱ

2089 911 2501 975 κατοικοῦντες,
2519 911 2712 979 ὥσπερ
2741 907 3113 978 ἀπαραϐάτων
3131 905 3177 936 ⁷⁸
3195 906 3440 958 σπονδῶν
3467 905 3681 975 μεταξὺ

2087 1005 2352 1059 τεθέντων
2386 1001 2568 1055 αὐτῶν
2598 1016 2656 1051 τε
2691 999 2785 1052 καὶ
2812 999 2923 1050 τῶν
2952 996 3151 1066 φωκῶν
3174 1036 3189 1060 ,
3218 995 3343 1049 οὔτε
3383 996 3539 1049 αὑτοὶ
3578 996 3683 1059 τὰς

2655 1095 2724 1115 ’δ’
2758 1093 2850 1115 3—1
2889 1095 2902 1115 2

2088 1098 2279 1168 φώκας
2308 1096 2573 1158 σίνονται,
2616 1095 2724 1147 οὑδ*
2757 1093 2850 1147 ὑπ’
2886 1091 3112 1146 ἐκείνων
3138 1086 3285 1145 οὗτοι
3319 1090 3680 1161 βλάπτονται,

2087 1191 2225 1246 ἀλλὰ
2251 1190 2346 1244 καὶ
2374 1188 2623 1259 ἀλλήλων
2649 1187 2823 1257 θήρας
2870 1184 3366 1247 ἀνεπιϐουλεύτους
3391 1184 3470 1253 τῷ
3502 1183 3682 1253 θηρά-

2090 1301 2244 1338 σαντι
2273 1283 2535 1354 ἑκάτερον
2564 1280 2723 1349 γένος
2754 1280 3012 1348 συντηρεῖ
3032 1316 3046 1341 ,
3076 1278 3172 1330 καὶ
3205 1276 3682 1347 συναναστρέφον-

2087 1396 2179 1430 ται
2204 1375 2378 1439 οὑτως
2408 1374 2663 1445 ἀλλήλοις
2709 1374 2784 1437 ὡς
2818 1373 2973 1444 μόλις
3006 1372 3072 1426 ἂν
3104 1372 3380 1444 εὑρεθεῖεν
3403 1370 3545 1441 πρὸς
3586 1371 3682 1424 ἁνε-

2089 1468 2345 1540 θρώπους
2372 1485 2437 1521 συ
2447 1466 2737 1538 μδιοῢντες
2766 1465 2864 1519 ἄνθ
2875 1483 3067 1537 ρωποι.

2160 1562 2291 1636 [752
2328 1560 2419 1633 Η.]
2459 1562 2586 1614 Ὅτι
2630 1559 2740 1612 τῶν
2794 1559 3162 1629 ἰχθυοφάγων,
3218 1559 3404 1630 φησὶν,
3473 1559 3525 1611 οἱ
3582 1559 3684 1628 μὲν

2091 1654 2418 1725 σκηνώμασι
2461 1654 2574 1715 τοῖς
2623 1651 2913 1722 σπηλαίοις
2939 1691 2953 1716 ,
2994 1652 3055 1703 οὑ
3088 1651 3493 1721 τετραμμένοις
3540 1649 3681 1719 πρὸς

2092 1748 2444 1819 μεσημϐρίαν
2475 1746 2563 1799 διὰ
2592 1746 2653 1799 τὸ
2690 1744 2980 1813 πνιγῶδες,
3028 1744 3167 1800 ἀλλὰ
3195 1747 3306 1807 τοῖς
3345 1744 3681 1814 ἀπεστραμ-

2094 1846 2281 1918 μένοις
2316 1846 2509 1914 αὑτὴν,
2543 1843 2782 1915 χρῶνται
2804 1859 2820 1875 ο
2865 1844 2913 1896 οἱ
2941 1842 2998 1895 δὲ
3029 1842 3135 1896 ὑπὸ
3164 1844 3285 1904 ταῖς
3310 1840 3420 1893 τῶν
3475 1840 3683 1910 ἰχθύων

2091 1941 2381 2011 πλευραῖς,
2419 1940 2602 2011 φυκία
2631 1937 3015 2002 ἐπιϐάλλοντες
3044 1937 3226 1999 αὑτοῖς
3249 1954 3261 1966 ·
3279 1936 3329 1989 οἱ
3361 1936 3419 1989 δέ
3446 1935 3548 1996 τὰς
3571 1932 3686 1986 τῶν

2091 2035 2290 2088 ἐλαιῶν
2313 2032 2562 2104 κορυφὰς
2594 2032 2855 2101 ἀλλήλαις
2890 2032 3252 2094 συνάπτοντες
3288 2026 3406 2081 εἶτα
3435 2027 3685 2098 χρῶνται

2094 2124 2443 2196 σκηνώμασι.
2483 2124 2598 2195 Τὴν
2630 2124 2687 2175 δέ
2725 2123 2983 2192 τοιαύτην
3011 2121 3199 2174 ἐλαίαν
3229 2120 3448 2191 καρπὸν
3490 2117 3685 2189 φέρειν

2093 2215 2230 2284 φησὶ
2264 2214 2619 2284 κασταναϊκῷ
2651 2214 2844 2284 καρύῳ
2874 2209 3263 2284 προσεμφερῆ.
3297 2212 3340 2262 Τ
3343 2211 3371 2262 δ
3401 2211 3461 2263 δὲ
3485 2210 3685 2279 τέταρ-

2092 2323 2187 2358 τον
2217 2304 2326 2357 τῶν
2364 2304 2713 2375 ίχθυοφάγων
2760 2304 2919 2372 γένος
2965 2304 3064 2373 τὴν
3094 2304 3307 2369 οἴκησιν
3348 2302 3464 2371 ἔχει
3492 2301 3685 2355 τοιαύ-

2092 2415 2215 2468 την.
2247 2399 2468 2467 Ἀμμου
2507 2398 2706 2467 φόρτος
2742 2395 2975 2457 ἄπλετος
3005 2396 3071 2447 ἐκ
3098 2394 3195 2446 τοῦ
3227 2394 3428 2457 παντὸς
3458 2394 3685 2459 αἰῶνος,

2093 2490 2211 2559 ὄρει
2241 2489 2650 2559 παραπλήσιος,
2688 2486 3045 2556 σεσώρευται,
3082 2488 3177 2539 καὶ
3200 2488 3307 2549 πᾶς
3321 2487 3365 2517 ⁷⁷
3397 2480 3555 2547 οὗτος
3579 2485 3693 2537 ὑπὸ

2094 2580 2190 2633 τοῦ
2223 2580 2659 2650 προσϐάλλοντος
2687 2580 2774 2631 ἀεὶ
2808 2576 3056 2649 κύματος
3087 2576 3342 2647 σκληρῶς
3373 2576 3693 2647 πεπιλημέι

2096 2689 2186 2737 νος
2204 2673 2270 2737 ⁷⁸,
2298 2672 2441 2725 ὥστε
2467 2670 2770 2741 ὁμογενοῦς
2799 2670 2964 2738 ὄγκου
2993 2672 3086 2723 καὶ
3114 2670 3242 2739 μίαν
3273 2669 3440 2738 φύσιν
3470 2670 3694 2740 ἔχοντος

2094 2766 2185 2820 διὰ
2242 2768 2343 2836 τὴν
2404 2765 2552 2835 μίξιν
2608 2767 2705 2818 καὶ
2753 2763 3076 2833 συμπλοκὴν
3121 2764 3223 2833 τῆς
3270 2763 3460 2833 ἄμμου
3519 2761 3694 2832 μηδὲν

2096 2856 2525 2928 παραλλάσσειν.
2572 2852 2705 2909 Εἶτα
2744 2855 3052 2925 ὑπονόμους
3096 2855 3282 2917 αὑτοῖς
3317 2855 3695 2923 ἀνδρομήκεις

2096 2951 2404 3022 ὀρύττουσι,
2455 2949 2547 3002 τὸν
2607 2950 2707 3018 μέν
2759 2947 2905 3000 κατὰ
2956 2946 3203 3017 κορυφὴν
3260 2947 3427 3014 ὄγκον
3485 2947 3693 3009 ἐῶντες

2486 3024 2583 3091 καῗ
2637 3037 2852 3103 στέγειν
2899 3037 2989 3089 διὰ
3042 3038 3142 3103 τῆς
3202 3037 3507 3107 εἰρημένης
3564 3054 3696 3089 συν-

2100 3132 2322 3192 δέσεως,
2361 3131 2425 3182 ἐκ
2453 3128 2510 3181 δέ
2535 3127 2630 3180 τοῦ
2663 3126 2907 3180 κάτωθεν
2938 3127 3170 3194 ἐδάφους
3198 3128 3563 3198 παραμήκεις
3597 3128 3696 3180 αὑ-

2099 3224 2276 3284 λῶνας
2310 3219 2871 3290 κατασκευαζόμενοι,
2929 3220 3065 3290 πρὸς
3118 3220 3387 3288 ἀλλήλους
3420 3219 3695 3273 πάντοθεν

2103 3314 2594 3384 συντετρημένους,
2623 3315 2681 3365 ἐν
2711 3308 2792 3375 οἷς
2820 3312 2959 3375 τέως
2986 3312 3084 3381 μέν
3104 3313 3309 3374 τινοςτθ
3336 3313 3403 3365 τὰ
3433 3314 3575 3382 πρὸς
3601 3314 3700 3364 τὸν

2101 3406 2303 3475 ἄνεμον
2337 3405 2679 3474 φωτίσαντες
2708 3405 2935 3472 ἄγουσιν
2960 3405 3218 3475 ἡσυχίαν,
3247 3404 3387 3457 ἐπὰν
3421 3405 3477 3455 δὲ
3507 3405 3697 3474 πλημ-

2104 3500 2269 3569 μυρὶς
2298 3498 2525 3569 ἐπέλθῃ,
2554 3498 2624 3550 τὰ
2658 3496 2796 3566 πρὸς
2843 3496 2943 3566 τὴν
2980 3497 3156 3566 ἄγραν
3174 3497 3241 3559 ⁸ο,
3269 3497 3344 3559 ώς
3373 3498 3468 3549 καὶ
3502 3498 3697 3566 aposi-

2104 3608 2290 3661 ρηται,
2328 3587 2866 3661 παρασκευάζονται.
2896 3589 3032 3652 Τοὺς
3070 3588 3253 3659 μέντοι
3289 3604 3353 3655 γε
3383 3589 3697 3642 τελευτῶν-

2100 3699 2199 3745 τας
2241 3681 2423 3735 αὑτῶν
2470 3680 2729 3750 οὐδεμιᾶς
2766 3679 2981 3746 ἀξιοῦσι
3013 3681 3292 3748 προνοίας,
3324 3681 3514 3749 ἀπαθῆ
3552 3683 3699 3752 πρὸς

2100 3774 2191 3827 τὸν
2220 3775 2284 3826 ἐκ
2306 3774 2463 3843 δόξης
2493 3773 2641 3826 ἔλεον
2684 3773 3019 3843 κεκτημένοι
3050 3774 3148 3841 τὴν
3183 3773 3411 3842 γνώμην
3433 3789 3447 3804 ·
3475 3773 3558 3826 διὸ
3598 3776 3698 3827 καὶ

2100 3864 2317 3918 κεῖσθαι
2364 3863 2690 3937 ἐῤῥιμένους
2715 3865 2899 3930 ἐῶσιν,
2934 3863 3038 3925 ἕως
3068 3862 3133 3916 ἂν
3165 3864 3428 3933 ἄμπωτις
3460 3865 3696 3929 τούτους

2099 3958 2213 4019 τοῖς
2250 3956 2480 4025 ἰχθύσιν.

2175 4050 2299 4102 Ὅτι
2331 4051 2497 4118 φησιν
2530 4048 2706 4113 ἐνίους
2731 4048 2840 4101 τῶν
2873 4046 2983 4101 ἀπὸ
3009 4048 3107 4118 τῆς
3141 4048 3412 4118 θαλάττης
3438 4052 3698 4122 σιτουμέ-

2101 4160 2208 4197 νων
2242 4145 2378 4213 μετὰ
2410 4144 2517 4196 τῶν
2552 4143 2728 4196 ἄλλων
2760 4144 2855 4196 καὶ
2886 4141 3045 4195 τοῦτο
3075 4140 3223 4212 ἔχειν
3249 4145 3695 4217 παραδοξότερον

2100 4235 2198 4288 καὶ
2227 4236 2305 4298 εἰς
2337 4234 2560 4305 λογικὴν
2588 4234 2985 4304 καταχωρῆσαι
3017 4233 3205 4287 πίστιν
3234 4236 3293 4287 οὑ
3322 4237 3527 4306 ῥᾴδιον.
3552 4237 3696 4291 Οὔτε

2099 4326 2209 4398 γὰρ
2242 4327 2405 4379 πόθεν
2440 4329 2519 4389 είς
2551 4325 2641 4378 τὸν
2672 4324 2871 4395 χῶρον,
2904 4326 2962 4377 ἐν
2987 4318 3033 4378 ὧ
3065 4326 3309 4379 οἰκοῦσιν
3333 4329 3599 4397 ἀφίκοντο
3618 4332 3691 4399 εί,

415 4424 559 4479 unde
588 4429 682 4475 aut
711 4416 988 4489 quomodo
1018 4414 1072 4467 in
1112 4413 1317 4474 locum,
1364 4410 1461 4465 ubi
1501 4425 1646 4464 nunc
1679 4420 1989 4474 versantur,

2101 4419 2246 4471 ἔστιν
2277 4416 2601 4485 ἐπιγνῶναι,
2628 4414 2752 4467 οὔτε
2782 4416 2931 4479 ὅπως
2957 4415 3146 4485 λισσῆς
3169 4419 3268 4486 μὲν
3300 4419 3515 4489 πέτρας
3550 4420 3697 4474 ἅνω-

416 4512 799 4586 pervenerint,
844 4505 1161 4578 cognitione
1201 4503 1420 4573 assequi
1462 4518 1570 4558 non
1621 4504 1765 4557 licet.
1806 4501 1991 4572 Siqui-

410 4611 537 4664 dem
566 4607 737 4661 ardua
763 4613 817 4658 et
850 4608 1125 4672 praerupta
1158 4597 1239 4652 eis
1273 4605 1423 4666 petra
1450 4612 1548 4651 ceu
1572 4596 1705 4666 jugo
1728 4596 1993 4651 continuo

413 4700 715 4770 impendet,
736 4705 791 4750 et
824 4692 1127 4765 praecipitia
1157 4672 1426 4745 montium
1459 4705 1521 4743 ex
1559 4690 1785 4759 obliquo
1814 4698 1995 4742 trans-

414 4795 527 4849 itus
562 4792 835 4852 adimunt,
874 4794 930 4841 et
991 4784 1216 4856 pelagus
1239 4798 1457 4838 omnem
1487 4798 1552 4837 ex
1590 4784 1821 4836 adverso
1863 4797 1996 4836 con-

412 4889 678 4944 tinentem
716 4882 1086 4945 disterminat,
1130 4886 1192 4933 ut
1240 4878 1481 4949 pedestri
1534 4878 1729 4933 itinere
1766 4877 1994 4931 omnino

414 4979 586 5052 (quod
614 4977 748 5046 dixi)
784 4976 913 5029 illuc
947 4973 1120 5028 veniri
1167 4988 1279 5027 non
1330 4972 1528 5043 possit,
1563 4981 1618 5027 et
1653 4971 1867 5026 ratibus
1899 4982 1996 5024 aut

415 5073 636 5136 lembis,
669 5071 738 5124 ob
782 5068 1054 5123 defectum
1092 5082 1280 5122 rerum
1319 5066 1463 5137 apud
1510 5081 1611 5120 nos
1644 5065 1994 5127 usitatarum,

414 5181 571 5236 aeque
602 5164 675 5219 sit
711 5161 949 5216 dillicile.
993 5159 1128 5227 Quae
1166 5175 1292 5215 cum
1327 5160 1402 5214 ita
1448 5174 1509 5215 se
1554 5158 1815 5221 habeant,
1860 5155 1994 5209 reli-

417 5270 589 5325 quum
634 5263 738 5317 est,
790 5261 847 5306 ut
879 5252 1115 5320 dicatur,
1164 5251 1459 5322 indigenas
1494 5265 1639 5315 esse,
1686 5247 1782 5318 qui
1830 5245 1995 5317 primi

2100 4513 2192 4567 θεν
2217 4508 2649 4579 ἐπεζευγμένης,
2681 4508 2746 4561 ἐκ
2776 4508 3008 4575 πλαγίου
3042 4508 3097 4561 δέ
3128 4512 3391 4580 κρημνῶν
3414 4513 3659 4584 ἀφαιρου
3694 4545 3701 4552 -

2102 4603 2280 4674 μένων
2330 4602 2427 4664 τὰς
2473 4601 2763 4668 παρόδους,
2798 4602 2899 4669 τὴν
2937 4601 2993 4653 δὲ
3029 4603 3297 4655 ἀπέναντι
3333 4606 3519 4658 πᾶσαν
3565 4606 3698 4676 ὁρί-

2102 4693 2366 4759 ζοντος⁶²,
2401 4691 2574 4764 [1549
2611 4689 2712 4763 IL]
2743 4691 2772 4743 ὃ
2801 4693 2895 4744 καὶ
2911 4691 2956 4723 ⁸³
2996 4693 3135 4764 πεζῇ
3199 4696 3300 4764 μὲν
3336 4695 3515 4749 ἐλθεῖν
3550 4713 3700 4751 παν-

2101 4784 2270 4846 τελῶς
2302 4782 2398 4851 (ὡς
2428 4776 2604 4852 εἷπον)
2652 4780 2934 4846 ἀδύνατον,
2972 4783 3211 4851 σχεδίαις
3257 4785 3300 4836 δ’
3335 4786 3543 4855 ὁμοίως
3575 4788 3697 4840 ἁπ-

2104 4876 2229 4947 ορίᾳ
2254 4873 2361 4926 τῶν
2394 4873 2523 4942 παρ’
2553 4875 2683 4943 ἡμῖν
2715 4874 2774 4939 ἐξ
2819 4873 2933 4926 ἴσου
2966 4874 3190 4946 ἄπορον.
3220 4877 3442 4931 Τούτων
3482 4879 3541 4932 δέ
3590 4880 3700 4950 ὑφ-

2104 4967 2377 5031 εστώτων,
2427 4967 2582 5035 φησὶ,
2632 4964 2819 5017 λοιπὸν
2870 4969 3044 5019 εἰπεῖν
3091 4969 3167 5031 ώς
3216 4969 3526 5037 αὐθιγενεῖς
3556 4974 3695 5037 εἰσι,

2106 5058 2389 5130 μνήμηνθ⁴⁵
2406 5056 2497 5109 τοῦ
2534 5055 2750 5126 πρώτου
2780 5058 3100 5129 σπέρματος
3127 5060 3188 5111 οὑ
3213 5060 3494 5127 λαϐόντες,
3527 5064 3617 5116 ἀεὶ
3632 5064 3698 5119 δὲ

2104 5152 2446 5219 ὑπάρχοντες
2469 5189 2482 5213 ,
2515 5148 2574 5201 ὃν
2599 5149 2803 5218 τρόπον
2852 5150 2980 5202 ἔνιοι
3015 5150 3124 5203 τῶν
3156 5150 3514 5223 καλουμένων
3554 5154 3699 5227 ὡρι-

2107 5260 2272 5297 σαντο
2294 5258 2558 5311 φυσικῶν.

1708 5422 1943 5480 νΑιιιίΕ
1980 5418 2383 5478 LECTIONES.

524 5548 571 5580 "
608 5548 822 5603 ἀϐάτων
869 5567 930 5614 ς.

419 5617 629 5687 ἀφῆκον
666 5637 724 5684 ς.

422 5691 469 5720 ’⁵
503 5692 724 5762 μνήμην
759 5693 799 5746 Α
833 5709 847 5748 =
890 5691 1069 5765 λύμην
1104 5712 1162 5758 ς.

1042 5552 1088 5585 ⁷⁷
1126 5553 1235 5615 πᾶς
1286 5548 1413 5605 add.
1447 5547 1510 5601 Α.

1627 5544 1674 5577 78
1713 5544 1967 5577 apem-dm.-
1980 5544 2098 5577 Jun.-

869 5567 930 5614 ς,
1042 5552 1088 5585 ἰτ
1126 5553 1235 5615 πᾶς
1286 5548 1413 5605 add.
1447 5547 1510 5601 Α.
1627 5544 1674 5577 ⁷⁸
1713 5541 2098 5612 πεπιλωμένος
2123 5558 2220 5611 ς..
2285 5542 2330 5574 ⁷³
2360 5557 2506 5605 τινες
2557 5541 2617 5595 Β.
2712 5541 2757 5573 ⁸ο
2787 5541 2994 5613 ἀγορὰν
3023 5541 3090 5596 Α.
3197 5541 3241 5573 ⁸³
3272 5543 3540 5610 ἀφίκοντο
3594 5547 3644 5604 Α
3679 5567 3697 5606 :

834 5621 1202 5708 "ppiijovrod
1249 5620 1345 5675 τοῦ
1394 5618 1666 5685 πελάγους
1728 5615 2003 5685 ὁρίζοντος
2053 5612 2377 5669 Hudsonuse
2407 5606 2645 5668 Diod'oro
2684 5609 2795 5666 Sic.
2830 5613 2885 5677 5,
2920 5612 3011 5665 20.
3086 5611 3136 5645 ⁸³
3173 5611 3201 5664 ὃ
3228 5616 3345 5690 καὶ]
3388 5617 3581 5673 malim
3614 5618 3697 5678 οἷ.

2285 5542 2330 5574 το
2360 5538 2617 5613 τηις-ΔΒ,
2688 5540 2757 5613 Διιι)
2787 5540 2994 5613 ἀγορὰν
3023 5540 3132 5613 At
3178 5541 3241 5613 f“
3272 5543 3540 5610 ἀφίκοντο
3594 5547 3644 5604 Α
3679 5567 3699 5606 :
