3966 6240
321 286 392 344 33
1059 313 1096 339 ο

1445 292 1961 353 BIBLIOTHECA.
1996 320 2061 330 --
2123 295 2283 355 COD.
2314 296 2463 355 CCL.
3508 302 3577 364 24

324 399 555 455 seminis
584 398 760 454 labem
802 415 911 454 non
948 402 1290 471 acceperint,
1348 403 1439 458 sed
1481 414 1741 475 perpetuo
1767 404 2070 460 subsistant
2102 420 2119 462 :
2148 408 2607 476 quemadmodum
2638 409 2991 481 physicorum
3022 411 3156 484 (qui
3195 413 3535 484 appellantur
3557 427 3575 486 )

321 493 574 547 nonnulli
616 492 964 547 deﬁnierunt.

393 584 520 636 Ὅτι
549 585 658 637 τῶν
685 582 890 637 στενῶν
919 583 1202 649 ἐπέκεινα,
1228 588 1383 656 φησι,
1436 589 1545 642 τῶν
1573 591 1886 656 συγκλειόν-

2065 587 2195 643 CAP.
2228 589 2366 644 XIX.
2419 589 2496 644 De
2526 591 2855 660 Sporadibus
2907 594 3221 665 Elliiopum
3259 600 3471 653 insulis.
3511 628 3575 647 ν·-

316 691 431 728 των
465 675 567 746 τήν
590 692 651 727 τε
678 674 938 745 Ἀραϐίαν
974 677 1070 730 καὶ
1094 678 1192 747 τὴν
1226 680 1488 734 ἀπέναντι
1515 680 1719 753 χώραν,
1744 686 1901 754 νῆσοι

319 768 532 822 κεῖνται
563 767 862 837 Σποράδες,
890 770 1146 822 ταπειναὶ
1177 771 1369 835 πᾶσαι,
1402 774 1599 843 μικραὶ
1631 774 1713 844 τῷ
1739 775 1902 845 μεγέ-

319 855 427 919 θει,
455 856 517 910 τὸ
549 857 754 926 πλῆθος
788 858 1081 928 ἀμύθητοι,
1118 861 1329 931 καρπὸν
1351 863 1541 916 οὐδένα
1556 864 1607 897 ⁸⁵
1634 867 1900 933 γεννῶσαι

318 949 461 1017 πρὸς
486 950 580 1001 τὸν
608 948 748 1017 βίον,
782 951 905 1003 οὔτε
944 952 1151 1022 ἥμερον
1177 953 1300 1006 οὔτε
1345 955 1555 1025 ἄγριον,
1595 958 1898 1029 ἀπέχουσαι

322 1041 425 1110 μὲν
475 1041 575 1108 τῆς
625 1042 926 1112 εἰρημένης
978 1045 1211 1114 ἠπείρου
1246 1047 1493 1110 σταδίους
1543 1050 1619 1113 ὡς
1664 1052 1897 1121 ἑϐδομή-

321 1148 514 1194 κοντα,
535 1132 908 1201 τετραμμέναι
934 1132 989 1184 δὲ
1018 1134 1154 1202 πρὸς
1181 1134 1241 1186 τὸ
1271 1134 1460 1187 δοκοῦν
1490 1136 1722 1204 πέλαγος
1752 1155 1895 1207 παρ-

323 1223 587 1277 εκτείνειν
631 1223 731 1291 τὴν
789 1223 1018 1293 Ἰνδικὴν
1088 1226 1178 1277 καὶ
1235 1227 1563 1295 Γεδρωσίαν.
1633 1230 1895 1283 Ἐνταῦθα

324 1316 477 1386 κῦμα
505 1318 604 1385 μὲν
626 1316 692 1373 οὐ
716 1316 948 1383 γίνεται.
975 1318 1090 1375 ἀλλ’
1118 1318 1252 1388 ἄλλη
1283 1318 1412 1390 [755
1443 1318 1533 1391 IL]
1553 1320 1701 1393 [μὲν]
1729 1322 1895 1391 ἄλλης

320 1410 721 1485 προκαθημένῃ
750 1412 842 1465 τὸν
872 1412 1117 1467 κλύδωνα
1151 1416 1263 1477 τοῖς
1290 1415 1656 1485 ἀκρωτηρίοις
1685 1416 1895 1486 λαμϐά-

317 1520 399 1556 νει
418 1518 433 1532 ·
477 1503 659 1574 ἀέρων
682 1503 738 1556 δὲ
767 1503 857 1556 τὸν
885 1504 1105 1573 ἄριστον
1131 1504 1376 1558 δοκοῦσιν
1406 1505 1569 1574 ἔχειν.
1614 1506 1830 1571 Ταύτας
1847 1508 1893 1539 ⁸⁸

314 1593 605 1664 ἄνθρωποι
642 1596 1041 1663 κατανέμονται
1083 1596 1303 1667 ἀριθμῷ
1348 1598 1445 1667 μὲν
1477 1596 1583 1668 [οὐ]
1598 1598 1643 1628 ⁸⁷
1678 1597 1892 1668 σύμμε-

312 1704 458 1758 τροι,
506 1686 710 1751 ζῶντες
744 1687 800 1741 δὲ
844 1687 958 1756 βίον
974 1688 1020 1720 ⁸⁸
1046 1689 1291 1742 τοιοῦτον
1315 1704 1328 1717 ·
1372 1690 1460 1743 Ἐν
1488 1689 1564 1759 τῷ
1587 1693 1890 1762 παρήκοντι

314 1778 572 1843 πελάγει,
625 1779 820 1847 τραχεῖ
876 1779 972 1831 καὶ
1018 1780 1281 1850 χειμερίῳ
1329 1780 1624 1850 ὑπάρχοντι
1671 1782 1889 1848 τελέως,

311 1867 529 1936 γίνεται
563 1867 643 1938 τῷ
675 1866 865 1922 πλάτει
898 1870 992 1922 καὶ
1041 1870 1119 1940 τῷ
1169 1871 1393 1940 μεγέθει
1425 1870 1630 1939 πλῆθος
1663 1873 1890 1928 ἄπιστον

308 1958 590 2029 χελωνῶν,
640 1958 707 2023 ἃς
756 1960 1054 2024 θαλαττίας
1104 1962 1306 2025 πάντες
1357 1963 1671 2032 νομίζομεν.
1718 1957 1891 2021 Αὗται

308 2051 511 2115 νυκτὸς
540 2052 646 2121 μὲν
674 2052 733 2104 ὲν
763 2051 842 2122 τῷ
870 2051 1023 2123 βυθῷ
1074 2053 1350 2123 νέμονται,
1401 2056 1616 2127 ἡμέρας
1635 2058 1679 2089 ⁸⁸
1708 2057 1767 2112 δὲ
1812 2059 1891 2121 είς

314 2141 410 2213 τὴν
438 2145 500 2196 ὲν
525 2147 648 2207 ταῖς
666 2145 714 2176 ⁹⁰
748 2145 930 2212 νήσοις
962 2145 1191 2215 ἡσυχίαν
1236 2147 1331 2200 καὶ
1357 2149 1601 2218 γαλήνην
1628 2149 1892 2220 ἀφικόμεο

322 2252 410 2288 ναι
456 2236 783 2305 κοιμῶνται,
827 2239 923 2291 καὶ
964 2237 1132 2295 τοῦτο
1171 2239 1383 2293 ποιοῦσι
1429 2241 1563 2311 πρὸς
1606 2241 1696 2295 τὸν
1741 2242 1892 2313 ἥλιον

314 2327 745 2398 μετέωροι,ταῖς
772 2332 1311 2400 κατεσκευασμέναις
1327 2332 1371 2364 ⁹¹
1400 2333 1692 2403 πορθμίσιν
1711 2336 1893 2405 ὁμοιο-

313 2420 529 2484 παθεῖς.
558 2422 775 2485 Ταύτας
803 2422 923 2479 κατ’
952 2426 1128 2476 ἐκεῖνο
1174 2425 1369 2493 καιροῦ
1402 2427 1451 2479 oi
1485 2426 1771 2497 ἐπιχώριοι
1799 2426 1893 2481 τέ-

308 2530 413 2584 χνῃ
462 2514 562 2565 καὶ
594 2514 797 2583 σπουδῇ
836 2516 927 2567 καὶ
959 2514 1257 2585 μερμίθαις
1295 2519 1375 2578 εἰς
1409 2516 1508 2587 τὴν
1556 2518 1752 2587 χέρσον
1804 2519 1894 2569 ὲκ-

306 2602 574 2662 6αλὸντες
617 2603 687 2657 τὰ
737 2604 835 2673 μὲν
884 2605 1034 2668 ἐντὸς
1070 2607 1286 2663 ἅπαντα
1338 2607 1637 2672 σιτοῦνται,
1686 2608 1893 2679 βραχὺν

304 2696 775 2764 παροπτήσαντες
823 2698 882 2750 ἐν
926 2696 1005 2766 τῷ
1033 2697 1279 2768 καύματι
1309 2700 1525 2769 χρόνον,
1562 2702 1676 2763 τοῖς
1705 2701 1765 2753 δὲ
1796 2699 1893 2754 κύρ

307 2802 431 2838 τεσι
486 2786 729 2855 χρῶνται
782 2788 881 2851 τὰς
937 2787 1238 2858 σκηνώσεις
1294 2790 1681 2856 καθιστῶντες,
1729 2792 1895 2845 οίονε)⁹

310 2873 563 2940 καλύϐας
594 2876 682 2940 ἐφ’
720 2876 944 2947 ὑψηλοῖς
973 2878 1159 2941 τόποις
1188 2881 1473 2948 πρηνεῖς⁹²
1504 2878 1891 2945 καθιστῶντες,

311 2967 413 3022 καὶ
430 2970 497 3002 ⁸³·
526 2969 675 3040 πρὸς
689 2971 815 3033 τοὺς
844 2969 1102 3034 διὰπλους
1143 2971 1200 3024 δὲ
1243 2973 1335 3025 καὶ
1363 2972 1579 3041 ὑδρείας
1618 2971 1779 3026 ἕνεκα
1805 2973 1895 3031 κέ-

309 3077 545 3132 χρηνται
574 3060 760 3126 αὐτοῖς
778 3079 792 3094 ·
810 3060 952 3116 ὥστε
986 3058 1127 3119 εῖναι
1153 3065 1211 3120 τὸ
1234 3064 1368 3118 αὐτὸ
1387 3065 1542 3132 ναῦν,
1570 3067 1773 3133 οἰκίαν,
1803 3066 1896 3135 ἀγ·

308 3153 483 3223 γεῑον,
506 3153 716 3225 τροφὴν
744 3155 857 3217 τοῖς
878 3155 1190 3225 εἰρημένας
1216 3155 1542 3227 ἀνθρώποις.

385 3413 514 3470 Ὀτι
568 3415 631 3468 οὐ
679 3417 813 3471 πολὺ
866 3418 1154 3486 διεστῶτες
1207 3420 1303 3474 τοῦ
1346 3423 1648 3497 εἰρημένου
1695 3426 1886 3495 γένους

309 3504 624 3577 σύμμετροι
654 3506 730 3577 τῷ
754 3508 972 3579 ἀριθμῷ
1005 3510 1117 3580 βίον
1149 3512 1330 3583 ἔχουσι
1362 3516 1602 3569 τοιοῦτον
1628 3533 1641 3546 ’
1664 3519 1760 3570 Ἐκ
1779 3517 1886 3573 τῶν

308 3599 760 3670 ὲκριπτουμένων
827 3602 907 3665 είς
961 3604 1058 3673 τὴν
1117 3605 1314 3675 χέρσον
1371 3608 1554 3675 κητῶν
1614 3608 1880 3674 ἀποςῶσν

310 3686 683 3757 σπανιζούσης
710 3689 766 3742 δὲ
806 3690 988 3753 αὐτοῖς
1010 3693 1108 3761 τῆς
1134 3694 1386 3767 τοιαύτης
1418 3699 1680 3768 σιτήσεως
1716 3700 1883 3770 (γίνε-

306 3793 402 3829 ται
430 3776 487 3829 δὲ
522 3778 806 3849 πολλάκις)
837 3782 901 3833 ἐκ
924 3781 1034 3835 τῶν
1066 3783 1238 3837 ὀστῶν
1271 3786 1398 3850 τούς
1423 3803 1485 3840 τε
1513 3789 1765 3860 χόνδρους
1789 3793 1883 3845 καὶ

307 3866 381 3919 τὰ
412 3866 560 3937 ἄκρα
591 3870 699 3921 τῶν
730 3869 981 3941 πλευρῶν
1026 3874 1490 3945 κατεργαζόμενοι
1520 3879 1619 3951 τὴν
1651 3879 1878 3945 ἔνδειαν,

306 3959 358 4012 εί
400 3961 499 4013 καὶ
539 3959 793 4030 χαλεπῶς
812 3963 881 4027 ³³,
940 3965 1091 4034 ὅμως
1121 3969 1593 4038 παραμυθοῦνται.
1648 3972 1730 4026 Τὰ
1780 3973 1880 4042 μὲν

306 4043 401 4101 οὖν
428 4048 541 4101 τῶν
575 4050 918 4120 ίχθυοφὰγων
952 4054 1086 4127 γένη
1109 4096 1125 4122 ,
1159 4061 1345 4130 φησιν,
1378 4063 1414 4116 δι
1443 4064 1876 4135 κατειλήφαμεν,

310 4142 525 4210 μυρίων
571 4144 740 4197 όντων
790 4146 825 4198 ἃ.
872 4147 972 4219 τὴν
1015 4151 1175 4220 ἡμῶν
1209 4154 1431 4225 διέφυγε
1475 4158 1712 4225 γνῶσιν,
1752 4178 1876 4214 τοσ-

300 4248 466 4285 αυτα.

372 4321 502 4376 Ὅτι
530 4324 629 4391 τῆς
668 4323 813 4394 ζωῆς
844 4326 1002 4397 ἡμῶν
1049 4329 1180 4399 ἡμῖν
1226 4328 1542 4406 ἐφεστώσης
1574 4337 1632 4393 έν
1660 4358 1721 4394 τε
1760 4346 1875 4407 τοῖς

304 4415 584 4481 περιττοῖς
616 4414 711 4466 καὶ
746 4418 859 4481 τοῖς
890 4420 1230 4487 ἀναγκαίοις,
1258 4424 1327 4477 τὰ
1346 4425 1392 4457 ⁸⁸
1437 4428 1700 4498 εἰρημένα
1741 4434 1873 4505 γένη

288 4503 409 4555 τῶν
453 4504 822 4574 Ἰχθυοφάγων
867 4510 934 4562 τὰ
983 4512 1082 4580 μὲν
1124 4513 1374 4585 ἄχρηστα
1398 4503 1873 4595 περιγεγράφασιν

299 4590 540 4657 ἃπαντα,
578 4596 736 4665 φησι,
761 4599 872 4652 τῶν
890 4600 947 4652 δὲ
982 4603 1333 4671 καθηκόντων
1357 4608 1509 4664 οὐδὲν
1539 4590 1867 4682 ἐλλείπουσι,

293 4687 361 4751 τῇ
401 4684 583 4754 Gala”
613 4687 748 4757 πρὸς
772 4689 833 4741 τὸ
864 4690 963 4761 ζῇν
992 4693 1093 4764 ὁδῷ
1135 4693 1524 4767 βραδευόμενοι
1557 4702 1780 4771 πάντες,
1806 4710 1867 4763 οὐ

291 4775 359 4843 τῇ
396 4777 886 4850 παρασοφιζομένῃ
914 4785 1033 4845 ταῖς
1063 4784 1244 4849 δόξαις
1298 4788 1396 4858 τὴν
1427 4789 1606 4858 φύσιν.
1640 4793 1718 4847 Οὐ
1756 4797 1867 4869 γὰρ

293 4865 473 4935 ἀρχῆς
521 4868 863 4939 ίμειρόμενοι
911 4876 1091 4942 τυχεῖν
1108 4876 1152 4906 ’⁸
1204 4876 1414 4949 ἀγωνίᾳ
1449 4882 1736 4954 φιλονείκῳ
1774 4865 1871 4940 καὶ

292 4953 551 5025 δυστυχεῖ
580 4959 893 5028 συνέχονται
915 4978 929 4991 ο
958 4963 1079 5014 οὐδὲ
1104 4963 1418 5032 πλεονεξίας
1444 4971 1677 5042 ἐρῶντες
1700 4953 1871 5029 πολλὰ

296 5045 393 5111 μὲν
455 5046 655 5111 ἄλλους
711 5051 901 5120 δρῶσι,
957 5053 1127 5107 πολλὰ
1179 5056 1235 5109 δὲ
1295 5060 1561 5129 πάσχουσι
1606 5063 1713 5115 τῶν
1768 5066 1870 5121 οὐκ

292 5134 643 5202 ἀναγκαίωνυ
700 5140 810 5192 οὐδ’
864 5142 1063 5213 ἔχθρας
1112 5148 1451 5218 ἐνιστάμενοι
1502 5152 1722 5223 μείζους
1768 5157 1870 5211 ἐπὶ

2006 679 2086 735 De
2114 682 2447 734 testudinum
2479 692 2703 750 captura
2736 685 2921 740 incolis
2950 691 3169 740 usitata.
3200 719 3267 729 —
3293 687 3443 745 Ultra
3478 706 3579 745 an-

2004 774 2212 842 gustias
2256 772 2401 836 illas,
2432 790 2554 841 quae
2586 775 2843 829 Arabiam
2874 786 2929 831 et
2961 780 3267 848 Oppositam
3300 784 3576 850 regionem

2002 865 2318 929 excludunt,
2357 866 2547 921 insulae
2592 866 2779 935 jacent
2822 868 3113 938 Spei-ades,
3159 873 3431 942 depressa:
3459 890 3578 928 om-

2001 972 2120 1020 nes,
2154 959 2533 1026 magnitudine
2565 975 2765 1028 parvae,
2803 971 2855 1015 et
2888 976 3116 1016 numero
3148 965 3372 1020 inﬁnitae
3407 986 3419 1020 :
3452 985 3575 1035 qua!

1999 1051 2211 1103 nullum
2239 1049 2306 1103 ad
2333 1051 2457 1103 vita:
2500 1054 2939 1108 commoditatem
2990 1055 3227 1110 fructum
3269 1059 3572 1127 proferunt,

2000 1153 2177 1207 neque
2209 1140 2442 1194 sativum
2490 1157 2668 1211 neque
2714 1144 3038 1201 silvestrem.
3086 1147 3298 1203 Distant
3331 1162 3507 1205 autem
3543 1167 3575 1206 a

1997 1230 2311 1284 continente
2342 1232 2611 1299 superiori
2646 1250 2751 1287 ιιι
2797 1235 2968 1290 stadia
3012 1237 3264 1301 circiter,
3300 1255 3576 1297 conversa:

1998 1315 2064 1369 ad
2095 1317 2317 1384 pelagus
2355 1318 2502 1387 quod
2543 1330 2741 1388 praeter
2779 1319 2990 1376 lndiam
3035 1335 3089 1378 et
3122 1324 3439 1382 Gedrosiam
3475 1344 3568 1385 ex-

1995 1402 2186 1455 currit.
2211 1403 2310 1458 ilic
2342 1405 2525 1460 nullus
2547 1407 2760 1462 exsistit
2786 1408 3003 1473 ﬂuctus,
3032 1411 3124 1465 sed
3156 1412 3260 1466 alia
3290 1415 3381 1468 alti
3416 1416 3570 1484 quasi

1994 1491 2313 1559 praesidens,
2354 1503 2737 1564 tempestatem
2779 1502 3165 1567 promontoriis
3204 1505 3424 1575 excipit.
3463 1511 3572 1565 Ae-
3656 1560 3657 1563 η

1993 1596 2109 1634 rem
2142 1591 2324 1637 autem
2358 1585 2615 1640 videntur
2643 1587 2844 1641 habere
2873 1591 3161 1659 optimum.
3205 1592 3260 1646 In
3302 1595 3385 1648 his
3415 1611 3569 1651 com-

1994 1680 2282 1726 morantur
2323 1672 2595 1740 homines,
2624 1678 2713 1744 qui
2750 1679 3096 1747 proportione
3122 1685 3453 1740 enumeratis
3487 1702 3574 1747 re-

1992 1764 2278 1831 spondent,
2315 1764 2592 1836 vitamque
2626 1768 2730 1822 hoc
2781 1769 2940 1824 modo
2980 1779 3289 1831 sustentant
3319 1792 3333 1828 :
3370 1775 3427 1828 ln
3458 1776 3569 1831 circ

1996 1854 2252 1909 cumluso
2295 1857 2504 1927 pelago,
2549 1863 2694 1928 quod
2739 1875 2990 1929 asperum
3029 1873 3191 1918 estet
3232 1873 3571 1935 tempestuo-

1923 1949 1970 2013 B
1998 1961 2142 2013 sum,
2187 1951 2520 2005 testudinum
2556 1953 2708 2020 copia
2759 1956 3024 2022 nascitur,
3050 1972 3170 2026 quae
3198 1958 3482 2019 latitudine
3509 1962 3571 2015 li-

1997 2037 2119 2092 dem
2159 2054 2327 2109 prOpe
2366 2042 2679 2096 excedunt:
2715 2057 2812 2110 pro
2857 2046 3084 2101 marinis
3115 2058 3294 2105 autem
3341 2066 3371 2105 a
3412 2053 3568 2105 nobis

1996 2130 2251 2185 omnibus
2303 2131 2591 2187 habentur.
2636 2133 2731 2189 Hae
2781 2146 2942 2191 noctu
2992 2138 3047 2191 in
3084 2140 3358 2208 profundo
3404 2144 3569 2199 maris

1994 2232 2297 2291 pascuntur
2338 2240 2351 2277 :
2392 2226 2485 2279 sed
2519 2226 2751 2281 interdiu
2783 2227 2837 2282 in
2880 2230 3095 2298 quietos
3140 2242 3194 2286 et
3246 2234 3568 2303 tranquillos

1996 2313 2301 2373 insularum
2338 2330 2591 2372 recessus
2630 2319 2944 2388 exspatiatae
2982 2320 3282 2389 dormiunt,
3315 2326 3475 2395 idque
3498 2326 3567 2380 ad

1998 2404 2169 2460 solem
2223 2405 2277 2459 in
2327 2422 2544 2467 summo
2590 2411 2895 2481 apricantes
2950 2412 3155 2469 iaciunt
3192 2434 3206 2470 :
3251 2433 3362 2489 quo
3405 2420 3568 2475 modo

1995 2498 2257 2554 navicula
2296 2500 2574 2559 hominum
2607 2503 2872 2560 industria
2906 2506 3064 2563 facta:
3095 2510 3423 2567 alIiciuntur.
3456 2510 3566 2569 llas

1995 2588 2089 2644 illo
2121 2594 2384 2660 temporis
2421 2605 2701 2651 momento
2732 2598 2923 2654 incolae
2952 2610 3067 2656 arte
3111 2612 3164 2656 et
3192 2605 3372 2658 studio
3398 2616 3451 2659 et
3481 2605 3568 2661 fu-

1994 2682 2156 2736 nibus
2180 2683 2231 2737 in
2264 2692 2464 2739 terram
2511 2686 2715 2757 ejectas
2764 2691 3007 2761 capiunt,
3036 2703 3090 2748 et
3126 2697 3389 2765 quidquid
3434 2698 3569 2753 inte-

1995 2772 2111 2827 rius
2137 2784 2241 2841 est,
2275 2778 2342 2830 ad
2391 2778 2553 2833 breve
2601 2789 2818 2850 tempus
2859 2785 2992 2837 solis
3037 2785 3245 2845 fervore
3300 2799 3562 2857 assatum,

1994 2870 2303 2934 comedunt,
2337 2878 2503 2926 testas
2555 2888 2683 2927 vero
2733 2874 2800 2928 ad
2852 2877 3049 2931 aedium
3106 2884 3567 2938 constructionem

1994 2970 2282 3029 usurpant.
2307 2961 2599 3034 Gurgustia
2626 2966 2770 3021 enim
2798 2968 2852 3022 in
2883 2970 3041 3025 editis
3074 2972 3208 3028 locis
3246 2976 3566 3044 prominen-

1998 3051 2073 3105 tia
2109 3052 2235 3108 inde
2295 3067 2677 3123 coagmentant
2720 3078 2733 3113 :
2770 3061 2842 3115 ad
2895 3064 3253 3133 navigationis
3307 3077 3561 3137 praeterea

1997 3152 2155 3192 usum
2186 3149 2240 3193 et
2269 3144 2581 3210 aquationis
2615 3146 2974 3203 transferunt.
3010 3150 3129 3217 Quo
3182 3154 3239 3207 li-t
3266 3164 3324 3208 ut
3351 3171 3437 3210 res
3468 3172 3562 3210 ea-

1996 3230 2119 3284 dem
2150 3230 2367 3307 4511),
2408 3236 2584 3302 navis,
2621 3236 2837 3303 domus,
2873 3242 3019 3297 vasis
3040 3254 3094 3298 et
3121 3244 3361 3303 alimenti
3393 3247 3564 3307 homi-

1911 3322 1954 3380 C
1992 3320 2151 3375 nibus
2190 3322 2298 3377 illis
2334 3340 2493 3379 usum
2518 3328 2781 3396 praebeat.

2064 3411 2190 3469 CAP.
2217 3413 2335 3469 XX.
2394 3417 2470 3471 De
2505 3418 2627 3473 aliis
2660 3421 2749 3487 qui
2797 3421 3011 3477 balwnis
3037 3435 3332 3481 vescuntur.
3354 3456 3422 3466 —
3442 3426 3562 3483 Non

1991 3506 2175 3571 procol
2209 3508 2277 3561 ab
2307 3508 2410 3561 hoc
2442 3524 2637 3577 genere
2670 3514 2979 3568 mortalium
3016 3517 3207 3570 remoti
3246 3526 3298 3572 et
3336 3534 3560 3575 nurnero

1991 3613 2169 3666 pares,
2206 3599 2353 3655 hunc
2382 3601 2599 3657 vivendi
2646 3620 2849 3660 morem
2889 3606 3123 3663 habent:
3152 3608 3225 3664 De
3252 3609 3474 3669 habenis
3505 3614 3559 3667 in

1991 3699 2187 3743 terram
2220 3694 2462 3762 expulsis
2508 3696 2712 3751 victum
2756 3697 2861 3753 sibi
2911 3713 3280 3771 comparant:
3312 3704 3470 3775 cujus
3511 3708 3560 3764 si

1988 3782 2133 3837 desit
2161 3788 2316 3855 copia
2350 3788 2425 3856 (id
2458 3790 2603 3859 quod
2633 3807 2743 3845 non
2778 3807 2903 3846 raro
2934 3794 3153 3865 accidit)
3187 3796 3557 3868 cartilaginem

1988 3885 2053 3924 ex
2088 3874 2307 3929 ossibus
2342 3883 2397 3929 et
2449 3887 2729 3932 costarum
2780 3882 3151 3938 extremitates
3197 3885 3555 3952 conﬁciendo,

1987 3972 2303 4031 egestatem,
2342 3969 2596 4035 quamvis
2646 3970 2877 4026 moleste
2924 3982 2978 4026 et
3006 3988 3329 4038 aaruuinose,
3374 3985 3553 4039 tamen

1988 4050 2057 4103 ita
2089 4054 2466 4111 consolantur.
2501 4056 2605 4113 Tot
2630 4059 2795 4130 igitur
2825 4072 2951 4116 sunt
2979 4078 3173 4133 genera
3200 4065 3557 4139 lclithyopba-

1986 4156 2201 4209 gorum,
2251 4160 2374 4213 qua:
2414 4150 2725 4218 accepimus
2777 4167 2951 4207 :cum
3006 4156 3290 4211 innumera
3336 4159 3553 4214 interim

1983 4234 2354 4301 cognitionem
2385 4248 2625 4294 nostram
2658 4242 3074 4315 subterfugiant.

2052 4343 2180 4399 CAP.
2205 4344 2348 4401 XXI.
2407 4346 2921 4429 IchtltyOpItagorum
2953 4355 3275 4427 αὐτάρκεια.
3310 4390 3377 4399 -
3410 4359 3547 4414 Cum

1983 4435 2122 4499 vita,
2155 4438 2368 4505 qualem
2424 4456 2523 4494 nos
2551 4442 2721 4497 veluti
2774 4445 3086 4514 magistram
3135 4450 3433 4516 sequimur,
3491 4451 3545 4505 in

1979 4527 2270 4595 superﬂuis
2298 4540 2350 4584 et
2382 4535 2709 4593 necessariis
2755 4538 3036 4600 consistat,
3083 4539 3546 4613 Ichtbyophagutn

1979 4633 2115 4684 quas
2146 4621 2367 4675 recitavi
2404 4633 2615 4693 gentes,
2644 4639 2838 4682 cuncta
2870 4646 3103 4698 quorum
3150 4649 3280 4687 usus
3326 4649 3433 4689 non
3464 4643 3547 4689 est

1974 4712 2339 4777 necessarius,
2373 4726 2603 4785 angusto
2631 4720 2789 4786 quasi
2835 4721 2968 4780 orbe
3010 4722 3419 4790 cireutnscripta
3447 4739 3545 4778 ex-

1970 4800 2195 4856 cludunt
2226 4821 2236 4854 :
2270 4805 2583 4878 intereaque
2608 4812 2771 4866 nullis
2809 4814 2991 4879 rebus,
3014 4832 3138 4882 quae
3171 4827 3375 4872 natura:
3397 4832 3548 4870 com-

1969 4900 2180 4959 petunt,
2228 4894 2602 4955 destituuntur
2633 4941 2648 4967 ,
2678 4918 2800 4956 cum
2837 4904 3017 4963 divina
3054 4906 3121 4961 ad
3156 4906 3433 4979 frugaliter
3462 4911 3541 4962 vi-

1970 4982 2203 5037 vendum
2240 4986 2512 5044 ducantur
2563 4992 2672 5057 via,
2715 5010 2822 5049 non
2854 5012 2917 5051 ea
2954 5014 3073 5067 qua:
3110 4999 3287 5063 fallaci
3325 5001 3538 5070 opinio-

1970 5088 2099 5126 num
2166 5079 2348 5146 specie
2414 5091 2666 5138 naturam
2729 5087 2961 5143 seducit.
3008 5088 3126 5143 Non
3177 5093 3321 5145 enim
3391 5092 3535 5144 circa

1978 5163 2189 5230 imperii
2239 5174 2293 5222 et
2344 5171 2696 5239 magistratus
2754 5176 3149 5233 aﬂ‘ectationem
3196 5179 3534 5235 contentiosa

1554 5328 1793 5384 VAlll/E
1830 5332 2234 5394 LECTlONES.

360 5492 408 5524 ⁸³
432 5493 644 5573 ..οὐθένα
879 5500 1105 5573 ταύτας]
1127 5502 1246 5557 libri
1264 5508 1504 5569 ταύταις.

294 5557 341 5591 ’⁸
368 5564 484 5642 Eat;
508 5578 619 5642 om.
792 5568 834 5642 ἐ
858 5557 1366 5642 κατεστραμμέναις
1570 5579 1623 5641 5,

1583 5510 1627 5602 :7
1899 5517 1998 5584 μὲν
2018 5518 2103 5602 οὐ]
2121 5521 2511 5602 ᾀριθμορμενοι
2530 5526 2615 5602 Β.-
2666 5530 2711 5564 ⁸⁸
2740 5532 2797 5585 δὲ
2812 5532 2903 5585 τὸν
2920 5533 3032 5602 βίον
3052 5552 3111 5597 ς.

3186 5535 3230 5565 ⁸³
3259 5536 3437 5604 ἡμέρα
3465 5538 3528 5591 Α.

1819 5587 1864 5615 Μ
1894 5587 2140 5670 πρίηνεῖξῖ
2166 5587 2709 5670 ‘7‘9-11V'7lisagllnasius,
2728 5587 2932 5656 omisso
2951 5587 3129 5670 prio're
3150 5587 3529 5668 καθιστῶντες.

507 5633 517 5648 ι
1062 5630 1070 5640 ·
1137 5630 1147 5642 ·
1180 5630 1192 5641 ·
1346 5630 1362 5638 '
1532 5630 1539 5631 ί
1579 5630 1589 5631 ί
1611 5630 1623 5641 ’
1659 5630 1740 5636 -’”
1902 5630 2140 5660 "r't""1
2185 5630 2361 5664 "run;
2391 5630 2932 5663 υαιιιιαοιυδνυιιιιδδυ
2952 5630 3129 5670 primo
3152 5630 3529 5668 κυιυισῖωντες.

295 5630 650 5745 tale???“
682 5634 741 5737 ξε
817 5641 1003 5745 W3?"-
1026 5657 1136 5725 φη·
1163 5660 1244 5745 βξ
1279 5646 1382 5730 Ax,
1419 5647 1464 5677 ⁸³
1494 5648 1744 5716 χαλεπῶς
1774 5656 1816 5705 Λ
1847 5674 1858 5707 ε
1888 5658 2100 5724 χαλεπά
2125 5678 2183 5723 ς.
2260 5663 2306 5695 ⁸⁸
2340 5666 2406 5718 τά
2436 5668 2475 5719 Α
2508 5684 2521 5720 :
2561 5670 2652 5722 καὶ
2675 5675 2741 5726 τά
2767 5689 2825 5735 ς.
2898 5674 2942 5703 ⁹⁶
2968 5672 3109 5744 θείᾳ]
3135 5674 3367 5731 fortasse
3395 5678 3532 5745 ἐθεία

330 5717 357 5745 υ
408 5718 467 5745 Eu
506 5720 611 5745 sm-
768 5725 948 5745 Ῥη-ιαμ,
1000 5729 1168 5745 ρφιυινηρ
1279 5729 1293 5739 ι
1326 5732 1493 5745 nun"...
1525 5734 1560 5745 .-

294 5701 375 5753 Vel
408 5702 614 5773 εὐθείᾳ.
691 5706 736 5737 9‘
768 5708 971 5780 τυχεῖν]
1000 5701 1174 5782 τύχης
1201 5714 1246 5767 Λ
1279 5729 1293 5766 :
1326 5701 1581 5786 eum}.

578 5798 853 5857 PATROL.
909 5803 1023 5860 Gn.
1062 5804 1214 5863 CIV.

3135 5836 3174 5893 Ξ).
