3944 6242
431 242 500 306 43
1587 229 1846 295 PHOTII
1888 233 1996 291 PA'.

2103 233 2389 294 lABCH/E
2418 237 2528 299 cp.
3611 257 3678 320 μ

421 360 639 415 fortuna
668 368 722 415 et
764 356 965 413 infelici
1000 353 1362 427 trepidatione
1384 359 1656 420 anguntur
1687 366 1700 403 :
1734 361 1836 402 nec
1865 362 1996 400 ava-

2103 346 2278 419 βλάϐῃ
2323 347 2576 419 σώματος
2611 350 2872 423 πολεμίου
2909 353 3238 424 σφάλλονται
3263 355 3309 390 ⁸⁷
3338 353 3429 429 [δ’]
3459 357 3517 413 ἐν
3547 359 3681 414 ἀτυ-

418 454 561 510 τίιὶω
615 453 803 509 studio
830 452 1000 506 multa
1054 450 1108 504 in
1154 449 1292 503 alios
1326 444 1693 507 committunt,
1723 442 2003 511 multaque

419 560 611 605 contra
642 547 912 618 recipiunt
941 546 1008 599 de
1043 544 1198 598 malis
1232 557 1339 597 non
1373 538 1719 595 necessariis.
1750 535 1861 592 Nec
1894 535 1993 590 ini-

419 642 654 699 micitias
696 641 799 696 sibi
842 638 1079 694 conﬂant
1124 638 1385 707 majores,
1435 636 1490 689 in
1535 632 1758 688 ferenda
1824 630 2000 687 invisa

419 737 635 807 corpori
662 751 801 790 noxa
827 750 841 797 ;
867 735 1038 789 necin
1062 731 1485 787 domesticorum
1512 725 1829 781 infortuniis
1852 726 2000 781 laba-

418 840 601 891 scunt,
633 843 733 882 nec
768 825 1098 895 navigando,
1132 832 1186 877 et
1214 822 1357 878 lucri
1394 820 1569 892 gratia
1600 819 1724 874 vita:
1772 817 1997 874 modum

404 934 581 988 supra
643 931 808 987 quam
866 915 948 969 fas
1003 924 1088 969 est
1135 912 1521 976 extendendo,
1576 909 1822 966 adversis
1874 910 2001 962 vita:

421 1010 644 1065 casibus
682 1008 1064 1079 a’gritudinem
1097 1006 1396 1061 metiuntur
1431 1022 1444 1057 :
1479 1004 1574 1059 sed
1611 1002 1740 1058 dum
1788 1001 2001 1073 exiguis

414 1103 679 1172 indigent,
710 1102 907 1172 exigua
937 1101 1103 1155 etiam
1144 1100 1351 1153 dolent.
1386 1095 1540 1161 Quod
1583 1096 1727 1150 enim
1759 1096 1896 1149 satis
1918 1102 2002 1149 est

416 1202 619 1259 tenent,
664 1201 715 1247 et
761 1191 908 1263 quod
960 1193 1083 1262 plus
1124 1201 1208 1246 est
1262 1205 1369 1243 non
1424 1187 1726 1258 inquirunt.
1787 1186 2000 1241 Unum-

414 1302 689 1357 quemque
720 1293 899 1339 autem
921 1285 1215 1355 perturbat
1254 1298 1368 1337 non
1418 1283 1470 1336 id
1502 1282 1651 1352 quod
1679 1281 1912 1350 ignorat,
1948 1278 1995 1333 si

416 1381 581 1443 absit,
614 1378 706 1433 sed
742 1378 891 1448 quod
943 1378 1109 1432 libera
1144 1377 1423 1431 voluntate
1453 1374 1676 1444 appetit,
1710 1374 1757 1428 si
1803 1385 1997 1442 prOpe-

415 1477 572 1522 rante
600 1465 901 1535 cupiditate
951 1465 1020 1519 ab
1049 1463 1343 1519 occasione
1386 1461 1602 1517 fruendi
1645 1460 1992 1516 destituatur.
2028 1516 2033 1521 η

2105 439 2250 510 χίαις
2277 442 2496 496 οίκείων
2516 459 2532 474 ο
2593 443 2764 515 [1552
2792 444 2886 518 3.]
2922 446 3044 499 οὐδὲ
3091 447 3521 519 ναυτιλλόμενοι,
3550 453 3682 523 κέρ-

2101 531 2225 595 δους
2246 532 2412 588 ἕνεκα
2439 535 2501 587 τὸ
2523 535 2622 607 ζῇν
2650 536 3093 607 ὑπερτείναντες.
3110 541 3559 611 προσπταίσμασι
3584 543 3681 597 τοῦ

2104 625 2223 696 βίου
2275 626 2539 699 μετροῦσι
2588 629 2687 700 τὴν
2734 629 2943 699 λύπηνο
2988 631 3124 686 άλλά
3177 632 3392 704 μικρῶν
3437 636 3684 706 δεόμενοι

2105 720 2280 791 μικρά
2311 722 2407 775 καὶ
2441 721 2719 790 πενθοῦσι,
2748 723 2809 777 τὸ
2839 725 2938 793 μὲν
2967 724 3173 797 ἀρκοῦν
3208 727 3504 798 κτώμενοι,
3540 730 3602 783 τὸ
3625 730 3684 784 δὲ

2102 811 2268 866 πλέον
2329 812 2391 866 ού
2461 812 2771 885 ζητοῦντες.
2817 817 3060 889 Ἐνοχλετ
3111 817 3156 871 δ’
3212 819 3443 873 ἕκαστον
3498 822 3558 874 οὐ
3622 822 3685 875 τὸ

2103 902 2492 974 ἀγνοούμενον,
2541 907 2589 960 εί
2642 906 2718 978 μὴ
2763 908 3053 978 πάρεστιν,
3094 910 3232 965 ἀλλά
3283 910 3345 964 τὸ
3399 911 3680 984 βουλητὸν,

2101 994 2229 1049 ὅταν
2261 997 2522 1071 ὑστερίζῃ
2573 998 2668 1052 τοῦ
2711 1000 2908 1073 καιροῦ
2938 1003 3039 1072 τῆς
3071 1002 3370 1074 ἐπιθυμίας
3420 1005 3683 1059 σπευδού-

2102 1104 2224 1158 σης.
2253 1089 2462 1145 Οὐκοῦν
2508 1093 2715 1155 ἐκεῖνος
2748 1093 2906 1147 πάντ’
2949 1094 3090 1165 ἔχων
3139 1095 3175 1149 ἃ
3226 1096 3396 1162 θέλει,
3452 1100 3685 1169 εὐτυχή-

2106 1181 2249 1234 cet"
2292 1186 2435 1235 κατά
2466 1186 2554 1237 τὸν
2587 1185 2688 1254 τῆς
2722 1185 2938 1254 φύσεως
2987 1188 3270 1259 λογισμὸν,
3315 1191 3378 1244 οὐ
3414 1190 3557 1245 κατά
3591 1194 3683 1245 τὸν

2102 1273 2202 1343 τῆς
2245 1272 2424 1343 δόξης,
2477 1275 2684 1345 Νόμοις
2736 1276 2795 1329 δὲ
2835 1278 2896 1330 ού
2942 1278 3317 1335 δικαιοῦνταιδ
3364 1281 3418 1335 τί
3450 1283 3559 1355 γὰρ
3603 1284 3685 1337 δεῖ

2104 1367 2491 1437 προστάγματι
2538 1369 2813 1424 δουλεύειν
2860 1372 2952 1426 τὸν
3000 1374 3171 1446 χωρὶς
3217 1376 3547 1447 γράμματος
3594 1378 3683 1430 εύ-

2104 1462 2405 1530 γνωμονείν
2433 1460 2727 1533 δυνάμενον
2751 1481 2766 1531 ;

416 1566 687 1631 Quocirca
744 1565 835 1620 ille
861 1573 1057 1618 cuncta
1090 1561 1297 1616 habens
1323 1574 1445 1630 qua:
1478 1558 1625 1622 velit,
1663 1558 1855 1612 beatus
1913 1555 2034 1621 erit,
2073 1557 2165 1627 qui
2197 1556 2263 1611 ad
2314 1566 2544 1625 naturae,
2593 1575 2704 1616 non
2739 1560 2808 1616 ad
2882 1560 3159 1632 Opinionis
3196 1562 3462 1633 judicium
3490 1579 3550 1621 se
3591 1578 3683 1620 ac-

415 1658 803 1714 commodabit.
832 1655 943 1711 Nec
973 1653 1301 1726 legibusjus
1326 1653 1654 1722 disceptant.
1716 1647 1858 1715 Quid
1911 1648 2059 1703 enim
2100 1662 2238 1719 opus
2284 1657 2370 1705 est
2424 1651 2604 1707 edicto
2651 1652 2968 1709 subservire
3004 1668 3132 1709 eum
3182 1655 3277 1726 qui
3335 1656 3453 1711 sine
3503 1656 3681 1715 littera

417 1763 618 1808 rectam
655 1753 876 1818 habere,
898 1760 952 1805 et
980 1749 1139 1804 factis
1185 1746 1445 1802 exhibere
1491 1754 1725 1799 mentem
1782 1740 2002 1812 potest?

484 1845 610 1901 CAP.
630 1843 793 1899 XXII.
843 1843 1159 1914 Ethiopum
1195 1843 1337 1895 circa
1360 1839 1575 1894 Meroen
1599 1840 1765 1894 uictus
1792 1852 1839 1893 et
1856 1838 1996 1891 cala-

2181 1832 2312 1905 [754
2353 1831 2448 1905 IL]
2486 1833 2605 1887 Ὅτι
2661 1833 2800 1903 μετὰ
2827 1835 2953 1899 τοὺς
2992 1835 3374 1907 Ἰχθυοφάγους
3412 1839 3561 1913 παρά
3580 1839 3683 1895 ,τὸν

418 1939 679 1991 mitas.—-
708 1934 843 1990 Post
873 1934 1329 2006 lchthyophagos,
1358 1931 1512 2002 juxta
1543 1931 1743 1985 ﬂumen
1773 1930 2000 1985 Astaba-

414 2044 538 2093 ran,
569 2027 777 2097 quiper
807 2022 1154 2095 jEtbiopiam
1200 2034 1253 2078 et
1303 2022 1525 2093 Libyam
1565 2020 1806 2076 defertur
1841 2020 1999 2089 longe

415 2120 537 2174 Nilo
569 2119 914 2186 submissior,
944 2118 1175 2185 ideoque
1200 2118 1415 2172 alveum
1447 2130 1608 2172 suum
1636 2130 1759 2169 cum
1784 2113 1992 2182 majore

414 2215 773 2285 conjungens,
816 2212 1025 2267 ambitu
1093 2225 1193 2265 suo
1242 2208 1459 2264 Meroen
1521 2206 1756 2262 insulam
1806 2204 1988 2259 elﬁcit.

414 2308 590 2379 Hujus
624 2309 789 2379 igitur
840 2305 1019 2360 amnis
1065 2304 1214 2373 ripas
1248 2310 1511 2371 utrasque
1544 2298 1702 2354 turba
1743 2298 1993 2368 quaedam

414 2401 699 2456 hominum
735 2400 933 2454 accolit
972 2413 1081 2451 non
1114 2408 1431 2457 numerosa,
1461 2391 1553 2446 tali
1582 2391 1707 2445 vitat
1736 2389 1949 2445 ratione
1977 2407 1993 2445 :

412 2494 493 2548 Ex
518 2495 695 2548 vicina
724 2492 924 2563 palude
959 2489 1288 2546 arundinum
1333 2486 1548 2542 radices
1578 2484 1785 2551 effodit,
1827 2499 1993 2555 pure-

414 2604 523 2658 que
551 2587 768 2641 ablutas
800 2585 949 2641 saxis
1005 2583 1059 2637 in
1117 2580 1350 2635 frustula
1389 2579 1703 2648 confringit.
1737 2577 1874 2631 Cum
1916 2576 1991 2631 ibi

412 2680 602 2734 lazvem
643 2687 698 2733 ct
732 2677 1002 2732 viscosam
1052 2672 1335 2727 reddidere
1394 2685 1655 2735 massam,
1691 2667 1991 2739 particulas

414 2773 542 2827 inde
572 2787 679 2824 non
703 2769 928 2824 omnino
972 2779 1233 2820 manuum
1264 2764 1550 2833 implentes
1582 2760 1893 2825 efformant,
1939 2768 1995 2813 et

414 2863 478 2916 ad
506 2862 646 2916 solis
701 2869 893 2915 aestum
925 2856 1125 2929 452α
1165 2863 1375 2909 assatas
1421 2851 1590 2908 edulii
1652 2850 1772 2905 loco
1824 2863 1993 2919 appo-

415 2932 575 3008 nunt.
624 2954 761 3007 Cum
833 2951 980 3004 malo
1029 2947 1415 3021 conﬂictantur
1447 2944 1769 3008 inevitabili,
1804 2951 1991 3013 utpote

414 3044 669 3099 leonibus
715 3043 771 3097 in
807 3040 1037 3111 stagnis,
1085 3038 1179 3109 qui
1228 3052 1323 3092 eos
1345 3036 1629 3090 invadunt.
1662 3034 1776 3089 Sub
1808 3043 1992 3088 ortum

414 3138 578 3192 etiam
611 3135 763 3189 canis
792 3136 838 3200 i,
871 3134 1064 3204 ingens
1104 3131 1340 3186 culicum
1388 3128 1679 3183 multitudo
1719 3142 1814 3182 eos
1852 3124 1997 3181 infe-

2120 1922 2463 1993 Ἀσταϐάραν
2490 1923 2759 1994 ποταμὸν,
2787 1923 2847 1987 ὃς
2872 1924 3097 1997 φέρεται
3125 1926 3224 1996 μὲν
3255 1926 3341 1982 διὰ
3378 1928 3480 1999 τῆς
3506 1930 3682 1983 Δίθιο-

2106 2014 2238 2079 πίας
2267 2015 2486 2085 καὶτῆς
2517 2016 2748 2085 Λιϐύης,
2781 2017 2898 2070 ἐστι
2931 2018 2989 2072 δὲ
3020 2018 3113 2073 τοῦ
3142 2019 3340 2074 Νείλου
3377 2023 3556 2093 πολλῴ
3584 2040 3682 2077 τα-

2106 2106 2441 2179 πεινότερος,
2475 2107 2801 2178 συμϐάλλων
2826 2109 2882 2163 δὲ
2901 2110 3000 2181 τὴν
3022 2111 3229 2164 οίκείαν
3255 2113 3429 2183 ὁρμὴν
3458 2114 3534 2181 τῷ
3564 2115 3684 2182 μεί-

2104 2199 2218 2263 ζονι
2251 2197 2455 2270 ῥείθρῳ
2488 2199 2650 2269 νῆσον
2683 2202 2827 2252 ποιεί
2854 2202 2921 2271 τῇ
2950 2200 3279 2273 περιρρύσει
3306 2204 3405 2274 τὴν
3433 2204 3683 2276 Μερόην,

2115 2291 2337 2362 -παρά
2365 2291 2497 2361 γοῦν
2525 2291 2617 2345 τὸν
2650 2292 2941 2363 εἰρημένον
2970 2294 3217 2365 ποταμὸν
3241 2295 3328 2348 ἐπ’
3350 2297 3683 2368 ἀμφοτέροις

2106 2388 2357 2439 κατοικεῖ
2398 2388 2512 2450 τοῖς
2559 2386 2795 2457 χείλεσιν
2828 2387 2986 2459 ὄχλος
3037 2389 3098 2442 ού
3144 2389 3313 2455 πολὺς
3358 2391 3477 2462 μὲν,
3507 2392 3584 2462 τῷ
3627 2393 3687 2447 δὲ

2108 2477 2209 2549 βίῳ
2239 2477 2482 2543 τοιοῦτος
2514 2496 2529 2510 ·
2573 2478 2673 2533 Ἐκ
2704 2478 2799 2533 τοῦ
2839 2484 3181 2552 παρήκοντος
3208 2482 3362 2547 ἕλους
3394 2483 3495 2548 τὰς
3526 2486 3685 2556 ῥίζας

2105 2569 2214 2625 τῶν
2240 2570 2505 2642 καλάμων
2527 2571 2745 2642 ὀρύττει
2766 2612 2782 2638 ,
2813 2572 3049 2627 κᾶπειτα
3077 2572 3283 2639 πλύνας
3308 2576 3566 2648 καθαρῶς
3600 2580 3687 2631 ὲκ-

2106 2662 2297 2715 κόπτει
2324 2662 2496 2727 λίθοις
2523 2663 2662 2734 πρὸς
2693 2663 2881 2735 μέρος,
2909 2667 3147 2737 ποιήσας
3173 2667 3232 2721 δὲ
3257 2667 3399 2722 λεῖον
3425 2670 3520 2723 καὶ
3551 2670 3677 2724 κολ-

2104 2753 2272 2818 λῶδες
2300 2755 2607 2809 ἀνέπλασεν
2634 2756 2698 2808 ὲκ
2729 2756 2973 2826 μαγίδος,
2994 2760 3042 2811 εί
3068 2760 3162 2812 καὶ
3182 2760 3243 2813 ού
3280 2762 3680 2833 χειροπλήθεις,

2106 2846 2324 2915 ὄγκους,
2359 2842 2481 2901 εἶτα
2512 2845 2570 2900 ὲν
2599 2846 2678 2917 τῷ
2728 2847 2971 2918 καύματι
3004 2852 3299 2922 παροπτῶν
3328 2853 3531 2925 ταύτην
3566 2854 3680 2927 ἔχει

2107 2940 2445 3011 προσφοράν.
2477 2938 2705 3011 Ἔχουσι
2731 2940 2787 2993 δὲ
2819 2936 2965 2995 οὗτοι
2993 2944 3162 2997 κακὸν
3188 2944 3448 3014 ἄφυκτον,
3469 2947 3595 3010 τοὺς
3621 2950 3679 3000 ὲν

2106 3034 2219 3097 τοῖς
2249 3032 2395 3086 ἕλεσι
2421 3030 2649 3096 λέοντας
2679 3031 3101 3104 ἓπιτιθεμένους
3125 3036 3327 3099 αὐτοῖς.
3344 3037 3481 3090 Ὑπὸ
3500 3038 3558 3092 δὲ
3581 3037 3681 3110 τὴν

2107 3125 2362 3194 ἐπιτολὴν
2412 3124 2507 3179 τοῦ
2560 3123 2723 3189 κυνὸς
2772 3126 2987 3194 γίνεταί
3038 3144 3093 3180 τι
3141 3127 3420 3183 κωνώπων
3476 3130 3683 3201 πλῆθος

414 3241 544 3295 stat,
580 3229 745 3283 tantis
777 3189 984 3282 viribus
1015 3224 1246 3295 pollens,
1273 3231 1328 3277 ut
1364 3222 1597 3292 populus
1624 3222 1678 3274 in
1711 3235 1883 3289 aquas
1917 3220 1996 3273 la-

2103 3189 2357 3279 ἄπλετον,
2374 3213 2716 3285 τηλικαύτην
2744 3189 2868 3284 ἔχον
2903 3213 3132 3285 δύναμιν
3160 3216 3302 3270 ὥστε
3329 3218 3423 3271 τὸν
3454 3189 3587 3272 λαὸν
3604 3189 3684 3283 εἰς

414 3333 629 3379 custres
674 3320 1008 3391 prazfugiens
1047 3333 1105 3373 se
1154 3316 1227 3371 ibi
1272 3315 1529 3370 occultat.
1574 3314 1657 3367 Ab
1694 3313 1779 3368 his
1814 3313 1999 3367 leones

413 3428 634 3483 quoque
684 3411 1139 3473 exterminantur,
1177 3424 1286 3462 non
1332 3416 1441 3461 tam
1493 3421 1524 3460 a
1586 3420 1773 3459 morsu
1819 3403 2000 3459 vexati

415 3505 691 3573 (quamvis
746 3504 978 3557 molesto
1037 3501 1221 3568 satis),
1285 3514 1452 3569 quam
1510 3496 1656 3568 quod
1707 3496 1998 3552 stridorem

413 3596 567 3650 xoris
612 3595 956 3664 peregrinum
1020 3589 1261 3661 perferre
1308 3597 1605 3660 nequeunt.
1654 3586 1817 3657 Atqui
1895 3587 2000 3640 hoc

413 3687 569 3741 mirae
604 3684 861 3740 novitatis
897 3684 1070 3754 gratia
1120 3690 1609 3738 commemoratum
1653 3688 1793 3735 esto.
1849 3677 1993 3744 Quid

412 3779 558 3833 enim
629 3777 997 3848 singularius,
1064 3791 1227 3845 quam
1295 3774 1483 3829 leones
1544 3772 1816 3828 culicibus
1877 3774 1997 3826 loco

414 3868 627 3933 cedere,
678 3878 732 3922 et
781 3868 1029 3922 homines
1063 3881 1130 3921 ex
1168 3865 1438 3936 ejusmodi
1482 3864 1726 3936 periculo
1767 3864 1998 3919 evadere

415 3958 751 4019 incolumes?

483 4052 614 4107 CAP.
644 4049 831 4105 XXIII.
892 4050 971 4103 De
998 4048 1336 4121 Hylophagis
1379 4047 1668 4121 horumque
1702 4064 1897 4105 natura
1943 4060 1995 4106 et

412 4146 667 4199 muribus.
732 4174 802 4185 --
844 4140 964 4197 lam
1033 4144 1475 4199 commemoratis
1550 4143 1992 4215 llylophagorum

416 4254 548 4307 gens
582 4252 688 4291 non
723 4238 794 4291 ita
835 4237 1067 4291 multum
1096 4237 1419 4307 discrepans
1468 4238 1834 4308 approximat,
1871 4253 1995 4308 quae

410 4329 573 4383 etiam
610 4327 915 4381 seminibus
946 4328 1206 4381 vescitur.
1254 4327 1389 4381 Nam
1421 4327 1637 4383 fructus
1687 4345 1753 4383 ex
1783 4329 1993 4383 arbori-

409 4420 514 4474 bus
545 4418 858 4476 decidentes
887 4418 1203 4485 comedunt,
1262 4420 1425 4475 etiam
1476 4429 1719 4491 tempore
1761 4421 1987 4475 aestatis.

2101 3304 2202 3368 τὰς
2222 3304 2510 3377 λιμνώδεις
2532 3307 2802 3377 ὑγρασίας
2823 3307 3123 3362 ἀπελθόντα
3139 3310 3257 3363 ἐκεῖ
3273 3310 3457 3380 μένειν
3473 3314 3679 3381 ἀφανῆ.

2114 3395 2235 3465 Ὑφ’
2292 3390 2367 3452 ὧν
2431 3398 2528 3452 καὶ
2582 3399 2633 3451 oi
2688 3398 2900 3463 λέοντες
2928 3400 3326 3470 ὲκτοπίξονται,
3382 3404 3478 3474 οὐχ
3510 3404 3683 3467 οὕτως

2101 3487 2206 3541 ὑπὸ
2255 3488 2351 3542 τοῦ
2392 3488 2603 3559 δηγμοῦ
2651 3488 3057 3561 δηλούμενοι”,
3122 3494 3321 3566 καίπερ
3368 3494 3525 3559 ὄντος
3578 3498 3684 3548 έπ-

2101 3578 2326 3649 αχθοῦς,
2359 3579 2436 3645 ὡς
2463 3581 2555 3635 τὸν
2582 3581 2690 3635 ὑπὸ
2716 3583 2816 3652 τῆς
2845 3583 3029 3653 φωνῆς
3053 3580 3185 3656 ἦχον
3217 3585 3517 3655 ἀλλόφυλον
3545 3589 3682 3642 ἁδυ-

2100 3672 2388 3737 νατοῦντες
2438 3674 2646 3747 φέρειν.
2691 3676 2851 3729 Ἀλλὰ
2879 3676 3055 3731 ταῦτα
3086 3679 3184 3748 μὲν
3217 3680 3547 3750 ἀπηγγέλθιο
3583 3682 3683 3736 τοῦ

2100 3768 2409 3840 παραδόξου
2459 3770 2657 3841 χάριν
2692 3770 2744 3823 τί
2788 3772 2899 3841 γὰρ
2946 3771 3220 3844 ίδιώτερον
3258 3776 3290 3845 ἢ
3328 3776 3547 3841 λέοντας
3581 3778 3684 3847 μὲν

2098 3860 2368 3932 ἐκχωρεῖν
2421 3860 2699 3933 κώνωψιν,
2749 3862 3075 3935 ἀνθρώπους
3126 3865 3184 3919 δὲ
3240 3866 3510 3932 σώζεσθαι
3568 3870 3677 3924 ὑπὸ

2097 3950 2341 4005 τοιούτου
2377 3952 2621 4006 κινδύνου
2641 3970 2657 4020 ;

2170 4045 2293 4098 Ὅτι
2321 4048 2435 4109 τοῖς
2463 4046 2794 4118 εἰρημένοις,
2822 4049 2976 4120 φησὶ,
3000 4051 3062 4105 τὸ
3090 4051 3199 4105 τῶν
3231 4051 3551 4123 ’Υλοφάγων
3586 4056 3686 4109 καὶ

2095 4136 2205 4191 τῶν
2237 4136 2307 4190 τὰ
2339 4139 2633 4210 σπέρματα
2686 4143 3024 4213 σιτουμένων
3053 4145 3264 4216 ἐγγίζει
3304 4149 3461 4213 γένος
3483 4187 3499 4212 ,
3543 4149 3683 4218 βρα-

2095 4231 2250 4299 χεῖαν
2299 4229 2422 4301 ἔχον
2468 4233 2566 4302 τὴν
2610 4232 2990 4306 παραλλαγήν.
3036 4238 3099 4290 Οἱ
3153 4238 3255 4307 μὲν
3302 4239 3412 4308 γὰρ
3460 4240 3555 4292 τὸν
3593 4241 3685 4293 πί-

2097 4340 2298 4377 πτοντα
2324 4325 2534 4395 καρπὸν
2566 4327 2674 4379 ἀπὸ
2701 4327 2812 4382 τῶν
2837 4329 3072 4400 δένδρων
3099 4331 3377 4387 σιτοῦνται
3403 4331 3550 4404 [καὶ]
3576 4334 3687 4385 ὑπὸ

2094 4416 2195 4487 τὴν
2226 4416 2466 4487 θερείαν,
2501 4418 2562 4471 τὸ
2587 4418 2646 4471 δὲ
2678 4419 2864 4475 λοιπὸν
2908 4421 3010 4493 τῆς
3056 4423 3195 4487 πόας
3232 4424 3535 4478 ὅιπτονται¹
3576 4426 3687 4494 τῆς

409 4515 560 4568 Alias
588 4513 810 4569 herbam
841 4512 1162 4582 decerpunt,
1191 4528 1311 4583 quae
1358 4513 1413 4567 in
1447 4514 1723 4568 umbrosis
1750 4514 1987 4568 vallibus

2103 4510 2152 4561 ὲν
2204 4512 2315 4572 τοῖς
2367 4513 2609 4581 σκιεροῖς
2635 4511 2832 4580 ἀγκεσι
2866 4516 3163 4587 γινομένης
3190 4518 3456 4588 στερεᾶς¹
3490 4535 3550 4570 τε
3580 4520 3687 4589 τὴν

409 4606 677 4673 nascitur,
725 4605 985 4675 duratque
1024 4613 1109 4660 est
1153 4605 1374 4671 indolis,
1430 4617 1484 4660 et
1523 4606 1733 4660 caulem
1792 4608 1993 4661 educat

409 4697 708 4752 assimilcm
735 4697 915 4767 napis,
943 4713 1079 4768 quas
1109 4698 1363 4753 buniades
1389 4706 1609 4753 vocant.
1656 4696 1796 4754 Hinc
1828 4698 1991 4767 quid-

408 4788 539 4858 quid
569 4788 637 4843 de
660 4788 885 4843 materia
913 4797 1159 4843 tenerum
1188 4790 1403 4844 exsistit
1441 4799 1494 4844 et
1529 4789 1710 4856 molle,
1745 4790 1806 4844 fit
1834 4806 1993 4845 escu-

409 4877 639 4931 lentum.
672 4875 869 4933 Noctes
891 4878 1108 4948 quidem
1140 4894 1336 4935 somno
1365 4880 1657 4948 tribuunt,
1688 4882 1782 4936 sed
1807 4882 1988 4937 locum

408 4965 672 5035 deligunt,
720 4968 814 5036 qni
863 4978 1051 5023 contra
1082 4968 1291 5024 belluas
1326 4968 1519 5025 ﬁrmus
1571 4973 1641 5025 sit
1664 4981 1718 5025 et
1747 4972 1994 5029 excubiis

408 5066 589 5127 aptus.
652 5056 811 5114 Mane
882 5075 1048 5130 quam
1113 5062 1348 5131 primum
1410 5062 1494 5118 sol
1558 5064 1808 5133 emergit,
1864 5080 1991 5119 cum

408 5149 595 5206 liberis
624 5163 677 5207 et
722 5156 984 5211 uxoribus
1024 5154 1251 5212 arbores
1296 5157 1538 5213 universi
1588 5155 1988 5223 conscendunt,

484 5349 499 5387 ί
541 5349 621 5402 ΑΙ.
655 5350 949 5408 CalliCItltB.

2096 4599 2259 4669 φύσιν
2286 4602 2382 4655 καὶ
2421 4603 2624 4657 καυλὸν
2656 4606 3035 4678 ὲκτρεφούσης
3082 4609 3385 4680 παρόμοιον
3409 4612 3529 4673 ταῖς
3580 4627 3689 4665 κα-

2092 4693 2379 4765 λουμέναις
2390 4696 2730 4761 βουνιάσιν
2747 4714 2761 4729 ⁸
2791 4700 2841 4752 οἱ
2868 4699 2924 4753 δὲ
2946 4700 3046 4770 τῆς
3073 4700 3205 4772 ὕλης
3226 4701 3324 4773 τὴν
3349 4702 3569 4774 ἁπαλὴν
3600 4720 3689 4757 σι-

2092 4786 2334 4841 τοῦνται.
2368 4782 2529 4843 Οὗτοι
2552 4792 2654 4854 τὰς
2680 4790 2780 4861 μὲν
2805 4792 3008 4857 νύκτας
3037 4795 3341 4866 κοιμῶνται
3374 4796 3539 4849 τόπον
3566 4797 3686 4851 ἀπὺ

2093 4877 2204 4932 τῶν
2240 4879 2358 4933 ἐκεῖ
2406 4880 2616 4951 θηρίων
2654 4883 2794 4954 πρὸς
2842 4884 3115 4957 ὀχύρωσιν
3166 4886 3541 4959 ἐξειλεγμένοι
3583 4892 3691 4946 καὶ

2096 4971 2367 5042 φυλακὴν,
2421 4971 2538 5043 ἅμα
2571 4974 2628 5028 δὲ
2661 4976 2798 5048 ἡλίῳ
2836 4979 2974 5049 μετά
3017 4978 3223 5034 τέκνων
3254 4980 3349 5033 καὶ
3400 4983 3691 5050 γυναικῶν

2094 5064 2189 5116 ἐπὶ
2214 5066 2284 5119 τὰ
2314 5064 2506 5137 δένδρα
2537 5069 2743 5133 πάντες
2768 5069 3152 5137 ἀναϐαίνουσι,
3184 5074 3391 5142 σπουδῇ
3440 5075 3691 5130 καταλα-

2094 5156 2209 5211 ϐεῖν
2254 5159 2548 5230 ζητοῦντες
2579 5161 2707 5225 τοὺς
2733 5161 2938 5231 ἄκρους
2984 5163 3195 5227 κλῶνας
3217 5181 3233 5197 ·
3282 5164 3541 5219 κάκεῖθεν
3578 5166 3693 5231 τὴν

1710 5488 1948 5543 νΑιιιΑε
2004 5489 2297 5545 LECTION
2310 5491 2410 5547 ES.

511 5625 557 5659 ”
582 5627 803 5703 σφάλλ]
838 5630 895 5681 οὺ
931 5629 1122 5696 σφάλλ.
1159 5630 1197 5681 Β
1228 5641 1279 5684 et
1311 5644 1387 5683 rc.
1429 5631 1493 5682 Α.
1570 5630 1614 5662 ’⁸
1646 5631 1931 5703 εὐτυχήσει
1960 5631 2055 5685 καὶ
2089 5633 2229 5687 κατά
2258 5651 2313 5697 ς.
2393 5634 2438 5667 θ’
2467 5632 2797 5703 δειλούμενοι
2867 5632 2928 5688 Β.

405 5698 694 5768 γινομένην
725 5698 950 5772 στερεὰν
977 5718 1036 5763 ς.

3037 5635 3051 5664 ³
3084 5632 3314 5688 ἅπτεται
3338 5652 3398 5699 ς’.
3504 5638 3527 5669 ³
3560 5636 3691 5709 τὴν·
