3944 6242
307 327 370 394 45

1423 307 1950 369 BIBLIOTHECA.
1980 333 2050 343 —
2082 307 2245 369 COD.
2283 309 2434 370 CCL.

3479 317 3548 382 46

309 427 670 498 ἁπαλωτάτην
713 425 848 496 ὓλην
893 424 1225 496 ἁμέλγοντες
1281 422 1540 494 εὐμαρῶς
1575 420 1866 475 σιτοῦνται.

2011 423 2215 477 tenixe
2259 437 2504 479 summos
2546 424 2760 495 assequi
2795 439 2976 482 ramos
3023 428 3380 489 contendunt.
3417 429 3554 488 Hinc

309 520 571 590 Τοιαύτην
596 519 655 572 δὲ
684 519 750 572 ὲκ
771 517 866 571 τοῦ
890 515 1093 578 παντὸς
1125 514 1243 586 βίου
1278 513 1602 585 πεποίηνται
1621 511 1722 582 τὴν
1742 512 1877 577 ἕξιν,

309 617 447 671 ῶστε
472 614 569 668 καὶ
598 613 668 668 τά
691 613 792 681 τῆς
835 609 1149 682 ἀναδρομῆς
1183 607 1412 664 ἄπιστον
1443 607 1588 678 ἔχειν
1615 606 1715 676 τὴν
1752 605 1880 659 θέαν

311 712 400 762 καὶ
447 707 548 778 τὴν
595 703 877 758 συντονίαν
911 701 972 754 οὐ
1018 699 1219 771 χειρῶν
1269 699 1430 770 μόνον
1461 699 1555 752 καὶ
1601 695 1882 751 δακτύλων

313 801 404 854 καὶ
457 797 657 860 ποδῶν,
703 794 840 848 ἀλλά
885 794 982 847 καὶ
1029 793 1137 847 τῶν
1188 789 1372 862 μερῶν
1413 790 1522 842 τῶν
1573 786 1883 842 ὑπολοίπων

313 892 515 954 ἁπλῶς.
548 885 918 958 Μεταπηδῶσι
965 885 1076 958 γὰρ
1122 885 1372 955 εὐπόρως
1411 881 1508 937 ἀπ’
1546 881 1706 936 ἄλλου
1747 880 1879 952 πρὸς

311 986 496 1054 ἓτερον
521 983 823 1052 ἀκρέμονα,
857 978 952 1033 καὶ
979 979 1106 1038 τοὺς
1133 977 1362 1039 κλάδους
1406 973 1651 1044 ἀλλήλων
1688 972 1884 1026 πολλά-

312 1093 400 1138 κις
422 1075 481 1127 ἑν
511 1076 625 1134 τοῖς
656 1069 1145 1139 ἐπισφαλεστάτοις
1171 1066 1357 1128 τόποις
1394 1062 1773 1133 ἀφαιροῦνται,
1792 1063 1885 1113 καὶ

313 1165 540 1220 τοιαῦτα
567 1164 938 1218 ἐνδείκνυνται
964 1161 1106 1215 ὥστε
1137 1158 1228 1212 τὸν
1263 1158 1440 1212 ἰδόντα
1470 1155 1632 1209 αὑτὸν
1664 1155 1762 1224 μὲν
1793 1153 1883 1205 ὲκ-

314 1258 673 1332 πλήττεσθαι,
725 1255 801 1327 μὴ
834 1255 1018 1327 μέντοι
1060 1253 1284 1324 θαρρεῖν
1332 1253 1411 1314 είς
1457 1249 1584 1312 τοὺς
1622 1246 1884 1316 ἀπείρους

314 1349 680 1418 ἐξαγγέλλειν.
719 1347 829 1401 Καὶ
864 1346 1043 1400 πάντα
1088 1343 1146 1396 δὲ
1175 1342 1368 1396 κλάδον
1400 1342 1513 1403 τοῖς
1557 1337 1766 1392 ὀδοῦσιν
1795 1335 1887 1403 ἐγ-

313 1438 471 1509 χυλον
539 1435 972 1506 κατεργάζονται
1030 1432 1129 1487 καλ⁵
1177 1433 1297 1494 ταῖς
1347 1428 1580 1491 κοιλίαις
1635 1425 1886 1497 εὐπόρως

314 1528 640 1583 πέττουσι³·
679 1529 840 1601 [1555
873 1525 961 1599 IL]
1014 1527 1108 1580 καὶ
1139 1525 1199 1578 τὺ
1239 1523 1437 1592 σφαλὲν
1482 1521 1687 1576 ἀνωθεν
1727 1518 1887 1588 σῶμα

313 1624 398 1676 διὰ
420 1623 517 1692 τὴν
551 1622 837 1692 ἰσχνότητα
881 1619 942 1672 οὐ
979 1617 1204 1689 βαρείας
1228 1615 1486 1686 τυγχάνει
1513 1616 1612 1685 τῆς
1645 1610 1884 1683 πληγῆς.

316 1709 474 1768 Οὗτοι
507 1713 566 1767 δὲ
601 1713 798 1784 γυμνοὶ
846 1711 945 1783 μέν
992 1711 1097 1764 εἰσι
1131 1710 1356 1774 πάντες,
1401 1707 1639 1777 χρῶνται
1670 1705 1728 1758 δὲ
1771 1720 1888 1757 κοι-

1985 514 2240 577 decerpta
2263 514 2620 584 virgultarum
2645 517 2957 582 tenerrima,
2981 519 3101 574 sine
3127 517 3346 576 fastidio
3367 522 3555 578 edunt.

1985 603 2228 673 Eamque
2258 619 2324 659 ex
2359 613 2469 659 tota
2496 606 2598 660 sibi
2621 607 2728 660 vita
2755 608 3126 665 habitudinem
3153 625 3562 682 compararunt,

1987 707 2044 750 ut
2075 697 2410 752 incredibilis
2437 698 2509 753 sit
2528 697 2644 753 visa
2673 699 2886 754 illorum
2923 703 2976 755 in
3012 703 3238 759 arbores
3266 719 3560 770 excursus,

1983 797 2037 844 et
2065 790 2204 844 mira
2234 805 2342 844 non
2374 799 2584 845 tantum
2614 807 2903 858 manuum,
2929 793 3225 865 digitorum
3252 807 3306 850 et
3339 798 3555 867 pedum,

1984 882 2077 936 sed
2122 883 2178 936 in
2206 882 2519 938 universum
2554 893 2875 939 creterorum
2929 901 3144 956 quoque
3189 889 3558 944 membrorum

1984 974 2279 1028 contentio.
2308 973 2444 1028 Nam
2475 976 2727 1045 expedite
2750 977 2816 1031 de
2841 992 2994 1031 ramo
3019 977 3074 1032 in
3105 995 3316 1034 ramum
3367 985 3549 1036 transi-

1985 1065 2125 1120 linnt
2156 1105 2172 1130 ,
2251 1075 2306 1120 et
2373 1067 2510 1122 alter
2574 1067 2727 1122 alteri
2779 1071 3057 1136 termites,
3111 1074 3273 1128 etiam
3321 1076 3374 1130 in
3425 1077 3559 1133 locis

1985 1156 2483 1225 periculosissimis,
2529 1159 2735 1229 eripit:
2798 1169 2851 1215 et
2905 1163 2955 1216 id
3008 1178 3178 1232 genus
3227 1167 3333 1222 alia
3367 1178 3554 1223 osten-

1987 1253 2125 1308 tant,
2163 1253 2218 1298 ut
2248 1246 2341 1314 qui
2371 1245 2533 1311 videt,
2567 1249 2682 1316 ipse
2715 1249 2930 1318 quidem
2964 1259 3186 1322 stupore
3234 1256 3561 1322 percellatur

1989 1337 2081 1392 sed
2112 1337 2409 1407 inexpertis
2443 1341 2733 1416 enuntiare
2775 1357 2884 1397 non
2916 1345 3079 1399 ausit.
3115 1344 3227 1401 Nec
3261 1348 3556 1416 quidquam

1988 1429 2195 1484 frondis
2222 1437 2304 1485 est
2338 1432 2487 1486 succi
2531 1415 2774 1501 plenum,
2809 1435 2954 1502 quod
3011 1415 3559 1493 dentibusicommo-

1989 1521 2144 1576 litum
2176 1537 2284 1577 non
2325 1534 2670 1594 concoquant
2699 1526 3038 1582 ventriculis.
3076 1527 3333 1598 Corporis
3355 1545 3420 1584 ex
3452 1531 3562 1585 alte

1990 1612 2195 1685 delapsi
2267 1630 2376 1672 non
2433 1615 2614 1686 gravis
2652 1625 2734 1671 est
2760 1617 2917 1687 plaga
2967 1629 3189 1688 propter
3239 1621 3565 1676 exilitatem.

1991 1705 2275 1763 Nudisunt
2301 1724 2513 1773 omnes,
2543 1710 2962 1780 communisque
2991 1711 3098 1766 illis
3125 1711 3332 1768 sobolis
3363 1723 3415 1768 et
3441 1729 3552 1768 uxo

318 1809 465 1871 νοῖςδ
495 1767 860 1868 καὶΙτέκνοις
905 1804 1002 1858 καὶ
1042 1801 1280 1872 γυναιξὶ,
1311 1799 1611 1871 πολεμοῦσι
1658 1797 1715 1850 δὲ
1762 1795 1891 1867 περὶ

2010 1816 2117 1854 rum
2151 1801 2400 1856 educatio
2438 1810 2492 1856 et
2537 1801 2765 1858 fructus.
2817 1802 2904 1858 Fit
2943 1813 3001 1857 ut
3039 1803 3104 1858 de
3153 1806 3288 1860 locis
3335 1805 3477 1861 inter
3516 1823 3576 1861 se

318 1899 426 1952 τῶν
456 1900 639 1952 τόπων
668 1897 921 1968 ἀλλήλοις
938 1896 981 1960 ⁸,
1021 1893 1448 1966 μεταλλάττουσι
1480 1891 1537 1944 δὲ
1569 1891 1618 1944 οἱ
1647 1890 1892 1942 πλεῖστοι

322 1993 460 2064 tiu};
482 1991 818 2062 πιεζόμενοι,
841 1988 1260 2060 γλαυκωμάτων
1291 1985 1422 2057 περὶ
1457 1984 1526 2037 τὰ
1551 1983 1890 2053 πεντήκοντα

327 2087 416 2156 ἔτη
444 2087 554 2150 τοῖς
583 2085 825 2155 ὄμμασιν
858 2082 1278 2154 ὲπιτρεχόντων.

574 2219 707 2287 Περὶ
746 2219 865 2273 τῶν
892 2217 1233 2289 λεγομένων
1272 2215 1644 2286 κυνηγετῶν.

434 2329 535 2346 ..ην

406 2328 535 2400 [755
558 2328 642 2401 IL]
659 2329 784 2383 Ὀτι
818 2327 959 2400 μετά
984 2329 1110 2390 τοὺς
1138 2328 1463 2400 εἰρημένους
1495 2326 1635 2379 εἰσὶν
1662 2326 1710 2376 oi.
1742 2322 1894 2393 παρά

332 2423 442 2482 τοῖς
477 2421 762 2491 ἐγχωρίοις
795 2419 1079 2488 λεγόμενοι
1104 2417 1438 2489 Κυνηγέται.
1474 2409 1634 2469 Οῦτοι
1671 2416 1762 2468 διὰ
1798 2414 1898 2485 τὴν

329 2513 435 2564 τῶν
463 2511 666 2582 θηρίων
694 2512 892 2582 φορὰν,
909 2511 976 2580 ἢν
1003 2512 1030 2563 ό
1062 2509 1226 2572 τόπος
1247 2508 1480 2563 ἄπλετον
1509 2507 1686 2576 φέρει,
1710 2509 1767 2560 ὲν
1785 2510 1900 2570 τοῖς

327 2603 570 2673 δένδρεσι
602 2603 702 2672 μὲν
739 2601 1049 2672 σκηνοῦσιν,
1076 2600 1136 2666 ἐξ
1162 2601 1384 2670 ἐνέδρας
1406 2600 1462 2653 δὲ
1481 2599 1807 2670 ἀγρεύοντες
1832 2599 1900 2653 τὰ

326 2696 493 2765 θηρία
520 2696 728 2765 τροφὴν
758 2696 974 2756 ἑαυτοῖς
1005 2692 1179 2746 ταῦτα
1211 2693 1507 2747 ποιοῦνται.
1539 2693 1660 2745 Είσὶ
1690 2693 1784 2751 καὶ
1812 2708 1901 2744 το-

324 2789 474 2853 ξείας
511 2791 898 2860 ἐπιστήμονες.
943 2790 1110 2843 Ἐπάν
1157 2791 1214 2842 δὲ
1259 2791 1433 2860 Θήρας
1482 2789 1751 2859 ἀπορῶσι,
1793 2790 1906 2850 τοῖς

326 2877 566 2945 δέρμασι
592 2877 706 2930 τῶν
737 2880 1236 2949 προτεθηραμένων
1276 2880 1376 2949 τὴν
1421 2878 1628 2933 ἔνδειαν
1655 2879 1904 2948 ἀναπλη-

326 2968 503 3037 ροῦσι,
559 2968 849 3040 βρέξαντες
899 2971 996 3034 τὰς
1048 2970 1256 3040 βύρσας
1303 2973 1397 3024 καὶ
1437 2971 1564 3024 ὲπ’⁶
1605 2971 1906 3041 ἀνθρακίαν

328 3057 538 3128 κούφην
569 3059 918 3123 ἐπιϐαλόντες
941 3067 959 3126 ’,
993 3056 1112 3114 εἶτα
1140 3060 1491 3123 σποδίσαντες
1523 3062 1617 3113 καὶ
1649 3063 1728 3124 είς
1767 3062 1905 3113 διαί-

331 3169 386 3222 ps
395 3170 480 3206 σιν
508 3153 835 3223 ἀγαγόντες.

687 3359 826 3426 Περὶ
857 3359 974 3412 τῶν
1002 3358 1555 3429 Ἑλεφαντοφάγων.

398 3466 530 3522 Ὅτι
565 3468 706 3538 μετά
736 3469 864 3532 τοὺς
896 3470 1238 3540 είρημένους,
1265 3469 1400 3522 πολὺ
1425 3471 1632 3521 τούτων
1657 3467 1909 3537 ἀφεστῶ-

329 3575 418 3621 τες
449 3559 547 3610 καὶ
578 3558 715 3629 πρὸς
749 3559 988 3629 ἑσπέραν
1021 3560 1223 3630 μᾶλλον
1253 3560 1625 3621 ἀνατείνοντες
1644 3599 1662 3621 ,
1697 3559 1836 3611 εἰσὶν
1861 3558 1911 3612 οἳ

333 3652 399 3702 ὲκ
431 3650 532 3718 τῆς
560 3650 670 3702 τῶν
700 3649 1009 3718 ἐλεφάντων
1039 3651 1213 3721 θήρας
1239 3651 1328 3704 τὸν
1365 3651 1479 3722 βίον
1508 3651 1814 3705 ποιοῦνται.
1847 3651 1912 3704 Οἱ

333 3743 436 3808 μὲν
476 3742 586 3794 ἀπὸ
628 3726 870 3810 δένδρου,
919 3744 1005 3812 ἐφ’
1054 3736 1099 3810 ᾧ
1143 3743 1410 3813 κάθηνται
1443 3744 1773 3806 σκοποῦντες
1811 3744 1913 3808 τὰς

331 3834 608 3904 παρόδους
636 3834 743 3887 τῶν
783 3834 1010 3905 Θηρίων,
1041 3836 1162 3899 ταῖς
1190 3835 1288 3906 μὲν
1318 3837 1474 3908 χερσὶ
1499 3837 1599 3906 τῆς
1626 3835 1793 3907 οὐρᾶς
1821 3835 1913 3888 λα-

331 3925 578 3994 ϐόμενοι,
611 3927 722 3986 τοῖς
753 3928 882 3980 ποσὶ
929 3927 986 3980 δὲ
1015 3928 1185 3998 πρὸς⁷
1222 3928 1315 3982 τὸν
1343 3927 1516 3999 μηρὸν
1562 3929 1655 3980 τὸν
1700 3929 1914 4000 ἀριστε-

335 4018 428 4084 ρὸν
478 4017 889 4072 ἐπιϐαίνουσιν
935 4013 1054 4073 εἶτα
1093 4020 1336 4085 πελέκει,
1367 4020 1425 4073 δν
1472 4021 1781 4090 ἐπιτήδειον
1819 4022 1916 4074 καὶ

333 4112 556 4181 ἕτοιμον
584 4109 788 4182 έχουσι,
816 4112 918 4181 τὴν
941 4111 1122 4176 δεξιὰν
1157 4112 1328 4181 ίγνὺν,
1360 4114 1591 4176 πυκναῖς
1618 4113 1739 4175 ταῖς
1776 4113 1918 4181 πλη-

331 4205 460 4268 γαῖς
496 4203 793 4272 χρώμενοι,
838 4204 1283 4274 νευροκοποῦσιν,
1312 4201 1454 4256 οὕτω
1488 4204 1545 4257 δὲ
1576 4202 1813 4266 ἐκτενῶς
1849 4205 1916 4273 τῇ

336 4296 438 4361 μὲν
471 4294 879 4364 καταφέροντες
921 4298 986 4365 τῇ
1020 4296 1078 4349 δὲ
1105 4296 1206 4364 τῆς
1254 4296 1422 4366 οὐρᾶς
1448 4293 1800 4365 κρατοῦντες,
1842 4295 1918 4356 ὼς

331 4385 505 4437 ἄθλου
537 4387 904 4456 προκειμένου
927 4387 1028 4456 τῆς
1055 4387 1232 4458 ψυχῆς
1251 4387 1314 4457 ’ἢ
1342 4389 1447 4457 γὰρ
1467 4389 1787 4440 ἀποκτεῖναι
1811 4385 1916 4456 χρὴ

330 4478 367 4547 ἣ
397 4477 694 4547 τελευτᾷν,
729 4478 895 4550 ἀλλην
922 4479 1016 4533 τοῦ
1050 4479 1245 4551 καιροῦ
1279 4479 1514 4544 διέξοδον
1545 4481 1646 4531 οὐκ
1675 4480 1911 4548 ἔχοντος.

344 4569 524 4622 Ἐπάν
557 4570 616 4623 δὲ
634 4571 653 4601 ⁸
677 4570 735 4622 τὸ
767 4571 906 4634 ζῶον
940 4573 1005 4626 ὲκ
1037 4574 1136 4643 τῆς
1166 4572 1378 4642 πληγῆς
1403 4573 1498 4624 καὶ
1521 4571 1623 4641 τῆς
1648 4572 1920 4642 αἱμορῤα-

329 4659 460 4726 γίας
523 4659 706 4730 πέσῃ,
755 4663 803 4716 οἱ
864 4663 1202 4733 συνθηραταὶ
1261 4661 1655 4732 παραγίνονται
1712 4663 1805 4714 ἐπὶ
1858 4662 1919 4714 τὸ

331 4752 572 4823 πτῶμα,
589 4753 687 4806 καλ¹
713 4755 804 4807 τοῦ
837 4754 1024 4824 θηρίου
1051 4754 1252 4818 ζῶντος
1285 4753 1364 4806 ἔτι
1392 4754 1834 4824 παρατέμνοντες
1856 4756 1920 4806 ὲκ

329 4845 448 4897 τῶν
476 4845 746 4900 ὀπισθίων
777 4847 876 4909 τὰς
917 4848 1123 4918 σάρκας
1166 4846 1520 4916 εὐωχοῦνται,
1555 4846 1645 4898 τὸν
1695 4845 1920 4916 ἔσχατον

329 4935 433 4987 τοῦ
479 4935 962 5006 καταπονηθέντος
1009 4937 1184 5000 οὕτως
1235 4937 1618 5007 ὑπομένοτος9
1670 4936 1923 4990 θάνατον.

365 5028 495 5080 AD}
521 5031 571 5082 οί
604 5031 702 5099 μὲν
735 5029 873 5100 μετά
903 5030 999 5084 τοῦ
1027 5031 1255 5101 ἐσχάτου
1283 5031 1531 5084 κινδύνου
1560 5030 1924 5100 ἐλεφαντοθῆ-

338 5136 434 5189 ραι
459 5122 732 5176 τοιοῦτοι·
759 5125 941 5195 ἕτεροι
970 5125 1028 5177 δὲ
1055 5124 1296 5196 θηρῶσιν
1325 5126 1522 5188 αὐτοὺς
1543 5122 1740 5188 οὕτως’
1762 5125 1928 5194 Τρεῖς

337 5212 535 5284 ἄνδρες
569 5215 628 5269 ἓν
665 5215 769 5286 μὲν
798 5215 1014 5286 ἔχοντες
1048 5217 1222 5282 τόξον,
1265 5217 1478 5280 ὀϊστοὺς
1525 5216 1582 5269 δὲ
1635 5216 1922 5280 πλείους¹⁰

341 5308 745 5379 κεχρισμένους
790 5311 857 5381 τῇ
907 5309 1037 5381 χολῇ
1097 5308 1208 5362 τῶν
1260 5309 1460 5378 δφεων,
1529 5308 1816 5362 ἑστᾶσινίί
1868 5310 1928 5361 ὲν

344 5393 537 5470 δρυμῷ
568 5398 723 5472 παρά
761 5399 863 5465 τὰς
917 5400 1024 5455 τῶν
1057 5399 1263 5472 θηρίων
1291 5399 1580 5464 διεξόδους.
1624 5399 1794 5453 Ἐπάν
1829 5395 1926 5452 οῦν

1995 1892 2332 1962 belligerem.
2361 1893 2614 1964 Plerique
2647 1910 2758 1965 pra:
2784 1897 3036 1966 angustia
3066 1896 3226 1952 famis
3251 1899 3416 1952 vitam
3445 1914 3575 1955 cum

1997 1995 2172 2041 morte
2210 1997 2580 2055 commutant,
2606 1989 2824 2058 quando
2870 1989 3205 2058 glaucomata
3249 1991 3335 2058 (ad
3368 2007 3574 2046 annum

1999 2078 2051 2132 id
2095 2079 2607 2148 quinquagesimum
2633 2079 3085 2150 accidit)oculos
3131 2080 3434 2136 incursant.

1996 2211 2122 2266 CAP.
2150 2210 2340 2266 XXIV.
2394 2212 2468 2266 De
2499 2214 2564 2266 iis
2592 2230 2719 2282 quos
2753 2212 3036 2268 Venatores
3068 2214 3261 2268 incola:
3283 2215 3572 2285 appellant.

2071 2325 2148 2380 De
2182 2325 2499 2380 Venatorum
2526 2337 2697 2398 gente,
2719 2345 2835 2396 qua:
2863 2330 3021 2384 etiam
3048 2331 3205 2386 coriis
3244 2334 3490 2388 vescitur.
3510 2365 3576 2375 —

2001 2419 2134 2476 Post
2173 2421 2283 2488 jam
2333 2420 2665 2489 descriptos,
2695 2433 2822 2476 sunt
2855 2439 2995 2492 quos
3042 2422 3340 2480 Venatores
3386 2427 3580 2482 incola:

2005 2513 2312 2564 nominant.
2339 2510 2404 2564 Hi
2431 2521 2651 2580 propter
2686 2511 2987 2567 bclluarum
3024 2512 3390 2584 frequentiam
3425 2520 3572 2587 (nam

2010 2603 2332 2659 innumeras
2382 2605 2486 2658 fert
2538 2603 2711 2674 regio)
2765 2605 2817 2657 in
2869 2606 3164 2662 arboribus
3221 2610 3578 2663 contubernia

2007 2694 2248 2748 habent:
2283 2693 2378 2748 sed
2409 2710 2473 2748 ex
2504 2696 2713 2750 insidiis
2751 2693 2950 2766 5.521:
3007 2695 3150 2750 feras
3199 2697 3441 2765 capiunt,
3479 2713 3574 2753 ca-

2007 2797 2236 2856 ptasque
2269 2787 2372 2842 sibi
2426 2787 2743 2842 alimentum
2781 2789 3005 2844 faciunt.
3050 2790 3359 2860 Sagittaria:
3400 2792 3566 2846 etiam

2010 2877 2144 2932 artis
2217 2878 2415 2946 peritia
2487 2877 2690 2932 valent.
2763 2877 2822 2932 Si
2885 2877 3088 2933 accidit
3155 2890 3210 2934 ut
3271 2880 3580 2934 venationis

2009 2977 2276 3035 proventu
2312 2977 2560 3034 careant,
2586 2968 2818 3037 pellibus
2857 2978 2982 3022 ante
3009 2980 3295 3039 captorum
3335 2969 3581 3039 inopiam

2013 3057 2250 3124 explent.
2289 3057 2452 3110 Coria
2513 3058 2658 3111 enim
2709 3056 3032 3120 madefacta,
3081 3058 3292 3114 levibus
3342 3058 3582 3113 admotis

2018 3153 2228 3216 prunis,
2257 3151 2498 3204 obruunt
2527 3151 2732 3206 cinere.
2764 3149 2942 3220 Atque
2972 3152 3046 3205 ita
3073 3162 3216 3208 tosta
3251 3154 3319 3208 ad
3351 3153 3581 3209 divisio-
3611 3195 3615 3200 ι

2012 3257 2136 3294 nem
2166 3240 2497 3311 producunt.

2291 3356 2424 3411 CAP.
2456 3355 2622 3413 XXV.
2655 3359 2731 3412 De
2765 3357 3271 3428 Elephantopltagis.

2085 3469 2164 3524 De
2194 3468 2674 3541 Elephantop/zagis
2707 3472 2960 3542 variaque
2990 3474 3177 3526 horum
3219 3475 3585 3530 venatione.—

2017 3562 2332 3632 Sequuntur
2365 3564 2486 3627 hos,
2516 3563 2608 3617 sed
2641 3577 2735 3631 per
2768 3563 3115 3618 intervallum
3154 3566 3289 3620 satis
3333 3565 3583 3636 longum,

2016 3664 2072 3709 et
2119 3654 2342 3708 occasui
2385 3655 2557 3725 magis
2593 3653 2814 3722 objecti,
2867 3655 2962 3724 qui
3007 3671 3075 3710 ex
3113 3656 3460 3726 elephantum
3493 3674 3588 3713 ve-

2016 3748 2239 3802 natione
2285 3747 2488 3800 victum
2534 3747 2850 3814 acquirunt.
2883 3747 3023 3801 Nam
3075 3757 3208 3802 sunt
3249 3765 3315 3802 ex
3370 3749 3455 3803 his
3493 3751 3587 3820 qui

2019 3839 2322 3894 insidentes
2347 3837 2552 3901 arbori,
2579 3838 2884 3893 bclluarum
2916 3842 3181 3896 transitus
3210 3843 3584 3911 speculantur:

2017 3929 2274 3998 factoque
2322 3928 2617 3997 perniciter
2671 3927 2961 3994 descensu,
3017 3931 3273 3985 manibus
3320 3933 3591 4001 complexi

2018 4023 2272 4087 caudam,
2316 4031 2370 4076 et
2413 4021 2641 4090 pedibus
2681 4021 2736 4074 in
2779 4020 2956 4075 femen
3011 4023 3298 4078 sinistrum
3343 4026 3590 4088 connixi,

2019 4116 2293 4185 bipennis,
2324 4123 2464 4182 apta:
2507 4113 2573 4166 ad
2621 4113 2724 4168 hoc
2775 4123 2829 4168 et
2870 4122 3096 4182 panatae,
3146 4115 3352 4168 crebris
3392 4114 3594 4171 ictibus

2020 4207 2244 4278 poplitis
2279 4205 2460 4259 dextri
2510 4219 2709 4258 nervos
2755 4205 3094 4259 succidunt:
3149 4214 3370 4275 tamque
3415 4207 3594 4261 valide

2027 4300 2131 4351 hac
2167 4297 2398 4350 vulnera
2432 4296 2694 4357 inferunt,
2746 4295 2868 4347 illac
2903 4295 3132 4348 caudam
3183 4304 3387 4358 tenent,
3427 4312 3592 4368 quam

2023 4393 2067 4446 si
2097 4393 2160 4444 de
2196 4391 2301 4442 vita
2334 4399 2608 4442 certamen
2644 4386 2714 4441 sit
2745 4387 3073 4440 institutum.
3103 4389 3208 4440 Ant
3238 4390 3381 4440 enim
3425 4389 3596 4442 inter-

1950 4454 2300 4536 Dimendum
2356 4488 2438 4533 est
2469 4518 2483 4542 ,
2520 4487 2614 4531 aut
2661 4479 3060 4547 oppetcndum,
3111 4479 3382 4548 siquidem
3428 4480 3594 4533 alium

2021 4573 2284 4642 temporis
2320 4571 2407 4626 hic
2449 4569 2715 4625 articulus
2763 4572 2968 4624 exitum
3007 4586 3114 4624 non
3149 4571 3420 4640 patefacit.
3457 4570 3592 4625 Pro—

2024 4662 2171 4730 lapsa
2217 4660 2379 4728 igitur
2424 4673 2491 4712 ex
2527 4660 2844 4712 continente
2890 4672 3152 4726 percussu
3203 4667 3255 4711 et
3310 4658 3596 4727 sanguinis

2024 4752 2294 4823 proﬂuvio
2349 4752 2556 4815 bestia,
2613 4750 2762 4804 illico
2817 4750 3124 4805 venationis
3182 4753 3412 4804 comites
3466 4757 3597 4804 sunt

2026 4855 2248 4916 praesto,
2293 4844 2536 4914 dumque
2576 4843 2757 4897 adlmc
2797 4843 2950 4904 vivit,
2983 4857 3176 4897 carnes
3223 4858 3288 4897 ex
3331 4843 3599 4913 posterio-

2029 4939 2180 4992 ribus
2217 4947 2469 4990 resecant
2501 4955 2513 4989 :
2554 4943 2608 4990 et
2649 4933 2880 4989 hilarem
2910 4935 2975 4988 ad
3006 4934 3226 4989 modum
3256 4934 3380 4988 inde
3410 4933 3599 4989 convi-

2028 5041 2242 5083 vantur.
2278 5032 2454 5096 Atque
2498 5026 2612 5081 fera
2654 5027 2728 5081 ita
2763 5027 2969 5082 domita
3009 5027 3232 5095 longum
3277 5036 3329 5080 et
3359 5035 3597 5079 atrocem

2026 5121 2312 5180 interitum
2343 5119 2604 5174 sustinet.
2633 5117 2726 5172 Sic
2761 5133 2892 5190 ergo
2931 5135 2990 5174 se
3027 5119 3230 5172 habent
3271 5119 3411 5170 inter
3456 5116 3599 5184 peri-

2030 5213 2148 5267 cula
2185 5221 2430 5265 extrema
2458 5211 2810 5280 elephantum
2842 5221 3153 5266 venatores.
3191 5208 3333 5262 Sunt
3381 5207 3474 5260 alii
3504 5207 3597 5275 qui

2037 5304 2306 5358 diversam
2337 5316 2432 5357 eos
2459 5301 2708 5370 capiendi
2749 5300 3013 5354 rationem
3061 5301 3272 5354 ineunt.
3313 5296 3427 5350 Viri
3455 5296 3599 5350 enim

2038 5396 2200 5459 terni,
2234 5409 2344 5450 uno
2375 5393 2630 5449 instructi
2666 5407 2821 5456 arcu,
2851 5401 2907 5447 et
2945 5395 3161 5460 sagittis
3202 5391 3471 5461 pluribus,
3500 5404 3604 5447 an-

1652 5554 1884 5610 VARIIE
1939 5551 2344 5610 LECTIONES.

425 5667 442 5696 '
469 5669 729 5724 πέπτουσι
765 5686 828 5734 ς.
906 5669 1163 5743 δξκοινοῖς
1195 5671 1432 5743 χρῶνται
1465 5670 1518 5723 δέ
1544 5689 1605 5733 ς’.

351 5731 742 5809 ’ὑπομένοντες
874 5739 968 5792 τοῦ
1004 5731 1241 5796 αιίιίίᾸΪ
1315 5743 1357 5774 ¹⁰
1384 5743 1436 5794 δὲ
1473 5731 1566 5794 καί
1595 5741 1810 5804 πλείους
1837 5731 1896 5804 ς.

1713 5671 1734 5701 ⁸
1772 5670 2036 5742 ἀλλήλους
2067 5668 2126 5720 Β.

2225 5669 2245 5699 ⁸
2270 5667 2376 5738 ἐπ’]
2409 5670 2464 5730 ἐς
2497 5668 2559 5721 Β.
2655 5668 2675 5698 ⁷
2708 5669 2842 5738 πρὸς
2881 5668 2924 5720 Α
2960 5665 3072 5729 τὼς
3103 5682 3162 5728 ς.
3268 5663 3361 5717 ’δὲ
3393 5679 3503 5719 om.
3539 5663 3603 5722 Β.

1976 5742 2016 5772 ¹¹
2054 5741 2270 5792 ἑστᾶσιν
2296 5741 2336 5791 Α
2367 5758 2378 5792 :
2424 5741 2634 5792 ἱστᾶσιν
2671 5755 2730 5800 ς.

3607 4454 3646 4498 iu
