3944 6242
440 307 511 372 39
1582 296 1845 357 PHOTII
1876 296 1998 354 PA’]

2105 296 2375 356 ΑΡιΟΗιλΕ
2408 297 2517 357 CP.
3598 298 3667 359 40

431 420 621 490 guium
654 415 778 471 felle
824 414 1028 478 tinctis,
1062 412 1128 465 ad
1175 412 1353 465 exitus
1403 411 1704 465 belluarum
1759 413 1811 463 in
1858 412 1995 463 saltu

2105 409 2351 481 προσάγῃ
2382 410 2504 464 τὺ¹¹
2554 410 2714 476 ζῶον,
2744 413 2774 464 ό
2806 412 2904 481 μὲν
2941 406 3022 475 εἷς
3055 411 3275 482 κατέχει
3309 410 3368 464 τὸ
3401 411 3552 479 τόξον
3589 413 3669 484 τῷ

430 510 763 567 consistunt.
795 504 857 559 Si
888 518 995 573 qua
1034 502 1199 571 igitur
1227 502 1460 567 accedit,
1497 517 1638 556 unus
1665 516 1846 554 arcum
1873 499 1997 569 pedi

432 601 709 655 admotum
744 603 909 660 tenet,
940 590 1050 649 duo
1074 593 1270 662 reliqui
1302 608 1513 647 summa
1540 593 1589 645 vi
1628 601 1800 646 tracto
1831 608 1997 647 nervo

432 690 597 743 telum
626 688 899 750 emittunt,
934 684 999 738 ad
1030 684 1173 737 latus
1207 683 1445 737 medium
1502 682 1662 735 unice
1703 681 1995 746 directum,

431 791 495 835 ut
544 780 611 835 ad
672 779 931 832 interiora
980 774 1299 844 complexus
1348 781 1618 843 penetret,
1660 782 1714 827 et
1764 773 1998 827 devexas

431 873 552 927 illas
590 879 736 926 secet
790 885 854 924 ac
904 868 1152 921 vulneret
1182 875 1386 935 partes.
1436 863 1575 919 Hinc
1617 873 1825 919 tantum
1871 863 2001 919 fera.-

430 970 738 1018 monstrum
781 961 972 1014 dolore
1017 958 1341 1013 convulsum
1389 966 1444 1012 et
1491 958 1791 1027 agitatum,
1846 956 2001 1010 elan-

429 1055 638 1124 guescit
668 1063 722 1108 et
766 1051 1089 1123 procumbit.
1124 1049 1364 1104 Tertium
1412 1063 1630 1118 quoque
1674 1047 1999 1116 Elephanto-

430 1147 668 1214 phagum
702 1156 876 1211 genus
924 1148 1035 1203 est,
1087 1138 1179 1207 qui
1226 1137 1372 1192 hunc
1423 1136 1729 1191 venationis
1775 1138 1998 1190 modum

432 1241 657 1292 servant
688 1245 703 1285 :
732 1230 962 1297 Quando
1016 1230 1331 1299 elephantes
1377 1229 1445 1282 ad
1497 1228 1799 1282 satietatem
1836 1228 1998 1297 pasti,

429 1327 672 1382 cubitum
698 1339 757 1379 se
779 1322 1073 1392 recipiunt,
1105 1336 1213 1376 non
1247 1321 1397 1376 humi
1429 1320 1848 1389 procumbentes
1876 1320 1999 1374 dor-

429 1424 628 1486 miunt,
671 1419 763 1474 sed
805 1416 1171 1473 crassissimis
1214 1416 1269 1469 et
1312 1414 1565 1469 maximis
1613 1415 1899 1468 arboribus
1943 1402 2007 1468 se

431 1513 728 1574 accliuant,
761 1518 819 1564 ut
862 1508 1051 1578 pedes,
1085 1507 1257 1577 stipiti
1303 1505 1560 1576 proximi,
1616 1516 1772 1560 terraz
1814 1504 2002 1559 leviter

431 1603 757 1666 iunilantur,
788 1610 843 1654 et
883 1600 1022 1653 latus
1072 1599 1213 1665 quod
1262 1608 1434 1650 totum
1470 1611 1670 1665 corpus
1717 1596 1942 1665 excipit,
1969 1610 2000 1648 a

428 1691 574 1761 ligno
603 1698 957 1753 sustentetur,
991 1688 1174 1756 itaque
1194 1684 1392 1757 453α
1414 1701 1523 1739 non
1548 1686 1825 1740 sincerum
1856 1686 2003 1738 hunc

439 1780 531 1833 sed
561 1780 926 1834 adulterinum
949 1777 1150 1832 dixeris
1175 1775 1407 1831 cubandi
1432 1776 1649 1829 modum
1677 1793 1690 1829 :
1718 1784 1999 1844 propterea
2026 1767 2072 1822 Β

426 1874 574 1943 quod
632 1886 826 1926 somno
888 1868 1228 1941 profundiori
1292 1868 1545 1937 adjuncta
1608 1868 1680 1922 sit
1708 1870 2002 1923 vehemens

435 1963 744 2018 sollicitudo
774 1970 829 2016 et
865 1971 1046 2016 metus
1090 1961 1267 2027 exitii,
1310 1962 1454 2031 quod
1507 1962 1818 2031 prolapsum
1857 1962 2003 2017 illico

430 2054 656 2124 excipit,
688 2061 908 2123 propter
943 2053 1249 2107 naturalem
1300 2053 1540 2123 erigendi
1576 2067 1696 2107 sese
1733 2054 2003 2122 impoten-

433 2148 587 2201 tiam.
632 2144 771 2216 Ergo
820 2145 913 2215 qui
967 2146 1093 2198 vitae
1137 2160 1200 2199 ex
1255 2146 1450 2199 horum
1496 2153 1691 2197 venatu
1746 2145 2001 2200 alimenta

432 2246 701 2303 quierunt,
732 2235 787 2290 in
820 2235 1136 2290 nemoribus
1167 2235 1648 2305 circumvagando,
1690 2235 2003 2304 ubicunque

433 2330 616 2384 bestiae
641 2331 1007 2383 observarunt
1034 2328 1231 2392 cubile,
1265 2343 1511 2383 aversam
1545 2328 1757 2383 arboris
1793 2338 1999 2397 partem

428 2434 583 2480 serra
623 2424 892 2487 incidunt,
941 2423 1070 2477 dum
1101 2437 1201 2476 nec
1243 2432 1354 2477 tota
1407 2422 1650 2485 inclinet,
1692 2435 1793 2476 nec
1823 2420 1999 2475 valida

428 2519 594 2573 nimis
611 2527 665 2573 et
693 2517 846 2571 ﬁrma
871 2524 1105 2581 maneat,
1131 2515 1223 2570 sed
1246 2514 1313 2569 ad
1336 2515 1595 2585 exiguum
1623 2514 2002 2570 tantummodo

432 2609 728 2679 impulsum
764 2616 950 2662 restet.
996 2607 1181 2661 Bellua
1229 2608 1395 2675 igitur
1447 2622 1478 2659 e
1526 2607 1744 2676 pascuis
1785 2619 2001 2660 reversa

430 2718 551 2757 cum
580 2701 645 2756 ad
681 2698 1045 2756 assuefactam
1079 2700 1318 2754 cubandi
1343 2699 1631 2755 stationem
1664 2712 1723 2753 se
1747 2698 2000 2768 applicat,

430 2793 616 2862 stipite
667 2790 954 2846 confestim
1008 2790 1260 2845 diil‘racto
1309 2791 1593 2856 evertitur,
1640 2790 1706 2844 ad
1754 2799 2000 2860 paratam

427 2883 754 2939 venantibus
783 2898 995 2938 coenam
1026 2885 1295 2953 exposita.
1330 2882 1669 2937 Posteriores
1696 2881 1839 2934 enim
1875 2895 2001 2934 mox

430 2987 627 3029 carnes
660 2973 998 3035 rescindunt,
1034 2982 1088 3026 et
1118 2974 1225 3024 vita
1257 2987 1379 3025 cum
1413 2970 1680 3040 sanguine
1712 2970 1998 3033 exhausta,

2099 502 2223 555 ποδὶ
2250 503 2727 574 προσϐεὸηκὼςη,
2767 505 2817 557 οἱ
2846 505 2903 557 δὲ
2929 504 3022 557 δύο
3052 504 3152 574 τὴν
3178 504 3377 574 νευρὰν
3409 504 3673 561 ἑλκύσαν-

2097 611 2188 658 τες
2220 597 2285 649 ἐκ
2318 595 2417 665 τῆς
2446 597 2662 668 ἁπάσης
2706 596 2826 665 βίας
2855 596 3076 666 ἀφῆκαν
3101 597 3163 650 τὸ
3214 596 3385 665 βέλος,
3423 597 3519 650 ἕνα
3546 617 3672 652 σκο-

2098 686 2200 740 πὸν
2229 686 2445 757 ἔχοντες
2492 690 2585 741 ἐπὶ
2612 690 2785 758 μέσην
2815 688 2914 757 τὴν
2941 688 3206 758 πλευρὰν,
3254 688 3394 742 ὥστε
3416 690 3670 744 διανύσαι

2097 780 2198 851 τῆς
2248 781 2511 850 περιοχῆς
2560 781 2709 843 ἐντὸς
2750 782 2848 835 καὶ
2890 780 3019 844 τοὺς
3059 783 3294 850 κυρτοὺς
3338 785 3527 852 τεμεῖν
3572 783 3671 835 καὶ

2097 872 2308 942 τρῶσαι
2335 874 2535 934 τόπους
2555 886 2569 902 ⁸
2621 871 2833 923 ἐκεῖθεν
2863 872 2923 924 τὸ
2950 870 3269 941 τηλικοῦτον
3295 871 3481 942 θηρίον
3512 873 3673 926 ἐλαυ-

2098 963 2326 1032 νόμενόν
2350 982 2408 1018 τε
2443 963 2540 1018 καὶ
2566 964 3010 1034 σπαραττόμενον
3029 962 3308 1016 διαλύεται
3331 965 3429 1017 καὶ
3452 963 3667 1018 πίπτει.

2099 1054 2295 1125 Τρίτον
2332 1056 2391 1109 δέ
2420 1056 2535 1109 ἐστι
2568 1056 2723 1124 γένος
2760 1055 3248 1125 έλεφαντοφάγων,
3289 1056 3318 1108 ὃ
3360 1056 3583 1109 ’ἐπειδάν
3620 1056 3671 1109 οἱ

2099 1146 2394 1217 ἐλέφαντες
2446 1149 2548 1218 τῆς
2603 1148 2777 1218 νόμης
2839 1148 3247 1218 ὲμφορηθέντες
3304 1147 3441 1219 πρὸς
3492 1147 3669 1200 ὕπνον

2100 1241 2405 1311 τραπέσθαι
2435 1240 2697 1311 ζητῶσιν,
2717 1271 2788 1281 -
2812 1242 2913 1294 οὐκ
2950 1242 3042 1294 ἐπὶ
3077 1242 3181 1311 γῆς
3216 1240 3277 1293 δὲ
3306 1241 3673 1304 ἀναπεσόντες

2098 1332 2384 1397 ὑπνοῦσιν,
2417 1332 2554 1387 ἀλλὰ
2590 1335 2703 1396 τοῖς
2733 1334 3067 1403 παχυτάτοις
3099 1334 3193 1387 καὶ
3232 1334 3512 1403 μέγιστοις
3552 1333 3673 1386 δέν-

2099 1422 2253 1494 δρεσι
2279 1424 2803 1491 προσανακλίνοντες
2830 1422 3079 1488 ἑαυτοὺς,
3114 1423 3255 1476 ὥστε
3282 1424 3410 1487 τοὺς
3450 1424 3546 1493 μὲν
3578 1422 3675 1476 δύο

2102 1513 2269 1577 πόδας
2305 1514 2431 1576 τοὺς
2473 1512 2700 1582 πλησίον
2738 1513 2832 1566 τοῦ
2852 1514 2895 1544 ¹⁸
2935 1513 3221 1582 στελέχους
3254 1513 3391 1582 πρὸς
3427 1512 3528 1582 τὴν
3564 1511 3672 1581 γῆν

2101 1606 2353 1677 ἐλαφρῶς
2374 1605 2775 1675 ὐπερείδεσθαι,
2809 1606 2907 1676 τὴν
2928 1606 2985 1659 δὲ
3019 1605 3259 1675 πλευρὰν
3287 1605 3348 1658 τὸ
3371 1606 3481 1657 πᾶν
3509 1605 3674 1674 σῶμα

2101 1697 2468 1768 ἐκδεχομένην
2494 1697 2737 1767 ὀχεῖσθαι
2765 1697 2899 1769 πρὸς
2916 1698 2958 1729 ¹⁸
2978 1700 3043 1769 τῇ
3066 1696 3226 1766 φύσει
3253 1696 3347 1749 τοῦ
3380 1696 3559 1761 ξύλου,
3578 1695 3676 1748 καὶ

2102 1788 2295 1843 τοῦτον
2323 1788 2414 1841 τὸν
2446 1788 2646 1859 τρόπον
2673 1788 2775 1858 τῆς
2821 1790 3137 1858 καταφορᾶς
3158 1789 3200 1820 ¹⁶
3241 1789 3535 1857 τυγχάνειν
3573 1788 3675 1839 οὐκ

2102 1879 2427 1951 εἰλικρινοῦς
2457 1880 2592 1933 ἀλλὰ
2614 1880 3095 1952 παρεψευσμένης,
3114 1879 3201 1934 διὰ
3225 1880 3285 1934 τὸ
3313 1880 3674 1949 προσκεῖσθαι

2100 1976 2214 2036 τοῖς
2242 1972 2462 2043 βαθέσιν
2494 1973 2684 2036 ὕπνοις
2718 1972 2846 2045 [756
2872 1971 2965 2045 Η.]
3001 1972 3240 2040 ἀγωνίαν
3271 1972 3518 2042 ἰσχυρὰν,
3543 1971 3675 2039 φθο-

2105 2066 2204 2135 ρᾶς
2239 2065 2607 2136 ὑποκειμένης
2638 2066 2982 2137 παραχρῆμα
3030 2065 3108 2137 τῷ
3158 2066 3413 2135 σφαλέντι
3449 2065 3539 2119 διὰ
3574 2064 3676 2134 τὴν

2104 2157 2324 2212 ἔκλυσιν
2351 2157 2449 2228 τὴν
2481 2161 2736 2228 φυσικήν.
2772 2158 2934 2231 [1556
2967 2156 3056 2230 8.]
3084 2158 3146 2211 Οἱ
3173 2153 3266 2211 οὖν
3300 2158 3407 2211 ἀπὸ
3433 2158 3532 2227 τῆς
3549 2156 3677 2210 τού-

2102 2266 2211 2303 των
2244 2251 2418 2320 θήρας
2446 2251 2539 2303 τὸν
2576 2250 2685 2319 βίον
2725 2251 3063 2321 ποιούμενοι,
3096 2250 3222 2314 τοὺς
3251 2250 3491 2321 δρυμοὺς
3518 2267 3677 2320 περι-

2104 2342 2451 2413 πλανώμενοι
2484 2343 2577 2394 καὶ
2609 2343 2707 2411 τὴν
2735 2342 2829 2395 τοῦ
2861 2342 3049 2411 θηρίου
3086 2344 3277 2413 κοίτην
3326 2342 3677 2411 ἐπισημηνά-

2106 2451 2277 2503 μενοι,
2305 2435 2369 2487 ὲκ
2407 2434 2516 2487 τῶν
2544 2434 2768 2487 ὅπισθεν
2790 2433 2885 2486 τοῦ
2925 2434 3140 2504 δένδρου
3171 2435 3354 2487 τόπων
3396 2434 3671 2504 πρίουσιν,

2102 2526 2208 2590 ἓως
2240 2524 2306 2580 ἂν
2335 2526 2472 2597 μήτε
2505 2524 2661 2597 κλίνῃ
2707 2525 2767 2578 τὸ
2806 2527 2914 2578 πᾶν
2953 2528 3091 2596 μήτε
3142 2526 3323 2596 ἰσχῦον
3356 2525 3495 2594 ἄγαν
3534 2524 3676 2597 [καὶ

2108 2614 2349 2686 ἰσχυρὸν]
2385 2614 2758 2677 ἀπολείποιτο,
2790 2616 2925 2687 μένῃ
2954 2616 3010 2667 δὲ
3031 2617 3072 2647 ¹⁷
3105 2615 3392 2687 ὲστηκὸς¹⁸
3424 2617 3515 2669 ἐπὶ
3537 2616 3674 2687 βρα-

2103 2708 2256 2778 χείας
2305 2707 2501 2779 ῥοπῆς.
2551 2707 2623 2759 Τὸ
2659 2707 2715 2760 δὲ
2753 2706 2894 2769 ζῶον
2942 2706 3051 2760 ἀπὸ
3092 2707 3192 2776 τῆς
3238 2706 3408 2777 νομῆς
3452 2709 3543 2759 ἐπὶ
3578 2708 3676 2759 τὸν

2103 2798 2310 2869 συνήθη
2339 2798 2439 2868 τῆς
2461 2799 2647 2869 κοίτης
2675 2800 2841 2852 τόπον
2872 2798 3294 2868 ἀνακλινόμενον
3327 2798 3589 2866 αἰφνίδιόν
3610 2814 3672 2849 τε

2101 2891 2293 2944 πίπτει
2326 2891 2419 2944 τοῦ
2448 2890 2603 2955 ξύλου
2634 2893 2985 2955 κλασθέντος,
3035 2889 3130 2944 καὶ
3170 2891 3517 2962 πρόκειται¹⁹
3554 2891 3673 2952 τοῖς

2103 2982 2377 3053 θηράσασι
2417 2982 2631 3036 δεῖπνον
2689 2983 2936 3054 ἕτοιμον
2964 2984 3063 3045 τὰς
3092 2983 3197 3054 γὰρ
3231 2981 3540 3045 όπισθίας¹⁰
3578 2982 3674 3035 κό-

428 3072 624 3117 οεριθιιο
658 3061 900 3118 defuncti
943 3062 1217 3135 membra,
1238 3062 1306 3115 ad
1349 3077 1507 3117 suum
1542 3060 1776 3131 quisque
1813 3075 1994 3126 usum,

2105 3072 2301 3143 ψαντες
2350 3068 2495 3128 οὗτοι
2539 3077 2782 3145 σάρκας,
2833 3075 2926 3128 καὶ
2973 3076 3297 3144 ποιήσαντες
3347 3073 3569 3144 ἔξαιμον
3612 3072 3673 3126 τὸ

427 3153 715 3208 distributa
741 3151 1015 3207 auferunt.

500 3334 611 3389 llos
649 3333 952 3388 Venatores
984 3332 1309 3387 Ptolemaeus
1343 3350 1437 3387 rex
1464 3333 1684 3404 AZgypti
1723 3335 1901 3387 edicto
1929 3333 1998 3387 ab

427 3429 775 3496 elephantum
826 3429 969 3481 caede
1016 3426 1290 3481 abstinere
1345 3425 1526 3490 iussit,
1580 3436 1639 3478 ut
1689 3424 1846 3479 vivos
1893 3425 1996 3478 sibi

430 3520 674 3580 haberet,
709 3519 990 3587 multaque
1030 3526 1083 3571 et
1129 3516 1490 3570 admiratione
1536 3516 1696 3583 digna
1743 3514 1822 3569 eis
1865 3530 1993 3584 pro-

430 3610 599 3664 misit.
630 3609 745 3662 Non
775 3611 936 3662 modo
963 3618 1144 3663 tamen
1177 3622 1283 3661 non
1317 3608 1804 3676 persuasit,verum
1831 3610 1995 3661 etiam

428 3704 551 3757 cuin
590 3711 703 3756 toto
740 3701 1146 3772 ngypIiregno
1179 3716 1237 3755 se
1270 3710 1591 3769 praesentem
1625 3701 1768 3754 hunc
1792 3702 1995 3755 victum

431 3810 536 3847 non
576 3800 982 3862 permutaturos
1031 3806 1174 3855 esse,
1236 3790 1304 3844 ab
1357 3789 1464 3844 illis
1517 3805 1841 3857 responsum
1902 3806 1997 3845 ac-

428 3884 589 3957 cepit.

463 3998 591 4055 (ΣΑΡ.
622 3994 815 4052 XXVI.
854 4024 927 4038 —
975 3994 1053 4049 De
1096 3994 1411 4069 {Et/{iopum
1449 3995 1874 4069 Struthiophagis
1913 4007 1963 4052 et

1097 4064 1282 4119 Simia.

499 4161 573 4214 De
600 4157 968 4214 Venatoribus
1001 4157 1106 4223 bis,
1145 4172 1285 4227 quos
1311 4152 1585 4212 Nomades
1615 4156 1857 4228 impurOs
1893 4174 1995 4213 no-

427 4253 637 4305 minare
678 4252 875 4313 solent,
918 4265 1045 4319 pars
1098 4250 1345 4318 quaedam
1378 4250 1443 4303 ad
1485 4247 1876 4316 Occidentem,
1927 4252 1996 4306 ab

430 4344 779 4412 [EthiOpibus
812 4343 1022 4407 avulsa,
1057 4342 1219 4410 degit,
1254 4352 1307 4396 et
1345 4340 1481 4395 Simi
1526 4352 1791 4396 vocantur
1826 4360 1840 4397 :
1871 4358 1996 4411 pars

2100 3165 2258 3233 ζῶον,
2288 3162 2407 3220 εἶτα
2438 3169 2653 3233 νεκρὸν,
2687 3168 2824 3240 πρὸς
2850 3170 2948 3239 τὴν
2991 3166 3188 3222 ἑαυτοῦ
3225 3169 3673 3240 χρείανὲκασττς

2098 3262 2167 3315 τά
2209 3262 2342 3332 μέλη
2380 3263 2699 3334 διαιροῦσιν.

2173 3355 2292 3409 Ὅτι
2311 3356 2530 3418 τούτους
2555 3357 2681 3419 τοὺς
2718 3356 3007 3425 κυνηγοὺς
3043 3352 3386 3424 ’Πτολεμαῖος
3434 3356 3463 3408 ὁ
3499 3352 3675 3422 Αἰγύ-

2099 3462 2234 3498 πτου
2266 3445 2517 3514 βασιλεὺς
2544 3445 2881 3515 ἀποσχέσθαι
2913 3445 2956 3475 ’⁸
2999 3444 3094 3497 τοῦ
3123 3444 3285 3512 φόνου
3314 3443 3421 3496 τῶν
3449 3444 3675 3514 ἐλεφάν-

2097 3554 2206 3589 των
2237 3537 2537 3607 παραινῶν,
2590 3536 2655 3589 ϊν⁹
2683 3537 2797 3606 ἔχοι
2825 3538 2868 3568 ²²
2895 3536 3055 3599 αὐτὸς
3109 3534 3337 3598 ζῶντας,
3375 3536 3470 3589 καὶ
3504 3537 3675 3589 πολλὰ

2098 3629 2194 3681 καὶ
2225 3626 2513 3697 θαυμαστὰ
2542 3628 2724 3690 αὐτοῖς
2774 3627 3223 3696 ὑπισχνούμενος,
3256 3628 3317 3679 οὐ
3369 3628 3526 3695 μόνον
3572 3630 3676 3680 οὐκ

2099 3718 2335 3785 ἔπεισεν,
2365 3718 2481 3770 ἀλλ’
2512 3719 2620 3771 οὐδ’
2653 3718 2719 3771 ἂν
2740 3718 2837 3787 τὴν
2874 3718 3002 3787 ὃλην
3030 3716 3363 3783 ἀλλάξασθαι
3395 3717 3672 3786 βασιλείαν

2100 3810 2234 3879 πρὸς
2262 3809 2351 3862 τὸν
2383 3808 2653 3862 ἐνεστῶτα
2672 3810 2717 3840 ’³
2749 3808 2861 3878 βίον
2890 3808 3152 3861 εἰπόντων
3186 3808 3475 3877 ἀπόκρισιν
3508 3808 3671 3878 ἧκον-

2100 3917 2213 3955 σεν.

2098 4010 2240 4078 Περὶ
2284 4012 2578 4066 Αἰθιόπων
2632 4010 2753 4065 τῶν
2796 4013 3009 4098 Σιμῶν,
3066 4013 3166 4065 καὶ
3217 4011 3338 4064 τῶν
3386 4015 3674 4077 Στρουθο-

2776 4100 3000 4150 sparto-ir.

2173 4176 2295 4227 ’Ότι
2325 4173 2434 4226 τῶν
2470 4173 2739 4242 Κυνηγῶν
2777 4173 2998 4240 τούτων,
3031 4172 3123 4236 οὓς
3150 4176 3197 4226 οἱ
3229 4174 3477 4246 Νομάδες
3531 4176 3670 4228 ἀκα-

2098 4265 2330 4336 θάρτους
2363 4266 2542 4319 καλεῖν
2572 4266 2815 4331 εἰώθασι,
2849 4267 2909 4318 τὸ
2938 4266 3037 4336 μὲν
3064 4267 3199 4336 πρὸς
3228 4269 3466 4337 ἑσπέραν
3525 4270 3660 4320 ἀπό-

2101 4373 2326 4427 σπασμα
2348 4356 2617 4410 Αἰθιόπων
2645 4357 2973 4425 νέμεταιοῦς
3005 4358 3229 4410 καλοῦσι
3250 4361 3471 4429 Σιμοὺς,
3504 4361 3573 4412 τὰ
3616 4359 3668 4411 δὲ

428 4437 673 4506 quaedam
724 4435 925 4487 Austro
974 4434 1207 4503 obiacet,
1257 4449 1391 4504 gens
1423 4450 1531 4486 non
1580 4434 1653 4487 ita
1686 4451 1908 4505 magna,
1945 4437 1996 4490 hi

2108 4450 2243 4517 πρὸς
2300 4447 2642 4517 μεσημὸρίαν
2691 4449 2750 4499 ού
2802 4449 2944 4517 μέγα
3000 4450 3170 4514 ἔθνος,
3241 4453 3290 4502 οἱ
3344 4451 3669 4520 καλούμενοι

429 4525 839 4595 Struthioplragi
889 4534 1296 4593 nuncupantur.
1333 4524 1466 4578 Nam
1499 4524 1833 4581 struthiones
1860 4528 1995 4580 arti-

429 4622 551 4673 t'icio
600 4629 654 4672 et
719 4617 846 4670 dolo
904 4617 1177 4685 clavisque
1237 4617 1525 4685 subigunt,
1592 4617 1735 4671 unde
1791 4617 1990 4671 vivant.

425 4712 631 4765 Carnes
662 4710 807 4763 enim
845 4711 995 4763 cibos
1044 4710 1338 4778 pellesque,
1374 4710 1686 4763 indumenta
1721 4719 1775 4765 et
1812 4711 1994 4765 lectis-

424 4804 602 4858 ternia
648 4804 942 4858 sulliciuut.
996 4802 1195 4856 lnl'eusi
1242 4812 1369 4856 sunt
1419 4802 1503 4857 Itis
1541 4802 1695 4868 Simi,
1744 4803 1992 4872 bellaque

427 4894 694 4950 inferunt.
728 4894 963 4964 Orygnm
1007 4895 1266 4950 cornibus
1318 4904 1545 4950 utuntur
1597 4896 1651 4949 hi
1702 4911 1801 4965 pro
1844 4896 1987 4952 telis.

423 4986 663 5043 Grandia
707 4990 850 5041 enim
902 4997 1030 5043 sunt
1080 4999 1133 5042 et
1179 4990 1243 5042 ad
1291 4988 1639 5041 incidendum
1706 4997 1987 5056 peracuta.

422 5077 593 5149 Regio
621 5079 709 5133 illa
735 5079 787 5131 in
820 5095 1012 5148 magna
1049 5079 1202 5148 copia
1234 5078 1436 5132 animal
1469 5077 1572 5131 hoc
1604 5078 1795 5132 nutrit.

697 5190 826 5244 CAP.
861 5190 1071 5244 XXV“.
1108 5223 1173 5231 —
1216 5191 1289 5244 De
1318 5190 1723 5259 .lcridophagis.

493 5285 696 5354 Exiguo
749 5285 874 5338 inde
921 5284 1205 5339 intervallo
1268 5283 1526 5351 disjuncti
1586 5292 1713 5336 sunt
1761 5280 1989 5336 Acrido-

2105 4538 2523 4609 Στρουθοφάγοι,
2549 4538 2597 4589 οἳ
2626 4538 2826 4601 ταύτας
2876 4541 3035 4611 τέχνῃ
3066 4542 3157 4595 καὶ
3191 4542 3325 4611 δόλῳ
3357 4545 3450 4595 καὶ
3504 4544 3669 4613 ῥοπά-

2100 4626 2212 4689 λοις
2242 4625 2562 4697 θηρεύοντες
2616 4627 2679 4678 ὲκ
2720 4627 2922 4680 τούτων
2985 4630 3179 4699 βιοῦσι,
3222 4632 3524 4703 σιτούμενοι
3570 4637 3669 4704 μὲν

2100 4716 2197 4779 τάς
2247 4717 2475 4784 σάρκας,
2522 4714 2730 4768 ὲνδύσει
2759 4716 2814 4768 δὲ
2873 4718 2965 4769 καὶ
3026 4722 3282 4790 στρωμνῇ
3329 4724 3440 4783 τοῖς
3491 4723 3669 4774 αὐτῶν

2098 4806 2369 4877 χρώμενοι
2392 4806 2643 4877 δέρμασι.
2680 4807 3083 4878 Πολεμούμενοι
3112 4811 3166 4864 δὲ
3213 4810 3313 4863 ὑπὸ
3344 4813 3451 4863 τῶν
3485 4813 3670 4880 Σιμῶν

2098 4892 2243 4952 οὗτοι
2273 4902 2383 4962 τοῖς
2411 4899 2519 4951 τῶν
2567 4901 2781 4971 ὀρύγων
2824 4902 3043 4973 κέρασιν
3094 4905 3277 4967 ὅπλοις
3332 4906 3571 4974 χρῶνται
3600 4910 3664 4971 υ,

2101 4988 2353 5060 μεγάλοις
2417 4990 2507 5042 καὶ
2556 4995 2840 5061 τμητικοῖς
2898 4992 3050 5046 οὖσι·
3103 4996 3292 5064 τρέφει
3335 4996 3393 5049 δὲ
3444 4998 3477 5066 ή
3517 4999 3671 5068 χωρᾶ

2096 5079 2438 5149 πολυπληθὲς
2467 5083 2527 5133 τὸ
2579 5082 2716 5144 ζῶον
2745 5085 2920 5139 τοῦτο.

2570 5193 2707 5260 Περὶ
2749 5194 3195 5262 Ἀκριδοφάγων.

2170 5284 2294 5336 Ὅτι
2321 5282 2429 5337 τῶν
2478 5286 2783 5354 εἰρημένων
2807 5286 2867 5337 οὐ
2920 5286 3052 5337 πολὺ
3102 5285 3389 5349 διεστιῖντές
3439 5290 3581 5343 εἰσιν
3627 5292 3676 5342 οἱ

1696 5432 1933 5489 νΑιιῐίΕ
1972 5434 2377 5491 LECTIONES.

519 5579 561 5608 "
586 5578 645 5630 τὸ
673 5591 795 5647 post
828 5579 1045 5647 κατέχει
1081 5577 1203 5629 add.
1232 5576 1294 5627 A.
1392 5578 1435 5607 ³³
1463 5574 1882 5647 προσϐεϐοηκὼς
1912 5594 1971 5639 ς.

424 5648 617 5712 μένους
662 5646 720 5710 ς.
822 5650 865 5678 ¹⁶
889 5649 1143 5716 τυγχάνει
1172 5664 1230 5708 ς.
1288 5648 1353 5717 λ¹⁷
1409 5648 1545 5717 μένῃ
1593 5646 1672 5717 B:
1716 5648 1865 5717 μένει
1903 5664 1962 5709 ς.

420 5718 465 5748 ³⁸
500 5716 775 5781 ὀπισθίους
798 5717 859 5774 Β.
931 5720 975 5748 ²¹
996 5714 1369 5784 άποσχείσθαι
1394 5734 1453 5779 ς.

2069 5578 2110 5607 ⁸⁸
2135 5578 2258 5639 τοὺς
2302 5577 2526 5647 πλησίον
2560 5578 2651 5630 τοῦ
2682 5576 2724 5627 Α
2754 5594 2766 5629 :
2796 5574 2888 5627 τοῦ
2913 5573 3145 5647 πλησίον
3164 5593 3229 5647 ς.

2075 5648 2115 5685 ’⁸
2155 5648 2385 5715 ἐστηκός
2434 5649 2477 5699 Α
2534 5666 2548 5701 :

1532 5719 1573 5748 ι’
1602 5716 1695 5787 ἔχῃ
1722 5716 1780 5771 Β.
1860 5717 1904 5748 ³⁸
1935 5717 2212 5785 ἐφεστῶτα
2247 5735 2307 5780 ς.

3331 5578 3373 5609 ³⁵
3403 5594 3673 5652 προειρηο

2610 5647 2702 5697 καὶ
2734 5648 3057 5719 ἓστηκενις.
3135 5646 3175 5675 ¹⁹
3229 5646 3580 5715 πρόσκειταί

2385 5718 2430 5748 ’⁸
2459 5717 2688 5786 χρῶνται
2723 5716 2813 5767 καὶ
2848 5713 3100 5783 μεγάλοις
3135 5730 3193 5775 ς.
