3966 6240
255 322 323 387 LI
1380 330 1910 392 BIBLIOTHECA.
1939 356 2009 367 -
2040 332 2204 394 COD.
2239 332 2393 393 CCL.
3436 335 3507 397 42

270 438 654 509 Ἀκριδοφάγοι
674 456 690 472 ο
732 440 795 494 τὸ
820 440 877 494 δὲ
906 439 1057 505 ἔθνος
1106 442 1429 516 βραχύτεροι
1462 446 1563 515 μὲν
1589 446 1700 499 τῶν
1734 446 1844 499 λοι-

1953 446 2128 516 pbagi,
2158 462 2291 518 gens
2315 446 2527 503 caeteris
2565 447 2805 502 brevior.
2838 447 3011 503 Tenui
3058 448 3202 502 enim
3246 459 3300 505 et
3346 451 3520 507 maci-

255 533 396 595 πῶν,
438 533 610 601 ἰσχνοὶ
652 532 710 587 δὲ
748 536 860 597 τοῖς
903 535 1072 589 εἴδεσι
1104 577 1119 602 ,
1170 538 1398 607 μέλανες
1448 538 1505 592 δὲ
1555 526 1834 605 ἐξαῖσίως.

268 623 407 676 Ὑπὸ
433 623 611 694 δὲτὴν
643 624 866 695 ἐαρινὴν
917 626 1229 697 ἰσημερίαν,
1277 630 1363 683 ὅτε
1420 629 1569 693 λί6ες
1630 631 1675 662 ³⁸
1708 629 1839 700 παρ’

252 716 440 777 αὐτοῖς
483 715 580 767 καὶ
613 712 836 784 ζέφυροι
872 719 1119 783 πνέουσι,
1174 720 1549 791 παμμεγεθῶν
1598 720 1839 789 ἀκρίδων

250 808 462 876 πλῆθος
496 807 777 877 ἀμύθητον
799 811 863 861 ὲκ
891 810 990 879 τῆς
1023 812 1386 882 ἀνιστορήτου
1421 812 1557 881 μετά
1577 811 1687 865 τῶν
1710 810 1842 864 ἀνέ-

253 916 372 968 μων
402 898 767 966 παραγίνεται
802 899 1006 970 χώρας,
1035 903 1100 971 τῇ
1144 903 1241 972 μὲν
1273 902 1499 972 δυνάμει
1558 902 1656 971 τῆς
1702 903 1840 971 πτή-

249 1006 394 1051 σεως
418 990 522 1042 τῶν
557 990 789 1060 ὀρνίθων
827 992 1023 1064 μικρὸν
1080 994 1479 1063 παραλλάττον,
1517 994 1725 1064 μακρὸν
1780 996 1838 1047 δέ

250 1082 335 1151 τῷ
366 1082 602 1151 σώματι.
666 1084 799 1136 Ἀπὸ
822 1084 1014 1138 τούτου
1036 1084 1132 1137 τοῦ
1164 1086 1303 1150 ζώου
1338 1087 1629 1156 τρέφονται
1656 1086 1836 1140 πάντα

256 1177 352 1227 τὸν
399 1176 604 1245 χρόνον,
632 1176 810 1240 ἄλλως
866 1194 925 1229 τε
968 1176 1179 1241 τούτοις
1226 1178 1320 1231 καὶ
1361 1179 1841 1249 τεταριχευμένοις

263 1264 548 1334 χρώμενοι.
637 1268 846 1338 Καπνῷ
905 1268 961 1321 δὲ
1006 1268 1211 1331 ταύτας
1239 1271 1283 1300 ’⁸
1323 1270 1585 1340 θηρῶσιν,
1643 1272 1707 1324 ἐκ
1748 1271 1843 1323 τοῦ

264 1357 428 1425 ἀέρος
448 1357 541 1408 ἐπὶ
572 1358 678 1427 γῆν
703 1359 1126 1429 καταφέροντες.
1159 1351 1317 1412 Οὗτοι
1347 1358 1539 1427 κοῦφοι
1574 1360 1671 1429 μὲν
1698 1354 1837 1413 εἶναι

260 1446 504 1513 λέγονται
535 1450 627 1500 καὶ
658 1452 770 1511 τοῖς
803 1451 961 1501 ποσὶν
990 1449 1255 1519 ὀξύτεροι,
1306 1448 1440 1514 ζῶσι
1472 1451 1530 1503 δὲ
1560 1452 1621 1503 ού
1657 1452 1839 1505 πλεῖον

251 1540 660 1607 τεσσαράκοντα
690 1540 845 1604 ἐτῶν,
879 1539 1045 1612 ξηρᾶς
1078 1539 1456 1604 κοινωνοῦντες
1483 1540 1696 1603 τελείως
1727 1560 1847 1612 τρο-

252 1630 383 1696 φῆς.
417 1628 721 1681 τελευτῶσι
784 1630 839 1681 δὲ
867 1631 957 1682 τοῦ
1006 1630 1104 1700 ζῇν
1154 1630 1492 1701 ἀθλιώτερον
1518 1648 1531 1660 ·
1563 1632 1681 1701 ἅμα
1737 1633 1846 1703 γάρ

254 1719 586 1789 πλησιάζειν
619 1720 678 1773 τὸ
707 1721 884 1789 γῆρας
914 1721 1195 1787 ἐγγίνεται
1248 1724 1359 1785 τοῖς
1387 1721 1633 1791 σώμασιν
1668 1722 1847 1775 αὐτῶν

1940 540 2090 594 lento
2118 549 2245 594 sunt
2270 539 2519 609 corporis
2552 538 2762 605 habitu,
2793 549 2846 594 et
2874 551 3025 595 extra
3078 541 3298 594 modum
3352 542 3513 612 nigri.

1939 629 2242 699 Appetente
2302 630 2632 699 aequinoctio
2700 644 2895 692 verno,
2962 631 3329 684 inenarrabile
3369 631 3518 684 locu-

1941 731 2146 776 starum
2180 722 2579 792 pmgrandium
2608 736 2816 791 agmen,
2839 738 2905 776 ex
2929 722 3089 777 terris
3129 723 3368 776 nondum
3391 739 3518 791 per-

1942 810 2225 882 vestigatis
2276 826 2384 864 una
2435 826 2556 865 cum
2612 812 2789 866 ventis
2831 812 3072 877 advolat,
3116 823 3169 866 et
3208 813 3259 866 vi
3297 814 3516 882 quidem

1944 904 2182 970 volatus,
2205 904 2272 957 ab
2300 904 2493 960 avibus
2520 920 2714 975 parum
2742 906 2979 971 variant,
3007 905 3101 959 sed
3133 920 3361 974 corpore
3398 921 3524 975 per-

1945 998 2199 1051 multum.
2259 996 2339 1051 Ex
2380 998 2482 1052 hoc
2542 997 2737 1052 insecti
2794 1012 2993 1067 genere
3037 998 3234 1064 quovis
3274 1005 3520 1065 tempore

1944 1090 2183 1151 aluntur,
2232 1103 2355 1142 cum
2404 1088 2527 1143 aliis
2576 1089 2773 1151 modis,
2817 1096 2932 1141 tum
2976 1088 3140 1140 etiam
3187 1086 3242 1139 in
3289 1086 3517 1141 salitura

1944 1190 2263 1250 praeparato.
2298 1180 2490 1252 453!)
2525 1178 2799 1233 Venantur
2846 1193 2961 1244 eas,
2989 1176 3143 1231 fumo
3181 1191 3247 1230 ex
3282 1191 3405 1230 aere
3451 1176 3516 1229 ad

1946 1280 2149 1325 terram
2188 1273 2529 1340 degravatas.
2562 1270 2746 1340 Agiles
2777 1284 2899 1325 esse
2928 1267 3309 1336 perhibentur,
3337 1275 3391 1319 et
3428 1280 3520 1333 pe-

1946 1364 2109 1420 dibus
2159 1364 2467 1419 celeriores.
2542 1361 2741 1416 Verum
2808 1362 2951 1414 ultra
3020 1360 3090 1412 40
3170 1371 3346 1411 annos
3410 1370 3518 1408 non

1946 1460 2156 1512 vivunt.
2190 1458 2397 1512 Etenim
2426 1456 2589 1509 simul
2621 1471 2685 1509 ac
2716 1455 2929 1508 senium
2976 1452 3244 1515 imminet,
3287 1450 3345 1503 in
3396 1463 3521 1501 cor-

1947 1550 2173 1617 poribus
2235 1548 2478 1616 ipsorum
2532 1547 2750 1600 volatile
2800 1545 3174 1614 pediculorum
3228 1557 3399 1612 genus
3446 1542 3525 1593 in-

1948 1640 2189 1694 nascitur
2223 1639 2321 1709 (2).
2354 1637 2562 1692 Ricinis
2616 1638 2668 1689 hi
2715 1650 2822 1689 non
2862 1634 3179 1697 dissimiles,
3216 1632 3310 1686 sed
3358 1630 3523 1700 paulo

1953 1732 2193 1785 minores
2242 1740 2370 1784 sunt
2424 1728 2647 1791 muscis,
2698 1742 2821 1796 quae
2870 1726 2925 1780 in
2976 1724 3204 1779 canibus
3233 1731 3517 1793 apparent.

252 1814 516 1881 πτερωτά
540 1814 670 1883 γένη
714 1812 970 1883 φθειρῶν,
1006 1812 1127 1884 [757
1161 1812 1255 1885 IL]
1284 1814 1446 1885 ὃμοια
1498 1815 1597 1885 μὲν
1630 1815 1707 1884 τῷ
1755 1816 1844 1868 τύ·

1953 1822 2222 1894 Incipiunt
2252 1839 2280 1876 a
2312 1820 2626 1890 praecordiis
2658 1829 2712 1873 et
2745 1820 2884 1883 alvo,
2928 1824 2983 1871 et
3016 1802 3236 1871 omnem
3266 1813 3521 1884 protinus
3576 1871 3581 1878 ,

249 1922 343 1973 πῳ
367 1907 483 1967 τοῖς
527 1905 785 1975 κρότωσι,
819 1906 1013 1976 βραχεῖ
1042 1906 1086 1936 ’⁸
1119 1906 1176 1958 δέ
1218 1906 1425 1960 ἐλάττω
1459 1907 1569 1959 τῶν
1633 1908 1691 1959 ἐν
1733 1910 1844 1969 τοῖς

252 1998 386 2051 κυσὶ
426 1996 794 2067 φαινομένων,
831 1999 1111 2068 ἀρχόμενα
1163 1998 1264 2068 μὲν
1295 1998 1402 2053 ἀπὸ
1458 1998 1552 2051 τοῦ
1614 1998 1844 2070 στήθους

253 2090 351 2142 καὶ
394 2090 496 2157 τῆς
530 2088 761 2154 κοιλίας,
790 2090 1163 2159 ὲπινεμόμενα
1194 2090 1251 2143 δὲ
1279 2090 1558 2161 συντόμως
1585 2090 1726 2160 μετά
1746 2087 1839 2142 τοῦ

257 2184 460 2247 παντὸς
493 2180 787 2250 προσώπου
817 2182 915 2252 τὴν
942 2182 1289 2251 ἐπιφάνειαν.
1327 2182 1389 2235 Οἱ
1420 2182 1488 2235 τὰ
1519 2182 1619 2251 μὲν
1653 2181 1846 2252 πρῶτα

260 2278 375 2338 τοῖς
417 2275 519 2327 ὑπὸ
574 2274 766 2345 ψώρας
823 2274 1207 2345 ἠρεθισμένοις
1262 2275 1465 2344 ὁμοίως
1516 2275 1839 2340 διάκεινται,

264 2367 487 2438 ὕστερον
520 2366 565 2419 δ’
618 2367 892 2431 ἐπιπόνως
941 2368 1172 2431 ἑαυτοὺς
1232 2369 1669 2437 σπαράττουσιν·
1726 2362 1844 2420 εἶτα

255 2460 351 2512 τοῦ
386 2460 589 2524 πάθους
625 2462 705 2522 είς
735 2460 916 2530 ἀκμὴν
942 2459 1258 2529 ἑλκομένου,
1289 2460 1385 2512 καὶ
1427 2458 1568 2529 μετά
1594 2460 1693 2528 τῆς
1735 2459 1845 2511 τῶν

258 2552 463 2622 θηρίων
495 2553 777 2620 ἐκφύσεως
804 2555 895 2607 καὶ
946 2553 1158 2608 λεπτῶν
1197 2552 1581 2622 ἀναχεομὲνων
1633 2550 1845 2623 ἰχώρων

258 2646 671 2717 ἀκαρτερήτους
702 2646 1031 2715 ὑφίστασθαι
1058 2646 1184 2707 τοὺς
1212 2644 1431 2707 ἀθλίους
1456 2645 1555 2706 τὰς
1586 2645 1630 2675 ²⁹
1649 2644 1845 2715 δριμύ-

252 2753 424 2806 τητας
459 2737 764 2809 συμϐαίνει.
804 2733 961 2789 Οὗτοι
984 2735 1082 2806 μὲν
1122 2730 1215 2788 οὖν
1249 2736 1293 2767 ⁸ο
1328 2733 1438 2787 εἴτε
1467 2734 1594 2798 τοὺς
1624 2735 1833 2804 χυμοὺς

254 2829 363 2880 εἴτε
394 2828 496 2898 τὴν
524 2828 733 2898 τροφὴν
768 2826 881 2879 εἴτε
929 2827 1019 2879 τὸν
1053 2826 1191 2897 ἀέρα
1243 2828 1344 2896 τῆς
1382 2826 1583 2888 κακίας
1630 2825 1847 2895 ἔχοντες

256 2922 453 2986 αἴτιον,
486 2919 659 2983 οὕτως
689 2919 1036 2972 ἀπόλλυνται.

312 3033 455 3101 Περὶ
488 3031 599 3102 τῆς
632 3031 1087 3118 πλησιαζούαης
1121 3032 1314 3101 χώρας
1349 3032 1475 3097 τοῖς
1527 3030 1787 3100 Ἀκριδο-

930 3119 1170 3172 φαγοις.

328 3217 493 3290 [I557
524 3215 615 3288 R.]
661 3216 779 3269 Ὅτι
828 3216 937 3268 τῶν
974 3216 1404 3286 Ἀκριδοφάγων,
1455 3213 1845 3285 φησὶν,ῗάστυ-

259 3309 457 3377 γείτων
497 3307 653 3378 χώρα
682 3308 850 3379 πολλὴ
888 3308 981 3360 καὶ
1030 3307 1199 3377 νομὰς
1225 3307 1422 3377 ἔχουσα
1470 3305 1711 3376 ποικιλίᾳ
1730 3306 1848 3359 6w.-

264 3400 561 3471 φερούσας,
603 3398 807 3473 ἔρημος
840 3398 897 3451 δὲ
931 3398 1132 3461 τελέως
1163 3398 1259 3451 καὶ¹
1299 3398 1436 3451 πᾶσι
1472 3399 1586 3460 τοῖς
1640 3395 1847 3466 περιοί-

255 3508 381 3569 κκοις
410 3490 638 3557 ἄϐατος,
681 3491 781 3543 οὐκ
814 3490 908 3543 ἀπ’
939 3490 1115 3559 ἀρχῆς
1147 3489 1456 3544 σπανίσασα
1503 3488 1846 3559 ἀνθρωπίνου

268 3584 481 3652 γένους,
527 3583 643 3636 ἀλλ’
691 3583 796 3637 ὑπὸ
858 3582 1097 3652 πλήθους
1153 3582 1385 3635 ἀπίστου
1422 3581 1699 3653 σκορπίων
1754 3582 1848 3634 καὶ

267 3673 613 3742 φαλαγγίων,
651 3672 718 3736 ἀς
756 3671 1157 3743 τετραγνάθους
1197 3670 1552 3741 ὀνομάζουσιν
1602 3671 1646 3704 ³³
1693 3670 1846 3724 ἔνιοι.

270 3764 442 3818 Τοῦτο
504 3764 613 3835 γὰρ
649 3764 709 3817 τὸ
766 3763 931 3833 φῦλον
970 3762 1034 3816 ἐκ
1084 3780 1230 3826 τινος
1286 3762 1594 3833 ἐπομϐρίας
1630 3763 1851 3831 λέγουσι

264 3858 623 3921 ἐπιπολάσαι,
683 3858 779 3909 καὶ
836 3855 947 3909 τῶν
992 3853 1347 3913 ἐνοικούντων
1405 3854 1545 3923 πρὸς
1586 3853 1646 3907 τὸ
1683 3854 1853 3908 κακὸν

265 3950 544 4020 ἀντισχεῖν
598 3949 659 4001 οὐ
711 3948 1045 4018 δυναμένων,
1122 3947 1260 4001 ἀλλά
1322 3947 1468 4016 φυγῇ
1498 3946 1626 3998 τῶν
1679 3946 1723 3977 ⁸⁸
1760 3946 1854 3998 ἐκ-

269 4043 548 4095 πεσόντων
574 4040 669 4094 τοῦ
714 4040 938 4109 ὀλέθρου
969 4040 1069 4111 τὴν
1103 4038 1376 4109 σωτηρίαν
1420 4039 1542 4092 ἀντὶ
1590 4039 1689 4108 τῆς
1743 4054 1851 4091 πα-

267 4137 445 4206 τρίδος
482 4136 755 4204 ἑλομένων
804 4133 1012 4205 ἔρημον
1052 4132 1111 4198 ἐξ
1144 4135 1353 4186 ἐκείνου
1402 4133 1591 4201 γένους
1646 4130 1857 4201 ἀνθρώ-

270 4244 385 4280 πων
419 4227 519 4298 τὴν
542 4225 725 4297 χώραν
748 4222 1139 4295 ὑπολειφθῆναι
1168 4226 1234 4277 ³³.
1257 4226 1365 4278 Καὶ
1398 4224 1548 4293 μυῶν
1574 4224 1629 4276 δέ
1651 4224 1855 4293 πλῆθος

269 4319 600 4390 ἀρουραίων,
622 4319 697 4381 ὼς
724 4321 835 4382 τοῖς
854 4318 898 4349 ³⁸
928 4318 1058 4388 περὶ
1072 4318 1117 4351 ³⁸
1146 4316 1374 4372 Ἰταλίαν
1394 4316 1460 4381 ⁸⁸,
1484 4315 1582 4371 καὶ
1609 4314 1857 4385 στρουθοὶ

268 4412 334 4465 τά
365 4411 663 4481 σπέρματα
690 4409 1065 4472 κατεσθίοντες
1094 4409 1171 4473 ὡς
1196 4410 1322 4479 περὶ
1357 4408 1597 4478 Μηδίαν,
1629 4409 1727 4461 καὶ
1765 4406 1858 4477 βάν

1945 1914 2292 1984 superﬁciem
2326 1912 2579 1981 corporis
2620 1926 2745 1965 cum
2784 1919 2895 1963 tota
2941 1906 3083 1963 faeie
3130 1907 3517 1976 depascuntur.

1945 2007 2027 2060 llli
2053 2007 2218 2077 igitur
2249 2005 2424 2074 primo
2452 2003 2631 2058 allecti
2670 2010 2821 2065 sunt,
2860 2008 2918 2061 ut
2943 2015 3083 2069 quos
3131 1997 3345 2053 scabies
3382 2011 3516 2067 pru-

1946 2100 2055 2153 ritu
2092 2114 2192 2153 suo
2221 2098 2456 2151 lacessit.
2488 2094 2690 2149 Verum
2725 2093 2994 2161 temporis
3020 2105 3279 2145 successu
3311 2088 3519 2157 aliquo,

1946 2209 2054 2248 non
2125 2193 2333 2259 absque
2392 2188 2645 2244 molestia
2685 2187 2896 2255 seipsos
2932 2184 3205 2238 lacerant.
3279 2178 3521 2233 Tandem

1947 2284 2144 2339 morbo
2183 2285 2286 2337 hoc
2316 2285 2382 2336 ad
2411 2283 2783 2336 maturitatem
2808 2284 3073 2339 extracto,
3102 2282 3298 2344 praeter
3321 2279 3523 2343 pustu-

1946 2377 2124 2432 larum
2155 2377 2521 2445 eruptionem,
2548 2383 2603 2428 et
2634 2372 2815 2428 tenuis
2848 2370 3020 2427 saniei
3053 2369 3337 2433 eﬂluxum,
3377 2366 3524 2420 into-

1947 2470 2198 2525 lerabiles
2246 2469 2519 2524 sustinere
2578 2466 2906 2521 acerbitates
2954 2463 3183 2518 miseros
3231 2460 3520 2530 contingit.

1950 2563 2137 2617 Talem
2168 2562 2350 2631 itaque
2377 2561 2660 2615 interitum
2706 2558 2844 2627 (sive
2890 2558 3141 2626 corporis
3186 2554 3360 2620 succi,
3406 2553 3523 2607 sive

1948 2659 2292 2717 alimentum,
2319 2664 2411 2709 aut
2446 2656 2612 2709 etiam
2647 2668 2762 2716 aer,
2795 2652 2929 2707 vitio
2953 2659 3007 2705 et
3034 2646 3369 2719 corruptioni
3397 2645 3525 2700 huic

1948 2763 2177 2805 causam
2203 2746 2459 2817 praebeat)
2488 2743 2855 2815 Acridophagi
2883 2742 3213 2797 sortiuntur.

2124 3040 2256 3093 CAP.
2294 3036 2530 3093 XXVIII.
2570 3038 2650 3077 —‘
2672 3036 2744 3089 De
2780 3035 2988 3104 regione
3028 3031 3355 3085 contermina

2539 3106 2942 3175 Acridophagis.

2018 3222 2103 3277 De.
2117 3224 2327 3293 regione
2345 3222 2555 3277 deserta
2572 3231 2785 3289 propter
2826 3227 3091 3285 serpentes
3122 3225 3171 3268 et
3218 3214 3526 3283 phalangia.

1960 3344 2006 3353 —
2042 3313 2395 3368 Contermina
2454 3312 2561 3367 illis
2606 3320 2690 3366 est
2746 3308 2894 3379 regio
2938 3307 3188 3377 quaedam
3238 3305 3477 3375 spatiosa
3512 3344 3529 3367 ,

1949 3419 2071 3472 quae
2110 3404 2249 3458 mira
2302 3403 2522 3473 quidem
2564 3414 2897 3471 pascuorum
2935 3397 3195 3450 varietate
3251 3394 3529 3455 abundat,

1950 3497 2044 3553 sed
2081 3496 2295 3551 deserta
2342 3504 2427 3550 est
2463 3494 2709 3556 omnino,
2743 3492 3019 3560 nullisque
3062 3504 3128 3543 eo
3157 3488 3352 3542 incolis
3386 3495 3534 3555 patet

1951 3606 2229 3654 accessus,
2257 3605 2366 3645 non
2390 3587 2535 3658 quod
2569 3588 2639 3641 ab
2660 3585 2818 3640 initio
2846 3582 3019 3639 defuit
3048 3582 3096 3637 ei
3129 3598 3299 3653 genus
3326 3591 3535 3634 morta-

1952 3683 2106 3747 lium,
2146 3680 2241 3737 sed
2272 3680 2418 3750 quod
2451 3678 2793 3733 incredibilis
2818 3678 2895 3732 ibi
2932 3675 3237 3745 frequentia
3261 3681 3343 3727 est
3380 3687 3533 3726 scor-

1953 3773 2175 3843 pionum
2211 3780 2266 3825 et
2304 3770 2739 3840 phalangiorum.
2776 3766 3240 3835 Quadrimaxillas
3284 3760 3533 3817 nonnulli

1952 3874 2151 3920 vocant
2195 3865 2296 3917 hos
2334 3878 2566 3924 vermes,
2606 3876 2813 3929 eosque
2853 3875 2920 3915 ex
2960 3858 3217 3913 imbrium
3248 3872 3299 3910 Vl
3344 3864 3397 3910 et
3435 3870 3530 3909 co-

1955 3956 2041 4026 pia
2078 3954 2413 4008 redundasse
2442 3960 2689 4007 narrant.
2722 3950 2972 4019 Cumque
3003 3949 3194 4002 incolae
3224 3946 3363 4016 pesti
3404 3945 3535 3999 huic

1956 4048 2211 4102 resistere
2238 4061 2347 4100 non
2378 4047 2635 4111 valerent,
2667 4046 2904 4115 fugaque
2930 4042 3121 4112 elapsi,
3159 4040 3334 4095 exsilii
3388 4039 3536 4092 salu-

1958 4150 2063 4195 tem
2091 4142 2279 4209 patriaa
2310 4138 2665 4203 anteferrent,
2703 4138 2903 4192 factum
2956 4152 3077 4192 esse
3133 4145 3190 4188 ut
3219 4135 3434 4187 deserta
3468 4131 3537 4184 ab

1959 4231 2272 4286 hominibus
2299 4238 2446 4284 terra
2479 4246 2544 4283 ex
2580 4244 2645 4283 eo
2694 4237 2937 4297 tempore
2988 4226 3408 4295 relinqueretur.
3447 4222 3539 4275 Sic

1958 4323 2121 4376 etiam
2144 4322 2384 4376 murium
2401 4321 2579 4390 copia,
2612 4327 2673 4373 ut
2701 4320 2755 4373 in
2778 4317 2925 4373 Italia
2958 4326 3014 4373 et
3040 4332 3293 4387 passeres
3326 4313 3535 4369 semina

1959 4414 2377 4475 devorantes,ut
2404 4414 2458 4465 in
2490 4410 2684 4474 Media,
2713 4419 2767 4465 et
2798 4426 2947 4465 ranae
2968 4409 3116 4480 quod
3152 4406 3537 4478 Aphtbariatis

269 4520 484 4574 τραχοι,
514 4502 542 4555 ὃ
569 4502 759 4572 γέγονε
791 4501 1058 4573 περὶτοὺς
1115 4500 1458 4571 Αὐταριάτας
1480 4502 1545 4533 ³⁷⁸
1594 4499 1690 4553 καὶ
1752 4500 1844 4553 ὑπὶ

1962 4524 2065 4564 usu
2092 4507 2262 4572 venit,
2296 4515 2352 4561 et
2394 4505 2616 4561 leonum
2664 4504 3075 4559 increbrescens
3118 4500 3435 4563 multitudo,
3479 4505 3539 4552 ut

271 4596 499 4650 λεόντων
530 4596 976 4649 ἐπιπολασάντων
999 4593 1183 4656 πόλεις
1211 4593 1638 4663 μετανέστησαν,
1664 4592 1739 4654 ὡς
1768 4592 1861 4645 ἐπὶ

270 4687 476 4758 Λιὸύης
503 4704 516 4718 ·
550 4689 644 4741 καὶ
673 4687 844 4740 πολλά
876 4686 1011 4741 ἄλλα
1032 4687 1077 4718 ³⁸
1109 4686 1404 4739 ἀνέλπιστα
1436 4683 1582 4754 πάθη
1619 4682 1859 4741 καταλα-

272 4782 434 4837 ϐόντα
462 4784 667 4846 πολλὰς
698 4783 883 4854 χώρας
919 4783 1028 4837 τῶν
1051 4783 1353 4854 οἰκητόρων
1385 4781 1779 4853 ὲξηρήμωσαν.

736 4896 875 4965 Περὶ.
903 4901 949 4951 Κ
954 4896 1335 4965 υναμολγῶν.

341 4999 463 5050 Ὀτι
497 4992 741 5053 ὕστατοι,
778 4996 931 5060 φησὶ,
962 4991 1071 5043 τῶν
1097 4993 1233 5062 πρὸς
1266 4990 1614 5061 μεσημϐρίαν
1644 4992 1860 5045 οίκούν-

277 5108 377 5143 των
409 5087 548 5140 εἰσὶν
587 5083 683 5147 οὒς
706 5084 968 5153 Ἕλληνες
1010 5084 1109 5153 μὲν
1142 5084 1541 5153 Κυναμολγοὺς
1576 5083 1855 5150 καλοῦσιν,

281 5179 383 5232 οίδ¹
414 5176 821 5245 ἀστυγείτονες,
854 5175 930 5237 ώς
959 5174 1024 5225 ἄν
1054 5190 1140 5237 τις
1179 5172 1325 5226 εἴποι
1358 5175 1424 5239 ⁸9,
1453 5174 1679 5245 ἀγρίους
1710 5174 1847 5247 βαρ.

1964 4601 2017 4654 ἰη
2051 4597 2256 4662 Africa,
2282 4611 2447 4652 causa
2474 4596 2625 4651 fuere
2661 4606 2723 4649 ut
2760 4594 3011 4650 civitates
3063 4593 3172 4647 alio
3205 4592 3539 4659 commigra-

1963 4699 2104 4745 rent.
2151 4687 2442 4758 Multaaque
2490 4688 2610 4741 aliae
2651 4687 2989 4742 calamitates
3030 4687 3324 4753 insperata:
3357 4695 3535 4738 terms

1960 4798 2097 4853 quas
2126 4781 2483 4852 corriperent,
2517 4778 2916 4834 habitatoribus
2941 4778 3255 4833 viduarunt.

2245 4894 2399 4950 CAP.
2437 4892 2631 4948 XXIX.
2661 4924 2733 4935 -—
2760 4893 2838 4947 De
2874 4891 3236 4963 Cynamolgis.

2031 4985 2317 5041 Postremo
2342 4985 2622 5039 meridiem
2652 4999 2844 5040 versus
2883 4985 3149 5045 habitant,
3194 4997 3335 5052 quos
3367 4977 3541 5036 (ἰτεοεὶ

1962 5078 2357 5151 Cynamolgos,
2408 5076 2651 5142 ﬁnitimi,
2697 5087 2941 5144 agrestes
2981 5086 3034 5130 et
3082 5076 3229 5129 feros
3285 5073 3368 5143 (ut
3412 5070 3539 5139 quis

1962 5174 2038 5227 ita
2090 5170 2498 5242 interpretetur)
2556 5170 2823 5225 barbaros
2872 5170 3167 5239 appellant.
3238 5167 3300 5219 Hi
3350 5179 3538 5218 comas

1577 5286 1814 5342 VARle
1862 5284 2259 5344 LECTIONES.

373 5391 419 5420 "
466 5386 596 5441 libri
646 5383 850 5445 λίόυες.
911 5380 1023 5435 vid.
1084 5378 1309 5439 Diodor.
1355 5382 1410 5446 5’
1471 5381 1540 5436 29
1602 5400 1618 5436 ε

289 5458 481 5522 σιάζειν
513 5459 667 5511 deest
695 5452 975 5523 articulus.
994 5520 1005 5523 Α
1024 5520 1045 5523 _
1081 5452 1126 5482 ³⁸
1156 5452 1414 5523 βραχεῖαν
1440 5469 1497 5515 ς’.

285 5520 478 5582 τούτων
508 5529 566 5581 Β.
681 5525 725 5555 ³³
752 5520 1242 5590 ἀπολειφθῆναιίς.

1341 5522 1389 5553 ³⁵
1419 5520 1552 5592 τοῖς]
1586 5522 1708 5587 τούς
1735 5526 1800 5577 Α.

289 5600 328 5629 ³⁸
355 5601 488 5653 ἄλλα
514 5596 644 5651 add.
676 5596 742 5647 A.
817 5593 862 5623 ³⁹
897 5591 1027 5662 εἴπῃ
1054 5609 1117 5657 ς.

1671 5383 1765 5452 qui
1828 5399 1953 5436 mox
2026 5383 2423 5452 παμμεγέθεις.

1607 5454 1652 5485 ²⁹
1684 5455 1783 5516 τὰς
1807 5468 1917 5509 om.
1955 5453 2019 5505 Α.

1916 5524 1962 5555 ³⁵
1994 5522 2145 5595 περὶ]
2186 5540 2312 5593 περ.
2342 5524 2404 5580 Β.
2512 5524 2556 5555 ³⁸
2583 5521 2830 5592 Μήδειαν
2858 5514 2924 5575 Α.
3000 5518 3043 5550 ³¹
3077 5514 3445 5585 ’Λφθαριάτας
3475 5530 3535 5577 ς.

3116 5377 3159 5406 ’⁷
3211 5381 3332 5426 ante
3403 5370 3539 5440 πλητ

2524 5382 2569 5412 ’⁸
2599 5380 2773 5433 ταῦτα
2815 5397 2898 5446 pr.
2957 5381 3021 5432 Λ.
3116 5380 3159 5406 ²⁷
3211 5381 3332 5426 ante
3403 5380 3539 5440 πλη-

2534 5452 2594 5504 Β.
2673 5453 2716 5482 ³¹
2743 5449 3170 5513 ἐπονομάζουσιν
3198 5462 3259 5508 ς.
3337 5444 3381 5475 ³¹
3404 5439 3541 5513 τῶνῙ

3404 5459 3513 5494 των

2140 5453 2185 5483 ³⁸
2214 5452 2307 5504 οὖν
2366 5452 2490 5508 add.
2534 5452 2594 5504 Β.
2673 5453 2716 5482 ³¹
2743 5449 3170 5517 ἐπονομάζουσιν
3192 5462 3259 5517 ς.

1845 5680 2070 5737 ΝΟΤΙΕ.

358 5784 427 5851 (Ξ)
459 5782 525 5835 Ει
561 5781 755 5835 Grmco
786 5776 901 5831 haec
956 5775 1190 5832 desunt:
1221 5787 1321 5846 pro
1350 5772 1601 5829 siccitate
1631 5771 1900 5837 alimenti,
1942 5772 2217 5845 vitantque
2248 5773 2447 5829 ﬁniunt
2478 5773 2728 5830 acerbius
2764 5785 2924 5842 quam
2962 5777 3019 5824 ut
3049 5769 3252 5823 vivant.
