3966 6240
293 296 359 359 53
1404 289 1875 352 ΒΙΒΙΙΟΤΗΕΟΑ

1981 312 2030 323 -
2054 285 2197 345 COD
2277 285 2432 345 CCL.
3475 282 3543 348 54

288 393 578 464 ἀλυπήτως
594 395 869 461 συνέσεως
887 401 1132 470 σημεῖον.
1154 399 1264 463 Τὰς
1284 400 1329 455 δ’
1354 401 1493 475 ὑπὲρ
1508 404 1608 473 τῆς
1630 407 1869 472 ἀναφυο-

1981 416 2176 456 vacuas
2208 414 2446 455 maerore
2488 413 2547 453 se
2579 412 2688 453 non
2726 396 2964 468 aﬂiigere
3000 392 3299 464 prudentiae
3325 403 3432 448 est.
3471 392 3549 448 De

289 487 455 557 μένης
482 488 768 556 αἰφνιδίως
795 493 967 563 νομῆς
1003 492 1205 565 ἔχθρας
1224 511 1285 548 τε
1314 495 1411 547 καὶ
1444 498 1622 566 μάχας
1649 497 1743 549 καὶ¹
1764 511 1867 548 πο-

1969 494 2189 563 pascuis
2215 492 2398 549 subito
2438 490 2982 561 repullulascentibus
3008 487 3327 542 inimicitias
3358 497 3411 541 et
3441 501 3543 556 pu-

284 579 482 649 λέμους
517 580 700 633 αὐτῶν
740 582 879 652 πρὸς
920 584 1183 657 ἀλλήλους
1219 585 1367 658 (οὐδὲ
1398 588 1508 659 γὰρ
1539 587 1680 658 ὑπὲρ
1706 587 1868 641 ἄλλου

1981 600 2103 655 gnas
2152 593 2315 654 atque
2370 583 2512 638 bella
2543 582 2760 651 quando
2797 582 3037 636 excitant
3069 580 3214 651 (nam
3255 580 3360 634 alia
3395 580 3462 633 de
3493 592 3553 632 re

290 671 427 733 τινὸς
464 671 730 742 μάχονται
756 673 900 741 )ἀλλ’
925 675 1019 730 οὖν
1050 678 1254 742 ταύτας
1291 680 1347 732 αί
1372 679 1741 749 πρεσϐύτεραι
1771 695 1871 746 γυ-

281 764 471 825 ναῖκες
501 764 863 834 προπηδῶσαι
904 767 1201 835 διαλύουσι,
1231 769 1374 824 κατά
1396 770 1457 823 τὸ
1487 771 1653 840 μέσον
1685 770 1871 824 ἐλθοῦο

281 868 397 913 σαι,
415 854 514 906 καὶ
556 856 673 919 τοῖς
698 858 999 926 πραΰνουσι
1027 858 1206 928 λόγοις
1228 862 1356 926 τοὺς
1378 862 1584 933 θυμοὺς
1613 861 1872 933 ἀνηρεθι-

282 945 517 1012 σμένους
563 949 1045 1008 καταστέλλουσαι.
1090 953 1283 1025 ’Υπνῳ
1317 953 1403 1021 δέ,
1426 955 1611 1024 φησὶν,
1641 955 1702 1007 οὐ
1722 954 1873 1009 ’κατά

282 1037 413 1101 τοὺς
449 1037 646 1103 ἄλλους
678 1039 789 1096 τῶν
818 1042 1128 1114 ἀνθρώπων
1148 1045 1409 1116 χρῶνται,
1443 1046 1581 1099 ἀλλὰ
1622 1046 1873 1118 θρεμμά-

288 1143 401 1179 των
433 1126 531 1197 μὲν
552 1128 752 1198 πλῆθος
795 1133 1008 1197 ἑαυτοῖς
1045 1133 1227 1206 έχουσι
1268 1137 1653 1208 συνεπόμενον,
1687 1137 1873 1191 κώδω-

294 1233 397 1280 νας
444 1217 499 1270 δὲ
550 1219 813 1291 ἐξέδησαν
859 1225 925 1277 ἐκ
972 1225 1081 1278 τῶν
1133 1226 1383 1297 κεράτων
1447 1228 1558 1281 τῶν
1623 1228 1870 1299 ἀρρένων

298 1312 531 1379 πάντων,
565 1316 714 1380 ὅπως
744 1320 773 1371 ὁ
810 1319 907 1373 ἀπ’
938 1320 1118 1375 αὐτῶν
1146 1322 1318 1391 ψόφος
1349 1320 1519 1394 διώκῃ
1567 1322 1636 1375 τά
1668 1322 1834 1393 θηρία
1855 1338 1870 1355 ο

292 1405 432 1458 ἐπάν
460 1406 520 1459 δὲ
544 1407 642 1472 νὺξ
674 1409 780 1481 ἐπῇ
807 1410 880 1477 ⁸⁸,
916 1415 996 1476 είς
1028 1413 1267 1484 μάνδρας
1303 1414 1401 1484 μὲν
1450 1414 1743 1482 συνάγουσι
1772 1414 1873 1485 τὴν

291 1495 463 1560 λείαν,
491 1498 700 1553 ἀνωθεν
726 1501 784 1554 δὲ
822 1501 1173 1557 ἐπιϐάλλουσι
1226 1505 1420 1575 ριποίις
1472 1505 1537 1557 ἐκ
1592 1504 1869 1574 φοινίκων.

289 1584 404 1639 Καὶ
428 1586 486 1638 αἱ
516 1587 617 1657 μὲν
642 1593 900 1656 γυναῖκες
928 1593 1067 1662 μετὰ
1104 1592 1214 1647 τῶν
1238 1595 1451 1663 νηπίων
1472 1596 1684 1657 τούτοις
1746 1595 1870 1647 ἐπι-

287 1673 600 1729 ϐαίνουσι-δ’
634 1678 683 1730 oi
716 1677 772 1732 δὲ
822 1678 1019 1750 ἀνδρες
1072 1680 1221 1752 πυρά
1269 1682 1455 1754 κύκλῳ
1505 1683 1752 1736 καίουσιν
1782 1682 1826 1715 ’⁵⁸
1851 1722 1868 1747 ,

286 1767 512 1838 ᾅδοντες
539 1769 804 1839 πατρίους
833 1771 983 1834 τινάς
1028 1771 1252 1842 μύθους,
1285 1774 1379 1827 καὶ
1407 1773 1499 1827 τὸν
1522 1771 1689 1827 ὕπνον
1727 1770 1870 1826 οὕτω
1898 1758 1947 1817 Β

287 1858 697 1929 παρωθοῦνται,
736 1859 863 1932 [759
891 1860 982 1934 IL]
1025 1864 1082 1916 ἐν
1112 1863 1329 1928 πολλοῖς
1372 1864 1472 1935 τῆς
1514 1864 1743 1936 μελέτης
1784 1864 1872 1918 διὰ

284 1952 601 2019 τάναγκαῖα
632 1952 677 1985 ⁵⁸
701 1951 801 2022 τὴν
828 1953 990 2021 φύσιν
1014 1953 1271 2024 νικώσης.
1315 1954 1482 2009 Ἐπὰν
1510 1955 1568 2009 δέ
1596 1954 1871 2021 τινες,τοῦ

288 2044 461 2098 πᾶσιν
501 2043 855 2113 όφειλομένου
890 2045 1096 2115 γήρους
1138 2044 1487 2116 βαρύνοντος,
1524 2045 1725 2116 μηκέτι
1777 2046 1876 2099 δύ-

290 2152 490 2189 νωνται
519 2139 642 2201 ταῖς
672 2137 930 2208 ποίμναις
954 2137 1363 2202 ἐπακολουθεῖν,
1391 2137 1712 2209 περιθέντες
1754 2138 1876 2209 βοὸς

295 2226 461 2296 οὐρὰν
485 2228 615 2300 περὶ
658 2228 750 2282 τὸν
780 2229 984 2305 αὐχένα
1028 2229 1121 2283 τὸν
1166 2229 1370 2295 αὐτῶν,
1425 2230 1520 2283 καὶ
1565 2230 1658 2284 τὸν
1701 2230 1875 2285 ὀπίσω

291 2317 385 2370 τοῦ
415 2321 691 2390 τραχήλου
721 2320 920 2390 δεσμὸν
946 2316 1004 2375 εὖ
1040 2321 1187 2391 μάλα
1223 2320 1703 2391 περισφίγξαντες,
1735 2324 1875 2379 ἀπό-

288 2409 477 2463 λύουσι
504 2410 601 2464 τοῦ
633 2411 772 2482 βίου.
808 2412 869 2466 Ei
895 2411 952 2465 δέ
981 2429 1067 2475 τις
1088 2412 1269 2467 αὐτῶν
1298 2415 1399 2483 τὴν
1421 2412 1679 2486 τελευτὴν
1705 2416 1877 2486 ὑπερ-

292 2500 510 2567 ϐάλλοι,
537 2504 827 2575 παραστὰς
853 2506 882 2558 ό
904 2503 1074 2558 θέλων
1113 2505 1289 2573 ἄφνω,
1324 2504 1400 2569 ὡς
1421 2506 1510 2558 ἐπ’
1553 2506 1738 2577 εὐνοίᾳ
1783 2508 1875 2560 τὸν

288 2594 446 2650 ὄκνον
494 2595 932 2668 ἀφαιρούμενος,
987 2596 1253 2651 νουθετῶν
1290 2597 1409 2669 ἅμα
1452 2597 1531 2671 τῷ
1590 2598 1733 2670 λόγῳ
1776 2601 1877 2669 τῆς

286 2688 661 2759 ἀναστροφῆς,
692 2688 781 2743 διὰ
809 2689 911 2760 τῆς
936 2689 1107 2760 αὐτῆς
1137 2688 1259 2743 ὁδοῦ
1286 2689 1615 2761 παρέλυσεν.
1650 2692 1727 2744 Οὐ
1748 2693 1877 2757 τοὺς

288 2781 675 2852 γηράσκοντας
701 2780 759 2836 δέ
803 2782 966 2851 μόνον
1000 2780 1142 2836 οὕτω
1189 2781 1284 2836 τοῦ
1329 2783 1431 2855 ζῇν
1484 2782 1873 2852 ὑπεξάγουσιν,

288 2872 427 2926 ἀλλά
463 2873 557 2926 καὶ
597 2871 692 2937 οὓς
742 2873 961 2944 ήνόσος
989 2875 1255 2945 ἐπίμονος
1302 2876 1336 2946 ἢ
1369 2875 1546 2947 μελῶν
1579 2893 1724 2939 τινος
1767 2877 1877 2949 πή-

292 2981 460 3033 ρωσις
512 2967 823 3037 ἀχρήστους
854 2968 936 3031 είς
967 2968 1027 3021 τὺ
1052 2970 1172 3033 ταῖς
1196 2969 1426 3038 ἀγέλαις
1452 2974 1874 3043 παρασκευάσει

290 3059 641 3113 συνέπεσθαι.

360 3150 486 3202 Ὅτι
511 3151 674 3220 φησί’
705 3153 816 3224 Τῆς
842 3153 971 3225 ὅλης
1004 3155 1333 3227 οἰκουμένης
1363 3158 1422 3211 ἐν
1469 3158 1725 3230 τέτταρσι
1775 3177 1874 3213 κυ-

290 3240 618 3312 κλιζομένης
648 3245 892 3316 μέρεσιν,
917 3245 1186 3317 ἀνατολῆς
1209 3248 1376 3317 λέγω,
1415 3249 1641 3314 δύσεως,
1666 3251 1873 3321 ἄρκτου

290 3333 383 3386 καὶ
413 3334 787 3405 μεσημϐρίας,
826 3337 895 3390 τὰ
931 3337 1032 3407 μέν
1062 3340 1199 3410 πρὸς
1248 3340 1489 3412 ἑσπέραν
1523 3341 1876 3414 ἐξείργασται

291 3428 469 3493 Λύκος
500 3446 559 3482 τε
597 3429 692 3482 καὶ
732 3431 987 3500 Τίμαιος,
1016 3431 1084 3486 τά
1115 3432 1172 3486 δέ
1222 3432 1360 3504 πρὸς
1405 3435 1671 3499 ἀνατολάς
1713 3437 1875 3491 Ἐκα-

290 3518 436 3581 ταῖός
463 3520 512 3550 ⁵³
534 3536 593 3572 τε
636 3521 683 3552 ⁸⁸
710 3522 800 3574 καὶ
834 3521 1097 3585 Βασιλεὺς
1125 3523 1194 3589 ⁸⁸,
1234 3522 1303 3576 τὰ
1350 3523 1407 3578 δὲ
1457 3526 1596 3596 πρὸς
1627 3526 1726 3591 τὰς
1771 3528 1877 3599 ἀρ-

292 3628 454 3675 κτους
492 3612 783 3680 Διόφαντος
817 3616 913 3668 καὶ
941 3617 1274 3688 Δημήτριος,
1305 3617 1375 3673 τὰ
1404 3618 1462 3671 δὲ
1493 3619 1630 3691 πρὸς
1658 3637 1875 3693 μεσημ-

293 3699 477 3773 ϐρίαν,
508 3704 786 3775 φορτικὸν,
818 3706 974 3777 φησὶ,
1003 3707 1064 3760 τὸ
1090 3707 1312 3780 ἀληθὲς,
1358 3711 1549 3781 ἡμεῖς,

362 3988 491 4044 Ὅτι
529 3987 657 4053 τοὺς
687 3988 797 4043 τῶν
839 3989 1146 4062 ἀνθρώπων
1175 3993 1619 4065 διαφορωτάτους
1643 3998 1792 4070 βίους
1814 4001 1877 4055 οὑ

294 4081 461 4146 πολὺς
490 4081 778 4153 διαμετρεῖ
813 4084 909 4137 καὶ
964 4084 1191 4156 διορίζει
1230 4087 1419 4149 τόπος.
1497 4091 1594 4145 Ἐκ
1637 4092 1749 4163 γὰρ
1778 4093 1878 4164 τῆς

292 4174 601 4239 Μαιώτιδος
628 4175 826 4247 λίμνης
853 4176 1039 4231 πολλοὶ
1074 4179 1186 4231 τῶν
1212 4181 1619 4253 φορτιςομένων
1648 4185 1708 4237 ὲν
1747 4203 1879 4255 φορο

292 4271 482 4340 τηγοῖς
509 4268 556 4301 ⁵⁸
584 4268 812 4332 ἀκάτοις
866 4269 1145 4325 δεκαταῖοι
1204 4273 1452 4344 κατῆραν
1493 4274 1575 4339 εἰς
1616 4275 1710 4328 τὸν
1754 4276 1879 4331 Ῥο-

291 4361 418 4411 δὶων
446 4358 666 4429 λιμένα,
708 4358 805 4427 ἀφ’
846 4352 923 4413 ὧν
956 4359 1062 4413 ὑπὸ
1086 4361 1181 4415 τὸν
1213 4362 1408 4434 καιρὸν
1436 4368 1753 4435 τεταρταῖοι
1778 4367 1879 4438 μὲν

1969 677 2111 731 inter
2138 690 2198 731 se
2220 689 2328 729 non
2362 673 2666 743 dimicant),
2696 682 2956 727 matrona:
2989 680 3145 727 aetate
3160 670 3552 739 provectiores,

1972 768 2028 822 in
2064 766 2303 822 medium
2342 765 2714 837 prosilientes,
2742 772 3018 818 certamen
3044 763 3330 824 dirimunt,
3352 768 3405 815 et
3427 776 3552 814 ver-

1972 859 2057 917 bis
2082 861 2150 916 ad
2190 860 2466 916 lenitatem
2498 857 2816 929 compositis
2856 856 3100 911 irritatos
3129 854 3345 909 animos
3371 853 3551 923 repri-

1974 962 2151 1009 munt.
2191 953 2458 1009 Somnum
2505 966 2615 1007 non
2650 966 2749 1022 pro
2782 949 3014 1004 aliorum
3062 948 3348 1002 hominum
3398 961 3553 1001 more

1972 1047 2215 1117 capiunt,
2253 1048 2346 1103 sed
2376 1061 2633 1116 pecorum
2680 1059 2871 1115 greges
2908 1053 3169 1113 perpetuo
3209 1056 3394 1097 secum
3439 1038 3553 1096 cir—

1974 1140 2327 1195 cumducunt.
2353 1136 2631 1207 Quotquot
2661 1152 2725 1192 ex
2763 1136 2850 1190 his
2872 1144 3000 1189 sunt
3020 1150 3221 1201 mares,
3250 1134 3445 1187 horum
3483 1134 3553 1188 de

1975 1230 2233 1286 cornibus
2267 1228 2630 1284 tintinnabula
2677 1228 3041 1295 suspendunt,
3079 1236 3138 1280 ut
3189 1226 3401 1281 sonitus
3453 1226 3552 1278 ho-

1972 1337 2098 1377 rum
2141 1320 2289 1376 fures
2334 1322 2590 1377 abarceat
2624 1319 2905 1390 fugetque.
2938 1317 3056 1381 Jan)
3100 1320 3146 1374 si
3178 1335 3282 1373 nox
3326 1316 3553 1385 ingruit,

1973 1414 2031 1468 in
2064 1413 2250 1469 caulas
2290 1413 2525 1483 praedam
2564 1421 2785 1483 cogunt,
2839 1421 2893 1466 et
2919 1420 3129 1466 storeas
3176 1426 3207 1465 e
3237 1411 3433 1479 palmis
3462 1408 3556 1462 do-

1974 1519 2143 1576 super
2196 1504 2470 1574 injiciunt.
2521 1503 2639 1559 Huc
2692 1502 2905 1558 feminae
2968 1517 3091 1556 cum
3141 1500 3444 1554 infantibus
3496 1514 3558 1554 so

1974 1596 2262 1666 recipiunt.
2295 1595 2402 1650 Viri
2434 1604 2614 1651 autem
2644 1595 2859 1665 ignibus
2882 1592 3236 1647 circumcirca
3270 1592 3517 1646 accensis
3538 1630 3555 1658 ,

1973 1692 2175 1761 patrias
2209 1699 2263 1744 et
2312 1691 2542 1761 gentiles
2595 1690 2860 1760 quasdam
2910 1688 3124 1743 fabulas
3172 1686 3553 1750 decantando,

1975 1798 2227 1839 somnum
2262 1798 2293 1838 a
2322 1798 2381 1839 se
2426 1783 2714 1853 repellunt.
2742 1783 2834 1837 Sic
2878 1783 2931 1835 in
2983 1781 3169 1836 multis
3224 1779 3556 1835 assuefactio

1974 1882 2228 1929 naturam
2280 1890 2378 1945 per
2420 1874 2728 1930 necessaria
2783 1874 3031 1945 quadam
3093 1873 3280 1928 vincit.
3347 1870 3405 1925 Si
3459 1867 3561 1939 qui

1975 1966 2389 2035 ingravescente
2416 1968 2571 2022 senio
2621 1966 2791 2037 (quod
2838 1964 3096 2021 omnibus
3150 1979 3217 2019 ex
3260 1977 3417 2031 :equo
3459 1963 3555 2017 de-

1974 2061 2156 2131 betur)
2187 2076 2375 2131 greges
2414 2060 2633 2131 assequi
2687 2074 2801 2112 non
2834 2058 3066 2128 possint,
3103 2057 3205 2110 hos
3243 2056 3425 2110 cauda
3457 2053 3557 2107 bo—

1974 2151 2059 2205 vis
2074 2150 2448 2219 colloinjecta,
2475 2150 2732 2218 nodoque
2754 2148 2807 2201 in
2826 2151 3026 2202 vertice
3054 2154 3204 2201 arcte
3229 2144 3561 2207 constricto,

1976 2244 2139 2300 evita
2166 2244 2470 2298 exsolvunt.
2503 2240 2659 2308 Quod
2689 2242 2733 2296 si
2777 2241 2901 2311 quis
2936 2254 3125 2294 eorum
3147 2238 3353 2293 exitum
3380 2254 3411 2290 e
3448 2238 3561 2290 vita

1976 2336 2194 2407 longius
2228 2335 2504 2400 extendat,
2526 2334 2841 2403 quicunque
2866 2332 2992 2386 velit
3015 2338 3233 2399 repente
3264 2328 3557 2389 assistens,

1976 2428 2133 2496 quasi
2190 2424 2563 2479 benevolentia
2621 2421 2877 2476 inductus
2936 2420 3338 2475 cunctationem
3405 2419 3559 2472 illam

1977 2524 2339 2580 summoveat,
2388 2515 2518 2570 dum
2551 2513 2806 2568 admouet
2852 2513 3014 2568 simul
3063 2521 3118 2568 et
3161 2512 3341 2580 culpat
3383 2509 3551 2579 tergi-

1976 2609 2371 2671 versationem,
2417 2607 2607 2661 eadem
2639 2606 2722 2659 via
2787 2604 3063 2659 hominem
3100 2603 3396 2657 exanimat.
3447 2598 3558 2653 Nec

1978 2702 2129 2759 senio
2160 2709 2373 2756 tantum
2400 2700 2698 2755 exhaustos
2735 2699 2809 2753 ita
2840 2714 2871 2753 e
2919 2696 3057 2751 vivis
3105 2696 3443 2759 subducunt,
3469 2706 3561 2746 ve-

1979 2812 2098 2850 rum
2159 2796 2324 2851 etiam
2373 2809 2513 2865 quos
2572 2794 2820 2861 pertinax
2869 2790 3115 2855 morbus,
3174 2797 3273 2842 aut
3328 2786 3561 2842 membri

1980 2889 2212 2958 alicujus
2249 2888 2442 2945 vitium
2483 2888 2552 2944 ad
2603 2886 2977 2943 comitandum
3034 2890 3282 2939 armenta
3339 2880 3562 2935 inutiles

1980 2978 2174 3034 reddit.

2049 3159 2179 3216 CAP.
2198 3156 2389 3213 XXXI.
2429 3157 2501 3212 De
2517 3158 2858 3227 scriptoribus
2874 3172 3047 3210 rerum
3070 3158 3127 3209 in
3154 3166 3383 3226 quatuor
3408 3171 3564 3209 mun-

1979 3251 2036 3307 di
2061 3250 2254 3321 plagis.
2280 3281 2349 3291 —
2374 3249 2510 3306 Cum
2545 3258 2693 3305 totus
2713 3248 3024 3303 habitabilis
3059 3248 3208 3301 orbis
3240 3258 3478 3315 quatuor
3507 3247 3564 3301 in

1978 3342 2211 3401 circuitu
2247 3343 2422 3413 plagis
2455 3342 2528 3397 sit
2564 3342 2844 3405 detinitus,
2876 3350 3024 3405 ortu,
3062 3340 3306 3409 inquam,
3358 3349 3411 3393 et
3468 3354 3563 3393 oc-

1980 3450 2133 3501 casu,
2169 3435 2669 3506 septemquetrione
2700 3444 2754 3489 et
2797 3434 3026 3489 meridie
3071 3452 3083 3488 :
3120 3448 3242 3502 quae
3278 3447 3565 3501 vesperam

1979 3527 2298 3597 respiciunt,
2338 3525 2517 3598 Lycus
2553 3536 2607 3581 et
2649 3525 2887 3580 Timaeus
2948 3531 3271 3595 exegerunt,
3323 3538 3444 3593 quae
3496 3525 3565 3578 ad

1980 3627 2162 3676 ortum
2194 3629 2342 3684 sunt,
2377 3618 2659 3674 Hecataeus
2719 3628 2774 3673 et
2817 3616 3014 3672 Basilis
3048 3635 3061 3670 :
3102 3615 3570 3686 septentrionibus

1983 3722 2166 3765 autem
2201 3710 2469 3778 subjecta,
2503 3707 2847 3778 DiOphantus
2879 3718 2937 3761 et
2962 3707 3273 3761 Demetrius
3310 3724 3323 3760 :
3356 3715 3411 3759 at
3441 3721 3566 3776 qua:

1980 3802 2227 3858 meridiei
2292 3810 2423 3858 sunt
2468 3801 2721 3866 obversa,
2770 3816 2872 3855 nos
2919 3798 3016 3869 (ait
3044 3812 3282 3870 auctor),
3310 3798 3575 3869 quamvis

1980 3897 2209 3952 molesta
2238 3897 2309 3950 sit
2341 3895 2563 3959 veritas,
2600 3894 2873 3963 persecuti
2904 3909 3117 3949 sumus.

2049 3987 2180 4043 CAP.
2222 3986 2440 4042 XXXII.
2505 3985 2660 4052 Quod
2707 4002 2811 4039 non
2875 3997 3027 4039 tanta
3073 3985 3311 4040 locorum
3359 3986 3428 4038 sit
3481 3985 3578 4039 (ii--

1981 4080 2219 4145 stantia,
2270 4090 2470 4151 quanta
2502 4095 2731 4134 morum.
2768 4109 2839 4121 —--
2871 4079 3140 4133 Caeterum
3182 4077 3571 4133 diversissimas

1982 4173 2267 4227 hominum
2298 4171 2511 4226 vivendi
2546 4172 2788 4226 rationes
2823 4185 2929 4224 non
2968 4172 3042 4225 ita
3094 4171 3271 4241 longis
3305 4169 3567 4224 dividun-

1980 4276 2071 4320 tur
2124 4263 2369 4320 locorum
2407 4263 2727 4317 intervallis.
2770 4259 2907 4316 Nam
2946 4278 3015 4317 ex
3066 4262 3266 4331 palude
3323 4261 3570 4318 Maeotica

1983 4357 2139 4412 multi
2179 4356 2449 4412 onerariis
2474 4358 2613 4411 vecti
2648 4356 2900 4427 navigiis,
2935 4356 3145 4410 decima
3170 4356 3291 4410 luce
3329 4355 3386 4410 in
3418 4355 3572 4410 Rhor

292 4452 555 4540 ἀφίκοντο
585 4452 666 4540 είς
706 4451 807 4523 τὴν
844 4451 1274 4525 Ἀλεξάνδρειαν,
1316 4457 1379 4509 ἐκ
1408 4456 1466 4510 δὲ
1491 4458 1697 4529 ταύτης
1722 4461 1875 4514 ἐναν-

1985 4449 2201 4504 diorum
2253 4456 2447 4517 portus
2487 4446 2715 4501 intrant.
2776 4446 2907 4502 lude
2959 4446 3153 4502 eadem
3201 4447 3573 4517 navigationis

292 4540 391 4610 τίῳ
431 4538 513 4608 τῷ
547 4539 780 4611 ῥεύματι
815 4541 1071 4607 πλέοντες
1108 4543 1213 4597 ὸ.νά
1233 4544 1323 4598 τὸν
1365 4547 1610 4617 ποταμὸν
1663 4548 1724 4600 ἐν
1783 4550 1878 4603 άλ-

291 4630 413 4695 λαις
429 4631 563 4686 δέκα
588 4634 970 4705 παραγένοιντ⁹
990 4634 1056 4689 ἂν
1074 4636 1136 4689 οὐ
1167 4636 1416 4708 χαλεπῶς
1444 4639 1525 4702 είς
1548 4638 1837 4696 Αἰθιοπίαν
1861 4660 1877 4675 ·

295 4722 449 4794 [i561
493 4722 590 4796 IL]
622 4725 760 4778 ὥστε
786 4727 893 4780 ἀπὸ
922 4729 1022 4799 τῆς
1081 4728 1393 4801 ὑπερϐολῆς
1422 4730 1516 4784 τοῦ
1550 4731 1755 4805 ψύχους
1801 4736 1882 4800 είς

293 4814 470 4886 ἄκραν
511 4816 606 4870 τοῦ
637 4816 919 4888 καύματος
946 4820 1048 4890 τὴν
1076 4819 1262 4891 ἀκμήν
1315 4821 1391 4893 μὴ
1430 4822 1654 4888 πλείους
1706 4826 1880 4880 εἴκοσι

294 4906 541 4974 γίνεσθαι
600 4910 695 4961 καὶ
759 4909 922 4964 πέντε
978 4913 1091 4973 τοῖς
1151 4912 1538 4983 κομιζομένοις
1586 4916 1882 4988 ἐνδελεχῶς

296 5000 510 5071 ἡμέρας
534 5002 603 5055 ⁵⁸.
650 5001 792 5055 Ἀλλ’
814 5003 986 5073 ὅμως,
1022 5003 1294 5077 τοσαύτης
1322 5004 1489 5078 οὔσης
1513 5008 1613 5079 τῆς
1646 5010 1881 5079 τοξικῆς

298 5090 660 5156 διαστάσεως,
691 5094 1101 5166 ἀνυπέρϐλητον
1130 5096 1318 5167 έχουσι
1356 5098 1493 5169 πρὸς
1519 5100 1784 5172 ἀλλήλους
1830 5104 1879 5156 oi

300 5182 575 5249 ἄνθρωποι
607 5183 718 5238 τῶν
763 5202 824 5238 τε
852 5186 983 5256 βίων
1012 5189 1105 5243 καὶ⁵
1130 5187 1241 5242 τῶν
1280 5189 1419 5245 ἐθῶν
1448 5192 1543 5245 καὶ
1597 5192 1691 5246 τοῦ
1720 5193 1884 5264 ἀέρος

300 5269 393 5341 τὴν
421 5272 714 5345 διαφορὰν,
747 5274 888 5330 ὥστε
916 5277 1054 5349 μηδέ
1100 5279 1459 5335 πιστεύεσθαι
1487 5285 1618 5353 παρ’
1670 5284 1883 5356 έτέροις

302 5364 365 5416 τὰ
427 5364 561 5436 παρ’
618 5364 800 5431 ἀλλοις
823 5370 868 5401 ⁸⁷
915 5369 1124 5443 συνήθη
1181 5389 1242 5425 τε
1294 5372 1391 5428 καὶ
1446 5374 1878 5447 ὁμολογούμενα,

1986 4542 2373 4598 commoditate
2411 4542 2477 4597 ad
2522 4541 2663 4596 diem
2701 4553 2955 4613 quartum
2986 4540 3184 4614 455α
3225 4542 3572 4597 Alexandriae

1988 4636 2287 4705 appellunt.
2334 4636 2418 4689 Ab
2447 4634 2549 4689 hac
2582 4636 2847 4690 adversus
2883 4638 3063 4692 amnis
3100 4638 3392 4691 decursum
3440 4636 3574 4690 sub-

1990 4729 2153 4795 vecti,
2191 4727 2330 4782 intra
2356 4728 2476 4783 dies
2509 4728 2649 4783 alios
2688 4727 2898 4795 decem,
2932 4743 3041 4782 non
3076 4728 3280 4782 diilicili
3329 4729 3570 4798 negotio,

1995 4820 2326 4891 Ethiopiam
2378 4821 2698 4890 contingere
2748 4830 2999 4889 possunt.
3046 4819 3094 4875 Α
3140 4836 3358 4876 summo
3407 4822 3574 4891 igitur

1989 4914 2195 4983 frigore
2249 4911 2318 4967 ad
2365 4920 2674 4968 extremum
2720 4921 2889 4967 aestus
2944 4911 3183 4981 vigorem
3249 4911 3572 4966 continuum

1991 5004 2094 5058 iter
2123 5002 2476 5070 facientibus,
2500 5003 2847 5060 intercedunt
2870 5019 2979 5058 non
3005 5004 3185 5074 plures
3208 5004 3398 5073 viginti
3419 5005 3573 5070 quiu-

1990 5111 2097 5165 que
2134 5096 2271 5152 dies.
2308 5095 2440 5149 Tam
2487 5096 2685 5166 exigua
2722 5112 2852 5151 vero
2898 5097 3152 5166 quamvis
3199 5097 3273 5151 sit
3323 5096 3570 5148 locorum

1989 5189 2271 5255 distantia,
2307 5197 2462 5244 tanta
2487 5188 2628 5244 inter
2657 5204 2718 5246 se
2762 5189 3014 5244 homines
3051 5199 3230 5243 tamen
3271 5188 3396 5240 vitae
3453 5198 3572 5238 mo-

1990 5297 2221 5350 rumque
2272 5287 2328 5336 et
2383 5279 2529 5336 aeris
2613 5279 2930 5335 discrimina
2981 5280 3203 5342 habent,
3252 5285 3306 5330 ut
3362 5276 3573 5345 majora

1989 5388 2115 5429 esse
2144 5387 2253 5427 non
2299 5372 2530 5443 possint,
2566 5372 2703 5429 adeo
2734 5383 2793 5427 ut
2820 5373 2975 5427 alteri
3011 5387 3120 5426 non
3158 5370 3405 5436 credant,
3448 5386 3573 5441 quae

1612 5490 1849 5546 VARle
1890 5488 2299 5547 LECTIONES.

370 5574 418 5657 ξ’
605 5575 972 5657 ωξιίηιμέπίῃί
1046 5580 1091 5614 ’⁵⁸
1115 5583 1330 5657 καίουσι
1359 5582 1547 5657 κύκλῳ
1578 5601 1637 5648 ς’.
1714 5584 1761 5617 ⁵⁸
1783 5584 2110 5657 τάναγκαῖα]
2142 5587 2252 5639 τῶν
2276 5586 2603 5657 ἀναγκαίων
2636 5586 2697 5641 Α.
2773 5586 2818 5616 ⁸⁸
2854 5578 3153 5657 ὑπερϐάλοι
3327 5581 3373 5657 "_
3411 5579 3573 5657 Ἐκα-

306 5644 473 5729 ῗαῖος]
499 5644 754 5729 ’ξκξρξῖος
775 5649 839 5729 Α,
995 5668 1051 5729 τε
1083 5655 1210 5706 add.
1253 5655 1307 5710 Β.
1387 5656 1434 5687 ⁸⁵
1464 5644 1683 5718 Eiet-iit;
1719 5673 1778 5720 ς.
1857 5658 1905 5689 ⁵⁸
1932 5644 2233 5728 φορτηγοῖς
2271 5656 2330 5723 Β,
2360 5644 2660 5729 φὸρτηγαῖς
2682 5660 2727 5711 Δ
2761 5672 2822 5720 ς.
2893 5654 2941 5688 ⁸⁸
2965 5644 3219 5725 ’ἡμέρας1
3253 5652 3375 5711 m’ri
3429 5651 3571 5724 ἠμέν

313 5716 470 5781 pangi
519 5718 565 5749 "
589 5716 771 5782 ἄλλοις
802 5719 1131 5791 Δ,ἀλλήλοις
1164 5741 1221 5788 ς.
