3966 6240
390 318 459 381 47
1540 318 1802 380 PIIOTII
1845 316 2345 378 PATRIARCH/E
2378 317 2484 374 Cl’.
3559 314 3625 376 48

398 437 541 507 apud
595 436 797 489 alteros
849 450 998 489 more
1048 444 1103 489 et
1167 452 1272 490 usu
1353 445 1478 489 sunt
1548 437 1672 490 trita
1727 445 1961 504 notaque

2086 432 2204 500 ιηὸὲ
2237 432 2447 499 στέγειν
2474 430 2612 493 ὅλως
2642 431 2900 484 δύνασθαι
2927 423 3003 484 ὧν
3064 431 3234 501 χωρὶς
3291 432 3470 503 ἕτεροι
3510 434 3626 487 οὐδὲ

400 528 623 597 passim,
655 543 754 581 nec
790 526 1012 581 omnino
1040 526 1270 581 suﬂ‘erre
1300 527 1517 582 valeant
1550 568 1565 592 ,
1596 527 1715 583 sine
1766 528 1965 597 quibus

396 620 489 673 alii
525 621 687 673 vitam
724 634 939 688 quoque
963 618 1218 672 acerbam
1253 618 1355 673 sibi
1396 628 1608 688 putent.
1648 618 1740 674 Sic
1765 634 1965 689 magno

392 714 473 766 sui
511 727 694 765 amore
728 711 971 779 percellit
993 710 1172 765 omnis
1198 711 1514 777 assuetudo,
1555 719 1611 766 et
1641 710 1963 767 circumfusi

396 804 539 857 aeris
590 803 806 871 locique
854 801 1223 856 diﬂicultatem
1270 812 1506 873 tempus,
1559 803 1792 873 primam
1840 804 1964 857 vitae

392 902 602 947 :etatem
636 892 941 961 suscipiens
973 891 1162 947 vincit.

604 983 731 1036 CAP.
763 981 1000 1036 XXXIII.
1034 1012 1105 1022 —
1141 982 1216 1036 De
1241 982 1453 1037 Arabiw
1487 982 1743 1037 leonibus.

463 1073 678 1127 Arabia:
710 1073 894 1125 leones
917 1079 1044 1126 sunt
1074 1071 1255 1126 minus
1286 1072 1484 1125 hirsuti
1514 1080 1569 1125 et
1607 1070 1839 1133 feroces,
1869 1071 1965 1126 sed

393 1166 573 1218 colore
606 1164 878 1219 assimiles
909 1164 977 1217 iis
1013 1178 1150 1233 quos
1185 1164 1288 1218 fert
1326 1162 1647 1234 Babylonia,
1678 1164 1803 1230 pilis
1836 1179 1965 1217 vero

394 1272 571 1325 uSque
612 1259 747 1309 adeo
787 1254 987 1319 rutilis,
1032 1265 1093 1308 ut
1121 1256 1394 1311 cervicum
1440 1255 1588 1326 jubae
1633 1256 1754 1310 auri
1796 1256 1967 1309 instar

394 1352 720 1422 refulgeant.

563 1548 695 1601 CAP.
733 1546 977 1603 XXXIV.
1013 1576 1084 1587 --
1119 1547 1196 1601 De
1233 1549 1753 1617 myrmecoleonibus.

466 1637 538 1691 At
570 1653 758 1691 eorum
782 1638 875 1705 qui
896 1638 1360 1708 myrmecoleones
1390 1639 1752 1708 appellantur,
1798 1639 1965 1709 pleri‘

2067 526 2166 595 ζῇν
2211 525 2276 580 ἂν
2306 526 2529 578 ἕλοιντο.
2562 523 2752 585 Οὕτως
2783 523 2899 593 ἔχει
2937 540 2991 577 τι
3022 524 3244 593 φίλτρον
3295 524 3439 593 μέγα
3483 527 3629 578 πᾶσα

2066 618 2345 689 συνήθεια,
2382 616 2477 670 καὶ
2532 617 2657 686 νικᾷ¹
2697 615 2796 686 τὴν
2821 615 2929 668 ἀπὸ
2980 614 3076 668 τοῦ
3113 613 3459 684 περιέχοντος
3509 614 3631 666 δυε-

2064 711 2279 782 χέρειαν
2309 712 2337 763 ὁ
2363 711 2556 780 χρόνος
2602 710 2633 762 ὁ
2674 707 2772 777 τὴν
2807 707 3029 778 πρώτην
3083 704 3379 775 δεξάμενος
3412 706 3491 768 είς
3542 706 3621 760 τδι

2065 802 2178 871 βίον
2215 802 2454 873 ἡλικίαν.

2234 975 2375 1042 Περὶ
2410 972 2531 1026 τῶν
2558 973 2708 1026 κατὰ
2738 971 2853 1038 τὴν
2876 971 3147 1037 Ἀραϐίαν
3173 968 3457 1022 λεόντων.

2142 1066 2262 1119 Ὀτι
2286 1066 2335 1116 οί
2365 1063 2507 1115 κατὰ
2531 1062 2627 1133 τὴν
2667 1060 2921 1131 Ἀραϐίαν
2962 1058 3198 1123 λέοντες,
3230 1058 3383 1127 φησὶ,
3414 1055 3633 1125 ψιλότε-

2068 1174 2150 1226 ροι
2187 1156 2289 1225 μέν
2325 1156 2430 1207 είσι
2463 1155 2555 1207 καὶ
2585 1153 2930 1223 Θρασύτεροι,
2961 1150 3039 1218 τῷ
3077 1148 3329 1220 χρώματι
3357 1148 3415 1201 δὲ
3444 1148 3637 1216 ὀμαλοὶ

2066 1247 2314 1316 καθάπερ
2343 1247 2391 1298 οἱ
2424 1244 2702 1314 γινόμενοι
2737 1245 2865 1313 περὶ
2884 1242 2982 1311 τὴν
3012 1240 3383 1301 Βαϐυλωνίαν,
3416 1238 3559 1291 οὕτω
3582 1238 3639 1291 δὲ

2064 1340 2176 1400 τοῖς
2219 1336 2528 1407 τριχώμασι
2579 1334 2884 1395 στίλϐοντες
2930 1332 3071 1385 ὥστε
3124 1330 3233 1384 ἀπὸ
3258 1330 3365 1383 τῶν
3399 1330 3640 1399 αὐχένων

2067 1427 2365 1498 ξανθότητα
2403 1425 2748 1495 ἁπολάμπειν
2784 1423 2970 1495 χρυσῷ
3013 1420 3426 1493 παραπλησίαν.

2486 1536 2627 1603 Περὶ
2652 1536 3220 1604 μυρμηκολεόντων.

2138 1628 2261 1681 Τῶν
2288 1628 2345 1682 δὲ
2402 1627 2752 1695 καλουμένων
2799 1627 3107 1697 μυρμήκων
3156 1625 3207 1676 oi
3257 1624 3353 1694 μὲν
3400 1622 3642 1676 πλεῖστοι

395 1742 501 1797 que
523 1727 707 1797 specie
730 1744 759 1780 a
790 1728 1001 1782 eazteris
1030 1727 1165 1782 nihil
1187 1725 1463 1781 diﬂ‘erunt.
1493 1726 1759 1782 Genitalia
1785 1736 1963 1782 tamen

2086 1714 2209 1768 ιατὰ
2230 1714 2329 1785 τὴν
2358 1715 2501 1768 ἰδέαν
2527 1714 2635 1767 τῶν
2656 1714 2859 1766 λοιπῶν
2890 1713 3017 1784 [740
3037 1712 3130 1784 Η.]
3156 1710 3310 1765 οὐδὲν
3332 1711 3645 1782 παραλλάτ-

396 1819 484 1874 his
520 1828 650 1875 sunt
675 1833 889 1885 aversa,
923 1829 1116 1874 contra
1151 1834 1313 1889 quam
1356 1819 1500 1873 aliis.

701 2017 833 2072 CAP.
862 2014 1079 2070 XXXV.
1116 2046 1187 2057 --
1225 2014 1301 2071 De
1328 2016 1663 2084 pardalibus.

467 2102 725 2159 Pardales
748 2104 837 2159 hic
877 2118 985 2158 non
1033 2113 1162 2159 sunt
1187 2105 1381 2173 quales
1410 2105 1463 2157 in
1502 2103 1677 2157 Cariae
1703 2113 1758 2158 et
1792 2103 1970 2175 Lyciae

398 2192 685 2256 tractibus,
726 2192 820 2245 sed
860 2206 1089 2261 corpore
1115 2192 1349 2261 prolixo.
1388 2190 1456 2245 Et
1486 2192 1771 2246 vulnerum
1818 2192 1971 2247 labo-

397 2302 629 2356 rumque
658 2286 937 2341 molestias
977 2284 1215 2355 perferre
1261 2292 1465 2339 norunt
1507 2284 1680 2339 multo
1708 2294 1971 2340 constan-

400 2382 527 2443 ltus,
561 2378 877 2447 viribusque
918 2387 1073 2433 tanto
1120 2386 1382 2447 praestant
1407 2377 1551 2443 aliis,
1580 2386 1787 2448 quanto
1818 2378 1970 2433 cicu-

399 2470 550 2523 ribus
581 2478 828 2539 agrestes
868 2480 921 2523 et
961 2467 1260 2522 indomitae.
1342 2470 1345 2471 ⁷

704 2581 828 2635 (λιι).
867 2576 1107 2632 XXXVI.
1143 2610 1213 2621 ——
1243 2577 1316 2632 De
1343 2577 1692 2635 rhinocerote.

469 2671 812 2726 Rhinoceros
838 2671 1092 2726 vastitate
1129 2670 1350 2739 quidem
1379 2685 1489 2723 non
1531 2670 1731 2733 minor,
1758 2668 1855 2725 sed
1888 2669 1971 2724 al-

1995 1790 2240 1872 Βτουσι,
2285 1807 2387 1874 τὴν
2435 1806 2493 1858 δὲ
2540 1805 2649 1859 τῶν
2698 1806 2911 1859 αἰδοίων
2962 1804 3124 1875 φύσιν
3175 1802 3645 1875 ἁπεστραμμένην

2070 1895 2307 1965 ἔχουσιν,
2336 1895 2581 1949 ἐναντίαν
2614 1897 2725 1957 τοῖς
2756 1894 2955 1958 ἄλλοις.

2559 2006 2699 2077 Περὶ
2731 2006 3104 2076 παρδάλεων.

2142 2097 2265 2151 Ὅτι
2294 2099 2351 2151 αἱ
2375 2098 2669 2169 παρδάλεις
2698 2100 2797 2151 οὐκ
2822 2098 2930 2151 είσὶ
2952 2094 3206 2169 καθάπερ
3240 2098 3300 2151 ὲν
3323 2099 3437 2161 τοῖς
3457 2096 3649 2163 τόποις

2067 2194 2181 2255 τοῖς
2202 2193 2328 2263 περὶ
2350 2192 2563 2263 Καρίαν
2588 2193 2683 2244 καὶ
2712 2191 2938 2257 Λυκίαν,
2974 2191 3187 2261 μακραὶ
3216 2190 3273 2245 δὲ
3296 2190 3375 2261 τῷ
3406 2188 3645 2260 σώματι,

2070 2285 2165 2339 καὶ
2194 2284 2527 2340 κακοπαθεῖν
2579 2287 2638 2338 ἐν
2674 2286 2952 2356 τραύμασι
3004 2285 3098 2338 καὶ
3142 2284 3322 2348 πόνοις
3351 2284 3650 2354 δυνάμεναι

2070 2374 2206 2428 πολύ
2239 2374 2437 2445 μᾶλλον
2460 2390 2472 2403 ·
2506 2376 2572 2444 τῇ
2622 2374 2682 2427 δὲ
2712 2376 2852 2447 ἀλκῇ
2894 2374 3150 2428 τοσοῦτον
3182 2372 3504 2444 διαφέρουσι
3534 2373 3651 2427 τῶν

2070 2465 2244 2521 ἄλλων
2268 2466 2391 2519 ὅσον
2420 2465 2611 2534 ἄγριον
2639 2466 2867 2535 ἡμέρου.

2540 2581 2678 2649 Περὶ
2698 2578 3109 2648 ρινοκέρωτος.

2144 2675 2267 2728 ’Ότι
2295 2676 2324 2728 ὀ
2355 2675 2649 2745 ῥινόκερως
2676 2674 2963 2742 ἐλέφαντος
3019 2672 3116 2743 μὲν
3160 2672 3220 2725 οὐ
3270 2671 3539 2735 λείπεται,
3571 2672 3656 2743 τῷ

398 2767 631 2822 titmline
658 2764 887 2818 inferior
916 2771 999 2817 est
1036 2762 1345 2829 elephanto,
1395 2760 1639 2829 buxique
1682 2758 1848 2814 refert
1875 2774 1970 2813 co-

2086 2766 2127 2820 Βὲ
2151 2765 2275 2836 ὕψει
2301 2765 2721 2836 καταδεέστερος
2743 2765 2999 2834 ὐπὰρχει.
3032 2764 3246 2835 Χρῶμα
3275 2762 3330 2816 δὲ
3354 2760 3467 2833 ἔχει
3496 2761 3656 2833 πύξῳ

402 2859 592 2921 larem,
625 2857 783 2926 pellis
810 2856 975 2910 etiam
1009 2863 1265 2908 contactu
1310 2854 1549 2907 tenuior.
1582 2851 1631 2907 Is
1662 2850 1966 2921 repandum

2086 2859 2426 2929 παρεμφερὲς
2475 2854 2682 2910 εὐτελεῖ
2708 2856 2777 2919 ⁸⁸,
2812 2855 2908 2909 καὶ
2938 2854 2983 2887 ⁸⁸
3016 2854 3116 2924 τὴν
3144 2854 3288 2925 ἁφὴν
3318 2850 3411 2907 τοῦ
3443 2850 3656 2924 δέρμαο

401 2952 456 3005 in
487 2949 714 3003 naribus
745 2948 850 3002 fert
884 2962 1057 3001 cornu
1091 2948 1156 3001 ad
1194 2947 1325 3001 ferri
1356 2948 1463 3001 vim
1491 2956 1546 3000 et
1576 2946 1810 3017 rigorem
1838 2959 1970 3013 pro-

2086 2968 2181 3015 τος.
2204 2950 2371 3020 Σιμδν
2405 2948 2460 3003 δὲ
2491 2950 2579 3002 ἐπ’
2610 2948 2795 3019 ἄκρων
2828 2949 2982 3019 φορεῖ
3000 2946 3108 2999 τῶν
3139 2948 3431 3017 μυκτήρων
3457 2946 3655 3014 κέρας,

403 3047 546 3099 xime
589 3044 880 3100 accedens.
917 3043 1057 3110 Quo,
1094 3052 1293 3099 caetero
1344 3044 1564 3114 quidem
1611 3053 1877 3113 tempore,
1902 3041 1970 3097 ad

2086 3039 2279 3111 σιδήρῳ
2310 3039 2408 3109 τὴν
2444 3038 2565 3109 βίαν
2613 3037 3026 3108 παραπλήσιον·
3061 3029 3105 3103 ᾧ
3133 3036 3175 3066 ⁶⁰
3206 3035 3298 3088 τὸν
3346 3030 3446 3105 μὲν
3491 3031 3658 3088 ἄλλον

402 3151 787 3206 quamcunque
826 3137 1170 3206 approximet
1214 3145 1451 3202 cautem,
1483 3136 1693 3199 limato,
1729 3150 1968 3205 praecor-

2086 3135 2284 3204 (ρόνον,
2346 3132 2483 3204 πρὸς
2521 3133 2587 3204 ἢν
2630 3131 2696 3184 ἂν
2742 3130 2948 3201 πέτραν
3010 3128 3411 3199 παραγένηται,
3457 3125 3658 3196 ρήσσει

402 3232 491 3283 dia
548 3229 804 3283 verberat
849 3229 1120 3298 impetens
1162 3227 1302 3284 :sed
1345 3229 1397 3283 in
1444 3228 1799 3283 dimicatione
1843 3242 1971 3282 cum

400 3318 694 3387 elephanto
740 3319 885 3387 (cum
918 3318 1021 3373 hoc
1058 3318 1203 3372 enim
1235 3317 1303 3372 de
1337 3318 1557 3386 pascuis
1588 3327 1824 3372 aeternas
1873 3318 1973 3370 ha-

401 3412 491 3464 bet
519 3409 982 3479 conﬂictationes)
1014 3418 1258 3463 ventrem
1282 3410 1449 3475 subit,
1476 3418 1530 3463 et
1566 3417 1824 3478 perrupto
1852 3423 1975 3462 car-

403 3502 554 3555 nium
588 3500 796 3554 ambitu
817 3514 1149 3569 exsanguem
1171 3500 1323 3555 facit.
1350 3499 1689 3569 Plurimique
1716 3500 1975 3569 elephan-

402 3598 517 3643 tum
547 3590 621 3643 ita
664 3589 960 3643 exanimati
1003 3598 1324 3645 cernuntur.
1368 3593 1439 3643 At
1465 3590 1512 3645 si
1548 3591 1729 3644 alvum
1756 3591 1973 3644 contin~

401 3678 561 3747 gendi
609 3680 769 3748 copia
815 3694 920 3733 non
976 3679 1158 3743 datur,
1210 3691 1403 3735 contra
1436 3680 1553 3750 ipse
1584 3695 1615 3734 a
1648 3679 1977 3749 proboscide

402 3780 455 3823 et
512 3768 767 3824 dentibus
823 3771 964 3824 ictus
1008 3770 1170 3825 variis
1220 3770 1430 3833 modis,
1491 3771 1694 3825 amittit
1719 3770 1863 3825 vires
1921 3779 1976 3825 et

399 3860 595 3933 555i:
625 3860 842 3927 deﬁcit,
873 3862 1001 3931 quia
1064 3861 1260 3917 robore
1308 3871 1363 3917 et
1415 3863 1466 3917 vi
1502 3865 1572 3917 ab
1607 3864 1700 3919 illo
1732 3862 1975 3933 permul-

404 3964 517 4009 tum
546 3953 747 4011 diII'ert.

628 4158 759 4213 CAP.
797 4156 1063 4213 XXXVII.
1094 4189 1164 4198 —
1202 4158 1275 4213 De
1310 4160 1742 4228 camelopardali.

474 4249 629 4317 Apud
667 4248 1028 4320 Troglodytas
1050 4251 1227 4305 bestia
1251 4260 1352 4313 est,
1384 4267 1506 4321 quae
1528 4253 1975 4320 camelopardalis

400 4337 608 4394 Grecis
644 4341 865 4396 dicitur.
900 4342 1031 4395 Nam
1072 4351 1130 4397 ut
1154 4357 1352 4397 nomen
1396 4344 1471 4398 ita
1516 4353 1570 4398 et
1605 4355 1797 4399 natura
1831 4361 1971 4414 quo-

400 4431 696 4486 dammodo
715 4434 1014 4501 composita
1032 4443 1133 4488 est.
1154 4432 1484 4490 Varietatem
1516 4438 1662 4490 enim
1694 4452 1723 4491 a
1750 4439 1973 4506 pardale

406 4525 587 4587 habet,
615 4526 1048 4595 magnitudinem
1075 4542 1105 4580 a
1140 4529 1369 4582 camelo.
1407 4528 1714 4585 Monstrosa
1742 4532 1793 4585 ei
1819 4548 1971 4585 cras-

404 4617 576 4679 sities,
624 4618 936 4687 collumque
978 4620 1118 4673 adeo
1150 4622 1509 4691 praelongum,
1548 4632 1607 4678 ut
1658 4636 1689 4678 a
1741 4626 1973 4681 summis

404 4705 691 4761 arboribus
720 4708 979 4776 pabulum
1010 4717 1217 4779 carpat.

402 4879 533 4934 CAP.
568 4879 853 4936 XXXVIII.
873 4911 943 4921 —
960 4880 1039 4935 De
1061 4882 1275 4953 sphinge
1299 4894 1350 4938 et
1379 4886 1726 4954 cynocephalo
1754 4898 1802 4941 et
1831 4902 1974 4954 cepa.

479 4971 773 5043 Sphinges,
819 4983 873 5027 et
910 4975 1288 5045 cynocepliali,
1338 4987 1392 5030 et
1415 4977 1560 5045 cepi,
1590 4978 1975 5033 Alexandriam

404 5082 471 5120 ex
504 5064 955 5137 Troglodytarum
990 5069 1130 5131 solo,
1158 5078 1213 5122 et
1245 5080 1439 5124 caetera
1464 5070 1761 5141 EthiOpia,
1799 5084 1977 5129 trans-

405 5163 715 5213 mittuntur.
770 5158 910 5213 Sunt
934 5168 1115 5214 autem
1165 5162 1424 5230 sphinges
1467 5162 1535 5217 iis
1573 5180 1693 5233 quas
1741 5180 1769 5220 a
1808 5166 1976 5235 picto-

402 5252 554 5303 ribus
583 5251 983 5307 adumbrautur
1025 5252 1358 5314 consimiles.
1386 5255 1491 5309 nisi
1525 5258 1671 5326 quod
1698 5267 1819 5312 tota:
1847 5260 1963 5315 hir—

2072 3226 2394 3299 προσόαλὼν
2416 3226 2484 3279 τὰ
2514 3226 2729 3294 στέρνα,
2752 3222 3043 3294 συμπεσὼν
3060 3222 3116 3274 δὲ
3146 3220 3424 3289 ἐλέφαντι,
3455 3218 3660 3290 (τούτῳ

2072 3319 2180 3390 γὰρ
2202 3318 2293 3371 τὸν
2313 3317 2490 3370 πάντα
2516 3331 2581 3369 πε
2592 3318 2646 3387 pl.
2669 3316 2765 3385 τῆς
2786 3314 2960 3385 νομῆς
2981 3313 3328 3384 διαμιλλᾶται
3359 3311 3495 3383 βίον)
3520 3312 3662 3364 ὐποσ

2072 3412 2167 3475 δὺς
2196 3411 2299 3482 τὴν
2321 3410 2531 3463 κοιλίαν
2565 3408 2660 3461 καὶ
2686 3406 2764 3477 τῷ
2786 3406 2977 3477 κέρατι
3006 3406 3067 3457 τὺ
3094 3404 3360 3473 κύκλωμα
3389 3404 3488 3473 τῆς
3518 3417 3662 3470 σαρ-

2074 3503 2169 3567 κδς
2201 3501 2546 3573 ἀναρρήξας,
2566 3500 2785 3567 ἔξαιμον
2818 3497 2978 3560 εὐθὺς
3009 3497 3186 3548 ποιεῖ·
3226 3492 3323 3548 καὶ
3365 3492 3662 3554 πλείστους

2074 3595 2221 3648 ἐστιν
2269 3594 2573 3663 ἐλέφαντας
2630 3592 2758 3644 ἰδεῖν
2809 3588 2954 3642 οὐτω
3006 3586 3487 3655 τετελευτηκότας.
3552 3582 3663 3637 Ἀν

2079 3684 2263 3756 μέντοι
2318 3683 2499 3755 συμϐῇ
2529 3682 2607 3753 τῷ
2654 3681 2977 3751 ῥινοκέρωτι
3006 3678 3106 3749 τῆς
3149 3675 3361 3739 κοιλίας
3397 3676 3470 3746 μὴ
3505 3675 3661 3743 ἄψα-

2078 3779 2225 3843 σθαι,
2250 3777 2564 3831 τούναντίον
2594 3775 2754 3838 αὐτὸς
2777 3773 2883 3826 ὑπὸ
2907 3775 3005 3843 τῆς
3032 3768 3388 3841 προϐοσκίδος
3411 3766 3508 3821 καὶ
3540 3766 3661 3818 τῶν

2075 3870 2300 3925 ὀδόντων
2330 3870 2666 3937 τυπτόμενος
2698 3864 2981 3935 πολλαχῶς
3009 3861 3324 3927 ἐξαδυνατεῖ
3351 3858 3445 3913 καὶ
3474 3874 3664 3927 παρα·

2076 3961 2283 4025 λύεται,
2341 3959 2585 4029 μεγάλης
2642 3955 2995 4027 ὑπαρχούσης
3042 3952 3183 4006 κατὰ
3225 3951 3323 4022 τὴν
3379 3950 3532 4019 ἰσχὺν
3562 3947 3665 4001 καὶ

2080 4050 2200 4121 βίαν
2225 4042 2328 4119 τῆς
2358 4047 2737 4118 παραλλαγῆς.

2476 4161 2618 4229 Περὶ
2646 4154 3254 4228 καμηλοπαρδὰλεως.

2153 4258 2276 4309 Ὅτι
2311 4252 2462 4325 παρὰ
2507 4256 2619 4316 τοῖς
2668 4250 3079 4322 Τρωγλοδύταις
3110 4248 3259 4300 ἐστὶν
3300 4246 3334 4317 ἡ
3387 4243 3663 4313 λεγομένη

2078 4348 2208 4417 παρ’
2260 4344 2486 4412 Ἕλλησι
2534 4339 3017 4413 καμηλοπάρδαλις
3050 4339 3118 4404 ⁶¹,
3154 4336 3405 4390 σύνθετον
3452 4333 3665 4403 τρόπον

2076 4440 2199 4494 τινὰ
2230 4438 2370 4493 κατὰ
2394 4438 2495 4507 τὴν
2523 4435 2713 4505 κλῆσιν
2742 4432 2787 4465 θ’
2818 4434 2913 4487 καὶ
2938 4434 3037 4501 τὴν
3063 4430 3225 4500 φύσιν
3253 4428 3512 4495 λαχοῦσα.
3544 4426 3667 4495 Τὴν

2078 4533 2176 4599 μὲν
2204 4532 2314 4599 γὰρ
2362 4526 2637 4581 ποικιλίαν
2672 4526 2786 4597 ἔχει
2838 4524 3179 4595 παρδάλεως,
3213 4520 3275 4574 τὸ
3331 4518 3559 4591 μέγεθος
3604 4517 3664 4569 δὲ

2074 4624 2347 4694 καμήλου,
2375 4621 2437 4673 τὸ
2487 4620 2662 4689 πάχος
2693 4618 2737 4649 ⁸³
2768 4616 2826 4671 δὲ
2865 4614 3163 4685 ὑπερφυὲς,
3199 4612 3292 4666 τὸν
3341 4611 3397 4664 δὲ
3454 4608 3666 4678 αὐχένα

2073 4717 2313 4770 τοιοῦτον
2352 4714 2493 4767 ὥστε
2529 4712 2626 4765 ἀπ’
2673 4711 2857 4782 ἄκρων
2890 4705 3227 4779 ἀμέλγεσθαι
3271 4704 3380 4759 τῶν
3420 4702 3666 4771 δένδρων

2075 4809 2174 4878 τὴν
2202 4807 2429 4878 τροφήν.

2226 4897 2363 4965 Περὶ
2387 4898 2661 4965 σφίγγος,
2692 4891 3134 4963 κυνοκεφάλου,
3162 4887 3261 4943 καί
3290 4888 3511 4957 κήπου.

2155 4989 2278 5043 Ὅτι
2307 4988 2363 5040 αἰ
2386 4987 2634 5055 σφίγγες,
2661 4985 2813 5056 φησὶ,
2846 4985 2939 5038 καὶ
2960 4982 3009 5037 οἱ
3038 4980 3396 5049 κυνοκέφαλοι
3431 4979 3525 5031 καὶ
3553 4974 3663 5045 κῆ·-

2084 5096 2176 5133 ποι
2227 5078 2692 5148 παραπέμπονται
2742 5078 2821 5140 εἰς
2860 5075 2954 5145 τὴν
2989 5072 3401 5142 Ἀλεξάνδρειαν
3450 5072 3514 5122 ἐκ
3556 5068 3664 5136 τῆς

2083 5168 2533 5242 Τρωγλοδυτικῆς
2578 5170 2671 5221 καὶ
2702 5169 2799 5240 τῆς
2849 5166 3153 5229 Αἰθιοπίας.
3192 5163 3316 5217 Εἰσὶ
3346 5162 3401 5217 δὲ
3452 5159 3509 5214 at!
3555 5160 3663 5230 μὲν

2085 5262 2315 5331 σφίγγες
2341 5261 2463 5322 ταῖς
2493 5259 2869 5331 γραφομέναις
2895 5257 3215 5329 παρόμοιαι,
3260 5252 3400 5324 πλὴν
3425 5248 3510 5306 ὅτι
3543 5250 3661 5304 πᾶ-

1680 5409 1915 5464 νΑιιιιΕ
1955 5410 2364 5467 LECTIONES.

450 5536 522 5615 _"
549 5536 778 5617 εὐτελεῖ]
815 5538 1037 5617 εὐτελὴς
1074 5541 1132 5593 δέ
1164 5541 1202 5594 Β
1228 5552 1280 5597 et
1302 5560 1445 5617 corr.
1481 5546 1547 5598 A.
1594 5548 1666 5617 7”
1691 5547 1781 5598 καὶ
1806 5562 1916 5600 om.
1951 5546 2011 5599 Β.
2083 5546 2130 5578 ⁸ο
2155 5542 2199 5615 ᾧ
2224 5548 2261 5599 Α
2301 5548 2478 5610 εόςς.
2558 5546 2600 5580 ⁶¹
2641 5543 3144 5617 καμηλοπάρδαλις]
3160 5540 3306 5617 εἶδον
3322 5543 3382 5617 Eb
3412 5541 3662 5617 τοξοὲἷτον

406 5605 730 5689 ζῷονηκάζὼ
758 5605 914 5679 παρὰ
938 5605 1032 5689 eds
1062 5614 1453 5689 τυραννοῦντος
1504 5618 1560 5666 ἐν
1590 5616 1967 5689 Ἀλεξανδρείᾳ
1990 5605 2183 5689 σταλὲν
2201 5618 2280 5689 τῷ
2312 5605 2519 5686 βασιλεῖ
2543 5605 2731 5687 nam;
2753 5605 2980 5686 ζοράφίν
3002 5617 3048 5669 δ’
3075 5605 3260 5668 ἐκάλει
3279 5613 3436 5667 τοῦτο
3463 5605 3494 5665 ὅ
3518 5613 3659 5683 ἀγα-

413 5675 525 5743 γὼν
550 5676 821 5749 βάρϐαρος
843 5674 963 5751 ‘mg.
993 5683 1055 5734 Δ.
1134 5674 1179 5714 δ’
1210 5685 1307 5753 τὴν
1357 5674 1546 5752 κλῆσιν
1577 5687 1667 5738 καὶ
1695 5674 1821 5739 add.
1849 5674 1917 5740 Ἀ.
1944 5674 1954 5688 ’
1993 5687 2037 5718 ⁵³
2070 5674 2263 5759 πάχος]
2286 5674 2371 5742 ιιίι.
2405 5674 2616 5756 ταχος’²ἒ
