3966 6240
346 248 421 313 49
1480 262 2005 326 ΒΙΒΠΟΤΗΕΟΑ.
2041 291 2111 301 -
2134 268 2298 331 COD.
2342 272 2496 334 CCL.
3132 312 3137 315 -
3547 286 3618 350 50

355 384 447 420 σαι
487 365 700 420 δασεῖαι
750 367 848 421 καὶ
898 371 1018 435 ταῖς
1041 371 1240 444 ψυχαῖς
1275 374 1476 446 ἥμεροι
1521 378 1616 433 καὶ
1644 378 1809 452 [1364
1839 379 1923 452 κε

2039 391 2205 449 ειιιεε,
2270 384 2421 442 lenes
2488 395 2545 441 et
2599 387 2844 459 placidos
2910 391 3124 448 animos
3171 391 3393 450 habent.
3431 394 3609 453 Pluri-

351 460 554 527 πρᾶοι·
602 460 702 513 καὶ
746 463 1085 533 πανουργίας
1142 467 1460 522 κοινωνοῦσι
1516 470 1796 542 πλείστης,
1850 472 1930 527 δι-

346 548 651 613 δασκαλίας
672 567 731 603 τε
752 553 1143 625 μεθοδευτικῆς
1164 558 1256 611 ἐπὶ
1283 560 1448 615 ποσὸν
1469 560 1758 630 ἅπτονται,
1790 564 1932 620 ὣστε

346 644 447 711 τὴν
488 644 795 715 εὐρυθμίαν
818 647 877 700 ὲν
906 649 1041 701 πᾶσι
1069 648 1395 721 θαυμάζειν.

429 822 490 874 Ὁ
506 822 567 874 δὲ
585 825 956 893 κυνοκέφαλος
972 827 1035 880 τὸ
1054 830 1150 898 μὲν
1170 830 1329 900 σῶμα
1351 832 1637 903 ἀνθρώπου
1656 836 1937 904 δυσειδοῦς

342 915 681 986 ὑπογράφει,
707 917 769 970 τὸ
792 921 1085 991 πρόσωπον
1118 923 1175 976 δὲ
1204 927 1365 989 κυνός
1390 944 1404 957 ·
1432 928 1617 999 φωνὴν
1652 931 1710 984 δὲ
1741 932 1933 1002 ἀφίησι

349 1010 559 1081 μυγμῷ
581 1012 975 1082 παραπλησίαν
997 1030 1012 1044 ο
1036 1016 1228 1081 ἄγριον
1242 1019 1583 1093 δὲὺπερσολῇ
1603 1027 1695 1078 καὶ
1715 1026 1935 1092 τελείως

349 1102 703 1156 ἀτιθάσευτον
729 1106 794 1168 ⁸⁸⁸,
822 1110 919 1160 καὶ
948 1110 1044 1176 τὴν
1073 1109 1195 1177 ὄψιν
1251 1114 1514 1180 ἐμφαῖνον
1560 1119 1669 1170 ἀπό
1719 1137 1778 1173 τε
1823 1121 1934 1174 τῶν

354 1196 575 1267 ὀφρύων
601 1199 689 1251 καὶ
720 1199 832 1252 τῶν
851 1202 1116 1270 ὀμμάτων
1141 1206 1439 1277 αὐστηράν.
1470 1211 1604 1280 Περὶ
1622 1212 1665 1245 ⁸⁸
1695 1215 1795 1281 μὲν
1842 1216 1933 1268 τὸν

356 1290 558 1358 iam:
581 1288 751 1342 ταῦτα
773 1305 787 1321 ⁶
813 1292 891 1361 τῷ
910 1292 967 1345 δὲ
997 1294 1148 1365 θήλει
1171 1296 1494 1365 πρόσκειται
1518 1301 1692 1354 καὶτὸ
1710 1303 1808 1373 τὴν
1830 1306 1933 1373 μή·

349 1399 485 1452 τραν
502 1382 608 1447 ἔξω
634 1383 727 1436 τοῦ
749 1385 1001 1453 σώματος
1027 1393 1214 1459 φορεῖν
1244 1392 1339 1443 καί
1364 1391 1506 1447 οὕτω
1529 1395 1867 1464 διαγίνεσθαι
1886 1398 1930 1429 ⁸⁸

344 1475 528 1527 πάντα
560 1476 652 1526 τὸν
687 1476 818 1543 βίον.

419 1565 481 1616 Ὀ
512 1565 567 1618 δὲ
593 1568 767 1636 κῆπος
790 1568 904 1638 ἔχει
933 1571 992 1623 τὸ
1017 1573 1115 1642 μὲν
1140 1575 1432 1645 πρόσωπον
1458 1577 1577 1651 [741
1619 1579 1711 1652 H.]
1753 1581 1927 1637 λέοντι

340 1659 811 1729 παραπλήσιονυ,
839 1664 898 1715 τὸ
927 1664 983 1716 δὲ
1016 1665 1175 1734 σῶμα
1207 1668 1472 1740 πάνθηρι,
1519 1672 1581 1725 τὸ
1611 1673 1667 1725 δὲ
1697 1675 1927 1743 μέγεθος

2041 491 2191 529 mum
2230 477 2312 530 eis
2331 480 2593 534 versutiaa
2630 481 2792 547 inest,
2819 482 3051 553 ideoque
3097 485 3163 539 ad
3195 485 3455 556 aliquam,
3486 489 3620 544 doc-

2038 568 2195 623 trinae
2223 572 2570 641 compendio,
2614 574 2895 630 scientiam
2926 578 3309 647 perducuntur
3349 619 3362 643 ,
3388 580 3618 636 concin-

2035 663 2261 718 nitatem
2306 667 2359 719 in
2385 667 2641 722 omnibus
2663 683 2827 737 quam
2852 680 3096 739 servant,
3124 687 3233 726 non
3268 672 3366 727 abs
3400 688 3457 727 re
3490 673 3618 744 quis

2035 754 2357 811 admiretur.

2102 848 2164 904 In
2199 849 2571 921 cynocephalo
2607 850 2850 907 hominis
2907 867 3126 922 corpus,
3184 857 3366 925 specie
3413 857 3612 925 turpis,

2035 940 2417 996 adumbratur.
2466 942 2674 997 Canina
2720 944 2768 996 ei
2814 942 3001 1011 facies,
3034 960 3222 999 vocem
3251 946 3469 1000 stridori
3497 963 3618 1001 mu-

2034 1036 2113 1089 ris
2149 1050 2254 1088 non
2317 1035 2639 1089 dissimilem
2698 1036 2975 1105 exprimit.
3043 1036 3145 1089 Sed
3194 1038 3485 1093 immodice
3533 1038 3614 1093 fe-

2036 1140 2157 1178 rum
2194 1134 2278 1179 est
2306 1125 2527 1186 animal,
2562 1140 2662 1179 nec
2692 1127 2802 1178 ullo
2846 1126 3007 1179 modo
3036 1126 3333 1191 cicuratur,
3371 1130 3614 1181 vultum-

2034 1234 2142 1287 que
2196 1233 2227 1272 a
2281 1218 2589 1289 superciliis
2618 1228 2672 1273 et
2718 1220 2895 1272 oculis
2950 1229 3227 1273 austerum
3280 1221 3478 1288 prodit.
3535 1220 3613 1275 Ita

2035 1327 2153 1366 mas
2197 1321 2546 1381 comparatus
2577 1320 2681 1366 est.
2722 1310 2982 1365 Femineo
3018 1312 3201 1382 generi
3235 1313 3338 1366 hoc
3376 1326 3458 1367 est
3485 1328 3613 1382 pro-

2030 1403 2234 1471 prium,
2268 1411 2328 1456 ut
2360 1410 2575 1455 uterum
2606 1414 2757 1456 extra
2793 1416 2988 1471 corpus
3020 1410 3195 1471 gestet
3223 1417 3398 1471 eoque
3425 1402 3614 1456 habitu

2033 1502 2204 1549 totam
2238 1494 2420 1563 exigat
2447 1494 2637 1547 vitam.

2100 1589 2281 1656 Cepus
2315 1586 2451 1641 faeie
2482 1587 2716 1651 leonem,
2751 1601 2980 1655 corpore
3022 1587 3367 1656 pantheram,
3414 1594 3468 1639 et
3497 1600 3616 1637 ma-

2031 1678 2646 1747 gnitudineidorcadem
2687 1679 2956 1749 (capream
2998 1695 3087 1731 seu
3142 1675 3382 1747 damam)
3431 1677 3615 1730 imita-

334 1750 585 1819 δορκάδι,
615 1754 755 1807 κατά
808 1758 907 1825 τὴν
960 1759 1233 1814 ποικιλίαν
1262 1764 1356 1815 καὶ
1390 1762 1493 1833 τὴν
1546 1770 1923 1839 προσηγορίαν

2035 1780 2139 1825 tur.
2186 1773 2352 1827 Prout
2398 1772 2583 1827 varius
2633 1782 2738 1835 est,
2784 1772 2854 1824 ita
2890 1780 2943 1824 et
2991 1785 3186 1824 nomen
3240 1768 3415 1840 (cepas
3474 1769 3613 1822 enim

335 1843 545 1897 λαόὡν.

415 1938 645 1989 Πάντων
659 1937 716 1991 δὲ
742 1940 853 1992 τῶν
877 1942 1183 2013 εἰρημένων
1207 1944 1552 2016 ἀγριώτατον
1571 1951 1665 2002 καὶ
1688 1950 1927 2004 δυσκατ-

338 2030 745 2098 εργαστότατον
778 2032 839 2084 τὸ
883 2033 989 2086 τῶν
1019 2035 1236 2106 ταύρων
1287 2037 1396 2091 τῶν
1435 2042 1800 2109 σαρκοφάγων
1831 2043 1925 2110 γέ-

342 2136 455 2182 νος,
482 2120 511 2173 ὃ
541 2120 620 2191 τῷ
655 2122 877 2191 μεγέθει
927 2125 1026 2193 μὲν
1056 2127 1290 2198 ὑπάρχει
1323 2130 1432 2183 τῶν
1455 2131 1677 2200 ἡμέρων
1704 2133 1926 2202 ἁδρότε-

346 2228 473 2281 ρον,
506 2214 659 2283 τάχει
694 2214 752 2268 δὲ
791 2216 1147 2286 ὑπερϐάλλον,
1185 2222 1395 2291 πυρρὸν
1420 2223 1477 2274 δὲ
1508 2223 1779 2287 ἐξαισίως.
1816 2225 1927 2278 Καὶ

339 2302 405 2353 τὸ
437 2306 536 2373 μὲν
570 2305 745 2376 στόμα
804 2308 965 2379 μέχρι
1023 2309 1133 2362 τῶν
1187 2309 1342 2365 ὢτων
1403 2313 1569 2366 αὐτοῦ
1618 2316 1925 2383 διέστηκεν,

336 2395 499 2465 ὄμμα
533 2397 589 2449 δὲ
618 2400 906 2467 ὑποφαίνει
936 2403 1302 2475 γλαυκότερον
1344 2403 1577 2469 λέοντος.
1614 2407 1698 2460 Τὰ
1724 2408 1780 2460 δὲ
1834 2408 1928 2461 κέ-

337 2506 481 2558 ρατα
521 2489 611 2541 τόν
642 2490 739 2559 μὲν
784 2492 942 2546 ἄλλον
987 2496 1176 2565 χρόνον
1232 2500 1344 2561 τοῖς
1390 2499 1492 2552 ὠσὶ
1533 2501 1928 2572 παραπλησίως

334 2585 500 2646 κινεῖ,
533 2584 679 2655 μάχῃ
733 2586 787 2637 δὲ
843 2585 1126 2657 χρώμενον
1158 2588 1367 2660 ἵστησιν
1396 2592 1696 2663 ἀραρότως.
1740 2595 1853 2666 Τὴν
1881 2595 1928 2649 δ’

331 2678 643 2746 ἐπαγωγὴν
684 2680 784 2748 τῆς
831 2681 1017 2751 τριχὸς
1076 2683 1323 2737 ἐναντίαν
1380 2685 1493 2756 ἔχει
1558 2689 1672 2751 τοῖς
1724 2688 1923 2753 ἄλλοις.

329 2770 512 2824 Τοῦτο
543 2773 599 2825 δὲ
630 2775 743 2836 τοῖς
776 2792 833 2826 τε
864 2774 1264 2842 ἀλκιμωτάτοις
1303 2780 1623 2845 ἐπιτίθεται,
1682 2784 1776 2835 καὶ
1825 2801 1926 2837 κυ-

330 2865 494 2933 νηγεῖ
519 2864 587 2918 τὰ
620 2864 782 2918 λοιπά
815 2866 920 2919 τῶν
956 2866 1240 2931 ζώων,καὶ
1273 2871 1371 2933 τὰς
1402 2874 1638 2943 ποίμνας
1669 2877 1776 2929 τῶν
1802 2878 1925 2930 ἐπι-

333 2957 557 3027 χωρίων
592 2959 827 3027 μάλιστὰ
874 2964 1186 3028 κακοποιεῖ,
1225 2965 1318 3015 καὶ
1356 2967 1515 3035 μόνον
1570 2968 1717 3022 ἐστὶν
1746 2972 1924 3041 ἄτρω-

2028 1860 2212 1914 hortus
2242 1869 2318 1914 est
2350 1859 2575 1931 (irwcis)
2607 1861 2710 1915 sibi
2743 1859 2972 1914 inditum
3005 1860 3188 1913 habet.

2099 1952 2229 2006 Cap.
2270 1951 2514 2007 XXXIX.
2551 1982 2622 1992 —
2652 1951 2728 2006 De
2756 1964 2913 2005 tauro
2946 1952 3247 2005 carniroro.
3271 1950 3610 2005 —Omnium

2028 2061 2151 2116 quae
2181 2046 2362 2099 adhuc
2394 2046 2821 2099 commemoravi
2851 2045 3313 2099 immanissimum
3356 2056 3408 2098 et
3441 2044 3613 2098 maxi-

2031 2154 2118 2192 tne
2161 2138 2490 2192 indomitum
2538 2147 2622 2193 est
2666 2147 2953 2192 taurorum
3002 2154 3197 2206 genus,
3222 2138 3369 2207 quod
3414 2152 3612 2191 carnes

2027 2238 2203 2293 vorat,
2234 2229 2610 2299 magnitudine
2657 2230 2902 2284 crassius
2964 2230 3380 2291 d‘omesticis,et
3433 2229 3613 2298 perni-

2030 2323 2193 2378 citate
2233 2322 2587 2384 antecellens,
2623 2322 2910 2392 insigniter
2941 2322 3146 2379 rufum.
3172 2322 3245 2378 Os
3282 2322 3330 2375 ei
3361 2323 3425 2375 ad
3452 2337 3613 2376 aures

2029 2432 2203 2486 usque
2223 2417 2531 2471 diductum.
2559 2414 2724 2470 Visus
2770 2417 2964 2483 glauco
3014 2417 3199 2469 colore
3225 2416 3401 2483 magis
3422 2415 3614 2469 rutilat

2028 2528 2192 2581 quam
2242 2511 2409 2565 leoni.
2449 2511 2668 2564 Cornua
2716 2510 2853 2564 alias
2892 2526 2998 2563 non
3045 2523 3205 2564 secus
3251 2519 3414 2577 atque
3452 2522 3612 2561 aures

2029 2612 2232 2667 movet,
2270 2603 2361 2657 sed
2411 2603 2464 2656 in
2509 2618 2683 2671 pugna
2708 2641 2722 2664 ,
2763 2610 2823 2655 ut
2853 2601 3011 2655 ﬁrmo
3060 2610 3247 2654 tenore
3286 2600 3612 2660 consistant,

2032 2695 2179 2750 facit.
2207 2694 2355 2750 Ordo
2378 2696 2614 2765 pilorum
2650 2699 2905 2748 inversus
2935 2703 3126 2748 contra
3155 2708 3317 2761 quam
3343 2692 3464 2745 aliis
3494 2692 3613 2744 ani—

2029 2793 2328 2847 mantibus.
2383 2791 2592 2847 Bestias
2629 2791 2791 2846 etiam
2845 2788 3219 2844 validissimas
3274 2787 3610 2858 aggreditur,

2027 2896 2080 2939 et
2114 2895 2340 2940 caeteras
2384 2901 2578 2941 omnes
2613 2893 2863 2946 venatur,
2918 2882 3265 2949 maximeque
3304 2895 3493 2949 greges
3526 2877 3613 2930 in-

2029 2977 2277 3030 colarum
2303 2975 2532 3029 infestos
2561 2974 2737 3029 reddit
2764 2972 3032 3027 malelicio
3060 2989 3075 3037 ;
3103 2971 3278 3025 solum
3314 2977 3397 3022 est
3425 2968 3613 3021 lancea

329 3066 429 3100 τον
457 3048 631 3121 λόγχῃ
659 3051 753 3102 καὶ
786 3050 945 3122 τόξῳ.
983 3056 1073 3105 Διό
1107 3056 1199 3106 καὶ
1228 3057 1451 3126 ποιῆσαι
1486 3058 1582 3127 μὲν
1613 3060 1923 3130 ὑποχείριον

2035 3076 2086 3122 et
2117 3081 2246 3123 arcu
2272 3065 2699 3129 invulnerabile,
2736 3064 2885 3130 quod
2926 3078 3105 3118 causa}
3136 3071 3241 3124 est,
3269 3074 3329 3115 ut
3360 3074 3521 3113 nemo
3559 3056 3613 3111 id

331 3140 512 3204 οὐδεὶς
566 3142 778 3195 πολλῶν
835 3144 1283 3216 ἐπιϐεϐλημένων
1334 3149 1647 3219 κατίσχυσε,
1678 3150 1738 3203 τὸ
1768 3152 1810 3203 δ’
1844 3152 1924 3217 εἰς

333 3241 562 3311 ὄρυγμα
614 3241 853 3311 ἐμπεσὸν
889 3243 1069 3314 ἤτινα
1127 3243 1278 3295 δόλον
1334 3245 1507 3317 τούτῳ
1541 3247 1921 3317 παραπλήσιον

336 3334 447 3386 ὑπό
498 3331 594 3386 τοῦ
651 3332 823 3404 θυμοῦ
871 3336 1151 3405 συντόμως
1179 3337 1386 3405 γίνεται
1432 3341 1773 3409 περιπνιγές.
1811 3341 1921 3394 Καὶ

330 3425 392 3477 τὸ
430 3426 535 3496 μὲν
586 3425 772 3495 θηρίον
803 3427 1027 3491 εἰκότως
1058 3429 1300 3497 κρίνεται
1330 3428 1471 3503 [καὶ]
1497 3432 1648 3501 παρὰ
1678 3432 1918 3502 τρωγλοο

332 3518 524 3581 δῦταις
551 3518 722 3589 ἀλκὴν
750 3519 850 3588 μὲν
887 3520 1030 3591 ἔχειν
1052 3521 1284 3586 λέοντος,
1324 3524 1487 3593 τάχος
1509 3524 1565 3577 δὲ
1589 3524 1777 3590 ἵππου,
1808 3524 1917 3596 ρώ-

335 3627 450 3682 μην
480 3609 541 3664 δὲ
574 3611 802 3683 ταύρου,
836 3613 1041 3685 σιδήρῳ
1070 3615 1125 3668 δὲ
1156 3615 1254 3686 οὐχ
1276 3617 1522 3672 ὑπεῖκον.

763 3729 906 3798 Περὶ
934 3733 1227 3799 κροκόττα
1258 3735 1489 3802 θηρίου.

407 3844 537 3897 Ὀτι
564 3844 593 3897 ὀ
624 3844 670 3877 ⁸⁸
697 3845 841 3901 κατά
891 3844 990 3917 τὴν
1028 3847 1313 3903 Αἰθιοπίαν
1355 3848 1752 3921 ὀνομαζόμενος
1788 3868 1917 3922 κρο-

331 3937 533 4001 κόττας
578 3938 700 3989 ἐστὶ
733 3939 830 4008 μὲν
878 3938 954 3999 ὼς
986 3940 1051 3992 ὲκ
1098 3939 1265 3993 λύκου
1294 3941 1388 3994 καὶ
1427 3941 1588 4003 κυνὸς
1636 3942 1913 4007 σύνθετον,

332 4032 539 4100 ἀμφοῖν
568 4030 626 4081 δὲ
665 4029 1002 4101 ἀγριώτερον
1030 4032 1124 4083 καὶ
1162 4031 1342 4100 πολλῴ
1393 4031 1691 4102 βαρύτερον
1721 4033 1831 4085 ἀπό
1856 4050 1917 4086 τε

332 4123 427 4176 τοῦ
493 4122 790 4191 προσώπου
828 4124 923 4174 καὶ
965 4123 1072 4175 τῶν
1125 4123 1310 4192 ἄκρων
1342 4125 1385 4157 ⁶⁹
1426 4124 1623 4190 ποδῶν,
1678 4124 1815 4194 ἀλκῇ
1860 4125 1916 4178 δὲ

331 4215 673 4286 θαυμαστὸν,
703 4215 884 4268 ὀδοῦσι
927 4215 984 4269 δὲ
1032 4216 1126 4270 καὶ
1173 4216 1352 4287 κοιλίᾳ
1394 4216 1766 4271 δυνατώτατον
1804 4220 1912 4271 τῶν

329 4309 506 4362 ἀλλων
525 4309 593 4363 ’⁸.
632 4308 745 4361 Καὶ
792 4311 900 4380 γάρ
929 4309 1266 4378 κατάγνυσιν
1313 4310 1563 4380 εὐπόρως
1593 4313 1702 4364 πᾶν
1750 4312 1909 4364 ὀστοῦ

329 4402 508 4466 γένος,
556 4402 653 4453 καὶ
702 4402 763 4453 τὸ
806 4400 1074 4470 διαιρεθὲν
1128 4400 1330 4463 εὐθέως
1380 4401 1770 4472 δεδαπάνηται,
1816 4405 1912 4456 καὶ

331 4492 459 4563 περὶ
484 4492 584 4554 τὰς
632 4491 822 4561 πέψεις
851 4492 1162 4563 ἀδιήγητον.
1191 4492 1361 4545 Τοῦτο
1390 4494 1449 4546 δὲ
1491 4494 1586 4547 κα)⁹
1625 4493 1911 4564 μιμεῖσθαί

2031 3156 2287 3226 subigere
2317 3155 2592 3224 (quamvis
2634 3154 2789 3207 multi
2840 3154 2891 3206 id
2923 3152 3211 3221 tentarint)
3243 3148 3495 3203 valuerit.
3552 3146 3613 3200 lu

2030 3244 2235 3300 fossam
2293 3255 2497 3309 tamen,
2550 3252 2643 3297 aut
2692 3242 2924 3297 similem
2974 3242 3024 3295 ei
3080 3240 3286 3303 dolum,
3317 3239 3361 3294 si
3391 3237 3613 3306 quando

2030 3334 2245 3400 incidit,
2276 3349 2390 3405 prae
2438 3332 2607 3387 animi
2632 3330 2833 3386 ferocia
2870 3331 2980 3384 cito
3005 3328 3341 3392 suﬂ‘ocatur;
3374 3327 3495 3381 ideo
3524 3340 3615 3379 re-

2027 3436 2112 3481 cte
2150 3436 2393 3496 putatur,
2412 3426 2575 3480 etiam
2605 3441 2635 3479 a
2672 3423 3038 3495 Troglodytis,
3087 3422 3409 3477 fortitudine
3439 3418 3614 3474 leonis

2025 3520 2225 3593 55611
2260 3563 2275 3583 ,
2305 3529 2361 3575 et
2391 3520 2679 3575 velocitate
2716 3518 2839 3589 equi
2870 3559 2887 3585 ,
2908 3529 2961 3572 et
3002 3518 3198 3572 robore
3239 3514 3376 3569 tauri
3414 3512 3614 3585 praedi-

2039 3626 2174 3681 tum,
2206 3612 2461 3682 ferroque
2484 3611 2678 3667 cedere
2709 3612 2977 3666 nescium.

2334 3730 2464 3786 CAP.
2496 3729 2611 3784 XL.
2636 3761 2708 3771 —
2737 3728 2815 3785 De
2836 3738 3072 3783 crocotta
3101 3727 3236 3798 fera.

2087 3847 2193 3916 Qui
2228 3856 2505 3903 crocottas
2532 3848 2678 3916 apud
2716 3844 3007 3916 IEtbiopes
3041 3854 3292 3911 vocatur,
3340 3843 3464 3899 inde
3500 3859 3607 3899 no-

2015 3954 2139 3993 men
2168 3939 2351 4005 habet,
2386 3936 2533 4007 quod
2556 3953 2623 3992 ex
2647 3937 2774 4006 lupo
2808 3946 2863 3992 et
2896 3951 3031 3991 cane
3071 3944 3263 3991 natura
3302 3934 3421 4002 eius
3473 3951 3609 3990 con-

2018 4041 2148 4097 stat,
2208 4030 2302 4085 sed
2355 4042 2588 4100 utroque
2613 4031 2784 4084 multo
2833 4032 3031 4084 savior
3073 4039 3176 4094 est,
3226 4038 3282 4083 et
3322 4038 3432 4083 tum
3467 4027 3608 4083 facie

2019 4134 2133 4179 tum
2184 4124 2415 4178 summis
2468 4124 2697 4192 pedibus
2743 4124 2898 4193 longe
2962 4125 3198 4193 gravior,
3248 4132 3303 4175 et
3335 4131 3526 4176 ventre
3549 4129 3605 4174 et

2018 4218 2275 4272 dentibus
2366 4217 2663 4286 antepollet
2732 4231 2949 4270 omnes.
3023 4215 3237 4270 Etenim
3322 4216 3605 4284 quodlibet

2017 4326 2188 4381 genus
2228 4311 2368 4365 ossis
2430 4309 2637 4378 frangit
2678 4308 2822 4361 haud
2858 4308 3165 4373 diliiculter,
3218 4316 3274 4362 et
3304 4308 3600 4361 dilacerata

2016 4406 2263 4475 protinus
2314 4404 2619 4458 consumit.
2672 4401 2785 4456 Nec
2831 4400 2991 4456 facile
3032 4402 3179 4455 dictu
3215 4416 3378 4469 quam
3411 4400 3603 4453 leviter

2017 4497 2273 4552 conficiat
2298 4508 2484 4550 ventre
2510 4505 2564 4549 et
2587 4495 2821 4564 digerat.
2850 4493 2965 4548 lloc
2988 4509 3208 4562 quoque
3237 4508 3425 4547 vocem
3450 4492 3604 4546 eﬂin-

330 4605 471 4652 τινες
498 4586 602 4657 τὴν
649 4586 999 4657 ἀνθρωπίνην
1042 4586 1321 4640 διάλεκτον
1368 4563 1717 4658 διηγούμενοι
1763 4590 1914 4657 ἡμᾶς

2035 4602 2141 4656 gere
2175 4588 2468 4639 humanam
2494 4582 2586 4653 qui
2630 4563 2939 4651 perhibent,
2992 4582 3150 4636 nobis
3173 4581 3331 4635 ﬁdem
3367 4597 3473 4635 non
3518 4580 3601 4636 fa-

333 4676 429 4747 μὲν
457 4680 521 4731 οὑ
555 4668 835 4732 πείθουσιν
854 4696 868 4709 ·
894 4680 1092 4732 ἐκεῖνοι
1118 4679 1175 4732 δὲ
1207 4681 1479 4732 καὶτοῦτο
1503 4680 1909 4749 προστιθέασιν,

2016 4679 2188 4733 ciunt.
2222 4677 2450 4745 Insuper
2471 4686 2525 4730 et
2560 4677 2661 4729 hoc
2706 4675 2933 4737 addunt,
2971 4674 3115 4744 quod
3148 4674 3470 4728 nominatim
3500 4675 3601 4728 bo-

328 4775 395 4837 ὡς
423 4776 519 4828 καὶ
550 4775 610 4839 ἐξ
637 4777 900 4839 ὀνόματος
924 4776 1065 4828 κατά
1091 4775 1191 4839 τὰς
1215 4775 1417 4838 νύκτας
1446 4775 1761 4839 καλοῦντες,
1785 4777 1911 4842 τοὺς

2035 4772 2188 4826 niues
2212 4782 2377 4825 noctu
2410 4780 2623 4833 evocet,
2666 4768 2878 4838 hosque
2908 4768 3057 4822 velut
3085 4768 3150 4821 ad
3175 4783 3364 4821 vocem
3399 4767 3599 4821 huma-

329 4869 381 4923 δὲ
406 4868 482 4929 ὡς
510 4870 597 4921 ἐπ’
650 4868 938 4938 ἀνθρώπου
974 4871 1123 4938 φωνῇ
1170 4868 1519 4939 προσιόντας,
1545 4869 1596 4920 οἱ
1629 4867 1687 4920 δὲ
1714 4868 1909 4940 ἁθρόον

2035 4880 2138 4918 tam
2186 4878 2472 4934 egressos,
2529 4862 2808 4918 concitato
2860 4862 3078 4917 irruens
3137 4862 3366 4931 impetu,
3427 4860 3599 4917 devo-

331 4961 781 5023 ἐπεισπίπτοντες
814 4959 1211 5014 κατεσθίουσιν.

552 5073 693 5143 Περὶ
722 5072 915 5142 ὄφεων
939 5072 1296 5143 παραδόξων
1316 5072 1396 5139 τῷ
1417 5072 1673 5142 μεγέθει.

396 5165 520 5218 Ὀτι
550 5166 751 5235 ὄφεων,
790 5166 945 5237 φησὶ,
998 5164 1219 5233 λέγεται
1270 5164 1478 5236 μεγέθη
1534 5162 1815 5235 παράδοξα
1849 5167 1907 5220 ἐν

2013 4968 2118 5015 PBL

2015 5070 2144 5127 CAP.
2174 5067 2310 5124 XLI.
2332 5101 2404 5112 —
2445 5068 2521 5123 De
2547 5068 2870 5139 serpentibus
2898 5068 3167 5137 stupende
3188 5066 3593 5139 magnitudinis.

2088 5162 2382 5233 Serpentes
2411 5161 2574 5217 etiam
2622 5160 2997 5231 magnitudine
3039 5161 3361 5232 stupendos,
3407 5168 3463 5213 et
3491 5174 3590 5229 ge-

1614 5364 1848 5422 VARIIE
1888 5364 2295 5426 LECTIONES.

396 5516 440 5548 οδ
476 5514 870 5569 ἀτιθάσσευτον
895 5530 956 5577 ς.
1054 5512 1098 5546 ⁸⁵
1135 5514 1266 5583 περὶ
1295 5540 1365 5552 —-
1394 5510 1566 5565 ταῦτα
1598 5525 1707 5565 om.
1739 5510 1806 5564 A.

337 5586 752 5656 ὀνομαζόμενος
780 5584 1080 5656 κροκόττας
1110 5586 1227 5636 ὲστί

329 5653 638 5728 ἀκροπόδων
670 5654 839 5709 ἐσθίει
869 5654 926 5708 δὲ
954 5654 1265 5725 θαυμαστὸν
1298 5655 1407 5709 τῶν
1452 5653 1625 5706 ἄλλων
1656 5668 1797 5707 corr.
1833 5653 1907 5711 Α.

1901 5508 1945 5541 ⁶⁶
1970 5507 2251 5577 διάγεσθαι
2280 5510 2347 5562 Λ.
2422 5510 2467 5541 ⁸⁷
2498 5508 2879 5579 παραπλήσιον
2910 5502 3057 5579 add.
3094 5500 3161 5556 Α.

1277 5583 1375 5652 μέν
1405 5584 1443 5634 Α
1481 5601 1493 5636 :
1535 5581 1989 5649 ὅτι-κροκόττας
2033 5582 2147 5634 ἐστὶ
2199 5580 2295 5651 μὲν
2328 5579 2727 5650 ὀνομαζόμενος
2761 5597 2822 5646 ς.

3272 5502 3316 5533 ⁸⁸
3350 5501 3479 5555 ὃτιό
3523 5537 3596 5552 .—

2903 5577 2946 5609 ”
2976 5574 3179 5642 ἄκρων.
3219 5601 3289 5615 -—
3319 5574 3365 5606 ⁷⁸
3395 5573 3599 5645 ﬁnitivi
