3966 6240
359 268 432 331 59

1516 261 1779 322 PHOTII
1811 259 2319 322 PATRIARCH/E
2347 261 2458 321 CP.
3526 253 3595 317 60

359 395 490 434 nere
545 377 743 432 mirum
784 375 838 429 in
891 373 1111 429 modum
1152 370 1356 436 varios,
1408 369 1516 426 illis
1558 371 1764 425 inlocis
1813 384 1934 425 esse

2041 373 2149 433 τοῖς
2180 370 2368 432 τόποις
2409 365 2549 421 εἶναι
2577 365 2672 421 καὶ
2712 363 2843 434 γένη
2876 365 2919 397 ⁷¹
2946 361 3258 433 θαυμαστὰ,
3292 361 3385 415 καὶ
3430 360 3609 416 πάντα

362 482 639 533 narratur,
691 469 785 539 qui
849 480 1040 521 omnes
1090 464 1213 518 vitae
1262 463 1590 517 nubrimenta
1620 477 1687 515 ex
1731 470 1928 515 venatu

365 571 603 632 captent.
639 559 929 613 Enimvero
973 556 1246 610 maximus
1296 554 1535 618 illorum,
1579 552 1674 622 qui
1730 552 1936 606 nostris

364 656 640 709 exhibitus
666 660 750 706 est
777 648 972 712 oculis,
1011 646 1230 717 triginta
1274 645 1581 699 cubitorum
1624 642 1930 696 videbatur.

368 736 559 790 Omnis
589 747 832 801 serpens,
863 731 1027 783 etiam
1067 727 1430 793 vastissitnus,
1477 722 1934 781 mansuefactioni

368 844 426 883 se
449 823 859 881 accommodum
893 821 1118 891 praebet,
1155 820 1201 873 si
1242 819 1425 887 inopia
1459 817 1777 872 nutrimenti
1807 831 1934 886 pre-

369 916 536 969 mitur
569 923 624 967 et
663 919 993 965 maceratur.
1034 907 1169 961 Nam
1210 907 1411 962 vidisse
1457 921 1516 961 se
1546 914 1751 975 auctor
1777 912 1939 960 testa-

368 1011 479 1065 tur,
525 1003 618 1069 qui
672 999 777 1054 cibi
811 997 1019 1067 inOpia,
1051 1010 1271 1065 semper
1299 1004 1479 1048 tamen
1501 992 1677 1048 oculis
1714 992 1934 1062 objecti,

366 1108 493 1148 cum
528 1093 581 1147 in
606 1092 848 1146 canistro
873 1090 1125 1145 victimas
1158 1087 1225 1141 ad
1261 1086 1592 1142 desiderium
1622 1086 1742 1155 ejus
1779 1086 1937 1140 undi-

366 1200 474 1254 que
518 1184 1016 1250 circumponerent,
1067 1180 1229 1233 simul
1282 1190 1335 1233 et
1387 1178 1553 1231 animi
1586 1176 1937 1231 virulentiam

367 1275 733 1337 submitteret,
764 1284 818 1327 et
841 1272 1295 1326 vehementiorem
1321 1286 1460 1325 esea:
1481 1270 1775 1339 appetitum
1808 1285 1941 1324 con-

368 1372 591 1435 ciperet,
638 1366 963 1433 tandemque
1007 1364 1241 1418 belluam
1294 1363 1647 1434 quantumvis
1692 1362 1939 1437 ferocem

368 1468 422 1511 et
467 1471 687 1518 saevam,
743 1465 851 1509 tam
886 1456 1122 1510 cicurem
1166 1464 1220 1511 et
1247 1454 1513 1523 placidam
1551 1470 1674 1510 esse
1715 1455 1938 1520 factam,

367 1558 427 1602 ut
490 1563 593 1600 nec
645 1546 831 1601 mitius
876 1546 1018 1600 inter
1064 1546 1168 1600 alia
1211 1555 1429 1611 cuncta,
1482 1562 1584 1601 nec
1638 1546 1939 1602 terribilius

366 1639 661 1707 quidquam
705 1653 824 1692 esse
863 1636 1164 1707 judicetur.
1205 1638 1646 1691 Consentaneum
1691 1636 1794 1691 hoc
1833 1644 1938 1701 est,

2035 464 2145 519 ἀπὸ
2178 463 2444 533 κυνηγίας
2471 460 2663 530 ἔχοντα
2698 460 2791 511 τὸν
2823 457 2935 529 βίον
2958 475 2972 487 ·
3002 456 3111 510 τῶν
3140 458 3323 526 μέντοι
3369 455 3473 509 ὑπὸ
3510 456 3608 526 τὴν

2035 555 2333 627 ἡμετέραν,
2382 553 2567 624 φησὶν,
2600 549 2725 619 δψιν
2756 549 3121 603 πεπτωκότων
3156 549 3185 601 ὁ
3223 547 3479 618 μέγιστος
3508 546 3607 599 πέ-

2037 664 2173 719 φηνε
2222 644 2416 717 πηχῶν
2468 643 2785 715 τριάκοντα.
2833 641 3045 695 Γίνεται
3091 640 3168 706 δὲ,
3214 640 3370 709 φησὶ,
3430 641 3537 703 πᾶς
3560 640 3605 671 ’ί

2034 738 2175 806 ὄφις,
2208 736 2302 790 καὶ
2344 736 2372 788 ὁ
2418 736 2694 805 μέγιστος,
2731 730 3042 801 χειροήθης,
3086 727 3266 798 ένδείᾳ
3288 727 3398 781 τῶν
3438 729 3610 797 άναγ-

2034 830 2205 884 καίων
2264 824 2581 896 πιεζόμενός
2623 842 2684 878 τε
2733 824 2832 877 καὶ
2869 820 3330 891 κακουχούμενος.
3358 819 3469 873 Kal.
3500 819 3608 888 γὰρ

2037 922 2130 974 καὶ
2165 920 2224 972 ὂν
2256 919 2382 971 ίδεῖν
2417 916 2624 982 ἐκεῖνός
2654 932 2839 986 φησιν,
2870 914 2953 967 ὅτι
2981 913 3072 967 ὅτε
3107 912 3206 981 τῆς
3237 911 3445 981 τροφῆς
3477 912 3610 964 ἁπο-

2037 1010 2297 1081 κειμένης
2325 1011 2370 1042 "
2406 1006 2644 1079 συνεχῶς
2681 1008 2801 1078 ἅμα
2844 1005 2936 1059 τὸν
2968 1004 3139 1076 θυμὸν
3188 1003 3474 1058 ὲταπείνου
3519 1002 3610 1055 καὶ

2037 1101 2246 1173 τροφῆς
2267 1100 2447 1171 ὄρεξιν
2466 1099 2701 1153 ἐνεποίει
2730 1097 3115 1168 σφοδροτέραν,
3139 1093 3439 1165 τηνικαῦτα
3461 1093 3631 1156 ὲντὸς

2038 1193 2132 1247 τοῦ
2168 1193 2481 1263 πλέγματος
2511 1189 2897 1261 περιϐαλόντες
2926 1190 3099 1259 ίερεῖα
3127 1187 3264 1257 πρὸς
3294 1185 3391 1257 τὴν
3424 1183 3615 1238 ἐπιθυ-

2044 1286 2171 1355 μίαν
2220 1282 2504 1356 [136511.]
2546 1281 2689 1337 οὕτω
2744 1278 3159 1352 παρεσκεύασαν
3205 1277 3463 1349 χειροήθη
3517 1274 3616 1329 καὶ

2041 1377 2219 1448 πρᾶον
2249 1375 2341 1429 τὸν
2374 1376 2590 1446 ἄγριον,
2617 1375 2757 1431 ὥστε
2810 1372 2981 1444 μηθὲν
3016 1371 3063 1404 ⁷⁸
3086 1370 3195 1424 τῶν
3242 1368 3417 1424 ἄλλων
3454 1364 3614 1436 νομί-

2042 1469 2155 1534 ζειν
2180 1468 2315 1539 μήτε
2351 1464 2704 1537 ἡμερώτερον
2748 1466 2884 1535 μήτε
2915 1461 3312 1533 φοϐερώτερον,
3362 1458 3616 1520 εἰκότως,

2041 1554 2216 1627 οἶμαι,
2245 1562 2359 1622 τοῖς
2393 1556 2728 1627 ὑποχειρίοις
2760 1555 2868 1609 τῶν
2896 1555 3049 1619 ζώων
3086 1552 3274 1606 τούτου
3309 1549 3616 1604 συναντῶν-

2041 1669 2152 1716 τος.
2173 1650 2247 1703 Τὸ
2269 1649 2369 1720 μὲν
2400 1647 2510 1720 γὰρ
2524 1648 2831 1702 ἀντιϐαἰνον
2850 1645 3220 1714 κακουχεῖται,
3241 1642 3301 1721 τὸ
3320 1641 3377 1694 δὲ
3407 1656 3616 1709 συγχω-

365 1729 623 1792 arbitror,
686 1728 878 1783 bestiis
938 1729 1253 1797 contingere
1311 1725 1718 1782 mansuefactis.
1787 1725 1936 1797 ;Nam

2041 1747 2168 1817 ροῦν
2220 1743 2504 1815 τρέφεται.
2536 1742 2653 1794 Πᾶν
2684 1740 2742 1793 δὲ
2789 1738 2977 1809 θηρίον
3003 1734 3134 1807 [742
3169 1731 3261 1805 H.]
3304 1731 3618 1785 διδάσκεται

364 1822 511 1889 quod
572 1827 766 1875 contra
835 1820 1007 1873 tendit
1055 1818 1197 1873 male
1241 1827 1545 1883 tractatur;
1602 1818 1747 1889 quod
1806 1833 1936 1873 vero

364 1914 527 1975 cedit,
565 1914 823 1966 nutritur.
855 1909 1073 1976 Quzevis
1103 1910 1271 1965 etiam
1321 1910 1495 1964 bestia
1541 1925 1732 1978 sapere
1752 1909 1933 1976 discit,

364 2020 473 2058 non
514 2003 725 2057 ratione
768 2002 1009 2055 melioris
1053 2000 1379 2055 electionem
1422 1999 1606 2064 docta,
1642 1998 1736 2054 sed
1760 1998 1938 2069 impli-

363 2106 483 2148 nata
521 2102 602 2148 est
638 2108 733 2162 per
754 2093 903 2147 vices
928 2091 1204 2145 aﬂ‘ectioni
1242 2089 1526 2145 memoria.

399 2188 523 2242 CAP.
561 2186 717 2242 XLII.
742 2217 812 2226 —
843 2186 915 2240 De
945 2186 1135 2240 calidis
1170 2186 1324 2254 aquis
1352 2193 1534 2255 sponte
1570 2184 1930 2239 nascentibus.

432 2280 568 2333 Cum
603 2279 769 2333 multa
818 2280 927 2333 siut
965 2278 1356 2332 admirationis
1386 2277 1565 2347 plena,
1593 2286 1647 2331 et
1672 2292 1701 2330 a
1727 2276 1936 2347 vulgari

360 2371 752 2425 consuetudine
780 2369 969 2439 procul
999 2369 1267 2438 sejuncta,
1309 2368 1376 2423 ad
1408 2370 1526 2438 ipsa
1556 2384 1677 2436 quae
1698 2382 1939 2422 comme—

361 2462 836 2532 morationedigua
859 2461 1284 2524 habenturloca,
1304 2460 1504 2530 inquit,
1526 2476 1612 2515 me
1631 2459 1933 2515 conferam.

361 2552 547 2607 Primo
571 2554 754 2625 igitur,
784 2552 830 2608 si
866 2554 990 2623 quis
1016 2553 1085 2607 ab
1119 2553 1352 2607 Arsinoe
1398 2553 1768 2607 continentem
1799 2566 1938 2621 prae-

364 2646 616 2700 tercurrit
664 2645 933 2709 dextram,
976 2644 1244 2710 thermae,
1294 2645 1543 2713 pluribus
1567 2658 1669 2699 cett
1713 2642 1934 2709 ﬁstulis,

360 2754 429 2793 ex
459 2739 678 2793 sublimi
705 2748 857 2808 petra
887 2739 944 2792 in
977 2754 1125 2792 mare
1162 2738 1519 2808 percoluntur
1539 2778 1554 2802 ,
1587 2751 1708 2806 quae
1762 2750 1937 2806 angu-

366 2838 483 2883 stos
532 2829 730 2883 habent
777 2838 1009 2891 meatus,
1049 2844 1159 2883 non
1196 2827 1372 2881 dulcis
1400 2843 1575 2896 aquae,
1613 2827 1706 2882 sed
1740 2842 1940 2881 amarae

363 2920 713 2991 salsilaginis,
759 2927 811 2974 et
842 2918 1011 2974 fontis
1058 2919 1219 2972 talem
1242 2919 1421 2974 sortiti
1474 2929 1747 2972 naturam.
1778 2917 1935 2973 Post-

362 3030 424 3068 ea
465 3029 495 3066 a
534 3013 656 3067 lacu
708 3014 903 3067 obvius
948 3010 1231 3076 estNilus,
1286 3011 1415 3065 dum
1474 3012 1624 3065 rivus
1668 3011 1787 3081 ejus
1842 3024 1938 3080 per

364 3100 487 3154 laxa
537 3108 591 3153 et
624 3099 913 3169 spongiosa
946 3099 1192 3169 quaedam
1230 3098 1285 3152 in
1343 3098 1520 3151 locum
1555 3098 1793 3153 maxime
1832 3099 1937 3153 hu-

364 3193 545 3247 milem
572 3203 625 3246 et
653 3207 954 3247 concavum
1011 3190 1336 3247 transcurrit
1400 3190 1617 3262 4531;.
1650 3189 1812 3245 Juxta
1857 3191 1940 3245 la-

363 3300 488 3338 cum
519 3284 570 3338 in
608 3299 800 3353 campo
830 3284 968 3339 satis
1013 3283 1258 3352 spatioso
1282 3298 1441 3337 mons
1472 3298 1760 3352 assurgere
1792 3282 1940 3336 vide-

363 3385 472 3437 tur,
514 3374 747 3428 rubricae
771 3373 987 3428 metallo
1027 3373 1318 3437 fecundus,
1371 3374 1486 3441 qui,
1519 3381 1579 3425 ut
1609 3373 1743 3426 nihil
1793 3372 1939 3427 aliud

365 3471 621 3523 exhibeat
654 3468 951 3537 singulare,
975 3466 1246 3536 ejusmodi
1275 3474 1451 3520 tamen
1471 3466 1705 3520 colorem
1730 3481 1760 3519 a
1785 3481 1939 3521 sum-

368 3576 457 3615 mo
482 3560 687 3614 vertice
715 3559 975 3622 ostendit,
1007 3566 1064 3611 ut
1084 3557 1226 3611 oculi
1253 3556 1455 3610 intente
1474 3556 1541 3610 ad
1566 3566 1778 3626 tempus
1808 3572 1941 3610 con-

369 3652 632 3706 tuentium
682 3650 967 3704 laedantur.
1018 3647 1153 3704 llinc
1203 3656 1395 3719 portus
1436 3648 1640 3717 excipit
1686 3664 1938 3718 magnus,

368 3745 456 3799 cui
492 3743 667 3810 primo
689 3740 880 3804 Muris,
910 3740 1105 3793 deinde
1128 3738 1357 3795 Veneris
1386 3748 1805 3808 cognomentum
1840 3739 1942 3796 fuit

367 3833 711 3886 attributum.
740 3831 845 3887 Ubi
878 3841 988 3885 tres
1014 3830 1180 3884 etiam
1211 3830 1408 3885 insula:
1434 3838 1673 3892 exstant,
1706 3845 1939 3899 quarum

366 3926 488 3981 duae
540 3925 711 3979 olivas
766 3923 970 3978 habent
1004 3923 1229 3978 crebras
1259 3931 1315 3975 et
1350 3921 1548 3977 densas
1580 3936 1595 3972 :
1623 3936 1730 3975 una
1761 3921 1942 3976 minus

366 4015 586 4088 quidem
638 4017 839 4071 silvosa
878 4022 982 4079 est,
1016 4014 1110 4069 sed
1151 4013 1360 4077 avium,
1402 4027 1541 4082 quas
1583 4012 1941 4083 meleagrides

365 4119 581 4174 vocant,
621 4109 830 4179 t-opiam
866 4109 1054 4162 nutrit.
1116 4105 1214 4162 His
1264 4106 1605 4176 propinquus
1655 4115 1739 4161 est
1767 4105 1940 4170 sinus,

364 4216 524 4269 quem
554 4201 829 4269 impurum
855 4198 1163 4252 nominant.
1193 4195 1365 4263 Quem
1393 4197 1486 4250 ubi
1524 4197 1943 4268 praeternaviga-

366 4294 466 4358 ris,
495 4294 671 4347 insula
700 4292 1092 4362 exporrigitur,
1122 4292 1175 4345 in
1208 4290 1398 4360 pelago
1432 4291 1560 4353 sita,
1602 4288 1943 4360 longitudine

2039 1838 2355 1908 σωφρονεῖν,
2373 1834 2434 1887 ού
2459 1833 2604 1903 λόγῳ
2629 1830 2729 1902 τὴν
2763 1827 2991 1899 ἐκδοχὴν
3024 1825 3118 1879 τοῦ
3146 1825 3457 1895 κρείττονος
3480 1837 3619 1891 μαν-

2038 1929 2218 1992 θάνον,
2262 1924 2805 1998 παραπεπλεγμένης
2845 1921 2891 1976 δ’
2929 1917 3159 1983 ἐναλλὰξ
3200 1915 3280 1988 τῷ
3310 1914 3472 1970 πάθει
3517 1913 3620 1983 τῆς

2040 2019 2281 2091 μνήμηςο

2286 2195 2424 2266 Περὶ
2459 2193 2688 2265 θερμῶν
2713 2191 2950 2250 ὑδάτων
2978 2187 3319 2258 αὐτοφυῶν.

2111 2292 2236 2344 Ὅτι
2272 2289 2427 2359 φησὶ,
2481 2285 2697 2341 Πολλῶν
2748 2281 3108 2353 ὑπαρχόντων
3153 2275 3479 2347 θαυμασίων
3524 2274 3619 2327 καὶ

2037 2382 2225 2453 πόῤῥω
2255 2378 2527 2445 κειμένων
2559 2375 2667 2429 ἀπὸ
2692 2374 2794 2443 τῆς
2828 2369 3140 2440 συνηθείας.
3165 2366 3362 2427 αὐτοὺς
3392 2361 3625 2417 ὲπελεύ⁸

2039 2489 2202 2541 σομαι
2236 2471 2347 2522 τῶν
2375 2469 2556 2522 τόπων
2596 2466 2722 2528 τοὺς
2762 2465 2983 2534 μνήμης
3012 2460 3218 2524 ἀξίους.
3262 2455 3485 2527 Πρῶτον
3519 2453 3624 2524 μὲν

2036 2565 2132 2619 ἀπ’
2163 2562 2449 2633 Ἀρσινόης
2486 2556 2815 2629 παραθέοντι
2838 2554 2937 2623 τὴν
2978 2551 3158 2618 δεξιὰν
3187 2551 3414 2620 ἤπειρον
3441 2547 3635 2616 θερμὰν

2039 2655 2282 2708 πλείοσιν
2306 2652 2490 2714 αὐλοῖς
2519 2652 2583 2703 ἐκ
2610 2649 2818 2718 πέτρας
2848 2644 3058 2715 ὑψηλῆς
3094 2644 3174 2706 είς
3204 2641 3476 2695 θάλατταν
3497 2640 3622 2708 διηο

2038 2747 2233 2811 θεῖται,
2276 2745 2493 2807 στενοὺς
2544 2742 2737 2812 ἔχοντα
2781 2739 3003 2808 πόρους,
3037 2734 3342 2804 ούγλυκέος
3392 2732 3627 2795 ὓδατος,

2038 2839 2176 2894 ἀλλὰ
2200 2837 2403 2906 πικρᾶς
2426 2832 2720 2902 ἁλμυρίδος
2748 2832 2794 2862 ⁷⁸
2826 2848 2885 2883 τε
2912 2830 3008 2882 καὶ
3037 2826 3221 2898 πηγῆς
3253 2825 3416 2893 φύσιν
3454 2823 3623 2893 ὲχού-

2041 2945 2138 2998 σης
2164 2925 2443 2997 τοιαύτην.
2473 2919 2607 2977 Εἶτα
2637 2921 2746 2976 ἀπὸ
2782 2920 2886 2988 τῆς
2920 2919 3117 2990 λίμνης
3162 2910 3543 2987 συμϐέϐληκεν
3577 2916 3629 2948 ³⁸⁷

2039 3023 2068 3076 ὁ
2102 3020 2317 3085 Νεῖλος,
2338 3017 2529 3089 ὀχετοῦ
2557 3016 2645 3070 διά
2675 3030 2839 3067 τινων
2871 3010 3240 3081 ἀραιωμάτων
3269 3009 3349 3071 είς
3385 3008 3478 3061 τὸν
3506 3023 3625 3060 κοι-

2039 3114 2263 3166 λότατον
2306 3109 2666 3179 ύπερθέοντος
2715 3105 2900 3158 τόπον.
2933 3101 3169 3171 Πλησίον
3198 3100 3395 3169 δὲ-τῆς
3419 3098 3622 3168 λίμνης

2043 3200 2333 3274 εύμεγέθει
2390 3199 2556 3269 πεδίῳ
2596 3196 2829 3268 βεϐηκὸς
2853 3194 2980 3264 ὅρος
3022 3191 3383 3261 ἀναφαίνεται
3419 3189 3625 3261 μιλτῶ-

2040 3295 2154 3359 δες,
2179 3294 2345 3362 ἄλλην
2368 3292 2467 3364 μὲν
2486 3288 2745 3360 οὐδεμίαν
2767 3286 3121 3341 ύποδεικνύον
3150 3284 3405 3353 ίδιότητα,
3428 3281 3635 3352 χροιὰν

2040 3387 2098 3439 δὲ
2126 3385 2384 3454 τοιαύτην
2414 3380 2523 3437 ἀπὸ
2570 3380 2673 3449 τῆς
2708 3380 2954 3450 κορυφῆς
3003 3377 3266 3447 σημαῖνον
3310 3373 3413 3444 τῆς
3444 3374 3624 3442 ἄκρας

2040 3475 2318 3530 ὥστε¹τῶν
2348 3472 2709 3536 ἀτενιζόντων
2742 3470 2842 3533 τὰς
2874 3468 3026 3539 ὄψεις
3062 3470 3154 3521 ἐπὶ
3182 3467 3343 3519 πλέον
3385 3465 3622 3536 βλάπτε-

2043 3566 2185 3621 σθαι.
2233 3564 2463 3634 Ἐφεξῆς
2495 3562 2550 3615 δὲ
2577 3560 2743 3632 λιμὴν
2780 3559 2954 3630 μέγας
2988 3558 3291 3627 ἐκδέχεται,
3326 3556 3385 3619 ὃς
3425 3555 3631 3626 πρότε-

2042 3675 2135 3728 ρον
2168 3658 2264 3727 μὲν
2294 3652 2731 3718 Μυὸςὲκαλεῖτο
2762 3653 2953 3723 ὅρμος,
2986 3650 3179 3704 ἔπειτα
3222 3649 3278 3701 δὲ
3301 3647 3627 3717 Ἀφροδίτης

2039 3748 2355 3819 ὠνομάσθη.
2391 3747 2483 3802 Ἑν
2512 3741 2593 3810 οἷς
2624 3747 2723 3799 καὶ
2742 3748 2896 3817 νῆσοι
2918 3745 3067 3813 τρεῖς
3099 3744 3208 3794 είσι
3238 3740 3625 3812 προκείμεναι,

2041 3833 2116 3893 ὧν
2148 3842 2205 3893 αἱ
2247 3839 2347 3911 μὲν
2397 3837 2608 3901 ἐλαίαις
2648 3837 3059 3900 πεπύκνωνται,
3096 3831 3197 3903 μία
3226 3831 3283 3885 δὲ
3333 3826 3497 3904 ἦττον
3526 3831 3631 3899 μὲν

2040 3932 2252 3995 δασεῖα,
2279 3932 2388 3985 τῶν
2411 3930 2469 3983 δὲ
2499 3929 2852 4000 καλουμένων
2882 3923 3257 3996 μελεαγρίδων
3284 3923 3631 3993 ἐκτρέφουσα

2041 4026 2269 4096 πλῆθος.
2305 4025 2531 4089 Τούτοις
2548 4024 2594 4078 δ’
2623 4023 2833 4093 ἐγγίζει
2863 4020 3085 4084 κόλπος,
3119 4018 3180 4073 δν
3209 4016 3467 4072 καλοῦσιν
3492 4016 3634 4071 ἀκά-

2043 4114 2262 4187 θαρτον.
2299 4117 2395 4168 Ὃν
2427 4112 2877 4184 παραπλεύσαντι
2922 4112 3084 4180 νῆσος
3136 4108 3383 4163 ἔκκειται
3425 4110 3492 4179 τῇ
3527 4106 3635 4177 μὲν

2044 4210 2191 4262 θέσει
2212 4207 2470 4276 πελαγία,
2503 4207 2678 4276 μῆκος
2694 4204 2896 4274 ἔχουσα
2918 4202 3149 4257 σταδίων
3177 4202 3253 4265 ὡς
3271 4202 3631 4271 ὀγδοήκοντα,

2042 4301 2111 4372 ἣν
2143 4299 2397 4354 καλοῦσιν
2445 4295 2671 4367 όφιώδη,
2714 4297 2981 4367 πρότερον
3033 4295 3131 4366 μὲν
3179 4294 3460 4364 γέμουσαν
3486 4308 3632 4345 παν-

364 4386 667 4441 stadiorum
724 4385 791 4440 80
825 4384 1068 4449 circiter,
1127 4383 1351 4437 nomine
1398 4381 1755 4452 Serpentinae.
1801 4381 1935 4436 Nam

2043 4392 2205 4445 τοίων
2247 4390 2515 4461 ἑρπετῶν,
2555 4390 2642 4456 ἐφ’
2674 4387 2832 4459 ἡμῶν
2862 4387 2919 4440 δὲ
2951 4386 3244 4457 ἐλευθέραν
3274 4385 3500 4439 τούτων.
3537 4385 3630 4436 Ἐν

364 4478 543 4532 omnis
593 4474 809 4547 generis
857 4474 1207 4545 serpentibus
1240 4474 1517 4543 quondam
1566 4472 1763 4528 referta
1798 4480 1936 4538 erat,

363 4566 456 4620 sed
480 4574 636 4619 aetate
664 4574 848 4618 nostra
868 4563 1041 4617 libera
1071 4570 1176 4617 est.
1211 4562 1269 4615 lu
1300 4562 1404 4615 hac
1432 4559 1648 4629 lapillus
1671 4561 1939 4626 nascitur,

364 4661 540 4729 topazi
577 4659 797 4713 nomine
829 4657 1081 4712 celebris.
1117 4654 1429 4709 Pellucidus
1480 4663 1565 4709 est
1603 4666 1657 4709 et
1694 4655 1835 4709 vitro
1863 4653 1941 4708 si»

362 4754 529 4815 milis,
580 4752 994 4820 jucundumque
1036 4750 1089 4802 in
1137 4762 1275 4802 auro
1320 4748 1626 4801 contuitum
1676 4747 1763 4802 sui
1804 4761 1942 4815 pne-

361 4844 471 4898 bet.
507 4841 622 4896 Hoc
663 4843 854 4895 insula:
895 4840 1253 4904 habitatores,
1286 4838 1383 4909 qui
1422 4837 1588 4891 etiam
1619 4838 1769 4906 regio
1799 4836 1938 4905 lapi-

361 4934 483 4987 dem
522 4933 702 4987 edicto
742 4931 1061 4987 custodiunt
1111 4939 1167 4984 et
1199 4930 1486 5000 colligunt,
1518 4929 1625 4983 isto
1648 4932 1813 4983 modo
1846 4944 1942 4998 po-

362 5028 569 5080 tiuntur
596 5022 805 5079 :Noctu
838 5038 933 5092 per
960 5022 1107 5077 vices
1127 5021 1633 5093 circumvagantur,
1666 5020 1940 5092 ligonibus

360 5120 526 5174 varia:
556 5116 948 5188 magnitudinis
985 5115 1260 5173 instructi.
1289 5113 1426 5170 Nam
1472 5114 1613 5168 intra
1648 5122 1827 5183 petras
1856 5113 1939 5167 la-

362 5212 465 5280 pis,
499 5211 626 5280 quia
658 5209 897 5266 interdiu
920 5225 951 5263 a
978 5208 1099 5264 luce
1134 5220 1447 5279 superatur,
1493 5217 1711 5277 propter
1741 5215 1937 5261 aestum

361 5317 470 5354 non
524 5302 583 5356 iit
632 5301 974 5368 manifestus,
1023 5302 1117 5358 sed
1148 5301 1670 5373 .ingruente'noctis
1718 5298 1935 5363 umbra,

363 5393 676 5463 ubicunque
727 5395 830 5449 loci
866 5396 1131 5461 nascitur,
1158 5397 1225 5452 ab
1250 5396 1398 5453 omni
1421 5404 1573 5465 parte
1607 5390 1931 5462 resplendet.

2044 4482 2103 4535 δὲ
2132 4480 2306 4552 ταύτῃ
2331 4481 2540 4548 γίνεται
2576 4480 2645 4548 τῇ
2678 4479 2849 4548 νήσῳ,
2881 4476 3034 4549 φησὶ,
3078 4478 3173 4530 καὶ
3198 4477 3262 4530 τὸ
3288 4476 3631 4544 καλούμενον

2044 4570 2301 4634 τοπάζιον
2320 4586 2332 4598 °
2367 4568 2483 4621 ἔστι
2509 4568 2566 4621 δὲ
2586 4566 2746 4621 τοῦτο
2764 4567 2911 4632 λίθος
2933 4567 3371 4638 διαφαινόμενος,
3402 4566 3551 4636 ύάλῳ
3581 4567 3628 4598 ⁷⁷

2046 4658 2455 4732 προσεμφερὴς,
2491 4658 2674 4728 ἡδεῖαν
2718 4658 2778 4711 ἐν
2817 4656 3005 4728 χρυσῷ
3036 4657 3271 4728 θεωρίαν
3315 4656 3628 4719 ἀποδιδούς.

2044 4752 2245 4805 Τοῦτον
2272 4750 2361 4803 τὸν
2391 4749 2538 4803 λίθον
2565 4750 2615 4801 οί
2646 4749 2745 4820 τὴν
2780 4750 2944 4819 νῆσον
2972 4749 3248 4812 οἰκοῦντες
3292 4749 3387 4803 καὶ
3414 4747 3514 4818 τὴν
3545 4748 3630 4800 λί-

2044 4842 2136 4896 θον
2168 4841 2433 4913 βασιλικῷ
2468 4842 2836 4910 φυλάσσοντες
2882 4842 3267 4913 προστάγματι
3316 4841 3459 4894 οῦτω
3486 4842 3630 4910 λαμ-

2043 4934 2320 4988 ϐάνουσιν.
2357 4933 2446 4985 Ἐν
2496 4934 2562 5003 τῇ
2603 4933 2757 4987 νυκτὶ
2816 4934 2953 5004 πρὸς
3003 4934 3168 5004 μέρος
3214 4931 3623 5002 περιπολοῦσιν,

2043 5027 2260 5095 ἔχοντες
2293 5025 2553 5091 παντοίας
2597 5028 2710 5092 τοῖς
2745 5027 3006 5097 μεγέθεσι
3045 5026 3334 5093 σκαφίδας,
3375 5026 3433 5078 Ὀ
3462 5024 3523 5077 δὲ
3566 5025 3631 5077 ὲν

2042 5121 2165 5181 ταῖς
2194 5117 2424 5188 πέτραις
2453 5116 2600 5180 λίθος
2626 5118 2724 5187 τὴν
2751 5116 2850 5187 μὲν
2877 5116 3091 5186 ἡμέραν
3122 5115 3227 5168 ὑπὸ
3262 5113 3357 5167 τοῦ
3384 5115 3629 5183 φέγγους

2044 5210 2418 5279 κρατούμενος
2441 5210 2529 5263 διὰ
2555 5210 2616 5263 τὸ
2648 5212 2836 5273 πνῖγος
2863 5209 2922 5262 ού
2954 5208 3163 5275 γίνεται
3192 5207 3471 5277 σύνδηλος,
3501 5205 3629 5259 σκό-

2045 5320 2139 5356 του
2165 5302 2209 5334 ⁷⁸
2241 5301 2299 5355 δὲ
2345 5302 2687 5367 ἐπιστάντος,
2722 5304 2781 5354 ὲν
2808 5294 2854 5369 ᾧ
2882 5299 3001 5353 ποτ’
3044 5300 3109 5353 ἂν
3196 5297 3479 5367 πεφυκὼς,
3510 5298 3628 5351 διαο

2042 5393 2249 5463 λάμπει
2293 5392 2581 5447 πάντοθεν.
2628 5392 2687 5445 '0
2725 5391 2782 5444 δὲ
2825 5389 3056 5445 συνιδὼν
3090 5388 3264 5460 φύλαξ
3301 5386 3626 5458 τηλικοῦτον

1623 5532 1861 5588 ΥΑΠΙᾹ.
1903 5529 2306 5587 LECTIONES.

456 5656 499 5686 "
530 5654 661 5724 γένη
692 5654 730 5708 Β
761 5657 954 5727 {Wet
983 5671 1043 5727 ςο
1092 5653 1168 5727 -.”
1198 5654 1308 5727 πμᾶί
1344 5650 1601 5727 ίέἶῖσίν-Ᾱ’

365 5722 597 5797 ϐέϐηκεν
628 5722 689 5791 ς.
766 5722 1010 5795 ﬂeeing]
1038 5723 1189 5794 γάλῳ
1223 5725 1285 5777 A.
1364 5723 1409 5756 "
1442 5722 1663 5786 σκότους
1690 5724 1747 5777 Β.

1712 5652 1757 5683 ⁷³
1790 5649 2191 5723 προσκειμένης
2225 5650 2288 5704 A.
2368 5649 2411 5681 ’δ
2450 5648 2614 5720 μηδέν
2646 5666 2705 5712 ς.

2798 5649 2843 5681 ⁷⁸
2869 5648 3199 5717 ἁλμυριὰδος
3232 5650 3294 5702 Α.
3393 5646 3439 5677 ⁷⁸
3476 5662 3617 5715 συμ-

3686 5490 3707 5530 1
