3944 6242
278 317 341 381 51
1380 309 1903 372 BIBLIOTHECA.
1939 336 2008 349 --
2040 308 2203 373 COD.
2244 312 2401 376 CCL.
3437 313 3513 377 62

272 420 593 492 περιέθηκεν
615 422 784 491 ἄγγος
811 423 1040 494 σημείου
1069 423 1232 496 χάριν
1265 426 1394 497 περὶ
1424 427 1485 479 τὸ
1504 426 1829 494 διαστίλϐον,

1955 424 2055 492 luo
2091 424 2401 490 observato,
2438 429 2622 477 custos
2655 421 2795 493 signi
2834 436 2996 477 causa
3033 422 3084 476 id
3102 421 3245 493 quod
3267 423 3512 491 splendet

265 514 449 582 ήλίκον
476 513 543 567 ἂν
631 512 727 567 τοῦ
763 514 1136 586 θεωρουμένου
1174 516 1556 588 φαντάσματος
1578 518 1638 570 τὸ
1666 517 1822 587 μέγε-

1953 524 2078 570 anto
2098 516 2400 571 circumdat
2428 529 2575 575 vase,
2594 526 2850 582 quantam
2871 514 2999 569 visa’.
3026 514 3279 583 imaginis
3300 516 3510 584 magni-

265 606 391 670 θοςο
441 601 559 659 εἷτα
609 606 711 677 τήν
762 608 976 677 ἡμέραν
1030 608 1412 679 ἐπερχόμενος,
1464 609 1729 679 ἰσοπληθῆ
1757 611 1822 680 τῇ

1957 607 2168 661 udinem
2192 622 2309 662 esse
2324 605 3004 661 arbitratur.Perdiurnam
3023 617 3207 675 postea
3230 606 3404 661 lucem
3422 624 3514 661 ae-

265 696 639 768 προειρημένῃ
667 696 980 767 περιτεμὼν
1010 698 1237 769 πέτραν,
1267 702 1378 764 τοῖς
1412 700 1710 755 ἐκλεαίνειν
1737 700 1822 753 δυ-

1956 698 2282 763 edens,cum
2303 697 2561 768 aqualem
2590 697 2755 766 priori
2784 698 3146 767 designationi
3165 707 3369 768 partem
3395 692 3513 752 saxi

264 787 522 856 ναμένοις
544 788 815 858 τεχνίταις
845 790 1231 861 παραδίδωσιν.

1956 789 2149 855 :xeidit,
2170 791 2442 860 magistris
2462 788 2740 860 lmvigandi
2758 790 2946 860 peritis
2975 798 3309 861 segmentum
3325 790 3513 844 tradit-

335 878 494 932 Μετὰ
516 878 573 931 δὲ
610 879 782 933 ταῦτα
826 879 888 933 τὸ
924 880 1156 949 πέλαγος
1203 880 1375 945 οὕτως
1427 881 1542 935 ἐστί
1579 880 1834 935 ταπεινὸν

2013 880 2143 936 Post
2216 883 2329 936 haec
2392 896 2543 936 mare
2609 882 2743 936 adeo
2816 881 3018 936 humile
3073 889 3156 935 est
3217 891 3271 935 et
3308 882 3516 952 exiguae

262 968 411 1022 ὥστε
442 971 580 1040 μήτε
608 971 792 1024 πλεῖον
821 972 966 1026 δυεῖν
998 972 1237 1043 ὀργυιῶν
1265 974 1706 1045 ἀναμετρεῖσθαι,
1740 974 1819 1028 ml

1958 973 2343 1037 irofunditatis,
2398 982 2456 1026 ut
2516 988 2619 1028 nec
2659 973 2814 1028 binas
2875 986 3070 1041 orgyas
3107 988 3359 1027 mensura
3420 989 3515 1026 su-

265 1060 487 1130 χλωρὸν
531 1062 816 1129 πάντοθεν,
850 1065 912 1116 οὐ
942 1066 1008 1135 τῇ
1045 1064 1325 1132 φύσειτῶν
1354 1065 1555 1135 ὑγρῶν,
1586 1064 1699 1117 ἀλλ’
1729 1065 1822 1117 imi

1957 1075 2108 1128 reret,
2165 1066 2592 1135 circumquaque
2650 1065 2813 1119 etiam
2870 1064 3066 1129 viride,
3100 1079 3204 1118 non
3244 1081 3514 1135 aquarum

262 1153 366 1205 τοῦ
395 1154 769 1222 διαφαίνοντος
803 1156 955 1226 μνίου
978 1173 1038 1208 τε
1073 1157 1168 1209 καὶ
1212 1156 1416 1225 φύκους
1435 1172 1450 1187 ο
1475 1156 1597 1216 ὅθεν
1629 1155 1723 1209 καὶ
1746 1172 1819 1208 κυ

1955 1165 2160 1221 natura,
2200 1156 2292 1211 sed
2341 1171 2368 1209 a
2402 1171 2594 1211 musco
2620 1167 2673 1210 et
2699 1157 2840 1226 alga,
2870 1157 3108 1211 colorem
3142 1173 3299 1212 suum
3332 1168 3512 1211 trans—

264 1247 378 1301 νῶν
396 1248 519 1317 ἔχει
558 1247 861 1301 θαλαττίων
890 1248 1259 1319 ἀναρίθμητον
1297 1246 1521 1317 πλῆθος.
1558 1247 1632 1300 Δι’
1655 1247 1722 1317 ήν
1751 1247 1821 1300 αἰ-

1954 1248 2207 1303 mittente.
2238 1248 2395 1304 Unde
2429 1258 2483 1303 et
2516 1264 2715 1304 canum
2759 1250 3098 1303 marinorum
3136 1251 3511 1304 innumerabi-

263 1338 394 1391 τίαν
424 1341 454 1391 ό
484 1339 672 1409 ῥηθεὶς
717 1339 883 1409 πόρος
921 1337 1010 1407 νηῒ
1047 1338 1143 1406 μὲν
1180 1340 1365 1409 μακρᾷ
1408 1337 1503 1391 καὶ
1548 1339 1660 1400 τοῖς
1704 1338 1820 1406 ἐπήι

1953 1341 2013 1395 lis
2040 1340 2153 1395 illic
2185 1349 2269 1395 est
2292 1340 2601 1395 multitudo.
2633 1340 2805 1405 Quam
2830 1341 2899 1394 ob
2932 1356 3152 1395 causam
3177 1341 3510 1412 navi-longa,

270 1449 395 1501 ρεσι
422 1433 467 1464 ⁷³
499 1432 704 1496 πλοίοις
731 1432 935 1499 γίνεται
970 1432 1304 1501 εὐάρμοστος
1324 1446 1336 1461 ο
1370 1429 1600 1499 ἀκύμων
1644 1446 1703 1481 τε
1737 1429 1827 1500 γάρ

1960 1437 1999 1481 ιι
2044 1428 2127 1482 bis
2167 1442 2288 1496 qua:
2328 1427 2553 1497 remigio
2604 1439 2991 1495 promoventur
3018 1467 3032 1491 ,
3086 1428 3187 1482 iter
3224 1428 3347 1481 illac
3396 1444 3517 1495 per-

268 1522 448 1587 ὲστιν,
482 1522 583 1575 οὐκ
606 1524 672 1574 ὲκ
699 1520 829 1592 [745
854 1520 949 1592 Η.]
977 1519 1172 1574 πολλοῦ
1215 1520 1417 1574 κυλίων
1446 1521 1538 1571 τὸν
1579 1519 1821 1572 κλύδωνα

1962 1520 2296 1575 :ommodum
2326 1528 2408 1572 est
2445 1527 2499 1572 et
2541 1528 2762 1587 aptum;
2791 1528 3141 1587 tempeatates
3179 1518 3322 1573 enim
3368 1518 3519 1587 igno-

270 1615 372 1665 καὶ
398 1612 574 1682 θήραν
627 1612 825 1683 ἰχθύων
868 1613 1237 1685 παραδίδωσιν
1282 1613 1529 1668 ἄπιστον.
1557 1611 1720 1685 [1568
1755 1612 1819 1669 Β.

1967 1620 2054 1672 'at,
2084 1626 2183 1664 nee
2209 1609 2403 1663 fluctus
2432 1625 2460 1663 e
2501 1610 2759 1679 lOginquo
2790 1610 3113 1676 advolvitur,
3154 1619 3207 1665 et
3238 1610 3524 1664 incredibi-

274 1704 351 1757 Τὸ
374 1705 437 1757 δὲ
461 1705 589 1776 περί
615 1705 714 1768 τάς
740 1705 1141 1775 ὲλεφαντηγοὺς
1166 1705 1335 1757 κακὸν
1368 1703 1532 1757 πολὺν
1562 1704 1709 1756 ἔλεον
1736 1706 1831 1767 τοῖς

1954 1704 2056 1757 lem
2093 1703 2320 1774 piscium
2348 1703 2545 1757 sufficit
2574 1704 2828 1770 praedam.
2860 1703 3019 1757 Circa
3049 1705 3163 1757 [nec
3200 1705 3339 1768 loca,
3368 1704 3511 1755 navi-

276 1775 580 1864 πάσχουσιν
615 1794 725 1850 ἀπὸ
772 1796 883 1847 τῶν
925 1794 1176 1865 ὁρώντων
1229 1794 1562 1847 ἐκκαλεῖται.
1601 1794 1683 1846 Τά
1740 1794 1833 1863 γὰρ

1963 1794 2059 1848 bus
2092 1809 2212 1863 qua:
2249 1794 2569 1863 elephantos
2613 1794 2818 1850 vehunt
2854 1796 3107 1850 accidens
3134 1794 3520 1860 infortunium,

281 1886 443 1939 πλοῖα
472 1885 533 1939 τὸ
590 1888 741 1956 κύμα
783 1885 1039 1956 ἐξαίφνης
1069 1885 1103 1955 ἢ
1164 1886 1340 1955 πέτρᾳ
1366 1884 1414 1915 ⁸ο
1441 1882 1770 1954 περιέθηκεν
1815 1883 1838 1932 i‘

1966 1882 2025 1937 ad
2054 1898 2301 1953 magnam
2336 1893 2647 1952 spectantes
2677 1884 3109 1938 misericordiam
3138 1900 3263 1953 erga
3294 1884 3523 1940 afflictos

285 1978 419 2048 πρὸς
446 1978 681 2047 ἀμμώδη
743 1977 1009 2047 συνήλασε
1054 1978 1334 2046 περιοχὴν,
1374 1976 1469 2029 καὶ
1519 1974 1723 2045 ἄπορον
1751 1974 1842 2043 τὴν

1970 1985 2233 2035 provocat.
2297 1974 2521 2044 Navigia
2556 1976 2701 2029 enim
2754 1975 2956 2030 fluetus
3009 1988 3228 2043 repente
3301 1976 3527 2044 sc0pulo

290 2070 559 2139 σωτηρίαν
578 2069 821 2140 παρέσχε
846 2071 957 2131 τοῖς
983 2068 1300 2137 ἐμπλέουσι.
1324 2066 1417 2119 Διὸ
1436 2068 1505 2118 τὰ
1533 2066 1630 2135 μὲν
1659 2064 1847 2134 πρῶτα

1968 2064 2136 2129 ίΙΙὶἀίι,
2184 2073 2275 2119 aut
2320 2063 2519 2134 457α
2577 2065 2629 2119 in
2669 2066 2947 2135 angustias
3006 2080 3315 2128 arenarum,
3358 2064 3525 2118 veluti

294 2159 518 2229 ὀδυρμὸς
552 2160 676 2222 τοὺς
726 2158 1087 2223 ἐπιπλέοντας
1121 2161 1332 2228 συνέχει
1364 2159 1528 2222 πολὺς
1585 2158 1705 2226 μὲν,
1750 2157 1851 2209 οὐκ

1970 2171 2228 2220 carceres,
2252 2155 2571 2225 eompingit,
2621 2171 2949 2225 omnemque
3000 2156 3193 2210 salutis
3218 2156 3361 2208 viam
3388 2170 3527 2208 nau-

302 2249 675 2317 ἀπογινώσκων
719 2251 776 2304 δὲ
806 2250 905 2322 τὴν
949 2250 1157 2319 ἀμείνω
1201 2250 1556 2321 προσδοκίαν·
1588 2250 1691 2322 ήδη
1740 2251 1851 2319 γάρ

1974 2248 2026 2302 is
2074 2249 2377 2318 praecludit.
2436 2248 2560 2303 Ideo
2601 2250 2847 2318 prolixus
2892 2248 3044 2307 iuitio
3085 2257 3420 2315 conquestus
3462 2264 3531 2301 eo

299 2358 449 2404 τινας
472 2339 633 2405 οὕτως
652 2342 1048 2411 ἀπενεχθέντας
1064 2342 1109 2374 ⁸¹
1137 2342 1342 2395 σέσωκε
1372 2342 1691 2412 πλημμυρὶς
1719 2341 1852 2393 ὑπο-

1970 2340 2166 2395 delatos
2217 2349 2473 2409 occupat,
2514 2339 2756 2394 melioris
2791 2347 2969 2392 tamen
3018 2338 3251 2391 fortunae
3293 2354 3387 2407 spe
3417 2353 3527 2391 non

293 2431 527 2485 λαϐοῦσα
558 2436 671 2495 τοῖς
702 2432 1005 2487 ἀνοιδοῦσιν
1046 2433 1325 2503 αἰφνιδίως
1360 2434 1425 2486 ὲκ
1452 2434 1550 2503 τῆς
1583 2432 1850 2501 θαλάττης

1974 2429 2188 2498 tbjeeta.
2228 2427 2346 2481 Jam
2363 2429 2506 2482 enim
2532 2428 2848 2487 nonnullos.
2872 2443 2937 2481 eo
2976 2427 3311 2481 discriminis
3342 2429 3531 2481 redac-

288 2524 473 2591 δγκοις
491 2542 504 2555 ·
536 2525 678 2578 ὲπάν
704 2525 760 2578 δὲ
784 2525 926 2597 λήγῃ
945 2524 1014 2578 τὰ
1037 2526 1136 2594 τῆς
1162 2527 1387 2596 τροφῆς,
1420 2525 1586 2596 μυρία
1610 2525 1707 2594 μὲν
1725 2527 1845 2578 ἀνα-

1975 2537 2064 2585 .os,
2097 2528 2287 2583 aestus,
2340 2521 2743 2574 intumescente
2780 2535 2845 2572 ex
2891 2520 3026 2573 mari
3080 2517 3278 2581 ﬂuctu,
3311 2527 3532 2586 repente

286 2616 531 2687 δέχονται
581 2617 746 2687 πάθη,
776 2618 928 2681 τέλος
970 2618 1028 2670 δὲ
1061 2619 1107 2649 ⁸²
1139 2617 1519 2673 ἀναλίσκονται
1575 2618 1778 2681 πάντες
1822 2617 1843 2668 εἰ

1972 2622 2247 2682 susceptos
2279 2611 2535 2666 servavit.
2568 2611 2796 2677 Quando
2819 2627 2945 2666 vero
2964 2612 3218 2666 alimenta
3248 2612 3529 2675 deficiunt,

283 2707 427 2777 λιμῷ
456 2709 490 2776 ἢ
518 2707 633 2779 (τοῦ
662 2708 820 2778 λιμοῦ
848 2709 908 2762 τὸ
951 2710 1340 2780 μακροχρόνιον
1364 2711 1426 2763 οὐ
1458 2708 1736 2782 φέροντες)
1780 2707 1840 2772 ξί·

1975 2720 2261 2759 ιιιηυιιιθηε
2280 2704 2579 2760 succedunt
2601 2704 2933 2758 auxielates:
2964 2703 3135 2759 donec
3169 2704 3234 2758 ad
3279 2704 3532 2757 ultimum

286 2820 393 2871 φει,
427 2802 465 2874 ἢ
496 2804 634 2873 αὐτῇ
664 2802 905 2873 θαλάσσῃ
922 2803 969 2834 ⁸³
997 2804 1137 2872 σφᾶς
1158 2804 1354 2867 αὐτοὺς
1382 2804 1815 2873 ὲπιρῤίπτοντες.

1976 2813 2151 2852 )mnes
2197 2799 2580 2863 absumuntur,
2619 2805 2714 2851 aut
2761 2794 2923 2860 fame,
2971 2806 3085 2862 aut,
3135 2796 3180 2851 si
3220 2796 3533 2851 diuturnam

285 2898 449 2954 famis
480 2898 657 2952 tabem
692 2913 796 2952 non
834 2897 1133 2969 perferunt,
1164 2913 1293 2954 ense
1322 2898 1578 2964 confecti,
1600 2906 1693 2951 aut
1726 2904 2028 2967 spontaneo
2061 2894 2298 2963 impulsu
2329 2893 2380 2945 in
2412 2906 2594 2962 aequor
2634 2890 2970 2960 praecipitati.

355 2993 483 3044 Ὅτι
517 2989 672 3060 φησὶ,
706 2990 785 3043 Τὰ
821 2991 919 3059 μὲν
947 2991 1050 3052 ἓως
1076 2991 1183 3043 τῶν
1227 2991 1454 3061 Ταύρων
1480 2990 1527 3021 ⁸⁸
1570 2991 1664 3044 καὶ
1720 2991 1855 3042 Πτο-

2033 2988 2162 3041 CAP.
2197 2984 2376 3038 XLIII.
2405 3014 2476 3026 -—
2498 2984 2575 3037 De
2612 2984 2740 3036 locis
2769 2999 2931 3050 supra
2960 2978 3338 3035 Ptolemaidem
3370 2991 3419 3035 et
3453 2983 3538 3035 in-

285 3083 544 3152 λεμαΐδος
574 3085 930 3153 ἡρμήνευται,
961 3084 1028 3137 τά
1050 3083 1107 3136 δὲ
1140 3084 1399 3154 ἀνωτέρω
1429 3082 1635 3136 τούτων
1663 3084 1723 3135 ού
1756 3083 1842 3150 τὴη

1979 3077 2200 3148 ῖεηιὶὺιιε
2229 3078 2468 3131 balwnis.
2492 3075 2718 3129 -Loca
2738 3076 2803 3128 ad
2826 3073 3037 3128 Tauros
3068 3082 3122 3126 et
3153 3074 3536 3128 Ptolemaidem

289 3177 561 3248 τυχοῦσαν
604 3176 869 3245 λαμϐάνει
903 3176 1220 3246 μετάϐασιν.
1273 3177 1464 3229 Κεῖται
1523 3175 1634 3244 γὰρ
1677 3173 1846 3227 οὐκέτι

1983 3186 2139 3240 isque
2164 3170 2430 3238 explicata
2485 3178 2628 3222 sunt.
2663 3166 2757 3221 His
2792 3176 2973 3221 autem
3014 3167 3295 3235 superiora
3335 3167 3540 3220 transi-

290 3270 357 3322 τά
398 3269 664 3320 ἐπέκεινα
709 3267 845 3336 πρὸς
894 3266 1238 3336 μεσημϐρίαν
1293 3264 1396 3335 τῆς
1444 3264 1651 3335 χώρας,
1694 3264 1780 3316 ἀεὶ
1803 3262 1847 3315 δὲ

1986 3280 2082 3316 ,ιιιη
2115 3277 2223 3316 non
2263 3260 2338 3315 ita
2376 3260 2653 3330 vulgarem
2700 3258 3017 3313 admittunt.
3076 3256 3341 3311 Ulteriora
3394 3257 3543 3311 enim

293 3360 431 3431 πρὸς
457 3359 507 3392 ⁸⁵
538 3358 638 3429 τὴν
693 3358 960 3428 ἀνατολὴν
1006 3356 1331 3428 ἀναστρέφει
1367 3355 1609 3431 μᾶλλον,
1644 3353 1850 3416 καὶτὰς

1986 3368 2080 3408 non
2110 3352 2176 3407 ad
2206 3351 2488 3407 meridiem
2512 3350 2746 3417 amplius
2781 3348 2985 3419 iacent,
3017 3348 3107 3402 sed
3145 3348 3316 3417 magis
3339 3362 3402 3399 ac
3428 3363 3543 3400 ma-

296 3456 454 3518 σκιὰς
485 3454 668 3524 βάλλει
693 3452 833 3514 τέως
872 3452 1017 3504 δυεῖν
1043 3449 1205 3521 ὡρῶν
1239 3450 1317 3512 εἰς
1352 3447 1443 3501 τὸν
1498 3446 1853 3514 ἀντικείμενοι

1988 3447 2054 3518 gis
2089 3447 2155 3501 ad
2203 3456 2383 3501 ortum
2429 3457 2491 3498 se
2520 3442 2820 3507 reflectunt,
2855 3449 2911 3494 et
2942 3441 3163 3494 umbras
3206 3440 3346 3492 intra
3383 3440 3545 3491 horas

296 3544 460 3597 τόπον
482 3543 585 3613 τῆς
615 3543 838 3613 ἄρκτου.
869 3541 991 3594 Ἔτι
1007 3541 1064 3593 δὲ
1086 3540 1350 3609 ποταμοῖς
1370 3538 1416 3570 ⁸⁸
1448 3538 1799 3608 καταρρεῖται
1824 3538 1853 3570 ⁸⁴

1987 3539 2135 3594 binas
2170 3538 2325 3605 (anni
2362 3534 2567 3605 partes)
2594 3532 2893 3603 projiciunt
2914 3531 2966 3584 in
2996 3529 3298 3600 oppositam
3326 3540 3544 3597 septen-

298 3637 394 3699 τὰς
422 3636 607 3706 πηγὰς
639 3634 1020 3703 ἀναφαίνουσιν
1069 3631 1177 3687 ἀπὸ
1214 3632 1322 3686 τῶν
1370 3630 1626 3685 Ψεὸαιῶν
1667 3629 1855 3682 καλου-

1990 3630 2244 3685 rionibus
2285 3628 2524 3699 plagam.
2566 3625 2768 3680 Fontes
2830 3625 2991 3679 etiam
3036 3624 3222 3683 edunt,
3257 3638 3287 3674 e
3312 3620 3547 3675 Psebueis

304 3728 479 3798 μένων
501 3727 661 3799 ὀρῶν.
685 3726 796 3796 Τῆς
827 3725 882 3778 δὲ
906 3725 1086 3795 χώρας
1114 3726 1148 3794 ἡ
1182 3723 1279 3793 μὲν
1313 3724 1393 3785 εἰς
1443 3722 1543 3792 τὴν
1580 3722 1861 3791 μεσόγειαι

1992 3725 2139 3795 'quos
2164 3721 2381 3791 vocant)
2414 3718 2694 3774 montibus
2735 3716 3112 3770 scaturientes.
3151 3712 3279 3783 Ejus
3314 3711 3549 3780 regionis

302 3818 651 3872 ἀνατείνουσα
695 3816 908 3887 πλήρης
939 3814 1244 3883 ἐλεφάντων
1288 3813 1384 3865 καὶ
1439 3812 1733 3883 ρινοκέρων
1780 3810 1859 3863 καλ

1992 3822 2202 3881 .ractus,
2253 3813 2348 3885 qui
2393 3812 2795 3867 mediterranea
2845 3814 3076 3878 spectat,
3109 3806 3298 3876 plenus
3333 3813 3416 3859 est
3441 3804 3549 3858 ele-

301 3911 518 3981 ταύρων
556 3909 651 3962 καὶ
694 3907 825 3975 ὑῶν,
852 3907 923 3960 τὰ
984 3906 1041 3959 δὲ
1064 3907 1144 3969 εἰς
1193 3905 1284 3958 τὸν
1339 3904 1506 3975 πόρον
1568 3902 1858 3973 καθήκοντι

1994 3906 2195 3975 )1ιοιιιὶε
2223 3920 2285 3960 ac
2309 3900 2770 3965 rhinocerotibus,
2797 3898 3079 3967 taurisque
3106 3906 3158 3951 et
3181 3897 3391 3950 suibus.
3421 3894 3551 3961 Quae

303 4008 486 4076 νήσοις
524 4006 738 4060 ἅπαντα
784 4004 1079 4058 πυκνοῦται
1129 4006 1195 4075 τῇ
1226 4003 1385 4071 φύσει
1433 4003 1532 4071 μὲν
1584 4002 1860 4071 ἀκάρποιςἸ

1990 4014 2107 4055 vero
2139 3999 2205 4053 ad
2263 3998 2443 4053 sinum
2475 3995 2814 4065 pertingnnt,
2862 3989 3107 4045 conferta
3151 3998 3275 4043 sunt
3314 3986 3547 4040 insulis:

305 4096 602 4168 γεμούσαις
629 4096 685 4149 δὲ
711 4096 915 4167 ὀρνέων
942 4094 1328 4165 ἀνιστορήτους
1360 4093 1404 4125 ⁸⁸
1445 4092 1588 4155 ἰδέας
1620 4091 1862 4162 ἐχόντων⁴

1995 4090 2071 4144 sed
2125 4089 2208 4143 hze
2246 4086 2523 4141 fructuum
2563 4085 2777 4153 in0pes,
2825 4082 3039 4144 avibus,
3075 4093 3306 4148 quarum
3343 4078 3552 4146 species

304 4188 376 4240 Τὸ
406 4187 465 4239 δὲ
517 4187 625 4240 ἀπὸ
670 4187 824 4239 τοῦδε
869 4188 903 4255 ή
967 4187 1066 4256 μὲν
1113 4185 1354 4239 θάλαττα
1429 4185 1618 4255 βαθεῖά
1674 4202 1734 4237 τε
1784 4186 1861 4237 καί

2000 4180 2209 4235 necdum
2282 4187 2577 4247 comperta
2617 4215 2633 4241 ,
2688 4174 3121 4242 frequentantur.
3168 4168 3315 4223 Mare
3359 4168 3555 4222 exinde

305 4276 534 4347 πλόϊμος
565 4276 632 4339 θ’,
656 4279 797 4346 κήτη
842 4276 900 4330 δὲ
949 4276 1061 4347 ἔχει
1091 4276 1394 4346 τηλικαῦτα
1440 4275 1582 4329 ὥστε
1637 4276 1862 4347 ἀγωνιᾷι

1997 4270 2312 4341 profundum
2352 4277 2438 4323 est
2484 4275 2540 4321 et
2572 4266 2899 4336 navigabile,
2959 4263 3051 4317 ubi
3096 4270 3259 4315 tanta:
3288 4258 3554 4313 vastitatis

306 4371 396 4422 τὸν
433 4369 612 4422 ἰδόντα
635 4384 651 4399 ⁸
674 4370 734 4421 οὐ
763 4370 945 4440 μέντοι
991 4368 1410 4438 διαπεφώνηκεν
1436 4370 1481 4401 ⁸ο
1514 4368 1708 4434 οὐδεὶς,
1742 4368 1863 4437 πλὴι

2000 4371 2123 4423 sunt,
2149 4370 2285 4425 cete,
2344 4368 2407 4413 ut
2446 4358 2725 4412 horrorem
2777 4354 3052 4409 incutiant
3104 4350 3327 4405 videnti.
3354 4348 3557 4403 Nautas

309 4462 415 4514 τῶν
448 4461 945 4531 περιπεπτωκότων
965 4460 1238 4525 ἀκουσίως
1273 4464 1392 4524 ταῖς
1423 4461 1635 4530 λοφιαῖς
1667 4460 1754 4513 διὰ
1782 4460 1866 4530 τηε.

2001 4467 2165 4507 .amen
2213 4449 2358 4505 haud
2379 4458 2597 4513 vexant,
2650 4448 2755 4501 nisi
2800 4447 2846 4501 si
2897 4445 2989 4515 qui
3022 4443 3178 4497 inviti
3225 4444 3277 4495 in
3331 4442 3558 4496 vertices

308 4554 417 4605 τῶν
436 4551 745 4623 εἰρημένων
763 4551 1003 4620 ἄγνοιαν·
1035 4552 1127 4606 καὶ
1154 4553 1263 4622 γὰρ
1283 4553 1404 4606 οὐδὲ
1427 4552 1641 4605 διώκειν
1663 4551 1859 4604 δύνατα

2008 4552 2293 4609 ncurrunt,
2330 4542 2604 4612 imperitia
2635 4540 2904 4593 locorum.
2941 4535 3057 4589 Non
3077 4535 3222 4589 enim
3251 4534 3559 4589 consectari

312 4640 646 4711 θρασύτερον
672 4641 799 4704 τοὺς
829 4641 1109 4706 πλέοντας,
1130 4642 1236 4694 τῶν
1260 4642 1523 4712 ὀμμάτων
1544 4642 1656 4704 τοῖς
1674 4640 1869 4710 θηρίοις

2006 4646 2216 4693 )ossunt
2264 4635 2527 4691 audacius
2585 4633 2922 4701 navigantes,
2969 4644 3093 4681 eum
3140 4627 3333 4682 obtusa
3372 4625 3563 4679 oculo-

312 4734 768 4805 ἀμαυρουμένων,
803 4733 931 4787 ὅταν
960 4735 1025 4786 ὲκ
1052 4733 1152 4803 τῆς
1196 4732 1463 4803 θαλάττης
1496 4732 1565 4785 τά
1610 4733 1869 4803 πρόσωπα

1499 4732 1565 4785 τὰ
1610 4733 1883 4803 πρόσωπα
1992 4746 2111 4787 rum
2143 4731 2217 4786 sit
2240 4729 2408 4793 acies,
2431 4742 2462 4782 e
2493 4727 2629 4781 mari
2669 4724 3056 4780 eminentibus.

311 4825 679 4894 ἀναφαίνωσιν
703 4826 769 4877 ³⁸.

382 4916 508 4969 Ὅτι
564 4914 661 4968 τοῦ
737 4912 1057 4977 Φοινικῶνος
1113 4913 1180 4965 τά
1230 4912 1328 4983 μὲν
1370 4911 1577 4967 άνωθεν
1633 4911 1884 4983 δρώμενα

2059 4910 2188 4967 CAP.
2222 4907 2384 4964 XLV.
2419 4939 2486 4950 —
2519 4906 2595 4960 De
2629 4905 2803 4959 Nessa
2824 4913 3128 4959 aromatum
3160 4902 3474 4955 conditorio.
3495 4928 3566 4940 —

315 5008 540 5077 πέτραις
575 5005 735 5076 ὕψεσι
765 5004 1035 5067 ποικίλαις
1069 5005 1381 5074 κατέχεται,
1414 5006 1527 5066 τοῖς
1561 5006 1608 5036 ³⁸
1636 5003 1695 5056 δὲ
1752 5003 1872 5074 πρὸς

2008 5001 2219 5055 Palmeti
2248 5000 2360 5055 illic
2393 4997 2699 5067 superiora,
2720 5010 2841 5066 quae
2874 4996 3050 5050 oculis
3097 5008 3156 5048 se
3186 4993 3438 5055 offerunt,
3467 4990 3565 5044 ob-

316 5099 591 5154 θάλασσαν
637 5097 916 5168 διήκουσιν
958 5095 1070 5167 ῂὼν
1114 5094 1399 5148 ὑπόκειται
1453 5094 1612 5164 στενή
1683 5109 1742 5146 τε
1798 5092 1873 5145 κα¹

2010 5093 2235 5145 ,ἰηιξιιῑυτ
2265 5104 2296 5143 a
2337 5089 2508 5159 petris
2546 5085 2873 5141 celsitudine
2908 5085 3096 5140 variis.
3152 5081 3421 5137 Porrectis
3467 5094 3567 5130 au-

321 5192 526 5261 μακρά.
552 5190 635 5259 Τῇ
747 5166 1011 5259 εἰρημένη
1036 5185 1280 5258 παραλίᾳ
1291 5187 1547 5239 συνάπτει
1583 5185 1680 5255 μὲν
1700 5184 1878 5247 τόπος.

2010 5190 2113 5236 tem
2143 5181 2210 5235 ad
2241 5195 2393 5235 mare
2417 5179 2571 5234 littus
2606 5177 2913 5247 subjectum
2941 5185 3025 5231 est
3047 5182 3337 5243 angustum
3368 5180 3421 5221 et
3446 5166 3567 5219 lon-

1610 5296 1845 5352 V'ARl/E
1875 5295 2278 5353 LECTIONES.

388 5400 433 5430 τ’
468 5398 699 5466 ἐπήρεσι
732 5392 755 5466 ]
809 5394 1092 5466 κωπήρεσι
1157 5408 1264 5466 mg.
1315 5412 1328 5444 :
1393 5392 1862 5466 Diodorus__enim
1914 5390 1991 5466 (5,
2028 5391 2120 5466 4Q)
2157 5387 2484 5466 ἐπικώποις.
2668 5385 2701 5456 ἢ
2737 5387 2944 5466 ,πέτρᾳ
2991 5383 3035 5434 ι’.
3061 5378 3177 5466 ..τῇ
3464 5373 3566 5466 ῌε

323 5469 353 5537 ἦ
403 5447 489 5538 τῇ⁷
525 5447 704 5538 πέτρᾳ
913 5447 1387 5538 ⁸ξ”ὲπενεχθ’ῗέντας
1426 5462 1496 5538 A_.
1596 5463 1641 5495 ⁸²
1673 5462 1877 5538 deum.
1910 5447 1989 5538 Ᾰξ
2154 5447 2488 5538 θαλάττῃ-Β.
2509 5525 2528 5538 ἳ
2579 5456 2625 5488 ⁸⁸
2650 5447 2884 5538 ταύρων
2916 5447 3071 5538 aut.“
3088 5447 3156 5538 Αἰ
3211 5447 3569 5538 ταξιρίξγηξξιὶ

325 5512 595 5608 Quirinii?
609 5512 703 5589 157
740 5512 822 5568 ³⁵⁸
857 5512 1384 5608 ﬁeriﬁeri}?
1426 5512 1498 5608 ’ἓέ
1524 5512 2033 5608 muraenas.
2151 5512 3568 5608 remrem]wmééﬁmtswft-Au.21.553339?

761 5622 822 5670 ς.
862 5582 991 5636 "r6"
1454 5603 1499 5679 9_‘
1528 5582 1961 5679 δήιαπὲφιὶἶνηκεν]
1989 5582 2107 5657 νὶᾶιν
2151 5582 2477 5669 κνοδέέιίυδ.
2512 5582 2597 5652 ’δύ
2641 5582 2862 5652 θὼὶίοτ.
2899 5582 2963 5657 ⁷5,
3009 5588 3098 5644 41.
3195 5582 3238 5616 ⁸⁸
3264 5583 3571 5649 ἀναφαίνω-

329 5672 405 5732 σιν
433 5677 474 5732 Β
500 5696 515 5736 :
546 5672 901 5749 ἀναφήνωσιν
929 5692 992 5740 ς.
1068 5676 1113 5707 ’³
1140 5672 1252 5738 τοῖς
1279 5675 1324 5729 Α
1347 5692 1361 5730 :
1399 5672 1493 5726 καί
1513 5674 1622 5736 τοῖς
1662 5688 1723 5735 ς.
