3944 6242
364 256 434 319 55
1513 256 1775 317 ΡΗΟΤΙΙ
1795 256 1937 316 ΡΛΤ
1946 256 2296 318 ΒΙΑΒΟΗίΕ
2342 256 2451 315 CP.
3530 250 3601 314 56

365 380 515 433 gum.
546 362 693 419 Mare
719 363 850 417 illud
882 361 1293 433 attingitlocus,
1322 376 1484 431 quem
1514 363 1739 418 Nessam
1766 363 1930 434 (Ana-

2048 364 2088 417 iv
2158 364 2605 434 προσηγόρευσαν
2677 361 2900 430 Νῆσσαν
2947 358 3054 414 ἀπὺ
3126 359 3228 428 τῆς
3300 358 3395 413 τοῦ
3467 359 3605 423 ζώου

368 458 479 523 ten)
502 456 569 509 ab
603 455 851 507 animalis
875 453 1037 522 hujus
1065 442 1436 515 multitudine,
1473 464 1806 522 nuncupant.
1836 452 1931 507 Ja-

365 557 451 602 cet
480 550 591 601 hmc
617 548 768 615 juxta
795 547 1230 615 promontorium
1271 546 1522 616 apprime
1550 546 1839 607 silvosum,
1879 556 1933 600 et

366 635 412 689 si
453 635 656 688 directe
685 642 976 702 spectetur,
1005 635 1071 689 ad
1118 634 1332 687 Petram
1364 633 1549 703 (hujus
1586 633 1824 688 nominis
1847 634 1931 687 Io-

367 728 513 793 cum)
561 734 615 779 et
656 725 1002 780 Palaestinam
1062 742 1236 795 usque
1295 726 1640 796 expanditur.
1688 724 1746 781 In
1790 727 1932 781 hanc

365 817 606 870 Gcrrhaai
636 826 689 869 et
722 816 921 881 Minaei,
949 826 1002 870 et
1046 833 1236 871 onmes
1271 816 1323 870 in
1372 818 1681 887 propinquo
1703 816 1930 882 Arabes,

367 908 492 960 thus
537 907 618 975 (ut
646 907 848 978 lerunt)
879 907 1073 978 E5711
1090 918 1143 961 et
1192 923 1373 961 rerum
1407 906 1768 976 fragrantium
1810 923 1932 965 sar-

366 999 536 1065 cinas,
564 1013 593 1052 e
624 999 894 1067 superiori
926 999 1205 1068 provincia
1258 1000 1566 1070 deportant.

436 1179 563 1232 CAP.
597 1177 758 1231 XLV.
802 1177 1301 1249 Bythemanensium
1336 1191 1499 1246 terra,
1520 1184 1729 1252 pascuis
1764 1183 1895 1252 felix
1917 1224 1934 1249 ,

366 1269 451 1320 sed
478 1270 759 1321 noxiorum
788 1271 1102 1324 animalium
1127 1274 1279 1340 copia
1306 1274 1514 1341 infelix.
1539 1305 1604 1314 ——
1625 1273 1755 1329 Post
1787 1275 1938 1330 Laia-

369 1363 531 1412 nitem
592 1364 671 1430 (ut
718 1360 940 1431 vocant)
991 1362 1197 1426 sinum,
1256 1380 1416 1432 quem
1478 1366 1941 1425 circumhabitant

368 1452 599 1516 Arabes,
643 1452 1159 1524 Bythemanensium
1220 1465 1361 1509 terra
1407 1457 1643 1522 exsistit,
1697 1460 1939 1527 spatiosa

368 1554 421 1595 et
456 1543 615 1611 plana
652 1584 666 1608 ,
728 1554 945 1613 totaque
996 1546 1201 1616 irrigua
1252 1556 1306 1601 et
1358 1549 1646 1617 profunda.
1685 1548 1941 1605 Gramine

370 1646 577 1688 tantum
616 1646 669 1689 et
696 1638 903 1692 medica
934 1649 1098 1706 atque
1129 1639 1262 1702 loto,
1291 1642 1357 1693 ad
1408 1641 1508 1695 viri
1555 1651 1815 1697 staturam
1846 1660 1937 1700 as-

369 1738 646 1796 surgente,
680 1729 860 1783 omnis
889 1731 935 1782 ei
972 1728 1184 1785 fructus
1225 1732 1509 1797 deﬁnitur;
1540 1748 1639 1788 nec
1678 1746 1933 1803 praeterea
1970 1719 2011 1776 Β

369 1819 663 1888 quidquam
693 1822 1042 1891 agricolatur.
1085 1823 1319 1892 Itleoque
1359 1824 1540 1879 multa:
1570 1826 1623 1880 in
1658 1842 1718 1881 ea
1745 1830 1937 1884 cameli

368 1922 634 1979 agrestes,
682 1914 866 1965 multze
912 1928 1196 1967 cervorum
1237 1923 1290 1968 et
1336 1915 1631 1971 dorcadum
1685 1927 1935 1987 catervae,

371 2003 523 2054 multi
561 2003 720 2054 etiam
752 2003 934 2055 ovium
966 2020 1174 2073 greges,
1196 2014 1249 2059 et
1275 2006 1484 2061 inﬁnita
1526 2009 1709 2062 ovium
1746 2020 1940 2064 ctmu-

370 2093 541 2146 lorum
570 2103 732 2162 atque
761 2094 922 2147 boum
950 2105 1213 2151 armenta.
1251 2095 1346 2152 His
1380 2112 1558 2153 autem
1586 2102 1749 2157 sortis
1770 2102 1941 2158 beata:

368 2183 670 2237 commodis
693 2182 1050 2238 infortunium
1093 2186 1195 2241 hoc
1216 2203 1484 2244 annexum
1507 2200 1688 2256 est,ut
1725 2191 1942 2248 leonum

372 2271 736 2340 luporumque
776 2280 829 2325 et
876 2274 1179 2341 pardaliutn
1205 2276 1418 2345 copiam
1460 2280 1619 2333 tellus
1654 2281 1938 2348 producat.

369 2364 524 2426 Quod
558 2363 721 2432 igitur
740 2365 951 2433 regioni
976 2366 1295 2421 felicitatem
1325 2368 1507 2435 ellicit,
1542 2370 1943 2429 habitatoribus

370 2471 533 2508 causa
572 2464 653 2509 est
686 2456 1042 2513 infelicitatis.

439 2547 568 2601 CAP.
591 2547 775 2603 XLVI.
804 2549 876 2603 De
911 2549 1488 2607 Batmizomanensium
1514 2563 1747 2609 terra.-—
1766 2556 1807 2608 A
1828 2569 1947 2625 pro-

2033 455 2401 525 πολυπληθίας
2427 456 2473 487 ⁸³
2497 470 2511 487 ο
2551 451 2689 523 αῦτη
2719 454 2776 506 δὲ
2807 455 2840 522 ή
2873 452 3064 521 Νῆσσα
3097 453 3270 504 κεῖται
3307 452 3404 519 μὲν
3442 452 3608 519 ἐγγὺς

2033 547 2381 617 ἀκρωτηρίου
2409 544 2529 598 καθ’
2557 540 2861 612 ὑπερϐολὴν
2876 542 3132 603 ὑλώδους,
3162 539 3416 593 διατείνει
3434 539 3490 591 δὲ
3516 540 3609 590 ἐπ’

2034 637 2247 701 εὐθείας
2275 633 2622 706 θεωρουμένη
2653 632 2790 702 πρός
2815 649 2874 683 τε
2899 630 2998 701 τὴν
3028 630 3242 697 Πέτραν
3272 627 3609 698 καλουμένην

2033 732 2128 785 καὶ
2148 730 2245 798 τὴν
2276 726 2659 797 Παλαιστίνην,
2688 728 2766 787 εἰς
2794 724 2860 795 ἢν
2893 724 3145 795 Γερραῖοι
3176 722 3269 775 καὶ
3310 722 3531 775 Μιναῖοι
3558 721 3609 753 ⁸⁸

2033 822 2128 875 καὶ
2145 822 2343 882 πάντες
2374 820 2423 873 oi
2445 819 2670 889 πλησίον
2709 815 2921 884 ἔχοντες
2959 815 3057 878 τὰς
3088 815 3331 883 οἰκήσεις
3364 811 3610 882 Ἀραϐες

2033 912 2123 966 τόν
2148 927 2208 964 τε
2226 909 2542 973 λιϐανωτὸν,
2574 908 2650 969 ὡς
2674 907 2850 975 λόγος,
2890 904 2983 958 καὶ
3016 904 3085 959 τά
3125 902 3319 974 φορτία
3363 903 3430 954 τὰ
3465 900 3609 972 πρὸς

2035 1001 2259 1056 εὐωδίαν
2304 1000 2573 1070 ἀνήκοντα
2630 996 2736 1050 ἀπὸ
2781 996 2880 1064 τῆς
2917 993 3097 1065 χώρας
3161 993 3259 1063 τῆς
3301 991 3414 1047 ἀνω
3476 1005 3606 1045 κατ’

2035 1096 2281 1165 ἀγουσιν.
2381 1150 2397 1167 ,

2108 1187 2232 1239 Ὅτι
2272 1184 2409 1255 μετὰ
2436 1183 2527 1237 τὸν
2558 1181 2897 1252 καλούμενον
2946 1177 3241 1246 Λαιανίτην
3274 1174 3497 1240 κόλπον,
3545 1173 3607 1226 ὃν

2041 1280 2278 1349 Ἀραϐες
2307 1277 2697 1347 περιοικοῦσιν,
2731 1277 2763 1345 ή
2786 1272 3149 1342 Βυθημανέων
3177 1270 3291 1323 ἐστὶ
3322 1271 3415 1339 γῆ,
3436 1266 3606 1345 πολλή

2038 1369 2211 1422 τεκαὶ
2236 1368 2458 1432 πεδιὰς,
2510 1366 2607 1420 καὶ
2648 1367 2799 1418 πᾶσα
2854 1361 3195 1433 κατάρρυτος
3247 1360 3343 1412 καὶ
3382 1358 3604 1427 βαθεῖα,

2040 1459 2311 1532 ἀγρώστει
2367 1460 2426 1512 δὲ
2483 1458 2642 1527 μόνον
2700 1457 2796 1513 καὶ
2853 1455 3054 1526 μηδικῇ
3109 1451 3204 1505 καὶ
3253 1450 3406 1519 λωτῷ
3449 1448 3611 1519 βάθος

2041 1552 2377 1624 ἀνδρόμηκες
2398 1549 2573 1619 ἔχοντι
2592 1549 2701 1610 πᾶς
2729 1548 2757 1600 ὁ
2778 1544 2990 1616 καρπὸς
3017 1544 3153 1613 αὐτῇ
3188 1541 3609 1611 περιγράφεται,

2042 1643 2227 1713 ἕτερον
2253 1641 2309 1693 δὲ
2342 1640 2577 1712 γεωργεῖ
2607 1636 2778 1690 οὐδέν.
2808 1635 2898 1687 Διὸ
2926 1632 3119 1687 πολλαὶ
3156 1631 3284 1702 [744
3314 1628 3405 1701 Η.]
3426 1629 3522 1700 μὲν
3553 1632 3612 1683 ὲν

2042 1737 2178 1806 αὐτῇ
2205 1733 2395 1805 ἀγρίαι
2416 1731 2671 1801 κάμηλοι,
2700 1727 2894 1782 πολλαὶ
2913 1727 2968 1780 δὲ
2993 1726 3209 1795 ἐλάφων
3232 1724 3327 1783 καὶ
3339 1722 3612 1794 δορκάδων

2040 1829 2248 1898 ἀγέλαι,
2287 1826 2478 1896 συχναὶ
2509 1825 2566 1879 δὲ
2593 1826 2821 1893 ποῖμναι
2870 1821 3156 1891 προϐάτων
3189 1821 3285 1872 καὶ
3334 1816 3613 1889 ἀμύθητος

2040 1919 2271 1991 ἀριθμὸς
2302 1918 2542 1987 ἡμιόνων
2571 1916 2669 1968 καὶ
2715 1913 2874 1984 βοῶν.
2912 1912 3135 1975 Τούτοις
3164 1910 3223 1962 δὲ
3253 1911 3364 1971 τοῖς
3409 1909 3610 1977 εὐκλη-

2044 2009 2278 2077 ρήμασιν
2325 2006 2370 2039 ⁸⁵
2425 2004 2797 2073 ἀντικείμενον
2828 2002 3287 2072 παραπέπλεκται
3323 2000 3369 2030 ⁸⁸
3414 2000 3606 2052 κακόν·

2041 2098 2268 2151 λεόντων
2295 2095 2403 2166 γὰρ
2437 2095 2532 2148 καὶ
2565 2095 2743 2148 λύκων
2774 2096 2867 2147 καὶ
2897 2093 3214 2162 παρδάλεων
3255 2093 3615 2160 συναναφέρει

2042 2186 2242 2256 πλῆθος
2276 2190 2304 2256 ἡ
2333 2187 2426 2256 γῆ,
2458 2186 2532 2250 ὡς
2556 2181 2694 2239 εἶναι
2720 2185 2781 2237 τὸ
2804 2184 2903 2256 τῆς
2939 2182 3120 2255 χώρας
3150 2182 3457 2251 ἐπίτευγμα
3500 2184 3614 2245 τοῖς

2042 2281 2284 2349 οἰκηταίς
2336 2278 2506 2331 αἴτιον
2547 2277 2831 2348 ἀκληρίας.

2119 2553 2279 2625 [1569
2311 2554 2407 2626 Η.]
2440 2553 2573 2613 Ἀπὸ
2619 2553 2676 2607 δὲ
2719 2552 2828 2607 τῶν
2877 2550 3075 2622 ἐφεξῆς
3112 2552 3372 2620 αἰγιαλων
3420 2551 3616 2609 κόλπος

371 2643 531 2696 ximis
580 2644 703 2697 inde
757 2645 1031 2701 littoribus
1084 2647 1239 2703 sinus
1283 2658 1405 2715 est,
1440 2649 1506 2703 ad
1535 2650 1772 2721 regionis
1802 2651 1940 2711 illius

2048 2648 2162 2699 ἐστὶ
2182 2647 2447 2711 νενευκὼς
2514 2646 2611 2717 μὲν
2653 2647 2733 2708 εἰς
2786 2640 2892 2699 τὸν
2924 2645 3093 2716 μυχὸν
3122 2645 3223 2714 τῆς
3264 2645 3468 2714 χώρας,
3515 2644 3616 2697 οὐκ

372 2733 635 2788 interiora
680 2734 998 2805 devergens,
1034 2738 1129 2806 qui
1159 2738 1529 2806 profunditate
1562 2741 1629 2794 ad
1660 2742 1940 2796 minimum

2048 2739 2266 2793 ἔλαττον
2315 2739 2374 2792 δὲ
2425 2739 2653 2791 σταδίων
2706 2737 3077 2791 πεντακοσίων
3151 2737 3493 2789 ὑποδείκνυσι
3555 2736 3617 2788 τὸ

371 2826 439 2880 50
482 2827 780 2880 stadiorum
803 2830 1244 2897 deprehenditur.
1269 2829 1411 2885 Intra
1428 2836 1767 2903 complexum
1788 2835 1940 2905 hujus

2052 2830 2232 2902 βάθος.
2293 2834 2355 2885 Ol
2413 2831 2468 2884 δὲ
2523 2830 2621 2901 τὴν
2671 2832 2820 2892 ἐντὸς
2856 2829 2950 2882 τοῦ
2982 2829 3181 2881 κόλπου
3226 2828 3615 2889 κατοικοῦντες

371 2918 466 2986 qui
516 2918 797 2982 habitant,
845 2919 1433 2976 Batmizomanensium
1467 2925 1666 2980 habent
1724 2942 1940 2990 nomen,

2052 2923 2338 2977 καλοῦνται
2365 2924 2460 2992 μὲν
2478 2921 2933 2992 Βατμιζομανεῖς,
2962 2921 3068 2973 εἰσὶ
3108 2920 3164 2973 δὲ
3192 2922 3418 2991 κυνηγοὶ
3442 2920 3550 2973 τῶν
3572 2920 3616 2951 ⁸⁷

372 3008 671 3063 bestiarum
708 3013 1049 3066 terrestrium
1089 3025 1395 3069 venatores.
1439 3015 1588 3071 Hanc
1612 3025 1810 3071 terram
1836 3028 1940 3075 tres

2051 3016 2317 3086 χερσαίων
2346 3012 2519 3078 ζώων.
2554 3014 2665 3083 Τήν
2693 3014 2738 3067 δ’
2766 3014 3062 3083 εἰρημένην
3090 3011 3269 3113 χώραν
3304 3012 3619 3081 νῆσοιτρεῖς

371 3110 677 3168 sequuntur
704 3103 916 3167 insulae,
964 3104 1211 3173 pluribus
1239 3106 1413 3160 obviae
1446 3107 1731 3174 portubus.
1762 3108 1940 3165 Prima

2048 3106 2375 3176 ἐκδέχονται,
2408 3104 2632 3175 λιμένας
2661 3103 2912 3157 ποιοῦσαι
2938 3102 3157 3164 πλείους
3185 3117 3199 3132 ·
3231 3094 3306 3156 ὧν
3334 3102 3433 3170 τὴν
3466 3099 3618 3170 πρώ-

370 3191 496 3245 Isidi
523 3210 678 3248 sacra
708 3211 724 3259 ;
757 3197 948 3264 altera,
987 3194 1269 3263 Succaba;
1305 3200 1484 3259 tertia.
1538 3197 1736 3271 Salydo
1766 3202 1944 3255 nomi-

370 3296 554 3342 natur.
622 3287 858 3343 Desertae
912 3305 1127 3354 omnes,
1170 3299 1225 3345 et
1274 3291 1434 3346 olivis
1493 3292 1942 3348 umbrosaeumn

370 3379 560 3448 quales
585 3380 728 3450 apud
752 3396 873 3445 nos,
898 3382 991 3437 sed
1022 3382 1131 3437 illis
1156 3383 1208 3435 in
1232 3382 1391 3448 locis,
1423 3392 1699 3440 crescunt.

445 3563 575 3617 CAP.
610 3560 823 3617 XLVII.
856 3562 933 3616 De
960 3562 1163 3633 άίῇἱείίί
1187 3563 1416 3633 quodam
1447 3566 1694 3620 transitu.
1714 3595 1788 3608 —
1816 3564 1949 3624 Post

371 3654 648 3723 expositas
694 3652 806 3723 jam
859 3652 1087 3719 insulas,
1141 3654 1292 3708 littus
1349 3664 1496 3724 patet
1544 3656 1843 3726 lapidosum
1894 3667 1947 3714 et

372 3761 654 3813 magnum.
687 3745 855 3799 Terra
878 3754 963 3799 est
997 3744 1235 3801 Arabum
1271 3746 1776 3813 Thamudenorum,
1825 3763 1950 3819 pro-

372 3847 493 3909 pter
521 3852 681 3906 quam
706 3836 1085 3906 navigantibus
1120 3838 1223 3891 iter
1252 3848 1354 3903 est,
1380 3839 1517 3893 ultra
1576 3839 1713 3893 1000
1750 3842 1945 3908 stadia,

372 3932 618 3984 omnium
670 3931 1143 3985 molestissimum.
1194 3928 1311 3984 Non
1336 3932 1481 3985 enim
1515 3944 1706 4001 portus
1735 3933 1810 3987 ibi
1844 3943 1947 4001 est,

2043 3214 2144 3268 την
2176 3198 2368 3261 Ἴσιδος
2406 3196 2556 3267 ἰεράν
2616 3195 2927 3266 ὠνόμασαν,
2982 3193 3080 3264 τὴν
3114 3194 3171 3246 δὲ
3199 3192 3458 3261 δευτέραν
3484 3193 3621 3247 Σου-

2044 3286 2255 3342 καϐύαν
2276 3288 2344 3352 ⁸⁸,
2372 3287 2469 3357 τὴν
2494 3288 2550 3340 δὲ
2581 3286 2773 3358 τρίτην
2802 3285 3041 3349 Σαλυδὼ,
3073 3285 3312 3353 ἐρήμους
3336 3283 3393 3337 δὲ
3441 3282 3622 3345 πάσας

2044 3382 2138 3435 καὶ
2167 3380 2423 3441 συσκίους
2446 3379 2674 3443 ἐλαίαις,
2702 3378 2761 3431 ού
2789 3381 2905 3440 ταῖς
2935 3376 3231 3448 παρ’ήμῖν,
3251 3374 3388 3437 ἀλλά
3411 3378 3533 3439 ταῖς
3563 3376 3623 3429 ὲν

2044 3471 2274 3532 ἐκείνοις
2301 3470 2413 3531 τοῖς
2429 3468 2615 3530 τόποις
2638 3467 2954 3537 φυομέναις.

2116 3563 2270 3616 Μετὰ
2318 3560 2373 3613 δὲ
2399 3561 2497 3622 τὰς
2547 3561 2746 3629 νήσους
2793 3559 2891 3622 τὰς
2937 3557 3261 3628 ὲκκειμένας
3308 3557 3453 3612 ἔστιν
3493 3556 3623 3610 ἰδεῖν

2048 3653 2292 3722 αἰγιαλὸν
2359 3652 2555 3724 λιθώδη
2613 3653 2709 3705 καὶ
2772 3655 3016 3724 μακρόνο
3052 3652 3086 3722 ὴ
3136 3652 3193 3705 δὲ
3217 3651 3368 3721 χώρα
3404 3650 3625 3720 Θαμου-

2046 3746 2218 3816 δηνῶν
2242 3748 2286 3778 ⁸⁸
2330 3746 2596 3817 Ἀράϐων.
2634 3744 2694 3798 Ὀ
2723 3744 2779 3798 δὲ
2806 3747 2942 3814 πρὸς
2971 3745 3175 3816 ταύτην
3194 3744 3513 3815 παράπλους
3531 3742 3624 3797 ἐπὶ

2050 3837 2295 3899 σταδίους
2335 3836 2445 3891 τῶν
2479 3818 2664 3907 χίλίων
2700 3838 2917 3902 πλείους
2942 3839 3161 3895 πάντων
3195 3835 3579 3908 χαλεπώτατος
3604 3854 3617 3866 ο

2049 3931 2109 3982 οὺ
2134 3931 2242 4001 γὰρ
2268 3930 2436 3995 ἐστιν,
2455 3929 2554 3983 οὐκ
2585 3929 2754 3997 ἐστιν,
2785 3931 2845 3983 οὐ
2877 3931 2893 3960 ί
2923 3928 3087 3999 λιμὴν
3112 3927 3442 4000 εὔορμος,οὑ
3465 3928 3625 3991 σάλος
3687 3987 3691 3989 _

372 4023 614 4077 accessui
641 4031 693 4075 et
724 4021 1279 4076 statiouicommodus
1310 4038 1453 4077 :non
1483 4025 1659 4077 solum
1695 4026 1940 4081 anchoris

2051 4020 2136 4074 ἐπ’
2176 4021 2447 4090 ἀγκύρας,
2489 4021 2549 4072 οὐ
2601 4020 2798 4084 κόλπος
2856 4020 2949 4073 ἐπὶ
2981 4019 3189 4090 σκέπης
3224 4021 3267 4084 ¹,
3325 4019 3386 4072 οὐ
3454 4017 3627 4087 χηλῆς

374 4123 765 4184 opportunum,
838 4128 949 4166 non
1005 4123 1194 4182 portus
1251 4114 1318 4167 ad
1368 4116 1778 4181 protectionem,
1843 4132 1940 4170 non

2052 4111 2385 4181 ἐντύπωμα,
2446 4111 2721 4178 ἀναγκαία
2783 4110 3107 4179 καταφυγὴ,
3165 4110 3257 4163 τὸν
3314 4110 3566 4164 ναυτίλον
3606 4110 3628 4141 ³

374 4206 589 4271 ungulae
624 4203 936 4271 vestigium,
968 4218 1074 4271 quo
1102 4219 1199 4257 ceu
1233 4204 1545 4257 necessario
1577 4214 1738 4257 nauta
1769 4204 1949 4273 perfu-

373 4296 460 4366 gio
484 4296 790 4363 recipiatur.
809 4293 938 4349 Post
969 4298 1223 4357 hacc,non
1247 4296 1603 4363 continenter,
1634 4297 1725 4351 sed
1752 4315 1846 4367 per
1868 4301 1951 4353 in-

2051 4204 2359 4275 δεχόμενον.
2408 4204 2562 4258 Μετά
2611 4204 2783 4256 ταῦτα
2829 4204 2886 4256 δὲ
2917 4204 3017 4257 οὐκ
3047 4203 3208 4266 εὐθὺς
3234 4202 3452 4273 ἐφεξῆς,
3488 4202 3626 4256 ἀλλά

2055 4297 2172 4366 μεθ’
2242 4297 2406 4368 ἕτερά
2478 4312 2634 4359 τινα,
2684 4294 2830 4347 ἔστιν
2883 4295 3130 4362 αἰγιαλὸς
3192 4295 3273 4357 είς
3320 4293 3625 4364 ὑπερϐολὴν

374 4387 620 4453 tervalla,
667 4388 817 4443 littus
851 4388 1158 4441 extenditur
1196 4388 1362 4442 nimis
1394 4404 1557 4457 quam
1593 4389 1893 4458 lapidosum
1929 4409 1940 4443 :

2053 4389 2315 4459 κάθυδρος
2372 4388 2785 4456 ὲκτεινόμενος,
2859 4387 2953 4440 καὶ
3001 4387 3065 4440 τὺ
3113 4385 3630 4458 προσηγορευμένον

372 4490 426 4533 et
454 4496 607 4531 mons
637 4477 851 4533 Laenius
897 4479 1334 4547 inexplicabilem
1375 4480 1637 4534 circuitus
1681 4483 1948 4552 magnitu-

376 4572 558 4623 dinem
592 4577 897 4635 ostentans,
926 4576 979 4622 et
1010 4570 1269 4623 arborum
1322 4570 1505 4625 omnis
1535 4573 1747 4640 generis
1778 4571 1947 4626 saltu-

374 4664 477 4718 bus
510 4662 763 4716 amictus.

586 4752 714 4807 CAP.
756 4750 985 4806 XLVIII.
1013 4783 1084 4793 —
1113 4752 1190 4807 De
1215 4764 1362 4823 gente
1385 4754 1734 4810 Dedebarum.

2053 4482 2259 4551 Λαιμὸν
2288 4480 2433 4550 ὅρος,
2470 4478 2748 4549 ἀμύθητον
2781 4479 2877 4548 μὲν
2917 4480 3211 4548 ἀναφαῖνον
3239 4482 3339 4550 τῆς
3391 4480 3627 4550 περιμέ-

2052 4590 2181 4643 τρου
2223 4571 2324 4625 τὸ1⁵
2370 4570 2638 4642 μέγεθος,
2670 4569 2933 4633 παντοίας
2976 4571 3033 4623 δὲ
3088 4570 3220 4642 ῦλης
3276 4572 3502 4642 δρυμοῖς
3550 4571 3632 4625 δι-

2054 4665 2387 4735 εζωσμένον.

2437 4757 2573 4825 Περί
2602 4756 2817 4823 ἔθνους
2841 4755 2960 4811 τῶν
2986 4756 3265 4812 Δεδεϐὥν.

445 4843 701 4898 Finitima
732 4842 965 4899 desertis
998 4844 1084 4900 his
1115 4845 1391 4900 montanis
1428 4846 1651 4901 Dedebae
1681 4846 1940 4914 incolunt,

2121 4850 2242 4905 Ὀτι
2292 4849 2390 4919 τὴν
2416 4850 2776 4917 ἀστυγείτονα
2802 4850 2900 4918 τῆς
2932 4850 3151 4919 ὀρεινῆς
3183 4850 3383 4921 χέρσου
3409 4850 3634 4904 Δεδεϐαἰ

375 4936 573 5008 partim
624 4936 959 5002 armentarii,
1014 4937 1209 5004 partim
1249 4938 1524 5005 agricolae,
1585 4954 1821 5008 quorum
1854 4956 1940 5009 per

2048 4940 2415 5005 κατοικοῦσιν,
2450 4940 2499 4992 οἱ
2534 4942 2631 5009 μὲν
2663 4941 2916 5011 νομάδες,
2970 4945 3018 4995 οί
3062 4944 3121 4995 δὲ
3175 4942 3393 5011 γεοῦχοι
3425 4945 3469 4996 ³.
3531 4936 3636 4998 Ὧν

376 5029 609 5085 mediam
646 5028 921 5098 regionem
958 5028 1135 5082 amnis
1156 5027 1356 5082 labitur
1387 5037 1580 5084 natura
1623 5030 1940 5097 tripartitus,

2048 5032 2190 5085 κατά
2217 5032 2388 5103 μέσην
2414 5032 2515 5103 τὴν
2545 5032 2732 5103 χώραν
2756 5035 2997 5105 ποταμὸς
3022 5034 3338 5104 διαφέρεται
3359 5036 3638 5105 τριμερὴς

375 5130 432 5174 et
458 5128 702 5175 ramenta
734 5120 853 5176 auri
883 5120 1075 5186 defert,
1112 5130 1219 5174 tam
1245 5123 1539 5189 conspicua
1587 5123 1855 5187 ubertate,
1892 5130 1940 5174 ut

2054 5125 2151 5194 μὲν
2203 5126 2268 5195 τῇ
2306 5123 2487 5192 φύσει,
2537 5125 2735 5195 ψῆγμα
2794 5126 2852 5179 δὲ
2902 5124 3106 5196 χρυσοῦ
3149 5126 3440 5194 κατάγων,
3490 5125 3638 5181 οὕτω

378 5212 539 5266 limus
581 5212 646 5265 ad
693 5212 832 5267 ostia
907 5220 1295 5274 coacervatus,
1344 5211 1543 5281 458a
1586 5213 1775 5279 procul
1824 5213 1940 5266 inde

2057 5214 2316 5285 σύνδηλον
2353 5214 2451 5284 τὴν
2498 5213 2776 5282 δαψίλειαν
2830 5215 2967 5284 ἔχων
3016 5214 3156 5267 ὥστε
3210 5216 3310 5284 τὴν
3370 5217 3484 5268 ἰλὺν
3537 5217 3638 5285 τὴν

377 5303 583 5358 rutilet.
614 5303 743 5359 Loci
771 5319 1116 5375 possessores
1169 5304 1342 5374 ignari
1373 5314 1500 5359 sunt
1533 5304 1583 5357 id
1616 5320 1785 5373 genus
1817 5320 1940 5373 Ope-

2060 5305 2194 5373 πρδς
2224 5306 2341 5366 ταῖς
2393 5303 2644 5366 ἐκϐολαῖς
2681 5304 3021 5376 συνηγμένην
3050 5304 3333 5375 πόρρωθεν
3373 5306 3639 5359 ἀποστίλ-

1670 5396 1899 5452 νΑΒΙΑΞ
1940 5396 2342 5453 LECTIONES.

486 5491 964 5563 “falera-nmiae
997 5490 1061 5545 Β.
1142 5491 1216 5563 ’ἥδ
1251 5491 1499 5563 Μινναῖοι
1551 5492 1612 5543 Β.
1682 5491 1732 5563 7³⁵
1764 5489 2194 5561 εὐκληρήμασιν]
2218 5489 2621 5563 ἐγκλήμασιν-Α
2739 5491 2795 5563 Α⁹⁶
2823 5490 3233 5563 παραπλέκεται
3263 5493 3327 5544 Δ.
3430 5493 3475 5523 ’⁷
3526 5494 3639 5545 τῶν

387 5562 429 5613 Α
461 5559 610 5641 ζητῶν
642 5579 703 5615 τε
734 5559 810 5625 gf
872 5563 919 5594 ³⁸
950 5559 1352 5641 Eoum-60%]?
1381 5561 1556 5615 καϐαν
1586 5564 1643 5623 Β,
1679 5562 1880 5615 inm-tta
1917 5559 2121 5632 Syllaba
2174 5559 2366 5641 prima.
2467 5559 2914 5641 ’9_Gaaou6qvtbv'
2960 5560 2998 5611 Β
3030 5570 3253 5641 etco‘rr.
3290 5563 3331 5612 Α
3365 5579 3378 5615 :
3412 5564 3636 5641 θαμου-

386 5631 638 5753 δινῶᾌς.
670 5703 690 5731 ⁵
716 5635 731 5663 ί
764 5633 823 5686 ού
848 5632 1176 5753 pulegium
1205 5630 1333 5685 add.
1361 5634 1401 5688 Α
1504 5633 1522 5661 ²
1550 5633 1850 5701 ἐπισκέπης
1906 5629 1990 5685 A':
2032 5630 2335 5699 ἐπισκεπής
2367 5647 2427 5693 ς.
2504 5631 2525 5663 ³
2546 5630 2794 5682 ναυτίλον
2823 5631 2867 5681 Α
2898 5647 2912 5682 :
2947 5629 3355 5700 ναυτιλλόμενον
3383 5648 3441 5693 ς.
3501 5629 3543 5663 ’⁸
3575 5636 3638 5686 τὸ

388 5717 498 5755 υιιι.
578 5741 589 5754 .
718 5717 962 5771 γαιουχοι
1042 5742 1052 5752 .
