3966 6240
312 299 381 361 57
1433 292 1961 355 BlBLIOTIIECA.
2001 288 2253 353 —COD.
2295 292 2449 355 CCL.
3508 295 3579 358 58

313 409 453 463 ϐειν.
502 407 565 459 Oi
601 404 659 459 δὶ
686 405 781 458 τὸν
824 405 989 459 τόπον
1037 400 1310 468 οίκοῦντες
1349 406 1448 475 τῆς
1495 423 1594 477 μεν
1646 406 1897 478 ἐργασίας

2012 403 2260 468 rationis,
2295 405 2388 457 sed
2428 400 2628 457 eximie
2673 401 2991 472 hospitales,
3036 416 3147 457 non
3178 403 3397 474 quidem
3448 422 3575 479 erga

314 502 421 556 είσὶ
449 500 551 568 τῆς
582 497 842 567 τοιαύτης
868 496 1107 567 ἄπειροι,
1130 497 1391 566 φιλόξενοι
1411 498 1469 551 δὲ
1491 501 1567 561 είς
1584 497 1894 569 ὑπερϐολὴν

310 596 371 648 ού
406 594 574 646 πᾶσιν
611 589 944 660 ἀνθρώποις,
998 590 1134 643 ἀ-λλά
1171 591 1282 653 τοῖς
1329 590 1437 643 ἀπὸ
1485 591 1892 657 Πελοποννήσου

309 681 690 737 διεκϐάλλουσι
746 680 843 733 καὶ
893 678 1178 746 Βοιωτίας,
1210 678 1299 733 διά
1341 695 1466 734 τινα
1517 678 1753 751 μυθικὴν
1800 679 1893 750 ἀφ’

325 773 659 845 Ἡρακλέους
693 770 957 841 ἱστορίαν.

384 864 604 917 Τούτων
636 861 1019 929 ἁστυγείτονές
1080 863 1216 915 εἰσιν
1259 860 1513 915 ’Δλιλαῖοι
1541 863 1637 916 καὶ
1672 863 1892 915 Κασαν-

311 957 480 1027 δρεξ,
501 954 797 1023 κέκτηνται
826 953 883 1006 δὲ
911 956 1013 1023 γῆν
1033 953 1283 1023 οὐδαμῶς
1308 955 1548 1008 ἐοικυῖαν
1575 954 1697 1016 ταῖς
1717 969 1899 1024 προει-

320 1047 605 1119 ρημέναις.
636 1044 777 1098 Οὔτε
804 1045 911 1116 γὰρ
937 1045 1239 1114 ὲψυγμένος
1268 1047 1295 1098 ὁ
1321 1046 1429 1115 ἀὴρ
1448 1045 1567 1099 οὔτε
1592 1046 1755 1118 ξηρὸς
1774 1044 1897 1099 οὔτε

318 1139 587 1209 ἔμπυρος,
642 1136 895 1207 μαλακὴν
948 1136 1005 1189 δὲ
1058 1136 1155 1190 καὶ
1224 1137 1447 1191 δασεῖαν
1487 1138 1716 1209 νεφέλην
1770 1138 1900 1191 ὑπο-

325 1229 602 1291 δεικνύων,
646 1229 741 1297 ἀφ’
773 1223 843 1300 ἦς
869 1228 1021 1290 ὑετὸς
1067 1229 1089 1259 ⁸
1124 1226 1219 1281 καὶ
1250 1229 1517 1298 χειμῶνες
1538 1229 1777 1297 γίνονται
1806 1230 1898 1283 καὶ

332 1317 519 1386 θέρους
544 1319 562 1349 ⁷
591 1317 858 1389 εὖκαιροι.
887 1318 999 1387 Τῆς
1015 1335 1073 1371 τε
1100 1317 1284 1387 χώρας
1310 1320 1342 1389 ή
1374 1320 1598 1390 πλείστη
1613 1321 1898 1391 πάμφορος

329 1410 429 1479 μέν
458 1412 623 1474 ἐστιν,
686 1409 749 1462 ού
790 1411 939 1463 πᾶσα
989 1409 1047 1463 δὲ
1093 1410 1355 1480 τυγχάνει
1414 1410 1731 1483 θεραπείας,
1788 1412 1898 1466 τῶν

320 1500 498 1554 ἄλλων
526 1501 550 1533 ³
608 1500 980 1572 ἀπειροτέρων
1035 1500 1223 1555 ὄντων.
1288 1501 1392 1554 Τὸν
1463 1502 1644 1570 μέντοι
1700 1502 1899 1572 χρυσὸν

316 1592 648 1663 ὀρύσσοντες
673 1593 732 1646 ὲν
760 1595 873 1656 τοῖς
912 1590 1220 1647 πλακώδεσι
1254 1596 1352 1665 τῆς
1391 1593 1576 1665 χώρας
1607 1596 1899 1665 ὑπονόμοις

318 1682 641 1753 εὑρίσκουσι
718 1682 905 1746 πολὺν,
986 1682 1048 1736 ού
1118 1684 1210 1736 τὸν
1289 1685 1694 1753 συντηκόμενον
1782 1684 1898 1754 μετ’

2001 493 2255 548 homines
2291 494 2609 556 universos,
2634 494 2727 547 sed
2754 506 2847 548 eos
2871 492 3163 562 praecipue,
3202 494 3292 563 qui
3326 511 3392 550 ex
3421 494 3581 551 Pelo-

1995 601 2239 656 ponneso
2268 594 2322 640 et
2354 585 2565 641 Boeotia
2600 585 2724 641 illac
2756 586 3045 655 trajiciunt
3071 605 3086 641 :
3117 599 3336 657 propter
3364 589 3575 643 fabulo-

1997 695 2115 736 sam
2148 680 2437 750 quamdam
2468 681 2535 733 ab
2570 678 2800 735 Hercule
2826 680 2949 736 inde
2979 696 3155 751 usque
3186 683 3575 737 narrationem.

2065 858 2199 911 CAP.
2249 855 2433 911 XLIX.
2482 857 2556 933 De
2582 858 2702 911 auri
2754 859 3007 911 ramentis
3055 860 3197 927 apud
3236 859 3472 914 Alilwos.
3511 891 3579 901 -κ

1999 947 2095 1005 His
2112 950 2432 1003 contermini
2461 958 2590 1003 sunt
2605 950 2773 1004 Alilaai
2794 958 2848 1003 et
2874 950 3219 1015 Casandrini,
3251 952 3342 1020 qui
3375 961 3576 1005 terram

1996 1042 2246 1097 obtinent
2302 1043 2678 1112 superioribus
2750 1058 3095 1112 nequaquam
3145 1045 3400 1098 similem.
3467 1045 3578 1100 Nec

1997 1135 2145 1191 enim
2187 1134 2413 1206 frigidus
2440 1146 2525 1191 est
2554 1136 2641 1191 hic
2670 1153 2781 1202 aer,
2838 1152 2937 1191 nec
2964 1137 3142 1190 siccus
3175 1153 3275 1192 nec
3312 1138 3577 1203 fervidus,

2000 1227 2097 1282 sed
2155 1226 2370 1281 mollem
2405 1234 2459 1281 et
2483 1228 2715 1297 spissam
2767 1226 2930 1281 refert
2980 1229 3201 1287 nubem,
3238 1243 3268 1281 a
3304 1244 3410 1297 qua
3441 1238 3580 1283 tem-

1998 1318 2205 1389 pestive
2258 1319 2530 1373 exsistunt
2583 1321 2746 1373 etiam
2816 1320 2868 1373 in
2906 1328 3091 1374 aestate
3141 1320 3363 1374 hiemes.
3398 1320 3580 1374 Plera-

2000 1425 2106 1481 que
2161 1410 2399 1480 regionis
2454 1410 2791 1464 feracissima
2847 1418 2996 1472 sunt,
3061 1410 3155 1463 sed
3214 1425 3320 1463 non
3375 1410 3581 1478 ubique

2000 1498 2147 1552 cultu
2174 1512 2272 1552 suo
2316 1498 2565 1562 afﬁcitur,
2599 1499 2669 1552 ob
2704 1499 3031 1567 imperitiam
3077 1509 3425 1553 cancrorum.
3462 1500 3579 1554 Au-

1998 1602 2127 1641 rum
2193 1601 2323 1641 sane
2377 1589 2431 1641 in
2481 1589 2749 1643 crustosis
2793 1597 2951 1643 terrae
3004 1589 3147 1644 illius
3192 1590 3458 1646 cuniculis
3513 1591 3580 1644 ad

2000 1692 2250 1747 magnam
2310 1678 2599 1733 inveniunt
2666 1680 2907 1748 copiam,
2967 1696 3076 1735 non
3129 1682 3287 1751 quale
3342 1682 3581 1735 adhibita

316 1744 637 1843 ἐπιστήμης
667 1773 764 1826 καὶ¹
792 1744 989 1843 τέχνης
1042 1774 1107 1826 ὲκ
1148 1772 1244 1826 τοῦ
1294 1744 1546 1847 [745
1590 1744 1896 1845 ψήγματος,

2005 1771 2233 1825 scientia
2262 1778 2316 1825 et
2346 1781 2463 1825 arte
2487 1772 2830 1841 colliqucscit
2861 1788 2891 1827 e
2931 1744 3215 1836 ramentis,
3257 1773 3351 1828 sed
3386 1782 3581 1841 Sponte

314 1862 459 1916 ἀλλὰ
490 1861 581 1914 τὸν
604 1861 933 1931 αὐτόματον,
964 1862 1300 1932 καλούμενον
1322 1863 1378 1916 δὲ
1401 1863 1488 1915 διὰ
1522 1864 1583 1917 τὸ
1608 1864 1903 1934 συμϐαῖνον

316 1953 455 2025 παρ’
514 1952 771 2022 Ἕλλησιν
827 1953 1072 2023 ἄπυρον
1095 1947 1157 2007 οὗ
1210 1954 1272 2006 τὸ
1324 1956 1423 2025 μὲν
1468 1954 1748 2025 ἐλάχιστον
1790 1956 1903 2027 ἔχει

317 2043 558 2113 μέγεθος
615 2045 873 2115 πυρῆνος,
922 2045 981 2097 τὸ
1016 2044 1071 2097 δὲ
1126 2045 1288 2114 μέσον
1323 2047 1607 2113 μεσπίλου,
1638 2047 1697 2100 τὸ
1724 2047 1781 2101 δὲ
1817 2049 1905 2118 μέν

317 2152 509 2204 γιστον
529 2134 671 2187 ὥστε
708 2136 1008 2205 βασιλικοῖς
1038 2136 1488 2206 παραϐάλλεσθαι
1524 2139 1766 2209 καρύοις.
1807 2142 1904 2192 Ὃν

321 2228 622 2297 τρήσαντες
670 2226 899 2290 ἐναλλὰξ
953 2226 1234 2294 διαφανέσι
1264 2227 1431 2291 λίθοις
1488 2229 1614 2299 περί
1664 2247 1725 2282 τε
1777 2230 1903 2293 τοὺς

322 2318 572 2389 καρποὺς
608 2318 835 2388 φοροῦσι
863 2317 970 2370 τῶν
1002 2317 1201 2388 χειρῶν
1228 2318 1323 2371 καὶ
1352 2319 1481 2389 περὶ
1508 2322 1633 2382 τοὺς
1650 2320 1901 2390 αὐχένας,

319 2409 465 2478 πρός
504 2424 563 2461 τε
610 2408 739 2471 τοὺς
802 2408 1190 2475 ἀστυγείτονας
1250 2408 1577 2478 μετάγοντες
1632 2409 1903 2463 πωλοῦσιν

317 2499 558 2563 εὐτελῶς
588 2515 603 2532 ο
636 2500 729 2553 τὸν
786 2499 887 2569 μὲν
938 2499 1048 2571 γὰρ
1100 2498 1299 2570 χαλκὸν
1354 2500 1489 2572 πρὸς
1546 2501 1638 2555 τὸν
1704 2502 1902 2573 χρυσὸν

317 2592 549 2663 τρίσταθ
558 2609 656 2662 μον
682 2591 1060 2658 ἀλλάττονται,
1081 2592 1171 2671 τδν
1194 2591 1251 2645 δὲ
1282 2592 1500 2663 σίδηρον
1519 2595 1654 2664 πρὸς
1681 2594 1902 2648 διπλοῦν

322 2684 575 2755 χρυσίον.
619 2683 679 2738 '0
719 2686 777 2738 δὲ
812 2686 1052 2755 ἄργυρος
1098 2685 1192 2738 τοῦ
1248 2685 1450 2755 χρυσοῦ
1502 2686 1634 2739 δέκα
1680 2687 1901 2741 δύναται

320 2776 549 2845 μοίρας,
579 2778 647 2845 τῇ
690 2774 945 2845 δαψιλείᾳ
976 2775 1071 2828 καὶ
1102 2774 1411 2845 σπάνειτῆς
1455 2774 1611 2840 ἀξίας
1644 2793 1898 2847 παραμε-

314 2867 656 2936 τρουμένης.
688 2868 745 2919 ὲν
776 2862 855 2929 οἷς
880 2865 1178 2919 ἀποϐλέπει
1212 2868 1317 2928 πᾶς
1352 2870 1380 2919 ό
1416 2865 1526 2935 βίος
1552 2866 1611 2918 ού
1645 2869 1781 2936 πρὸς
1804 2868 1900 2937 τὴν

320 2960 516 3029 φύσιν,
552 2957 687 3011 ἀλλά
714 2957 850 3027 πρὸς
875 2958 971 3027 τὴν
1006 2956 1443 3027 χρείαν.Ἱ“ούτων
1471 2956 1529 3009 δὲ
1555 2957 1661 3009 τῶν
1692 2958 1901 3028 ἀνδρῶν

318 3057 571 3123 συνεχεῖς
591 3051 807 3123 Κάρϐαι
831 3051 1118 3120 κατέχουσι
1140 3051 1239 3121 τὴν
1272 3050 1522 3121 ἠπειρον,
1536 3049 1899 3119 ἐκδεχομένου

315 3146 541 3217 λιμένος
593 3143 941 3214 ἁγχιϐαθοῦς,
976 3144 1039 3196 ὲν
1076 3138 1121 3210 ᾧ
1166 3142 1365 3214 κρῆναι
1400 3142 1618 3203 πλείους
1662 3140 1901 3195 avum.

316 3240 527 3293 λουσιν.

390 3329 559 3401 [1572
590 3324 686 3399 IL]
717 3325 941 3397 Ἐφεξῆς
958 3328 1017 3379 δὲ
1041 3327 1062 3358 ⁸
1087 3325 1147 3379 τὸ
1166 3324 1899 3379 τᾶηΣαϐαίωνὲπισυνάπτει

316 3423 501 3490 γένος,
536 3421 792 3489 μέγιστον
813 3419 920 3471 τῶν
938 3417 1079 3471 κατὰ
1105 3419 1203 3488 τὴν
1232 3418 1287 3468 Ἀ
1298 3417 1491 3488 ραϐίαν
1525 3418 1620 3469 καὶ
1645 3417 1900 3479 παντοίας

318 3514 517 3584 κύριον
570 3510 934 3581 εὐδαιμονίας.
969 3511 1079 3563 Καὶ
1129 3510 1292 3581 γάρή
1332 3510 1405 3579 γῆ
1432 3509 1616 3562 πάντα
1648 3511 1803 3579 φέρει
1832 3510 1899 3562 τά

319 3608 455 3676 παρ’
477 3607 611 3676 ἡμῖν
633 3605 897 3674 γινόμενα
936 3604 979 3634 ¹⁰
1014 3603 1151 3674 πρὸς
1182 3602 1298 3671 βίον
1335 3602 1401 3663 “,
1436 3600 1533 3653 καὶ
1570 3599 1638 3652 τὰ
1674 3599 1901 3668 σώματά

317 3701 441 3751 ἐστι
471 3697 583 3749 τῶν
617 3694 1016 3750 κατοικούντων
1058 3691 1483 3761 ἀξιολογώτερα·
1538 3689 1899 3760 βοσκημάτων

319 3792 733 3861 κεχορήγηνται
764 3788 1028 3856 πλήθεσιν
1063 3784 1380 3855 ἀμυθήτοις.
1421 3784 1594 3850 ὐσμή
1628 3798 1686 3833 τε
1720 3783 1899 3835 πᾶσαν

319 3883 517 3951 ἐπέχει
542 3881 641 3949 τὴν
664 3878 958 3949 παραλίαν,
987 3877 1113 3940 θέας
1147 3878 1191 3908 ³⁸
1223 3892 1283 3927 τε
1316 3874 1407 3927 καὶ
1458 3872 1616 3939 λόγου
1660 3873 1899 3942 κρείττω

317 3974 516 4044 τέρψιν
564 3974 676 4034 τοῖς
718 3968 1135 4039 ἀφικνουμένοις
1182 3967 1689 4030 κατασκευάζουσα.
1738 3964 1899 4032 ῖΠαρά

323 4064 588 4133 μὲν,γάρ
633 4062 801 4132 αὐτὴν
841 4060 1051 4128 πέφυκε
1090 4058 1189 4129 τὴν
1214 4057 1479 4111 θάλατταν
1512 4057 1556 4089 ¹³
1603 4056 1663 4108 τό
1686 4071 1747 4107 τε
1771 4054 1897 4124 βάλ-

324 4171 499 4223 σαμον
540 4151 672 4205 πολὺ
704 4153 797 4205 καὶ
820 4149 1016 4204 κασσία
1059 4150 1104 4181 ¹⁵
1126 4149 1219 4201 καί
1250 4160 1335 4211 τις
1366 4148 1408 4179 ¹⁵
1432 4148 1566 4217 ἄλλη
1590 4146 1896 4216 πρόσφατος

325 4246 424 4311 μὲν
451 4243 678 4313 ἡδίστην
728 4242 925 4312 ἔχουσα
980 4241 1024 4271 ¹⁶
1056 4240 1169 4293 τῶν
1211 4240 1475 4308 ὀμμάτων
1505 4238 1719 4309 τέρψιν,
1757 4240 1814 4289 ἐν
1843 4237 1897 4290 δὲ

318 4336 396 4404 τῷ
456 4334 727 4404 χρονίζειν
786 4332 1044 4402 γινομένη
1105 4332 1383 4400 συντόμως
1442 4329 1705 4399 ἐξίτηλος,
1756 4327 1895 4381 ὥστε

320 4430 590 4497 πρότερον
623 4424 1082 4495 ἀπαμαυροῦσθαι
1115 4425 1155 4455 ¹⁷
1185 4424 1277 4477 τοῦ
1311 4423 1478 4491 φυτοῦ
1503 4424 1603 4491 τὴν
1650 4420 1837 4491 χρείαν
1850 4421 1890 4489 ἢ

2000 4430 2189 4468 recens
2243 4414 2500 4467 nimirum
2548 4431 2561 4467 :

322 4520 458 4591 πρὸς
486 4520 637 4589 ἡμᾶς
671 4518 1137 4589 παραπέμπεσθαι
1152 4516 1249 4569 τοῦ
1284 4517 1475 4585 γένους
1515 4516 1613 4584 τὴν
1648 4514 1891 4583 δύναμιν.

333 4612 457 4663 Ἐπὶ
480 4610 539 4662 δὲ
561 4610 659 4678 τῆς
701 4608 981 4678 μεσογείου
1016 4609 1209 4679 δρυμοὶ
1232 4609 1472 4675 συνεχεῖς
1507 4604 1775 4674 στείχουσι
1804 4607 1895 4655 καὶ

325 4701 589 4769 μεγάλοι·
650 4700 841 4770 δένδρα
897 4700 938 4732 ⁸⁸
976 4700 1102 4769 γὰρ
1142 4698 1374 4769 ⁴ίλλίϐατα
1410 4697 1655 4767 σμύρνης
1686 4712 1751 4749 τε
1800 4696 1894 4749 καὶ

322 4788 643 4850 λιϐανωτοῦ,
676 4791 813 4859 πρὸς
844 4790 901 4842 δὲ
943 4790 1036 4843 καὶ
1062 4788 1417 4858 κινναμώμου
1440 4786 1682 4855 φοίνικός
1700 4803 1767 4838 τε
1796 4787 1893 4838 καὶ

321 4882 571 4951 καλάμου
603 4882 699 4933 καὶ
724 4880 835 4931 τῶν
860 4878 1037 4933 ἄλλων
1068 4879 1276 4932 ἀνεῖται
1305 4879 1412 4931 τῶν
1440 4876 1717 4941 τοιούτων,
1750 4876 1892 4928 ὥστε

320 4967 458 5026 εἶναι
492 4973 682 5043 μηδενὶ
712 4971 855 5041 λόγῳ
883 4971 942 5024 τὸ
976 4972 1207 5041 πρᾶγμα
1256 4969 1513 5040 δηλωτὸν,
1550 4969 1578 5022 ὃ
1608 4967 1892 5037 συμϐαίνει

327 5066 433 5123 τοίς
485 5065 617 5132 περὶ
667 5062 769 5126 τὰς
819 5062 1103 5131 αἰσθήσεις
1143 5061 1386 5129 εἰληχόσι
1421 5060 1515 5113 τοῦ
1557 5061 1746 5128 γένους
1793 5059 1892 5127 τὴν

323 5153 666 5225 δοκιμασίαν.
747 5154 822 5205 Ού
912 5153 1018 5221 γὰρ
1069 5151 1165 5222 τὴν
1223 5152 1727 5221 τεθησαυρισμένην
1799 5150 1892 5201 καὶ

326 5246 557 5300 παλαιὰν
588 5244 703 5315 ἔχει
749 5245 855 5298 τῶν
906 5243 1210 5314 ἀρωμάτων
1240 5242 1559 5307 ἀπόλαυσιν,
1617 5241 1740 5294 οὐδὲ
1793 5240 1893 5309 τὴν

1998 1870 2214 1927 natum,
2267 1862 2414 1932 quod
2465 1864 2682 1933 Apyron
2765 1864 2927 1934 [ignis
2982 1863 3236 1935 nescium]
3293 1862 3466 1917 Grmci
3513 1864 3582 1916 ab

2003 1963 2201 2009 eventu
2241 1955 2620 2019 denominant,
2683 1957 2843 2026 cujus
2877 1958 3057 2026 portio
3083 1957 3307 2010 minima
3340 1971 3447 2009 non
3476 1956 3581 2009 mi-

2004 2064 2107 2103 nor
2152 2058 2237 2104 est
2307 2050 2467 2104 olivae
2517 2049 2781 2112 ossiculo,
2848 2047 3027 2102 media
3088 2063 3318 2119 granum
3368 2046 3580 2117 mespili

2004 2142 2273 2212 adaequat,
2322 2143 2558 2196 maxima
2602 2157 2725 2197 cum
2778 2141 3016 2195 nucibus
3060 2141 3227 2210 regiis
3270 2140 3580 2207 comparari

2003 2244 2267 2290 meretur.
2308 2231 2421 2289 lloc
2455 2234 2792 2304 perforatum
2842 2235 2983 2287 inter
3013 2233 3224 2302 lapillos
3278 2231 3580 2303 pellucidos

2003 2328 2334 2392 alternatim,
2375 2328 2521 2382 circa
2555 2326 2767 2381 radices
2799 2340 3063 2380 manuum
3092 2336 3306 2396 gestant
3330 2333 3383 2379 et
3416 2324 3576 2387 colla,

2002 2429 2057 2475 et
2102 2419 2167 2474 ad
2231 2420 2492 2473 linitimos
2563 2418 2886 2473 translatum
2942 2416 3035 2472 vili
3086 2417 3261 2487 pretio
3317 2416 3576 2472 vendunt.

2001 2509 2137 2568 Cum
2190 2512 2350 2579 triplo
2389 2511 2535 2565 enim
2578 2524 2686 2564 aere
2716 2524 2909 2563 aurum
2958 2517 3341 2564 commutant:
3374 2518 3428 2563 et
3480 2523 3580 2577 pro

2002 2602 2149 2656 ferro
2177 2600 2403 2670 duplum
2442 2598 2695 2663 reddunt,
2724 2608 2777 2653 et
2816 2607 3100 2667 argentum
3145 2600 3262 2652 auri
3289 2598 3577 2668 decuplum

2002 2694 2164 2747 valet.
2206 2691 2397 2746 Modus
2420 2691 2563 2745 enim
2595 2690 2973 2743 aestimationis
2998 2699 3349 2758 comparatur
3394 2690 3459 2742 ad
3487 2703 3579 2741 ra-

1998 2782 2205 2835 tionem
2260 2779 2610 2835 abundantiae
2650 2788 2703 2832 et
2745 2779 3007 2834 raritatis.
3061 2778 3274 2844 Quibus
3318 2777 3369 2830 in
3415 2777 3580 2832 rebus

2003 2886 2117 2929 tota
2160 2876 2445 2929 hominum
2482 2874 2591 2927 vita
2625 2886 2733 2925 non
2763 2880 2875 2926 tam
2907 2873 2974 2926 ad
3007 2881 3253 2926 naturam
3283 2872 3381 2933 rei,
3415 2885 3579 2940 quam

2004 2983 2138 3022 usus
2192 2970 2570 3022 necessitatem
2621 2968 2863 3037 respicit.
2914 2965 3008 3019 His
3044 2982 3207 3036 porro
3260 2965 3581 3020 mortalibus

1925 3078 1970 3140 ρ
2003 3061 2241 3130 contigui
2280 3060 2527 3114 habitant
2563 3058 2772 3125 (Iarbae,
2804 3060 2857 3112 in
2896 3060 3211 3112 continente
3252 3074 3413 3125 quam
3451 3071 3580 3125 por—

2005 3166 2090 3208 tus
2118 3153 2315 3221 excipit
2346 3151 2576 3216 vicinus,
2608 3152 2659 3204 in
2684 3166 2793 3220 quo
2814 3151 3031 3219 plurimi
3063 3161 3357 3218 erumpunt
3376 3150 3574 3203 fontes.

2070 3312 2198 3366 CAP.
2239 3310 2301 3364 L.
2359 3310 2432 3363 De
2468 3309 2777 3365 Sabworum
2828 3319 2968 3363 terra
3017 3306 3284 3375 odorifera
3311 3318 3357 3359 et
3387 3308 3575 3373 beata,

1999 3405 2088 3458 ubi
2122 3407 2185 3460 de
2228 3404 2367 3459 Saba
2417 3405 2630 3473 ejusque
2658 3405 2927 3473 regimine,
2952 3403 3342 3472 magniﬁcentia
3374 3413 3421 3453 et
3460 3405 3577 3470 opi-

2000 3498 2117 3550 bus.
2140 3526 2209 3537 -—
2240 3496 2552 3549 Sabaeorum
2600 3495 2855 3563 deinceps
2880 3508 3013 3564 gens
3053 3493 3293 3547 adhaeret
3322 3509 3417 3562 per
3437 3495 3577 3545 Ara-

1998 3589 2144 3643 biam
2179 3589 2424 3642 omnium
2456 3586 2716 3653 maxima,
2753 3594 2807 3640 et
2840 3586 3044 3640 nullius
3074 3601 3182 3639 non
3209 3586 3424 3655 generis
3450 3585 3575 3639 feli-

1996 3682 2216 3735 citatem
2270 3680 2323 3733 in
2368 3686 2634 3748 potestate
2678 3687 2734 3731 et
2776 3678 3004 3731 arbitrio
3048 3676 3273 3732 habens.
3330 3676 3575 3745 Namque

1986 3775 2161 3829 tellus
2207 3773 2390 3827 omnia
2421 3772 2523 3826 fert
2553 3786 2674 3841 quae
2696 3770 2763 3824 ad
2788 3771 3075 3823 commoda
3126 3770 3252 3823 vitae
3285 3768 3427 3837 apud
3475 3784 3576 3823 nos

1999 3866 2367 3935 proveniunt:
2400 3874 2455 3918 et
2494 3878 2725 3933 corpora
2779 3872 2906 3917 sunt
2960 3863 3363 3932 spectabiliora,
3408 3877 3573 3929 quam

1998 3956 2126 4011 alibi
2160 3973 2173 4008 :
2211 3971 2464 4025 pecorum
2510 3956 2807 4009 multitudo
2862 3954 3237 4008 inumerabilis
3285 3956 3524 4022 suppetit
3557 3971 3571 4009 :

1998 4050 2288 4103 amoenitas
2313 4056 2367 4102 et
2398 4047 2698 4116 fragrantia
2741 4054 2909 4100 totam
2944 4046 3083 4100 hanc
3111 4061 3264 4099 oram
3297 4047 3573 4108 obtinens,

2001 4141 2329 4208 voluptatem
2380 4139 2583 4207 praebet
2628 4139 2851 4193 advenis
2878 4139 2995 4192 visu
3020 4147 3073 4191 et
3107 4139 3253 4191 dictu
3287 4139 3572 4206 majorem.

1998 4230 2134 4285 Nam
2167 4231 2233 4285 ad
2272 4233 2415 4301 ipsas
2459 4232 2699 4285 littorum
2740 4231 3048 4300 crepidines
3089 4231 3299 4301 largum
3334 4232 3577 4285 nascitur

2000 4324 2305 4378 balsamum
2334 4332 2386 4377 et
2409 4323 2558 4377 casia
2590 4341 2603 4377 :
2637 4324 2794 4393 longe
2839 4324 2947 4377 alia
2972 4340 3134 4393 quam
3160 4324 3287 4377 alibi
3321 4324 3573 4390 habetur,

2614 4414 2841 4482 ideoque
2890 4414 3348 4483 jucundissimam
3398 4417 3575 4472 oculis

1995 4508 2323 4574 voluptatem
2392 4507 2679 4568 exhibens,
2740 4522 2863 4575 qua;
2920 4515 3109 4575 postea
3180 4507 3577 4577 longinquitate

1998 4601 2255 4668 temporis
2290 4615 2513 4669 prorsus
2550 4600 2828 4665 exolescit,
2860 4600 2988 4655 dum
3031 4601 3218 4669 stirpis
3250 4617 3381 4655 usus
3413 4602 3577 4656 hebe-

1997 4703 2160 4759 tatur,
2208 4695 2524 4761 priusquam
2556 4693 2638 4747 vis
2666 4696 2786 4760 ejus
2814 4693 2881 4747 ad
2912 4708 3013 4746 nos
3042 4692 3238 4764 εδει
3298 4695 3595 4748 transniit-‘

1996 4796 2160 4841 tatur.
2218 4786 2275 4839 In
2330 4787 2735 4840 mediterraneis
2799 4787 3107 4855 frequentes
3159 4795 3212 4840 et
3250 4802 3459 4856 magna:
3516 4804 3577 4843 se

1988 4879 2250 4933 attollunt
2271 4879 2441 4932 silvae.
2480 4876 2615 4931 Nam
2651 4878 2878 4932 arbores
2902 4880 3195 4947 praecelsae,
3245 4882 3480 4950 myrrha:
3508 4894 3575 4934 ac

1981 4970 2193 5034 aburis,
2240 4984 2341 5024 nec
2369 4983 2475 5022 non
2505 4970 2860 5036 cinnamomi,
2888 4981 2942 5024 et
2967 4971 3159 5039 palmae
3181 4980 3235 5025 et
3271 4972 3489 5036 calami,
3518 4981 3575 5025 et

1980 5060 2048 5114 -id
2105 5075 2277 5126 genus
2329 5060 2583 5122 aliorum,
2625 5068 2947 5130 exsurgunt,
2993 5062 3128 5115 adeo
3188 5071 3247 5115 ut
3281 5062 3427 5116 nulla
3481 5076 3572 5114 ra-

1986 5154 2141 5207 tione
2169 5150 2430 5219 explicari
2464 5160 2640 5219 queat
2662 5152 2914 5221 voluptas
2950 5152 3164 5208 illorum
3194 5154 3285 5222 qui
3319 5152 3571 5207 sensibus

1994 5245 2111 5300 suis
2146 5242 2447 5313 periculum
2475 5243 2541 5297 de
2567 5243 2651 5298 his
2675 5241 2942 5298 fecerunt.
2990 5243 3105 5299 Non
3142 5246 3285 5297 enim
3320 5245 3372 5296 in
3404 5242 3569 5296 cellas

1606 5381 1843 5436 VARle
1882 5380 2288 5437 LECTIONES.

431 5504 452 5535 ‘
473 5505 628 5567 ύετός
656 5520 767 5558 om.
796 5504 836 5555 A
864 5525 875 5558 :
911 5505 1056 5557 ὑετοὶ
1090 5504 1184 5556 καὶ
1210 5501 1485 5571 χειμῶνος
1540 5498 1867 5570 Wesseling.
1903 5501 1966 5554 ad
2008 5499 2230 5554 Diodor.
2261 5500 2316 5562 ὅ,
2339 5500 2428 5554 45.
2496 5502 2519 5571 ξ’
2544 5500 2601 5553 θέ

329 5590 405 5630 Ve.
440 5591 565 5629 cum
599 5576 833 5628 Diodoro
863 5575 1024 5626 λαῶν.
1101 5575 1120 5603 ⁹
1148 5570 1349 5625 eam.
1378 5576 1441 5624 Α.
1522 5572 1562 5601 ¹⁰
1598 5573 1720 5624 libri
1754 5572 2042 5639 γενόμενα.
2125 5571 2164 5640 ιί
2198 5570 2303 5640 πρὸ

1376 5640 1420 5671 ¹¹⁵
1445 5640 1611 5695 κασία
1631 5658 1690 5704 ς.
1767 5636 1819 5672 ί¹⁸
1850 5636 1976 5697 ante
1998 5658 2081 5701 τις
2105 5636 2376 5695 addenda
2401 5658 2430 5696 e
2450 5636 2706 5697 Diodoro.
2789 5640 2831 5672 “
2858 5636 3081 5709 ἐχούσα]
3110 5638 3228 5692 libri
3254 5640 3311 5693 δὲ
3341 5640 3563 5711 ἔχουσα.

329 5643 556 5699 Diodoro
582 5646 635 5707 5,
676 5644 766 5698 46.

327 5714 364 5745 ⁸⁷
387 5714 835 5785 ἁπομαυροῦσθαι
860 5732 919 5777 ς.

866 5647 905 5676 ¹³
929 5644 1204 5698 θάλασσαν
1236 5659 1297 5705 ς’.

1035 5715 1075 5744 ¹⁸
1102 5714 1289 5783 δένδρη
1326 5711 1392 5765 Α.

2611 5518 2699 5570 ρος
2725 5500 2784 5555 Β.
2857 5501 2877 5531 ⁸
2904 5499 3098 5570 ἄλλων]
3131 5497 3567 5570 ἰιηοίάνθρὼπων

2308 5589 2332 5631 ς
2364 5572 2455 5622 τὸν
2486 5568 2690 5639 βίονής.
2771 5572 2812 5601 ’³
2841 5568 2989 5639 θέας]
3033 5570 3210 5639 malim
3244 5568 3393 5621 θείαν
3440 5589 3563 5625 cum
