3944 6242
436 266 501 325 67
1591 252 1856 314 PHOTII
1883 252 1978 313 PA

2084 251 2386 313 [ARCHIE
2410 253 2518 314 ΟΡ.
3592 255 3660 322 68

422 368 642 423 abditus
666 373 720 421 et
750 364 999 422 exoletus
1046 370 1350 419 aromatum
1387 359 1494 417 illis
1526 358 1733 415 fructus
1761 369 1867 422 est,
1898 374 1978 413 net

2099 359 2207 412 ἀπὸ
2236 360 2331 413 τοῦ
2365 359 2661 428 γεννῶντος
2706 360 2799 415 καὶ
2846 359 3134 432 τρέφοντος
3175 361 3341 430 δγκου
3390 361 3656 432 διακεκω-

422 472 454 510 a
491 459 717 512 materia
762 463 1077 527 procreante
1103 463 1156 508 et
1188 456 1460 508 nutriente
1497 462 1800 521 separatus,
1831 450 1923 505 sed
1953 465 1984 504 a

421 547 605 602 divina
640 547 728 601 illa
756 546 1071 599 maturitate
1124 542 1302 597 adhuc
1336 539 1555 603 ﬂorens,
1589 549 1646 595 et
1669 556 1700 594 a
1733 539 1982 593 familiari

422 635 751 703 proprioque
776 641 829 686 et
859 632 1092 702 genuino
1137 631 1319 700 vigore
1346 631 1455 685 vim
1501 629 1644 682 illam
1692 628 1980 682 admirabi-

422 719 525 774 lem
573 722 843 784 emittens,
896 737 1069 791 usque
1113 722 1270 788 adeo,
1305 730 1364 776 ut
1394 721 1549 775 multi
1576 720 1629 775 in
1659 720 1982 774 oblivionem

419 812 665 866 mortalis
706 812 868 866 delati
896 812 1190 877 felicitatis,
1232 812 1299 867 de
1321 813 1592 867 ambrosia
1618 827 1676 867 se
1709 812 1986 883 percipere

417 904 663 958 nonnihil
718 906 1029 973 opinentur,
1076 905 1205 959 dum
1247 920 1334 960 res
1376 920 1573 959 nomen
1610 904 1675 959 ad
1711 920 1982 960 summam

420 994 855 1059 praedicationem
886 996 1140 1049 idoneum
1169 1004 1223 1050 et
1247 1012 1345 1066 par
1374 997 1477 1052 sibi
1503 997 1719 1066 quaerit.
1746 995 1803 1050 In
1840 995 1988 1050 salti-

416 1083 520 1137 bus
541 1097 723 1136 rerum
754 1084 1101 1138 odoratarum
1123 1086 1393 1153 serpentis
1422 1101 1592 1156 genus
1619 1095 1702 1141 est
1729 1086 1976 1141 omnium

416 1173 922 1237 insolentissinmm,
980 1176 1134 1244 quasi
1202 1176 1421 1230 fortuna
1454 1187 1562 1231 tam
1595 1178 1763 1248 largis
1821 1192 1984 1233 terrae

413 1264 717 1318 commodis
761 1264 1017 1321 invideat.
1056 1275 1112 1321 et
1144 1267 1287 1321 bono
1315 1277 1519 1322 attexat
1568 1276 1981 1337 nocumentum,

419 1368 486 1407 ne
515 1354 638 1422 quis
664 1354 820 1409 bonis
843 1370 1097 1425 prospere
1126 1355 1471 1413 afﬂuentibus
1505 1360 1689 1413 animo
1727 1359 1983 1416 efferatur

412 1446 670 1514 superbo,
728 1457 781 1500 et
810 1450 877 1500 ad
922 1447 1081 1501 linem
1129 1464 1304 1517 usque
1345 1450 1560 1519 ﬂagitiis
1609 1453 1983 1521 perpetrandis

414 1536 705 1607 indulgeat,
746 1554 1056 1608 numenque
1085 1551 1425 1609 aspernetur,
1462 1544 1555 1597 sed
1595 1544 1897 1613 adjeCIione
1929 1554 1983 1600 et

412 1631 673 1683 memoria
723 1634 1073 1686 adversorum
1122 1632 1612 1698 commonefactus,
1665 1634 1829 1689 vitam
1860 1650 1976 1690 mo-

2091 446 2371 517 ρισμένην,
2401 447 2535 502 ἀλλὰ
2567 449 2665 517 τὴν
2711 446 2977 504 ἀνθοῦσαν
3005 449 3112 503 ἀπὸ
3147 449 3245 518 τῆς
3274 447 3423 513 Θείας
3451 450 3635 520 ἀκμῆς

2090 542 2186 594 καὶ
2214 540 2311 612 τὴν
2340 541 2449 595 ἀπὸ
2485 540 2595 595 τῶν
2616 543 2830 596 οίκείων
2860 545 2954 595 καὶ
2987 541 3234 612 φυσικῶν
3283 541 3344 596 τὸ
3382 541 3659 612 θαυμαζό-

2092 646 2250 700 μενον
2312 630 2741 701 ἀποπέμπουσαν
2767 646 2782 663 ο
2831 630 2970 684 ὣστε
3041 629 3271 693 πολλοὺς
3342 630 3422 693 εἰς
3488 628 3664 699 λήθην

2090 722 2452 792 ἀφικομένους
2463 722 2571 775 τῶν
2585 722 2791 792 θνητῶν
2820 720 3211 791 εὐτυχημάτων
3236 720 3333 789 τῆς
3356 719 3663 791 ἀμϐροσίας

2091 815 2336 868 ὑπονοεῖν
2354 812 2777 885 ἀπολαμϐάνειν,
2804 811 2975 881 ὄνομα
3001 809 3094 864 τοῦ
3118 811 3445 882 πράγματος
3472 809 3661 879 ἐπιζη-

2091 904 2308 969 τοῦντος
2334 907 2531 959 οίκεῖον
2556 905 2653 974 τῆς
2668 904 2993 975 ὑπερϐολῆς.
3027 903 3164 975 Περὶ
3193 902 3248 956 δὲ
3272 902 3399 965 τοὺς
3421 901 3659 970 δρυμοὺς

2089 996 2198 1050 τῶν
2228 996 2439 1049 εὐωδῶν
2472 995 2629 1065 γένος
2682 996 2828 1049 ἐστὶν
2882 996 3057 1063 ὄφεων
3098 993 3373 1048 ἰδιώτατον
3414 992 3654 1057 πάντων,

2088 1087 2252 1140 οἱονεὶ
2294 1087 2591 1157 φθονούσης
2634 1089 2741 1151 τοῖς
2770 1086 2947 1158 ἀδροίς
2970 1086 3333 1155 ἐπιτεύγμασι
3362 1085 3461 1156 τῆς
3486 1085 3656 1155 τύχης

2089 1176 2183 1230 καὶ
2203 1176 2656 1246 παραπλεκούσης
2676 1176 2896 1247 τάγαθῷ
2911 1177 2970 1228 τὸ
2988 1176 3269 1247 βλαϐερὸν,
3296 1175 3442 1236 ὅπως
3470 1174 3656 1244 μηδεὶς

2088 1270 2168 1330 είς
2195 1268 2343 1331 τέλος
2365 1267 2661 1343 ἐξυϐρίζων
2689 1268 2974 1331 τιτανῶδες
3006 1268 3099 1321 καὶ
3124 1266 3465 1335 κατεγνωκὸς
3494 1266 3536 1297 ¹⁹
3559 1264 3653 1319 τοῦ

2090 1358 2233 1412 θείου
2253 1360 2314 1412 τὸ
2331 1359 2583 1431 φρόνημα
2609 1359 2860 1433 λαμϐάνῃ
2883 1359 2989 1413 τῶν
3012 1358 3228 1428 ἀγαθῶν
3259 1359 3651 1428 εὐτυχούντων,

2088 1450 2405 1521 παιδεύηται
2436 1451 2492 1504 δὲ
2536 1454 2601 1521 τῇ
2643 1451 2940 1523 παραθέσει
2973 1451 3065 1504 καὶ
3097 1451 3286 1523 μνήμῃ
3334 1448 3443 1502 τῶν
3496 1452 3653 1502 ἐναν-

2086 1541 2238 1594 τίων.
2308 1538 2382 1593 Τὸ
2431 1540 2487 1593 δὲ
2539 1542 2693 1609 γένος
2747 1540 2854 1593 τῶν
2911 1538 3085 1609 ὄφεων
3143 1539 3342 1609 χρῶμα
3399 1538 3498 1609 μὲν
3539 1537 3651 1607 ἔχει

2089 1632 2401 1702 φοινικοῦν,
2458 1631 2630 1703 μῆκος
2684 1631 2742 1685 δὲ
2795 1632 2917 1684 ὅσον
2977 1630 3274 1701 σπιθαμῆς,
3359 1630 3542 1701 δῆγμα
3594 1632 3652 1684 δὲ

407 1723 619 1775 destins
648 1731 790 1791 agat.
818 1722 1002 1777 Genus
1028 1723 1080 1776 id
1110 1726 1378 1794 serpentis
1406 1727 1584 1781 colore
1609 1737 1692 1782 est
1720 1728 1977 1797 puniceo,

2090 1724 2330 1788 ἀνίατον,
2361 1724 2425 1777 ἂν
2460 1728 2558 1794 τῆς
2590 1723 2717 1796 [746
2738 1724 2832 1794 H.]
2857 1723 3080 1793 λαγόνος
3116 1721 3392 1793 ἀνώτερον
3420 1724 3649 1795 «ludar

408 1824 462 1869 ct
524 1817 860 1886 longitudine
932 1818 1239 1884 spithamae,
1314 1833 1610 1887 morsuque
1674 1820 1984 1888 insanabili,

403 1908 630 1977 quando
689 1924 851 1977 super
899 1910 989 1963 ilia
1058 1909 1332 1963 hominem
1423 1911 1705 1965 sauciavit.
1762 1910 1983 1981 Plagam

404 1999 553 2052 enim
598 1999 761 2053 infert
799 2001 1053 2056 assiliens
1086 2003 1138 2054 in
1170 2002 1361 2055 altum.
1415 2002 1682 2056 Caeterum
1711 2005 1851 2072 apud
1886 2002 1987 2058 Sa-

411 2090 553 2143 baeos
603 2091 854 2160 stirpium
904 2089 1258 2159 fragrantium
1305 2092 1441 2146 odor
1482 2108 1732 2147 summus
1758 2093 1982 2163 quidem

403 2191 512 2246 est,
540 2183 633 2236 sed
674 2182 925 2251 voluptas
979 2184 1177 2238 minor.
1222 2181 1357 2238 Nam
1399 2185 1542 2254 quod
1569 2200 1599 2237 a
1631 2200 1799 2253 puero
1839 2184 1982 2240 assi-

407 2278 575 2329 duum
636 2285 738 2339 est,
787 2290 1013 2330 sensum
1065 2278 1247 2331 minus
1293 2275 1457 2330 allicit
1500 2288 1812 2345 movetque,
1869 2276 1982 2331 imo

408 2368 745 2422 ohtusiorem
775 2368 968 2429 reddit,
997 2370 1147 2423 nulla
1186 2370 1310 2424 vitae
1338 2368 1761 2425 commutatione
1789 2368 1981 2436 adjun-

400 2470 514 2512 cta.
550 2459 936 2514 Verumtamen
967 2475 1091 2515 cum
1120 2476 1226 2514 non
1260 2461 1330 2514 ita
1376 2460 1668 2514 informare
1695 2475 1758 2515 ac
1792 2474 1982 2530 regere

410 2553 573 2605 vitam
623 2552 856 2620 possint,
913 2562 970 2605 ut
1000 2551 1053 2605 in
1106 2552 1248 2606 bono
1296 2568 1510 2622 semper
1566 2563 1709 2608 statu
1763 2568 1981 2622 perma-

404 2654 533 2698 neat
595 2645 890 2715 (immistns
961 2645 1106 2699 enim
1138 2646 1365 2713 spiritus
1413 2645 1671 2700 facultate
1721 2646 1979 2701 incisoria

410 2752 612 2805 corpus
664 2736 872 2806 perﬂat,
897 2747 949 2791 et
974 2738 1426 2807 constipationem
1481 2738 1599 2807 ejus
1645 2739 1979 2793 moderatam

401 2832 488 2880 sic
518 2831 567 2880 in
594 2830 748 2897 plura
783 2830 1009 2894 diducit,
1066 2840 1124 2883 ut
1153 2831 1219 2883 ad
1252 2840 1549 2885 extremam
1572 2831 1788 2884 tandem
1829 2831 1978 2886 laxa-

404 2922 608 2975 tionem
640 2921 966 2992 redigatur);
998 2923 1122 2977 huic
1146 2924 1277 2977 vitio
1306 2932 1364 2977 ut
1393 2923 1733 2986 medeantur,
1769 2924 1980 2993 pauxil-

2085 1818 2183 1890 τὴν
2212 1818 2268 1872 δὲ
2294 1820 2339 1851 ²⁰
2366 1817 2580 1889 πληγὴν
2627 1818 2807 1872 δίδωσι
2852 1817 3186 1888 παλλόμενον
3215 1820 3295 1883 είς
3326 1818 3478 1887 ὐψος.
3512 1818 3650 1889 Παρ’

2085 1912 2269 1975 αὐτοῖς
2314 1911 2373 1968 δὲ
2428 1914 2541 1974 τοίς
2586 1912 2838 1975 Σαϐαίοις
2875 1911 2908 1980 ὴ
2951 1909 3049 1982 μὲν
3092 1911 3235 1981 ὀσμὴ
3275 1911 3383 1963 τῶν
3437 1910 3651 1963 εὐωδῶν

2084 2004 2380 2075 ἀκροτάτη,
2417 2004 2522 2075 ἡδὲ
2553 2003 2711 2075 χάρις
2739 2004 2961 2075 ἐλλιπής
2982 2020 2995 2034 ·
3024 2003 3085 2057 τὸ
3123 2003 3231 2074 γὰρ
3280 2002 3553 2073 ἐνδελεχὲς
3586 2003 3649 2057 ὲκ

2084 2095 2275 2165 νηπίου
2307 2098 2449 2149 κινεῖ
2478 2096 2576 2165 μὲν
2609 2096 2706 2165 τὴν
2739 2094 2989 2166 αἴσθησιν
3014 2091 3195 2162 ἦττον,
3223 2096 3572 2167 ἀμϐλυτέραν
3593 2095 3650 2148 δὲ

2084 2184 2504 2251 κατασκευάζει,
2537 2186 2836 2256 μεταϐολῆς
2852 2188 2963 2249 τοῖς
2978 2185 3114 2256 βίοις
3137 2188 3236 2257 οὐχ
3255 2188 3647 2258 ὑποκειμένης.

2084 2275 2159 2328 Οὐ
2209 2275 2316 2347 μὴν
2357 2275 2492 2329 ἀλλά
2537 2276 2798 2330 κάπειδὰν
2857 2277 2918 2330 οὐ
2971 2276 3231 2330 δύνωνται
3260 2277 3304 2309 ¹¹
3354 2277 3450 2348 τὴν
3504 2276 3651 2348 ζωὴν

2084 2367 2449 2436 παιδαγωγεῖν
2507 2367 2903 2438 παραπλησίως
2934 2369 3169 2438 εὐσταθῆ
3194 2407 3210 2433 ,
3258 2369 3649 2439 διαπνεομένου

2081 2456 2175 2511 τοῦ
2205 2456 2457 2526 σώματος
2502 2458 2595 2512 ὑπ’
2627 2460 2867 2530 ἀκράτου
2898 2461 2993 2514 καὶ
3025 2463 3296 2532 τμητικῆς
3344 2460 3648 2532 δυνάμεως.

2081 2552 2178 2604 καὶ
2204 2553 2301 2622 τὴν
2338 2550 2649 2622 σύμμετρον
2678 2553 2955 2606 πύκνωσιν
2994 2552 3087 2605 ἐπὶ⁵
3116 2552 3297 2606 πλεῖον
3322 2552 3564 2623 ἀγούσης
3601 2553 3649 2585 ³⁸

2081 2643 2221 2696 ῶστε
2254 2643 2405 2711 άγειν
2434 2643 2513 2706 είς
2545 2642 2760 2698 ἔκλυσιν
2792 2644 3047 2715 ἐσχάτην,
3079 2645 3198 2698 τότε
3224 2645 3285 2714 δὴ
3307 2645 3352 2676 ’⁸
3372 2645 3649 2713 ἀσφάλτου

2081 2735 2531 2806 παραθυμιῶντες
2592 2734 2762 2806 βραχὺ
2831 2736 2925 2789 καὶ
2984 2737 3188 2807 τράγου
3248 2736 3470 2804 πώγονα
3534 2738 3651 2799 τοῖς

2078 2825 2341 2888 τοιούτοις
2355 2824 2712 2895 ἀφαιροῦνται
2726 2824 2824 2896 τὴν
2838 2827 2975 2893 ἄγαν
2992 2826 3162 2898 εὐώδη
3187 2825 3286 2895 τῆς
3308 2827 3579 2895 ὲπιιιςοφᾶς
3600 2825 3650 2858 ⁸⁸

2081 2916 2405 2987 ὑπερϐολὴν,
2436 2919 2529 2970 καὶ
2555 2920 2621 2988 τῇ
2659 2917 2800 2988 μίξει
2820 2917 2914 2971 τοῦ
2931 2918 3211 2982 δοκοῦντος
3240 2918 3430 2971 λυπεῖν
3463 2918 3522 2971 τὸ
3547 2917 3650 2985 τῆς

407 3007 518 3059 lum
554 3008 834 3062 bituminis
862 3016 916 3062 et
941 3008 1073 3062 hirci
1103 3009 1349 3074 barbam,
1376 3011 1591 3079 tegrotis
1621 3012 1975 3065 succendunt.

2082 3008 2274 3079 ἡδονῆς
2335 3007 2594 3080 βλαϐερὸν
2648 3008 3222 3062 ὑποκαταστέλλουσιν.
3282 3007 3469 3071 Οὐτως
3503 3007 3650 3061 ἅπαν

409 3099 586 3167 Atque
622 3098 697 3152 ita
725 3099 953 3153 nimium
1016 3099 1324 3170 fragrantia:
1380 3110 1637 3170 perpetuo
1691 3102 1977 3171 aspiranlis

406 3204 693 3243 excessum
755 3190 1104 3258 amoliuntur,
1162 3199 1217 3245 et
1270 3193 1412 3261 quod
1458 3193 1719 3262 voluptati
1754 3194 1975 3247 noxium

407 3293 510 3342 est,
558 3283 1003 3351 attemperatioue
1042 3284 1161 3352 ejus
1189 3286 1333 3353 quod
1364 3285 1650 3338 molestum
1693 3285 1822 3340 huic
1856 3300 1978 3341 esse

411 3374 645 3439 videtur,
672 3374 996 3443 reprimunt.
1027 3373 1177 3428 Adeo
1207 3376 1386 3428 omnis
1417 3374 1667 3440 felicitas,
1696 3378 1743 3431 si
1769 3377 1977 3432 medio-

407 3465 600 3519 critate
625 3475 679 3518 et
709 3465 852 3518 bono
901 3464 1093 3538 ordine
1141 3473 1496 3533 gubernatur,
1550 3466 1715 3519 vitam
1772 3469 1978 3535 optime

408 3556 729 3611 transmittit
772 3574 787 3609 :
837 3564 894 3609 at
942 3556 989 3610 si
1045 3556 1416 3610 moderatione
1471 3566 1524 3610 et
1579 3560 1979 3626 opportunitate

403 3650 739 3713 destituitur,
792 3647 1001 3702 inutilis
1030 3646 1149 3716 ejus
1180 3648 1474 3717 possessio.
1521 3647 1663 3704 Saba
1696 3651 1975 3720 oppidum,

407 3746 571 3797 totius
601 3743 775 3812 gentis
815 3740 1225 3810 appellationem
1256 3742 1523 3807 indicans,
1562 3743 1734 3796 monti
1765 3743 1976 3797 incum-

406 3835 484 3888 bit
514 3850 621 3889 non
643 3848 859 3903 magno,
905 3834 1149 3887 omnium
1173 3832 1372 3905 459a
1408 3834 1460 3888 in
1491 3834 1688 3888 Arabia
1723 3836 1976 3901 pulcher-

404 3926 623 3978 rimum.
678 3922 793 3978 Rex
869 3923 966 3977 toti
1018 3924 1163 3994 genti
1224 3926 1517 3994 imperans,
1564 3930 1973 3997 praerogativam

406 4018 566 4072 habet
617 4018 671 4071 in
714 4032 977 4073 consessu
1024 4032 1055 4071 a
1099 4018 1299 4087 populo
1351 4018 1565 4083 scitam,
1615 4035 1720 4089 qua
1766 4020 1975 4077 honore

403 4124 505 4165 suo
556 4110 862 4180 praeditam,
924 4125 1032 4180 qua
1083 4112 1325 4166 muneris
1388 4114 1614 4166 omnino
1670 4124 1969 4183 expertem.

405 4203 622 4258 llonore
645 4204 788 4257 enim
821 4218 1000 4273 regem
1038 4203 1354 4273 dignantur,
1406 4207 1553 4274 quod
1586 4208 1772 4261 multis
1804 4208 1974 4276 impe-

402 4296 545 4359 ritat,
581 4304 629 4349 el
660 4296 828 4349 libero
864 4311 983 4363 quae
998 4296 1237 4350 decernit
1265 4296 1490 4351 arbitrio
1518 4298 1649 4365 agit,
1682 4299 1816 4352 nulli
1844 4300 1972 4353 subo

2081 3100 2387 3171 ἐπίτευγμα
2441 3102 2699 3172 μεσότητι
2748 3101 2845 3171 μὲν
2889 3101 2981 3154 καὶ
3026 3100 3176 3164 τάξει
3232 3099 3649 3171 κυϐερνώμενον

2080 3193 2443 3264 παραπέμπει
2502 3193 2594 3247 τὸν
2636 3192 2769 3263 βίον,
2831 3194 3171 3263 συμμετρίας
3224 3192 3282 3245 δὲ
3329 3193 3424 3247 καὶ
3457 3190 3649 3261 καιροῦ

2084 3287 2344 3356 στερηθὲν
2364 3286 2463 3340 οὐκ
2480 3286 2593 3356 ἔχει
2614 3286 2711 3357 τὴν
2748 3286 2939 3357 κτῆσιν
2979 3285 3318 3357 ὀνησιφόρον.
3353 3285 3425 3338 Τὸ
3451 3285 3506 3338 δὲ
3539 3284 3653 3337 τῶν

2085 3375 2334 3431 Σαϐαίων
2362 3376 2498 3431 ἄστυ
2511 3376 2606 3429 τοῦ
2629 3376 2831 3439 παντὸς
2852 3376 3034 3439 ἔθνους
3052 3375 3421 3445 προσηγορίαν
3451 3373 3649 3443 δηλοῦν

2082 3468 2170 3519 ἐπ’
2201 3466 2360 3537 ὅρους
2406 3467 2555 3521 ἐστὶν
2608 3467 2667 3519 οὐ
2704 3466 2959 3538 μεγάλου,
3018 3467 3153 3520 πολὺ
3197 3466 3482 3519 κάλλιστον
3536 3465 3650 3516 τῶν

2079 3558 2218 3610 κατά
2252 3558 2350 3627 τὴν
2394 3556 2672 3628 Ἀραϐίαν,
2692 3558 2731 3610 ὃ
2757 3557 3003 3611 καλεῖται
3055 3558 3234 3621 Σάϐας
3255 3559 3322 3613 ’⁵.
3360 3557 3522 3630 [1575
3550 3557 3650 3629 Η.]

2089 3649 2147 3701 '0
2174 3648 2232 3701 δὲ
2263 3648 2560 3719 βασιλεύων
2592 3649 2686 3703 τοῦ
2714 3649 2912 3712 παντὸς
2952 3650 3139 3713 ἔθνους
3167 3650 3457 3721 προεδρίαν
3507 3652 3647 3721 ἔχει,

2076 3741 2228 3813 παρὰ
2250 3741 2345 3795 τοῦ
2377 3741 2507 3795 λαοῦ
2534 3745 2600 3813 τῇ
2622 3744 2667 3774 ’⁸
2700 3742 2798 3813 μὲν
2820 3742 3035 3812 ἔντιμον
3062 3745 3129 3813 τῇ
3152 3743 3207 3796 δὲ
3242 3742 3647 3814 ἀκληροτάτην,

2077 3833 2294 3904 ἔντιμον
2353 3833 2453 3903 μὲν
2510 3834 2591 3886 ὅτι
2640 3833 2853 3897 πολλοῖς
2905 3834 3202 3899 ἐπιτάττει,
3267 3834 3409 3888 κατά
3461 3835 3651 3906 κρίσιν

2075 3925 2448 3980 ἀνυπεύθυνον
2476 3926 2504 3978 ὃ
2540 3925 2791 3995 βούλεται
2823 3926 3097 3996 πράττων,
3158 3925 3395 3998 ἄκληρον
3449 3926 3505 3978 δὲ
3562 3929 3651 3979 ὅτι

2075 4014 2408 4085 παραλαϐὼν
2438 4017 2535 4084 τὴν
2562 4015 2878 4085 ἐπιμέλειαν
2898 4014 2959 4067 οὐ
2992 4014 3216 4069 δύναται
3256 4015 3416 4068 πάλιν
3445 4016 3509 4067 ὲκ
3534 4015 3650 4067 τῶν

2076 4105 2358 4176 βασιλείων
2388 4106 2639 4173 ὲξελθείνο
2658 4107 2706 4158 εἰ
2730 4105 2786 4158 δὲ
2813 4107 2909 4177 μὴ,
2931 4106 3269 4172 λιθόλευστος
3298 4108 3403 4161 ὑπὸ
3426 4109 3651 4162 πάντων

2072 4200 2304 4268 γίνεται,
2332 4200 2474 4253 κατά
2534 4200 2780 4271 χρησμὸν
2843 4201 3090 4272 ἀρχαῖον,
3153 4201 3293 4255 ὥστε
3346 4198 3487 4257 εἶναι
3547 4202 3652 4274 τὴν

2073 4292 2342 4363 ὑπεροχὴν
2372 4290 2665 4361 βλαϐεράν.

395 4385 574 4454 jectus
632 4400 896 4439 censurae.
949 4384 1152 4440 Exsors
1213 4401 1340 4439 vero
1395 4396 1500 4448 est,
1561 4397 1616 4442 et
1683 4388 1928 4457 quolibet
1999 4387 2210 4458 privato
2269 4382 2517 4447 inferior,
2566 4382 2713 4451 quod
2772 4391 2994 4453 accepta
3048 4385 3199 4456 regni
3253 4400 3407 4452 cura,
3464 4388 3653 4457 regale

398 4480 581 4547 egredi
630 4480 887 4547 palatium
925 4480 974 4534 ei
1018 4480 1192 4536 nefas.
1258 4481 1427 4536 Secus
1452 4482 1497 4536 si
1528 4482 1643 4546 fiat,
1698 4481 1967 4552 lapidibus
2006 4477 2263 4549 apopulo
2313 4476 2585 4531 obruitur.
2650 4475 2728 4530 ita
2787 4476 2932 4530 enim
2988 4479 3271 4548 antiquum
3315 4479 3472 4549 jubet
3515 4497 3651 4536 ora-

396 4571 601 4627 Culum.
668 4568 946 4624 llonorum
998 4573 1161 4642 igitur
1228 4575 1520 4629 eminentia
1584 4576 1693 4630 illic
1746 4575 1961 4629 nociva.

470 4661 513 4716 E
544 4664 787 4717 virorum
842 4678 1071 4718 numero
1097 4665 1162 4719 ad
1204 4665 1305 4719 hoc
1340 4666 1616 4731 destinati,
1659 4676 1716 4719 ut
1748 4667 1970 4722 domum

2151 4654 2272 4709 Τῶν
2326 4655 2382 4708 δὲ
2431 4653 2642 4723 ἀνδρῶν
2688 4652 2737 4706 οί
2786 4654 2883 4724 μὲν
2912 4657 3331 4727 καταγινόμενοι
3381 4660 3519 4730 πρὸς
3583 4659 3653 4716 τὸ

398 4765 638 4816 servent,
685 4755 879 4825 exiguo
928 4754 1121 4809 fortius
1171 4771 1230 4811 se
1279 4765 1473 4825 gerunt
1522 4772 1684 4827 quam
1734 4756 1967 4811 feminae.

399 4845 672 4899 Continuo
742 4862 979 4916 namque
1042 4848 1156 4902 otio
1210 4847 1263 4901 in
1322 4847 1555 4902 feminas
1615 4847 1969 4917 degenerant.

399 4940 589 4991 ueteri
614 4948 667 4992 et
698 4941 859 4994 rebus
905 4940 1116 4994 bellicis
1158 4939 1290 4993 dant
1317 4955 1564 5009 operam,
1604 4949 1658 4994 et
1688 4948 1854 4993 totam
1885 4955 1971 4994 re-

400 5033 613 5100 gionem
656 5048 817 5101 opere
860 5042 1134 5099 exercent,
1166 5042 1221 5088 et
1249 5032 1492 5086 colonias
1537 5031 1832 5086 deducunt.
1859 5031 1973 5086 Ma-

395 5124 576 5192 jorum
609 5140 755 5177 etum
794 5124 1138 5179 sehediarum
1198 5123 1591 5196 [navicularum
1625 5124 1887 5176 minorum
1916 5132 1969 5179 et

2072 4745 2281 4801 οῐκοι²⁷
2315 4744 2672 4815 ἐνδιατρίϐειν
2731 4744 2903 4817 βραχὺ
2954 4764 3006 4801 τι
3057 4748 3152 4802 τοῦ
3198 4751 3388 4819 θήλεος
3450 4756 3651 4822 γένους

2073 4835 2455 4907 ἀλκιμώτερον
2478 4837 2725 4904 ἄγουσιν,
2755 4836 2860 4890 ὑπὸ
2884 4837 2981 4906 τῆς
3035 4839 3291 4909 συνεχοῦς
3339 4845 3652 4910 ἀπο-γυναι..

2074 4927 2336 4998 κούμενοι
2367 4926 2651 4998 ῥᾳστώνης
2672 4941 2690 4958 ο
2730 4930 2778 4980 οἱ
2803 4927 2859 4981 δὲ
2884 4928 3035 4982 ἄλλοι
3068 4930 3137 4983 τά
3165 4947 3226 4983 τε
3249 4932 3292 4964 ³⁸
3322 4933 3461 5002 πρὸς
3482 4936 3649 4989 πόλε-

2078 5035 2178 5088 μον
2208 5018 2479 5089 μελετῶσι
2509 5018 2606 5072 καὶ
2622 5019 2720 5088 τὴν
2747 5018 2931 5088 χώραν
2959 5019 3179 5075 ἃπασαν
3198 5023 3526 5092 ἐργάζονται
3551 5031 3650 5082 καὶ

2078 5106 2395 5160 στέλλουσιν
2441 5106 2538 5160 ἀπ’
2601 5108 2777 5174 οίκίας
2801 5110 2869 5176 ³⁸,
2925 5111 3043 5172 ταῖς
3101 5111 3314 5180 μείζοσι
3367 5116 3650 5188 χρώμενοι

1683 5278 1919 5335 VARUS
1958 5282 2360 5344 LECTIONES.

469 5397 515 5428 "
556 5398 916 5465 κατεγνωκὼς
963 5419 1023 5464 ς.

1096 5398 1905 5489 ῗέ,,ξὲ,,99¹.·,ἔτηὲυὲεπληχὴν
1926 5405 2087 5489 PM."
2117 5424 2179 5470 ς·
2256 5408 2299 5439 ²¹
2335 5406 2588 5489 δύνανται
2616 5424 2678 5471 ςο
2702 5407 3065 5489 -Ῑ¹.ᾁιοέ⁵.ση.ς]
3091 5411 3275 5489 mali!"
3314 5414 3645 5489 ἀραιοῠσης.

705 5471 787 5564 (δέ
812 5471 901 5564 ιε)
1591 5464 1874 5564 mea
1915 5464 2173 5564 eam
2207 5479 2603 5564 σκναιομένης-
2773 5464 3064 5564 δήιδέηλῖ
3143 5464 3655 5564 “mansisti:

401 5539 605 5608 tuasius
636 5536 725 5608 ap.
755 5536 1074 5594 Sallierfad
1109 5536 1303 5591 Thom.
1335 5536 1473 5608 Mag.
1511 5552 1563 5606 p.
1594 5538 1714 5593 106.
1792 5543 1836 5572 ’⁵
1870 5536 2010 5597 σαϐἄ

2016 5563 2136 5632 ςςι
2397 5546 2578 5632 eam
2614 5549 2799 5632 ea:
2824 5546 2898 5632 in
2941 5548 2980 5599 θ
3003 5559 3056 5632 ςι
3283 5546 3348 5609 Αἱ
3397 5546 3653 5632 “re:

398 5606 460 5657 τὸ
492 5606 628 5662 οἴκοι
652 5602 1003 5680 ἐνδιατρίϐειν
1036 5611 1088 5663 in
1126 5625 1231 5678 mg.
1264 5602 1526 5675 ponit—Af
1590 5609 1634 5639 "
1664 5611 1729 5663 τά
1758 5610 1839 5685 τε]
1885 5602 2170 5678 πάντεξΛ.
2248 5619 2293 5650 ¹⁹
2318 5602 2411 5670 ἀπ’
2437 5602 2634 5686 οίκίῖἱς]
2664 5602 2801 5671 "libri
2839 5602 3110 5681 ἀποικίας.
