3966 6240
276 296 357 359 69
1411 302 1945 364 BIBLIOTHECA.
1976 328 2047 341 -·
2083 306 2247 370 COD.
2290 309 2445 370 CCL.
3470 309 3540 375 70

284 407 544 477 σχεδίαις.
580 409 887 480 Κομίζουσι
926 410 984 465 δὲ
1040 411 1174 466 ἄλλα
1226 430 1309 479 τε,
1344 415 1440 468 καὶ
1485 416 1722 486 μάλιστα
1771 417 1863 469 τὸν

1971 421 2263 489 vulgarium
2271 454 2289 493 J
2328 421 2413 476 his
2436 430 2519 475 est
2544 435 2699 478 usus.
2740 419 2959 476 Vchunt
2986 436 3107 477 cum
3134 422 3261 487 alla,
3295 431 3407 477 tum
3433 422 3548 476 iru-

281 501 455 570 εὐώδη
490 501 707 570 καρπὸν
733 503 827 555 τὸν
860 505 917 558 ὲν
951 505 1029 573 τῷ
1061 507 1236 576 πέραν
1265 508 1534 578 φυόμενον
1570 508 1853 580 (ἀραὸιστὶ

275 590 409 645 ss»
456 591 677 658 λέγεται
723 593 1039 669 λάριμναν),
1100 607 1365 667 μεγίστην
1444 599 1638 668 ἔχοντα
1661 599 1703 631 ³¹
1752 599 1864 652 τῶν

282 678 460 732 ἄλλων
495 679 867 750 θυμιαμάτων
895 684 1127 737 εὐωδίαν
1148 700 1161 713 ο
1206 686 1265 739 ὃν
1291 686 1336 718 ⁸³
1383 689 1607 757 κρατεῖν
1645 687 1864 756 λέγεται

282 770 477 838 γένους
532 772 852 843 ἀρρωστίας
902 775 980 838 ὡς
1036 777 1127 830 ἐπὶ
1168 778 1228 830 τὸ
1272 778 1406 831 πολύ
1425 779 1468 809 ⁸⁸
1515 780 1861 850 σωματικῆς.

278 861 558 931 Οὐδεμίαν
591 862 649 915 δὲ
682 866 782 934 τῆς
822 869 927 936 γῆς
967 867 1136 937 ἄλλην
1175 868 1308 939 ὓλην
1355 870 1647 940 φερούσης,
1692 873 1864 938 ἀναγ-

283 954 547 1018 κάζονται
586 957 727 1026 πρὸς
748 959 816 1013 τὰ
848 958 971 1012 καθ’
1015 961 1229 1032 ἡμέραν
1271 961 1334 1015 τὸ
1379 964 1735 1033 κιννάμωμον
1769 965 1865 1016 καὶ⁹

282 1047 383 1117 τὴν
420 1048 655 1102 κασσίαν
684 1049 884 1119 καίειν,
922 1054 1017 1105 καὶ
1055 1053 1193 1124 πρὸς
1223 1055 1321 1117 τὰς
1350 1055 1677 1118 ὑπολοίπους
1702 1058 1763 1108 ὲν
1785 1054 1863 1125 τῷ

290 1139 395 1209 βίῳ
427 1139 614 1210 χρείας
637 1155 655 1171 ο
692 1140 868 1203 οὕτως
906 1143 1106 1207 ἀνίσως
1134 1145 1204 1198 τὰ
1251 1146 1477 1216 αὐτῆς³⁴
1514 1148 1548 1217 ἡ
1579 1148 1717 1218 τύχη
1768 1166 1864 1217 με·

295 1230 511 1301 μέρικε,
534 1233 642 1294 τοῖς
672 1232 772 1301 μὲν
797 1234 991 1287 σπάνιν
1018 1235 1129 1287 τῶν
1161 1237 1485 1303 σπουδαίων,
1513 1242 1625 1303 τοῖς
1644 1238 1701 1291 δὲ
1724 1241 1865 1309 πλῆ-

298 1320 388 1384 θος
440 1321 673 1376 διδοῦσα.
730 1323 850 1375 Τῶν
896 1324 953 1377 δὲ
1006 1326 1257 1381 Σαδαίων
1304 1328 1544 1399 χρῶνται
1606 1332 1703 1384 καὶ
1748 1334 1862 1397 τοῖς

290 1412 635 1483 δερματίνοις
662 1416 765 1469 οὐκ
814 1418 986 1485 ὀλίγοι
1036 1422 1300 1491 πορείοις,
1356 1424 1719 1496 διδασκούσης
1762 1426 1862 1498 τὴν

289 1506 481 1574 χρείαν
508 1505 608 1575 τῆς
632 1507 994 1574 ἀναπώτιδος,
1034 1512 1239 1585 καίπερ
1266 1516 1324 1567 ὲν
1349 1518 1531 1587 τρυφῇ
1568 1534 1863 1587 καταγινο-

285 1594 510 1663 μένους.
530 1597 714 1683 ΔΟὐδὲν
751 1598 863 1668 γὰρ
900 1600 1278 1675 εὐπορώτερον
1323 1606 1572 1660 Σαϐαίων
1598 1611 1694 1662 καὶ
1731 1610 1865 1683 Γερ-

286 1684 463 1753 ραίων
499 1681 642 1740 εἶναι
699 1688 849 1742 δοκεῖ
886 1691 1063 1758 γένος,
1114 1694 1630 1767 ὲκτεταμιευμένων
1660 1700 1770 1753 πᾶν
1802 1681 1864 1753 τὺ

1972 521 2119 566 ctum
2162 511 2448 566 odoratum
2474 512 2727 575 maxime,
2756 512 2811 565 in
2841 512 3094 567 ulteriore
3128 523 3267 567 terra
3307 522 3490 565 natum
3527 527 3541 562 :

1969 602 2200 657 Arabico
2255 602 2509 656 Larimna
2583 603 2801 657 dicitur.
2873 603 3106 659 Maxima
3166 605 3304 658 inter
3352 616 3546 661 caetera

1970 691 2326 761 thymiamata
2376 690 2677 762 fragrantia
2729 695 2988 762 praeditus
3030 706 3115 750 est
3142 716 3157 726 ο
3185 712 3418 766 quorum
3458 714 3551 767 ge-

1969 799 2075 838 nus
2138 783 2507 839 infirmitatem
2590 785 2837 855 corporis
2913 786 3234 859 plerumque
3311 789 3538 845 vincere

1970 874 2303 943 perhibetur.
2338 877 2510 932 Porro
2551 892 2675 932 cum
2714 878 2860 933 nulla
2899 880 3075 933 solum
3118 882 3219 936 hoc
3266 882 3372 936 alia
3413 881 3553 937 ferat

1970 964 2113 1033 ligna
2140 966 2207 1020 ad
2240 981 2375 1022 usus
2402 968 2776 1037 quotidianos,
2807 970 3212 1025 cinnamomum
3235 982 3289 1027 et
3308 974 3540 1028 cassiam

1970 1057 2150 1124 urere;
2194 1066 2250 1113 et
2279 1060 2344 1114 ad
2379 1070 2603 1116 caeteros
2645 1061 2769 1116 vitae
2814 1078 2949 1117 usus
2992 1064 3284 1132 applicare,
3330 1075 3553 1120 necesse

1971 1149 2200 1208 habent.
2253 1154 2429 1218 Quam
2484 1154 2824 1223 inaequaliter
2875 1154 3016 1210 bona
3062 1171 3161 1211 sua
3205 1157 3387 1211 divina
3429 1173 3553 1213 sors

1969 1242 2283 1297 distribuit!
2334 1244 2429 1299 His
2466 1260 2646 1299 rerum
2702 1248 3125 1314 appetendarum
3176 1248 3262 1300 vix
3315 1247 3533 1316 paucita

1970 1344 2078 1389 tem
2110 1334 2382 1400 concedit,
2417 1335 2523 1389 illis
2580 1336 2997 1391 redundantiam
3032 1337 3282 1406 largitur.
3335 1337 3555 1391 Sabaeo-

1969 1437 2094 1476 rum
2155 1438 2262 1476 non
2310 1424 2466 1492 pauci
2514 1424 2782 1481 coriaceis
2832 1435 3061 1480 utuntur
3103 1426 3393 1491 naviculis,
3452 1426 3555 1479 do—

1972 1523 2128 1569 cente
2173 1514 2319 1569 hunc
2352 1530 2449 1571 eos
2476 1531 2638 1571 usum
2712 1515 2923 1571 reﬂuxu
2977 1518 3166 1583 maris,
3212 1517 3463 1584 quamvis
3498 1516 3553 1569 in

1972 1602 2105 1655 luxu
2131 1610 2185 1657 et
2222 1602 2432 1657 deliciis
2478 1605 2747 1659 viventes.
2799 1603 2956 1659 Nulla
2987 1606 3131 1660 enim
3180 1605 3389 1659 Sabaeis
3420 1621 3550 1673 opu-

1973 1688 2171 1744 lentior
2216 1706 2337 1744 esse
2367 1700 2419 1744 et
2478 1690 2772 1757 Gerrliaais,
2826 1693 3108 1747 hominum
3139 1697 3289 1746 natio
3318 1693 3554 1748 videtur.

285 1777 491 1828 πῖπτον
530 1780 611 1840 είς
630 1778 897 1862 διαφορᾶς
920 1782 1079 1851 λόγον
1115 1785 1224 1839 ἀπὸ
1255 1790 1355 1857 τῆς
1404 1789 1596 1854 Ἀσίας
1634 1792 1732 1845 καὶ
1765 1794 1866 1862 τῆς

1971 1781 2072 1848 Qui
2110 1783 2377 1852 quidquid
2404 1784 2506 1837 sub
2531 1783 2806 1837 calculum
2860 1785 3344 1853 transportationis
3388 1786 3554 1848 cadit,

285 1865 582 1936 Εὐρώπης.
614 1860 774 1923 Οὗτοι
798 1870 1141 1943 πολύχρυσον
1170 1875 1268 1946 τὴν
1287 1877 1631 1950 Πτολεμαίου
1663 1860 1869 1953 Συρίαν

284 1962 680 2029 πεποιήκασιν,
727 1953 875 2015 οὗτοι
923 1967 989 2035 τῇ
1056 1967 1320 2023 Φοινίκων
1398 1971 1658 2045 φιλεργίᾳ
1733 1991 1871 2027 κατ-

286 2049 631 2104 εσκευάκασι
677 2053 977 2119 λυσιτελεῖς
1029 2057 1320 2129 ἐμπορίας,
1356 2065 1452 2115 καὶ
1508 2065 1676 2135 μυρία
1708 2064 1867 2120 ἄλλα.

290 2143 449 2195 ’Ἔστι
475 2143 533 2195 δὲ
572 2144 892 2200 πολυτέλεια
928 2150 1061 2220 παρ’
1092 2151 1275 2216 αὐτοῖς
1310 2154 1371 2206 οὐ
1428 2154 1590 2224 μόνον
1611 2155 1742 2229 [747
1776 2157 1870 2231 Η.]

293 2235 354 2286 ὲν
376 2234 683 2305 τορεύμασι
710 2235 1046 2309 θαυμαστοῖς
1103 2243 1198 2295 καὶ
1240 2246 1517 2314 ποτηρίων
1551 2248 1867 2314 ποικιλίαις,

293 2325 377 2377 ἔτι
406 2326 463 2378 δὲ
494 2325 695 2379 κλινῶν
725 2328 819 2381 καὶ
850 2332 1125 2398 τριπόδων
1146 2334 1423 2405 μεγέθεσι,
1451 2337 1547 2391 καί⁵
1570 2338 1679 2391 τῶν
1696 2338 1872 2394 ἄλλων

286 2417 398 2469 τῶν
426 2416 549 2471 κατ’
577 2418 760 2473 οἰκίαν
786 2424 917 2491 παρ’
966 2423 1100 2492 ἡμῖν
1161 2426 1554 2496 ἐπιτεινομένων
1601 2428 1872 2499 λαμϐάνει

288 2510 391 2577 τὴν
452 2511 1082 2581 ὑπερϐολήνηπολλῶν,
1162 2516 1239 2580 ὼς
1295 2517 1463 2581 ἔοικε,
1518 2523 1874 2593 κεκτημένων

289 2602 560 2672 χορηγίαν
592 2602 899 2676 βασιλικήν.
929 2606 1130 2671 Κίονάς
1158 2625 1219 2661 τε
1254 2609 1484 2673 πολλοὺς
1512 2612 1697 2676 αὐτοῖς
1738 2630 1873 2682 φησι

285 2695 730 2750 κατεσκευάσθαι
775 2696 1107 2768 ἐπιχρύσους
1168 2716 1229 2752 τε
1281 2701 1377 2754 καὶ
1407 2702 1702 2773 ἀργυροῦς,
1737 2706 1875 2776 πρὸς

283 2784 345 2838 δὲ
377 2786 476 2838 καὶ
505 2787 608 2851 τὰς
632 2788 838 2857 ὀροφὰς
863 2790 958 2843 καὶ
1006 2791 1177 2861 θύρας
1213 2792 1433 2862 φιάλαις
1477 2794 1875 2868 λιθοκολλήτοις

288 2877 615 2946 ὲξειλῆφθαι
638 2879 684 2911 ³⁸
715 2883 975 2947 πυκναῖς,
1006 2881 1271 2947 ὡσαύτως
1308 2884 1401 2937 καὶ
1432 2885 1503 2938 τὰ
1542 2888 1876 2956 μεσοστύλια

1972 1889 2037 1927 ex
2063 1875 2191 1927 Asia
2216 1883 2270 1928 et
2303 1874 2543 1943 EurOpa,
2583 1875 2926 1945 dispensant.
2958 1874 3021 1929 Hi
3057 1877 3175 1930 auri
3225 1876 3554 1930 ditissimam

1971 1962 2252 2020 Ptolemaei
2313 1966 2527 2035 Syriam
2574 1964 2839 2020 fecerunt.
2897 1966 2961 2021 Hi
3006 1967 3277 2021 sedulitati
3332 1967 3557 2022 Phaeni-

1973 2069 2099 2109 cum
2183 2054 2588 2109 lucrusissimas
2643 2055 3043 2125 negotiationes
3130 2056 3415 2119 dederunt,
3498 2067 3559 2111 ut

1973 2155 2229 2201 sexcenta
2256 2146 2360 2199 alia
2387 2158 2727 2215 praeteream.
2781 2144 3007 2216 Magnos
3044 2146 3367 2215 impendunt
3406 2161 3559 2201 sum-

1971 2243 2119 2304 plus.
2166 2248 2274 2287 non
2312 2234 2487 2288 solum
2532 2238 2585 2288 in
2632 2242 2937 2288 toreumata
2962 2274 2977 2299 ,
3017 2244 3072 2289 et
3118 2234 3430 2303 sculpturas
3461 2234 3558 2288 ad-

1974 2325 2273 2385 mirabiles,
2290 2335 2343 2379 et
2374 2325 2692 2393 poculorum
2714 2324 3053 2390 varietatem,
3072 2325 3167 2380 sed
3191 2324 3552 2395 magniﬁcen-

1974 2418 2048 2472 tia
2076 2418 2165 2472 illa
2208 2418 2369 2472 etiam
2393 2418 2446 2471 in
2468 2417 2732 2472 lecturum
2766 2428 2821 2473 et
2852 2419 3123 2489 tripodum
3145 2417 3361 2489 [mensa
3398 2435 3557 2488 genus

1972 2508 2073 2581 est]
2114 2509 2472 2577 aliorumque,
2520 2524 2641 2579 qua).
2683 2509 2824 2578 apud
2886 2525 2989 2565 nos
3030 2525 3124 2571 per
3166 2513 3311 2566 :edes
3366 2522 3557 2566 exten-

1973 2602 2199 2665 duntur,
2234 2602 2607 2671 magnitudine
2638 2602 2707 2657 ad
2735 2617 3012 2657 summum
3071 2604 3301 2673 gradum
3360 2619 3556 2659 ascen-

1974 2693 2072 2748 dit.
2127 2692 2406 2765 Siquidem
2470 2695 2648 2761 multi,
2699 2702 2760 2749 ut
2804 2696 3080 2749 aestimare
3134 2706 3239 2760 est,
3303 2707 3556 2764 sumptus

1976 2784 2183 2840 faciunt
2233 2788 2430 2856 regios.
2486 2786 2605 2843 Huc
2657 2788 2887 2855 accedit,
2912 2789 3059 2859 quod
3118 2790 3391 2845 columnae
3447 2790 3558 2845 illis

1974 2878 2248 2932 deaurata:
2298 2888 2352 2932 et
2398 2887 2526 2933 totae
2578 2888 2803 2950 argento
2860 2889 3137 2946 constant,
3200 2882 3457 2953 foresque
3506 2894 3561 2938 et

289 2968 427 3022 θέαν
450 2969 597 3039 ἔχειν
623 2970 895 3043 εὐπρεπῆ,
929 2973 1024 3025 καὶ
1055 2973 1287 3029 καθόλου
1317 2976 1446 3039 τοὺς
1496 2977 1649 3047 παρὰ
1676 2979 1720 3011 ³⁸
1765 2978 1866 3033 τῶν

1975 2969 2189 3041 fastigia
2224 2970 2512 3026 domorum
2535 2972 2740 3027 crebra:
2762 2988 2793 3028 e
2824 2974 3056 3043 gemmis
3101 2985 3154 3029 et
3187 2976 3440 3044 pretiosis
3476 2975 3559 3029 la-

289 3062 475 3115 ἄλλων
527 3062 796 3128 πλούτους
841 3065 1122 3121 ἐκκεῖσθαι
1161 3066 1262 3137 τὴν
1310 3068 1577 3138 διαφορὰν
1604 3071 1866 3143 μεγάλην.

1977 3063 2196 3132 pidibus
2240 3064 2435 3133 pliiala:
2473 3065 2775 3135 excipiunt.
2826 3066 3202 3121 Consimiliter
3242 3069 3405 3121 etiam
3448 3084 3562 3122 mc-

302 3149 473 3205 ’Δλλὰ
498 3151 676 3207 ταῦτα
711 3153 812 3223 μὲν
849 3153 954 3219 ἕως
999 3154 1098 3208 τοῦ
1152 3155 1277 3210 καθ’
1312 3158 1460 3227 ήμᾶς
1503 3160 1637 3229 παρ’
1687 3160 1866 3226 αὐτοῖς

1982 3153 2206 3223 sostylia
2253 3153 2329 3223 (in
2385 3156 2581 3210 mediis
2633 3156 2841 3210 aedibus
2899 3157 3188 3226 columnae)
3246 3159 3564 3213 decentissi-

292 3241 699 3309 ἐπαγγέλλεται
723 3244 767 3275 ³⁷
797 3244 937 3315 βίου.
978 3246 1043 3299 Εἰ
1076 3246 1133 3300 δὲ
1185 3247 1260 3317 μὴ
1299 3247 1487 3319 πόρρω
1529 3248 1866 3321 διεστηκυῖαι

1984 3260 2126 3299 mam
2160 3246 2400 3315 prabent
2434 3247 2519 3300 sui
2556 3247 3088 3316 contemplationem.
3109 3248 3373 3318 Quodque
3402 3260 3565 3318 caput

289 3333 398 3403 τὴν
424 3334 643 3403 οἴκησιν
668 3338 923 3406 κατεῖχον
948 3337 1059 3390 τῶν
1087 3337 1184 3391 ἐπὶ
1236 3339 1418 3393 πάντα
1447 3338 1613 3394 τόπον
1652 3342 1748 3404 τὰς
1780 3343 1866 3396 δυ-

1983 3340 2085 3404 rei,
2144 3339 2409 3409 quidquid
2456 3340 2598 3409 apud
2632 3339 2771 3395 alios
2833 3340 3155 3395 divitiarum
3190 3350 3294 3405 est,
3328 3343 3377 3394 id
3402 3356 3565 3395 omne

292 3420 498 3491 νάμεις
547 3423 891 3493 στρεφόντων
915 3422 984 3487 ³⁸,
1018 3425 1293 3494 οἰκονόμοι
1337 3426 1450 3479 τῶν
1489 3427 1786 3499 ἀλλοτρίων
1812 3430 1866 3484 ἂι

1986 3431 2074 3487 hic
2118 3446 2315 3501 magna
2352 3432 2614 3486 Varietate
2654 3432 2965 3501 expositum
3018 3445 3120 3487 est.
3170 3432 3240 3486 At
3285 3433 3567 3486 enimvero

292 3514 551 3584 ὑπῆρχον
591 3515 641 3566 οἰ
668 3514 853 3586 κύριοι
879 3514 988 3569 τῶν
1021 3516 1169 3570 ἰδίων
1210 3516 1413 3581 ἄθλων,
1467 3518 1569 3588 τῆς
1599 3519 1866 3591 ῥᾳθυμίας

1986 3523 2103 3578 haec
2133 3524 2201 3577 ad
2243 3532 2483 3577 nostrain
2530 3538 2703 3591 usque
2740 3530 2956 3577 aetatem
3011 3521 3208 3593 559i:
3247 3523 3313 3577 de
3346 3523 3452 3577 illis
3490 3522 3563 3575 ita

295 3605 676 3677 ἀδυνατούσης
700 3607 763 3659 τὸ
788 3607 1076 3680 ἐλεύθερον
1122 3608 1295 3662 πλείω
1328 3610 1522 3681 χρόνον
1565 3611 1863 3684 διατηρεῖν.

1974 3615 2357 3685 praedicantur.
2381 3613 2492 3668 Nisi
2522 3628 2651 3668 vero
2681 3613 2839 3683 longe
2872 3614 3159 3668 submotas
3183 3614 3444 3667 haberent
3482 3627 3569 3665 se-

297 3702 403 3757 des
432 3702 504 3755 ab
532 3703 617 3756 his
654 3702 749 3773 qui
778 3704 845 3757 ad
879 3718 1096 3759 omnem
1138 3703 1253 3760 fere
1284 3705 1463 3761 locum
1533 3709 1719 3777 copias
1782 3710 1956 3773 alunt,
1997 3710 2297 3765 alienarum
2362 3717 2645 3762 curatores
2693 3721 2853 3776 Opum
2905 3706 3107 3772 forent,
3156 3705 3246 3772 qui
3313 3720 3458 3759 nunc
3511 3703 3567 3759 in

296 3808 404 3847 sua
459 3794 616 3863 quasi
657 3794 882 3863 praemia
967 3795 1268 3851 dominium
1346 3798 1604 3865 retinent,
1663 3800 1932 3871 siquidem
1994 3802 2206 3871 ignavia
2271 3800 2574 3855 libertatem
2662 3797 2729 3853 ad
2808 3797 3074 3862 prolixius
3178 3795 3305 3851 inde
3356 3806 3569 3865 tempus

296 3900 634 3940 causervare
669 3885 879 3955 nequit.

374 3978 538 4045 Παρὰ
565 3975 621 4028 δὲ
651 3976 751 4047 τὴν
781 3975 968 4047 χώραν
1001 3977 1209 4049 ταύτην
1237 3981 1271 4049 ή
1310 3980 1409 4050 μὲν
1436 3979 1680 4033 θάλαττα
1707 3980 1866 4033 λευκί

2058 3981 2184 4035 CAP.
2233 3975 2317 4030 LI.
2364 3974 2441 4029 De
2470 3976 2758 4045 fortunatis
2800 3974 3016 4030 Arabiae
3071 3973 3296 4038 insulis,
3326 3982 3375 4026 et
3400 3971 3569 4025 mira—

300 4070 583 4138 φαίνεται,
619 4067 849 4139 ποταμῷ
896 4069 1164 4141 ἐμφερὴς,
1214 4069 1356 4123 ὥστε
1393 4071 1857 4143 παραπλήττεσθα

1990 4073 2082 4126 bili
2128 4071 2245 4125 σιείὶ
2294 4071 2523 4123 ratione.
2558 4099 2628 4109 —
2658 4070 2864 4124 Praeter
2895 4068 3039 4122 hanc
3089 4067 3362 4136 regionem
3422 4080 3570 4118 mare

299 4161 398 4215 τοῦ
431 4160 728 4230 γινομένου
755 4161 856 4232 τὴν
886 4160 1089 4226 αἰτίαν,
1119 4161 1274 4231 νῆσοι
1321 4162 1380 4215 δὲ
1426 4163 1748 4234 εὐδαίμονες
1776 4182 1866 4217 πα-

1988 4165 2324 4232 conspicitur
2352 4162 2535 4216 album
2563 4162 2629 4215 ad
2658 4160 2806 4214 fluvii
2853 4159 3111 4228 speciem,
3145 4158 3222 4212 ita
3261 4167 3319 4210 ut
3345 4156 3570 4210 effectus

304 4255 617 4326 ράκεινται,
641 4253 698 4305 ὲν
730 4246 819 4315 αῖς
848 4252 1169 4323 βοσκήματα
1197 4254 1370 4306 λευκὰ
1400 4258 1499 4324 μέν
1533 4257 1650 4308 ἐστι
1679 4256 1866 4310 πάντα

1991 4256 2156 4325 hujus
2198 4268 2421 4310 causam
2475 4253 2599 4321 quis
2644 4266 2752 4305 non
2797 4252 2917 4305 sine
2966 4260 3188 4319 stupore
3247 4248 3566 4303 demiretur.

299 4345 484 4399 οὐδενί
506 4344 566 4397 δὲ
591 4342 703 4397 τῶν
736 4344 966 4413 θηλειῶν
988 4346 1281 4414 ἐπιφύεται
1308 4344 1498 4416 κέρας.
1543 4346 1632 4400 Ἐν
1656 4348 1866 4410 ταύταις

1990 4348 2274 4417 Adjunctae
2315 4353 2498 4401 autem
2533 4353 2661 4400 sunt
2701 4345 2894 4398 insulae
2939 4342 3251 4404 fortunatae,
3284 4340 3336 4394 in
3365 4339 3570 4409 quibus

302 4441 429 4501 ταῖς
477 4437 669 4508 νήσοις
724 4437 851 4490 ἰδεῖν
900 4437 1049 4491 ἐστιν
1096 4436 1369 4508 ὁρμούσας
1420 4438 1730 4507 ἐμπορικὰς
1774 4439 1866 4492 τῶι

1991 4440 2150 4494 niveo
2175 4448 2325 4495 .sunt
2385 4438 2568 4493 colore
2614 4451 2808 4507 pecora
2857 4434 3137 4496 universa,
3164 4448 3262 4486 nec
3289 4432 3382 4485 ulli
3414 4430 3542 4485 femi

306 4528 651 4601 προσχώρων
682 4528 921 4599 σχεδίας,
964 4527 1229 4592 πλείστας
1259 4530 1357 4599 μὲν
1406 4530 1614 4583 ἐκεῖθεν
1652 4525 1714 4584 οὐ
1752 4548 1859 4583 κατ

1990 4547 2184 4586 narum
2212 4547 2384 4587 cornu
2437 4530 2772 4585 adnascitur.
2804 4527 2860 4581 In
2885 4528 2967 4582 liis
2999 4525 3355 4581 mercatorias
3404 4537 3567 4578 acco-

306 4623 579 4689 εστήσατο
626 4621 778 4691 παρὰ
815 4620 907 4673 τὸν
967 4618 1126 4674 Ἰνδὸν
1168 4621 1413 4691 ποταμὸν
1450 4622 1479 4674 ὁ
1539 4622 1866 4693 Ἀλέξανδρα

1993 4623 2167 4677 larum
2231 4637 2398 4677 naves
2444 4622 2731 4677 stationem
2785 4620 2987 4673 habere
3025 4618 3231 4680 videas,
3282 4616 3573 4684 plerasque

306 4710 682 4781 ναύσταθμον,
709 4710 874 4783 [1576
906 4710 1001 4783 8.]
1036 4712 1138 4766 οὐκ
1169 4712 1356 4780 ὀλίγας
1388 4712 1445 4766 δὲ
1481 4714 1589 4767 ἀπὸ
1618 4714 1716 4784 τῆς
1744 4715 1866 4785 Περ

1995 4714 2121 4768 inde
2150 4712 2441 4784 profectas,
2476 4712 2563 4766 ubi
2587 4714 2737 4783 juxta
2770 4711 2957 4765 Indum
2990 4724 3206 4764 amnem
3235 4708 3429 4762 navale
3489 4708 3573 4759 in-
3608 4784 3615 4789 ι

310 4803 454 4865 σίδος
479 4803 577 4856 καὶ
601 4804 928 4874 Καρμανίας
958 4804 1055 4857 καὶ
1079 4804 1177 4874 τῆς
1210 4803 1477 4873 σύνεγγυς
1503 4806 1706 4877 πάσης.
1730 4805 1865 4859 Ἔστ

1995 4805 2173 4860 stituit
2217 4802 2524 4857 Alexander
2553 4818 2567 4854 :
2598 4817 2698 4857 nec
2730 4817 2929 4870 paucas
2956 4816 2988 4856 e
3016 4800 3237 4855 Perside
3266 4809 3320 4854 et
3346 4796 3573 4853 Carma-

310 4892 367 4945 δὲ
419 4893 607 4954 αὐτοῖς
678 4896 774 4945 καί¹
833 4894 902 4947 τὰ
948 4894 1092 4947 κατὰ
1144 4896 1236 4948 τὸν
1285 4896 1516 4966 οὐρανὸν
1568 4896 1866 4967 θαυμασίως

1996 4896 2110 4961 nia,
2148 4905 2202 4951 et
2234 4905 2346 4950 tota
2381 4895 2694 4950 continente
2722 4894 2973 4948 finitima.

312 4983 503 5054 ἔχοντα
523 5001 538 5015 ’
572 4978 650 5037 ὧν
690 4987 808 5038 ἐστι
842 4984 939 5039 καὶ
970 4987 1031 5038 τὸ
1062 4986 1191 5057 περὶ
1215 4987 1314 5056 τήν
1333 4986 1535 5056 ἄρκτον
1571 4987 1866 5056 συμϐαῖνον

2069 4988 2324 5043 Caelestis
2381 4988 2545 5042 etiam
2583 4986 2687 5040 illis
2717 4985 3037 5039 mirabiliter
3069 4997 3128 5037 se
3155 4983 3373 5037 habent.
3425 4980 3572 5073 Inter

326 5070 459 5129 ’Δπὺ
510 5076 621 5147 γὰρ
672 5076 1178 5147 μαιμακτηριῶνος,
1226 5076 1287 5140 ὃς
1338 5077 1531 5146 ἄγεται
1572 5079 1725 5150 παρά
1776 5080 1866 5132 τοϊ.

1998 5093 2121 5148 quae
2159 5078 2411 5148 estquod
2461 5078 2607 5133 circa
2652 5092 2837 5131 ursam
2880 5076 3165 5146 contingit.
3212 5075 3344 5129 Nam
3378 5091 3407 5128 a
3440 5070 3569 5127 Mte-

330 5164 656 5237 Ἀθηναίοις,
686 5166 861 5230 οὐδεὶς
895 5167 1075 5239 ἀστὴρ
1104 5166 1214 5219 τῶν
1252 5166 1393 5220 ἑπτὰ
1422 5168 1681 5238 φαίνεται
1724 5168 1865 5240 μέχρ

1997 5170 2329 5226 macterione
2376 5168 2516 5241 [cum
2564 5168 2855 5239 Septembri
2900 5170 2984 5223 hic
3011 5178 3250 5237 exparte
3301 5166 3566 5236 congruitl

322 5257 565 5327 φυλακῆς
588 5255 836 5328 πρώτης,
869 5258 930 5310 ἐν
958 5257 1015 5312 δὲ
1048 5257 1376 5313 Ποσειδεῶνι
1410 5259 1573 5332 μέχρι
1604 5259 1866 5331 δευτέρας

1997 5278 2185 5321 mense
2219 5262 2662 5327 Atheniensium,
2710 5262 2857 5316 nulla
2888 5262 2957 5317 de
2985 5270 3188 5331 septem
3234 5262 3357 5329 ejus
3400 5257 3570 5312 stellis

1592 5432 1830 5490 VARUS
1870 5432 2276 5492 LECTIONES.

392 5556 436 5587 ⁸⁰
462 5555 520 5625 δὲ
548 5568 662 5625 om.
688 5551 751 5607 B.
834 5554 875 5587 ⁸¹
908 5554 1099 5625 ἔχοντα
1135 5552 1221 5606 A:
1254 5551 1393 5623 ἔχων
1424 5570 1485 5625 ς.
1552 5550 1610 5625 ξ’
1635 5552 1694 5605 ὃν
1728 5550 1768 5604 Β
1791 5547 1919 5625 ad»!
1957 5553 2239 5625 ςεγιίνους
2270 5553 2311 5607 Β
2343 5564 2393 5609 et
2425 5570 2569 5609 corr.
2604 5553 2693 5625 A_:
2724 5552 2875 5625 γένος
2906 5568 2975 5625 ς.Δ
3047 5551 3089 5581 ³³
3115 5548 3189 5625 ὼς
3220 5548 3312 5625 sui
3344 5547 3405 5625 το
3432 5546 3567 5625 πολύ

327 5640 429 5679 om.
466 5623 524 5679 Β.
606 5624 651 5655 ⁸⁵
681 5625 747 5677 τὰ
779 5616 1012 5693 αὐτῆξΒ
1047 5632 1101 5679 et
1126 5616 1385 5694 corr.'l\_:
1418 5616 1617 5694 εαυτῆς
1650 5638 1710 5685 ς’.
1860 5616 2177 5691 ὲξειλῆφθαι
2204 5624 2601 5694 λιθοκολλήτοις
2633 5623 2691 5676 Β,
2736 5616 2745 5621 ’
2771 5624 2815 5654 ³⁸
2840 5622 2990 5691 παρὰ
3027 5649 3094 5659 --
3123 5618 3410 5687 πλούτουςι
3436 5616 3568 5689 παρ’

327 5695 501 5751 αὐτῶν
549 5696 667 5758 τοῖς
699 5694 805 5749 τῶν
834 5690 1008 5750 ἄλλων
1042 5693 1293 5758 πλούτοις
1318 5692 1379 5748 B.
1467 5693 1511 5725 ⁸⁷
1536 5690 1944 5759 ἀπαγγέλλεται
1969 5690 2077 5765 mg.
2158 5694 2200 5725 “
2223 5694 2344 5747 libri
2372 5690 2699 5766 τρεφόντων.
