  <div class='ocr_page' id='page_1' title='image "/cluster/home/n/w/nwhite01/storage/ocr_20150623/104 pt.4/mdp.39015061931229/045.png"; bbox 0 0 3966 6240; ppageno 0'>
   <div class='ocr_carea' id='block_1_1' title="bbox 388 253 1977 323">
    <p class='ocr_par' dir='ltr' id='par_1_1' title="bbox 388 253 1977 316">
     <span class='ocr_line' id='line_1_1' title="bbox 388 253 1977 316; baseline -0.001 -1"><span class='ocrx_word' id='word_1_1' title='bbox 388 253 462 316; x_wconf 80' lang='lat'><strong>63</strong></span> <span class='ocrx_word' id='word_1_2' title='bbox 1544 253 1807 314; x_wconf 81' lang='grc' dir='ltr'><strong>ΡΠΟΤΙΙ</strong></span> <span class='ocrx_word' id='word_1_3' title='bbox 1843 255 1977 314; x_wconf 76' lang='grc' dir='ltr'><strong>ΡΑΤ</strong></span> 
     </span>
    </p>
   </div>
   <div class='ocr_carea' id='block_1_2' title="bbox 2083 253 3640 323">
    <p class='ocr_par' dir='ltr' id='par_1_2' title="bbox 2083 253 3640 323">
     <span class='ocr_line' id='line_1_2' title="bbox 2083 253 3640 323; baseline 0.005 -9"><span class='ocrx_word' id='word_1_4' title='bbox 2083 253 2347 315; x_wconf 73' lang='lat' dir='ltr'><strong>ARCH/E</strong></span> <span class='ocrx_word' id='word_1_5' title='bbox 2376 255 2486 316; x_wconf 76' lang='grc' dir='ltr'><strong>ΟΡ.</strong></span> <span class='ocrx_word' id='word_1_6' title='bbox 3566 259 3640 323; x_wconf 75' lang='grc'>64</span> 
     </span>
    </p>
   </div>
   <div class='ocr_carea' id='block_1_3' title="bbox 387 363 1977 441">
    <p class='ocr_par' dir='ltr' id='par_1_3' title="bbox 387 363 1961 436">
     <span class='ocr_line' id='line_1_3' title="bbox 387 363 1961 436; baseline -0.003 -13"><span class='ocrx_word' id='word_1_7' title='bbox 387 365 750 436; x_wconf 84' lang='lat' dir='ltr'><strong>conspicitur,</strong></span> <span class='ocrx_word' id='word_1_8' title='bbox 791 364 1055 435; x_wconf 82' lang='lat' dir='ltr'><strong>usquead</strong></span> <span class='ocrx_word' id='word_1_9' title='bbox 1088 363 1325 434; x_wconf 67' lang='lat' dir='ltr'><strong>vigiliam</strong></span> <span class='ocrx_word' id='word_1_10' title='bbox 1381 365 1555 420; x_wconf 86' lang='lat' dir='ltr'><strong>noctis</strong></span> <span class='ocrx_word' id='word_1_11' title='bbox 1599 367 1848 430; x_wconf 85' lang='lat' dir='ltr'><strong>primam.</strong></span> <span class='ocrx_word' id='word_1_12' title='bbox 1905 365 1961 419; x_wconf 85' lang='lat' dir='ltr'><strong>in</strong></span> 
     </span>
    </p>
   </div>
   <div class='ocr_carea' id='block_1_4' title="bbox 2083 363 3641 441">
    <p class='ocr_par' dir='ltr' id='par_1_4' title="bbox 2083 365 3641 441">
     <span class='ocr_line' id='line_1_4' title="bbox 2083 365 3641 441; baseline 0.006 -23"><span class='ocrx_word' id='word_1_13' title='bbox 2083 383 2125 418; x_wconf 73' lang='grc' dir='ltr'>εν</span> <span class='ocrx_word' id='word_1_14' title='bbox 2157 366 2211 419; x_wconf 79' lang='grc' dir='ltr'>δὲ</span> <span class='ocrx_word' id='word_1_15' title='bbox 2229 368 2346 430; x_wconf 83' lang='grc' dir='ltr'>τοῖς</span> <span class='ocrx_word' id='word_1_16' title='bbox 2369 367 2498 437; x_wconf 80' lang='grc' dir='ltr'><strong>ἑξῆς</strong></span> <span class='ocrx_word' id='word_1_17' title='bbox 2526 365 2640 422; x_wconf 86' lang='grc' dir='ltr'><strong>τῶν</strong></span> <span class='ocrx_word' id='word_1_18' title='bbox 2669 368 2856 440; x_wconf 80' lang='grc' dir='ltr'>μηνῶν</span> <span class='ocrx_word' id='word_1_19' title='bbox 2905 371 3044 426; x_wconf 71' lang='grc' dir='ltr'>κατὰ</span> <span class='ocrx_word' id='word_1_20' title='bbox 3076 370 3253 441; x_wconf 83' lang='grc' dir='ltr'>λόγον.</span> <span class='ocrx_word' id='word_1_21' title='bbox 3297 371 3421 426; x_wconf 82' lang='grc' dir='ltr'>Τῶν</span> <span class='ocrx_word' id='word_1_22' title='bbox 3462 373 3507 426; x_wconf 88' lang='grc' dir='ltr'>δ’</span> <span class='ocrx_word' id='word_1_23' title='bbox 3540 374 3641 429; x_wconf 80' lang='grc' dir='ltr'><strong>ἄλ-</strong></span> 
     </span>
    </p>
   </div>
   <div class='ocr_carea' id='block_1_5' title="bbox 388 456 1966 530">
    <p class='ocr_par' dir='ltr' id='par_1_5' title="bbox 388 456 1966 530">
     <span class='ocr_line' id='line_1_5' title="bbox 388 456 1966 530; baseline -0.003 -15"><span class='ocrx_word' id='word_1_24' title='bbox 388 459 694 516; x_wconf 86' lang='lat' dir='ltr'><strong>Posideone</strong></span> <span class='ocrx_word' id='word_1_25' title='bbox 745 456 1044 530; x_wconf 73' lang='lat' dir='ltr'><strong>[Decembri</strong></span> <span class='ocrx_word' id='word_1_26' title='bbox 1099 457 1487 528; x_wconf 84' lang='lat' dir='ltr'><strong>quodammodo</strong></span> <span class='ocrx_word' id='word_1_27' title='bbox 1549 456 1846 529; x_wconf 76' lang='lat' dir='ltr'><strong>respondet]</strong></span> <span class='ocrx_word' id='word_1_28' title='bbox 1898 457 1966 511; x_wconf 84' lang='lat' dir='ltr'><strong>ad</strong></span> 
     </span>
    </p>
   </div>
   <div class='ocr_carea' id='block_1_6' title="bbox 2062 458 3629 536">
    <p class='ocr_par' dir='ltr' id='par_1_6' title="bbox 2062 458 3629 536">
     <span class='ocr_line' id='line_1_6' title="bbox 2062 458 3629 536; baseline 0.007 -26"><span class='ocrx_word' id='word_1_29' title='bbox 2062 458 2175 514; x_wconf 88' lang='grc' dir='ltr'>,λων</span> <span class='ocrx_word' id='word_1_30' title='bbox 2203 460 2450 530; x_wconf 81' lang='grc' dir='ltr'><strong>ἀστέρων</strong></span> <span class='ocrx_word' id='word_1_31' title='bbox 2489 462 2540 514; x_wconf 85' lang='grc' dir='ltr'><strong>οἰ</strong></span> <span class='ocrx_word' id='word_1_32' title='bbox 2595 462 2696 532; x_wconf 87' lang='grc' dir='ltr'>μὲν</span> <span class='ocrx_word' id='word_1_33' title='bbox 2747 461 3020 534; x_wconf 82' lang='grc' dir='ltr'><strong>πλάνητες</strong></span> <span class='ocrx_word' id='word_1_34' title='bbox 3073 463 3321 536; x_wconf 82' lang='grc' dir='ltr'>ἀόρατοι,</span> <span class='ocrx_word' id='word_1_35' title='bbox 3371 467 3518 529; x_wconf 82' lang='grc' dir='ltr'>τινὲς</span> <span class='ocrx_word' id='word_1_36' title='bbox 3567 467 3629 521; x_wconf 85' lang='grc' dir='ltr'>δὲ</span> 
     </span>
    </p>
   </div>
   <div class='ocr_carea' id='block_1_7' title="bbox 388 549 1977 622">
    <p class='ocr_par' dir='ltr' id='par_1_7' title="bbox 388 549 1967 618">
     <span class='ocr_line' id='line_1_7' title="bbox 388 549 1967 618; baseline -0.003 -12"><span class='ocrx_word' id='word_1_37' title='bbox 388 551 686 608; x_wconf 81' lang='lat' dir='ltr'><strong>secundam</strong></span> <span class='ocrx_word' id='word_1_38' title='bbox 750 557 1056 618; x_wconf 90' lang='lat' dir='ltr'><strong>usque:et</strong></span> <span class='ocrx_word' id='word_1_39' title='bbox 1111 551 1299 602; x_wconf 86' lang='lat' dir='ltr'><strong>eadem</strong></span> <span class='ocrx_word' id='word_1_40' title='bbox 1376 549 1587 602; x_wconf 78' lang='lat' dir='ltr'><strong>ratione</strong></span> <span class='ocrx_word' id='word_1_41' title='bbox 1645 549 1702 602; x_wconf 90' lang='lat' dir='ltr'><strong>iu</strong></span> <span class='ocrx_word' id='word_1_42' title='bbox 1757 550 1967 603; x_wconf 69' lang='lat' dir='ltr'><strong>caneris</strong></span> 
     </span>
    </p>
   </div>
   <div class='ocr_carea' id='block_1_8' title="bbox 2083 549 3638 622">
    <p class='ocr_par' dir='ltr' id='par_1_8' title="bbox 2083 549 3638 622">
     <span class='ocr_line' id='line_1_8' title="bbox 2083 549 3638 622; baseline 0.005 -20"><span class='ocrx_word' id='word_1_43' title='bbox 2083 551 2183 613; x_wconf 72' lang='lat' dir='ltr'><strong>toi;</strong></span> <span class='ocrx_word' id='word_1_44' title='bbox 2223 549 2412 618; x_wconf 75' lang='grc' dir='ltr'>ὄγκοις</span> <span class='ocrx_word' id='word_1_45' title='bbox 2438 551 2701 620; x_wconf 80' lang='grc' dir='ltr'>μείζονες,</span> <span class='ocrx_word' id='word_1_46' title='bbox 2741 552 2792 604; x_wconf 85' lang='grc' dir='ltr'><strong>οί</strong></span> <span class='ocrx_word' id='word_1_47' title='bbox 2831 552 2887 605; x_wconf 85' lang='grc' dir='ltr'><strong>δέ</strong></span> <span class='ocrx_word' id='word_1_48' title='bbox 2919 553 3041 606; x_wconf 83' lang='grc' dir='ltr'>οὐδὲ</span> <span class='ocrx_word' id='word_1_49' title='bbox 3071 555 3212 607; x_wconf 77' lang='grc' dir='ltr'>κατὰ</span> <span class='ocrx_word' id='word_1_50' title='bbox 3233 555 3362 618; x_wconf 77' lang='grc' dir='ltr'>τοὺς</span> <span class='ocrx_word' id='word_1_51' title='bbox 3390 555 3638 622; x_wconf 73' lang='grc' dir='ltr'>ὑφεστῶ-</span> 
     </span>
    </p>
   </div>
   <div class='ocr_carea' id='block_1_9' title="bbox 389 638 1977 714">
    <p class='ocr_par' dir='ltr' id='par_1_9' title="bbox 389 638 1970 707">
     <span class='ocr_line' id='line_1_9' title="bbox 389 638 1970 707; baseline -0.002 -11"><span class='ocrx_word' id='word_1_52' title='bbox 389 643 672 697; x_wconf 88' lang='lat' dir='ltr'><strong>mensibus</strong></span> <span class='ocrx_word' id='word_1_53' title='bbox 714 641 988 707; x_wconf 77' lang='lat' dir='ltr'><strong>deinceps.</strong></span> <span class='ocrx_word' id='word_1_54' title='bbox 1016 638 1155 693; x_wconf 88' lang='lat' dir='ltr'><strong>Tum</strong></span> <span class='ocrx_word' id='word_1_55' title='bbox 1219 639 1288 694; x_wconf 90' lang='lat' dir='ltr'><strong>de</strong></span> <span class='ocrx_word' id='word_1_56' title='bbox 1325 639 1446 694; x_wconf 88' lang='lat' dir='ltr'><strong>aliis</strong></span> <span class='ocrx_word' id='word_1_57' title='bbox 1487 639 1678 702; x_wconf 84' lang='lat' dir='ltr'><strong>stellis,</strong></span> <span class='ocrx_word' id='word_1_58' title='bbox 1721 639 1970 694; x_wconf 62' lang='lat' dir='ltr'><strong>erratica</strong></span> 
     </span>
    </p>
   </div>
   <div class='ocr_carea' id='block_1_10' title="bbox 2083 638 3639 714">
    <p class='ocr_par' dir='ltr' id='par_1_10' title="bbox 2083 642 3639 714">
     <span class='ocr_line' id='line_1_10' title="bbox 2083 642 3639 714; baseline 0.003 -18"><span class='ocrx_word' id='word_1_59' title='bbox 2083 658 2166 704; x_wconf 76' lang='grc' dir='ltr'><strong>τας</strong></span> <span class='ocrx_word' id='word_1_60' title='bbox 2191 645 2420 713; x_wconf 80' lang='grc' dir='ltr'>καιροὺς</span> <span class='ocrx_word' id='word_1_61' title='bbox 2444 642 2544 706; x_wconf 83' lang='grc' dir='ltr'><strong>τὰς</strong></span> <span class='ocrx_word' id='word_1_62' title='bbox 2568 643 2749 700; x_wconf 79' lang='grc' dir='ltr'>δύσεις</span> <span class='ocrx_word' id='word_1_63' title='bbox 2769 643 3083 714; x_wconf 85' lang='grc' dir='ltr'><strong>ποιούμενοι</strong></span> <span class='ocrx_word' id='word_1_64' title='bbox 3112 647 3207 698; x_wconf 77' lang='grc' dir='ltr'><strong>καί</strong></span> <span class='ocrx_word' id='word_1_65' title='bbox 3234 646 3334 709; x_wconf 81' lang='grc' dir='ltr'><strong>τὰς</strong></span> <span class='ocrx_word' id='word_1_66' title='bbox 3359 647 3639 710; x_wconf 83' lang='grc' dir='ltr'>ἐπιτολάς.</span> 
     </span>
    </p>
   </div>
   <div class='ocr_carea' id='block_1_11' title="bbox 391 730 1968 801">
    <p class='ocr_par' dir='ltr' id='par_1_11' title="bbox 391 730 1968 801">
     <span class='ocr_line' id='line_1_11' title="bbox 391 730 1968 801; baseline -0.001 -15"><span class='ocrx_word' id='word_1_67' title='bbox 391 749 500 787; x_wconf 93' lang='lat' dir='ltr'><strong>non</strong></span> <span class='ocrx_word' id='word_1_68' title='bbox 537 732 789 785; x_wconf 79' lang='lat' dir='ltr'><strong>videntur</strong></span> <span class='ocrx_word' id='word_1_69' title='bbox 819 747 833 784; x_wconf 87' lang='lat'><strong>:</strong></span> <span class='ocrx_word' id='word_1_70' title='bbox 868 731 1142 786; x_wconf 71' lang='lat' dir='ltr'><strong>nonnullae</strong></span> <span class='ocrx_word' id='word_1_71' title='bbox 1165 739 1348 784; x_wconf 88' lang='lat' dir='ltr'><strong>autem</strong></span> <span class='ocrx_word' id='word_1_72' title='bbox 1395 731 1584 801; x_wconf 82' lang='lat' dir='ltr'><strong>globos</strong></span> <span class='ocrx_word' id='word_1_73' title='bbox 1621 730 1821 785; x_wconf 84' lang='lat' dir='ltr'><strong>habent</strong></span> <span class='ocrx_word' id='word_1_74' title='bbox 1850 746 1968 784; x_wconf 88' lang='lat' dir='ltr'><strong>ma-</strong></span> 
     </span>
    </p>
   </div>
   <div class='ocr_carea' id='block_1_12' title="bbox 385 821 1968 893">
    <p class='ocr_par' dir='ltr' id='par_1_12' title="bbox 385 821 1968 893">
     <span class='ocr_line' id='line_1_12' title="bbox 385 821 1968 893; baseline -0.002 -15"><span class='ocrx_word' id='word_1_75' title='bbox 385 825 553 893; x_wconf 83' lang='lat' dir='ltr'><strong>jores.</strong></span> <span class='ocrx_word' id='word_1_76' title='bbox 587 823 726 876; x_wconf 89' lang='lat' dir='ltr'><strong>Sunt</strong></span> <span class='ocrx_word' id='word_1_77' title='bbox 751 838 874 891; x_wconf 73' lang='lat' dir='ltr'><strong>quae</strong></span> <span class='ocrx_word' id='word_1_78' title='bbox 900 837 1010 877; x_wconf 91' lang='lat' dir='ltr'><strong>non</strong></span> <span class='ocrx_word' id='word_1_79' title='bbox 1042 830 1185 876; x_wconf 84' lang='lat' dir='ltr'><strong>stata</strong></span> <span class='ocrx_word' id='word_1_80' title='bbox 1220 830 1275 876; x_wconf 89' lang='lat' dir='ltr'><strong>et</strong></span> <span class='ocrx_word' id='word_1_81' title='bbox 1306 821 1542 891; x_wconf 76' lang='lat' dir='ltr'><strong>legitima</strong></span> <span class='ocrx_word' id='word_1_82' title='bbox 1592 821 1693 876; x_wconf 89' lang='lat' dir='ltr'><strong>sibi</strong></span> <span class='ocrx_word' id='word_1_83' title='bbox 1723 831 1968 891; x_wconf 83' lang='lat' dir='ltr'><strong>tempora</strong></span> 
     </span>
    </p>
   </div>
   <div class='ocr_carea' id='block_1_13' title="bbox 391 915 1967 970">
    <p class='ocr_par' dir='ltr' id='par_1_13' title="bbox 391 915 1967 970">
     <span class='ocr_line' id='line_1_13' title="bbox 391 915 1967 970; baseline 0.001 -1"><span class='ocrx_word' id='word_1_84' title='bbox 391 917 457 970; x_wconf 88' lang='lat' dir='ltr'><strong>ad</strong></span> <span class='ocrx_word' id='word_1_85' title='bbox 505 916 860 970; x_wconf 89' lang='lat' dir='ltr'><strong>occidendum</strong></span> <span class='ocrx_word' id='word_1_86' title='bbox 911 915 1190 969; x_wconf 78' lang='lat' dir='ltr'><strong>vindicant</strong></span> <span class='ocrx_word' id='word_1_87' title='bbox 1257 925 1310 969; x_wconf 91' lang='lat' dir='ltr'><strong>et</strong></span> <span class='ocrx_word' id='word_1_88' title='bbox 1359 915 1667 969; x_wconf 75' lang='lat' dir='ltr'><strong>erit-udum.</strong></span> <span class='ocrx_word' id='word_1_89' title='bbox 1700 915 1967 970; x_wconf 71' lang='lat' dir='ltr'><strong>Peculiari</strong></span> 
     </span>
    </p>
   </div>
   <div class='ocr_carea' id='block_1_14' title="bbox 392 1007 1972 1062">
    <p class='ocr_par' dir='ltr' id='par_1_14' title="bbox 392 1007 1972 1062">
     <span class='ocr_line' id='line_1_14' title="bbox 392 1007 1972 1062; baseline -0.001 -2"><span class='ocrx_word' id='word_1_90' title='bbox 392 1007 556 1060; x_wconf 89' lang='lat' dir='ltr'><strong>etiam</strong></span> <span class='ocrx_word' id='word_1_91' title='bbox 591 1017 645 1060; x_wconf 85' lang='lat' dir='ltr'><strong>et</strong></span> <span class='ocrx_word' id='word_1_92' title='bbox 671 1007 887 1062; x_wconf 87' lang='lat' dir='ltr'><strong>diverso</strong></span> <span class='ocrx_word' id='word_1_93' title='bbox 927 1014 1152 1060; x_wconf 89' lang='lat' dir='ltr'><strong>narrant</strong></span> <span class='ocrx_word' id='word_1_94' title='bbox 1193 1007 1357 1060; x_wconf 88' lang='lat' dir='ltr'><strong>modo</strong></span> <span class='ocrx_word' id='word_1_95' title='bbox 1384 1007 1556 1061; x_wconf 90' lang='lat' dir='ltr'><strong>solem</strong></span> <span class='ocrx_word' id='word_1_96' title='bbox 1599 1007 1844 1062; x_wconf 81' lang='lat' dir='ltr'><strong>exhiberi</strong></span> <span class='ocrx_word' id='word_1_97' title='bbox 1891 1008 1972 1060; x_wconf 87' lang='lat' dir='ltr'><strong>nl-</strong></span> 
     </span>
    </p>
   </div>
   <div class='ocr_carea' id='block_1_15' title="bbox 394 1096 1969 1169">
    <p class='ocr_par' dir='ltr' id='par_1_15' title="bbox 394 1096 1969 1169">
     <span class='ocr_line' id='line_1_15' title="bbox 394 1096 1969 1169; baseline 0.001 -17"><span class='ocrx_word' id='word_1_98' title='bbox 394 1107 478 1152; x_wconf 88' lang='lat' dir='ltr'><strong>tra</strong></span> <span class='ocrx_word' id='word_1_99' title='bbox 518 1098 932 1157; x_wconf 85' lang='lat' dir='ltr'><strong>Ptolemaidem.</strong></span> <span class='ocrx_word' id='word_1_100' title='bbox 971 1096 1157 1152; x_wconf 90' lang='lat' dir='ltr'><strong>Primo</strong></span> <span class='ocrx_word' id='word_1_101' title='bbox 1187 1097 1382 1169; x_wconf 88' lang='lat' dir='ltr'><strong>(aiunt)</strong></span> <span class='ocrx_word' id='word_1_102' title='bbox 1409 1114 1538 1162; x_wconf 92' lang='lat' dir='ltr'><strong>non,</strong></span> <span class='ocrx_word' id='word_1_103' title='bbox 1571 1108 1632 1154; x_wconf 89' lang='lat' dir='ltr'><strong>ut</strong></span> <span class='ocrx_word' id='word_1_104' title='bbox 1663 1101 1808 1167; x_wconf 88' lang='lat' dir='ltr'><strong>apud</strong></span> <span class='ocrx_word' id='word_1_105' title='bbox 1847 1114 1969 1164; x_wconf 88' lang='lat' dir='ltr'><strong>nos,</strong></span> 
     </span>
    </p>
   </div>
   <div class='ocr_carea' id='block_1_16' title="bbox 392 1190 1972 1261">
    <p class='ocr_par' dir='ltr' id='par_1_16' title="bbox 392 1190 1972 1261">
     <span class='ocr_line' id='line_1_16' title="bbox 392 1190 1972 1261; baseline 0.001 -17"><span class='ocrx_word' id='word_1_106' title='bbox 392 1190 569 1246; x_wconf 83' lang='lat' dir='ltr'><strong>lucem</strong></span> <span class='ocrx_word' id='word_1_107' title='bbox 611 1191 815 1260; x_wconf 84' lang='lat' dir='ltr'><strong>absque</strong></span> <span class='ocrx_word' id='word_1_108' title='bbox 841 1192 955 1245; x_wconf 93' lang='lat' dir='ltr'><strong>sole</strong></span> <span class='ocrx_word' id='word_1_109' title='bbox 978 1206 1140 1245; x_wconf 87' lang='lat' dir='ltr'><strong>mane</strong></span> <span class='ocrx_word' id='word_1_110' title='bbox 1193 1192 1399 1255; x_wconf 87' lang='lat' dir='ltr'><strong>vident,</strong></span> <span class='ocrx_word' id='word_1_111' title='bbox 1427 1193 1494 1245; x_wconf 86' lang='lat' dir='ltr'><strong>ad</strong></span> <span class='ocrx_word' id='word_1_112' title='bbox 1523 1202 1738 1261; x_wconf 87' lang='lat' dir='ltr'><strong>tempus</strong></span> <span class='ocrx_word' id='word_1_113' title='bbox 1763 1192 1972 1246; x_wconf 86' lang='lat' dir='ltr'><strong>medio-</strong></span> 
     </span>
    </p>
   </div>
   <div class='ocr_carea' id='block_1_17' title="bbox 394 1283 1969 1348">
    <p class='ocr_par' dir='ltr' id='par_1_17' title="bbox 394 1283 1969 1348">
     <span class='ocr_line' id='line_1_17' title="bbox 394 1283 1969 1348; baseline -0.001 -9"><span class='ocrx_word' id='word_1_114' title='bbox 394 1302 508 1342; x_wconf 86' lang='lat' dir='ltr'><strong>cre.</strong></span> <span class='ocrx_word' id='word_1_115' title='bbox 535 1293 590 1339; x_wconf 91' lang='lat' dir='ltr'><strong>et</strong></span> <span class='ocrx_word' id='word_1_116' title='bbox 625 1293 738 1337; x_wconf 91' lang='lat' dir='ltr'><strong>tum</strong></span> <span class='ocrx_word' id='word_1_117' title='bbox 768 1285 985 1338; x_wconf 88' lang='lat' dir='ltr'><strong>demum</strong></span> <span class='ocrx_word' id='word_1_118' title='bbox 1019 1284 1216 1338; x_wconf 81' lang='lat' dir='ltr'><strong>sideris</strong></span> <span class='ocrx_word' id='word_1_119' title='bbox 1257 1295 1531 1348; x_wconf 80' lang='lat' dir='ltr'><strong>exortum,</strong></span> <span class='ocrx_word' id='word_1_120' title='bbox 1569 1283 1667 1337; x_wconf 88' lang='lat' dir='ltr'><strong>sed</strong></span> <span class='ocrx_word' id='word_1_121' title='bbox 1699 1298 1822 1338; x_wconf 82' lang='lat' dir='ltr'><strong>cum</strong></span> <span class='ocrx_word' id='word_1_122' title='bbox 1859 1291 1969 1338; x_wconf 88' lang='lat' dir='ltr'><strong>tota</strong></span> 
     </span>
    </p>
   </div>
   <div class='ocr_carea' id='block_1_18' title="bbox 397 1374 1974 1442">
    <p class='ocr_par' dir='ltr' id='par_1_18' title="bbox 397 1374 1974 1442">
     <span class='ocr_line' id='line_1_18' title="bbox 397 1374 1974 1442; baseline -0.002 -11"><span class='ocrx_word' id='word_1_123' title='bbox 397 1379 655 1432; x_wconf 80' lang='lat' dir='ltr'><strong>immersa</strong></span> <span class='ocrx_word' id='word_1_124' title='bbox 707 1378 943 1432; x_wconf 82' lang='lat' dir='ltr'><strong>tenebris</strong></span> <span class='ocrx_word' id='word_1_125' title='bbox 981 1391 1089 1431; x_wconf 79' lang='lat' dir='ltr'><strong>nox</strong></span> <span class='ocrx_word' id='word_1_126' title='bbox 1122 1376 1359 1442; x_wconf 87' lang='lat' dir='ltr'><strong>transiit,</strong></span> <span class='ocrx_word' id='word_1_127' title='bbox 1407 1375 1668 1430; x_wconf 88' lang='lat' dir='ltr'><strong>continuo</strong></span> <span class='ocrx_word' id='word_1_128' title='bbox 1701 1376 1783 1430; x_wconf 91' lang='lat' dir='ltr'><strong>sol</strong></span> <span class='ocrx_word' id='word_1_129' title='bbox 1814 1374 1974 1430; x_wconf 68' lang='lat' dir='ltr'><strong>adul-</strong></span> 
     </span>
    </p>
   </div>
   <div class='ocr_carea' id='block_1_19' title="bbox 397 1468 1974 1540">
    <p class='ocr_par' dir='ltr' id='par_1_19' title="bbox 397 1468 1974 1540">
     <span class='ocr_line' id='line_1_19' title="bbox 397 1468 1974 1540; baseline -0.001 -16"><span class='ocrx_word' id='word_1_130' title='bbox 397 1479 508 1540; x_wconf 84' lang='lat' dir='ltr'><strong>get,</strong></span> <span class='ocrx_word' id='word_1_131' title='bbox 563 1483 663 1524; x_wconf 90' lang='lat' dir='ltr'><strong>nec</strong></span> <span class='ocrx_word' id='word_1_132' title='bbox 711 1485 946 1538; x_wconf 89' lang='lat' dir='ltr'><strong>unquam</strong></span> <span class='ocrx_word' id='word_1_133' title='bbox 1000 1468 1074 1523; x_wconf 89' lang='lat' dir='ltr'><strong>ibi</strong></span> <span class='ocrx_word' id='word_1_134' title='bbox 1125 1468 1184 1522; x_wconf 84' lang='lat' dir='ltr'><strong>ﬁt</strong></span> <span class='ocrx_word' id='word_1_135' title='bbox 1230 1468 1369 1531; x_wconf 89' lang='lat' dir='ltr'><strong>dies,</strong></span> <span class='ocrx_word' id='word_1_136' title='bbox 1425 1469 1746 1537; x_wconf 84' lang='lat' dir='ltr'><strong>priusquam</strong></span> <span class='ocrx_word' id='word_1_137' title='bbox 1801 1475 1974 1522; x_wconf 87' lang='lat' dir='ltr'><strong>totum</strong></span> 
     </span>
    </p>
   </div>
   <div class='ocr_carea' id='block_1_20' title="bbox 397 1559 1973 1630">
    <p class='ocr_par' dir='ltr' id='par_1_20' title="bbox 397 1559 1973 1630">
     <span class='ocr_line' id='line_1_20' title="bbox 397 1559 1973 1630; baseline -0.001 -15"><span class='ocrx_word' id='word_1_138' title='bbox 397 1571 800 1630; x_wconf 82' lang='lat' dir='ltr'><strong>conspexerunt</strong></span> <span class='ocrx_word' id='word_1_139' title='bbox 855 1562 1045 1616; x_wconf 86' lang='lat' dir='ltr'><strong>solem.</strong></span> <span class='ocrx_word' id='word_1_140' title='bbox 1099 1561 1304 1615; x_wconf 89' lang='lat' dir='ltr'><strong>Deinde</strong></span> <span class='ocrx_word' id='word_1_141' title='bbox 1335 1560 1418 1615; x_wconf 85' lang='lat' dir='ltr'><strong>sol</strong></span> <span class='ocrx_word' id='word_1_142' title='bbox 1446 1574 1513 1614; x_wconf 81' lang='lat' dir='ltr'><strong>ex</strong></span> <span class='ocrx_word' id='word_1_143' title='bbox 1546 1559 1728 1613; x_wconf 89' lang='lat' dir='ltr'><strong>medio</strong></span> <span class='ocrx_word' id='word_1_144' title='bbox 1782 1559 1973 1629; x_wconf 74' lang='lat' dir='ltr'><strong>pelago</strong></span> 
     </span>
    </p>
   </div>
   <div class='ocr_carea' id='block_1_21' title="bbox 395 1648 1974 1719">
    <p class='ocr_par' dir='ltr' id='par_1_21' title="bbox 395 1648 1974 1719">
     <span class='ocr_line' id='line_1_21' title="bbox 395 1648 1974 1719; baseline -0.002 -13"><span class='ocrx_word' id='word_1_145' title='bbox 395 1652 692 1706; x_wconf 85' lang='lat' dir='ltr'><strong>ascendere</strong></span> <span class='ocrx_word' id='word_1_146' title='bbox 725 1651 961 1704; x_wconf 87' lang='lat' dir='ltr'><strong>videtur.</strong></span> <span class='ocrx_word' id='word_1_147' title='bbox 1003 1649 1188 1705; x_wconf 90' lang='lat' dir='ltr'><strong>Tertio</strong></span> <span class='ocrx_word' id='word_1_148' title='bbox 1212 1648 1375 1704; x_wconf 72' lang='lat' dir='ltr'><strong>olfert</strong></span> <span class='ocrx_word' id='word_1_149' title='bbox 1411 1665 1471 1704; x_wconf 88' lang='lat' dir='ltr'><strong>se</strong></span> <span class='ocrx_word' id='word_1_150' title='bbox 1505 1650 1729 1704; x_wconf 87' lang='lat' dir='ltr'><strong>carboni</strong></span> <span class='ocrx_word' id='word_1_151' title='bbox 1763 1649 1974 1719; x_wconf 83' lang='lat' dir='ltr'><strong>ignitis-</strong></span> 
     </span>
    </p>
   </div>
   <div class='ocr_carea' id='block_1_22' title="bbox 398 1716 2048 1814">
    <p class='ocr_par' dir='ltr' id='par_1_22' title="bbox 398 1716 2048 1814">
     <span class='ocr_line' id='line_1_22' title="bbox 398 1716 2048 1814; baseline -0.003 -16"><span class='ocrx_word' id='word_1_152' title='bbox 398 1747 540 1799; x_wconf 87' lang='lat' dir='ltr'><strong>simo</strong></span> <span class='ocrx_word' id='word_1_153' title='bbox 589 1744 902 1814; x_wconf 88' lang='lat' dir='ltr'><strong>persimilis,</strong></span> <span class='ocrx_word' id='word_1_154' title='bbox 933 1753 988 1799; x_wconf 89' lang='lat' dir='ltr'><strong>et</strong></span> <span class='ocrx_word' id='word_1_155' title='bbox 1015 1744 1248 1813; x_wconf 88' lang='lat' dir='ltr'><strong>grandes</strong></span> <span class='ocrx_word' id='word_1_156' title='bbox 1295 1743 1513 1812; x_wconf 88' lang='lat' dir='ltr'><strong>projicit</strong></span> <span class='ocrx_word' id='word_1_157' title='bbox 1547 1742 1832 1804; x_wconf 90' lang='lat' dir='ltr'><strong>scintillas,</strong></span> <span class='ocrx_word' id='word_1_158' title='bbox 1871 1741 1974 1794; x_wconf 89' lang='lat' dir='ltr'><strong>ali-</strong></span> <span class='ocrx_word' id='word_1_159' title='bbox 2001 1716 2048 1776; x_wconf 83' lang='grc' dir='ltr'><strong>Β</strong></span> 
     </span>
    </p>
   </div>
   <div class='ocr_carea' id='block_1_23' title="bbox 394 1834 1970 1906">
    <p class='ocr_par' dir='ltr' id='par_1_23' title="bbox 394 1834 1970 1906">
     <span class='ocr_line' id='line_1_23' title="bbox 394 1834 1970 1906; baseline -0.002 -16"><span class='ocrx_word' id='word_1_160' title='bbox 394 1852 535 1906; x_wconf 86' lang='lat' dir='ltr'><strong>quas</strong></span> <span class='ocrx_word' id='word_1_161' title='bbox 572 1837 624 1890; x_wconf 91' lang='lat' dir='ltr'><strong>in</strong></span> <span class='ocrx_word' id='word_1_162' title='bbox 650 1838 837 1891; x_wconf 88' lang='lat' dir='ltr'><strong>orbem</strong></span> <span class='ocrx_word' id='word_1_163' title='bbox 873 1844 1080 1891; x_wconf 82' lang='lat' dir='ltr'><strong>tractus</strong></span> <span class='ocrx_word' id='word_1_164' title='bbox 1105 1850 1136 1888; x_wconf 89' lang='lat' dir='ltr'><strong>a</strong></span> <span class='ocrx_word' id='word_1_165' title='bbox 1165 1849 1223 1890; x_wconf 84' lang='lat' dir='ltr'><strong>se</strong></span> <span class='ocrx_word' id='word_1_166' title='bbox 1248 1834 1525 1900; x_wconf 89' lang='lat' dir='ltr'><strong>illustrati,</strong></span> <span class='ocrx_word' id='word_1_167' title='bbox 1568 1835 1779 1903; x_wconf 87' lang='lat' dir='ltr'><strong>aliquas</strong></span> <span class='ocrx_word' id='word_1_168' title='bbox 1807 1835 1970 1888; x_wconf 89' lang='lat' dir='ltr'><strong>etiam</strong></span> 
     </span>
    </p>
   </div>
   <div class='ocr_carea' id='block_1_24' title="bbox 398 1926 1974 2000">
    <p class='ocr_par' dir='ltr' id='par_1_24' title="bbox 398 1926 1974 2000">
     <span class='ocr_line' id='line_1_24' title="bbox 398 1926 1974 2000; baseline -0.002 -17"><span class='ocrx_word' id='word_1_169' title='bbox 398 1929 773 2000; x_wconf 80' lang='lat' dir='ltr'><strong>longinquius.</strong></span> <span class='ocrx_word' id='word_1_170' title='bbox 821 1929 1050 1995; x_wconf 86' lang='lat' dir='ltr'><strong>Quarto,</strong></span> <span class='ocrx_word' id='word_1_171' title='bbox 1091 1944 1199 1984; x_wconf 88' lang='lat' dir='ltr'><strong>.nec</strong></span> <span class='ocrx_word' id='word_1_172' title='bbox 1234 1929 1316 1983; x_wconf 90' lang='lat' dir='ltr'><strong>sol</strong></span> <span class='ocrx_word' id='word_1_173' title='bbox 1354 1929 1421 1983; x_wconf 88' lang='lat' dir='ltr'><strong>ad</strong></span> <span class='ocrx_word' id='word_1_174' title='bbox 1449 1927 1586 1982; x_wconf 89' lang='lat' dir='ltr'><strong>disci</strong></span> <span class='ocrx_word' id='word_1_175' title='bbox 1641 1926 1871 1981; x_wconf 84' lang='lat' dir='ltr'><strong>formam</strong></span> <span class='ocrx_word' id='word_1_176' title='bbox 1913 1939 1974 1981; x_wconf 87' lang='lat' dir='ltr'><strong>se</strong></span> 
     </span>
    </p>
   </div>
   <div class='ocr_carea' id='block_1_25' title="bbox 398 2018 1974 2088">
    <p class='ocr_par' dir='ltr' id='par_1_25' title="bbox 398 2018 1974 2088">
     <span class='ocr_line' id='line_1_25' title="bbox 398 2018 1974 2088; baseline -0.004 -10"><span class='ocrx_word' id='word_1_177' title='bbox 398 2023 580 2087; x_wconf 79' lang='lat' dir='ltr'><strong>habet,</strong></span> <span class='ocrx_word' id='word_1_178' title='bbox 605 2023 700 2078; x_wconf 84' lang='lat' dir='ltr'><strong>sed</strong></span> <span class='ocrx_word' id='word_1_179' title='bbox 728 2036 970 2077; x_wconf 87' lang='lat' dir='ltr'><strong>crassam</strong></span> <span class='ocrx_word' id='word_1_180' title='bbox 1000 2019 1167 2075; x_wconf 80' lang='lat' dir='ltr'><strong>refert</strong></span> <span class='ocrx_word' id='word_1_181' title='bbox 1193 2021 1506 2075; x_wconf 83' lang='lat' dir='ltr'><strong>columnam</strong></span> <span class='ocrx_word' id='word_1_182' title='bbox 1553 2018 1845 2088; x_wconf 86' lang='lat' dir='ltr'><strong>principio,</strong></span> <span class='ocrx_word' id='word_1_183' title='bbox 1877 2031 1974 2072; x_wconf 80' lang='lat' dir='ltr'><strong>cu-</strong></span> 
     </span>
    </p>
   </div>
   <div class='ocr_carea' id='block_1_26' title="bbox 394 2111 1978 2184">
    <p class='ocr_par' dir='ltr' id='par_1_26' title="bbox 394 2111 1978 2184">
     <span class='ocr_line' id='line_1_26' title="bbox 394 2111 1978 2184; baseline -0.002 -17"><span class='ocrx_word' id='word_1_184' title='bbox 394 2113 489 2184; x_wconf 86' lang='lat' dir='ltr'><strong>jus</strong></span> <span class='ocrx_word' id='word_1_185' title='bbox 519 2130 550 2168; x_wconf 89' lang='lat' dir='ltr'><strong>a</strong></span> <span class='ocrx_word' id='word_1_186' title='bbox 584 2128 801 2168; x_wconf 86' lang='lat' dir='ltr'><strong>summo</strong></span> <span class='ocrx_word' id='word_1_187' title='bbox 845 2113 1057 2184; x_wconf 87' lang='lat' dir='ltr'><strong>species</strong></span> <span class='ocrx_word' id='word_1_188' title='bbox 1097 2112 1379 2182; x_wconf 84' lang='lat' dir='ltr'><strong>aliquanto</strong></span> <span class='ocrx_word' id='word_1_189' title='bbox 1421 2113 1653 2182; x_wconf 90' lang='lat' dir='ltr'><strong>plenior,</strong></span> <span class='ocrx_word' id='word_1_190' title='bbox 1687 2111 1846 2181; x_wconf 88' lang='lat' dir='ltr'><strong>quasi</strong></span> <span class='ocrx_word' id='word_1_191' title='bbox 1881 2125 1978 2164; x_wconf 82' lang='lat' dir='ltr'><strong>ca-</strong></span> 
     </span>
    </p>
   </div>
   <div class='ocr_carea' id='block_1_27' title="bbox 400 2203 1973 2276">
    <p class='ocr_par' dir='ltr' id='par_1_27' title="bbox 400 2203 1973 2276">
     <span class='ocr_line' id='line_1_27' title="bbox 400 2203 1973 2276; baseline -0.002 -17"><span class='ocrx_word' id='word_1_192' title='bbox 400 2215 517 2276; x_wconf 88' lang='lat' dir='ltr'><strong>put,</strong></span> <span class='ocrx_word' id='word_1_193' title='bbox 576 2214 856 2276; x_wconf 84' lang='lat' dir='ltr'><strong>appareat.</strong></span> <span class='ocrx_word' id='word_1_194' title='bbox 919 2203 1140 2271; x_wconf 86' lang='lat' dir='ltr'><strong>Quinto,</strong></span> <span class='ocrx_word' id='word_1_195' title='bbox 1199 2219 1304 2259; x_wconf 88' lang='lat' dir='ltr'><strong>nec</strong></span> <span class='ocrx_word' id='word_1_196' title='bbox 1362 2204 1546 2274; x_wconf 87' lang='lat' dir='ltr'><strong>jubar,</strong></span> <span class='ocrx_word' id='word_1_197' title='bbox 1600 2217 1712 2258; x_wconf 85' lang='lat' dir='ltr'><strong>nec</strong></span> <span class='ocrx_word' id='word_1_198' title='bbox 1760 2203 1973 2257; x_wconf 88' lang='lat' dir='ltr'><strong>radium</strong></span> 
     </span>
    </p>
   </div>
   <div class='ocr_carea' id='block_1_28' title="bbox 400 2292 1977 2367">
    <p class='ocr_par' dir='ltr' id='par_1_28' title="bbox 400 2292 1977 2367">
     <span class='ocr_line' id='line_1_28' title="bbox 400 2292 1977 2367; baseline -0.004 -15"><span class='ocrx_word' id='word_1_199' title='bbox 400 2298 529 2352; x_wconf 87' lang='lat' dir='ltr'><strong>inde</strong></span> <span class='ocrx_word' id='word_1_200' title='bbox 561 2297 930 2367; x_wconf 87' lang='lat' dir='ltr'><strong>resplendere,</strong></span> <span class='ocrx_word' id='word_1_201' title='bbox 949 2306 1060 2351; x_wconf 90' lang='lat' dir='ltr'><strong>tam</strong></span> <span class='ocrx_word' id='word_1_202' title='bbox 1089 2297 1142 2351; x_wconf 91' lang='lat' dir='ltr'><strong>i-n</strong></span> <span class='ocrx_word' id='word_1_203' title='bbox 1162 2296 1303 2351; x_wconf 86' lang='lat' dir='ltr'><strong>mari</strong></span> <span class='ocrx_word' id='word_1_204' title='bbox 1332 2309 1498 2366; x_wconf 91' lang='lat' dir='ltr'><strong>quam</strong></span> <span class='ocrx_word' id='word_1_205' title='bbox 1527 2294 1582 2348; x_wconf 92' lang='lat' dir='ltr'><strong>in</strong></span> <span class='ocrx_word' id='word_1_206' title='bbox 1609 2305 1774 2359; x_wconf 87' lang='lat' dir='ltr'><strong>terra,</strong></span> <span class='ocrx_word' id='word_1_207' title='bbox 1797 2292 1977 2363; x_wconf 87' lang='lat' dir='ltr'><strong>perhi-</strong></span> 
     </span>
    </p>
   </div>
   <div class='ocr_carea' id='block_1_29' title="bbox 400 2385 1974 2460">
    <p class='ocr_par' dir='ltr' id='par_1_29' title="bbox 400 2385 1974 2460">
     <span class='ocr_line' id='line_1_29' title="bbox 400 2385 1974 2460; baseline -0.003 -15"><span class='ocrx_word' id='word_1_208' title='bbox 400 2391 552 2456; x_wconf 86' lang='lat' dir='ltr'><strong>bent,</strong></span> <span class='ocrx_word' id='word_1_209' title='bbox 593 2404 768 2460; x_wconf 90' lang='lat' dir='ltr'><strong>usque</strong></span> <span class='ocrx_word' id='word_1_210' title='bbox 808 2389 876 2443; x_wconf 89' lang='lat' dir='ltr'><strong>ad</strong></span> <span class='ocrx_word' id='word_1_211' title='bbox 921 2389 1131 2443; x_wconf 78' lang='lat' dir='ltr'><strong>exitum</strong></span> <span class='ocrx_word' id='word_1_212' title='bbox 1173 2389 1323 2444; x_wconf 67' lang='lat' dir='ltr'><strong>horas</strong></span> <span class='ocrx_word' id='word_1_213' title='bbox 1365 2388 1576 2458; x_wconf 68' lang='lat' dir='ltr'><strong>primae,</strong></span> <span class='ocrx_word' id='word_1_214' title='bbox 1620 2386 1714 2442; x_wconf 86' lang='lat' dir='ltr'><strong>sed</strong></span> <span class='ocrx_word' id='word_1_215' title='bbox 1756 2385 1974 2440; x_wconf 78' lang='lat' dir='ltr'><strong>interim</strong></span> 
     </span>
    </p>
   </div>
   <div class='ocr_carea' id='block_1_30' title="bbox 401 2478 1975 2550">
    <p class='ocr_par' dir='ltr' id='par_1_30' title="bbox 401 2478 1975 2550">
     <span class='ocr_line' id='line_1_30' title="bbox 401 2478 1975 2550; baseline -0.003 -15"><span class='ocrx_word' id='word_1_216' title='bbox 401 2496 502 2535; x_wconf 87' lang='lat' dir='ltr'><strong>ceu</strong></span> <span class='ocrx_word' id='word_1_217' title='bbox 550 2480 728 2550; x_wconf 80' lang='lat' dir='ltr'><strong>ignem</strong></span> <span class='ocrx_word' id='word_1_218' title='bbox 753 2495 875 2535; x_wconf 84' lang='lat' dir='ltr'><strong>esse</strong></span> <span class='ocrx_word' id='word_1_219' title='bbox 897 2495 1005 2533; x_wconf 78' lang='lat' dir='ltr'><strong>non</strong></span> <span class='ocrx_word' id='word_1_220' title='bbox 1034 2479 1296 2544; x_wconf 86' lang='lat' dir='ltr'><strong>lucidum,</strong></span> <span class='ocrx_word' id='word_1_221' title='bbox 1354 2479 1587 2547; x_wconf 80' lang='lat' dir='ltr'><strong>caligine</strong></span> <span class='ocrx_word' id='word_1_222' title='bbox 1642 2478 1975 2532; x_wconf 80' lang='lat' dir='ltr'><strong>involutum.</strong></span> 
     </span>
    </p>
   </div>
   <div class='ocr_carea' id='block_1_31' title="bbox 405 2570 1977 2642">
    <p class='ocr_par' dir='ltr' id='par_1_31' title="bbox 405 2570 1977 2642">
     <span class='ocr_line' id='line_1_31' title="bbox 405 2570 1977 2642; baseline -0.003 -15"><span class='ocrx_word' id='word_1_223' title='bbox 405 2574 657 2627; x_wconf 76' lang='lat' dir='ltr'><strong>Secunda</strong></span> <span class='ocrx_word' id='word_1_224' title='bbox 695 2583 880 2626; x_wconf 88' lang='lat' dir='ltr'><strong>autem</strong></span> <span class='ocrx_word' id='word_1_225' title='bbox 921 2571 1083 2636; x_wconf 75' lang='lat' dir='ltr'><strong>hora,</strong></span> <span class='ocrx_word' id='word_1_226' title='bbox 1113 2570 1267 2626; x_wconf 87' lang='lat' dir='ltr'><strong>sidus</strong></span> <span class='ocrx_word' id='word_1_227' title='bbox 1308 2579 1477 2626; x_wconf 88' lang='lat' dir='ltr'><strong>totum</strong></span> <span class='ocrx_word' id='word_1_228' title='bbox 1505 2571 1820 2633; x_wconf 83' lang='lat' dir='ltr'><strong>ascendere,</strong></span> <span class='ocrx_word' id='word_1_229' title='bbox 1863 2571 1977 2642; x_wconf 89' lang='lat' dir='ltr'><strong>cly-</strong></span> 
     </span>
    </p>
   </div>
   <div class='ocr_carea' id='block_1_32' title="bbox 404 2663 1978 2736">
    <p class='ocr_par' dir='ltr' id='par_1_32' title="bbox 404 2663 1978 2736">
     <span class='ocr_line' id='line_1_32' title="bbox 404 2663 1978 2736; baseline -0.003 -17"><span class='ocrx_word' id='word_1_230' title='bbox 404 2666 488 2736; x_wconf 86' lang='lat' dir='ltr'><strong>pei</strong></span> <span class='ocrx_word' id='word_1_231' title='bbox 514 2664 743 2734; x_wconf 85' lang='lat' dir='ltr'><strong>clligiem</strong></span> <span class='ocrx_word' id='word_1_232' title='bbox 764 2672 1184 2733; x_wconf 66' lang='lat' dir='ltr'><strong>repraesentans,</strong></span> <span class='ocrx_word' id='word_1_233' title='bbox 1216 2673 1269 2719; x_wconf 89' lang='lat' dir='ltr'><strong>et</strong></span> <span class='ocrx_word' id='word_1_234' title='bbox 1287 2671 1452 2718; x_wconf 73' lang='lat' dir='ltr'><strong>terra:</strong></span> <span class='ocrx_word' id='word_1_235' title='bbox 1475 2664 1723 2732; x_wconf 89' lang='lat' dir='ltr'><strong>marique</strong></span> <span class='ocrx_word' id='word_1_236' title='bbox 1771 2663 1978 2735; x_wconf 57' lang='grc' dir='ltr'><strong>ᾅδου</strong></span> 
     </span>
    </p>
   </div>
   <div class='ocr_carea' id='block_1_33' title="bbox 406 2756 1983 2826">
    <p class='ocr_par' dir='ltr' id='par_1_33' title="bbox 406 2756 1983 2826">
     <span class='ocr_line' id='line_1_33' title="bbox 406 2756 1983 2826; baseline -0.001 -14"><span class='ocrx_word' id='word_1_237' title='bbox 406 2759 579 2812; x_wconf 87' lang='lat' dir='ltr'><strong>lucem</strong></span> <span class='ocrx_word' id='word_1_238' title='bbox 627 2757 962 2820; x_wconf 79' lang='lat' dir='ltr'><strong>immittere,</strong></span> <span class='ocrx_word' id='word_1_239' title='bbox 1012 2766 1124 2811; x_wconf 88' lang='lat' dir='ltr'><strong>tam</strong></span> <span class='ocrx_word' id='word_1_240' title='bbox 1178 2756 1500 2812; x_wconf 87' lang='lat' dir='ltr'><strong>insolentem</strong></span> <span class='ocrx_word' id='word_1_241' title='bbox 1541 2765 1593 2811; x_wconf 88' lang='lat' dir='ltr'><strong>et</strong></span> <span class='ocrx_word' id='word_1_242' title='bbox 1631 2756 1875 2826; x_wconf 79' lang='lat' dir='ltr'><strong>igneam,</strong></span> <span class='ocrx_word' id='word_1_243' title='bbox 1924 2765 1983 2810; x_wconf 91' lang='lat' dir='ltr'><strong>ut</strong></span> 
     </span>
    </p>
   </div>
   <div class='ocr_carea' id='block_1_34' title="bbox 407 2849 1983 2919">
    <p class='ocr_par' dir='ltr' id='par_1_34' title="bbox 407 2849 1983 2919">
     <span class='ocr_line' id='line_1_34' title="bbox 407 2849 1983 2919; baseline 0 -17"><span class='ocrx_word' id='word_1_244' title='bbox 407 2851 692 2919; x_wconf 86' lang='lat' dir='ltr'><strong>utriusque</strong></span> <span class='ocrx_word' id='word_1_245' title='bbox 747 2849 1094 2904; x_wconf 87' lang='lat' dir='ltr'><strong>immodicam</strong></span> <span class='ocrx_word' id='word_1_246' title='bbox 1135 2864 1266 2904; x_wconf 75' lang='lat' dir='ltr'><strong>esse</strong></span> <span class='ocrx_word' id='word_1_247' title='bbox 1315 2851 1740 2919; x_wconf 81' lang='lat' dir='ltr'><strong>magnitudinem</strong></span> <span class='ocrx_word' id='word_1_248' title='bbox 1790 2849 1983 2904; x_wconf 77' lang='lat' dir='ltr'><strong>existi-</strong></span> 
     </span>
    </p>
   </div>
   <div class='ocr_carea' id='block_1_35' title="bbox 406 2937 1984 3004">
    <p class='ocr_par' dir='ltr' id='par_1_35' title="bbox 406 2937 1984 3004">
     <span class='ocr_line' id='line_1_35' title="bbox 406 2937 1984 3004; baseline -0.001 -10"><span class='ocrx_word' id='word_1_249' title='bbox 406 2951 596 2994; x_wconf 87' lang='lat' dir='ltr'><strong>metur.</strong></span> <span class='ocrx_word' id='word_1_250' title='bbox 635 2938 819 3004; x_wconf 77' lang='lat' dir='ltr'><strong>Sexto,</strong></span> <span class='ocrx_word' id='word_1_251' title='bbox 848 2940 913 2994; x_wconf 90' lang='lat' dir='ltr'><strong>ad</strong></span> <span class='ocrx_word' id='word_1_252' title='bbox 937 2955 1198 2996; x_wconf 84' lang='lat' dir='ltr'><strong>occasum</strong></span> <span class='ocrx_word' id='word_1_253' title='bbox 1226 2941 1504 2994; x_wconf 72' lang='lat' dir='ltr'><strong>contrario</strong></span> <span class='ocrx_word' id='word_1_254' title='bbox 1534 2938 1787 2993; x_wconf 71' lang='lat' dir='ltr'><strong>aﬂ‘ectum</strong></span> <span class='ocrx_word' id='word_1_255' title='bbox 1823 2937 1984 2992; x_wconf 86' lang='lat' dir='ltr'><strong>modo</strong></span> 
     </span>
    </p>
   </div>
   <div class='ocr_carea' id='block_1_36' title="bbox 2069 733 3641 804">
    <p class='ocr_par' dir='ltr' id='par_1_36' title="bbox 2069 733 3641 804">
     <span class='ocr_line' id='line_1_36' title="bbox 2069 733 3641 804; baseline 0.003 -17"><span class='ocrx_word' id='word_1_256' title='bbox 2069 733 2178 787; x_wconf 82' lang='grc' dir='ltr'><strong>Τοῦ</strong></span> <span class='ocrx_word' id='word_1_257' title='bbox 2209 733 2265 786; x_wconf 83' lang='grc' dir='ltr'>δὲ</span> <span class='ocrx_word' id='word_1_258' title='bbox 2285 734 2440 804; x_wconf 80' lang='grc' dir='ltr'>ήλίου</span> <span class='ocrx_word' id='word_1_259' title='bbox 2469 735 2568 804; x_wconf 83' lang='grc' dir='ltr'>τὴν</span> <span class='ocrx_word' id='word_1_260' title='bbox 2596 733 2828 804; x_wconf 81' lang='grc' dir='ltr'>ἐκφασιν</span> <span class='ocrx_word' id='word_1_261' title='bbox 2858 736 2916 788; x_wconf 85' lang='grc' dir='ltr'><strong>ἐν</strong></span> <span class='ocrx_word' id='word_1_262' title='bbox 2957 739 3072 799; x_wconf 88' lang='grc' dir='ltr'>τοῖς</span> <span class='ocrx_word' id='word_1_263' title='bbox 3131 737 3391 790; x_wconf 79' lang='grc' dir='ltr'><strong>ἐπέκεινα</strong></span> <span class='ocrx_word' id='word_1_264' title='bbox 3441 739 3641 791; x_wconf 88' lang='grc' dir='ltr'>Πτολε-</span> 
     </span>
    </p>
   </div>
   <div class='ocr_carea' id='block_1_37' title="bbox 2072 827 3642 900">
    <p class='ocr_par' dir='ltr' id='par_1_37' title="bbox 2072 827 3642 900">
     <span class='ocr_line' id='line_1_37' title="bbox 2072 827 3642 900; baseline 0.003 -22"><span class='ocrx_word' id='word_1_265' title='bbox 2072 827 2260 896; x_wconf 79' lang='grc' dir='ltr'>μαῖδος</span> <span class='ocrx_word' id='word_1_266' title='bbox 2289 827 2426 880; x_wconf 90' lang='grc' dir='ltr'>ἰδίαν</span> <span class='ocrx_word' id='word_1_267' title='bbox 2466 827 2686 895; x_wconf 85' lang='grc' dir='ltr'>λέγουσι</span> <span class='ocrx_word' id='word_1_268' title='bbox 2715 828 2810 881; x_wconf 72' lang='grc' dir='ltr'>καὶ</span> <span class='ocrx_word' id='word_1_269' title='bbox 2867 828 3356 900; x_wconf 81' lang='grc' dir='ltr'><strong>παρηλλαγμένην.</strong></span> <span class='ocrx_word' id='word_1_270' title='bbox 3391 829 3642 900; x_wconf 83' lang='grc' dir='ltr'>-Πρῶτον</span> 
     </span>
    </p>
   </div>
   <div class='ocr_carea' id='block_1_38' title="bbox 2076 918 3643 990">
    <p class='ocr_par' dir='ltr' id='par_1_38' title="bbox 2076 918 3643 990">
     <span class='ocr_line' id='line_1_38' title="bbox 2076 918 3643 990; baseline 0.003 -20"><span class='ocrx_word' id='word_1_271' title='bbox 2076 919 2176 987; x_wconf 86' lang='grc' dir='ltr'>μὲν</span> <span class='ocrx_word' id='word_1_272' title='bbox 2201 919 2312 987; x_wconf 78' lang='grc' dir='ltr'>γὰρ</span> <span class='ocrx_word' id='word_1_273' title='bbox 2342 919 2403 971; x_wconf 85' lang='grc' dir='ltr'><strong>ού</strong></span> <span class='ocrx_word' id='word_1_274' title='bbox 2437 918 2690 988; x_wconf 84' lang='grc' dir='ltr'>καθάπερ</span> <span class='ocrx_word' id='word_1_275' title='bbox 2723 921 2852 988; x_wconf 83' lang='grc' dir='ltr'>παρ’</span> <span class='ocrx_word' id='word_1_276' title='bbox 2876 921 3012 988; x_wconf 79' lang='grc' dir='ltr'>ἡμῖν</span> <span class='ocrx_word' id='word_1_277' title='bbox 3052 920 3169 986; x_wconf 88' lang='grc' dir='ltr'><strong>φῶς</strong></span> <span class='ocrx_word' id='word_1_278' title='bbox 3215 921 3436 990; x_wconf 83' lang='grc' dir='ltr'>ἀνήλιον</span> <span class='ocrx_word' id='word_1_279' title='bbox 3471 919 3643 974; x_wconf 74' lang='grc' dir='ltr'>ἔωθεν</span> 
     </span>
    </p>
   </div>
   <div class='ocr_carea' id='block_1_39' title="bbox 2072 1009 3640 1082">
    <p class='ocr_par' dir='ltr' id='par_1_39' title="bbox 2072 1009 3640 1082">
     <span class='ocr_line' id='line_1_39' title="bbox 2072 1009 3640 1082; baseline 0.001 -20"><span class='ocrx_word' id='word_1_280' title='bbox 2072 1009 2286 1078; x_wconf 86' lang='grc' dir='ltr'>ὁρῶμεν</span> <span class='ocrx_word' id='word_1_281' title='bbox 2319 1010 2414 1063; x_wconf 80' lang='grc' dir='ltr'>ἐπὶ</span> <span class='ocrx_word' id='word_1_282' title='bbox 2448 1012 2638 1081; x_wconf 87' lang='grc' dir='ltr'>χρόνον</span> <span class='ocrx_word' id='word_1_283' title='bbox 2664 1013 2762 1065; x_wconf 81' lang='grc' dir='ltr'>οὐκ</span> <span class='ocrx_word' id='word_1_284' title='bbox 2785 1012 2990 1080; x_wconf 81' lang='grc' dir='ltr'>ὀλίγον,</span> <span class='ocrx_word' id='word_1_285' title='bbox 3048 1009 3168 1064; x_wconf 74' lang='grc' dir='ltr'>εἶτα</span> <span class='ocrx_word' id='word_1_286' title='bbox 3197 1012 3296 1082; x_wconf 83' lang='grc' dir='ltr'>τὴν</span> <span class='ocrx_word' id='word_1_287' title='bbox 3330 1012 3601 1082; x_wconf 83' lang='grc' dir='ltr'>ἀνατολήν</span> <span class='ocrx_word' id='word_1_288' title='bbox 3625 1029 3640 1042; x_wconf 88' lang='grc'><strong>·</strong></span> 
     </span>
    </p>
   </div>
   <div class='ocr_carea' id='block_1_40' title="bbox 2070 1101 3646 1175">
    <p class='ocr_par' dir='ltr' id='par_1_40' title="bbox 2070 1101 3646 1175">
     <span class='ocr_line' id='line_1_40' title="bbox 2070 1101 3646 1175; baseline 0.003 -21"><span class='ocrx_word' id='word_1_289' title='bbox 2070 1101 2206 1155; x_wconf 79' lang='grc' dir='ltr'>ἀλλὰ</span> <span class='ocrx_word' id='word_1_290' title='bbox 2229 1103 2422 1166; x_wconf 82' lang='grc' dir='ltr'>νυκτὸς</span> <span class='ocrx_word' id='word_1_291' title='bbox 2460 1104 2679 1165; x_wconf 83' lang='grc' dir='ltr'><strong>σκοτίας</strong></span> <span class='ocrx_word' id='word_1_292' title='bbox 2703 1103 3062 1174; x_wconf 79' lang='grc' dir='ltr'>ὑπαρχούσης</span> <span class='ocrx_word' id='word_1_293' title='bbox 3109 1105 3371 1172; x_wconf 74' lang='grc' dir='ltr'>ἐξαίφνης</span> <span class='ocrx_word' id='word_1_294' title='bbox 3403 1106 3646 1175; x_wconf 83' lang='grc' dir='ltr'>ἀνέλαμ-</span> 
     </span>
    </p>
   </div>
   <div class='ocr_carea' id='block_1_41' title="bbox 2072 1192 3644 1267">
    <p class='ocr_par' dir='ltr' id='par_1_41' title="bbox 2072 1192 3644 1267">
     <span class='ocr_line' id='line_1_41' title="bbox 2072 1192 3644 1267; baseline 0.003 -22"><span class='ocrx_word' id='word_1_295' title='bbox 2072 1192 2173 1262; x_wconf 77' lang='grc' dir='ltr'><strong>ψεν</strong></span> <span class='ocrx_word' id='word_1_296' title='bbox 2197 1193 2366 1264; x_wconf 76' lang='grc' dir='ltr'>ἣλιος,</span> <span class='ocrx_word' id='word_1_297' title='bbox 2404 1195 2589 1265; x_wconf 79' lang='grc' dir='ltr'>ἡμέρα</span> <span class='ocrx_word' id='word_1_298' title='bbox 2616 1195 2672 1248; x_wconf 84' lang='grc' dir='ltr'>δὲ</span> <span class='ocrx_word' id='word_1_299' title='bbox 2727 1197 2985 1249; x_wconf 77' lang='grc' dir='ltr'>οὐδέποτε</span> <span class='ocrx_word' id='word_1_300' title='bbox 3034 1196 3247 1264; x_wconf 85' lang='grc' dir='ltr'>γίνεται</span> <span class='ocrx_word' id='word_1_301' title='bbox 3286 1198 3470 1249; x_wconf 79' lang='grc' dir='ltr'>ἐκεῖσε</span> <span class='ocrx_word' id='word_1_302' title='bbox 3515 1199 3644 1267; x_wconf 72' lang='grc' dir='ltr'>πρὶν</span> 
     </span>
    </p>
   </div>
   <div class='ocr_carea' id='block_1_42' title="bbox 2074 1285 3645 1359">
    <p class='ocr_par' dir='ltr' id='par_1_42' title="bbox 2074 1285 3645 1359">
     <span class='ocr_line' id='line_1_42' title="bbox 2074 1285 3645 1359; baseline 0.002 -21"><span class='ocrx_word' id='word_1_303' title='bbox 2074 1287 2166 1338; x_wconf 81' lang='grc' dir='ltr'>τὸν</span> <span class='ocrx_word' id='word_1_304' title='bbox 2217 1285 2368 1354; x_wconf 78' lang='grc' dir='ltr'>ἥλιον</span> <span class='ocrx_word' id='word_1_305' title='bbox 2427 1288 2572 1342; x_wconf 82' lang='grc' dir='ltr'>ἰδεῖν.</span> <span class='ocrx_word' id='word_1_306' title='bbox 2643 1287 2906 1358; x_wconf 79' lang='grc' dir='ltr'>Δεύτερον</span> <span class='ocrx_word' id='word_1_307' title='bbox 2959 1289 2988 1340; x_wconf 82' lang='grc' dir='ltr'>ὁ</span> <span class='ocrx_word' id='word_1_308' title='bbox 3029 1289 3179 1358; x_wconf 78' lang='grc' dir='ltr'>ἣλιος</span> <span class='ocrx_word' id='word_1_309' title='bbox 3239 1289 3645 1359; x_wconf 80' lang='grc' dir='ltr'>ἀναφερόμενος</span> 
     </span>
    </p>
   </div>
   <div class='ocr_carea' id='block_1_43' title="bbox 2074 1377 3646 1453">
    <p class='ocr_par' dir='ltr' id='par_1_43' title="bbox 2074 1377 3646 1453">
     <span class='ocr_line' id='line_1_43' title="bbox 2074 1377 3646 1453; baseline 0 -21"><span class='ocrx_word' id='word_1_310' title='bbox 2074 1377 2324 1447; x_wconf 85' lang='grc' dir='ltr'>φαίνεται</span> <span class='ocrx_word' id='word_1_311' title='bbox 2347 1381 2412 1432; x_wconf 83' lang='grc' dir='ltr'><strong>ἐκ</strong></span> <span class='ocrx_word' id='word_1_312' title='bbox 2462 1378 2628 1449; x_wconf 84' lang='grc' dir='ltr'>μέσου</span> <span class='ocrx_word' id='word_1_313' title='bbox 2660 1379 2752 1432; x_wconf 83' lang='grc' dir='ltr'>τοῦ</span> <span class='ocrx_word' id='word_1_314' title='bbox 2789 1380 3079 1448; x_wconf 84' lang='grc' dir='ltr'>πελάγους.</span> <span class='ocrx_word' id='word_1_315' title='bbox 3125 1379 3368 1453; x_wconf 77' lang='grc' dir='ltr'>[Τρίτον]</span> <span class='ocrx_word' id='word_1_316' title='bbox 3402 1382 3551 1432; x_wconf 82' lang='grc' dir='ltr'>ποιεῖ</span> <span class='ocrx_word' id='word_1_317' title='bbox 3589 1380 3646 1432; x_wconf 80' lang='grc' dir='ltr'>δὲ</span> 
     </span>
    </p>
   </div>
   <div class='ocr_carea' id='block_1_44' title="bbox 2071 1470 3644 1542">
    <p class='ocr_par' dir='ltr' id='par_1_44' title="bbox 2071 1470 3644 1542">
     <span class='ocr_line' id='line_1_44' title="bbox 2071 1470 3644 1542; baseline 0 -18"><span class='ocrx_word' id='word_1_318' title='bbox 2071 1471 2230 1524; x_wconf 83' lang='grc' dir='ltr'>τοῦτο</span> <span class='ocrx_word' id='word_1_319' title='bbox 2255 1470 2486 1542; x_wconf 77' lang='grc' dir='ltr'>ἄνθρακι</span> <span class='ocrx_word' id='word_1_320' title='bbox 2513 1473 2610 1540; x_wconf 82' lang='grc' dir='ltr'>μὲν</span> <span class='ocrx_word' id='word_1_321' title='bbox 2639 1472 2714 1523; x_wconf 85' lang='grc' dir='ltr'>ὣν</span> <span class='ocrx_word' id='word_1_322' title='bbox 2741 1473 2847 1524; x_wconf 88' lang='grc' dir='ltr'><strong>τῶν</strong></span> <span class='ocrx_word' id='word_1_323' title='bbox 2869 1473 3300 1542; x_wconf 83' lang='grc' dir='ltr'>πυρωδεστάτων</span> <span class='ocrx_word' id='word_1_324' title='bbox 3321 1472 3644 1542; x_wconf 84' lang='grc' dir='ltr'>παρόμοιος,</span> 
     </span>
    </p>
   </div>
   <div class='ocr_carea' id='block_1_45' title="bbox 2075 1562 3647 1634">
    <p class='ocr_par' dir='ltr' id='par_1_45' title="bbox 2075 1562 3647 1634">
     <span class='ocr_line' id='line_1_45' title="bbox 2075 1562 3647 1634; baseline -0.002 -17"><span class='ocrx_word' id='word_1_325' title='bbox 2075 1563 2381 1634; x_wconf 78' lang='grc' dir='ltr'>σπινθῆρας</span> <span class='ocrx_word' id='word_1_326' title='bbox 2409 1563 2466 1616; x_wconf 78' lang='grc' dir='ltr'>δὲ</span> <span class='ocrx_word' id='word_1_327' title='bbox 2517 1564 2786 1632; x_wconf 82' lang='grc' dir='ltr'>μεγάλους</span> <span class='ocrx_word' id='word_1_328' title='bbox 2839 1564 3217 1634; x_wconf 76' lang='grc' dir='ltr'>ἀπορρίπτων,</span> <span class='ocrx_word' id='word_1_329' title='bbox 3259 1565 3387 1626; x_wconf 80' lang='grc' dir='ltr'>τοὺς</span> <span class='ocrx_word' id='word_1_330' title='bbox 3419 1562 3519 1633; x_wconf 83' lang='grc' dir='ltr'>μὲν</span> <span class='ocrx_word' id='word_1_331' title='bbox 3567 1565 3647 1625; x_wconf 83' lang='grc' dir='ltr'>εἰς</span> 
     </span>
    </p>
   </div>
   <div class='ocr_carea' id='block_1_46' title="bbox 2074 1655 3646 1725">
    <p class='ocr_par' dir='ltr' id='par_1_46' title="bbox 2074 1655 3646 1725">
     <span class='ocr_line' id='line_1_46' title="bbox 2074 1655 3646 1725; baseline -0.003 -14"><span class='ocrx_word' id='word_1_332' title='bbox 2074 1657 2166 1710; x_wconf 78' lang='grc' dir='ltr'>τὸν</span> <span class='ocrx_word' id='word_1_333' title='bbox 2196 1655 2380 1725; x_wconf 84' lang='grc' dir='ltr'>κύκλῳ</span> <span class='ocrx_word' id='word_1_334' title='bbox 2410 1656 2578 1709; x_wconf 81' lang='grc' dir='ltr'>τόπον</span> <span class='ocrx_word' id='word_1_335' title='bbox 2637 1656 2732 1710; x_wconf 77' lang='grc' dir='ltr'>τοῦ</span> <span class='ocrx_word' id='word_1_336' title='bbox 2774 1655 3129 1724; x_wconf 77' lang='grc' dir='ltr'>φωτίζοντος,</span> <span class='ocrx_word' id='word_1_337' title='bbox 3178 1655 3308 1720; x_wconf 77' lang='grc' dir='ltr'>τοὺς</span> <span class='ocrx_word' id='word_1_338' title='bbox 3363 1656 3420 1708; x_wconf 83' lang='grc' dir='ltr'>δὲ</span> <span class='ocrx_word' id='word_1_339' title='bbox 3451 1657 3530 1717; x_wconf 84' lang='grc' dir='ltr'><strong>εἰς</strong></span> <span class='ocrx_word' id='word_1_340' title='bbox 3558 1656 3646 1706; x_wconf 74' lang='grc' dir='ltr'>τὸν</span> 
     </span>
    </p>
   </div>
   <div class='ocr_carea' id='block_1_47' title="bbox 2076 1747 3650 1821">
    <p class='ocr_par' dir='ltr' id='par_1_47' title="bbox 2076 1747 3650 1821">
     <span class='ocr_line' id='line_1_47' title="bbox 2076 1747 3650 1821; baseline -0.003 -19"><span class='ocrx_word' id='word_1_341' title='bbox 2076 1749 2365 1819; x_wconf 81' lang='grc' dir='ltr'>ἀπωτέρω.</span> <span class='ocrx_word' id='word_1_342' title='bbox 2399 1747 2715 1821; x_wconf 74' lang='grc' dir='ltr'><strong>[Τέταρτον]</strong></span> <span class='ocrx_word' id='word_1_343' title='bbox 2747 1751 2841 1802; x_wconf 73' lang='grc' dir='ltr'>καὶ</span> <span class='ocrx_word' id='word_1_344' title='bbox 2887 1749 2948 1802; x_wconf 84' lang='grc' dir='ltr'>τὸ</span> <span class='ocrx_word' id='word_1_345' title='bbox 2985 1749 3172 1819; x_wconf 85' lang='grc' dir='ltr'>σχῆμα</span> <span class='ocrx_word' id='word_1_346' title='bbox 3207 1748 3265 1801; x_wconf 80' lang='grc' dir='ltr'>δὲ</span> <span class='ocrx_word' id='word_1_347' title='bbox 3310 1748 3372 1801; x_wconf 85' lang='grc' dir='ltr'><strong>ού</strong></span> <span class='ocrx_word' id='word_1_348' title='bbox 3416 1749 3650 1800; x_wconf 74' lang='grc' dir='ltr'><strong>δισκοει⁴</strong></span> 
     </span>
    </p>
   </div>
   <div class='ocr_carea' id='block_1_48' title="bbox 2078 1837 3648 1910">
    <p class='ocr_par' dir='ltr' id='par_1_48' title="bbox 2078 1837 3648 1910">
     <span class='ocr_line' id='line_1_48' title="bbox 2078 1837 3648 1910; baseline -0.003 -17"><span class='ocrx_word' id='word_1_349' title='bbox 2078 1841 2166 1902; x_wconf 83' lang='grc' dir='ltr'>δὲς</span> <span class='ocrx_word' id='word_1_350' title='bbox 2195 1839 2348 1910; x_wconf 72' lang='grc' dir='ltr'>ἔχειν</span> <span class='ocrx_word' id='word_1_351' title='bbox 2372 1839 2466 1892; x_wconf 79' lang='grc' dir='ltr'>τὸν</span> <span class='ocrx_word' id='word_1_352' title='bbox 2493 1840 2647 1910; x_wconf 76' lang='grc' dir='ltr'>ἥλιόν</span> <span class='ocrx_word' id='word_1_353' title='bbox 2700 1857 2886 1908; x_wconf 86' lang='grc' dir='ltr'>φασιν,</span> <span class='ocrx_word' id='word_1_354' title='bbox 2917 1838 3054 1891; x_wconf 84' lang='grc' dir='ltr'>ἀλλὰ</span> <span class='ocrx_word' id='word_1_355' title='bbox 3089 1839 3230 1891; x_wconf 85' lang='grc' dir='ltr'>κίονι</span> <span class='ocrx_word' id='word_1_356' title='bbox 3273 1840 3439 1908; x_wconf 86' lang='grc' dir='ltr'>παχεῖ</span> <span class='ocrx_word' id='word_1_357' title='bbox 3488 1837 3555 1888; x_wconf 83' lang='grc' dir='ltr'><strong>τά</strong></span> <span class='ocrx_word' id='word_1_358' title='bbox 3585 1853 3648 1904; x_wconf 83' lang='grc' dir='ltr'>γε</span> 
     </span>
    </p>
   </div>
   <div class='ocr_carea' id='block_1_49' title="bbox 2075 1929 3648 2003">
    <p class='ocr_par' dir='ltr' id='par_1_49' title="bbox 2075 1929 3648 2003">
     <span class='ocr_line' id='line_1_49' title="bbox 2075 1929 3648 2003; baseline -0.002 -21"><span class='ocrx_word' id='word_1_359' title='bbox 2075 1931 2272 2003; x_wconf 87' lang='grc' dir='ltr'>πρῶτα</span> <span class='ocrx_word' id='word_1_360' title='bbox 2321 1931 2556 2003; x_wconf 82' lang='grc' dir='ltr'>ἐμφερῆ,</span> <span class='ocrx_word' id='word_1_361' title='bbox 2621 1930 2818 2001; x_wconf 75' lang='grc' dir='ltr'>μικρὸν</span> <span class='ocrx_word' id='word_1_362' title='bbox 2874 1930 3299 2002; x_wconf 77' lang='grc' dir='ltr'>ἐμϐριθέστερον</span> <span class='ocrx_word' id='word_1_363' title='bbox 3332 1929 3508 1998; x_wconf 79' lang='grc' dir='ltr'>ἔχοντι</span> <span class='ocrx_word' id='word_1_364' title='bbox 3551 1929 3648 1998; x_wconf 74' lang='grc' dir='ltr'>τὴν</span> 
     </span>
    </p>
   </div>
   <div class='ocr_carea' id='block_1_50' title="bbox 2075 2021 3652 2094">
    <p class='ocr_par' dir='ltr' id='par_1_50' title="bbox 2075 2021 3652 2094">
     <span class='ocr_line' id='line_1_50' title="bbox 2075 2021 3652 2094; baseline -0.002 -17"><span class='ocrx_word' id='word_1_365' title='bbox 2075 2023 2185 2077; x_wconf 72' lang='grc' dir='ltr'><strong>ἀπὸ</strong></span> <span class='ocrx_word' id='word_1_366' title='bbox 2233 2023 2340 2077; x_wconf 88' lang='grc' dir='ltr'><strong>τῶν</strong></span> <span class='ocrx_word' id='word_1_367' title='bbox 2359 2023 2553 2093; x_wconf 80' lang='grc' dir='ltr'>-ἁκρῶν</span> <span class='ocrx_word' id='word_1_368' title='bbox 2581 2023 2906 2092; x_wconf 81' lang='grc' dir='ltr'>φαντασίαν,</span> <span class='ocrx_word' id='word_1_369' title='bbox 2948 2023 3112 2076; x_wconf 80' lang='grc' dir='ltr'>οἱονεὶ</span> <span class='ocrx_word' id='word_1_370' title='bbox 3152 2023 3416 2091; x_wconf 83' lang='grc' dir='ltr'>κεφαλήν.</span> <span class='ocrx_word' id='word_1_371' title='bbox 3477 2021 3652 2094; x_wconf 82' lang='grc' dir='ltr'>[Πέμ-</span> 
     </span>
    </p>
   </div>
   <div class='ocr_carea' id='block_1_51' title="bbox 2076 2113 3648 2186">
    <p class='ocr_par' dir='ltr' id='par_1_51' title="bbox 2076 2113 3648 2186">
     <span class='ocr_line' id='line_1_51' title="bbox 2076 2113 3648 2186; baseline -0.001 -19"><span class='ocrx_word' id='word_1_372' title='bbox 2076 2113 2234 2186; x_wconf 91' lang='grc' dir='ltr'>πτον]</span> <span class='ocrx_word' id='word_1_373' title='bbox 2253 2113 2331 2168; x_wconf 78' lang='grc' dir='ltr'><strong>ἐτι</strong></span> <span class='ocrx_word' id='word_1_374' title='bbox 2350 2114 2529 2167; x_wconf 82' lang='grc' dir='ltr'>τοίνυν</span> <span class='ocrx_word' id='word_1_375' title='bbox 2545 2113 2670 2167; x_wconf 72' lang='grc' dir='ltr'>οὔτε</span> <span class='ocrx_word' id='word_1_376' title='bbox 2689 2114 2862 2186; x_wconf 75' lang='grc' dir='ltr'>αὐγὴν</span> <span class='ocrx_word' id='word_1_377' title='bbox 2882 2113 3004 2167; x_wconf 76' lang='grc' dir='ltr'>οὒτε</span> <span class='ocrx_word' id='word_1_378' title='bbox 3028 2115 3222 2168; x_wconf 82' lang='grc' dir='ltr'>ἀκτῖνα</span> <span class='ocrx_word' id='word_1_379' title='bbox 3242 2113 3588 2184; x_wconf 81' lang='grc' dir='ltr'>ἁπολάμπειν</span> <span class='ocrx_word' id='word_1_380' title='bbox 3606 2114 3648 2145; x_wconf 74' lang='grc'><strong>³⁵</strong></span> 
     </span>
    </p>
   </div>
   <div class='ocr_carea' id='block_1_52' title="bbox 2077 2191 3648 2276">
    <p class='ocr_par' dir='ltr' id='par_1_52' title="bbox 2077 2191 3648 2276">
     <span class='ocr_line' id='line_1_52' title="bbox 2077 2191 3648 2276; baseline -0.001 -19"><span class='ocrx_word' id='word_1_381' title='bbox 2077 2204 2358 2275; x_wconf 79' lang='grc' dir='ltr'>οὐδεμίαν,</span> <span class='ocrx_word' id='word_1_382' title='bbox 2399 2197 2525 2258; x_wconf 70' lang='grc' dir='ltr'>οὔτε</span> <span class='ocrx_word' id='word_1_383' title='bbox 2560 2204 2660 2257; x_wconf 76' lang='grc' dir='ltr'><strong>ἐπὶ</strong></span> <span class='ocrx_word' id='word_1_384' title='bbox 2689 2204 2788 2274; x_wconf 86' lang='grc' dir='ltr'><strong>τὴν</strong></span> <span class='ocrx_word' id='word_1_385' title='bbox 2814 2205 2919 2276; x_wconf 87' lang='grc' dir='ltr'>γῆν</span> <span class='ocrx_word' id='word_1_386' title='bbox 2940 2203 3070 2257; x_wconf 74' lang='grc' dir='ltr'>οὔτε</span> <span class='ocrx_word' id='word_1_387' title='bbox 3095 2205 3192 2256; x_wconf 78' lang='grc' dir='ltr'>ἐπὶ</span> <span class='ocrx_word' id='word_1_388' title='bbox 3225 2191 3648 2275; x_wconf 76' lang='grc' dir='ltr'>τῆν’θάλατταν.</span> 
     </span>
    </p>
   </div>
   <div class='ocr_carea' id='block_1_53' title="bbox 2078 2296 3648 2369">
    <p class='ocr_par' dir='ltr' id='par_1_53' title="bbox 2078 2296 3648 2369">
     <span class='ocr_line' id='line_1_53' title="bbox 2078 2296 3648 2369; baseline -0.001 -20"><span class='ocrx_word' id='word_1_389' title='bbox 2078 2297 2182 2360; x_wconf 76' lang='grc' dir='ltr'>ἕως</span> <span class='ocrx_word' id='word_1_390' title='bbox 2219 2296 2440 2368; x_wconf 86' lang='grc' dir='ltr'>πρώτης</span> <span class='ocrx_word' id='word_1_391' title='bbox 2464 2296 2634 2369; x_wconf 81' lang='grc' dir='ltr'>ὥρας,</span> <span class='ocrx_word' id='word_1_392' title='bbox 2659 2296 2779 2352; x_wconf 78' lang='grc' dir='ltr'>ἀλλ’</span> <span class='ocrx_word' id='word_1_393' title='bbox 2803 2300 2898 2351; x_wconf 74' lang='grc' dir='ltr'>ἐπὶ</span> <span class='ocrx_word' id='word_1_394' title='bbox 2953 2297 3136 2350; x_wconf 84' lang='grc' dir='ltr'>σκότει</span> <span class='ocrx_word' id='word_1_395' title='bbox 3193 2296 3307 2366; x_wconf 83' lang='grc' dir='ltr'>πῦρ</span> <span class='ocrx_word' id='word_1_396' title='bbox 3356 2296 3610 2364; x_wconf 66' lang='grc' dir='ltr'>ἀλαμπὲς</span> <span class='ocrx_word' id='word_1_397' title='bbox 3634 2313 3648 2326; x_wconf 91' lang='grc'><strong>·</strong></span> 
     </span>
    </p>
   </div>
   <div class='ocr_carea' id='block_1_54' title="bbox 2078 2389 3652 2461">
    <p class='ocr_par' dir='ltr' id='par_1_54' title="bbox 2078 2389 3652 2461">
     <span class='ocr_line' id='line_1_54' title="bbox 2078 2389 3652 2461; baseline -0.002 -19"><span class='ocrx_word' id='word_1_398' title='bbox 2078 2390 2340 2461; x_wconf 81' lang='grc' dir='ltr'>δευτέρας</span> <span class='ocrx_word' id='word_1_399' title='bbox 2372 2389 2417 2443; x_wconf 87' lang='grc' dir='ltr'>δ’</span> <span class='ocrx_word' id='word_1_400' title='bbox 2445 2391 2811 2461; x_wconf 78' lang='grc' dir='ltr'>ἐνισταμένης</span> <span class='ocrx_word' id='word_1_401' title='bbox 2839 2390 2908 2444; x_wconf 82' lang='grc' dir='ltr'>τὸ</span> <span class='ocrx_word' id='word_1_402' title='bbox 2940 2391 3060 2445; x_wconf 84' lang='grc' dir='ltr'>ὅλον</span> <span class='ocrx_word' id='word_1_403' title='bbox 3095 2390 3295 2460; x_wconf 81' lang='grc' dir='ltr'>ἄστρον</span> <span class='ocrx_word' id='word_1_404' title='bbox 3335 2389 3652 2445; x_wconf 77' lang='grc' dir='ltr'>ἀναϐαῖνον,</span> 
     </span>
    </p>
   </div>
   <div class='ocr_carea' id='block_1_55' title="bbox 2069 2478 3656 2549">
    <p class='ocr_par' dir='ltr' id='par_1_55' title="bbox 2069 2478 3656 2549">
     <span class='ocr_line' id='line_1_55' title="bbox 2069 2478 3656 2549; baseline -0.003 -14"><span class='ocrx_word' id='word_1_405' title='bbox 2069 2481 2418 2543; x_wconf 76' lang='grc' dir='ltr'>ἁσπιδοειδὲς</span> <span class='ocrx_word' id='word_1_406' title='bbox 2447 2478 2870 2548; x_wconf 80' lang='grc' dir='ltr'>καθιστάμενον,</span> <span class='ocrx_word' id='word_1_407' title='bbox 2903 2479 2999 2532; x_wconf 78' lang='grc' dir='ltr'><strong>τοῦ</strong></span> <span class='ocrx_word' id='word_1_408' title='bbox 3032 2480 3315 2549; x_wconf 81' lang='grc' dir='ltr'>σχήματος</span> <span class='ocrx_word' id='word_1_409' title='bbox 3367 2480 3458 2531; x_wconf 83' lang='grc' dir='ltr'>τὸν</span> <span class='ocrx_word' id='word_1_410' title='bbox 3485 2478 3656 2540; x_wconf 82' lang='grc' dir='ltr'>τύπον</span> 
     </span>
    </p>
   </div>
   <div class='ocr_carea' id='block_1_56' title="bbox 2081 2572 3656 2644">
    <p class='ocr_par' dir='ltr' id='par_1_56' title="bbox 2081 2572 3656 2644">
     <span class='ocr_line' id='line_1_56' title="bbox 2081 2572 3656 2644; baseline -0.003 -16"><span class='ocrx_word' id='word_1_411' title='bbox 2081 2575 2174 2628; x_wconf 74' lang='grc' dir='ltr'>καὶ</span> <span class='ocrx_word' id='word_1_412' title='bbox 2202 2576 2262 2629; x_wconf 83' lang='grc' dir='ltr'>τὸ</span> <span class='ocrx_word' id='word_1_413' title='bbox 2294 2575 2408 2643; x_wconf 82' lang='grc' dir='ltr'><strong>φῶς</strong></span> <span class='ocrx_word' id='word_1_414' title='bbox 2438 2574 2530 2627; x_wconf 82' lang='grc' dir='ltr'><strong>ἐπί</strong></span> <span class='ocrx_word' id='word_1_415' title='bbox 2556 2592 2615 2626; x_wconf 85' lang='grc' dir='ltr'><strong>τε</strong></span> <span class='ocrx_word' id='word_1_416' title='bbox 2639 2574 2737 2644; x_wconf 80' lang='grc' dir='ltr'>τὴν</span> <span class='ocrx_word' id='word_1_417' title='bbox 2765 2573 2870 2643; x_wconf 82' lang='grc' dir='ltr'>γῆν</span> <span class='ocrx_word' id='word_1_418' title='bbox 2915 2572 3009 2626; x_wconf 73' lang='grc' dir='ltr'>καὶ</span> <span class='ocrx_word' id='word_1_419' title='bbox 3061 2573 3125 2625; x_wconf 88' lang='grc' dir='ltr'>τὸ</span> <span class='ocrx_word' id='word_1_420' title='bbox 3172 2573 3408 2641; x_wconf 83' lang='grc' dir='ltr'>πέλαγος</span> <span class='ocrx_word' id='word_1_421' title='bbox 3435 2573 3616 2642; x_wconf 76' lang='grc' dir='ltr'>βάλλει</span> <span class='ocrx_word' id='word_1_422' title='bbox 3640 2613 3656 2635; x_wconf 93' lang='grc'><strong>,</strong></span> 
     </span>
    </p>
   </div>
   <div class='ocr_carea' id='block_1_57' title="bbox 2081 2664 3662 2738">
    <p class='ocr_par' dir='ltr' id='par_1_57' title="bbox 2081 2664 3662 2738">
     <span class='ocr_line' id='line_1_57' title="bbox 2081 2664 3662 2738; baseline -0.003 -17"><span class='ocrx_word' id='word_1_423' title='bbox 2081 2666 2254 2730; x_wconf 80' lang='grc' dir='ltr'>οὕτως</span> <span class='ocrx_word' id='word_1_424' title='bbox 2311 2669 2513 2721; x_wconf 77' lang='grc' dir='ltr'>ἄτοπον</span> <span class='ocrx_word' id='word_1_425' title='bbox 2560 2665 2687 2738; x_wconf 71' lang='grc'><strong>[748</strong></span> <span class='ocrx_word' id='word_1_426' title='bbox 2722 2665 2813 2736; x_wconf 84' lang='lat' dir='ltr'><strong>H.]</strong></span> <span class='ocrx_word' id='word_1_427' title='bbox 2871 2666 2966 2718; x_wconf 83' lang='grc' dir='ltr'>καὶ</span> <span class='ocrx_word' id='word_1_428' title='bbox 3010 2665 3258 2734; x_wconf 85' lang='grc' dir='ltr'>πυρῶδες</span> <span class='ocrx_word' id='word_1_429' title='bbox 3277 2664 3324 2694; x_wconf 66' lang='grc' dir='ltr'>⁸ο</span> <span class='ocrx_word' id='word_1_430' title='bbox 3374 2664 3514 2716; x_wconf 85' lang='grc' dir='ltr'>ὥστε</span> <span class='ocrx_word' id='word_1_431' title='bbox 3553 2667 3662 2734; x_wconf 80' lang='grc' dir='ltr'><strong>ἀμ-</strong></span> 
     </span>
    </p>
   </div>
   <div class='ocr_carea' id='block_1_58' title="bbox 2083 2754 3656 2825">
    <p class='ocr_par' dir='ltr' id='par_1_58' title="bbox 2083 2754 3656 2825">
     <span class='ocr_line' id='line_1_58' title="bbox 2083 2754 3656 2825; baseline 0 -16"><span class='ocrx_word' id='word_1_432' title='bbox 2083 2759 2204 2823; x_wconf 80' lang='grc' dir='ltr'>φοῖν</span> <span class='ocrx_word' id='word_1_433' title='bbox 2285 2755 2602 2825; x_wconf 82' lang='grc' dir='ltr'>νομίζεσθαι</span> <span class='ocrx_word' id='word_1_434' title='bbox 2683 2755 3066 2825; x_wconf 84' lang='grc' dir='ltr'>παμμεγέθεις</span> <span class='ocrx_word' id='word_1_435' title='bbox 3144 2756 3249 2817; x_wconf 84' lang='grc' dir='ltr'>τὰς</span> <span class='ocrx_word' id='word_1_436' title='bbox 3325 2754 3656 2822; x_wconf 58' lang='grc' dir='ltr'>ὑπερϐολάς.</span> 
     </span>
    </p>
   </div>
   <div class='ocr_carea' id='block_1_59' title="bbox 2086 2848 3659 2924">
    <p class='ocr_par' dir='ltr' id='par_1_59' title="bbox 2086 2848 3659 2924">
     <span class='ocr_line' id='line_1_59' title="bbox 2086 2848 3659 2924; baseline -0.004 -19"><span class='ocrx_word' id='word_1_437' title='bbox 2086 2851 2334 2924; x_wconf 77' lang='grc' dir='ltr'>[Ἕκτον]</span> <span class='ocrx_word' id='word_1_438' title='bbox 2363 2853 2441 2914; x_wconf 88' lang='grc' dir='ltr'><strong>εἰς</strong></span> <span class='ocrx_word' id='word_1_439' title='bbox 2490 2850 2670 2921; x_wconf 79' lang='grc' dir='ltr'>δὲτὴν</span> <span class='ocrx_word' id='word_1_440' title='bbox 2729 2851 2969 2922; x_wconf 73' lang='grc' dir='ltr'>ἑσπέραν</span> <span class='ocrx_word' id='word_1_441' title='bbox 3010 2850 3251 2903; x_wconf 67' lang='grc' dir='ltr'>ἐναντίον</span> <span class='ocrx_word' id='word_1_442' title='bbox 3277 2849 3338 2901; x_wconf 83' lang='grc' dir='ltr'>τὸ</span> <span class='ocrx_word' id='word_1_443' title='bbox 3393 2849 3525 2918; x_wconf 83' lang='grc' dir='ltr'><strong>περί</strong></span> <span class='ocrx_word' id='word_1_444' title='bbox 3568 2848 3659 2900; x_wconf 80' lang='grc' dir='ltr'>τὸν</span> 
     </span>
    </p>
   </div>
   <div class='ocr_carea' id='block_1_60' title="bbox 2084 2939 3660 3014">
    <p class='ocr_par' dir='ltr' id='par_1_60' title="bbox 2084 2939 3660 3014">
     <span class='ocr_line' id='line_1_60' title="bbox 2084 2939 3660 3014; baseline -0.004 -17"><span class='ocrx_word' id='word_1_445' title='bbox 2084 2943 2235 3014; x_wconf 77' lang='grc' dir='ltr'>ἣλιον</span> <span class='ocrx_word' id='word_1_446' title='bbox 2268 2942 2438 3004; x_wconf 83' lang='grc' dir='ltr'>πάθος</span> <span class='ocrx_word' id='word_1_447' title='bbox 2479 2945 2647 3010; x_wconf 74' lang='grc' dir='ltr'>φασὶν</span> <span class='ocrx_word' id='word_1_448' title='bbox 2680 2941 2952 3013; x_wconf 80' lang='grc' dir='ltr'>ὸρᾶσθαιο</span> <span class='ocrx_word' id='word_1_449' title='bbox 3001 2940 3364 3004; x_wconf 82' lang='grc' dir='ltr'>ύποδείξαντα</span> <span class='ocrx_word' id='word_1_450' title='bbox 3413 2939 3523 3010; x_wconf 83' lang='grc' dir='ltr'><strong>γὰρ</strong></span> <span class='ocrx_word' id='word_1_451' title='bbox 3577 2939 3660 2990; x_wconf 71' lang='grc' dir='ltr'>ὃῖι</span> 
     </span>
    </p>
   </div>
   <div class='ocr_carea' id='block_1_61' title="bbox 407 3029 1977 3112">
    <p class='ocr_par' dir='ltr' id='par_1_61' title="bbox 407 3029 1977 3101">
     <span class='ocr_line' id='line_1_61' title="bbox 407 3029 1977 3101; baseline -0.003 -14"><span class='ocrx_word' id='word_1_452' title='bbox 407 3031 577 3087; x_wconf 89' lang='lat' dir='ltr'><strong>solem</strong></span> <span class='ocrx_word' id='word_1_453' title='bbox 628 3033 870 3101; x_wconf 90' lang='lat' dir='ltr'><strong>conspici</strong></span> <span class='ocrx_word' id='word_1_454' title='bbox 907 3033 1194 3086; x_wconf 83' lang='lat' dir='ltr'><strong>allirmant.</strong></span> <span class='ocrx_word' id='word_1_455' title='bbox 1248 3029 1543 3099; x_wconf 88' lang='lat' dir='ltr'><strong>Postquam</strong></span> <span class='ocrx_word' id='word_1_456' title='bbox 1586 3031 1730 3084; x_wconf 91' lang='lat' dir='ltr'><strong>enim</strong></span> <span class='ocrx_word' id='word_1_457' title='bbox 1767 3030 1977 3084; x_wconf 89' lang='lat' dir='ltr'><strong>demer-</strong></span> 
     </span>
    </p>
   </div>
   <div class='ocr_carea' id='block_1_62' title="bbox 2083 3029 3660 3112">
    <p class='ocr_par' dir='ltr' id='par_1_62' title="bbox 2086 3032 3660 3104">
     <span class='ocr_line' id='line_1_62' title="bbox 2086 3032 3660 3104; baseline -0.003 -16"><span class='ocrx_word' id='word_1_458' title='bbox 2086 3035 2281 3088; x_wconf 82' lang='grc' dir='ltr'>δέδυκε</span> <span class='ocrx_word' id='word_1_459' title='bbox 2313 3035 2458 3088; x_wconf 79' lang='grc' dir='ltr'>κατὰ</span> <span class='ocrx_word' id='word_1_460' title='bbox 2507 3034 2612 3104; x_wconf 81' lang='grc' dir='ltr'>τῆς</span> <span class='ocrx_word' id='word_1_461' title='bbox 2662 3038 2787 3104; x_wconf 85' lang='grc' dir='ltr'>γῆς,</span> <span class='ocrx_word' id='word_1_462' title='bbox 2848 3035 2951 3086; x_wconf 84' lang='grc' dir='ltr'>οὐκ</span> <span class='ocrx_word' id='word_1_463' title='bbox 2992 3034 3206 3088; x_wconf 82' lang='grc' dir='ltr'>ἐλάττω</span> <span class='ocrx_word' id='word_1_464' title='bbox 3257 3032 3450 3104; x_wconf 85' lang='grc' dir='ltr'>χρόνον</span> <span class='ocrx_word' id='word_1_465' title='bbox 3501 3032 3660 3103; x_wconf 84' lang='grc' dir='ltr'>ὡρῶν</span> 
     </span>
    </p>
   </div>
   <div class='ocr_carea' id='block_1_63' title="bbox 407 3121 1983 3193">
    <p class='ocr_par' dir='ltr' id='par_1_63' title="bbox 407 3121 1983 3193">
     <span class='ocr_line' id='line_1_63' title="bbox 407 3121 1983 3193; baseline -0.002 -16"><span class='ocrx_word' id='word_1_466' title='bbox 407 3126 617 3178; x_wconf 88' lang='lat' dir='ltr'><strong>sionem</strong></span> <span class='ocrx_word' id='word_1_467' title='bbox 648 3125 788 3177; x_wconf 88' lang='lat' dir='ltr'><strong>intra</strong></span> <span class='ocrx_word' id='word_1_468' title='bbox 821 3133 1017 3178; x_wconf 90' lang='lat' dir='ltr'><strong>terram</strong></span> <span class='ocrx_word' id='word_1_469' title='bbox 1039 3123 1304 3186; x_wconf 78' lang='lat' dir='ltr'><strong>ostendit,</strong></span> <span class='ocrx_word' id='word_1_470' title='bbox 1329 3138 1437 3176; x_wconf 89' lang='lat' dir='ltr'><strong>non</strong></span> <span class='ocrx_word' id='word_1_471' title='bbox 1477 3123 1790 3193; x_wconf 86' lang='lat' dir='ltr'><strong>angustiore</strong></span> <span class='ocrx_word' id='word_1_472' title='bbox 1828 3121 1983 3175; x_wconf 86' lang='lat' dir='ltr'><strong>dein-</strong></span> 
     </span>
    </p>
   </div>
   <div class='ocr_carea' id='block_1_64' title="bbox 406 3213 1985 3287">
    <p class='ocr_par' dir='ltr' id='par_1_64' title="bbox 406 3213 1985 3287">
     <span class='ocr_line' id='line_1_64' title="bbox 406 3213 1985 3287; baseline -0.003 -17"><span class='ocrx_word' id='word_1_473' title='bbox 406 3230 533 3286; x_wconf 81' lang='lat' dir='ltr'><strong>cepa</strong></span> <span class='ocrx_word' id='word_1_474' title='bbox 567 3217 742 3287; x_wconf 86' lang='lat' dir='ltr'><strong>spatio</strong></span> <span class='ocrx_word' id='word_1_475' title='bbox 773 3217 945 3271; x_wconf 84' lang='lat' dir='ltr'><strong>tribus</strong></span> <span class='ocrx_word' id='word_1_476' title='bbox 980 3217 1163 3280; x_wconf 90' lang='lat' dir='ltr'><strong>horis,</strong></span> <span class='ocrx_word' id='word_1_477' title='bbox 1198 3217 1378 3268; x_wconf 90' lang='lat' dir='ltr'><strong>lumen</strong></span> <span class='ocrx_word' id='word_1_478' title='bbox 1423 3225 1569 3268; x_wconf 87' lang='lat' dir='ltr'><strong>retro</strong></span> <span class='ocrx_word' id='word_1_479' title='bbox 1605 3215 1790 3268; x_wconf 86' lang='lat' dir='ltr'><strong>mittit.</strong></span> <span class='ocrx_word' id='word_1_480' title='bbox 1827 3213 1985 3278; x_wconf 83' lang='lat' dir='ltr'><strong>Quod</strong></span> 
     </span>
    </p>
   </div>
   <div class='ocr_carea' id='block_1_65' title="bbox 406 3306 1987 3380">
    <p class='ocr_par' dir='ltr' id='par_1_65' title="bbox 406 3306 1987 3380">
     <span class='ocr_line' id='line_1_65' title="bbox 406 3306 1987 3380; baseline -0.002 -18"><span class='ocrx_word' id='word_1_481' title='bbox 406 3322 625 3379; x_wconf 83' lang='lat' dir='ltr'><strong>tempus</strong></span> <span class='ocrx_word' id='word_1_482' title='bbox 659 3325 896 3380; x_wconf 69' lang='lat' dir='ltr'><strong>vespera</strong></span> <span class='ocrx_word' id='word_1_483' title='bbox 929 3309 1388 3380; x_wconf 81' lang='lat' dir='ltr'><strong>jucundissimum</strong></span> <span class='ocrx_word' id='word_1_484' title='bbox 1424 3309 1564 3378; x_wconf 88' lang='lat' dir='ltr'><strong>apud</strong></span> <span class='ocrx_word' id='word_1_485' title='bbox 1601 3323 1660 3362; x_wconf 93' lang='lat' dir='ltr'><strong>se</strong></span> <span class='ocrx_word' id='word_1_486' title='bbox 1691 3323 1814 3362; x_wconf 78' lang='lat' dir='ltr'><strong>esse</strong></span> <span class='ocrx_word' id='word_1_487' title='bbox 1842 3306 1987 3360; x_wconf 85' lang='lat' dir='ltr'><strong>arbi-</strong></span> 
     </span>
    </p>
   </div>
   <div class='ocr_carea' id='block_1_66' title="bbox 404 3410 640 3456">
    <p class='ocr_par' dir='ltr' id='par_1_66' title="bbox 404 3410 640 3456">
     <span class='ocr_line' id='line_1_66' title="bbox 404 3410 640 3456; baseline 0.004 -2"><span class='ocrx_word' id='word_1_488' title='bbox 404 3410 640 3456; x_wconf 84' lang='lat' dir='ltr'><strong>trantttr.</strong></span> 
     </span>
    </p>
   </div>
   <div class='ocr_carea' id='block_1_67' title="bbox 582 3533 1809 3605">
    <p class='ocr_par' dir='ltr' id='par_1_67' title="bbox 582 3533 1809 3605">
     <span class='ocr_line' id='line_1_67' title="bbox 582 3533 1809 3605; baseline -0.002 -15"><span class='ocrx_word' id='word_1_489' title='bbox 582 3535 713 3591; x_wconf 67' lang='lat' dir='ltr'><strong>Car.</strong></span> <span class='ocrx_word' id='word_1_490' title='bbox 746 3533 856 3590; x_wconf 71' lang='grc' dir='ltr'>ιιι.</span> <span class='ocrx_word' id='word_1_491' title='bbox 888 3564 958 3576; x_wconf 95' lang='grc'><strong><em>-</em></strong></span> <span class='ocrx_word' id='word_1_492' title='bbox 985 3534 1065 3589; x_wconf 87' lang='lat' dir='ltr'><strong>De</strong></span> <span class='ocrx_word' id='word_1_493' title='bbox 1092 3536 1256 3590; x_wconf 81' lang='lat' dir='ltr'><strong>maris</strong></span> <span class='ocrx_word' id='word_1_494' title='bbox 1284 3534 1809 3605; x_wconf 79' lang='lat' dir='ltr'><strong>reciprocationibus.</strong></span> 
     </span>
    </p>
   </div>
   <div class='ocr_carea' id='block_1_68' title="bbox 465 3646 1982 3718">
    <p class='ocr_par' dir='ltr' id='par_1_68' title="bbox 465 3646 1982 3718">
     <span class='ocr_line' id='line_1_68' title="bbox 465 3646 1982 3718; baseline -0.001 -16"><span class='ocrx_word' id='word_1_495' title='bbox 465 3647 602 3703; x_wconf 77' lang='lat' dir='ltr'><strong>Hinc</strong></span> <span class='ocrx_word' id='word_1_496' title='bbox 633 3656 924 3718; x_wconf 85' lang='lat' dir='ltr'><strong>postquam</strong></span> <span class='ocrx_word' id='word_1_497' title='bbox 949 3648 1128 3703; x_wconf 87' lang='lat' dir='ltr'><strong>varias</strong></span> <span class='ocrx_word' id='word_1_498' title='bbox 1166 3646 1614 3717; x_wconf 89' lang='lat' dir='ltr'><strong>reciprocationis</strong></span> <span class='ocrx_word' id='word_1_499' title='bbox 1648 3662 1843 3702; x_wconf 89' lang='lat' dir='ltr'><strong>causas</strong></span> <span class='ocrx_word' id='word_1_500' title='bbox 1886 3661 1982 3701; x_wconf 89' lang='lat' dir='ltr'><strong>au-</strong></span> 
     </span>
    </p>
   </div>
   <div class='ocr_carea' id='block_1_69' title="bbox 408 3738 1987 3808">
    <p class='ocr_par' dir='ltr' id='par_1_69' title="bbox 408 3738 1987 3808">
     <span class='ocr_line' id='line_1_69' title="bbox 408 3738 1987 3808; baseline 0.001 -16"><span class='ocrx_word' id='word_1_501' title='bbox 408 3749 527 3793; x_wconf 87' lang='lat' dir='ltr'><strong>ctor</strong></span> <span class='ocrx_word' id='word_1_502' title='bbox 558 3738 890 3808; x_wconf 88' lang='lat' dir='ltr'><strong>percensuit,</strong></span> <span class='ocrx_word' id='word_1_503' title='bbox 922 3753 1224 3807; x_wconf 89' lang='lat' dir='ltr'><strong>omnesque</strong></span> <span class='ocrx_word' id='word_1_504' title='bbox 1255 3748 1314 3792; x_wconf 91' lang='lat' dir='ltr'><strong>ut</strong></span> <span class='ocrx_word' id='word_1_505' title='bbox 1355 3754 1477 3808; x_wconf 75' lang='lat' dir='ltr'><strong>qua:</strong></span> <span class='ocrx_word' id='word_1_506' title='bbox 1508 3738 1643 3792; x_wconf 87' lang='lat' dir='ltr'><strong>nihil</strong></span> <span class='ocrx_word' id='word_1_507' title='bbox 1673 3739 1784 3792; x_wconf 86' lang='lat' dir='ltr'><strong>veri</strong></span> <span class='ocrx_word' id='word_1_508' title='bbox 1808 3740 1987 3793; x_wconf 89' lang='lat' dir='ltr'><strong>conti-</strong></span> 
     </span>
    </p>
   </div>
   <div class='ocr_carea' id='block_1_70' title="bbox 408 3830 1987 3901">
    <p class='ocr_par' dir='ltr' id='par_1_70' title="bbox 408 3830 1987 3901">
     <span class='ocr_line' id='line_1_70' title="bbox 408 3830 1987 3901; baseline 0.003 -17"><span class='ocrx_word' id='word_1_509' title='bbox 408 3839 594 3888; x_wconf 88' lang='lat' dir='ltr'><strong>neant.</strong></span> <span class='ocrx_word' id='word_1_510' title='bbox 623 3830 958 3899; x_wconf 87' lang='lat' dir='ltr'><strong>improbatas</strong></span> <span class='ocrx_word' id='word_1_511' title='bbox 987 3831 1465 3901; x_wconf 86' lang='lat' dir='ltr'><strong>rejecit,deinceps</strong></span> <span class='ocrx_word' id='word_1_512' title='bbox 1482 3831 1645 3885; x_wconf 80' lang='lat' dir='ltr'><strong>infert</strong></span> <span class='ocrx_word' id='word_1_513' title='bbox 1667 3851 1678 3884; x_wconf 95' lang='lat'><strong>:</strong></span> <span class='ocrx_word' id='word_1_514' title='bbox 1701 3831 1856 3898; x_wconf 87' lang='lat' dir='ltr'><strong>Quod</strong></span> <span class='ocrx_word' id='word_1_515' title='bbox 1874 3835 1987 3889; x_wconf 77' lang='lat' dir='ltr'><strong>lucc</strong></span> 
     </span>
    </p>
   </div>
   <div class='ocr_carea' id='block_1_71' title="bbox 408 3922 1985 3994">
    <p class='ocr_par' dir='ltr' id='par_1_71' title="bbox 408 3922 1985 3994">
     <span class='ocr_line' id='line_1_71' title="bbox 408 3922 1985 3994; baseline 0.002 -19"><span class='ocrx_word' id='word_1_516' title='bbox 408 3922 569 3991; x_wconf 79' lang='lat' dir='ltr'><strong>nugis</strong></span> <span class='ocrx_word' id='word_1_517' title='bbox 603 3932 875 3988; x_wconf 85' lang='lat' dir='ltr'><strong>constent,</strong></span> <span class='ocrx_word' id='word_1_518' title='bbox 899 3931 953 3976; x_wconf 88' lang='lat' dir='ltr'><strong>et</strong></span> <span class='ocrx_word' id='word_1_519' title='bbox 985 3937 1015 3976; x_wconf 88' lang='lat' dir='ltr'><strong>a</strong></span> <span class='ocrx_word' id='word_1_520' title='bbox 1055 3923 1259 3977; x_wconf 79' lang='lat' dir='ltr'><strong>nullius</strong></span> <span class='ocrx_word' id='word_1_521' title='bbox 1296 3924 1372 3976; x_wconf 90' lang='lat' dir='ltr'><strong>rei</strong></span> <span class='ocrx_word' id='word_1_522' title='bbox 1401 3924 1652 3988; x_wconf 86' lang='lat' dir='ltr'><strong>veritate,</strong></span> <span class='ocrx_word' id='word_1_523' title='bbox 1695 3941 1817 3994; x_wconf 67' lang='lat' dir='ltr'><strong>quae</strong></span> <span class='ocrx_word' id='word_1_524' title='bbox 1841 3927 1985 3980; x_wconf 85' lang='lat' dir='ltr'><strong>reci-</strong></span> 
     </span>
    </p>
   </div>
   <div class='ocr_carea' id='block_1_72' title="bbox 410 4013 1978 4085">
    <p class='ocr_par' dir='ltr' id='par_1_72' title="bbox 410 4013 1978 4085">
     <span class='ocr_line' id='line_1_72' title="bbox 410 4013 1978 4085; baseline 0.003 -17"><span class='ocrx_word' id='word_1_525' title='bbox 410 4013 537 4069; x_wconf 81' lang='lat' dir='ltr'><strong>tatis</strong></span> <span class='ocrx_word' id='word_1_526' title='bbox 565 4014 874 4084; x_wconf 85' lang='lat' dir='ltr'><strong>Opituletur,</strong></span> <span class='ocrx_word' id='word_1_527' title='bbox 909 4014 1023 4068; x_wconf 86' lang='lat' dir='ltr'><strong>sint</strong></span> <span class='ocrx_word' id='word_1_528' title='bbox 1053 4015 1360 4084; x_wconf 85' lang='lat' dir='ltr'><strong>desumpta,</strong></span> <span class='ocrx_word' id='word_1_529' title='bbox 1392 4016 1614 4085; x_wconf 80' lang='lat' dir='ltr'><strong>cognitu</strong></span> <span class='ocrx_word' id='word_1_530' title='bbox 1665 4015 1823 4071; x_wconf 81' lang='lat' dir='ltr'><strong>facile</strong></span> <span class='ocrx_word' id='word_1_531' title='bbox 1875 4027 1978 4073; x_wconf 89' lang='lat' dir='ltr'><strong>est.</strong></span> 
     </span>
    </p>
   </div>
   <div class='ocr_carea' id='block_1_73' title="bbox 409 4105 1986 4178">
    <p class='ocr_par' dir='ltr' id='par_1_73' title="bbox 409 4105 1986 4178">
     <span class='ocr_line' id='line_1_73' title="bbox 409 4105 1986 4178; baseline 0.003 -18"><span class='ocrx_word' id='word_1_532' title='bbox 409 4107 548 4160; x_wconf 86' lang='lat' dir='ltr'><strong>&#39;l‘um</strong></span> <span class='ocrx_word' id='word_1_533' title='bbox 563 4106 888 4176; x_wconf 88' lang='lat' dir='ltr'><strong>quibusdam</strong></span> <span class='ocrx_word' id='word_1_534' title='bbox 911 4105 1032 4160; x_wconf 87' lang='lat' dir='ltr'><strong>aliis</strong></span> <span class='ocrx_word' id='word_1_535' title='bbox 1055 4106 1110 4160; x_wconf 92' lang='lat' dir='ltr'><strong>in</strong></span> <span class='ocrx_word' id='word_1_536' title='bbox 1128 4121 1246 4161; x_wconf 87' lang='lat' dir='ltr'><strong>eam</strong></span> <span class='ocrx_word' id='word_1_537' title='bbox 1277 4108 1598 4163; x_wconf 86' lang='lat' dir='ltr'><strong>sententiam</strong></span> <span class='ocrx_word' id='word_1_538' title='bbox 1623 4109 1866 4178; x_wconf 79' lang='lat' dir='ltr'><strong>adjectis,</strong></span> <span class='ocrx_word' id='word_1_539' title='bbox 1887 4110 1986 4164; x_wconf 89' lang='lat' dir='ltr'><strong>ite-</strong></span> 
     </span>
    </p>
   </div>
   <div class='ocr_carea' id='block_1_74' title="bbox 409 4197 1982 4269">
    <p class='ocr_par' dir='ltr' id='par_1_74' title="bbox 409 4197 1982 4269">
     <span class='ocr_line' id='line_1_74' title="bbox 409 4197 1982 4269; baseline 0.001 -15"><span class='ocrx_word' id='word_1_540' title='bbox 409 4215 530 4254; x_wconf 86' lang='lat' dir='ltr'><strong>rum</strong></span> <span class='ocrx_word' id='word_1_541' title='bbox 566 4199 778 4256; x_wconf 89' lang='lat' dir='ltr'><strong>subdit:</strong></span> <span class='ocrx_word' id='word_1_542' title='bbox 809 4197 932 4251; x_wconf 90' lang='lat' dir='ltr'><strong>ldeo</strong></span> <span class='ocrx_word' id='word_1_543' title='bbox 957 4199 1023 4252; x_wconf 88' lang='lat' dir='ltr'><strong>de</strong></span> <span class='ocrx_word' id='word_1_544' title='bbox 1047 4214 1272 4254; x_wconf 86' lang='lat' dir='ltr'><strong>recursu</strong></span> <span class='ocrx_word' id='word_1_545' title='bbox 1295 4199 1482 4264; x_wconf 83' lang='lat' dir='ltr'><strong>maris,</strong></span> <span class='ocrx_word' id='word_1_546' title='bbox 1520 4205 1790 4269; x_wconf 83' lang='lat' dir='ltr'><strong>terraeque</strong></span> <span class='ocrx_word' id='word_1_547' title='bbox 1811 4211 1982 4266; x_wconf 88' lang='lat' dir='ltr'><strong>motu,</strong></span> 
     </span>
    </p>
   </div>
   <div class='ocr_carea' id='block_1_75' title="bbox 408 4289 1984 4359">
    <p class='ocr_par' dir='ltr' id='par_1_75' title="bbox 408 4289 1984 4359">
     <span class='ocr_line' id='line_1_75' title="bbox 408 4289 1984 4359; baseline -0.003 -11"><span class='ocrx_word' id='word_1_548' title='bbox 408 4308 474 4348; x_wconf 89' lang='lat' dir='ltr'><strong>ac</strong></span> <span class='ocrx_word' id='word_1_549' title='bbox 508 4292 682 4347; x_wconf 85' lang='lat' dir='ltr'><strong>ventis</strong></span> <span class='ocrx_word' id='word_1_550' title='bbox 712 4299 766 4344; x_wconf 88' lang='lat' dir='ltr'><strong>et</strong></span> <span class='ocrx_word' id='word_1_551' title='bbox 786 4289 1127 4354; x_wconf 88' lang='lat' dir='ltr'><strong>fulminibus,</strong></span> <span class='ocrx_word' id='word_1_552' title='bbox 1162 4301 1216 4345; x_wconf 90' lang='lat' dir='ltr'><strong>et</strong></span> <span class='ocrx_word' id='word_1_553' title='bbox 1260 4291 1310 4343; x_wconf 89' lang='lat' dir='ltr'><strong>id</strong></span> <span class='ocrx_word' id='word_1_554' title='bbox 1347 4305 1517 4359; x_wconf 78' lang='lat' dir='ltr'><strong>genus</strong></span> <span class='ocrx_word' id='word_1_555' title='bbox 1544 4289 1841 4355; x_wconf 86' lang='lat' dir='ltr'><strong>universis,</strong></span> <span class='ocrx_word' id='word_1_556' title='bbox 1871 4291 1984 4344; x_wconf 67' lang='lat' dir='ltr'><strong>dis~</strong></span> 
     </span>
    </p>
   </div>
   <div class='ocr_carea' id='block_1_76' title="bbox 2086 3123 3661 3198">
    <p class='ocr_par' dir='ltr' id='par_1_76' title="bbox 2086 3123 3661 3198">
     <span class='ocr_line' id='line_1_76' title="bbox 2086 3123 3661 3198; baseline -0.001 -18"><span class='ocrx_word' id='word_1_557' title='bbox 2086 3127 2256 3198; x_wconf 84' lang='grc' dir='ltr'>τριῶν</span> <span class='ocrx_word' id='word_1_558' title='bbox 2285 3127 2422 3198; x_wconf 83' lang='grc' dir='ltr'>μετὰ</span> <span class='ocrx_word' id='word_1_559' title='bbox 2447 3125 2619 3179; x_wconf 81' lang='grc' dir='ltr'>ταῦτα</span> <span class='ocrx_word' id='word_1_560' title='bbox 2658 3127 2938 3196; x_wconf 78' lang='grc' dir='ltr'>φωτίζειν,</span> <span class='ocrx_word' id='word_1_561' title='bbox 2983 3125 3042 3178; x_wconf 80' lang='grc' dir='ltr'>ὃν</span> <span class='ocrx_word' id='word_1_562' title='bbox 3081 3125 3175 3178; x_wconf 70' lang='grc' dir='ltr'><strong>καὶ</strong></span> <span class='ocrx_word' id='word_1_563' title='bbox 3213 3125 3495 3193; x_wconf 75' lang='grc' dir='ltr'>νομίξουσι</span> <span class='ocrx_word' id='word_1_564' title='bbox 3526 3123 3661 3193; x_wconf 84' lang='grc' dir='ltr'>παρ’</span> 
     </span>
    </p>
   </div>
   <div class='ocr_carea' id='block_1_77' title="bbox 2086 3215 3415 3290">
    <p class='ocr_par' dir='ltr' id='par_1_77' title="bbox 2086 3215 3415 3290">
     <span class='ocr_line' id='line_1_77' title="bbox 2086 3215 3415 3290; baseline 0 -19"><span class='ocrx_word' id='word_1_565' title='bbox 2086 3219 2269 3282; x_wconf 83' lang='grc' dir='ltr'>αὑτοῖς</span> <span class='ocrx_word' id='word_1_566' title='bbox 2296 3219 2487 3289; x_wconf 81' lang='grc' dir='ltr'>καιρὸν</span> <span class='ocrx_word' id='word_1_567' title='bbox 2508 3215 2649 3273; x_wconf 77' lang='grc' dir='ltr'>εἶναι</span> <span class='ocrx_word' id='word_1_568' title='bbox 2679 3219 2778 3290; x_wconf 82' lang='grc' dir='ltr'>τῆς</span> <span class='ocrx_word' id='word_1_569' title='bbox 2802 3218 3016 3290; x_wconf 80' lang='grc' dir='ltr'>ἡμέρας</span> <span class='ocrx_word' id='word_1_570' title='bbox 3045 3218 3138 3272; x_wconf 77' lang='grc' dir='ltr'><strong>τὸν</strong></span> <span class='ocrx_word' id='word_1_571' title='bbox 3175 3218 3415 3288; x_wconf 74' lang='grc' dir='ltr'>ἥδιστον.</span> 
     </span>
    </p>
   </div>
   <div class='ocr_carea' id='block_1_78' title="bbox 2620 3531 3130 3603">
    <p class='ocr_par' dir='ltr' id='par_1_78' title="bbox 2620 3531 3130 3603">
     <span class='ocr_line' id='line_1_78' title="bbox 2620 3531 3130 3603; baseline -0.006 -16"><span class='ocrx_word' id='word_1_572' title='bbox 2620 3534 2758 3603; x_wconf 80' lang='grc' dir='ltr'>Περί</span> <span class='ocrx_word' id='word_1_573' title='bbox 2789 3531 3130 3602; x_wconf 72' lang='grc' dir='ltr'>ἀμπώτεων.</span> 
     </span>
    </p>
   </div>
   <div class='ocr_carea' id='block_1_79' title="bbox 2162 3645 3663 3718">
    <p class='ocr_par' dir='ltr' id='par_1_79' title="bbox 2162 3645 3663 3718">
     <span class='ocr_line' id='line_1_79' title="bbox 2162 3645 3663 3718; baseline -0.003 -16"><span class='ocrx_word' id='word_1_574' title='bbox 2162 3649 2284 3702; x_wconf 84' lang='grc' dir='ltr'>’Ότι</span> <span class='ocrx_word' id='word_1_575' title='bbox 2309 3647 2481 3702; x_wconf 73' lang='grc' dir='ltr'>εἰπὼν</span> <span class='ocrx_word' id='word_1_576' title='bbox 2512 3649 2640 3718; x_wconf 82' lang='grc' dir='ltr'><strong>περί</strong></span> <span class='ocrx_word' id='word_1_577' title='bbox 2672 3647 2983 3718; x_wconf 83' lang='grc' dir='ltr'>ἁμπώτεων</span> <span class='ocrx_word' id='word_1_578' title='bbox 3007 3650 3034 3701; x_wconf 86' lang='grc' dir='ltr'>ὁ</span> <span class='ocrx_word' id='word_1_579' title='bbox 3067 3646 3417 3716; x_wconf 81' lang='grc' dir='ltr'>συγγραφεὺς</span> <span class='ocrx_word' id='word_1_580' title='bbox 3469 3645 3663 3712; x_wconf 82' lang='grc' dir='ltr'>διαφό-</span> 
     </span>
    </p>
   </div>
   <div class='ocr_carea' id='block_1_80' title="bbox 2091 3735 3653 3811">
    <p class='ocr_par' dir='ltr' id='par_1_80' title="bbox 2091 3735 3653 3811">
     <span class='ocr_line' id='line_1_80' title="bbox 2091 3735 3653 3811; baseline -0.003 -19"><span class='ocrx_word' id='word_1_581' title='bbox 2091 3758 2218 3811; x_wconf 89' lang='grc' dir='ltr'>ρους</span> <span class='ocrx_word' id='word_1_582' title='bbox 2241 3741 2439 3803; x_wconf 85' lang='grc' dir='ltr'>αἰτίας,</span> <span class='ocrx_word' id='word_1_583' title='bbox 2479 3740 2573 3792; x_wconf 75' lang='grc' dir='ltr'>καὶ</span> <span class='ocrx_word' id='word_1_584' title='bbox 2626 3739 2804 3802; x_wconf 79' lang='grc' dir='ltr'>πάσας</span> <span class='ocrx_word' id='word_1_585' title='bbox 2847 3739 2924 3801; x_wconf 85' lang='grc' dir='ltr'>ὡς</span> <span class='ocrx_word' id='word_1_586' title='bbox 2965 3738 3129 3791; x_wconf 77' lang='grc' dir='ltr'>οὐδὲν</span> <span class='ocrx_word' id='word_1_587' title='bbox 3181 3739 3414 3806; x_wconf 83' lang='grc' dir='ltr'>ἐχούσας</span> <span class='ocrx_word' id='word_1_588' title='bbox 3450 3735 3653 3806; x_wconf 81' lang='grc' dir='ltr'>ἀληθὲς</span> 
     </span>
    </p>
   </div>
   <div class='ocr_carea' id='block_1_81' title="bbox 2087 3827 3663 3903">
    <p class='ocr_par' dir='ltr' id='par_1_81' title="bbox 2087 3827 3663 3903">
     <span class='ocr_line' id='line_1_81' title="bbox 2087 3827 3663 3903; baseline -0.006 -16"><span class='ocrx_word' id='word_1_589' title='bbox 2087 3833 2579 3903; x_wconf 79' lang='grc' dir='ltr'>ἀποδοκιμάσας.“,</span> <span class='ocrx_word' id='word_1_590' title='bbox 2606 3833 2820 3899; x_wconf 83' lang='grc' dir='ltr'>ἐπάγει·</span> <span class='ocrx_word' id='word_1_591' title='bbox 2845 3831 2969 3884; x_wconf 88' lang='grc' dir='ltr'><strong>Ὅτι</strong></span> <span class='ocrx_word' id='word_1_592' title='bbox 2997 3830 3054 3882; x_wconf 87' lang='grc' dir='ltr'>δὲ</span> <span class='ocrx_word' id='word_1_593' title='bbox 3085 3828 3259 3882; x_wconf 67' lang='grc' dir='ltr'>ταῦτα</span> <span class='ocrx_word' id='word_1_594' title='bbox 3275 3829 3452 3880; x_wconf 84' lang='grc' dir='ltr'>πάντα</span> <span class='ocrx_word' id='word_1_595' title='bbox 3470 3827 3663 3881; x_wconf 72' lang='grc' dir='ltr'>λαλιὰν</span> 
     </span>
    </p>
   </div>
   <div class='ocr_carea' id='block_1_82' title="bbox 2092 3917 3659 3995">
    <p class='ocr_par' dir='ltr' id='par_1_82' title="bbox 2092 3917 3659 3995">
     <span class='ocr_line' id='line_1_82' title="bbox 2092 3917 3659 3995; baseline -0.006 -17"><span class='ocrx_word' id='word_1_596' title='bbox 2092 3927 2188 3994; x_wconf 82' lang='grc' dir='ltr'>μὲν</span> <span class='ocrx_word' id='word_1_597' title='bbox 2219 3925 2333 3995; x_wconf 82' lang='grc' dir='ltr'>ἔχει</span> <span class='ocrx_word' id='word_1_598' title='bbox 2366 3925 2525 3994; x_wconf 81' lang='grc' dir='ltr'>σιγᾷν</span> <span class='ocrx_word' id='word_1_599' title='bbox 2543 3921 2964 3992; x_wconf 84' lang='grc' dir='ltr'>αἰσχυνομένην,</span> <span class='ocrx_word' id='word_1_600' title='bbox 3006 3919 3333 3990; x_wconf 80' lang='grc' dir='ltr'>πράγματος</span> <span class='ocrx_word' id='word_1_601' title='bbox 3357 3918 3413 3970; x_wconf 83' lang='grc' dir='ltr'>δὲ</span> <span class='ocrx_word' id='word_1_602' title='bbox 3441 3917 3659 3980; x_wconf 81' lang='grc' dir='ltr'>οὐδενὸς</span> 
     </span>
    </p>
   </div>
   <div class='ocr_carea' id='block_1_83' title="bbox 2087 4012 3664 4087">
    <p class='ocr_par' dir='ltr' id='par_1_83' title="bbox 2087 4012 3664 4087">
     <span class='ocr_line' id='line_1_83' title="bbox 2087 4012 3664 4087; baseline -0.006 -16"><span class='ocrx_word' id='word_1_603' title='bbox 2087 4017 2442 4087; x_wconf 84' lang='grc' dir='ltr'>ἀντείληπται</span> <span class='ocrx_word' id='word_1_604' title='bbox 2511 4016 2763 4085; x_wconf 85' lang='grc' dir='ltr'>βοήθειαν</span> <span class='ocrx_word' id='word_1_605' title='bbox 2829 4013 3130 4083; x_wconf 78' lang='grc' dir='ltr'>δυναμένου</span> <span class='ocrx_word' id='word_1_606' title='bbox 3195 4013 3311 4073; x_wconf 73' lang='grc' dir='ltr'>τοῖς</span> <span class='ocrx_word' id='word_1_607' title='bbox 3346 4012 3664 4080; x_wconf 78' lang='grc' dir='ltr'>εἰρημένοις</span> 
     </span>
    </p>
   </div>
   <div class='ocr_carea' id='block_1_84' title="bbox 2087 4100 3663 4180">
    <p class='ocr_par' dir='ltr' id='par_1_84' title="bbox 2087 4100 3663 4180">
     <span class='ocr_line' id='line_1_84' title="bbox 2087 4100 3663 4180; baseline -0.005 -18"><span class='ocrx_word' id='word_1_608' title='bbox 2087 4111 2409 4180; x_wconf 81' lang='grc' dir='ltr'>παρασχεῖν,</span> <span class='ocrx_word' id='word_1_609' title='bbox 2438 4108 2672 4179; x_wconf 85' lang='grc' dir='ltr'>εὐχερές</span> <span class='ocrx_word' id='word_1_610' title='bbox 2694 4110 2812 4160; x_wconf 81' lang='grc' dir='ltr'>ἐστι</span> <span class='ocrx_word' id='word_1_611' title='bbox 2845 4105 3058 4175; x_wconf 82' lang='grc' dir='ltr'>μαθεῖν.</span> <span class='ocrx_word' id='word_1_612' title='bbox 3087 4100 3223 4157; x_wconf 82' lang='grc' dir='ltr'>Εἶτα</span> <span class='ocrx_word' id='word_1_613' title='bbox 3249 4103 3521 4175; x_wconf 53' lang='grc' dir='ltr'>προσθεὶς</span> <span class='ocrx_word' id='word_1_614' title='bbox 3553 4105 3663 4154; x_wconf 74' lang='grc' dir='ltr'>,καὶ</span> 
     </span>
    </p>
   </div>
   <div class='ocr_carea' id='block_1_85' title="bbox 2086 4195 3655 4269">
    <p class='ocr_par' dir='ltr' id='par_1_85' title="bbox 2086 4195 3655 4269">
     <span class='ocr_line' id='line_1_85' title="bbox 2086 4195 3655 4269; baseline -0.003 -16"><span class='ocrx_word' id='word_1_615' title='bbox 2086 4202 2250 4269; x_wconf 77' lang='grc' dir='ltr'>ἕτερα</span> <span class='ocrx_word' id='word_1_616' title='bbox 2281 4201 2380 4268; x_wconf 82' lang='grc' dir='ltr'>τῆς</span> <span class='ocrx_word' id='word_1_617' title='bbox 2416 4199 2587 4268; x_wconf 81' lang='grc' dir='ltr'>αὐτῆς</span> <span class='ocrx_word' id='word_1_618' title='bbox 2616 4196 2831 4260; x_wconf 85' lang='grc' dir='ltr'>,ἐννοίας</span> <span class='ocrx_word' id='word_1_619' title='bbox 2857 4198 3114 4266; x_wconf 78' lang='grc' dir='ltr'>ἐχόμενα,</span> <span class='ocrx_word' id='word_1_620' title='bbox 3171 4195 3333 4247; x_wconf 80' lang='grc' dir='ltr'>πάλιν</span> <span class='ocrx_word' id='word_1_621' title='bbox 3375 4195 3655 4265; x_wconf 60' lang='grc' dir='ltr'>ἐπιφέρειν</span> 
     </span>
    </p>
   </div>
   <div class='ocr_carea' id='block_1_86' title="bbox 2087 4285 3664 4361">
    <p class='ocr_par' dir='ltr' id='par_1_86' title="bbox 2087 4285 3664 4361">
     <span class='ocr_line' id='line_1_86' title="bbox 2087 4285 3664 4361; baseline -0.004 -16"><span class='ocrx_word' id='word_1_622' title='bbox 2087 4295 2177 4346; x_wconf 72' lang='grc' dir='ltr'><strong>Διὸ</strong></span> <span class='ocrx_word' id='word_1_623' title='bbox 2210 4294 2342 4360; x_wconf 71' lang='grc' dir='ltr'>περ).</span> <span class='ocrx_word' id='word_1_624' title='bbox 2371 4292 2482 4361; x_wconf 84' lang='grc' dir='ltr'>,μὲν</span> <span class='ocrx_word' id='word_1_625' title='bbox 2508 4289 2823 4360; x_wconf 86' lang='grc' dir='ltr'>ἀμπώτιδος</span> <span class='ocrx_word' id='word_1_626' title='bbox 2867 4290 2968 4341; x_wconf 78' lang='grc' dir='ltr'>καὶ</span> <span class='ocrx_word' id='word_1_627' title='bbox 2998 4285 3232 4357; x_wconf 76' lang='grc' dir='ltr'>σεισμοῦ</span> <span class='ocrx_word' id='word_1_628' title='bbox 3269 4287 3363 4340; x_wconf 75' lang='grc' dir='ltr'>καὶ</span> <span class='ocrx_word' id='word_1_629' title='bbox 3410 4287 3664 4355; x_wconf 79' lang='grc' dir='ltr'>πνευμά-</span> 
     </span>
    </p>
   </div>
   <div class='ocr_carea' id='block_1_87' title="bbox 409 4378 1977 4456">
    <p class='ocr_par' dir='ltr' id='par_1_87' title="bbox 409 4383 1977 4456">
     <span class='ocr_line' id='line_1_87' title="bbox 409 4383 1977 4456; baseline -0.001 -17"><span class='ocrx_word' id='word_1_630' title='bbox 409 4385 769 4456; x_wconf 88' lang='lat' dir='ltr'><strong>putationem,</strong></span> <span class='ocrx_word' id='word_1_631' title='bbox 800 4384 1001 4454; x_wconf 82' lang='lat' dir='ltr'><strong>quibus</strong></span> <span class='ocrx_word' id='word_1_632' title='bbox 1023 4384 1270 4438; x_wconf 89' lang='lat' dir='ltr'><strong>videlicet</strong></span> <span class='ocrx_word' id='word_1_633' title='bbox 1301 4383 1485 4438; x_wconf 88' lang='lat' dir='ltr'><strong>causis</strong></span> <span class='ocrx_word' id='word_1_634' title='bbox 1499 4385 1771 4438; x_wconf 71' lang='lat' dir='ltr'><strong>exsistant</strong></span> <span class='ocrx_word' id='word_1_635' title='bbox 1789 4398 1977 4438; x_wconf 89' lang='lat' dir='ltr'><strong>conce-</strong></span> 
     </span>
    </p>
   </div>
   <div class='ocr_carea' id='block_1_88' title="bbox 2083 4378 3666 4456">
    <p class='ocr_par' dir='ltr' id='par_1_88' title="bbox 2085 4378 3666 4454">
     <span class='ocr_line' id='line_1_88' title="bbox 2085 4378 3666 4454; baseline -0.004 -18"><span class='ocrx_word' id='word_1_636' title='bbox 2085 4402 2193 4439; x_wconf 85' lang='grc' dir='ltr'><strong>των</strong></span> <span class='ocrx_word' id='word_1_637' title='bbox 2226 4387 2320 4438; x_wconf 70' lang='grc' dir='ltr'>καὶ</span> <span class='ocrx_word' id='word_1_638' title='bbox 2352 4382 2633 4454; x_wconf 80' lang='grc' dir='ltr'>κεραυνῶν</span> <span class='ocrx_word' id='word_1_639' title='bbox 2674 4382 2770 4434; x_wconf 69' lang='grc' dir='ltr'>καὶ</span> <span class='ocrx_word' id='word_1_640' title='bbox 2795 4379 2906 4433; x_wconf 88' lang='grc' dir='ltr'><strong>τῶν</strong></span> <span class='ocrx_word' id='word_1_641' title='bbox 2935 4379 3202 4433; x_wconf 76' lang='grc' dir='ltr'>τοιούτων</span> <span class='ocrx_word' id='word_1_642' title='bbox 3259 4379 3517 4432; x_wconf 82' lang='grc' dir='ltr'>ἁπάντων</span> <span class='ocrx_word' id='word_1_643' title='bbox 3557 4378 3666 4440; x_wconf 74' lang='grc' dir='ltr'>τὰς</span> 
     </span>
    </p>
   </div>
   <div class='ocr_carea' id='block_1_89' title="bbox 407 4475 1986 4546">
    <p class='ocr_par' dir='ltr' id='par_1_89' title="bbox 407 4475 1986 4546">
     <span class='ocr_line' id='line_1_89' title="bbox 407 4475 1986 4546; baseline -0.004 -12"><span class='ocrx_word' id='word_1_644' title='bbox 407 4478 589 4534; x_wconf 88' lang='lat' dir='ltr'><strong>dimus</strong></span> <span class='ocrx_word' id='word_1_645' title='bbox 621 4477 764 4540; x_wconf 88' lang='lat' dir='ltr'><strong>aliis,</strong></span> <span class='ocrx_word' id='word_1_646' title='bbox 791 4477 885 4546; x_wconf 91' lang='lat' dir='ltr'><strong>qui</strong></span> <span class='ocrx_word' id='word_1_647' title='bbox 910 4476 978 4529; x_wconf 87' lang='lat' dir='ltr'><strong>ad</strong></span> <span class='ocrx_word' id='word_1_648' title='bbox 1000 4475 1397 4544; x_wconf 81' lang='lat' dir='ltr'><strong>expediendum</strong></span> <span class='ocrx_word' id='word_1_649' title='bbox 1423 4476 1525 4530; x_wconf 86' lang='lat' dir='ltr'><strong>ista</strong></span> <span class='ocrx_word' id='word_1_650' title='bbox 1549 4490 1838 4544; x_wconf 85' lang='lat' dir='ltr'><strong>quamnos</strong></span> <span class='ocrx_word' id='word_1_651' title='bbox 1854 4483 1986 4530; x_wconf 89' lang='lat' dir='ltr'><strong>sunt</strong></span> 
     </span>
    </p>
   </div>
   <div class='ocr_carea' id='block_1_90' title="bbox 408 4566 1984 4641">
    <p class='ocr_par' dir='ltr' id='par_1_90' title="bbox 408 4566 1984 4641">
     <span class='ocr_line' id='line_1_90' title="bbox 408 4566 1984 4641; baseline -0.002 -17"><span class='ocrx_word' id='word_1_652' title='bbox 408 4571 736 4641; x_wconf 86' lang='lat' dir='ltr'><strong>paratiores.</strong></span> <span class='ocrx_word' id='word_1_653' title='bbox 768 4572 836 4623; x_wconf 85' lang='lat' dir='ltr'><strong>At</strong></span> <span class='ocrx_word' id='word_1_654' title='bbox 861 4568 1197 4633; x_wconf 72' lang='lat' dir='ltr'><strong>ali‘cctiones,</strong></span> <span class='ocrx_word' id='word_1_655' title='bbox 1225 4568 1425 4638; x_wconf 91' lang='lat' dir='ltr'><strong>quibus</strong></span> <span class='ocrx_word' id='word_1_656' title='bbox 1452 4568 1784 4623; x_wconf 73' lang='lat' dir='ltr'><strong>-tnanilestze</strong></span> <span class='ocrx_word' id='word_1_657' title='bbox 1839 4566 1984 4621; x_wconf 84' lang='lat' dir='ltr'><strong>cala-</strong></span> 
     </span>
    </p>
   </div>
   <div class='ocr_carea' id='block_1_91' title="bbox 409 4658 1984 4730">
    <p class='ocr_par' dir='ltr' id='par_1_91' title="bbox 409 4658 1984 4730">
     <span class='ocr_line' id='line_1_91' title="bbox 409 4658 1984 4730; baseline -0.004 -12"><span class='ocrx_word' id='word_1_658' title='bbox 409 4663 627 4718; x_wconf 87' lang='lat' dir='ltr'><strong>mitates</strong></span> <span class='ocrx_word' id='word_1_659' title='bbox 649 4669 1010 4730; x_wconf 74' lang='lat' dir='ltr'><strong>generentur,</strong></span> <span class='ocrx_word' id='word_1_660' title='bbox 1043 4660 1417 4730; x_wconf 80' lang='lat' dir='ltr'><strong>exposuimus,</strong></span> <span class='ocrx_word' id='word_1_661' title='bbox 1449 4674 1480 4713; x_wconf 85' lang='lat' dir='ltr'><strong>a</strong></span> <span class='ocrx_word' id='word_1_662' title='bbox 1509 4661 1701 4729; x_wconf 79' lang='lat' dir='ltr'><strong>gnaris</strong></span> <span class='ocrx_word' id='word_1_663' title='bbox 1733 4669 1788 4713; x_wconf 89' lang='lat' dir='ltr'><strong>et</strong></span> <span class='ocrx_word' id='word_1_664' title='bbox 1819 4658 1984 4713; x_wconf 88' lang='lat' dir='ltr'><strong>intel-</strong></span> 
     </span>
    </p>
   </div>
   <div class='ocr_carea' id='block_1_92' title="bbox 410 4752 1986 4825">
    <p class='ocr_par' dir='ltr' id='par_1_92' title="bbox 410 4752 1986 4825">
     <span class='ocr_line' id='line_1_92' title="bbox 410 4752 1986 4825; baseline -0.001 -17"><span class='ocrx_word' id='word_1_665' title='bbox 410 4756 701 4825; x_wconf 78' lang='lat' dir='ltr'><strong>ligentibus</strong></span> <span class='ocrx_word' id='word_1_666' title='bbox 727 4767 1001 4823; x_wconf 82' lang='lat' dir='ltr'><strong>acceptas.</strong></span> <span class='ocrx_word' id='word_1_667' title='bbox 1039 4753 1431 4807; x_wconf 86' lang='lat' dir='ltr'><strong>Verisimiliora</strong></span> <span class='ocrx_word' id='word_1_668' title='bbox 1459 4763 1647 4808; x_wconf 83' lang='lat' dir='ltr'><strong>autem</strong></span> <span class='ocrx_word' id='word_1_669' title='bbox 1701 4752 1855 4806; x_wconf 79' lang='lat' dir='ltr'><strong>hisce</strong></span> <span class='ocrx_word' id='word_1_670' title='bbox 1900 4753 1986 4806; x_wconf 89' lang='lat' dir='ltr'><strong>in-</strong></span> 
     </span>
    </p>
   </div>
   <div class='ocr_carea' id='block_1_93' title="bbox 409 4845 1977 4916">
    <p class='ocr_par' dir='ltr' id='par_1_93' title="bbox 409 4845 1977 4916">
     <span class='ocr_line' id='line_1_93' title="bbox 409 4845 1977 4916; baseline 0 -16"><span class='ocrx_word' id='word_1_671' title='bbox 409 4848 614 4912; x_wconf 88' lang='lat' dir='ltr'><strong>venire,</strong></span> <span class='ocrx_word' id='word_1_672' title='bbox 645 4849 709 4902; x_wconf 87' lang='lat' dir='ltr'><strong>ad</strong></span> <span class='ocrx_word' id='word_1_673' title='bbox 745 4855 1125 4916; x_wconf 84' lang='lat' dir='ltr'><strong>argumentum</strong></span> <span class='ocrx_word' id='word_1_674' title='bbox 1149 4845 1369 4915; x_wconf 88' lang='lat' dir='ltr'><strong>quidem</strong></span> <span class='ocrx_word' id='word_1_675' title='bbox 1402 4846 1667 4908; x_wconf 88' lang='lat' dir='ltr'><strong>insolens,</strong></span> <span class='ocrx_word' id='word_1_676' title='bbox 1688 4845 1849 4899; x_wconf 79' lang='lat' dir='ltr'><strong>enixe</strong></span> <span class='ocrx_word' id='word_1_677' title='bbox 1877 4860 1977 4900; x_wconf 88' lang='lat' dir='ltr'><strong>cu-</strong></span> 
     </span>
    </p>
   </div>
   <div class='ocr_carea' id='block_1_94' title="bbox 411 4936 1981 5011">
    <p class='ocr_par' dir='ltr' id='par_1_94' title="bbox 411 4936 1981 5011">
     <span class='ocr_line' id='line_1_94' title="bbox 411 4936 1981 5011; baseline -0.001 -18"><span class='ocrx_word' id='word_1_678' title='bbox 411 4941 609 5011; x_wconf 89' lang='lat' dir='ltr'><strong>pimus,</strong></span> <span class='ocrx_word' id='word_1_679' title='bbox 646 4941 738 4995; x_wconf 84' lang='lat' dir='ltr'><strong>sed</strong></span> <span class='ocrx_word' id='word_1_680' title='bbox 789 4941 854 4993; x_wconf 88' lang='lat' dir='ltr'><strong>ad</strong></span> <span class='ocrx_word' id='word_1_681' title='bbox 919 4955 1058 4994; x_wconf 63' lang='lat' dir='ltr'><strong>verat</strong></span> <span class='ocrx_word' id='word_1_682' title='bbox 1106 4938 1508 5007; x_wconf 87' lang='lat' dir='ltr'><strong>possessionem</strong></span> <span class='ocrx_word' id='word_1_683' title='bbox 1559 4938 1816 4993; x_wconf 67' lang='lat' dir='ltr'><strong>.ltistorite</strong></span> <span class='ocrx_word' id='word_1_684' title='bbox 1869 4936 1981 4992; x_wconf 78' lang='lat' dir='ltr'><strong>tale</strong></span> 
     </span>
    </p>
   </div>
   <div class='ocr_carea' id='block_1_95' title="bbox 387 5031 1505 5104">
    <p class='ocr_par' dir='ltr' id='par_1_95' title="bbox 387 5031 1505 5104">
     <span class='ocr_line' id='line_1_95' title="bbox 387 5031 1505 5104; baseline -0.005 -15"><span class='ocrx_word' id='word_1_685' title='bbox 387 5031 665 5104; x_wconf 69' lang='lat' dir='ltr'><strong>‘quiddam</strong></span> <span class='ocrx_word' id='word_1_686' title='bbox 697 5048 727 5086; x_wconf 89' lang='lat' dir='ltr'><strong>a</strong></span> <span class='ocrx_word' id='word_1_687' title='bbox 760 5032 919 5086; x_wconf 89' lang='lat' dir='ltr'><strong>nobis</strong></span> <span class='ocrx_word' id='word_1_688' title='bbox 946 5031 1153 5085; x_wconf 89' lang='lat' dir='ltr'><strong>admitti</strong></span> <span class='ocrx_word' id='word_1_689' title='bbox 1178 5045 1286 5085; x_wconf 91' lang='lat' dir='ltr'><strong>non</strong></span> <span class='ocrx_word' id='word_1_690' title='bbox 1311 5038 1505 5098; x_wconf 86' lang='lat' dir='ltr'><strong>potest.</strong></span> 
     </span>
    </p>
   </div>
   <div class='ocr_carea' id='block_1_96' title="bbox 479 5121 1984 5192">
    <p class='ocr_par' dir='ltr' id='par_1_96' title="bbox 479 5121 1984 5192">
     <span class='ocr_line' id='line_1_96' title="bbox 479 5121 1984 5192; baseline -0.003 -9"><span class='ocrx_word' id='word_1_691' title='bbox 479 5127 604 5183; x_wconf 60' lang='lat' dir='ltr'><strong>Car.</strong></span> <span class='ocrx_word' id='word_1_692' title='bbox 637 5125 771 5180; x_wconf 89' lang='lat' dir='ltr'><strong>Llll.</strong></span> <span class='ocrx_word' id='word_1_693' title='bbox 812 5124 889 5177; x_wconf 84' lang='lat' dir='ltr'><strong>De</strong></span> <span class='ocrx_word' id='word_1_694' title='bbox 934 5124 1084 5179; x_wconf 81' lang='lat' dir='ltr'><strong>olivis</strong></span> <span class='ocrx_word' id='word_1_695' title='bbox 1138 5138 1185 5177; x_wconf 90' lang='lat' dir='ltr'><strong>et</strong></span> <span class='ocrx_word' id='word_1_696' title='bbox 1219 5123 1377 5178; x_wconf 76' lang='lat' dir='ltr'><strong>Isidis</strong></span> <span class='ocrx_word' id='word_1_697' title='bbox 1411 5123 1624 5192; x_wconf 81' lang='lat' dir='ltr'><strong>capillo.</strong></span> <span class='ocrx_word' id='word_1_698' title='bbox 1654 5151 1726 5163; x_wconf 92' lang='lat'><strong>—-</strong></span> <span class='ocrx_word' id='word_1_699' title='bbox 1760 5121 1818 5175; x_wconf 92' lang='lat' dir='ltr'><strong>ln</strong></span> <span class='ocrx_word' id='word_1_700' title='bbox 1847 5121 1984 5178; x_wconf 76' lang='lat' dir='ltr'><strong>freto</strong></span> 
     </span>
    </p>
   </div>
   <div class='ocr_carea' id='block_1_97' title="bbox 409 5218 1978 5293">
    <p class='ocr_par' dir='ltr' id='par_1_97' title="bbox 409 5218 1978 5293">
     <span class='ocr_line' id='line_1_97' title="bbox 409 5218 1978 5293; baseline -0.003 -15"><span class='ocrx_word' id='word_1_701' title='bbox 409 5240 572 5293; x_wconf 86' lang='lat' dir='ltr'><strong>supra</strong></span> <span class='ocrx_word' id='word_1_702' title='bbox 607 5232 909 5276; x_wconf 84' lang='lat' dir='ltr'><strong>memorato</strong></span> <span class='ocrx_word' id='word_1_703' title='bbox 934 5222 1077 5276; x_wconf 87' lang='lat' dir='ltr'><strong>circa</strong></span> <span class='ocrx_word' id='word_1_704' title='bbox 1114 5221 1509 5275; x_wconf 83' lang='lat' dir='ltr'><strong>olivasnovum</strong></span> <span class='ocrx_word' id='word_1_705' title='bbox 1565 5219 1670 5273; x_wconf 86' lang='lat' dir='ltr'><strong>hoc</strong></span> <span class='ocrx_word' id='word_1_706' title='bbox 1729 5218 1978 5273; x_wconf 78' lang='lat' dir='ltr'><strong>accidem</strong></span> 
     </span>
    </p>
   </div>
   <div class='ocr_carea' id='block_1_98' title="bbox 410 5310 1973 5380">
    <p class='ocr_par' dir='ltr' id='par_1_98' title="bbox 410 5310 1973 5380">
     <span class='ocr_line' id='line_1_98' title="bbox 410 5310 1973 5380; baseline -0.007 -7"><span class='ocrx_word' id='word_1_707' title='bbox 410 5315 968 5374; x_wconf 65' lang='lat' dir='ltr'><strong>tradit.£stumnris</strong></span> <span class='ocrx_word' id='word_1_708' title='bbox 1029 5317 1357 5378; x_wconf 78' lang='lat' dir='ltr'><strong>exundante,</strong></span> <span class='ocrx_word' id='word_1_709' title='bbox 1383 5327 1572 5366; x_wconf 88' lang='lat' dir='ltr'><strong>omnes</strong></span> <span class='ocrx_word' id='word_1_710' title='bbox 1629 5310 1973 5380; x_wconf 88' lang='lat' dir='ltr'><strong>operiuntur,</strong></span> 
     </span>
    </p>
   </div>
   <div class='ocr_carea' id='block_1_99' title="bbox 2091 4469 3665 4547">
    <p class='ocr_par' dir='ltr' id='par_1_99' title="bbox 2091 4469 3665 4547">
     <span class='ocr_line' id='line_1_99' title="bbox 2091 4469 3665 4547; baseline -0.004 -20"><span class='ocrx_word' id='word_1_711' title='bbox 2091 4477 2189 4547; x_wconf 83' lang='grc' dir='ltr'>μὲν</span> <span class='ocrx_word' id='word_1_712' title='bbox 2237 4475 2437 4540; x_wconf 79' lang='grc' dir='ltr'>αἰτίας,</span> <span class='ocrx_word' id='word_1_713' title='bbox 2501 4473 2570 4526; x_wconf 78' lang='grc' dir='ltr'><strong>δι’</strong></span> <span class='ocrx_word' id='word_1_714' title='bbox 2620 4471 2687 4535; x_wconf 74' lang='grc' dir='ltr'>ἃς</span> <span class='ocrx_word' id='word_1_715' title='bbox 2750 4472 2981 4539; x_wconf 84' lang='grc' dir='ltr'>γίνεται,</span> <span class='ocrx_word' id='word_1_716' title='bbox 3050 4469 3499 4542; x_wconf 81' lang='grc' dir='ltr'>παραχωροῦμεν</span> <span class='ocrx_word' id='word_1_717' title='bbox 3547 4472 3665 4533; x_wconf 83' lang='grc' dir='ltr'>τοῖς</span> 
     </span>
    </p>
   </div>
   <div class='ocr_carea' id='block_1_100' title="bbox 2086 4563 3665 4638">
    <p class='ocr_par' dir='ltr' id='par_1_100' title="bbox 2086 4563 3665 4638">
     <span class='ocr_line' id='line_1_100' title="bbox 2086 4563 3665 4638; baseline -0.006 -15"><span class='ocrx_word' id='word_1_718' title='bbox 2086 4569 2430 4638; x_wconf 73' lang='grc' dir='ltr'>ἑτοιμότερον</span> <span class='ocrx_word' id='word_1_719' title='bbox 2457 4566 2637 4637; x_wconf 74' lang='grc' dir='ltr'>ἔχουσι</span> <span class='ocrx_word' id='word_1_720' title='bbox 2669 4567 2807 4636; x_wconf 82' lang='grc' dir='ltr'>πρὸς</span> <span class='ocrx_word' id='word_1_721' title='bbox 2825 4563 3080 4618; x_wconf 81' lang='grc' dir='ltr'>εὐκολίαν</span> <span class='ocrx_word' id='word_1_722' title='bbox 3111 4564 3269 4635; x_wconf 77' lang='grc' dir='ltr'>ἡμῶν</span> <span class='ocrx_word' id='word_1_723' title='bbox 3288 4581 3303 4594; x_wconf 88' lang='grc'><strong>·</strong></span> <span class='ocrx_word' id='word_1_724' title='bbox 3328 4565 3397 4616; x_wconf 77' lang='grc' dir='ltr'>τὰ</span> <span class='ocrx_word' id='word_1_725' title='bbox 3424 4564 3481 4616; x_wconf 82' lang='grc' dir='ltr'>δὲ</span> <span class='ocrx_word' id='word_1_726' title='bbox 3510 4563 3665 4632; x_wconf 78' lang='grc' dir='ltr'>πάθη</span> 
     </span>
    </p>
   </div>
   <div class='ocr_carea' id='block_1_101' title="bbox 2082 4655 3664 4730">
    <p class='ocr_par' dir='ltr' id='par_1_101' title="bbox 2082 4655 3664 4730">
     <span class='ocr_line' id='line_1_101' title="bbox 2082 4655 3664 4730; baseline -0.007 -14"><span class='ocrx_word' id='word_1_727' title='bbox 2082 4661 2154 4716; x_wconf 83' lang='grc' dir='ltr'>τὰ</span> <span class='ocrx_word' id='word_1_728' title='bbox 2169 4660 2447 4730; x_wconf 87' lang='grc' dir='ltr'>γεννῶντα</span> <span class='ocrx_word' id='word_1_729' title='bbox 2475 4663 2576 4722; x_wconf 83' lang='grc' dir='ltr'>τὰς</span> <span class='ocrx_word' id='word_1_730' title='bbox 2601 4659 2904 4728; x_wconf 81' lang='grc' dir='ltr'>προφανεῖς</span> <span class='ocrx_word' id='word_1_731' title='bbox 2930 4658 3220 4727; x_wconf 82' lang='grc' dir='ltr'>συμφορὰς</span> <span class='ocrx_word' id='word_1_732' title='bbox 3249 4655 3664 4724; x_wconf 85' lang='grc' dir='ltr'>δεδηλώκαμεν,</span> 
     </span>
    </p>
   </div>
   <div class='ocr_carea' id='block_1_102' title="bbox 2089 4747 3667 4826">
    <p class='ocr_par' dir='ltr' id='par_1_102' title="bbox 2089 4747 3667 4826">
     <span class='ocr_line' id='line_1_102' title="bbox 2089 4747 3667 4826; baseline -0.006 -18"><span class='ocrx_word' id='word_1_733' title='bbox 2089 4754 2349 4826; x_wconf 76' lang='grc' dir='ltr'>μαθόντες</span> <span class='ocrx_word' id='word_1_734' title='bbox 2382 4751 2534 4822; x_wconf 74' lang='grc' dir='ltr'>παρὰ</span> <span class='ocrx_word' id='word_1_735' title='bbox 2562 4752 2668 4803; x_wconf 87' lang='grc' dir='ltr'><strong>τῶν</strong></span> <span class='ocrx_word' id='word_1_736' title='bbox 2705 4750 2947 4805; x_wconf 83' lang='grc' dir='ltr'>εἰδότων.</span> <span class='ocrx_word' id='word_1_737' title='bbox 2971 4751 3274 4821; x_wconf 64' lang='grc' dir='ltr'>Εὑρίνσκειν</span> <span class='ocrx_word' id='word_1_738' title='bbox 3332 4750 3390 4802; x_wconf 84' lang='grc' dir='ltr'>δὲ</span> <span class='ocrx_word' id='word_1_739' title='bbox 3424 4747 3667 4800; x_wconf 85' lang='grc' dir='ltr'>πιθανὼ-</span> 
     </span>
    </p>
   </div>
   <div class='ocr_carea' id='block_1_103' title="bbox 2085 4839 3667 4917">
    <p class='ocr_par' dir='ltr' id='par_1_103' title="bbox 2085 4839 3667 4917">
     <span class='ocr_line' id='line_1_103' title="bbox 2085 4839 3667 4917; baseline -0.004 -19"><span class='ocrx_word' id='word_1_740' title='bbox 2085 4861 2219 4917; x_wconf 86' lang='grc' dir='ltr'>τερα</span> <span class='ocrx_word' id='word_1_741' title='bbox 2253 4843 2464 4896; x_wconf 85' lang='grc' dir='ltr'>τούτων</span> <span class='ocrx_word' id='word_1_742' title='bbox 2489 4845 2569 4905; x_wconf 84' lang='grc' dir='ltr'>εἰς</span> <span class='ocrx_word' id='word_1_743' title='bbox 2606 4843 2703 4912; x_wconf 82' lang='grc' dir='ltr'>μὲν</span> <span class='ocrx_word' id='word_1_744' title='bbox 2726 4843 2985 4895; x_wconf 84' lang='grc' dir='ltr'>ὑπόθεσιν</span> <span class='ocrx_word' id='word_1_745' title='bbox 3016 4842 3322 4912; x_wconf 81' lang='grc' dir='ltr'>παράδοξον</span> <span class='ocrx_word' id='word_1_746' title='bbox 3348 4839 3667 4908; x_wconf 86' lang='grc' dir='ltr'>φιλοτιμού-</span> 
     </span>
    </p>
   </div>
   <div class='ocr_carea' id='block_1_104' title="bbox 2089 4930 3666 5008">
    <p class='ocr_par' dir='ltr' id='par_1_104' title="bbox 2089 4930 3666 5008">
     <span class='ocr_line' id='line_1_104' title="bbox 2089 4930 3666 5008; baseline -0.004 -18"><span class='ocrx_word' id='word_1_747' title='bbox 2089 4937 2248 5008; x_wconf 79' lang='grc' dir='ltr'>μεθα,</span> <span class='ocrx_word' id='word_1_748' title='bbox 2304 4934 2547 5004; x_wconf 81' lang='grc' dir='ltr'>ἱστορίαν</span> <span class='ocrx_word' id='word_1_749' title='bbox 2585 4934 2641 4988; x_wconf 82' lang='grc' dir='ltr'>δὲ</span> <span class='ocrx_word' id='word_1_750' title='bbox 2688 4933 3132 5003; x_wconf 75' lang='grc' dir='ltr'>ἀπαγγέλλοντες</span> <span class='ocrx_word' id='word_1_751' title='bbox 3165 4931 3424 5003; x_wconf 79' lang='grc' dir='ltr'>ἀληθινὴν</span> <span class='ocrx_word' id='word_1_752' title='bbox 3465 4930 3566 4982; x_wconf 77' lang='grc' dir='ltr'><strong>οὐκ</strong></span> <span class='ocrx_word' id='word_1_753' title='bbox 3597 4930 3666 4983; x_wconf 80' lang='grc' dir='ltr'>ἂν</span> 
     </span>
    </p>
   </div>
   <div class='ocr_carea' id='block_1_105' title="bbox 2071 5028 2500 5099">
    <p class='ocr_par' dir='ltr' id='par_1_105' title="bbox 2071 5028 2500 5099">
     <span class='ocr_line' id='line_1_105' title="bbox 2071 5028 2500 5099; baseline -0.007 -16"><span class='ocrx_word' id='word_1_754' title='bbox 2071 5028 2500 5099; x_wconf 57' lang='grc' dir='ltr'>ὑπομείναιμεν.</span> 
     </span>
    </p>
   </div>
   <div class='ocr_carea' id='block_1_106' title="bbox 2158 5116 3668 5190">
    <p class='ocr_par' dir='ltr' id='par_1_106' title="bbox 2158 5116 3668 5190">
     <span class='ocr_line' id='line_1_106' title="bbox 2158 5116 3668 5190; baseline 0.017 -20"><span class='ocrx_word' id='word_1_755' title='bbox 2158 5120 2371 5173; x_wconf 74' lang='grc' dir='ltr'>Ὅτιςὲν</span> <span class='ocrx_word' id='word_1_756' title='bbox 2411 5118 2494 5188; x_wconf 87' lang='grc' dir='ltr'><strong>.τῷ</strong></span> <span class='ocrx_word' id='word_1_757' title='bbox 2523 5117 2917 5190; x_wconf 72' lang='grc' dir='ltr'>προειρημένῳ</span> <span class='ocrx_word' id='word_1_758' title='bbox 2954 5119 3138 5188; x_wconf 64' lang='grc' dir='ltr'>πόρῳ,</span> <span class='ocrx_word' id='word_1_759' title='bbox 3173 5117 3338 5187; x_wconf 67' lang='grc' dir='ltr'>φησὶν</span> <span class='ocrx_word' id='word_1_760' title='bbox 3393 5117 3523 5185; x_wconf 55' lang='grc' dir='ltr'>περὶ</span> <span class='ocrx_word' id='word_1_761' title='bbox 3568 5116 3668 5180; x_wconf 65' lang='grc' dir='ltr'><strong>τὰς</strong></span> 
     </span>
    </p>
   </div>
   <div class='ocr_carea' id='block_1_107' title="bbox 2071 5210 3668 5280">
    <p class='ocr_par' dir='ltr' id='par_1_107' title="bbox 2071 5210 3668 5280">
     <span class='ocr_line' id='line_1_107' title="bbox 2071 5210 3668 5280; baseline -0.003 -14"><span class='ocrx_word' id='word_1_762' title='bbox 2071 5213 2274 5276; x_wconf 80' lang='grc' dir='ltr'>,ἐλαίας</span> <span class='ocrx_word' id='word_1_763' title='bbox 2296 5212 2545 5266; x_wconf 70' lang='grc' dir='ltr'>τοιοῦτόν</span> <span class='ocrx_word' id='word_1_764' title='bbox 2585 5229 2648 5263; x_wconf 72' lang='grc' dir='ltr'><strong>ιτι</strong></span> <span class='ocrx_word' id='word_1_765' title='bbox 2687 5211 2838 5275; x_wconf 76' lang='grc' dir='ltr'>ξένον</span> <span class='ocrx_word' id='word_1_766' title='bbox 2890 5210 3201 5280; x_wconf 78' lang='grc' dir='ltr'>συμϐαίνει.</span> <span class='ocrx_word' id='word_1_767' title='bbox 3274 5210 3668 5280; x_wconf 87' lang='grc' dir='ltr'>Πλημμυρίδος</span> 
     </span>
    </p>
   </div>
   <div class='ocr_carea' id='block_1_108' title="bbox 2087 5303 3664 5377">
    <p class='ocr_par' dir='ltr' id='par_1_108' title="bbox 2087 5303 3664 5377">
     <span class='ocr_line' id='line_1_108' title="bbox 2087 5303 3664 5377; baseline -0.003 -17"><span class='ocrx_word' id='word_1_768' title='bbox 2087 5305 2439 5377; x_wconf 80' lang='grc' dir='ltr'>ὑπαρχούσης</span> <span class='ocrx_word' id='word_1_769' title='bbox 2466 5307 2638 5359; x_wconf 82' lang='grc' dir='ltr'>πᾶσαι</span> <span class='ocrx_word' id='word_1_770' title='bbox 2669 5304 3060 5368; x_wconf 88' lang='grc' dir='ltr'>καλύπτονται,</span> <span class='ocrx_word' id='word_1_771' title='bbox 3087 5303 3185 5374; x_wconf 85' lang='grc' dir='ltr'>τῆς</span> <span class='ocrx_word' id='word_1_772' title='bbox 3219 5303 3264 5357; x_wconf 84' lang='grc' dir='ltr'>δ’</span> <span class='ocrx_word' id='word_1_773' title='bbox 3289 5305 3598 5374; x_wconf 82' lang='grc' dir='ltr'>ἀμπώτεως</span> <span class='ocrx_word' id='word_1_774' title='bbox 3619 5304 3664 5334; x_wconf 64' lang='grc'><strong>⁵⁸</strong></span> 
     </span>
    </p>
   </div>
   <div class='ocr_carea' id='block_1_109' title="bbox 1710 5510 2386 5570">
    <p class='ocr_par' dir='ltr' id='par_1_109' title="bbox 1710 5510 2386 5570">
     <span class='ocr_line' id='line_1_109' title="bbox 1710 5510 2386 5570; baseline -0.006 0"><span class='ocrx_word' id='word_1_775' title='bbox 1710 5514 1940 5570; x_wconf 69' lang='lat' dir='ltr'><strong>VARIIE</strong></span> <span class='ocrx_word' id='word_1_776' title='bbox 1963 5510 2386 5570; x_wconf 75' lang='lat' dir='ltr'><strong>‘LECTIONES.</strong></span> 
     </span>
    </p>
   </div>
   <div class='ocr_carea' id='block_1_110' title="bbox 483 5650 1977 5737">
    <p class='ocr_par' dir='ltr' id='par_1_110' title="bbox 483 5656 1977 5737">
     <span class='ocr_line' id='line_1_110' title="bbox 483 5656 1977 5737; baseline -0.009 -14"><span class='ocrx_word' id='word_1_777' title='bbox 483 5669 526 5701; x_wconf 77' lang='grc'>³⁸</span> <span class='ocrx_word' id='word_1_778' title='bbox 557 5667 890 5737; x_wconf 78' lang='grc' dir='ltr'>ἀπολάμπει.</span> <span class='ocrx_word' id='word_1_779' title='bbox 922 5664 981 5717; x_wconf 81' lang='grc' dir='ltr'><strong>Β.</strong></span> <span class='ocrx_word' id='word_1_780' title='bbox 1061 5664 1104 5695; x_wconf 69' lang='grc' dir='ltr'><strong>⁸ο</strong></span> <span class='ocrx_word' id='word_1_781' title='bbox 1139 5659 1411 5731; x_wconf 73' lang='grc' dir='ltr'>πυρῤῶδις</span> <span class='ocrx_word' id='word_1_782' title='bbox 1448 5675 1507 5721; x_wconf 75' lang='grc' dir='ltr'>ς.</span> <span class='ocrx_word' id='word_1_783' title='bbox 1579 5656 1621 5689; x_wconf 70' lang='grc' dir='ltr'><strong>δ’</strong></span> <span class='ocrx_word' id='word_1_784' title='bbox 1659 5658 1782 5711; x_wconf 86' lang='lat' dir='ltr'><strong>libri</strong></span> <span class='ocrx_word' id='word_1_785' title='bbox 1813 5657 1977 5711; x_wconf 78' lang='grc' dir='ltr'>ἀποδο</span> 
     </span>
    </p>
   </div>
   <div class='ocr_carea' id='block_1_111' title="bbox 2083 5650 3265 5737">
    <p class='ocr_par' dir='ltr' id='par_1_111' title="bbox 2085 5650 3265 5728">
     <span class='ocr_line' id='line_1_111' title="bbox 2085 5650 3265 5728; baseline -0.003 -20"><span class='ocrx_word' id='word_1_786' title='bbox 2085 5655 2244 5728; x_wconf 82' lang='grc' dir='ltr'>ήσας.</span> <span class='ocrx_word' id='word_1_787' title='bbox 2324 5655 2366 5688; x_wconf 75' lang='grc'><strong>⁵³</strong></span> <span class='ocrx_word' id='word_1_788' title='bbox 2402 5653 2738 5715; x_wconf 83' lang='grc' dir='ltr'>ἀναπώτεως</span> <span class='ocrx_word' id='word_1_789' title='bbox 2783 5651 2823 5704; x_wconf 87' lang='grc' dir='ltr'><strong>Β</strong></span> <span class='ocrx_word' id='word_1_790' title='bbox 2848 5650 2964 5708; x_wconf 82' lang='lat' dir='ltr'><strong>:cf.</strong></span> <span class='ocrx_word' id='word_1_791' title='bbox 2996 5650 3137 5707; x_wconf 71' lang='lat' dir='ltr'><strong>459a</strong></span> <span class='ocrx_word' id='word_1_792' title='bbox 3176 5651 3265 5706; x_wconf 70' lang='grc'><strong>24.</strong></span> 
     </span>
    </p>
   </div>
  </div>
