3966 6240
259 280 326 346 73
1387 292 1915 357 BIBLIOTHECA.
1934 321 2004 330 -
2034 294 2199 356 COD.
2241 296 2397 356 CCL.
3452 300 3522 358 7s

257 391 615 464 γινομένηςη
653 393 713 447 έν
748 395 814 465 τῇ
855 393 1159 472 θαλάσσῃεδ
1204 396 1365 471 [1577
1392 402 1486 475 8.]
1522 405 1700 459 πάντα
1742 406 1832 457 τὸν

1948 403 2183 474 marique
2241 404 2417 458 undas
2478 404 2828 468 resorbente,
2894 403 3042 459 omni
3113 412 3358 477 tempore
3424 408 3523 462 flo—

256 487 447 557 χρᾶνον
470 485 783 541 θάλλουσιν.
818 488 973 541 Ἔστι
995 490 1053 542 δέ
1087 510 1139 544 τι
1172 493 1438 564 φυόμενον
1461 498 1649 553 αὐτόθι
1695 504 1839 557 κατὰ

257 576 418 647 βάθος
436 578 493 629 ὲν
510 580 629 639 ταῖς
649 579 889 647 ῥαχίαις,
908 580 1133 653 μελαίνῃ
1150 583 1197 615 ⁸⁸
1215 585 1409 655 σχοίνῳ
1431 606 1507 640 πα
1516 591 1836 662 ραπλήσιον.

252 667 280 719 ὃ
306 683 470 734 φασιν
495 668 543 719 oi
565 669 747 729 ὲςιεῖσε
766 672 1149 737 κατοικοῦντες
1172 673 1365 737 Ἴσιδος
1390 673 1532 733 εἶναι
1555 682 1832 752 τρίχωμα,

254 758 495 830 μυθώδει
538 760 822 829 πλάσματι
887 762 1072 817 πίστιν
1123 768 1291 839 εὐήθη
1345 774 1686 843 περιτιθέναι
1742 774 1840 845 ζη-

250 852 493 917 τοῦντες.
530 854 855 925 Συμϐέϐηκε
879 857 923 911 δ’
951 858 1101 930 αὐτῷ
1123 865 1448 936 τυπτομένῳ
1484 867 1585 936 μὲν
1609 868 1716 923 ύπὺ
1738 870 1836 923 τοῦ

249 945 502 1015 κύματος
534 946 889 1015 κάμπτεσθαι
928 953 1234 1025 πολλαχῶς,
1265 956 1480 1029 ἁπαλῆς
1519 960 1692 1031 οὔσης
1734 962 1836 1032 τῆς

250 1037 381 1107 ὅλης
401 1040 669 1110 περιοχῆς
702 1043 800 1095 καὶ
834 1047 947 1107 τοῖς
968 1045 1152 1111 ἄλλοις
1175 1052 1564 1121 παραπλησίας
1611 1058 1831 1123 φυτοῖς·

254 1129 325 1183 ἂν
356 1131 414 1181 δὲ
435 1149 515 1193 τις
532 1132 821 1203 ἀποκόψας
853 1137 935 1201 είς
955 1138 1046 1193 τὸν
1074 1138 1344 1213 ὕπαιθρον
1363 1144 1616 1219 ἀναφήνῃ
1644 1147 1835 1213 τόπον,

261 1220 487 1291 σιδήρου
518 1225 867 1294 παραχρῆμα
904 1226 1114 1295 γίνεται
1146 1231 1208 1285 τὸ
1233 1231 1566 1306 διῃρημένον
1598 1236 1837 1308 σκληρό-

265 1328 443 1381 τερον.

616 1432 759 1501 Περί
779 1435 1060 1503 Αἰθίοπος
1110 1441 1218 1494 τοῦ
1251 1444 1476 1510 ἰχθύος.

344 1538 471 1593 Ὀτι
504 1541 599 1594 καὶ
641 1543 792 1598 ἄλλοι
847 1547 946 1617 μὲν
998 1550 1207 1617 πολλοὶ,
1236 1556 1422 1625 φησὶν,
1479 1558 1661 1628 ἰχθύες
1709 1563 1838 1632 περὶ

251 1628 386 1692 τοὺς
419 1636 856 1704 προειρημένους
886 1639 1160 1696 τίκτονται
1184 1646 1406 1713 τόπους,
1436 1649 1836 1723 παρηλλαγμέ-

1942 504 2084 550 rent.
2111 494 2382 549 'Nascitur
2425 495 2512 549 hic
2552 497 2830 566 quidpiam
2868 495 2923 551 in
2948 497 3224 552 littoribus
3254 498 3521 568 profunde

1940 603 1999 642 se
2040 588 2376 652 demittens,
2414 588 2582 656 junco
2640 592 2795 657 nigro
2850 606 2956 643 non
3011 590 3309 656 dissimile,
3373 595 3521 663 quod

1939 683 2100 738 Isidis
2131 684 2382 753 capillum
2412 692 2605 737 vocant
2639 683 2848 747 incolat,
2902 684 3154 741 fabuloso
3209 695 3523 742 commento

1940 773 2244 842 simplicem
2288 784 2534 829 astruere
2567 774 2727 829 fidem
2748 775 2948 827 conati.
3014 775 3152 831 llinc
3194 778 3414 843 accidit,
3463 789 3526 834 ut

1940 866 2235 935 impulsum
2270 882 2299 921 a
2326 866 2506 923 fructu
2536 867 2698 921 variis
2727 867 2959 938 agitetur
2998 868 3247 937 flexibus,
3284 885 3408 926 cum
3439 880 3522 927 to—

1940 969 1993 1013 ta
2021 960 2141 1030 ejus
2164 962 2470 1017 substantia
2504 963 2577 1018 sit
2602 962 2808 1027 mollis,
2832 962 3155 1033 caeterisque
3181 964 3235 1018 in
3279 965 3383 1021 hoc
3426 982 3522 1037 ge-

1940 1068 2069 1108 nere
2091 1055 2341 1124 virgultis
2376 1058 2719 1126 respondeat.
2751 1060 2819 1112 At
2850 1057 2894 1112 si
2927 1060 3051 1126 quis
3086 1064 3333 1119 avulsum
3359 1063 3410 1116 in
3440 1062 3527 1116 lu-
3574 1112 3577 1117 .

1939 1159 2056 1199 cem
2084 1146 2275 1200 etferat
2321 1148 2647 1215 subdialem,
2702 1167 2827 1221 pars
2871 1153 2962 1209 illa
3016 1156 3220 1220 ablata,
3267 1158 3526 1213 continuo

1940 1237 2242 1309 rigeScens,
2282 1240 2471 1295 durior
2493 1241 2643 1298 ferro
2666 1246 2866 1299 evadit.

2305 1433 2435 1489 CAP.
2466 1435 2603 1491 LIV.
2633 1438 2711 1493 De
2724 1439 2971 1512 ΑΞιΙιίορε
2992 1444 3151 1513 pisce.

2012 1545 2195 1614 Locis,
2241 1565 2364 1619 qme
2421 1552 2695 1617 recensui,
2737 1569 2864 1607 cum
2910 1556 3005 1610 alii
3028 1557 3207 1625 multi,
3259 1560 3523 1633 varioque

1940 1646 2150 1693 natura:
2190 1638 2508 1695 discrimine
2566 1643 2746 1712 pisces
2778 1655 3101 1715 nascuntur,
3150 1659 3263 1704 tum
3301 1652 3525 1721 quidam

249 1740 353 1793 νην
380 1724 599 1794 ἔχοντες
626 1729 726 1798 τὴν
753 1730 937 1799 φύσιν,
969 1734 1183 1802 γίνεται
1221 1738 1279 1792 δέ
1337 1758 1421 1805 τις
1465 1741 1617 1812 ἰχθὺς
1665 1745 1834 1817 ὑπερ-

1948 1729 2168 1785 oﬂ‘ertur
2193 1732 2485 1789 immodice
2514 1735 2689 1807 niger,
2722 1738 2790 1792 ad
2817 1740 3247 1809 magnitudinem
3276 1743 3403 1811 viri,
3432 1747 3523 1801 cui

250 1814 564 1881 ϐαλλόντως
591 1818 782 1889 μέλας,
810 1822 1001 1897 ἀνδρὸς
1035 1827 1174 1897 ἔχων
1203 1831 1454 1901 μέγεθος,
1494 1834 1554 1889 ὃν
1584 1814 1842 1892 καλοῦσιν

249 1907 493 1961 Αἰθίοπα
523 1910 612 1964 διὰ
644 1912 705 1965 τὸ
753 1914 844 1967 καὶ
886 1916 982 1969 τοῦ
1008 1920 1305 1986 προσώπου
1367 1926 1532 1996 σιμὸν
1574 1928 1723 1999 ἔχειν
1747 1933 1842 1987 τὸν

250 1997 446 2053 τύπον.
485 2000 685 2055 Τοῦτον
703 2001 749 2035 ⁸⁸
775 2007 895 2058 κατ’
928 2009 1103 2078 ἀρχὰς
1142 2013 1240 2077 μὲν
1263 2016 1313 2068 οἱ
1341 1997 1705 2087 θηρεύσαντες
1752 2024 1843 2080 διὰ

250 2093 353 2164 τὴν
394 2095 696 2167 ὁμοιότητα
745 2097 870 2151 οὔτε
905 2102 1106 2155 πωλεῖν
1140 2103 1330 2174 ἠξίουν
1372 2109 1495 2164 οὔτε
1545 2116 1837 2169 καταναλί-

258 2201 431 2249 σκειν,
460 2187 557 2239 τοῦ
579 2188 634 2241 δὲ
652 2189 848 2260 χρόνου
878 2196 1159 2264 προϊόντος
1185 2198 1258 2268 ἀμ
1271 2200 1474 2273 φύτερα
1508 2206 1842 2276 πράττοντες

257 2274 411 2327 οὐδὲν
434 2275 865 2347 ἁμαρτάνουσιν.

330 2366 409 2419 Τά
441 2368 542 2437 μὲν
573 2368 665 2422 οὖν
689 2370 830 2442 ὑπὲρ
856 2374 965 2427 τῶν
993 2373 1166 2429 ἐθνῶν
1190 2378 1298 2433 τῶν
1334 2382 1675 2455 ἐκκειμένων
1701 2391 1839 2461 πρὸς

254 2459 629 2530 μεσημϐρίαν,
664 2463 739 2526 ὡς
767 2460 835 2535 ἦν
859 2466 944 2534 ἐφ’
994 2470 1149 2540 ἡμῖν,
1181 2474 1238 2529 έν
1293 2474 1334 2528 ε’
1371 2476 1601 2548 βιϐλίοις
1639 2459 1839 2553 ἐπιμε-

251 2549 366 2613 λῶς
389 2553 785 2624 ἱστορήκαμεν·
838 2558 975 2630 ὅπερ
1001 2561 1059 2613 δὲ
1105 2566 1217 2617 τῶν
1264 2569 1321 2620 έν
1366 2570 1445 2641 τῷ
1469 2571 1514 2603 ⁸⁷
1565 2572 1692 2645 [749

259 2641 501 2710 πελάγει
526 2647 705 2715 νήσων
730 2646 857 2702 ὕστε
867 2667 959 2721 ρον
978 2655 1432 2728 τεθεωρημένων,
1456 2666 1550 2718 καὶ
1565 2641 1685 2720 τῶν
1710 2641 1838 2739 ἑξῆς

254 2732 452 2799 ἐθνῶν,
503 2739 599 2790 καὶ
628 2741 740 2793 τῶν
762 2742 979 2799 εὐωδῶν
999 2748 1101 2802 ὅσα
1160 2751 1348 2823 φέρειν
1394 2758 1683 2828 συμϐαίνει

254 2829 624 2898 τρωγλοδῦτιν
674 2832 881 2906 χώραν,
943 2839 1106 2910 ἡμεῖς
1159 2845 1258 2913 μὲν
1275 2847 1321 2878 ⁵⁸
1367 2829 1835 2927 παραιτησάμενοι

266 2919 365 2992 τὴν
394 2921 662 2994 ἐξήγησιν
700 2926 872 3000 ἄρδην
899 2932 1365 3008 ἁπολελοίπαμεν,
1396 2919 1520 2997 ούτε
1551 2919 1643 3000 τδν
1677 2919 1837 3004 πόνον

254 3012 354 3081 τῆς
381 3013 605 3084 ἡλικίας
648 3020 850 3088 ὁμοίως
901 3025 1198 3099 ὑποφέρειν
1248 3032 1573 3107 δυναμένης,
1622 3042 1834 3097 πολλῶν

1948 1817 2225 1890 ιΕιὶιὶορίε
2286 1837 2483 1879 nomen
2530 1824 2837 1894 imponunt,
2885 1832 3033 1900 quod
3059 1834 3254 1887 simam
3288 1836 3525 1907 imagine

1948 1926 2049 1965 sua
2105 1910 2304 1967 faciem
2362 1914 2631 1972 imitatur.
2689 1917 2806 1974 Hoc
2856 1931 3161 1978 monstrum
3217 1925 3525 1995 piscatores

1946 2000 2123 2066 initio,
2178 2012 2404 2075 propter
2466 2008 2903 2078 similitudinem,
2987 2029 3088 2069 nec
3155 2018 3521 2087 vendendum,

1944 2091 2140 2165 ἀθοὸ
2197 2110 2298 2150 nec
2347 2096 2399 2150 in
2429 2097 2554 2153 cibo
2586 2100 2985 2158 absumendum
3021 2105 3367 2175 judicabant.
3419 2110 3525 2167 Sed

1947 2184 2210 2253 temporis
2272 2201 2569 2259 progressu
2641 2198 2935 2264 utrumque
3011 2196 3325 2255 factitantes
3390 2203 3526 2257 nihil

1946 2285 2195 2344 peccant.

2014 2364 2145 2421 Car.
2202 2366 2312 2423 LV.
2380 2370 2672 2444 Epilogus,
2741 2388 2844 2447 quo
2916 2380 3177 2453 reliquam
3246 2385 3528 2442 historiam

1943 2457 2013 2510 ad
2040 2459 2173 2513 alios
2202 2464 2442 2518 remittit.
2480 2496 2547 2507 —
2577 2465 2695 2522 Jam
2720 2485 2845 2540 qua:
2872 2476 3251 2532 memorabilia
3302 2491 3432 2536 sunt
3460 2482 3527 2537 de

1944 2550 2197 2617 gentibus
2260 2554 2325 2607 ad
2380 2556 2663 2612 meridiem
2722 2560 3017 2631 submotis,
3086 2582 3188 2635 pro
3266 2568 3529 2627 facultate

1946 2650 2156 2706 nostra,
2213 2644 2461 2714 quinque
2517 2649 2676 2706 libris
2747 2665 3003 2711 accurate
3065 2670 3195 2715 sunt
3246 2665 3519 2735 exposita.

1940 2731 2148 2790 Caetera
2175 2736 2241 2791 de
2274 2736 2472 2795 insulis
2509 2740 2561 2794 in
2595 2743 2787 2815 pelago
2824 2748 3004 2804 serius
3052 2754 3286 2822 repertis
3332 2766 3388 2811 et
3434 2772 3529 2813 co-

1942 2825 2134 2892 gnitis.
2169 2831 2501 2901 populisque
2527 2834 2903 2906 ulterioribus,
2943 2849 2998 2896 et
3030 2846 3199 2916 gratis
3232 2848 3522 2917 odoribus,

1942 2929 2084 2984 quos
2116 2916 2442 2993 Troglodyta
2490 2925 2604 2980 edit
2644 2930 2927 2996 provincia
2950 2974 2964 2998 ,
2998 2943 3528 2999 commemoratione

1941 3007 2210 3073 abdicata,
2232 3020 2471 3070 attexere
2495 3019 2721 3074 omnino
2745 3025 3192 3093 supersedemus.
3215 3030 3349 3087 Cum
3393 3043 3527 3091 aetas

255 3105 389 3176 ἡμῖν
420 3106 564 3177 ὑπέρ
594 3126 653 3162 τε
675 3111 775 3181 τῆς
808 3095 1093 3189 E6961:ch
1108 3123 1202 3174 καὶ
1253 3124 1353 3191 τῆς
1385 3095 1599 3194 ’Ἄσίας
1636 3095 1834 3204 ἁναγεέ

1948 3095 2183 3153 laborem
2214 3103 2443 3171 perinde
2470 3108 2700 3164 sufferre
2735 3125 2992 3183 nequeat,
3019 3119 3302 3191 multaque
3321 3124 3387 3177 de
3413 3123 3528 3179 Eu-

254 3201 612 3271 γραμμένων,
640 3203 764 3258 οὔτε
820 3209 929 3262 τῶν
973 3212 1383 3286 ὑπομνημάτων
1438 3222 1525 3276 διὰ
1568 3225 1668 3289 τὰς
1718 3201 1840 3283 κατ’

256 3292 531 3360 Αἴγυπτον
566 3298 897 3365 ἀποστάσεις
924 3305 1127 3377 ἀκριϐῆ
1162 3312 1567 3382 παραδιδόντων
1601 3320 1796 3392 σκέψιν
1821 3340 1836 3354 ⁸

253 3386 283 3438 ὖ
318 3385 376 3439 δὲ
420 3390 651 3454 καὶτοῖς
696 3397 839 3448 κατὰ
872 3396 1039 3471 μέρος
1067 3403 1386 3474 πράγμασιν
1415 3385 1747 3483 ἐντετευχὼς
1766 3415 1834 3483 δ’,

255 3480 348 3531 καὶ
401 3480 586 3550 λόγοις
634 3492 1148 3560 κατεσκευασμένος
1199 3497 1442 3569 ἱστορίας
1492 3480 1685 3568 ἀξίοις,
1736 3480 1834 3562 καί

256 3571 584 3639 προαίρεσιν
620 3575 761 3645 έχων
813 3578 1121 3653 δυναμένην
1165 3586 1327 3652 δόξαν
1358 3591 1506 3663 πόνῳ
1553 3594 1828 3667 θηρεύειν,

251 3661 351 3714 οὐκ
378 3662 661 3731 ἀφέξεται.

694 3799 1000 3870 Ἀρῤιανοῦ
1030 3811 1406 3885 σύγγραμμα.

325 3908 450 3962 Ὀτι
509 3910 818 3984 Ἀρριανὸς,
877 3920 1013 3991 Περὶ
1056 3928 1314 3997 κομητῶν
1372 3933 1589 4000 φύσεώς
1631 3956 1693 3992 τε
1742 3945 1835 3996 καὶ

255 4003 569 4067 συστάσεως
596 4008 693 4059 καὶ
721 4013 1025 4081 φασμάτων
1059 4016 1387 4091 βιϐλιδάριον
1428 4028 1665 4097 γράψας,
1704 4034 1834 4087 πολε

253 4090 736 4168 λοίςάγωνίσμασι
772 4105 1029 4169 πειρᾶται
1061 4090 1340 4166 δεικνύναι
1370 4090 1662 4190 δτῖμήδέν
1696 4128 1835 4195 μήτε

251 4183 354 4236 τῶν
382 4186 609 4253 ἀγαθῶν
637 4192 779 4263 μήτε
805 4195 915 4247 τῶν
942 4198 1165 4266 φαύλων
1194 4202 1265 4256 τὰ
1293 4183 1521 4263 τοιαῦτα
1557 4183 1763 4286 ’φάσμα

250 4276 745 4351 ἁποσημαίνουσιν.

1948 3202 2079 3257 ropa
2109 3198 2163 3244 et
2200 3192 2330 3246 Asia
2361 3209 2390 3248 a
2425 3198 2585 3253 nobis
2618 3201 2730 3255 sint
2759 3203 2955 3259 litteris
2983 3210 3219 3277 prodita,
3254 3229 3354 3268 nec
3377 3231 3529 3271 com-

1945 3283 2223 3350 mentarii,
2254 3298 2478 3357 pr0pter
2508 3290 2892 3364 Egyptiorum
2923 3298 3281 3369 defectiones,
3314 3306 3527 3376 disqui-

1944 3371 2203 3428 sitionem
2240 3387 2485 3433 exactam
2521 3383 2758 3438 tradant.
2785 3384 2889 3452 Qui
2920 3404 3048 3444 vero
3077 3399 3130 3446 et
3153 3393 3524 3462 particulatim

1943 3463 2464 3534 rebusinterfnerit,
2496 3483 2552 3527 et
2600 3476 2781 3532 verbis
2814 3479 3040 3535 historia
3080 3483 3259 3567 dignis
3314 3487 3525 3546 instru-

1940 3564 2064 3610 ctus
2084 3558 2323 3613 studium
2352 3562 2628 3632 adhibeat,
2660 3567 2850 3638 gloria:
2882 3588 2976 3642 per
2999 3560 3241 3632 laborem
3264 3584 3526 3639 venandaé

1939 3659 2038 3713 par
2084 3659 2139 3701 et
2191 3649 2490 3719 sulliciens,
2528 3656 2598 3708 ab
2652 3656 2758 3712 hoe
2804 3674 2862 3712 se
2914 3663 3133 3732 negotio
3182 3679 3288 3721 non
3346 3668 3525 3725 absti-

1938 3728 2107 3784 nebit.

2414 3852 2672 3908 Arrlu'ani
2709 3858 3040 3925 opusculum.

2000 3964 2311 4021 Arrhianus
2336 4007 2351 4033 ,
2392 3968 2446 4021 in
2492 3968 2677 4025 libello
2712 3971 2789 4027 De
2841 3986 3167 4033 cometarum
3205 3992 3419 4051 natura,
3469 3996 3520 4040 et

1933 4058 2310 4113 constitutione
2349 4070 2719 4131 meteororum,
2776 4067 2935 4123 enixe
2965 4082 3198 4128 conatur
3230 4078 3520 4134 ostendere

1941 4148 2085 4203 haud
2122 4151 2423 4221 quidquam
2459 4169 2653 4209 eorum
2689 4173 2812 4226 qua:
2842 4159 2983 4214 bona
3031 4178 3129 4233 per
3157 4179 3217 4220 se
3247 4176 3345 4222 aut
3378 4171 3518 4226 mala

1766 4236 1835 4273 τα
1934 4253 2069 4298 sunt
2104 4245 2420 4316 hujusmodi
2451 4249 2892 4319 apparitionibus
2928 4256 3199 4323 portendi.

1856 4331 1911 4390 D

1154 4451 1240 4506 Ea:
1270 4457 1689 4536 Agat/tarthide,
1728 4477 1872 4541 apud
1897 4479 2235 4549 Atltenwum,
2272 4485 2408 4541 libro
2435 4500 2601 4548 sexto.

258 5201 669 5272 obstupescens,
704 5222 804 5262 cur
833 5210 887 5265 id
924 5212 1076 5270 fieret
1118 5218 1278 5272 scisci

256 5290 517 5359 majorum
546 5291 824 5364 instituta,

1506 5501 1741 5562 VARl/E
1804 5511 2207 5576 LECTIONES.

254 5664 290 5699 "'
316 5664 687 5744 ἐντετυχηκώς
732 5693 791 5738 ς.

553 5768 829 5834 Parnm.
866 5775 983 5835 Gn.
1033 5775 1184 5839 CIV.

336 5602 377 5633 *3
435 5604 737 5689 γενομένης
786 5619 847 5667 ς.
926 5605 971 5638 ⁸⁸
998 5608 1234 5685 θαλάττῃ
1286 5614 1343 5673 Β.
1424 5620 1467 5653 ’⁵⁵
1503 5622 1693 5690 μέλανι
1730 5645 1789 5692 ς.
1872 5632 1915 5666 ⁸⁸
1947 5634 2135 5693 τοῦτον
2165 5640 2205 5693 Β
2233 5659 2246 5697 :
2278 5643 2437 5699 τοῦτο
2471 5665 2530 5711 ς.

2630 5652 2676 5683 ⁸⁷
2709 5655 2786 5725 τῷ
2823 5672 2933 5711 om.
2974 5658 3037 5713 Α.
3080 5662 3125 5693 ⁸⁸
3157 5662 3256 5732 μὲν
3280 5664 3404 5720 add.
3436 5668 3505 5722 Α.

3010 5821 3047 5881 3
