3966 6240
433 252 509 319 75
1595 246 1859 308 PHOTII
1896 245 2069 306 ΡΑἸῚ

2122 242 2399 305 ἈΒΟΗᾸΞ
2420 244 2539 307 CP.
3621 249 3698 309 Ἦ

1187 361 1269 416 Ea:
1299 360 1712 431 Agatlmrchide,
1745 359 1886 429 apud
1917 359 2157 413 eumdem
2192 357 2523 423 Athenarum,
2569 353 2705 409 libro
2740 362 2943 412 octavo.

515 474 947 546 Agatharchides
994 473 1134 528 libro
1162 473 1374 529 decimo
1401 480 1554 526 sexto
1587 485 1768 524 rerum
1822 470 2053 535 Europa:
2088 468 2301 534 scribit,
2351 467 2569 539 Magan,
2618 467 2713 537 qui
2769 467 3021 539 regnavit
3063 482 3239 524 annos
3293 469 3697 541 quinquaginta

437 562 690 633 Cyrenis,
723 574 847 614 cum
885 560 1042 615 bellis
1069 575 1178 614 non
1234 567 1597 627 occuparetur
1627 566 1680 611 et
1713 557 1840 610 luxu
1866 556 2152 621 dililueret,
2181 558 2447 612 immensa
2476 558 2663 611 carnis
2697 558 2838 612 mole
2862 568 3083 612 auctum
3113 558 3306 626 fuisse,
3341 569 3403 615 ut
3430 562 3534 615 sub
3568 564 3694 617 vitae

439 652 602 703 tinem
632 647 980 718 prodigiosus
1007 656 1151 702 esset
1183 647 1433 716 corporis
1462 654 1648 698 tumor
1678 663 1690 698 :
1723 642 2053 713 tandemque
2081 646 2430 714 pinguedinis
2468 646 3059 715 eopia'exanimatum,
3089 647 3289 716 partim
3316 648 3387 701 ob
3418 649 3696 716 ignaviam

439 749 492 792 et
523 735 827 805 segnitiem,
864 736 1058 804 partim
1087 735 1155 789 ob
1182 735 1472 804 ingluviem
1521 742 1575 787 et
1604 731 1828 785 nimiam
1856 730 1961 785 cibi
1993 733 2367 786 voracitatem.
2394 731 2538 785 idem
2572 732 2763 786 scribit
2789 732 2928 787 libro
2948 733 3213 803 vigesimo
3268 735 3526 804 septimo,
3552 736 3697 805 apud

418 824 882 880 Lacedzemonios
916 825 1128 895 insigne
1158 826 1413 894 probrum
1450 823 1636 883 fuisse,
1662 820 1709 873 si
1743 822 1830 874 cui
1878 819 2060 873 minus
2088 828 2233 874 esset
2265 819 2436 873 virilis
2465 818 2662 883 forma,
2704 828 2797 873 aut
2835 822 3081 889 corporis
3121 831 3304 876 tumor
3368 825 3422 877 in
3478 827 3699 893 aquali-

438 916 620 969 culum
651 916 928 984 projectus
957 926 1011 967 et
1040 927 1345 982 propensus
1377 912 1810 981 conSpiceretur,
1835 922 1959 961 cum
1986 906 2197 962 decimo
2226 922 2444 976 quoque
2472 906 2560 960 die
2590 907 2768 962 nudos
2795 922 2853 962 se
2907 908 3139 976 juvenes
3185 909 3408 979 ephoris
3447 922 3699 967 contem-

438 1003 668 1071 plandos
698 1003 977 1065 sisterent,
1003 1001 1093 1068 qui
1127 1008 1181 1054 et
1209 1000 1471 1068 juvenum
1511 996 1757 1069 quotidie
1786 1006 1901 1049 tum
1952 994 2176 1057 cubilia,
2219 1003 2333 1047 tum
2379 994 2637 1049 vestitum
2670 995 3056 1062 observabant,
3101 1005 3154 1050 et
3199 998 3399 1052 merito
3447 1001 3693 1069 quidem,

437 1094 697 1159 quoniam
737 1090 1123 1145 Lacedaemone
1171 1090 1265 1159 qui
1319 1104 1539 1144 carnem
1585 1088 1649 1141 ad
1694 1086 1985 1141 obsonium
2041 1090 2431 1152 prmpararent,
2479 1082 2724 1148 fuerunt,
2759 1083 2990 1138 aliarum
3045 1094 3307 1153 praeterea
3340 1087 3692 1156 cupediarum

438 1182 598 1237 nihil.
632 1181 776 1235 Idem
798 1193 988 1235 auctor
1008 1179 1149 1233 libro
1166 1178 1429 1247 vigesimo
1462 1176 1691 1245 septimo
1722 1174 1890 1228 tradit
1907 1170 2249 1227 Naucleidem
2271 1168 2599 1240 Polybiadis
2626 1170 2799 1223 [ilium
2856 1186 3023 1239 supra
3055 1172 3277 1227 modum
3302 1176 3689 1244 corpulentum

439 1276 495 1323 et
528 1270 599 1323 ob
628 1268 852 1323 delicias
882 1281 1154 1331 crassum,
1182 1280 1210 1318 a
1237 1264 1671 1319 Lacedaemoniis
1710 1264 1764 1316 in
1791 1261 2027 1316 mediam
2066 1256 2389 1313 concionem
2418 1257 2743 1326 productum
2804 1256 2997 1324 fuisse,
3032 1270 3085 1314 et
3112 1261 3327 1329 publice
3353 1277 3383 1316 a
3410 1261 3696 1334 Lysandro

441 1356 638 1411 acerbe
683 1356 1034 1425 objurgatum
1068 1363 1129 1409 ut
1156 1353 1587 1423 voluptuarium,
1618 1351 2021 1418 minimumque
2062 1345 2329 1412 abfuisse,
2364 1346 2498 1415 quin
2532 1346 2583 1400 in
2630 1347 2883 1403 exsilium
2920 1359 3196 1418 ageretur,
3232 1352 3394 1421 idque
3445 1351 3693 1406 futurum

443 1442 723 1497 minitatos
758 1440 1218 1503 Lacedaemonios,
1275 1440 1380 1493 nisi
1449 1439 1617 1492 vitam
1672 1438 2016 1507 corrigeret:
2070 1435 2525 1508 Lysandrumque
2582 1445 2699 1490 tum
2748 1439 3010 1493 recitasse
3055 1438 3404 1509 Agesilaum,
3446 1457 3571 1495 cum
3622 1443 3688 1495 ad

444 1531 858 1599 Hellespontum
907 1529 1171 1583 barbaros
1212 1528 1356 1581 bello
1405 1533 1698 1595 premeret,
1741 1525 2014 1580 Asiaticos
2060 1524 2313 1579 homines
2362 1524 2705 1593 sumptuosis
2737 1526 2897 1580 stolis
2930 1527 3202 1594 excultos,
3232 1530 3324 1583 sed
3354 1530 3604 1584 imbelles
3641 1540 3695 1583 et

442 1618 665 1672 inutiles
691 1617 1011 1685 corporibus
1046 1630 1167 1669 esse
1212 1616 1541 1679 intueretur,
1578 1613 1823 1682 captivos
1856 1627 2048 1668 omnes
2071 1612 2307 1682 iussisse
2337 1611 2589 1666 vestibus
2621 1622 2814 1667 exutos
2846 1613 2911 1667 ad
2961 1629 3264 1682 praeconem
3301 1616 3450 1677 duci,
3486 1618 3578 1687 qui
3610 1634 3703 1671 ve-

445 1706 596 1760 nales
624 1703 945 1774 praedicaret
976 1718 991 1756 :
1024 1703 1342 1757 indumenta
1372 1717 1502 1756 vero
1536 1717 1786 1756 seorsum
1821 1699 2007 1765 vendi,
2039 1708 2100 1754 ut
2128 1698 2263 1753 socii
2296 1708 2352 1751 et
2384 1697 2630 1753 foederati
2684 1710 3079 1766 cognoscerent
3108 1702 3457 1770 praemiorum
3513 1705 3693 1771 ampla

442 1808 540 1862 spe
595 1792 860 1846 adversus
896 1792 1144 1846 homines
1174 1789 1309 1844 nihil
1353 1789 1557 1843 bellum
1592 1797 1904 1856 susceptum
1939 1802 2083 1851 esse,
2120 1787 2349 1855 ideoque
2374 1785 2563 1840 animo
2608 1788 2948 1857 promptiore
2980 1798 3035 1843 et
3075 1789 3345 1845 alacriore
3400 1806 3526 1845 cum
3597 1792 3695 1846 ho-

441 1880 619 1935 stibus
647 1880 996 1934 dimicarent.

1329 1987 1415 2042 Ea:
1436 1987 1858 2059 Agatharchide,
1898 1985 2039 2057 apud
2071 1984 2313 2040 eumdem
2337 1985 2673 2041 Athenwum.
2708 2003 2819 2042 xlv.

512 2100 674 2155 Sidas
700 2114 730 2153 a
762 2097 969 2154 Bmotis
999 2096 1203 2152 Punica
1244 2098 1544 2164 nominari,
1583 2098 1774 2154 scribit
1803 2094 2236 2167 Agatharchides
2272 2093 2414 2149 libro
2456 2093 2673 2150 decimo
2700 2110 2846 2149 nono
2885 2094 3421 2166 Europieorum,bis
3475 2098 3701 2155 verbis:

449 2189 816 2243 Athenienses
855 2201 979 2240 cum
1013 2184 1215 2239 Boeotis
1250 2184 1317 2238 de
1345 2185 1586 2254 regionis
1620 2185 1821 2239 linibus
1857 2184 2159 2251 litigabant,
2194 2200 2358 2253 quam
2394 2182 2556 2238 Sidas
2588 2184 2884 2254 appellant.
2929 2185 3340 2255 Epaminondas
3375 2188 3430 2240 in
3470 2202 3534 2241 ea
3565 2204 3703 2242 con-

438 2276 705 2331 troversia
747 2283 927 2343 partes
966 2288 1096 2327 suas
1129 2272 1443 2337 defendens,
1498 2273 1849 2341 allegansque
1879 2272 2002 2341 jura
2037 2273 2373 2336 sua,-statim
2415 2286 2445 2326 e
2470 2272 2693 2326 sinistra
2735 2287 2924 2336 titanu,
2952 2273 3101 2342 quod
3146 2274 3431 2327 occultum
3476 2276 3703 2344 gerebat

441 2360 726 2431 punicum,
754 2360 945 2412 dextra
988 2357 1172 2425 cmpit,
1214 2365 1269 2411 et
1290 2358 1653 2411 Athenienses
1678 2357 1908 2427 rogavit,
1942 2372 2052 2426 quo
2086 2360 2309 2413 nomine
2334 2369 2617 2413 vocarent.
2648 2358 3071 2429 Responderunt
3096 2360 3195 2426 illi,
3218 2363 3348 2431 ῥόαν
3377 2377 3497 2416 sese
3520 2364 3698 2416 nomi-

440 2465 573 2502 nare
609 2466 622 2501 :
659 2447 727 2500 At
768 2461 889 2508 nos,
920 2445 1115 2513 inquit,
1150 2446 1315 2500 Sidan
1351 2446 1705 2515 appellamus.
1736 2445 1791 2497 In
1820 2461 1886 2499 eo
1917 2456 2096 2499 tractu
2128 2447 2195 2500 de
2227 2462 2336 2516 quo
2367 2447 2473 2501 fuit
2504 2448 2807 2513 contentio,
2830 2448 3083 2517 plurimae
3122 2458 3254 2504 sunt
3300 2450 3427 2503 mali
3468 2451 3700 2520 punicae,

440 2538 679 2605 indeque
719 2533 988 2602 principio
1030 2548 1227 2588 nomen
1265 2544 1350 2589 est
1377 2534 1628 2587 inditum.
1670 2533 1759 2587 Sic
1785 2532 2187 2603 Epaminondas
2223 2550 2445 2589 causam
2476 2535 2736 2589 obtinuit.

1347 2647 1431 2703 Ea:
1460 2648 1868 2719 Agatharclzide,
1901 2651 2041 2717 apud
2076 2648 2456 2714 Plutarchum,
2490 2646 2807 2704 Parallelis.

511 2764 725 2819 Xerxes
764 2778 1008 2819 taaaaa
1072 2762 1353 2816 hominum
1388 2763 1627 2817 exercitu
1662 2763 1988 2828 instructus,
2024 2762 2088 2815 ad
2113 2762 2465 2815 Artemisium
2509 2761 2744 2830 appulit,
2780 2762 3018 2831 ejusque
3053 2766 3299 2835 regionis
3350 2767 3558 2822 incolas
3590 2779 3699 2821 tum

443 2851 664 2906 hostilia
696 2850 796 2903 abs
828 2864 887 2903 se
917 2848 1434 2917 exspectarejussit.
1462 2846 1841 2915 Athenienses,
1869 2851 2212 2905 conturbatis
2237 2852 2459 2913 animis,
2483 2852 2797 2920 Agesilaum
2825 2851 3210 2909 Themistoclis
3239 2856 3463 2911 fratrem
3497 2858 3697 2911 misere

445 2938 823 3007 exploratum,
885 2950 1201 3004 quanquam
1254 2945 1409 3003 pater
1453 2935 1573 3004 ejus
1620 2934 1848 2992 Neocles
1894 2940 1948 2992 in
1983 2942 2189 2995 somnis
2216 2941 2452 2996 vidisset
2499 2942 2649 2995 illum
2690 2942 2958 2997 ambabus
2987 2951 3297 2999 truncatum
3334 2947 3609 3001 manibus.
3645 2947 3696 2999 ls

445 3024 731 3096 Agesilaus
759 3022 852 3078 ubi
892 3022 1141 3093 pervenit
1170 3022 1355 3076 habitu
1380 3021 1605 3077 Persico
1639 3025 1705 3076 ad
1742 3024 2025 3091 barbaros,
2060 3026 2401 3083 Mardonium
2441 3030 2730 3099 quemdam
2762 3031 2825 3085 de
2862 3032 3006 3101 regis
3030 3033 3415 3101 stipatoribus,
3457 3033 3695 3088 Xerxem

445 3124 597 3168 ratus
640 3127 783 3175 esse.
825 3110 1121 3177 interfecit,
1161 3113 1699 3181 comprehensusque
1728 3128 1757 3166 a
1794 3114 2310 3181 circumstantibus,
2350 3118 2564 3171 vinctus
2598 3118 2666 3171 ad
2711 3134 2892 3186 regem
2940 3128 3025 3172 est
3059 3122 3352 3175 adductus.
3382 3122 3526 3176 Bove
3583 3132 3697 3175 tum

444 3204 701 3257 litaturus
729 3211 847 3257 erat
895 3216 987 3255 rex
1018 3200 1086 3254 ad
1115 3215 1264 3254 aram
1299 3198 1462 3255 Solis.
1493 3199 1567 3254 lbi
1601 3200 1886 3270 Agesilaus
1925 3202 2046 3273 igni
2096 3204 2148 3257 in
2184 3220 2277 3257 ara
2308 3206 2569 3269 excitato,
2601 3205 2852 3259 dextram
2884 3208 3150 3276 imposuit
3190 3224 3438 3273 manum,
3476 3212 3698 3264 crucia-

444 3300 672 3359 tumque
707 3290 916 3357 absque
951 3288 1062 3341 ullo
1105 3288 1329 3356 pertulit
1367 3289 1596 3357 gemitu.
1640 3286 1889 3344 Vinculis
1932 3290 2161 3359 proinde
2211 3292 2425 3347 solutus
2476 3292 2613 3346 dixit
2647 3309 2660 3345 :
2703 3291 2864 3346 Tales
2900 3304 3027 3347 sunt
3057 3310 3250 3351 omnes
3288 3297 3701 3353 Athenienses:

443 3379 589 3449 quod
618 3380 663 3435 si
694 3392 802 3432 non
832 3376 1030 3438 credis,
1050 3377 1210 3430 etiam
1243 3377 1521 3430 sinistram
1552 3377 1887 3445 imposuere.
1931 3377 2164 3440 Xerxes,
2194 3386 2338 3431 metu
2371 3388 2655 3446 concepto,
2692 3378 2743 3431 in
2783 3380 3030 3433 custodia
3067 3395 3192 3435 eum
3214 3383 3383 3451 jussit
3406 3386 3703 3441 asservari.

446 3467 696 3523 Narratio
723 3475 805 3521 est
836 3465 1250 3535 Agatharcbidte
1283 3463 1474 3529 Samii,
1508 3464 1645 3518 libro
1671 3463 2016 3521 Persicarum
2045 3481 2227 3519 rerum
2262 3464 2528 3520 secundo.

904 3551 994 3605 ba:
1022 3551 1434 3618 Agatharchide,
1470 3553 1608 3617 apud
1641 3554 1877 3607 eumdem
1914 3553 2289 3619 Plutarchum,
2325 3552 2571 3623 Sympos.
2604 3554 2699 3608 lib.
2740 3570 2859 3617 vm,
2889 3567 3083 3624 quaast.
3120 3575 3197 3623 Ix,

517 3643 675 3699 Circa
716 3640 962 3695 Rubrum
1009 3653 1139 3692 vero
1181 3653 1332 3692 mare
1368 3639 1600 3707 correpti
1657 3641 1740 3701 (ut
1776 3640 2215 3711 Agatharehides
2265 3646 2477 3713 narrat)
2520 3659 2644 3699 cum
2695 3643 2817 3698 aliis
2849 3646 3111 3702 inauditis
3157 3648 3531 3705 accidentibus
3578 3664 3707 3708 sunt

444 3731 648 3795 vexati,
696 3737 808 3782 tum
850 3740 1057 3796 angues
1094 3725 1273 3795 exigui
1306 3726 1417 3779 nati
1450 3736 1594 3787 sunt,
1625 3728 1717 3795 qui
1747 3729 1979 3782 exsertis
2005 3726 2278 3799 capitibus
2301 3746 2461 3785 crura
2492 3740 2547 3785 et
2582 3732 2810 3787 brachia
2844 3736 3154 3802 perderent,
3194 3746 3246 3791 et
3300 3740 3428 3793 tacti
3482 3756 3702 3795 rursum

442 3833 665 3874 carnem
699 3816 968 3877 subirent,
1006 3829 1070 3867 ac
1101 3829 1195 3882 per
1217 3814 1529 3868 musculosa
1559 3826 1859 3885 serpentes,
1886 3817 2376 3874 inllammationum
2400 3822 2509 3874 vim
2540 3822 2943 3878 intolerabilem
2972 3827 3308 3883 excitarent.
3334 3828 3504 3897 quue
3526 3834 3704 3886 morbi

441 3922 615 3977 genus
632 3905 794 3973 prius
828 3912 922 3956 aut
948 3901 1224 3971 posterius
1260 3901 1386 3955 ullis
1416 3902 1539 3955 aliis
1571 3903 1853 3972 obtigisse,
1894 3920 2058 3959 nemo
2092 3904 2380 3972 comperit,
2415 3913 2474 3958 ut
2494 3915 2549 3960 et
2586 3907 2757 3962 multa
2793 3908 2922 3961 alia.

1129 4011 1301 4067 CCLI.

890 4124 1164 4179 Hierocles
1197 4126 1274 4179 De
1301 4125 1661 4184 Providentia.

510 4218 639 4289 Legi
686 4217 954 4273 Hieroclis
989 4218 1188 4272 librum
1238 4219 1317 4273 De
1349 4220 1711 4278 Providentia.
1759 4223 1892 4287 Cur,
1929 4226 2014 4279 in-

439 4309 582 4379 quit,
632 4308 749 4361 haae
792 4307 888 4360 tibi
945 4308 1163 4376 colligo,
1209 4310 1430 4377 quando
1478 4310 1740 4367 Platonici
1791 4315 2014 4384 quidam

446 4414 552 4452 non
587 4405 793 4451 rectam
839 4395 908 4449 de
938 4397 1218 4450 conditore
1254 4396 1364 4450 Deo
1391 4400 1706 4468 opinionem
1754 4404 2015 4458 tuentur?

438 4485 559 4539 Non
601 4483 749 4539 enim
804 4484 937 4537 satis
980 4498 1139 4552 posse
1196 4484 1361 4539 Deum
1423 4488 1697 4544 sustinere
1749 4493 2012 4545 mundum

432 4577 654 4647 propria
694 4577 897 4629 virtute
929 4584 984 4629 et
1038 4576 1306 4646 sapientia
1338 4578 1412 4631 ab
1445 4588 1651 4634 :eterno
1696 4593 2012 4649 Operantcm

434 4678 719 4742 putarunt.
775 4668 880 4723 Sed
932 4671 1323 4738 cooperatione
1366 4672 1619 4741 ingenita:
1658 4675 1919 4736 matcrim,
1962 4686 2017 4729 et

437 4770 634 4812 natura
688 4758 757 4812 ab
813 4774 879 4813 eo
933 4774 1040 4813 non
1103 4760 1466 4829 dependente,
1531 4770 1770 4815 utentem
1831 4765 2009 4817 solum

435 4865 623 4906 creare
654 4866 838 4920 posse.
879 4850 1156 4921 Siquidem
1191 4854 1374 4906 omnia
1414 4853 1565 4921 prius
1602 4855 1655 4909 in
1702 4854 1843 4909 dicta
1899 4871 2014 4907 ma-

434 4944 575 4997 teria
602 4945 778 5012 prima
808 4956 935 4998 sunt
965 4949 1229 5014 potentia,
1266 4961 1441 5015 eaque
1492 4945 1637 5001 Deus
1678 4948 1824 5001 velut
1874 4948 2013 5002 deli-

434 5044 578 5097 neet,
642 5050 708 5089 ac
759 5038 936 5090 solum
989 5038 1238 5106 digerat,
1287 5048 1451 5106 atque
1503 5054 1569 5091 ex
1618 5039 1734 5106 ipsa
1785 5041 2010 5095 materia

430 5128 654 5191 educat,
687 5131 833 5197 quod
864 5145 1289 5198 supervacanea:
1314 5130 1496 5196 potius
1522 5131 2008 5198 essetdiligentiaa,

432 5236 597 5290 quam
634 5221 898 5279 bonitatis
953 5224 1064 5276 Dei.
1098 5225 1374 5288 Quorsum
1412 5222 1557 5275 enim
1601 5239 1685 5286 ea,
1732 5238 1854 5292 qua:
1899 5241 2005 5277 non

432 5313 698 5379 condidit,
730 5316 981 5387 digerere
1012 5326 1263 5380 conatur,
1297 5330 1420 5368 cum
1466 5316 1692 5369 omnino
1726 5316 1868 5370 bona
1915 5334 2007 5372 or-

2828 4021 3001 4074 XNA'.

2450 4130 2822 4199 Ἱεροκλέους
2846 4138 2878 4187 ό
2908 4135 3041 4202 περὶ
3070 4138 3381 4204 Προνοίας.

2192 4221 2357 4294 [1580
2377 4225 2421 4278 R
2491 4225 2723 4292 ’Λνεγνώ
2733 4226 2831 4297 σθη
2853 4228 2916 4278 Ἰε
2927 4229 3179 4296 ροκλέους
3194 4232 3221 4283 ὁ
3240 4232 3369 4300 περὶ
3389 4234 3704 4300 Προνοίας.

2119 4316 2231 4368 Καὶ
2271 4317 2346 4380 τί,
2382 4318 2535 4387 φησὶ.
2570 4319 2859 4387 καταλέγω
2919 4338 3001 4373 σοι
3056 4320 3304 4386 τούτους,
3340 4326 3472 4377 ὅπου
3508 4344 3572 4393 γε
3610 4330 3705 4380 καὶ

2117 4408 2225 4458 τῶν
2245 4407 2608 4461 Πλατωνικῶν
2623 4425 2766 4472 τινες
2778 4412 2878 4464 οὐκ
2892 4412 3058 4483 ὀρθὴν
3074 4414 3172 4484 τὴν
3186 4416 3418 4485 περὶτοῦ
3436 4418 3499 4487 δη
3510 4436 3547 4487 μ
3558 4436 3635 4470 ιου
3648 4438 3706 4488 ρ-

2119 4497 2219 4565 γοῦ
2250 4499 2383 4551 θεοῦ
2417 4498 2777 4562 διασώζουσιν
2803 4503 3049 4569 ἕννοιανς
3092 4506 3152 4559 οὐ
3186 4507 3295 4577 γὰρ
3332 4508 3515 4561 ἱκανὸν
3543 4511 3705 4562 αὑτὸν

2119 4584 2263 4643 εἶναι
2307 4590 2571 4663 ᾠήθησαν
2619 4594 2925 4659 αὐτοτελῶς
2960 4598 3267 4668 ὑποστῆναι
3300 4600 3557 4655 δύνασθαι
3609 4603 3705 4656 κό-

2120 4697 2256 4750 σμον
2290 4683 2468 4754 οἰκείᾳ
2492 4684 2719 4755 δυνάμει
2752 4688 2843 4740 καὶ
2876 4690 3036 4760 σοφίᾳ
3059 4691 3117 4754 ἐξ
3142 4693 3312 4744 ἀϊδίου
3338 4695 3699 4762 ἐνεργοῦντα,

2116 4772 2232 4824 ἀλλ’
2255 4773 2523 4846 ἀγενήτου
2542 4777 2588 4808 ⁸⁰
2621 4777 2755 4847 ὕλης
2782 4782 3041 4852 συνεργίᾳ
3063 4785 3159 4837 καὶ
3188 4788 3254 4856 τῇ
3285 4788 3357 4856 μὴ
3378 4791 3510 4858 παρ’
3534 4790 3703 4842 αὐτοῦ

2117 4863 2407 4939 ὑποστάσῃ
2446 4866 2607 4936 φύσει
2651 4871 3078 4941 καταχρώμενον
3123 4876 3298 4942 μόνως
3343 4877 3704 4949 δημιουργεῖν

2116 4952 2408 5017 δύνασθαι,
2440 4958 2660 5012 πάντων
2698 4960 2797 5029 μὲν
2829 4963 3057 5032 δυνάμει
3115 4970 3609 5037 προῦποκειμένων
3645 4974 3703 5023 ἐν

2116 5050 2183 5117 τῇ
2215 5048 2485 5120 λεγομένῃ
2525 5051 2647 5123 ὕλῃ,
2685 5054 2853 5107 αὑτοῦ
2901 5057 2956 5108 δὲ
2987 5058 3152 5109 οἱονεὶ
3183 5059 3703 5129 διαζο›γραφοῦντο;

2115 5139 2256 5191 αὐτὰ
2285 5142 2381 5193 καὶ
2415 5144 2702 5206 τάττοντος
2736 5146 2894 5214 μόνον
2924 5148 3016 5199 καὶ
3049 5148 3422 5217 διακρίνοντος
3448 5154 3570 5221 ista“
3603 5156 3698 5209 τοῦ

2115 5229 2302 5282 ὑλικοῧ
2365 5233 2677 5302 σχήματος·
2733 5235 2760 5286 ὃ
2822 5238 3125 5307 περιεργίαὶ
3153 5240 3354 5307 μᾶλλον
3400 5243 3465 5293 ἂν
3526 5246 3609 5315 εἴη
3665 5245 3696 5315 ἥ

2112 5321 2386 5393 ἀγαθὸτης
2410 5326 2455 5355 δ’
2476 5324 2648 5391 ίθεοῦ.
2672 5326 2736 5377 Τί
2765 5326 2873 5397 γὰρ
2894 5327 2958 5398 δὴ
2978 5330 3164 5398 μαθὼν
3186 5332 3230 5363 ⁵³
3256 5332 3291 5385 ἃ
3324 5334 3399 5403 μὴ
3417 5334 3697 5407 ὑπέστησε

1679 5486 1911 5546 VARI/13
1982 5493 2384 5551 LICCTIONES.

509 5658 555 5689 '°
581 5659 692 5711 ἀλλ’
723 5655 1011 5725 ἀγενήτουί
1035 5656 1168 5708 ms
1197 5656 1430 5727 γενητῆς
1465 5656 1530 5709 Α.

1612 5658 1652 5689 ⁶¹
1699 5656 1879 5728 διακρ.
1916 5658 2079 5725 μόνον
2122 5660 2183 5710 ἐκ
2210 5677 2266 5724 ς.

2350 5663 2393 5691 δ’
2423 5662 2693 5731 ἁγαϐὁτης
2724 5666 2757 5716 Α
2798 5685 2809 5719 :
2842 5667 3175 5735 ἁγαῦὁτητος
3206 5688 3265 5733 ς’.
3344 5671 3385 5701 ⁵³
3409 5672 3600 5725 παθών
3634 5674 3690 5727 Β.
