3944 6242
294 214 353 277 ’Π
1402 212 1922 278 BIBLIOTHECA.
1944 240 2011 250 --
2029 216 2191 277 COD.
2219 216 2406 278 CCLL
3459 220 3529 282 78

295 330 583 387 διατάττειν
629 333 907 403 πειρᾶται,
951 332 1172 397 πάντως
1212 350 1316 387 που
1332 334 1433 404 τῆς
1473 334 1725 400 εὐταξίας
1762 334 1859 389 αύ-

1964 333 2170 389 dinatio
2194 334 2246 387 in
2272 322 2467 387 natura
2497 346 2685 387 eorum
2714 332 2956 403 ingenita
2987 314 3271 389 consistat.
3307 333 3365 389 Si
3392 335 3524 405 quid

294 428 391 489 τοῖς
415 426 568 495 ἐν’-εῇ
592 424 861 495 ἀγενησὶᾳ.
891 424 991 494 τῆς
1034 424 1247 478 ἑαυτῶν
1296 423 1512 495 φύσεως
1555 426 1852 495 κειμένης;

292 516 466 587 τὸγὰρ
502 516 789 586 ἀγενήτως
828 515 952 569 καθ’
985 516 1146 569 ἑαυτὸ
1192 517 1423 585 ὑφεστὸς
1437 516 1484 548 ⁸⁸
1514 518 1568 570 ετ
1594 535 1647 569 τι
1685 533 1856 588 προσ-

292 608 450 668 λάϐοι,
484 608 635 677 παρά
667 606 833 675 φύσιν
864 607 1239 678 προσλήψεται
1264 623 1279 639 ⁸
1321 608 1382 661 τὺ
1411 607 1470 661 δὲ
1506 608 1660 678 παρὰ
1688 608 1850 678 φύσιν

240 764 248 771 ,
291 699 591 767 διατεθῆναι
651 701 824 755 κακὸν
892 699 971 771 τῷ
1015 702 1512 772 μετατρεπομένῳο
1565 700 1706 754 ὥστε
1757 702 1856 755 οὐκ

290 794 476 862 ἀγαθὸν
500 797 568 863 τῇ
583 793 851 866 λεγομένῃ
884 793 983 865 ’ύλῃ
1008 794 1068 846 τὸ
1096 794 1441 863 κοσμεῖσθαι,
1470 793 1629 864 εἴπερ
1650 793 1853 863 ἀγένη-

288 904 372 949 τος
392 888 473 953 εἴη
504 886 579 957 μὴ
612 886 719 939 ἀπὸ
743 888 939 956 χρόνου
973 888 1159 956 μόνον,
1192 886 1330 943 ἀλλά
1349 889 1446 941 καὶ
1466 888 1573 940 ἀπὸ
1590 888 1635 919 ⁸⁸
1659 887 1853 953 αἰτίου,

288 975 401 1031 καθ’
445 975 474 1027 ὃ
506 975 909 1045 σημαινόμενον
956 976 1053 1029 καὶ
1102 976 1194 1029 τὸν
1241 976 1377 1030 Θεὸν
1407 978 1671 1047 ἀγένητον
1705 977 1859 1044 λέγο-

290 1083 402 1139 μεν.
442 1066 584 1120 Ἀλλ’
625 1068 746 1121 οὐδὲ
777 1068 806 1119 ὀ
826 1068 956 1129 Θεὸς
994 1067 1156 1132 αὐτὸς
1183 1069 1373 1123 κακῶν
1399 1069 1645 1133 ἀναίτιος
1679 1070 1857 1130 ἔσται,

284 1161 379 1233 τὴν
428 1160 605 1231 ἀρχὴν
650 1160 751 1230 τῆς
788 1160 1149 1231 δημιουργίας
1194 1162 1305 1217 ἀπό
1354 1180 1501 1226 τινος
1536 1162 1859 1225 κακοποιίας

286 1252 677 1322 ἐνστησάμενος
722 1250 798 1321 τῷ
858 1252 1010 1321 παρά
1086 1250 1250 1321 φύσιν
1286 1253 1584 1307 διατιθέναι
1627 1255 1727 1324 τὴν
1770 1255 1856 1306 ἐπ’

286 1342 398 1414 ἴσης
426 1343 579 1414 αὐτῷ
616 1344 881 1413 ἀγένητον
905 1342 1094 1397 οὐσίαν
1124 1346 1439 1416 πειρᾶσθαι,
1465 1348 1558 1400 καὶ
1578 1348 1677 1417 τὴν
1701 1347 1856 1401 ἀδελ-

284 1434 404 1504 ῳὴν,
419 1434 488 1505 ἢν
510 1434 574 1487 τὸ
595 1434 904 1504 αὐτόματον
926 1433 1074 1505 αὐτῷ
1090 1439 1365 1508 συνήγαγε
1377 1438 1445 1500 ³⁸,
1461 1439 1536 1510 μὴ
1556 1441 1651 1511 ἐᾷν
1669 1444 1855 1510 μένειν

282 1527 370 1580 ἐπὶ
400 1527 501 1596 τῆς
529 1528 795 1596 ἀγενήτου
840 1528 1071 1594 τάξεως.
1110 1530 1253 1600 Πρὸς
1291 1530 1370 1601 τῷ
1402 1532 1535 1603 μηδὲ
1558 1534 1602 1565 ⁸⁷
1634 1533 1858 1589 δυνατὸν

1956 426 2100 481 enim
2147 426 2389 492 ingenito
2438 440 2502 480 ac
2538 440 2634 495 per
2659 440 2723 480 se
2758 426 3080 481 subsistenti
3109 427 3360 492 addatur,
3389 442 3527 497 prae-

1961 529 2048 573 ter
2100 525 2358 571 naturam
2412 516 2524 571 ﬁet.
2578 516 2735 584 Quod
2780 529 2963 575 autem
3024 528 3224 589 praeter
3274 528 3525 574 naturam

1922 648 1923 651 η
1957 609 2208 674 eliicitnr,
2250 610 2518 664 vitiatur:
2556 625 2726 681 quare
2766 613 2973 667 dictam
3024 612 3305 677 materiam
3342 615 3527 667 ornari

1958 700 2186 755 minime
2239 701 2469 767 bonum,
2500 700 2770 772 siquidem
2812 716 2927 756 non
2962 702 3139 757 solum
3174 702 3228 757 in
3259 714 3525 774 tempore,

1959 794 2057 852 sed
2087 804 2141 849 et
2195 794 2403 864 absque
2448 809 2616 849 causa
2663 795 2902 864 ingenita
2946 796 3196 866 sit:qua
3250 796 3527 868 signiﬁca-

1959 892 2109 942 tione
2130 896 2184 941 et
2211 885 2382 941 Deum
2417 885 2721 956 ingenitum
2749 887 3009 942 dicimus.
3036 886 3142 942 Sed
3176 903 3351 959 neque
3380 888 3527 943 Deus

1958 980 2159 1052 461a
2212 978 2327 1050 ipse
2383 979 2642 1034 innoxius
2690 982 2828 1045 erit,
2881 980 3097 1034 initium
3153 982 3449 1035 creationis
3499 997 3529 1036 a

1962 1074 2200 1141 quodam
2236 1072 2505 1126 maleﬁcio
2537 1072 2826 1137 inchoans,
2862 1073 3005 1142 quod
3041 1080 3243 1142 praeter
3272 1082 3526 1128 naturam

1960 1166 2172 1218 allicere
2201 1164 2466 1234 aequalem
2507 1164 2608 1219 sibi
2646 1165 2940 1235 ingenitam
2974 1164 3335 1220 substantiam
3364 1180 3531 1220 conc-

1960 1250 2098 1311 tur':
2136 1266 2190 1311 et
2214 1272 2481 1323 sororem,
2535 1272 2698 1326 quam
2750 1265 3049 1327 spontanea
3108 1257 3383 1311 voluntate
3428 1257 3531 1312 sibi

1961 1348 2271 1418 conjunxit,
2308 1363 2417 1401 non
2448 1348 2593 1402 sinat
2619 1362 2939 1416 permanere
2964 1347 3016 1399 in
3049 1347 3241 1400 ordine
3268 1346 3529 1415 ingenito,

1963 1438 2110 1507 quod
2146 1453 2253 1491 non
2284 1438 2458 1507 possit
2496 1450 2582 1491 res
2611 1452 2768 1507 atque
2801 1437 3043 1505 ingenita
3077 1435 3367 1489 contineri.
3407 1436 3535 1489 Sive

1961 1533 2030 1586 ab
2058 1543 2262 1586 aeterno
2290 1533 2431 1586 hanc
2459 1532 2560 1587 sibi
2598 1532 2921 1601 potentiam,
2954 1530 3069 1585 sive
3092 1531 3147 1584 in
3183 1539 3422 1599 tempore
3450 1529 3533 1583 fa-

281 1613 412 1673 εἷναι
459 1618 855 1689 κατισχῦσαιδδ
902 1622 1231 1692 πράγματος
1275 1623 1538 1695 ίσοτίμως
1591 1627 1855 1698 ἀγενήτου

1965 1640 2088 1679 cere
2114 1625 2364 1693 cmperit,
2397 1632 2451 1678 et
2478 1624 2661 1693 potius
2708 1638 2737 1676 a
2770 1624 2999 1678 veritate
3050 1622 3347 1683 recederet,
3381 1622 3429 1677 si
3462 1624 3534 1675 ob

280 1710 657 1781 τυγχάνοντος,
703 1712 812 1765 εἴτε
859 1711 919 1779 ἐξ
954 1714 1128 1767 ἀϊδίου
1162 1715 1432 1770 ποιεῖσθαι
1470 1717 1567 1789 τὴν
1599 1720 1854 1789 τοιαύτην

1964 1715 2317 1781 indigentiam
2350 1715 2652 1769 materiatae
2684 1714 3035 1784 operationis,
3061 1724 3117 1768 et
3141 1712 3371 1781 alicujus
3394 1723 3533 1767 tem-

284 1805 655 1875 ἐπικράτειαν,
683 1804 793 1857 εἴτε
820 1805 927 1859 ἀπὸ
947 1807 1141 1877 χρόνον
1169 1809 1502 1881 ἐπιχειροίη.
1519 1811 1630 1863 Καὶ
1652 1812 1853 1881 μᾶλλον

284 1896 348 1950 ἂν
384 1898 470 1966 εἴη
504 1899 604 1969 τῆς
650 1897 914 1969 ἀληθείας
956 1900 1277 1969 ἀφεστδςδθ,
1322 1904 1372 1955 εἰ
1414 1903 1551 1973 πρὸς
1575 1903 1653 1973 τῷ
1686 1904 1855 1957 ἐνδεεῖ

282 1989 375 2057 τῆς
410 1989 605 2058 ὑλικῆς
652 1991 938 2061 ἐνεργείας
982 1992 1079 2044 καὶ
1123 1992 1232 2045 ἀπὸ
1253 1994 1297 2025 ⁶⁰
1339 1995 1532 2064 χρόνου
1574 1997 1719 2058 τινὸς
1758 2014 1854 2049 κο-

292 2081 443 2147 σμέῖν
461 2081 680 2149 ῆρξατο,
704 2082 840 2151 ὅπερ
870 2082 970 2135 οὐκ
1015 2083 1081 2153 ἐᾷ
1112 2082 1297 2153 μένειν
1317 2084 1481 2137 αὐτὸν
1505 2087 1563 2138 ἐν
1592 2086 1670 2156 τῷ
1688 2086 1852 2139 αὑτοῦ

294 2169 434 2240 ῆθει.
458 2169 599 2242 [1581
626 2172 732 2244 IL]
766 2174 828 2225 Εἰ
854 2174 963 2245 γὰρ
994 2173 1219 2244 ἄμεινον
1252 2174 1328 2246 μὴ
1358 2179 1555 2243 ποιεῖν,
1599 2176 1728 2249 [750
1759 2177 1851 2250 11.]

291 2261 410 2325 πῶς
424 2265 505 2327 είς
531 2264 587 2316 τὸ
613 2267 794 2317 ποιεῖν
834 2266 1254 2336 μεταϐέϐηκεν;
1299 2269 1349 2321 εί
1394 2268 1453 2322 δὲ
1486 2268 1547 2323 τὸ
1577 2272 1772 2334 ποιεῖν,
1803 2272 1857 2324 τί

284 2356 363 2427 μὴ
396 2356 459 2420 ἐξ
492 2356 664 2410 ἀϊδίου
725 2358 1018 2427 ἔπραττεν,
1065 2361 1225 2429 εῐγ’⁶¹
1245 2360 1539 2431 ἀδιάφορον
1571 2364 1724 2434 αὑτῷ
1763 2367 1858 2417 καὶ

278 2449 338 2501 τὸ
357 2448 415 2515 ἐξ
438 2449 612 2504 ἀϊδίου
642 2451 866 2521 ποιῆσαι
891 2453 1063 2524 ἐφάνη
1084 2470 1099 2520 ;
1128 2455 1177 2506 εί
1207 2453 1283 2525 μὴ
1302 2455 1410 2525 ἄρα
1429 2453 1645 2523 φύσεως
1674 2455 1854 2521 αὑτὸν,

277 2541 421 2594 είποι
440 2558 549 2605 τις,
564 2541 669 2595 ἀνὰ
696 2543 862 2614 μέρος
883 2547 1057 2598 ποιεῖν
1072 2563 1135 2598 τε
1158 2546 1252 2599 καὶ
1268 2546 1511 2617 φθείρειν
1533 2547 1856 2618 δυναμένης,

275 2632 477 2685 αἰώνια
545 2633 606 2686 δὲ
669 2633 1023 2706 δημιουργεῖν
1085 2636 1443 2705 ἀσθενούσης,
1497 2638 1631 2691 διότι
1675 2641 1709 2709 ἡ
1760 2642 1861 2712 τῆς

274 2724 409 2796 ὕλης
434 2725 634 2789 κακία,
731 2729 1102 2799 προσχρῆται,
1130 2728 1229 2800 τὴν
1250 2730 1502 2784 ἐπίθετον
1532 2732 1625 2785 καὶ
1646 2732 1861 2785 ἐπεισο-

274 2817 439 2889 διώδη
465 2818 623 2883 τάξιν
664 2819 1004 2886 ἀποσείεται,
1045 2820 1292 2891 συνεχῶς
1333 2822 1415 2885 είς
1450 2822 1550 2890 τὴν
1595 2823 1862 2893 ἀγένητον

272 2909 450 2979 αὑτῆς
476 2910 522 2942 ⁶²
561 2909 672 2982 (ὡς
697 2911 763 2964 ἂν
795 2912 1040 2982 είποιμι)
1072 2914 1297 2978 ἀταξίαν
1337 2913 1729 2983 ἀνατρέχουσα,
1769 2915 1865 2967 καὶ

284 2999 466 3062 οὕτως
496 3000 603 3053 ἀνά
632 3002 797 3072 μέρος
819 3004 931 3066 τοῖς
960 3003 1173 3073 χρόνοις
1217 3003 1422 3074 κόσμον
1457 3004 1552 3056 καὶ
1594 3003 1864 3071 ἀκοσμίαν

272 3090 633 3162 ἐπικρατεῖν,
666 3092 700 3163 ἢ
742 3093 1146 3164 (ἀληθέστερον
1181 3094 1409 3165 ειπεῖν)
1444 3095 1532 3147 ἀεὶ
1572 3094 1860 3163 ἀκοσμίαν,

272 3183 529 3235 ἐττείκαὶ
566 3184 601 3254 ἠ
648 3187 941 3255 κόσμησις,
997 3187 1152 3256 παρά
1200 3186 1367 3256 φύσιν
1423 3182 1558 3241 οὖσα
1596 3186 1858 3252 διάθεσις,

272 3276 524 3346 ἀκοσμία
552 3276 633 3346 τῷ
669 3276 846 3348 ὀρθῶς
876 3277 1210 3349 λογιζομένῳ
1233 3280 1563 3350 φανήσεται.

346 3410 479 3465 Ὅτι
520 3410 835 3481 σύμφωνοι
871 3412 945 3465 ἐν
965 3412 1091 3478 τοῖς
1118 3413 1376 3481 δόγμασι
1408 3414 1663 3467 Πλάτων
1693 3412 1795 3467 καὶ

869 3483 1300 3551 Ἀριστοτέλης.

352 3594 485 3648 Ὅτι
540 3594 729 3648 πολλοὶ
775 3596 885 3649 τῶν
935 3595 1045 3649 ἀπὸ
1092 3594 1379 3657 Πλάτωνος
1415 3595 1511 3649 καὶ
1546 3594 1654 3649 τῶν
1682 3597 1790 3648 ἀπὸ
1816 3596 1864 3627 ⁸³

288 3687 705 3757 Ἀριστοτέλους
735 3686 1056 3758 συγκρούειν
1085 3687 1131 3719 ⁸⁸⁵
1156 3686 1408 3757 ἀλλήλοις
1435 3687 1563 3751 τοὺς
1598 3688 1750 3755 σφῶν
1786 3688 1867 3741 διο

274 3778 593 3845 δασκάλους
622 3782 763 3835 κατά
807 3782 876 3834 τὰ
920 3780 1133 3851 καίρια,
1163 3781 1297 3850 φησὶ
1328 3781 1395 3847 ⁸⁵,
1426 3782 1536 3835 τῶν
1577 3782 1864 3851 δογμάτων

277 3871 528 3943 σπουδὴν
580 3872 677 3924 καὶ⁵
722 3871 956 3943 μελέτην
1003 3871 1405 3942 εἰσενηνοχότες
1452 3872 1614 3942 μέχρι
1672 3872 1862 3925 τούτου

275 3961 626 4029 φιλονεικίας
647 3963 744 4015 καὶ
765 3963 973 4032 τόλμης
1002 3963 1230 4033 ἤλασαν,
1252 3963 1328 4026 ὡς
1359 3964 1451 4016 καὶ
1482 3965 1550 4016 τὰ
1580 3964 1864 4034 συγγράμ-

277 4067 437 4120 ματα
467 4052 579 4106 τῶν
606 4054 823 4105 οἰκείων
864 4054 1117 4108 νοθεῦσαι
1157 4053 1496 4107 διδασκάλων
1530 4055 1612 4117 είς
1649 4055 1710 4106 τὸ
1738 4054 1868 4124 μᾶλ-

274 4141 373 4195 λον
410 4139 681 4206 ἐπιδεῖξαι
705 4146 832 4207 τοὺς
860 4144 1060 4215 ἄνδρας
1080 4144 1328 4214 ἀλλήλοις
1354 4146 1716 4215 μαχομένους.
1754 4145 1865 4198 Καὶ

272 4231 528 4302 διέμεινε
560 4231 604 4264 ⁸⁸
644 4232 801 4286 τοῦτο
837 4233 897 4286 τὸ
944 4234 1117 4297 πάθος
1164 4236 1282 4295 ταῖς
1319 4235 1631 4303 φιλοσόφοις
1656 4234 1865 4303 διατρι-

273 4323 407 4387 ϐαῖς
453 4324 735 4394 ἐνσκῆψαν
764 4326 870 4388 ἕως
904 4325 1213 4397 Ἀμμωνίου
1259 4326 1355 4380 τοῦ
1398 4326 1788 4396 Ἀλεξανδρέως
1818 4327 1860 4357 ⁵⁷

1956 1809 2107 1879 poris
2159 1823 2357 1863 ornare
2408 1807 2690 1878 ccepisset,
2724 1822 2823 1862 nec
2858 1821 3081 1861 manere
3134 1806 3282 1859 illam
3336 1806 3389 1859 in
3424 1821 3527 1861 suo

1956 1908 2098 1955 Statu
2147 1898 2509 1967 permisisset.
2564 1895 2620 1952 Si
2656 1898 2801 1951 enim
2850 1897 3201 1967 prmsmntius
3253 1907 3372 1950 erat
3420 1912 3530 1950 non

1960 1992 2178 2056 fecisse,
2206 2005 2377 2059 quare
2399 2004 2529 2059 ergo
2556 1988 2736 2044 facere
2790 1986 3035 2057 incepit?
3083 1989 3130 2043 si
3160 2001 3295 2041 vero
3328 1987 3529 2041 fecisse

1958 2085 2154 2139 melius
2188 2092 2328 2144 erat,
2370 2097 2470 2137 cur
2502 2097 2608 2135 non
2647 2083 2715 2136 ab
2745 2092 2950 2135 mterno
2995 2079 3157 2134 fecit?
3189 2080 3233 2133 si
3272 2092 3399 2134 vero
3446 2080 3533 2133 in-

1959 2177 2218 2232 differens
2241 2177 2289 2231 ei
2320 2176 2389 2230 ab
2418 2186 2622 2231 azterno
2645 2174 2826 2229 facere.
2857 2174 2983 2244 (nisi
3014 2172 3156 2227 forte
3183 2173 3308 2241 quis
3334 2173 3510 2226 dixeri

1959 2281 2155 2326 natura
2205 2284 2303 2324 sua
2353 2284 2476 2323 eum
2528 2266 2838 2336 singulatim
2910 2264 3093 2319 facere
3146 2274 3201 2317 et
3247 2264 3535 2318 destruere.

1959 2375 2144 2431 posse,
2201 2367 2403 2414 aeterna
2459 2365 2640 2409 autem
2690 2353 2870 2408 facere
2921 2368 3028 2406 non
3084 2349 3312 2421 posse):
3366 2363 3538 2417 quare

1962 2454 2210 2508 materiae
2256 2450 2598 2520 improbitas,
2627 2463 2735 2518 qua
2778 2447 2974 2511 utitur,
3002 2444 3317 2514 impositum
3350 2452 3405 2497 et
3444 2457 3539 2497 su-

1961 2544 2233 2616 perﬂuum
2286 2541 2533 2626 ordinem
2581 2539 2762 2608 rejieit
2803 2536 3088 2598 continuo,
3138 2535 3192 2588 in
3240 2534 3537 2603 ingenitam

1963 2638 2075 2694 illis
2126 2635 2208 2708 (ut
2251 2635 2322 2690 ita
2357 2630 2610 2701 dixerim)
2668 2629 3131 2685 inordinationcm
3166 2627 3447 2681 declinans
3478 2635 3541 2677 ut

1963 2744 2062 2801 per
2088 2736 2272 2799 partes
2303 2726 2412 2780 alio
2440 2732 2606 2793 atque
2634 2723 2742 2777 alio
2769 2731 3017 2790 tempore
3044 2718 3393 2789 pulchritudo
3445 2727 3543 2770 aut

1967 2819 2289 2876 deformitas
2323 2825 2546 2885 superet
2572 2834 2584 2870 :
2616 2825 2733 2879 aut,
2788 2822 2847 2866 ut
2878 2813 3062 2867 verius
3089 2811 3293 2874 dicam,
3324 2823 3540 2879 semper

1968 2914 2153 2968 vincat
2195 2909 2532 2971 deformitas,
2568 2906 3014 2977 quandoquidem
3068 2905 3298 2957 materia
3342 2912 3542 2971 prteter

1968 3015 2220 3059 naturam
2268 3010 2498 3064 ornata,
2552 2999 2689 3053 bene
2738 2993 3091 3052 ratiocinanti
3150 2992 3416 3048 deformis
3456 2993 3541 3044 vi-

1966 3097 2181 3152 deatur.

2140 3401 2300 3457 Plato
2321 3409 2370 3455 et
2394 3397 2704 3453 Aristoteles
2731 3398 2976 3453 doctrina
3021 3396 3364 3451 concordant.

2038 3573 2186 3628 Multi
2205 3571 2466 3627 Platonici
2484 3582 2539 3626 et
2552 3570 2859 3625 Aristotelei
2881 3583 3012 3624 suos
3028 3570 3168 3623 inter
3178 3582 3237 3624 se
3254 3578 3546 3638 praecepto-

1966 3681 2055 3721 res
2084 3665 2378 3735 aliquando
2411 3665 2742 3723 contendere
2778 3663 3131 3730 impulerunt,
3167 3662 3332 3715 allato
3364 3676 3392 3714 a
3432 3661 3545 3715 sin-

1967 3757 2107 3826 gulis
2132 3755 2449 3809 inmedium
2479 3754 2609 3824 quid
2650 3754 2846 3822 cuique
2869 3753 3129 3807 meditato
3162 3752 3460 3815 videretur,
3487 3759 3543 3805 et

1967 3862 2208 3917 eousque
2235 3847 2478 3901 audaciae
2495 3853 2548 3900 et
2571 3845 2941 3900 contentionis
2977 3854 3382 3914 processerunt,
3410 3850 3546 3896 utet

1966 3938 2165 4007 scripta
2200 3946 2597 4007 praeceptorum
2630 3951 2852 3990 suorum
2877 3935 3256 4002 depravarcnt,
3281 3947 3391 4002 quo
3421 3947 3542 3986 ma-

1967 4029 2050 4098 gis
2081 4029 2227 4082 viros
2278 4031 2420 4082 inter
2446 4041 2507 4081 se
2540 4034 2850 4095 pugnantes
2894 4024 3237 4077 exhiberem.
3276 4022 3454 4090 Atque
3479 4037 3542 4075 ea

1965 4120 2304 4191 perturbatio
2367 4119 2646 4173 erdnravit
2698 4114 3093 4186 pbilosopbicis
3136 4113 3547 4167 exercitationi-

1966 4212 2069 4267 bus
2127 4213 2336 4281 illapsa,
2378 4226 2549 4280 usque
2603 4209 2669 4263 ad
2725 4207 2969 4262 divinum
3026 4205 3399 4259 Ammonium.
3447 4203 3548 4258 Hic

1966 4306 2111 4359 enim
2167 4305 2376 4374 primus
2426 4312 2561 4357 testu
2593 4301 2829 4370 quodam
2855 4308 3042 4368 raptus
3095 4297 3161 4352 ad
3186 4296 3548 4366 philosophiae

269 4385 398 4467 mi—
431 4385 800 4471 θεοδιδάκτου.
850 4385 1026 4481 fibrae.
1073 4419 1181 4487 γὰρ
1240 4418 1457 4488 πρῶτος
1510 4385 1859 4481 ἐνθουσιάσας

1968 4400 2248 4452 veritatem
2307 4397 2712 4463 multorumque
2774 4392 3084 4462 opiniones,
3138 4390 3229 4459 qui
3264 4404 3547 4459 magnum-

270 4508 425 4578 πρὸς
458 4509 523 4562 τὸ
559 4509 657 4579 τῆς
700 4509 1018 4579 φιλοσοφίας
1046 4511 1321 4581 ἀληθινὸν,
1357 4512 1452 4563 καὶ
1472 4511 1572 4574 τὰς
1604 4510 1712 4563 τῶν
1732 4510 1864 4562 πολ-

269 4597 388 4652 λῶν
406 4598 573 4664 δόξας
600 4600 870 4670 ὑπεριδὼν
889 4603 985 4664 τάς
1002 4602 1199 4666 ὄνειδος
1218 4603 1262 4634 ⁸⁸
1288 4602 1575 4672 φιλοσοφίᾳ
1606 4618 1867 4672 προστρι-

268 4690 548 4759 ϐομένας,
582 4686 691 4744 εἶδε
719 4692 900 4756 καλῶς
928 4694 999 4746 τὰ
1044 4694 1306 4764 ἐκατέρου
1335 4694 1430 4747 καὶ
1456 4695 1764 4764 συνήγαγεν
1787 4695 1867 4756 εἰς

266 4782 373 4837 ’ένα
416 4785 517 4839 καὶ
566 4784 662 4837 τὸν
692 4784 856 4838 αὐτὸν
889 4783 1035 4848 νοῦν,
1064 4788 1159 4838 καὶ
1203 4786 1562 4841 ἀστασίαστον
1592 4789 1690 4855 τὴν
1720 4786 1868 4855 φιλο-

272 4873 480 4943 σοφίαν
518 4873 876 4945 παραδέδωκε
908 4876 1040 4928 πᾶσι
1076 4878 1187 4940 τοῖς
1210 4875 1376 4929 αὐτοῦ
1405 4875 1719 4945 γνωρίμοις,
1755 4876 1863 4943 μά-

272 4965 439 5022 λιστα
458 4969 517 5022 δὲ
541 4971 657 5039 τρῖς
681 4969 927 5039 ἀρίστοις
949 4968 1057 5022 τῶν
1088 4969 1238 5039 αὐτῷ
1258 4968 1685 5037 συγγεγονότων,
1709 4968 1863 5021 Πλω-

276 5062 412 5133 τίνῳ
441 5063 537 5117 καὶ
581 5063 852 5133 Ὧριγένει
883 5062 976 5115 καὶ
1007 5063 1121 5125 τοῖς
1164 5061 1291 5132 ἐξῆς
1323 5062 1431 5115 ἀπὸ
1458 5060 1685 5115 τούτων.

1974 4489 2211 4543 dedecus
2238 4486 2595 4557 philosophiae
2629 4484 2910 4546 afferrent,
2939 4491 3317 4544 contemnens,
3348 4489 3529 4533 utram

1973 4596 2081 4652 que
2110 4589 2313 4634 sectam
2338 4580 2506 4647 probe
2527 4577 2734 4639 calluit,
2768 4585 2823 4629 et
2843 4576 2895 4628 in
2918 4572 3265 4627 concordiam
3298 4573 3547 4635 adduxit,

1975 4683 2078 4728 eta
2117 4671 2560 4726 contentionibus
2611 4669 2832 4721 liberam
2870 4665 3275 4735 philosophiam
3323 4665 3547 4719 tradidit

1976 4766 2231 4819 omnibus
2280 4762 2395 4818 suis
2427 4759 2787 4823 auditoribus,
2836 4768 2891 4813 et
2936 4757 3175 4813 maxime
3212 4758 3549 4813 doctissimis

1974 4856 2276 4927 aequalibus
2326 4854 2443 4909 suis
2474 4851 2729 4931 ‘Plotino,
2762 4860 2817 4906 et
2860 4850 3103 4922 Origeni,
3156 4861 3210 4905 et
3257 4866 3542 4905 successo-

1973 4952 2146 5006 ribus.

1560 5258 1800 5315 VARUE
1826 5254 2230 5313 LECTIONES.

342 5427 393 5463 εει
424 5426 677 5500 ὑφεστὼς
707 5442 772 5489 ς,
841 5427 893 5500 ,⁸³
926 5428 1021 5481 καὶ
1051 5426 1160 5500 ἀπό
1196 5426 1238 5481 Β
1269 5445 1281 5480 :
1311 5425 1406 5479 καὶ
1434 5425 1495 5500 το
1523 5424 1630 5500 ἀπό
1662 5442 1722 5487 ς.

280 5494 362 5572 Α]
392 5491 1250 5572 κατισχήσαιμνυι-κατασχῆσαι
1304 5514 1366 5560 ς.
1543 5494 1895 5572 ἀφεστῴςις.
1942 5492 2017 5572 ﬂ“
2044 5492 2152 5543 ἀπὸ
2216 5491 2346 5572 add.
2526 5496 2569 5527 “
2603 5491 2728 5565 εἴγ’]
2764 5491 2911 5572 _libri
2951 5491 3097 5572 εξ.δ⁹.

1801 5422 1848 5453 ⁵⁸
1881 5421 2187 5496 συνῄγαγεν
2212 5426 2363 5496 αὐτῷ
2394 5426 2456 5479 Β.
2533 5424 2578 5455 ³⁵⁷
2615 5442 2689 5495 μη

2692 5425 2747 5476 δέ
2777 5426 2816 5476 Α
2848 5442 2859 5475 :
2901 5425 2972 5492 μή
3010 5438 3072 5492 ς’.
3134 5419 3179 5450 ⁸⁸
3204 5414 3540 5492 Δκατισχῦσαι.

2888 5488 2912 5545 ἴ
2951 5488 2999 5542 εἰ
3033 5491 3097 5542 δ’.
3176 5489 3221 5525 δ’
3248 5488 3415 5552 αὐτῆς
3456 5488 3495 5539 Α
3525 5503 3539 5535 :

279 5569 467 5637 αὐτοῖς
504 5557 591 5637 g."
616 5557 685 5601 ’⁸³
711 5567 823 5620 τῶν
863 5568 972 5620 ἀπὸ
1020 5557 1155 5623 ante
1189 5557 1606 5637 Ἄριστοτέλους
1632 5565 1759 5637 add.
1782 5564 1895 5637 _A._
1940 5562 1984 5637 ἦ*
2013 5566 2341 5637 συγκρούειν
2371 5568 2415 5620 Α
2445 5585 2461 5622 :
2495 5557 2816 5633 συγκροτεῖν
2849 5580 2906 5637 ςᾉ.
2985 5561 3031 5637 ⁸-⁸
3062 5559 3196 5627 φασί
3225 5559 3289 5612 Α.
3367 5558 3412 5588 ⁸⁸
3447 5557 3543 5610 καὶ

278 5636 523 5709 διέμεινε
548 5642 607 5696 δέ
644 5640 686 5691 Β
726 5655 740 5691 :
772 5642 816 5690 A
845 5652 956 5692 om.
988 5638 1334 5707 particulam.

1435 5636 1477 5665 ετ
1508 5634 1601 5688 τοῦ
1649 5633 2045 5704 Ἀλεξανδρέως
2077 5633 2202 5689 add.
2239 5640 2308 5691 A.

2407 5638 2451 5669 ⁸⁸
2483 5638 2581 5699 τὰς
2611 5631 2858 5687 πλεῖστον
2881 5631 3076 5693 ὁνειδος
3104 5647 3165 5691 ς.
