3944 6242
391 274 460 338 79
846 295 850 303 '
1542 267 1798 330 ΡῊΟΤῙῙ
1834 271 1976 331 ΡΛΤ

2086 269 2333 329 lRCHﬂi
2375 269 2482 329 CP.
3561 269 3631 330 90

455 386 654 460 4611)
671 386 758 441 Ait
791 385 1084 441 secundum
1105 383 1378 440 Platonem
1396 383 1543 439 solos
1562 386 1841 438 hominum
1854 385 1968 439 ani-
1997 391 2042 445 Α

389 496 510 534 tnos
530 483 580 533 in
609 496 806 549 corpus
827 478 1234 548 transmigrare,
1263 487 1316 532 et
1339 477 1462 531 illos
1493 493 1597 530 non
1619 477 1960 546 simpliciter,

390 573 482 626 sed
502 588 566 627 ex
591 569 1115 626 solisltominibusin
1135 569 1384 623 homines
1415 587 1428 622 :
1457 584 1524 623 ex
1547 570 1720 623 brutis
1748 584 1877 622 vero
1906 569 1961 622 in

391 661 638 714 homines
667 659 1066 722 transitionem,
1108 658 1192 712 vel
1231 658 1283 711 in
1329 657 1488 712 bruta
1525 674 1588 713 es
1621 657 1960 724 hominibus,

392 768 730 822 nequaquam
769 751 921 804 illum
951 751 1027 803 ait
1055 751 1258 804 dicere.

463 845 615 898 Plato
663 843 910 914 opiﬁcem
967 843 1132 896 Deum
1187 825 1413 896 censuit
1446 843 1715 897 sustinere
1743 857 1960 896 omnem

389 934 774 1004 aspectabilem
837 942 892 987 et
946 933 1384 1002 inaspectabilem
1460 935 1757 996 mundum,
1817 937 1963 988 nulla

392 1025 539 1092 prius
566 1024 858 1078 exsisteute
887 1025 1110 1077 materia
1133 1026 1474 1094 productum.
1519 1027 1775 1083 Sullicere
1816 1033 1961 1084 enim

397 1117 505 1170 illis
523 1117 855 1170 voluntatem
881 1118 945 1169 ad
968 1118 1344 1171 sustinendum
1371 1121 1707 1175 universum.
1741 1121 1816 1176 Ex
1847 1139 1970 1177 eor-

399 1224 561 1278 porea
604 1225 737 1262 vero
785 1218 975 1262 natura
1010 1209 1342 1276 inccrporeze
1368 1212 1681 1279 conjuncta,
1705 1215 1965 1269 mundum

397 1301 850 1371 perfectissimum
903 1302 1087 1367 statui,
1122 1302 1391 1371 duplicem
1447 1305 1609 1358 simul
1658 1315 1710 1359 et
1743 1323 1908 1360 unum
1951 1325 1964 1360 :

399 1395 450 1446 in
511 1409 620 1462 quo
669 1408 880 1446 smnma
931 1409 1051 1448 esse
1107 1395 1282 1448 media
1339 1405 1394 1449 et
1463 1397 1644 1449 inlima
1683 1415 1695 1450 :
1737 1414 1967 1466 quorum

398 1488 568 1553 prima
606 1485 823 1554 quidem
858 1485 1100 1538 ctelestia
1133 1496 1312 1547 vocat,
1347 1495 1400 1540 et
1430 1487 1560 1542 deos
1589 1505 1601 1541 :
1640 1489 1814 1542 media
1843 1505 1971 1541 vero

399 1578 610 1630 ratione
643 1577 888 1645 praedita,
915 1577 1084 1639 aeria,
1113 1577 1389 1631 daemones
1423 1578 1618 1641 bonus,
1650 1579 1971 1646 interpretes

394 1678 446 1720 ct
481 1668 697 1722 nuntios
744 1682 932 1721 eorum
981 1684 1102 1736 quae
1160 1668 1474 1724 hominibus
1504 1670 1830 1723 conducunt.
1883 1669 1967 1723 ln-

2141 384 2261 438 ’Ὀτι
2305 383 2568 438 Πλάτωνά
2595 383 2640 416 ⁶⁹
2673 400 2805 452 φησι
2830 381 2933 447 τὰς
2961 383 3305 454 ἀνθρωπίνας
3335 385 3501 452 μόνας
3528 386 3632 451 ψυ-

2064 476 2166 546 χὰς
2233 474 2812 546 μετενσωματοῦσθαι,
2879 476 2972 530 καὶ
3021 477 3226 539 ταύτας
3282 477 3383 546 οὐχ
3427 477 3631 541 ἁπλῶς,

2065 570 2123 634 ἐξ
2153 567 2456 639 ἀνθρώπων
2485 568 2542 620 δὲ
2579 567 2736 637 μόνον
2766 567 2812 600 τ’
2838 569 2917 630 είς
2945 567 3284 638 ἀνθρώπους.
3321 568 3412 635 Ἐξ
3429 569 3635 636 ἀλόγων

2064 662 2119 714 δὲ
2144 661 2297 724 ζώων
2323 663 2400 724 είς
2429 660 2749 730 ἀνθρώπους
2776 662 3076 732 μετάϐασιν
3099 661 3132 731 ἢ
3161 663 3242 725 είς
3269 660 3441 729 ἄλογα
3466 661 3526 725 ἐξ
3546 663 3638 713 ἀν-

2067 753 2299 824 θρώπων
2330 754 2579 823 οὐδαμῶς
2611 755 2775 807 αὐτόν
2810 772 2944 824 φησι
2971 754 3232 820 δοξάζειν.

2139 848 2260 898 Ὀτι
2285 846 2616 916 δημιουργὸν
2647 847 2801 909 Θεὸν,
2830 847 2986 917 φησὶ,
3018 848 3418 917 προῦιρίστησιν
3442 850 3470 900 ὁ
3495 846 3638 899 Πλά-

2067 955 2173 989 των
2212 938 2494 1005 ἐφεστῶτα
2529 939 2705 1006 πάσης
2744 937 3018 1007 ἐμφανοῦς
3045 955 3103 989 τε
3137 939 3229 990 καὶ
3257 938 3494 1006 ἀφανοῦς
3529 938 3642 990 δια-

2069 1031 2414 1100 κοσμήσεως,
2445 1033 2507 1082 ὲκ
2546 1031 2776 1100 μηδενὸς
2827 1031 3301 1102 προῦποκειμένου
3344 1032 3644 1102 γεγενημέ-

2072 1138 2188 1190 νηςο
2215 1124 2405 1194 ἀρκεῖν
2448 1123 2557 1192 γὰρ
2585 1124 2647 1175 τὸ
2687 1124 2898 1176 ἐκείνου
2936 1123 3181 1193 βούλημα
3225 1126 3305 1188 είς
3349 1124 3644 1177 ὑπόστασιν

2068 1213 2176 1265 τῶν
2207 1213 2396 1267 ὄντων.
2431 1215 2543 1283 Τῆς
2569 1216 2626 1268 δὲ
2663 1217 2986 1286 σωματικῆς
3017 1217 3230 1284 φύσεως
3268 1217 3646 1284 συντεταγμέ-

2071 1323 2168 1375 νης
2198 1309 2263 1376 τῇ
2309 1307 2587 1377 ἀσωμάτῳ
2629 1310 2675 1340 ⁷¹
2715 1309 3047 1379 δημιουργίᾳ
3089 1310 3293 1378 κόσμον
3343 1308 3403 1372 ἐξ
3442 1309 3646 1378 ἀμφοῖν

2075 1398 2424 1451 συνίστασθαι
2453 1401 2497 1430 ⁷³
2524 1399 2877 1460 τελεώτατον,
2905 1398 3127 1453 διπλοῦν
3159 1400 3277 1468 ἅμα
3325 1397 3417 1452 καὶ
3449 1399 3547 1453 ἕνα
3591 1401 3648 1450 ἐν

2071 1482 2113 1554 ᾧ
2138 1489 2282 1559 ἄκρα
2325 1486 2464 1542 εἶναι
2511 1492 2606 1543 καὶ
2647 1491 2790 1560 μέσα
2843 1493 2941 1544 καὶ
2984 1492 3289 1550 τελευταῖα.
3324 1484 3398 1543 ὧν
3445 1493 3513 1544 τά
3551 1491 3648 1560 μὲν

2073 1576 2266 1642 πρῶτα
2288 1577 2514 1646 οὐράνια
2557 1578 2712 1630 καλεῖ
2737 1579 2782 1610 ’⁷³
2823 1581 2918 1632 καὶ
2947 1580 3124 1643 θεοὺς,
3153 1580 3221 1633 τά
3249 1581 3305 1632 δὲ
3331 1581 3473 1650 μέσα
3499 1581 3650 1648 λογι-

2075 1669 2166 1728 κὰ,
2219 1667 2438 1736 αἰθέρια
2482 1669 2576 1720 καὶ
2633 1668 2895 1736 δαίμονας
2951 1669 3212 1737 ἀγαθοὺς,
3271 1671 3545 1740 ἑρμηνέας
3591 1687 3650 1722 τε

394 1762 516 1815 ﬁunt
542 1763 775 1831 denique
812 1760 1024 1815 ratione
1076 1761 1317 1830 praedita,
1355 1769 1408 1814 et
1449 1763 1752 1826 terrestria,
1779 1772 1834 1816 et
1861 1763 1965 1815 hu-

2086 1758 2161 1810 ιαὶ
2221 1735 2484 1825 ἀγγέλους
2537 1759 2647 1812 τῶν
2706 1735 3094 1830 συμφερόντων
3151 1735 3462 1831 ἀνθρωποις
3500 1777 3653 1826 γινο-

396 1865 585 1904 manas
617 1852 852 1913 animas,
886 1850 968 1904 vel
1005 1849 1342 1904 immortales
1379 1851 1648 1906 homines.
1707 1852 1772 1906 Et
1831 1851 1971 1906 infe-

397 1944 633 1998 rioribus
663 1944 944 2012 superiora
973 1959 1190 2012 semper
1214 1945 1481 1998 dominari
1517 1962 1530 1998 :
1561 1944 1817 1999 omnibus
1843 1960 1972 2000 vero

396 2037 567 2092 Deum
607 2051 797 2090 eorum
841 2036 1197 2090 architectum
1231 2046 1286 2090 et
1317 2046 1546 2107 patrem,
1578 2047 1632 2092 et
1664 2039 1766 2091 hoc
1797 2046 1975 2104 pater-

397 2145 529 2184 nutn
569 2127 689 2198 ejus
722 2127 1009 2196 imperium
1066 2127 1460 2196 providentiam
1514 2143 1634 2182 esse
1679 2128 1974 2195 unicuique

397 2223 580 2294 generi
610 2220 991 2276 convenientia
1035 2221 1474 2275 distribuentem.
1527 2219 1802 2275 Justitiam
1846 2234 1974 2272 vero

406 2318 830 2385 subsequentem
868 2316 1023 2368 illam
1058 2313 1248 2368 Fatum
1277 2313 1483 2367 vocari.
1535 2311 1652 2366 Non
1693 2312 1836 2365 enim
1881 2327 1972 2379 ge-

403 2409 802 2464 nethliacorum
853 2409 1195 2462 temerariam
1253 2405 1652 2468 necessitatem,
1686 2419 1792 2457 non
1832 2403 1975 2456 Stoi-

411 2518 532 2554 cam
563 2501 902 2561 violentiam,
931 2515 1031 2553 nec
1060 2513 1224 2568 quam
1250 2497 1553 2567 Alexander
1587 2495 1980 2565 Aphrodisieus

399 2602 573 2664 putat,
609 2592 856 2647 eamdem
877 2591 949 2644 illi
977 2591 1540 2657 conditionem,quam
1569 2602 1859 2656 corporum
1887 2601 1982 2638 na-

412 2698 550 2739 tura:
599 2685 924 2749 attribuens,
951 2698 1124 2752 neque
1154 2681 1616 2741 incantationibus
1642 2690 1695 2733 et
1724 2678 1986 2732 litationi-

402 2778 507 2832 bus
525 2778 922 2846 inauspicatum
950 2774 1216 2828 nativitati
1235 2774 1474 2836 sidus,ut
1489 2771 1707 2840 quidam
1721 2772 1982 2835 sentiunt,

408 2874 502 2923 sed
552 2880 789 2923 veterem
834 2868 1188 2936 providentiae
1226 2867 1394 2934 legem
1450 2874 1713 2929 transeat,
1741 2863 1978 2932 judicia-

405 2960 509 3012 letn
557 2958 649 3011 Dei
705 2957 1101 3026 operationem,
1123 2955 1312 3009 ordine
1333 2969 1397 3009 ac
1426 2955 1566 3009 serie
1591 2955 1746 3021 juxta
1788 2967 1986 3006 causa-

2077 1850 2270 1919 μένους
2303 1893 2317 1916 ,
2370 1854 2439 1904 τὰ
2491 1851 2547 1904 δὲ
2605 1852 2896 1904 τελευταῖαι
2968 1851 3162 1918 λογικά
3214 1853 3309 1904 καὶ
3395 1853 3652 1922 περίγεια

2073 1942 2165 1993 καὶ
2221 1941 2567 2012 ἀνθρωπίνας
2611 1942 2788 2011 ψυχάς
2841 1943 2873 2011 ἢ
2931 1942 3238 2004 ἀθανάτους
3304 1941 3649 2011 ἀνθρὼπσυς.

2075 2034 2170 2086 καὶ
2231 2033 2340 2086 τῶν
2406 2034 2504 2105 μὲν
2556 2034 2986 2104 ὑποϐεϐηκότων
3029 2036 3097 2087 τὰ
3151 2036 3536 2106 προηγούμενα
3569 2037 3656 2086 ἀεὶ

2077 2129 2350 2197 ἡγεῖσθαι.
2391 2131 2605 2184 πάντων
2655 2132 2701 2162 ⁷⁵
2733 2130 2789 2182 δὲ
2835 2131 2879 2162 "'
2942 2131 3252 2200 βασιλεύειν
3292 2131 3384 2183 τὸν
3423 2131 3658 2201 ποιητὴν

2077 2221 2256 2274 αὐτῶν
2286 2222 2418 2275 Θεὸν
2466 2223 2557 2275 καὶ
2600 2223 2852 2293 Πατέρα,
2885 2223 2980 2276 καὶ
3009 2223 3214 2294 ταύτην
3257 2223 3356 2294 τὴν
3389 2240 3660 2294 πατρονο-

2083 2312 2248 2383 μικὴν
2290 2313 2336 2344 ’⁷⁸
2368 2313 2646 2383 βασιλείαν
2691 2315 2857 2367 αὐτοῦ
2900 2314 3021 2386 [751
3061 2314 3156 2386 ιι]
3218 2315 3474 2386 πρόνοιαν
3519 2311 3661 2368 εἶναι

2079 2404 2177 2473 τὴν
2215 2405 2431 2474 ἑκάστῳ
2476 2405 2622 2473 γένει
2671 2403 2738 2458 τὰ
2787 2407 3140 2476 προσήκοντα
3169 2406 3565 2476 νομοθετοῦσαν
3593 2407 3661 2472 τ’,

2081 2498 2178 2567 τὴν
2212 2498 2268 2550 δὲ
2313 2500 2486 2570 ταύτῃ
2516 2499 2561 2530 ’⁷⁸
2593 2499 2869 2569 ἑπομένην
2898 2498 3055 2569 δίκην
3106 2501 3450 2570 εἱμαρμένην
3481 2500 3662 2553 καλεῖ-

2086 2589 2231 2642 σθαι·
2264 2590 2325 2642 οὐ
2353 2591 2462 2658 γὰρ
2486 2590 2583 2658 τὴν
2629 2592 2739 2642 τῶν
2787 2590 3216 2657 γενεθλιαλόγων
3251 2590 3665 2658 ἀνεπιλόγιστον

2085 2682 2332 2752 ἀνάγκην
2355 2683 2424 2743 ⁷³,
2458 2682 2577 2734 οὐδὲ
2626 2682 2724 2752 τὴν
2755 2681 2996 2752 Στωῖκὴν
3025 2681 3180 2752 βίαν,
3224 2683 3331 2734 οὐδ’
3373 2685 3440 2751 ἣν
3482 2682 3666 2746 Ἀλέξ-

2087 2772 2278 2841 ανδρος
2335 2774 2364 2825 ὀ
2415 2773 2785 2841 Ἀφροδισιεὺς
2860 2773 3075 2836 οἴεται,
3137 2774 3218 2834 εἰς
3258 2772 3453 2824 ταυτὸν
3490 2772 3538 2803 ⁸⁸
3601 2775 3665 2842 τῇ

2091 2865 2409 2934 Πλατωνικῇ
2453 2863 2561 2916 τῶν
2607 2865 2872 2933 σωμάτων
2923 2863 3086 2931 φύσει
3131 2861 3337 2930 ταύτην
3365 2863 3666 2933 περιάγων,

2090 2955 2211 3006 οὐδὲ
2231 2953 2329 3024 τὴν
2359 2953 2590 3022 ἐπῳδαῖς
2618 2955 2713 3005 καὶ
2743 2952 2958 3014 θυσίαις
2979 2952 3478 3022 παρατρεπομένην
3517 2955 3671 3021 γένε-

407 3066 526 3102 ι·ιιιιι
581 3049 874 3102 liberarum
931 3047 1209 3118 proposita
1267 3062 1352 3100 res
1389 3054 1606 3100 nostras
1654 3044 1976 3114 dirigentem

2086 3061 2189 3106 σιν,
2215 3044 2290 3108 ὼς
2318 3045 2519 3098 οἴονταί
2551 3062 2694 3106 τινες
2733 3043 2894 3115 [1582
2923 3043 3039 3115 IL],
3064 3045 3198 3095 ἀλλά
3227 3045 3326 3112 τὴν
3359 3045 3468 3096 τῶν
3492 3045 3671 3096 ἐκϐαι-

406 3160 568 3210 atque
601 3142 854 3196 consilia.

411 3235 506 3287 τοῦ
559 3232 696 3287 Θεοῦ
727 3235 1009 3302 ἐνέργειαν
1041 3234 1087 3266 ⁸³
1108 3276 1123 3297 ,

406 3326 886 3397 ὲπανορθουμένην
919 3325 988 3379 τά
1027 3324 1148 3378 καθ’
1182 3326 1352 3393 ἡμᾶς.

762 3446 894 3510 Qua:
916 3447 986 3498 sit
1019 3443 1362 3498 Providentia
1392 3453 1440 3496 et
1482 3441 1633 3495 ordo.

479 3562 858 3617 Communiter
889 3558 1108 3628 quidem
1163 3554 1502 3624 providentia
1532 3563 1586 3606 et
1614 3554 1749 3605 ordo
1777 3567 1806 3604 a
1832 3565 1987 3603 crea-

409 3665 544 3710 tore-
568 3653 680 3709 Deo
699 3651 1013 3708 extenditur
1044 3650 1096 3702 in
1128 3648 1314 3702 omnia
1341 3645 1729 3700 immortalium
1765 3656 1984 3708 genera,

415 3746 649 3800 maxime
701 3757 831 3797 vero
855 3750 910 3796 et
939 3739 1284 3809 conjunctius
1315 3735 1381 3789 ad
1410 3735 1604 3804 prima,
1636 3749 1700 3787 ac
1749 3746 1984 3794 summa,

410 3845 465 3889 et
481 3834 820 3892 continenter
849 3829 917 3883 ab
955 3829 1076 3898 ipso
1122 3835 1307 3880 ortum
1337 3825 1613 3885 ducentia,
1637 3833 1690 3876 et
1730 3821 1986 3890 deinceps

419 3942 545 3996 qua;
574 3929 642 3980 ab
668 3925 762 3979 illo
787 3923 1006 3978 condita
1037 3926 1186 3983 sunt,
1213 3932 1438 3986 quaaque
1462 3914 1875 3982 intelligibilium
1893 3913 1987 3966 bo-

413 4031 611 4068 norum
659 4012 865 4082 optima
913 4008 1300 4064 communione
1360 4005 1638 4058 fruuntur.
1674 4001 1809 4057 Cum
1839 4002 1986 4056 enim

411 4109 518 4162 tria
576 4105 688 4160 sint
715 4119 913 4174 genera
955 4103 1010 4157 in
1061 4101 1266 4155 mundo
1305 4100 1511 4153 ratione
1536 4096 1758 4167 praedita
1792 4115 1805 4149 :
1840 4112 1990 4151 sum-

413 4213 561 4252 mum
627 4204 684 4250 et
740 4195 976 4265 primum
1029 4191 1443 4245 communicans
1501 4188 1621 4242 sine
1671 4187 1778 4241 ulla
1835 4202 1989 4242 com-

415 4285 714 4340 mutatione
760 4300 885 4339 cum
937 4283 1120 4338 divina
1169 4279 1370 4352 ᾔδεα
1430 4279 1686 4349 imagine,
1740 4278 1985 4332 divinum

413 4373 639 4427 omnino
684 4372 930 4428 ordinem
965 4373 1526 4440 compositionemque
1555 4369 1735 4432 habet,
1769 4368 1984 4437 qualem

411 4463 726 4519 caelestibus
765 4463 945 4517 inesse
972 4462 1232 4517 diximus.
1277 4457 1586 4513 Secundum
1617 4474 1746 4512 vero
1790 4473 1983 4513 conse-

415 4559 645 4617 quenter
689 4549 934 4603 divinum
968 4550 1216 4603 ordinem
1255 4548 1576 4615 admittens,
1626 4563 1732 4602 non
1776 4548 1988 4602 incom-

415 4641 781 4705 mutabiliter,
823 4655 924 4696 nec
969 4641 1202 4696 indivise
1229 4640 1508 4696 Creatoris
1573 4639 1984 4694 similitudinem

415 4732 663 4792 sortitur,
693 4733 786 4784 sed
821 4731 941 4785 sine
965 4745 1153 4785 errore
1183 4745 1250 4784 ac
1286 4730 1420 4784 vitio
1470 4729 1712 4798 paternis
1751 4728 1989 4782 volvitur

419 4821 626 4892 legibus
658 4821 804 4891 quod
836 4823 1074 4877 aetheriis
1113 4822 1531 4892 assignavimus.
1579 4817 1826 4874 Tertium
1859 4833 1989 4873 vero

415 4923 674 4983 tanquam
732 4924 1089 4983 postremum,
1121 4931 1227 4969 non
1275 4914 1451 4970 solum
1481 4912 1690 4969 caelesti
1728 4911 1990 4980 dignitate

416 5007 909 5074 quomodocunque
933 5006 1181 5072 vertitur,
1213 5006 1307 5060 sed
1341 5015 1394 5060 et
1431 5005 1500 5059 ab
1547 5003 1788 5058 aetheriis
1818 5002 1990 5056 inter-

417 5103 544 5150 dum
580 5097 817 5150 vitiatur.
855 5097 916 5150 Et
941 5098 1156 5165 quidem
1200 5114 1411 5166 semper
1452 5096 1620 5150 Deum
1666 5094 1989 5162 intelligere,

2085 3137 2284 3189 νόντων
2309 3138 2452 3190 κατά
2479 3137 2522 3166 ⁸⁸
2559 3136 2650 3188 τὸν
2681 3137 2780 3204 τῆς
2809 3137 3063 3206 προνοίας
3103 3136 3303 3204 θεσμὸν
3347 3134 3668 3204 δικαστικὴν

1188 3232 1341 3297 τάξει
1389 3233 1485 3286 καὶ
1529 3229 1708 3302 εἱρμῷ
1759 3229 1895 3300 πρὸς
1931 3231 2028 3293 τὰς
2091 3231 2486 3299 προαιρετικάς
2529 3225 2964 3294 ὑποθέσειςτῶν
3011 3228 3374 3292 αὑτεξουσίων
3415 3229 3597 3298 ἔργων
3625 3229 3670 3261 ⁸³

2463 3429 2563 3495 Τίς
2589 3431 2626 3498 ἠ
2667 3431 2918 3497 πρόνοια
2947 3431 3043 3484 καί
3072 3429 3280 3496 τάξις;

2187 3547 2284 3596 Οτι
2320 3543 2513 3603 κοινῶς
2540 3543 2638 3612 μὲν
2668 3544 2701 3611 ἡ
2732 3541 2956 3611 πρόνοια
2986 3545 3081 3596 καὶ
3112 3543 3272 3608 τάξις
3316 3543 3428 3598 ἀπὸ
3457 3544 3553 3598 τοῦ
3582 3547 3676 3617 δηο

2090 3635 2353 3708 μιουργοῦ
2401 3635 2537 3688 Θεοῦ
2575 3636 2752 3705 διήκει
2783 3628 2878 3688 ὲπῐ
2910 3637 3090 3690 πάντα
3119 3639 3189 3691 τὰ
3235 3637 3483 3692 ἀθάνατα
3519 3639 3676 3708 γένη,

2090 3728 2328 3796 μάλιστα
2374 3728 2432 3782 δὲ
2482 3728 2578 3779 καὶ
2628 3727 3071 3801 προσφυέστερον
3105 3730 3198 3782 ἐπὶ
3242 3731 3314 3783 τὰ
3349 3732 3544 3801 πρῶτα
3583 3733 3678 3785 καὶ

2087 3818 2370 3888 προσεχῶς
2392 3818 2487 3871 ἀπ’
2529 3817 2696 3870 αὑτοῦ
2739 3821 2838 3889 τὴν
2867 3819 3081 3887 γένεσιν
3125 3820 3319 3890 ἔχοντα
3340 3824 3435 3875 καὶ
3465 3824 3600 3892 ἑξῆς
3628 3824 3676 3856 ⁸⁸

2086 3909 2213 3962 ὄντα
2245 3909 2461 3978 ἐκείνῳ,
2515 3908 2608 3961 καὶ
2651 3909 2751 3978 τῆς
2779 3909 2890 3961 τῶν
2929 3910 3137 3978 νοητῶν
3187 3912 3410 3978 ἀγαθῶν
3442 3914 3677 3982 ἀρίστης

2090 3999 2384 4070 μετουσίας
2415 3998 2781 4054 ἀπολαύοντα.
2836 4001 3016 4070 Τριῶν
3045 4003 3155 4072 γὰρ
3188 4003 3358 4056 ὅντων
3380 4005 3491 4057 τῶν
3515 4007 3681 4072 ἐγκο-

2089 4091 2263 4158 σμίων
2305 4090 2505 4160 νοερῶν
2536 4091 2731 4158 γενῶν,
2762 4092 2824 4144 τὸ
2857 4093 2954 4170 μὲν
2999 4093 3302 4163 ἀκρότατον
3326 4095 3422 4148 καὶ
3456 4096 3682 4164 πρῶτον

2085 4182 2196 4235 τῶν
2213 4181 2308 4235 τοῦ
2336 4183 2687 4253 Δημιουργοῦ
2713 4184 3070 4253 γεννημάτων
3094 4185 3383 4252 ἀτρέπτως
3412 4187 3505 4239 καὶ
3537 4189 3682 4257 ἀμε-

2085 4274 2368 4344 ταϐλήτως
2416 4274 2516 4342 τῆς
2558 4274 2694 4342 πρὸς
2742 4275 2905 4327 αὑτὸν
2949 4276 3263 4344 ὁμοιώσεως
3309 4278 3588 4346 τυγχάνον
3624 4281 3684 4330 ὲν

2088 4365 2236 4436 πάσῃ
2271 4365 2385 4418 ἐστὶ
2441 4364 2670 4418 θεοειδεῖ
2722 4365 2965 4437 εὐταξία,
2995 4360 3107 4419 οἷον
3154 4368 3216 4420 τὸ
3258 4368 3366 4421 τῶν
3405 4370 3684 4438 οὐρανίων

2089 4456 2298 4525 ἔφαμεν
2329 4453 2505 4522 γένος.
2533 4454 2606 4507 Τὸ
2640 4454 2697 4506 δὲ
2721 4453 2766 4484 ⁸⁵
2795 4454 3069 4525 δεύτερον,
3101 4457 3369 4528 δευτέρως
3395 4461 3490 4512 καὶ
3516 4461 3683 4530 ὕφει-

2091 4545 2268 4614 μένως
2304 4544 2404 4612 τὴν
2445 4541 2596 4596 θείαν
2635 4542 2788 4608 τάξιν
2833 4545 3272 4616 παραδεχόμενον
3299 4588 3314 4613 ,
3368 4550 3470 4601 οὐκ
3516 4551 3688 4620 ἀτρέ-

2091 4650 2240 4698 πτως
2278 4632 2379 4703 μὲν
2423 4631 2532 4686 οὐδ’
2565 4633 2882 4703 ἀμερίστως
2911 4636 3010 4704 τῆς
3039 4637 3448 4708 δημιουργικῆς
3477 4639 3690 4708 ὀμοιώ-

2095 4743 2234 4788 σεως
2278 4724 2697 4794 μεταλαγχάνει,
2727 4726 3128 4799 ἀναμαρτήτως
3152 4729 3208 4783 δὲ
3235 4731 3330 4783 καὶ
3351 4732 3690 4794 ἀκακύντως

2093 4817 2201 4870 τῶν
2229 4815 2514 4887 πατρικῶν
2541 4817 2936 4886 ἐπιστρέφεται
2961 4819 3168 4888 νόμων,
3211 4821 3240 4874 ὂ
3268 4824 3384 4884 τοῖς
3414 4822 3692 4894 αἰθερίοις

2094 4907 2541 4978 ἀποδεδώκαμεν.
2575 4907 2650 4960 Τὸ
2690 4906 2747 4960 δὲ
2787 4909 2990 4978 τρίτον,
3013 4909 3086 4972 ὡς
3113 4911 3343 4979 ἔσχατον
3367 4912 3474 4964 τῶν
3518 4913 3691 4966 θείων

2095 5000 2293 5067 γενῶν,
2323 4999 2385 5051 οὐ
2415 4998 2577 5067 μόνον
2602 4997 2680 5068 τῷ
2706 4998 2752 5030 ⁸⁸
2775 4998 3023 5053 ὁπωσοῦν
3063 5002 3362 5071 τρέπεσθαι
3387 5003 3489 5072 τῆς
3515 5005 3622 5055 ὑπε
3635 5021 3696 5070 ρ-

2096 5093 2229 5163 οχῆς
2257 5091 2365 5144 τῶν
2395 5091 2660 5162 οὐρανίων
2688 5090 2886 5162 ὑπέϐη,
2934 5091 3071 5146 ἀλλά
3101 5095 3194 5146 καὶ
3223 5095 3301 5164 τῷ
3332 5111 3467 5148 ποτε
3507 5100 3696 5149 κα.κὺ-

1685 5236 1923 5292 νΑῐιιΑῑ
1993 5234 2394 5291 LECTIONES.
3087 5304 3093 5309 ι

485 5325 530 5357 θ’
563 5325 843 5398 Πλάτωνα]
876 5328 1016 5382 κατὰ
1046 5329 1304 5383 Πλάτωνα
1332 5329 1694 5391 Needhamus,
1738 5339 1908 5390 recte,
1939 5344 1969 5380 n

2086 5342 2199 5380 nox
2237 5326 2339 5392 leg.
2378 5327 2850 5398 μετενσωματοῦν.
2884 5326 3059 5397 ψυχὰς
3087 5341 3195 5398 om.
3229 5342 3313 5395 pr.
3336 5327 3415 5398 Α.
3498 5329 3544 5360 ⁷⁸
3586 5333 3695 5398 μό-

415 5413 520 5466 νων
641 5464 649 5466 _
685 5396 1074 5466 “htiéwttdrwv
1115 5417 1175 5463 ς.

415 5463 516 5538 B.”
557 5467 598 5496 ⁷³
633 5464 769 5538 δέ-ίῖ
796 5475 851 5520 et
876 5463 953 5522 rc.
987 5473 1162 5538 A,qui
1195 5487 1278 5538 pr.
1310 5486 1420 5525 om.
1453 5487 1466 5522 ε
1501 5487 1560 5520 τε
1602 5487 1661 5533 ς·

413 5535 538 5610 ςρίι.
565 5535 766 5610 ἰι-172
795 5538 901 5610 (’72.
979 5539 1021 5610 τέ’
1050 5535 1219 5610 ταύτῂ
1247 5545 1289 5594 A
1326 5560 1338 5594 :
1372 5541 1508 5608 αὐτῇ
1545 5556 1604 5602 ς.

412 5602 459 5632 ³⁸
486 5602 647 5659 ταῦτὸ
680 5624 739 5670 ς.

415 5672 460 5704 ⁵⁸
491 5676 547 5728 δὲ
576 5685 681 5732 οιιι.
705 5679 768 5730 Λ.

869 5681 914 5710 ⁸⁵
943 5679 1081 5749 Ityli
1112 5700 1122 5735 :
1159 5682 1216 5732 τό
1246 5699 1304 5745 ς.

1251 5402 1296 5433 ⁷⁸
1326 5399 1680 5454 συνίστασθαι
1702 5398 1742 5450 Α
1777 5417 1790 5451 :
1822 5397 2074 5450 ἵστασθαι
2107 5414 2168 5460 ς’.

1737 5469 1782 5500 ⁷⁸
1822 5467 2257 5537 πατρωνυμικήν
2294 5466 2353 5520 Β.

1483 5542 1508 5608 ᾖ
1545 5556 1604 5602 ς.
1693 5540 1738 5569 ⁷⁸
1766 5536 2035 5607 ἀνάγκην]
2069 5539 2315 5608 ἀνάγκην
2366 5536 2650 5608 προσίεται
2714 5536 3079 5608 Necdhainus
3108 5537 3234 5608 coll.

815 5609 856 5639 εί
886 5608 1025 5661 κατὰ
1055 5608 1563 5666 κιΙιΙίΝιιρόιιαιιιυδ
1586 5608 1709 5663 coll.
1738 5609 1770 5662 Ι.
1808 5610 1841 5662 l.
1866 5625 1913 5660 ν.
1941 5608 2023 5662 15.

2245 5398 2500 5468 ’κ’-καλεῖν
2555 5396 2639 5468 ιιι-ζ
2673 5402 2737 5452 Α.
2786 5399 2860 5468 7'”
2891 5396 3132 5468 πάντων]
3163 5413 3269 5449 των
3299 5397 3420 5468 sine
3448 5396 3693 5454 accentu

2443 5469 2489 5503 ’³⁷
2524 5464 2952 5540 νὸμοθετοῦσαν]
3009 5464 3277 5534 νέμουσαν
3328 5464 3696 5526 Ncedltatnus

2443 5538 2650 5589 οσίεται
2714 5537 3053 5589 Necdltantus
3108 5537 3234 5588 coll.
3289 5551 3342 5589 D.
3397 5537 3518 5589 171)..
3562 5541 3593 5589 Ι)
3633 5541 3694 5589 9.

2097 5607 2140 5638 ⁸³
2169 5609 2382 5676 ἐνεργεῖ
2404 5605 2460 5662 ll.
2505 5609 2549 5640 ³³
2575 5609 2750 5677 ἔργων
2777 5607 2903 5663 add.
2938 5609 3001 5661 Α.
3045 5606 3088 5638 δι
3121 5606 3246 5675 ἑξῆς
3272 5605 3314 5658 Α
3342 5623 3354 5658 :
3383 5605 3590 5677 ἐφεξῆς
3623 5627 3693 5675 ς,
