3966 6240
276 288 345 350 8!
1397 268 1919 360 BlBLIOTHECA.
1942 325 2006 336 ——
2027 301 2187 359 con.
2227 271 2412 354 chI'.
3458 283 3530 348 82
3552 258 3555 263 ’

282 402 465 456 νεσθαι
489 401 590 469 τῆς
627 400 738 453 τῶν
771 399 1031 471 αἰθερίων
1055 401 1211 465 ἀξίας
1240 402 1471 471 ὑπέστη.
1517 403 1588 454 Τὸ
1615 406 1712 471 μὲν
1743 406 1846 472 γὰρ

1968 414 2000 458 :t
2032 405 2357 457 adhaerendo
2391 402 2533 455 illius
2567 401 2930 468 cognitionem
2959 399 3179 461 habere,
3212 400 3525 454 cmlestibus

282 494 370 546 ἀεὶ
396 494 533 544 νοεῖν
565 492 660 543 τὸν
688 492 823 545 Θεὸν
873 494 968 547 καὶ
991 493 1282 562 ήνωμένως
1326 493 1489 546 αὐτοῦ
1521 495 1619 562 τὴν
1651 495 1854 561 γνῶσιν

281 586 426 655 ἔχειν
450 587 565 648 τοῖς
596 585 870 653 οὐρανίοις
903 585 1183 654 πρόσεστι·
1222 586 1284 637 τὸ
1337 585 1392 637 δὲ
1430 587 1515 638 ἀεὶ
1545 588 1643 655 μὲν
1683 588 1855 652 διεξο-

278 677 445 740 δικῶς
480 679 537 730 δὲ
584 680 698 740 τοῖς
729 678 991 747 αἰθερίοις
1022 680 1142 730 κατ’
1180 678 1366 731 οὐσίαν
1403 678 1659 748 ὑπάρχει·
1692 680 1753 732 τὸ
1798 681 1854 732 δὲ

282 771 423 839 μήτε
454 768 541 820 ἀεὶ
572 771 714 820 νοεῖν
756 770 851 820 καὶ
885 770 941 820 ἐν
973 768 1121 837 αὑτῷ
1153 769 1230 839 τῷ
1258 773 1396 823 νοεῖν
1436 769 1855 839 μεμερισμένως

278 863 421 912 νοεῖν
455 862 577 921 ταῖς
622 859 993 924 ἀνθρωπίναις
1020 861 1218 930 ψυχαῖς
1246 861 1320 923 ὡς
1352 861 1479 914 ἴδιον
1509 859 1847 923 ἀποδέδοται,

277 950 744 1019 ἀπολειπομέναις
772 953 911 1003 κατὰ
933 952 1094 1021 φύσιν
1116 954 1213 1020 τῆς
1236 970 1294 1006 τε
1322 954 1363 984 ⁸⁷
1397 953 1696 1023 ἀμερίστου
1728 955 1856 1022 νοή-

279 1060 421 1105 σεως
456 1041 565 1093 τῶν
617 1043 890 1110 οὐρανίων
935 1044 1027 1095 καὶ
1078 1043 1176 1112 τῆς
1211 1045 1267 1096 ἐν
1292 1042 1442 1107 τάξει
1472 1042 1855 1114 πληθυομένης

279 1132 536 1199 γνώσεως
550 1131 656 1182 τῶν
678 1132 952 1200 αίθερίων,
970 1132 1092 1184 ἐπεὶ
1112 1135 1246 1202 μήτε
1273 1134 1487 1192 ὲνιαίως
1511 1134 1647 1203 μήτε
1671 1132 1856 1193 ἀῖδίως

286 1226 503 1277 νοοῦσιν
532 1219 711 1286 αὗται,
744 1223 881 1277 ἀλλὰ
923 1226 1013 1277 καὶ
1066 1225 1195 1276 ὅταν
1238 1224 1375 1294 πρὸς
1423 1223 1521 1294 τὴν
1572 1222 1666 1275 τοῦ
1714 1226 1857 1275 νοεῖν

292 1316 447 1379 ἀξίαν
480 1316 813 1381 ἀνάγωνται,
835 1316 932 1387 τὴν
963 1316 1211 1384 αἰθερίαν
1239 1316 1529 1385 μιμοῦνται
1550 1316 1753 1382 γνῶσιν
1787 1314 1856 1380 ³⁸,

290 1412 382 1463 καὶ
416 1409 589 1479 ταύτῃ
616 1410 976 1477 συνεπόμεναι
1006 1407 1114 1459 τῶν
1139 1407 1343 1474 νοητῶν
1394 1404 1729 1476 καρποῦνται
1760 1405 1859 1474 τὴν

286 1504 435 1553 θέαν.
472 1500 628 1552 Μετὰ
659 1499 715 1551 δὲ
756 1498 817 1551 τὸ
843 1496 1024 1567 τρίτον
1067 1498 1253 1567 νοερὸν
1297 1496 1474 1564 γένος,
1500 1495 1561 1547 τὸ
1590 1498 1719 1547 ποτε
1752 1494 1852 1562 μὲν

280 1592 439 1645 νοοῦν
461 1591 591 1643 ποτὲ
608 1591 666 1643 δὲ
690 1591 763 1659 μὴ
792 1588 966 1652 νοοῦν,
1000 1589 1083 1658 εἴη
1114 1588 1180 1640 ἂν
1194 1588 1254 1640 τὸ
1283 1587 1552 1657 μηδέποτε
1575 1587 1731 1640 νοοῦν
1755 1604 1860 1640 κα-

281 1686 349 1736 τὰ
371 1685 465 1736 τὸν
486 1684 586 1750 τῆς
608 1683 819 1745 τελείας
838 1681 1152 1750 διαιρέσεως
1181 1680 1357 1747 λόγον·
1379 1680 1407 1731 ὃ
1437 1679 1501 1749 δὴ
1523 1679 1681 1745 φύσει
1710 1680 1858 1731 ἐστὶν

278 1742 816 1837 ἀνόητον,-ἀ).ηοείας
846 1788 905 1822 τε
936 1742 1031 1822 καὶ
1062 1742 1265 1839 ἀρετῆς
1290 1769 1414 1821 οὺδα
1426 1742 1501 1838 μη
1526 1742 1571 1801 έ⁹
1611 1770 1857 1839 μετέχειν
1884 1742 1931 1800 Β

279 1864 580 1930 δυνάμενον
605 1860 671 1914 ’⁸.
691 1860 781 1913 Διὸ
799 1861 965 1913 καὶτὸ
983 1856 1122 1914 εἶναι
1159 1862 1406 1930 γέννημα
1423 1862 1633 1914 ἐκείνου
1662 1862 1861 1914 ἐκϐάλ-

281 1956 460 2007 λεται.
496 1954 619 2017 Πῶς
650 1955 759 2024 γὰρ
789 1954 953 2007 εἰκὼν
969 1955 1060 2007 τοῦ
1104 1954 1294 2021 νοητοῦ
1309 1955 1444 2007 Θεοῦ
1467 1954 1525 2006 τὸ
1550 1953 1744 2021 ἄλογον
1768 1955 1861 2006 καὶ

282 2046 515 2113 ἀνόητον
537 2063 553 2108 ς
581 2048 731 2097 παῖσα
754 2048 861 2116 γὰρ
886 2048 1094 2099 ἐκείνου
1129 2045 1294 2098 εἰκὼν
1316 2046 1498 2108 ἔννους
1517 2047 1611 2099 καὶ
1642 2046 1859 2115 λογικὴ,

286 2140 381 2189 καὶ
402 2138 447 2167 ⁹¹
476 2137 764 2205 γινώσκειν
785 2140 984 2207 ἑαυτὴν
1025 2140 1118 2191 καὶ
1150 2137 1241 2189 τὸν
1266 2140 1568 2207 ποιήσαντα
1592 2138 1858 2207 πέφυκεν.

365 2251 486 2302 Ὀτι
536 2249 646 2301 τῶν
703 2249 887 2302 ἐνθάδε
919 2250 1308 2318 πραττομένων
1339 2251 1468 2317 ἡμῖν
1517 2249 1676 2316 λόγον
1716 2252 1863 2319 ἡμᾶς

290 2343 505 2404 ἕπεται,
540 2341 727 2410 φησιν,
751 2341 973 2408 ὑπέχειν
1006 2338 1137 2411 [752
1173 2338 1269 2412 Η.]
1297 2342 1410 2402 τοῖς
1441 2341 1538 2409 τὴν
1577 2343 1750 2409 μέσην
1779 2342 1866 2411 λῆ-

288 2436 373 2501 ξιν
398 2433 680 2503 λαχοῦσιν,
709 2435 805 2485 am
833 2433 896 2501 δὴ
925 2433 1120 2501 φύλαξι
1144 2434 1240 2485 καὶ
1265 2434 1482 2503 ἐφόροις
1506 2430 1657 2486 οὖσιν
1683 2435 1860 2503 ἡμῶν.

287 2527 482 2579 Πᾶσαν
510 2527 565 2578 δὲ
596 2527 696 2596 τὴν
730 2528 858 2595 περί⁸
893 2527 1039 2597 ἡμᾶς
1066 2525 1244 2578 αὐτῶν
1280 2527 1560 2594 ἐνέργειαν
1589 2525 1866 2595 εἱμαρμέ-

287 2636 389 2687 νην
429 2619 735 2682 καλεῖσθαι,
770 2618 923 2687 δίκης
963 2619 1150 2687 νόμοις
1181 2618 1250 2669 τὰ
1274 2617 1516 2687 ἡμέτερα
1558 2616 1867 2669 διατάττου-

287 2729 414 2764 σαν.
456 2712 517 2763 Et
548 2710 605 2763 δὲ
655 2710 894 2778 φύλακές
921 2712 1026 2761 εἰσι
1061 2710 1239 2778 (φησὶ)
1276 2709 1370 2762 τοῦ
1412 2709 1548 2775 πρὸς
1576 2710 1674 2778 τὴν
1708 2708 1866 2772 ἀξίαν

284 2803 691 2873 ἀφοριζομένου
734 2802 871 2870 βίου,
920 2802 1165 2871 δηλονότι
1196 2802 1293 2853 καὶ
1319 2799 1411 2853 τοῦ
1439 2801 1635 2871 χρόνον
1663 2795 1770 2852 εἷεν
1798 2799 1864 2854 ἂν

284 2896 509 2965 ἀποπλη
520 2896 708 2965 ρωταὶ,
732 2894 791 2946 ὃν
819 2895 1047 2957 ἕκαστος
1080 2894 1191 2963 βίος
1212 2893 1257 2925 ⁸³
1281 2893 1653 2963 ἐκληρώσατο·
1677 2886 1738 2945 οὐ
1758 2893 1867 2961 γὰρ

284 2990 406 3041 ἔστι
436 2989 530 3040 τὸν
566 2988 678 3056 βίον
700 2990 881 3057 τηρεῖν
904 2987 1000 3039 τοῦ
1031 2987 1222 3056 χρόνου
1253 2986 1313 3037 τὸ
1344 2986 1592 3054 ἀόριστον
1626 2985 1861 3055 ἔχοντος.

288 3081 460 3132 Ὠστε
496 3078 579 3132 δεῖ
606 3080 697 3132 τὸν
730 3080 827 3147 μὲν
868 3080 1059 3149 χρόνον
1102 3077 1333 3146 ὡρίσθαι
1378 3078 1466 3129 διὰ
1504 3078 1566 3129 τὸ
1597 3077 1867 3141 σώζεσθαι
1894 3076 1937 3134 C

284 3174 384 3225 τὸν
420 3171 753 3240 εἱμαρμένον
811 3170 945 3240 βίον,
979 3170 1072 3222 τὸν
1116 3169 1171 3220 δὲ
1203 3170 1404 3238 τρόπον
1458 3170 1558 3238 τῆς
1609 3170 1867 3240 τελευτῆς

290 3263 676 3330 συνδιωρίσθαι
702 3260 782 3330 τῷ
825 3261 1000 3331 χρόνῳ
1045 3260 1120 3324 ὡς
1174 3261 1337 3330 μέρος
1379 3258 1516 3312 ὄντα
1550 3261 1610 3314 τὸ
1640 3261 1868 3331 ἔσχατον

286 3353 385 3407 τοῦ
428 3354 568 3422 πρὸς
616 3354 716 3423 τὴν
762 3352 917 3417 ἀξίαν
961 3352 1399 3423 ἀπονεμηθέντος
1444 3353 1582 3423 βίου.
1630 3356 1739 3407 Καὶ
1761 3357 1868 3425 γὰρ

286 3449 391 3516 τῆς
437 3446 706 3513 γενέσεως
746 3446 1058 3516 ὡρισμένης
1113 3446 1324 3516 ἀνάγκη
1381 3447 1478 3499 καὶ
1517 3448 1607 3499 τὸν
1640 3447 1868 3500 θάνατον

287 3538 548 3609 ὡρίσθαι.
599 3538 709 3608 Τήν
755 3539 810 3591 δὲ
846 3541 1018 3609 ἀρχὴν
1070 3539 1171 3607 τῆς
1197 3539 1464 3605 γενέσεως
1500 3539 1671 3608 ὁρίζει
1702 3541 1736 3608 ἡ
1768 3538 1867 3609 τῆς

290 3632 508 3685 ἐκεῖθεν
562 3632 856 3701 ἐκπομπῆς
899 3633 1228 3701 εἱμαρμένη,
1284 3630 1403 3683 θεία
1456 3630 1705 3698 βούλησις
1735 3627 1870 3684 οὖσα

289 3725 389 3777 καὶ
422 3726 587 3794 νόμος
622 3725 721 3793 τῆς
763 3725 855 3777 τοῦ
884 3723 1019 3776 Θεοῦ
1054 3724 1231 3793 δίκης.
1268 3722 1431 3794 [1585
1460 3722 1554 3793 IL]
1584 3724 1743 3775 Ὥστε
1775 3724 1870 3776 καὶ

285 3818 385 3869 τὸν
412 3816 643 3869 θάνατον
672 3816 973 3886 ὡρισμένον
997 3818 1224 3885 τηρήσει
1249 3818 1281 3883 ἡ
1309 3815 1408 3882 τῆς
1440 3815 1651 3867 ἐνθένδε
1686 3818 1869 3867 ἐκεῖσε

292 3906 684 3978 μεταστάσεως
732 3905 1063 3975 εἱμαρμένη.
1122 3905 1213 3957 Διὸ
1264 3904 1493 3970 ὥρισται
1552 3907 1645 3957 καὶ
1692 3907 1754 3957 τὸ
1782 3906 1870 3958 διὰ

287 3999 465 4051 τῶνδε
508 3999 605 4068 μὲν
640 3995 930 4066 παρελθεῖν
962 3997 1039 4056 είς
1088 3995 1179 4048 τὸν
1219 3995 1357 4064 βίον,
1400 3996 1489 4048 διὰ
1521 3996 1686 4047 τῶνδε
1727 3996 1784 4049 δὲ
1823 3997 1870 4028 ⁸³

290 4091 357 4143 ὲκ
382 4090 480 4143 τοῦ
523 4089 638 4157 βίου
670 4086 944 4140 ἀπελθεῖν.
992 4087 1055 4139 Εἰ
1083 4087 1193 4157 γὰρ
1229 4087 1459 4157 ἀόριστα
1488 4088 1687 4149 ταῦτα,
1721 4089 1814 4140 καὶ
1842 4088 1872 4140 ό

289 4183 410 4254 βίος
445 4182 593 4244 ἅπας
625 4181 875 4252 ἀόριστος
922 4181 1015 4232 καὶ
1066 4184 1165 4249 τῆς
1204 4183 1513 4250 κρείττονος
1550 4182 1871 4246 ἐπιστασίας

286 4277 548 4347 ἄμοιρος.
587 4275 697 4327 Ποῦ
738 4272 846 4343 γὰρ
887 4271 967 4325 ἔτι
1009 4272 1043 4342 ἥ
1081 4273 1137 4323 ὲν
1162 4271 1270 4324 τίσι
1310 4273 1408 4341 τῆς
1444 4272 1595 4334 θείας
1635 4274 1870 4342 κρίσεως

288 4368 514 4436 καὶτῆς
542 4367 680 4438 πρὸς
707 4366 865 4431 ἀξίαν
883 4366 1142 4434 διανομῆς
1168 4364 1319 4417 ἔσται
1349 4367 1381 4434 ἡ
1422 4364 1727 4434 ἐπιμέλεια,
1759 4364 1867 4418 τῶν

1957 497 2116 549 inest.
2174 496 2306 547 Illud
2349 510 2476 547 vero
2530 510 2743 559 Semper
2795 493 2913 545 fuse
2951 492 3192 546 :etheriis
3223 493 3522 546 secundum

1955 588 2245 642 essentiam
2284 588 2488 641 subest.
2537 585 2653 637 Non
2718 602 2933 653 semper
2988 594 3169 638 autem
3205 585 3525 653 intelligere.

1958 687 2121 745 atque
2173 676 2521 744 intelligendo
2571 674 2805 727 divisum
2856 690 3002 736 esse,
3041 674 3294 727 humanis
3333 674 3529 729 animis

1958 779 2217 837 tanquam
2251 768 2529 837 proprium
2551 766 2736 819 datum
2770 774 2873 829 est,
2904 782 3010 818 non
3036 765 3528 834 assequentihusin

1959 870 2153 914 natura
2179 860 2409 914 divisam
2439 858 2845 929 intelligentiam
2876 850 3321 923 cmlestiummec
3353 859 3405 911 in
3435 873 3529 912 or-

1958 955 2084 1008 dine
2115 969 2215 1007 suo
2232 954 2443 1021 plenam
2467 952 2829 1021 cognitionem
2848 950 3220 1003 :etheriornm.
3243 950 3527 1019 Siquidem

1960 1062 2060 1101 nec
2106 1046 2468 1108 continenter,
2494 1059 2597 1097 nec
2646 1053 2909 1112 perpetuo
2972 1041 3139 1095 animi
3167 1050 3524 1112 cognoscunt.

1962 1139 2067 1193 Sed
2106 1155 2230 1193 cum
2263 1139 2327 1192 ad
2361 1138 2685 1208 cognitionis
2702 1139 3073 1207 praestantiam
3106 1141 3337 1199 ducunt,
3362 1137 3531 1191 aethe-

1963 1235 2100 1286 rium
2134 1231 2377 1284 ordinem
2399 1230 2663 1293 imitatur,
2683 1244 2913 1297 eumque
2944 1228 3400 1290 concomitantcs,
3436 1228 3522 1279 in-

1963 1323 2320 1395 telligibilium
2354 1323 2618 1375 visionem
2646 1321 2977 1390 percipiunt.
3020 1320 3148 1374 Post
3188 1320 3405 1373 tertium
3436 1334 3532 1371 au-

1962 1426 2067 1469 tem
2108 1414 2472 1468 intellectuale
2520 1428 2689 1483 genus
2718 1412 3013 1481 aliquando
3057 1411 3274 1481 quidem
3323 1410 3527 1463 intelli-

1960 1522 2111 1576 gens,
2169 1505 2462 1573 aliquando
2523 1518 2630 1557 non
2696 1504 3021 1572 intelligens,
3057 1511 3203 1557 esset
3245 1519 3525 1570 nunquam

1961 1599 2267 1668 intelligens
2326 1596 2621 1652 secundum
2650 1596 2912 1649 rationem
2949 1595 3199 1665 perfectae
3226 1595 3533 1649 divisionis.

1961 1688 2114 1754 Quod
2135 1698 2278 1742 certe
2302 1696 2496 1741 natura
2512 1697 2593 1741 est
2619 1703 2723 1741 non
2747 1688 3067 1757 intelligens,
3089 1686 3332 1740 veritatis
3351 1695 3405 1739 et
3428 1685 3537 1739 vir—

1963 1783 2451 1851 tutisnequaquain
2482 1791 2789 1850 potestesse
2817 1781 3084 1849 particeps
3115 1794 3322 1848 :quare
3346 1789 3401 1831 et
3433 1777 3538 1831 hoc

1962 1890 2135 1945 genus
2185 1873 2450 1941 rejicitur.
2488 1872 2775 1938 Quomodo
2807 1873 2948 1926 enim
2981 1873 3157 1940 imago
3182 1869 3532 1939 intelligibilis

1963 1967 2057 2019 Dei
2114 1966 2321 2018 ratione
2345 1975 2399 2018 et
2440 1980 2546 2018 non
2597 1965 2870 2017 intellectu
2897 1962 3116 2017 careat?
3153 1961 3345 2016 Omnis
3389 1962 3532 2014 enim

1964 2060 2111 2113 illius
2169 2059 2346 2127 imago
2408 2057 2715 2125 intelligens
2754 2065 2809 2110 et
2862 2055 3143 2110 rationalis
3208 2069 3537 2123 cognoscere

1964 2151 2196 2219 seipsam
2237 2158 2290 2203 et
2311 2151 2393 2202 sui
2445 2148 2703 2202 factorem
2736 2147 2891 2201 solet.

2034 2263 2492 2325 Consentaneum,
2548 2261 2743 2331 inquit,
2769 2269 2856 2315 est
2896 2260 3143 2314 actiones
3196 2267 3409 2312 nostras
3438 2258 3538 2311 hu-

1966 2370 2156 2407 manas
2190 2355 2413 2407 subesse
2444 2353 2532 2416 iis,
2559 2367 2681 2421 qua:
2717 2351 2953 2404 mediam
3008 2350 3284 2419 regionem
3331 2350 3540 2403 sortita:

1967 2454 2114 2508 sunt,
2150 2454 2407 2512 tanquam
2432 2443 2754 2496 custodibus
2781 2450 2835 2494 et
2867 2440 3266 2509 inspectoribus
3313 2440 3538 2493 nostris.

1966 2535 2194 2590 Omnem
2232 2536 2376 2587 enim
2412 2534 2785 2602 Operationem
2829 2547 3019 2586 eorum
3083 2533 3135 2585 in
3180 2530 3337 2584 nobis
3367 2528 3538 2582 fatum

1965 2630 2148 2683 vocari
2176 2628 2400 2698 justitiae
2430 2629 2638 2695 legibus
2665 2627 2926 2695 dirigens.
2956 2626 3013 2679 Si
3038 2640 3187 2689 vero,
3222 2623 3419 2691 inquit,
3446 2637 3543 2675 cu-

1968 2725 2155 2779 stodes
2187 2722 2306 2774 vitae
2334 2734 2429 2788 pro
2462 2721 2658 2771 merito
2692 2718 2896 2771 deliniti
2922 2725 3069 2776 sunt.
3100 2721 3315 2768 constat
3341 2722 3395 2766 et
3420 2714 3543 2765 vita:

1971 2827 2218 2885 tempus,
2266 2812 2409 2881 quod
2454 2813 2649 2883 singuli
2703 2811 2880 2865 sortiti
2933 2809 3157 2873 fuerint,
3199 2805 3540 2875 impleturos.

1967 2913 2085 2965 Non
2117 2914 2262 2964 enim
2296 2910 2420 2963 licet
2472 2909 2634 2959 vitam
2671 2918 2888 2959 servare
2937 2913 3146 2969 tempus
3200 2899 3540 2953 indeﬁnitum

1971 3004 2278 3057 habentem.
2306 2999 2489 3066 Quare
2523 3008 2735 3066 oportet
2773 3006 2984 3065 tempus
3008 2991 3243 3055 deliniri,
3275 3001 3331 3044 ut
3363 2989 3545 3042 fatalis

1972 3093 2077 3145 vita
2107 3100 2480 3145 conservetur.
2527 3086 2747 3140 Modum
2783 3101 2911 3138 vero
2939 3084 3133 3137 mortis
3164 3080 3328 3136 simul
3360 3080 3543 3133 deter-

1970 3183 2167 3237 minari
2218 3196 2342 3235 cum
2402 3189 2669 3247 tempore,
2729 3184 2986 3242 tanquam
3032 3179 3240 3240 partem
3300 3167 3542 3220 ultimam

1971 3278 2093 3327 vita:
2126 3288 2221 3342 pro
2247 3272 2445 3325 merito
2496 3268 2824 3323 distributae.
2883 3264 3095 3317 Etenim
3139 3271 3260 3315 ortu
3296 3259 3541 3322 deﬁnito,

1970 3379 2197 3418 necesse
2226 3371 2310 3416 est
2356 3370 2408 3414 et
2444 3362 2603 3412 linem
2657 3355 2940 3409 deﬁnitum
3003 3365 3143 3406 esse.
3177 3347 3372 3420 4621)
3428 3346 3537 3399 lni-

1970 3452 2104 3506 tium
2156 3460 2310 3504 ortus
2339 3447 2525 3503 deﬁnit
2570 3445 2743 3499 fatum
2788 3441 3131 3512 migrationis
3169 3456 3200 3493 e
3236 3441 3364 3503 vita,
3400 3438 3542 3507 quod

1971 3544 2141 3595 fatum
2196 3540 2378 3595 divina
2435 3538 2691 3592 voluntas
2748 3544 2864 3599 est,
2906 3543 2959 3586 et
3014 3532 3097 3586 lex
3151 3528 3377 3599 iustitia:
3431 3528 3542 3580 Dei.

1972 3628 2179 3707 Quare'
2210 3638 2373 3692 etiam
2426 3644 2654 3689 mortem
2726 3631 3005 3686 deﬁnitam
3084 3626 3321 3681 servabit
3375 3622 3542 3676 fatum

1971 3733 2311 3789 transitionis
2343 3730 2469 3783 hinc
2500 3728 2649 3782 illuc.
2676 3726 2855 3792 Quare
2889 3722 3173 3775 delinituin
3209 3727 3312 3778 est,
3348 3714 3546 3784 quibus

1973 3825 2037 3878 ad
2083 3826 2249 3876 vitam
2301 3830 2357 3874 et
2409 3820 2475 3873 ad
2523 3827 2750 3870 mortem
2799 3813 3100 3867 veniemus.
3150 3806 3206 3860 Si
3238 3806 3382 3859 enim
3434 3804 3548 3857 haec

1972 3914 2240 3967 destinata
2273 3926 2382 3963 non
2415 3910 2545 3972 sint,
2581 3916 2634 3959 et
2664 3905 2845 3958 omnis
2892 3902 3005 3955 vita
3048 3899 3278 3958 inlinita,
3306 3911 3404 3948 nec
3430 3910 3547 3946 me-

1976 4005 2129 4059 lioris
2157 4002 2323 4057 sortis
2342 4003 2633 4070 particeps.
2681 3996 2784 4050 Ubi
2811 3997 2980 4055 enim,
3005 4003 3097 4046 aut
3125 3992 3178 4043 in
3211 3988 3433 4057 quibus,
3460 3986 3548 4053 ju-

1974 4098 2101 4151 dicii
2133 4096 2324 4158 divini,
2358 4102 2413 4147 et
2452 4088 2858 4145 distrilmtionis
2881 4086 3183 4141 secundum
3217 4080 3411 4135 merita
3444 4078 3548 4131 erit

1974 4197 2128 4245 cura,
2163 4194 2353 4233 eorum
2378 4191 2498 4246 qua:
2522 4176 2575 4227 in
2610 4187 2838 4240 corpore
2868 4180 2922 4224 et
2944 4167 3183 4224 externis
3210 4164 3429 4219 ‘temere
3487 4175 3551 4215 ac

1989 4272 2212 4324 fortuito
2242 4269 2398 4322 nobis
2436 4264 2728 4321 accidunt?
2761 4260 2882 4315 Non
2914 4260 3059 4313 enim
3103 4259 3218 4311 haec
3242 4254 3548 4309 inordinata

1980 4364 2375 4431 relinquemus,
2417 4358 2583 4411 animi
2618 4354 2845 4409 consilia
2877 4349 3180 4420 etjudicia,
3220 4359 3276 4401 et
3311 4347 3547 4413 impetus

286 4464 420 4532 περὶ
452 4433 516 4513 τὸ
552 4433 712 4529 σιῦμα
754 4459 936 4511 καὶτὰ
962 4433 1117 4521 ὲκτδς
1149 4460 1270 4529 εἰκῆ
1300 4433 1391 4511 καί
1419 4458 1494 4521 ὼς
1525 4433 1717 4526 ἔτυχεν
1738 4459 1863 4527 ἡμῖν

1979 4472 2007 4507 a
2043 4454 2250 4507 meliori
2283 4451 2607 4505 necessitate
2655 4446 2769 4500 ﬁeri
2800 4446 3065 4497 dicemus.
3092 4441 3184 4494 Sic
3213 4438 3356 4492 enim
3386 4437 3549 4489 virtu-

289 4553 715 4624 συμπιπτόντων
734 4569 748 4615 ;
774 4554 849 4604 Οὐ
872 4552 982 4621 γὰρ
1005 4551 1176 4604 ταῦτα
1199 4552 1295 4621 μὲν
1316 4553 1525 4605 ἄτακτα
1544 4551 1868 4619 καταλείψο-

291 4664 411 4714 μεν,
446 4646 547 4707 τὰς
562 4645 619 4697 δὲ
650 4646 809 4714 τῆςθδ
834 4644 1009 4714 ψὺχῆς
1046 4644 1391 4714 προαιρέσεις
1414 4644 1508 4695 καὶ
1531 4645 1740 4713 κρίσεις
1775 4643 1870 4695 καὶ

285 4737 466 4806 ὁρμὰς
492 4736 601 4789 ἀπὸ
633 4735 941 4804 κρείττονος
969 4735 1214 4804 ἀνάγκης
1260 4732 1570 4802 ἐγγίνεσθαι
1597 4735 1866 4803 φήσομεν·

285 4831 430 4883 οὕτω
470 4829 581 4898 γὰρ
609 4828 810 4897 ἀρετῆς
840 4828 934 4880 καὶ
962 4827 1159 4889 κακίας
1182 4828 1281 4896 οὐχ
1320 4827 1468 4895 ἡμᾶς
1508 4827 1725 4889 αὐτοὺς,
1751 4823 1868 4877 ἀλλ’

288 4922 508 4990 ἐκείνην
539 4919 947 4988 αἱτιασαίμεθα.
975 4920 1110 4972 Οὐδὲ
1143 4918 1247 4989 μὴν
1269 4919 1448 4972 πάντα
1475 4920 1540 4987 τῇ
1566 4920 1695 4986 παρ’
1728 4916 1872 4968 ὲκεί-

290 5033 396 5067 νων
429 5014 647 5085 ἀνάγκη
677 5012 896 5080 εὔλογον
926 5012 1256 5076 ἀνατιθέναι,
1288 5010 1357 5064 τὰ
1390 5012 1486 5079 τῆς
1518 5010 1695 5079 ψυχῆς
1726 5010 1870 5076 λέγω

294 5110 388 5159 καὶ
436 5107 693 5175 σώματος
736 5107 829 5159 καὶ
860 5105 970 5157 τῶν
997 5106 1172 5166 ἐκτός·
1211 5103 1324 5156 ἀλλ’
1350 5103 1470 5156 οὐδὲ
1501 5104 1677 5156 πάντα
1722 5102 1873 5154 ἀνεῖ-

295 5200 417 5253 σθαι
449 5202 569 5262 ταῖς
611 5199 828 5266 ἀλόγοις
857 5198 952 5250 καὶ
982 5197 1351 5267 ἀνεπικρίτοις
1397 5196 1609 5265 φοραῖς,
1642 5192 1733 5247 νοῦ
1762 5191 1871 5244 τῶν

1975 4550 2043 4601 tis
2080 4559 2133 4600 et
2176 4546 2393 4599 malitiae
2421 4560 2527 4597 non
2554 4557 2651 4595 nos
2682 4541 2852 4609 ipsos,
2884 4538 2977 4591 sed
3012 4536 3159 4588 illam
3195 4529 3545 4586 accusaveri-

1974 4654 2120 4691 mus.
2182 4634 2366 4705 Neque
2425 4635 2569 4687 enim
2630 4646 2846 4699 a'qttum
2890 4637 2975 4682 est
3034 4626 3181 4680 l'atali
3238 4620 3547 4676 necessitati

1974 4730 2267 4793 ascribere,
2289 4742 2410 4797 quae
2439 4727 2623 4779 animo
2654 4724 2741 4776 vel
2763 4721 3003 4791 corpori,
3028 4719 3108 4771 vel
3130 4715 3373 4771 externis
3407 4713 3550 4767 acci-

1974 4825 2131 4876 dunt.
2165 4820 2270 4874 Sed
2310 4835 2484 4887 neque
2518 4817 2702 4870 omnia
2753 4814 2879 4867 ferri
2934 4810 3239 4865 temerariis
3297 4816 3392 4860 aut
3436 4806 3548 4860 fcr-

1970 4916 2119 4970 tuitis
2187 4913 2407 4966 casibus
2469 4926 2566 4981 par
2627 4919 2735 4973 est,
2769 4914 2949 4961 mente
3006 4903 3369 4974 principatum
3430 4898 3549 4953 om;-

1969 5008 2120 5058 nium
2170 5011 2410 5064 tenente,
2460 5012 2515 5055 et
2564 4999 2674 5052 Deo
2727 4997 2972 5052 omnium
3021 4995 3315 5049 exsistente
3359 5005 3545 5045 causa.

1971 5098 2294 5152 Necessario
2351 5096 2536 5165 itaque
2585 5093 2915 5161 relinquitur
2963 5090 3255 5144 arbitrium
3309 5087 3541 5140 liberum

1970 5190 2026 5244 in
2053 5189 2212 5244 nobis
2239 5203 2382 5252 esse,
2409 5196 2465 5241 et
2492 5186 2670 5254 justas
2710 5182 3099 5240 retributiones
3130 5180 3317 5236 liberis
3370 5174 3544 5229 actio-

1681 5395 1924 5451 VARUE
1987 5390 2394 5448 LECTIONES.

355 5556 398 5589 ⁸⁷
428 5573 488 5637 τε
514 5555 717 5637 om._B.
794 5555 842 5637 εξ
873 5572 1004 5636 μιμἶ
1022 5554 1175 5637 τάξιν
1204 5553 1417 5637 γνῶσιν,
1438 5572 1494 5617 ς’.
1574 5554 1618 5584 ⁸⁸
1640 5552 1861 5637 ,οὐδαμῆ
1911 5549 2179 5637 μετέχειν]
2221 5548 2462 5637 οὐδαμοῦ
2488 5546 2717 5637 uitiaui}
2746 5555 2972 5637 et‘coII.
3018 5543 3083 5595 A.
3251 5538 3545 5637 ἒννάμενρν

297 5640 405 5680 οιιι.
442 5626 508 5689 Α,
544 5637 605 5679 ut
641 5612 1034 5694 Iegenduin'sit
1060 5612 1266 5693 οὖδαμῆ
1292 5612 1536 5695 μετέχον.
1602 5625 1654 5671 P‘
1688 5612 1932 5683 καὶόἰιιιὲ
1959 5612 2249 5690 γινὶῦσκὲιν
2273 5612 2402 5675 add.
2430 5612 2502 5672 Αξ
2574 5618 2619 5649 ⁹²
2652 5619 2765 5687 βίος
2799 5616 2844 5669 Α
2870 5634 2883 5671 :
2916 5616 3029 5684 βίον
3053 5629 3115 5675 ς.
3189 5613 3234 5644 ⁹³
3257 5612 3313 5664 δὲ
3337 5630 3448 5668 om.
3474 5615 3541 5677 Λ,

297 5708 418 5753 ante
440 5695 611 5750 τῶνδε
650 5700 802 5764 ponit
833 5697 893 5750 Β.
985 5696 1029 5727 ⁸⁸
1052 5695 1151 5763 τῆς
1176 5696 1299 5749 add.
1334 5698 1396 5748 A.
