3944 6242
329 225 407 291 83
1485 230 1752 293 PHOTII
1789 231 1917 291 PA']

2023 231 2296 293 Anam
2321 235 2432 294 (ΣΡ.
3519 227 3588 291 84

333 340 497 398 nibus
515 357 680 413 penes
708 341 967 398 aetherios
997 355 1119 397 esse
1144 357 1174 396 a
1206 340 1322 413 Deo
1355 340 1567 411 iudices
1597 345 1905 409 ordinatos,

2020 346 2231 400 πάντων
2257 346 2566 418 ἡγουμένου
2597 349 2692 402 καὶ
2720 345 2853 402 Θεοῦ
2884 347 2993 401 τῶν
3022 346 3158 400 ὅλων
3198 346 3351 408 ὄντος
3387 344 3587 400 αἰτίου.

328 443 384 486 et
421 432 595 487 nostri
634 447 821 486 curam
874 441 1146 500 gerentes.
1199 431 1337 487 Cum
1366 435 1513 488 enim
1545 434 1645 487 tria
1706 434 1819 488 sint
1851 434 1905 487 in

329 525 510 587 nobis,
554 526 735 579 omnia
786 524 1041 577 nimirum
1096 525 1411 580 necessario
1449 525 1586 592 ﬁeri,
1618 535 1714 580 aut
1746 525 1906 591 nihil,

329 626 424 670 aut
450 616 689 671 vicissim
712 634 727 682 ;
759 615 842 671 vel
870 625 929 669 ut
950 626 1186 684 oportet,
1210 631 1361 687 mque
1391 617 1685 672 absurdum
1713 629 1815 681 est,
1856 626 1910 673 et

326 710 609 778 aequaliter
657 723 871 763 omnem
915 709 1051 762 tollit
1072 708 1495 778 providentiam.
1526 709 1716 765 Merita
1762 710 1909 765 enim

332 803 561 870 praevisa
588 817 693 856 una
717 817 903 858 secum
925 803 1148 857 omnino
1181 802 1451 858 inducunt
1486 804 1908 873 providentiam,

330 905 384 949 et
414 894 607 949 deinde
648 892 822 949 fatum
856 894 1202 965 etjudicium
1250 896 1569 967 providens,
1595 896 1809 967 justitia
1856 906 1912 952 et

331 987 446 1055 lege
478 986 716 1041 humana
749 987 1033 1055 ordinans,
1075 988 1247 1043 libero
1278 1003 1343 1043 ac
1362 990 1673 1044 voluntario
1706 990 1912 1061 indiget

338 1078 628 1147 principio.
658 1077 841 1144 Quare
867 1095 993 1149 pars
1026 1089 1109 1134 est
1139 1081 1308 1136 totius
1345 1080 1704 1150 providentiae
1738 1080 1909 1136 fatum

332 1169 397 1220 ad
424 1168 694 1224 humanas
715 1170 925 1228 animas
943 1171 1233 1241 judiciaria
1261 1172 1378 1244 lege
1411 1174 1908 1230 accommodatum.

334 1259 714 1315 llumanorum
745 1277 876 1317 vero
915 1264 1228 1319 animorum
1262 1265 1532 1334 Operatio,
1569 1266 1739 1321 libera
1768 1267 1911 1322 actio

334 1360 436 1416 est,
472 1362 544 1415 et,
604 1353 748 1421 quod
775 1354 972 1408 dicitur
996 1356 1051 1409 in
1074 1365 1262 1411 nostra
1301 1372 1423 1413 esse
1454 1367 1739 1425 potestate,
1763 1358 1816 1411 id
1833 1357 1915 1413 di-

335 1444 475 1497 vinis
493 1444 773 1511 judicibus
801 1446 1000 1500 rationi
1032 1458 1404 1503 consentanea
1424 1448 1643 1503 occasio
1665 1458 1748 1504 est
1776 1448 1912 1504 ina:-

334 1534 514 1602 qualis
538 1536 962 1593 distributionis.
992 1536 1296 1593 Fortuitum
1333 1554 1463 1594 vero
1510 1548 1682 1595 totum
1710 1550 1916 1595 morta-

336 1625 500 1687 libus,
535 1636 588 1680 et
615 1628 792 1684 brutis
828 1629 1086 1684 tribuitur
1111 1631 1576 1702 generationibus.
1620 1632 1739 1687 Non
1766 1632 1912 1687 enim

335 1721 391 1773 in
428 1720 661 1790 singulis
706 1722 976 1788 ordinate,
1023 1739 1202 1792 neque
1248 1724 1403 1794 juxta
1453 1726 1682 1795 praevisa
1723 1726 1915 1780 merita

334 1814 626 1881 procedit:
661 1816 932 1884 siquidem
988 1831 1056 1871 ex
1096 1817 1219 1887 igne
1260 1817 1529 1872 exstincto
1570 1833 1663 1872 aer
1710 1817 1772 1871 ﬁt
1802 1834 1819 1872 :
1847 1833 1915 1872 ex

334 1920 460 1959 aere
503 1906 843 1961 condensata
875 1923 1038 1978 aqua,
1074 1923 1255 1977 neque
1283 1923 1350 1963 ex
1398 1908 1484 1963 bis
1513 1909 1651 1964 cibis
1674 1911 1799 1980 equi
1831 1910 1915 1965 vel

334 1997 489 2053 canis
536 2012 758 2068 corpus,
790 2015 855 2053 ex
887 2001 1008 2056 aliis
1039 2015 1165 2055 vero
1190 2000 1337 2057 aliud
1362 2001 1490 2071 quid
1541 2004 1773 2059 exsistit.
1807 2002 1915 2058 Sed

333 2089 518 2143 omnia
571 2105 638 2144 ex
680 2092 937 2148 omnibus
986 2101 1189 2148 temere
1235 2105 1465 2164 possunt
1505 2096 1730 2165 produci
1788 2112 1916 2166 pro-

334 2188 455 2249 pter
503 2180 703 2253 463a
747 2198 1093 2240 communem
1125 2189 1430 2252 materiam,
1462 2199 1518 2243 et
1559 2191 1744 2244 omnia
1772 2191 1827 2245 in
1855 2205 1915 2246 se

336 2273 747 2342 suscipientem,
798 2291 1038 2343 eumque
1080 2279 1293 2335 ordinis
1346 2280 1915 2352 divinaequenecessi-

336 2362 462 2415 Iulis
496 2364 717 2418 modum
753 2366 1063 2437 participat,
1100 2378 1158 2423 ut
1185 2370 1401 2441 singula
1434 2385 1535 2426 suo
1561 2388 1794 2443 quaeque
1825 2390 1916 2443 ge-

336 2471 465 2509 nere
498 2469 911 2523 conserventur,
934 2470 988 2515 et
1003 2476 1295 2518 occurrere
1321 2464 1389 2518 ad
1410 2464 1769 2520 aeternitatem
1798 2481 1917 2521 suc-

335 2552 586 2602 cessione
639 2551 897 2619 quadam,
925 2553 1109 2609 causis
1143 2554 1590 2612 subsistentibus.
1622 2558 1679 2610 ln
1705 2556 1916 2612 anima-

338 2637 483 2691 libus
539 2639 794 2709 singulis,
828 2650 883 2697 et
935 2643 1230 2711 plantis,et
1258 2645 1379 2701 aliis
1416 2647 1754 2714 inanimatis,
1781 2648 1916 2704 nihil

337 2731 621 2785 delinitum
675 2748 854 2802 neque
894 2735 1207 2789 ordinatum
1258 2750 1359 2804 est,
1386 2739 1544 2807 quasi
1576 2756 1676 2811 pro
1704 2743 1916 2799 meritis

340 2842 570 2892 merces,
608 2829 753 2898 quod
778 2844 845 2885 ex
876 2830 1061 2899 priore
1093 2832 1200 2885 vita
1231 2835 1605 2891 remuneratio
1633 2838 1780 2892 nulla
1809 2838 1917 2895 illis

339 2918 626 2983 debeatur,
655 2935 756 2975 nec
799 2936 899 2990 pro
928 2921 1016 2987 iis,
1044 2938 1165 2991 quae
1198 2939 1347 2979 nunc
1371 2924 1602 2992 faciunt,
1632 2942 1794 2998 poena
1816 2944 1914 2983 ex-

2024 439 2345 506 Ἀναγκαῖον
2381 438 2447 509 δὴ
2487 439 2548 492 τὸ
2595 439 2936 508 λειπόμενον,
2967 438 3065 501 τὰς
3097 438 3195 507 μὲν
3236 436 3589 507 προαιρέσεις

2009 532 2095 599 ἐφ’
2124 532 2255 602 ἡμῖν
2288 528 2450 591 εἶναι.
2482 530 2582 595 τάς
2622 532 2669 585 δ’
2696 533 2789 585 ἐπὶ
2823 534 2946 594 ταῖς
2996 531 3348 601 προαιρέσεσι
3377 529 3591 593 δικαίας

2010 621 2248 691 ἀμοιϐἀς
2275 623 2367 674 ἐπὶ
2393 624 2505 684 τοῖς
2535 620 2795 692 αἰθερίοις
2824 620 3063 686 κεῖσθαι,
3106 619 3185 683 ὼς
3214 619 3259 651 ⁸⁵
3304 619 3409 673 ὐπὸ
3452 618 3591 672 Θεοῦ

2008 713 2363 782 τεταγμένοις
2396 715 2444 745 ⁸⁸
2479 715 2763 775 δικασταῖς
2792 712 2889 765 καὶ
2936 711 3239 781 πεφυκόσιν
3268 710 3427 782 ἡμῶν
3470 712 3595 763 ἑπι-

2013 806 2313 875 μελεῖσθαι.
2352 806 2597 876 Τριττῶν
2641 804 2750 876 γὰρ
2791 804 2960 857 ὅντων
2988 804 3096 856 τῶν
3140 802 3262 857 καθ’
3294 804 3461 874 ἡμᾶς,
3497 803 3595 856 καὶ

2010 899 2073 953 τὸ
2102 899 2279 952 πάντα
2311 898 2654 968 ἠναγκάσθαι
2695 897 2791 950 καὶ
2832 896 2894 949 τὸ
2934 896 3101 967 μηδὲν
3130 895 3227 948 καὶ⁵
3260 894 3304 925 ³⁷
3337 894 3401 947 τὸ
3426 893 3596 965 ἐπηλ-

2011 992 2298 1062 λαγμένως
2322 993 2359 1063 ἢ
2384 994 2461 1055 ὼς
2488 994 2571 1045 δεῖ
2602 991 2701 1063 τὴν
2736 990 2859 1061 ἴσην
2890 990 3123 1043 ἀτοπίαν
3155 989 3289 1059 ἔχει,
3325 988 3421 1041 καὶ
3457 1004 3595 1058 προ-

2011 1087 2161 1149 νοίας
2201 1086 2385 1157 πάσης
2414 1087 2502 1138 ἐπ’
2537 1088 2659 1155 ῑσης
2692 1083 2739 1116 9⁸
2775 1085 2923 1136 ἐστὶν
2972 1080 3296 1153 ἀναιρετικά
3322 1081 3391 1133 ⁸⁸.
3432 1080 3506 1132 Ἥ
3532 1094 3595 1133 τι

2011 1178 2121 1250 γάρ
2156 1178 2253 1232 τοῦ
2301 1179 2436 1250 πρὸς
2475 1178 2633 1241 ἀξίαν
2679 1175 2938 1238 ὑπόθεσις
2994 1175 3215 1236 πάντως
3268 1170 3584 1239 συνεισάγει

2011 1270 2111 1341 τὴν
2150 1269 2407 1342 πρόνοιαν
2438 1269 2534 1322 καὶ
2566 1268 2664 1339 τὴν
2690 1268 2787 1342 ἀπ’
2827 1266 2999 1335 αὐτῆς
3033 1265 3399 1337 εἱμαρμένην⁸
3435 1265 3532 1318 καὶ
3560 1266 3602 1335 ἡ

2013 1341 2346 1433 προνοητικὴ
2383 1362 2587 1433 κρίσις,
2636 1341 2760 1433 δίκη
2809 1360 2901 1413 καὶ
2931 1359 3082 1430 νόμῳ
3111 1358 3181 1412 τά
3230 1357 3547 1429 ἀνθρώπινα
3575 1359 3595 1388 ί

2011 1454 2305 1518 τάττουσα,
2342 1453 2445 1521 τῆς
2481 1452 2832 1516 αὐτεξουσίω
2880 1449 3037 1521 ἡμῶν
3069 1450 3164 1503 καὶ
3201 1448 3597 1520 προαιρετικῆς

2013 1546 2188 1616 ἀρχῆς
2214 1546 2406 1599 δεῖται.
2443 1546 2604 1598 ’Ὡστε
2636 1547 2801 1615 μέρος
2829 1546 2947 1598 ἐστὶ
2974 1544 3074 1614 τῆς
3105 1543 3234 1613 ὅλης
3273 1541 3529 1613 προνοίας
3557 1542 3593 1611 ἡ

2015 1638 2364 1709 είρμσρμένη
2398 1642 2420 1670 ⁸
2457 1638 2519 1691 τὸ
2551 1638 2688 1708 πρὸς
2724 1636 2824 1700 τὰς
2850 1635 3202 1707 ἀνθρωπίνας
3228 1634 3408 1706 ψυχὰς
3446 1634 3598 1687 δικα-

2019 1733 2219 1797 στικῶς
2258 1730 2651 1803 ἁρμοζόμενον.
2697 1730 3081 1801 Ἀνθρωπίνων
3114 1729 3173 1780 δὲ
3210 1728 3398 1798 ψυχῶν
3444 1726 3598 1796 ἐνέρ-

2015 1842 2142 1895 γεια
2166 1826 2200 1894 ή
2235 1823 2589 1893 αὐτοκίνητος
2614 1824 2934 1891 προαίρεσις
2972 1822 3070 1893 καὶ
3102 1820 3163 1872 τὸ
3193 1820 3484 1889 λεγόμενον
3510 1818 3596 1887 ἐφ’

2014 1919 2169 1988 ἡμῖν,
2202 1916 2232 1970 ὃ
2260 1916 2325 1986 δὴ
2372 1918 2483 1978 τοῖς
2521 1914 2689 1978 θείοις
2728 1914 3021 1981 ¹δικασταῖς
3060 1912 3320 1974 ὑπόθεσις
3370 1909 3597 1978 εὔλογος

2015 2014 2224 2082 γίνεται
2250 2012 2350 2081 τῆς
2378 2010 2566 2065 ἀνίσου
2597 2010 2879 2079 διανομῆςο
2908 2010 2971 2061 τὸ
3002 2008 3059 2061 δὲ
3090 2009 3308 2077 τυχαῖον
3340 2006 3460 2058 ὅλον
3483 2006 3599 2066 τοῖς

2017 2107 2233 2177 θνητοῖς
2273 2107 2368 2158 καὶ
2410 2104 2625 2172 ἀλόγοις
2654 2101 2969 2156 ἀποδέδοται
3000 2100 3216 2168 γένεσιν
3269 2098 3313 2152 ³.
3358 2099 3435 2151 Οὐ
3484 2096 3606 2166 γὰρ

2017 2196 2140 2250 καθ’
2170 2196 2402 2250 ἕκαστον
2445 2195 2797 2263 τεταγμένως
2832 2191 2876 2256 ⁸,
2908 2192 3029 2244 οὐδὲ
3077 2190 3219 2245 κατά
3270 2206 3395 2242 τινα
3449 2187 3600 2241 λελο-

2015 2290 2283 2360 γισμένην
2308 2287 2487 2353 ἀξίαν.
2517 2288 2580 2338 ὲκ
2606 2286 2702 2356 μὲν
2722 2284 2878 2338 τοῦδε
2898 2283 2993 2337 τοῦ
3029 2282 3203 2354 πυρὸς
3234 2281 3599 2349 σϐεννυμένου

2016 2384 2126 2451 ἀὴρ
2165 2380 2394 2450 γίνεται,
2435 2375 2562 2449 [755
2598 2374 2692 2447 IL]
2724 2376 2787 2428 ὲκ
2814 2374 2875 2429 δὲ
2899 2374 2993 2427 τοῦ
3028 2375 3189 2444 ἀέρος
3221 2371 3599 2443 παχυνομένου

2017 2473 2181 2544 ὕδωρ,
2218 2471 2340 2525 οὐδὲ
2376 2472 2440 2522 ὲκ
2473 2468 2639 2522 τῶνδε
2671 2467 2771 2537 μὲν
2803 2467 2910 2519 τῶν
2942 2465 3125 2518 σιτίων
3163 2466 3335 2519 ἵππου
3372 2464 3535 2534 σῶμα
3561 2462 3598 2535 ἢ

2016 2567 2200 2629 κυνὸς,
2229 2568 2293 2633 ἐκ
2319 2562 2488 2618 τῶνδε
2513 2563 2571 2617 δὲ
2617 2561 2744 2616 ἄλλο
2773 2576 2848 2613 τιο
2881 2559 3019 2613 ἀλλά
3051 2559 3227 2611 πάντα
3273 2560 3337 2610 ὲκ
3378 2558 3601 2610 πάντων

2015 2656 2139 2717 ταῖς
2183 2652 2659 2723 προσπιπτούσαις
2717 2648 3045 2719 μεταϐολαῖς
3092 2647 3317 2700 δύναται
3349 2646 3604 2714 γίνεσθαι

2015 2739 2105 2794 διά
2136 2740 2197 2793 τὸ
2226 2740 2403 2794 κοινὸν
2449 2738 2548 2809 τῆς
2594 2737 2727 2808 ὕλης
2765 2740 2860 2791 καὶ
2902 2739 3038 2809 πρὸς
3078 2737 3259 2791 πάντα
3293 2736 3600 2804 εὐάγωγον,

2016 2834 2271 2889 τοσοῦτον
2298 2833 2507 2899 τάξεως
2538 2833 2836 2902 μετέχοντα
2862 2832 2958 2884 καὶ
2986 2830 3140 2893 θείας
3174 2830 3424 2898 ἀνάγκης
3453 2827 3599 2881 ὥστε

2018 2926 2162 2980 κατὰ
2218 2924 2375 2993 γένος
2425 2923 2633 2977 ἕκαστα
2684 2921 3047 2986 διασώζεσθαι
3082 2921 3179 2975 καὶ
3214 2918 3603 2990 συμπαραθεῖν

341 3011 658 3080 spectanda.
715 3010 833 3069 Non
872 3014 1017 3069 enim
1052 3016 1117 3070 iis
1145 3016 1352 3087 aliquid
1402 3021 1635 3075 accessit
1684 3037 1750 3076 ex
1784 3021 1917 3077 locis

2022 3018 2158 3089 πρὸς
2179 3017 2239 3069 τὸ
2266 3017 2434 3071 ἀΐδιον
2455 3018 2521 3087 τῇ
2560 3015 2773 3086 διαδοχῇ
2805 3016 2916 3077 τοῖς
2950 3013 3318 3082 ὐποστήσασιν
3349 3010 3487 3063 αὐτά
3516 3010 3607 3062 αξ-

340 3103 608 3169 wtlicriis,
639 3106 786 3175 quod
836 3106 1010 3161 basim
1039 3111 1363 3175 constituat,
1401 3121 1460 3165 ut
1488 3112 1672 3168 divino
1708 3112 1919 3183 judicio

340 3197 407 3251 ad
468 3199 698 3254 reditum
736 3200 1067 3257 ducerentur
1119 3222 1132 3259 :
1192 3205 1656 3276 quemadmodum
1698 3209 1751 3263 in
1804 3210 1922 3264 sin-

340 3289 483 3358 gulis
507 3291 820 3348 hominibus
853 3296 1067 3351 animos
1112 3298 1346 3354 rationis
1379 3300 1694 3370 participes,
1734 3310 1789 3355 et
1818 3302 1925 3355 im-

340 3383 601 3437 mortales
635 3384 757 3439 inde
774 3385 1143 3454 advenientes,
1172 3404 1395 3444 necesse
1417 3393 1765 3447 estmaxima:
1780 3408 1926 3448 curae

342 3490 408 3529 ac
432 3475 786 3536 sollicitudini
810 3479 1057 3547 cognatis
1086 3494 1230 3547 esse,
1264 3496 1332 3536 ne
1353 3482 1409 3534 in
1441 3483 1671 3548 malum,
1703 3483 1757 3537 in
1777 3488 1924 3554 quod

342 3567 502 3635 proni
519 3579 666 3633 sunt,
692 3569 1009 3623 dilabantur
1035 3588 1046 3623 :
1072 3583 1357 3641 propterea
1380 3573 1660 3642 patiuntur
1677 3575 1922 3645 quidem,

342 3667 398 3712 et
441 3658 604 3712 simul
646 3660 902 3727 patiendo
948 3664 1425 3731 acquiescuntzet
1471 3683 1693 3722 rursum
1756 3668 1925 3724 libere

343 3749 554 3816 volunt,
602 3765 667 3805 ac
730 3752 1012 3820 patiuntur
1068 3754 1136 3809 ad
1189 3756 1440 3810 meritum
1498 3757 1655 3813 liberi
1707 3759 1924 3814 arbitrii

344 3845 812 3914 consequendum.
876 3845 1217 3916 QuaprOpter
1256 3849 1539 3905 fortuitum
1572 3862 1627 3907 et
1682 3853 1925 3909 carentia

345 3934 513 3987 divini
565 3926 756 4004 juilicii
814 3937 988 3992 brutis
1042 3942 1315 3995 convenit.
1378 3941 1434 3996 In
1495 3944 1695 4000 nostris
1740 3958 1923 4000 autem

345 4027 657 4081 actionibus
680 4028 844 4083 etiam
879 4031 1025 4099 quod
1083 4030 1366 4087 fortuitum
1425 4034 1656 4098 videtur,
1692 4037 1925 4105 praeviso

346 4117 458 4169 lato
497 4115 729 4171 inservit
777 4136 791 4171 :
840 4121 973 4174 adeo
1029 4129 1089 4174 ut
1140 4119 1358 4178 fortuna
1393 4124 1572 4190 nobis,
1614 4143 1720 4181 non
1763 4142 1925 4199 secus

346 4216 509 4275 atque
544 4208 740 4273 brutis,
775 4209 1049 4265 dominari
1099 4212 1365 4279 videatur,
1387 4231 1561 4286 eaque
1595 4218 1754 4273 nobis
1783 4220 1926 4274 acci-

355 4299 447 4351 dat
473 4298 526 4351 in
564 4302 814 4369 corporis
842 4311 1006 4372 atque
1027 4306 1268 4359 externis
1298 4307 1479 4371 bonis,
1505 4324 1628 4379 qua:
1649 4309 1923 4379 judicium

2022 3108 2284 3173 τίοις.Ἐν
2311 3108 2368 3160 δὲ
2395 3108 2507 3169 τοῖς
2530 3104 2671 3159 κατὰ
2695 3106 2862 3176 μέρος
2888 3102 3047 3167 ζώοις
3074 3120 3136 3155 τε
3165 3102 3260 3154 καὶ
3277 3102 3484 3170 φυτοῖς,
3507 3097 3610 3153 καὶ

2025 3202 2210 3263 αὐτοῖς
2239 3200 2352 3263 τοῖς
2383 3198 2632 3268 ἀψύχοις,
2663 3196 2814 3249 οὐδὲν
2872 3193 3158 3266 διώρισται
3192 3193 3315 3246 οὐδὲ
3344 3194 3607 3247 τέτακται

2024 3293 2100 3355 ὡς
2138 3294 2159 3324 ⁸
2192 3291 2328 3360 πρὸς
2380 3289 2539 3356 ἀξίαν
2588 3288 2972 3358 ἀποδιδόμενον
3021 3285 3215 3351 πάθος,
3245 3284 3322 3355 τῷ
3361 3287 3497 3355 μήτε
3541 3286 3611 3336 ὲκ

2027 3383 2322 3453 προϐιοτῆς
2353 3381 2591 3451 ἀμοιϐάς
2624 3397 2776 3442 τινας
2811 3381 2996 3441 αὐτοῖς
3025 3378 3440 3446 ὲποφείλεσθαι,
3476 3374 3610 3445 μήτ’

2027 3479 2121 3531 ἐπὶ
2165 3480 2277 3540 τοῖς
2328 3474 2424 3529 νῦν
2456 3475 2755 3546 δρωμένοις
2783 3472 3194 3543 προσδοκᾶσθαι
3242 3470 3495 3533 εὐθύνας.
3529 3469 3609 3522 Οὐ

2027 3573 2136 3641 γὰρ
2168 3567 2455 3638 ἐπεισῆλθέ
2492 3585 2547 3620 τι
2578 3567 2804 3628 ἐκείνοις
2843 3566 2864 3597 ⁸
2909 3567 2975 3619 ὲκ
3009 3565 3103 3618 τοῦ
3157 3563 3398 3635 αἰθερίου
3440 3562 3611 3614 τόπου

2027 3663 2125 3734 τὴν
2154 3660 2418 3715 ὑπόϐασιν
2459 3659 2829 3728 ποιησάμενον
2853 3697 2869 3723 ,
2921 3658 3007 3712 ῐνα
3036 3658 3133 3710 καὶ
3172 3659 3239 3727 τῇ
3281 3655 3399 3726 θείᾳ
3428 3654 3613 3725 κρίσει

2028 3753 2420 3824 παιδαγωγηθῇ
2448 3752 2583 3823 πρὸς
2615 3751 2893 3814 ἐπάνοδον,
2924 3749 3000 3813 ὡς
3028 3751 3086 3802 ἐν
3112 3751 3224 3811 τοῖς
3245 3747 3366 3801 καθ’
3401 3747 3613 3800 ἕκαστα

2027 3845 2337 3916 ἀνθρώποις
2361 3843 2458 3904 τὰς
2490 3842 2712 3912 λογικάς
2737 3843 2830 3895 καὶ
2855 3842 3155 3904 ἀθανάτους
3187 3840 3364 3909 ψυχάς
3399 3838 3614 3891 ἐκεῖθεν

2028 3936 2325 3999 κατιούσας
2360 3935 2575 4006 ἀνάγκη
2608 3935 2869 4006 πλείστης
2900 3936 2919 3966 ⁷
2952 3934 3292 4003 ἐπιστροφῆς
3326 3934 3421 3985 καὶ
3447 3931 3616 4001 κηδε-

2032 4029 2223 4098 μονίας
2256 4028 2545 4098 τυγχάνειν
2575 4029 2728 4099 παρά
2751 4026 2859 4079 τῶν
2896 4024 3176 4094 συγγενῶν
3210 4024 3349 4095 πρὸς
3384 4022 3618 4093 ἐπανόρ-

2031 4118 2196 4173 θωσιν
2225 4120 2323 4189 τῆς
2355 4121 2435 4182 είς
2463 4119 2662 4172 κακίαν
2685 4119 2987 4188 ὐποφορᾶς.
3017 4116 3109 4169 Διὸ
3136 4115 3405 4185 πάσχουσί
3431 4132 3490 4167 τε
3515 4114 3616 4167 καὶ

2029 4210 2310 4281 αἱροῦνται
2337 4212 2397 4262 ἐν
2425 4211 2607 4273 αὐτοῖς
2629 4212 2741 4273 τοῖς
2761 4208 2982 4263 πάθεσι⁶
3012 4208 3109 4261 καὶ
3144 4208 3308 4261 πάλιν
3342 4207 3364 4238 ⁸
3393 4205 3621 4277 αἱροῦν-

2030 4322 2122 4357 ται
2166 4306 2260 4357 καὶ
2298 4304 2569 4372 πάσχουσι
2605 4302 2743 4371 πρὸς
2794 4302 2891 4372 τὴν
2922 4302 3081 4368 ἀξίαν
3116 4301 3224 4354 τῶν
3255 4299 3612 4370 αἱρεθέντων.

344 4391 593 4458 praesidis
623 4391 799 4449 instar
826 4394 1091 4450 deﬁnivit.
1144 4395 1490 4454 Reinissionc
1521 4401 1692 4465 enim,
1749 4408 1804 4456 et
1839 4403 1917 4455 in~

2028 4396 2129 4449 Διά
2153 4396 2311 4448 τοῦτο
2335 4391 2429 4449 οὖν
2454 4394 2587 4447 πολὺ
2613 4394 2674 4446 τὸ
2706 4394 2781 4455 ὼς
2821 4393 3009 4463 ἔτυχεν
3039 4394 3097 4448 ἐν
3124 4394 3237 4454 τοῖς
3270 4391 3489 4459 ἀλόγοις
3518 4392 3621 4443 καὶ

347 4482 611 4547 tentionc,
649 4484 925 4556 variisque
976 4489 1372 4545 mutationibus
1412 4506 1599 4546 eorum
1622 4495 1928 4564 quaenebis

345 4580 643 4645 accidunt,
692 4581 865 4636 libera
918 4584 1087 4638 animi
1136 4586 1391 4642 voluntas
1446 4589 1515 4643 ad
1579 4591 1925 4645 moderatum

345 4681 546 4724 statum
602 4674 892 4727 deducitur
928 4693 941 4729 :
975 4676 1138 4732 citius
1166 4679 1412 4747 quidem,
1446 4681 1492 4736 si
1512 4682 1742 4737 adversa
1803 4700 1925 4753 qua:

345 4762 491 4815 circa
517 4763 632 4818 lucc
654 4764 927 4831 accidunt,
955 4777 1277 4823 constanter
1306 4770 1447 4825 ferat
1478 4789 1491 4824 :
1524 4773 1770 4842 longiore
1796 4789 1926 4828 vero

288 4928 295 4937 ⁵
346 4867 609 4925 tempore,
644 4857 690 4913 si
725 4859 1008 4929 impotenti
1039 4871 1204 4929 atque
1240 4865 1445 4920 amenti
1494 4866 1682 4919 animo
1710 4866 1801 4919 illa
1843 4876 1925 4921 to-

346 4948 500 5003 leret.
523 4949 677 5004 Tunc
706 4953 850 5004 enim
872 4953 1107 5021 perﬁdia:
1129 4971 1321 5024 pmnas
1354 4957 1467 5023 dat,
1492 4957 1922 5013 etnihilouiinus

344 5056 468 5110 qua:
493 5042 696 5109 patitur
729 5040 870 5097 lerat
905 5061 1129 5100 necesse
1161 5057 1263 5101 est.

2029 4489 2093 4543 τὸ
2120 4489 2271 4551 θείας
2308 4490 2544 4557 κρίσεως
2572 4487 2820 4557 ἄμοιρον.
2854 4485 2900 4558 [1
2913 4487 3017 4541 388
3042 4485 3137 4557 IL]
3171 4486 3257 4539 Ἐν
3277 4485 3335 4538 δὲ
3359 4487 3469 4549 τοῖς
3491 4484 3619 4536 καθ’

2031 4581 2178 4649 ἡμᾶς
2212 4580 2305 4632 καὶ
2335 4579 2395 4630 τὸ
2423 4577 2613 4631 δοκοῦν
2658 4572 2799 4632 εἶναι
2846 4580 3063 4647 τυχαῖον
3110 4579 3189 4640 εἰς
3216 4577 3315 4646 τὴν
3344 4576 3446 4645 τῆς
3478 4592 3619 4646 προ-

2032 4672 2291 4743 νοητικῆς
2323 4671 2666 4741 εἱμαρμένης
2699 4670 3006 4740 ὑπηρεσίαν
3037 4670 3203 4730 τελεῖ,
3244 4669 3386 4722 ὥστε
3431 4668 3614 4721 δοκεῖν

2035 4764 2134 4835 μὲν
2162 4766 2270 4816 ἀπὸ
2312 4764 2653 4833 ταύτομάτου
2699 4765 2929 4833 πάσχειν
2965 4764 3114 4833 ἡμᾶς
3146 4762 3243 4815 καὶ
3270 4763 3473 4831 ὁμοίως
3499 4763 3617 4823 τοῖς

2031 4859 2248 4926 ἀλόγοις
2283 4858 2463 4923 ζώοις,
2496 4851 2655 4911 τοῦτό
2692 4857 2747 4909 δὲ
2780 4858 3011 4927 πάσχειν
3058 4855 3187 4925 περί
3234 4872 3294 4907 τε
3331 4854 3492 4923 σῶμα
3520 4854 3622 4905 καὶ

2027 4952 2098 5005 τὰ
2134 4952 2314 5014 ἐκτὸς,
2348 4950 2377 5002 ὃ
2409 4953 2428 4982 ³
2464 4951 2499 5020 ἡ
2532 4952 2727 5020 ἔφορος
2762 4950 2946 5020 κρίσις
2992 4948 3185 5019 ὥρισε.
3223 4948 3302 5018 Τῇ
3341 4947 3451 5016 γὰρ
3499 4945 3615 4998 τῶν

2029 5046 2159 5116 περὶ
2193 5046 2339 5116 ἡμᾶς
2375 5046 2419 5075 ¹⁰
2447 5046 2695 5097 ἐπιτάσει
2738 5061 2795 5096 τε
2859 5044 2953 5096 καὶ
2991 5042 3174 5097 ἀνέσει
3218 5046 3312 5095 καὶ
3330 5044 3452 5104 ταῖς
3475 5057 3617 5094 παν-

344 5139 514 5202 τοίαις
556 5140 763 5194 τούτων
816 5142 1144 5211 μεταϐολαῖς
1187 5144 1248 5196 τὸ
1287 5144 1635 5211 αὐτεξούσιον
1678 5145 1778 5213 τῆς
1820 5143 2001 5213 ψυχῆς
2051 5143 2480 5209 παιδαγωγεῖται
2540 5143 2675 5212 πρὸς
2727 5142 3005 5208 εὐταξίαν.
3071 5142 3267 5195 θᾶττον
3331 5143 3453 5211 μὲν,
3513 5139 3623 5205 ὲάν

346 5234 706 5303 εὐγνωμόνως
738 5236 1066 5308 ὑποδέχηται
1094 5238 1165 5291 τά
1194 5239 1325 5309 περὶ
1389 5239 1561 5293 ταῦτα
1597 5238 1964 5307 συμϐαίνοντα
1993 5236 2162 5304 πάθη,
2208 5237 2267 5287 ὲν
2314 5235 2533 5298 πολλαῖς
2565 5235 2621 5287 δὲ
2673 5235 2768 5288 καὶ
2802 5235 3041 5311 μακραῖς
3071 5235 3268 5306 χρόνου
3314 5234 3613 5305 περιόδοις,

1603 5350 1838 5407 VARle
1894 5349 2296 5405 LECTIONES.

436 5476 483 5550 9⁸
512 5478 587 5541 ὡς
612 5510 683 5518 -
707 5481 753 5511 ’⁸
780 5480 1148 5550 τεταγμένοις
1176 5481 1218 5532 Α
1248 5496 1261 5530 :
1290 5478 1386 5531 καὶ
1432 5477 1767 5550 τεταγμένου
1813 5494 1872 5550 ς..
1933 5549 1940 5550 7
1982 5475 2027 5506 ⁸⁷
2067 5476 2159 5550 καὶ
2215 5486 2337 5550 post
2400 5475 2567 5550 μηδὲν
2596 5475 2754 5550 Διιιῖιι.
2785 5475 2878 5550 Α.-
2968 5474 3013 5506 ’⁸
3054 5472 3144 5525 ἐπ’
3202 5474 3323 5550 ίσης
3379 5488 3494 5550 om.
3552 5470 3614 5526 Β.

345 5546 392 5578 ’⁵
419 5548 763 5619 ἀναιρετικόν
795 5568 855 5614 ς.
926 5542 1296 5620 λ’άνορώπεια
1329 5566 1390 5611 ς.
1476 5551 1497 5579 ¹
1529 5542 1865 5629 εἱμαρμένη]
1898 5542 2412 5630 εἱμαρμένημέρος
2434 5542 2549 5630 ἐστί
2584 5545 2680 5630 Qu
2701 5546 2723 5577 ³
2754 5545 3126 5630 γενέσεσινας.
3150 5613 3184 5625 Η
3206 5543 3226 5573 ⁸
3258 5542 3617 5630 τεταγμένως

346 5632 431 5686 pr.
463 5610 562 5671 Λ.’
626 5623 647 5651 ⁵
678 5620 752 5683 ὡς
805 5610 914 5674 om.
946 5621 1009 5674 Α.
1086 5610 1129 5652 ’⁸
1158 5610 1386 5681 ἐκείνοις
1446 5619 1525 5671 Β;
1558 5610 1616 5669 ὲν
1664 5610 1895 5680 sicsi-adi;
2034 5610 2045 5615 ⁷
2072 5610 2097 5649 ’⁷
2138 5610 2397 5684 πλείστης
2425 5617 2512 5667 A:
2556 5610 2807 5667 πλεῖστον
2859 5633 2920 5679 ς.
3028 5614 3050 5645 ⁸
3091 5613 3253 5668 πάλιν
3309 5610 3619 5686 αἱροῦνται]

348 5690 510 5743 πάλιν
540 5692 891 5755 ἀναιροῦνται
930 5693 987 5745 Β.
1068 5692 1086 5723 9
1117 5690 1144 5742 ὃ
1177 5706 1285 5745 om.
1321 5687 1361 5742 Β
1401 5698 1453 5744 et
1490 5705 1635 5745 corr.
1664 5691 1731 5755 A,
1764 5690 1855 5755 qui
1881 5704 1966 5755 pr.
1993 5705 2103 5744 om.
2136 5690 2191 5755 ή.
2272 5688 2316 5720 ⁸ο
2344 5687 2470 5755 περί
2501 5704 2562 5739 τε
2582 5688 2731 5755 ἡμᾶς
2756 5703 2816 5750 ς’.

2344 5704 2469 5757 περι
2501 5704 2562 5739 τε
2582 5704 2731 5756 ημας
2756 5704 2816 5750 ς’.

348 5690 510 5743 πάλιν
540 5692 891 5764 ἀναιροῦνται
930 5693 987 5745 Β.
1068 5692 1086 5723 9
1117 5690 1144 5742 ὃ
1177 5706 1285 5745 om.
1321 5687 1361 5742 Β
1401 5698 1453 5744 et
1490 5705 1635 5745 corr.
1664 5691 1731 5755 A,
1764 5690 1855 5758 qui
1880 5704 1966 5759 pr.
1993 5705 2103 5744 om.
2136 5690 2191 5758 ἠ.
