3944 6242
242 323 313 386 ετ,
1362 319 1960 382 BIBLIOTHECA.—-
1991 319 2156 380 con.
2190 319 2379 380 ceu.
3430 325 3505 388 εδ

241 431 366 482 ὅταν
389 426 606 496 ἰταμῶς
636 429 732 480 καὶ
757 427 1003 496 ἀνοήτως
1032 429 1171 500 πρὸς
1217 430 1360 483 αύτά
1430 431 1674 502 διατεθῇ.
1743 432 1879 486 Τότε
1918 433 2028 504 γὰρ
2054 432 2210 497 δίκας
2244 433 2344 506 μὲν
2378 433 2573 504 ὑπέχει
2624 435 2726 506 τῆς
2777 437 3191 508 ἀγνωμοσύνης,
3231 435 3387 491 οὐδὲν
3438 440 3500 493 δὲ

240 518 400 592 ἧττον
423 520 491 572 δι’
525 512 605 573 ὧν
646 518 848 590 πάσχει
871 521 1099 592 φέρεται
1134 521 1274 591 πρὸς
1316 523 1375 574 τὸ
1399 522 1538 576 δέον.

235 659 355 714 Ὅτι
410 658 851 724 αὐτεξουσίους
899 658 1027 730 ἔχει
1068 658 1107 725 ἡ
1141 659 1312 727 ψυχὴ
1356 660 1463 726 τὰς
1501 659 1813 730 κινήσεις,

655 730 756 782 καὶ
789 729 922 798 περὶ
951 729 1062 797 τῆς
1089 731 1399 797 Προνοίας.

301 865 428 916 Ὅτι
466 865 500 933 ἡ
541 862 710 934 ψυχὴ,
749 864 936 934 φησιν,
979 863 1080 918 οὐκ
1131 863 1423 920 ἀνεύθυνον
1469 863 1671 936 ἔχουσα
1718 865 1819 935 τῆς

232 955 524 1010 ὁποιασοῦν
551 957 821 1027 αἱρέσεως
863 955 963 1027 τὴν
993 959 1196 1028 ὁρμὴν,
1224 959 1318 1011 καὶ
1360 958 1466 1012 ὑπὸ
1504 958 1599 1012 τοῦ
1645 975 1821 1030 προσ-

233 1055 389 1124 εχοῦς
431 1055 746 1125 κρείττονος
777 1052 972 1122 γένους
995 1054 1320 1118 ἐπιστασίας
1355 1052 1626 1119 ἀξιοῦται,
1657 1053 1817 1123 δίκης

230 1147 321 1200 καὶ
349 1146 686 1216 καθάρσεως
715 1145 814 1198 καὶ
858 1144 1134 1215 τιμωρίας
1165 1146 1511 1214 τυγχάνουσα
1537 1146 1625 1199 ἀεὶ
1676 1146 1817 1217 πρὸς

229 1237 325 1308 τὴν
365 1235 532 1301 ἀξίαν
558 1236 670 1288 τῶν
701 1235 906 1305 ἑαυτῆς
937 1235 1254 1289 διαθέσεων.
1296 1237 1406 1289 Καὶ
1431 1237 1492 1290 τὸ
1554 1237 1652 1307 μὲν
1690 1237 1813 1291 έλέ-

236 1329 360 1383 σθαι
393 1331 484 1382 ἐπ’
521 1329 656 1398 αὐτῇ
705 1329 906 1391 κεῖται,
954 1327 1024 1380 τά
1077 1327 1134 1380 δὲ
1174 1328 1642 1398 ἐπισυμϐαίνοντα
1696 1331 1819 1393 ταῖς

231 1424 477 1493 αἱρέσεσι
507 1424 574 1492 τῇ
593 1421 693 1490 τῆς
717 1420 976 1491 προνοίας
1001 1419 1181 1490 κρίσει
1209 1421 1463 1493 ὥρισται,
1494 1421 1630 1492 πρὸς
1663 1423 1820 1488 ἀξίαν

230 1515 578 1586 ἀμειὸομένῃ
621 1513 720 1577 τάς
752 1513 992 1583 ψυχικὰς
1020 1513 1316 1577 διαθέσεις.
1353 1513 1470 1568 Καὶ
1505 1514 1679 1578 οὕτως
1731 1517 1821 1568 at-

234 1604 451 1673 ρεῖσθαί
489 1605 530 1635 ίί
558 1619 617 1655 τε
647 1601 765 1672 ἀμα
793 1602 892 1655 καὶ
922 1601 1254 1674 κληροῦσθαι
1275 1605 1367 1656 τὸν
1395 1603 1559 1657 αὐτὸν
1596 1604 1710 1673 βίον
1725 1605 1820 1658 λε·-

233 1696 467 1767 γὸμεθα.
511 1694 581 1748 Ἠ
609 1694 718 1766 γάρ
766 1695 861 1748 ἐπὶ
903 1697 1017 1758 τοῖς
1063 1695 1450 1765 εἰργασμένοις
1495 1697 1629 1766 ἡμῖν
1660 1713 1821 1751 τετα-

235 1785 410 1858 γμένη
446 1787 652 1858 ἀμοιϐὴ
679 1788 772 1840 καὶ
798 1786 897 1857 τὴν
930 1784 1276 1850 αὐτεξούσιον
1299 1787 1516 1858 κίνησιν
1547 1787 1589 1820 ¹²
1611 1789 1705 1842 καὶ
1722 1789 1820 1858 τὴν

238 1879 385 1932 θείαν
417 1878 741 1931 ἐπιστασίαν
763 1877 1036 1946 ἐκφαίνει,
1068 1876 1206 1929 ὥστε
1233 1878 1328 1930 ἀπ’
1357 1879 1532 1949 ἀρχῆς
1568 1879 1649 1943 εἰς
1665 1880 1820 1943 τέλος

1991 666 2237 719 Animam
2258 664 2448 719 liberos
2468 663 2658 718 habere
2684 674 2880 729 motus,
2901 665 3026 720 etde
3057 665 3425 724 Providentia.

1991 870 2126 925 Cum
2163 869 2365 934 anima,
2396 869 2593 939 inquit,
2631 868 3062 940 quibuscunque
3104 872 3156 926 in
3189 874 3516 930 actionibus

1921 962 2108 1018 liberis
2144 963 2376 1018 crimine
2433 979 2542 1016 non
2597 973 2769 1028 vacet,
2800 974 2853 1018 et
2882 965 3046 1034 digna
3092 966 3162 1020 sit
3189 982 3312 1037 quae
3339 983 3370 1021 a
3405 984 3503 1038 po-

1923 1061 2120 1133 testate
2165 1052 2489 1108 sublimiore
2535 1053 2890 1108 continenter
2960 1062 3202 1125 regatur,
3256 1071 3502 1124 poenam,

1921 1145 2324 1216 purgationem,
2357 1157 2518 1215 atque
2555 1146 2884 1216 supplicium
2938 1161 3038 1216 pro
3094 1148 3306 1202 meritis
3329 1147 3506 1218 adipi-

1923 1238 2113 1292 scitur.
2155 1237 2318 1307 Atqui
2373 1237 2541 1292 libera
2585 1238 2778 1293 electio
2806 1239 2874 1293 ah
2895 1254 2957 1292 ea
2987 1239 3207 1308 pendet,
3236 1255 3357 1309 quze
3381 1255 3520 1294 vero

1923 1326 2110 1382 liberis
2139 1328 2463 1392 contingunt
2517 1327 2848 1393 actionibus,
2904 1328 3260 1396 providentiae
3299 1330 3510 1398 judicio

1923 1416 2150 1473 aﬂ‘ectus
2206 1418 2373 1472 animi
2427 1434 2524 1486 pro
2575 1419 2784 1474 meritis
2840 1403 3246 1489 compensante,
3288 1421 3512 1476 deﬁnita

1923 1519 2051 1562 sunt
2079 1525 2092 1561 :
2116 1516 2169 1563 et
2197 1507 2278 1562 sic
2307 1509 2528 1578 eligere,
2553 1519 2720 1578 atque
2749 1525 2855 1564 una
2879 1510 3056 1564 sortiti
3087 1510 3302 1565 vivendi
3336 1527 3510 1580 genus

1921 1600 2176 1655 dicimur.
2218 1600 2600 1670 Compensatio
2646 1611 2828 1655 autem
2881 1602 3100 1658 meritis:
3135 1602 3339 1658 nostris
3371 1602 3510 1657 deli-

1923 1692 2057 1759 nita,
2088 1691 2328 1747 divinam
2359 1693 2600 1747 ostendit
2630 1693 3053 1763 providentiam.
3085 1692 3274 1764 Itaque
3297 1694 3367 1748 ab
3405 1693 3510 1747 ini-

1925 1785 1999 1838 tio
2019 1785 2088 1839 ad
2121 1795 2422 1839 extremum
2450 1800 2643 1850 usque,
2660 1784 2854 1856 463ὁ
2895 1786 3096 1842 liberos
3134 1787 3302 1840 animi
3330 1796 3519 1840 motus.

1925 1877 2212 1941 habemus,
2241 1877 2331 1931 alii
2369 1877 2490 1945 plus
2512 1877 2753 1945 quidem,
2779 1879 2960 1934 minus
2999 1879 3126 1945 alii;
3156 1896 3257 1935 nec
3281 1880 3384 1949 ipsi
3431 1880 3526 1942 si-_

241 1970 623 2035 αὲτεξουσίους
659 1971 759 2040 μὲν
793 1969 940 2040 ἔχειν
984 1971 1133 2040 ἡμᾶς
1188 1973 1290 2034 τὰς
1338 1972 1600 2040 κινήσεις,
1627 1974 1678 2026 εί
1728 1973 1823 2025 κτιῖ¹

1937 1970 2128 2056 [uiliter
2157 1985 2372 2038 semper
2403 1970 2456 2022 in
2489 1969 2647 2023 nobis
2670 1969 2818 2024 illam
2846 1969 3155 2025 libertatem
3198 1988 3510 2036 servamus,

245 2061 385 2114 ἄλλοι
439 2059 612 2114 ἄλλων
671 2059 875 2129 μᾶλλον
913 2060 1011 2113 καὶ
1061 2054 1247 2131 ἦττον,
1285 2061 1379 2118 καὶ
1427 2061 1584 2114 αὐτοὶ
1615 2061 1673 2115 δὲ
1723 2064 1822 2134 οὐχ

254 2153 445 2221 ὁμοίως
484 2153 568 2205 ἀεὶ
599 2151 662 2204 τὸ
690 2152 778 2220 ἐφ’
813 2153 945 2222 ἡμῖν
965 2151 1327 2223 διασώζομεν,
1367 2154 1467 2206 οὐκ
1489 2153 1822 2218 ἀδεσπότους

257 2243 308 2294 δὲ
357 2243 458 2304 τὰς
505 2243 632 2315 πρὸς
684 2243 786 2315 τὴν
833 2245 993 2310 ἀξίαν
1040 2245 1362 2309 ἀντιδόσεις.
1392 2246 1504 2299 Καὶ
1555 2247 1683 2318 ι754
1723 2245 1816 2320 Η.]

253 2336 408 2390 τοῦτο
453 2332 584 2390 εἶναι
632 2337 736 2408 τὴν
781 2335 1022 2406 ἄγουσαν
1078 2339 1232 2410 ἡμᾶς
1273 2339 1411 2410 πρὸς
1454 2340 1522 2393 τά
1556 2339 1684 2411 τῇδε
1725 2341 1820 2396 καὶ

248 2427 407 2480 πάλιν
462 2427 710 2482 ἐντεῦθεν
768 2428 1090 2497 ἀπάγουσαν
1157 2430 1503 2503 εἱμαρμένην
1535 2473 1551 2498 ,
1594 2431 1820 2502 πλέγμα

244 2517 406 2574 οὖσαν
457 2523 553 2574 καὶ
596 2521 904 2592 συνδρομὴν
940 2521 1291 2593 ἀνθρωπίνης
1317 2523 1692 2593 προαιρέσεως
1731 2524 1824 2577 καὶ

243 2612 386 2676 θείας
435 2613 692 2683 κρίσεως,
721 2613 864 2666 ῶστε
917 2614 1209 2683 ἑλομένους
1245 2615 1392 2684 ἡμᾶς
1437 2612 1475 2667 ἀ
1519 2614 1823 2685 βουλόμεθα

240 2704 322 2756 διά
353 2702 420 2756 τὸ
449 2705 552 2775 τῆς
582 2704 958 2774 προαιρέσεως
983 2704 1304 2772 ἀδούλωτον,
1337 2704 1580 2775 πάσχειν
1621 2704 1824 2759 πολλά-

240 2795 370 2858 κιςά
389 2795 470 2866 μὴ
493 2795 797 2866 βουλόμεθα
828 2797 918 2850 διά
931 2797 990 2850 τὸ
1011 2797 1110 2869 τῆς
1141 2797 1376 2868 κρίσεως
1409 2797 1819 2852 ἀδιάπταιστον.

1928 2079 2030 2118 nee
2065 2061 2376 2118 mercedem
2407 2078 2617 2132 mquam
2649 2077 2839 2117 omnes
2889 2063 3300 2134 consequimur.
3331 2065 3514 2135 Atque

1928 2157 1984 2211 id
2033 2157 2179 2226 quod
2229 2171 2329 2212 nos
2374 2156 2481 2210 hoc
2532 2155 2704 2221 ducit,
2743 2165 2798 2211 et
2826 2155 2953 2211 hinc
2991 2171 3209 2212 rursum
3259 2159 3514 2225 abducit,

1927 2264 2100 2303 nexus
2137 2247 2388 2302 videlicet
2427 2255 2482 2302 et
2507 2263 2812 2305 concursus
2871 2249 3166 2304 voluntatis
3226 2249 3529 2317 luunanat,

1925 2349 2087 2408 atque
2114 2337 2282 2393 divini
2307 2339 2520 2408 judicii,
2549 2338 2720 2393 fatum
2767 2349 2866 2396 est.
2910 2340 3031 2406 Quo
3073 2340 3130 2396 lit
3159 2350 3238 2406 ut,
3268 2341 3530 2412 libertate

1931 2429 2142 2483 arbitrii
2195 2429 2392 2494 nostri,
2447 2446 2576 2499 qua:
2619 2431 2872 2484 volumus
2909 2441 3151 2500 agentes,
3202 2429 3516 2501 frequenter

1931 2530 2151 2594 propter
2199 2531 2407 2576 certum
2464 2523 2556 2578 Dei
2591 2523 2885 2594 judicium,
2916 2540 3037 2595 quae
3077 2524 3316 2580 nolimus
3343 2524 3521 2594 patia-

1930 2631 2075 2669 mur.
2118 2614 2371 2670 Generali
2428 2616 2615 2686 itaque
2667 2617 2888 2672 decreto
2939 2633 3065 2672 cum
3094 2633 3312 2693 eaquae
3349 2618 3520 2671 vitam

1930 2708 2227 2762 humanam
2279 2709 2610 2779 participant
2658 2709 3070 2776 contineantur,
3122 2719 3236 2763 tum
3283 2719 3520 2778 tempus,

1928 2815 1994 2856 ac
2023 2803 2213 2855 mortis
2235 2816 2426 2870 genus,
2455 2817 2559 2856 una
2585 2798 2718 2857 cum'
2739 2801 2834 2856 fati
2858 2802 3078 2858 decreto
3097 2801 3349 2856 ordinata
3369 2810 3520 2856 sunt.

252 2892 334 2944 Ἐν
386 2892 500 2962 ὅπλῳ
557 2891 622 2962 δὴ
681 2891 762 2962 τῷ
800 2892 1189 2963 -ἀφοριζομένῳ
1246 2893 1347 2974 βίῳ
1382 2893 1426 2925 ³³
1486 2893 1557 2947 τά
1595 2911 1656 2947 τε
1707 2894 1845 2949 ἄλλα
1899 2899 2096 2963 κεῖται,
2143 2899 2242 2952 ὅσα
2291 2898 2584 2952 συνεκτικὰ
2628 2901 2726 2970 τῆς
2776 2898 3120 2970 ἀνθρωπίνης
3163 2897 3330 2970 ζωῆς,
3364 2897 3462 2952 καὶ
3494 2897 3524 2949 ό

241 2987 426 3057 καιρὸς
476 2986 575 3039 καὶ
631 2987 660 3038 ό
707 2986 907 3055 τρόπος
953 2985 1048 3038 τοῦ
1083 2985 1314 3040 θανάτου
1362 2985 1440 3057 τῷ
1472 2987 1574 3058 τῆς
1608 2987 1954 3060 εἱμαρμένης
1983 2991 2297 3063 ψηφίσματι
2331 2994 2800 3050 συνδιατέτακται.

306 3079 431 3131 Ὀτι
468 3077 663 3147 φησὶν,
710 3077 1036 3148 Ἐπιστῆσαι
1078 3078 1227 3145 ἀξιον
1259 3081 1335 3143 ὡς
1372 3082 1406 3151 ἡ
1434 3080 1581 3153 ψυχὴ
1609 3080 1734 3135 οὒτε
1760 3086 1818 3136 έν

2005 3085 2197 3156 Operae
2230 3091 2466 3158 pretium
2492 3098 2596 3154 est,
2636 3091 2836 3159 inquit,
2875 3089 3040 3155 scire,
3064 3089 3306 3144 animam
3339 3104 3518 3159 neque

238 3171 302 3241 τῇ
357 3169 502 3239 πρὸς
550 3168 677 3222 νοῦν
730 3173 938 3242 στροφῇ
984 3171 1084 3243 τὴν
1143 3171 1239 3224 τοῦ
1292 3189 1425 3226 ποτε
1485 3175 1825 3246 ἀνοηταίνειν

1937 3189 2047 3234 lum
2077 3196 2201 3234 cum
2239 3182 2308 3235 ad
2340 3191 2577 3236 mentem
2617 3182 2976 3246 convertitur,
3002 3181 3376 3236 imbecillitate
3421 3180 3522 3234 ali-

239 3261 529 3316 ἀσθένειαν
559 3262 862 3334 ἀφῄρηται,
894 3263 1018 3317 οὔτε
1061 3266 1120 3318 ἐν
1156 3268 1224 3337 τῇ
1261 3266 1464 3338 ἐσχάτῃ
1512 3269 1683 3340 κακίᾳ
1724 3270 1825 3339 τὴν

240 3353 332 3407 τοῦ
361 3350 528 3418 αὖθις
554 3359 696 3408 νοεῖν
718 3355 948 3428 δύναμιν
986 3360 1080 3411 καὶ
1119 3358 1297 3430 ὀρθῶς
1332 3364 1632 3431 μετανοεῖν.
1663 3361 1829 3416 Φύσει

244 3447 350 3518 γὰρ
375 3450 411 3516 ἡ
437 3446 762 3518 ἀνθρωπίνη
802 3449 950 3519 ψυχὴ
973 3449 1202 3521 τοιαύτη
1230 3451 1702 3524 δημιουργηθείσα
1735 3455 1831 3508 καὶ

249 3541 382 3608 πρὸς
417 3539 522 3611 τὴν
550 3540 704 3593 θείαν
734 3539 969 3604 εύζωῖαν
1007 3541 1102 3595 καὶ
1138 3542 1272 3612 πρὸς
1298 3542 1397 3614 τὴν
1446 3542 1646 3615 θνητὴν
1675 3544 1832 3614 γένε-

249 3647 329 3684 σιν
372 3631 703 3702 ἐπιτηδείως
741 3631 876 3702 ἔχει,
921 3633 1024 3686 ἀνά
1067 3634 1234 3704 μέρος
1281 3634 1552 3706 ἑκατέραν
1600 3636 1834 3708 προϐάλ-

249 3723 412 3777 λουσα
443 3723 699 3794 δύναμιν,
729 3726 856 3779 ἐπεὶ
899 3727 995 3780 καὶ
1023 3727 1166 3781 κατά
1209 3729 1470 3798 πρόνοιαν
1515 3728 1650 3782 Θεοῦ
1696 3731 1837 3805 πρὸς

251 3814 415 3884 ἄμφω
442 3814 759 3886 γεγένηται.
783 3814 940 3869 Οὕτω
985 3815 1094 3888 γάρ
1124 3816 1187 3870 τὸ
1211 3817 1316 3887 μὲν
1343 3817 1621 3874 δύνασθαι
1665 3819 1836 3892 αὐτὴν

255 3905 633 3960 πολιτεύεσθαι
666 3906 710 3938 ³⁸
734 3905 858 3961 κατ’
881 3905 1071 3961 οὐσίαν
1101 3907 1365 3978 κέκτηται
1398 3924 1411 3939 ·
1439 3910 1502 3964 τὸ
1532 3910 1590 3963 δὲ
1614 3910 1838 3966 πλείονα

254 3997 440 4067 χρόνον
475 3997 590 4052 ἀνω
615 3998 824 4068 διάγειν
865 3998 899 4070 ἢ
933 3998 1088 4053 κάτω
1131 3999 1269 4071 πρὸς
1320 3999 1420 4072 τὴν
1478 4002 1838 4072 αὐτοκίνητον

258 4091 422 4161 αὐτῆς
451 4091 745 4161 συμϐαίνει
777 4092 1040 4146 διάθεσιν.
1076 4091 1168 4144 Διὸ
1197 4093 1253 4145 αἱ
1298 4091 1398 4164 μὲν
1444 4096 1745 4165 μυριετεῑς,
1781 4095 1838 4148 αι

257 4181 308 4234 δὲ
351 4183 739 4252 τρισχιλιετείς
787 4184 1068 4253 περιόδους
1113 4182 1364 4252 λέγονται
1416 4185 1708 4251 ποιεῖσθαι,
1738 4188 1841 4256 τῆς

257 4275 448 4346 ἀρετῆς
473 4264 907 4346 ἐπιτεμνομένης
933 4274 1033 4346 τὴν
1055 4274 1282 4347 πλάνην,
1345 4275 1442 4330 καὶ
1505 4274 1602 4330 τοῦ
1647 4277 1836 4331 συντό-

257 4381 344 4420 νου
378 4367 495 4420 τῶν
518 4366 742 4436 ἀγαθῶν
767 4365 970 4439 ἔρωτος
1004 4367 1407 4440 ὑφαιρουμένου
1437 4368 1538 4440 τῆς
1557 4369 1842 4440 περιγείου

259 4457 596 4528 λειτουργίας
622 4458 695 4527 ,τὸ
721 4459 1090 4532 πολυχρόνιον.

1935 3275 2154 3344 quando
2186 3274 2517 3344 intelligendi
2539 3274 2763 3344 privari,
2794 3290 2970 3344 neque
2986 3274 3042 3328 in
3081 3285 3325 3329 extrema
3353 3274 3515 3340 mali-

1939 3367 2013 3422 lia
2044 3383 2258 3434 rursus,
2298 3367 2634 3437 intelligendi
2664 3375 2826 3436 atque
2862 3366 3216 3434 resipiscendi
3239 3365 3520 3421 facultate.

1938 3460 2031 3516 Sic
2061 3461 2204 3515 enim
2230 3459 2412 3514 anima
2442 3460 2682 3515 humana
2707 3467 2904 3512 natura
2952 3473 3052 3514 sua
3080 3457 3300 3514 condita
3325 3465 3426 3522 est,
3461 3466 3522 3512 ut

1936 3551 2131 3621 partim
2179 3550 2247 3606 ad
2268 3549 2511 3604 divinam
2543 3547 2881 3616 felicitatem,
2919 3547 3117 3616 partim
3147 3546 3216 3600 ad
3244 3546 3516 3600 humanos

1937 3658 2101 3698 casus
2119 3642 2528 3696 accommodata
2551 3641 2641 3706 sit,
2664 3656 2728 3695 ac
2745 3655 2840 3710 per
2863 3639 3009 3695 vices
3035 3647 3327 3708 utramque
3348 3636 3526 3692 facul-

1940 3743 2105 3788 tatem
2133 3741 2371 3803 promat,
2393 3731 2664 3802 siquidem
2689 3731 2847 3802 juxta
2880 3728 2976 3786 Dei
3015 3728 3416 3800 providentiam
3450 3727 3520 3782 ad

1938 3832 2236 3891 utrumque
2293 3831 2416 3891 apta
2442 3830 2548 3876 est.
2601 3819 2713 3876 Sua
2756 3821 2904 3876 enim
2949 3829 3144 3874 natura
3173 3820 3254 3875 sic
3296 3819 3524 3889 regitur.

1939 3911 2094 3978 Quod
2117 3919 2299 3967 autem
2328 3911 2535 3966 diutius
2573 3913 2630 3966 in
2655 3912 2884 3966 summis
2911 3926 3075 3981 quam
3100 3911 3155 3964 in
3184 3910 3386 3965 inﬁmis
3414 3910 3511 3965 de-

1941 4013 2055 4073 gat,
2086 4005 2140 4060 id
2172 4003 2385 4059 arbitrii
2419 4004 2504 4059 sui
2535 4003 2787 4060 libertate
2843 4001 3218 4072 consequitur.
3255 4001 3527 4068 Quocirca

1943 4097 2067 4152 alia;
2128 4096 2272 4152 intra
2314 4096 2502 4152 decem
2535 4096 2706 4151 millia
2765 4095 3204 4162 annorum,ali:e
3253 4096 3394 4148 intra
3422 4095 3527 4150 tria

1944 4191 2116 4246 millia
2142 4205 2372 4246 cursum
2398 4189 2665 4245 coniicere
2713 4189 2990 4257 dicuntur,
3017 4189 3218 4242 virtute
3275 4201 3526 4241 errorem

1958 4281 2255 4344 recidente,
2279 4291 2334 4336 et
2363 4279 2671 4335 vehementi
2701 4279 2970 4334 bonorum
2993 4278 3175 4335 studio
3201 4279 3404 4335 terreni
3425 4279 3529 4334 ob-

1947 4374 2076 4432 sidii
2115 4375 2534 4431 diuturnitatem
2577 4372 2820 4429 tollente.

273 4595 368 4650 Ὲκ
395 4596 508 4650 τοῦ
529 4595 597 4661 ,β’
625 4598 815 4667 λόγου
839 4614 853 4628 ο
898 4629 968 4638 —
1013 4598 1160 4672 Τίνα
1190 4599 1318 4653 κατ’
1343 4600 1572 4654 οὐσίαν
1591 4600 1825 4672 λέγεται

1985 4600 2028 4654 Ε
2059 4599 2190 4654 libro
2210 4599 2458 4655 secundo.
2483 4629 2551 4641 —
2577 4602 2836 4667 Quianam
2852 4597 3096 4651 dicantur
3114 4612 3209 4667 per
3238 4612 3294 4651 se
3315 4593 3508 4667 agere?

914 4671 1110 4724 ποιεῖν
1131 4687 1150 4733 ;

322 4784 448 4837 Ὀτι
498 4788 658 4854 φησι,
709 4783 849 4840 Κατ’
898 4785 1088 4839 οὐσίαν
1137 4787 1319 4840 ἐκεῖνα
1367 4787 1590 4856 λέγεται
1639 4790 1839 4852 ποιεῖν,

2020 4779 2138 4844 Illa,
2173 4779 2372 4847 inquit,
2413 4791 2509 4847 per
2540 4793 2598 4831 se
2623 4789 2782 4846 agere
2807 4775 3092 4839 dicuntur,
3117 4787 3240 4844 qua;
3261 4786 3387 4828 cum
3413 4787 3535 4828 sme

261 4875 350 4928 ὅσα
386 4877 622 4945 μένοντα
649 4879 941 4946 ἀτρέπτως
981 4878 1040 4930 ἐν
1068 4880 1135 4949 τῇ
1164 4877 1345 4934 αὐτῶν
1373 4878 1531 4949 οὐσίᾳ
1553 4879 1649 4932 καὶ
1682 4880 1825 4951 ἐνερ-

1949 4873 2252 4927 mutatione
2271 4871 2327 4924 in
2351 4886 2450 4924 sua
2470 4870 2708 4924 essentia
2731 4877 2894 4938 atque
2913 4867 3232 4936 operatione
3252 4875 3531 4930 maneant,

263 4970 400 5040 γείᾳ,
431 4970 530 5024 καὶ
557 4970 728 5041 μηδὲν
747 4968 959 5022 ἑαυτῶν
985 4969 1396 5041 ἀπομερίζοντα
1421 4970 1557 5041 μηδὲ
1584 4971 1825 5025 κινοῦντι

1945 4977 2001 5022 et
2022 4967 2142 5022 sine
2157 4965 2265 5020 ulla
2295 4966 2381 5020 sui
2415 4964 2722 5018 mutatione
2745 4963 2810 5018 ad
2831 4977 3022 5018 eorum
3043 4976 3167 5032 qua:
3190 4968 3527 5031 generantur

267 5064 392 5130 πρὸς
451 5063 552 5134 τὴν
599 5061 715 5115 τῶν
757 5061 1115 5132 γεννωμένων
1159 5062 1478 5128 ὑπόστασιν,
1538 5062 1704 5134 [1589
1744 5062 1825 5134 Ιῖ.¹

1951 5058 2405 5117 sustentationem
2457 5067 2820 5121 moveantur,
2869 5069 2936 5110 eo
2991 5056 3169 5109 solum
3237 5065 3348 5122 quo
3399 5057 3533 5103 sunt

270 5155 378 5206 κατ’
409 5155 542 5207 αὐτὸ
573 5154 739 5224 μόνον
766 5153 826 5206 τὺ
857 5149 997 5207 εἶναι
1023 5154 1051 5206 ὃ
1077 5156 1193 5207 ἐστι
1216 5154 1570 5226 παράγειτὴν
1602 5154 1710 5208 τῶν
1730 5155 1821 5208 δευ

1955 5152 2009 5206 id
2037 5152 2183 5220 quod
2212 5158 2361 5214 sunt,
2391 5165 2480 5204 res
2521 5164 2551 5202 a
2573 5164 2632 5203 se
2661 5147 2909 5202 diversas
2937 5148 3266 5215 producunt.
3299 5141 3376 5193 Ex
3409 5136 3534 5206 qui-

270 5245 429 5313 τέρων
445 5248 688 5315 γένεσιν.
708 5240 805 5307 Οἷς
819 5245 1011 5301 ἕπεται
1035 5247 1174 5318 μήτε
1193 5245 1296 5318 ὕλῃ
1313 5247 1720 5319 προσχρῆσθαι,
1749 5249 1823 5318 μή

1954 5248 2057 5300 bus
2081 5243 2332 5307 ellicitur,
2354 5241 2443 5295 illa
2465 5256 2644 5309 neque
2667 5240 2893 5293 materia
2918 5238 3014 5300 ttti,
3039 5250 3215 5305 neque
3244 5231 3313 5286 ab
3342 5229 3532 5298 aliquo

272 5337 434 5392 τεὰπὸ
456 5339 651 5410 χρόνου
674 5339 872 5404 ποιεῖν,
893 5338 1033 5409 μήτε
1047 5340 1128 5403 είς
1145 5337 1336 5410 χρόνον
1380 5339 1674 5404 παύεσθαι,
1711 5341 1825 5410 μήτι

1956 5348 2203 5407 tempore
2249 5336 2512 5406 incipere,
2549 5347 2728 5404 neque
2759 5332 2816 5387 in
2843 5331 3066 5402 aliquod
3121 5337 3336 5394 tempus
3381 5321 3533 5378 desi-

1511 5529 1751 5587 VARIIE
1803 5526 2210 5585 LECTIONES.

341 5675 378 5746 ξι
404 5674 684 5745 αἱρεῖσθαί
713 5673 756 5727 Β
787 5671 1081 5746 εᾼαῖρεσθαί
1114 5693 1176 5739 ς.
1231 5676 1316 5728 ,³³
1345 5674 1442 5727 καὶ
1505 5675 1606 5746 τὴν
1660 5669 2011 5738 αὐτεξούσιον
2055 5669 2284 5740 κίνησιν
2333 5665 2461 5724 add.
2503 5667 2570 5722 Α.
2651 5667 2694 5699 ⁸³
2731 5664 2832 5735 βίῳ
2876 5659 3002 5715 add.
3071 5659 3134 5711 Α.
3212 5656 3254 5689 ⁸⁵
3285 5651 3540 5708 πολιτεύ-

274 5743 443 5819 εσθαιι
468 5743 565 5800 ἐπὶ
598 5749 706 5817 γῆς
743 5744 1123 5800 πολιτεύεσθαι
1154 5746 1450 5802 Bentleius.
