3966 6240
351 260 354 261 '
422 237 492 302 87
1562 255 1826 315 PHOTII
1855 257 1975 316 PA'l

2088 255 2358 314 ARCHzE
2399 256 2509 316 ΟΡ.
3603 247 3675 319 88

421 371 573 419 uere,
605 372 782 428 neque
810 369 963 414 extra
991 364 1203 432 agentis
1224 369 1623 436 operationem,
1647 371 1701 425 id
1729 372 1874 442 quod
1908 371 1975 426 ﬁt.

2097 370 2200 434 ἔξω
2227 373 2324 441 τῆς
2342 372 2435 424 τοῦ
2467 369 2744 434 ποιοῦντος
2778 361 3068 440 ἐνεργείας
3093 371 3307 424 κεῖσθαι
3359 373 3421 426 τδ
3448 375 3673 444 γινόμε-

419 449 739 506 consistere.
801 449 927 506 Hace
976 455 1119 508 enim
1163 459 1349 512 omnia
1391 462 1686 518 secundum
1741 465 1993 521 accidens

419 552 734 608 operantem
790 544 1136 610 comitantur,
1169 549 1316 604 verbi
1345 553 1539 620 gratia,
1580 554 1638 609 in
1666 556 1991 625 azdiﬁcante,

417 639 473 682 et
499 629 550 683 id
577 647 745 701 genus
771 633 912 688 aliis.

489 721 643 776 Plato
681 724 732 776 in
757 723 987 782 Phaedro
1019 729 1097 783 ait
1147 729 1328 784 locum
1367 734 1665 800 caelestem,
1703 748 1989 806 poetarum

417 811 586 866 ullum
645 831 825 884 neque
904 819 1160 876 laudasse
1226 822 1494 880 hactenus
1553 842 1652 896 pro
1704 830 1986 898 dignitate,

414 920 591 974 neque
635 908 1029 966 laudaturum:
1079 913 1146 968 de
1183 919 1405 984 proprio
1473 928 1656 974 autem
1685 922 1828 976 “loco
1879 942 1984 978 non

409 997 671 1066 loquitur,
747 1003 841 1072 qui
896 1019 1188 1074 corporum
1249 1018 1332 1063 est
1385 1025 1576 1080 capax.
1632 1011 1830 1086 464a
1883 1017 1987 1072 Sed

408 1104 509 1158 per
558 1091 742 1147 locum
799 1095 961 1150 talem
1016 1101 1333 1167 essentiam,
1368 1113 1462 1156 aut
1508 1106 1614 1158 tale
1663 1123 1836 1176 genus
1908 1110 1990 1162 in-

413 1178 602 1249 tclligi,
687 1184 864 1251 qualis
932 1188 1171 1243 cmlestis
1233 1201 1338 1254 est,
1421 1207 1649 1260 quaeque
1710 1195 1987 1250 intellectu

409 1271 749 1340 percipitur,
813 1277 888 1330 uti
974 1280 1212 1334 solemus
1279 1283 1347 1337 de
1426 1286 1648 1355 scriptis
1723 1305 1990 1357 quorum-

409 1362 537 1416 dam
585 1364 860 1435 loquendo
908 1372 1113 1428 dicere.
1165 1375 1284 1441 Quo
1316 1379 1478 1433 etiam
1517 1381 1678 1435 modo
1727 1382 1987 1453 loquendi

408 1453 671 1524 dicimus,
725 1471 890 1530 caput
939 1475 993 1518 et
1044 1467 1275 1521 formam
1324 1486 1508 1525 rerum
1571 1474 1748 1528 locum
1800 1479 1984 1547 appel-

407 1545 605 1603 iantes.

477 1635 625 1691 Idem
657 1640 814 1696 Plato
844 1644 921 1698 De
965 1647 1198 1716 legibus,
1248 1651 1544 1708 discrimen
1605 1656 1806 1712 divina:
1855 1673 1982 1728 erga

406 1738 512 1781 nos
543 1729 900 1796 providentiae
926 1715 1241 1802 ostendens,
1280 1741 1356 1792 ait
1401 1740 1571 1795 Deum
1608 1745 1812 1810 omnia,
1851 1762 1988 1800 una-
2017 1715 2062 1769 Β

406 1833 513 1887 que
538 1819 834 1890 fortunam,
878 1834 933 1878 et
969 1830 1312 1884 occasionem
1361 1833 1602 1889 humana
1649 1851 1846 1893 cuncta
1889 1857 1984 1908 gu-

402 1907 659 1964 bernare.
695 1909 835 1967 Hinc
862 1928 1074 1971 constat
1111 1921 1422 1990 assignasse
1464 1925 1616 1980 illum
1652 1926 1745 1982 Dei
1795 1931 1984 1999 provi-

403 1998 648 2055 dentiam
688 2019 901 2073 puram.
963 2016 1017 2063 et
1059 2010 1142 2064 sui
1196 2013 1430 2068 similem
1481 2018 1643 2073 rebus
1695 2020 1983 2079 affectione

403 2096 741 2163 carentibus,
810 2116 1134 2174 semperque
1195 2107 1484 2174 perfectis,
1569 2111 1802 2184 ideoque
1872 2132 1981 2171 non

401 2185 821 2259 aberrantibus;
851 2193 918 2250 iis
947 2213 1095 2262 vero,
1132 2215 1255 2268 quae
1279 2203 1574 2272 aliquando
1602 2207 1656 2260 in
1686 2209 1979 2266 amentiam

400 2277 672 2346 incidunt,
705 2287 916 2342 ratione
955 2292 1202 2358 praedita,
1244 2295 1476 2366 ideoque
1507 2300 1712 2355 malitia
1753 2303 1981 2372 implen-

400 2379 516 2436 tur,
557 2376 833 2450 occasioni
860 2389 1021 2449 atque
1051 2383 1284 2441 fortuna;
1307 2393 1527 2445 mistam
1574 2383 1977 2462 previdentiam

397 2465 738 2522 attribuisse.
774 2467 1095 2529 Praecedens
1139 2477 1285 2531 enim
1338 2480 1613 2538 bonorum
1647 2487 1885 2558 largitio,
1925 2503 1979 2547 et

397 2569 468 2610 ex
518 2568 716 2614 natura
770 2565 1149 2622 accedentium
1223 2577 1587 2642 conservatio,
1647 2595 1799 2650 purae
1853 2600 1980 2654 pro-

395 2643 580 2712 prium
630 2655 714 2702 est
759 2664 898 2720 Opus
941 2657 1318 2723 providentiae.
1353 2663 1578 2733 Eorum,
1628 2643 1751 2740 quae
1781 2643 1978 2742 praeter

396 2744 652 2792 naturam
696 2745 998 2811 composita
1028 2761 1180 2814 sunt,
1231 2758 1522 2825 correctio,
1559 2773 1978 2837 erratorumque

395 2838 594 2892 poenae,
628 2833 928 2890 materiata:
961 2845 1045 2892 est
1067 2854 1208 2910 opus
1230 2847 1603 2917 providentiae,
1637 2857 1841 2913 utentis
1865 2833 1976 2913 for-

398 2927 530 2973 tuna
555 2931 608 2974 et
631 2926 946 2984 occasione.
998 2929 1116 2987 Non
1157 2939 1327 3002 enim,
1362 2950 1420 2995 ut
1458 2957 1523 2997 ex
1556 2948 1828 3014 praedictis
1859 2953 1974 3007 col-

2098 481 2216 516 νον·
2245 463 2420 517 ταῦτα
2441 465 2548 534 γὰρ
2577 464 2752 518 πάντα
2772 467 2836 534 τῇ
2872 466 3014 518 κατὰ
3038 464 3387 534 συμϐεϐηκὸς
3422 466 3677 539 ἐνεργείᾳ

2096 556 2406 626 παρέπεται
2463 557 2555 609 ἐπὶ
2601 556 2692 610 τοῦ
2741 557 3026 627 οἰκοδόμου
3091 557 3186 610 καὶ
3228 557 3339 611 τῶν
3385 559 3612 628 ὁμοίων.

2164 749 2286 802 Ὅτι
2328 751 2516 818 φησὶν,
2567 749 2626 802 '0
2660 749 2883 802 Πλάτων
2920 750 2979 802 ἐν
3025 749 3240 820 Φαίδρῳ
3281 751 3478 818 λέγων,
3525 769 3544 802 ι
3582 751 3674 803 τὸν

2092 840 2554 912 δὲύπερουράνιον
2583 841 2746 894 τόπον
2776 839 2899 895 οὔτε
2929 859 3014 905 τις
3049 840 3258 912 ῦμνησέ
3282 859 3368 894 πω
3399 841 3509 894 τῶν
3543 842 3671 912 τῇδε

2091 933 2322 1003 ποιητὴς
2357 932 2480 986 οὔτε
2525 933 2657 986 ποτὲ
2698 933 2931 1004 ὑμνήσει
2961 935 3083 986 κατ’
3107 933 3288 998 ἀξίαν,
3326 953 3345 984 ι
3384 934 3550 988 τόπον
3578 931 3675 988 νῦν

2090 1022 2152 1075 ού
2183 1023 2278 1075 τὸν
2305 1023 2507 1094 κυρίως
2541 1023 2706 1093 φησὶν
2740 1016 2936 1093 (οὗτος
2986 1024 3093 1095 γάρ
3127 1025 3397 1094 σωμάτων
3426 1024 3542 1077 ἐστὶ
3570 1039 3674 1078 πε-

2095 1113 2389 1185 ριεκτικδς)
2410 1156 2425 1177 ,
2465 1115 2626 1166 τόπον
2654 1115 2711 1167 δὲ
2735 1113 2829 1167 νῦν
2859 1115 2979 1168 ἀντὶ
3008 1115 3103 1168 τοῦ
3128 1115 3318 1168 οὐσίαν
3344 1114 3550 1168 τοιάνδε
3579 1114 3676 1168 καὶ

2089 1208 2244 1276 γένος
2291 1207 2495 1260 τοιόνδε
2533 1207 2701 1274 λέγει,
2736 1201 2846 1260 οἷον
2899 1208 3273 1276 ύπερκόσμιον
3317 1207 3412 1259 καὶ
3460 1205 3674 1275 νοητὸν,

2089 1299 2277 1371 ὥσπερ
2327 1298 2600 1370 εἰώθαμεν
2629 1301 2760 1368 περὶ
2790 1300 3136 1370 πραγμάτων
3178 1298 3222 1330 ⁸⁸
3261 1299 3423 1352 τινῶν
3451 1297 3676 1367 διηγού-

2093 1409 2244 1460 μενοι
2281 1391 2326 1422 ³⁸
2357 1392 2537 1459 λέγειν
2560 1392 2641 1445 ὅτι
2666 1392 2790 1444 κατ’
2824 1393 3032 1444 ἐκεῖνον
3055 1391 3148 1444 τὸν
3182 1393 3346 1444 τόπον
3377 1391 3474 1444 τοῦ
3505 1391 3671 1458 λόγου

2088 1484 2368 1552 γενόμενοι
2398 1481 2651 1552 ἐροῦμεν,
2682 1482 2742 1534 τὸ
2776 1482 3071 1549 κεφάλαιον
3114 1483 3292 1534 ἐκεῖνο
3319 1483 3415 1535 καὶ
3443 1481 3503 1533 τὺ
3533 1476 3673 1543 εἶδος

2087 1575 2197 1627 τῶν
2230 1575 2574 1644 πραγμάτων
2598 1575 2763 1626 τόπον
2785 1572 3099 1636 καλοῦντες.

2166 1668 2286 1718 Ὅτι
2330 1667 2387 1719 ὲν
2413 1668 2525 1728 τοῖς
2569 1665 2754 1734 νόμοις
2808 1665 3036 1718 Πλάτων
3077 1664 3253 1736 (φησὶ)
3298 1665 3359 1716 τὸ
3413 1663 3676 1734 διαφέρον

2088 1758 2190 1828 τῆς
2225 1757 2357 1829 περὶ
2407 1738 2682 1828 ἡμᾶς-τοῦ
2719 1756 2857 1809 Θεοῦ
2892 1756 3152 1825 προνοίας
3196 1756 3551 1816 ἐνδείκνυται,
3581 1754 3674 1806 λέ-

2087 1867 2201 1918 γων
2228 1849 2304 1912 ὡς
2347 1848 2478 1912 Θεὸς
2512 1851 2610 1917 μὲν
2667 1850 2862 1911 πάντα,
2897 1851 2991 1901 καὶ
3027 1849 3166 1917 μετὰ
3212 1847 3350 1900 Θεοῦ
3386 1847 3528 1916 τύχη
3576 1847 3674 1899 καὶ¹

2087 1942 2280 2013 καιρὸς
2306 1944 2373 1995 τά
2424 1942 2740 2012 ἀνθρώπινα
2781 1941 3182 2012 διακυϐερνῶσι
3218 1939 3532 2010 ξύμπαντα.
3576 1938 3668 2002 Ἐξ

2086 2026 2162 2086 ὧν
2188 2033 2345 2105 δῆλός
2372 2035 2413 2066 ²⁷
2444 2037 2560 2087 ἐστι
2596 2037 2710 2096 τοῖς
2741 2034 2840 2104 μὲν
2864 2033 2993 2106 [755
3023 2031 3118 2105 ΙΙ.]
3147 2033 3384 2086 ἀπαθέσι
3434 2033 3530 2084 καὶ
3584 2033 3672 2084 ἀεὶ

2085 2125 2316 2189 τελείοις
2346 2126 2441 2179 καὶ
2458 2125 2547 2179 διὰ
2561 2125 2721 2180 τοῦτο
2745 2126 3151 2197 ἀναμαρτήτοις
3180 2125 3281 2196 τήν
3296 2123 3546 2194 καθαράν
3575 2123 3673 2177 καὶ

2087 2220 2332 2290 μονοειδῆ
2363 2220 2456 2272 τοῦ
2490 2220 2625 2273 Θεοῦ
2653 2222 2957 2291 ἐπιστήσας
2987 2221 3276 2290 πρόνοιαν,
3304 2220 3419 2281 τοῖς
3467 2217 3526 2271 δὲ
3572 2220 3671 2271 καὶ

2083 2314 2164 2374 εἰς
2185 2311 2367 2365 ἄνοιάν
2393 2329 2521 2364 ποτε
2548 2313 2979 2384 ὑποφερομένοις
3002 2312 3243 2380 λογικοῖς
3272 2311 3369 2364 καὶ
3398 2310 3484 2362 διὰ
3509 2308 3673 2363 τοῦτο

2081 2403 2280 2464 κακίας
2320 2404 2830 2474 ἀναπιμπλαμένοις
2865 2403 2960 2475 τὴν
3017 2402 3277 2474 συμμιγῆ
3317 2403 3532 2474 καιροῖς
3572 2401 3672 2455 καὶ

2080 2491 2270 2561 τύχαις
2315 2493 2572 2563 πρόνοιαν
2624 2493 2930 2556 ἀποδιδούς.
2963 2494 3120 2545 Ἐστι
3174 2493 3284 2562 γάρ
3319 2492 3354 2561 ή
3407 2491 3509 2561 μὲν
3558 2491 3675 2544 τῶν

2080 2582 2304 2649 ἀγαθῶν
2343 2585 2732 2654 προηγουμένη
2787 2584 2934 2647 δόσις
2965 2584 3063 2637 καὶ
3102 2585 3135 2654 ἡ
3168 2583 3277 2636 τῶν
3311 2583 3452 2635 κατά
3503 2581 3671 2650 φύσιν

2079 2676 2389 2746 προσόντων
2421 2676 2463 2708 ’⁸
2507 2678 2736 2748 τήρησις
2771 2677 2817 2708 ¹⁹
2865 2678 2994 2730 ἴδιον
3053 2675 3216 2747 ἔργον
3267 2675 3367 2744 τῆς
3417 2674 3670 2743 καθαρᾶς

2080 2768 2363 2838 προνοίας,
2393 2769 2426 2839 ή
2459 2768 2517 2821 δὲ
2565 2769 2674 2822 τῶν
2718 2769 2870 2838 παρὰ
2928 2772 3090 2839 φύσιν
3127 2768 3482 2821 διατεθέντων
3521 2765 3669 2836 διόρ-

2079 2857 2264 2925 θωσις,
2302 2860 2399 2913 καὶ
2449 2860 2506 2913 αἱ
2558 2860 2668 2914 τῶν
2717 2861 3135 2932 ἁμαρτημάτων
3165 2858 3389 2911 εὐθῦναί.
3446 2859 3545 2928 τῆς
3580 2860 3668 2910 έν-

2078 2948 2201 3004 ύλου
2230 2951 2328 3003 καὶ
2359 2950 2498 3023 τύχῃ
2543 2951 2640 3004 καὶ
2688 2951 2867 3022 καιρῷ
2911 2950 3375 3023 προσχρωμένης.
3430 2951 3506 3002 Οὐ
3550 2949 3662 3020 γάρ

394 3008 607 3080 ligitur,
636 3015 882 3074 divinum
909 3021 1178 3092 judicium
1208 3030 1491 3090 hominum
1527 3043 1793 3108 quosdam
1824 3045 1969 3099 cala-

2084 3042 2223 3095 κατὰ
2300 3042 2392 3094 τὸν
2477 3041 2894 3115 προηγούμενον
2945 3043 3104 3111 λόγον
3173 3044 3206 3112 ἠ
3284 3041 3404 3094 θεία
3483 3043 3668 3113 κρίσις

393 3101 586 3157 mitate
617 3104 802 3174 allicit,
836 3112 972 3168 alios
1016 3131 1142 3171 vero
1195 3136 1490 3192 prosperos
1523 3130 1721 3197 reddit,
1760 3135 1853 3188 sed
1903 3153 1969 3192 ex

393 3192 666 3264 cujusque
712 3205 1066 3262 antecedente
1111 3213 1330 3268 merito.
1378 3214 1515 3271 Cum
1562 3231 1744 3276 autem
1794 3227 1971 3280 medi-

391 3282 534 3338 cinae
567 3287 750 3344 simile
789 3293 860 3346 sit
883 3295 1152 3364 judicium
1183 3301 1434 3369 judicum
1472 3310 1634 3366 nobis
1667 3316 1972 3380 praesiden-

391 3375 529 3430 tium
575 3394 698 3448 quae
758 3398 850 3438 ars
909 3392 1288 3456 aegrotantium
1379 3412 1565 3454 curam
1643 3407 1970 3478 suspiciens,

392 3469 575 3522 omnia
599 3471 726 3534 illis,
754 3485 924 3542 utpar
965 3488 1070 3542 est,
1117 3494 1424 3552 opportune
1467 3469 1975 3566 przescribi_t,prout

391 3557 626 3616 inﬁrmis
674 3566 925 3632 expedit:
973 3582 1256 3641 propterea
1305 3557 1559 3635 meritum
1611 3557 1828 3654 eorum,
1876 3593 1970 3660 qui

387 3649 731 3719 judicantur,
767 3672 891 3711 cum
937 3661 1074 3717 alias
1130 3664 1276 3721 aliud
1311 3670 1401 3734 sit,
1438 3679 1601 3742 atque
1647 3649 1861 3734 arbitrii
1893 3649 1974 3737 Ili-

393 3741 602 3797 bertate
629 3753 891 3814 mutetur,
931 3749 1204 3810 fortunam
1257 3759 1453 3816 divinae
1495 3741 1622 3836 erga
1655 3784 1756 3836 nos
1785 3775 1972 3841 provi-

391 3939 555 3995 atque
583 3930 933 3998 expiationis,
970 3940 1318 3996 occasionem
1348 3959 1537 4001 secum
1565 3949 1816 4008 inducit:
1852 3955 1968 4010 l'or-

390 4028 524 4073 tuna
555 4031 760 4091 autem,
816 4035 871 4080 et
925 4031 1146 4086 occasio
1197 4033 1398 4092 divinae
1426 4041 1786 4114 providentia:
1833 4062 1969 4102 con-

380 4110 595 4178 juncta,
627 4117 876 4184 generale
909 4118 1080 4174 fatbm
1106 4121 1366 4192 cilicium,
1399 4144 1468 4184 ex
1494 4112 1733 4187 humana
1768 4137 1964 4191 volun-

389 4209 499 4255 tate
529 4201 804 4260 fortunam
837 4211 1138 4280 accipiens,
1190 4231 1256 4270 ex
1308 4218 1498 4279 divino
1523 4230 1706 4278 autem
1751 4226 1964 4295 judicio

385 4291 754 4350 occasionem.
789 4296 1000 4354 Etenim
1049 4303 1184 4359 artis
1225 4313 1311 4360 est
1336 4311 1562 4366 curandi
1603 4313 1826 4369 modum
1873 4317 1965 4373 de-

2074 3135 2251 3187 τοῖσδε
2312 3135 2412 3206 μὲν
2461 3136 2620 3204 ἡμῶν
2668 3136 2900 3206 ὲμφέρει
2977 3136 3023 3166 ³⁸
3087 3133 3156 3188 τὰ
3233 3133 3428 3199 δεινά,
3487 3134 3664 3187 τοῖσδε

2074 3225 2133 3277 δὲ
2175 3226 2219 3255 ἰ
2252 3225 2352 3288 τὰς
2393 3225 2692 3289 εὐπαθείας
2749 3226 3095 3288 ἀποδίδωσιν,
3165 3224 3282 3279 ἀλλ’
3350 3223 3411 3289 ἐξ
3469 3224 3665 3277 ὑποθέ-

2076 3335 2214 3381 σεως
2271 3319 2372 3388 τῆς
2432 3317 2540 3369 τῶν
2611 3317 3073 3388 προϐεϐιωμένων
3142 3315 3322 3383 ἀξίας,
3374 3316 3504 3369 ἐπεὶ
3570 3319 3664 3370 καὶ

2075 3408 2251 3460 ἔοικεν
2293 3410 2327 3476 ὴ
2384 3409 2566 3478 κρίσις
2621 3407 2734 3461 τῶν
2805 3408 3130 3478 ἐφεστώτων
3190 3409 3322 3477 ἡμῖν
3389 3407 3664 3461 δικαστῶν

2073 3503 2142 3571 τῇ
2214 3501 2433 3571 ἰατρικῇ
2505 3500 2691 3571 τέχνῃ,
2769 3501 2805 3571 ἢ
2887 3500 3280 3571 παραλαϐοῦσα
3363 3502 3490 3562 τοὺς
3568 3503 3664 3571 ἀφ’

2074 3591 2283 3644 ἑαυτῶν
2311 3593 2646 3662 νοσήσαντας
2671 3592 2848 3645 πάντα
2878 3593 3016 3662 πρὸς
3052 3591 3114 3645 τὸ
3143 3591 3262 3646 δέον
3311 3593 3503 3655 αὐτοῖς
3537 3609 3666 3647 συνο

2073 3684 2260 3736 τάττει
2340 3683 2483 3737 κατὰ
2537 3683 2748 3752 καιρὸν,
2805 3684 2862 3737 δν
2943 3684 3010 3737 ἂν
3065 3683 3255 3747 αὐτοῖς
3323 3685 3438 3747 τοῖς
3497 3684 3664 3754 θερα-

2077 3776 2407 3845 πευομένοις
2460 3777 2546 3846 εἴη
2599 3775 2896 3838 λυσιτελές.
2956 3775 3067 3829 Κάὶ
3123 3776 3210 3829 διὰ
3262 3769 3494 3847 τοῦτοή
3561 3775 3664 3846 μὲν

2074 3869 2199 3932 ἀξία
2231 3870 2338 3922 τῶν
2374 3870 2713 3941 κρινομένων
2757 3870 2947 3923 ἄλλοτε
2992 3868 3126 3940 άλλη
3166 3869 3534 3938 τυγχάνουσα,
3567 3869 3662 3922 καὶ

2071 3962 2192 4022 ταῖς
2242 3959 2606 4025 αὐτεξουσίως
2646 3961 2690 3992 ²¹
2731 3962 3010 4029 κινήσεσιν
3065 3957 3535 4027 ὲναλλαττομένη,
3567 3957 3660 4010 τύ-

2072 4069 2176 4122 χην
2225 4053 2292 4123 τῇ
2361 4053 2493 4123 περὶ
2556 4055 2704 4124 ἡμᾶς
2751 4056 2980 4124 προνοίᾳ
3024 4051 3398 4121 συμμίγνυσιν
3433 4067 3448 4082 ⁶
3507 4052 3542 4121 ἡ
3599 4049 3658 4102 δὲ

2073 4145 2428 4215 προσήκουσα
2501 4146 2754 4209 ἑκάστοις
2819 4145 2973 4212 τάξις
3059 4145 3152 4197 τὸν
3221 4143 3320 4213 τῆς
3375 4144 3656 4214 τιμωρίας

2071 4241 2166 4291 καὶ
2249 4243 2348 4312 τῆς
2414 4240 2738 4312 καθάρσεως
2815 4238 3008 4310 καιρὸν
3079 4239 3410 4306 συνεισάγει.
3471 4237 3656 4306 Τύχης

2067 4329 2125 4383 δὲ
2178 4332 2276 4384 καὶ
2329 4330 2524 4402 καιροῦ
2555 4335 2619 4402 τῇ
2671 4329 2795 4402 θεία
2825 4331 3062 4405 προνοίᾳ
3089 4329 3538 4398 συνταττομένων
3593 4328 3655 4380 τὸ

384 4383 565 4450 ﬁnire,
599 4386 840 4446 hominis
871 4407 1000 4447 vero
1027 4396 1110 4451 sic
1138 4397 1298 4466 alﬁci,
1331 4410 1389 4456 ut
1418 4405 1660 4461 sectione
1694 4407 1952 4481 indigeat,

2084 4422 2181 4475 ὶλον
2232 4383 2550 4494 πλέγμάίε⁵
2593 4383 2823 4491 ’γίνεται
2869 4383 3222 4494 εἱμαρμένη,
3282 4423 3346 4474 ἐκ
3399 4419 3499 4490 μὲν
3551 4419 3653 4489 τῆς

381 4477 468 4530 vel
524 4481 761 4547 ustione,
800 4485 886 4538 vel
934 4487 1042 4543 alia
1090 4491 1324 4559 quadam
1366 4497 1596 4552 molesta
1635 4504 1951 4561 curatione.

381 4566 592 4622 Passim
631 4587 757 4629 vero
785 4585 840 4630 et
870 4577 1074 4647 aliquid
1111 4583 1214 4638 hoc
1247 4585 1410 4642 modo
1428 4586 1584 4644 Plato
1615 4592 1679 4647 de
1713 4593 1956 4652 humana

378 4669 598 4730 natura,
639 4675 693 4721 et
762 4668 897 4739 fato,
953 4675 1298 4742 providentia
1343 4681 1580 4752 quadam
1627 4671 1832 4743 nostra.
1871 4705 1956 4746 re-

376 4766 560 4823 gente,
595 4761 1036 4833 philosophatur.

2064 4514 2415 4586 ἀνθρωπίνης
2463 4516 2840 4587 προαιρέσεως
2882 4515 2982 4586 τὴν
3024 4515 3196 4586 τύχην
3243 4511 3651 4584 προσλαϐοῦσα,

2065 4608 2129 4659 ἐκ
2177 4609 2234 4661 δὲ
2271 4609 2371 4677 τῆς
2423 4609 2574 4672 θείας
2631 4610 2866 4678 κρίσεως
2927 4609 3240 4678 ἐκφέρουσα
3293 4607 3387 4660 τὸν
3424 4605 3650 4677 καιρόν

2065 4699 2158 4751 καὶ
2205 4699 2315 4771 γάρ
2393 4702 2493 4770 τῆς
2549 4701 2745 4771 τέχνης
2803 4703 2951 4754 ἐστὶν
3015 4700 3280 4771 ἀφορίσαι
3340 4700 3410 4752 τά
3479 4699 3654 4769 μέτρα

2063 4791 2162 4860 τῆς
2196 4793 2522 4862 θεραπείας,
2555 4793 2651 4846 τοῦ
2687 4793 2746 4846 δὲ
2795 4791 3086 4864 ἀνθρώπου
3123 4791 3434 4861 διατεθῆναι
3477 4790 3652 4852 οὕτως

373 4847 516 4903 ὥστε
549 4854 724 4926 τομῆς
752 4857 1012 4931 δεηθῆναι
1043 4863 1075 4932 ἢ
1113 4865 1362 4932 καύσεως
1419 4870 1453 4940 ἧ
1481 4871 1650 4945 ἀλλης
1680 4875 1825 4939 τινὸς
1892 4847 2159 4950 ἀλγεινῆς
2226 4847 2546 4956 θεραπείας.
2615 4847 2914 4956 Πολλαχοῦ⁵
2975 4885 3053 4948 δὲ,
3096 4883 3251 4952 φησὶ,
3289 4884 3385 4934 καὶ
3415 4881 3599 4936 ἄλλοοι
3622 4885 3651 4935 ὁ

373 4945 600 5000 Πλάτων
628 4949 948 5006 τὰτοιαῦτα
977 4955 1258 5028 φιλοσοφεῖ
1278 4963 1408 5034 περί
1430 4981 1491 5017 τε
1517 4965 1563 5033 ξδ
1621 4965 1723 5036 τῆς
1790 4945 2144 5045 ἀνθρωπίνης
2203 4945 2392 5042 οὐσίας
2447 4978 2541 5031 καὶ
2616 4977 2719 5048 τῆς
2762 4975 3178 5048 άπευθυνούσης
3225 4977 3272 5008 ³⁵
3319 4978 3473 5048 ήμᾶς
3509 4993 3652 5048 προ-

372 5040 630 5112 νοητικῆς
653 5041 1016 5112 εἱμαρμένης.

613 5152 930 5222 Di/ferentia
982 5159 1278 5230 philosophi
1331 5177 1384 5221 et
1423 5173 1700 5227 amatoris.

437 5241 635 5315 4641]
691 5245 846 5302 Plato
893 5247 1186 5308 discrimen
1240 5272 1489 5326 ponens,
1537 5263 1748 5333 inquit,
1808 5266 1951 5323 inter

365 5329 774 5404 phil050phum,
824 5348 878 5392 et
909 5353 1204 5413 amantem,
1229 5358 1283 5404 et
1321 5355 1593 5421 quomodo
1623 5356 1831 5414 honore
1863 5361 1948 5414 in-

2201 5180 2295 5245 Τίς
2329 5181 2367 5247 ἡ
2399 5179 2747 5248 φιλοσόφου
2774 5178 2871 5231 καὶ
2903 5176 3191 5246 ἐρωτικοῦ
3219 5176 3516 5246 διαφορά;

2130 5273 2254 5325 ’Ότι
2302 5271 2608 5338 ἀποδιδοὺς,
2639 5272 2826 5342 φησὶν,
2874 5273 2903 5324 ὁ
2947 5270 3173 5322 Πλάτων
3215 5268 3509 5338 φιλοσόφου
3551 5274 3646 5326 καὶ

2053 5364 2320 5434 ἐρωτικοῦ
2362 5364 2648 5436 διαφορὰν,
2696 5364 2789 5417 καὶ
2844 5361 2964 5425 πῶς
3015 5360 3278 5432 ἰσοτίμως
3337 5361 3642 5430 ἀνάγεσθαι

1602 5475 1834 5533 VARI/1'3
1897 5480 2302 5540 LECTIONES.

400 5550 474 5634 ,³⁵
511 5558 850 5634 πραγμάτων
877 5561 921 5616 Α
951 5580 966 5617 :
1004 5565 1348 5634 γραμμάτων
1377 5585 1437 5632 ς.

366 5632 553 5673 ιοντων
582 5640 640 5686 ς.

367 5687 507 5764 γμα]
537 5690 769 5770 πρᾶγμα
810 5687 874 5757 Au.
911 5687 921 5703 ⁸
954 5687 1313 5762 ²⁵’τεὀῖιι.’Ᾰ.

1518 5569 1956 5649 ¹⁶Άδιηγούμενοι]
1982 5577 2357 5648 διαλεγόμενοι
2385 5579 2444 5634 Β.
2523 5580 2568 5612 ¹⁷
2604 5577 2763 5648 δῆλός
2803 5593 2908 5648 mg.
2939 5595 2952 5630 :
2979 5576 3102 5649 libri
3131 5575 3308 5646 δῆλόν.
3386 5577 3430 5609 ¹⁸
3458 5594 3633 5648 προσ-

721 5631 762 5704 ίν
783 5633 1040 5718 τήρησὲς]
1089 5631 1351 5718 sema,
1377 5631 1532 5718 ῤ-ύσις
1559 5631 1742 5718 B._"'°
1767 5631 2042 5718 συμφέρει
2069 5631 2156 5704 Α.⁵
2180 5631 2255 5682 Ί²¹
2375 5631 2487 5707 om.
2523 5649 2589 5704 A.

1398 5711 1442 5741 ³³
1481 5711 1985 5787 ύπευθυνούσιῇςἈξ

2681 5652 2726 5682 ²²
2752 5648 2876 5704 libri
2916 5648 3315 5713 αύτεξουσίαις.
3415 5649 3462 5682 ⁸³
3497 5649 3632 5703 πλέ-
