3966 6240
245 311 321 375 89
1388 316 1995 381 BIBLIOTHECA.—
2032 320 2196 383 COD.
2227 320 2413 381 CCLI.
3442 312 3515 384 90

244 427 517 493 λέγονται,
550 425 915 499 φιλοσοφῆσαι
964 430 1063 499 μὲν
1106 430 1311 493 ἀδόλως
1359 431 1508 499 λέγει
1561 448 1653 484 τον
1702 430 1838 484 θεῖσι

1942 441 2022 488 ter
2069 448 2128 489 se
2153 448 2311 502 pares
2355 433 2630 500 dicantur,
2686 433 3063 505 philosophari
3112 430 3330 501 quidem
3384 445 3510 487 eum

249 517 377 589 ρίαν
432 519 562 572 ἀνευ
620 519 875 590 πράξεως
929 520 1215 591 πολιτικῆς
1271 523 1635 593 ἀγαπήσαντα
1663 562 1678 586 ,
1733 522 1830 575 καὶ⁸

245 610 429 663 πάντα
464 618 536 661 τα
557 609 695 663 ἄλλα
712 613 842 680 παρ’
870 612 1020 665 οὐδὲν
1048 613 1295 682 θέμενον.
1317 616 1408 666 καὶ
1430 617 1548 676 ταῖς
1577 616 1833 683 καθαρτι-

244 702 373 762 κοῖς
408 701 634 771 ἀρεταῖς
682 696 873 754 ἑαυτὸν
914 704 1224 770 παραδόντα
1255 703 1414 775 [1592
1450 705 1541 776 IL]
1578 707 1645 775 τῇ
1694 705 1833 774 πρὸς

250 792 425 861 μόνην
450 792 549 862 τὴν
583 794 738 863 ἱεράν
769 794 1049 847 τελείωσιν
1079 798 1336 867 ἀναγωγῇ
1374 798 1446 861 ’⁸,
1480 797 1553 861 ὡς
1584 800 1642 850 ὲν
1674 797 1835 849 Θεαι-

248 884 400 952 τήτῳ
426 883 701 947 διέξεισιν.
748 886 891 939 Ἀλλ’
917 888 944 937 ὀ
977 888 1076 956 μὲν
1100 887 1297 949 ἀδόλως
1320 889 1362 920 ’⁷
1383 889 1671 958 φιλόσοφος
1695 888 1837 941 κατὰ

250 972 519 1025 Πλάτωνα
550 972 814 1037 τοιοῦτος·
841 976 869 1026 6
894 975 950 1026 δὲ
982 976 1245 1046 ἐρωτικὸς
1277 977 1495 1044 λέγεται
1518 977 1833 1048 παράὐτῷ,

248 1062 312 1125 ὃς
334 1065 379 1093 ’⁸
406 1064 500 1116 καὶ
527 1064 961 1136 παιδεραστῆσαι
985 1070 1122 1135 μετὰ
1138 1066 1474 1135 φιλοσοφίας,
1506 1070 1533 1121 6
1554 1071 1673 1131 ταῖς
1694 1085 1837 1139 πρα-

253 1154 477 1214 κτικαῖς
498 1153 539 1183 ²⁹
561 1154 789 1223 ἀρεταῖς
815 1154 901 1207 διὰ
926 1156 988 1207 τὸ
1013 1155 1155 1208 θεῖον
1186 1158 1280 1211 καὶ
1305 1159 1365 1209 τὸ
1415 1158 1714 1212 αὐτόκαλον
1750 1160 1837 1211 ὲν-

261 1242 542 1311 ἀσκηθεὶς,
559 1245 654 1296 καὶ
679 1244 789 1296 τῶν
812 1247 1018 1317 νοητῶν
1043 1249 1263 1315 ἀγαθῶν
1287 1248 1384 1320 τὴν
1410 1251 1694 1319 μετάδοσιν
1721 1253 1841 1303 ἐπι-

264 1335 545 1404 τηδεύσας,
572 1336 854 1391 πολιτικὸν
886 1338 963 1408 τῷ
992 1340 1105 1392 όντι
1132 1341 1226 1394 καὶ
1257 1342 1604 1396 παιδευτικὸν
1637 1343 1841 1414 τρόπον

262 1423 356 1475 τοῦ
389 1424 504 1494 βίου
538 1428 1068 1498 μεταχειριζόμενος.
1120 1432 1230 1484 Καὶ
1260 1432 1419 1484 τοῦτο
1471 1435 1529 1485 ὲν
1558 1434 1841 1497 Πολιτείᾳ

258 1515 616 1585 παραδίδωσι,
651 1519 778 1581 τοὺς
827 1519 1151 1591 φιλοσόφους
1198 1521 1372 1590 λέγων
1405 1524 1671 1594 ἄρχοντας
1721 1526 1842 1587 ταῖς

250 1608 482 1660 πόλεσιν
515 1610 831 1678 ἐφεστάναι,
860 1612 947 1664 ἵνα
969 1612 1175 1682 λήξωσί
1209 1631 1341 1667 ποτε
1372 1616 1482 1669 τῶν
1508 1616 1715 1681 κακῶν,
1746 1616 1842 1668 καὶ

251 1699 328 1761 ὡς
354 1700 458 1751 οὐκ
480 1698 547 1751 ἄν
583 1717 713 1752 ποτε
753 1701 1167 1773 εὐδαιμονήσειε
1190 1704 1343 1767 πόλις
1379 1706 1449 1771 ³ο,
1479 1708 1526 1757 εί
1564 1706 1637 1776 μὴ
1669 1707 1841 1776 αὐτὴν

1936 523 2087 587 dicit,
2116 523 2232 593 qui,
2270 524 2372 579 soli
2404 524 2619 577 deditus
2648 524 3112 592 contemplationi,
3133 524 3201 577 ab
3227 524 3349 577 aliis
3392 538 3512 577 om»

1937 616 2095 670 nibus
2129 617 2387 679 abstinet,
2430 617 2690 686 putrisque
2731 616 3024 671 virtutibus
3084 631 3143 671 se
3182 615 3418 680 dedicat,
3455 623 3517 667 ut

1939 708 2153 762 tandem
2202 708 2476 776 perfectus
2508 708 2721 772 evadat,
2749 708 3207 776 quemadmodum
3234 707 3286 760 in
3322 704 3513 761 Theae-

1940 806 2050 852 teto
2092 800 2191 853 ait.
2235 798 2414 867 Atque
2474 798 2853 866 hicjabsolute
2898 797 3109 852 Platoni
3156 798 3513 869 philosophus

1938 900 2039 946 est.
2077 892 2390 948 Amatorius
2430 907 2557 945 vero
2586 893 2637 945 ei
2676 902 2924 957 vocatur,
2957 893 3049 961 qui
3087 903 3145 945 ut
3173 907 3295 946 cum
3330 890 3515 961 philo-

1941 985 2130 1051 sonhia
2166 985 2371 1039 liberos
2400 996 2566 1049 amet,
2602 994 2825 1054 propter
2860 984 3033 1054 ipsam
3064 983 3404 1038 honestatem
3451 996 3518 1037 ac

1940 1076 2277 1131 divinitatem
2335 1076 2691 1137 exercitatus.
2745 1085 2799 1130 et
2851 1074 3182 1144 spiritalium
3250 1075 3517 1127 bonorum

1943 1186 2100 1223 usum
2134 1158 2380 1238 adeptus,
2415 1170 2631 1222 civilem
2661 1172 2787 1222 vitae
2824 1168 3116 1231 rationem,
3143 1164 3522 1219 educationes-

1941 1278 2047 1331 que
2079 1261 2377 1314 liberorum
2430 1268 2702 1314 sectatur:
2737 1260 2883 1328 quod
2922 1258 2976 1312 in
3009 1257 3166 1312 libris
3212 1255 3286 1309 De
3334 1254 3519 1324 repub.

1943 1352 2141 1407 tradit:
2210 1350 2571 1420 Philosophos
2636 1352 2982 1419 potissimum
3065 1348 3349 1404 civitatum
3401 1361 3524 1402 esse

1942 1444 2233 1512 principes,
2264 1452 2322 1496 ut
2352 1460 2445 1497 eas
2500 1444 2796 1512 aliquando
2846 1442 3004 1497 malis
3035 1442 3296 1511 eripiant,
3343 1453 3522 1509 neque

1943 1534 2198 1588 ﬂorentes
2228 1550 2469 1602 unquam
2494 1533 2608 1587 fore
2646 1533 2983 1603 respublicas
3013 1531 3120 1585 nisi
3150 1530 3335 1585 divino
3360 1537 3522 1583 uten—

1946 1637 2025 1681 tes
2047 1627 2363 1696 exemplari,
2384 1643 2478 1681 eas
2515 1626 2802 1679 deliniant.
2829 1625 2961 1691 Quae
2986 1634 3167 1679 autem
3189 1619 3525 1678 deﬁnitionis

1943 1727 2038 1772 aut
2069 1719 2455 1787 descriptionis
2507 1719 2671 1785 hujus
2720 1718 2860 1771 ratio
2912 1726 3015 1781 est,
3063 1716 3323 1769 nimirum
3367 1728 3523 1768 sum-

247 1789 618 1861 διαγράψειαν
670 1794 721 1843 oi
770 1792 846 1861 τῷ
913 1792 1043 1863 [756
1102 1792 1196 1866 HJ
1253 1795 1382 1865 θείῳ
1426 1796 1835 1865 παραδείγματι

1942 1819 2085 1879 ptam
2119 1810 2417 1871 civitatem,
2456 1823 2743 1877 moresque
2787 1808 3069 1861 hominum
3098 1805 3262 1858 veluti
3311 1803 3526 1857 tabulas

247 1883 553 1951 χρώμενοι,
589 1884 684 1946 Τίς
712 1883 758 1936 δ’
790 1886 818 1935 6
866 1887 1066 1954 τρόπος
1101 1886 1199 1954 τῆς
1230 1887 1567 1958 διαγραφῆς;
1616 1889 1696 1939 ὅτι
1741 1888 1836 1939 λα-

249 1974 464 2039 6όντες,
492 1974 682 2045 ὥσπερ
730 1976 957 2040 πίνακα,
979 1978 1131 2031 πόλιν
1157 1996 1215 2031 τε
1261 1980 1354 2031 καὶ
1381 1980 1483 2049 ἢθη
1535 1979 1837 2049 ἀνθρώπων

250 2067 473 2136 πρῶτον
499 2069 600 2136 μὲν
627 2067 871 2139 καθαράν
899 2070 1203 2138 ποιήσειαν,
1237 2072 1330 2123 καὶ
1356 2072 1493 2141 μετὰ
1520 2072 1678 2124 τοῦτο
1709 2073 1839 2124 ὐπο-

250 2157 557 2227 γράψαιντο
581 2158 647 2210 ἀν
676 2158 737 2211 τὸ
765 2160 948 2229 σχῆμα
973 2160 1071 2228 τῆς
1100 2161 1397 2227 πολιτείας,
1424 2160 1636 2227 ἔπειτα,
1655 2160 1833 2232 οἶμαι,

254 2250 692 2320 ἀπεργαζόμενοι
729 2251 898 2321 αὐτὴν
932 2252 1113 2306 πυκνὰ
1139 2253 1206 2305 ἂν
1242 2254 1553 2324 ἑκατέρωσε
1609 2255 1835 2307 ἀποϐλέ-

253 2358 428 2407 ποιεν,
453 2344 590 2413 πρός
633 2360 693 2395 τε
732 2344 793 2397 τὸ
842 2344 1001 2413 φύσει
1032 2345 1240 2398 δίκαιον
1279 2348 1373 2400 καὶ
1409 2346 1572 2399 καλὸν
1598 2349 1693 2399 καὶ
1725 2347 1836 2399 σῶ-

250 2449 387 2500 φρον
424 2436 522 2485 καὶ
548 2435 729 2487 πάντα
761 2435 832 2487 τά
860 2436 1107 2500 τοιαῦτα,
1136 2437 1231 2489 καὶ
1259 2439 1395 2506 πρὸς
1426 2438 1468 2468 ³¹
1499 2441 1677 2491 ἐκεῖνο
1708 2434 1775 2491 αὖ
1806 2438 1833 2491 ὃ

242 2527 359 2587 τοῖς
385 2524 699 2595 ἀνθρώποις
740 2528 958 2595 ἐμποιεῖ
984 2529 1051 2592 ³²,
1082 2528 1157 2591 ὡς
1187 2530 1283 2580 καὶ
1324 2529 1368 2560 ³³
1410 2529 1658 2601 Ὅμηρος
1697 2531 1821 2602 ἔφη,

246 2618 310 2668 τὸ
334 2616 574 2680 θεοειδές
604 2635 663 2670 τε
698 2617 743 2649 ³⁸⁵
774 2619 869 2671 καὶ
900 2620 1222 2684 θεοείκελον,
1252 2621 1345 2673 καὶ
1384 2621 1444 2673 τὸ
1480 2622 1579 2690 μὲν
1625 2622 1836 2685 ἐξαλείο

249 2726 423 2777 φοιεν,
453 2710 515 2763 τὸ
544 2711 600 2763 δὲ
629 2711 789 2765 πάλιν
824 2714 1176 2782 ἐγγράφοιεν,
1209 2715 1266 2777 ἐς
1301 2716 1329 2767 ὅ
1353 2732 1406 2767 τι
1428 2716 1471 2746 ³⁸⁵
1505 2715 1739 2785 μάλιστα
1764 2714 1835 2768 τὰ

247 2802 574 2872 ἀνθρώπινα
620 2803 725 2874 ¹ἤθη
780 2804 1004 2873 θεοφιλῆ
1058 2807 1367 2876 ποιήσειαν.
1416 2806 1670 2870 Τοιοῦτός
1719 2810 1834 2859 ἐστι

252 2895 544 2947 πολιτειῶν
580 2895 870 2967 ζωγράφος
920 2900 948 2949 6
996 2898 1377 2967 παιδεραστῶν
1428 2900 1567 2968 μετὰ
1620 2900 1833 2967 φιλοσο-

251 2988 400 3054 φίας,
429 2989 709 3042 τουτέστιν
731 2993 759 3043 ό
801 2992 939 3059 μετὰ
971 2990 1309 3061 θεωρητικοῦ
1343 2992 1435 3045 νοῦ
1483 2991 1835 3061 πολιτευόμε-

1940 1917 2104 1969 puras
2131 1901 2399 1970 imprimis
2427 1902 2653 1953 reddant
2682 1918 2699 1954 ι
2723 1898 2919 1954 deinde
2944 1898 3259 1967 reipublicae
3289 1896 3523 1950 formam

1939 1996 2184 2065 pingant.
2214 1995 2453 2062 Denique
2482 2010 2549 2048 eo
2570 1993 2845 2055 confecto,
2868 1992 3183 2063 frequenter
3200 2004 3254 2045 et
3279 1990 3525 2059 undique

1938 2087 2004 2140 ad
2040 2087 2091 2140 id
2119 2086 2265 2155 quod
2308 2096 2507 2140 natura
2566 2086 2779 2155 justum
2813 2094 2897 2139 est
2929 2092 2981 2138 et
3013 2084 3323 2147 honestum,
3352 2092 3408 2135 et
3437 2081 3528 2135 his

1941 2179 2141 2232 similia
2196 2189 2505 2249 respectum
2555 2179 2823 2243 habeant,
2874 2192 3204 2245 rursumque
3251 2176 3317 2229 ad
3372 2189 3517 2237 eam,

1939 2287 2060 2340 qua:
2118 2272 2432 2325 hominibus
2482 2270 2640 2324 insita
2700 2279 2803 2333 est,
2856 2280 2913 2323 ιιι
2966 2268 3233 2322 Homerus
3280 2268 3376 2331 ait,
3427 2264 3525 2321 Dei

1939 2365 2353 2421 similitudinem
2400 2380 2463 2418 ac
2493 2362 2746 2426 formam,
2779 2371 2833 2416 et
2884 2362 3029 2415 aliud
3063 2360 3281 2429 quidem
3309 2374 3524 2428 expun-

1939 2467 2089 2526 gant,
2107 2457 2251 2511 aliud
2280 2455 2867 2525 veroinculpantqnod
2889 2454 3132 2507 moribus
3162 2454 3269 2506 Deo
3287 2450 3527 2505 maxime

1937 2551 2136 2605 charos
2165 2549 2423 2603 mortales
2454 2549 2664 2602 reddat.
2688 2547 2838 2601 Talis
2872 2556 2957 2602 est
2993 2544 3521 2613 rerumpublicarum
3590 2554 3597 2563 '

1940 2645 2114 2713 pictor
2159 2653 2353 2697 amans
2389 2657 2513 2695 cum
2566 2642 2914 2711 philosophia
2938 2680 2952 2704 ,
2991 2640 3094 2692 hoc
3133 2646 3237 2701 est,
3284 2636 3378 2705 qui
3412 2650 3521 2688 una

1937 2752 2059 2790 cum
2110 2735 2479 2805 Speculatione
2519 2736 2571 2788 in
2615 2733 2892 2802 republica
2942 2739 3227 2793 versatur,
3286 2726 3374 2781 cui
3426 2742 3527 2795 pro

1937 2827 2125 2881 liberis
2146 2844 2340 2883 sensus
2369 2827 2499 2892 sint,
2555 2827 2813 2895 quodque
2863 2824 2916 2876 in
2966 2824 3034 2877 iis
3077 2822 3363 2875 honestum
3407 2820 3525 2873 elu-

1939 2926 2041 2981 cet,
2068 2925 2122 2970 et
2153 2916 2237 2970 his
2260 2917 2415 2986 longe
2445 2916 2723 2984 antiquior
2748 2930 2811 2969 ac
2843 2913 3036 2982 major,
3065 2910 3231 2965 veluti
3263 2925 3526 2965 sensuum

1939 3009 2289 3079 paedagogus,
2350 3024 2503 3062 mens
2551 3009 2642 3061 sit.
2698 3006 2994 3074 Propterea
3056 3019 3181 3057 eum
3238 3003 3357 3072 qui,
3409 3003 3528 3056 sola

250 3096 362 3142 νος.
394 3080 569 3132 Παῖδα
596 3080 705 3151 γὰρ
740 3076 881 3134 εἶναι
909 3084 1009 3151 τὴν
1060 3084 1315 3152 αἴσθησιν
1350 3086 1443 3136 καὶ
1470 3086 1530 3136 τὸ
1574 3086 1632 3135 ὲν
1669 3085 1712 3114 ³⁸
1753 3085 1837 3136 αί-

1944 3111 2126 3154 ιηειιιε
2157 3100 2379 3158 utendo,
2422 3100 2473 3152 in
2518 3115 2700 3151 rerum
2754 3100 3116 3151 humanarum
3168 3094 3528 3163 despicientia

254 3170 452 3239 σθήσει
480 3171 668 3236 καλὸν,
688 3174 763 3233 ὡς
803 3175 939 3243 πρὸς
961 3175 1005 3205 ³⁷
1026 3174 1340 3244 πρεσϐύτην
1369 3177 1462 3227 καὶ
1491 3176 1840 3242 παιδαγωγὸν

251 3259 353 3327 τῆς
386 3261 699 3331 αἰσθήσεως
726 3264 817 3317 τὸν
849 3266 994 3317 νοῦν.
1022 3266 1114 3317 Διὸ
1141 3266 1232 3317 τὸν
1261 3266 1336 3335 νῷ
1366 3266 1412 3297 ³⁸
1444 3268 1590 3336 μόνῳ
1622 3268 1841 3343 χρώμε-

252 3370 344 3406 νον
385 3356 443 3407 ὲν
472 3356 745 3428 ὑπεροψίᾳ
801 3358 910 3410 τῶν
940 3359 1066 3428 τῇδε
1100 3357 1339 3428 σώφρονι
1387 3358 1592 3421 ἀδόλως
1622 3359 1838 3428 φιλοσο-

254 3448 375 3514 φεῖν
432 3448 840 3517 ἀποφαίνεται,
887 3450 1166 3502 τουτέστιν
1220 3451 1674 3521 ἀπεριεργάστως
1747 3453 1841 3503 καὶ

254 3538 435 3601 ἀῢλως
483 3541 579 3592 καὶ¹
664 3541 1052 3611 ἀγοητεύτως·
1134 3543 1417 3613 γοητεύειν
1468 3544 1576 3614 γάρ
1624 3561 1741 3606 πως
1806 3547 1838 3617 ή

253 3631 511 3702 αἴσθησις
591 3633 765 3687 ἐθέλει
846 3635 1101 3701 συνοῦσα,
1183 3636 1277 3689 καὶ
1353 3636 1671 3690 ἀναπείθειν
1746 3638 1840 3691 τὸν

252 3722 518 3793 λογισμὸν
547 3726 656 3778 τῶν
693 3726 896 3779 ἑνύλων
950 3745 1003 3780 τι
1059 3728 1270 3795 ἀγαθὸν
1325 3729 1368 3761 ³⁸
1431 3728 1841 3800 ὑπολαμϐάνειν

249 3818 480 3870 οἰκεῖον.
510 3818 611 3870 Τὸν
632 3819 689 3871 δὲ
715 3821 815 3890 τὴν
848 3821 1103 3891 αἴσθησιν
1135 3822 1278 3875 κατά
1314 3822 1439 3875 νοῦν
1488 3823 1842 3877 διατάττοντα

251 3908 642 3979 παιδεραστεῖν
669 3912 714 3943 ¹⁵⁰
743 3912 891 3981 λέγει
925 3915 1064 3982 μετὰ
1092 3914 1434 3982 φιλοσοφίας,
1472 3915 1841 3986 φυλακτήριον

251 3999 448 4069 ἔχοντα
484 4002 738 4069 μέγιστον
762 4004 855 4057 τοῦ
890 4005 1315 4075 ἀνεξαπατήτως
1333 4006 1478 4058 κατά
1512 4006 1611 4077 τὴν
1645 4010 1841 4078 αἴσθη-

253 4110 339 4144 σιν
389 4094 639 4164 ἐνεργεῖν
673 4099 763 4147 τὸν
814 4096 1146 4169 θεωρητικὸν
1187 4100 1333 4164 νοῦν,
1357 4093 1419 4153 οὗ
1466 4101 1682 4163 εἰκόνας
1732 4102 1839 4173 ἰδία

249 4188 346 4239 καὶ
396 4188 635 4259 δημοσία
666 4192 899 4259 γράφειν
952 4192 1072 4263 ἐρᾷ,
1126 4192 1197 4245 τά
1251 4193 1360 4245 τῶν
1402 4192 1705 4264 ἀνθρώπων
1745 4196 1844 4246 ὲπ-

248 4278 650 4350 ανορθοὺμενος
685 4282 813 4353 ἤθη,
870 4282 975 4346 ἕως
1016 4287 1095 4346 είς
1134 4284 1258 4338 ὅσον
1285 4285 1560 4355 ἐνδέχεται
1615 4285 1841 4356 θεοφιλῆ

247 4373 552 4441 ποιήσειεν.
586 4374 653 4425 'A
684 4375 794 4445 γὰρ
828 4377 873 4406 ἰ
918 4377 1037 4429 ἐκεῖ
1073 4378 1195 4448 ὁρᾷ,
1231 4379 1538 4449 ἐγγράφειν
1569 4381 1627 4431 ὲν
1659 4379 1842 4444 ἄλλοις

1943 3193 2221 3244 moderate
2296 3198 2565 3254 versatur,
2635 3187 2877 3256 perfecte
2970 3186 3368 3254 philosophari,
3426 3186 3531 3238 hoc

1940 3294 2043 3347 est,
2077 3284 2196 3337 sine
2227 3281 2429 3344 labore,
2457 3296 2485 3333 a
2518 3279 2747 3332 materia
2780 3277 3105 3344 seiunctum,
3152 3291 3217 3329 ac
3243 3276 3360 3329 sine
3389 3290 3529 3343 pra:-

1943 3374 2123 3442 Stigiis
2196 3372 2446 3425 afﬁrmat.
2500 3369 2707 3423 Sensus
2766 3368 2912 3420 enim
2957 3365 3123 3419 menti
3179 3364 3529 3432 eonjunctus,

1943 3466 2213 3519 fascinare
2245 3462 2511 3514 rationem
2567 3468 2730 3527 atque
2790 3457 3010 3511 ﬂectere
3057 3454 3260 3519 studet,
3292 3463 3348 3507 ut
3382 3453 3532 3523 quod

1944 3557 2186 3611 materia:
2246 3554 2606 3619 conjunetum
2676 3558 2783 3611 est,
2837 3551 3043 3602 bonum
3093 3548 3199 3602 sibi
3248 3546 3530 3616 proprium

1942 3647 2239 3703 existimet.
2281 3642 2384 3708 Qui
2428 3657 2559 3694 vero
2616 3655 2815 3694 sensus
2850 3648 3028 3691 mente
3056 3638 3341 3707 gubernat,
3403 3650 3531 3690 eum

1955 3739 2177 3792 demum
2234 3736 2533 3789 liberorum
2587 3747 2711 3785 cum
2744 3728 3084 3799 philosophia
3122 3738 3395 3782 amantem
3431 3740 3533 3794 ap-

1946 3828 2158 3897 pellat:
2194 3826 2283 3880 cui
2316 3837 2475 3877 mens
2508 3821 2954 3890 contemplationi
2995 3820 3176 3873 dedita
3212 3834 3308 3887 pro
3340 3830 3534 3874 custo-

1943 3919 2032 3973 dia
2064 3921 2152 3981 sit,
2184 3933 2249 3973 ac
2277 3917 2643 3979 munimento,
2672 3929 2740 3967 ne
2766 3912 3023 3967 sensibus
3061 3912 3340 3981 operando
3374 3911 3533 3966 falla-

1947 4020 2055 4074 tur,
2092 4008 2251 4076 cujus
2282 4007 2504 4076 quidem
2544 4006 2741 4058 mentis
2772 4002 3038 4071 imagines
3071 4003 3293 4071 pingere
3312 4003 3532 4070 publice

1942 4100 2306 4171 privatimque
2373 4105 2553 4160 amat,
2638 4110 2820 4149 mores
2896 4094 3181 4147 hominum
3243 4094 3526 4163 dirigens,

1947 4195 2101 4260 dum,
2137 4193 2339 4265 ωςα
2376 4191 2556 4263 quoad
2589 4190 2708 4258 ejus
2743 4188 2860 4243 ﬁeri
2896 4198 3103 4258 potest,
3137 4186 3230 4241 Dei
3260 4197 3528 4252 amantes,

1944 4287 2049 4340 hoc
2075 4294 2180 4349 est,
2206 4285 2325 4354 pios
2360 4282 2572 4336 reddat.
2610 4280 2765 4345 Quod
2801 4288 2981 4333 autem
3033 4280 3088 4332 in
3154 4277 3399 4347 imagine
3448 4276 3533 4345 pi-

1951 4390 2070 4432 etor
2108 4385 2457 4447 perspectum
2494 4373 2709 4437 habuit,
2749 4371 2936 4426 divino
2967 4386 3100 4425 usus
3126 4368 3445 4437 exemplari,
3476 4366 3533 4422 id

247 4465 516 4532 πειρᾶται
565 4464 594 4516 6
634 4464 710 4536 τῷ
760 4465 889 4537 θείῳ
942 4467 1229 4538 χρώμενος
1285 4470 1689 4542 παραδείγματι
1734 4471 1838 4533 ζω-

1944 4470 2067 4525 aliis
2096 4483 2316 4539 quoque
2344 4466 2657 4534 insculpere
2689 4475 2949 4523 conatur,
2989 4461 3163 4515 nihilo
3191 4460 3411 4530 quidem
3440 4459 3533 4514 hic

247 4560 486 4627 γράφος,
517 4559 667 4611 οὐδὲν
706 4559 804 4629 μὲν
830 4561 922 4613 τοῦ
954 4561 1180 4630 πρώτου
1222 4562 1365 4615 κατά
1394 4563 1519 4616 νοῦν
1548 4563 1841 4616 ἀπολειπό-

252 4666 441 4719 μενος,
469 4650 662 4718 φιλανθ
674 4654 855 4722 ρωπίᾳ
871 4652 924 4705 δὲ
946 4653 1112 4706 αὑτοῦ
1130 4654 1305 4707 δοκῶν
1326 4655 1624 4724 διαφέρειν,
1654 4655 1841 4727 ὥσπερ

249 4738 317 4794 αὖ
378 4747 422 4783 ⁵³
482 4746 693 4806 ἐκεῖνος
752 4744 943 4797 τούτου
1008 4750 1074 4815 τῇ
1145 4748 1459 4818 ίδιοπραγίᾳ
1514 4752 1708 4819 κρατεῖ
1772 4750 1840 4803 ⁸⁸.

251 4835 523 4898 Τοιαύτας
575 4835 631 4887 δὲ
685 4836 822 4907 πρὸς
879 4837 1141 4907 ἀλλήλους
1200 4838 1415 4908 ἔχοντες
1478 4839 1763 4910 διαφοράς,
1812 4844 1840 4894 6

258 4929 353 4995 μὲν
403 4928 470 4980 τὸ
518 4928 746 4992 ἀδόλως,
794 4930 1075 4983 τουτέστιν
1127 4932 1390 4995 ἀνενδεῶς
1422 4932 1466 4963 ³⁸
1519 4935 1613 4987 καὶ
1653 4935 1843 4987 ἀνεπι-

260 5021 509 5090 στρόφως
537 5020 648 5075 τῶν
678 5020 1038 5090 ἀνθρωπίνων
1071 5024 1436 5094 πραγμάτων,
1469 5027 1496 5078 6
1520 5025 1577 5077 δὲ
1607 5026 1669 5078 τὸ
1699 5028 1842 5097 ἐρω-

258 5113 439 5177 τικῶς,
473 5112 501 5166 ὃ
545 5113 743 5166 ταύτόν
790 5116 905 5167 ἐστι
938 5114 1016 5185 τῷ
1062 5114 1462 5187 φιλανθρώπως
1489 5118 1575 5171 καὶ
1632 5134 1842 5189 κοσμη-

261 5203 420 5266 τικῶς
452 5204 563 5257 τῶν
606 5206 906 5273 συγγενῶν,
943 5208 1094 5276 ὅμως
1127 5208 1215 5261 διὰ
1256 5208 1316 5261 τὸ
1350 5209 1476 5277 μίαν
1509 5210 1708 5273 αὐτοὺς
1746 5209 1840 5264 καὶ

259 5297 351 5365 τὴν
380 5299 552 5369 αὐτὴν
584 5300 907 5370 φιλοσοφίαν
959 5301 1261 5371 κεκτῆσθαι
1292 5301 1394 5371 τῆς
1446 5304 1839 5357 ἀποκαταστάσ

1954 4564 2126 4617 altero
2174 4560 2504 4629 philosopho
2546 4568 2729 4611 mente
2757 4555 3005 4620 inferior,
3031 4570 3155 4608 cum
3190 4552 3538 4607 humanitate

1945 4653 2192 4720 superior
2220 4657 2503 4718 appareat,
2532 4646 2999 4717 quemadmodum
3029 4645 3119 4698 ille
3150 4643 3280 4697 huic
3304 4642 3535 4713 privatis

1944 4742 2248 4797 commodis
2297 4740 2594 4795 antecellit.
2632 4742 2811 4807 Atque
2857 4737 2961 4790 hoc
3015 4736 3235 4806 quidem
3288 4735 3431 4790 inter
3472 4750 3534 4790 se

1943 4838 2259 4893 discrimine
2288 4837 2563 4899 diﬂ‘erunt,
2624 4835 2984 4904 philosophus
3013 4833 3232 4904 quidem
3270 4833 3528 4903 periecte,

1947 4928 2055 4983 hoc
2079 4938 2183 4994 est,
2235 4942 2429 4997 parum
2469 4934 2565 4981 aut
2604 4926 2743 4979 nihil
2774 4927 3015 4978 humana
3044 4939 3249 4979 curans
3284 4924 3528 4992 negotia;

1943 5024 2247 5079 amatorius
2286 5037 2438 5085 vero,
2475 5021 2579 5075 hoc
2608 5030 2714 5083 est,
2756 5027 3124 5090 cognatorum
3185 5026 3351 5089 atque
3418 5016 3533 5069 alli-

1943 5119 2095 5171 nium
2128 5115 2347 5183 negotia
2382 5113 2649 5184 gerendo,
2683 5113 2736 5165 in
2769 5125 2866 5165 eos
2910 5109 3205 5175 beneﬁcus,
3254 5104 3531 5160 nihilomi-

1946 5227 2050 5266 nus
2078 5212 2205 5280 quia
2239 5208 2525 5277 aequaliter
2578 5205 2982 5277 philosophiam
3013 5203 3194 5272 adepti
3233 5209 3383 5263 sunt,
3412 5196 3530 5265 pari

1945 5317 2165 5372 quoque
2218 5298 2569 5371 perfectionis
2620 5298 2796 5368 gradu
2849 5304 3169 5359 censentur,
3215 5289 3333 5362 pari
3392 5301 3531 5343 temo

1532 5439 1773 5496 VARle
1838 5439 2245 5495 LECTIONES.

327 5562 375 5593 ’⁸
402 5562 595 5630 ἀγωγῇ
634 5575 696 5623 ς.
773 5559 817 5591 ³⁷
850 5558 1036 5621 ἄδολος
1064 5558 1127 5613 Β.
1205 5558 1251 5589 ’⁸
1280 5558 1331 5630 ὃ]
1357 5560 1431 5623 ὠς
1459 5560 1522 5614 Α.

263 5631 302 5664 ³¹
334 5630 492 5705 «ea
532 5632 608 5705 {iis
635 5637 701 5705 Ατ
802 5630 1125 5705 ³ῗ,ἐμῑτοιεὲ,
1155 5645 1266 5705 οῐη·
1323 5631 1391 5705 _A_-

1604 5561 1648 5591 ”
1682 5564 2012 5632 πρακτικαῖς
2041 5563 2084 5614 Α
2116 5579 2129 5614 :
2162 5560 2577 5632 wpayjtactxai;
2610 5576 2673 5623 ς.

1499 5631 1543 5662 ³³
1574 5630 1650 5693 ῶς
1683 5630 1775 5684 καί
1802 5634 1844 5688 Α
1879 5654 1891 5688 :
1927 5633 2020 5685 καὶ

2749 5556 2797 5589 ³⁸
2825 5554 3202 5638 εδδοκιμήσειε
3234 5550 3443 5638 ,πόλεις
3462 5566 3524 5638 ς.

2075 5631 2149 5693 ὡς
2288 5620 2394 5662 ”³⁸
2423 5647 2484 5683 τε
2515 5620 2570 5682 Α-
2594 5620 2697 5687 ίτι
2731 5644 2791 5690 ς.
2873 5626 2976 5696 ³⁵ξό
2997 5620 3192 5696 «nemo
3378 5621 3435 5696 ff
3466 5620 3526 5671 ὲν

266 5690 492 5772 cingit."
537 5690 748 5771 ³⁷’πρὺς
779 5690 1016 5772 οίιάξΑ,
1083 5701 1126 5732 ³⁸
1158 5700 1251 5752 τὸν
1283 5699 1380 5770 νῷ]
1408 5699 1581 5772 νῷκΑ,
1602 5690 1679 5769 τῷ
1709 5702 1783 5772 νῴ
1818 5702 1874 5755 Β.
1955 5703 1998 5733 ³⁸
2034 5690 2255 5767 ἀγαθῶν
2286 5700 2350 5757 Β.
2418 5701 2476 5771 ,⁸ο
2505 5696 2881 5770 παιδεραστήν
2914 5694 2980 5749 Α.
3055 5692 3099 5726 ἰι
3125 5692 3233 5766 γάρ
3262 5694 3303 5749 Β
3331 5710 3344 5748 :
3374 5690 3431 5746 δέ
3459 5706 3521 5757 ς.

270 5769 423 5846 ⁴⁸αὖ1
456 5774 524 5829 ἂν
558 5774 626 5825 Α.

705 5772 751 5804 ⁸³
778 5769 958 5840 κρατῆ
992 5770 1058 5826 Δ.
1133 5772 1182 5805 ⁸⁵
1205 5769 1470 5834 ἀνενδεῶς
1499 5769 1778 5829 Bentleius
1811 5792 1824 5830 :
1862 5772 1986 5830 libri
2016 5772 2229 5836 ἐνδεῶς.
