3966 6240
428 246 494 315 91

1578 262 1843 324 PHOTII
1893 265 2398 331 PATRIARCHAZ
2434 273 2544 335 ΟΡ.

3626 287 3704 352 92

427 384 564 440 pore
614 370 782 427 veluti
823 371 926 428 alis
970 373 1192 440 sublati,
1232 387 1287 433 et
1325 378 1516 435 cadem
1545 383 1828 438 evectione
1854 382 1984 454 dign

2111 402 2250 450 σεως
2277 387 2534 460 ἰσοτίμως
2559 391 2855 462 τυγχάνειν
2904 394 3153 464 λέγονται
3190 399 3504 470 ίσοχρονίως
3553 421 3689 460 πτε-

427 463 620 517 habili.

438 576 488 631 Ε
531 577 683 661 libro.
704 581 890 661 tertio,
912 582 1162 661 cogite
1197 582 1654 661 Leges._rationes,
1682 591 1928 661 virtutes,
1953 601 2005 648 et

636 650 683 704 si
708 666 812 719 qua
844 651 1044 706 similia
1088 650 1485 711 Providentiam
1518 650 1781 716 inducere.

493 801 612 857 Non
660 803 890 874 frustra,
933 806 1113 878 inquit
1156 807 1454 879 Hierocles,
1498 813 1645 885 leges
1687 815 2004 871 conduntur

425 890 737 949 hominibus
770 911 785 949 :
820 912 1000 968 neque
1048 900 1187 953 ratio
1240 900 1308 956 iis
1361 913 1562 959 temere
1604 906 1752 972 data,
1819 923 1999 977 neque

421 985 678 1040 voluntas
717 985 927 1044 frustra
967 1000 1072 1056 est,
1127 1008 1229 1048 nec
1273 1005 1399 1049 vota
1441 996 1624 1052 facere
1671 1015 1999 1071 supervaca-

420 1093 606 1146 neum,
640 1080 687 1135 si
718 1096 807 1137 res
836 1083 1092 1137 humanas
1117 1085 1450 1154 providentia
1477 1101 1754 1160 regantur,
1777 1093 1996 1162 justitia

418 1177 474 1220 et
504 1169 620 1238 lege
655 1173 962 1227 mercedem
995 1174 1182 1230 liberis
1227 1179 1541 1236 actionibus
1573 1182 1863 1238 tribuente.
1897 1186 2000 1240 Ne-

418 1274 528 1326 quc
552 1276 682 1315 vero
703 1262 749 1317 si
777 1262 892 1319 haec
944 1269 1274 1335 necessaria,
1331 1271 1561 1327 honesta
1591 1283 1645 1328 et
1667 1275 1817 1329 utilia
1846 1287 1996 1342 sunt,

419 1349 627 1406 idcirco
652 1351 746 1407 fati
779 1356 1112 1424 providentis
1145 1360 1226 1414 vis
1253 1360 1478 1426 tollitur,
1507 1365 1653 1433 quod
1685 1366 1858 1419 fatum
1901 1381 2001 1420 ex-

420 1443 589 1498 ternis
631 1445 788 1500 malis
819 1447 873 1501 id
909 1450 1053 1517 quod
1083 1448 1138 1504 in
1169 1461 1356 1506 nostra
1393 1463 1475 1508 est
1501 1463 1789 1524 potestate,
1821 1460 1999 1513 corri-

418 1535 529 1604 git:
577 1535 674 1590 sed
720 1537 836 1593 haec
885 1555 984 1610 per
1037 1557 1096 1596 se
1135 1544 1310 1612 magis
1358 1544 1594 1600 invicem
1647 1548 1995 1617 conﬁrmant,

416 1643 580 1694 quam
624 1640 814 1684 mutuo
843 1646 903 1686 se
937 1633 1259 1690 destruunt:
1289 1639 1629 1708 providentia
1669 1643 1818 1696 enim
1844 1644 1996 1698 exsi-

415 1731 611 1787 stente,
667 1724 830 1778 ctiam
884 1726 1028 1796 leges
1073 1745 1296 1785 necesse
1323 1741 1426 1798 est,
1478 1736 1720 1791 rationes
1777 1746 1832 1791 et
1868 1748 1994 1792 vota
2029 1731 2072 1786 Β

414 1810 709 1880 plurimum
749 1816 908 1872 nobis
957 1819 1250 1888 prodesse:
1295 1823 1388 1877 illa
1437 1825 1840 1894 vero,sublata,
1885 1845 1992 1883 non

411 1906 588 1958 solum
619 1907 752 1961 nihil
783 1909 1110 1979 profuerint,
1167 1914 1265 1969 sed
1307 1931 1408 1970 nec
1438 1918 1580 1972 tueri
1605 1919 1828 1986 quidem
1849 1936 1995 1975 rem-

411 1995 685 2064 publicam
737 2000 1140 2074 imperiumque
1183 2016 1458 2074 poterunt.
1506 2007 1799 2080 Propterea
1850 2015 1993 2081 quod

409 2088 466 2142 in
510 2100 695 2145 nostra
740 2103 826 2148 est
876 2105 1168 2164 potestate,
1218 2099 1616 2166 providentiam
1663 2103 1898 2168 inducit,
1939 2114 1994 2159 et

409 2179 657 2235 vicissim
703 2184 1070 2252 providentia,
1119 2187 1170 2242 id
1201 2188 1348 2258 quod
1404 2191 1460 2244 in
1505 2200 1688 2246 nostra
1725 2203 1994 2262 potestate

407 2285 512 2328 est.
549 2273 749 2330 Nostra
777 2277 922 2331 enim
957 2281 1207 2336 voluntas
1247 2282 1457 2350 justum
1506 2287 1676 2338 fatum
1731 2289 1993 2340 corrobo-

405 2376 518 2432 rat,
554 2379 608 2422 et
652 2385 846 2425 rursus
873 2371 1046 2427 fatum
1081 2373 1316 2430 liberum
1356 2378 1644 2432 arbitrium
1679 2381 1986 2435 confirmat.

406 2457 562 2525 Quod
596 2462 642 2516 si
683 2479 882 2531 purum
911 2481 976 2520 ac
1029 2467 1352 2523 meditatum
1388 2468 1500 2526 Deo
1546 2472 1986 2541 adjunxerimus,

406 2549 618 2618 legibus
660 2563 893 2616 stantes,
943 2556 1198 2626 votisque
1243 2557 1350 2624 usi,
1388 2569 1443 2613 et
1489 2562 1838 2630 prudentiam
1904 2579 1990 2617 se-

403 2650 647 2710 ctantes,
671 2659 735 2698 ac
763 2661 858 2714 per
878 2647 1063 2701 omnia
1094 2664 1283 2703 curam
1311 2666 1501 2705 eorum
1525 2662 1800 2722 gerentes,
1821 2656 1989 2710 maxi-

402 2733 510 2789 mis
538 2735 785 2791 fruemur
832 2739 993 2793 bonis
1025 2756 1040 2792 :
1076 2751 1264 2796 contra
1296 2758 1448 2806 vero,
1476 2745 1694 2800 dolores
1744 2746 1986 2816 perfere-
2023 2751 2028 2756 ”

404 2841 549 2892 mus,
610 2826 697 2882 his
737 2830 1010 2898 praefixos,
1067 2832 1162 2886 sed
1225 2835 1318 2903 qui
1365 2837 1692 2892 medicinam
1731 2839 1983 2906 afferant,

402 2919 783 2988 experimento
807 2921 1043 2977 officium
1095 2925 1296 2980 edocti.
1335 2926 1403 2980 IJt
1434 2938 1616 2981 autem
1685 2930 1823 2984 bene
1887 2939 1982 2985 aut

402 3008 545 3062 male
586 3008 890 3065 alliciamur
934 3031 964 3066 ιι
1005 3015 1276 3069 deteriore
1332 3017 1612 3072 voluntate
1655 3021 1981 3090 purgatione

401 3101 580 3168 liberi,
611 3106 905 3173 plurimum
936 3110 1253 3164 conducunt
1282 3111 1390 3176 lex,
1422 3123 1632 3177 votum,
1668 3116 1981 3183 consilium,

399 3204 456 3250 et
486 3197 536 3252 id
559 3213 731 3264 genus
772 3199 900 3268 alia,
925 3217 1048 3272 qua:
1070 3218 1172 3259 nos
1200 3205 1323 3270 pios
1355 3205 1575 3277 Deoque
1634 3210 1983 3265 consentien-

401 3301 484 3348 tes
511 3293 774 3350 eiliciunt.

680 3493 911 3549 Arbitrii
943 3497 1112 3550 nostri
1148 3495 1368 3551 libertas
1396 3497 1572 3568 qualis
1603 3501 1696 3556 sit.

467 3577 587 3633 Non
645 3581 754 3635 tale
811 3592 918 3646 est,
979 3582 1179 3652 inquit,
1233 3585 1470 3641 liberum
1515 3598 1764 3643 nostrum
1832 3590 1980 3646 arbi-

395 3673 585 3738 trium,
619 3683 679 3728 ut
723 3675 840 3730 suis
882 3675 1072 3732 liberis
1111 3676 1424 3734 actionibus
1461 3680 1649 3735 omnia
1676 3697 1796 3748 quae
1823 3694 1976 3748 sunt,

394 3782 625 3837 quaeque
656 3769 812 3832 fiunt,
847 3768 1146 3824 transferre
1188 3770 1382 3840 possit.
1417 3769 1511 3826 Sic
1555 3773 1701 3828 enim
1745 3774 1977 3846 singulis

393 3859 715 3913 hominibus
773 3875 949 3916 novus
1021 3861 1261 3918 mundus
1320 3865 1668 3928 conderetur,
1723 3866 1976 3936 aliusque

390 3952 518 4007 vita:
568 3961 864 4022 apparatus
905 3963 1074 4022 esset,
1131 3957 1584 4028 quandoquidem
1632 3958 1975 4031 465611011

389 4059 586 4099 omnes
638 4045 829 4101 eadem
879 4047 1126 4116 cupiunt,
1163 4049 1259 4103 sed
1311 4065 1410 4120 pro
1438 4051 1668 4121 singulis
1707 4052 1976 4122 cujusque

388 4136 677 4194 affectibus
707 4139 1002 4210 (siquidem
1034 4140 1330 4195 essentiam
1365 4143 1700 4198 constituere
1729 4146 1971 4215 possent)

387 4233 574 4286 omnia
609 4234 1049 4296 traducerentur.
1103 4241 1312 4288 mutata
1356 4234 1556 4290 subitis
1599 4237 1968 4291 humanarum

385 4325 728 4380 voluntatum
758 4325 1302 4382 commutationibus.
1335 4326 1531 4382 Merito
1585 4327 1751 4398 igitur
1813 4339 1970 4398 pote~

2113 478 2366 550 ρούμενοι
2394 484 2490 538 καὶ
2509 484 2610 554 τῆς
2635 486 2806 558 αὐτῆς
2830 489 3128 559 ἀναγωγῆς
3148 491 3483 564 ἀξιούμενοι.

2120 593 2223 648 Ἐκ
2270 597 2376 651 τοῦ
2401 596 2469 670 ⁸γ’
2502 601 2712 668 λόγου,
2753 604 3085 670 κεφαλαίου
3117 604 3392 661 δεκάτου.
3431 609 3552 662 ’Ότι
3585 615 3691 664 rd-

2171 683 2292 746 μοι,
2315 667 2415 746 κει
2436 671 2734 746 ⁸ῇογισμοὶ,
2769 667 2867 724 κάι
2896 674 3124 746 ripam-2,
3149 677 3247 729 καὶ
3276 677 3393 732 ὅσα
3420 681 3691 746 τοιαῦτα,

2177 737 2291 802 τὴν
2332 738 2631 805 Πρόνοιαν
2655 737 3155 812 συνεισάγουσικ.

2178 827 2254 878 Ob
2287 829 2467 899 μάτην
2493 827 2607 895 οὖν,
2644 833 2801 903 φησὶ,
2838 835 2990 902 νόμοι
3027 837 3304 891 κείσονται
3329 843 3440 904 τοῖς
3471 842 3692 913 ἀνθρώ-

2105 934 2249 982 ποις,
2275 916 2395 972 οὐδὲ
2441 921 2698 992 λογισμὸς
2731 925 2858 995 εἰκῆ
2892 927 3122 994 δέδοται,
3154 929 3276 983 οὐδὲ
3324 932 3385 985 τὸ
3434 933 3690 1002 βουλεύε-

2105 1009 2231 1063 σθαι
2263 1012 2308 1044 ‘5
2366 1013 2656 1082 παρέλκει,
2711 1017 2832 1070 οὐδὲ
2877 1021 2939 1072 τὸ
2993 1019 3253 1090 εὔχεσθαι
3306 1027 3583 1096 περιττὸν,
3635 1029 3689 1080 εξ

2103 1103 2336 1172 πρόνοια
2379 1105 2487 1158 τῶν
2516 1107 2873 1178 ἀνθρωπίνων
2919 1114 3263 1183 πραγμάτων
3291 1118 3500 1186 ἡγοῖτο,
3531 1119 3686 1190 νόμῳ

2104 1194 2199 1247 καὶ
2227 1195 2354 1266 δίκῃ
2394 1196 2492 1259 τὰς
2523 1199 2758 1269 ἀμοιϐὰς
2804 1203 2913 1256 τῶν
2958 1205 3337 1276 προαιρέσεων
3386 1209 3681 1265 τάττουσα.

2105 1283 2235 1356 [159
2258 1285 2350 1359 R.]
2383 1286 2522 1342 Οὐδὲ
2553 1291 2680 1362 μὴν,
2707 1294 2757 1346 εἰ
2780 1294 2956 1348 ταῦτα
2983 1297 3259 1364 ἀναγκαῖα
3286 1301 3382 1353 καὶ
3416 1302 3559 1354 καλὰ
3588 1303 3686 1355 καὶ

2104 1378 2371 1448 σωτήρια,
2417 1381 2450 1451 ὴ
2483 1380 2584 1449 τῆς
2609 1386 2980 1456 προνοητικῆς
3007 1386 3352 1460 εἱμαρμένης
3396 1392 3553 1456 τάξις
3588 1394 3686 1446 ἁν-

2100 1466 2321 1538 ῄρηται,
2355 1473 2388 1542 ἡ
2427 1473 2487 1524 τὸ
2521 1474 2608 1544 ἐφ’
2641 1476 2776 1545 ἡμῖν
2805 1480 2917 1541 τοῖς
2944 1481 3044 1532 οὐκ
3070 1481 3155 1548 ἐφ’
3185 1483 3317 1552 ἡμῖν
3345 1483 3684 1538 παιδεύουσα

2101 1559 2321 1616 πάθεσι.
2371 1566 2450 1616 Δι’
2481 1564 2729 1636 ἀλλήλων
2758 1569 2816 1622 δὲ
2843 1572 3016 1623 ταῦτα
3065 1572 3383 1642 βεϐαιοῦται
3420 1578 3621 1646 μᾶλλον
3646 1579 3682 1647 ἦ

2101 1654 2188 1708 διὰ
2222 1656 2452 1726 θατέρου
2479 1656 2705 1726 θάτερον
2737 1659 2864 1733 [757
2898 1661 2992 1735 Η.]
3041 1665 3370 1737 ἀναιρεῖται.
3416 1670 3684 1740 Προνοίας

2101 1749 2211 1817 γὰρ
2262 1747 2427 1815 οὔσης
2485 1752 2698 1820 ἀνάγκη
2751 1755 2843 1805 καὶ
2877 1756 3076 1824 νόμους
3127 1760 3220 1810 καὶ
3253 1759 3548 1830 λογισμοὺς
3588 1762 3686 1814 καὶ

2099 1837 2264 1906 εὐχὰς
2321 1837 2574 1892 πλεῖστον
2605 1841 2651 1872 ⁸⁸
2683 1842 2829 1911 ἡμᾶς
2855 1843 3105 1910 ὠφελεῖν,
3159 1846 3234 1917 μὴ
3281 1845 3451 1917 οὔσης
3510 1849 3570 1902 δὲ
3617 1849 3688 1902 οὐ

2100 1931 2263 2000 μόνον
2298 1932 2535 2004 ἀνόνητα
2567 1934 2847 1999 παντελῶς
2873 1935 3070 2000 ταῦτα,
3101 1937 3219 1991 ἀλλ’
3244 1940 3365 1993 οὐδὲ
3389 1941 3489 2011 τὴν
3501 1943 3682 2014 ἀρχὴν

2099 2023 2400 2096 ὑποστῆναι
2427 2027 2729 2098 δυνάμενα.
2760 2029 2852 2081 Διὸ
2886 2031 2980 2083 καὶ
3014 2031 3078 2085 τὸ
3107 2033 3194 2102 ἐφ’
3235 2035 3370 2104 ἡμῖν
3411 2036 3514 2105 τὴν
3542 2035 3683 2104 πρό-

2095 2135 2248 2172 νοιαν
2282 2122 2617 2190 συνεισάγει,
2651 2124 2743 2176 καὶ
2765 2126 2798 2194 ἡ
2827 2127 3057 2194 πρόνοια.
3082 2127 3144 2179 τὸ
3166 2127 3250 2194 ἐφ’
3288 2129 3441 2197 ἡμῖν.
3481 2127 3545 2180 Ἦ
3567 2129 3681 2199 γὰρ

2095 2209 2342 2280 ἡμετέρα
2375 2213 2696 2284 προαίρεσις
2725 2215 2825 2283 τὴν
2852 2215 3071 2269 δικαίαν
3091 2219 3438 2288 εἱμαρμένην
3471 2221 3684 2291 κρατύ-

2095 2316 2199 2362 νει,
2226 2301 2321 2352 καὶ
2347 2301 2485 2373 αὕτη
2511 2303 2610 2374 τὴν
2643 2304 2992 2370 αὐτεξούσιον
3014 2307 3171 2376 ἡμῶν
3188 2308 3402 2379 κίνησιν
3429 2308 3684 2379 βεϐαιοῦ-

2092 2407 2205 2446 ται.
2245 2393 2349 2446 Ἢν
2391 2394 2438 2445 εί
2476 2393 2579 2464 μὲν
2626 2394 2876 2465 καθαρὰν
2923 2397 3018 2450 καὶ
3057 2398 3450 2468 λελογισμένην
3506 2419 3681 2472 προσ-

2093 2483 2323 2552 άγοιμεν
2368 2483 2448 2553 τῷ
2513 2485 2676 2557 Θεῷ,
2727 2486 2912 2556 νόμοις
2978 2489 3314 2560 ἐμμένοντες
3346 2493 3442 2546 καὶ
3486 2493 3680 2562 εὐχαῖς

2091 2570 2368 2642 χρώμενοι
2397 2573 2492 2624 καὶ
2512 2573 2800 2628 εὐϐουλίαν
2830 2575 3102 2645 τιμῶντες
3133 2577 3179 2608 ⁸⁷
3207 2579 3302 2630 καὶ
3329 2578 3418 2630 διὰ
3451 2579 3676 2632 πάντων

2093 2664 2415 2734 ἐπιμέλειαν
2450 2665 2662 2718 ἑαυτῶν
2690 2666 3030 2737 ποιούμενοι,
3063 2669 3172 2722 τῶν
3210 2670 3485 2740 μεγίστων
3528 2673 3674 2738 ἀγα⁹

2092 2751 2200 2805 θῶν
2245 2753 2583 2823 τευξόμεθαο
2633 2757 2681 2806 εί
2711 2755 2769 2807 δὲ
2816 2758 3097 2823 τάναντία,
3148 2759 3369 2822 πάντως
3407 2778 3512 2813 που
3563 2761 3678 2815 τῶν

2089 2843 2184 2898 ἐπὶ
2213 2843 2422 2909 τούτοις
2451 2848 2804 2918 τεταγμένων
2837 2849 3002 2903 δικῶν
3029 2852 3127 2914 τὰς
3165 2852 3414 2921 ἰατρικὰς
3452 2853 3678 2923 οἴσομεν

2092 2936 2416 3006 ἀλγηδόνας,
2462 2941 2628 3011 πείρᾳ
2674 2941 2737 2993 τὸ
2789 2941 2909 2994 δέον
2956 2944 3492 3013 μεταμανθάνοντες.
3527 2945 3676 3016 Πρὸς

2093 3028 2227 3082 αὐτὸ
2257 3029 2314 3081 δὲ
2345 3029 2408 3082 τὸ
2441 3026 2500 3083 εὖ
2533 3023 2629 3084 καὶ
2661 3033 2843 3095 καλῶς
2877 3034 3024 3103 ἡμᾶς
3058 3033 3395 3103 διατεθῆναι,
3428 3037 3532 3104 τῆς
3562 3035 3678 3105 χεί-

2092 3137 2247 3192 ρονος
2286 3121 2743 3192 καθαρεύσαντας
2790 3126 3189 3195 προαιρέσεως,
3224 3126 3487 3196 πλείστην
3517 3127 3675 3196 φέρει

2087 3214 2405 3266 συντέλειαν
2450 3213 2586 3284 εὐχὴ
2638 3215 2733 3267 καὶ
2778 3215 2941 3284 νόμος
2996 3217 3089 3269 καὶ⁵
3146 3218 3425 3288 συμϐουλὴ
3478 3220 3576 3272 καὶ¹
3604 3218 3676 3272 τὰ

2081 3305 2328 3372 τοιαῦτα,
2361 3309 2443 3370 εἰς
2477 3306 2632 3371 τάξιν
2661 3308 2864 3376 ἄγοντα
2912 3309 3006 3362 καὶ
3050 3309 3376 3379 συμφωνίαν
3411 3311 3675 3382 θεοπειθῆ

2081 3399 2183 3469 τὴν
2208 3400 2484 3470 ἡμετέραν
2515 3401 2776 3454 διάνοιαν.

2222 3509 2502 3562 Ποταπόν
2528 3509 2661 3562 ἐστι
2685 3509 2751 3562 τὸ
2775 3508 3064 3579 milii-spor
3087 3511 3529 3577 αὐτεξούσιον;

2152 3599 2279 3652 Ὅτι
2307 3600 2368 3653 οὐ
2400 3597 2640 3652 τοιοῦτόν
2667 3601 2810 3667 ἐστι,
2841 3601 2997 3669 φησὶ,
3021 3601 3082 3653 τὸ
3108 3603 3376 3673 ἡμέτερον
3406 3603 3677 3668 αὐτεξού-

2081 3705 2217 3751 σιον,
2245 3687 2322 3751 ὡς
2345 3689 2466 3751 ταῖς
2491 3687 2691 3741 ἑαυτοῦ
2737 3692 3159 3760 προαιρετικαῖς
3198 3690 3451 3760 κινήσεσι
3485 3690 3674 3744 πάντα

2082 3780 2428 3852 μετατιθέναι
2475 3779 2738 3834 δύνασθαι
2781 3780 2852 3834 τὰ
2902 3780 3034 3834 ὄντα
3105 3782 3200 3834 καὶ
3246 3781 3318 3834 τὰ
3377 3781 3670 3852 γινόμενα.

2079 3874 2237 3929 Οὕτω
2271 3875 2382 3945 γὰρ
2427 3875 2493 3928 ἂν
2525 3873 2586 3926 οὐ
2619 3873 2780 3943 μόνον
2824 3872 2944 3926 καθ’
2977 3873 3074 3927 ἕνα
3112 3873 3343 3926 ἕκαστον
3373 3872 3672 3945 ἄνθρωπον

2077 3968 2281 4037 κόσμος
2313 3966 2470 4031 ἄλλος
2495 3965 2716 4034 ἐγένετο
2754 3967 2845 4019 καὶ
2899 3965 3032 4036 ἄλλη
3069 3965 3182 4036 βίου
3214 3967 3558 4037 κατασκευὴ,
3591 3968 3670 4038 μὴ

2075 4058 2147 4111 τὰ
2169 4058 2311 4111 αὐτὰ
2347 4056 2689 4126 βουλομένων
2717 4057 2976 4110 ἁπάντων
3001 4055 3191 4126 ἡμῶν·
3231 4055 3370 4110 ἀλλὰ
3401 4057 3501 4111 καὶ
3541 4060 3671 4121 ταῖς

2075 4151 2314 4204 ἑκάστου
2344 4148 2676 4214 διαθέσεσιν,
2708 4147 2870 4217 εἴπερ
2900 4147 3224 4217 δραστήριοι
3249 4141 3394 4218 ἦσαν
3431 4147 3532 4201 καὶ
3575 4147 3672 4200 οὐ·

2075 4243 2334 4307 σιοποιοὶ,
2364 4240 2780 4312 συμμετέϐαλλε
2796 4240 2838 4270 ⁸⁸
2861 4239 2932 4290 τὰ
2957 4239 3156 4304 πάντα,
3186 4241 3308 4300 ταῖς
3329 4238 3669 4308 ὀξυρρόποις

2076 4333 2405 4404 μεταϐολαῖς
2423 4333 2535 4385 τῶν
2546 4332 2644 4385 ἀνθ
2652 4331 2908 4403 ρωπίνων
2925 4329 3298 4401 προαιρέσεων
3314 4330 3670 4384 συναλλοιού-

384 4428 500 4475 stas
532 4419 774 4474 hominis
803 4419 1000 4486 libera,
1026 4418 1186 4474 facile
1239 4421 1480 4486 mobilis,
1511 4420 1675 4490 idque
1699 4423 1964 4492 quotidie,

2095 4442 2230 4478 ιενα.
2281 4425 2374 4477 Διὸ
2407 4423 2646 4490 εὐλόγως
2692 4424 2725 4492 ἠ
2782 4421 3013 4491 δύναμις
3064 4419 3161 4474 τοῦ
3209 4421 3567 4489 ἀνθρωπίνου
3622 4423 3669 4456 δ’

383 4513 662 4580 impotens
694 4511 924 4566 omnino
979 4519 1063 4567 est
1096 4512 1164 4566 ad
1213 4511 1419 4582 aliquid
1452 4513 1535 4566 vel
1565 4515 1963 4568 conﬁciendum

383 4603 468 4658 vel
507 4603 968 4669 transferendum,
998 4603 1102 4658 nisi
1130 4603 1610 4672 aliundejuvetur.
1660 4604 1850 4674 Itaque
1877 4622 1966 4661 res

382 4696 661 4760 conditas,
689 4696 888 4766 inquit,
941 4698 1178 4751 humana
1210 4713 1320 4752 non
1359 4697 1654 4754 transferat
1687 4699 1960 4764 voluntas,

381 4806 506 4845 cum
539 4789 624 4844 lex
660 4790 837 4844 livina
891 4790 982 4844 illa
1027 4800 1338 4854 conservet,
1389 4806 1566 4860 neque
1618 4807 1808 4847 eorum
1839 4808 1963 4861 quae

381 4882 544 4946 fiunt,
587 4880 840 4936 conferat
888 4881 1191 4953 quidquam
1243 4883 1313 4936 ad
1359 4883 1626 4938 mundum
1678 4883 1957 4938 fabrican-

377 4976 530 5031 dum.

623 5088 734 5144 Cur
754 5105 834 5142 res
859 5089 1108 5144 humana:
1133 5104 1238 5142 non
1259 5087 1435 5158 ﬂuant
1468 5103 1533 5142 ea:
1561 5098 1706 5142 voto.

451 5183 647 5239 Libera
679 5183 934 5237 voluntas
957 5184 1010 5237 in
1041 5183 1252 5237 nullum
1281 5182 1446 5236 habet
1470 5182 1784 5252 imperium,
1819 5197 1958 5250 prai-

376 5283 625 5346 terquam
657 5274 714 5328 in
768 5289 854 5340 se,
907 5283 1080 5344 utque
1129 5289 1190 5330 se
1241 5273 1418 5344 ipsam
1475 5273 1755 5327 meliorem
1804 5271 1956 5340 pejo-

2074 4511 2452 4577 αὐτεξουσίου,
2471 4512 2760 4582 εὐκινήτου
2789 4511 2943 4575 ὄντος
2963 4511 3060 4565 καὶ
3081 4512 3388 4582 ἐφημέρου,
3422 4514 3669 4586 ἀδρανής

2069 4608 2189 4659 ἐστι
2221 4603 2509 4667 παντελῶς
2538 4603 2675 4672 πρὸς
2704 4603 2750 4636 ⁵ο
2781 4604 3081 4680 ὑπόστασίν
3104 4605 3299 4674 τινοςῆ
3341 4606 3668 4673 μετάθεσιν,

2074 4697 2152 4767 μὴ
2185 4698 2597 4768 συνεργουμένη
2622 4694 2844 4761 ἔξωθεν.
2895 4695 3056 4750 Ἀλλὰ
3085 4696 3150 4766 δὴ
3207 4696 3277 4748 τὰ
3303 4697 3456 4762 ὄντα,
3503 4701 3667 4767 φησὶ.

2073 4793 2147 4858 μὴ
2203 4788 2539 4858 μετατιθέτω
2593 4789 2627 4858 ἡ
2679 4787 3002 4858 ἀνθρωπίνη
3059 4787 3409 4858 προαίρεσις,
3468 4791 3670 4859 ἐπειδὴ

2069 4879 2211 4941 θεῖος
2239 4878 2402 4948 νόμος
2433 4878 2573 4932 αὐτὰ
2613 4881 2862 4950 φρουρεῖ,
2902 4879 3041 4950 μηδὲ
3071 4877 3181 4931 τῶν
3220 4879 3539 4949 γινομένων
3562 4882 3669 4935 ὅσα

2066 4973 2146 5034 είς
2181 4971 2453 5042 κοσμικὰς
2476 4971 2760 5042 ἐνεργείας
2788 4971 3055 5024 συντελεῖ.

2065 5085 2170 5139 Διά
2195 5086 2252 5137 τί
2274 5084 2361 5153 μὴ
2383 5085 2456 5138 τὰ
2475 5082 2821 5152 ἀνθρώπινα
2847 5084 3200 5153 διαϐήσεται
3229 5083 3311 5149 ὡς
3323 5085 3667 5150 ,βούλει-ας

2139 5177 2261 5228 Ὅτι
2319 5177 2533 5239 οὐδενός
2585 5177 2702 5229 ἐστι
2754 5176 2919 5246 κυρία
2972 5177 3115 5246 πλὴν
3164 5176 3366 5246 ἑαυτῆς
3423 5177 3524 5228 καὶ
3561 5177 3661 5230 τοῦ

2065 5267 2162 5319 ἐαυ
2174 5266 2266 5337 τὴν
2291 5267 2551 5336 ἀμείνονα
2582 5267 2616 5338 ἢ
2650 5267 2872 5341 χείρονα
2898 5269 3020 5332 ταῖς
3048 5267 3362 5321 διαθέσεσιν
3397 5269 3661 5341 ἁπεργά-

1605 5467 1842 5525 VARUE
1904 5468 2312 5526 LECTIONES.
2913 5505 2923 5532 ι

445 5609 491 5641 ⁸⁵
520 5610 866 5680 βουλεύεσθαι
903 5609 1171 5676 Excerpta
1195 5606 1424 5686 Alere".
1456 5624 1468 5660 :
1502 5607 1874 5686 βούλεσθαις.
1918 5609 1964 5640 ⁸³
1991 5610 2241 5665 πλεῖστον
2265 5611 2615 5686 Βηπλείστας
2647 5612 2690 5664 Α
2721 5630 2734 5667 :
2765 5611 2994 5666 πλεῖστα
3020 5630 3080 5676 ς.
3160 5613 3205 5646 ⁸⁷
3243 5616 3521 5686 τιμῶντες
3551 5621 3596 5674 Β
3634 5641 3653 5679 :

374 5677 649 5752 ’θηρῶντες
684 5700 746 5746 ς.
895 5683 942 5716 ⁸³
965 5677 1343 5748 συμμετέϐαλε
1379 5695 1439 5741 ς.

1552 5681 1598 5711 ⁸³
1629 5681 1918 5751 ἀνθρληου
1956 5701 2018 5748 ς.

2156 5685 2203 5714 ⁵ο
2260 5681 2423 5754 πρὸς]
2454 5683 2531 5747 ὼς
2561 5682 2626 5736 Α.
