3944 6242
210 311 273 375 93
1338 323 1877 387 BIBLIOTHECA.
1911 353 1980 363 -
2008 326 2173 387 COD.
2197 324 2384 386 CCL].
3402 326 3475 392 9i-

211 426 416 489 ζεσθαι,
438 433 672 498 κριτική
701 428 861 498 μόνον
877 429 1012 484 οὖσα
1032 432 1140 486 τῶν
1156 434 1325 490 ὄντων
1340 437 1434 489 καὶ
1453 438 1787 510 άποδεκτικὴ

1893 452 2082 494 remve
2127 437 2509 493 aﬂectionibus
2535 438 2745 507 reddat,
2796 456 2882 497 res
2904 440 3079 495 solum
3100 440 3354 511 judicans
3378 457 3477 497 ex-

210 518 316 570 τῶν
342 518 675 586 γινομένων,
704 519 796 573 καὶ
825 522 1000 587 οὕτως
1028 525 1282 598 ἀρετὴνῆ
1307 528 1507 583 κακίαν
1536 531 1790 603 κτωμένη

209 611 291 680 τῷ
316 606 376 664 εὖ
415 611 515 681 ﬁ“
552 612 744 676 κακῶς
771 615 831 666 ἐν
866 618 987 680 ταῖς
1021 618 1253 681 οἰκείαις
1287 621 1591 690 ἐνεργείαις
1611 621 1793 676 διατε-

115 694 122 703 ’
209 702 398 770 θῆναι.
442 702 517 755 To
569 703 681 775 γάρ
736 706 1086 771 αὐτεξούσιον
1113 711 1270 765 τοῦτο
1324 714 1486 783 μόνον
1518 715 1606 784 ἐφ’
1659 716 1792 785 ἡμῖν

207 788 355 845 εἶναι
385 793 540 862 δηλοῖ
565 794 667 864 τὴν
719 798 1009 866 μετάθεσιν
1050 802 1083 871 ἡ
1094 802 1210 870 μῶν
1248 804 1428 857 αὐτῶν
1454 806 1591 877 πρὸς
1615 807 1676 859 τὸ
1703 807 1793 859 δο-

209 883 347 937 κοῦν
370 885 527 954 ἡμῖν,
551 885 650 939 τοῦ
678 889 1068 957 περικειμένου
1103 890 1354 962 σώματος
1386 895 1613 950 καὶτῶν
1636 896 1794 961 ἐκτὸς

207 975 272 1026 οὐ
309 974 841 1045 συναριθμουμένων
872 978 951 1049 τῷ
980 981 1334 1052 αὐτεξουσίῳ.
1364 984 1427 1036 Εἰ
1460 984 1569 1055 γὰρ
1616 972 1694 1040 τὶῗ
1708 986 1795 1040 λε-

203 1064 452 1132 γόμενον
478 1067 567 1134 ἐφ’
590 1066 725 1136 ἡμῖν
760 1069 1033 1139 παρελθὸν
1063 1072 1165 1142 τὴν
1193 1074 1384 1127 οὐσίαν
1414 1077 1472 1128 ὲν
1560 1077 1791 1145 ἵδρυται,

203 1155 309 1205 καὶ
363 1153 558 1227 ὥσπερ
608 1156 667 1209 ἐν
713 1157 967 1229 ἀλλοτρίᾳ
1008 1158 1161 1232 χώρᾳ
1190 1164 1504 1234 γενόμενον,
1535 1166 1670 1221 ἄλλα
1704 1168 1793 1221 ἐπ’

203 1245 362 1314 αὐτῷ
415 1242 559 1299 εἶναι
611 1247 869 1321 βουληθῇ,
904 1245 1018 1303 οἷον
1058 1253 1119 1305 τὸ
1168 1254 1328 1324 σῶμα
1367 1255 1399 1327 ἢ
1448 1257 1547 1328 τὴν
1577 1260 1791 1329 κτῆσιν,

207 1336 431 1408 μυρίων
460 1341 881 1410 ἐναντιωμάτων
927 1343 1272 1411 πειράσεται,
1306 1348 1381 1416 μὴ
1413 1350 1554 1402 κατὰ
1593 1353 1795 1404 σκοπὸν

207 1431 626 1499 προϐαινόντων
660 1431 809 1503 αὑτῴ
836 1432 964 1504 [7S8
1007 1434 1099 1508 H.]
1149 1437 1259 1490 τῶν
1293 1441 1656 1510 πραγμάτων,
1701 1444 1795 1495 καὶ

211 1522 433 1593 μυρίων
488 1523 745 1594 δεήσεται
798 1526 909 1579 τῶν
944 1529 1371 1600 συνεργούντων,
1424 1534 1474 1584 εἰ
1528 1533 1710 1603 μέλλοι
1739 1553 1793 1589 τι

208 1615 425 1668 τούτων
459 1616 605 1668 κατά
632 1615 759 1669 νοῦν
799 1617 948 1687 αὐτῷ
978 1620 1324 1690 γενήσεσθαι.
1357 1623 1429 1675 Τὸ
1459 1624 1516 1676 δὲ
1544 1626 1612 1677 τὰ
1633 1626 1792 1680 ὲναν-

208 1707 476 1776 τιούμενα
509 1706 586 1778 μὴ
610 1708 885 1778 συμϐηναι
906 1711 999 1762 καὶ
1021 1712 1091 1765 τὰ
1124 1714 1492 1781 συνεργοῦντα
1517 1734 1580 1768 συ
1590 1718 1792 1787 μδῆναι

1899 540 2107 598 ternas,
2150 531 2404 603 factaque
2433 531 2722 601 recipiens.
2773 533 2892 598 Quo
2923 534 2983 588 lit
3038 545 3117 599 ιιι,
3153 549 3254 604 pro
3300 538 3475 588 virtu-

1895 624 2045 679 tibus
2089 635 2186 678 aut
2234 623 2379 677 vitiis
2408 622 2714 692 acquisitis.
2771 623 2909 677 bene
2954 632 3050 677 aut
3080 624 3222 678 male
3260 623 3315 677 in
3356 625 3474 678 suis

1894 715 2204 771 actionibus
2226 714 2513 785 dirigatur.
2541 714 2787 769 Libertas
2820 714 2964 768 enim
2990 716 3091 770 huc
3126 716 3302 770 solum
3337 730 3475 784 pene

1893 822 1999 862 nos
2051 819 2174 861 esse
2225 805 2602 869 demonstrat,
2644 804 2905 858 nimirum
2970 815 3028 859 ut
3083 821 3183 861 nos
3226 807 3471 875 applice-

1893 914 2037 965 tuus,
2072 907 2235 966 prout
2262 897 2439 951 visum
2486 896 2674 961 fuerit,
2708 896 2890 951 vicino
2916 900 3151 966 corpori,
3194 899 3469 954 externis-

1894 1007 2002 1062 que
2028 990 2216 1053 rebus,
2264 1005 2386 1060 quae
2435 990 2606 1044 libera
2642 989 2868 1044 minime
2914 1000 3062 1043 sunt.
3100 989 3154 1043 Si
3184 992 3329 1045 enim
3385 1006 3475 1046 ar-

1894 1082 2117 1137 bitrium
2171 1079 2373 1151 (quode
2403 1080 2693 1151 hactenus)
2722 1080 3041 1143 essentiam,
3085 1081 3265 1150 inqua
3302 1084 3472 1137 situm

1896 1174 2078 1238 habet,
2101 1172 2534 1234 transcenderet,
2558 1188 2624 1227 ae
2645 1173 2812 1227 veluti
2845 1172 2898 1225 in
2915 1172 3089 1225 aiiena
3120 1172 3340 1240 regione
3364 1174 3473 1228 alia

1892 1282 2061 1337 penes
2090 1282 2149 1321 se
2183 1281 2309 1320 esse
2335 1266 2517 1331 vellet,
2549 1265 2698 1319 verbi
2734 1266 2931 1336 gratia,
2963 1281 3185 1334 corpus,
3217 1274 3312 1319 aut
3345 1282 3473 1336 pos-

1893 1359 2233 1413 sessionem:
2267 1368 2526 1411 sexcenta
2564 1356 2911 1412 adversantia
2952 1358 3195 1421 baberet,
3228 1357 3393 1412 rebus
3421 1358 3475 1412 ei

1892 1466 1956 1504 ex
1990 1452 2155 1505 animi
2191 1451 2461 1507 sententia
2509 1465 2619 1505 non
2659 1451 3106 1515 succedentibus,
3140 1451 3475 1522 inﬁnitisque

1893 1543 2285 1598 auxiliantibus
2318 1543 2607 1612 indigeret,
2641 1552 2697 1596 ut
2727 1542 2931 1612 aliquid
2979 1559 3043 1596 ex
3078 1553 3209 1596 voto
3254 1542 3469 1598 ﬂueret.

1891 1634 2012 1689 Non
2048 1644 2134 1689 est
2156 1645 2339 1689 autem
2386 1636 2442 1688 in
2488 1644 2674 1689 nostra
2708 1649 2872 1687 manu
2904 1635 3165 1704 positum,
3198 1650 3266 1688 ne
3314 1634 3472 1689 nobis

1895 1728 2125 1782 adversa
2169 1724 2440 1790 accidant,
2492 1732 2589 1779 aut
2620 1734 2680 1780 ut
2715 1724 3035 1780 auxiliantia
3062 1725 3471 1790 nanciscamur,

214 1798 312 1851 οὐκ
338 1794 408 1870 ἦν
437 1799 526 1867 ἐφ’
575 1800 730 1868 ἡμῖν,
760 1801 875 1852 ἀλλ’
907 1802 1076 1873 ἄλλης
1098 1804 1244 1867 τινὸς
1272 1805 1365 1858 καὶ
1405 1809 1627 1878 μακρᾶς
1657 1810 1788 1864 ὐπο-

1898 1820 1992 1875 sed
2043 1819 2276 1888 alicujus
2328 1818 2553 1873 alterius
2617 1817 2669 1870 in
2701 1826 2970 1887 potestate
3023 1818 3150 1873 est?
3202 1818 3473 1893 longeque

218 1889 420 1953 θέσεως
453 1890 553 1943 καὶ
581 1890 684 1960 τῆς
718 1892 996 1962 ἑπομένης
1022 1895 1195 1968 ταύτῃ
1243 1897 1472 1963 τάξεως,
1498 1898 1661 1970 [1596
1702 1901 1791 1975 8.]

220 1980 284 2050 ἣν
305 1983 339 2049 ἡ
371 1982 690 2052 εἱμαρμένη
725 1984 995 2037 ἐπιτελεῖν
1026 1985 1268 2055 λέγεται,
1296 1989 1476 2059 κρίσις
1503 1993 1626 2047 θεία
1660 1990 1795 2048 οὖσα

227 2073 279 2124 ἐν
302 2075 416 2135 τοῖς
447 2074 547 2126 οὐκ
580 2074 670 2141 ἐφ’
717 2076 869 2145 ἡμῖν,
912 2077 1050 2148 πρὸς
1086 2081 1186 2149 τὴν
1216 2081 1373 2147 ἀξίαν
1423 2085 1658 2156 ἀμοιϐὴν
1684 2088 1794 2141 τῶν

230 2163 307 2230 ἐᾷ
360 2165 510 2233 ἡμῖν.
562 2166 639 2219 Ut)
687 2167 798 2239 γὰρ
848 2171 1159 2240 ἀναιρεῖται
1209 2173 1271 2226 τὸ
1308 2175 1656 2240 αὐτεξούσιον
1691 2181 1795 2250 τῆς

235 2254 565 2345 ἀνθρωπίνης
602 2258 807 2330 ψυχῆς,
835 2264 884 2315 εί
912 2264 979 2316 τά
1020 2265 1179 2329 ἐκτὸς
1214 2269 1387 2339 αὐτῆς
1436 2270 1530 2325 ἐπὶ
1562 2272 1639 2344 τῷ
1671 2274 1793 2345 Θεῷ

228 2342 307 2412 εἴη
339 2346 610 2416 διανέμειν
640 2349 739 2401 καὶ
769 2352 1082 2407 ἀποδιδόναι
1101 2355 1317 2428 ἑκάστῳ
1341 2361 1476 2429 πρὸς
1505 2342 1791 2434 τὴννάξίαν

221 2435 323 2489 τῶν
376 2437 691 2495 διαθέσεων.
722 2442 978 2496 Μάλιστα
1007 2444 1116 2515 γὰρ
1144 2446 1245 2517 τῆς
1292 2451 1431 2521 πρὸς
1461 2455 1663 2524 ἀρετὴν
1696 2457 1791 2510 καὶ

221 2529 414 2581 κακίαν
449 2530 840 2599 αὐτοκινησίας
867 2533 1026 2603 ήμῶν
1057 2538 1090 2605 ἡ
1116 2542 1450 2612 προνοητικὴ
1481 2544 1791 2618 εἱμαρμένη

214 2618 379 2672 δεῖται
398 2637 414 2651 ·
446 2621 510 2673 ού
537 2622 650 2694 γὰρ
681 2623 858 2687 ἄλλως
880 2624 1033 2679 ἔσται
1062 2626 1303 2701 δικαίαή
1329 2631 1512 2697 ἄνισος
1532 2635 1787 2709 διανομὴ,

214 2711 287 2783 μὴ
322 2713 592 2769 ὑπόθεσιν
631 2716 877 2773 λαὸοῦσα
897 2718 962 2772 τὸ
984 2721 1255 2793 ἡμέτερον
1298 2725 1671 2791 αὐτεξούσιον.

283 2890 405 2943 Ὅτι
434 2891 496 2944 ὲν
533 2889 614 2960 τῷ
652 2891 797 2945 τέλει
844 2893 939 2947 τοῦ
994 2897 1234 2965 Τιμαίου
1267 2900 1295 2951 ό
1338 2900 1565 2955 Πλάτων
1611 2902 1789 2975 (φησὶ)

218 2983 335 3053 περὶ
366 2984 706 3053 σωματικῶν
750 2985 942 3039 παθῶν
970 2987 1355 3059 διαλεγόμενος
1401 2995 1495 3046 καὶ
1530 2995 1629 3066 τῆς
1661 2998 1788 3050 τού-

210 3092 315 3127 των
348 3075 678 3145 θεραπείας,
714 3078 1018 3149 καθάρσεσι
1060 3089 1545 3151 φαρμακευτικαῖς
1585 3088 1789 3157 ἀπαγο-

213 3167 356 3237 ρεύει
405 3168 653 3239 χρῆσθαι
690 3172 1053 3244 προχείρως,
1105 3173 1277 3228 διὰτὸ
1314 3176 1425 3229 δεῖν
1473 3179 1790 3249 περιμένειν

209 3258 303 3328 τὴν
324 3260 473 3311 κατά
522 3259 687 3328 φύσιν
733 3261 843 3314 τῶν
898 3264 1221 3333 νοσημάτων
1255 3268 1527 3320 πέπανσιν
1573 3271 1666 3322 καὶ
1714 3270 1790 3343 μὴ

211 3351 324 3413 ταῖς
368 3349 571 3419 βιαίοις
620 3353 883 3422 ἐκτομαῖς
926 3353 1304 3410 πολλαπλάσια
1332 3357 1509 3412 ταῦτα
1538 3361 1789 3432 ἀπεργά-

213 3441 417 3506 ζεσθαι,
443 3444 541 3496 καὶ
562 3442 734 3506 οὕτως
754 3444 817 3497 ἐκ
835 3462 977 3509 τινος
1010 3447 1335 3512 ἀκολουθίας
1356 3450 1558 3521 προῖὼν
1581 3455 1787 3528 ἑκάστῃ

213 3535 349 3604 νόσῳ
376 3535 575 3606 χρόνον
596 3536 721 3589 τινὰ
749 3536 908 3605 φύσει
936 3540 1270 3609 τεταγμένον
1298 3542 1682 3609 ἀποφαίνεται,
1717 3551 1785 3619 τῇ

211 3626 320 3679 τῶν
350 3626 510 3690 ζώων
533 3628 792 3681 συστάσει
822 3630 1107 3699 ἀνάλογον,
1133 3625 1209 3686 ὧν
1243 3633 1512 3703 ἡσύνοδος
1533 3639 1787 3706 γεννᾶται

208 3718 579 3788 τεταγμένους
608 3720 679 3783 ⁸³,
728 3718 805 3784 ὡς
855 3723 1045 3791 φησὶν,
1104 3722 1306 3793 ἔχουσα
1352 3726 1446 3782 τοῦ
1500 3728 1617 3797 βίου
1660 3731 1788 3796 τοὺς

208 3812 437 3882 χρόνους
503 3811 599 3865 καὶ
659 3814 804 3867 κατὰ
851 3815 1030 3882 γένος,
1077 3811 1188 3871 οἷον
1242 3818 1408 3883 ἵππος
1465 3821 1562 3891 μὲν
1595 3823 1787 3878 τοσάδε

208 3903 298 3972 ἔτη
340 3904 534 3973 ζὴσειε
576 3904 637 3958 τὺ
681 3906 970 3976 μήκιστον,
1021 3908 1150 3978 βοῦς
1182 3910 1240 3963 δὲ
1289 3912 1503 3979 τοσάδε,
1537 3915 1631 3968 καὶ
1661 3915 1785 3970 καθ’

208 3996 460 4063 ἕκαστον,
512 3994 625 4051 οἷον
649 3998 735 4052 ὅδε
770 3999 799 4050 ὁ
849 3999 975 4069 βοῦς
1003 4002 1233 4073 συσταίη
1284 4003 1381 4074 ἔτη
1409 4005 1561 4070 δέκα,
1614 4008 1664 4060 εί
1708 4006 1785 4079 μὴ

210 4087 394 4158 θηρίον
441 4089 478 4159 ἢ
520 4089 655 4158 ἄλλη
688 4108 773 4153 τις
804 4091 1005 4155 ἔξωθεν
1060 4095 1418 4165 συμπεσοῦσα
1461 4098 1786 4169 περίστασις

210 4182 368 4237 αὑτὸν
392 4182 695 4254 προανέλῃ.
731 4180 885 4236 Εἶναι
912 4185 1020 4254 γὰρ
1055 4187 1119 4239 ὲκ
1152 4184 1367 4255 φύσεως
1400 4188 1786 4261 ἀφωρισμένον

209 4276 394 4347 χρόνον
423 4274 553 4329 τινὰ
581 4276 818 4345 ἑκάστῳ,
857 4276 1049 4346 μέχρις
1084 4270 1144 4330 οῦ
1174 4277 1401 4331 δυνατόν
1442 4280 1592 4333 ἐστιν
1623 4280 1785 4352 ἐξαρ-

206 4371 317 4421 κεῖν
345 4369 452 4437 τὴν
488 4366 770 4431 σύστασιν,
824 4369 919 4421 καὶ
954 4361 1015 4421 οὗ
1040 4371 1121 4432 είς
1151 4369 1213 4422 τὸ
1243 4370 1418 4439 πέραν
1462 4372 1564 4424 οὐκ
1603 4375 1671 4425 ἂν
1701 4373 1782 4428 ἔτι

209 4459 360 4529 βιῲη,
415 4457 494 4529 μὴ
526 4457 749 4520 πάντως
787 4458 846 4511 δὲ
889 4460 1099 4524 πάντας
1135 4462 1271 4532 πρὸς
1307 4462 1399 4515 τὸν
1427 4464 1651 4519 δυνατὸν
1684 4467 1783 4530 τῆς
1812 4498 1861 4557 D

208 4551 519 4613 συστάσεως
536 4551 887 4617 ἀφικνεῖσθαι
908 4552 1100 4623 χρόνον
1126 4553 1214 4607 διά
1238 4556 1337 4617 τὰς
1358 4554 1557 4622 ἔξωθεν
1573 4558 1783 4627 βιαίους

205 4641 496 4711 ἐπιφοράς,
524 4640 593 4702 ἃς
628 4642 713 4711 ἐφ’
752 4643 785 4711 ἡ
796 4641 913 4712 μῶν
946 4644 1046 4714 μὲν
1070 4646 1169 4715 τὴν
1195 4646 1454 4715 πρόνοιαν
1479 4649 1784 4704 διατάττειν

205 4731 433 4801 ἔφαμεν,
478 4732 575 4784 ἐπὶ
601 4733 661 4786 δὲ
704 4734 815 4786 τῶν
865 4735 1079 4804 ἀλόγων
1120 4736 1277 4799 ζώων
1305 4739 1381 4802 ὡς
1414 4739 1607 4811 ἔτυχεν
1658 4745 1782 4796 ἑπι-

209 4823 551 4891 συμὸαίνειν.
586 4822 680 4895 Μὴ
708 4825 818 4895 γὰρ
856 4826 1105 4895 ἀνάγκην
1132 4825 1296 4895 εἶναι,
1333 4831 1408 4892 ὠς
1436 4831 1523 4884 ἐπ’
1573 4834 1785 4903 ἀνθρώο

211 4926 338 4975 πων,
369 4910 519 4964 οὕτω
548 4911 644 4965 καί
668 4914 898 4968 ἐπὶτῶν
931 4915 1143 4984 ἀλόγων
1171 4918 1327 4981 ζώων
1367 4918 1399 4989 ἦ
1429 4920 1539 4974 τῶν
1573 4924 1778 4991 φυτῶν,

212 5000 297 5069 τὴν
324 5003 485 5067 τάξιν
515 5003 612 5056 τοῦ
649 5004 880 5059 θανάτου
925 5008 1288 5078 φυλάττεσθαι
1327 5014 1464 5081 πρὸς
1493 5015 1593 5084 τὴν
1625 5016 1783 5080 ἀξίαν

212 5093 297 5161 τῆς
319 5095 366 5125 ⁵³
406 5095 593 5166 ψυχῆς
624 5097 1046 5167 ἀποδιδομένην,
1080 5101 1203 5154 ἐπεὶ
1245 5103 1379 5173 μηδὲ
1406 5105 1611 5174 ὁμοίως
1652 5109 1784 5178 ἡμῖν

214 5183 383 5239 ἐκεῖνα
432 5190 514 5251 εἰς
568 5188 662 5241 τόν
694 5189 812 5259 βίον
861 5192 1221 5264 παρέρχεται.
1267 5196 1461 5266 Ἡμεῖς
1518 5201 1618 5269 μὲν
1675 5201 1784 5273 γὰρ

220 5276 380 5339 κρίσει
409 5279 689 5333 δικαστῶν
716 5281 990 5351 δαιμόνων
1018 5285 1157 5354 πρὸς
1193 5287 1294 5357 τὴν
1335 5289 1445 5343 τῶν
1473 5293 1782 5359 προόεῆιωο

219 5366 379 5455 μενων
406 5371 541 5439 ἡμῖν
576 5373 736 5436 ἀξίαν
788 5373 1137 5446 λαγχάνομεν
1189 5378 1420 5443 ἕκαστος
1468 5383 1604 5452 βίον,
1644 5387 1702 5438 ὲν
1733 5381 1779 5455 ᾧ

216 5453 377 5511 πάντα
418 5463 803 5535 συνείληπται,
841 5464 1015 5531 ἔθνος,
1068 5467 1246 5537 πόλις.
1304 5472 1509 5543 satis.
1566 5453 1775 5548 Nimio

1897 1922 2054 1967 antea
2099 1910 2381 1980 propositi,
2422 1918 2477 1964 et
2515 1910 2610 1980 qui
2653 1911 2756 1965 hoc
2783 1911 3165 1981 consequitur,
3219 1910 3426 1965 ordinis
3452 1927 3470 1964 :

1895 2019 2018 2076 qua:
2046 2002 2215 2056 fatum
2262 2000 2535 2070 complere
2575 2001 2792 2055 dicitur.
2829 2000 2985 2067 Quod
3026 2002 3196 2055 fatum
3218 2002 3471 2056 divinum

1893 2095 2168 2166 quoddam
2207 2101 2291 2148 est
2319 2092 2587 2162 judicium
2618 2092 2671 2145 in
2701 2092 2791 2157 iis,
2820 2108 2942 2162 quae
2976 2093 3032 2147 in
3071 2103 3255 2147 nostra
3320 2103 3474 2163 pote-

1893 2194 2034 2240 state
2062 2200 2170 2239 non
2199 2193 2347 2248 sunt,
2371 2184 2436 2237 ad
2455 2185 2656 2253 justam
2682 2199 2896 2247 eorum,
2918 2200 3038 2254 qua:
3058 2185 3110 2238 in
3142 2195 3326 2241 nostra
3361 2186 3474 2240 sint

1892 2285 2184 2348 potestate,
2221 2276 2552 2330 mercedem.
2597 2273 2716 2329 Non
2747 2277 2893 2329 enim
2929 2276 3136 2330 arbitrii
3168 2276 3374 2330 tollitur
3405 2276 3474 2329 li-

1892 2371 2096 2435 bertas,
2132 2368 2179 2424 si
2211 2384 2377 2437 penes
2413 2368 2583 2423 Deum
2633 2369 2728 2436 sit,
2758 2379 2982 2424 externa
3014 2379 3175 2440 prout
3204 2369 3319 2424 vult
3357 2368 3475 2426 dis-

1890 2463 2153 2529 tribuere,
2211 2478 2277 2517 ae
2327 2462 2562 2531 singulis
2614 2477 2710 2530 pro
2763 2462 2975 2518 meritis
3030 2462 3253 2532 praemia
3314 2461 3470 2517 dare.

1892 2554 2131 2610 Maxime
2203 2556 2351 2609 enim
2420 2555 2490 2609 ad
2543 2553 2813 2609 virtutem
2853 2563 2945 2608 aut
2993 2555 3186 2609 vitium
3218 2556 3472 2610 libertate

1892 2656 2078 2702 nostra
2105 2647 2399 2716 providens
2448 2645 2626 2700 fatum
2659 2646 2881 2716 indiget,
2933 2645 3137 2715 alioqui
3162 2645 3312 2715 justa
3356 2662 3469 2701 non

1890 2748 2038 2796 esset
2073 2740 2357 2809 inaequalis
2421 2740 2511 2794 illa
2574 2754 2754 2793 rerum
2808 2738 3142 2806 distributio,
3207 2740 3314 2794 nisi
3376 2754 3473 2794 oc-

1890 2832 2168 2889 casionem
2194 2833 2241 2887 ei
2266 2831 2554 2886 arbitrium
2582 2843 2831 2886 nostrum
2860 2832 3148 2901 praeberet.

1963 2924 2114 2978 Plato
2155 2924 2209 2977 in
2258 2932 2506 2978 extremo
2554 2922 2752 2998 Τὶηιῳο
2801 2924 2868 2977 de
2912 2924 3161 2994 corporis
3191 2924 3470 2980 disserens

1894 3015 2295 3078 aﬂ'ectionibus,
2341 3030 2645 3084 earumque
2670 3016 3071 3077 curationibus,
3101 3027 3250 3071 vetat
3297 3017 3364 3072 iis
3391 3017 3470 3071 uti

1893 3113 2100 3158 temere
2141 3104 2581 3172 purgationibus,
2632 3121 2769 3174 quas
2818 3106 3028 3160 medica
3084 3122 3174 3161 ars
3225 3108 3466 3172 adhibet,

1893 3196 2039 3266 quod
2096 3193 2297 3266 466a
2369 3195 2670 3250 naturalem
2727 3198 3045 3251 morborum
3095 3200 3470 3253 maturitatem

1892 3295 2235 3353 exspectare,
2278 3298 2346 3336 ne
2376 3283 2716 3337 sectionibus
2740 3284 2995 3339 violentis
3032 3285 3109 3339 illi
3143 3296 3468 3355 augeantur,

1891 3384 2164 3444 oporteat.
2200 3373 2267 3428 Et
2302 3375 2382 3429 sic
2414 3375 2558 3430 serie
2612 3376 2843 3445 quadam
2888 3377 3187 3445 procedens
3233 3378 3468 3450 singulis

1890 3466 2098 3519 morbis
2148 3474 2362 3534 tempus
2389 3464 2607 3533 aliquod
2647 3482 2677 3518 a
2715 3476 2907 3519 natura
2952 3467 3353 3537 praescriptum,
3398 3469 3469 3523 ab

1890 3558 2058 3613 simili
2107 3557 2424 3611 animalium
2476 3558 2876 3628 compositione
2915 3560 3173 3626 ostendit,
3228 3577 3466 3631 quorum

1892 3662 2226 3719 congressus
2287 3648 2536 3703 ordinate
2604 3650 2836 3712 [invitat
2889 3651 3175 3706 continens
3228 3663 3463 3722 tempus.

1886 3740 2129 3810 atquein
2169 3754 2269 3795 suo
2312 3755 2543 3810 quaeque
2588 3756 2812 3810 genere.
2860 3740 3023 3796 Verbi
3064 3742 3259 3812 gratia,
3290 3759 3467 3815 equus

1888 3832 2108 3902 quidem
2134 3841 2209 3887 tot
2235 3848 2411 3887 annos
2436 3834 2635 3887 vixerit
2663 3832 3000 3897 diutissime.
3025 3834 3125 3890 bos
3151 3845 3332 3891 autem
3364 3845 3462 3904 tot,

1887 3934 1943 3980 et
1966 3925 2046 3981 sic
2077 3925 2147 3981 de
2180 3927 2415 3990 caeteris,
2465 3936 2523 3982 ut
2562 3926 2662 3982 bos
2694 3928 2880 3981 decem
2915 3927 3116 3982 vixerit
3152 3944 3328 3985 annos
3357 3930 3465 3985 nisi

1885 4017 2024 4083 fera,
2076 4027 2171 4073 aut
2211 4019 2317 4073 alia
2360 4018 2543 4089 aliqua
2589 4028 2812 4073 externa
2859 4020 3142 4076 calamitas
3196 4022 3464 4078 accedens

1886 4108 2039 4176 prius
2068 4108 2221 4163 illum
2250 4108 2477 4162 necarit.
2503 4107 2548 4161 A
2579 4117 2776 4163 natura
2798 4110 2942 4166 enim
2968 4110 3200 4180 singulis
3229 4113 3465 4180 praelini-

1887 4207 2000 4252 tum
2035 4209 2250 4269 tempus
2272 4209 2376 4265 est,
2407 4200 2473 4253 ad
2503 4216 2664 4270 quem
2695 4201 3010 4265 terminum,
3042 4218 3141 4256 nec
3170 4204 3309 4256 ultra
3342 4218 3464 4272 per-

1885 4290 2061 4344 veniri
2122 4300 2321 4359 potest.
2381 4288 2500 4345 Non
2556 4307 2750 4347 omnes
2806 4303 2988 4348 autetn
3045 4294 3111 4348 ad
3166 4295 3461 4350 terminum

1886 4396 2062 4451 usque
2108 4382 2420 4453 pertingere
2452 4396 2709 4453 possunt,
2755 4385 3079 4455 impediente
3120 4387 3464 4442 extrinsecus

1887 4489 2019 4528 casu
2047 4474 2233 4544 aliquo
2263 4474 2524 4543 violento,
2554 4492 2714 4546 quem
2748 4476 2844 4532 Dei
2868 4494 2997 4548 erga
3037 4493 3138 4533 nos
3165 4478 3463 4548 providen-

1886 4564 2019 4617 tiam
2048 4563 2327 4629 ordinare,
2381 4565 2437 4618 in
2478 4565 2657 4620 brutis
2711 4575 2893 4620 autem
2928 4566 3150 4621 fortuito
3193 4567 3463 4633 accidere,

1887 4656 2149 4710 diximus.
2178 4654 2367 4725 Neque
2399 4658 2545 4711 enim
2596 4660 2790 4713 mortis
2813 4660 2972 4727 ratio,
3007 4659 3163 4729 juxta
3200 4661 3466 4730 cujusque

1888 4747 2080 4800 merita
2130 4748 2417 4814 attributa,
2464 4750 2656 4804 eodem
2696 4750 2858 4803 modo
2899 4760 2984 4805 est
3016 4751 3315 4815 metienda,
3353 4767 3466 4820 quo

1886 4834 2173 4889 brutorum
2201 4852 2265 4891 ac
2292 4838 2603 4906 plantarum
2637 4840 2914 4905 interitus,
2953 4842 3176 4910 quando
3218 4857 3318 4896 nec
3347 4843 3461 4908 illa,

1884 4928 2074 4981 eodem
2118 4944 2227 4997 quo
2281 4944 2381 4984 nos
2433 4930 2597 4985 modo
2638 4943 2961 4987 nascuntur.
3009 4932 3269 4990 Homines
3313 4934 3463 4991 enim

1886 5030 2172 5088 parentum
2224 5022 2456 5088 meritis,
2482 5023 2709 5077 deorum
2736 5024 2947 5092 judicio
2990 5039 3341 5096 generantur,
3377 5028 3464 5080 vi-

1887 5120 2105 5180 tamque
2126 5113 2425 5182 accipiunt,
2455 5130 2562 5184 qua
2590 5116 2702 5169 haec
2724 5118 3091 5183 continentur,
3125 5118 3290 5182 natio,
3328 5116 3463 5170 civi-

1889 5210 1992 5267 tas,
2031 5216 2307 5270 parentes,
2342 5206 2541 5260 natalis
2571 5206 2709 5272 dies,
2740 5222 2940 5277 corpus
2969 5209 3224 5279 denique,
3251 5218 3305 5262 et
3323 5208 3459 5260 edu-

1890 5294 2053 5360 catio,
2122 5294 2359 5351 fortuna:
2406 5297 2547 5352 bona
2580 5298 2646 5353 ad
2698 5300 2864 5354 vitam
2924 5299 3207 5363 tuendam,
3264 5298 3461 5353 mortis

1887 5401 2081 5454 genus,
2108 5395 2325 5457 tempus
2350 5388 2705 5458 destinatum,
2741 5392 3043 5461 horumque
3087 5389 3331 5443 omnium
3360 5404 3459 5443 cu-

1884 5489 2022 5545 stos,
2055 5495 2122 5535 ac
2165 5479 2418 5538 minister
2461 5481 2706 5541 Genius:
2736 5500 2971 5557 quorum
3004 5480 3246 5538 omnium
3278 5481 3458 5536 brutis

1423 5640 1663 5699 VARle
1717 5644 2123 5703 LECTIONES.

278 5744 317 5774 "
346 5745 378 5817 ἦ
410 5757 458 5804 et
492 5749 772 5820 συμδῆναι
829 5759 884 5805 et
941 5753 1037 5823 τῆς
1069 5754 1192 5812 add.
1218 5758 1284 5814 A.
1364 5763 1408 5794 ⁵³
1443 5762 1569 5819 libri
1602 5764 1964 5833 τεταγμένως.
2047 5766 2093 5798 ⁵³
2116 5766 2215 5837 τῆς
2246 5766 2374 5824 add.
2405 5766 2472 5822 A.

2728 5960 2739 5970 ο
2801 5962 2813 5973 ,ι
2870 5962 2927 5983 '2‘
2968 5964 3037 5975 κ,,
3096 5958 3123 5973 ι’

2916 5978 2927 5985 ι
