3966 6240
231 276 308 337 97
1360 285 1800 348 ΒῙΒῙᾸΟἸἮΕ(

1926 312 1996 323 --
2023 282 2435 350 ΕΘΠὈΟῙΧῙ.
3420 292 3491 357 98

232 392 385 462 χειρὶ
417 392 510 445 καὶ
538 392 602 446 τὸ
658 395 915 467 γράφειν.
968 399 1215 469 Ἀρεταῖς
1252 402 1311 456 δὲ
1343 404 1435 457 τὸν
1465 406 1579 475 βίον
1629 406 1800 460 ἰθύνωε

1924 412 2171 479 mosynis
2216 410 2435 465 claruit.
2498 409 2647 465 lnter
2673 409 2778 466 alia
2827 408 2973 466 enim
3038 409 3233 473 multa,
3288 411 3493 481 quibus

232 485 631 554 ἐλεημοσύναις
669 490 1014 561 προέλαμπε.
1047 495 1203 549 Μετὰ
1234 498 1344 568 γὰρ
1374 498 1584 551 πολλῶν
1613 499 1809 563 ἀλλων,

223 577 302 630 δι’
331 571 406 629 ὦν
454 578 624 633 αὐτοῦ
662 581 727 634 τὸ
759 584 898 654 πρὸς
947 589 1075 650 τοὺς
1124 588 1411 657 δεομένους
1455 590 1602 654 ἔλεος
1651 593 1744 646 καὶ⁸
1778 593 1812 662 ή

230 668 553 737 συμπάθεια
584 671 935 744 ἐγνωρίζετο,
965 677 1059 729 καὶ
1088 678 1247 731 τοῦτο
1277 678 1344 732 ἂν
1383 680 1616 750 μάλιστα
1641 700 1813 753 χαρα-

223 762 511 831 κτηρίσειε
548 763 593 793 ⁸⁸
616 765 719 835 τῆς
746 766 1158 839 φιλανθρωπίας
1190 770 1354 824 αὑτοῦ
1391 773 1485 826 καὶ
1514 773 1812 843 ἐλεημοσύ-

223 869 324 921 νης
353 854 418 905 τὸ
457 854 792 925 θαυμάσιον.
826 852 967 913 Ἦκέ
1001 878 1085 924 τις
1118 864 1287 915 αἰτῶν
1317 865 1360 895 ⁸³
1387 881 1539 931 ποτε,
1581 868 1674 919 καὶ
1710 868 1811 937 τὴν

224 944 322 997 τοῦ
383 948 561 1001 αἰτεῖν
616 950 869 1022 ἀνάγκην
920 955 999 1016 εἰς
1037 956 1296 1024 ναυάγιον
1347 959 1619 1028 ἀνῆπτεν·
1670 963 1697 1013 6
1751 960 1811 1014 δὲ

222 1037 535 1109 προθύμως
562 1040 753 1095 δίδωσι
786 1044 992 1114 χρυσοῦ
1028 1048 1341 1117 νομίσματα
1374 1050 1457 1115 ἒξ.
1497 1049 1556 1101 '0
1580 1050 1624 1103 δ’
1647 1052 1811 1115 αὐτὸς

220 1132 293 1183 ὲκ
330 1132 584 1202 δευτέρου
617 1136 763 1189 κατὰ
789 1138 890 1207 τὴν
920 1139 1089 1209 αὐτὴν
1126 1139 1254 1211 [760
1280 1141 1370 1213 Η.]
1404 1143 1616 1214 ἡμέραν
1647 1146 1807 1198 ἐπελ-

228 1224 369 1289 θὼν,
389 1226 486 1279 οὐκ
516 1227 771 1299 ἐξαρκεῖν
800 1231 955 1298 ἔλεγε
974 1234 1110 1304 πρὸς
1133 1236 1192 1289 τὸ
1219 1236 1448 1305 μέγεθος
1467 1239 1565 1307 τῆς
1597 1256 1809 1309 συμφο-

236 1318 338 1385 ρᾶς
366 1320 424 1369 τὸ
454 1318 624 1384 δοθὲν,
658 1323 753 1375 καὶ
782 1323 901 1393 ᾔτει
929 1324 1118 1379 λαϐεῖν
1139 1344 1152 1358 ·
1172 1329 1198 1380 6
1221 1328 1277 1380 δὲ
1313 1329 1477 1383 πάλιν
1495 1330 1590 1383 καί⁸
1610 1329 1806 1403 γνώμῃ

229 1412 322 1463 καὶ
353 1411 544 1482 δώροις
577 1416 693 1478 τοῖς
737 1416 875 1480 ῖσοις
908 1419 1070 1471 αὐτὸν
1120 1420 1409 1486 ἐδεξιοῦτο.
1471 1422 1582 1475 Καὶ
1620 1424 1805 1494 τρίτον

224 1506 532 1572 ἐφίσταται,
586 1509 655 1561 τὰ
705 1511 869 1579 ὃμοια
899 1515 1014 1576 τοῖς
1063 1513 1336 1584 δευτέροις
1370 1517 1464 1569 καὶ
1504 1516 1678 1585 λέγων
1711 1518 1805 1570 καὶ

210 1598 387 1649 αἰτῶν
412 1613 427 1627 ⁸
462 1601 490 1649 ὀ
527 1600 584 1653 δὲ
630 1602 751 1655 οὐδὲ
780 1603 843 1656 τὸ
871 1606 1054 1675 τρίτον
1084 1607 1426 1679 ἁλλοιότερος
1450 1609 1529 1680 τῷ
1562 1608 1801 1663 αἰτοῦντι

215 1691 483 1762 κατέστη,
520 1694 661 1747 ἀλλά
688 1696 903 1751 κελεύει
937 1700 1103 1752 πάλιν
1132 1701 1219 1754 διὰ
1246 1701 1340 1754 τοῦ
1375 1704 1471 1755 καὶ
1500 1702 1567 1754 τά
1598 1703 1797 1773 πρότε-

216 1797 307 1850 ρον
338 1781 385 1812 ⁷⁸
440 1782 903 1856 διακονησαμένου
951 1788 1073 1858 ῖσην
1125 1788 1275 1861 αύτῷ
1328 1791 1420 1844 καὶ
1468 1791 1662 1861 ὁμοίαν
1700 1791 1800 1863 τὴν

212 1874 459 1927 ἐπίδοσιν
492 1881 825 1947 παρασχεῖν.
874 1881 1028 1934 Ἐπεὶ
1060 1881 1115 1934 δὲ
1149 1884 1256 1935 τῶν
1307 1884 1405 1953 μὲν
1445 1885 1800 1953 νομισμάτων

212 1967 368 2020 οὐδὲν
428 1969 790 2024 ὑπελέλειπτο
831 1973 897 2037 τι,
952 1972 1121 2044 ἔμαθε
1173 1975 1257 2039 δὲ,
1312 1975 1491 2046 ζητῶν
1525 1975 1801 2046 ἐπιμελῶς

212 2058 339 2111 ὅθεν
373 2059 457 2127 τῷ
515 2060 758 2131 δεομένῳ
791 2063 1230 2135 ὲπικουρήσειεν,
1258 2064 1334 2128 ὡς
1385 2066 1413 2117 6
1444 2066 1501 2131 ἐξ
1555 2066 1799 2136 ἀργύρου

214 2152 571 2217 πινακίσκος,
605 2157 663 2207 ὲν
827 2158 1010 2227 μήτηρ
1043 2157 1223 2211 εἰώθει
1258 2159 1503 2229 ὀσπρίων
1529 2161 1649 2213 τινὰ
1686 2162 1800 2215 διά-

216 2242 388 2313 ϐροχα
447 2249 689 2316 πέμπειν
730 2248 807 2318 τῷ
860 2250 1035 2314 παιδὶ,
1091 2248 1243 2304 οὔπω
1294 2250 1553 2319 ἀπεδόθη,
1614 2252 1800 2305 τοῦτον

211 2334 539 2405 ἐπιδοθῆναι
568 2337 612 2367 ⁷⁸
636 2337 714 2408 τῷ
748 2338 992 2392 αἰτοῦντι
1027 2343 1379 2411 προστάττει.
1426 2344 1587 2397 Ἀλλὰ
1626 2345 1799 2398 ταῦτα

218 2427 320 2495 μὲν
348 2428 493 2481 τότε.
524 2428 717 2499 Χρόνῳ
755 2430 800 2483 δ’
833 2429 1061 2503 ὓστερον
1104 2434 1287 2503 κρίσει
1325 2435 1426 2505 μὲν
1456 2436 1600 2507 θείᾳ,
1632 2438 1800 2507 ψήφῳ

213 2518 271 2570 Et
326 2518 438 2570 τῶν
488 2520 655 2588 ἱερῶν
711 2525 1008 2593 ταγμάτων
1054 2525 1145 2580 τὸν
1179 2528 1565 2600 ἀρχιερατικὸν
1620 2529 1800 2601 λαχὼν

219 2611 422 2663 ἰθύνειν
464 2611 678 2681 θρόνον,
712 2614 922 2669 δώδεκά
952 2634 1106 2681 τινας
1135 2619 1243 2671 τῶν
1273 2622 1540 2689 πενήτων,
1573 2622 1649 2685 ὡς
1680 2622 1800 2685 ἔθος

214 2702 488 2769 πράττειν
516 2706 630 2766 τοῖς
676 2708 1067 2779 πατριάρχαις,
1102 2712 1534 2781 συνεστιαθῆναι
1563 2714 1796 2775 κελεύει,

214 2794 308 2859 καὶ
334 2794 788 2862 συγκαλέσασθαι
812 2800 1036 2863 τούτους
1059 2802 1151 2856 τὸν
1180 2806 1379 2857 οἰκεῖον
1408 2808 1731 2877 σακελάριον
1756 2810 1799 2841 ⁷³

214 2885 521 2955 ἐπιτρέπει.
542 2888 627 2951 Ὠς
642 2888 701 2941 δὲ
716 2890 777 2943 τὸ
792 2892 1120 2963 πρόσταγμα
1141 2896 1297 2959 τέλος
1313 2898 1493 2965 ἔλαϐε,
1523 2899 1683 2971 [1400
1707 2902 1799 2975 8.]

213 2981 306 3031 καὶ
338 2980 441 3049 τὴν
476 2981 756 3050 τράπεζαν
801 2986 851 3037 οί
903 2985 1226 3057 δαιτυμόνες
1264 2991 1617 3063 ἐπλήρωσαν,
1675 3013 1801 3048 συν-

211 3074 426 3140 εωρᾶτο
474 3072 531 3125 δὲ
579 3073 657 3143 τῷ
707 3076 959 3146 ἀρχιερεῖ
1012 3080 1107 3132 καὶ
1162 3085 1614 3149 τρισκαιδέκατος
1673 3104 1801 3139 συν-

210 3164 548 3234 εστιώμενος
571 3166 637 3231 ⁷³,
656 3167 849 3237 ᾐτιᾶτο
873 3170 963 3222 τὸν
986 3171 1029 3205 ⁷³
1054 3172 1183 3225 καλέ
1194 3190 1362 3228 σαντα
1383 3176 1498 3239 ἐνὸς
1516 3178 1802 3251 προσθήκῃ

210 3257 302 3309 τὸν
330 3258 572 3328 ἀριθμὸν
590 3259 701 3311 τῶν
721 3260 930 3315 δώδεκα
952 3264 1330 3333 χυδαιῶσαντα
1350 3284 1364 3299 ο
1387 3269 1479 3321 όδὲ
1505 3270 1804 3340 ἀπηρνεῖτο

211 3347 302 3400 τὸν
327 3350 689 3413 ἐπείσακτον,
726 3354 820 3405 καί
838 3355 1145 3427 ἀπηρίθμει
1164 3360 1291 3421 τοὺς
1314 3364 1798 3431 συνεστιωμένους,

213 3440 434 3503 ἱεικνὺς
473 3442 535 3492 ὲν
566 3441 645 3511 τῷ
690 3446 970 3517 ἀπερίττῳ
1004 3448 1133 3511 τοὺς
1189 3449 1417 3504 δώδεκα.
1481 3452 1634 3505 Ἐπεὶ
1684 3454 1741 3507 δὲ
1773 3456 1801 3507 ό

211 3533 365 3603 ἱερὸς
393 3533 703 3605 Γρηγόριος
750 3539 845 3589 καὶ
886 3541 1336 3607 τρισκαιδέκατον
1383 3542 1597 3608 έϐλεπε,
1644 3549 1798 3617 καὶὴ

214 3628 406 3696 μορφὴ
435 3629 630 3681 τούτου
655 3630 718 3682 ού
748 3630 858 3681 τῶν
884 3630 1060 3684 ἄλλων
1093 3634 1273 3702 μόνον,
1303 3634 1440 3687 ἀλλά
1468 3637 1562 3688 καὶ
1600 3638 1798 3708 ἑαυτῆς

212 3719 490 3782 πολλάκις
544 3720 639 3772 ἰπὶ
680 3720 743 3773 τὸ
795 3720 1002 3785 ξενίζον
1060 3724 1426 3795 παρήλλαττε,
1465 3727 1663 3797 συνῆκε
1701 3730 1799 3798 μὲν

211 3810 291 3880 μὴ
336 3810 454 3863 τῶν
487 3811 700 3864 πολλῶν
727 3812 827 3865 ἕνα
872 3817 1062 3868 τοῦτον
1099 3811 1262 3877 εἶναι,
1310 3818 1552 3881 ἀναστὰς
1595 3820 1651 3871 δὲ
1698 3820 1798 3889 τῆς

209 3903 506 3972 τραπέζης
538 3906 635 3957 καὶ
683 3906 874 3959 τοῦτον
909 3907 1013 3976 ἰδία
1045 3910 1559 3980 μετακαλεσάμενος
1612 3914 1797 3983 ὅρκοις

206 3993 441 4061 ὲδέσμει
474 3998 750 4063 φρικτοῖς,
782 3997 933 4059 ὅστις
963 4000 1092 4051 ποτὲ
1123 4000 1234 4069 εἴη,
1265 4000 1423 4070 δῆλον
1446 4003 1686 4070 ποιῆσαι.
1741 4004 1797 4056 ’0

201 4083 266 4138 δὲ
301 4085 474 4138 αὑτὸν
502 4088 708 4140 ἐκεῖνον
736 4088 839 4158 ἔφη
875 4087 1015 4143 εἶναι
1044 4090 1137 4143 τὸν
1163 4092 1332 4145 πάλαι
1372 4093 1502 4145 ποτὲ
1548 4094 1668 4163 τρὶς
1696 4097 1797 4164 τῆς

209 4175 388 4245 αὐτῆς
416 4176 465 4206 ⁷⁸
490 4178 703 4247 ἡμέρας
733 4179 777 4209 ’⁷
809 4197 908 4250 την
944 4183 1162 4251 αἴτησιν
1209 4188 1601 4253 προσενεγκεῖν
1632 4186 1795 4250 ἀξιώ-

206 4284 388 4322 σαντα
406 4270 507 4321 κα¹ι
530 4270 860 4334 τοσαυτάκις
898 4272 973 4342 μὴ
998 4273 1367 4343 διαμαρτόντα
1385 4276 1481 4343 τῆς
1503 4276 1793 4345 αἰτήσεως·

203 4361 301 4413 καὶ
332 4363 367 4429 ἡ
400 4360 605 4430 πρᾶξις
645 4362 829 4429 ἐκείνη
874 4362 1018 4415 οὕτω
1050 4365 1110 4416 τὸ
1138 4364 1292 4417 Θείον
1339 4364 1791 4436 ἐξεθεράπευσεν,

1922 497 2072 554 illius
2094 500 2371 555 miseratio
2394 509 2449 556 et
2477 501 2764 556 clementia
2789 518 2915 572 erga
2950 502 3138 571 inopes
3166 503 3488 571 apparebat.

1918 589 2023 645 hoc
2053 592 2216 646 etiam
2249 595 2487 649 maxime
2526 594 2724 647 mirum
2757 594 2876 663 ejus
2915 595 2979 648 ad
3014 596 3405 649 humanitatem
3432 602 3491 649 et

1916 683 2293 756 eleemosynas
2356 687 2601 740 animum
2655 687 2917 741 declarat.
2984 687 3140 742 Venit
3198 686 3491 758 aliquando

1916 776 2137 845 quidam
2162 787 2370 847 petens,
2406 787 2460 833 et
2497 777 2844 848 naufragium
2864 794 2985 833 esse
3009 795 3231 833 causam
3250 780 3486 842 dicebat,

1915 883 2010 922 cur
2028 870 2221 939 stipem
2250 879 2515 939 posceret.
2539 870 2632 923 llle
2651 879 2895 940 prompte
2915 870 3219 942 datw'ja
3255 887 3351 925 sex
3390 887 3491 925 au~

1913 977 2038 1017 reos
2068 980 2345 1019 nummos.
2398 963 2491 1019 Ille
2534 964 2776 1018 secundo
2815 962 3003 1017 eodem
3040 966 3124 1016 die
3166 973 3444 1019 revertens
3468 1004 3485 1031 ,

1921 1072 2028 1109 non
2062 1054 2307 1111 suilicere
2344 1064 2593 1124 respectu
2639 1056 2962 1110 calamitatis
3000 1056 3390 1125 magnitudinis
3430 1057 3485 1111 id

1911 1150 2057 1219 quod
2091 1149 2330 1203 dedisset
2365 1148 2525 1211 dixit,
2557 1156 2611 1201 et
2645 1148 2877 1217 amplius
2918 1148 3185 1216 poposcit.
3232 1147 3328 1201 llle
3356 1162 3485 1202 vero

1909 1243 2097 1295 animo
2138 1242 2411 1305 donisque
2461 1241 2764 1309 aequalibus
2795 1240 2943 1293 illum
2978 1239 3158 1294 all'ecit
3197 1255 3211 1292 :
3244 1249 3297 1294 et
3326 1240 3489 1295 tertio

1908 1333 2160 1404 contigit,
2193 1333 2391 1388 similia
2426 1343 2487 1386 ut
2535 1332 2775 1387 secundo
2821 1342 2876 1386 et
2906 1332 3042 1386 dixit
3068 1340 3122 1385 et
3155 1332 3330 1401 petiit.
3384 1330 3487 1387 Hic

1909 1430 2089 1475 autem
2125 1422 2286 1477 tertio
2319 1438 2428 1476 non
2463 1432 2747 1477 aversatus
2772 1431 3043 1491 petentem
3074 1431 3198 1478 est:
3230 1424 3323 1477 sed
3361 1438 3488 1479 rur-

1909 1529 2029 1568 sum
2058 1514 2223 1583 jussit
2257 1532 2351 1584 per
2376 1518 2649 1578 eumdem,
2683 1517 2775 1585 qui
2806 1517 2957 1585 prius
2990 1518 3039 1569 in
3074 1531 3135 1569 ea
3174 1531 3233 1570 re
3259 1530 3483 1585 operam

1904 1608 2248 1671 praestitisset
2294 1608 2558 1675 aqualem
2620 1607 2727 1671 illi,
2788 1618 2840 1661 et
2892 1606 3127 1660 similem
3174 1608 3481 1676 portionem

1906 1697 2046 1751 dari.
2079 1697 2214 1750 Cum
2263 1713 2395 1751 vero
2449 1698 2584 1752 nihil
2630 1698 2873 1767 pecunia:
2921 1698 3169 1751 relictum
3226 1705 3391 1762 esset,
3428 1706 3485 1751 et

1833 1780 1876 1835 Β
1902 1806 2150 1859 quaerens
2174 1791 2463 1861 diligenter
2490 1807 2596 1861 qua
2630 1806 2689 1845 re
2722 1790 3067 1861 potissimum
3109 1790 3256 1859 inopi
3284 1790 3482 1845 subve-

1902 1884 2064 1948 niret,
2112 1885 2369 1956 cognovit
2433 1894 2744 1953 argenteam
2796 1883 3077 1938 scutellam
3141 1898 3250 1953 qua
3305 1888 3481 1936 mater

1901 1985 2264 2030 consueverat
2307 1976 2679 2045 jusculentum
2718 1976 2941 2044 aliquod
2991 1976 3321 2044 leguminum
3366 1973 3479 2027 ﬁlio

1901 2067 2116 2119 mittere
2167 2067 2407 2119 nondum
2440 2066 2645 2129 datam,
2682 2067 2822 2121 hanc
2877 2065 2996 2119 dari
3053 2066 3251 2135 petenti
3301 2064 3476 2133 jubet.

1899 2157 2077 2226 Atque
2132 2158 2245 2212 haec
2288 2158 2505 2227 quidem
2538 2158 2612 2212 ita
2665 2170 2778 2211 tum
2818 2166 2990 2226 gesta.
3020 2157 3243 2221 Deinde,
3274 2157 3479 2226 judicio

1900 2252 2119 2318 quidem
2146 2252 2352 2313 divino,
2393 2252 2665 2322 suffragiis
2696 2268 2975 2307 sacrorum
3009 2252 3314 2305 antistitum
3345 2266 3482 2320 pon-

1902 2342 2127 2396 tilicium
2158 2342 2387 2397 sortitus
2428 2343 2684 2395 thronum
2714 2341 2781 2394 ad
2825 2342 3143 2411 regendum,
3190 2340 3477 2395 duodecim

1902 2451 2192 2506 pauperes,
2256 2445 2315 2489 ut
2365 2436 2541 2489 solent
2590 2434 2915 2503 patriarchae
2976 2433 3175 2495 facere,
3227 2434 3482 2487 convivio

1905 2527 2066 2580 simul
2100 2526 2345 2579 adhiberi
2406 2526 2604 2589 votuit,
2646 2525 3055 2594 mandavitque,
3106 2532 3167 2577 ut
3188 2523 3282 2593 qui
3333 2524 3478 2577 elee-

1904 2620 2147 2688 mosynis
2191 2626 2471 2686 praeesset,
2523 2617 2647 2671 illos
2688 2628 3036 2672 convocaret.
3067 2614 3202 2669 Cum
3257 2616 3481 2669 manda-

1905 2719 2020 2764 tum
2062 2711 2402 2780 perfecisset,
2448 2718 2503 2763 et
2540 2724 2785 2765 mensam
2834 2698 3084 2764 conviva:
3137 2708 3475 2777 implessent,

1902 2805 2052 2859 visus
2081 2813 2166 2858 est
2212 2805 2453 2875 pontitici
2504 2814 2556 2859 et
2606 2804 2797 2857 tertius
2830 2802 3079 2856 decimus
3134 2804 3477 2854 accumbere.

1908 2894 2279 2965 Reprehendit
2305 2897 2468 2964 igitur
2495 2896 2834 2955 invitantem,
2867 2892 3012 2961 quod
3049 2906 3218 2945 unum
3246 2891 3481 2959 amplius

1905 3003 2070 3057 quam
2104 2988 2388 3041 duodecim
2431 2995 2702 3039 vocasset.
2755 2986 2845 3038 Ille
2881 2985 3085 3039 crimen
3143 2984 3395 3051 negabat,
3428 2990 3484 3034 et

1908 3095 2207 3133 numerans
2229 3078 2601 3141 comedentes,
2633 3077 2763 3129 vidit
2797 3090 2903 3128 non
2935 3075 3116 3143 plures
3144 3087 3307 3141 quam
3343 3072 3481 3125 duo—

1906 3171 2105 3226 decim.
2150 3172 2283 3225 Cum
2327 3185 2456 3222 vero
2488 3178 2710 3222 sanctus
2763 3166 3057 3236 Gregorius
3106 3174 3160 3218 et
3204 3164 3478 3218 decimum

1907 3264 2125 3317 tertium
2168 3262 2413 3320 vidisset,
2451 3270 2506 3313 et
2541 3258 2711 3312 [urina
2761 3272 2867 3310 non
2916 3257 3145 3309 aliorum
3189 3256 3351 3309 modo
3403 3254 3481 3308 si-

1906 3355 2071 3419 milis,
2106 3355 2198 3408 sed
2228 3363 2280 3406 ct
2322 3353 2407 3406 sui
2444 3351 2714 3405 interdum
2744 3348 3029 3403 dissimilis
3069 3348 3267 3417 hospes
3309 3363 3481 3415 appa-

1905 3456 2068 3511 reret,
2103 3447 2246 3500 hunc
2286 3446 2352 3500 de
2392 3459 2620 3499 numero
2649 3454 2971 3497 caeterorum
3019 3458 3126 3495 non
3172 3457 3293 3495 esse
3326 3440 3483 3494 intel-

1902 3542 2055 3595 lexit.
2094 3540 2276 3594 Mensa
2307 3550 2517 3593 remota
2558 3538 2704 3591 hunc
2752 3545 2964 3591 secreto
3013 3534 3246 3599 vocavit,
3289 3541 3344 3587 et
3391 3548 3481 3587 se-

1902 3635 2046 3688 veris
2084 3633 2412 3702 juramentis
2464 3629 2812 3692 constrinxit,
2847 3637 2905 3682 ut
2952 3630 3077 3698 quis
3114 3637 3259 3682 esset
3303 3626 3480 3679 mani-

1903 3727 2145 3782 festaret.
2183 3724 2283 3780 llic
2332 3725 2483 3778 illum
2519 3725 2695 3790 ipsum
2738 3738 2797 3776 se
2846 3736 2969 3776 esse
3014 3720 3174 3785 dixit,
3220 3719 3315 3788 qui
3348 3720 3477 3773 olim

1902 3819 2197 3889 aliquando
2229 3828 2311 3871 ter
2337 3818 2525 3869 eodem
2552 3816 2641 3869 die
2671 3814 2740 3867 ab
2772 3829 2837 3867 eo
2865 3813 3265 3882 eleemosynam
3292 3811 3479 3880 petiis-

1900 3917 2003 3971 set,
2038 3918 2092 3960 et
2144 3907 2306 3960 toties
2344 3906 2396 3958 in
2429 3904 2658 3974 petendo
2706 3918 2811 3957 non
2847 3902 3177 3957 olfendissct.
3228 3902 3359 3968 Quae
3390 3918 3479 3957 res

1898 4001 2011 4054 Deo
2042 4002 2114 4054 ita
2145 4010 2294 4069 grata
2321 3998 2551 4057 exstitit,
2572 4008 2629 4051 ut
2650 4012 2713 4051 ex
2746 3997 2839 4049 illo
2875 3997 2926 4049 in
2961 3998 3104 4050 hunc
3133 4011 3303 4065 usque
3330 3997 3474 4050 diem

1898 4103 2169 4142 summam
2200 4086 2477 4157 indit-andi
2513 4094 2837 4155 potestatem
2870 4086 3131 4140 divinitus
3162 4097 3342 4147 nacto,
3373 4102 3474 4155 ego

1900 4180 1996 4234 tibi
2057 4194 2273 4247 semper
2328 4178 2453 4231 vitae
2513 4186 2739 4239 custos,
2783 4176 3169 4244 actionumque
3238 4177 3475 4231 director

1897 4272 2176 4327 assistam.
2229 4269 2493 4339 Angelum
2535 4282 2666 4321 vero
2691 4265 2782 4321 Dei
2830 4284 2888 4323 se
2937 4268 3006 4321 ab
3044 4268 3220 4322 ollicio
3271 4269 3469 4322 vocari.

1897 4363 1994 4418 His
2051 4363 2255 4417 auditis
2289 4402 2304 4425 ,
2354 4360 2579 4427 genibus
2629 4360 2883 4415 accidens
2930 4360 3218 4423 adoravit,
3254 4357 3473 4427 Deoque

202 4452 281 4515 ὡς
302 4453 369 4518 ἐξ
408 4454 625 4506 ἐκείνου
660 4455 823 4524 μέχρι
854 4454 949 4508 νῦν
1001 4457 1184 4525 κρίσιν
1212 4458 1422 4512 ἄνωθεν
1449 4459 1657 4524 λαϐεῖν,
1707 4460 1790 4512 σοὶ

1906 4457 2102 4527 gratias
2133 4456 2261 4525 egit.
2290 4454 2383 4507 llle
2417 4454 2665 4522 evanuit,
2693 4462 2747 4507 et
2784 4468 2892 4508 non
2937 4452 3267 4522 conspicuus
3306 4452 3472 4506 bene-

202 4549 591 4617 συμπαρεῖναι
627 4547 847 4616 φύλακά
896 4566 956 4601 τε
1010 4554 1110 4621 τῆς
1142 4552 1285 4621 ζωῆς
1317 4552 1412 4604 καί
1462 4553 1656 4623 ὁδηγὸν
1685 4552 1795 4605 τῶν

1905 4552 2064 4605 ﬁcum
2100 4549 2415 4603 custodivit.

204 4640 531 4709 πρακτέων,
568 4639 800 4707 ἄγγελον
823 4641 879 4693 δὲ
918 4643 1016 4711 τὴν
1046 4643 1207 4711 φύσιν
1259 4644 1397 4697 Θεοῦ
1430 4646 1813 4716 χρηματίζειν,
1870 4647 1982 4699 Καὶ
2033 4647 2061 4697 6
2104 4644 2223 4714 μὲν,
2296 4643 2535 4706 ἀκούσας
2610 4641 2803 4704 ταῦτα,
2857 4639 3039 4693 πεσὼν
3095 4639 3472 4713 προσεκύνησε

200 4736 300 4786 καὶ
328 4732 410 4801 τῷ
482 4731 603 4802 Θεῷ
658 4733 1063 4804 ηὑχαρίστησεν
1101 4736 1183 4767 ’δ’
1234 4737 1263 4789 6
1316 4737 1374 4789 δὲ
1407 4735 1582 4807 ᾤχετό
1627 4755 1687 4790 τε
1733 4740 1826 4791 καὶ
1866 4740 1964 4809 οὐχ
1993 4738 2271 4807 ὁρώμενος
2294 4736 2384 4788 τὸν
2416 4735 2713 4804 εὐεργέτην
2736 4732 3106 4803 διεφύλαττεν.

271 4820 453 4887 Οὗτος
480 4827 509 4877 ὀ
539 4825 844 4893 θαυμάσιος
880 4827 1180 4897 Γρηγόριος
1211 4827 1412 4891 πολλὰς
1445 4831 1542 4898 μὲν
1572 4831 1667 4881 καῖ
1693 4830 1791 4883 ἀλ-

206 4920 299 4984 λις
360 4915 712 4987 ψυχωφελεῖς
762 4919 828 4986 τῇ
872 4918 1161 4987 Ῥωμαίων
1189 4920 1517 4985 συνετάξατο
1553 4920 1790 4990 βίϐλους,

214 5010 434 5081 ὁμιλίας
476 5025 537 5061 τε
576 5009 645 5060 τὰ
689 5007 1003 5076 Εὑαγγέλια
1049 5009 1410 5063 ἀναπτύσσων
1438 5013 1793 5082 προσωμίλη-

210 5119 317 5155 σεν·
350 5104 495 5175 ἀτάρ
528 5100 592 5170 δὴ
619 5100 717 5153 καὶ
766 5099 913 5169 βίους
945 5101 1053 5153 τῶν
1090 5103 1232 5155 κατὰ
1264 5103 1362 5172 τὴν
1390 5103 1622 5156 Ἰταλίαν
1652 5106 1795 5169 ἀξιο-

205 5194 396 5261 λόγους
430 5194 500 5258 ⁷⁹,
535 5192 633 5245 καὶ
667 5192 985 5261 διηγήματα
1021 5194 1298 5265 σωτηρίαν
1321 5194 1715 5248 ὲκπαιδεύοντα
1748 5196 1794 5227 ⁸⁸

210 5286 629 5357 συγκαταμίξας
669 5285 902 5351 τούτοις,
944 5287 1002 5339 ὲν
1031 5287 1295 5359 τέσσαρσι
1323 5287 1589 5355 διαλόγοις
1618 5290 1795 5357 ἐφιλο-

1973 4828 2342 4883 Admirandus
2372 4828 2459 4881 hic
2480 4827 2774 4897 Gregorius
2802 4828 2999 4880 multos
3016 4828 3254 4896 quidem,
3284 4838 3338 4884 et
3370 4833 3475 4885 uti-

1902 4921 1982 4976 les
2035 4922 2283 4989 inprimis
2331 4919 2525 4991 @676
2569 4920 2738 4972 libros
2776 4917 2967 4973 Latine
3018 4923 3363 4991 conscripsit,
3416 4935 3476 4978 ut

1905 5013 2172 5067 Homilias
2204 5013 2408 5080 quibus
2442 5011 2726 5079 Evangelia
2754 5012 2953 5080 populo
2973 5012 3297 5079 explanavit.
3331 5014 3474 5078 Quin

1905 5104 2066 5157 etiam
2098 5102 2248 5156 Vitas
2280 5118 2470 5155 eorum
2507 5101 2600 5169 qui
2646 5101 2699 5154 in
2734 5101 2883 5155 Italia
2927 5103 3059 5156 clari
3089 5113 3292 5167 essent,
3330 5108 3477 5158 salu-

1902 5195 2093 5250 bribus
2147 5194 2401 5248 admistis
2454 5193 2883 5256 narrationibus,
2945 5207 3179 5263 quatuor
3249 5196 3477 5264 dialogis

1901 5288 2273 5341 concinnavit.
2323 5286 2531 5339 Etenim
2562 5298 2777 5340 centum
2811 5295 2866 5340 et
2907 5289 3185 5357 sexaginta
3236 5287 3477 5357 quinque

1481 5407 1572 5463 VA
1584 5408 1720 5464 ΒΙῶ
1778 5407 2184 5463 LECTIONES.

277 5507 321 5537 "'
350 5503 757 5577 χαρακτηρίζοι
800 5520 861 5577 g.

214 5591 323 5640 ριον
366 5578 427 5631 Β.

214 5644 255 5717 Ϊ⁶
308 5648 403 5717 τῆς
446 5647 623 5713 αὐτῆς
674 5661 786 5717 out.
820 5644 878 5697 B.

1011 5644 1054 5675 ⁷⁷
1085 5643 1293 5715 ἡμέρας
1328 5659 1439 5699 om.
1473 5645 1538 5695 A.

215 5714 251 5744 "
282 5713 687 5787 ἐμπαιδεύοντα
717 5713 782 5766 Α.

939 5502 985 5534 ⁸⁵
1012 5500 1179 5555 αἰτῶν
1217 5502 1366 5573 αὐτῷ
1418 5501 1479 5557 Β.
1524 5504 1601 5573 γ⁷⁰
1627 5504 1868 5571 πρότερα
1895 5502 1955 5555 Β.
1993 5570 2003 5573 Α
2032 5503 2076 5532 τι
2099 5500 2456 5555 ὑπολέλειπτο
2485 5500 2544 5556 Β.
2623 5502 2946 5573 πέπιθῆναι
2995 5518 3055 5573 ς.

525 5570 1039 5642 ⁷⁸’συνεστιώμενος
1093 5585 1148 5626 et
1198 5570 1734 5641 συνεστιωμένουςΑ
1770 5570 2233 5642 είσυνεσθιόμενος
2286 5582 2339 5625 et
2374 5570 2911 5642 συνεσθιομένουςς.

1626 5642 1671 5674 ⁷⁸
1700 5643 2096 5714 εὐχαρίστησεν
2128 5641 2185 5696 Β.

3142 5501 3186 5531 ⁷³
3211 5502 3449 5571 σᾳκελλά

3000 5572 3040 5601 ⁷⁵
3069 5572 3157 5641 ᾑτ.
3198 5573 3254 5625 δὲ
3280 5575 3371 5625 τόν
3411 5593 3473 5639 ς.

2287 5644 2333 5676 ⁷⁹
2365 5641 2701 5712 ἀξιολόγους]
2735 5643 2964 5697 fortasse
3001 5643 3106 5708 leg.
3155 5641 3472 5711 ἀξιολόγων.
