3944 6242
420 262 493 329 99
1504 302 1507 307 .
1543 253 1809 316 PHOTII
1844 251 2351 313 PATRIARCHE
2381 253 2489 312 [ΖΡ.

3576 245 3679 313 ἲῦθ

425 377 582 434 annis
608 377 643 431 ii
685 375 776 447 qui
814 374 1059 429 Latinam
1099 372 1339 442 linguam
1363 372 1701 442 ignorarent,
1742 368 1877 424 solis
1904 368 2010 423 uti-

2122 370 2407 439 πονήσατο.
2454 366 2617 420 Ἀλλὰ
2662 365 2771 438 γάρ
2801 364 2966 419 πέντε
2998 365 3092 419 καὶ
3125 364 3384 437 ἐξήκοντα
3430 365 3523 418 καὶ
3555 366 3684 419 ἐκαι

425 468 574 522 litate
617 467 781 536 hujus
830 463 1012 533 operis
1044 462 1291 516 frustrati
1344 470 1495 515 sunt.
1530 459 1824 515 Zacharias
1856 473 2007 523 vero,

425 558 519 627 qui
559 558 721 626 hujus
756 554 931 609 sancti
984 553 1087 606 viri
1137 562 1262 622 post
1290 552 1421 606 illud
1468 561 1683 621 tempus
1723 564 2011 605 successor

424 650 550 713 fuit,
579 648 974 718 cognitionem,
999 644 1402 713 utilitatemque
1423 644 1475 698 in
1500 643 1650 698 Italia
1671 643 2005 709 conclusam,

425 742 478 796 iu
515 740 755 795 Graecam
788 739 1032 807 linguam
1068 745 1307 799 vertens,
1337 751 1681 790 communem
1718 735 2007 789 utilitatem

422 831 544 884 urbi
577 839 846 884 terrarum
883 828 1117 897 benigne
1144 826 1418 881 exhibuit.
1465 825 1577 881 Nec
1612 828 1787 881 solum
1823 827 2007 881 Dialo-

424 938 540 994 gos,
578 921 670 977 sed
694 930 750 975 et
777 920 970 989 dignos
1001 919 1234 973 lectione
1264 918 1402 972 alios
1438 917 1653 973 labores
1682 919 1736 972 in
1768 916 2007 973 Graecam

426 1015 665 1084 linguam
703 1012 1000 1066 transferre
1025 1025 1207 1080 operte
1242 1010 1477 1080 pretium
1509 1010 1687 1065 duxit.

2114 460 2207 512 τὸν
2235 459 2329 529 ἔτη
2356 461 2404 511 οἱ
2432 457 2531 529 τὴν
2563 458 2840 528 Ῥωμαίαν
2871 458 3056 527 φωνὴν
3084 457 3338 525 ἀφιέντες
3364 457 3463 527 τῆς
3492 458 3557 509 ἐκ
3577 457 3691 510 τῶν

2115 551 2293 605 πόνων
2328 552 2494 605 αὑτοῦ
2545 550 2814 619 ὠφελείας
2851 551 3005 620 μόνοι
3050 548 3372 618 ἀπήλαυον·
3418 547 3691 619 Ζαχαρίας

2111 640 2195 703 δὲ,
2222 640 2282 704 ὃς
2313 641 2409 694 τοῦ
2439 640 2799 694 ἀποστολικοῦ
2824 639 3016 711 ἀνδρὸς
3049 638 3257 692 ἐκείνου
3293 638 3503 710 χρόνοις
3531 638 3693 691 ὔστε-

2116 750 2211 806 ρον
2269 736 2385 797 τοῖς
2441 733 2757 804 εἰρημένοις
2806 731 3043 802 κατέστη
3096 731 3358 800 διάδοχος,
3391 728 3491 799 τὴν
3535 730 3593 781 ἐν
3626 731 3691 799 τῇ

2129 826 2410 898 Ῥωμαᾶῇ
2464 827 2602 899 μόνῃ
2634 828 2680 859 ⁸¹
2721 824 3149 896 ωγκλειομένην
3198 822 3321 895 [761
3356 820 3449 898 IL]
3491 822 3695 890 γνῶσιν

2118 918 2212 971 καὶ⁵
2239 917 2507 986 ὠφέλειαν
2548 920 2627 981 εἰς
2667 917 2766 988 τὴν
2807 917 3034 971 Ἐλλάδα
3074 915 3324 984 γλῶσσαν
3373 914 3694 979 ὲξαπλὼσας

2117 1011 2298 1064 κοινὸν
2325 1011 2386 1063 τὸ
2429 1011 2620 1081 κέρδος
2649 1013 2715 1081 τῇ
2762 1010 3063 1083 οἰκουμένῃ
3096 1010 3249 1079 πάσῃ
3296 1007 3696 1077 φιλανθρώπως

428 1109 743 1178 ἐποιήσατο.
812 1107 886 1158 Οὐ
970 1109 1096 1167 τοὺς
1162 1105 1456 1174 Διαλόγους
1526 1106 1582 1159 δὲ
1630 1105 2002 1177 καλουμένους
2050 1106 2266 1177 μόνους,
2325 1107 2462 1161 ἀλλὰ
2508 1108 2605 1160 καὶ
2658 1107 2853 1170 ἄλλους
2907 1106 3074 1160 αὐτοῦ
3128 1105 3442 1173 ἀξιολόγους
3500 1105 3695 1169 πόνους

426 1199 764 1270 ὲξελληνίσαι
791 1198 951 1269 ἔργον
984 1198 1136 1251 ἔθετο
1186 1199 1256 1252 θ’.

1101 1310 1325 1367 CCLIII.

428 1403 754 1475 Martyrium
783 1412 978 1473 septem
1000 1420 1283 1473 puerorum
1309 1402 1706 1545 Sdormientium
1727 1404 1823 1459 sub
1852 1404 2012 1460 Decio

1085 1484 1311 1543 tyranno
1345 1512 1357 1524 .

1085 1484 1357 1543 tyranno].

498 1565 627 1636 Legi
655 1583 685 1620 e
703 1566 960 1636 martyrio
979 1574 1185 1636 septem
1214 1582 1511 1636 puerorum
1541 1566 1707 1638 [unde
1724 1568 1837 1623 hare
1865 1584 2010 1623 sum-

429 1661 617 1715 matim
664 1658 960 1730 descripta]
1024 1659 1341 1730 martyrium
1410 1668 1618 1727 septem
1691 1674 2007 1728 puerorum,

428 1750 802 1816 Haximiliani,
832 1749 1147 1815 Jamblichi,
1179 1750 1437 1813 Martimi,
1476 1750 1745 1821 Dionysii,
1798 1750 2011 1806 Exacu-

428 1842 690 1905 studiani,
718 1843 979 1896 Antonini
1023 1842 1469 1899 etJoannileos
1493 1854 1696 1915 septem
1728 1846 2007 1916 patricios,

2813 1306 2981 1362 2N1".

2330 1406 2671 1475 Μαρτύριον
2701 1403 2821 1457 τῶν
2840 1403 3028 1473 ἁγίων
3049 1399 3199 1455 ἑπτὰ
3232 1399 3483 1454 παίδων.

2200 1563 2543 1633 ’Ᾱνεγνὼσθη
2597 1561 2662 1613 ἐκ
2694 1559 2790 1613 τοῦ
2847 1558 3150 1630 μαρτυρίου
3191 1559 3300 1610 τῶν
3332 1555 3505 1626 ἁγίων
3556 1555 3699 1609 ἑπτά

2116 1657 2324 1710 παίδων
2345 1673 2360 1688 ο
2391 1654 2450 1721 ἐξ
2481 1647 2543 1707 οὗ
2592 1651 2972 1721 κεφαλαιώδης
3022 1647 3329 1718 διετυπώθη
3361 1647 3537 1718 χρεία.
3572 1648 3699 1700 Ὀτι

2115 1750 2177 1804 τὸ
2234 1746 2534 1819 μαρτύριον
2564 1745 2610 1776 ⁸³
2637 1744 2749 1796 τῶν
2801 1742 2973 1810 ἁγίων
3007 1740 3055 1772 ⁸⁵
3083 1739 3224 1793 ἐπτά
3271 1737 3478 1792 παίδων
3516 1735 3697 1800 Μάξι-

2120 1841 2311 1912 μιανὸν
2342 1839 2411 1901 ”.
2452 1837 2780 1908 Ἰάμϐλιχον,
2835 1834 3148 1905 Μάρτιμον,
3201 1832 3495 1894 Διονύσιον,
3543 1826 3700 1893 Ἐξα-

431 1944 486 1987 et
514 1934 760 2005 cognitos
794 1934 938 2003 quod
985 1933 1355 1989 Christianam
1408 1936 1667 2006 pietatem
1720 1938 2014 2009 amplecte-

2122 1929 2550 1993 κουστουδιανδν,
2583 1928 2899 1982 Ἀντωνῖνον
2939 1926 2986 1957 ⁸⁸
3020 1924 3118 1977 καὶ¹
3145 1923 3424 1989 Ἰωάννην,
3471 1918 3701 1981 τούτους

428 2036 618 2081 rentur
646 2035 700 2079 et
719 2026 1135 2095 ampliﬁcareut,
1164 2028 1358 2084 ductos
1378 2045 1501 2085 esse
1526 2046 1553 2083 a
1576 2030 1737 2086 Decio
1758 2041 2013 2103 tyranno,

430 2116 723 2187 imperium
751 2115 1058 2172 Romanum
1090 2119 1185 2173 Dei
1211 2129 1522 2191 contemptu
1556 2126 1845 2194 tyrannide
1867 2140 2016 2179 com-

432 2217 729 2265 mutante;
781 2211 980 2266 ductos
1038 2222 1217 2266 autem
1270 2214 1549 2283 egregiam
1606 2217 2011 2272 confessionem

431 2301 688 2356 edidisse.
754 2300 1139 2370 Imperatorem
1188 2318 1312 2357 cum
1356 2305 1466 2359 alio
1539 2307 1820 2362 traherent
1868 2312 2015 2374 otia,

432 2394 729 2448 securitate
794 2395 1034 2460 inventa,
1089 2395 1141 2448 in
1193 2397 1455 2465 spelunca
1507 2399 1560 2453 in
1629 2410 1811 2455 monte
1858 2403 2017 2472 juxta

432 2482 708 2552 Ephesum
738 2482 966 2553 fugisse,
998 2495 1051 2540 et
1081 2487 1342 2540 servitum
1378 2488 1513 2557 ipsis
1543 2489 1597 2543 in
1625 2490 1713 2555 iis,
1745 2507 1864 2557 quae
1894 2509 2018 2548 cor-

432 2574 637 2645 poralis
672 2577 964 2631 necessitas
1019 2578 1346 2647 postularet,
1400 2580 1470 2635 ab
1507 2597 1617 2635 uno
1666 2597 1882 2645 eurum,
1922 2588 2014 2653 qui

429 2665 770 2723 Jamblichus
801 2668 973 2723 fuisse
1009 2671 1345 2738 perhibetur.
1368 2670 1542 2727 Paulo
1567 2684 1689 2743 post
1724 2676 2019 2746 imperator

433 2759 582 2829 fuga,
610 2770 665 2814 et
700 2760 841 2825 loco,
876 2760 966 2814 uhi
1004 2772 1212 2827 essent,
1235 2773 1289 2818 et
1328 2765 1546 2818 vivendi
1577 2766 1789 2821 ratione
1826 2770 2017 2839 explo-

432 2859 575 2915 rata,
626 2851 707 2905 ira
770 2854 982 2921 plenus,
1019 2854 1234 2909 obstrui
1292 2856 1564 2925 speluncae
1617 2874 1682 2912 os
1735 2859 1919 2927 jussit,
1959 2870 2019 2916 ut

433 2942 578 2997 fame
632 2955 902 3014 martyres
964 2954 1351 3000 enecarentur.
1415 2948 1616 3002 Deinde
1666 2959 1789 3017 post
1841 2966 2018 3006 annos

441 3036 785 3105 septuaginta
816 3036 975 3099 duos,
1010 3035 1090 3107 [et
1121 3037 1420 3109 trecentos]
1451 3037 1757 3095 Theodosio
1791 3042 1820 3095 a
1858 3046 2015 3098 tertia

437 3141 613 3195 usque
650 3129 909 3198 progenie
954 3130 1188 3199 regalem
1239 3131 1559 3201 dignitatem
1602 3134 1935 3204 suscipiente
1963 3147 2019 3192 et
2058 3126 2073 3139 ”

435 3219 874 3287 administrante,
910 3220 1060 3276 Maro
1091 3232 1276 3278 autem
1331 3224 1529 3294 Ephesi
1571 3228 1799 3294 praesule
1824 3230 1877 3297 (ο
1918 3246 2017 3283 no-

2115 2022 2244 2086 τοὺς
2268 2021 2409 2075 ἑπτὰ
2433 2020 2542 2073 τῶν
2565 2017 2907 2088 εὐπατριδῶν
2935 2016 3093 2079 δντας
3123 2014 3219 2068 καὶ
3244 2013 3313 2067 τὰ
3341 2013 3384 2043 ⁸⁷
3415 2011 3516 2080 τῆς
3544 2010 3701 2063 εὐσε-

2117 2115 2270 2178 ϐείας
2295 2116 2512 2184 φρονεῖν
2534 2113 2628 2165 καὶ
2655 2111 2947 2182 κρατύνειν
2973 2106 3437 2178 ὲπιγνωσθέντας,
3466 2104 3701 2175 ἀχθῆναι

2121 2207 2220 2279 μὲν
2236 2209 2328 2261 ἐπὶ
2346 2206 2538 2260 Δεκίου
2551 2204 2855 2275 ἀναγράφει
2872 2203 2918 2234 ⁸⁸
2935 2202 3030 2255 τοῦ
3058 2202 3159 2271 τὴν
3188 2198 3483 2269 Ῥωμαίων
3519 2197 3703 2267 ἀρχὴν

2116 2296 2254 2351 Θεοῦ
2319 2296 2623 2367 παροράσει
2690 2297 2771 2359 είς
2831 2292 3118 2366 τυραννίδα
3166 2292 3213 2323 ⁸⁸
3259 2289 3700 2358 διαφθείραντπ,

2118 2391 2381 2461 ἀχθέντας
2405 2391 2460 2443 δὲ
2482 2388 2580 2460 τὴν
2601 2388 2774 2459 καλὴν
2796 2386 3087 2457 ὁμολογίαν
3113 2384 3470 2455 ὁμολογῆσαι,
3499 2380 3700 2449 σχολῆς

2118 2485 2176 2538 δέ
2208 2500 2353 2548 τινος
2382 2482 2548 2552 άλλης
2577 2482 2671 2535 τὸν
2698 2481 2961 2551 τύραννον
2992 2475 3366 2549 μεθελκούσης
3392 2474 3573 2527 ἄδειαν
3606 2473 3703 2524 εύ-

2121 2578 2315 2648 ρόντας
2352 2576 2694 2645 καταφυγεῖν
2727 2573 2820 2625 ὲπί
2849 2589 2903 2625 τι
2934 2571 3200 2642 σπήλαιον
3230 2570 3287 2621 ὲν
3318 2568 3435 2637 δρει
3467 2563 3705 2634 πλησιά-

2120 2669 2265 2733 ζοντι
2295 2671 2362 2738 τῇ
2395 2666 2661 2735 Ἐφεσίων
2687 2663 3029 2732 διακείμενον
3057 2658 3391 2731 μητροπόλει
3414 2672 3428 2687 ⁸
3462 2656 3561 2710 καὶ
3588 2655 3709 2708 δια-

2119 2760 2397 2815 κονεῖσθαι
2417 2760 2614 2821 αὐτοὺς
2633 2759 2690 2810 ὲν
2715 2758 2858 2818 ὅσοις
2884 2756 2918 2825 ἡ
2944 2752 3232 2824 σωματικὴ
3253 2750 3503 2813 ἐϐιάζετο
3518 2748 3707 2819 χρεία,

2118 2855 2209 2923 ὑφ’
2248 2853 2369 2917 ἑνὸς
2422 2851 2625 2919 αὐτῶν,
2674 2850 2734 2903 ὃν
2771 2850 3032 2920 προεῖπεν
3067 2844 3376 2915 Ἰάμϐλιχον
3420 2844 3449 2895 ὁ
3500 2841 3659 2909 λόγος
3685 2855 3706 2871 ⁸

2122 2946 2260 3017 μετά
2285 2945 2344 2998 δέ
2372 2962 2493 2998 τινα
2533 2943 2738 3013 βραχὺν
2769 2941 2959 3011 χρόνον
2991 2937 3230 3009 μαθόντα
3264 2936 3359 2989 καὶ
3388 2933 3489 3004 τὴν
3522 2932 3709 3002 φυγὴν

2120 3039 2309 3093 καὶτὸ
2337 3037 2535 3108 χωρίον
2584 3036 2685 3106 τῆς
2716 3033 3001 3104 διατριϐῆς
3047 3030 3142 3083 καί¹
3187 3028 3286 3098 τὴν
3326 3027 3561 3088 δίαιταν,
3608 3025 3710 3077 καὶ

2118 3130 2292 3200 ὀργῆς
2320 3130 2542 3198 ἐμπλεω
2567 3128 2853 3196 γεγονότα,
2882 3123 3265 3193 άναφραγῆναι
3294 3120 3340 3151 ⁹⁰
3362 3120 3422 3171 τὸ
3442 3116 3536 3171 τοῦ
3566 3133 3710 3182 σπη-

2118 3221 2271 3275 λαίου
2306 3221 2483 3290 στόμα
2516 3217 2842 3290 προστάξαι,
2873 3215 2945 3279 ὡς
2976 3215 3042 3268 ἂν
3084 3212 3228 3284 λιμῷ
3256 3210 3607 3281 διαφθαρεῖεν
3654 3210 3709 3260 οἱ

433 3327 559 3366 vum
603 3323 659 3366 et.
697 3322 904 3369 natura:
948 3315 1269 3370 inusitatum
1309 3318 1726 3389 spectaculum),
1752 3334 2014 3389 apparue-

2125 3316 2424 3385 μάρτυρες.
2475 3310 2607 3367 Εἶτα
2642 3311 2780 3383 μετά
2807 3311 2902 3376 ἔτη
2943 3308 3039 3363 δύο
3066 3308 3160 3360 καὶ
3203 3306 3581 3375 ἐϐδομήκοντα
3610 3302 3712 3355 καὶ

435 3412 564 3457 runt
623 3403 858 3460 victores
907 3406 1109 3460 Christi
1170 3409 1371 3476 egregii
1427 3409 1504 3461 illi
1560 3420 1850 3480 martyres,
1908 3416 2019 3466 vita

436 3503 775 3563 recuperata,
801 3497 864 3548 ad
890 3511 1031 3564 quos
1060 3498 1381 3551 accedentes
1405 3497 1702 3566 imperator
1734 3508 1788 3553 et
1816 3500 2020 3571 468a

435 3587 729 3655 episcopus
757 3588 943 3657 (illum
977 3589 1123 3642 enim
1153 3588 1246 3658 qui
1282 3590 1497 3658 longius
1523 3590 1711 3644 aberat
1741 3592 2022 3646 admiran-

436 3677 566 3731 dum
607 3677 738 3731 illud
796 3681 1168 3748 spectaculum
1222 3682 1388 3734 etiam
1431 3682 1680 3754 vocabat)
1730 3698 1855 3737 cum
1892 3687 2019 3755 qui-

435 3769 541 3824 bus
567 3780 621 3823 et
649 3769 739 3822 alii
768 3770 952 3830 multi.
990 3772 1308 3825 acciderunt
1340 3773 1406 3826 ad
1443 3787 1619 3843 genua
1649 3789 1864 3841 eorum,
1896 3792 2018 3845 pre-

437 3857 701 3926 cibusque
726 3868 779 3911 et
819 3857 1200 3913 benedictione
1238 3874 1431 3913 eorum
1477 3861 1624 3931 digni
1663 3862 1828 3916 habiti
1865 3874 2014 3919 sunt.

434 3948 655 4003 Assedit
685 3949 793 4002 illis
826 3949 1123 4018 imperator
1151 3961 1205 4005 et
1245 3952 1709 4022 archiepiscopus,
1738 3963 1792 4008 et
1826 3968 2018 4011 mutuo

435 4040 712 4109 colloquio
753 4040 964 4103 habito,
996 4057 1119 4110 qua:
1152 4043 1489 4112 martyribus
1519 4046 1849 4100 accidissent
1885 4062 2018 4102 con-

436 4134 651 4188 ﬁrmata
687 4146 834 4199 sunt,
867 4144 1125 4204 certaque
1158 4138 1389 4190 retldita.
1440 4136 1497 4191 In
1533 4148 1832 4207 conspectu
1867 4141 2013 4194 enim

435 4227 689 4289 Caesaris,
742 4234 797 4281 et
832 4228 1207 4296 praesentium,
1240 4229 1293 4280 in
1330 4229 1448 4296 ipso
1509 4229 1703 4283 iterum
1739 4241 1926 4295 antro,
1961 4232 2014 4286 in

436 4336 545 4389 quo
578 4321 863 4389 jacuerant
892 4321 1056 4374 simul
1098 4323 1428 4390 quieverunt
1464 4339 1477 4374 :
1515 4330 1573 4375 ut
1628 4325 1883 4379 omnibus
1924 4340 2018 4379 eo-

437 4426 559 4464 rum
594 4426 743 4464 mors
791 4411 940 4464 clare
973 4411 1236 4479 patuerit,
1268 4421 1324 4467 et
1353 4412 1629 4480 incognita
1668 4414 1820 4482 prius
1868 4415 2017 4484 ipso-

436 4519 559 4559 rum
591 4519 654 4555 ex
688 4504 790 4557 hac
845 4505 957 4557 vita
1007 4506 1286 4558 communi
1340 4506 1610 4575 migratio.
1658 4505 1921 4561 Octavum
1962 4517 2017 4561 et

437 4594 776 4648 tricesimum
844 4609 1047 4647 annum
1118 4605 1248 4649 tunc
1307 4594 1647 4650 Theodosius
1718 4611 2014 4665 regnarat,

436 4685 656 4753 quando
690 4684 793 4738 hoc
850 4685 1153 4738 maximum
1204 4686 1529 4740 miraculum
1565 4686 1684 4739 orbi
1734 4696 2013 4743 ostensum

437 4776 609 4830 voluit
667 4776 826 4832 Deus.
884 4777 1149 4847 Exigebat
1226 4786 1338 4831 tum
1400 4793 1464 4833 ea
1540 4789 1833 4848 tempestas
1910 4782 2018 4835 tale

438 4869 764 4940 prodigium.
820 4869 1142 4926 Theodorus
1198 4871 1420 4940 quidam
1452 4909 1468 4934 ,
1522 4872 1726 4925 utinam
1783 4873 1855 4926 ita
1908 4890 2014 4928 non

2121 3406 2431 3477 τριακόσια,
2463 3404 2739 3457 Θεοδοσίου
2767 3402 2864 3472 μὲν
2886 3400 2979 3453 τοῦ
3009 3401 3073 3452 ὲκ
3105 3398 3382 3469 τριγονίας
3416 3395 3515 3464 τὴν
3542 3394 3711 3463 βασί-

2120 3499 2263 3551 λειον
2302 3497 2477 3568 ἀρχὴν
2510 3494 2902 3564 διαδεξαμένου
2938 3492 3033 3545 καὶ
3074 3490 3374 3552 διέποντος,
3411 3485 3569 3557 [MOI
3611 3482 3714 3555 ἢ]

2120 3590 2313 3661 Μάρου
2371 3588 2428 3641 δὲ
2491 3588 2592 3656 τῆς
2648 3588 2707 3639 ὲν
2768 3584 2979 3653 Ἐφέσῳ
3014 3580 3341 3650 Ἐκκλησίας
3399 3578 3497 3640 τάς
3551 3576 3713 3644 ίερὰς

2122 3679 2407 3751 φροντίδας
2436 3676 2941 3749 ἐγκεχειρισμένου.
2975 3675 3037 3729 τὸ
3069 3672 3374 3743 παράδοξον
3416 3668 3577 3722 τοῦτο
3607 3667 3711 3719 καὶ

2122 3774 2568 3844 ὑπερφυέστατον
2593 3771 2792 3841 θέαμα,
2812 3770 3092 3839 ἐφάνησαν
3114 3768 3165 3819 οἱ
3185 3764 3281 3818 τοῦ
3310 3760 3551 3835 Χριστοῦ
3580 3761 3712 3813 κα).-

2118 3867 2313 3921 λίνικοι
2356 3865 2631 3937 μάρτυρες
2675 3860 3131 3922 ἀναϐεϐιωκότες.
3168 3851 3265 3920 Οἷς
3311 3850 3711 3926 προσελθόντες

2118 3962 2147 4014 ὅ
2179 3976 2239 4012 τε
2285 3958 2538 4028 βασιλεὺς
2572 3957 2666 4009 καὶ
2695 3958 2722 4009 ὀ
2752 3954 3055 4015 ἐπίσκοπος
3086 3949 3299 4023 (ἐκάλει
3332 3948 3442 4016 γάρ
3480 3944 3580 3998 καὶ
3613 3943 3712 3996 τὸν

2122 4051 2348 4120 βασιλέα
2375 4051 2470 4102 καὶ
2504 4047 2786 4119 πόρρωθεν
2828 4044 3176 4115 διατρίϐοντα
3203 4042 3263 4094 τὸ
3294 4037 3390 4092 τοῦ
3424 4036 3712 4107 θαύματος

2121 4140 2599 4214 ὑπερθαύμαστον)
2639 4139 2757 4209 μεθ’
2791 4131 2865 4191 ὧν
2893 4138 2985 4190 καὶ
3019 4134 3169 4190 ἄλλοι
3206 4132 3393 4185 πολλοὶ
3429 4128 3715 4200 προσέπε-

2121 4236 2221 4287 σάν
2245 4237 2286 4267 “
2314 4251 2373 4287 τε
2394 4236 2505 4295 τοῖς
2533 4234 2690 4285 ποσὶν
2711 4230 2913 4295 αὐτῶν,
2939 4229 3033 4281 καὶ
3059 4227 3159 4296 τῆς
3180 4226 3310 4296 παρ’
3335 4222 3521 4275 αὐτῶν
3539 4222 3712 4291 εὐχῆς

2161 4325 2433 4395 ξιώθησαν
2449 4324 2544 4375 καὶ
2559 4321 2826 4388 εὐλογίας.
2847 4319 3178 4375 Συνεκάθισέ
3190 4334 3249 4369 τε
3264 4317 3448 4378 αὐτοῖς
3477 4315 3507 4367 ὃ
3525 4331 3587 4365 τε
3608 4312 3713 4381 βα·-

2121 4419 2300 4480 σιλεὺς
2325 4418 2417 4469 καὶ
2439 4418 2467 4469 ό
2498 4415 2946 4484 ἁρχιεπίσκοπος,
2976 4412 3068 4466 καί
3093 4427 3237 4472 τινος
3260 4409 3483 4478 ὁμιλίας
3503 4406 3713 4477 προελ-

2120 4510 2318 4581 θούσης
2348 4512 2414 4571 ⁹²,
2449 4508 2516 4561 δι’
2552 4503 2618 4579 ἦς
2646 4508 2742 4561 καὶ
2779 4507 2846 4559 τά
2876 4506 3017 4558 κατὰ
3047 4506 3172 4565 τοὺς
3204 4503 3392 4572 ἁγίους
3437 4501 3533 4553 ἐπὶ
3566 4500 3719 4570 μάλα

2118 4604 2210 4656 λον
2264 4598 2580 4654 ἐϐεϐαιοῠτο
2629 4600 2722 4651 καὶ
2772 4599 2833 4650 τὸ
2875 4599 3199 4651 ἀδίστακτον
3253 4592 3718 4664 προσελάμϐανε,

2124 4694 2243 4746 κατ’
2274 4693 2505 4746 ἐνώπιον
2532 4690 2697 4745 αὐτοῦ
2728 4707 2786 4742 τε
2808 4689 2902 4742 τοῦ
2938 4689 3201 4758 βασιλέως
3251 4686 3349 4739 καὶ
3391 4683 3504 4737 τῶν
3556 4682 3721 4752 συμ-

2124 4784 2409 4854 παρόντων
2433 4784 2501 4846 ⁹³,
2535 4784 2593 4835 ὲν
2624 4781 2773 4850 αύτῷ
2809 4781 2973 4834 πάλιν
3023 4781 3101 4848 τῷ
3144 4778 3395 4847 σπηλαίῳ
3438 4777 3498 4826 ὲν
3530 4768 3576 4842 ᾧ
3613 4776 3726 4829 καὶ

2123 4876 2461 4939 κατέκειντο,
2496 4874 2875 4928 ἀνεπαύσαντο
2902 4873 3037 4943 ἅμα,
3060 4873 3157 4939 τῆς
3178 4869 3493 4939 ἀδιαιρέτου
3524 4866 3726 4920 τελευ-

440 4961 652 5029 fuisset,
681 4964 972 5034 episcopus
1002 4962 1302 5035 IEgeorum
1334 4972 1470 5018 erat.
1518 4962 1639 5029 llic,
1688 4966 1877 5019 nescio
1906 4982 2014 5035 qua

2122 4969 2221 5037 τῆς
2255 4966 2434 5020 αὐτῶν
2463 4966 2554 5019 ὑπ’
2588 4965 2710 5035 δψιν
2740 4966 2957 5019 πάντων
2986 4960 3359 5032 γεγενημένης
3389 4958 3727 5028 ἐπιμαρτυ-

1688 5160 1925 5216 VARI/13
1986 5162 2285 5219 LECTION
2302 5164 2407 5218 ES.

479 5329 523 5359 ιιι
554 5324 719 5394 μόνην
736 5326 800 5378 Α.
875 5322 919 5394 ε’
947 5336 1067 5392 quae
1088 5306 1219 5391 post
1244 5320 1781 5394 Eesto__adtleha_tttttr,
1803 5320 1953 5394 τέλος
1979 5323 2076 5394 τῆς
2093 5324 2339 5394 ἐκλογῆς
2368 5324 2468 5394 τῆς
2496 5326 2625 5392 περὶ
2652 5325 2742 5377 τὸν
2767 5323 2879 5392 βίον
2896 5317 3552 5394 τοῦ-ἀρχιερέως-Ἱξῴμης
3572 5318 3731 5394 θαυ-

444 5388 1316 5469 μασὶοιέ-Γρηγορβουί0Ψὶεὲ(ὶιιιιι
1347 5392 1457 5469 Αβο
1532 5390 1660 5469 ⁸³,τδ
1698 5388 2471 5469 μαρτύριονίτάὁνόματαηο,
2534 5388 3063 5469 δὶτῶνῂάγίωνίιεως
3099 5390 3235 5469 AB;
3285 5388 3730 5469 “imas:an

435 5455 500 5530 Ᾰ,
525 5455 918 5535 Μαξιμίλίξινόν
1004 5482 1017 5517 :
1048 5462 1089 5535 B_
1108 5463 1472 5535 Μαξιμιανός,
1500 5460 1597 5535 qui
1619 5455 2060 5535 ca-ieraquoqtie
2085 5455 2301 5516 nomina
2327 5465 2659 5518 nominative
2690 5455 2863 5518 effert.
2938 5455 3347 5535 "jA‘VtvavovJ
3380 5459 3478 5535 xu}
3499 5458 3731 5535 Ἀντωέ

434 5527 576 5590 νῖέιον
607 5527 687 5587 ᾸῘ
742 5536 785 5566 ⁸⁷
804 5535 874 5588 τά
903 5536 945 5588 Α
980 5553 993 5587 :
1026 5533 1124 5595 τάς
1150 5535 1233 5585 vel
1262 5527 1389 5594 τούς
1412 5548 1473 5593 ς.
1519 5527 1598 5561 ’⁸⁸
1624 5527 2085 5604 ἀναγράφειέιιιά.
2113 5535 2179 5585 Α.
2255 5536 2300 5565 ⁸ο
2324 5537 2404 5597 εἰς
2432 5535 2532 5604 τὴν
2564 5535 2851 5604 τυραννίδα
2884 5530 3032 5604 c:._”_
3057 5527 3466 5604 ἀναφραγῇναι]
3511 5533 3732 5604 quitliii

435 5606 821 5677 ἀποφραγῆναι
840 5606 863 5657 ?
900 5604 1038 5659 infra
1079 5613 1224 5677 certe
1251 5605 1602 5672 ἀπέφραττον
1632 5608 1707 5670 (p.
1740 5598 1844 5657 468
1877 5620 1907 5655 α
1938 5601 2051 5667 55).
2128 5605 2173 5636 ⁹¹
2204 5598 2540 5675 προσέπεσόν
2567 5598 2646 5659 Β(
2702 5604 2748 5636 "
2777 5600 3142 5673 προελθούσης
3165 5614 3295 5668 mg.:
3317 5598 3439 5651 libri
3458 5598 3730 5669 προσελ-

437 5678 653 5745 θούσης.
720 5676 777 5709 ⁷⁸³
806 5677 1089 5745 παρόντων
1119 5676 1183 5726 Λ.
