3966 6240
258 246 354 312 101

1158 247 1681 310 BIBLIOTHECA.
1711 273 1780 285 -
1829 245 2042 309 CODD.
2080 249 2334 328 CCLIII,
2406 251 2640 315 CCLIV.

3435 258 3536 324 102

252 361 455 434 ιρούσης
486 357 678 412 αὐτῶν
709 357 804 412 καὶ
838 357 937 428 τὴν
967 355 1067 427 οὐχ
1107 355 1400 427 ὀραθεῖσαν
1433 357 1700 428 πρότερον
1753 355 1843 424 τῆς

1957 355 2194 419 ratione,
2225 357 2338 413 luto
2386 359 2721 416 inﬁdelitatis
2763 361 3094 431 'absorptus,
3158 368 3533 436 graveolentes

262 451 543 524 παρούσης
573 449 726 518 ζωῆς
757 450 946 522 κοινὴν
996 447 1368 520 ἀναχώρησιν.
1405 448 1630 515 Ὄγδοον
1657 447 1715 499 δὲ
1751 449 1846 500 καὶ

258 547 581 620 τριακοστὸν
602 544 908 616 τηνικαῦτα
921 545 1200 608 Θεοδόσιος
1216 546 1314 611 τῆς
1330 543 1607 614 βασιλείας
1621 543 1783 613 ῆνυεν
1799 543 1846 576 ³⁸

257 641 385 714 [Ἰϐἳ
419 637 513 710 [1.]
537 637 681 702 ἔτος,
714 637 880 708 ἡνίκα
913 639 975 690 τὸ
1010 637 1120 689 τῶν
1159 636 1454 706 θαυμάτων
1481 633 1842 705 ὑπερθαὺμα-

254 747 381 782 στον
411 732 476 798 τῇ
526 729 826 797 οἰκουμένῃ
860 725 1246 796 ἀναδειχθῆναι
1276 725 1338 778 τὸ
1371 725 1512 778 θεῖον
1559 725 1846 795 ᾠκονομη-

253 837 406 874 σατο.
449 819 666 887 Ἐζήτει
699 818 756 870 δὲ
789 819 896 888 ἄρα
928 819 1022 870 καὶ
1056 819 1084 870 6
1110 817 1230 870 τότε
1254 817 1449 884 καιρὸς
1476 815 1725 868 τοιοῦτον
1756 832 1846 867 τε·

252 912 494 981 ράστιον.
531 910 811 980 Θεόδωρός
850 927 955 971 τις,
993 909 1068 972 ὡς
1097 907 1209 960 εἴθε
1246 908 1319 978 μὴ
1354 906 1551 974 ὤφελε,
1603 908 1700 976 τῆς
1744 907 1842 957 Αί-

247 1004 391 1070 γέων
419 1005 464 1035 ’⁵
494 1001 708 1064 πόλεως
752 1001 1065 1054 ἐπεσκόπει.
1114 993 1287 1062 Οὗτος
1326 999 1426 1050 οὐκ
1455 994 1551 1050 οἶδ’
1599 997 1723 1050 ὅθεν
1752 995 1843 1048 τοῦ

1953 448 2196 501 evomuit
2225 464 2405 516 voces,
2439 461 2780 507 mortuorum
2820 457 3273 511 resurrectionem
3305 476 3530 530 negans,

1952 546 2010 591 et
2042 537 2243 592 multos
2296 554 2420 592 cum
2460 541 2576 596 suis
2609 543 2858 599 sectariis
2907 546 3095 600 eodem
3136 561 3323 603 errore
3359 550 3536 606 invol-

1955 643 2110 684 vens.
2139 630 2255 685 Hoc
2285 633 2554 687 miraculo
2592 635 2802 690 clarum
2835 641 3257 694 resurrectionis
3291 644 3536 698 testimo-

1953 721 2104 775 nium
2138 724 2191 776 in
2221 738 2441 777 omnem
2487 733 2689 780 terram
2748 727 3084 798 divulgante,
3145 731 3271 801 ipsi,
3321 745 3377 786 et
3413 725 3536 804 qui-

1953 830 2172 884 cunque
2208 817 2438 884 gentiles
2471 817 2663 886 reliqui
2715 826 2893 883 erant,
2925 821 3121 883 partim
3177 822 3373 876 rubore
3403 839 3534 878 con-

1954 905 2060 960 fusi
2088 907 2500 971 obmutuerunt,
2531 919 2726 977 parum
2759 921 2964 964 certam
2997 911 3322 982 ﬁrmamque
3353 931 3535 970 resur-

1954 997 2215 1051 rectionis
2243 1013 2393 1067 spem
2423 1011 2811 1069 conceperunt.

244 1098 354 1167 ..τῆς
403 1096 660 1159 ἀπιστίας
713 1096 928 1156 σπάσας
973 1094 1279 1164 βορϐόρου,
1331 1095 1512 1162 φωνὰς
1568 1092 1833 1155 δυσωδίας
1879 1090 2243 1164 ἀπηρεύγετο,
2303 1094 2402 1164 τῆς
2450 1093 2558 1147 τῶν
2607 1097 2817 1167 νεκρῶν
2872 1099 3220 1162 ἀναστάσεως
3267 1104 3535 1174 καταψη-

259 1191 558 1258 φιζόμενος,
627 1187 722 1240 καὶ
793 1186 1025 1248 πολλοὺς
1067 1185 1184 1255 ἅμα
1203 1186 1314 1237 τῶν
1345 1187 1442 1238 σὺν
1474 1184 1624 1254 αὐτῷ
1684 1185 1820 1256 πρὸς
1851 1185 1951 1254 τὴν
1989 1185 2192 1238 οἰκείαν
2221 1183 2500 1245 μεθέλκων
2532 1186 2578 1216 ’⁸
2628 1188 2909 1242 ἀπόνοιαν.
2966 1190 3073 1242 Τοῦ
3141 1192 3197 1245 δὲ
3258 1194 3533 1264 θαύματος

260 1281 512 1351 λαμπράς
535 1279 636 1342 τὰς
667 1279 772 1348 τῆς
814 1278 1163 1338 ἀναστάσεως
1193 1277 1418 1342 ἀκτῖνας
1449 1277 1572 1332 καθ’
1610 1278 1738 1347 ὅλην
1771 1278 2022 1346 ἀφιέντος
2067 1277 2168 1349 τὴν
2215 1277 2306 1344 ὑφ’
2350 1277 2485 1348 ἡλίῳ
2523 1279 2588 1344 ⁸⁷,
2655 1271 2809 1332 αὗτοί
2859 1298 2920 1334 τε
2971 1283 3067 1335 καὶ
3129 1285 3253 1338 ὅσον
3293 1286 3532 1358 Ἐλληνι-

254 1379 352 1430 κδν
388 1374 707 1429 ὑπελείπετο
738 1375 806 1439 ’³,
841 1376 889 1426 οί
941 1374 1040 1444 μὲν
1089 1377 1170 1437 είς
1212 1376 1491 1446 ἀμήχανον
1547 1371 1812 1444 αἰσχύνην
1868 1373 1962 1426 καὶ
1987 1373 2231 1442 ἀφωνίαν
2278 1372 2620 1440 κατεδύοντο,
2659 1375 2708 1426 οἱ
2753 1374 2810 1426 δὲ
2852 1377 2934 1438 εἰς
2964 1377 3299 1446 ἀμετάθετον
3339 1381 3534 1434 ἐλπίδα

255 1470 351 1540 τῆς
385 1471 740 1532 ἀναστάσεως
777 1469 1142 1539 μετετίθεντο.

321 1565 422 1627 Τίς
449 1564 495 1616 δ’
525 1567 554 1617 6
584 1566 785 1633 τρόπος
814 1565 914 1634 τῆς
943 1565 1038 1618 τοῦ
1070 1565 1344 1637 σπηλαίου
1377 1563 1668 1630 ἀνοίξεω;;
1702 1563 1848 1618 Ἀδό-

250 1659 366 1721 λιος
390 1659 422 1710 6
445 1656 541 1710 τοῦ
566 1655 726 1726 ὅρους
756 1657 880 1710 τότε
912 1657 1119 1729 κύριος,
1152 1658 1210 1710 ἑν
1236 1649 1280 1725 ᾧ
1308 1657 1371 1709 τὸ
1397 1655 1663 1727 σπήλαιον
1691 1655 1846 1708 λελα-

245 1750 484 1820 τόμητο,
541 1749 783 1818 μάνδραν
837 1749 1177 1820 θρεμμάτων
1221 1748 1575 1818 οἰκοδομῆσαι
1633 1748 1844 1800 κελεύει

244 1841 378 1903 τοὺς
437 1839 675 1903 παῖδας’
707 1841 806 1892 καὶ
845 1839 908 1893 τὸ
959 1839 1302 1912 προσταχθὲν
1347 1839 1440 1892 ἐπὶ
1489 1838 1707 1910 ἡμέρας
1749 1837 1843 1891 δύο

249 1933 633 2002 διεπράττετο.
675 1933 738 1986 Ἦ
777 1932 823 1986 δ’
871 1932 1131 2003 οἰκοδομὴ
1169 1932 1356 1996 αὐτοῖς
1401 1931 1634 1985 ἐτελεῖτο
1675 1948 1841 2002 μετα-

2025 1557 2219 1613 Modus
2249 1572 2380 1612 vero
2422 1573 2533 1628 quo
2563 1559 2826 1628 spelunca
2885 1573 3070 1629 aperta
3112 1573 3239 1629 est,
3302 1564 3389 1621 hic
3422 1574 3526 1622 est.

1958 1635 2223 1709 Adolius.
2272 1649 2340 1703 ad
2376 1664 2538 1718 quem
2594 1658 2724 1703 tunc
2759 1665 2917 1706 mons
2964 1652 3054 1706 ille
3083 1655 3420 1722 pertinebat,
3473 1659 3530 1713 iu

1950 1757 2058 1811 quo
2085 1741 2344 1812 spelunca
2365 1743 2550 1795 excisa
2578 1750 2716 1805 erat,
2742 1757 3004 1813 pecorum
3031 1747 3307 1800 stabulum
3341 1764 3530 1804 servos

1949 1835 2128 1902 Coegit
2152 1841 2456 1896 exstruere,
2487 1847 2686 1902 resque
2714 1833 2856 1887 intra
2882 1834 3108 1888 biduum
3141 1836 3391 1892 confecta
3420 1850 3528 1903 est,

1949 1924 2256 1994 domusque
2289 1923 2587 1989 aediﬁcata,
2643 1925 2925 1980 translatis
2977 1926 3273 1996 lapidibus,
3324 1929 3418 2000 qui
3465 1946 3531 1986 os

251 1996 634 2097 κομιξομένων
678 2023 789 2077 τῶν
833 2023 1020 2086 λίθων,
1057 1996 1195 2076 οἳῇτὺ
1222 2023 1318 2076 τοῦ
1367 2023 1636 2092 σπηλαίου
1667 1996 1842 2093 στόμα

1952 2017 2220 2086 spelunca:
2247 2018 2641 2072 obstruxeraut
2668 2029 2722 2072 et
2745 2018 3097 2075 munierant:
3122 2019 3310 2091 sicque
3340 1996 3526 2094 aperta

252 2115 610 2186 ἀπέφραττόν
654 2132 715 2167 τε
767 2116 863 2168 καὶ
920 2113 1288 2184 ἀπετείχιζον.
1360 2115 1472 2168 Καὶ
1527 2113 1673 2168 οὕτω
1745 2115 1844 2185 μὲν

249 2205 504 2276 ἠνεῴχθη
553 2206 616 2259 τὸ
673 2207 963 2276 σπήλαιον,
1001 2207 1052 2258 οί
1100 2206 1146 2259 δ’
1187 2205 1644 2276 ἐγκατακείμενοι
1695 2204 1848 2276 αὐτῷ

255 2299 538 2369 μάρτυρες
585 2300 890 2369 τηνικαῦτα
917 2298 1210 2371 παραδόξῳ
1252 2298 1391 2352 Θεοῦ
1431 2298 1613 2368 κρίσει
1651 2297 1848 2351 ἀναϐεο

251 2388 521 2452 ϐιωκότες
569 2388 963 2442 ἀποστέλλουσι
1017 2388 1107 2442 τὸν
1154 2387 1401 2458 συνήθως
1442 2388 1629 2450 αὐτοῖς
1679 2386 1849 2440 πάλαι

253 2480 751 2553 ὑπηρετησάμενον
799 2481 1105 2551 Ἰάμϐλιχον
1153 2481 1361 2551 τροφὰς
1398 2479 1714 2551 ὠνήσασθαι
1752 2480 1849 2532 καὶ

250 2574 481 2642 κομίσαι
505 2589 523 2605 '
555 2574 613 2636 ὃς
640 2573 741 2645 τὴν
782 2575 1049 2642 Ἐφεσίων
1073 2574 1394 2628 καταλαϐὼν
1422 2574 1578 2626 πόλιν
1603 2573 1844 2643 συλλαμ-

252 2666 478 2718 ϐάνεται
513 2665 581 2719 δι’
614 2665 651 2718 ἀ
684 2666 911 2735 ἐκόμιζε
943 2666 1279 2737 νομίσματα,
1309 2666 1384 2728 ὡς
1424 2664 1714 2736 θησαυρῶν
1739 2666 1843 2735 ἀρ-

249 2762 424 2830 χαίων
477 2761 727 2830 εὑρετής.
757 2762 1027 2815 Κάκεῖθεν
1077 2764 1136 2814 τὸ
1173 2764 1316 2816 κατά
1372 2762 1499 2823 τοὺς
1554 2763 1842 2832 μάρτυρας

253 2852 438 2922 θαῦμα
471 2855 549 2915 εἰς
567 2854 734 2915 ἀκοὰς
765 2853 984 2906 πάντων
1005 2855 1270 2925 περιηχού
1282 2871 1440 2924 μενον
1473 2851 1769 2923 διηπλοῦτο
1793 2855 1839 2886 ⁹⁹

251 2946 349 2997 καὶ
383 2946 470 3007 εἰς
501 2945 682 3016 θέαμα
713 2944 1030 3017 προῠκειτο.

966 3101 1134 3155 ΣΝΔ’.

449 3194 791 3261 Μαρτύριον
833 3194 1114 3263 Τιμοθέου
1146 3194 1253 3248 τοῦ
1279 3194 1649 3252 ἀποστόλου.

315 3326 674 3396 Ἀνεγνὼσθη
730 3329 795 3380 ἐκ
849 3328 948 3397 τῆς
1015 3331 1366 3400 μαρτυρικῆς
1419 3331 1686 3402 Τιμοθέου
1746 3333 1842 3388 τοῦ

249 3419 560 3472 ἀποστόλου
619 3420 964 3490 συγγραφῆς.
1031 3420 1154 3473 Ὅτι
1217 3421 1435 3492 πρῶτον
1497 3424 1763 3494 Τιμόθεον
1809 3427 1843 3496 ἡ

251 3510 516 3579 παροῦσα
574 3513 870 3582 συγγραφή
932 3529 1098 3582 φησιν
1161 3514 1390 3580 Ἐφέσου
1449 3515 1840 3587 ἐπισκοπῆσαι,

250 3601 518 3675 ῥοπάλοις
566 3589 634 3654 δ”
688 3603 1085 3674 ἀναιρεθῆναι,
1164 3605 1298 3658 διότι
1368 3605 1495 3669 τοὺς
1561 3607 1843 3676 Ἐφεσίους

249 3695 519 3750 διεκώλυε
579 3695 680 3758 τάς
727 3697 982 3768 μυσαρὰς
1037 3699 1133 3752 καὶ
1192 3699 1511 3769 μιαιφόνους
1561 3701 1670 3753 τῶν
1724 3700 1844 3754 Ἐλ-

248 3787 438 3860 λήνωυ
505 3789 775 3842 ἐπιτελεῖν
828 3789 1070 3857 τελετὰς,
1121 3784 1196 3845 ὧν
1253 3791 1352 3862 μία
1419 3788 1487 3864 ἦν
1547 3793 1642 3847 καὶ
1671 3795 1704 3865 ἡ
1737 3811 1842 3847 κα·-

245 3879 494 3952 λουμένη
553 3881 923 3950 καταγώγιον,
973 3883 1097 3938 καθ’
1134 3886 1201 3957 ἢν
1233 3878 1412 3950 οὗτος,
1451 3886 1546 3939 καὶ⁵
1588 3887 1669 3939 ὅτι
1711 3885 1846 3938 ταὺ-

247 3990 354 4046 την
400 3975 757 4045 ἐξεκήρυττε,
809 3976 904 4030 τοῦ
962 3978 1304 4047 μαρτυρικοῦ
1359 3977 1548 4042 τέλους
1577 3977 1840 4048 ἠξίωταιο

250 4067 584 4137 Δομετιανὸς
612 4067 666 4120 δὲ
687 4068 989 4138 τηνικαῦτα
1019 4068 1122 4138 τῆς
1160 4068 1477 4140 Ῥωμαῖκῆς
1507 4068 1683 4139 ἀρχῆς
1712 4069 1845 4122 καθ-

250 4163 505 4230 ειστήκει
551 4160 837 4233 τύραννος.
865 4161 969 4215 Τοῦ
992 4162 1050 4214 δὲ
1082 4163 1229 4235 ίεροῦ
1267 4165 1532 4233 Τιμοθέου
1557 4165 1745 4235 τρόπῳ
1764 4163 1843 4234 τῷ

249 4253 538 4323 εἰρημένῳ
563 4253 656 4306 τὸν
693 4253 806 4322 βίον
852 4253 1126 4318 λιπόντος,
1163 4256 1260 4308 καὶ
1308 4255 1638 4326 Δομετιανοῦ
1664 4256 1721 4322 ἐξ
1751 4257 1844 4308 ἀν-

246 4343 494 4414 θρώπων
552 4345 986 4416 ἀποφθαρέντος,
1031 4346 1196 4418 [1404
1251 4347 1344 4420 H.]
1398 4347 1586 4418 Νέρϐα
1642 4347 1698 4400 δὲ
1747 4346 1842 4400 τοῦ

257 4436 580 4505 Ῥωμαϊκοῦ
627 4438 866 4508 κράτους
899 4439 959 4490 τὸ
1003 4439 1280 4509 σκῆπτρον
1333 4439 1786 4508 άναδεδεγμένου,
1814 4439 1844 4490 6

247 4529 509 4596 θεολόγος
541 4529 800 4597 Ἰωάννης
818 4531 917 4598 τῆς
936 4531 1228 4600 ὑπερορίου
1254 4531 1433 4600 φυγῆς
1461 4529 1685 4599 ἀφεθεὶς
1709 4548 1842 4583 κατ-

1945 2109 2206 2178 spelunca
2253 2119 2360 2165 est.
2399 2110 2666 2182 Martyres
2698 2111 2790 2182 qui
2831 2111 2941 2167 illic
2969 2112 3246 2182 jacebant,
3279 2116 3528 2171 inaudito

1944 2200 2039 2254 Dei
2063 2201 2274 2270 judicio
2306 2201 2533 2257 redivivi
2564 2201 2823 2256 emittunt
2847 2199 3238 2266 Jamblichum,
3263 2205 3359 2273 qui
3395 2205 3528 2258 soli-

1945 2302 2036 2347 tus
2071 2301 2190 2348 erat
2217 2294 2346 2347 olim
2389 2294 2522 2363 ipsis
2552 2293 2869 2348 ministrare
2907 2293 3062 2348 cibos
3092 2304 3332 2364 emptum
3363 2307 3529 2367 atque

1946 2385 2200 2440 allatum.
2234 2385 2339 2452 Qui
2371 2387 2654 2456 ingressus
2687 2386 2877 2440 urbem
2917 2385 3194 2455 Ephesum
3221 2427 3238 2452 ,
3277 2403 3529 2458 compre—

1948 2477 2211 2532 henditur
2233 2481 2302 2532 ob
2334 2494 2430 2533 eos
2459 2494 2601 2548 quos
2629 2475 2938 2548 proferebat
2961 2495 3236 2546 nummos,
3262 2488 3524 2549 tanquam

1949 2569 2270 2624 thesaurum
2293 2570 2582 2639 antiquum
2605 2570 2862 2624 eruisset.
2887 2566 3203 2640 Eiindeque
3222 2583 3525 2640 martyrum

1949 2664 2280 2718 miraculum
2311 2665 2375 2718 ad
2412 2664 2657 2718 omnium
2694 2679 2857 2718 aures
2897 2663 3222 2734 penetravit,
3257 2679 3323 2719 ac
3357 2664 3526 2719 veluti

1946 2770 2036 2811 res
2064 2756 2309 2810 miranda
2341 2757 2622 2826 proposita
2647 2755 2769 2810 fuit.

2621 3109 2847 3166 CCLIV.

2289 3200 2614 3271 Martyrium
2654 3201 2914 3257 Timothei
2944 3206 3200 3274 apostoli.

2018 3335 2216 3407 4681)
2253 3334 2412 3388 Lecta
2444 3343 2574 3389 sunt
2599 3335 2802 3405 scripta
2828 3337 2896 3392 de
2919 3339 3186 3410 martyrio
3244 3337 3525 3397 Timothei

1947 3429 2201 3497 apostoli.
2289 3427 2476 3482 Refert
2547 3427 2780 3482 historia
2867 3427 3218 3483 Timotheum
3288 3431 3525 3500 primum

1947 3519 2146 3590 Ephesi
2187 3521 2504 3590 episcOpum
2556 3519 2772 3586 fuisse,
2831 3520 3096 3590 clavaque
3156 3522 3526 3590 interfectum,

1946 3620 2237 3682 propterea
2269 3611 2413 3680 quod
2468 3609 2844 3678 prohibuisset
2884 3611 3153 3680 Ephesios
3191 3615 3525 3668 exsecranda

1945 3711 2000 3756 et
2025 3712 2252 3757 cruenta
2284 3701 2529 3767 gentium
2559 3699 2696 3754 festa
2719 3740 2733 3762 ,
2766 3710 2821 3755 et
2847 3702 3007 3757 ludos
3041 3719 3203 3773 agere
3239 3721 3254 3756 :
3288 3719 3524 3774 quorum

1947 3810 2118 3849 unum
2152 3793 2480 3864 appellatum
2515 3794 2616 3848 fuit
2643 3794 3025 3864 Catagogium,
3056 3795 3202 3864 quod
3255 3797 3384 3866 quia
3435 3797 3526 3853 ille

1947 3888 2255 3956 abrogarat,
2280 3887 2527 3956 martyrii
2558 3886 2768 3941 honore
2787 3887 3016 3942 affectus
3044 3897 3151 3942 est.
3183 3889 3526 3946 Domitianus

1946 3987 2078 4032 tunc
2119 3978 2423 4030 Romanum
2459 3978 2747 4046 imperium
2801 3987 3068 4047 tyrannus
3110 3979 3351 4048 gerebat.
3385 3979 3524 4034 Cum

1947 4070 2106 4123 divus
2128 4067 2452 4122 Timotheus
2488 4069 2590 4122 hac
2643 4069 2855 4123 ratione
2877 4110 2892 4131 ,
2927 4081 2988 4123 ut
3018 4070 3258 4124 diximus
3285 4111 3300 4133 ,
3359 4072 3524 4125 vitam

1947 4163 2203 4225 ﬁuiisset,
2230 4170 2304 4226 et,
2334 4160 2648 4215 Domitiano
2669 4175 2909 4227 mortuo,
2939 4161 3114 4215 Nerva
3145 4163 3196 4214 in
3236 4162 3524 4231 imperium

1947 4254 2326 4314 successisset,
2355 4253 2578 4307 divinus
2607 4251 2848 4307 Joannes
2881 4253 2950 4306 ab
2978 4253 3171 4307 exsilio
3209 4253 3346 4308 liber
3378 4256 3526 4309 venit

1947 4345 2248 4415 Ephesum,
2281 4346 2425 4400 unde
2452 4346 2608 4416 prius
2639 4361 2667 4397 a
2697 4345 3009 4399 Domitiano
3039 4347 3308 4415 relegatus
3348 4345 3527 4401 fuerat

1949 4436 2172 4504 (etenim
2205 4436 2276 4489 ibi
2309 4435 2598 4498 habitavit,
2625 4436 2970 4505 naufragium
2990 4435 3104 4504 jam
3133 4437 3197 4490 ad
3221 4437 3372 4491 littus
3403 4454 3527 4504 pas-

1948 4543 2064 4591 sus,
2099 4537 2152 4581 et
2180 4543 2211 4580 e
2241 4528 2379 4581 mari
2423 4528 2600 4581 adhuc
2651 4527 2869 4596 spirans
2923 4527 3151 4596 ejectus,
3200 4529 3325 4581 dum
3381 4527 3524 4582 Nero

245 4624 445 4691 άγεται
505 4622 642 4691 πρὸς
689 4624 791 4693 τὴν
847 4625 1101 4692 Ἔφεσον,
1153 4618 1222 4694 ἧς
1272 4625 1368 4677 καὶ
1419 4623 1686 4695 πρότερον
1739 4623 1843 4675 ὑπὸ

1953 4619 2195 4673 crudelis
2228 4619 2280 4672 in
2315 4618 2662 4672 Christianos
2700 4618 2956 4688 saeviret).
3008 4618 3126 4684 Quo
3175 4629 3415 4687 tempore
3446 4628 3527 4673 to-

245 4713 586 4786 Δομετιανοῦ
623 4716 1019 4783 πεφυγάδευτο.
1053 4716 1162 4768 Καὶ
1185 4715 1294 4785 γὰρ
1323 4717 1381 4768 ὲν
1409 4713 1580 4786 ταύτῃ
1605 4715 1841 4783 διέτριϐε

248 4811 582 4879 ναυαγήσας
611 4807 711 4877 μὲν
739 4811 871 4879 περὶ
894 4808 986 4861 τὸν
1020 4808 1289 4876 αἰγιαλὸν,
1316 4807 1641 4878 ἐκϐρασθεὶς
1668 4807 1723 4860 δὲ
1742 4807 1843 4876 τῆς

254 4898 535 4971 θαλάσσης
574 4902 830 4971 ἐμπνέων
863 4900 964 4966 ἔτι,
996 4900 1159 4972 ἡνίκα
1189 4900 1382 4972 Νέρων
1411 4903 1438 4953 6
1469 4898 1723 4970 ἐμμανὴς
1749 4899 1843 4951 τὸν

255 4995 396 5047 κατὰ
422 4993 536 5046 τῶν
565 4991 911 5064 Χριστιανῶν
948 4992 1101 5045 ἔπνει
1130 4993 1369 5062 διωγμόν
1393 5008 1408 5024 ·
1438 4993 1526 5045 ὅτε
1560 4993 1575 5023 ⁸
1594 4991 1686 5043 καὶ
1714 4990 1844 5053 τοὺς

255 5085 474 5154 τόμους,
498 5087 549 5139 οἰ*
581 5086 891 5155 ἀνέγραφον
916 5084 1194 5154 διαφόροις
1210 5083 1486 5151 γλώσσαις
1509 5082 1577 5135 τὰ
1599 5083 1840 5152 σωτήρια

257 5177 348 5229 τοῦ
377 5178 658 5231 Δεσπότου
691 5175 837 5246 πάθη
863 5194 922 5230 τε
953 5178 1046 5228 καὶ
1079 5174 1204 5246 [765
1235 5173 1327 5245 [1.]
1363 5173 1616 5242 θαύματα
1647 5175 1742 5226 καὶ
1770 5173 1842 5225 δι-

258 5267 530 5339 δάγματα,
561 5270 792 5332 τούτους
825 5268 977 5340 παρά
1024 5269 1131 5320 τῶν
1163 5266 1499 5336 κομιζόντων
1550 5264 1845 5333 δεξάμενος

259 5359 463 5428 διέταξέ
499 5381 559 5416 τε
584 5363 682 5417 καὶ
705 5360 1011 5432 διήρθρωσε
1030 5362 1072 5424 ²,
1097 5359 1191 5412 καὶ
1207 5358 1287 5412 ἐνὶ
1314 5359 1526 5423 ἑκάστῳ
1547 5357 1654 5409 τῶν
1672 5354 1840 5425 τριῶν

1949 4725 2091 4776 mos,
2118 4711 2210 4779 qui
2246 4711 2410 4764 variis
2456 4711 2657 4779 linguis
2691 4710 3042 4764 continebant
3081 4710 3379 4766 salutarem
3419 4710 3528 4766 Do-

1948 4801 2082 4853 mini
2115 4800 2450 4869 passionem,
2484 4799 2772 4865 miracula,
2813 4801 3236 4870 doctrinamque
3269 4816 3299 4855 a
3342 4801 3525 4857 feren-

1947 4892 2093 4945 tibus
2128 4891 2418 4960 accipiens,
2461 4892 2517 4945 in
2547 4891 2796 4947 ordinem
2848 4893 3095 4963 digessit,
3140 4895 3523 4964 distinxitque,

1945 4992 2002 5038 et
2028 4982 2205 5037 tribus
2253 4984 2600 5052 evangelistis
2639 4995 2870 5053 quartus
2900 4986 3151 5041 accessit.
3185 4985 3428 5051 Etenim,
3466 4993 3528 5039 ut

1948 5075 2084 5140 dixi,
2118 5073 2306 5130 Nervae
2353 5077 2621 5130 sententia
2661 5077 2730 5130 ab
2763 5077 2957 5131 exsilio
2992 5086 3301 5141 revocatus,
3343 5076 3524 5145 Ephe-

1949 5169 2084 5223 sinae
2119 5169 2336 5237 praafuit
2365 5169 2505 5233 sedi,
2540 5177 2593 5222 et
2621 5185 2717 5238 per
2743 5185 2803 5224 se
2843 5184 2968 5224 cum
2994 5183 3200 5239 septem
3231 5167 3522 5237 episcopis,

1951 5259 2312 5329 Ephesiorum
2337 5261 2617 5316 dioecesim
2653 5262 2816 5326 rexit,
2849 5261 3274 5330 perduravitque
3303 5260 3525 5327 pietatis

1948 5351 2176 5405 verbum
2210 5352 2434 5410 docens.
2469 5367 2642 5422 usque
2697 5351 2765 5407 ad
2803 5353 3089 5423 imperium
3125 5349 3366 5418 Traiani.
3399 5346 3525 5403 [hec

1545 5490 1783 5546 vanus
1841 5485 2250 5559 LECTIONES.

334 5613 380 5647 "
409 5615 615 5685 ἤνυσεν
655 5609 724 5662 Α.
804 5609 850 5641 ³³
883 5609 1124 5676 Αἰγαίων
1308 5607 1354 5638 ³⁸

252 5681 476 5740 διαπλού
485 5701 656 5754 μενον
687 5698 725 5743 ς
744 5717 758 5732 ο

1387 5605 1666 5676 μεθεῖλκον
1691 5607 1754 5676 Α.

1857 5602 1902 5635 υτ
1933 5600 2070 5671 ἡλίῳ
2099 5601 2139 5655 Α
2173 5619 2184 5655 :
2215 5601 2364 5674 ἥλιον
2399 5621 2459 5668 ς.
2538 5605 2583 5637 ³⁸
2611 5603 2964 5658 ὑπελέλειπτο
2994 5617 3052 5664 ς.
3132 5599 3177 5633 ’³
3206 5599 3524 5672 περιηχείτο

877 5674 1003 5733 ¹ὅτε
1027 5682 1069 5734 Λ
1095 5698 1106 5732 :
1145 5678 1286 5732 ὥστε
1317 5674 1399 5741 ς(
1459 5680 1478 5709 ³
1507 5674 1910 5745 συνδιήρθρωσε
1941 5689 2002 5734 ς.
