  <div class='ocr_page' id='page_1' title='image "/cluster/home/n/w/nwhite01/storage/ocr_20150623/104 pt.4/mdp.39015061931229/061.png"; bbox 0 0 3966 6240; ppageno 0'>
   <div class='ocr_carea' id='block_1_1' title="bbox 437 237 540 304">
    <p class='ocr_par' dir='ltr' id='par_1_1' title="bbox 437 237 540 304">
     <span class='ocr_line' id='line_1_1' title="bbox 437 237 540 304; baseline -0.019 0"><span class='ocrx_word' id='word_1_1' title='bbox 437 237 540 304; x_wconf 81' lang='grc'>103</span> 
     </span>
    </p>
   </div>
   <div class='ocr_carea' id='block_1_2' title="bbox 1585 220 2532 289">
    <p class='ocr_par' dir='ltr' id='par_1_2' title="bbox 1585 220 2532 289">
     <span class='ocr_line' id='line_1_2' title="bbox 1585 220 2532 289; baseline -0.006 -1"><span class='ocrx_word' id='word_1_2' title='bbox 1585 225 1848 289; x_wconf 89' lang='grc' dir='ltr'>ΡΗΟΤῙΙ</span> <span class='ocrx_word' id='word_1_3' title='bbox 1885 220 2389 286; x_wconf 66' lang='lat' dir='ltr'>PATRIARCHE</span> <span class='ocrx_word' id='word_1_4' title='bbox 2425 222 2532 283; x_wconf 89' lang='lat' dir='ltr'>CP.</span> 
     </span>
    </p>
   </div>
   <div class='ocr_carea' id='block_1_3' title="bbox 3595 217 3693 283">
    <p class='ocr_par' dir='ltr' id='par_1_3' title="bbox 3595 217 3693 283">
     <span class='ocr_line' id='line_1_3' title="bbox 3595 217 3693 283; baseline -0.031 0"><span class='ocrx_word' id='word_1_5' title='bbox 3595 217 3693 283; x_wconf 75' lang='grc'>104</span> 
     </span>
    </p>
   </div>
   <div class='ocr_carea' id='block_1_4' title="bbox 435 331 2017 419">
    <p class='ocr_par' dir='ltr' id='par_1_4' title="bbox 435 335 2013 419">
     <span class='ocr_line' id='line_1_4' title="bbox 435 335 2013 419; baseline -0.01 -13"><span class='ocrx_word' id='word_1_6' title='bbox 435 353 650 419; x_wconf 87' lang='lat' dir='ltr'><strong>aliaque</strong></span> <span class='ocrx_word' id='word_1_7' title='bbox 681 345 927 403; x_wconf 86' lang='lat' dir='ltr'><strong>continet</strong></span> <span class='ocrx_word' id='word_1_8' title='bbox 978 340 1303 415; x_wconf 71' lang='lat' dir='ltr'>martyrium</span> <span class='ocrx_word' id='word_1_9' title='bbox 1341 338 1516 394; x_wconf 78' lang='lat' dir='ltr'>sancti</span> <span class='ocrx_word' id='word_1_10' title='bbox 1548 335 1868 402; x_wconf 90' lang='lat' dir='ltr'><strong>Timothei,</strong></span> <span class='ocrx_word' id='word_1_11' title='bbox 1913 337 2013 391; x_wconf 88' lang='lat' dir='ltr'><strong>hu-</strong></span> 
     </span>
    </p>
   </div>
   <div class='ocr_carea' id='block_1_5' title="bbox 2127 331 3698 419">
    <p class='ocr_par' dir='ltr' id='par_1_5' title="bbox 2127 331 3698 407">
     <span class='ocr_line' id='line_1_5' title="bbox 2127 331 3698 407; baseline 0 -21"><span class='ocrx_word' id='word_1_12' title='bbox 2127 334 2517 403; x_wconf 75' lang='grc' dir='ltr'>εὑαγγελιστῶν</span> <span class='ocrx_word' id='word_1_13' title='bbox 2541 331 2602 386; x_wconf 81' lang='grc' dir='ltr'>τὸ</span> <span class='ocrx_word' id='word_1_14' title='bbox 2623 331 2794 402; x_wconf 77' lang='grc' dir='ltr'>ὄνομα</span> <span class='ocrx_word' id='word_1_15' title='bbox 2837 331 3196 402; x_wconf 80' lang='grc' dir='ltr'>ὲνηρμόσατο.</span> <span class='ocrx_word' id='word_1_16' title='bbox 3217 331 3382 387; x_wconf 75' lang='grc' dir='ltr'>Ἀλλά</span> <span class='ocrx_word' id='word_1_17' title='bbox 3405 331 3534 404; x_wconf 84' lang='grc' dir='ltr'>γὰρ,</span> <span class='ocrx_word' id='word_1_18' title='bbox 3562 333 3698 407; x_wconf 79' lang='grc' dir='ltr'>ὅπερ</span> 
     </span>
    </p>
   </div>
   <div class='ocr_carea' id='block_1_6' title="bbox 434 436 1150 513">
    <p class='ocr_par' dir='ltr' id='par_1_6' title="bbox 434 436 1150 513">
     <span class='ocr_line' id='line_1_6' title="bbox 434 436 1150 513; baseline -0.015 -15"><span class='ocrx_word' id='word_1_19' title='bbox 434 443 549 498; x_wconf 89' lang='lat' dir='ltr'><strong>mili</strong></span> <span class='ocrx_word' id='word_1_20' title='bbox 582 443 722 513; x_wconf 76' lang='lat' dir='ltr'><strong>Stylo</strong></span> <span class='ocrx_word' id='word_1_21' title='bbox 754 436 1150 505; x_wconf 89' lang='lat' dir='ltr'><strong>conscriptum.</strong></span> 
     </span>
    </p>
   </div>
   <div class='ocr_carea' id='block_1_7' title="bbox 2120 421 3699 494">
    <p class='ocr_par' dir='ltr' id='par_1_7' title="bbox 2120 421 3699 494">
     <span class='ocr_line' id='line_1_7' title="bbox 2120 421 3699 494; baseline 0 -18"><span class='ocrx_word' id='word_1_22' title='bbox 2120 421 2294 490; x_wconf 82' lang='grc' dir='ltr'>εἷπον,</span> <span class='ocrx_word' id='word_1_23' title='bbox 2333 423 2647 494; x_wconf 72' lang='grc' dir='ltr'>ψηφίσματι</span> <span class='ocrx_word' id='word_1_24' title='bbox 2680 421 2870 493; x_wconf 82' lang='grc' dir='ltr'>Νέρϐα</span> <span class='ocrx_word' id='word_1_25' title='bbox 2896 423 2996 490; x_wconf 83' lang='grc' dir='ltr'>τῆς</span> <span class='ocrx_word' id='word_1_26' title='bbox 3028 422 3324 494; x_wconf 83' lang='grc' dir='ltr'>ὑπερορίας</span> <span class='ocrx_word' id='word_1_27' title='bbox 3373 423 3699 494; x_wconf 78' lang='grc' dir='ltr'>ἀνακληθεὶς</span> 
     </span>
    </p>
   </div>
   <div class='ocr_carea' id='block_1_8' title="bbox 431 515 3701 606">
    <p class='ocr_par' dir='ltr' id='par_1_8' title="bbox 431 515 3701 606">
     <span class='ocr_line' id='line_1_8' title="bbox 431 515 3701 606; baseline -0.006 -17"><span class='ocrx_word' id='word_1_28' title='bbox 431 540 500 606; x_wconf 84' lang='grc' dir='ltr'>τῇ</span> <span class='ocrx_word' id='word_1_29' title='bbox 529 535 792 604; x_wconf 83' lang='grc' dir='ltr'>Ἐφεσίων</span> <span class='ocrx_word' id='word_1_30' title='bbox 831 530 1031 600; x_wconf 88' lang='grc' dir='ltr'>ὲπέστη</span> <span class='ocrx_word' id='word_1_31' title='bbox 1061 530 1081 560; x_wconf 92' lang='grc'>³</span> <span class='ocrx_word' id='word_1_32' title='bbox 1116 526 1471 600; x_wconf 83' lang='grc' dir='ltr'>μητροπόλει,</span> <span class='ocrx_word' id='word_1_33' title='bbox 1501 523 1599 578; x_wconf 70' lang='grc' dir='ltr'>καὶ</span> <span class='ocrx_word' id='word_1_34' title='bbox 1632 521 1796 586; x_wconf 73' lang='grc' dir='ltr'>αὑτὸς</span> <span class='ocrx_word' id='word_1_35' title='bbox 1825 522 1892 574; x_wconf 85' lang='grc' dir='ltr'>δι’</span> <span class='ocrx_word' id='word_1_36' title='bbox 1959 519 2174 583; x_wconf 80' lang='grc' dir='ltr'>ἑαυτοῦ,</span> <span class='ocrx_word' id='word_1_37' title='bbox 2242 517 2382 570; x_wconf 80' lang='grc' dir='ltr'>ἑπτὰ</span> <span class='ocrx_word' id='word_1_38' title='bbox 2438 515 2833 586; x_wconf 70' lang='grc' dir='ltr'>συμπαρόντων</span> <span class='ocrx_word' id='word_1_39' title='bbox 2887 517 3224 581; x_wconf 84' lang='grc' dir='ltr'>ἐπισκόπων,</span> <span class='ocrx_word' id='word_1_40' title='bbox 3273 516 3373 586; x_wconf 86' lang='grc' dir='ltr'>τῆς</span> <span class='ocrx_word' id='word_1_41' title='bbox 3435 517 3701 587; x_wconf 80' lang='grc' dir='ltr'>Ἐφεσίων</span> 
     </span>
    </p>
   </div>
   <div class='ocr_carea' id='block_1_9' title="bbox 439 607 3698 696">
    <p class='ocr_par' dir='ltr' id='par_1_9' title="bbox 439 607 3698 696">
     <span class='ocr_line' id='line_1_9' title="bbox 439 607 3698 696; baseline -0.006 -14"><span class='ocrx_word' id='word_1_42' title='bbox 439 626 902 696; x_wconf 84' lang='grc' dir='ltr'>ἀντιλαμϐάνεται</span> <span class='ocrx_word' id='word_1_43' title='bbox 936 621 1346 693; x_wconf 74' lang='grc' dir='ltr'>μητροπόλεως,</span> <span class='ocrx_word' id='word_1_44' title='bbox 1381 618 1477 672; x_wconf 64' lang='grc' dir='ltr'>καὶ¹</span> <span class='ocrx_word' id='word_1_45' title='bbox 1512 616 1768 686; x_wconf 85' lang='grc' dir='ltr'>διήρκεσε</span> <span class='ocrx_word' id='word_1_46' title='bbox 1802 614 1889 691; x_wconf 74' lang='grc' dir='ltr'>τὸν</span> <span class='ocrx_word' id='word_1_47' title='bbox 1919 614 2021 682; x_wconf 80' lang='grc' dir='ltr'>τῆς</span> <span class='ocrx_word' id='word_1_48' title='bbox 2060 610 2344 673; x_wconf 82' lang='grc' dir='ltr'>εὐσεϐείας</span> <span class='ocrx_word' id='word_1_49' title='bbox 2372 609 2663 680; x_wconf 81' lang='grc' dir='ltr'>κηρύσσων</span> <span class='ocrx_word' id='word_1_50' title='bbox 2691 608 2849 676; x_wconf 87' lang='grc' dir='ltr'>λόγον</span> <span class='ocrx_word' id='word_1_51' title='bbox 2872 607 3000 678; x_wconf 76' lang='grc' dir='ltr'>ἄχρι</span> <span class='ocrx_word' id='word_1_52' title='bbox 3022 609 3121 679; x_wconf 80' lang='grc' dir='ltr'>τῆς</span> <span class='ocrx_word' id='word_1_53' title='bbox 3177 609 3454 678; x_wconf 77' lang='grc' dir='ltr'>βασιλείας</span> <span class='ocrx_word' id='word_1_54' title='bbox 3493 610 3698 680; x_wconf 81' lang='grc' dir='ltr'>Τραῖαο</span> 
     </span>
    </p>
   </div>
   <div class='ocr_carea' id='block_1_10' title="bbox 432 700 3448 787">
    <p class='ocr_par' dir='ltr' id='par_1_10' title="bbox 432 700 3448 787">
     <span class='ocr_line' id='line_1_10' title="bbox 432 700 3448 787; baseline -0.006 -12"><span class='ocrx_word' id='word_1_55' title='bbox 432 721 548 776; x_wconf 78' lang='grc' dir='ltr'>νοῦ.</span> <span class='ocrx_word' id='word_1_56' title='bbox 580 720 764 772; x_wconf 84' lang='grc' dir='ltr'>Ταῦτα</span> <span class='ocrx_word' id='word_1_57' title='bbox 817 717 882 787; x_wconf 86' lang='grc' dir='ltr'>δὴ</span> <span class='ocrx_word' id='word_1_58' title='bbox 913 718 1006 770; x_wconf 75' lang='grc' dir='ltr'>καὶ</span> <span class='ocrx_word' id='word_1_59' title='bbox 1051 713 1258 767; x_wconf 79' lang='grc' dir='ltr'>τοιαῦθ’</span> <span class='ocrx_word' id='word_1_60' title='bbox 1291 713 1455 782; x_wconf 74' lang='grc' dir='ltr'>ἕτερα</span> <span class='ocrx_word' id='word_1_61' title='bbox 1500 711 1770 778; x_wconf 86' lang='grc' dir='ltr'>διηγεῖται</span> <span class='ocrx_word' id='word_1_62' title='bbox 1800 706 1862 760; x_wconf 81' lang='grc' dir='ltr'>τὸ</span> <span class='ocrx_word' id='word_1_63' title='bbox 1897 705 2197 775; x_wconf 85' lang='grc' dir='ltr'>μαρτύριον</span> <span class='ocrx_word' id='word_1_64' title='bbox 2229 703 2577 772; x_wconf 69' lang='grc' dir='ltr'>ἁπλουστέρα</span> <span class='ocrx_word' id='word_1_65' title='bbox 2607 701 2806 772; x_wconf 85' lang='grc' dir='ltr'>φράσει</span> <span class='ocrx_word' id='word_1_66' title='bbox 2835 700 2927 752; x_wconf 79' lang='grc' dir='ltr'>τοῦ</span> <span class='ocrx_word' id='word_1_67' title='bbox 2958 701 3112 768; x_wconf 86' lang='grc' dir='ltr'>ἁγίου</span> <span class='ocrx_word' id='word_1_68' title='bbox 3159 701 3448 770; x_wconf 82' lang='grc' dir='ltr'>Τιμοθέου.</span> 
     </span>
    </p>
   </div>
   <div class='ocr_carea' id='block_1_11' title="bbox 509 802 2004 880">
    <p class='ocr_par' dir='ltr' id='par_1_11' title="bbox 509 802 2004 880">
     <span class='ocr_line' id='line_1_11' title="bbox 509 802 2004 880; baseline -0.01 -12"><span class='ocrx_word' id='word_1_69' title='bbox 509 814 831 868; x_wconf 92' lang='lat' dir='ltr'><strong>Timotheus</strong></span> <span class='ocrx_word' id='word_1_70' title='bbox 857 811 1137 880; x_wconf 76' lang='lat' dir='ltr'>apostolus</span> <span class='ocrx_word' id='word_1_71' title='bbox 1175 825 1205 861; x_wconf 87' lang='lat' dir='ltr'>a</span> <span class='ocrx_word' id='word_1_72' title='bbox 1235 823 1432 876; x_wconf 82' lang='lat' dir='ltr'><strong>magno</strong></span> <span class='ocrx_word' id='word_1_73' title='bbox 1461 806 1555 858; x_wconf 93' lang='lat' dir='ltr'><strong>illo</strong></span> <span class='ocrx_word' id='word_1_74' title='bbox 1597 804 1764 856; x_wconf 87' lang='lat' dir='ltr'><strong>Paulo</strong></span> <span class='ocrx_word' id='word_1_75' title='bbox 1798 802 2004 870; x_wconf 87' lang='lat' dir='ltr'><strong>prima-</strong></span> 
     </span>
    </p>
   </div>
   <div class='ocr_carea' id='block_1_12' title="bbox 433 894 2006 974">
    <p class='ocr_par' dir='ltr' id='par_1_12' title="bbox 433 894 2006 974">
     <span class='ocr_line' id='line_1_12' title="bbox 433 894 2006 974; baseline -0.011 -12"><span class='ocrx_word' id='word_1_76' title='bbox 433 910 530 962; x_wconf 69' lang='lat' dir='ltr'><strong>ria:</strong></span> <span class='ocrx_word' id='word_1_77' title='bbox 560 906 707 962; x_wconf 92' lang='lat' dir='ltr'><strong>sedis</strong></span> <span class='ocrx_word' id='word_1_78' title='bbox 725 905 1082 974; x_wconf 84' lang='lat' dir='ltr'>Ephesiorum</span> <span class='ocrx_word' id='word_1_79' title='bbox 1111 902 1401 969; x_wconf 91' lang='lat' dir='ltr'><strong>episcopus</strong></span> <span class='ocrx_word' id='word_1_80' title='bbox 1430 898 1741 950; x_wconf 69' lang='lat' dir='ltr'><strong>declaratur</strong></span> <span class='ocrx_word' id='word_1_81' title='bbox 1769 904 1822 949; x_wconf 92' lang='lat' dir='ltr'>et</span> <span class='ocrx_word' id='word_1_82' title='bbox 1846 894 2006 947; x_wconf 81' lang='lat' dir='ltr'><strong>inau-</strong></span> 
     </span>
    </p>
   </div>
   <div class='ocr_carea' id='block_1_13' title="bbox 435 990 2009 1072">
    <p class='ocr_par' dir='ltr' id='par_1_13' title="bbox 435 990 2009 1072">
     <span class='ocr_line' id='line_1_13' title="bbox 435 990 2009 1072; baseline -0.008 -18"><span class='ocrx_word' id='word_1_83' title='bbox 435 1012 680 1072; x_wconf 78' lang='lat' dir='ltr'><strong>guratur.</strong></span> <span class='ocrx_word' id='word_1_84' title='bbox 735 997 833 1053; x_wconf 83' lang='lat' dir='ltr'>Est</span> <span class='ocrx_word' id='word_1_85' title='bbox 878 995 1022 1066; x_wconf 90' lang='lat' dir='ltr'><strong>apud</strong></span> <span class='ocrx_word' id='word_1_86' title='bbox 1061 995 1324 1064; x_wconf 83' lang='lat' dir='ltr'><strong>Ephesios</strong></span> <span class='ocrx_word' id='word_1_87' title='bbox 1355 990 1725 1046; x_wconf 87' lang='lat' dir='ltr'><strong>abominabile</strong></span> <span class='ocrx_word' id='word_1_88' title='bbox 1756 1001 1812 1044; x_wconf 90' lang='lat' dir='ltr'>et</span> <span class='ocrx_word' id='word_1_89' title='bbox 1849 1004 2009 1043; x_wconf 82' lang='lat' dir='ltr'><strong>exse-</strong></span> 
     </span>
    </p>
   </div>
   <div class='ocr_carea' id='block_1_14' title="bbox 432 1087 2012 1157">
    <p class='ocr_par' dir='ltr' id='par_1_14' title="bbox 432 1087 2012 1157">
     <span class='ocr_line' id='line_1_14' title="bbox 432 1087 2012 1157; baseline -0.011 -7"><span class='ocrx_word' id='word_1_90' title='bbox 432 1096 697 1150; x_wconf 83' lang='lat' dir='ltr'><strong>crandum</strong></span> <span class='ocrx_word' id='word_1_91' title='bbox 737 1091 954 1154; x_wconf 88' lang='lat' dir='ltr'><strong>festum,</strong></span> <span class='ocrx_word' id='word_1_92' title='bbox 991 1088 1132 1157; x_wconf 90' lang='lat' dir='ltr'><strong>quod</strong></span> <span class='ocrx_word' id='word_1_93' title='bbox 1168 1087 1520 1156; x_wconf 79' lang='lat' dir='ltr'><strong>Catagogium</strong></span> <span class='ocrx_word' id='word_1_94' title='bbox 1549 1089 1899 1151; x_wconf 86' lang='lat' dir='ltr'><strong>nuncupant,</strong></span> <span class='ocrx_word' id='word_1_95' title='bbox 1957 1087 2012 1133; x_wconf 87' lang='lat' dir='ltr'>et</span> 
     </span>
    </p>
   </div>
   <div class='ocr_carea' id='block_1_15' title="bbox 435 1174 2008 1242">
    <p class='ocr_par' dir='ltr' id='par_1_15' title="bbox 435 1174 2008 1242">
     <span class='ocr_line' id='line_1_15' title="bbox 435 1174 2008 1242; baseline -0.011 0"><span class='ocrx_word' id='word_1_96' title='bbox 435 1188 538 1242; x_wconf 92' lang='lat' dir='ltr'>hoc</span> <span class='ocrx_word' id='word_1_97' title='bbox 568 1185 878 1239; x_wconf 75' lang='lat' dir='ltr'>celebratur</span> <span class='ocrx_word' id='word_1_98' title='bbox 911 1180 1072 1236; x_wconf 89' lang='lat' dir='ltr'><strong>modo</strong></span> <span class='ocrx_word' id='word_1_99' title='bbox 1100 1199 1112 1234; x_wconf 89' lang='lat'>:</span> <span class='ocrx_word' id='word_1_100' title='bbox 1137 1179 1416 1233; x_wconf 87' lang='lat' dir='ltr'><strong>lndecoris</strong></span> <span class='ocrx_word' id='word_1_101' title='bbox 1461 1192 1519 1231; x_wconf 89' lang='lat' dir='ltr'>se</span> <span class='ocrx_word' id='word_1_102' title='bbox 1556 1176 1720 1230; x_wconf 88' lang='lat' dir='ltr'><strong>larvis</strong></span> <span class='ocrx_word' id='word_1_103' title='bbox 1755 1174 2008 1233; x_wconf 89' lang='lat' dir='ltr'><strong>induunt,</strong></span> 
     </span>
    </p>
   </div>
   <div class='ocr_carea' id='block_1_16' title="bbox 433 1262 2013 1344">
    <p class='ocr_par' dir='ltr' id='par_1_16' title="bbox 433 1262 2013 1344">
     <span class='ocr_line' id='line_1_16' title="bbox 433 1262 2013 1344; baseline -0.011 -13"><span class='ocrx_word' id='word_1_104' title='bbox 433 1293 499 1333; x_wconf 91' lang='lat' dir='ltr'>ac</span> <span class='ocrx_word' id='word_1_105' title='bbox 539 1291 605 1330; x_wconf 86' lang='lat' dir='ltr'>ne</span> <span class='ocrx_word' id='word_1_106' title='bbox 636 1283 1027 1344; x_wconf 88' lang='lat' dir='ltr'><strong>agnoscantur,</strong></span> <span class='ocrx_word' id='word_1_107' title='bbox 1066 1269 1318 1340; x_wconf 74' lang='lat' dir='ltr'><strong>personis</strong></span> <span class='ocrx_word' id='word_1_108' title='bbox 1366 1266 1534 1321; x_wconf 89' lang='lat' dir='ltr'><strong>facies</strong></span> <span class='ocrx_word' id='word_1_109' title='bbox 1564 1265 1847 1334; x_wconf 72' lang='lat' dir='ltr'><strong>obtvgunt,</strong></span> <span class='ocrx_word' id='word_1_110' title='bbox 1875 1262 2013 1315; x_wconf 87' lang='lat' dir='ltr'><strong>mul-</strong></span> 
     </span>
    </p>
   </div>
   <div class='ocr_carea' id='block_1_17' title="bbox 435 1355 2010 1439">
    <p class='ocr_par' dir='ltr' id='par_1_17' title="bbox 435 1355 2010 1439">
     <span class='ocr_line' id='line_1_17' title="bbox 435 1355 2010 1439; baseline -0.011 -15"><span class='ocrx_word' id='word_1_111' title='bbox 435 1380 599 1439; x_wconf 82' lang='lat' dir='ltr'><strong>taque</strong></span> <span class='ocrx_word' id='word_1_112' title='bbox 633 1367 777 1422; x_wconf 88' lang='lat' dir='ltr'><strong>idola</strong></span> <span class='ocrx_word' id='word_1_113' title='bbox 828 1363 1310 1425; x_wconf 79' lang='lat' dir='ltr'>circumferentes,</span> <span class='ocrx_word' id='word_1_114' title='bbox 1369 1367 1424 1414; x_wconf 90' lang='lat' dir='ltr'>et</span> <span class='ocrx_word' id='word_1_115' title='bbox 1475 1357 1722 1427; x_wconf 67' lang='lat' dir='ltr'><strong>quazdam</strong></span> <span class='ocrx_word' id='word_1_116' title='bbox 1766 1355 2010 1409; x_wconf 83' lang='lat' dir='ltr'><strong>carmina</strong></span> 
     </span>
    </p>
   </div>
   <div class='ocr_carea' id='block_1_18' title="bbox 434 1448 2008 1522">
    <p class='ocr_par' dir='ltr' id='par_1_18' title="bbox 434 1448 2008 1522">
     <span class='ocr_line' id='line_1_18' title="bbox 434 1448 2008 1522; baseline -0.01 -6"><span class='ocrx_word' id='word_1_117' title='bbox 434 1471 743 1522; x_wconf 83' lang='lat' dir='ltr'><strong>cantantes,</strong></span> <span class='ocrx_word' id='word_1_118' title='bbox 781 1456 1048 1512; x_wconf 88' lang='lat' dir='ltr'><strong>invadunt</strong></span> <span class='ocrx_word' id='word_1_119' title='bbox 1069 1456 1217 1508; x_wconf 88' lang='lat' dir='ltr'><strong>viros</strong></span> <span class='ocrx_word' id='word_1_120' title='bbox 1238 1461 1290 1507; x_wconf 89' lang='lat' dir='ltr'>et</span> <span class='ocrx_word' id='word_1_121' title='bbox 1311 1452 1570 1506; x_wconf 87' lang='lat' dir='ltr'><strong>honestas</strong></span> <span class='ocrx_word' id='word_1_122' title='bbox 1601 1448 1831 1502; x_wconf 83' lang='lat' dir='ltr'><strong>feminas</strong></span> <span class='ocrx_word' id='word_1_123' title='bbox 1859 1461 2008 1500; x_wconf 88' lang='lat' dir='ltr'><strong>more</strong></span> 
     </span>
    </p>
   </div>
   <div class='ocr_carea' id='block_1_19' title="bbox 435 1543 2006 1620">
    <p class='ocr_par' dir='ltr' id='par_1_19' title="bbox 435 1543 2006 1620">
     <span class='ocr_line' id='line_1_19' title="bbox 435 1543 2006 1620; baseline -0.011 -8"><span class='ocrx_word' id='word_1_124' title='bbox 435 1559 736 1619; x_wconf 90' lang='lat' dir='ltr'><strong>latronum,</strong></span> <span class='ocrx_word' id='word_1_125' title='bbox 770 1554 1107 1620; x_wconf 84' lang='lat' dir='ltr'><strong>multamque</strong></span> <span class='ocrx_word' id='word_1_126' title='bbox 1132 1548 1486 1603; x_wconf 90' lang='lat' dir='ltr'><strong>committunt</strong></span> <span class='ocrx_word' id='word_1_127' title='bbox 1510 1544 1710 1600; x_wconf 69' lang='lat' dir='ltr'><strong>caedem</strong></span> <span class='ocrx_word' id='word_1_128' title='bbox 1744 1544 1796 1596; x_wconf 93' lang='lat' dir='ltr'>in</span> <span class='ocrx_word' id='word_1_129' title='bbox 1828 1543 2006 1612; x_wconf 85' lang='lat' dir='ltr'><strong>publi-</strong></span> 
     </span>
    </p>
   </div>
   <div class='ocr_carea' id='block_1_20' title="bbox 2188 794 3695 865">
    <p class='ocr_par' dir='ltr' id='par_1_20' title="bbox 2188 794 3695 865">
     <span class='ocr_line' id='line_1_20' title="bbox 2188 794 3695 865; baseline -0.001 -16"><span class='ocrx_word' id='word_1_130' title='bbox 2188 798 2312 850; x_wconf 86' lang='grc' dir='ltr'>Ὅτι</span> <span class='ocrx_word' id='word_1_131' title='bbox 2339 799 2367 849; x_wconf 89' lang='grc' dir='ltr'>ό</span> <span class='ocrx_word' id='word_1_132' title='bbox 2388 796 2684 858; x_wconf 80' lang='grc' dir='ltr'>ἀπόστολος</span> <span class='ocrx_word' id='word_1_133' title='bbox 2711 794 2976 865; x_wconf 86' lang='grc' dir='ltr'>Τιμόθεος</span> <span class='ocrx_word' id='word_1_134' title='bbox 3005 795 3110 846; x_wconf 76' lang='grc' dir='ltr'>ὑπὸ</span> <span class='ocrx_word' id='word_1_135' title='bbox 3150 795 3242 847; x_wconf 82' lang='grc' dir='ltr'>τοῦ</span> <span class='ocrx_word' id='word_1_136' title='bbox 3279 794 3517 864; x_wconf 79' lang='grc' dir='ltr'>μεγάλου</span> <span class='ocrx_word' id='word_1_137' title='bbox 3546 794 3695 850; x_wconf 86' lang='grc' dir='ltr'>Παύ-</span> 
     </span>
    </p>
   </div>
   <div class='ocr_carea' id='block_1_21' title="bbox 2114 884 3705 956">
    <p class='ocr_par' dir='ltr' id='par_1_21' title="bbox 2114 884 3705 956">
     <span class='ocr_line' id='line_1_21' title="bbox 2114 884 3705 956; baseline 0 -18"><span class='ocrx_word' id='word_1_138' title='bbox 2114 887 2208 941; x_wconf 85' lang='grc' dir='ltr'>λου</span> <span class='ocrx_word' id='word_1_139' title='bbox 2260 889 2354 940; x_wconf 70' lang='grc' dir='ltr'>καὶ</span> <span class='ocrx_word' id='word_1_140' title='bbox 2420 889 2802 956; x_wconf 88' lang='grc' dir='ltr'>χειροτονεῖται</span> <span class='ocrx_word' id='word_1_141' title='bbox 2854 885 2950 956; x_wconf 87' lang='grc' dir='ltr'>τῆς</span> <span class='ocrx_word' id='word_1_142' title='bbox 2999 884 3264 952; x_wconf 77' lang='grc' dir='ltr'>Ἐφεσίων</span> <span class='ocrx_word' id='word_1_143' title='bbox 3314 885 3705 956; x_wconf 81' lang='grc' dir='ltr'>μητροπόλεως</span> 
     </span>
    </p>
   </div>
   <div class='ocr_carea' id='block_1_22' title="bbox 2118 977 3704 1049">
    <p class='ocr_par' dir='ltr' id='par_1_22' title="bbox 2118 977 3704 1049">
     <span class='ocr_line' id='line_1_22' title="bbox 2118 977 3704 1049; baseline -0.001 -18"><span class='ocrx_word' id='word_1_144' title='bbox 2118 982 2413 1041; x_wconf 73' lang='grc' dir='ltr'>ἐπίσκοπος</span> <span class='ocrx_word' id='word_1_145' title='bbox 2445 980 2538 1033; x_wconf 75' lang='grc' dir='ltr'>καὶ</span> <span class='ocrx_word' id='word_1_146' title='bbox 2567 978 2956 1049; x_wconf 81' lang='grc' dir='ltr'>ἐνθ-ρονίζεται.</span> <span class='ocrx_word' id='word_1_147' title='bbox 2994 977 3116 1029; x_wconf 85' lang='grc' dir='ltr'>’Ὁτι</span> <span class='ocrx_word' id='word_1_148' title='bbox 3147 978 3180 1047; x_wconf 89' lang='grc' dir='ltr'>ή</span> <span class='ocrx_word' id='word_1_149' title='bbox 3227 977 3381 1047; x_wconf 80' lang='grc' dir='ltr'>παρὰ</span> <span class='ocrx_word' id='word_1_150' title='bbox 3411 979 3523 1038; x_wconf 88' lang='grc' dir='ltr'>τοῖς</span> <span class='ocrx_word' id='word_1_151' title='bbox 3546 979 3704 1046; x_wconf 85' lang='grc' dir='ltr'>Ἐφε-</span> 
     </span>
    </p>
   </div>
   <div class='ocr_carea' id='block_1_23' title="bbox 2123 1068 3704 1141">
    <p class='ocr_par' dir='ltr' id='par_1_23' title="bbox 2123 1068 3704 1141">
     <span class='ocr_line' id='line_1_23' title="bbox 2123 1068 3704 1141; baseline -0.002 -16"><span class='ocrx_word' id='word_1_152' title='bbox 2123 1074 2257 1135; x_wconf 84' lang='grc' dir='ltr'>σίοις</span> <span class='ocrx_word' id='word_1_153' title='bbox 2295 1071 2662 1141; x_wconf 77' lang='grc' dir='ltr'>δαιμονιώδης</span> <span class='ocrx_word' id='word_1_154' title='bbox 2707 1071 2800 1124; x_wconf 75' lang='grc' dir='ltr'>καὶ</span> <span class='ocrx_word' id='word_1_155' title='bbox 2834 1069 3094 1140; x_wconf 83' lang='grc' dir='ltr'>βδελυκτὴ</span> <span class='ocrx_word' id='word_1_156' title='bbox 3141 1068 3324 1139; x_wconf 80' lang='grc' dir='ltr'>ἑορτὴ,</span> <span class='ocrx_word' id='word_1_157' title='bbox 3355 1071 3388 1138; x_wconf 88' lang='grc' dir='ltr'>ή</span> <span class='ocrx_word' id='word_1_158' title='bbox 3435 1069 3704 1139; x_wconf 82' lang='grc' dir='ltr'>λεγομένη</span> 
     </span>
    </p>
   </div>
   <div class='ocr_carea' id='block_1_24' title="bbox 2121 1161 3703 1232">
    <p class='ocr_par' dir='ltr' id='par_1_24' title="bbox 2121 1161 3703 1232">
     <span class='ocr_line' id='line_1_24' title="bbox 2121 1161 3703 1232; baseline -0.003 -14"><span class='ocrx_word' id='word_1_159' title='bbox 2121 1162 2502 1231; x_wconf 85' lang='grc' dir='ltr'>Καταγώγιον,</span> <span class='ocrx_word' id='word_1_160' title='bbox 2521 1163 2670 1216; x_wconf 85' lang='grc' dir='ltr'>τόνδε</span> <span class='ocrx_word' id='word_1_161' title='bbox 2699 1163 2788 1215; x_wconf 81' lang='grc' dir='ltr'>τὸν</span> <span class='ocrx_word' id='word_1_162' title='bbox 2817 1162 3015 1232; x_wconf 85' lang='grc' dir='ltr'>τρόπον</span> <span class='ocrx_word' id='word_1_163' title='bbox 3043 1161 3298 1214; x_wconf 76' lang='grc' dir='ltr'>ἐτελεῖτοο</span> <span class='ocrx_word' id='word_1_164' title='bbox 3332 1161 3703 1232; x_wconf 84' lang='grc' dir='ltr'>Προσχήματσ</span> 
     </span>
    </p>
   </div>
   <div class='ocr_carea' id='block_1_25' title="bbox 2123 1250 3708 1324">
    <p class='ocr_par' dir='ltr' id='par_1_25' title="bbox 2123 1250 3708 1324">
     <span class='ocr_line' id='line_1_25' title="bbox 2123 1250 3708 1324; baseline -0.002 -18"><span class='ocrx_word' id='word_1_165' title='bbox 2123 1255 2223 1324; x_wconf 86' lang='grc' dir='ltr'>μὲν</span> <span class='ocrx_word' id='word_1_166' title='bbox 2261 1255 2480 1318; x_wconf 80' lang='grc' dir='ltr'>ἑαυτοῖς</span> <span class='ocrx_word' id='word_1_167' title='bbox 2532 1253 2757 1324; x_wconf 83' lang='grc' dir='ltr'>ἀπρεπῆ</span> <span class='ocrx_word' id='word_1_168' title='bbox 2813 1252 3219 1324; x_wconf 76' lang='grc' dir='ltr'>περιετίθεσαν,</span> <span class='ocrx_word' id='word_1_169' title='bbox 3257 1251 3393 1322; x_wconf 88' lang='grc' dir='ltr'>πρὸς</span> <span class='ocrx_word' id='word_1_170' title='bbox 3429 1252 3486 1304; x_wconf 84' lang='grc' dir='ltr'>δὲ</span> <span class='ocrx_word' id='word_1_171' title='bbox 3535 1251 3598 1304; x_wconf 79' lang='grc' dir='ltr'>τὸ</span> <span class='ocrx_word' id='word_1_172' title='bbox 3631 1250 3708 1321; x_wconf 84' lang='grc' dir='ltr'>μὴ</span> 
     </span>
    </p>
   </div>
   <div class='ocr_carea' id='block_1_26' title="bbox 2116 1345 3710 1416">
    <p class='ocr_par' dir='ltr' id='par_1_26' title="bbox 2116 1345 3710 1416">
     <span class='ocr_line' id='line_1_26' title="bbox 2116 1345 3710 1416; baseline 0 -20"><span class='ocrx_word' id='word_1_173' title='bbox 2116 1345 2580 1412; x_wconf 83' lang='grc' dir='ltr'>ὲπιγινώσκεσθαι</span> <span class='ocrx_word' id='word_1_174' title='bbox 2653 1345 3022 1416; x_wconf 81' lang='grc' dir='ltr'>προσωπείοις</span> <span class='ocrx_word' id='word_1_175' title='bbox 3080 1345 3590 1407; x_wconf 89' lang='grc' dir='ltr'>κατακαλύπτοντες</span> <span class='ocrx_word' id='word_1_176' title='bbox 3638 1345 3710 1397; x_wconf 80' lang='grc' dir='ltr'>τὰ</span> 
     </span>
    </p>
   </div>
   <div class='ocr_carea' id='block_1_27' title="bbox 2114 1437 3710 1507">
    <p class='ocr_par' dir='ltr' id='par_1_27' title="bbox 2114 1437 3710 1507">
     <span class='ocr_line' id='line_1_27' title="bbox 2114 1437 3710 1507; baseline -0.001 -16"><span class='ocrx_word' id='word_1_177' title='bbox 2114 1439 2320 1492; x_wconf 74' lang='grc' dir='ltr'>ἑαυτῶν</span> <span class='ocrx_word' id='word_1_178' title='bbox 2337 1439 2621 1507; x_wconf 86' lang='grc' dir='ltr'>πρόσωπα,</span> <span class='ocrx_word' id='word_1_179' title='bbox 2638 1438 2844 1491; x_wconf 68' lang='grc' dir='ltr'>πολλάδ</span> <span class='ocrx_word' id='word_1_180' title='bbox 2864 1455 2923 1490; x_wconf 88' lang='grc' dir='ltr'>τε</span> <span class='ocrx_word' id='word_1_181' title='bbox 2946 1437 3071 1490; x_wconf 63' lang='grc' dir='ltr'>⁵καὶ⁵</span> <span class='ocrx_word' id='word_1_182' title='bbox 3097 1437 3290 1490; x_wconf 74' lang='grc' dir='ltr'>εἴδωλα.</span> <span class='ocrx_word' id='word_1_183' title='bbox 3321 1437 3710 1507; x_wconf 75' lang='grc' dir='ltr'>ἐπιφερόμενοι</span> 
     </span>
    </p>
   </div>
   <div class='ocr_carea' id='block_1_28' title="bbox 2111 1532 3710 1604">
    <p class='ocr_par' dir='ltr' id='par_1_28' title="bbox 2111 1532 3710 1604">
     <span class='ocr_line' id='line_1_28' title="bbox 2111 1532 3710 1604; baseline -0.003 -18"><span class='ocrx_word' id='word_1_184' title='bbox 2111 1533 2325 1587; x_wconf 90' lang='grc' dir='ltr'>καίτινα</span> <span class='ocrx_word' id='word_1_185' title='bbox 2343 1533 2555 1596; x_wconf 78' lang='grc' dir='ltr'>ᾅδοντες</span> <span class='ocrx_word' id='word_1_186' title='bbox 2574 1532 3050 1604; x_wconf 74' lang='grc' dir='ltr'>ᾄσματα.ἐπῄεσάν</span> <span class='ocrx_word' id='word_1_187' title='bbox 3062 1549 3120 1584; x_wconf 91' lang='grc' dir='ltr'>τε</span> <span class='ocrx_word' id='word_1_188' title='bbox 3138 1532 3360 1600; x_wconf 79' lang='grc' dir='ltr'>ἀνδράσι</span> <span class='ocrx_word' id='word_1_189' title='bbox 3378 1533 3468 1584; x_wconf 79' lang='grc' dir='ltr'>καὶ</span> <span class='ocrx_word' id='word_1_190' title='bbox 3483 1535 3710 1600; x_wconf 82' lang='grc' dir='ltr'>σεμναῖς</span> 
     </span>
    </p>
   </div>
   <div class='ocr_carea' id='block_1_29' title="bbox 437 1623 2017 1715">
    <p class='ocr_par' dir='ltr' id='par_1_29' title="bbox 437 1633 2017 1715">
     <span class='ocr_line' id='line_1_29' title="bbox 437 1633 2017 1715; baseline -0.012 -12"><span class='ocrx_word' id='word_1_191' title='bbox 437 1649 520 1703; x_wconf 90' lang='lat' dir='ltr'>cis</span> <span class='ocrx_word' id='word_1_192' title='bbox 555 1646 692 1701; x_wconf 87' lang='lat' dir='ltr'><strong>locis</strong></span> <span class='ocrx_word' id='word_1_193' title='bbox 735 1642 944 1715; x_wconf 54' lang='lat' dir='ltr'>569a</span> <span class='ocrx_word' id='word_1_194' title='bbox 983 1640 1245 1702; x_wconf 83' lang='lat' dir='ltr'><strong>civitatis,</strong></span> <span class='ocrx_word' id='word_1_195' title='bbox 1280 1646 1334 1691; x_wconf 90' lang='lat' dir='ltr'>et</span> <span class='ocrx_word' id='word_1_196' title='bbox 1357 1646 1607 1705; x_wconf 84' lang='lat' dir='ltr'><strong>prompte</strong></span> <span class='ocrx_word' id='word_1_197' title='bbox 1635 1633 1841 1687; x_wconf 86' lang='lat' dir='ltr'><strong>nefaria</strong></span> <span class='ocrx_word' id='word_1_198' title='bbox 1868 1647 2017 1686; x_wconf 81' lang='lat' dir='ltr'><strong>com-</strong></span> 
     </span>
    </p>
   </div>
   <div class='ocr_carea' id='block_1_30' title="bbox 2127 1623 3711 1715">
    <p class='ocr_par' dir='ltr' id='par_1_30' title="bbox 2127 1623 3711 1698">
     <span class='ocr_line' id='line_1_30' title="bbox 2127 1623 3711 1698; baseline -0.001 -21"><span class='ocrx_word' id='word_1_199' title='bbox 2127 1626 2342 1692; x_wconf 78' lang='grc' dir='ltr'>γυναιξὶ</span> <span class='ocrx_word' id='word_1_200' title='bbox 2380 1626 2522 1678; x_wconf 83' lang='grc' dir='ltr'>κατὰ</span> <span class='ocrx_word' id='word_1_201' title='bbox 2567 1625 2865 1698; x_wconf 78' lang='grc' dir='ltr'>λῃστρικὴν</span> <span class='ocrx_word' id='word_1_202' title='bbox 2895 1625 3100 1692; x_wconf 80' lang='grc' dir='ltr'>ἔφοδον,</span> <span class='ocrx_word' id='word_1_203' title='bbox 3150 1625 3243 1676; x_wconf 79' lang='grc' dir='ltr'>καὶ</span> <span class='ocrx_word' id='word_1_204' title='bbox 3278 1624 3473 1692; x_wconf 86' lang='grc' dir='ltr'>φόνους</span> <span class='ocrx_word' id='word_1_205' title='bbox 3499 1623 3711 1694; x_wconf 80' lang='grc' dir='ltr'>ἐίργά-</span> 
     </span>
    </p>
   </div>
   <div class='ocr_carea' id='block_1_31' title="bbox 434 1725 2016 1801">
    <p class='ocr_par' dir='ltr' id='par_1_31' title="bbox 434 1725 2016 1801">
     <span class='ocr_line' id='line_1_31' title="bbox 434 1725 2016 1801; baseline -0.01 -9"><span class='ocrx_word' id='word_1_206' title='bbox 434 1739 701 1801; x_wconf 90' lang='lat' dir='ltr'><strong>mittunt,</strong></span> <span class='ocrx_word' id='word_1_207' title='bbox 757 1744 811 1789; x_wconf 91' lang='lat' dir='ltr'>et</span> <span class='ocrx_word' id='word_1_208' title='bbox 867 1733 1172 1788; x_wconf 72' lang='lat' dir='ltr'><strong>sceleribus</strong></span> <span class='ocrx_word' id='word_1_209' title='bbox 1220 1729 1326 1784; x_wconf 89' lang='lat' dir='ltr'><strong>illis</strong></span> <span class='ocrx_word' id='word_1_210' title='bbox 1391 1725 1690 1796; x_wconf 84' lang='lat' dir='ltr'><strong>illegitimis</strong></span> <span class='ocrx_word' id='word_1_211' title='bbox 1715 1725 2016 1795; x_wconf 79' lang='lat' dir='ltr'><strong>gloriantur</strong></span> 
     </span>
    </p>
   </div>
   <div class='ocr_carea' id='block_1_32' title="bbox 437 1827 997 1900">
    <p class='ocr_par' dir='ltr' id='par_1_32' title="bbox 437 1827 997 1900">
     <span class='ocr_line' id='line_1_32' title="bbox 437 1827 997 1900; baseline -0.011 -14"><span class='ocrx_word' id='word_1_212' title='bbox 437 1840 697 1900; x_wconf 90' lang='lat' dir='ltr'><strong>tanquam</strong></span> <span class='ocrx_word' id='word_1_213' title='bbox 724 1827 997 1896; x_wconf 78' lang='lat' dir='ltr'><strong>legitimis.</strong></span> 
     </span>
    </p>
   </div>
   <div class='ocr_carea' id='block_1_33' title="bbox 1148 1999 1350 2056">
    <p class='ocr_par' dir='ltr' id='par_1_33' title="bbox 1148 1999 1350 2056">
     <span class='ocr_line' id='line_1_33' title="bbox 1148 1999 1350 2056; baseline -0.02 0"><span class='ocrx_word' id='word_1_214' title='bbox 1148 1999 1350 2056; x_wconf 85' lang='lat' dir='ltr'>CCLV.</span> 
     </span>
    </p>
   </div>
   <div class='ocr_carea' id='block_1_34' title="bbox 477 2087 1985 2234">
    <p class='ocr_par' dir='ltr' id='par_1_34' title="bbox 477 2087 1985 2234">
     <span class='ocr_line' id='line_1_34' title="bbox 477 2087 1985 2234; baseline -0.008 -80"><span class='ocrx_word' id='word_1_215' title='bbox 477 2099 800 2170; x_wconf 78' lang='lat' dir='ltr'><strong>Martyrium</strong></span> <span class='ocrx_word' id='word_1_216' title='bbox 842 2097 1020 2164; x_wconf 80' lang='lat' dir='ltr'><strong>magni</strong></span> <span class='ocrx_word' id='word_1_217' title='bbox 1063 2096 1336 2234; x_wconf 60' lang='lat' dir='ltr'><strong>martyris]</strong></span> <span class='ocrx_word' id='word_1_218' title='bbox 1358 2090 1607 2145; x_wconf 77' lang='lat' dir='ltr'><strong>Demetrii</strong></span> <span class='ocrx_word' id='word_1_219' title='bbox 1645 2089 1773 2161; x_wconf 77' lang='lat' dir='ltr'><strong>[sub</strong></span> <span class='ocrx_word' id='word_1_220' title='bbox 1806 2087 1985 2142; x_wconf 73' lang='lat' dir='ltr'><strong>Maxi—</strong></span> 
     </span>
     <span class='ocr_line' id='line_1_35' title="bbox 1133 2181 1358 2217; baseline -0.004 0"><span class='ocrx_word' id='word_1_221' title='bbox 1133 2181 1309 2217; x_wconf 74' lang='lat' dir='ltr'><strong>miano</strong></span> <span class='ocrx_word' id='word_1_222' title='bbox 1346 2203 1358 2216; x_wconf 92' lang='lat'>.</span> 
     </span>
    </p>
   </div>
   <div class='ocr_carea' id='block_1_35' title="bbox 1133 2181 1358 2217">
    <p class='ocr_par' dir='ltr' id='par_1_35' title="bbox 1133 2181 1358 2217">
     <span class='ocr_line' id='line_1_36' title="bbox 1133 2181 1358 2217; baseline 0 0"><span class='ocrx_word' id='word_1_223' title='bbox 1133 2181 1309 2217; x_wconf 85' lang='lat' dir='ltr'><strong>mtano</strong></span> <span class='ocrx_word' id='word_1_224' title='bbox 1327 2181 1358 2217; x_wconf 78' lang='grc' dir='ltr'>Ι.</span> 
     </span>
    </p>
   </div>
   <div class='ocr_carea' id='block_1_36' title="bbox 513 2249 2014 2330">
    <p class='ocr_par' dir='ltr' id='par_1_36' title="bbox 513 2249 2014 2330">
     <span class='ocr_line' id='line_1_37' title="bbox 513 2249 2014 2330; baseline -0.009 -16"><span class='ocrx_word' id='word_1_225' title='bbox 513 2260 642 2330; x_wconf 84' lang='lat' dir='ltr'><strong>Legi</strong></span> <span class='ocrx_word' id='word_1_226' title='bbox 680 2257 999 2328; x_wconf 84' lang='lat' dir='ltr'><strong>martyrium</strong></span> <span class='ocrx_word' id='word_1_227' title='bbox 1042 2254 1226 2324; x_wconf 84' lang='lat' dir='ltr'><strong>magni</strong></span> <span class='ocrx_word' id='word_1_228' title='bbox 1261 2255 1408 2308; x_wconf 90' lang='lat' dir='ltr'><strong>illius</strong></span> <span class='ocrx_word' id='word_1_229' title='bbox 1442 2252 1700 2323; x_wconf 78' lang='lat' dir='ltr'><strong>martyris</strong></span> <span class='ocrx_word' id='word_1_230' title='bbox 1737 2249 2014 2314; x_wconf 88' lang='lat' dir='ltr'><strong>Demetrii,</strong></span> 
     </span>
    </p>
   </div>
   <div class='ocr_carea' id='block_1_37' title="bbox 441 2342 2014 2415">
    <p class='ocr_par' dir='ltr' id='par_1_37' title="bbox 441 2342 2014 2415">
     <span class='ocr_line' id='line_1_38' title="bbox 441 2342 2014 2415; baseline -0.01 -6"><span class='ocrx_word' id='word_1_231' title='bbox 441 2355 631 2410; x_wconf 84' lang='lat' dir='ltr'><strong>eodem</strong></span> <span class='ocrx_word' id='word_1_232' title='bbox 660 2353 818 2406; x_wconf 89' lang='lat' dir='ltr'><strong>modo</strong></span> <span class='ocrx_word' id='word_1_233' title='bbox 841 2350 1068 2404; x_wconf 82' lang='lat' dir='ltr'><strong>editum.</strong></span> <span class='ocrx_word' id='word_1_234' title='bbox 1093 2349 1190 2402; x_wconf 92' lang='lat' dir='ltr'><strong>llic</strong></span> <span class='ocrx_word' id='word_1_235' title='bbox 1215 2347 1418 2401; x_wconf 82' lang='lat' dir='ltr'><strong>Christi</strong></span> <span class='ocrx_word' id='word_1_236' title='bbox 1447 2355 1651 2415; x_wconf 81' lang='lat' dir='ltr'><strong>martyr</strong></span> <span class='ocrx_word' id='word_1_237' title='bbox 1689 2342 2014 2400; x_wconf 87' lang='lat' dir='ltr'><strong>Demetrius.</strong></span> 
     </span>
    </p>
   </div>
   <div class='ocr_carea' id='block_1_38' title="bbox 441 2432 2018 2517">
    <p class='ocr_par' dir='ltr' id='par_1_38' title="bbox 441 2432 2018 2517">
     <span class='ocr_line' id='line_1_39' title="bbox 441 2432 2018 2517; baseline -0.01 -17"><span class='ocrx_word' id='word_1_238' title='bbox 441 2461 621 2517; x_wconf 68' lang='lat' dir='ltr'><strong>praeco</strong></span> <span class='ocrx_word' id='word_1_239' title='bbox 651 2454 703 2498; x_wconf 89' lang='lat' dir='ltr'>et</span> <span class='ocrx_word' id='word_1_240' title='bbox 727 2444 916 2498; x_wconf 89' lang='lat' dir='ltr'><strong>doctor</strong></span> <span class='ocrx_word' id='word_1_241' title='bbox 945 2442 1180 2509; x_wconf 86' lang='lat' dir='ltr'><strong>pietatis,</strong></span> <span class='ocrx_word' id='word_1_242' title='bbox 1219 2438 1592 2508; x_wconf 88' lang='lat' dir='ltr'><strong>apostolorum</strong></span> <span class='ocrx_word' id='word_1_243' title='bbox 1624 2432 2018 2504; x_wconf 84' lang='lat' dir='ltr'><strong>peregrinatio-</strong></span> 
     </span>
    </p>
   </div>
   <div class='ocr_carea' id='block_1_39' title="bbox 447 2525 2017 2598">
    <p class='ocr_par' dir='ltr' id='par_1_39' title="bbox 447 2525 2017 2598">
     <span class='ocr_line' id='line_1_40' title="bbox 447 2525 2017 2598; baseline -0.015 -1"><span class='ocrx_word' id='word_1_244' title='bbox 447 2558 545 2598; x_wconf 87' lang='lat' dir='ltr'>nes</span> <span class='ocrx_word' id='word_1_245' title='bbox 592 2549 646 2594; x_wconf 88' lang='lat' dir='ltr'>et</span> <span class='ocrx_word' id='word_1_246' title='bbox 673 2537 972 2592; x_wconf 88' lang='lat' dir='ltr'><strong>certamina</strong></span> <span class='ocrx_word' id='word_1_247' title='bbox 1011 2533 1349 2592; x_wconf 85' lang='lat' dir='ltr'><strong>imitabatur,</strong></span> <span class='ocrx_word' id='word_1_248' title='bbox 1383 2538 1435 2583; x_wconf 91' lang='lat' dir='ltr'>et</span> <span class='ocrx_word' id='word_1_249' title='bbox 1469 2525 2017 2581; x_wconf 85' lang='lat' dir='ltr'><strong>Thessalonicensem</strong></span> 
     </span>
    </p>
   </div>
   <div class='ocr_carea' id='block_1_40' title="bbox 442 2614 2017 2687">
    <p class='ocr_par' dir='ltr' id='par_1_40' title="bbox 442 2614 2017 2687">
     <span class='ocr_line' id='line_1_41' title="bbox 442 2614 2017 2687; baseline -0.013 -1"><span class='ocrx_word' id='word_1_250' title='bbox 442 2633 634 2687; x_wconf 87' lang='lat' dir='ltr'><strong>urbem</strong></span> <span class='ocrx_word' id='word_1_251' title='bbox 659 2628 866 2683; x_wconf 90' lang='lat' dir='ltr'><strong>lumine</strong></span> <span class='ocrx_word' id='word_1_252' title='bbox 898 2626 1161 2679; x_wconf 71' lang='lat' dir='ltr'><strong>doctrinm</strong></span> <span class='ocrx_word' id='word_1_253' title='bbox 1193 2638 1307 2677; x_wconf 60' lang='lat' dir='ltr'><strong>sua:</strong></span> <span class='ocrx_word' id='word_1_254' title='bbox 1328 2621 1395 2674; x_wconf 93' lang='lat' dir='ltr'>ab</span> <span class='ocrx_word' id='word_1_255' title='bbox 1424 2619 1627 2674; x_wconf 88' lang='lat' dir='ltr'><strong>erroris</strong></span> <span class='ocrx_word' id='word_1_256' title='bbox 1660 2615 1898 2671; x_wconf 86' lang='lat' dir='ltr'><strong>tenebris</strong></span> <span class='ocrx_word' id='word_1_257' title='bbox 1922 2614 2017 2667; x_wconf 89' lang='lat' dir='ltr'><strong>ab-</strong></span> 
     </span>
    </p>
   </div>
   <div class='ocr_carea' id='block_1_41' title="bbox 441 2709 2020 2788">
    <p class='ocr_par' dir='ltr' id='par_1_41' title="bbox 441 2709 2020 2788">
     <span class='ocr_line' id='line_1_42' title="bbox 441 2709 2020 2788; baseline -0.013 -9"><span class='ocrx_word' id='word_1_258' title='bbox 441 2725 661 2779; x_wconf 86' lang='lat' dir='ltr'><strong>ductam</strong></span> <span class='ocrx_word' id='word_1_259' title='bbox 692 2763 707 2788; x_wconf 94' lang='lat'>,</span> <span class='ocrx_word' id='word_1_260' title='bbox 755 2720 819 2774; x_wconf 89' lang='lat' dir='ltr'>ad</span> <span class='ocrx_word' id='word_1_261' title='bbox 847 2720 1124 2774; x_wconf 88' lang='lat' dir='ltr'><strong>Christum</strong></span> <span class='ocrx_word' id='word_1_262' title='bbox 1165 2715 1389 2769; x_wconf 83' lang='lat' dir='ltr'><strong>adduxit</strong></span> <span class='ocrx_word' id='word_1_263' title='bbox 1424 2732 1438 2766; x_wconf 87' lang='lat'><strong>:</strong></span> <span class='ocrx_word' id='word_1_264' title='bbox 1475 2713 1581 2765; x_wconf 87' lang='lat' dir='ltr'><strong>vita</strong></span> <span class='ocrx_word' id='word_1_265' title='bbox 1618 2709 1881 2763; x_wconf 77' lang='lat' dir='ltr'><strong>doctrina:</strong></span> <span class='ocrx_word' id='word_1_266' title='bbox 1935 2723 2020 2760; x_wconf 87' lang='lat' dir='ltr'><strong>re-</strong></span> 
     </span>
    </p>
   </div>
   <div class='ocr_carea' id='block_1_42' title="bbox 444 2799 2017 2887">
    <p class='ocr_par' dir='ltr' id='par_1_42' title="bbox 444 2799 2017 2887">
     <span class='ocr_line' id='line_1_43' title="bbox 444 2799 2017 2887; baseline -0.011 -15"><span class='ocrx_word' id='word_1_267' title='bbox 444 2818 718 2887; x_wconf 88' lang='lat' dir='ltr'><strong>spondens</strong></span> <span class='ocrx_word' id='word_1_268' title='bbox 775 2809 1210 2882; x_wconf 80' lang='lat' dir='ltr'><strong>splendescebat.</strong></span> <span class='ocrx_word' id='word_1_269' title='bbox 1264 2805 1628 2860; x_wconf 77' lang='lat' dir='ltr'><strong>Maximianus</strong></span> <span class='ocrx_word' id='word_1_270' title='bbox 1685 2811 1865 2856; x_wconf 89' lang='lat' dir='ltr'><strong>autem</strong></span> <span class='ocrx_word' id='word_1_271' title='bbox 1924 2799 2017 2854; x_wconf 89' lang='lat' dir='ltr'><strong>Dei</strong></span> 
     </span>
    </p>
   </div>
   <div class='ocr_carea' id='block_1_43' title="bbox 444 2897 2019 2972">
    <p class='ocr_par' dir='ltr' id='par_1_43' title="bbox 444 2897 2019 2972">
     <span class='ocr_line' id='line_1_44' title="bbox 444 2897 2019 2972; baseline -0.012 -7"><span class='ocrx_word' id='word_1_272' title='bbox 444 2909 622 2965; x_wconf 88' lang='lat' dir='ltr'><strong>hostis</strong></span> <span class='ocrx_word' id='word_1_273' title='bbox 657 2918 786 2960; x_wconf 86' lang='lat' dir='ltr'><strong>tunc</strong></span> <span class='ocrx_word' id='word_1_274' title='bbox 817 2906 1116 2972; x_wconf 75' lang='lat' dir='ltr'><strong>regnabat,</strong></span> <span class='ocrx_word' id='word_1_275' title='bbox 1169 2908 1223 2953; x_wconf 88' lang='lat' dir='ltr'>et</span> <span class='ocrx_word' id='word_1_276' title='bbox 1253 2897 1658 2952; x_wconf 69' lang='lat' dir='ltr'><strong>Thessalonicae</strong></span> <span class='ocrx_word' id='word_1_277' title='bbox 1706 2909 2019 2949; x_wconf 82' lang='lat' dir='ltr'><strong>commora-</strong></span> 
     </span>
    </p>
   </div>
   <div class='ocr_carea' id='block_1_44' title="bbox 2119 1715 3707 1786">
    <p class='ocr_par' dir='ltr' id='par_1_44' title="bbox 2119 1715 3707 1786">
     <span class='ocr_line' id='line_1_45' title="bbox 2119 1715 3707 1786; baseline 0 -18"><span class='ocrx_word' id='word_1_278' title='bbox 2119 1715 2274 1780; x_wconf 83' lang='grc' dir='ltr'>ζοντο</span> <span class='ocrx_word' id='word_1_279' title='bbox 2304 1716 2444 1768; x_wconf 83' lang='grc' dir='ltr'>κατά</span> <span class='ocrx_word' id='word_1_280' title='bbox 2475 1717 2600 1780; x_wconf 84' lang='grc' dir='ltr'>τοὺς</span> <span class='ocrx_word' id='word_1_281' title='bbox 2632 1719 2936 1786; x_wconf 80' lang='grc' dir='ltr'>ἐπισήμους</span> <span class='ocrx_word' id='word_1_282' title='bbox 2978 1717 3178 1780; x_wconf 86' lang='grc' dir='ltr'>τόπους</span> <span class='ocrx_word' id='word_1_283' title='bbox 3205 1717 3305 1784; x_wconf 79' lang='grc' dir='ltr'>τῆς</span> <span class='ocrx_word' id='word_1_284' title='bbox 3343 1716 3574 1779; x_wconf 84' lang='grc' dir='ltr'>πόλεως,</span> <span class='ocrx_word' id='word_1_285' title='bbox 3607 1716 3707 1768; x_wconf 80' lang='grc' dir='ltr'>καὶ</span> 
     </span>
    </p>
   </div>
   <div class='ocr_carea' id='block_1_45' title="bbox 2118 1806 3708 1878">
    <p class='ocr_par' dir='ltr' id='par_1_45' title="bbox 2118 1806 3708 1878">
     <span class='ocr_line' id='line_1_46' title="bbox 2118 1806 3708 1878; baseline 0.001 -19"><span class='ocrx_word' id='word_1_286' title='bbox 2118 1808 2384 1876; x_wconf 76' lang='grc' dir='ltr'>ἔπραττον</span> <span class='ocrx_word' id='word_1_287' title='bbox 2424 1808 2720 1878; x_wconf 81' lang='grc' dir='ltr'>προθύμως</span> <span class='ocrx_word' id='word_1_288' title='bbox 2749 1810 2816 1860; x_wconf 73' lang='grc' dir='ltr'>τὰ</span> <span class='ocrx_word' id='word_1_289' title='bbox 2845 1809 3080 1877; x_wconf 82' lang='grc' dir='ltr'>ἄθεσμα,</span> <span class='ocrx_word' id='word_1_290' title='bbox 3106 1809 3179 1870; x_wconf 84' lang='grc' dir='ltr'>ὼς</span> <span class='ocrx_word' id='word_1_291' title='bbox 3213 1807 3499 1877; x_wconf 80' lang='grc' dir='ltr'>ὲνθὲσμοις</span> <span class='ocrx_word' id='word_1_292' title='bbox 3520 1806 3708 1878; x_wconf 76' lang='grc' dir='ltr'>ἔργοις</span> 
     </span>
    </p>
   </div>
   <div class='ocr_carea' id='block_1_46' title="bbox 2118 1898 3066 1968">
    <p class='ocr_par' dir='ltr' id='par_1_46' title="bbox 2118 1898 3066 1968">
     <span class='ocr_line' id='line_1_47' title="bbox 2118 1898 3066 1968; baseline 0.004 -19"><span class='ocrx_word' id='word_1_293' title='bbox 2118 1900 2231 1960; x_wconf 83' lang='grc' dir='ltr'>τοῖς</span> <span class='ocrx_word' id='word_1_294' title='bbox 2268 1898 2549 1967; x_wconf 84' lang='grc' dir='ltr'>ἀθεμίτοις</span> <span class='ocrx_word' id='word_1_295' title='bbox 2579 1898 3066 1968; x_wconf 77' lang='grc' dir='ltr'>καλλωπιζόμενοι.</span> 
     </span>
    </p>
   </div>
   <div class='ocr_carea' id='block_1_47' title="bbox 2823 1991 2992 2044">
    <p class='ocr_par' dir='ltr' id='par_1_47' title="bbox 2823 1991 2992 2044">
     <span class='ocr_line' id='line_1_48' title="bbox 2823 1991 2992 2044; baseline 0.012 -2"><span class='ocrx_word' id='word_1_296' title='bbox 2823 1991 2992 2044; x_wconf 70' lang='grc' dir='ltr'>ΣΝΕ’.</span> 
     </span>
    </p>
   </div>
   <div class='ocr_carea' id='block_1_48' title="bbox 2189 2082 3632 2152">
    <p class='ocr_par' dir='ltr' id='par_1_48' title="bbox 2189 2082 3632 2152">
     <span class='ocr_line' id='line_1_49' title="bbox 2189 2082 3632 2152; baseline 0.004 -19"><span class='ocrx_word' id='word_1_297' title='bbox 2189 2082 2532 2150; x_wconf 81' lang='grc' dir='ltr'>Μαρτύριον</span> <span class='ocrx_word' id='word_1_298' title='bbox 2561 2082 2668 2135; x_wconf 86' lang='grc' dir='ltr'>τοῦ</span> <span class='ocrx_word' id='word_1_299' title='bbox 2702 2082 3235 2151; x_wconf 79' lang='grc' dir='ltr'>μεγαλομάρτυρος</span> <span class='ocrx_word' id='word_1_300' title='bbox 3275 2085 3632 2152; x_wconf 80' lang='grc' dir='ltr'>Δημητρίου.</span> 
     </span>
    </p>
   </div>
   <div class='ocr_carea' id='block_1_49' title="bbox 2204 2237 3711 2313">
    <p class='ocr_par' dir='ltr' id='par_1_49' title="bbox 2204 2237 3711 2313">
     <span class='ocr_line' id='line_1_50' title="bbox 2204 2237 3711 2313; baseline 0.003 -21"><span class='ocrx_word' id='word_1_301' title='bbox 2204 2239 2545 2308; x_wconf 81' lang='grc' dir='ltr'>Ἀνεγνὼσθη</span> <span class='ocrx_word' id='word_1_302' title='bbox 2578 2241 2642 2293; x_wconf 84' lang='grc' dir='ltr'>ἐκ</span> <span class='ocrx_word' id='word_1_303' title='bbox 2680 2237 2774 2293; x_wconf 82' lang='grc' dir='ltr'>τοῦ</span> <span class='ocrx_word' id='word_1_304' title='bbox 2809 2241 3113 2311; x_wconf 87' lang='grc' dir='ltr'>μαρτυρίου</span> <span class='ocrx_word' id='word_1_305' title='bbox 3156 2239 3250 2293; x_wconf 80' lang='grc' dir='ltr'>τοῦ</span> <span class='ocrx_word' id='word_1_306' title='bbox 3282 2241 3437 2309; x_wconf 86' lang='grc' dir='ltr'>ἁγίου</span> <span class='ocrx_word' id='word_1_307' title='bbox 3471 2242 3711 2313; x_wconf 82' lang='grc' dir='ltr'>μεγαλο-</span> 
     </span>
    </p>
   </div>
   <div class='ocr_carea' id='block_1_50' title="bbox 2123 2332 3708 2405">
    <p class='ocr_par' dir='ltr' id='par_1_50' title="bbox 2123 2332 3708 2405">
     <span class='ocr_line' id='line_1_51' title="bbox 2123 2332 3708 2405; baseline 0.003 -22"><span class='ocrx_word' id='word_1_308' title='bbox 2123 2332 2402 2402; x_wconf 81' lang='grc' dir='ltr'>μάρτυρος</span> <span class='ocrx_word' id='word_1_309' title='bbox 2427 2333 2763 2402; x_wconf 85' lang='grc' dir='ltr'>Δημητρίου,</span> <span class='ocrx_word' id='word_1_310' title='bbox 2793 2335 2872 2395; x_wconf 84' lang='grc' dir='ltr'>εἰς</span> <span class='ocrx_word' id='word_1_311' title='bbox 2897 2335 2987 2386; x_wconf 70' lang='grc' dir='ltr'>τὸν</span> <span class='ocrx_word' id='word_1_312' title='bbox 3019 2333 3180 2385; x_wconf 86' lang='grc' dir='ltr'>αὑτὸν</span> <span class='ocrx_word' id='word_1_313' title='bbox 3209 2334 3412 2405; x_wconf 88' lang='grc' dir='ltr'>τρόπον</span> <span class='ocrx_word' id='word_1_314' title='bbox 3441 2335 3462 2365; x_wconf 80' lang='grc'><strong>⁸</strong></span> <span class='ocrx_word' id='word_1_315' title='bbox 3486 2335 3708 2388; x_wconf 84' lang='grc' dir='ltr'>ἐκδεδο-</span> 
     </span>
    </p>
   </div>
   <div class='ocr_carea' id='block_1_51' title="bbox 2124 2419 3711 2499">
    <p class='ocr_par' dir='ltr' id='par_1_51' title="bbox 2124 2419 3711 2499">
     <span class='ocr_line' id='line_1_52' title="bbox 2124 2419 3711 2499; baseline 0.002 -22"><span class='ocrx_word' id='word_1_316' title='bbox 2124 2425 2305 2494; x_wconf 85' lang='grc' dir='ltr'>μένον.</span> <span class='ocrx_word' id='word_1_317' title='bbox 2358 2419 2528 2488; x_wconf 71' lang='grc' dir='ltr'>Οὗτος</span> <span class='ocrx_word' id='word_1_318' title='bbox 2582 2427 2612 2478; x_wconf 87' lang='grc' dir='ltr'>ὁ</span> <span class='ocrx_word' id='word_1_319' title='bbox 2665 2425 2758 2479; x_wconf 82' lang='grc' dir='ltr'>τοῦ</span> <span class='ocrx_word' id='word_1_320' title='bbox 2815 2425 3052 2496; x_wconf 81' lang='grc' dir='ltr'>Χριστοῦ</span> <span class='ocrx_word' id='word_1_321' title='bbox 3116 2426 3326 2497; x_wconf 78' lang='grc' dir='ltr'>μάρτυς</span> <span class='ocrx_word' id='word_1_322' title='bbox 3370 2428 3711 2499; x_wconf 85' lang='grc' dir='ltr'>Δημήτριος,</span> 
     </span>
    </p>
   </div>
   <div class='ocr_carea' id='block_1_52' title="bbox 2122 2516 3712 2586">
    <p class='ocr_par' dir='ltr' id='par_1_52' title="bbox 2122 2516 3712 2586">
     <span class='ocr_line' id='line_1_53' title="bbox 2122 2516 3712 2586; baseline 0.001 -16"><span class='ocrx_word' id='word_1_323' title='bbox 2122 2519 2296 2586; x_wconf 74' lang='grc' dir='ltr'>κῆρυξ</span> <span class='ocrx_word' id='word_1_324' title='bbox 2313 2516 2388 2570; x_wconf 83' lang='grc' dir='ltr'>ὣν</span> <span class='ocrx_word' id='word_1_325' title='bbox 2411 2519 2503 2570; x_wconf 71' lang='grc' dir='ltr'>καὶ</span> <span class='ocrx_word' id='word_1_326' title='bbox 2533 2517 2848 2579; x_wconf 85' lang='grc' dir='ltr'>διδάσκαλος</span> <span class='ocrx_word' id='word_1_327' title='bbox 2875 2518 2976 2586; x_wconf 83' lang='grc' dir='ltr'>τῆς</span> <span class='ocrx_word' id='word_1_328' title='bbox 2999 2518 3302 2582; x_wconf 78' lang='grc' dir='ltr'>εὐσεϐείας,</span> <span class='ocrx_word' id='word_1_329' title='bbox 3330 2519 3455 2582; x_wconf 81' lang='grc' dir='ltr'>τοὺς</span> <span class='ocrx_word' id='word_1_330' title='bbox 3473 2523 3712 2572; x_wconf 84' lang='grc' dir='ltr'>ἀποστο-</span> 
     </span>
    </p>
   </div>
   <div class='ocr_carea' id='block_1_53' title="bbox 2121 2613 3714 2685">
    <p class='ocr_par' dir='ltr' id='par_1_53' title="bbox 2121 2613 3714 2685">
     <span class='ocr_line' id='line_1_54' title="bbox 2121 2613 3714 2685; baseline -0.002 -18"><span class='ocrx_word' id='word_1_331' title='bbox 2121 2615 2303 2678; x_wconf 77' lang='grc' dir='ltr'>λικοὺς</span> <span class='ocrx_word' id='word_1_332' title='bbox 2345 2615 2578 2685; x_wconf 83' lang='grc' dir='ltr'>δρόμους</span> <span class='ocrx_word' id='word_1_333' title='bbox 2634 2614 2728 2666; x_wconf 73' lang='grc' dir='ltr'>καὶ</span> <span class='ocrx_word' id='word_1_334' title='bbox 2756 2613 2882 2675; x_wconf 81' lang='grc' dir='ltr'>τοὺς</span> <span class='ocrx_word' id='word_1_335' title='bbox 2917 2613 3134 2681; x_wconf 85' lang='grc' dir='ltr'>ἀγῶνας</span> <span class='ocrx_word' id='word_1_336' title='bbox 3163 2615 3437 2684; x_wconf 79' lang='grc' dir='ltr'>ἐμιμεῖτο,</span> <span class='ocrx_word' id='word_1_337' title='bbox 3483 2615 3578 2668; x_wconf 76' lang='grc' dir='ltr'>καὶ</span> <span class='ocrx_word' id='word_1_338' title='bbox 3610 2614 3714 2684; x_wconf 75' lang='grc' dir='ltr'>τὴν</span> 
     </span>
    </p>
   </div>
   <div class='ocr_carea' id='block_1_54' title="bbox 2121 2705 3716 2779">
    <p class='ocr_par' dir='ltr' id='par_1_54' title="bbox 2121 2705 3716 2779">
     <span class='ocr_line' id='line_1_55' title="bbox 2121 2705 3716 2779; baseline -0.002 -16"><span class='ocrx_word' id='word_1_339' title='bbox 2121 2707 2555 2763; x_wconf 81' lang='grc' dir='ltr'>Θεσσαλονικέων</span> <span class='ocrx_word' id='word_1_340' title='bbox 2583 2707 2737 2760; x_wconf 87' lang='grc' dir='ltr'>πόλιν</span> <span class='ocrx_word' id='word_1_341' title='bbox 2772 2705 2852 2777; x_wconf 81' lang='grc' dir='ltr'>τῷ</span> <span class='ocrx_word' id='word_1_342' title='bbox 2895 2708 3035 2774; x_wconf 73' lang='grc' dir='ltr'>φωτὶ</span> <span class='ocrx_word' id='word_1_343' title='bbox 3075 2706 3184 2760; x_wconf 85' lang='grc' dir='ltr'>τῶν</span> <span class='ocrx_word' id='word_1_344' title='bbox 3221 2706 3386 2759; x_wconf 78' lang='grc' dir='ltr'>αὑτοῦ</span> <span class='ocrx_word' id='word_1_345' title='bbox 3415 2710 3716 2779; x_wconf 87' lang='grc' dir='ltr'>κηρυγμά-</span> 
     </span>
    </p>
   </div>
   <div class='ocr_carea' id='block_1_55' title="bbox 2119 2799 3715 2871">
    <p class='ocr_par' dir='ltr' id='par_1_55' title="bbox 2119 2799 3715 2871">
     <span class='ocr_line' id='line_1_56' title="bbox 2119 2799 3715 2871; baseline -0.001 -16"><span class='ocrx_word' id='word_1_346' title='bbox 2119 2821 2229 2856; x_wconf 88' lang='grc' dir='ltr'>των</span> <span class='ocrx_word' id='word_1_347' title='bbox 2254 2800 2350 2855; x_wconf 83' lang='grc' dir='ltr'>τοῦ</span> <span class='ocrx_word' id='word_1_348' title='bbox 2380 2801 2480 2870; x_wconf 85' lang='grc' dir='ltr'>τῆς</span> <span class='ocrx_word' id='word_1_349' title='bbox 2503 2800 2716 2869; x_wconf 89' lang='grc' dir='ltr'>πλάνης</span> <span class='ocrx_word' id='word_1_350' title='bbox 2748 2800 2972 2862; x_wconf 82' lang='grc' dir='ltr'>σκότους</span> <span class='ocrx_word' id='word_1_351' title='bbox 3000 2799 3230 2867; x_wconf 84' lang='grc' dir='ltr'>ἀπάγων</span> <span class='ocrx_word' id='word_1_352' title='bbox 3271 2800 3494 2870; x_wconf 83' lang='grc' dir='ltr'>Χριστῷ</span> <span class='ocrx_word' id='word_1_353' title='bbox 3534 2817 3715 2871; x_wconf 86' lang='grc' dir='ltr'>προσ-</span> 
     </span>
    </p>
   </div>
   <div class='ocr_carea' id='block_1_56' title="bbox 2120 2890 3716 2965">
    <p class='ocr_par' dir='ltr' id='par_1_56' title="bbox 2120 2890 3716 2965">
     <span class='ocr_line' id='line_1_57' title="bbox 2120 2890 3716 2965; baseline -0.001 -17"><span class='ocrx_word' id='word_1_354' title='bbox 2120 2896 2284 2964; x_wconf 77' lang='grc' dir='ltr'>ῆγενο</span> <span class='ocrx_word' id='word_1_355' title='bbox 2319 2890 2386 2965; x_wconf 84' lang='grc' dir='ltr'>ἦν</span> <span class='ocrx_word' id='word_1_356' title='bbox 2437 2895 2480 2946; x_wconf 88' lang='grc' dir='ltr'>δ’</span> <span class='ocrx_word' id='word_1_357' title='bbox 2514 2891 2662 2963; x_wconf 86' lang='grc' dir='ltr'>αὑτῷ</span> <span class='ocrx_word' id='word_1_358' title='bbox 2712 2893 2805 2946; x_wconf 73' lang='grc' dir='ltr'>καὶ</span> <span class='ocrx_word' id='word_1_359' title='bbox 2838 2893 2865 2946; x_wconf 90' lang='grc' dir='ltr'>ό</span> <span class='ocrx_word' id='word_1_360' title='bbox 2914 2891 3028 2962; x_wconf 83' lang='grc' dir='ltr'>βίος</span> <span class='ocrx_word' id='word_1_361' title='bbox 3073 2894 3562 2965; x_wconf 79' lang='grc' dir='ltr'>συνεξαστράπτων</span> <span class='ocrx_word' id='word_1_362' title='bbox 3597 2897 3716 2958; x_wconf 81' lang='grc' dir='ltr'>τοῖς</span> 
     </span>
    </p>
   </div>
   <div class='ocr_carea' id='block_1_57' title="bbox 445 2983 2017 3065">
    <p class='ocr_par' dir='ltr' id='par_1_57' title="bbox 445 2987 2017 3065">
     <span class='ocr_line' id='line_1_58' title="bbox 445 2987 2017 3065; baseline -0.012 -9"><span class='ocrx_word' id='word_1_363' title='bbox 445 3003 626 3058; x_wconf 86' lang='lat' dir='ltr'><strong>batur.</strong></span> <span class='ocrx_word' id='word_1_364' title='bbox 657 2998 772 3053; x_wconf 89' lang='lat' dir='ltr'><strong>Ibat</strong></span> <span class='ocrx_word' id='word_1_365' title='bbox 792 3012 923 3050; x_wconf 82' lang='lat' dir='ltr'><strong>vero</strong></span> <span class='ocrx_word' id='word_1_366' title='bbox 945 3003 1212 3065; x_wconf 78' lang='lat' dir='ltr'><strong>tyrannus</strong></span> <span class='ocrx_word' id='word_1_367' title='bbox 1238 2990 1303 3044; x_wconf 89' lang='lat' dir='ltr'>ad</span> <span class='ocrx_word' id='word_1_368' title='bbox 1344 2990 1716 3059; x_wconf 86' lang='lat' dir='ltr'><strong>spectaculum</strong></span> <span class='ocrx_word' id='word_1_369' title='bbox 1755 2987 2017 3055; x_wconf 76' lang='lat' dir='ltr'><strong>gladiato-</strong></span> 
     </span>
    </p>
   </div>
   <div class='ocr_carea' id='block_1_58' title="bbox 2127 2983 3714 3065">
    <p class='ocr_par' dir='ltr' id='par_1_58' title="bbox 2127 2983 3714 3057">
     <span class='ocr_line' id='line_1_59' title="bbox 2127 2983 3714 3057; baseline -0.002 -16"><span class='ocrx_word' id='word_1_370' title='bbox 2127 2988 2377 3057; x_wconf 81' lang='grc' dir='ltr'>δόγμασι.</span> <span class='ocrx_word' id='word_1_371' title='bbox 2446 2985 2792 3055; x_wconf 84' lang='grc' dir='ltr'>Μαξιμιανὸς</span> <span class='ocrx_word' id='word_1_372' title='bbox 2849 2985 2906 3038; x_wconf 83' lang='grc' dir='ltr'>δὲ</span> <span class='ocrx_word' id='word_1_373' title='bbox 2959 2987 3079 3038; x_wconf 85' lang='grc' dir='ltr'>τότε</span> <span class='ocrx_word' id='word_1_374' title='bbox 3131 2986 3158 3036; x_wconf 90' lang='grc' dir='ltr'>ό</span> <span class='ocrx_word' id='word_1_375' title='bbox 3197 2983 3464 3054; x_wconf 83' lang='grc' dir='ltr'>θεομάχος</span> <span class='ocrx_word' id='word_1_376' title='bbox 3517 2986 3714 3039; x_wconf 82' lang='grc' dir='ltr'>ἐϐασί-</span> 
     </span>
    </p>
   </div>
   <div class='ocr_carea' id='block_1_59' title="bbox 444 3080 2022 3159">
    <p class='ocr_par' dir='ltr' id='par_1_59' title="bbox 444 3080 2022 3159">
     <span class='ocr_line' id='line_1_60' title="bbox 444 3080 2022 3159; baseline -0.013 -8"><span class='ocrx_word' id='word_1_377' title='bbox 444 3110 590 3159; x_wconf 88' lang='lat' dir='ltr'><strong>rum,</strong></span> <span class='ocrx_word' id='word_1_378' title='bbox 618 3101 671 3147; x_wconf 91' lang='lat' dir='ltr'>et</span> <span class='ocrx_word' id='word_1_379' title='bbox 701 3099 910 3159; x_wconf 86' lang='lat' dir='ltr'><strong>martyr</strong></span> <span class='ocrx_word' id='word_1_380' title='bbox 939 3088 1149 3142; x_wconf 68' lang='lat' dir='ltr'><strong>vinetus</strong></span> <span class='ocrx_word' id='word_1_381' title='bbox 1179 3084 1244 3140; x_wconf 90' lang='lat' dir='ltr'>ad</span> <span class='ocrx_word' id='word_1_382' title='bbox 1269 3083 1400 3137; x_wconf 89' lang='lat' dir='ltr'><strong>illud</strong></span> <span class='ocrx_word' id='word_1_383' title='bbox 1425 3081 1657 3136; x_wconf 88' lang='lat' dir='ltr'><strong>stadium</strong></span> <span class='ocrx_word' id='word_1_384' title='bbox 1688 3080 1832 3149; x_wconf 86' lang='lat' dir='ltr'><strong>quod</strong></span> <span class='ocrx_word' id='word_1_385' title='bbox 1857 3093 2022 3148; x_wconf 87' lang='lat' dir='ltr'><strong>prope</strong></span> 
     </span>
    </p>
   </div>
   <div class='ocr_carea' id='block_1_60' title="bbox 445 3172 2022 3252">
    <p class='ocr_par' dir='ltr' id='par_1_60' title="bbox 445 3172 2022 3252">
     <span class='ocr_line' id='line_1_61' title="bbox 445 3172 2022 3252; baseline -0.013 -8"><span class='ocrx_word' id='word_1_386' title='bbox 445 3196 586 3250; x_wconf 88' lang='lat' dir='ltr'><strong>erat,</strong></span> <span class='ocrx_word' id='word_1_387' title='bbox 643 3185 711 3239; x_wconf 83' lang='lat' dir='ltr'>ab</span> <span class='ocrx_word' id='word_1_388' title='bbox 738 3183 920 3252; x_wconf 89' lang='lat' dir='ltr'><strong>impiis</strong></span> <span class='ocrx_word' id='word_1_389' title='bbox 954 3179 1221 3234; x_wconf 90' lang='lat' dir='ltr'><strong>ministris</strong></span> <span class='ocrx_word' id='word_1_390' title='bbox 1248 3185 1509 3245; x_wconf 86' lang='lat' dir='ltr'><strong>tanquam</strong></span> <span class='ocrx_word' id='word_1_391' title='bbox 1543 3173 1886 3228; x_wconf 89' lang='lat' dir='ltr'><strong>Christianus</strong></span> <span class='ocrx_word' id='word_1_392' title='bbox 1912 3172 2022 3224; x_wconf 84' lang='lat' dir='ltr'><strong>vita</strong></span> 
     </span>
    </p>
   </div>
   <div class='ocr_carea' id='block_1_61' title="bbox 453 3261 2025 3339">
    <p class='ocr_par' dir='ltr' id='par_1_61' title="bbox 453 3261 2025 3339">
     <span class='ocr_line' id='line_1_62' title="bbox 453 3261 2025 3339; baseline -0.015 -3"><span class='ocrx_word' id='word_1_393' title='bbox 453 3297 522 3335; x_wconf 89' lang='lat' dir='ltr'>ac</span> <span class='ocrx_word' id='word_1_394' title='bbox 547 3277 822 3339; x_wconf 86' lang='lat' dir='ltr'><strong>doctrina,</strong></span> <span class='ocrx_word' id='word_1_395' title='bbox 877 3271 1185 3327; x_wconf 89' lang='lat' dir='ltr'><strong>adducitur.</strong></span> <span class='ocrx_word' id='word_1_396' title='bbox 1229 3268 1321 3322; x_wconf 90' lang='lat' dir='ltr'><strong>llle</strong></span> <span class='ocrx_word' id='word_1_397' title='bbox 1354 3267 1420 3321; x_wconf 88' lang='lat' dir='ltr'>ad</span> <span class='ocrx_word' id='word_1_398' title='bbox 1469 3265 1839 3334; x_wconf 88' lang='lat' dir='ltr'><strong>spectaculum</strong></span> <span class='ocrx_word' id='word_1_399' title='bbox 1875 3261 2025 3316; x_wconf 85' lang='lat' dir='ltr'><strong>festi-</strong></span> 
     </span>
    </p>
   </div>
   <div class='ocr_carea' id='block_1_62' title="bbox 444 3355 2022 3432">
    <p class='ocr_par' dir='ltr' id='par_1_62' title="bbox 444 3355 2022 3432">
     <span class='ocr_line' id='line_1_63' title="bbox 444 3355 2022 3432; baseline -0.013 -4"><span class='ocrx_word' id='word_1_400' title='bbox 444 3389 608 3432; x_wconf 90' lang='lat' dir='ltr'><strong>nans,</strong></span> <span class='ocrx_word' id='word_1_401' title='bbox 640 3381 888 3425; x_wconf 87' lang='lat' dir='ltr'><strong>sanctum</strong></span> <span class='ocrx_word' id='word_1_402' title='bbox 934 3367 1110 3418; x_wconf 88' lang='lat' dir='ltr'><strong>virum</strong></span> <span class='ocrx_word' id='word_1_403' title='bbox 1161 3363 1327 3431; x_wconf 84' lang='lat' dir='ltr'><strong>jussit</strong></span> <span class='ocrx_word' id='word_1_404' title='bbox 1381 3374 1549 3429; x_wconf 90' lang='lat' dir='ltr'><strong>prope</strong></span> <span class='ocrx_word' id='word_1_405' title='bbox 1599 3357 1882 3418; x_wconf 76' lang='lat' dir='ltr'><strong>Stodium,</strong></span> <span class='ocrx_word' id='word_1_406' title='bbox 1933 3355 2022 3409; x_wconf 93' lang='lat' dir='ltr'>cui</span> 
     </span>
    </p>
   </div>
   <div class='ocr_carea' id='block_1_63' title="bbox 446 3447 2025 3533">
    <p class='ocr_par' dir='ltr' id='par_1_63' title="bbox 446 3447 2025 3533">
     <span class='ocr_line' id='line_1_64' title="bbox 446 3447 2025 3533; baseline -0.013 -17"><span class='ocrx_word' id='word_1_407' title='bbox 446 3463 722 3533; x_wconf 87' lang='lat' dir='ltr'><strong>publicum</strong></span> <span class='ocrx_word' id='word_1_408' title='bbox 764 3459 1017 3511; x_wconf 89' lang='lat' dir='ltr'><strong>balneum</strong></span> <span class='ocrx_word' id='word_1_409' title='bbox 1055 3453 1294 3506; x_wconf 89' lang='lat' dir='ltr'><strong>vicinum</strong></span> <span class='ocrx_word' id='word_1_410' title='bbox 1326 3461 1463 3511; x_wconf 88' lang='lat' dir='ltr'><strong>erat,</strong></span> <span class='ocrx_word' id='word_1_411' title='bbox 1510 3447 1563 3500; x_wconf 89' lang='lat' dir='ltr'>in</span> <span class='ocrx_word' id='word_1_412' title='bbox 1598 3447 1807 3500; x_wconf 85' lang='lat' dir='ltr'><strong>fornice</strong></span> <span class='ocrx_word' id='word_1_413' title='bbox 1841 3454 2025 3499; x_wconf 88' lang='lat' dir='ltr'><strong>custo-</strong></span> 
     </span>
    </p>
   </div>
   <div class='ocr_carea' id='block_1_64' title="bbox 446 3539 2026 3616">
    <p class='ocr_par' dir='ltr' id='par_1_64' title="bbox 446 3539 2026 3616">
     <span class='ocr_line' id='line_1_65' title="bbox 446 3539 2026 3616; baseline -0.013 -7"><span class='ocrx_word' id='word_1_414' title='bbox 446 3555 576 3609; x_wconf 86' lang='lat' dir='ltr'><strong>diri.</strong></span> <span class='ocrx_word' id='word_1_415' title='bbox 631 3553 761 3606; x_wconf 88' lang='lat' dir='ltr'><strong>Erat</strong></span> <span class='ocrx_word' id='word_1_416' title='bbox 808 3559 988 3602; x_wconf 86' lang='lat' dir='ltr'><strong>autem</strong></span> <span class='ocrx_word' id='word_1_417' title='bbox 1024 3546 1384 3616; x_wconf 80' lang='lat' dir='ltr'><strong>gladiatorum</strong></span> <span class='ocrx_word' id='word_1_418' title='bbox 1434 3541 1590 3603; x_wconf 87' lang='lat' dir='ltr'><strong>alter,</strong></span> <span class='ocrx_word' id='word_1_419' title='bbox 1643 3539 1916 3591; x_wconf 76' lang='lat' dir='ltr'><strong>maximus</strong></span> <span class='ocrx_word' id='word_1_420' title='bbox 1945 3545 2026 3606; x_wconf 86' lang='lat' dir='ltr'>ty-</span> 
     </span>
    </p>
   </div>
   <div class='ocr_carea' id='block_1_65' title="bbox 448 3629 2026 3706">
    <p class='ocr_par' dir='ltr' id='par_1_65' title="bbox 448 3629 2026 3706">
     <span class='ocr_line' id='line_1_66' title="bbox 448 3629 2026 3706; baseline -0.013 -6"><span class='ocrx_word' id='word_1_421' title='bbox 448 3644 608 3700; x_wconf 84' lang='lat' dir='ltr'><strong>ranni</strong></span> <span class='ocrx_word' id='word_1_422' title='bbox 639 3641 868 3699; x_wconf 86' lang='lat' dir='ltr'><strong>amicus,</strong></span> <span class='ocrx_word' id='word_1_423' title='bbox 897 3637 988 3706; x_wconf 87' lang='lat' dir='ltr'>qui</span> <span class='ocrx_word' id='word_1_424' title='bbox 1043 3634 1290 3688; x_wconf 88' lang='lat' dir='ltr'><strong>omnium</strong></span> <span class='ocrx_word' id='word_1_425' title='bbox 1341 3631 1546 3700; x_wconf 89' lang='lat' dir='ltr'><strong>optime</strong></span> <span class='ocrx_word' id='word_1_426' title='bbox 1591 3629 1873 3682; x_wconf 82' lang='lat' dir='ltr'><strong>videbatur</strong></span> <span class='ocrx_word' id='word_1_427' title='bbox 1926 3643 2026 3696; x_wconf 90' lang='lat' dir='ltr'><strong>pu-</strong></span> 
     </span>
    </p>
   </div>
   <div class='ocr_carea' id='block_1_66' title="bbox 449 3715 2026 3805">
    <p class='ocr_par' dir='ltr' id='par_1_66' title="bbox 449 3715 2026 3805">
     <span class='ocr_line' id='line_1_67' title="bbox 449 3715 2026 3805; baseline -0.011 -17"><span class='ocrx_word' id='word_1_428' title='bbox 449 3746 615 3805; x_wconf 85' lang='lat' dir='ltr'><strong>gnare</strong></span> <span class='ocrx_word' id='word_1_429' title='bbox 668 3728 888 3782; x_wconf 89' lang='lat' dir='ltr'><strong>nomine</strong></span> <span class='ocrx_word' id='word_1_430' title='bbox 919 3725 1130 3796; x_wconf 70' lang='lat' dir='ltr'><strong>Lyaeus.</strong></span> <span class='ocrx_word' id='word_1_431' title='bbox 1191 3720 1296 3787; x_wconf 86' lang='lat' dir='ltr'><strong>Qui</strong></span> <span class='ocrx_word' id='word_1_432' title='bbox 1355 3729 1534 3772; x_wconf 89' lang='lat' dir='ltr'><strong>autem</strong></span> <span class='ocrx_word' id='word_1_433' title='bbox 1558 3733 1684 3771; x_wconf 92' lang='lat' dir='ltr'>cum</span> <span class='ocrx_word' id='word_1_434' title='bbox 1713 3715 1805 3769; x_wconf 90' lang='lat' dir='ltr'><strong>illo</strong></span> <span class='ocrx_word' id='word_1_435' title='bbox 1845 3731 1911 3769; x_wconf 89' lang='lat' dir='ltr'>eo</span> <span class='ocrx_word' id='word_1_436' title='bbox 1940 3717 2026 3771; x_wconf 88' lang='lat' dir='ltr'>die</span> 
     </span>
    </p>
   </div>
   <div class='ocr_carea' id='block_1_67' title="bbox 450 3808 2021 3894">
    <p class='ocr_par' dir='ltr' id='par_1_67' title="bbox 450 3808 2021 3894">
     <span class='ocr_line' id='line_1_68' title="bbox 450 3808 2021 3894; baseline -0.012 -15"><span class='ocrx_word' id='word_1_437' title='bbox 450 3826 865 3894; x_wconf 82' lang='lat' dir='ltr'><strong>depugnaturus</strong></span> <span class='ocrx_word' id='word_1_438' title='bbox 891 3825 1137 3879; x_wconf 85' lang='lat' dir='ltr'><strong>venerat,</strong></span> <span class='ocrx_word' id='word_1_439' title='bbox 1160 3812 1406 3884; x_wconf 88' lang='lat' dir='ltr'><strong>plebeius</strong></span> <span class='ocrx_word' id='word_1_440' title='bbox 1424 3816 1564 3873; x_wconf 88' lang='lat' dir='ltr'><strong>erat,</strong></span> <span class='ocrx_word' id='word_1_441' title='bbox 1594 3808 1809 3876; x_wconf 87' lang='lat' dir='ltr'><strong>juvenis</strong></span> <span class='ocrx_word' id='word_1_442' title='bbox 1841 3815 2021 3871; x_wconf 55' lang='lat' dir='ltr'><strong>atate,</strong></span> 
     </span>
    </p>
   </div>
   <div class='ocr_carea' id='block_1_68' title="bbox 452 3898 2022 3976">
    <p class='ocr_par' dir='ltr' id='par_1_68' title="bbox 452 3898 2022 3976">
     <span class='ocr_line' id='line_1_69' title="bbox 452 3898 2022 3976; baseline -0.015 -4"><span class='ocrx_word' id='word_1_443' title='bbox 452 3915 678 3972; x_wconf 86' lang='lat' dir='ltr'><strong>nomine</strong></span> <span class='ocrx_word' id='word_1_444' title='bbox 726 3910 941 3966; x_wconf 81' lang='lat' dir='ltr'><strong>Nestor.</strong></span> <span class='ocrx_word' id='word_1_445' title='bbox 997 3905 1289 3976; x_wconf 84' lang='lat' dir='ltr'><strong>Tyrannus</strong></span> <span class='ocrx_word' id='word_1_446' title='bbox 1347 3901 1620 3972; x_wconf 81' lang='lat' dir='ltr'><strong>cogitabat</strong></span> <span class='ocrx_word' id='word_1_447' title='bbox 1659 3899 1804 3952; x_wconf 88' lang='lat' dir='ltr'><strong>illius</strong></span> <span class='ocrx_word' id='word_1_448' title='bbox 1845 3898 2022 3958; x_wconf 75' lang='lat' dir='ltr'><strong>:ctati,</strong></span> 
     </span>
    </p>
   </div>
   <div class='ocr_carea' id='block_1_69' title="bbox 448 3994 2026 4077">
    <p class='ocr_par' dir='ltr' id='par_1_69' title="bbox 448 3994 2026 4077">
     <span class='ocr_line' id='line_1_70' title="bbox 448 3994 2026 4077; baseline -0.011 -16"><span class='ocrx_word' id='word_1_449' title='bbox 448 4019 763 4077; x_wconf 86' lang='lat' dir='ltr'><strong>quanquam</strong></span> <span class='ocrx_word' id='word_1_450' title='bbox 813 3999 1057 4054; x_wconf 90' lang='lat' dir='ltr'><strong>omnium</strong></span> <span class='ocrx_word' id='word_1_451' title='bbox 1110 3997 1310 4050; x_wconf 76' lang='lat' dir='ltr'><strong>caedem</strong></span> <span class='ocrx_word' id='word_1_452' title='bbox 1341 3994 1612 4061; x_wconf 88' lang='lat' dir='ltr'><strong>spiraret,</strong></span> <span class='ocrx_word' id='word_1_453' title='bbox 1673 4005 1940 4060; x_wconf 90' lang='lat' dir='ltr'><strong>parcere:</strong></span> <span class='ocrx_word' id='word_1_454' title='bbox 1973 3998 2026 4043; x_wconf 90' lang='lat' dir='ltr'>et</span> 
     </span>
    </p>
   </div>
   <div class='ocr_carea' id='block_1_70' title="bbox 448 4083 2023 4168">
    <p class='ocr_par' dir='ltr' id='par_1_70' title="bbox 448 4083 2023 4168">
     <span class='ocr_line' id='line_1_71' title="bbox 448 4083 2023 4168; baseline -0.012 -15"><span class='ocrx_word' id='word_1_455' title='bbox 448 4096 781 4168; x_wconf 82' lang='lat' dir='ltr'><strong>pecuniam,</strong></span> <span class='ocrx_word' id='word_1_456' title='bbox 830 4090 990 4160; x_wconf 88' lang='lat' dir='ltr'><strong>cujus</strong></span> <span class='ocrx_word' id='word_1_457' title='bbox 1042 4102 1228 4142; x_wconf 89' lang='lat' dir='ltr'><strong>am0re</strong></span> <span class='ocrx_word' id='word_1_458' title='bbox 1275 4086 1455 4155; x_wconf 89' lang='lat' dir='ltr'><strong>ipsum</strong></span> <span class='ocrx_word' id='word_1_459' title='bbox 1499 4083 1853 4138; x_wconf 64' lang='lat' dir='ltr'><strong>existimabat</strong></span> <span class='ocrx_word' id='word_1_460' title='bbox 1900 4097 2023 4136; x_wconf 91' lang='lat' dir='ltr'>cum</span> 
     </span>
    </p>
   </div>
   <div class='ocr_carea' id='block_1_71' title="bbox 449 4175 2022 4256">
    <p class='ocr_par' dir='ltr' id='par_1_71' title="bbox 449 4175 2022 4256">
     <span class='ocr_line' id='line_1_72' title="bbox 449 4175 2022 4256; baseline -0.012 -11"><span class='ocrx_word' id='word_1_461' title='bbox 449 4198 605 4245; x_wconf 86' lang='lat' dir='ltr'><strong>tanto</strong></span> <span class='ocrx_word' id='word_1_462' title='bbox 628 4185 976 4256; x_wconf 80' lang='lat' dir='ltr'><strong>antagonista</strong></span> <span class='ocrx_word' id='word_1_463' title='bbox 997 4179 1260 4251; x_wconf 82' lang='lat' dir='ltr'><strong>singulari</strong></span> <span class='ocrx_word' id='word_1_464' title='bbox 1288 4178 1589 4233; x_wconf 86' lang='lat' dir='ltr'><strong>certamine</strong></span> <span class='ocrx_word' id='word_1_465' title='bbox 1605 4191 1848 4246; x_wconf 88' lang='lat' dir='ltr'><strong>pugnare</strong></span> <span class='ocrx_word' id='word_1_466' title='bbox 1867 4175 2022 4241; x_wconf 85' lang='lat' dir='ltr'><strong>velle,</strong></span> 
     </span>
    </p>
   </div>
   <div class='ocr_carea' id='block_1_72' title="bbox 447 4268 2025 4346">
    <p class='ocr_par' dir='ltr' id='par_1_72' title="bbox 447 4268 2025 4346">
     <span class='ocr_line' id='line_1_73' title="bbox 447 4268 2025 4346; baseline -0.01 -10"><span class='ocrx_word' id='word_1_467' title='bbox 447 4283 700 4337; x_wconf 82' lang='lat' dir='ltr'><strong>(laturum</strong></span> <span class='ocrx_word' id='word_1_468' title='bbox 734 4295 794 4333; x_wconf 86' lang='lat' dir='ltr'>se</span> <span class='ocrx_word' id='word_1_469' title='bbox 831 4277 905 4330; x_wconf 92' lang='lat' dir='ltr'><strong>illi</strong></span> <span class='ocrx_word' id='word_1_470' title='bbox 943 4273 1210 4346; x_wconf 90' lang='lat' dir='ltr'><strong>promisit.</strong></span> <span class='ocrx_word' id='word_1_471' title='bbox 1243 4269 1314 4325; x_wconf 87' lang='lat' dir='ltr'><strong>Ut</strong></span> <span class='ocrx_word' id='word_1_472' title='bbox 1356 4271 1542 4340; x_wconf 84' lang='lat' dir='ltr'><strong>itaque</strong></span> <span class='ocrx_word' id='word_1_473' title='bbox 1591 4285 1620 4323; x_wconf 92' lang='lat' dir='ltr'>a</span> <span class='ocrx_word' id='word_1_474' title='bbox 1657 4285 1837 4339; x_wconf 87' lang='lat' dir='ltr'><strong>pugna</strong></span> <span class='ocrx_word' id='word_1_475' title='bbox 1877 4268 2025 4323; x_wconf 89' lang='lat' dir='ltr'><strong>desi-</strong></span> 
     </span>
    </p>
   </div>
   <div class='ocr_carea' id='block_1_73' title="bbox 2123 3076 3710 3149">
    <p class='ocr_par' dir='ltr' id='par_1_73' title="bbox 2123 3076 3710 3149">
     <span class='ocr_line' id='line_1_74' title="bbox 2123 3076 3710 3149; baseline -0.001 -18"><span class='ocrx_word' id='word_1_476' title='bbox 2123 3078 2279 3131; x_wconf 84' lang='grc' dir='ltr'>λευεν</span> <span class='ocrx_word' id='word_1_477' title='bbox 2309 3079 2350 3141; x_wconf 86' lang='grc'>⁷,</span> <span class='ocrx_word' id='word_1_478' title='bbox 2376 3078 2468 3132; x_wconf 76' lang='grc' dir='ltr'>καὶ</span> <span class='ocrx_word' id='word_1_479' title='bbox 2495 3080 2559 3148; x_wconf 86' lang='grc' dir='ltr'>τῇ</span> <span class='ocrx_word' id='word_1_480' title='bbox 2585 3077 2684 3147; x_wconf 83' lang='grc' dir='ltr'>τῆς</span> <span class='ocrx_word' id='word_1_481' title='bbox 2710 3076 3109 3144; x_wconf 82' lang='grc' dir='ltr'>Θεσσαλονίκης</span> <span class='ocrx_word' id='word_1_482' title='bbox 3139 3077 3291 3130; x_wconf 89' lang='grc' dir='ltr'>πόλει</span> <span class='ocrx_word' id='word_1_483' title='bbox 3313 3077 3710 3149; x_wconf 79' lang='grc' dir='ltr'>ἐπεχωρίαζεν,</span> 
     </span>
    </p>
   </div>
   <div class='ocr_carea' id='block_1_74' title="bbox 2124 3168 3716 3241">
    <p class='ocr_par' dir='ltr' id='par_1_74' title="bbox 2124 3168 3716 3241">
     <span class='ocr_line' id='line_1_75' title="bbox 2124 3168 3716 3241; baseline -0.001 -17"><span class='ocrx_word' id='word_1_484' title='bbox 2124 3170 2418 3236; x_wconf 79' lang='grc' dir='ltr'>ἐπορεύετο</span> <span class='ocrx_word' id='word_1_485' title='bbox 2468 3171 2526 3223; x_wconf 83' lang='grc' dir='ltr'>δὲ</span> <span class='ocrx_word' id='word_1_486' title='bbox 2579 3170 2671 3222; x_wconf 75' lang='grc' dir='ltr'>ἐπὶ</span> <span class='ocrx_word' id='word_1_487' title='bbox 2706 3168 2833 3222; x_wconf 88' lang='grc' dir='ltr'>θέαν</span> <span class='ocrx_word' id='word_1_488' title='bbox 2890 3171 3234 3239; x_wconf 86' lang='grc' dir='ltr'>μονομάχων,</span> <span class='ocrx_word' id='word_1_489' title='bbox 3283 3169 3376 3222; x_wconf 65' lang='grc' dir='ltr'>καί¹</span> <span class='ocrx_word' id='word_1_490' title='bbox 3424 3171 3452 3221; x_wconf 89' lang='grc' dir='ltr'>ό</span> <span class='ocrx_word' id='word_1_491' title='bbox 3498 3170 3716 3241; x_wconf 88' lang='grc' dir='ltr'>μάρτυς</span> 
     </span>
    </p>
   </div>
   <div class='ocr_carea' id='block_1_75' title="bbox 2124 3258 3713 3330">
    <p class='ocr_par' dir='ltr' id='par_1_75' title="bbox 2124 3258 3713 3330">
     <span class='ocr_line' id='line_1_76' title="bbox 2124 3258 3713 3330; baseline 0 -17"><span class='ocrx_word' id='word_1_492' title='bbox 2124 3261 2274 3330; x_wconf 87' lang='grc' dir='ltr'>αὑτῷ</span> <span class='ocrx_word' id='word_1_493' title='bbox 2299 3260 2605 3329; x_wconf 81' lang='grc' dir='ltr'>δεδεμένος,</span> <span class='ocrx_word' id='word_1_494' title='bbox 2639 3258 2867 3327; x_wconf 85' lang='grc' dir='ltr'>πλησίον</span> <span class='ocrx_word' id='word_1_495' title='bbox 2900 3276 3002 3311; x_wconf 88' lang='grc' dir='ltr'>που</span> <span class='ocrx_word' id='word_1_496' title='bbox 3033 3260 3314 3330; x_wconf 81' lang='grc' dir='ltr'>γενομένῳ</span> <span class='ocrx_word' id='word_1_497' title='bbox 3344 3259 3436 3312; x_wconf 78' lang='grc' dir='ltr'>τοῦ</span> <span class='ocrx_word' id='word_1_498' title='bbox 3470 3261 3713 3324; x_wconf 87' lang='grc' dir='ltr'>σταδίου,</span> 
     </span>
    </p>
   </div>
   <div class='ocr_carea' id='block_1_76' title="bbox 2125 3351 3716 3422">
    <p class='ocr_par' dir='ltr' id='par_1_76' title="bbox 2125 3351 3716 3422">
     <span class='ocr_line' id='line_1_77' title="bbox 2125 3351 3716 3422; baseline 0.001 -17"><span class='ocrx_word' id='word_1_499' title='bbox 2125 3353 2229 3405; x_wconf 81' lang='grc' dir='ltr'>ὑπὸ</span> <span class='ocrx_word' id='word_1_500' title='bbox 2262 3351 2370 3406; x_wconf 86' lang='grc' dir='ltr'>τῶν</span> <span class='ocrx_word' id='word_1_501' title='bbox 2398 3355 2496 3422; x_wconf 81' lang='grc' dir='ltr'>τῆς</span> <span class='ocrx_word' id='word_1_502' title='bbox 2528 3351 2784 3414; x_wconf 85' lang='grc' dir='ltr'>ἀσεϐείας</span> <span class='ocrx_word' id='word_1_503' title='bbox 2837 3352 3126 3422; x_wconf 75' lang='grc' dir='ltr'>ὑπηρετῶν</span> <span class='ocrx_word' id='word_1_504' title='bbox 3150 3352 3224 3415; x_wconf 85' lang='grc' dir='ltr'>ὡς</span> <span class='ocrx_word' id='word_1_505' title='bbox 3267 3353 3336 3406; x_wconf 87' lang='grc' dir='ltr'>τά</span> <span class='ocrx_word' id='word_1_506' title='bbox 3366 3354 3716 3422; x_wconf 84' lang='grc' dir='ltr'>Χριστιανῶν</span> 
     </span>
    </p>
   </div>
   <div class='ocr_carea' id='block_1_77' title="bbox 2124 3443 3719 3516">
    <p class='ocr_par' dir='ltr' id='par_1_77' title="bbox 2124 3443 3719 3516">
     <span class='ocr_line' id='line_1_78' title="bbox 2124 3443 3719 3516; baseline 0 -18"><span class='ocrx_word' id='word_1_507' title='bbox 2124 3446 2217 3498; x_wconf 76' lang='grc' dir='ltr'>καὶ</span> <span class='ocrx_word' id='word_1_508' title='bbox 2248 3444 2463 3516; x_wconf 79' lang='grc' dir='ltr'>φρονῶν</span> <span class='ocrx_word' id='word_1_509' title='bbox 2498 3445 2592 3496; x_wconf 76' lang='grc' dir='ltr'>καὶ</span> <span class='ocrx_word' id='word_1_510' title='bbox 2619 3443 2911 3516; x_wconf 83' lang='grc' dir='ltr'>κηρύσσων</span> <span class='ocrx_word' id='word_1_511' title='bbox 2935 3445 2956 3476; x_wconf 84' lang='grc'><strong><em>⁸</em></strong></span> <span class='ocrx_word' id='word_1_512' title='bbox 2998 3447 3355 3516; x_wconf 86' lang='grc' dir='ltr'>προσάγεται.</span> <span class='ocrx_word' id='word_1_513' title='bbox 3403 3447 3462 3500; x_wconf 81' lang='grc' dir='ltr'><strong>Ὀ</strong></span> <span class='ocrx_word' id='word_1_514' title='bbox 3491 3447 3546 3499; x_wconf 82' lang='grc' dir='ltr'>δὲ</span> <span class='ocrx_word' id='word_1_515' title='bbox 3575 3447 3719 3516; x_wconf 74' lang='grc' dir='ltr'>πρὸς</span> 
     </span>
    </p>
   </div>
   <div class='ocr_carea' id='block_1_78' title="bbox 2123 3534 3718 3608">
    <p class='ocr_par' dir='ltr' id='par_1_78' title="bbox 2123 3534 3718 3608">
     <span class='ocr_line' id='line_1_79' title="bbox 2123 3534 3718 3608; baseline 0.001 -20"><span class='ocrx_word' id='word_1_516' title='bbox 2123 3535 2222 3606; x_wconf 84' lang='grc' dir='ltr'>τὴν</span> <span class='ocrx_word' id='word_1_517' title='bbox 2252 3535 2382 3588; x_wconf 85' lang='grc' dir='ltr'>θέαν</span> <span class='ocrx_word' id='word_1_518' title='bbox 2411 3534 2662 3587; x_wconf 82' lang='grc' dir='ltr'>σπεύδων</span> <span class='ocrx_word' id='word_1_519' title='bbox 2694 3534 2784 3587; x_wconf 83' lang='grc' dir='ltr'>τὸν</span> <span class='ocrx_word' id='word_1_520' title='bbox 2829 3534 2984 3602; x_wconf 77' lang='grc' dir='ltr'>ἅγιον</span> <span class='ocrx_word' id='word_1_521' title='bbox 3027 3535 3241 3588; x_wconf 83' lang='grc' dir='ltr'>κελεύει</span> <span class='ocrx_word' id='word_1_522' title='bbox 3274 3536 3448 3608; x_wconf 77' lang='grc' dir='ltr'>(παρὰ</span> <span class='ocrx_word' id='word_1_523' title='bbox 3484 3538 3544 3588; x_wconf 73' lang='grc' dir='ltr'>τὸ</span> <span class='ocrx_word' id='word_1_524' title='bbox 3580 3540 3718 3590; x_wconf 81' lang='grc' dir='ltr'>στά-</span> 
     </span>
    </p>
   </div>
   <div class='ocr_carea' id='block_1_79' title="bbox 2123 3627 3716 3700">
    <p class='ocr_par' dir='ltr' id='par_1_79' title="bbox 2123 3627 3716 3700">
     <span class='ocr_line' id='line_1_80' title="bbox 2123 3627 3716 3700; baseline 0.001 -20"><span class='ocrx_word' id='word_1_525' title='bbox 2123 3627 2234 3680; x_wconf 91' lang='grc' dir='ltr'>διον</span> <span class='ocrx_word' id='word_1_526' title='bbox 2282 3628 2390 3698; x_wconf 85' lang='grc' dir='ltr'>γὰρ</span> <span class='ocrx_word' id='word_1_527' title='bbox 2416 3629 2436 3659; x_wconf 83' lang='grc'><strong><em>⁹</em></strong></span> <span class='ocrx_word' id='word_1_528' title='bbox 2468 3628 2695 3696; x_wconf 82' lang='grc' dir='ltr'>λουτρὸν</span> <span class='ocrx_word' id='word_1_529' title='bbox 2739 3628 2998 3697; x_wconf 85' lang='grc' dir='ltr'>δημόσιον</span> <span class='ocrx_word' id='word_1_530' title='bbox 3036 3630 3393 3700; x_wconf 85' lang='grc' dir='ltr'>ἐγειτόνευεν)</span> <span class='ocrx_word' id='word_1_531' title='bbox 3427 3629 3483 3682; x_wconf 80' lang='grc' dir='ltr'>ἔν</span> <span class='ocrx_word' id='word_1_532' title='bbox 3528 3648 3636 3683; x_wconf 89' lang='grc' dir='ltr'>τινι</span> <span class='ocrx_word' id='word_1_533' title='bbox 3671 3632 3716 3663; x_wconf 72' lang='grc' dir='ltr'>’θ</span> 
     </span>
    </p>
   </div>
   <div class='ocr_carea' id='block_1_80' title="bbox 2125 3716 3716 3792">
    <p class='ocr_par' dir='ltr' id='par_1_80' title="bbox 2125 3716 3716 3792">
     <span class='ocr_line' id='line_1_81' title="bbox 2125 3716 3716 3792; baseline 0.003 -21"><span class='ocrx_word' id='word_1_534' title='bbox 2125 3718 2317 3771; x_wconf 86' lang='grc' dir='ltr'>τούτου</span> <span class='ocrx_word' id='word_1_535' title='bbox 2342 3719 2694 3789; x_wconf 84' lang='grc' dir='ltr'>φρουρεῖσθαι</span> <span class='ocrx_word' id='word_1_536' title='bbox 2731 3721 2980 3790; x_wconf 82' lang='grc' dir='ltr'>καμάρᾳ.</span> <span class='ocrx_word' id='word_1_537' title='bbox 3010 3716 3117 3772; x_wconf 89' lang='grc' dir='ltr'>Ἦν</span> <span class='ocrx_word' id='word_1_538' title='bbox 3142 3720 3198 3773; x_wconf 83' lang='grc' dir='ltr'>δὲ</span> <span class='ocrx_word' id='word_1_539' title='bbox 3234 3721 3343 3774; x_wconf 87' lang='grc' dir='ltr'>τῶν</span> <span class='ocrx_word' id='word_1_540' title='bbox 3389 3724 3716 3792; x_wconf 84' lang='grc' dir='ltr'>μονομάχων</span> 
     </span>
    </p>
   </div>
   <div class='ocr_carea' id='block_1_81' title="bbox 2124 3810 3716 3882">
    <p class='ocr_par' dir='ltr' id='par_1_81' title="bbox 2124 3810 3716 3882">
     <span class='ocr_line' id='line_1_82' title="bbox 2124 3810 3716 3882; baseline 0.002 -20"><span class='ocrx_word' id='word_1_541' title='bbox 2124 3811 2153 3862; x_wconf 85' lang='grc' dir='ltr'>ὁ</span> <span class='ocrx_word' id='word_1_542' title='bbox 2188 3811 2420 3878; x_wconf 83' lang='grc' dir='ltr'>μάλιστα</span> <span class='ocrx_word' id='word_1_543' title='bbox 2467 3810 2544 3880; x_wconf 82' lang='grc' dir='ltr'>τῷ</span> <span class='ocrx_word' id='word_1_544' title='bbox 2596 3811 2844 3881; x_wconf 83' lang='grc' dir='ltr'>τυράννῳ</span> <span class='ocrx_word' id='word_1_545' title='bbox 2891 3812 2984 3863; x_wconf 79' lang='grc' dir='ltr'>καὶ</span> <span class='ocrx_word' id='word_1_546' title='bbox 3026 3811 3349 3882; x_wconf 84' lang='grc' dir='ltr'>φιλούμενος</span> <span class='ocrx_word' id='word_1_547' title='bbox 3393 3813 3488 3865; x_wconf 74' lang='grc' dir='ltr'>καὶ</span> <span class='ocrx_word' id='word_1_548' title='bbox 3536 3813 3716 3865; x_wconf 86' lang='grc' dir='ltr'>δοκῶν</span> 
     </span>
    </p>
   </div>
   <div class='ocr_carea' id='block_1_82' title="bbox 2125 3901 3715 3973">
    <p class='ocr_par' dir='ltr' id='par_1_82' title="bbox 2125 3901 3715 3973">
     <span class='ocr_line' id='line_1_83' title="bbox 2125 3901 3715 3973; baseline 0.001 -18"><span class='ocrx_word' id='word_1_549' title='bbox 2125 3903 2266 3955; x_wconf 74' lang='grc' dir='ltr'>κατὰ</span> <span class='ocrx_word' id='word_1_550' title='bbox 2291 3903 2508 3956; x_wconf 86' lang='grc' dir='ltr'>πάντων</span> <span class='ocrx_word' id='word_1_551' title='bbox 2539 3901 2853 3972; x_wconf 87' lang='grc' dir='ltr'>ἀριστεύειν</span> <span class='ocrx_word' id='word_1_552' title='bbox 2874 3903 3076 3964; x_wconf 84' lang='grc' dir='ltr'>Λυαῖος</span> <span class='ocrx_word' id='word_1_553' title='bbox 3103 3902 3295 3973; x_wconf 76' lang='grc' dir='ltr'>ὄνομα.</span> <span class='ocrx_word' id='word_1_554' title='bbox 3331 3904 3390 3956; x_wconf 88' lang='lat'>&#39;0</span> <span class='ocrx_word' id='word_1_555' title='bbox 3416 3904 3472 3956; x_wconf 83' lang='grc' dir='ltr'>δὲ</span> <span class='ocrx_word' id='word_1_556' title='bbox 3497 3904 3715 3973; x_wconf 81' lang='grc' dir='ltr'>μέλλων</span> 
     </span>
    </p>
   </div>
   <div class='ocr_carea' id='block_1_83' title="bbox 2126 3993 3716 4067">
    <p class='ocr_par' dir='ltr' id='par_1_83' title="bbox 2126 3993 3716 4067">
     <span class='ocr_line' id='line_1_84' title="bbox 2126 3993 3716 4067; baseline 0.001 -19"><span class='ocrx_word' id='word_1_557' title='bbox 2126 3996 2247 4048; x_wconf 90' lang='grc' dir='ltr'>κατ’</span> <span class='ocrx_word' id='word_1_558' title='bbox 2291 3997 2507 4064; x_wconf 82' lang='grc' dir='ltr'>ἐκείνην</span> <span class='ocrx_word' id='word_1_559' title='bbox 2545 3997 2643 4066; x_wconf 83' lang='grc' dir='ltr'>τὴν</span> <span class='ocrx_word' id='word_1_560' title='bbox 2689 3997 2902 4066; x_wconf 78' lang='grc' dir='ltr'>ἡμέραν</span> <span class='ocrx_word' id='word_1_561' title='bbox 2942 3996 3408 4064; x_wconf 75' lang='grc' dir='ltr'>ἀνταγωνίζεσθαι</span> <span class='ocrx_word' id='word_1_562' title='bbox 3452 3997 3602 4067; x_wconf 89' lang='grc' dir='ltr'>αὑτῷ</span> <span class='ocrx_word' id='word_1_563' title='bbox 3629 3993 3716 4062; x_wconf 80' lang='grc' dir='ltr'>εἷς</span> 
     </span>
    </p>
   </div>
   <div class='ocr_carea' id='block_1_84' title="bbox 2127 4083 3715 4159">
    <p class='ocr_par' dir='ltr' id='par_1_84' title="bbox 2127 4083 3715 4159">
     <span class='ocr_line' id='line_1_85' title="bbox 2127 4083 3715 4159; baseline 0.002 -21"><span class='ocrx_word' id='word_1_564' title='bbox 2127 4087 2224 4156; x_wconf 83' lang='grc' dir='ltr'>μὲν</span> <span class='ocrx_word' id='word_1_565' title='bbox 2259 4083 2326 4157; x_wconf 75' lang='grc' dir='ltr'>ἦν</span> <span class='ocrx_word' id='word_1_566' title='bbox 2355 4088 2450 4140; x_wconf 79' lang='grc' dir='ltr'>τοῦ</span> <span class='ocrx_word' id='word_1_567' title='bbox 2486 4089 2680 4159; x_wconf 87' lang='grc' dir='ltr'>δήμου,</span> <span class='ocrx_word' id='word_1_568' title='bbox 2717 4087 2836 4150; x_wconf 83' lang='grc' dir='ltr'>νέος</span> <span class='ocrx_word' id='word_1_569' title='bbox 2859 4087 2916 4140; x_wconf 84' lang='grc' dir='ltr'>δὲ</span> <span class='ocrx_word' id='word_1_570' title='bbox 2939 4087 3038 4158; x_wconf 82' lang='grc' dir='ltr'>τὴν</span> <span class='ocrx_word' id='word_1_571' title='bbox 3060 4089 3296 4158; x_wconf 78' lang='grc' dir='ltr'>ἡλικίαν,</span> <span class='ocrx_word' id='word_1_572' title='bbox 3331 4088 3426 4141; x_wconf 82' lang='grc' dir='ltr'>καὶ</span> <span class='ocrx_word' id='word_1_573' title='bbox 3447 4089 3547 4158; x_wconf 84' lang='grc' dir='ltr'>τὴν</span> <span class='ocrx_word' id='word_1_574' title='bbox 3574 4089 3715 4159; x_wconf 86' lang='grc' dir='ltr'>κλῆ-</span> 
     </span>
    </p>
   </div>
   <div class='ocr_carea' id='block_1_85' title="bbox 2127 4177 3714 4252">
    <p class='ocr_par' dir='ltr' id='par_1_85' title="bbox 2127 4177 3714 4252">
     <span class='ocr_line' id='line_1_86' title="bbox 2127 4177 3714 4252; baseline 0.003 -22"><span class='ocrx_word' id='word_1_575' title='bbox 2127 4195 2210 4231; x_wconf 92' lang='grc' dir='ltr'>σιν</span> <span class='ocrx_word' id='word_1_576' title='bbox 2241 4179 2488 4247; x_wconf 86' lang='grc' dir='ltr'>Νέστωρ.</span> <span class='ocrx_word' id='word_1_577' title='bbox 2537 4180 2594 4232; x_wconf 86' lang='lat'>&#39;0</span> <span class='ocrx_word' id='word_1_578' title='bbox 2628 4179 2686 4232; x_wconf 75' lang='grc' dir='ltr'>δὲ</span> <span class='ocrx_word' id='word_1_579' title='bbox 2735 4179 2998 4249; x_wconf 90' lang='grc' dir='ltr'>τύραννος</span> <span class='ocrx_word' id='word_1_580' title='bbox 3045 4179 3222 4245; x_wconf 77' lang='grc' dir='ltr'>ἔδοξεν</span> <span class='ocrx_word' id='word_1_581' title='bbox 3248 4179 3412 4234; x_wconf 79' lang='grc' dir='ltr'>αὑτοῦ</span> <span class='ocrx_word' id='word_1_582' title='bbox 3465 4181 3560 4250; x_wconf 81' lang='grc' dir='ltr'>τῆς</span> <span class='ocrx_word' id='word_1_583' title='bbox 3593 4177 3714 4252; x_wconf 81' lang='grc' dir='ltr'>ἡλι-</span> 
     </span>
    </p>
   </div>
   <div class='ocr_carea' id='block_1_86' title="bbox 2125 4269 3719 4340">
    <p class='ocr_par' dir='ltr' id='par_1_86' title="bbox 2125 4269 3719 4340">
     <span class='ocr_line' id='line_1_87' title="bbox 2125 4269 3719 4340; baseline 0.003 -18"><span class='ocrx_word' id='word_1_584' title='bbox 2125 4269 2272 4332; x_wconf 85' lang='grc' dir='ltr'>κίας,</span> <span class='ocrx_word' id='word_1_585' title='bbox 2309 4271 2486 4322; x_wconf 87' lang='grc' dir='ltr'>καίτοι</span> <span class='ocrx_word' id='word_1_586' title='bbox 2525 4269 2840 4338; x_wconf 81' lang='grc' dir='ltr'>μιαιφονίαν</span> <span class='ocrx_word' id='word_1_587' title='bbox 2871 4270 3014 4323; x_wconf 90' lang='grc' dir='ltr'>κατά</span> <span class='ocrx_word' id='word_1_588' title='bbox 3045 4269 3263 4324; x_wconf 86' lang='grc' dir='ltr'>πάντων</span> <span class='ocrx_word' id='word_1_589' title='bbox 3292 4272 3490 4338; x_wconf 84' lang='grc' dir='ltr'>πνέων,</span> <span class='ocrx_word' id='word_1_590' title='bbox 3522 4273 3719 4340; x_wconf 80' lang='grc' dir='ltr'>φείδε-</span> 
     </span>
    </p>
   </div>
   <div class='ocr_carea' id='block_1_87' title="bbox 448 4353 2017 4434">
    <p class='ocr_par' dir='ltr' id='par_1_87' title="bbox 448 4357 2017 4430">
     <span class='ocr_line' id='line_1_88' title="bbox 448 4357 2017 4430; baseline -0.01 -3"><span class='ocrx_word' id='word_1_591' title='bbox 448 4369 618 4427; x_wconf 78' lang='lat' dir='ltr'><strong>s‘teret</strong></span> <span class='ocrx_word' id='word_1_592' title='bbox 662 4367 844 4422; x_wconf 86' lang='lat' dir='ltr'><strong>lethali</strong></span> <span class='ocrx_word' id='word_1_593' title='bbox 877 4365 1084 4428; x_wconf 86' lang='lat' dir='ltr'><strong>futura,</strong></span> <span class='ocrx_word' id='word_1_594' title='bbox 1130 4363 1362 4416; x_wconf 90' lang='lat' dir='ltr'><strong>monuit.</strong></span> <span class='ocrx_word' id='word_1_595' title='bbox 1407 4361 1633 4430; x_wconf 82' lang='lat' dir='ltr'><strong>Excepit</strong></span> <span class='ocrx_word' id='word_1_596' title='bbox 1660 4357 1854 4414; x_wconf 88' lang='lat' dir='ltr'><strong>Nestor</strong></span> <span class='ocrx_word' id='word_1_597' title='bbox 1908 4374 2017 4413; x_wconf 91' lang='lat' dir='ltr'>non</span> 
     </span>
    </p>
   </div>
   <div class='ocr_carea' id='block_1_88' title="bbox 2127 4353 3715 4434">
    <p class='ocr_par' dir='ltr' id='par_1_88' title="bbox 2128 4353 3715 4434">
     <span class='ocr_line' id='line_1_89' title="bbox 2128 4353 3715 4434; baseline 0.002 -20"><span class='ocrx_word' id='word_1_598' title='bbox 2128 4361 2294 4414; x_wconf 89' lang='grc' dir='ltr'>σθαι·</span> <span class='ocrx_word' id='word_1_599' title='bbox 2326 4363 2422 4414; x_wconf 76' lang='grc' dir='ltr'>καὶ</span> <span class='ocrx_word' id='word_1_600' title='bbox 2468 4363 2729 4432; x_wconf 85' lang='grc' dir='ltr'>χρήματα</span> <span class='ocrx_word' id='word_1_601' title='bbox 2760 4362 2878 4430; x_wconf 80' lang='grc' dir='ltr'>μὲν,</span> <span class='ocrx_word' id='word_1_602' title='bbox 2915 4353 2991 4415; x_wconf 85' lang='grc' dir='ltr'>ὧν</span> <span class='ocrx_word' id='word_1_603' title='bbox 3040 4361 3251 4432; x_wconf 78' lang='grc' dir='ltr'>ἐρῶντα</span> <span class='ocrx_word' id='word_1_604' title='bbox 3284 4362 3420 4431; x_wconf 81' lang='grc' dir='ltr'>πρὸς</span> <span class='ocrx_word' id='word_1_605' title='bbox 3467 4365 3569 4434; x_wconf 86' lang='grc' dir='ltr'>τὴν</span> <span class='ocrx_word' id='word_1_606' title='bbox 3616 4365 3715 4417; x_wconf 75' lang='grc' dir='ltr'>τοῦ</span> 
     </span>
    </p>
   </div>
   <div class='ocr_carea' id='block_1_89' title="bbox 446 4452 2018 4533">
    <p class='ocr_par' dir='ltr' id='par_1_89' title="bbox 446 4452 2018 4533">
     <span class='ocr_line' id='line_1_90' title="bbox 446 4452 2018 4533; baseline -0.007 -17"><span class='ocrx_word' id='word_1_607' title='bbox 446 4459 734 4533; x_wconf 87' lang='lat' dir='ltr'><strong>pecuniam</strong></span> <span class='ocrx_word' id='word_1_608' title='bbox 768 4471 954 4511; x_wconf 83' lang='lat' dir='ltr'><strong>amare</strong></span> <span class='ocrx_word' id='word_1_609' title='bbox 987 4471 1068 4519; x_wconf 89' lang='lat' dir='ltr'>se,</span> <span class='ocrx_word' id='word_1_610' title='bbox 1097 4454 1188 4509; x_wconf 89' lang='lat' dir='ltr'>sed</span> <span class='ocrx_word' id='word_1_611' title='bbox 1206 4454 1459 4524; x_wconf 79' lang='lat' dir='ltr'><strong>gloriam,</strong></span> <span class='ocrx_word' id='word_1_612' title='bbox 1492 4468 1652 4522; x_wconf 88' lang='lat' dir='ltr'><strong>quam</strong></span> <span class='ocrx_word' id='word_1_613' title='bbox 1674 4452 1768 4522; x_wconf 91' lang='lat' dir='ltr'>qui</span> <span class='ocrx_word' id='word_1_614' title='bbox 1801 4452 2018 4523; x_wconf 71' lang='lat' dir='ltr'><strong>Lyzeum</strong></span> 
     </span>
    </p>
   </div>
   <div class='ocr_carea' id='block_1_90' title="bbox 448 4543 2020 4614">
    <p class='ocr_par' dir='ltr' id='par_1_90' title="bbox 448 4543 2020 4614">
     <span class='ocr_line' id='line_1_91' title="bbox 448 4543 2020 4614; baseline -0.007 -7"><span class='ocrx_word' id='word_1_615' title='bbox 448 4550 838 4612; x_wconf 86' lang='lat' dir='ltr'><strong>interemisset,</strong></span> <span class='ocrx_word' id='word_1_616' title='bbox 881 4552 1321 4614; x_wconf 89' lang='lat' dir='ltr'><strong>consequeretur.</strong></span> <span class='ocrx_word' id='word_1_617' title='bbox 1362 4543 1459 4598; x_wconf 82' lang='lat' dir='ltr'><strong>His</strong></span> <span class='ocrx_word' id='word_1_618' title='bbox 1493 4544 1672 4609; x_wconf 86' lang='lat' dir='ltr'><strong>dictis,</strong></span> <span class='ocrx_word' id='word_1_619' title='bbox 1711 4544 1763 4597; x_wconf 91' lang='lat' dir='ltr'>in</span> <span class='ocrx_word' id='word_1_620' title='bbox 1797 4559 2020 4598; x_wconf 84' lang='lat' dir='ltr'><strong>arenam</strong></span> 
     </span>
    </p>
   </div>
   <div class='ocr_carea' id='block_1_91' title="bbox 448 4635 2022 4706">
    <p class='ocr_par' dir='ltr' id='par_1_91' title="bbox 448 4635 2022 4706">
     <span class='ocr_line' id='line_1_92' title="bbox 448 4635 2022 4706; baseline -0.006 -7"><span class='ocrx_word' id='word_1_621' title='bbox 448 4639 790 4699; x_wconf 85' lang='lat' dir='ltr'><strong>descendens</strong></span> <span class='ocrx_word' id='word_1_622' title='bbox 832 4635 1124 4693; x_wconf 91' lang='lat' dir='ltr'><strong>confestim</strong></span> <span class='ocrx_word' id='word_1_623' title='bbox 1158 4651 1320 4700; x_wconf 89' lang='lat' dir='ltr'><strong>eum,</strong></span> <span class='ocrx_word' id='word_1_624' title='bbox 1376 4636 1466 4704; x_wconf 92' lang='lat' dir='ltr'>qui</span> <span class='ocrx_word' id='word_1_625' title='bbox 1522 4637 1766 4690; x_wconf 89' lang='lat' dir='ltr'><strong>omnium</strong></span> <span class='ocrx_word' id='word_1_626' title='bbox 1815 4637 2022 4706; x_wconf 90' lang='lat' dir='ltr'><strong>judicio</strong></span> 
     </span>
    </p>
   </div>
   <div class='ocr_carea' id='block_1_92' title="bbox 446 4729 2025 4808">
    <p class='ocr_par' dir='ltr' id='par_1_92' title="bbox 446 4729 2025 4808">
     <span class='ocr_line' id='line_1_93' title="bbox 446 4729 2025 4808; baseline -0.005 -18"><span class='ocrx_word' id='word_1_627' title='bbox 446 4737 658 4808; x_wconf 91' lang='lat' dir='ltr'><strong>primus</strong></span> <span class='ocrx_word' id='word_1_628' title='bbox 687 4732 914 4793; x_wconf 88' lang='lat' dir='ltr'><strong>ferebat,</strong></span> <span class='ocrx_word' id='word_1_629' title='bbox 938 4737 1271 4799; x_wconf 89' lang='lat' dir='ltr'><strong>prostratum</strong></span> <span class='ocrx_word' id='word_1_630' title='bbox 1303 4729 1549 4791; x_wconf 87' lang='lat' dir='ltr'><strong>necavit,</strong></span> <span class='ocrx_word' id='word_1_631' title='bbox 1589 4731 1682 4783; x_wconf 89' lang='lat' dir='ltr'>sed</span> <span class='ocrx_word' id='word_1_632' title='bbox 1726 4730 1857 4782; x_wconf 92' lang='lat' dir='ltr'><strong>nihil</strong></span> <span class='ocrx_word' id='word_1_633' title='bbox 1891 4745 2025 4785; x_wconf 88' lang='lat' dir='ltr'><strong>con-</strong></span> 
     </span>
    </p>
   </div>
   <div class='ocr_carea' id='block_1_93' title="bbox 448 4821 2020 4891">
    <p class='ocr_par' dir='ltr' id='par_1_93' title="bbox 448 4821 2020 4891">
     <span class='ocr_line' id='line_1_94' title="bbox 448 4821 2020 4891; baseline -0.007 -5"><span class='ocrx_word' id='word_1_634' title='bbox 448 4839 670 4886; x_wconf 86' lang='lat' dir='ltr'><strong>secutus</strong></span> <span class='ocrx_word' id='word_1_635' title='bbox 699 4835 784 4881; x_wconf 89' lang='lat' dir='ltr'>est</span> <span class='ocrx_word' id='word_1_636' title='bbox 813 4839 1002 4880; x_wconf 88' lang='lat' dir='ltr'><strong>eorum</strong></span> <span class='ocrx_word' id='word_1_637' title='bbox 1037 4837 1160 4891; x_wconf 73' lang='lat' dir='ltr'><strong>quae</strong></span> <span class='ocrx_word' id='word_1_638' title='bbox 1189 4821 1489 4877; x_wconf 86' lang='lat' dir='ltr'><strong>victoribus</strong></span> <span class='ocrx_word' id='word_1_639' title='bbox 1529 4823 1800 4890; x_wconf 90' lang='lat' dir='ltr'><strong>proposita</strong></span> <span class='ocrx_word' id='word_1_640' title='bbox 1832 4830 2020 4875; x_wconf 88' lang='lat' dir='ltr'><strong>erant:</strong></span> 
     </span>
    </p>
   </div>
   <div class='ocr_carea' id='block_1_94' title="bbox 450 4911 2018 4982">
    <p class='ocr_par' dir='ltr' id='par_1_94' title="bbox 450 4911 2018 4982">
     <span class='ocr_line' id='line_1_95' title="bbox 450 4911 2018 4982; baseline -0.006 -9"><span class='ocrx_word' id='word_1_641' title='bbox 450 4917 784 4974; x_wconf 89' lang='lat' dir='ltr'><strong>intolerabili</strong></span> <span class='ocrx_word' id='word_1_642' title='bbox 807 4930 937 4970; x_wconf 88' lang='lat' dir='ltr'><strong>vero</strong></span> <span class='ocrx_word' id='word_1_643' title='bbox 969 4913 1158 4967; x_wconf 88' lang='lat' dir='ltr'><strong>dolore</strong></span> <span class='ocrx_word' id='word_1_644' title='bbox 1181 4921 1234 4966; x_wconf 89' lang='lat' dir='ltr'>et</span> <span class='ocrx_word' id='word_1_645' title='bbox 1281 4911 1352 4968; x_wconf 89' lang='lat' dir='ltr'>ita</span> <span class='ocrx_word' id='word_1_646' title='bbox 1379 4922 1666 4982; x_wconf 86' lang='lat' dir='ltr'><strong>tyrannum</strong></span> <span class='ocrx_word' id='word_1_647' title='bbox 1707 4911 2018 4980; x_wconf 86' lang='lat' dir='ltr'><strong>complevit,</strong></span> 
     </span>
    </p>
   </div>
   <div class='ocr_carea' id='block_1_95' title="bbox 448 5003 2024 5080">
    <p class='ocr_par' dir='ltr' id='par_1_95' title="bbox 448 5003 2024 5080">
     <span class='ocr_line' id='line_1_96' title="bbox 448 5003 2024 5080; baseline -0.007 -13"><span class='ocrx_word' id='word_1_648' title='bbox 448 5023 504 5068; x_wconf 84' lang='lat' dir='ltr'>et</span> <span class='ocrx_word' id='word_1_649' title='bbox 553 5023 783 5080; x_wconf 86' lang='lat' dir='ltr'><strong>surgens</strong></span> <span class='ocrx_word' id='word_1_650' title='bbox 825 5023 855 5061; x_wconf 89' lang='lat' dir='ltr'>e</span> <span class='ocrx_word' id='word_1_651' title='bbox 903 5004 1186 5068; x_wconf 88' lang='lat' dir='ltr'><strong>cathedra,</strong></span> <span class='ocrx_word' id='word_1_652' title='bbox 1223 5003 1302 5057; x_wconf 90' lang='lat' dir='ltr'>ira</span> <span class='ocrx_word' id='word_1_653' title='bbox 1338 5004 1599 5057; x_wconf 90' lang='lat' dir='ltr'><strong>incensus</strong></span> <span class='ocrx_word' id='word_1_654' title='bbox 1639 5003 1789 5056; x_wconf 88' lang='lat' dir='ltr'><strong>illinc</strong></span> <span class='ocrx_word' id='word_1_655' title='bbox 1825 5003 2024 5072; x_wconf 90' lang='lat' dir='ltr'><strong>impius</strong></span> 
     </span>
    </p>
   </div>
   <div class='ocr_carea' id='block_1_96' title="bbox 449 5094 2025 5163">
    <p class='ocr_par' dir='ltr' id='par_1_96' title="bbox 449 5094 2025 5163">
     <span class='ocr_line' id='line_1_97' title="bbox 449 5094 2025 5163; baseline -0.006 -6"><span class='ocrx_word' id='word_1_656' title='bbox 449 5102 672 5157; x_wconf 87' lang='lat' dir='ltr'><strong>domum</strong></span> <span class='ocrx_word' id='word_1_657' title='bbox 697 5099 950 5153; x_wconf 87' lang='lat' dir='ltr'><strong>discedit.</strong></span> <span class='ocrx_word' id='word_1_658' title='bbox 973 5095 1109 5151; x_wconf 89' lang='lat' dir='ltr'><strong>Cum</strong></span> <span class='ocrx_word' id='word_1_659' title='bbox 1134 5111 1263 5149; x_wconf 85' lang='lat' dir='ltr'><strong>vero</strong></span> <span class='ocrx_word' id='word_1_660' title='bbox 1317 5095 1392 5148; x_wconf 89' lang='lat' dir='ltr'><strong>illi</strong></span> <span class='ocrx_word' id='word_1_661' title='bbox 1434 5095 1656 5163; x_wconf 88' lang='lat' dir='ltr'><strong>quidam</strong></span> <span class='ocrx_word' id='word_1_662' title='bbox 1691 5111 1719 5146; x_wconf 89' lang='lat' dir='ltr'>a</span> <span class='ocrx_word' id='word_1_663' title='bbox 1755 5094 2025 5148; x_wconf 85' lang='lat' dir='ltr'><strong>Demetrio</strong></span> 
     </span>
    </p>
   </div>
   <div class='ocr_carea' id='block_1_97' title="bbox 452 5189 2025 5264">
    <p class='ocr_par' dir='ltr' id='par_1_97' title="bbox 452 5189 2025 5264">
     <span class='ocr_line' id='line_1_98' title="bbox 452 5189 2025 5264; baseline -0.004 -16"><span class='ocrx_word' id='word_1_664' title='bbox 452 5203 693 5264; x_wconf 82' lang='lat' dir='ltr'><strong>martyre</strong></span> <span class='ocrx_word' id='word_1_665' title='bbox 725 5191 1040 5246; x_wconf 89' lang='lat' dir='ltr'><strong>nuntiarent</strong></span> <span class='ocrx_word' id='word_1_666' title='bbox 1072 5205 1357 5245; x_wconf 84' lang='lat' dir='ltr'><strong>sermones</strong></span> <span class='ocrx_word' id='word_1_667' title='bbox 1394 5208 1407 5242; x_wconf 74' lang='grc' dir='ltr'>ε</span> <span class='ocrx_word' id='word_1_668' title='bbox 1441 5190 1596 5256; x_wconf 89' lang='lat' dir='ltr'><strong>quasi</strong></span> <span class='ocrx_word' id='word_1_669' title='bbox 1634 5189 1818 5241; x_wconf 86' lang='lat' dir='ltr'><strong>furore</strong></span> <span class='ocrx_word' id='word_1_670' title='bbox 1859 5199 2025 5256; x_wconf 85' lang='lat' dir='ltr'><strong>atque</strong></span> 
     </span>
    </p>
   </div>
   <div class='ocr_carea' id='block_1_98' title="bbox 451 5277 2025 5354">
    <p class='ocr_par' dir='ltr' id='par_1_98' title="bbox 451 5277 2025 5354">
     <span class='ocr_line' id='line_1_99' title="bbox 451 5277 2025 5354; baseline -0.005 -14"><span class='ocrx_word' id='word_1_671' title='bbox 451 5285 729 5354; x_wconf 87' lang='lat' dir='ltr'><strong>impietate</strong></span> <span class='ocrx_word' id='word_1_672' title='bbox 757 5281 963 5347; x_wconf 86' lang='lat' dir='ltr'><strong>ebrius,</strong></span> <span class='ocrx_word' id='word_1_673' title='bbox 996 5279 1270 5352; x_wconf 83' lang='lat' dir='ltr'><strong>simulque</strong></span> <span class='ocrx_word' id='word_1_674' title='bbox 1309 5291 1481 5344; x_wconf 89' lang='lat' dir='ltr'><strong>ratus,</strong></span> <span class='ocrx_word' id='word_1_675' title='bbox 1538 5295 1696 5334; x_wconf 89' lang='lat' dir='ltr'><strong>omen</strong></span> <span class='ocrx_word' id='word_1_676' title='bbox 1725 5277 2025 5334; x_wconf 85' lang='lat' dir='ltr'><strong>infaustum</strong></span> 
     </span>
    </p>
   </div>
   <div class='ocr_carea' id='block_1_99' title="bbox 2129 4453 3715 4527">
    <p class='ocr_par' dir='ltr' id='par_1_99' title="bbox 2129 4453 3715 4527">
     <span class='ocr_line' id='line_1_100' title="bbox 2129 4453 3715 4527; baseline 0.003 -21"><span class='ocrx_word' id='word_1_677' title='bbox 2129 4454 2451 4524; x_wconf 84' lang='grc' dir='ltr'>τηλικούτου</span> <span class='ocrx_word' id='word_1_678' title='bbox 2510 4453 2916 4521; x_wconf 83' lang='grc' dir='ltr'>ἀνταγωνιστοῦ</span> <span class='ocrx_word' id='word_1_679' title='bbox 2975 4457 3310 4524; x_wconf 80' lang='grc' dir='ltr'>μονομαχίαν</span> <span class='ocrx_word' id='word_1_680' title='bbox 3359 4457 3715 4527; x_wconf 79' lang='grc' dir='ltr'>ἐπιῤῥίπτειν</span> 
     </span>
    </p>
   </div>
   <div class='ocr_carea' id='block_1_100' title="bbox 2132 4547 3716 4619">
    <p class='ocr_par' dir='ltr' id='par_1_100' title="bbox 2132 4547 3716 4619">
     <span class='ocr_line' id='line_1_101' title="bbox 2132 4547 3716 4619; baseline 0.002 -18"><span class='ocrx_word' id='word_1_681' title='bbox 2132 4549 2321 4601; x_wconf 77' lang='grc' dir='ltr'>ἑαυτὸν</span> <span class='ocrx_word' id='word_1_682' title='bbox 2350 4548 2587 4617; x_wconf 75' lang='grc' dir='ltr'>ἐνόμιζε,</span> <span class='ocrx_word' id='word_1_683' title='bbox 2617 4547 2809 4600; x_wconf 84' lang='grc' dir='ltr'>δώσειν</span> <span class='ocrx_word' id='word_1_684' title='bbox 2842 4547 3173 4617; x_wconf 87' lang='grc' dir='ltr'>ὑπισχνεῖτο,</span> <span class='ocrx_word' id='word_1_685' title='bbox 3209 4550 3510 4619; x_wconf 82' lang='grc' dir='ltr'>ἀποστῆναι</span> <span class='ocrx_word' id='word_1_686' title='bbox 3539 4549 3595 4603; x_wconf 87' lang='grc' dir='ltr'>δὲ</span> <span class='ocrx_word' id='word_1_687' title='bbox 3617 4552 3716 4604; x_wconf 77' lang='grc' dir='ltr'>τοῦ</span> 
     </span>
    </p>
   </div>
   <div class='ocr_carea' id='block_1_101' title="bbox 2132 4638 3720 4716">
    <p class='ocr_par' dir='ltr' id='par_1_101' title="bbox 2132 4638 3720 4716">
     <span class='ocr_line' id='line_1_102' title="bbox 2132 4638 3720 4716; baseline 0.002 -22"><span class='ocrx_word' id='word_1_688' title='bbox 2132 4639 2343 4706; x_wconf 86' lang='grc' dir='ltr'>ἀγῶνος</span> <span class='ocrx_word' id='word_1_689' title='bbox 2363 4639 2437 4703; x_wconf 88' lang='grc' dir='ltr'>ὡς</span> <span class='ocrx_word' id='word_1_690' title='bbox 2453 4639 2697 4711; x_wconf 86' lang='grc' dir='ltr'>ὀλεθρίου</span> <span class='ocrx_word' id='word_1_691' title='bbox 2713 4638 2862 4711; x_wconf 85' lang='grc' dir='ltr'>αὑτῷ</span> <span class='ocrx_word' id='word_1_692' title='bbox 2879 4639 3136 4710; x_wconf 81' lang='grc' dir='ltr'>ἐσομένου</span> <span class='ocrx_word' id='word_1_693' title='bbox 3157 4641 3409 4711; x_wconf 83' lang='grc' dir='ltr'>παρῄνει.</span> <span class='ocrx_word' id='word_1_694' title='bbox 3429 4640 3598 4712; x_wconf 69' lang='grc'>[1405</span> <span class='ocrx_word' id='word_1_695' title='bbox 3621 4643 3720 4716; x_wconf 51' lang='grc' dir='ltr'>ιι]</span> 
     </span>
    </p>
   </div>
   <div class='ocr_carea' id='block_1_102' title="bbox 2148 4731 3721 4806">
    <p class='ocr_par' dir='ltr' id='par_1_102' title="bbox 2148 4731 3721 4806">
     <span class='ocr_line' id='line_1_103' title="bbox 2148 4731 3721 4806; baseline 0.003 -23"><span class='ocrx_word' id='word_1_696' title='bbox 2148 4731 2204 4784; x_wconf 84' lang='lat'>&#39;0</span> <span class='ocrx_word' id='word_1_697' title='bbox 2237 4731 2294 4784; x_wconf 85' lang='grc' dir='ltr'>δὲ</span> <span class='ocrx_word' id='word_1_698' title='bbox 2332 4732 2560 4801; x_wconf 84' lang='grc' dir='ltr'>Νέστωρ</span> <span class='ocrx_word' id='word_1_699' title='bbox 2591 4732 2691 4784; x_wconf 85' lang='grc' dir='ltr'>οὑκ</span> <span class='ocrx_word' id='word_1_700' title='bbox 2731 4731 2834 4801; x_wconf 79' lang='grc' dir='ltr'>ἔφη</span> <span class='ocrx_word' id='word_1_701' title='bbox 2877 4733 3198 4804; x_wconf 87' lang='grc' dir='ltr'>χρημάτων,</span> <span class='ocrx_word' id='word_1_702' title='bbox 3235 4732 3389 4802; x_wconf 82' lang='grc' dir='ltr'>δόξης</span> <span class='ocrx_word' id='word_1_703' title='bbox 3422 4733 3466 4786; x_wconf 88' lang='grc' dir='ltr'>δ’</span> <span class='ocrx_word' id='word_1_704' title='bbox 3509 4734 3550 4765; x_wconf 86' lang='grc'>¹¹</span> <span class='ocrx_word' id='word_1_705' title='bbox 3580 4736 3721 4806; x_wconf 77' lang='grc' dir='ltr'>ἐρᾷν</span> 
     </span>
    </p>
   </div>
   <div class='ocr_carea' id='block_1_103' title="bbox 2131 4818 3720 4897">
    <p class='ocr_par' dir='ltr' id='par_1_103' title="bbox 2131 4818 3720 4897">
     <span class='ocr_line' id='line_1_104' title="bbox 2131 4818 3720 4897; baseline 0.002 -21"><span class='ocrx_word' id='word_1_706' title='bbox 2131 4825 2232 4891; x_wconf 85' lang='grc' dir='ltr'>τῆς</span> <span class='ocrx_word' id='word_1_707' title='bbox 2276 4824 2344 4876; x_wconf 86' lang='grc' dir='ltr'>δι’</span> <span class='ocrx_word' id='word_1_708' title='bbox 2382 4818 2457 4876; x_wconf 86' lang='grc' dir='ltr'>ὧν</span> <span class='ocrx_word' id='word_1_709' title='bbox 2488 4827 2531 4855; x_wconf 87' lang='grc'>¹¹</span> <span class='ocrx_word' id='word_1_710' title='bbox 2566 4824 2695 4895; x_wconf 71' lang='grc'>[764</span> <span class='ocrx_word' id='word_1_711' title='bbox 2737 4823 2828 4896; x_wconf 84' lang='grc' dir='ltr'>Η.]</span> <span class='ocrx_word' id='word_1_712' title='bbox 2885 4823 3198 4894; x_wconf 88' lang='grc' dir='ltr'>ἀναιρεθείη</span> <span class='ocrx_word' id='word_1_713' title='bbox 3259 4827 3458 4887; x_wconf 70' lang='grc' dir='ltr'>Λυαῖος</span> <span class='ocrx_word' id='word_1_714' title='bbox 3501 4827 3582 4897; x_wconf 81' lang='grc' dir='ltr'>τῷ</span> <span class='ocrx_word' id='word_1_715' title='bbox 3617 4830 3720 4881; x_wconf 84' lang='grc' dir='ltr'>ἀν-</span> 
     </span>
    </p>
   </div>
   <div class='ocr_carea' id='block_1_104' title="bbox 2133 4915 3720 4987">
    <p class='ocr_par' dir='ltr' id='par_1_104' title="bbox 2133 4915 3720 4987">
     <span class='ocr_line' id='line_1_105' title="bbox 2133 4915 3720 4987; baseline 0.004 -19"><span class='ocrx_word' id='word_1_716' title='bbox 2133 4916 2308 4968; x_wconf 84' lang='grc' dir='ltr'>ελόντι</span> <span class='ocrx_word' id='word_1_717' title='bbox 2366 4916 2642 4985; x_wconf 75' lang='grc' dir='ltr'>φυομένης</span> <span class='ocrx_word' id='word_1_718' title='bbox 2679 4916 2742 4969; x_wconf 75' lang='grc'>⁸³.</span> <span class='ocrx_word' id='word_1_719' title='bbox 2775 4917 2886 4970; x_wconf 73' lang='grc' dir='ltr'>Καὶ</span> <span class='ocrx_word' id='word_1_720' title='bbox 2929 4916 3089 4968; x_wconf 79' lang='grc' dir='ltr'>τοῦτο</span> <span class='ocrx_word' id='word_1_721' title='bbox 3119 4915 3288 4969; x_wconf 81' lang='grc' dir='ltr'>εἰπὼν</span> <span class='ocrx_word' id='word_1_722' title='bbox 3341 4920 3720 4987; x_wconf 81' lang='grc' dir='ltr'>συμπλέκεται</span> 
     </span>
    </p>
   </div>
   <div class='ocr_carea' id='block_1_105' title="bbox 2138 5007 3721 5079">
    <p class='ocr_par' dir='ltr' id='par_1_105' title="bbox 2138 5007 3721 5079">
     <span class='ocr_line' id='line_1_106' title="bbox 2138 5007 3721 5079; baseline 0.005 -21"><span class='ocrx_word' id='word_1_723' title='bbox 2138 5007 2235 5074; x_wconf 84' lang='grc' dir='ltr'>μὲν</span> <span class='ocrx_word' id='word_1_724' title='bbox 2272 5007 2315 5038; x_wconf 65' lang='grc'>¹⁸</span> <span class='ocrx_word' id='word_1_725' title='bbox 2347 5007 2424 5074; x_wconf 83' lang='grc' dir='ltr'>τῷ</span> <span class='ocrx_word' id='word_1_726' title='bbox 2455 5008 2606 5077; x_wconf 82' lang='grc' dir='ltr'>παρά</span> <span class='ocrx_word' id='word_1_727' title='bbox 2640 5009 2856 5060; x_wconf 84' lang='grc' dir='ltr'>πάντων</span> <span class='ocrx_word' id='word_1_728' title='bbox 2880 5007 3203 5077; x_wconf 81' lang='grc' dir='ltr'>ὑμνουμένῳ</span> <span class='ocrx_word' id='word_1_729' title='bbox 3242 5011 3475 5079; x_wconf 85' lang='grc' dir='ltr'>ἀριστεῖ,</span> <span class='ocrx_word' id='word_1_730' title='bbox 3518 5010 3721 5066; x_wconf 76' lang='grc' dir='ltr'>θᾶττον</span> 
     </span>
    </p>
   </div>
   <div class='ocr_carea' id='block_1_106' title="bbox 2132 5097 3719 5172">
    <p class='ocr_par' dir='ltr' id='par_1_106' title="bbox 2132 5097 3719 5172">
     <span class='ocr_line' id='line_1_107' title="bbox 2132 5097 3719 5172; baseline 0.005 -22"><span class='ocrx_word' id='word_1_731' title='bbox 2132 5099 2189 5150; x_wconf 80' lang='grc' dir='ltr'>δὲ</span> <span class='ocrx_word' id='word_1_732' title='bbox 2238 5097 2563 5150; x_wconf 84' lang='grc' dir='ltr'>καταϐάλλει</span> <span class='ocrx_word' id='word_1_733' title='bbox 2612 5101 2706 5151; x_wconf 73' lang='grc' dir='ltr'>καὶ</span> <span class='ocrx_word' id='word_1_734' title='bbox 2754 5101 2987 5170; x_wconf 87' lang='grc' dir='ltr'>ἀναιρεῖ.</span> <span class='ocrx_word' id='word_1_735' title='bbox 3017 5101 3123 5152; x_wconf 79' lang='grc' dir='ltr'>Καὶ</span> <span class='ocrx_word' id='word_1_736' title='bbox 3170 5102 3427 5171; x_wconf 79' lang='grc' dir='ltr'>τυγχάνει</span> <span class='ocrx_word' id='word_1_737' title='bbox 3469 5102 3568 5172; x_wconf 80' lang='grc' dir='ltr'>μὲν</span> <span class='ocrx_word' id='word_1_738' title='bbox 3607 5105 3719 5159; x_wconf 89' lang='grc' dir='ltr'>τῶν</span> 
     </span>
    </p>
   </div>
   <div class='ocr_carea' id='block_1_107' title="bbox 2133 5192 3718 5267">
    <p class='ocr_par' dir='ltr' id='par_1_107' title="bbox 2133 5192 3718 5267">
     <span class='ocr_line' id='line_1_108' title="bbox 2133 5192 3718 5267; baseline 0.003 -24"><span class='ocrx_word' id='word_1_739' title='bbox 2133 5192 2511 5259; x_wconf 88' lang='grc' dir='ltr'>ἀποκειμένων</span> <span class='ocrx_word' id='word_1_740' title='bbox 2542 5195 2655 5255; x_wconf 89' lang='grc' dir='ltr'>τοῖς</span> <span class='ocrx_word' id='word_1_741' title='bbox 2690 5193 2952 5264; x_wconf 82' lang='grc' dir='ltr'>κρατοῦσι</span> <span class='ocrx_word' id='word_1_742' title='bbox 2984 5193 3251 5263; x_wconf 87' lang='grc' dir='ltr'>βραϐείων</span> <span class='ocrx_word' id='word_1_743' title='bbox 3299 5194 3534 5261; x_wconf 73' lang='grc' dir='ltr'>οὐδενὸς,</span> <span class='ocrx_word' id='word_1_744' title='bbox 3575 5198 3718 5267; x_wconf 68' lang='grc' dir='ltr'>πλη-</span> 
     </span>
    </p>
   </div>
   <div class='ocr_carea' id='block_1_108' title="bbox 2138 5279 3717 5358">
    <p class='ocr_par' dir='ltr' id='par_1_108' title="bbox 2138 5279 3717 5358">
     <span class='ocr_line' id='line_1_109' title="bbox 2138 5279 3717 5358; baseline 0.009 -29"><span class='ocrx_word' id='word_1_745' title='bbox 2138 5281 2221 5349; x_wconf 89' lang='grc' dir='ltr'>ροῖ</span> <span class='ocrx_word' id='word_1_746' title='bbox 2246 5279 2302 5330; x_wconf 89' lang='grc' dir='ltr'>δὲ</span> <span class='ocrx_word' id='word_1_747' title='bbox 2330 5279 2421 5331; x_wconf 82' lang='grc' dir='ltr'>τὸν</span> <span class='ocrx_word' id='word_1_748' title='bbox 2445 5279 2708 5350; x_wconf 88' lang='grc' dir='ltr'>τύραννον</span> <span class='ocrx_word' id='word_1_749' title='bbox 2738 5282 3017 5353; x_wconf 81' lang='grc' dir='ltr'>ἀφορήτου</span> <span class='ocrx_word' id='word_1_750' title='bbox 3051 5283 3227 5355; x_wconf 87' lang='grc' dir='ltr'>λύπης</span> <span class='ocrx_word' id='word_1_751' title='bbox 3255 5287 3350 5338; x_wconf 79' lang='grc' dir='ltr'>καὶ</span> <span class='ocrx_word' id='word_1_752' title='bbox 3375 5287 3565 5358; x_wconf 84' lang='grc' dir='ltr'>ὀργῆς.</span> <span class='ocrx_word' id='word_1_753' title='bbox 3601 5291 3717 5344; x_wconf 73' lang='grc' dir='ltr'>Καὶ</span> 
     </span>
    </p>
   </div>
   <div class='ocr_carea' id='block_1_109' title="bbox 1720 5418 2436 5480">
    <p class='ocr_par' dir='ltr' id='par_1_109' title="bbox 1720 5418 2436 5480">
     <span class='ocr_line' id='line_1_110' title="bbox 1720 5418 2436 5480; baseline 0.011 -8"><span class='ocrx_word' id='word_1_754' title='bbox 1720 5418 1956 5473; x_wconf 68' lang='lat' dir='ltr'>VARIAS</span> <span class='ocrx_word' id='word_1_755' title='bbox 2025 5420 2436 5480; x_wconf 79' lang='lat' dir='ltr'><strong>LECTIONES.</strong></span> 
     </span>
    </p>
   </div>
   <div class='ocr_carea' id='block_1_110' title="bbox 551 5485 1810 5588">
    <p class='ocr_par' dir='ltr' id='par_1_110' title="bbox 551 5516 1810 5588">
     <span class='ocr_line' id='line_1_111' title="bbox 551 5516 1810 5588; baseline -0.001 -17"><span class='ocrx_word' id='word_1_756' title='bbox 551 5520 569 5551; x_wconf 85' lang='grc'>³</span> <span class='ocrx_word' id='word_1_757' title='bbox 593 5520 793 5588; x_wconf 82' lang='grc' dir='ltr'>ἐπέστη</span> <span class='ocrx_word' id='word_1_758' title='bbox 827 5519 864 5572; x_wconf 83' lang='grc' dir='ltr'>Β</span> <span class='ocrx_word' id='word_1_759' title='bbox 903 5539 914 5573; x_wconf 94' lang='lat'>:</span> <span class='ocrx_word' id='word_1_760' title='bbox 952 5519 1159 5588; x_wconf 86' lang='grc' dir='ltr'>ὑπέστη</span> <span class='ocrx_word' id='word_1_761' title='bbox 1193 5535 1253 5581; x_wconf 86' lang='grc' dir='ltr'>ς.</span> <span class='ocrx_word' id='word_1_762' title='bbox 1348 5518 1393 5588; x_wconf 71' lang='lat'>_‘</span> <span class='ocrx_word' id='word_1_763' title='bbox 1414 5516 1586 5570; x_wconf 82' lang='grc' dir='ltr'>πολλὰ</span> <span class='ocrx_word' id='word_1_764' title='bbox 1607 5533 1716 5588; x_wconf 84' lang='lat' dir='ltr'>om.</span> <span class='ocrx_word' id='word_1_765' title='bbox 1746 5519 1810 5570; x_wconf 82' lang='grc' dir='ltr'>Α.</span> 
     </span>
    </p>
   </div>
   <div class='ocr_carea' id='block_1_111' title="bbox 457 5580 1476 5660">
    <p class='ocr_par' dir='ltr' id='par_1_111' title="bbox 457 5580 1476 5660">
     <span class='ocr_line' id='line_1_112' title="bbox 457 5580 1476 5660; baseline -0.003 -18"><span class='ocrx_word' id='word_1_766' title='bbox 457 5593 476 5623; x_wconf 73' lang='lat'>“-</span> <span class='ocrx_word' id='word_1_767' title='bbox 520 5580 803 5660; x_wconf 76' lang='grc' dir='ltr'>κηρύττων</span> <span class='ocrx_word' id='word_1_768' title='bbox 848 5608 907 5654; x_wconf 79' lang='grc' dir='ltr'>ς.</span> <span class='ocrx_word' id='word_1_769' title='bbox 1011 5593 1032 5623; x_wconf 82' lang='grc'><strong><em>⁹</em></strong></span> <span class='ocrx_word' id='word_1_770' title='bbox 1065 5580 1173 5658; x_wconf 79' lang='grc' dir='ltr'>γάρ</span> <span class='ocrx_word' id='word_1_771' title='bbox 1205 5580 1294 5641; x_wconf 72' lang='grc' dir='ltr'>Άε</span> <span class='ocrx_word' id='word_1_772' title='bbox 1340 5580 1384 5654; x_wconf 80' lang='grc' dir='ltr'>ᾧ</span> <span class='ocrx_word' id='word_1_773' title='bbox 1415 5605 1476 5660; x_wconf 56' lang='grc' dir='ltr'>ις.</span> 
     </span>
    </p>
   </div>
   <div class='ocr_carea' id='block_1_112' title="bbox 460 5657 1489 5734">
    <p class='ocr_par' dir='ltr' id='par_1_112' title="bbox 460 5657 1489 5734">
     <span class='ocr_line' id='line_1_113' title="bbox 460 5657 1489 5734; baseline 0.011 -21"><span class='ocrx_word' id='word_1_774' title='bbox 460 5663 502 5695; x_wconf 79' lang='grc'>⁸³</span> <span class='ocrx_word' id='word_1_775' title='bbox 529 5657 860 5734; x_wconf 57' lang='grc' dir='ltr'>φαινομένης</span> <span class='ocrx_word' id='word_1_776' title='bbox 895 5660 953 5714; x_wconf 85' lang='grc' dir='ltr'>Β.</span> <span class='ocrx_word' id='word_1_777' title='bbox 1063 5663 1105 5691; x_wconf 69' lang='grc'>⁸⁸</span> <span class='ocrx_word' id='word_1_778' title='bbox 1142 5657 1239 5730; x_wconf 65' lang='grc' dir='ltr'>μὲν</span> <span class='ocrx_word' id='word_1_779' title='bbox 1274 5661 1396 5713; x_wconf 67' lang='grc' dir='ltr'>ίιιίιί·</span> <span class='ocrx_word' id='word_1_780' title='bbox 1432 5657 1489 5714; x_wconf 77' lang='grc' dir='ltr'>Β·</span> 
     </span>
    </p>
   </div>
   <div class='ocr_carea' id='block_1_113' title="bbox 1927 5520 2289 5576">
    <p class='ocr_par' dir='ltr' id='par_1_113' title="bbox 1927 5520 2289 5576">
     <span class='ocr_line' id='line_1_114' title="bbox 1927 5520 2289 5576; baseline 0.011 -5"><span class='ocrx_word' id='word_1_781' title='bbox 1927 5520 1948 5550; x_wconf 79' lang='grc'><strong><em>⁸</em></strong></span> <span class='ocrx_word' id='word_1_782' title='bbox 1979 5537 2038 5572; x_wconf 91' lang='grc' dir='ltr'>τε</span> <span class='ocrx_word' id='word_1_783' title='bbox 2071 5536 2181 5574; x_wconf 87' lang='lat' dir='ltr'>om.</span> <span class='ocrx_word' id='word_1_784' title='bbox 2229 5521 2289 5576; x_wconf 82' lang='grc' dir='ltr'>Β.</span> 
     </span>
    </p>
   </div>
   <div class='ocr_carea' id='block_1_114' title="bbox 1583 5587 2231 5664">
    <p class='ocr_par' dir='ltr' id='par_1_114' title="bbox 1583 5587 2231 5664">
     <span class='ocr_line' id='line_1_115' title="bbox 1583 5587 2231 5664; baseline 0.012 -25"><span class='ocrx_word' id='word_1_785' title='bbox 1583 5589 1623 5619; x_wconf 77' lang='grc' dir='ltr'><strong>⁸ο</strong></span> <span class='ocrx_word' id='word_1_786' title='bbox 1649 5587 1706 5640; x_wconf 80' lang='grc' dir='ltr'>ἓν</span> <span class='ocrx_word' id='word_1_787' title='bbox 1727 5605 1832 5642; x_wconf 89' lang='grc' dir='ltr'>τινι</span> <span class='ocrx_word' id='word_1_788' title='bbox 1859 5589 1900 5642; x_wconf 86' lang='grc' dir='ltr'><strong>Λ</strong></span> <span class='ocrx_word' id='word_1_789' title='bbox 1933 5607 1946 5644; x_wconf 88' lang='lat'><strong>:</strong></span> <span class='ocrx_word' id='word_1_790' title='bbox 1983 5592 2042 5645; x_wconf 85' lang='grc' dir='ltr'>ὲν</span> <span class='ocrx_word' id='word_1_791' title='bbox 2073 5596 2137 5664; x_wconf 81' lang='grc' dir='ltr'>τῇ</span> <span class='ocrx_word' id='word_1_792' title='bbox 2173 5609 2231 5656; x_wconf 76' lang='grc' dir='ltr'>ς’.</span> 
     </span>
    </p>
   </div>
   <div class='ocr_carea' id='block_1_115' title="bbox 2403 5523 2726 5579">
    <p class='ocr_par' dir='ltr' id='par_1_115' title="bbox 2403 5523 2726 5579">
     <span class='ocr_line' id='line_1_116' title="bbox 2403 5523 2726 5579; baseline 0.009 -3"><span class='ocrx_word' id='word_1_793' title='bbox 2403 5525 2423 5556; x_wconf 80' lang='grc'><strong><em>⁶</em></strong></span> <span class='ocrx_word' id='word_1_794' title='bbox 2453 5523 2616 5577; x_wconf 84' lang='grc' dir='ltr'>τόπον</span> <span class='ocrx_word' id='word_1_795' title='bbox 2657 5525 2698 5578; x_wconf 83' lang='grc' dir='ltr'>Α</span> <span class='ocrx_word' id='word_1_796' title='bbox 2711 5564 2726 5579; x_wconf 92' lang='grc'>.</span> 
     </span>
    </p>
   </div>
   <div class='ocr_carea' id='block_1_116' title="bbox 2348 5523 3706 5626">
    <p class='ocr_par' dir='ltr' id='par_1_116' title="bbox 2348 5523 3706 5626">
     <span class='ocr_line' id='line_1_117' title="bbox 2403 5523 3706 5600; baseline 0.004 -24"><span class='ocrx_word' id='word_1_797' title='bbox 2403 5525 2423 5556; x_wconf 80' lang='grc'><strong><em>⁶</em></strong></span> <span class='ocrx_word' id='word_1_798' title='bbox 2453 5523 2616 5577; x_wconf 81' lang='grc' dir='ltr'>τόπον</span> <span class='ocrx_word' id='word_1_799' title='bbox 2657 5525 2726 5579; x_wconf 82' lang='grc' dir='ltr'>Α.</span> <span class='ocrx_word' id='word_1_800' title='bbox 2840 5526 2860 5556; x_wconf 89' lang='grc'><strong>⁷</strong></span> <span class='ocrx_word' id='word_1_801' title='bbox 2893 5523 3209 5598; x_wconf 65' lang='grc' dir='ltr'>ἐϐασίλευεν</span> <span class='ocrx_word' id='word_1_802' title='bbox 3248 5526 3276 5576; x_wconf 85' lang='grc' dir='ltr'>ό</span> <span class='ocrx_word' id='word_1_803' title='bbox 3325 5526 3592 5600; x_wconf 82' lang='grc' dir='ltr'>θεομάχος</span> <span class='ocrx_word' id='word_1_804' title='bbox 3645 5555 3706 5600; x_wconf 81' lang='grc' dir='ltr'>ς,</span> 
     </span>
     <span class='ocr_line' id='line_1_118' title="bbox 2348 5587 3668 5626; baseline 0 0"><span class='ocrx_word' id='word_1_805' title='bbox 2348 5595 2386 5626; x_wconf 83' lang='grc' dir='ltr'>ιι</span> <span class='ocrx_word' id='word_1_806' title='bbox 2423 5594 2468 5626; x_wconf 69' lang='grc' dir='ltr'>,τ’</span> <span class='ocrx_word' id='word_1_807' title='bbox 2499 5595 2525 5626; x_wconf 78' lang='grc' dir='ltr'><strong>Α</strong></span> <span class='ocrx_word' id='word_1_808' title='bbox 2569 5613 2579 5624; x_wconf 93' lang='grc'><em>.</em></span> <span class='ocrx_word' id='word_1_809' title='bbox 2619 5598 2673 5626; x_wconf 67' lang='grc' dir='ltr'>..ν</span> <span class='ocrx_word' id='word_1_810' title='bbox 2721 5613 2758 5626; x_wconf 83' lang='grc'>..</span> <span class='ocrx_word' id='word_1_811' title='bbox 2898 5596 2940 5626; x_wconf 77' lang='lat' dir='ltr'>u</span> <span class='ocrx_word' id='word_1_812' title='bbox 2981 5593 3076 5626; x_wconf 63' lang='lat'><strong>.1...1</strong></span> <span class='ocrx_word' id='word_1_813' title='bbox 3133 5587 3192 5626; x_wconf 55' lang='grc' dir='ltr'>Α.</span> <span class='ocrx_word' id='word_1_814' title='bbox 3248 5593 3286 5626; x_wconf 83' lang='lat' dir='ltr'>n</span> <span class='ocrx_word' id='word_1_815' title='bbox 3339 5607 3388 5626; x_wconf 73' lang='grc' dir='ltr'>..ι</span> <span class='ocrx_word' id='word_1_816' title='bbox 3447 5616 3570 5626; x_wconf 43' lang='lat' dir='ltr'><strong>ﬁ-..”</strong></span> <span class='ocrx_word' id='word_1_817' title='bbox 3655 5613 3668 5626; x_wconf 89' lang='lat'>.</span> 
     </span>
    </p>
   </div>
   <div class='ocr_carea' id='block_1_117' title="bbox 2422 5595 2779 5664">
    <p class='ocr_par' dir='ltr' id='par_1_117' title="bbox 2422 5595 2779 5664">
     <span class='ocr_line' id='line_1_119' title="bbox 2422 5595 2779 5664; baseline 0.006 -16"><span class='ocrx_word' id='word_1_818' title='bbox 2422 5595 2533 5648; x_wconf 81' lang='grc' dir='ltr'>δἈ</span> <span class='ocrx_word' id='word_1_819' title='bbox 2569 5613 2580 5647; x_wconf 92' lang='lat'>:</span> <span class='ocrx_word' id='word_1_820' title='bbox 2619 5598 2673 5664; x_wconf 87' lang='grc' dir='ltr'>γ’</span> <span class='ocrx_word' id='word_1_821' title='bbox 2720 5613 2779 5660; x_wconf 81' lang='grc' dir='ltr'>ς’.</span> 
     </span>
    </p>
   </div>
   <div class='ocr_carea' id='block_1_118' title="bbox 2898 5587 3706 5668">
    <p class='ocr_par' dir='ltr' id='par_1_118' title="bbox 2898 5587 3706 5668">
     <span class='ocr_line' id='line_1_120' title="bbox 2898 5587 3706 5668; baseline 0.012 -18"><span class='ocrx_word' id='word_1_822' title='bbox 2898 5596 2940 5627; x_wconf 82' lang='grc'>¹⁹</span> <span class='ocrx_word' id='word_1_823' title='bbox 2979 5593 3078 5668; x_wconf 75' lang='grc' dir='ltr'>ὧν]</span> <span class='ocrx_word' id='word_1_824' title='bbox 3132 5587 3193 5647; x_wconf 78' lang='grc' dir='ltr'>οὗ</span> <span class='ocrx_word' id='word_1_825' title='bbox 3246 5593 3288 5648; x_wconf 86' lang='grc' dir='ltr'><strong>Β</strong></span> <span class='ocrx_word' id='word_1_826' title='bbox 3337 5587 3592 5658; x_wconf 50' lang='grc' dir='ltr'>υίέυἶιί</span> 
     </span>
    </p>
   </div>
  </div>
