3966 6240
327 246 436 308 105

1265 252 1795 316 BlBLlOTHECA.
1818 279 1885 290 —
1924 255 2140 318 CODD.
2180 257 2382 333 CCLV,
2411 260 2644 322 CCLVI.

3483 274 3582 334 106

322 362 615 414 ἀνίσταται
651 359 754 429 τῆς
788 361 832 392 ¹⁵
882 360 1150 433 καθέδρας
1186 362 1527 435 θυμομαχῶν
1570 368 1600 420 6
1640 366 1891 435 δυσσεϐὴς

2013 367 2277 432 oblatum,
2306 383 2431 423 cum
2461 381 2685 427 sanctus
2711 372 2759 426 ei
2794 371 2859 426 ad
2887 373 3120 430 stadium
3152 381 3461 447 properanti
3497 396 3584 436 oc-

321 452 422 504 καὶ
446 449 629 503 οἴκαδε
661 450 910 522 ἐπανῄει.
948 453 1100 506 Ἐπεὶ
1129 453 1186 506 δὲ
1212 456 1363 526 αὐτῷ
1384 473 1530 521 τινες
1562 457 1752 526 λόγους
1777 458 1901 527 ἐφε-

317 560 419 613 ρον
445 543 575 611 περὶ
598 542 644 573 ¹⁶
670 544 763 597 τοῦ
800 544 1076 615 μάρτυρος
1099 548 1433 618 Δημητρίου,
1460 548 1556 602 ἀτε
1588 548 1652 619 δὴ
1684 549 1900 619 μεθύων

313 636 413 686 καὶ
445 634 489 665 ¹⁷
524 634 606 706 τῷ
654 635 812 705 θυμῷ
858 636 955 689 καὶ
986 640 1056 707 τῇ
1094 637 1339 710 ἀσεϐείᾳ,
1376 641 1470 692 καὶ
1508 640 1625 711 ἃμα
1670 641 1900 710 νομίσας

312 725 393 789 ὡς
430 727 621 789 οἰωνὸς
654 726 803 797 αὐτῷ
832 730 1057 797 γέγονεν
1086 731 1186 784 οὐκ
1209 730 1412 799 ἀγαθὸς
1441 733 1475 802 ἡ
1509 733 1650 786 κατά
1677 733 1737 787 τὸ
1770 736 1901 788 στά-

308 818 427 870 διον
456 819 674 872 ἀπιόντι
722 819 817 872 τοῦ
866 821 1022 888 ἁγίου
1073 822 1423 892 συνάντησις,
1472 824 1696 893 λόγχαις
1737 826 1796 877 ἐν
1825 818 1908 888 οἷς

311 911 612 984 καθέῖρκτο
649 913 838 977 τόποις
866 914 1078 968 κελεύει
1106 915 1297 969 τοῦτον
1338 917 1713 989 ἀναιρεθῆναι.
1748 918 1821 970 Τὸ
1850 917 1907 971 δὲ

314 1006 483 1074 σῶμα
498 1004 594 1057 τοῦ
616 1006 891 1077 μάρτυρος
907 1007 956 1060 οί
971 1007 1093 1061 τότε
1110 1007 1219 1060 τῶν
1235 1008 1604 1062 εὐσεϐούντων
1623 1008 1797 1079 λάθρα
1811 1010 1906 1062 καὶ

315 1098 539 1161 νυκτὸς,
576 1098 701 1152 καθ’
732 1100 858 1152 ὅσον
886 1100 1069 1164 αὐτοῖς
1100 1102 1129 1154 6
1156 1101 1266 1155 τῶν
1305 1100 1710 1155 δυσσεϐοὐντων
1740 1100 1905 1168 φόϐος

323 1191 642 1263 συνεχώρει,
674 1195 735 1246 ἐν
783 1194 967 1256 αὐτοῖς
1012 1194 1280 1265 ἐρειπίοις
1308 1196 1366 1247 ἐν
1413 1189 1494 1257 οἷς
1537 1196 1634 1264 τὴν
1684 1192 1899 1264 σφαγὴν

326 1283 552 1355 ὐπέστη,
584 1285 687 1353 τὴν
716 1287 825 1355 γῆν
856 1285 1217 1356 ἀνορύξαντες
1247 1286 1533 1339 θάπτουσι.
1569 1286 1679 1339 Kal.
1708 1284 1898 1355 χρόνον

319 1372 493 1437 οὕτως
511 1374 733 1443 ἔμεινεν
766 1375 852 1445 ἐφ’
886 1376 1089 1438 ἰκανὸν,
1123 1379 1181 1429 ἐν
1212 1375 1370 1446 ὕϐρει
1406 1378 1482 1446 μὴ
1513 1375 1895 1447 ὑϐριζόμενοςο

312 1466 425 1519 τῶν
454 1468 568 1538 γάρ
590 1468 885 1538 θαυμάτων
919 1470 952 1540 ἡ
980 1470 1139 1541 χάρις
1165 1469 1261 1523 καὶ
1287 1468 1396 1522 τῶν
1427 1468 1624 1522 ίάσεων
1653 1469 1687 1538 ὴ
1726 1468 1899 1538 εὐφησ

310 1564 415 1634 μία
442 1563 543 1634 τὴν
568 1563 723 1633 ὐϐριν
750 1563 1050 1634 ἀπήλαυνε.
1085 1564 1337 1626 Λεόντιος
1373 1563 1432 1617 δέ
1454 1580 1538 1626 τις
1555 1561 1695 1633 ἀνὴρ
1720 1561 1900 1630 θεοφι-

2006 464 2293 520 currisset.
2329 463 2501 518 hastis
2528 479 2595 520 eo
2636 481 2746 535 quo
2773 468 3202 524 concludebatur
3247 471 3389 539 loco,
3431 474 3589 541 jubet

2008 553 2263 609 interfici.
2296 554 2377 607 Pii
2407 570 2539 610 vero
2575 571 2772 627 corpus
2806 560 3064 629 martyris
3088 602 3102 627 ,
3143 561 3284 617 clam
3317 564 3385 617 de
3408 576 3587 631 nocte,

2007 648 2231 716 quando
2253 648 2364 703 illis
2389 649 2679 719 impiorum
2712 662 2883 705 terror
2909 652 3106 724 4696
3136 656 3503 725 permittebat,
3533 660 3586 713 in

2009 739 2302 794 ruderibus
2332 741 2384 793 in
2417 742 2617 811 quibus
2645 743 2965 799 interfectus
2996 753 3153 810 erat,
3214 746 3408 803 eﬂossa
3440 759 3584 804 terra

2009 829 2301 897 sepeliunt.
2337 828 2406 883 Et
2431 830 2512 885 sic
2545 832 2861 900 aliquandiu
2898 833 3099 902 injuria
3137 839 3434 905 permansit
3482 839 3586 893 im-

2008 922 2192 976 munis
2227 940 2241 976 :
2272 924 2663 981 miraculorum
2694 929 2838 981 enim
2890 931 3060 999 gratia
3088 972 3103 995 ,
3153 943 3206 986 et
3235 935 3582 989 curationum

2005 1013 2152 1068 fama
2198 1015 2455 1084 injuriam
2503 1019 2730 1084 depulit.
2770 1019 3000 1085 Quidam
3042 1037 3174 1076 vero
3201 1023 3461 1082 Leontius
3501 1026 3586 1081 vir

2003 1106 2128 1175 pius
2147 1107 2355 1176 (postea
2378 1107 2776 1177 praefecturam,
2804 1128 2909 1181 qua
2932 1112 3204 1184 Illyricum
3232 1116 3585 1172 administra-

2003 1198 2101 1263 vit,
2132 1198 2383 1270 adeptus)
2418 1202 2596 1255 locum
2622 1204 2870 1272 expians,
2900 1205 2955 1257 in
2983 1220 3094 1273 quo
3120 1208 3291 1261 sancti
3324 1209 3583 1279 martyris

2006 1290 2251 1359 reliquias
2272 1295 2718 1361 conquieverunt,
2756 1306 2810 1349 et
2846 1298 3409 1366 amplians,excitavit
3439 1310 3580 1353 tem-

2009 1377 2159 1446 plum
2192 1392 2260 1433 eo
2298 1379 2423 1434 loco
2443 1382 2669 1452 martyri
2700 1398 2992 1439 commune
3023 1387 3463 1455 propitiatorium
3521 1396 3577 1441 et

2007 1468 2317 1540 perfugium
2358 1487 2467 1526 non
2524 1473 2930 1531 Thessalonicae
2980 1479 3194 1545 solum,
3237 1480 3329 1534 sed
3361 1490 3416 1534 et
3454 1494 3577 1533 om—

2010 1562 2168 1617 nibus
2226 1562 2494 1619 ﬁnitimis.

306 1658 568 1722 λέστατος
622 1660 831 1729 χρόνοις
889 1659 931 1690 ³⁸
975 1658 1199 1727 ὕστερον
1243 1657 1342 1727 τῆς
1394 1655 1794 1727 ἐπαρχότητος,
1829 1654 1864 1723 ἢ
1896 1655 2069 1707 διεῖπε
2098 1654 2158 1707 τὸ
2188 1654 2504 1727 Ἰλλυρικὸν,
2534 1658 2627 1711 τὸν
2654 1659 2842 1727 θρόνον
2870 1659 3070 1731 λαχὼν,
3095 1663 3479 1736 περικαθάρας
3516 1661 3580 1718 τό

307 1752 513 1821 χωρίον
542 1752 601 1802 ἐν
624 1744 669 1817 ᾧ
696 1752 757 1804 τὸ
817 1751 912 1805 τοῦ
953 1751 1228 1822 μάρτυρος
1268 1749 1527 1804 ἀπέκειτο
1563 1746 1837 1815 λείψανον,
1875 1744 1969 1798 καὶ
1995 1746 2230 1814 εὐρύνας
2258 1748 2533 1819 ἀνεγείρει
2558 1750 2649 1802 τὸν
2694 1750 3041 1822 περιώνυμον
3098 1749 3249 1807 οἷκον
3314 1754 3392 1826 τῷ
3429 1758 3576 1828 μάρ-

304 1858 457 1913 τυρι,
526 1843 705 1895 κοινὸν
751 1842 1062 1915 ἱλαστήριον
1096 1844 1191 1897 καὶ
1228 1840 1567 1913 προσφύγιον
1599 1839 1662 1892 οὐ
1700 1839 1767 1909 τῇ
1793 1837 2233 1892 Θεσσαλονικέων
2273 1839 2412 1912 μόνῃ
2440 1840 2617 1906 πόλει,
2649 1841 2787 1894 αλλά
2811 1844 2905 1896 καὶ
2933 1846 3068 1898 πᾶσι
3099 1850 3213 1910 τοῖς
3246 1847 3501 1919 πέρασιν.

1012 1938 1197 2007 qu'.

2675 1934 2901 1989 CCLVI.

305 2030 603 2110 Ποτζιςεία-
646 2029 766 2110 ζῶν
794 2031 1008 2110 ἁγίων-
1026 2033 1303 2110 "aream:
1320 2028 1891 2110 Maemalio-omam

2002 2020 2545 2110 Politiaosanctorum
2577 2023 2808 2110 Patrum
2860 2024 3223 2109 Metium/iani:
3262 2039 3310 2110 et
3344 2029 3573 2086 Alexan-

396 2100 819 2173 Ἀλεξάνδρου,
842 2093 935 2155 'er
972 2098 1011 2173 ἧ
1054 2103 1152 2156 καὶ
1178 2093 1222 2156 ’ό
1257 2093 1891 2169 ,ϐίοςπωῖεστανλὲἰγου

2068 2093 2175 2153 dri,
2203 2093 2383 2162 inqua
2410 2095 2472 2146 de
2493 2093 2603 2147 vita
2633 2093 2975 2149 Constantini
3003 2093 3357 2155 imperatoris.

378 2168 491 2227 τοῦ
512 2168 783 2241 μεγάλου
805 2168 1131 2239 βασιλέως.

378 2262 724 2335 Ἀνεγνώσθη
756 2267 821 2319 ἐκ
857 2262 952 2319 τοῦ
994 2266 1154 2333 λόγου
1185 2266 1242 2329 ὃς
1278 2266 1683 2336 ἐπιγέγραπται
1715 2265 1891 2317 Πολι-

2067 2248 2196 2320 Legi
2241 2251 2478 2318 librum,
2528 2253 2622 2324 qui
2670 2254 2988 2312 inscribitur
3027 2257 3224 2314 Politia
3266 2273 3571 2320 sanctorum

302 2361 435 2411 τειά
467 2358 587 2412 τῶν
611 2358 796 2427 ἁγίων
821 2357 1099 2426 Πατέρων
1122 2357 1310 2427 ἡμῶν,
1336 2358 1770 2427 Μητροφάνους
1793 2354 1891 2410 καί

2002 2338 2225 2395 Patrum
2279 2351 2583 2397 nostrorum
2637 2342 2999 2415 Metrophanis
3056 2359 3107 2403 et
3156 2350 3483 2416 Alexandri,
3513 2355 3572 2411 in

315 2451 743 2520 Ἀλεξάνδρουο
798 2454 857 2505 ὲν
897 2443 942 2519 ᾧ
975 2452 1068 2504 καὶ
1104 2453 1133 2505 6
1184 2452 1298 2515 ϐίος
1348 2450 1757 2505 Κωνσταντίνου
1797 2447 1891 2501 τοῦ

2002 2448 2105 2503 quo
2138 2434 2301 2489 etiam
2340 2435 2448 2489 vita
2472 2435 2821 2491 Constantini
2860 2441 3208 2510 imperatoris
3241 2458 3349 2500 non
3394 2446 3572 2504 mino-
3602 2504 3605 2507 ,

308 2545 601 2615 βασιλέως,
633 2545 730 2617 τὴν
757 2546 927 2617 αὐτὴν
955 2545 1045 2600 διὰ
1077 2546 1176 2617 τῆς
1213 2544 1477 2606 ἐκδόσεως
1522 2546 1891 2614 παρεχόμενος

2002 2541 2126 2580 rem.
2159 2526 2401 2582 editione
2434 2529 2683 2599 praebens
2712 2530 3036 2587 utilitatem.

303 2639 519 2709 χρείαν.

391 2730 895 2802 Ἐννεακαιδεκατῳ
923 2730 1034 2785 ἔτει
1062 2731 1159 2802 τῆς
1181 2730 1563 2800 Διοκλητιανοῦ
1593 2729 1887 2798 βασιλείας,

302 2826 406 2895 τῆς
439 2823 497 2877 δέ
538 2822 636 2877 τοῦ
692 2822 949 2892 Σωτῆρος
978 2822 1138 2894 ἡμῶν
1180 2822 1356 2892 Ἰησοῦ
1395 2821 1633 2891 Χριστοῦ
1681 2839 1889 2891 παρου-

306 2916 433 2979 σίας
510 2915 765 2985 πέμπτου
828 2916 925 2969 καὶ
981 2913 1397 2984 τριακοσιοστοῦ
1449 2914 1621 2978 ἔτους,
1675 2914 1891 2968 πάλινὸ

306 3005 431 3060 καθ’
464 3005 626 3075 ἡμῶν
686 3004 991 3075 ἐκρατύνθη
1025 3004 1298 3075 διωγμόςο
1329 3006 1387 3057 ἐν
1439 2996 1482 3071 ᾧ
1521 3005 1698 3074 χρόνῳ
1737 3004 1890 3055 Κων-

304 3100 589 3159 σταντῑνος
640 3095 845 3166 ἔφηϐος
903 3089 993 3166 ἦν,
1036 3096 1066 3149 6
1123 3097 1252 3158 παῖς
1313 3093 1716 3148 Κωνσταντίου.
1784 3093 1889 3146 Τὸν

303 3192 716 3243 Κωνσταντῖνον
743 3189 822 3255 δὲ,
850 3189 951 3243 οὐκ
977 3184 1071 3242 οἷδ’
1095 3189 1217 3242 ὅθεν
1246 3190 1274 3241 6
1299 3187 1652 3258 συγγραφεὺς
1679 3185 1886 3256 μαθὼν,

2062 2698 2285 2755 Decimo
2343 2716 2493 2757 nono
2540 2719 2687 2759 anno
2729 2705 2943 2775 imperii
3000 2706 3359 2780 Diocletiani,
3421 2726 3569 2767 anno

1990 2789 2194 2844 Christi
2247 2790 2355 2846 505
2387 2807 2610 2848 rursum
2666 2796 2719 2849 in
2773 2796 3117 2854 Christianos
3165 2801 3347 2870 gravis
3395 2804 3571 2859 saeviit

1992 2882 2322 2949 persecutio,
2356 2899 2468 2953 quo
2509 2897 2753 2956 tempore
2800 2888 3195 2946 Constantinus
3259 2892 3570 2949 Constantii

1989 2970 2137 3025 ﬁlius
2162 2988 2225 3026 ex
2261 2974 2487 3043 ephebis
2511 2980 2753 3033 nondum
2781 2991 3113 3037 excesserat.
3141 2983 3567 3042 Constantinum

1988 3077 2119 3115 vero
2149 3066 2336 3117 nescio
2364 3066 2509 3121 unde
2540 3069 2777 3138 scriptor
2810 3071 3070 3127 hauriens
3094 3113 3110 3137 ,
3154 3066 3350 3130 scribit
3393 3076 3568 3131 sacris

1992 3149 2431 3207 Christianorum
2462 3169 2491 3209 a
2529 3165 2754 3225 parente
2794 3158 3087 3226 imbutum,
3122 3171 3176 3214 et
3199 3160 3470 3219 Caesarem
3497 3166 3567 3218 ab

302 3285 399 3335 καὶ
434 3281 505 3335 τὰ
561 3282 681 3350 ίερά
718 3245 1026 3352 γράμματα
1074 3280 1226 3350 παρά
1270 3245 1391 3333 τοῦ.
1416 3245 1647 3349 πατρὸς-
1673 3245 1887 3347 μαθεῖν,

2002 3255 2057 3297 eo
2088 3245 2463 3301 renuntiatum
2496 3265 2511 3302 :
2546 3264 2605 3303 se
2653 3258 2843 3303 autem
2898 3250 3103 3306 vidisse
3150 3252 3566 3310 Constantinum

302 3374 441 3427 ἀλλὰ
468 3374 563 3426 καὶ
602 3372 861 3442 Καίσαρα
900 3372 1031 3444 παρ’
1076 3370 1242 3426 αὐτοῦ
1277 3372 1716 3442 χειροτονηθῆναι
1754 3371 1887 3423 ἀνα-

298 3468 542 3537 γρέιφει⁸
595 3463 934 3533 καταστῆναι
966 3460 1022 3517 δὲ
1067 3463 1162 3518 καὶ
1195 3465 1274 3527 εἰς
1314 3464 1442 3519 θέαν
1473 3462 1885 3518 Κωνσταντίνου

302 3562 363 3611 ἐν
381 3560 496 3620 τοῖς
522 3557 747 3627 ἐφήϐοις
777 3556 1055 3618 τελοῦντος
1078 3559 1134 3609 ἐν
1166 3556 1695 3628 Παλαιστίνῃ,ήνίκα
1720 3553 1888 3625 συνῆν

301 3648 677 3720 Διοκλητιανῷ
725 3651 865 3703 κατά
916 3649 1017 3719 τῆς
1061 3649 1338 3718 Αἰγύπτου
1380 3648 1730 3719 στρατεύοντι
1781 3648 1881 3699 ἐπ-

299 3745 603 3804 ανάστασις
628 3742 685 3794 δέ
726 3759 811 3805 τις
850 3738 1131 3795 ἐκίνειτδν
1164 3742 1420 3811 πόλεμον.

404 3836 503 3887 Οτι
547 3833 681 3905 φησὶ
720 3834 812 3887 τὸν
850 3834 1193 3903 Μαξιμιανὸν
1220 3834 1568 3905 ἐνεδρεύοντα
1610 3837 1703 3890 τὸν
1732 3838 1887 3891 Κων-

300 3927 586 3980 σταντίνον
621 3924 830 3979 ἀνελεῖν
876 3925 951 3995 μὴ
984 3921 1199 3978 λαθεῖν
1235 3924 1319 3979 διὸ
1356 3927 1453 3979 καὶ
1490 3926 1627 3997 πρὸς
1653 3928 1745 3981 τὸν
1774 3946 1883 3981 πα-

294 4018 434 4090 τέρα
472 4014 682 4086 φεύγει.
711 4014 824 4070 Καὶ
846 4016 1183 4071 τελευτῶντα
1210 4018 1531 4072 καταλαϐὼν
1563 4023 1883 4090 χειροτονείο

296 4128 390 4162 ται
422 4110 556 4179 παρ’
591 4109 753 4162 αὐτοῦ
780 4109 881 4179 τῆς
912 4108 1188 4180 βασιλείας
1211 4111 1472 4182 διάδοχος.
1500 4112 1631 4164 Τότε
1662 4113 1757 4165 καί
1786 4130 1882 4180 φα-

298 4219 387 4255 σιν
414 4202 594 4254 εἰπεῖν
624 4200 715 4253 τὸν
744 4202 942 4272 εὐσεϐῆ
983 4202 1383 4256 Κωνστάντιον·
1412 4203 1543 4257 Νῦν
1567 4206 1601 4259 ό
1627 4202 1882 4271 θάνατός

290 4313 393 4364 μοι
427 4291 542 4362 τῆς
576 4292 723 4361 ζωῆς
772 4294 1080 4363 ήδύτερος,
1128 4293 1421 4363 μέγιστον’
1459 4296 1745 4365 ἐντάφιον
1775 4301 1883 4351 λα-

1990 3334 2133 3389 inter
2176 3336 2438 3405 ephebos,
2469 3348 2767 3393 merentem
2807 3341 2864 3393 in
2893 3339 3183 3396 Pal:n$tlna
3218 3344 3322 3398 sub
3350 3342 3564 3399 Diocle-

1990 3429 2140 3481 tiano
2169 3442 2294 3484 cum
2325 3428 2598 3500 Egyptiis
2634 3431 2832 3485 bellum
2859 3444 3102 3504 gerente.
3136 3433 3345 3491 Seditio
3380 3446 3564 3492 autem

1989 3528 2155 3588 atque
2194 3517 2429 3574 defectio
2457 3521 2578 3576 belli
2621 3536 2785 3576 causa
2821 3524 3053 3580 exstitit.

2058 3830 2244 3885 Refert
2278 3831 2699 3888 Constantinum
2726 3874 2742 3900 ,
2798 3834 2949 3904 quod
2989 3835 3114 3890 vitae
3158 3850 3273 3891 sum
3313 3836 3564 3893 insidiari

1984 3921 2375 3977 Maximianum
2404 3925 2779 3995 cognovisset;
2792 3926 2916 3981 ideo
2939 3927 3004 3982 ad
3027 3936 3309 3997 parentem
3336 3927 3562 3999 fugisse,

1983 4026 2038 4068 et
2081 4031 2112 4069 a
2163 4016 2496 4070 moribundo
2536 4016 2756 4086 imperii
2788 4033 3169 4074 successorem
3199 4019 3561 4077 declaratum.

1984 4103 2140 4160 Tunc
2173 4105 2558 4161 Constantium
2592 4108 2744 4177 pium
2776 4108 2933 4163 aiunt
2961 4110 3169 4165 dixisse
3196 4127 3210 4163 :
3246 4108 3404 4165 Nunc
3419 4128 3560 4168 mors

1982 4198 2114 4252 mihi
2144 4199 2259 4252 vita
2278 4199 2592 4268 jucundior,
2636 4216 2756 4253 cum
2791 4210 2965 4264 tuum,
3010 4201 3092 4271 ﬁli
3126 4202 3199 4256 mi
3221 4242 3237 4268 ,
3282 4203 3564 4271 imperium

1982 4291 2207 4344 maximi
2252 4292 2427 4344 instar
2474 4291 2701 4358 sepulcri
2756 4291 2827 4345 sit
2884 4292 3145 4361 futurum.
3211 4291 3366 4357 Quod
3419 4295 3562 4347 enim

292 4386 465 4439 σόν-τι.
504 4384 620 4451 τὴν
637 4383 764 4451 σὴν
790 4383 1137 4454 ἡγεμονίαν,
1167 4384 1259 4438 υίέ
1284 4402 1420 4454 μου.
1458 4384 1530 4439 Τὸ
1562 4388 1672 4456 γὰρ
1700 4404 1881 4441 κατα-

2002 4383 2277 4453 ἐίὶηιιιιαηι
2313 4383 2367 4437 in
2405 4393 2546 4437 terra
2572 4385 2965 4453 imperatorem,
2999 4385 3090 4454 qui
3129 4383 3561 4440 Christianorum

290 4476 503 4530 λιπεῖν
534 4470 633 4529 ἐπὶ
671 4475 780 4545 τῆς
802 4476 1069 4541 ,ϐασιλέα
1115 4477 1188 4530 τὰ
1235 4476 1608 4545 Χριστιανῶν
1651 4476 1882 4546 δάκρυα

2002 4490 2248 4544 acrymas
2278 4474 2453 4529 valeat
2495 4476 2792 4544 detergere,
2823 4484 2873 4532 et
2902 4476 3093 4529 sistere
3116 4476 3326 4545 iniquas
3389 4478 3557 4532 credes

293 4567 618 4639 περιμάξαι
648 4568 988 4637 δυνάμενον
1017 4569 1113 4623 καὶ
1145 4569 1371 4638 στῆσαι
1406 4569 1515 4622 τόν
1542 4569 1755 4625 ἄδικον
1774 4572 1881 4640 φό-

2002 4582 2109 4623 yuas
2141 4564 2501 4621 Maximianus
2538 4576 2722 4620 contra
2754 4566 3090 4622 Christianos
3129 4571 3431 4625 machinari
3455 4587 3560 4625 non

292 4628 409 4715 aro;e
428 4628 923 4729 ’ὃννΜαξιμιαν-ὸς
966 4663 1037 4713 οὺ
1067 4628 1257 4729 λήγει.
1278 4661 1427 4714 κατὰ
1451 4659 1570 4713 τῶν
1602 4628 1877 4729 Χρισιῖια-

2002 4655 2199 4715 lesinit.
2216 4655 2333 4724 jam
2364 4656 2570 4726 felicem
2607 4658 2737 4711 mihi
2770 4658 2865 4711 dat
2895 4660 3145 4728 quietem.
3176 4660 3392 4717 Tertius
3427 4671 3559 4717 tunc

292 4753 419 4807 νῶν
446 4752 905 4821 παλαμίὶῃιενος,
937 4751 1055 4820 ἤδη
1075 4770 1177 4821 μοι
1202 4752 1316 4819 τὴν
1343 4752 1638 4820 μακαρίαν
1673 4752 1883 4806 δίδωσι

2002 4747 2244 4817 igebatur
2276 4762 2452 4803 annus
2482 4748 2889 4819 persecutionis
2941 4750 2996 4805 in
3023 4744 3371 4809 Christianos
3412 4754 3559 4809 exci-

293 4844 502 4911 λῆξιν.
537 4843 735 4912 Τρίτον
771 4842 818 4893 δ’
860 4840 959 4911 ἤδη
1008 4841 1129 4893 τότε
1157 4836 1227 4911 ἦν
1276 4838 1394 4899 ἔτος
1424 4840 1517 4892 τοῦ
1551 4840 1670 4892 καθ’
1722 4840 1882 4910 ἡμῶν

2002 4848 2122 4903 aue,
2156 4854 2266 4908 quo
2297 4838 2652 4895 Constantius
2682 4856 2804 4895 cum
2848 4852 3061 4898 aeterno
3085 4860 3252 4915 regno
3286 4847 3554 4903 caducum

295 4934 563 5003 διωγμοῦ,
602 4936 660 4985 ἐν
691 4926 734 4999 ᾧ
759 4933 852 4985 καὶ
880 4930 1259 4993 Κωνστὰντιος
1305 4930 1441 4999 πρὸς
1472 4930 1571 5000 τὴν
1600 4929 1879 4998 ἄφθαρτον

2002 4929 2351 4995 :ommutavit,
2376 4929 2657 5000 ﬁliumque
2676 4931 2962 4988 declarans
2982 4926 3390 5003 imperatOrem,
3419 4954 3554 5006 prae-

301 5028 579 5097 βασιλείαν
609 5027 707 5095 τὴν
740 5025 1005 5096 ἐπίκηρον
1032 5022 1257 5094 ἦμειψε,
1292 5023 1387 5075 καὶ
1406 5023 1497 5075 τὸν
1525 5022 1639 5073 υἱὸν
1669 5022 1879 5091 ἀνακη-

303 5122 465 5191 ρῦξας
498 5118 749 5188 βασιλέα,
772 5119 993 5188 κήρυκα
1026 5116 1126 5184 τῆς
1157 5113 1438 5177 εὐσεϐείας
1471 5115 1565 5167 καὶ
1608 5111 1718 5165 τῶν
1747 5112 1882 5182 Χρι-

305 5218 532 5274 στιανῶν
582 5216 900 5286 ὐπέρμαχον
924 5210 1335 5266 καταλέλοιπεν.

395 5310 534 5365 1408
562 5307 740 5362 3.765
794 5305 885 5377 IL]
912 5305 1036 5358 Ὅτι
1062 5302 1216 5374 φησι,
1250 5300 1491 5372 Σεϐήρου
1519 5300 1659 5369 νόσῳ
1685 5301 1873 5353 τελευο

303 5406 564 5475 τήσαντος
615 5400 885 5461 Λικίννιος
938 5399 967 5450 6
1017 5396 1106 5449 ἐπ’
1157 5393 1361 5463 ἀδελφῇ
1421 5391 1670 5464 γαμϐρὸς
1712 5392 1870 5444 Κων-

1977 5035 2171 5075 conem
2227 5020 2447 5090 pietatis
2494 5019 3043 5093 Christianorumque
3089 5034 3553 5095 propugnatorem

1982 5111 2221 5180 reliquit.

2056 5297 2288 5363 Severo,
2325 5298 2537 5369 inquit,
2570 5299 2761 5355 morbo
2789 5301 3061 5356 exstincto
3081 5299 3279 5371 47041
3310 5297 3555 5353 Licinius

1980 5391 2329 5447 Constantini
2356 5393 2604 5449 sororius
2630 5391 2938 5462 imperavit,
2965 5390 3160 5447 deinde
3189 5390 3554 5446 Maximianus

1545 5548 1782 5605 VARIAS
1839 5548 2132 5606 LECTION
2138 5551 2241 5606 ES.

374 5706 415 5736 ιι
438 5705 535 5773 τῆς
566 5700 604 5753 Β
638 5719 651 5753 ε
688 5699 783 5752 καὶ
817 5700 913 5769 τῆς
940 5716 1001 5763 ς,
1079 5698 1121 5728 ⁸⁸
1154 5695 1282 5767 περί
1315 5695 1361 5750 Α
1391 5715 1403 5752 :
1440 5693 1595 5767 παρά
1628 5710 1688 5756 ς·

585 5796 859 5853 Parnm.
895 5795 1010 5853 (in.
1043 5791 1199 5852 CIV.

1771 5692 1811 5727 "
1851 5692 1944 5745 καὶ
1978 5703 2102 5747 ante
2146 5692 2222 5763 τῷ
2265 5692 2391 5748 add.
2438 5695 2501 5746 A.
2583 5693 2625 5725 ¹⁸
2654 5692 2861 5763 χρόνοις
2886 5692 2923 5744 Α
2957 5709 2970 5745 ς
2999 5691 3190 5763 χρόνον
3225 5711 3291 5758 ς,

3098 5783 3133 5842 lt
