3944 6242
359 241 456 311 137

1506 240 1735 302 PHOTI
1746 239 1771 298 Ι
1812 237 2317 299 ΡΑΤΒΙΑΒΕΗᾹΞ
2350 238 2458 300 CP.

3507 237 3605 302 108

357 363 623 431 reliquam
655 357 898 414 Orientis
947 367 1154 428 partem
1211 357 1407 412 tenuit.
1450 354 1757 412 Maxentius
1802 369 1930 409 vero

2045 354 2327 406 σταντίνου
2376 350 2685 425 βασιλεύει·
2732 353 2832 424 τὴν
2860 352 2917 406 δὲ
2968 350 3161 424 λοιπὴν
3202 350 3299 421 τῆς
3351 347 3522 421 Ἒῴας
3560 352 3605 384 ¹⁹

360 454 609 509 Romano
643 450 696 505 in
740 448 1033 505 Occidente
1066 450 1298 520 imperio
1324 448 1558 519 prmluit,
1576 448 1763 503 fratris
1806 447 1924 503 Ma—

358 542 583 596 ximiani
615 540 780 595 illius.
814 538 1028 595 Etenim
1065 539 1201 595 alter
1231 540 1449 609 quidem
1474 548 1595 595 erat
1614 539 1931 594 Maximiani

358 634 581 705 prioris,
622 635 756 687 alter
785 631 1135 719 Diocletiani.

429 725 823 779 Constantinus
853 725 974 794 pius
1003 727 1297 793 imperator
1316 763 1330 786 ,
1373 723 1671 778 homicidia
1693 764 1709 789 ,
1735 724 1931 789 caedes,

361 818 635 888 virginum
670 826 885 888 stupra,
944 828 999 872 et
1028 828 1218 887 raptus
1271 818 1579 872 alienarum
1618 818 1931 884 mulierum,

360 919 414 964 et
438 911 780 975 violentiam,
807 910 1010 981 quibus
1052 910 1298 965 nefarius
1328 910 1421 966 ille
1450 911 1757 968 Maxentius
1787 914 1937 969 dele-

362 1001 632 1066 ctabatur,
663 1016 1035 1072 cognoscens,
1082 1010 1137 1054 ct
1174 1015 1270 1071 per
1310 1002 1518 1072 legatos
1548 1001 1735 1059 Romae
1773 1020 1803 1059 a
1850 1022 1938 1061 se-

358 1101 491 1145 natu
534 1092 809 1145 vindicem
861 1107 920 1147 se
979 1102 1143 1162 atque
1209 1103 1542 1149 assertorem
1602 1096 1858 1166 appellari
1919 1116 1933 1151 :

359 1183 615 1237 hortatur
643 1192 932 1253 tyrannum
968 1199 1062 1253 per
1095 1184 1325 1251 litteras,
1352 1197 1414 1239 ut
1436 1186 1708 1241 abstineat
1741 1189 1808 1243 ab
1832 1187 1938 1241 im-

361 1275 467 1344 piis
500 1277 789 1344 operibus.
844 1277 1180 1332 Persuadere
1225 1293 1349 1331 cum
1382 1294 1490 1333 non
1525 1288 1706 1348 posset
1735 1279 1936 1344 verbis,

362 1368 503 1422 bello
539 1371 802 1436 tentavit,
850 1385 1141 1441 pugnaque
1197 1386 1568 1440 congressus,
1600 1373 1780 1441 primo
1828 1387 1936 1426 non

377 1463 571 1532 procul
632 1463 807 1518 abfuit
861 1465 997 1533 quin
1037 1465 1433 1520 succumberet.
1479 1464 1617 1520 Cum
1668 1474 1851 1522 autem
1885 1467 1939 1520 in

361 1558 503 1612 coelo
552 1558 600 1610 ei
657 1558 841 1613 crucis
876 1557 1051 1613 forma
1085 1569 1403 1630 appareret,
1450 1561 1693 1615 materiae
1718 1574 1940 1632 experte

362 1650 571 1704 lumine
598 1650 851 1720 ﬁgurata,
886 1661 941 1705 et
974 1651 1173 1708 litteris
1202 1652 1441 1720 ejusdem
1490 1653 1637 1708 modi
1659 1697 1673 1721 ,
1715 1654 1939 1710 victoria

362 1742 633 1811 promissa
673 1749 854 1806 esset,
889 1741 964 1795 ita
1002 1741 1146 1796 enim
1201 1742 1521 1812 inscriptum
1563 1755 1720 1799 erat:
1750 1749 1814 1800 In
1839 1745 1936 1800 hoc

362 1835 504 1887 vince
537 1850 551 1886 :
583 1832 777 1902 proelio
802 1847 1136 1901 congressus
1157 1872 1171 1897 ,
1224 1841 1279 1886 et
1324 1832 1452 1887 belli
1481 1838 1540 1887 et
1580 1833 1799 1904 tyranni
1834 1833 1937 1887 im-

361 1925 571 1994 perium
604 1924 779 1979 victor
799 1924 963 1994 cepit.
993 1924 1132 1978 Ante
1165 1925 1418 1994 praelium
1450 1924 1591 1981 hanc
1621 1941 1743 1997 quae.
1769 1940 1939 1996 appa-

363 2017 473 2072 ruit
515 2032 734 2072 crucem
774 2017 829 2070 in
860 2018 1033 2087 signis
1061 2017 1334 2087 ﬁguravit,
1376 2027 1431 2073 et
1459 2019 1641 2075 aureis
1665 2017 1939 2088 lapidibus

366 2111 665 2176 adornans,
715 2111 868 2167 dedit
898 2114 988 2182 qui
1030 2121 1155 2166 ante
1188 2115 1462 2182 equitaret
1512 2111 1787 2167 feresdam
1813 2153 1829 2177 ,
1886 2122 1941 2167 et

364 2200 668 2256 Maxentius
697 2202 1069 2272 praedecessit.
1104 2201 1241 2257 Nam
1296 2203 1365 2257 iis
1427 2201 1638 2272 laqueis
1667 2242 1682 2268 ,
1741 2203 1939 2273 quibus

363 2292 784 2349 Constantinum
813 2308 1008 2365 capere
1041 2294 1381 2363 decreverat,
1414 2302 1605 2365 captus
1633 2302 1735 2350 est.
1771 2294 1939 2350 Fece-

363 2397 450 2442 rat
483 2390 634 2443 enim
664 2398 883 2458 pontem
916 2388 1083 2442 alium
1108 2388 1265 2458 juxta
1296 2396 1517 2459 pontem
1548 2387 1789 2443 Milvium
1832 2405 1941 2444 non

363 2480 558 2551 procul
593 2495 624 2534 a
656 2478 854 2543 Roma,
891 2488 1013 2534 astu
1058 2479 1450 2549 quodam,quo
1476 2489 1640 2548 ponte
1668 2478 1942 2535 Constan-

369 2574 539 2628 tinum
578 2572 876 2627 irruentem
906 2571 1135 2642 perdere
1152 2571 1446 2638 cogitabat.
1480 2570 1661 2628 Versis
1684 2572 1736 2626 in
1758 2570 1941 2642 fugam

368 2666 433 2719 iis
460 2665 555 2736 qui
591 2664 764 2719 Roma
809 2672 1112 2727 venerant,
1149 2664 1497 2733 maximaque
1546 2672 1665 2719 orta
1705 2664 1943 2733 trepida-

365 2758 535 2822 tione,
570 2757 878 2813 Maxentius
908 2756 1018 2811 doli
1046 2766 1243 2811 auctor
1268 2772 1389 2811 cum
1414 2756 1551 2824 suis,
1578 2766 1739 2825 rupto
1763 2756 1942 2811 fallaci

368 2859 552 2917 ponte,
614 2847 978 2917 praecipitavit
1033 2850 1087 2902 in
1142 2847 1368 2914 ﬂumen,
1402 2857 1457 2903 et
1496 2850 1800 2905 exstinctus
1836 2861 1939 2905 est.

373 2937 560 3007 Itaque
585 2936 896 2993 Maxentius
934 2938 1134 3007 periit,
1162 2948 1215 2993 et
1252 2939 1468 3009 imperii
1501 2954 1630 3009 pars
1682 2940 1829 2997 illius
1874 2941 1941 2996 ad

1967 1703 2015 1763 B

2040 449 2236 516 μοῖραν
2268 446 2612 517 Μαξιμιανὸς
2645 448 2850 518 ἐπεῖχε.
2888 447 3188 511 Μαξέντιος
3232 445 3290 499 δὲ
3318 445 3421 514 τῆς
3463 444 3608 499 κατά

2046 539 2264 609 Ῥώμην
2291 535 2483 610 ἦρχεν,
2505 539 2818 608 ἀδελφιδοῦς
2842 540 2916 592 ῶν
2940 538 3303 609 Μαξιμιανοῦ·
3338 538 3557 607 καὶγὰρ
3581 540 3612 591 6

2037 630 2139 700 μὲν
2169 625 2238 701 ἦν
2267 630 2611 700 Μαξιμιανοῦ
2631 629 2725 683 τοῦ
2743 630 3033 700 προτέρου,
3058 630 3086 681 ὁ
3114 628 3169 682 δὲ
3202 626 3609 698 Διοιιλητιανοῦ.

2109 724 2232 777 ’Ὁτι
2261 725 2666 785 Κωνσταντῖνος
2695 725 2723 777 6
2756 723 2984 794 εὐσεϐὴς
3009 722 3279 793 βασιλεὺς,
3307 722 3434 784 τοὺς
3460 738 3614 790 μιαι-

2038 817 2231 885 φόνους
2262 817 2454 885 φόνους
2477 817 2571 869 καλ⁸
2598 815 2697 878 τάς
2730 815 3029 885 διαφθορὰς
3061 814 3169 867 τῶν
3208 814 3492 883 παρθένων
3521 813 3615 864 καὶ

2036 910 2135 971 τὰς
2170 908 2425 978 ἁρπαγὰς
2458 908 2567 961 τῶν
2601 908 2894 977 ἀλλοτρίων
2915 905 3193 974 γυναικῶν
3219 906 3312 958 καὶ
3338 906 3437 968 τὰς
3469 904 3614 975 βίας,

2036 993 2127 1063 αἷς
2157 1001 2185 1052 ὁ
2215 999 2500 1066 ἐξάγιστος
2545 999 2819 1069 ὲνετρύφα
2864 996 3187 1062 Μαξέντιος,
3222 997 3360 1064 ἀκοῇ
3400 993 3613 1063 μαθὼν,

2037 1095 2134 1146 καὶ
2166 1091 2272 1144 τῶν
2300 1092 2357 1143 ὲν
2391 1090 2577 1161 Ῥώμῃ
2606 1087 3195 1160 διαπρεσϐευσαμένων
3218 1086 3403 1155 σφίσιν
3432 1087 3618 1149 αὐτοῖς

2040 1186 2265 1254 σωτῆρα
2303 1183 2399 1237 καὶ
2449 1182 2732 1253 λυτρωτὴν
2781 1179 3055 1250 γενέσθαι,
3090 1181 3347 1249 παραινεῖ
3380 1180 3479 1249 μὲν
3529 1178 3617 1232 διά

2038 1277 2386 1348 γραμμάτων
2409 1275 2502 1329 τὸν
2532 1274 2795 1349 τύραννον
2826 1273 3161 1344 ἀποσχέσθαι
3192 1272 3301 1326 τῶν
3331 1272 3618 1342 ὲκθέσμων

2040 1371 2238 1442 ἔργων,
2284 1371 2346 1423 ού
2380 1369 2585 1423 πείθων
2622 1368 2679 1422 δὲ
2725 1368 2904 1436 λόγοις
2935 1367 3164 1421 ἅπτεται
3222 1364 3483 1435 πολέμου.
3509 1365 3620 1417 Καὶ

2042 1463 2384 1533 συμπλακεὶς
2414 1464 2584 1534 μάχῃ,
2624 1463 2692 1515 τὰ
2735 1460 2928 1532 πρῶτα
2964 1460 3061 1529 μὲν
3088 1458 3254 1526 ἐγγὺς
3285 1457 3495 1527 γίνεται
3521 1456 3618 1509 τοῦ

2039 1556 2225 1609 λαϐεῖν
2261 1555 2319 1608 τὸ
2356 1551 2518 1628 ἦττον
2543 1571 2558 1585 '
2600 1554 2862 1623 φανέντος
2890 1553 2935 1607 δ’
2965 1552 3114 1623 αὐτῷ
3162 1552 3305 1605 κατὰ
3326 1551 3417 1604 τὸν
3447 1551 3618 1621 ούρα-

2042 1650 2131 1705 νδν
2155 1650 2249 1704 τοῦ
2275 1648 2447 1702 τύπου
2471 1644 2564 1701 τοῦ
2591 1647 2848 1718 σταυροῦ,
2876 1645 3013 1714 φωτὶ
3035 1644 3184 1714 άΰλῳ
3206 1642 3620 1713 ἐγκεχαραγμέ-

2043 1760 2136 1796 νου
2166 1742 2261 1796 καὶ
2291 1741 2584 1811 γράμμασι
2613 1740 2711 1809 τῆς
2754 1739 2925 1809 αὐτῆς
2953 1738 3085 1808 ὕλης
3127 1735 3619 1805 εὐαγγελιζομένου

2038 1836 2136 1905 τῆν
2163 1835 2318 1905 νίκην
2349 1833 2523 1904 (ἔλεγε
2552 1833 2660 1905 γὰρ
2687 1832 2748 1885 τὸ
2782 1832 3036 1903 γράμμα,
3090 1832 3192 1884 Ἐν
3218 1830 3407 1896 τούτῳ
3435 1828 3618 1897 νίκα),

2041 1925 2334 1997 συμϐαλὼν
2388 1910 2501 1988 τοῖς
2531 1923 2811 1994 πολεμίοις
2840 1923 2935 1976 καὶ
2986 1922 3080 1976 τοῦ
3112 1921 3354 1990 πολέμου
3401 1920 3497 1974 καὶ
3523 1918 3620 1974 τοῦ

2039 2016 2306 2087 τυράννου
2347 2014 2597 2069 σκυλεύει
2629 2014 2689 2068 τὸ
2721 2013 2944 2086 κράτος.
2988 2012 3103 2085 Πρὸ
3135 2013 3192 2066 δὲ
3238 2012 3340 2082 τῆς
3374 2012 3624 2082 συμπλο-

2026 2108 2146 2179 νκῆς
2174 2106 2273 2179 τὴν
2323 2107 2473 2161 θείαν
2507 2106 2629 2176 ὄψιν
2677 2106 2756 2169 είς
2801 2103 3065 2176 τροπαίου
3107 2104 3294 2174 σχῆμα
3326 2103 3624 2175 μορφώσας

2042 2199 2139 2252 καὶ
2158 2197 2614 2269 χρυσοκολλήτοις
2638 2195 2808 2259 λίθοις
2832 2195 3077 2265 ἁρμόσας
3101 2194 3270 2247 ἐδίδου
3301 2194 3487 2263 φέρειν
3509 2196 3624 2257 τοῖς

2043 2290 2447 2362 προῖππεύουσι
2474 2289 2539 2343 ⁸ο,
2582 2289 2692 2343 Καὶ
2730 2288 2940 2357 γίνεται
2986 2287 3084 2359 μὲν
3126 2286 3426 2352 Μαξέντιος
3456 2285 3623 2340 αὐτοῦ

2045 2385 2271 2455 θήραμα
2294 2399 2309 2412 ·
2339 2377 2421 2446 οἷς
2449 2381 2558 2453 γὰρ
2583 2380 2841 2452 ὲνήδρευε
2876 2378 3283 2434 Κωνσταντῖνον
3306 2378 3622 2451 θηράτροις,

2045 2475 2206 2538 αὐτὸς
2237 2473 2498 2543 ἐθηράθη.
2543 2472 2785 2543 Ἐπήγνυ
2822 2470 2923 2540 μὲν
2957 2468 3068 2542 γὰρ
3103 2468 3239 2540 πρὸς
3267 2469 3366 2539 τῆς
3405 2468 3626 2540 Ῥώμης

2046 2571 2176 2639 περὶ
2208 2568 2306 2637 τὴν
2340 2565 2584 2622 Μουλίαν
2610 2566 2653 2596 ³⁸
2690 2564 2941 2636 γέφυραν
2965 2562 3117 2617 δόλου
3155 2562 3400 2632 γέφυραν
3434 2560 3626 2630 ἀλλην,

2047 2660 2114 2713 δι’
2141 2654 2209 2730 ἧς
2230 2657 2425 2731 ἤλπιζε
2457 2658 2548 2710 τὸν
2571 2658 2984 2710 Κωνσταντῖνον
3013 2653 3378 2707 ἐπελαύνοντα
3405 2651 3626 2720 διαφθα·

2048 2752 2208 2823 ρῆναι
2230 2768 2246 2784 ⁸
2275 2750 2376 2821 τῆς
2426 2748 2635 2819 τροπῆς
2664 2747 2722 2801 δὲ
2753 2745 2863 2800 τῶν
2893 2747 3000 2800 ἀπὸ
3040 2744 3262 2815 Ῥώμης
3305 2744 3488 2810 ὀξείας
3529 2743 3628 2795 καὶ

2047 2844 2147 2897 σὺν
2174 2843 2400 2914 ταράχῳ
2448 2840 2628 2911 πολλῷ
2674 2840 3050 2910 γεγενημένης
3086 2838 3249 2902 αὐτὸς
3277 2838 3305 2891 6
3341 2836 3433 2891 τοῦ
3471 2836 3627 2890 δόλου

2045 2934 2294 3005 τεχνίτης
2344 2935 2441 2987 σὺν
2471 2935 2583 2994 τοῖς
2636 2933 2943 3003 ἑπομένοις,
2999 2930 3391 3003 διαρῤαγείσης
3439 2929 3629 2992 αὐτοῖς

367 3026 789 3082 Constantinum
819 3028 999 3094 rediit,
1025 3039 1078 3084 et
1105 3029 1311 3083 subditi
1337 3045 1443 3085 non
1464 3031 1624 3085 modo
1647 3031 1716 3086 ab
1749 3031 1940 3086 imme-

2045 3028 2145 3097 τῆς
2179 3025 2583 3095 σεσοφισμένης
2613 3025 2877 3097 γεφύρας,
2910 3023 3105 3077 κατέδυ
3137 3039 3198 3076 τε
3227 3023 3307 3084 είς
3336 3020 3426 3074 τὸν
3455 3038 3627 3074 ποτα-

370 3118 593 3174 dicabili
626 3119 771 3173 malo
809 3119 1174 3190 respirarunt,
1206 3120 1302 3175 sed
1332 3130 1385 3175 et
1417 3121 1527 3175 laeti
1563 3120 1764 3177 festum
1797 3123 1943 3176 diem

369 3219 620 3282 egerunt.
636 3210 882 3268 Licinius
896 3221 1078 3268 autem
1098 3214 1315 3283 gentilis
1334 3213 1389 3268 in
1410 3214 1531 3284 pios
1554 3216 1749 3283 saeviit,
1766 3216 1946 3284 primo

366 3303 589 3373 quidem
617 3303 849 3370 occulte,
883 3315 1030 3359 metu
1064 3304 1261 3370 amnis,
1292 3305 1487 3360 deinde
1521 3315 1709 3375 aperto
1749 3314 1944 3361 marte.

366 3394 734 3451 inveteratum
797 3397 943 3450 enim
1000 3397 1206 3450 malum
1235 3396 1555 3466 plerumque
1581 3398 1827 3452 etfotum
1861 3398 1946 3451 in-

374 3496 463 3542 tus
498 3497 765 3556 perpetuo
791 3488 963 3541 latere
988 3488 1198 3557 nequit,
1251 3496 1308 3541 et
1372 3488 1579 3557 pridem
1627 3488 1947 3543 meditatum

373 3576 522 3630 foras
560 3574 778 3630 tandem
812 3576 1069 3645 erumpit.
1120 3575 1303 3642 Quare
1359 3576 1584 3632 infanda
1643 3580 1949 3646 perseculio

370 3668 427 3721 in
465 3666 818 3721 Christianos
866 3668 1038 3722 movit
1101 3667 1251 3737 pium
1306 3667 1687 3738 imperatorem
1757 3679 1949 3723 contra

371 3761 601 3830 impium
627 3759 839 3814 aliinem
872 3762 939 3813 ad
966 3760 1177 3829 justum
1199 3759 1409 3825 odium,
1440 3769 1493 3815 et
1509 3775 1575 3815 ex
1592 3761 1717 3816 odio
1757 3771 1947 3816 natum

373 3851 599 3906 bellum.
641 3848 825 3904 Multis
860 3848 1056 3921 47οὸ
1097 3849 1373 3919 variisque
1404 3850 1604 3920 pugnis
1635 3851 1950 3908 commissis

375 3952 520 3999 terra
555 3942 823 4012 marique,
858 3941 1102 3997 Licinius
1136 3939 1365 3995 inferior
1401 3952 1504 3996 est.
1552 3942 1658 3996 Sed
1714 3943 1952 4012 impera-

373 4035 511 4091 toris
541 4033 876 4104 benignitate
892 4031 1091 4094 fretus.
1127 4032 1366 4103 seipsum
1397 4033 1621 4098 dedidit,
1662 4043 1717 4089 et
1746 4034 1952 4090 frustra

2054 3119 2155 3188 μὸν
2182 3118 2276 3171 καὶ
2301 3117 2485 3184 ἐξέπιε
2506 3117 2597 3170 τὸν
2622 3116 2869 3171 θάνατον.
2915 3115 3053 3169 Ἀλλ’
3084 3115 3228 3168 οὕτω
3262 3114 3363 3183 μὲν
3388 3114 3481 3167 καὶ
3510 3114 3632 3166 Μα-

2051 3209 2253 3275 ξέντιος
2288 3210 2575 3280 διεφθάρη,
2622 3208 2719 3263 καὶ
2768 3211 2849 3272 εἰς
2886 3208 3296 3261 Κωνσταντῖνον
3337 3208 3371 3277 ἡ
3415 3205 3628 3260 ἐκείνου

2053 3302 2212 3373 μερὶς
2252 3302 2637 3373 περιίσταται·
2671 3300 2767 3355 καὶ
2809 3300 2869 3354 τὸ
2915 3299 3155 3371 ὑπήκοον
3215 3300 3277 3351 ού
3327 3300 3488 3369 μόνον
3531 3298 3632 3351 ἀν-

2049 3393 2279 3446 έπνευσε
2302 3393 2411 3447 τῶν
2432 3392 2746 3463 ἀνηκέστων
2766 3392 2972 3457 κακῶν,
2991 3391 3128 3447 ἀλλά
3146 3391 3240 3444 καὶ
3265 3394 3323 3444 ἐν
3351 3391 3396 3420 ²²
3418 3390 3568 3459 εὑδίᾳ.
3583 3389 3631 3421 ’³

2052 3482 2201 3556 πάσῃ
2226 3483 2488 3554 ἑώρταζε.
2514 3484 2786 3548 Λικίννιος
2814 3484 2871 3538 δὲ
2901 3484 3001 3554 τὴν
3032 3483 3271 3555 Ἕλληνα
3305 3481 3463 3546 δόξαν
3497 3498 3633 3549 συγ-

2051 3577 2282 3646 κροτῶν,
2310 3574 2625 3646 ἐξεμαίνετο
2646 3574 2788 3630 κατὰ
2803 3576 2913 3630 τῶν
2930 3574 3191 3640 εὐσεϐῶν,
3219 3573 3288 3627 τὰ
3313 3572 3501 3642 πρῶτα
3530 3572 3631 3642 μὲν

2051 3667 2229 3739 λάθρα
2264 3667 2413 3738 φόϐῳ
2457 3667 2553 3722 τοῦ
2588 3668 2871 3739 κηδεστοῦ,
2911 3667 3140 3740 ὕστερον
3169 3667 3227 3720 δὲ
3255 3667 3349 3720 καὶ
3397 3666 3538 3720 κατά
3569 3666 3633 3719 τδ

2051 3760 2295 3829 ἐμφανές
2318 3775 2333 3789 °
2358 3761 2605 3831 χρονίζον
2631 3760 2740 3832 γάρ
2777 3761 2872 3815 καὶ
2900 3760 3339 3832 ὑποτρεφόμενω
3376 3759 3525 3812 ἔνδον
3570 3757 3635 3811 τὸ

2050 3853 2222 3906 δεινὸν
2250 3853 2328 3916 ὡς
2376 3852 2445 3906 τά
2477 3853 2649 3908 πολλὰ
2698 3854 3186 3924 συγκεκλεισμένον
3232 3853 3415 3925 μένειν
3444 3852 3504 3905 ού
3534 3852 3631 3904 δύ-

2054 3962 2233 4012 ναται,
2266 3945 2403 3999 ἀλλὰ
2425 3947 2513 4001 διὰ
2541 3948 2650 4001 τῶν
2694 3947 2853 4010 ἐκτὸς
2885 3945 3208 4019 θριαμϐεύει
3243 3944 3425 3999 καὶτὸ
3473 3944 3635 3998 πάλαι

2058 4037 2451 4109 μελετώμενον.
2511 4039 2571 4091 Ὀ
2617 4038 2799 4091 τοίνυν
2852 4037 2994 4091 κατά
3035 4036 3143 4090 τῶν
3188 4036 3235 4068 ’δ
3287 4035 3634 4106 Χριστιανῶν

375 4141 484 4181 non
520 4125 693 4181 fuisse
723 4134 1065 4194 compertum
1118 4132 1222 4178 est.
1280 4121 1583 4179 Dimittitur
1628 4125 1776 4180 enim
1818 4127 1940 4183 libet

2055 4128 2349 4201 ἀδιήγητος
2398 4130 2638 4199 διωγμὸς
2685 4131 2829 4183 κινεί
2866 4129 2956 4182 τὸν
2998 4128 3193 4199 εὐσεϐῆ
3229 4128 3454 4199 βασιλέα
3493 4130 3639 4184 κατά

376 4217 564 4272 multis
593 4216 868 4272 obnoxius
904 4213 1583 4284 pcenis,et'l‘hessalonica
1608 4215 1707 4279 illi,
1735 4226 1795 4271 ut
1826 4233 1940 4272 cum

2054 4222 2149 4276 τοῦ
2182 4221 2609 4276 δυσσεϐεστάτου
2634 4220 2888 4290 γαμϐροῦ
2910 4221 2992 4283 είς
3024 4222 3177 4289 μῖσος
3197 4220 3424 4284 δίκαιον,
3457 4220 3551 4273 καὶ
3577 4220 3639 4273 τὸ

375 4310 525 4363 omni
565 4309 861 4363 securitate
891 4307 965 4362 ibi
1007 4306 1256 4377 degeret,
1292 4307 1624 4377 assignatur.
1666 4309 1789 4379 Ipse
1820 4326 1940 4364 γει-ς

2058 4318 2214 4386 μῖσος
2257 4314 2348 4368 τδν
2384 4314 2619 4384 πόλεμον
2653 4313 2853 4368 ἔτικτε.
2888 4313 3095 4385 Πολλῆς
3140 4314 3196 4367 δὲ
3231 4314 3324 4367 καὶ
3370 4312 3642 4365 παντοδα-

376 4404 772 4459 humanitatem
808 4401 999 4467 armis,
1038 4415 1230 4455 amens
1255 4401 1394 4455 cladi
1426 4402 1797 4456 restauraudaa
1822 4420 1940 4473 per-

2057 4381 2193 4473 ποῠς
2225 4381 2700 4477 συγκροτουμένης
2728 4406 2906 4477 μάχης
2933 4381 3073 4460 κατά
3091 4424 3150 4459 τε
3176 4406 3221 4437 ’⁸
3242 4407 3345 4476 γῆν
3370 4408 3465 4459 καὶ
3495 4406 3642 4459 κατὰ

374 4503 618 4558 mutans,
646 4494 970 4549 seditionem
1001 4493 1319 4559 concitavit,
1346 4508 1468 4564 qum
1490 4494 1640 4549 illum
1662 4494 1805 4565 justa
1828 4498 1940 4551 vin-

2056 4502 2331 4555 θάλασσαν
2359 4500 2404 4531 ³⁸
2436 4500 2668 4571 ἡττᾶται
2694 4500 2987 4564 Λικίννιος,
3019 4500 3113 4554 καὶ
3145 4503 3209 4572 τῇ
3234 4500 3326 4553 τοῦ
3373 4499 3643 4570 βασιλέως

372 4586 517 4641 dicta
555 4588 665 4641 vita
700 4585 956 4656 privavit.

2056 4591 2434 4665 φιλανθρωπίᾳ
2460 4590 2736 4655 πεποιθὼς
2770 4590 2960 4645 ἑαυτὸν
3001 4592 3274 4646 ἐκδίδωσι.
3309 4594 3421 4647 Καὶ
3459 4593 3645 4664 μάτην

372 4685 596 4757 θαρρεῖν
646 4683 747 4735 οὐκ
797 4680 1096 4751 ἠλέγχετοο
1148 4678 1367 4747 ἀφίεται
1415 4679 1515 4749 μὲν
1563 4682 1692 4751 γὰρ,
1744 4687 1955 4743 πολλῶν
1995 4689 2296 4751 ὑπεύθυνος
2355 4685 2431 4739 ὢν
2496 4687 2797 4758 τιμωριῶν,
2827 4687 3197 4759 ἀτιμώρητος,
3232 4687 3328 4740 καλ⁵
3364 4688 3395 4758 ὴ
3429 4687 3645 4741 Θεσσα-

372 4776 560 4844 λονίκη
590 4771 742 4843 αὐτῷ
778 4771 876 4823 σὺν
905 4768 1060 4839 ἀδείᾳ
1086 4769 1186 4839 ζῇν
1208 4768 1396 4840 ἁπάσῃ
1430 4770 1681 4841 διατριϐὴ
1702 4776 2045 4847 ἀφορίζεται.
2086 4782 2147 4835 '0
2173 4780 2230 4833 δὲ
2257 4780 2317 4831 τὸ
2339 4777 2466 4851 [766
2495 4777 2590 4852 11.]
2650 4778 3030 4849 φιλάνθρωπον
3060 4782 3139 4843 εἰς
3197 4779 3259 4832 τὸ
3318 4780 3419 4849 τὴν
3468 4778 3649 4854 ἧτταν

374 4870 823 4945 ἀναμαχέσασθαι
854 4869 898 4900 ’⁷
936 4867 1195 4930 ἀπονοίας
1245 4868 1611 4938 ποιησάμενος
1649 4871 1834 4941 ὅπλον,
1899 4876 1998 4947 τὴν
2073 4877 2441 4931 ἐπανάστασιν
2478 4878 2796 4948 ὲχειρίζετο,
2824 4878 2946 4949 ἥτις
2981 4880 3143 4934 αὐτὸν
3176 4879 3390 4936 καὶτοῦ
3422 4882 3540 4953 βίου
3568 4883 3653 4953 τῷ

372 4969 567 5039 δικαίῳ
608 4966 747 5034 ξίφει
772 4962 1035 5034 διέτεμεν.
3628 5037 3645 5043 -

448 5061 677 5115 Moritur
709 5067 935 5113 sanctus
968 5063 1174 5126 martyr
1204 5054 1395 5111 Petrus
1418 5098 1432 5123 ,
1478 5066 1531 5111 et
1557 5058 1798 5115 Achillas
1834 5079 1940 5118 sane

2141 5064 2262 5118 Ὀτι
2289 5062 2515 5131 τελευτᾷ
2547 5059 2646 5131 μὲν
2666 5062 2695 5113 6
2724 5061 3050 5131 ίερομάρτυς
3079 5060 3304 5130 Πέτρος,
3335 5062 3428 5116 καὶ
3468 5064 3654 5133 Ἀχιλ-

376 5168 524 5209 ctum
553 5153 730 5207 virum
759 5150 813 5204 in
843 5150 1110 5219 dignitate
1138 5149 1479 5206 Alexandriae
1500 5162 1829 5208 consecutus
1850 5166 1935 5210 est

2065 5157 2166 5218 λᾶς
2197 5156 2288 5207 τὸν
2328 5153 2736 5223 Ἀλεξανδρείας
2764 5153 2952 5225 θρόνον
2985 5153 3079 5206 καὶ
3107 5153 3197 5206 τὸν
3226 5155 3382 5223 ἅγιον
3410 5154 3656 5225 διαδέχε-

380 5257 434 5299 et
462 5245 613 5299 illum
648 5241 977 5295 Alexander.
1027 5241 1163 5296 Cum
1200 5240 1447 5296 Ecclesia
1484 5243 1940 5311 persccutionibu:

2067 5265 2179 5308 ται,
2215 5245 2405 5299 τοῦτον
2439 5246 2496 5299 δὲ
2533 5244 2900 5317 Ἀλέξανδρος.
2931 5245 3043 5314 Τῆς
3077 5245 3404 5316 Ἐκκλησίας
3438 5246 3495 5299 δὲ
3537 5249 3655 5301 τῶν

378 5338 602 5391 liberata
623 5342 787 5400 esset,
809 5344 1223 5404 martyrumque
1247 5333 1637 5387 certaminibus
1666 5335 1931 5391 illustrata

2069 5337 2326 5407 διωγμῶν
2377 5336 2480 5407 ἥδη
2530 5336 2714 5390 λοιπὸν
2760 5336 3210 5406 ἡλευθερωμένης
3243 5338 3339 5390 καὶ
3374 5338 3485 5401 τοῖς
3540 5338 3655 5391 τῶν

1628 5492 1863 5547 VARUE
1923 5492 2325 5549 LECTIONES.

446 5612 489 5691 :9
528 5611 669 5691 ὲῳας
809 5608 914 5691 ἕως
947 5624 1007 5687 ς..
1084 5605 1130 5636 ²⁰
1158 5602 1617 5691 πριοῖπτξεῦσινιΛ.
1694 5607 1736 5636 ’ί
1766 5604 2321 5691 Μουλξατνλψουλϐίαν
2349 5606 2708 5691 [3,..Βουλϐίαν

377 5675 691 5751 εὐδαιμονία
717 5684 793 5733 Α,
856 5678 900 5708 ³⁸
931 5677 1038 5731 τῶν
1061 5692 1171 5731 om.
1215 5677 1279 5728 A.
1357 5675 1401 5705 ”
1436 5691 1494 5726 τε
1520 5679 1564 5727 Λ
1598 5695 1610 5729 :
1645 5692 1708 5744 γε
1740 5693 1800 5741 ς.

2921 5610 2965 5638 ¹²
2986 5609 3044 5663 ὲν
3085 5624 3195 5665 om.
3233 5611 3299 5665 A.

1895 5613 2028 5691 λίαν]
2058 5613 2321 5658 Φουλϐίαν
2349 5613 2408 5670 Β,
2448 5613 2708 5659 Βουλϐίαν
2745 5613 2804 5661 Α.
2921 5613 3044 5663 ¹²ὲν
3085 5624 3195 5665 om.
3233 5613 3299 5665 A.
3403 5613 3447 5644 "
3476 5614 3654 5689 £655.]

1895 5679 1939 5709 ³⁸
1966 5676 2239 5730 θάλατταν
2268 5677 2328 5732 Β.
2408 5677 2452 5709 ’⁷
2482 5678 2854 5748 ἀναμάχεσθαι
2880 5681 2945 5734 Α.
