3966 6240
202 268 309 334 109

1324 280 1400 339 BI
1410 280 1853 342 BLIOTHECA.
1877 306 1946 316 --
1962 281 2128 343 COD.
2146 281 2384 342 CCLVI.

3371 280 3475 343 110

203 394 505 466 μαρτύρων
540 394 730 458 ἄθλοις
760 368 1187 469 σεμνυνομένης,
1218 399 1280 451 τὸ
1304 398 1593 467 ὲγκόλπιον
1622 400 1792 454 κακὸν

1909 400 2071 456 nalus
2098 401 2289 466 turbo,
2338 410 2394 455 et
2423 398 2611 455 mundi
2653 400 2904 470 quadam
2952 408 3250 469 tempestas
3282 399 3471 460 Arius.

200 488 307 540 καὶ
337 487 434 555 τῆς
463 487 791 557 οἰκουμένης
815 491 843 542 6
871 489 1106 560 τάραχος
1144 490 1357 559 Ἀρειος
1390 490 1487 560 τὴν
1526 491 1796 562 εὐφροσύ-

202 596 307 647 νην
332 579 433 647 τῆς
476 579 808 649 Ἐκκλησίας
840 582 921 644 εἰς
948 582 1251 651 κατήφειαν
1300 582 1461 635 πάλιν
1507 584 1795 637 συνέστελ-

201 669 295 721 λεν
314 688 327 701 ·
361 673 423 722 ὲν
456 670 722 739 κτίσμασι
748 672 857 742 γὰρ
880 676 1088 741 κατῆγε
1115 673 1205 726 τὸν
1240 674 1333 728 τοῦ
1364 675 1500 728 Θεοῦ
1545 677 1673 730 Υίὸν
1704 680 1797 731 καὶ

202 764 362 825 Θεὸν,
397 758 461 818 οὗ
495 766 677 835 χειρὸς
705 766 865 836 ἔργον
896 768 930 836 ή
971 766 1233 835 σύμπασα
1270 768 1470 833 κτίσις.
1514 770 1668 823 Ἐπεὶ
1697 771 1743 824 δ’
1769 773 1798 825 6

216 857 631 927 Ἀλεξανδρείας
672 858 1023 929 Ἀλέξανδρος
1057 858 1218 930 [1409
1251 859 1341 932 IL]
1379 862 1474 914 καὶ
1527 862 1797 916 νουθετῶν

204 950 302 1002 καὶ
332 950 678 1019 παρακαλῶν
705 952 938 1004 ἀπεῖπεν
968 950 1146 1022 (ἐνίκα
1182 951 1291 1023 γὰρ
1316 952 1425 1005 τῶν
1454 952 1710 1017 ζιζανίων
1736 953 1799 1007 τό

208 1043 374 1113 βάθος
394 1043 486 1095 τὸν
519 1042 722 1112 σπόρον
744 1042 840 1096 τοῦ
871 1043 1076 1113 λόγου),
1102 1046 1360 1115 ἐκτέμνει
1390 1046 1577 1099 τοῦτον
1601 1047 1796 1101 καθαι-

213 1138 409 1207 ρετικῇ
432 1136 674 1205 μαχαίρᾳ
705 1137 806 1205 τῆς
843 1135 1191 1208 Ἐκκλησίας.

290 1229 417 1281 Ὅτι
445 1229 703 1293 Εὐσέϐιος
740 1232 767 1281 6
792 1230 891 1301 τὴν
919 1231 1159 1302 Βηρυτὸν
1208 1231 1308 1301 μὲν
1358 1233 1651 1303 ὑπεριδὼν,
1700 1235 1798 1303 τὴν

219 1320 279 1374 δὲ
315 1319 671 1389 Νικομηδέων
699 1322 1025 1392 Ἐκκλησίαν
1054 1322 1468 1393 ὲποφθαλμίσας
1493 1325 1556 1386 ⁸⁸,
1576 1324 1696 1378 ἐπεὶ
1721 1325 1797 1393 μὴ

220 1412 374 1482 δίκην
403 1412 573 1466 ἔδωκε
606 1414 706 1482 τῆς
755 1415 1031 1485 ἁρπαγῆς,
1063 1416 1326 1488 ἐπαρθεὶς
1362 1417 1578 1489 Ἀρειόν
1615 1435 1676 1470 τε
1706 1418 1801 1470 καὶ

218 1506 466 1576 τοὺςντῆς
486 1507 759 1579 αἱρέσεως
783 1508 1117 1579 ωνεραπάς
1135 1509 1224 1563 διὰ
1247 1510 1506 1580 προνοίας
1525 1511 1627 1580 τῆς
1653 1510 1801 1581 “pd,-

212 1617 309 1669 της
338 1594 477 1670 ἦγεν
499 1615 513 1629 °
556 1594 633 1655 ὧν
657 1600 951 1654 ἐπίσκοποι
975 1602 1074 1672 μέν
1099 1619 1231 1656 ποτε
1257 1604 1542 1673 γεγονότες
1571 1602 1801 1656 Σεκοῦνο

210 1693 300 1756 δος
335 1694 556 1763 ὑπῆρχε
583 1695 678 1746 καὶ
715 1695 953 1759 Θεωνᾶς,
989 1699 1049 1749 ὲν
1076 1697 1345 1759 διακόνοις
1370 1697 1463 1749 καὶ
1494 1696 1797 1766 πρεσϐυτέ-

1899 493 2142 547 latitiam
2178 492 2433 547 Ecclesia
2464 493 2517 545 in
2554 490 2798 547 dolorem
2847 493 3045 546 iterum
3078 492 3262 546 vertit.
3302 490 3472 545 Crea—

1898 586 2038 639 turis
2067 586 2211 640 enim
2240 583 2441 639 Filium
2472 582 2564 638 Dei
2590 626 2606 649 ,
2644 582 2927 653 Deumque
2954 583 3097 638 velut
3134 583 3189 637 in
3224 583 3473 640 ordinem

1897 676 2151 744 redigens
2180 674 2442 744 alligavit,
2470 674 2630 744 cujus
2650 690 2845 728 manus
2870 690 3006 743 opus
3026 676 3206 730 omnis
3221 684 3305 730 est
3322 690 3475 730 crea—

1900 777 2043 822 tura.
2083 766 2221 823 Cum
2275 784 2403 823 vero
2432 769 2742 823 Alexander
2775 768 3119 822 Alexandria
3162 768 3477 837 episcopus,

1898 868 1954 915 et
1979 859 2253 914 monendo
2283 862 2662 930 hortandoque
2695 859 2829 913 nihil
2876 858 3165 929 proﬁceret
3190 860 3208 927 (
3232 874 3356 915 nam
3388 860 3471 913 zi-

1901 952 2183 1006 zaniorum
2229 953 2311 1007 vis
2339 961 2394 1007 et
2429 956 2584 1022 c0pia
2647 953 2798 1008 verbi
2839 968 3024 1008 semen
3056 953 3472 1023 oppresserat),

1900 1043 2124 1114 ancipiti
2175 1044 2429 1101 Ecclesiae
2478 1044 2661 1115 gladio
2714 1044 2861 1101 hunc
2913 1055 3145 1100 resecat.

1967 1232 2235 1288 Eusebius
2251 1233 2501 1303 Berytum
2528 1231 2858 1301 despiciens,
2874 1240 2924 1285 et
2944 1228 3275 1284 Nicomedia
3292 1228 3479 1287 Eccle-

1901 1322 1995 1377 sia
2025 1322 2261 1387 inhians,
2294 1339 2417 1377 cum
2463 1323 2685 1391 impune
2722 1336 2843 1376 eam
2881 1329 3243 1389 occupasset,
3279 1320 3478 1387 elatus,

1900 1414 2089 1468 Arium
2103 1414 2327 1483 ejusque
2344 1424 2640 1469 sectatores
2654 1412 3022 1468 defendendos
3036 1412 3288 1481 inprimis
3304 1428 3485 1468 susce-

1900 1510 1999 1578 pit,
2021 1523 2255 1577 quorum
2281 1522 2311 1562 e
2331 1522 2557 1563 numero
2572 1506 2810 1575 episc0pi
2829 1506 3123 1560 erantolim
3140 1504 3264 1559 l'acti
3284 1504 3487 1560 Secun-

1900 1601 2005 1655 dus
2028 1610 2082 1655 et
2104 1600 2376 1655 Theonas.
2420 1598 2564 1653 inter
2595 1598 2855 1653 diaconos
2883 1607 2938 1652 et
2963 1598 3293 1664 sacerdotes,
3317 1599 3485 1652 Arius

1904 1691 2171 1746 haereseos
2188 1691 2402 1745 initium
2419 1691 2768 1760 Achillasque
2788 1691 2925 1744 alter
2947 1689 3135 1751 Arius.
3155 1699 3211 1744 et
3234 1690 3485 1745 nonnulli

212 1803 329 1855 ροις
367 1786 589 1855 Ἀρειός
623 1802 682 1838 τε
713 1787 746 1854 ἡ
792 1788 891 1855 τῆς
926 1788 1191 1856 αἱρέσεως
1232 1788 1376 1858 ἀρχὴ
1421 1788 1516 1841 καὶ
1556 1786 1803 1855 Ἀχιλλᾶς

1910 1784 1999 1837 alii
2022 1783 2265 1853 ejusdem
2302 1783 2589 1853 dignitatis
2617 1793 2667 1838 et
2694 1782 2995 1846 societatis,
3016 1797 3245 1836 numero
3266 1797 3483 1846 novem,

210 1876 303 1929 καὶ
330 1875 494 1938 ἄλλος
521 1878 567 1907 ¹⁹
610 1878 828 1945 Ἀρειος
856 1876 951 1929 καί
988 1893 1134 1939 τινες
1162 1875 1339 1946 ἕτεροι
1373 1876 1468 1942 τῆς
1496 1876 1668 1945 αὐτῆς
1707 1876 1801 1929 καὶ

212 1966 381 2035 τιμῆς
421 1968 517 2021 καὶ
564 1968 836 2037 φρατρίας
869 1965 936 2031 ⁸ο,
977 1967 1212 2037 ἀριθμὸν
1268 1966 1661 2038 ἀπαρτίζοντες
1708 1967 1802 2021 τὸν

214 2062 392 2116 ἐννέα.
429 2059 540 2122 Οὓς
567 2062 662 2112 καὶ
688 2060 906 2113 καθεῖλε
940 2060 1157 2122 σύνοδος
1183 2061 1351 2127 ἐγγὺς
1391 2059 1436 2131 ρ’
1460 2060 1799 2123 ἐπισκόπων,

212 2154 262 2206 οἳ
283 2154 342 2220 ἐξ
368 2155 649 2221 Αἰγύπτου
679 2155 774 2206 καὶ
796 2153 1001 2223 Λιϐύης
1020 2152 1472 2224 συνεληλύθεσαν,
1495 2152 1804 2220 ὑπαγαγόν-

214 2266 303 2321 τες
331 2250 428 2300 καὶ
458 2247 539 2317 τῷ
564 2246 895 2317 ἀναθέματι.
926 2240 1026 2299 Ὧν
1056 2246 1155 2317 τὴν
1190 2245 1360 2318 ἀκοὴν
1390 2248 1803 2309 Κωνσταντῖνος

212 2342 313 2394 οὐκ
338 2340 669 2409 ἀναλγήτως
685 2338 946 2407 ἐνεγκὼν,
982 2338 1304 2391 ἀποστέλλει
1334 2338 1470 2409 πρὸς
1499 2339 1597 2407 τὴν
1616 2338 1801 2404 Ἀλεξ-

214 2433 474 2502 άνδρειαν
523 2432 713 2483 ’Ὀσιον
755 2431 855 2499 μὲν
916 2429 1179 2500 τοῦνομα,
1232 2430 1381 2482 ὅσιον
1444 2430 1501 2482 δὲ
1544 2430 1637 2482 τὸν
1690 2429 1803 2498 βίον

217 2527 396 2592 (πόλις
427 2526 473 2578 δ’
501 2524 668 2577 αὐτὸν
700 2523 859 2593 ηὔχει
900 2525 997 2594 μία
1028 2524 1138 2578 τῶν
1182 2524 1469 2578 ἰσπανιῶν
1498 2526 1563 2584 ⁸⁸,
1596 2526 1630 2593 ἡ
1658 2525 1803 2577 Κου-

214 2619 467 2691 δρούϐη),
499 2617 795 2687 ἐγχειρίζει
824 2617 870 2671 δ’
902 2617 1050 2687 αὐτῷ
1097 2617 1190 2671 καὶ
1222 2616 1527 2688 γράμματα
1569 2617 1709 2688 πρός
1744 2636 1803 2670 τε

213 2712 308 2763 τὸν
338 2708 604 2780 ἀρχιερέα
625 2708 763 2762 Θεοῦ
788 2708 1135 2777 Ἀλέξανδρον
1169 2710 1267 2763 καὶ
1294 2709 1430 2781 πρὸς
1462 2710 1680 2779 Ἀρειον
1711 2709 1805 2761 τὸν

217 2802 317 2871 τῆς
360 2800 619 2864 ἀσεϐείας
665 2801 1141 2871 δια-γεγραμμένον
1168 2802 1215 2833 ⁸¹
1256 2803 1577 2873 γεννήτορα,
1618 2794 1694 2855 ὧν
1737 2800 1805 2854 τὰ

226 2896 318 2964 μὲν
330 2895 456 2967 ᾔτει
483 2894 676 2964 φιλανθ
686 2894 1032 2965 ρωπευθῆναι
1055 2894 1191 2965 πρὸς
1217 2895 1459 2964 Ἀρειον,
1476 2894 1542 2948 τὰ
1563 2894 1617 2948 δὲ
1637 2910 1805 2964 προσ-

220 2989 441 3041 έταττεν
487 2986 791 3055 ἀποστῆναί
828 3004 887 3039 τε
921 2986 1018 3056 τῆς
1071 2985 1277 3057 λύσσης
1310 2986 1407 3039 καὶ
1444 2986 1506 3038 τὸ
1550 2986 1806 3055 φρόνημα

217 3084 316 3150 τῆς
357 3079 693 3148 Ἐκκλησίας
716 3077 1057 3141 ἀνθελέσθαι,
1080 3076 1315 3149 παρῄνει
1342 3078 1399 3131 δὲ
1428 3077 1525 3131 καὶ
1548 3077 1649 3144 τῆς
1670 3077 1805 3144 πρὸς

219 3174 489 3245 ἀλλήλους
511 3172 690 3244 ἔριδος
719 3173 812 3226 καὶ
830 3172 1140 3240 ἀντιλογίας
1158 3172 1481 3241 ἀναχωρεῖν,
1502 3170 1576 3233 ὡς
1599 3168 1811 3223 πολλῶν

222 3266 408 3319 κακῶν
438 3266 624 3329 αἰτίας
653 3264 857 3334 ταύτης
889 3266 945 3317 ὲν
976 3265 1191 3328 πολλοῖς
1222 3264 1533 3333 γινομένης.
1576 3262 1729 3315 Ἐπεὶ
1752 3261 1810 3315 δὲ

221 3358 279 3410 τὸ
336 3356 436 3411 τοῦ
503 3358 716 3428 Ἀρείου
762 3359 978 3427 νόσημα
1022 3356 1145 3410 οὔτε
1206 3360 1271 3427 τῇ
1325 3357 1419 3409 τοῦ
1480 3356 1809 3427 περιϐοήτου

234 3452 416 3504 Ὀσίου
447 3451 725 3521 παρουσίᾳ
757 3452 853 3504 καὶ
895 3449 1239 3522 διδασκαλίᾳ,
1275 3448 1398 3503 οὗτε
1430 3451 1498 3519 τῇ
1527 3447 1622 3501 τοῦ
1654 3447 1811 3517 βασι-

221 3542 357 3607 λέως
386 3544 647 3614 νουθεσίᾳ
690 3542 1046 3614 προσεδέχετο
1094 3542 1193 3613 τὴν
1240 3541 1560 3612 θεραπείαν,
1593 3539 1811 3593 σύνοδον

222 3637 530 3709 ἀρχιερέων
563 3638 621 3688 ὲν
664 3638 729 3706 τῇ
763 3634 906 3688 κατά
955 3635 1211 3689 Βιθυνίαν
1259 3634 1465 3703 Νικαίᾳ
1497 3635 1525 3686 6
1557 3632 1813 3703 βασιλεὺς

221 3732 523 3798 συγκροτεῖ
542 3746 558 3761 ·
584 3723 650 3800 ἧς
669 3728 780 3781 τῶν
809 3729 1127 3782 ἐπισκόπων
1166 3726 1625 3797 συνεδριαζόντων
1651 3726 1813 3788 αὐτὸς

220 3828 301 3888 είς
326 3824 391 3877 τὸ
422 3822 592 3891 μέσον
625 3823 756 3882 στάς
784 3821 885 3873 οὐκ
914 3820 1090 3883 ἄλλως
1133 3821 1391 3889 ἠνέσχετο
1422 3818 1751 3889 καθεσθῆναι
1777 3817 1811 3887 ἢ

220 3916 315 3970 τοῦ
357 3913 512 3986 ἱεροῦ
543 3913 706 3984 χοροῦ
759 3912 1144 3974 ἐπινεύσαντος
1194 3910 1361 3980 αὐτῷ.
1402 3910 1512 3963 Καὶ
1562 3912 1662 3979 τῆς
1712 3909 1813 3978 μὲν

223 4007 439 4079 Ἀρείου
463 4006 731 4075 αἱρέσεως
755 4004 1015 4067 Εὑσέϐιός
1033 4022 1090 4057 τε
1118 4006 1146 4057 6
1168 4002 1539 4073 Νικομηδείας
1567 4004 1663 4055 καὶ
1680 4003 1814 4054 Θεο-

223 4104 403 4170 γόνιος
432 4103 461 4154 6
493 4098 731 4161 Νικαίας
769 4099 865 4152 καὶ
890 4096 1088 4169 Μὰρης
1117 4097 1163 4130 ⁸⁸
1195 4094 1570 4167 ὑπερήσπιζον
1596 4096 1623 4148 6
1663 4094 1813 4147 Καλ-

221 4197 471 4267 κηδόνος,
503 4196 603 4265 τῆς
632 4194 677 4247 δ’
710 4192 991 4257 εὐσεϐείας
1025 4191 1372 4261 Ἀλέξανδρος
1393 4192 1421 4243 6
1447 4191 1491 4223 ⁸⁸
1520 4191 1813 4242 Κωνστανο

225 4290 595 4350 τινουπόλεως
620 4288 1012 4358 πρεσϐύτερος,
1034 4288 1127 4339 καὶ
1150 4286 1215 4339 τὸ
1244 4284 1539 4355 πρόσωπον
1565 4282 1659 4336 τοῦ
1686 4280 1818 4335 ταύ-

1905 1892 2045 1946 quos
2068 1877 2361 1931 concilium
2392 1885 2611 1931 centum
2634 1891 2803 1947 prope
2820 1876 3040 1930 Patrum
3074 1876 3484 1945 episcoporum,

1906 1968 1997 2036 qui
2033 1983 2100 2022 ex
2131 1967 2364 2039 Egypto
2394 1978 2449 2023 et
2476 1968 2664 2023 Africa
2720 1976 3113 2033 convenerant,
3151 1968 3488 2023 anathemati

1907 2062 2205 2131 subiiciens
2256 2064 2557 2117 damnavit.
2606 2062 2815 2127 Quibus
2846 2062 3249 2119 Constantinus
3281 2064 3487 2119 auditis

1906 2155 2096 2225 inique
2124 2154 2329 2221 ferens,
2364 2157 2532 2210 mittit
2560 2156 2950 2211 Alexandriam
2981 2155 3231 2223 llosium,
3266 2158 3491 2212 nomine

1906 2257 1962 2304 et
2011 2262 2071 2303 re
2125 2257 2399 2313 sanetum,
2454 2264 2616 2318 quem
2666 2248 2943 2318 Hispania
2993 2249 3188 2304 civitas
3231 2247 3490 2304 Corduba

1907 2341 2224 2409 episcopum
2253 2341 2509 2395 habebat.
2534 2338 2727 2395 Tradit
2750 2349 2929 2395 autem
2955 2340 3005 2395 ei
3028 2340 3291 2410 epistolas
3313 2341 3380 2395 ad
3408 2356 3493 2395 ar-

1908 2426 2320 2496 chiepiscopum
2370 2427 2785 2493 Alexandrum,
2849 2436 2904 2483 et
2964 2430 3153 2483 Arium
3216 2429 3491 2487 hareseos

1908 2516 2151 2583 fontem,
2191 2534 2429 2588 quarum
2483 2519 2653 2575 altera
2699 2535 2824 2575 cum
2856 2521 2989 2576 Ario
3048 2522 3364 2576 humaniter
3404 2525 3492 2592 agi

1908 2611 2160 2681 petebat;
2184 2610 2349 2665 altera
2379 2626 2509 2666 vero
2548 2620 2629 2678 ut,
2662 2613 2815 2668 rabie
2842 2612 3112 2683 deposita,
3142 2628 3266 2668 cum
3298 2613 3491 2668 Eccle-

1909 2702 1987 2757 sia
2016 2702 2341 2757 consentiat.
2374 2699 2636 2756 Hortatur
2688 2712 2865 2756 autem
2920 2713 2979 2756 ut
3032 2703 3388 2757 contentione
3434 2710 3492 2758 et

1909 2795 2299 2851 controversiis
2328 2810 2453 2849 eum
2486 2794 2609 2849 aliis
2638 2794 2948 2861 abstineat,
2984 2794 3255 2865 siquidem
3304 2795 3494 2850 multis

1910 2888 2209 2942 multorum
2231 2886 2502 2941 malorum
2531 2885 2731 2959 ἤπια
2772 2903 2939 2943 causa
2976 2886 3098 2941 fuit.
3128 2888 3267 2941 Cum
3305 2898 3491 2941 autem

1910 2981 2073 3036 Arius
2111 2981 2439 3047 haereticus,
2495 2996 2599 3035 nec
2646 2984 2936 3050 prasentia
2972 2980 3105 3036 clari
3135 2981 3285 3035 illius
3314 2981 3491 3045 Hosii,

1914 3088 2017 3127 nec
2049 3071 2328 3135 doctrina,
2349 3086 2528 3141 neque
2556 3073 2902 3141 imperatoris
2936 3072 3309 3128 admonitione
3335 3089 3495 3128 erro-

1915 3180 2028 3220 rem
2066 3180 2227 3219 suum
2262 3165 2560 3227 desereret,
2596 3165 2890 3220 concilium
2908 3165 3286 3235 epis00porum
3301 3164 3497 3220 Nieaa

1914 3258 1969 3313 in
2015 3256 2269 3328 Bithynia
2320 3257 2619 3327 imperator
2654 3264 2940 3311 convocat.
2976 3256 3033 3311 In
3077 3270 3188 3326 quo
3221 3256 3495 3326 episcopis

1913 3349 2365 3415 consedentibus,
2401 3349 2517 3418 ipse
2547 3349 2606 3403 in
2643 3349 2826 3403 medio
2854 3356 3039 3411 stans,
3073 3362 3179 3402 non
3220 3347 3327 3403 alia
3357 3362 3496 3402 con-

1914 3441 2124 3495 ditione
2159 3441 2353 3494 sedere
2378 3439 2574 3503 voluit,
2614 3453 2779 3508 quam
2808 3438 2853 3493 si
2887 3437 2966 3491 illi
2999 3445 3145 3492 totus
3176 3445 3356 3491 catus
3394 3450 3498 3491 an-

1915 3542 2130 3587 nueret.
2163 3530 2487 3586 Hareticam
2511 3531 2849 3601 impietatem
2881 3528 2994 3585 Arii
3026 3529 3297 3585 Eusebius
3329 3527 3499 3583 Nico-

1916 3625 2145 3689 media,
2190 3623 2542 3692 Theogonius
2580 3620 2795 3687 Nicaea,
2831 3622 3008 3678 Mares
3031 3620 3499 3677 Chalcedonensis

1914 3720 2209 3787 episcopus
2238 3716 2605 3773 defenderunt
2641 3734 2655 3771 :
2692 3717 2949 3787 pietatem
3001 3714 3311 3771 Alexander
3355 3713 3501 3768 Con-

1918 3812 2440 3882 stantinopolitanus
2500 3809 2809 3880 presbyter,
2853 3808 3029 3862 vicem
3099 3805 3502 3876 archiepiscopi

1918 3918 2113 3962 tenens
2165 3905 2427 3977 (sanctus
2471 3903 2619 3959 enim
2650 3902 3032 3970 Metrophanes
3057 3941 3073 3966 ,
3113 3908 3337 3970 propter
3364 3897 3502 3953 atie-

1914 4009 2061 4056 ctam
2084 4006 2295 4054 atatem
2329 3996 2575 4055 senilem,
2608 3994 2970 4061 morbumque
2999 4008 3109 4047 non
3139 3990 3501 4061 adfuit),curn

1917 4091 2119 4161 quibus
2146 4088 2485 4143 Athanasius
2510 4085 2853 4141 Alexandria
2878 4084 3134 4139 Ecclesia
3155 4083 3499 4137 archidiaco-

1918 4200 2064 4247 nus,
2113 4191 2169 4236 et
2224 4181 2387 4247 huius
2446 4179 2603 4234 urbis
2665 4178 3112 4246 archiepiscopus
3164 4174 3494 4229 Alexander.

1925 4276 2172 4330 Aderant
2206 4288 2430 4344 quoque
2463 4273 2517 4326 in
2545 4269 2781 4326 concilio
2814 4280 2868 4325 et
2909 4269 3075 4338 aliqui
3123 4269 3295 4323 sacris
3354 4283 3500 4321 non-

223 4403 318 4457 της
348 4383 661 4455 ἀρχιερέως
699 4382 912 4451 ἐπέχων
936 4378 1329 4451 (Μητροφάνης
1351 4378 1459 4445 γάρ
1490 4380 1517 4429 ὁ
1554 4378 1699 4439 ὅσιος
1726 4375 1803 4428 διό

1921 4367 2077 4431 dum,
2122 4382 2187 4423 ac
2225 4382 2294 4421 ne
2335 4365 2663 4435 baptismate
2691 4364 2914 4433 quidem
2964 4361 3204 4415 initiati:
3236 4360 3502 4415 nimirum

226 4453 282 4535 se
306 4453 451 4551 βαθὺ
483 4453 661 4546 γῆρας
699 4476 794 4530 καὶ
839 4475 993 4527 νόσον
1022 4474 1082 4526 οὐ
1115 4471 1348 4543 παρῆν)·
1387 4470 1507 4540 μεθ’
1550 4464 1626 4523 ὦν
1653 4469 1803 4521 Ἀθα·

1923 4461 2229 4518 disserendi
2261 4468 2378 4514 arte
2423 4458 2697 4522 celebres,
2757 4471 2900 4527 quos
2947 4469 3105 4509 senes
3136 4453 3357 4524 quidam
3392 4468 3505 4507 non

224 4545 404 4637 νάσιός
441 4590 508 4626 τε
595 4572 693 4643 τῆς
723 4572 782 4624 ἐν
811 4566 1189 4639 Ἀλεξανδρείᾳ
1217 4563 1541 4632 Ἐκκλησίας
1573 4563 1697 4635 [767
1733 4562 1797 4615 ll.

1927 4555 2138 4627 ingenti
2170 4564 2457 4623 apparatu,
2496 4551 2827 4619 minimeque
2854 4548 3035 4603 i'ucato
3058 4546 3152 4601 Dei
3192 4546 3377 4610 verbo,
3410 4545 3507 4601 sed

222 4668 628 4739 ἀρχιδιάκονος,
650 4636 660 4643 ἰ
682 4665 778 4718 καὶ
819 4665 848 4715 6
873 4636 1082 4731 sudans
1127 4658 1419 4731 ἀρχιερεὺς
1448 4654 1799 4725 Ἀλέξανδρος

1929 4648 2181 4702 initiante
2207 4644 2388 4699 divina
2424 4642 2597 4712 gratia
2632 4682 2647 4707 ,
2699 4640 2767 4694 ab
2817 4653 3007 4692 errore
3063 4652 3127 4691 ac
3165 4636 3503 4708 gentilismo,

227 4729 496 4831 Ιίειρῆσαν
517 4758 576 4810 δὲ
609 4760 675 4827 τῇ
713 4754 919 4824 συνόδῳ
951 4729 1045 4806 καί
1080 4729 1224 4814 τινες
1272 4748 1553 4819 ἱερατικὴν
1595 4750 1692 4817 μὲν
1723 4746 1803 4816 χά‹

1927 4738 2153 4808 Ariique
2182 4736 2402 4800 haresi,
2438 4749 2538 4804 pro
2563 4749 2671 4801 qua
2696 4742 2809 4786 tum
2840 4731 3077 4785 maxime
3097 4729 3175 4784 illi
3218 4730 3502 4799 depugna-

238 4826 442 4917 pw'oibx
474 4826 716 4917 ἔχοντες,
742 4843 858 4898 ἀλλ’
888 4844 1006 4896 οὐδὲ
1027 4841 1095 4895 τὰ
1130 4840 1475 4912 Χριστιανῶν
1500 4836 1803 4906 τετελεσμέι

1930 4833 2083 4896 bant,
2114 4829 2179 4885 ad
2219 4828 2425 4883 Christi
2458 4828 2599 4881 ovile
2631 4826 3011 4879 traduxerunt.

238 4912 327 5012 voc,
356 4948 457 4999 ἐπὶ
488 4912 539 4976 ⁸ἶ
561 4942 620 4995 δὲ
641 4941 959 5011 διαλεκτικῇ
1003 4940 1229 5007 δυνάμει
1300 4936 1443 5007 μέγα
1505 4936 1677 5004 ὄνομα
1740 4933 2001 5003 φέροντες
2024 4945 2039 4960 ⁸
2075 4927 2171 4990 οὒς
2205 4928 2262 4979 ὲν
2295 4924 2374 4994 τῷ
2408 4922 2674 4990 ἀπλάστῳ
2708 4921 2802 4973 καὶ
2851 4916 3216 4985 ἀκατασκεύῳ
3258 4916 3359 5012 τῆς
3391 4912 3507 5012 τοῦ

237 5010 359 5093 Θεοῦ
394 5038 594 5108 σοφίας
641 5038 788 5106 λόγῳ
833 5010 976 5097 τινές
1038 5033 1150 5085 τῶν
1209 5032 1483 5101 γερόντων
1512 5031 1608 5083 καὶ
1644 5030 1711 5100 τῇ
1741 5025 2026 5095 ἑνοικούσῃ
2083 5022 2205 5093 θείᾳ
2256 5020 2439 5090 χάριτι
2509 5015 2832 5084 ὲζώγρησάν
2873 5030 2954 5073 τε,
2992 5012 3085 5064 καὶ
3154 5012 3255 5082 τῆς
3300 5010 3510 5108 πλάνης

242 5106 670 5209 ἐκκαθάραντες,
716 5136 817 5203 τῆς
863 5152 923 5187 τε
963 5132 1286 5204 Ἑλληνικῆς
1322 5132 1420 5185 καὶ
1493 5130 1595 5199 τῆς
1648 5128 1885 5199 Ἀρείου,
1927 5120 1995 5195 ἦς
2025 5119 2499 5193 ὑπερηγωνίζοντο
2526 5116 2571 5147 ³⁸
2602 5114 2859 5186 μάλιστα,
2883 5112 2982 5182 τῆς
3002 5108 3240 5181 Χριστοῦ
3270 5106 3505 5175 ποίμνης

242 5232 481 5299 γενέσθαι
510 5231 954 5303 παρεσκεύασαν.
2606 5302 2611 5303 ν
3167 5293 3205 5303 _
3281 5291 3294 5303 .
3400 5289 3433 5303 _.

318 5330 403 5380 ’Ev
438 5331 505 5397 τῇ
548 5291 757 5394 σύνόδῳ
786 5325 843 5378 δὲ
902 5324 1084 5393 παρῆν
1125 5339 1218 5376 και
1261 5319 1600 5387 Παφνούτιος
1628 5318 1656 5369 6
1693 5316 1803 5369 θαυ·

2007 5310 2065 5363 1η
2118 5309 2223 5362 hoc
2265 5305 2501 5361 concilio
2554 5302 2741 5356 aderat
2790 5310 2843 5353 et
2898 5306 3118 5353 sanctus
3167 5291 3507 5359 Paphnutius

255 5424 451 5489 μάσιος,
474 5383 779 5487 λίγύπτιος
814 5417 913 5487 μὲν
941 5383 1002 5468 τό
1030 5383 1211 5484 γένος,
1245 5383 1583 5483 ὁμολογητὴς
1615 5408 1671 5460 δὲ
1698 5406 1803 5458 τοὺς

1933 5400 2311 5463 admirandus,
2344 5397 2564 5451 natione
2590 5394 2915 5465 Egyptius;
2961 5383 3352 5445 certaminibus
3377 5396 3508 5435 vero

1492 5562 1733 5617 VARIE
1796 5555 2212 5613 LECTIONES.‘

1022 5688 1065 5717 υ
1100 5684 1193 5737 καὶ
1223 5681 1383 5743 ἄλλος
1404 5678 1489 5731 ΑΒ
1525 5678 1585 5730 εὸ
1616 5674 1769 5735 ἄλλος
1798 5690 1856 5736 ς.
1961 5671 2005 5743 '9
2032 5668 2356 5743 φατρίαςΑ.
2435 5667 2483 5743 ἒξ
2520 5663 2804 5743 ἰστῖακίωγ
2836 5656 3172 5743 Βεξετανίων
3200 5673 3261 5721 ς·
3337 5656 3382 5689 ³¹
3407 5674 3500 5726 γε-

316 5696 357 5727 ¹⁸
389 5693 822 5764 ἐποφθαλμήσαε
855 5690 918 5741 Α.
1022 5690 1065 5717 ’³
1100 5690 1193 5737 καὶ
1223 5690 1383 5743 ἄλλος
1404 5690 1489 5731 MS
1525 5690 1585 5730 :6
1616 5690 1769 5735 eum;
1798 5690 1856 5736 ς.
1917 5744 1928 5755 η
1961 5690 2005 5701 "
2032 5690 2356 5753 QITQIGQ'b
2435 5690 2476 5699 "
2539 5690 2804 5745 ισπανιιυγ
2839 5690 3171 5749 υοκίιυινιυυν
3200 5690 3208 5704 ‘

316 5769 549 5805 ,νηηέυηυ
574 5781 615 5805 τ-
711 5762 754 5793 ις
783 5760 960 5805 Μάριε
986 5757 1043 5805 ιι.
1120 5756 1164 5787 δι
1190 5748 1537 5805 Ἀλέξανδρός
1556 5763 1614 5798 τε
1644 5748 1673 5797 ὁ
1704 5749 1768 5798 Α.
1845 5744 1888 5773 ³⁸
1914 5742 2005 5793 επί
2032 5744 2075 5793 Α
2114 5758 2125 5792 :
2157 5755 2277 5790 επει
2306 5756 2364 5801 ς.
2443 5738 2483 5768 ἐ
2520 5736 2649 5805 περὶ
2675 5729 2740 5804 ἧς
2784 5729 3115 5800 τιγωνίνοντο
3146 5743 3208 5791 ς·

252 5748 549 5837 γραμμένόν
574 5748 656 5827 ς.’
708 5748 754 5793 δ’
781 5760 960 5829 Μάρις
986 5757 1043 5810 ιι.
1120 5756 1164 5787 δι
1190 5748 1537 5820 Ἀλέξανδρός
1556 5763 1614 5798 τε
1644 5748 1673 5797 6
1704 5749 1768 5798 Α.
