3966 6240
474 310 568 384 ill

1612 294 1885 358 ΡΗΟΤΙΙ
1915 291 2423 354 ΡΑΊἯΙᾹΒΟΗᾸΞ
2446 293 2553 352 CP.

3637 287 3739 356 112

474 421 759 480 confessor
792 420 902 491 (cui
944 415 1311 472 Maximianus
1335 414 1538 469 Christi
1588 414 1765 469 hostis
1808 412 2060 467 dextrum

2168 404 2382 469 ἄθλους,
2419 398 2481 458 οὗ
2507 406 2605 460 καὶ
2635 405 2981 476 Μαξιμιανδς
3012 408 3042 461 ὁ
3072 407 3419 478 μισόχριστος
3447 407 3540 463 τόν
3565 425 3627 461 τε
3653 410 3738 463 δε-

474 516 694 571 oculum
706 510 1173 578 eruit,etsinistra
1189 508 1499 562 cubitorum
1520 520 1717 559 nervos
1738 504 2058 573 pracidit,et

472 607 539 662 ad
565 606 781 660 oculum
800 601 1003 657 metalli
1024 596 2055 667 fodinasdamnavit),homomultorum

475 696 967 768 supernaturalium
998 708 1225 764 operum
1284 702 1339 746 et
1368 690 1754 745 miraculorum
1790 695 2054 758 patrator:

474 805 635 859 quem
668 788 831 842 etiam
880 787 1162 856 piissimus
1197 785 1492 855 imperator
1524 782 1674 836 omni
1722 781 1934 835 honore
1968 780 2054 834 af-

486 880 633 945 fecit,
672 887 730 934 et
756 879 1055 934 osculando
1078 878 1262 933 eﬂ'ossi
1298 878 1474 932 locum
1505 875 1647 931 oculi
1680 873 1853 929 dextri
1868 872 2057 927 satiari

478 989 584 1029 non
619 982 853 1043 poterat.
1952 1035 1967 1051 ‘

542 1065 683 1131 Quin
712 1066 877 1120 etiam
921 1062 1250 1118 venerabilis
1287 1062 1556 1133 Spyridon
1593 1062 1803 1125 aderat,
1844 1060 1912 1115 de
1945 1074 2058 1127 quo

470 1158 772 1213 emillibus
805 1172 972 1211 unum
1045 1156 1249 1226 aliquid
1304 1155 1674 1210 narrabimus.-
1736 1152 1894 1209 Pavit
1952 1153 2057 1208 ali-

480 1233 704 1326 quando
734 1269 862 1310 oves
892 1268 1040 1317 suas,
1077 1253 1294 1307 tametsi
1345 1250 1585 1321 episcopi
1618 1251 1883 1321 dignitate
1912 1264 2054 1320 pra-

473 1350 620 1404 ditus
648 1355 811 1403 esset.
840 1346 1103 1401 Latrones
1146 1354 1328 1400 autem
1368 1345 1690 1398 invaserunt
1723 1343 1905 1398 ovium
1935 1357 2059 1411 gre-

475 1450 681 1511 gem,et
706 1438 1185 1509 inaspectabilibus
1226 1447 1390 1506 atque
1437 1435 1628 1490 invisis
1656 1434 1891 1489 vinculis
1918 1434 2057 1505 liga-

473 1533 696 1596 bantur,
744 1540 799 1585 et
851 1530 1125 1599 accipiens
1180 1528 1399 1600 ligatos,
1459 1543 1599 1599 quos
1649 1526 1741 1582 ille
1802 1527 2057 1597 precibus

473 1624 705 1693 ligarat,
761 1621 879 1692 pari
932 1620 1201 1689 sapientia
1256 1619 1419 1675 solvit
1473 1619 1765 1674 vinculis:
1828 1618 2052 1673 arietem

476 1717 696 1784 insuper
719 1714 868 1768 dedit
898 1714 952 1766 in
1001 1712 1310 1767 mercedem
1362 1719 1647 1766 nocturna
1694 1726 1951 1766 arumna
1991 1726 2057 1766 ac

474 1810 772 1862 cruciatus.
802 1805 1077 1876 Virginem
1124 1813 1306 1859 autem
1338 1804 1504 1857 ﬁliam
1563 1802 1755 1858 habuit
1783 1802 1954 1867 domi,
2004 1809 2059 1857 et

476 1902 592 1971 ipsa
642 1898 939 1969 aquodam
1004 1896 1121 1951 auri
1182 1897 1487 1966 depositum
1548 1911 1671 1950 cum
1712 1896 2057 1965 accepisset,

477 2002 692 2046 mortua
719 2001 822 2046 est.
884 1990 988 2056 Qui
1024 1991 1353 2059 deposuerat
1397 1988 1646 2058 (peregre
1681 1987 1879 2042 etenim
1930 2001 2061 2056 pro-

478 2084 656 2138 fectus
688 2082 887 2148 fuerat)
942 2096 1195 2137 reversus
1218 2096 1415 2135 aurum
1442 2079 1662 2150 repetiit
1694 2090 1749 2133 et
1785 2079 2059 2148 quaesivit.

480 2174 739 2239 Quasivit
758 2173 920 2228 etiam
944 2172 1092 2226 domi
1116 2172 1466 2244 Spyridon,et
1492 2186 1598 2226 non
1619 2171 1816 2243 4711)
1838 2171 2063 2227 invene—

478 2275 622 2322 runt.
659 2266 840 2333 Quare
860 2267 1093 2321 accessit
1118 2265 1184 2319 ad
1236 2265 1548 2335 sepulcrum
1576 2265 1805 2335 virginis
1832 2264 1977 2327 ﬁlia,
2009 2273 2063 2319 et

477 2359 580 2413 ait:
607 2356 912 2413 Filialrene
934 2357 1033 2428 (ita
1059 2356 1206 2412 enim
1231 2357 1573 2422 vocabatur),
1598 2355 1688 2409 ubi
1715 2354 2065 2423 depositum?

479 2450 574 2505 llla
616 2449 901 2520 respondit
957 2464 989 2504 θ
1037 2448 1313 2518 sepulcro,
1359 2456 1413 2501 et
1469 2447 1651 2501 locum
1705 2446 2059 2516 significavit,

477 2555 531 2599 et
578 2542 888 2599 inveniendi
935 2541 1179 2608 modum,
1233 2550 1290 2595 et
1341 2539 1502 2596 facile
1543 2539 1829 2595 inveniens
1888 2539 2062 2609 depo-

477 2637 644 2692 situm
676 2635 928 2691 reddidit.
955 2633 1061 2691 Sed
1093 2634 1182 2689 his
1214 2641 1474 2701 tanquam
1500 2647 1566 2689 ex
1607 2646 1792 2703 ungue
1847 2633 2062 2688 leonem

478 2726 843 2783 ostendimus.

552 2905 619 2959 lli
647 2906 813 2976 igitur
842 2910 1211 2958 trecentorum
1237 2909 1289 2956 et
1314 2900 1407 2969 qui
1429 2909 1729 2955 excurrunt
1762 2907 2065 2954 conventus

479 2994 849 3056 condemnant
907 2992 1207 3063 impietatis
1276 2991 1469 3044 Arium
1515 2990 1747 3059 ejusque
1799 2988 2062 3054 asseclas,

2162 498 2275 563 ξιὸν
2306 498 2576 571 ἐξώρυξεν
2611 500 2890 570 ὀφθαλμὸν
2928 503 3022 554 καὶ
3052 501 3149 572 τὴν
3177 501 3337 554 λαιὰν
3368 503 3739 573 ἐνευροκόπη-

2161 607 2256 643 σεν
2303 590 2551 661 ἀγκύλην
2603 592 2699 646 καὶ
2748 593 3089 663 μεταλλείαις
3153 592 3548 664 ἐκακούχησεν,
3601 594 3740 665 ἀνὴρ

2160 685 2460 757 ὑπερφυῶν
2488 687 2665 759 ἔργων
2694 688 2908 741 πολλῶν
2938 689 3031 742 καὶ
3057 689 3342 759 δυνάμεων
3366 690 3701 760 δημιουργός
3721 708 3736 722 ο

2157 770 2217 823 ὃν
2250 775 2343 824 καὶ
2366 775 2394 826 ὁ
2418 773 2812 841 φιλοθεώτατος
2842 776 3093 847 βασιλεὺς
3119 778 3208 830 διὰ
3234 778 3412 847 πάσης
3443 796 3502 830 τε
3529 774 3634 849 ἦγε
3657 797 3741 832 τι-

2163 861 2295 931 μῆς,
2327 863 2423 916 καὶ
2451 867 2613 934 κόρον
2638 866 2738 919 οὐκ
2770 867 3045 936 ἐλάμϐανε
3074 867 3388 938 καταφιλῶν
3425 868 3519 921 τὸν
3542 869 3741 941 διωρυ-

2158 971 2192 1022 γ
2200 954 2360 1024 μένον
2385 955 2552 1010 αὐτοῦ
2584 958 2885 1028 ὀφθαλμόν.

2243 1047 2403 1103 Ἀλλὰ
2448 1050 2544 1102 καὶ
2585 1052 2872 1124 Σπυρίδων
2914 1054 2945 1106 ὁ
2981 1055 3279 1126 σεϐάσμιος
3303 1056 3573 1129 παρῆνξτ,
3613 1056 3745 1129 περὶ

2157 1133 2219 1195 οὗ
2256 1141 2465 1213 βραχέα
2488 1144 2610 1197 τινὰ
2636 1146 2701 1197 ἐκ
2731 1146 2941 1217 μυρίων
2972 1150 3000 1201 ὁ
3022 1148 3182 1219 λόγος
3215 1151 3350 1221 ἐρεῖ.
3390 1151 3746 1220 Ἐποίμαινεν

2158 1236 2324 1300 αὐτός
2362 1254 2494 1291 ποτε
2530 1238 2600 1291 τὰ
2640 1239 2889 1308 πρόϐατα
2917 1241 3110 1305 αὑτοῦ,
3148 1243 3243 1296 καί⁵
3281 1245 3341 1296 ἐν
3373 1243 3451 1315 τῷ
3482 1246 3583 1315 τῆς
3621 1247 3745 1298 ἐπι-

2160 1326 2369 1396 σκοπῆς
2396 1329 2565 1382 τελῶν
2595 1328 2867 1401 ἀξιώματι
2887 1349 2903 1365 ο
2922 1331 3087 1404 [1412
3110 1333 3410 1406 8.]λῃσταὶ
3436 1337 3481 1389 δ’
3500 1336 3747 1409 ἐπῄεσαν

2156 1421 2224 1491 τῇ
2258 1420 2487 1493 ποίμνῃ,
2532 1422 2628 1475 καὶ
2660 1422 2880 1494 δεσμοῖς
2920 1425 3176 1493 ἀοράτοις
3222 1428 3585 1500 ἐπεπέδηντο.
3634 1431 3746 1483 Καὶ

2157 1510 2487 1565 καταλαϐὼν
2520 1512 2838 1583 δεδεμένους
2869 1515 2968 1581 οὓς
3011 1518 3174 1582 αὐτὸς
3220 1520 3409 1590 εὐχαῖς
3448 1521 3744 1593 ἐδέσμησε,

2156 1599 2275 1653 λύει
2313 1603 2411 1671 μὲν
2432 1603 2543 1657 τῶν
2574 1604 2790 1675 δεσμῶν
2821 1606 2985 1677 σοφίᾳ
3013 1610 3076 1679 τῇ
3110 1608 3221 1680 ῐσῃ,
3247 1610 3524 1664 ἐπιδίδωσι
3556 1611 3614 1664 δέ
3650 1613 3747 1666 καὶ

2160 1694 2335 1764 κριὸν,
2368 1695 2559 1764 μισθὸν
2584 1698 2765 1761 αὐτοῖς
2785 1698 3045 1768 ἐσόμενον
3082 1700 3255 1754 εἰπὼν
3281 1701 3384 1771 τῆς
3418 1702 3747 1773 νυκτερινῆς

2160 1786 2557 1859 ταλαιπωρίας.
2608 1790 2886 1861 Παρθένον
2917 1792 2975 1845 δὲ
3006 1793 3286 1865 θυγατέρα
3318 1794 3567 1848 σύνοικον
3606 1791 3744 1866 εἶχε,

2162 1880 2258 1932 καὶ
2307 1879 2449 1952 αὕτη
2487 1881 2632 1946 τινὸς
2678 1884 3008 1956 παραθήκην
3047 1886 3092 1919 ³⁸
3152 1885 3394 1940 λαϐοῦσα
3438 1886 3745 1957 μετήλλαξε

2161 1972 2253 2026 τὸν
2304 1971 2452 2043 βίον*
2501 1974 2598 2027 καὶ
2642 1977 2670 2029 ό
2701 1976 3087 2047 παραθέμενος
3125 1979 3185 2033 τὸ
3223 1980 3449 2049 χρυσίον
3494 1979 3749 2049 (ἔσταλτο

2162 2067 2273 2139 γὰρ
2317 2068 2398 2131 εἰς
2446 2069 2781 2140 ἀποδημίαν)
2830 2071 3140 2125 ἐπανελθὼν
3180 2074 3362 2145 ἐζήτει
3396 2073 3457 2127 τὸ
3494 2075 3745 2145 χρυσίον.

2162 2157 2539 2231 Συνεξηρεύνα
2556 2157 2653 2214 οὖν
2674 2163 2821 2215 καὶρὸ
2849 2163 3150 2234 Σπυρίδων,
3188 2165 3284 2218 καὶ
3307 2165 3408 2237 οὐχ
3431 2166 3747 2234 εὑρίσκετο.

2162 2250 2253 2304 Διὸ
2280 2253 2567 2322 ἐφίσταται
2594 2254 2676 2327 τῷ
2698 2257 2795 2326 τῆς
2817 2256 3087 2328 θυγατρὸς
3115 2260 3273 2330 τάφῳ
3298 2259 3419 2327 καὶ,
3442 2254 3511 2313 Ὦ
3530 2259 3755 2313 τέκνον

2164 2345 2413 2414 Εἰρήνη,
2432 2349 2563 2420 φησί
2591 2348 2770 2412 (τοῦτο
2795 2350 2905 2422 γὰρ
2935 2350 3106 2423 ὄνομα
3137 2354 3202 2423 τῇ
3235 2352 3537 2424 παρθένῳ),
3568 2352 3691 2408 ποῦ
3712 2355 3751 2423 ἠ

2163 2439 2521 2508 «emathiam;
2550 2442 2583 2510 ἡ
2609 2440 2663 2493 δὲ
2690 2443 3046 2513 ἀποκρίνεται
3080 2442 3177 2496 τοῦ
3208 2444 3407 2512 τάφου,
3431 2446 3529 2498 καὶ
3555 2443 3621 2496 τὸ
3649 2462 3754 2515 χω-

2169 2530 2285 2599 ρίον
2310 2532 2745 2586 ἀναδιδάσκουσα
2792 2533 2887 2587 καὶ
2925 2535 3025 2605 τῆς
3070 2535 3347 2605 εὑρέσεως
3383 2536 3477 2589 τὸν
3514 2537 3753 2607 τρόπον’

2165 2622 2261 2676 καὶ
2309 2623 2556 2694 ἀνευρὼν
2598 2626 2798 2696 ῥᾳδίως
2834 2626 2935 2698 τὴν
2971 2628 3305 2699 παραθήκην
3341 2628 3755 2699 ἀποκαθίστησι

2165 2714 2243 2786 τῷ
2278 2715 2667 2787 παραθεμένῳ.
2713 2718 2873 2771 Ἀλλὰ
2921 2719 3133 2783 τούτοις
3190 2720 3292 2789 μὲν
3325 2720 3402 2785 ὡς
3444 2721 3505 2786 ἐξ
3540 2720 3753 2793 ὀνύχων

2165 2806 2432 2878 δηλοῦμεν
2468 2808 2561 2861 τὸν
2590 2810 2799 2863 λέοντα.

2238 2895 2398 2952 Οὗτοι
2429 2898 2521 2952 οὖν
2551 2901 2602 2953 οἰ
2632 2902 2937 2972 τριακόσιοι
2956 2902 3050 2955 καὶ
3075 2903 3137 2955 τὸ
3174 2902 3304 2958 ἄλλο
3334 2902 3447 2957 τῶν
3480 2903 3578 2959 τοῦ
3615 2903 3754 2958 Θεοῦ

2165 2995 2464 3066 ἀρχιερέων
2494 2995 2780 3065 σύνταγμα
2806 2996 3266 3061 καταδικάζουσιν
3294 2999 3434 3069 αὐτῇ
3458 2997 3755 3070 δυσσεϐείᾳ

479 3099 533 3145 et
564 3086 761 3142 Filium
798 3084 947 3139 Patri
984 3083 1293 3153 ὁμοούσιον,
1348 3082 1870 3138 consubstantialem
1905 3097 2059 3138 asse-

2168 3089 2255 3141 τόν
2282 3106 2344 3141 τε
2389 3090 2610 3160 Ἀρειον
2637 3091 2730 3143 καὶ
2759 3092 2885 3155 τοὺς
2920 3090 3016 3143 σὺν
3039 3091 3207 3162 αὐτῷ,
3236 3092 3329 3145 καὶ
3355 3092 3645 3163 ὁμοούσιον
3673 3092 3753 3165 τῷ

479 3187 755 3245 ruerunt,
831 3179 1147 3233 unanimem
1217 3175 1637 3247 pronuntiantes
1716 3176 2062 3232 sententiam.

480 3271 876 3342 Septemdecim
911 3281 1141 3325 numero
1178 3268 1293 3324 Arii
1326 3268 1613 3323 sententia
1653 3268 1918 3324 accedere
1963 3267 2066 3324 visi

482 3374 630 3429 sunt,
676 3364 773 3418 sed
827 3361 970 3418 facto
1019 3361 1199 3416 exsilii
1251 3359 1524 3428 imperiali
1575 3360 1800 3414 decreto
1865 3374 1961 3414 sex
2010 3359 2066 3413 in

478 3459 757 3528 impietate
815 3462 1029 3508 tantum
1092 3451 1660 3521 perdurarunt:aliis
1710 3465 1968 3505 revocare
2007 3465 2069 3505 se

484 3561 729 3603 errorem
768 3543 1173 3609 simulantibus,
1216 3549 1272 3597 et
1318 3558 1467 3597 sana
1505 3542 1788 3608 doctrina,
1850 3539 2066 3596 tametsi

480 3655 591 3693 non
642 3638 878 3701 sincere,
907 3635 1002 3689 sed
1034 3634 1164 3689 ﬁcte
1188 3648 1253 3689 ac
1279 3633 1522 3700 subdole,
1554 3631 2022 3689 consentientibus
2049 3650 2064 3688 :

478 3745 716 3801 quorum
743 3730 998 3799 princeps
1040 3727 1327 3781 Eusebius.
1371 3724 1511 3781 Hinc
1566 3740 1758 3781 omnes
1812 3724 2069 3782 Ecclesia

483 3836 516 3876 a
541 3820 728 3875 multis
756 3818 1082 3873 tumultibus
1110 3826 1165 3872 et
1198 3816 1532 3872 factionibus
1558 3816 1803 3871 liberata
1828 3817 2068 3887 respira-

479 3920 630 3979 runt,
658 3919 714 3967 et
745 3908 945 3966 Hosius
994 3908 1215 3980 quidem
1266 3906 1536 3963 Corduba
1588 3908 1879 3978 episcopus
1938 3924 2066 3963 cum

481 4002 674 4066 sociis,
719 4018 845 4074 qua
878 4002 935 4057 in
983 4001 1218 4058 concilio
1252 4010 1401 4069 gesta
1431 4011 1586 4055 erant
1647 3999 1855 4067 ferens,
1905 3998 2067 4056 Occi-

490 4095 803 4152 dentalibus
855 4111 1044 4166 pacem
1093 4110 1160 4151 ac
1199 4093 1435 4167 quietem
1480 4093 1702 4160 attulit;
1733 4094 2070 4149 Athanasius

483 4189 600 4245 zelo
634 4189 832 4245 ardens
879 4187 1154 4260 Egyptiis
1203 4197 1260 4243 et
1310 4186 1499 4244 Afris:
1546 4187 1857 4243 Alexander
1908 4203 2062 4253 vero,

487 4297 805 4352 quanquam
835 4297 1000 4337 senex
1045 4280 1516 4353 (septuagenarius
1545 4280 1691 4335 enim
1718 4281 1858 4351 erat)
1891 4281 2067 4335 Thra-

483 4375 640 4429 cibus
706 4373 874 4428 simul
935 4383 991 4428 et
1048 4373 1272 4444 Illyricis
1340 4372 1748 4428 communionis
1804 4373 2066 4442 pacisque

2166 3182 2343 3250 Πατρί⁸
2381 3182 2474 3235 τὸν
2511 3182 2638 3235 Υἱὺν
2666 3182 3033 3254 ἀνεκήρυξαν,
3064 3185 3384 3254 ὁμοφώνους
3406 3185 3510 3248 τὰς
3536 3186 3757 3256 ψήφους

2168 3274 2403 3344 θέμενοι.
2436 3276 2592 3339 Τινὲς
2620 3276 2686 3339 δ’,
2716 3279 2794 3338 εἰς
2822 3276 3195 3331 ἑπτακαίδεκα
3220 3278 3314 3332 τὸν
3343 3278 3582 3350 ἀριθμὸν
3617 3298 3756 3351 συμ-

2173 3366 2564 3437 πληρούμενοι,
2618 3370 2698 3431 εἰς
2748 3369 2847 3439 τὴν
2904 3368 3114 3441 Ἀρείου
3177 3368 3383 3423 λύσσαν
3436 3371 3757 3425 ἀποκλίνειν

2168 3457 2373 3522 ἔδοξαν.
2423 3459 2581 3512 Ἀλλὰ
2606 3459 2811 3513 τούτων
2838 3460 3137 3532 ὑπερορίας
3170 3460 3422 3531 βασιλικῇ
3452 3460 3625 3532 ψήφῳ
3653 3478 3757 3514 κυ-

2171 3552 2434 3621 ρωθείσης
2467 3552 2523 3619 ἒξ
2556 3552 2707 3620 μόνοι
2747 3556 2813 3624 τῇ
2850 3553 3142 3625 δυσσεϐείᾳ
3183 3554 3486 3624 διέμειναν,
3516 3554 3627 3606 τῶν
3659 3553 3760 3607 ἅλ-

2167 3643 2273 3697 λων
2307 3644 2636 3715 παλινῳδίαν
2676 3645 3072 3715 ἐνδειξαμένων
3099 3646 3194 3698 καὶ
3232 3644 3311 3716 τῷ
3333 3645 3437 3715 τῆς
3468 3645 3762 3709 εὐσεϐείας

2168 3737 2496 3807 φρονήματι,
2552 3739 2600 3791 εἰ
2653 3740 2748 3792 καὶ
2793 3739 2868 3809 μὴ
2915 3736 2975 3802 ἐξ
3018 3738 3391 3807 είλικρινείας,
3419 3738 3761 3808 ἀλλ’ὐφάλῳ

2167 3827 2361 3901 γνώμῃ
2395 3829 2937 3900 συνδεδραμηκότων,
2980 3820 3056 3882 ὧν
3096 3823 3165 3900 ἦν
3198 3831 3497 3898 κορυφαῖος
3527 3829 3557 3881 ὁ
3586 3828 3765 3882 Νικο-

2170 3918 2398 3989 μηδείας
2422 3918 2705 3981 Εὐσέϐιος.
2754 3917 3038 3971 Ἐντεῦθεν
3072 3920 3127 3971 αἰ
3165 3917 3484 3988 ἁπανταχοῦ
3520 3918 3761 3989 Ἐκκλη-

2169 4010 2281 4064 σίαι
2307 4010 2417 4065 τῶν
2443 4010 2656 4064 πολλῶν
2689 4009 2938 4078 θορύϐων
2966 4010 3059 4063 καὶ
3083 4009 3328 4063 στάσεων
3360 4011 3499 4080 πρὸς
3528 4010 3763 4081 εἰρήνην

2166 4101 2523 4156 ἀνέπνευσαν.
2558 4102 2668 4156 Καὶ
2700 4100 2886 4163 Ὅσιος
2917 4100 3015 4170 μὲν
3044 4100 3073 4152 ὁ
3100 4100 3476 4171 Κουδρούϐης,
3497 4100 3618 4170 ἅμα
3646 4100 3761 4154 τῶν

2166 4194 2216 4245 οἱ
2242 4193 2644 4264 συνεπομένων,
2686 4191 2785 4254 τὰς
2822 4192 3108 4256 συνοδικὰς
3150 4192 3335 4261 φέρων
3377 4192 3611 4263 πράξεις
3644 4194 3761 4256 τοῖς

2168 4283 2445 4354 ἑσπερίοις
2480 4282 2581 4353 τὴν
2621 4282 2843 4352 εἰρήνην
2872 4280 3164 4350 ἐϐράϐευε,
3195 4286 3308 4345 τοῖς
3337 4284 3392 4337 δὲ
3435 4284 3560 4338 κατ’
3589 4285 3764 4353 Δίγυ-

2167 4393 2303 4429 πτον
2336 4376 2429 4430 καὶ
2456 4372 2663 4442 Διϐύην
2709 4374 2738 4425 ὁ
2766 4373 2972 4443 θερμὸς
3010 4374 3352 4438 Ἀθανάσιος.
3403 4376 3764 4449 Ἀλέξανδρος

483 4465 854 4520 Ecclesiarum
891 4464 1163 4532 nuntium,
1201 4472 1259 4519 ut
1308 4465 1685 4536 prascriptum
1714 4472 1855 4529 erat,
1917 4465 2060 4529 tulit,

2171 4470 2227 4525 δὲ
2252 4468 2383 4540 [768
2403 4466 2521 4539 ll],
2547 4466 2727 4519 καίτοι
2759 4466 2898 4537 πρὸς
2922 4467 3099 4537 γῆρας
3124 4467 3365 4521 ἐλαύνων
3394 4468 3763 4539 (ἐϐδομήκον-

481 4558 693 4614 socium
734 4557 948 4613 itineris
990 4558 1197 4612 habens
1236 4558 1614 4614 beatissimum
1635 4556 1889 4621 Paulum,
1934 4566 2066 4614 tunc

483 4651 700 4707 lectoris
725 4658 780 4707 et
817 4650 1207 4721 subscriptoris
1225 4651 1847 4724 Constantinopolitanae
1874 4653 2065 4709 Eccle-

482 4743 577 4797 sia
609 4741 924 4812 fungentem
973 4743 1195 4799 ofﬁcio:
1240 4745 1333 4815 qui
1369 4755 1618 4815 tempore
1657 4746 1873 4800 concilii
1924 4746 2065 4800 duo-

484 4833 758 4888 decimum
820 4833 1001 4890 atatis
1052 4850 1256 4890 annum
1310 4850 1511 4907 agens,
1567 4852 1692 4892 cum
1752 4837 2066 4893 Alexandro

480 4923 640 4979 visit.
666 4924 774 4979 Sed
803 4924 873 4980 de
896 4925 983 4981 his
1007 4927 1169 4995 paulo
1202 4936 1345 4995 post.
1375 4926 1623 4984 Primum
1655 4929 1807 4983 venit
1834 4929 1887 4982 in
1924 4942 2061 4982 con-

481 5023 729 5084 spectum
781 5015 1116 5072 sanctissimi
1158 5015 1547 5088 Metrophanis,
1579 5028 1633 5074 et
1682 5018 1808 5073 lato
1850 5018 2062 5080 nuntio,

479 5104 884 5174 praesentiaque
953 5120 1227 5170 recreans,
1288 5106 1382 5162 sed
1452 5121 1562 5161 non
1614 5121 1870 5162 recreans
1916 5107 2063 5175 quod

480 5192 830 5251 discessurus
902 5207 1072 5261 esset,
1136 5212 1260 5251 cum
1310 5195 1485 5251 fausta
1551 5196 1934 5265 apprecatione
1997 5196 2064 5251 ad

484 5286 842 5352 commissum
918 5288 993 5342 illi
1062 5288 1299 5343 cilicium
1372 5286 1683 5352 dimittitur,
1767 5284 2065 5342 Venientes

486 5387 666 5431 autem
708 5382 759 5432 in
792 5380 1083 5437 Thraciam
1113 5391 1169 5437 et
1196 5380 1589 5446 Macedoniam,
1618 5389 1673 5434 et
1701 5377 2063 5445 Thessaliam,

486 5468 749 5524 Achaiam
774 5481 967 5543 totam,
988 5474 1233 5537 ilellada,
1272 5472 1723 5542 continentesque
1755 5480 1931 5527 terras
1952 5512 1966 5539 .
1998 5488 2067 5530 ne

2170 4562 2370 4633 τούτης
2405 4560 2510 4630 γὰρ
2542 4555 2658 4631 ἢν),
2690 4561 2804 4623 τοῖς
2832 4559 2974 4613 κατὰ
3004 4560 3104 4630 τὴν
3129 4560 3353 4633 Θρᾴκην
3378 4562 3533 4630 ὅμως
3574 4561 3675 4615 καὶ
3703 4562 3769 4616 τδ

2183 4652 2477 4723 Ἰλλυρικὸν
2505 4652 2567 4704 τὸ
2597 4653 2698 4721 τῆς
2725 4651 2982 4721 ὁμονοίας
3007 4653 3103 4706 καὶ
3127 4653 3352 4724 εἰρήνης
3386 4653 3497 4706 τῶν
3526 4654 3771 4726 Ἐκκλη-

2172 4741 2302 4795 σιῶν
2341 4742 2538 4804 πόνους
2564 4741 2831 4808 ὑφίστατο
2861 4740 3200 4810 διακομίζειν
3228 4742 3589 4811 Εύαγγέλιον,
3630 4761 3770 4797 συν-

2170 4832 2409 4903 έκδημον
2458 4831 2599 4903 ἔχων
2642 4831 2737 4884 τὸν
2784 4830 3073 4884 πανόλϐιον
3118 4831 3353 4897 Παῦλον,
3389 4835 3773 4902 ἀναγνωστῶν

2169 4922 2473 4993 τηνικαῦτα
2501 4922 2599 4976 καὶ
2628 4922 2993 4992 ὑπογραφὲων
3024 4923 3125 4993 τῆς
3154 4924 3296 4977 κατὰ
3318 4926 3774 4980 Κωνσταντινού-

2173 5002 2329 5097 πολξν
2372 5012 2697 5086 Ἐκκλησίας
2730 5014 3046 5086 πληροῦντα
3090 5014 3332 5087 βαθμὸν·
3365 5016 3425 5080 ὃς
3473 5017 3571 5070 καὶ⁹
3617 5020 3773 5074 κατὰ

2168 5106 2270 5175 τὴν
2311 5106 2526 5160 σύνοδον
2565 5106 2863 5160 δωδέκατον
2915 5108 3036 5171 ἔτος
3078 5111 3143 5160 ἐκ
3180 5109 3451 5177 γενέσεως
3490 5111 3649 5180 ἄγων
3685 5114 3771 5186 τῷ

2185 5198 2520 5271 Ἀλεξάνδρῳ
2548 5200 2936 5268 συνδιέτριϐεν.
2979 5199 3144 5254 Ἀλλὰ
3184 5200 3355 5256 ταῦτα
3390 5205 3512 5275 μετ’
3543 5205 3766 5276 ὀλίγον·

2173 5292 2440 5363 πρότερον
2460 5293 2517 5346 δὲ
2537 5295 2615 5357 εἰς
2635 5292 2762 5348 θέαν
2789 5288 2893 5365 ἦκε
2920 5293 3017 5347 τοῦ
3048 5295 3310 5349 πανοσίου
3330 5298 3767 5367 Μητροφάνους,

2177 5384 2273 5437 καὶ
2300 5385 2411 5445 τοῖς
2433 5383 2532 5452 μὲν
2557 5383 2896 5453 εὐαγγελίοις
2920 5386 3018 5437 καὶ
3052 5386 3115 5455 τῇ
3139 5387 3416 5458 παρουσίᾳ
3448 5388 3766 5461 εὐφράνας.

2175 5477 2277 5530 οὐκ
2329 5478 2607 5548 εὐφράνας
2638 5476 2681 5530 δ’
2710 5471 2793 5541 οἷς
2833 5476 3135 5549 ἀποδημεῖν
3173 5477 3391 5548 ἔμελλε,
3431 5483 3556 5551 μετ’
3586 5485 3770 5555 εὐχῶν

1730 5606 1963 5663 VARUE
2024 5609 2432 5668 LBCTIONES.

562 5748 605 5778 ³⁷
636 5750 885 5821 συνῆνιΔ.
957 5751 1001 5784 ³⁸
1028 5748 1499 5820 παρακαταθήκην
1539 5766 1598 5813 ς.
