3966 6240
225 288 327 355 113
1333 298 1859 364 BIBLIOTHECA.
1890 329 1962 340 -
1990 304 2158 368 COD.
2191 306 2425 367 CCLVI.
3424 298 3528 365 illi

224 402 367 472 πρὸς
432 400 533 471 τὴν
592 404 1186 477 καταπεπιστευμένην
1224 406 1268 440 ³⁹
1326 407 1475 478 αὐτῷ
1535 408 1847 472 διακονίαν,

1953 413 2132 467 insulas
2162 414 2384 482 quidem
2413 411 2788 481 neglexerunt,
2819 408 2914 466 sed
2951 409 3261 480 navigando
3304 423 3524 465 omnem

224 493 535 547 ἐστέλλετο.
567 493 883 557 Διελθόντες
911 495 967 549 δὲ
994 497 1218 570 Θρᾴκην
1254 516 1315 552 τε
1357 502 1451 553 καὶ
1475 502 1819 556 Μακεδονίαν

1953 504 2201 558 naniam
2260 502 2524 558 radicitus
2545 503 2867 568 evellentes,
2901 502 3105 558 bonum
3137 516 3323 558 semen
3361 516 3530 556 evan—

224 586 323 639 καὶ
359 586 670 641 Θεσσαλίαν
702 588 797 640 καὶ
842 588 1064 659 Ἀχαΐαν
1102 593 1285 645 πᾶσαν
1325 592 1421 645 καὶ
1457 593 1689 647 Ἐλλάδα
1723 595 1822 648 καὶ

1953 596 2115 664 gelicae
2155 596 2426 651 doctrinae
2466 602 2520 649 et
2555 595 2898 664 synodalium
2960 595 3308 650 decretorum
3351 593 3528 649 disse-

223 678 323 739 τάς
342 678 636 747 ἠπείρους,
668 678 789 733 οὐδὲ
814 680 922 734 τῶν
950 683 1129 752 νήσων
1150 684 1534 756 ὠλιγώρησαν,
1564 686 1682 739 ἀλλ’
1705 690 1827 742 ἐπι·
1934 691 2240 745 minarunt.

226 769 569 835 πλεύσαντες
602 772 753 824 ἀπαν
780 772 1034 826 ἀνέσπων
1056 775 1122 827 ὲκ
1148 775 1315 843 ῥιζῶν
1342 776 1525 832 αὐτῶν
1550 776 1819 845 ζιζάνιον,
1859 778 1951 835 τὸν
2015 780 2214 851 εὐγενῆ
2274 780 2333 834 δὲ
2356 778 2558 851 σπόρον
2578 776 2687 830 τῶν
2714 776 3087 846 εὐαγγελικῶν
3120 776 3410 848 ὀογμάτων
3435 776 3529 831 καὶ

227 863 531 916 συνοδικῶν
562 867 941 936 κηρυγμάτων
968 868 1297 941 διέσπειρον.

305 958 430 1009 Ὀτι
460 957 563 1026 τῆς
601 958 824 1011 συνόδου
856 959 1011 1025 τέλος
1038 960 1130 1014 διὰ
1152 962 1321 1031 τριῶν
1347 964 1517 1035 ἥμισυ
1549 965 1827 1037 λαϐούσης

2002 961 2256 1020 Concilio
2289 958 2528 1015 triennio
2585 971 2793 1028 sexque
2825 957 3113 1012 mensibus
3143 956 3297 1011 linito
3318 961 3531 1026 (cmpe-

228 1050 370 1103 ὲτῶν
394 1050 514 1119 (καὶ
540 1051 651 1120 γὰρ
670 1050 873 1120 ἡρξατο
894 1053 1063 1121 μηνὸς
1079 1053 1386 1126 Ἀπριλλίου
1415 1059 1835 1114 πεντεκαιδεκά-

1953 1066 2019 1111 ἰιι
2047 1054 2194 1110 enim
2253 1066 2438 1107 mense
2484 1048 2656 1119 Aprili
2687 1048 2904 1103 decimo
2948 1047 3142 1117 quinto
3170 1047 3281 1112 die,
3330 1045 3532 1117 4724

229 1160 337 1212 την
368 1141 619 1205 ἀνύοντος
639 1140 709 1203 ⁸ο,
728 1143 1052 1214 ἐπερατώθη
1082 1145 1139 1197 δὲ
1163 1146 1263 1215 τῆς
1284 1149 1526 1216 τριετίας
1553 1150 1719 1203 πάλιν
1742 1150 1835 1203 τὸν

1956 1151 2153 1203 initum
2182 1159 2318 1200 vero
2349 1153 2435 1199 est
2466 1143 2702 1197 triennio
2753 1141 2951 1195 iterum
2983 1140 3039 1194 in
3072 1140 3315 1209 Aprilem
3358 1139 3531 1193 devo-

238 1233 551 1304 Ἀπρίλλιον
578 1235 996 1305 καταλαϐούσης
1017 1238 1108 1289 καὶ
1130 1237 1292 1307 μέχρι
1321 1239 1699 1311 Σεπτεμϐρίου
1727 1242 1840 1295 δια·

1953 1245 2076 1299 ηιιιο,
2104 1243 2162 1289 et
2195 1247 2372 1303 usque
2431 1229 2810 1301 Septembrem
2835 1237 3203 1293 excurrente;
3257 1226 3341 1281 sic
3383 1227 3530 1281 enim

244 1326 586 1397 δραμούσης·
625 1326 771 1380 οὕτω
811 1328 919 1398 γὰρ
965 1330 994 1381 ό
1037 1328 1200 1396 σοφὸς
1225 1328 1578 1397 Ἀλέξανδρος
1618 1332 1688 1386 τὰ
1729 1348 1834 1384 πε·-

1953 1330 2137 1383 doctus
2166 1322 2480 1380 Alexander
2494 1331 2615 1377 acta
2644 1321 2965 1377 describens
2984 1319 3182 1391 synodi
3201 1318 3533 1384 annotavitt,

245 1419 538 1488 tpaypéva
571 1420 797 1488 γράφων
837 1418 907 1488 τᾲ
936 1420 1037 1489 τῆς
1074 1420 1118 1451 ⁸⁸
1152 1421 1374 1474 συνόδου
1402 1422 1834 1494 ἐπεσημήνατο),

238 1511 589 1582 τελεσθείσης
620 1507 714 1565 οὖν
742 1512 841 1583 τῆς
866 1513 1028 1581 ἁγίας
1072 1514 1312 1578 συνόδου,
1345 1514 1478 1577 στὰς
1516 1515 1547 1566 ὁ
1579 1514 1837 1584 βασιλεὺς

240 1606 405 1675 μέσος
440 1604 527 1657 τοῦ
544 1580 715 1675 ἠχοροῦ
742 1580 851 1659 τῶν
871 1607 1172 1676 ἀρχιερέων
1198 1606 1320 1677 ᾔτει
1346 1606 1507 1678 χάριν
1530 1580 1680 1677 αύτῷ
1707 1608 1838 1677 μίαν
1867 1580 1915 1639 Β

238 1696 373 1766 παρ’
402 1697 591 1750 αὐτῶν
625 1697 841 1767 δοθῆναι
868 1712 882 1726 ·
911 1699 960 1751 oi
985 1698 1041 1751 δὲ
1070 1698 1371 1770 προθύμως
1411 1699 1728 1753 κατένευον.
1772 1699 1838 1752 Ἡ

235 1790 293 1842 δὲ
325 1789 495 1859 χάρις
546 1789 907 1843 συνεισελθεῖν
938 1789 1094 1859 αὑτῷ
1124 1791 1183 1844 ὲν
1210 1794 1277 1862 τῇ
1312 1791 1490 1856 πόλει,
1522 1792 1607 1860 ἐφ’
1641 1784 1685 1859 ᾧ
1716 1790 1841 1845 θεά-

241 1878 443 1932 σασθαί
465 1896 525 1931 τε
547 1880 638 1931 τὸν
661 1879 944 1950 ἀρχιερέα,
971 1880 1029 1933 ὃν
1057 1881 1277 1952 Πατέρα
1305 1884 1334 1935 ὁ
1358 1881 1614 1951 βασιλεὺς
1641 1881 1839 1936 ἑαυτοῦ

240 1970 584 2039 ἀνωμολόγει
614 1970 682 2034 ⁸³,
711 1972 806 2024 καὶ
832 1972 971 2025 ὥστε
1002 1974 1068 2042 τῇ
1095 1973 1270 2036 πόλει,
1306 1972 1474 2045 [1415
1508 1973 1604 2045 3.]
1643 1976 1710 2043 ἣν
1744 1975 1841 2028 αὐ-

240 2064 331 2126 τὸς
363 2063 659 2132 ἀνέστησε,
688 2064 777 2118 διὰ
825 2064 927 2134 τῆς
972 2066 1155 2120 αὐτῶν
1184 2067 1490 2136 παρουσίας
1534 2070 1632 2122 καὶ
1674 2069 1842 2140 εὐχῆς

241 2155 301 2207 τὺ
331 2153 432 2206 τοῦ
472 2155 755 2219 κτίσαντος
787 2156 958 2225 ὄνομα
980 2158 1420 2229 ἐγκαιδισθῆναι.
1473 2162 1835 2216 Ἐπισκεπτο-

245 2248 427 2315 μένων
459 2248 517 2300 δὲ
548 2249 657 2301 τῶν
689 2251 881 2320 ίερέων
908 2250 954 2282 ⁸³
986 2252 1080 2304 τὸν
1119 2252 1578 2325 διορατικώτατον
1618 2256 1841 2324 Μητρο-

246 2338 423 2407 φὰνην
462 2339 680 2409 ἡμέρας
726 2341 1013 2411 Κυριακῆς
1052 2344 1415 2414 ἐνισταμένης
1443 2346 1538 2400 καὶ
1566 2345 1661 2399 τοῦ
1690 2347 1845 2416 βασι-

244 2429 382 2492 λέως
412 2431 818 2501 συμπαρόντος,
876 2434 1026 2487 ἄλλοι
1072 2436 1135 2487 τὲ
1183 2452 1325 2498 τινες
1367 2436 1636 2507 προῆλθον
1671 2438 1841 2507 λόγοι,

246 2522 362 2583 καὶ,
402 2521 550 2588 Ὀρῶ
574 2537 670 2589 σε,
698 2525 882 2593 φησὶν,
927 2525 1213 2581 ὑπολαϐὼν
1239 2528 1265 2580 ὁ
1294 2527 1568 2597 βασιλεὺς,
1591 2528 1638 2581 ὦ
1660 2530 1843 2584 Πατέ-

239 2631 369 2681 ρων
394 2615 529 2683 ἐμοὶ
566 2614 894 2684 τιμιώτατε,
937 2617 1035 2670 καὶ
1068 2620 1223 2687 γήρᾳ
1258 2620 1356 2673 καί
1385 2623 1551 2688 νόσῳ
1579 2622 1841 2692 κάμνον-

245 2725 339 2773 τα,
374 2708 480 2762 καὶ
511 2708 774 2762 δυσωπῶ
803 2710 1075 2764 ἀνειπεῖν
1103 2729 1169 2766 τε
1211 2712 1311 2766 καὶ
1344 2714 1654 2779 ἀναδεῖξαι
1700 2716 1846 2785 ἡμῖν

246 2802 357 2855 τὸν
370 2801 525 2871 μετὰ
555 2801 633 2855 σὲ
655 2801 762 2855 τοῦ
788 2804 1070 2871 ποιμνίου
1095 2804 1502 2875 ἡγησόμενον.
1540 2806 1599 2859 Ὀ
1629 2806 1686 2859 δὲ
1708 2809 1846 2878 πρὸς

248 2893 587 2963 τὸνβασιλέα
607 2893 931 2963 εὐθυμοῦντι
950 2897 1249 2967 προσώπῳ,
1275 2900 1625 2967 Πέπεισμαι,
1654 2901 1840 2969 φησὶν,

248 2989 317 3041 ἐν
339 2989 538 3055 Κυρίῳ
566 2988 657 3041 ὅτι
681 2988 798 3041 νῦν
827 2990 893 3041 τὸ
920 2990 1220 3059 πανὰτιον
1249 2992 1494 3058 Πνεῦμα
1526 2992 1625 3045 διὰ
1647 2992 1847 3061 γλώσ-

247 3095 391 3146 σης,
431 3076 481 3131 ὠ
517 3078 754 3141 τέκνον,
800 3076 930 3133 εἷπε
975 3079 1089 3149 τῆς
1126 3080 1269 3148 σῆς.
1320 3080 1694 3148 Φροντίζοντι
1736 3080 1850 3151 γάρ

246 3188 347 3239 μοι
394 3169 535 3237 περὶ
585 3171 803 3224 τούτου
835 3170 1219 3239 ἐφανέρωσεν
1255 3173 1289 3224 ό
1326 3173 1545 3240 Κύριος
1581 3170 1699 3238 πρὸ
1727 3167 1849 3223 τῶν

248 3264 403 3315 ἑπτὰ
430 3262 662 3315 τούτων
699 3262 956 3330 ἡμερῶν,
990 3264 1089 3318 καὶ
1119 3262 1209 3317 ὅτι
1241 3265 1395 3333 μετὰ
1422 3263 1681 3333 δεκάτην
1703 3266 1849 3334 ἠμέ-

242 3370 367 3419 μιν
390 3353 753 3422 μεταλλάξω
786 3356 891 3407 τὸν
909 3355 1076 3419 βίον,
1099 3357 1197 3409 καὶ
1233 3355 1302 3421 ὃς
1326 3357 1392 3410 τὸ
1425 3356 1587 3423 ἱερὸν
1618 3356 1852 3422 ἀξίωμα

256 3444 634 3509 ὶναδέξοιτο,
676 3445 774 3498 καὶ
804 3447 978 3501 ἐστιν
1006 3443 1187 3514 οὗτος
1234 3452 1267 3503 ό
1315 3450 1850 3519 συμπρεσϐύτερός

261 3555 369 3591 ειου
411 3537 830 3606 Ἀλέξανδρος,
862 3537 1033 3605 ἄξιος
1062 3540 1142 3607 ὡς
1171 3540 1411 3608 ἀληθῶς
1448 3542 1564 3607 τῆς
1589 3540 1851 3609 ἐκλογῆς

256 3628 551 3698 ὑπάρχων
596 3627 697 3683 καὶ
744 3629 856 3696 τῆς
889 3629 994 3683 τοῦ
1038 3632 1212 3701 ἁγίου
1245 3632 1634 3700 προρρήσεως
1664 3632 1852 3685 Πνεύ-

253 3738 445 3789 ματος
470 3738 485 3751 θ
509 3722 599 3775 ἐτι
627 3721 697 3775 δὲ
731 3722 831 3775 καὶ
868 3724 1085 3777 τοῦτον
1115 3724 1196 3787 ὡς
1227 3725 1295 3776 τὸ
1325 3723 1569 3777 παιδίον
1610 3724 1851 3789 Παῦλος

254 3816 288 3865 ὁ
318 3812 718 3880 ἀναγνώστης
738 3813 1092 3877 διαδέξεται.
1143 3814 1480 3883 Ἀποϐλέψας
1508 3816 1565 3868 δὲ
1588 3816 1681 3868 καὶ
1712 3816 1850 3885 πρὸς

254 3906 346 3958 τὸν
388 3905 800 3973 Ἀλεξανδρείας
830 3905 969 3959 θεῖον
996 3906 1363 3976 Ἀλέξανδρον,
1390 3907 1499 3960 Καὶ
1528 3906 1630 3968 σὺ,
1660 3909 1848 3977 φησὶν,

252 3995 301 4052 ὦ
327 3997 584 4065 ἁδελφὲ,
610 3998 801 4050 καλὸν
823 3998 1086 4052 σεαυτοῦ
1124 3997 1410 4067 διάδοχον
1436 4000 1846 4067 καταλείψεις.

255 4090 367 4141 Καὶ
393 4089 497 4156 τῆς
527 4088 708 4157 χειρὸς
739 4088 1064 4143 Ἀθανασίου
1094 4087 1188 4140 τοῦ
1212 4088 1592 4157 ἀρχιδιακόνου
1614 4088 1852 4159 λαϐόμε-

256 4196 369 4243 νος,
391 4175 540 4241 Ἴδε,
564 4181 597 4229 ό
621 4178 915 4245 γενναῖος,
948 4179 1073 4248 ἔφη,
1099 4178 1225 4251 [769
1240 4178 1332 4250 H.]
1349 4182 1715 4248 στρατιώτης
1743 4181 1852 4235 τοῦ

1943 1424 2122 1485 ﬁnito,
2189 1421 2435 1491 inquam,
2513 1433 2671 1473 sacro
2724 1416 2985 1478 concilio,
3034 1416 3333 1484 imperator
3382 1423 3536 1469 stans

1943 1517 2001 1570 in
2053 1514 2233 1570 medio
2288 1520 2607 1568 sanctorum
2662 1508 2910 1573 Patrum,
2968 1508 3127 1577 petiit
3185 1506 3293 1562 sibi
3367 1520 3535 1561 unam

1945 1622 2059 1661 rem
2102 1616 2310 1675 gratam
2352 1603 2472 1657 ﬁeri
2500 1618 2514 1655 :
2546 1600 2642 1670 qui
2691 1600 2930 1654 libentes
2980 1605 3402 1653 concesserunt.
3430 1594 3537 1650 Beo

1946 1699 2201 1753 neiicium
2240 1706 2422 1752 autem
2447 1694 2580 1749 illud
2610 1701 2751 1756 erat,
2785 1700 2847 1746 ut
2887 1692 2939 1745 in
2973 1691 3162 1745 urbem
3187 1704 3372 1746 secum
3407 1704 3539 1760 pro-

1946 1787 2369 1848 ﬁciscereuiur,
2422 1784 2476 1837 in
2540 1798 2650 1852 qua
2714 1780 3190 1848 archiepiscopum
3247 1778 3535 1841 viderent,

1947 1894 2109 1948 quem
2169 1877 2388 1932 Patrem
2439 1890 2601 1931 suum
2647 1882 2949 1942 imperator
3001 1869 3336 1939 appellabat,
3370 1879 3426 1923 et
3477 1876 3538 1923 ut

1951 1968 2071 2022 urbi
2104 1966 2391 2038 Byzantio,
2427 1979 2592 2034 quam
2622 1964 2738 2032 ipse
2767 1960 3079 2023 fundasset,
3114 1975 3213 2014 sua
3248 1960 3534 2029 prasentia

1946 2070 2000 2114 et
2052 2058 2305 2128 precibus
2361 2054 2665 2111 conditoris
2720 2068 2929 2108 novum
2998 2066 3198 2106 nomen
3261 2050 3532 2105 inderent.

1948 2150 2326 2206 Inviseniibus
2370 2157 2553 2202 autem
2599 2146 2874 2215 episcopis
2922 2143 3294 2199 clarissimum
3335 2142 3538 2197 Metro-

1949 2243 2198 2312 phanein,
2228 2240 2318 2294 die
2354 2237 2659 2301 Domiiiica,
2695 2246 2749 2291 ct
2783 2235 3083 2304 imperator
3114 2248 3352 2302 praesens
3396 2234 3539 2288 inter

1949 2336 2051 2388 alia
2082 2334 2226 2388 dixit
2260 2352 2273 2386 :
2316 2351 2333 2383 i
2376 2330 2547 2385 Video
2582 2340 2653 2394 te,
2677 2328 2837 2384 Pater
2869 2327 3110 2381 maxime
3133 2324 3458 2389 venerande,
3486 2332 3542 2379 et

1949 2435 2226 2481 senectute
2295 2434 2350 2478 et
2401 2423 2598 2477 morbo
2660 2419 2978 2483 defessum,
3029 2426 3085 2473 et
3142 2416 3317 2473 creari
3377 2423 3541 2485 atque

1950 2518 2227 2589 designari
2255 2517 2417 2572 nobis
2450 2526 2574 2585 post
2627 2523 2679 2569 te
2708 2513 2887 2581 gregis
2941 2519 3216 2581 pastorem
3245 2509 3484 2579 postulo.
3513 2526 3535 2561 ι

1950 2610 2046 2665 ille
2073 2610 2140 2665 ad
2159 2610 2545 2677 imperatorem
2568 2606 2902 2661 alacrivultu
2924 2617 3254 2668 conversus,
3290 2602 3539 2667 «Annuo,

1952 2705 2149 2774 inquit,
2189 2704 2247 2758 in
2302 2702 2557 2766 Domino,
2598 2701 2730 2771 quia
2798 2713 2945 2751 nunc
2994 2696 3233 2766 Spiritus
3294 2704 3540 2759 sanctus,

1951 2814 1985 2854 o
2008 2797 2103 2860 illi,
2137 2812 2235 2868 per
2264 2797 2503 2864 linguam
2538 2803 2684 2848 tuam
2716 2792 2981 2861 loquitur.
3014 2788 3144 2844 Mihi
3169 2788 3314 2842 enim
3347 2787 3448 2841 hac
3475 2788 3543 2841 de

1956 2891 2290 2955 reLsollicito
2351 2889 2610 2943 iudicavit
2660 2886 2930 2940 Dominus
2992 2891 3120 2938 ante
3177 2891 3393 2951 septem
3442 2881 3545 2937 hos

1955 2987 2106 3056 ipsos
2146 2985 2289 3046 dies,
2325 2982 2649 3037 moriturum
2688 2994 2772 3034 me
2804 2980 2945 3033 intra
2986 2976 3175 3032 decem
3209 2975 3352 3039 dies,
3376 2982 3432 3029 et
3456 2975 3543 3027 di-

1950 3079 2207 3149 gnitatem
2239 3088 2451 3130 sacram
2481 3080 2866 3141 suscepturum
2929 3067 3220 3123 sacerdotii
3283 3065 3547 3134 dignitate

1953 3184 2139 3238 parem
2204 3164 2595 3228 Alexandrum,
2628 3170 2684 3215 et
2723 3152 2968 3230 dignum,
3025 3167 3086 3212 ut
3142 3172 3271 3210 vere
3328 3156 3541 3223 loquar,

1950 3260 2219 3317 electione
2256 3266 2310 3311 et
2344 3255 2516 3310 sancti
2550 3252 2789 3322 Spiritus
2842 3248 3283 3305 denuntiatione.
3315 3245 3397 3301 Ad
3430 3246 3545 3299 haec

1952 3369 2083 3409 vero
2119 3354 2264 3405 hunc
2288 3349 2451 3404 veluti
2486 3346 2630 3400 lilius
2669 3344 2872 3398 Paulus
2897 3342 3071 3397 lector
3099 3339 3357 3409 excipiet.
3383 3357 3401 3389 ι
3433 3337 3545 3392 Re-

1952 3445 2193 3518 spiciens
2229 3453 2412 3497 autem
2438 3440 2505 3493 ad
2542 3436 2910 3492 Alexandrum
2941 3434 3286 3490 Alexandria:
3327 3432 3544 3502 episco-

1952 3556 2081 3610 pum
2106 3554 2123 3592 :
2164 3556 2182 3587 ι
2211 3535 2279 3590 Et
2305 3544 2384 3599 tu,
2423 3532 2620 3600 inquit,
2648 3529 2839 3591 frater,
2862 3527 3143 3597 egregium
3166 3540 3547 3581 successorem

1954 3636 2029 3688 tui
2081 3631 2386 3698 relinques.
2420 3645 2441 3678 ι
2482 3626 2549 3678 Et
2608 3638 2770 3676 manu
2824 3619 3109 3673 Athanasii
3174 3615 3548 3673 archidiaconi

1953 3724 2301 3795 apprehensa
2341 3737 2354 3772 :
2392 3738 2410 3767 ι
2443 3716 2544 3780 Εη,
2579 3716 2778 3783 inquit,
2808 3723 3067 3766 strenuus
3120 3709 3324 3764 Christi
3364 3708 3547 3772 miles,

1954 3813 2044 3867 liic
2076 3820 2127 3865 te
2165 3816 2449 3877 sequetur,
2483 3804 2578 3873 qui
2620 3818 2728 3855 non
2783 3801 2961 3855 solum
3013 3813 3145 3852 cum
3193 3797 3363 3852 fratre
3424 3812 3549 3852 meo

1952 3902 2263 3958 Alexandro
2301 3908 2489 3954 contra
2521 3896 2637 3948 Arii
2691 3893 2942 3947 haeresim
2987 3890 3312 3955 decertavit,
3362 3890 3455 3943 sed
3497 3898 3551 3944 et

1954 4014 2078 4053 cum
2111 3996 2204 4049 illo
2256 4006 2452 4060 magna
2494 3987 2793 4043 certamina
2835 3996 2891 4039 et
2944 3984 3117 4038 multa
3165 3983 3405 4039 subibit:
3442 3999 3547 4035 non

1954 4089 2133 4144 solum
2168 4094 2351 4140 autem
2381 4081 2619 4137 secunda
2672 4078 2949 4148 excipient
3000 4076 3323 4139 certamina,
3350 4075 3445 4130 sed
3497 4083 3554 4130 et

1955 4182 2170 4238 tertium
2196 4194 2322 4233 cum
2375 4185 2602 4231 strenuo
2631 4172 2801 4227 Paulo
2827 4170 3145 4248 sustinebit.
3182 4189 3201 4221 ι
3238 4168 3365 4225 Haec
3391 4168 3550 4235 dixit,

254 4269 523 4338 Χριστοῦ
568 4266 747 4335 οὗτός
793 4285 867 4325 σε
908 4270 1264 4337 διαδέξεται,
1306 4270 1375 4337 ὃς
1401 4273 1474 4326 οὐ
1502 4274 1699 4341 μόνον
1730 4274 1847 4329 νῦν

1953 4286 2007 4330 et
2038 4283 2299 4341 tanquam
2333 4269 2474 4322 alios
2529 4265 2721 4335 spiritu
2776 4277 2880 4318 suo
2929 4276 3207 4325 recreans,
3241 4262 3393 4317 venit
3422 4278 3546 4317 cum

269 4360 653 4429 Ἀλεξάνδρῳ
676 4362 829 4415 κατὰ
857 4361 965 4430 τῆς
992 4362 1356 4428 δυσσεϐείας
1379 4362 1608 4430 Ἀρείου
1633 4361 1714 4429 τῷ
1734 4363 1856 4432 ἐμῷ

254 4455 731 4523 συνηγωνίσατο
761 4453 1025 4523 ἀδελφῷ,
1055 4455 1192 4510 ἀλλ’
1227 4454 1315 4508 ἔτι
1344 4455 1468 4508 σὺν
1490 4454 1652 4521 αὑτῷ
1671 4456 1854 4525 μεγά-

256 4553 414 4613 λους
454 4546 685 4611 ἄθλους
714 4545 811 4599 καὶ
851 4547 1124 4613 πολλοὺς
1154 4546 1507 4616 ἀγωνιεῖται.
1550 4550 1633 4601 Οὐ
1657 4548 1856 4615 μόνον

256 4642 326 4695 δὲ
354 4641 623 4710 δεύτεροι
648 4641 836 4696 αὑτὸν
867 4641 1217 4705 ἑκδέξονται
1263 4637 1517 4709 ἀγῶνες,
1552 4640 1715 4696 ἀλλὰ
1752 4641 1855 4697 καὶ

260 4738 503 4803 τρίτους
549 4736 673 4788 σὺν
722 4733 802 4800 τῷ
848 4737 1101 4805 γενναίῳ
1148 4733 1563 4803 ὑποστήσεται
1610 4734 1849 4800 Παύλῳ.

263 4830 451 4884 Ταῦτα
476 4826 656 4895 εἶπεν,
678 4832 767 4883 καὶ
791 4829 979 4899 ῶσπερ
1002 4830 1447 4902 ἀναζωπυρήσας
1465 4830 1545 4901 τῷ
1571 4829 1854 4899 Πνεύματι

267 4922 481 4974 κάτεισι
516 4920 616 4972 σὺν
644 4922 758 4981 τοῖς
790 4919 1113 4981 ἐπισκόποις
1147 4921 1227 4982 εἰς
1266 4920 1366 4989 τὴν
1387 4919 1710 4991 ἐκκλησίαν,
1763 4919 1855 4972 καὶ

271 5014 403 5079 μετά
438 5012 541 5081 τὴν
571 5011 668 5064 τοῦ
701 5011 1033 5079 Εὑαγγελίσυ
1067 5012 1373 5079 ἀνάγνωσιν
1399 5012 1555 5081 ὀλίγα
1582 5029 1855 5081 προσομι-

270 5103 433 5172 λήσας
459 5103 540 5173 τῷ
569 5102 766 5173 πλήθει
793 5105 885 5157 καὶ
920 5103 1343 5174 συνταξάμενος,
1367 5104 1735 5174 ἀνακηρύττει
1761 5104 1856 5156 καὶ

276 5196 345 5267 μὴ
384 5198 635 5268 παρόντα
674 5198 766 5249 τὸν
794 5195 1167 5267 πρεσϐύτερον
1209 5194 1556 5268 Ἀλέξανδρον
1592 5196 1855 5267 ἀρχιερέα

276 5289 486 5343 καὶτοῦ
518 5289 715 5360 θρόνου
746 5288 1009 5358 διάδοχον.
1046 5288 1158 5340 Καὶ
1204 5288 1233 5340 ὁ
1261 5287 1387 5350 λαὸς
1427 5289 1525 5358 μιᾷ
1561 5291 1713 5358 φωνῇ
1760 5288 1857 5338 σὺν

277 5381 416 5454 αὑτῷ
446 5381 661 5453 βασιλεῖ
689 5380 783 5434 ἐπὶ
809 5380 1025 5445 πλείους
1053 5378 1202 5450 ὧρας
1235 5380 1362 5433 ἐϐόα
1380 5380 1440 5433 τὸ
1467 5380 1691 5445 Ἀξιος.
1726 5374 1859 5430 Εἶτα

1959 4362 2229 4434 episcopis
2261 4361 2313 4413 in
2345 4354 2604 4424 templum
2640 4371 2653 4407 :
2687 4369 2751 4408 ac
2775 4362 2897 4422 post
2942 4352 3218 4420 Evangelii
3259 4352 3547 4407 lectionem

1958 4453 2222 4512 nonnulla
2249 4451 2313 4503 ad
2338 4448 2601 4518 populum
2632 4446 2873 4509 locutus,
2900 4454 2956 4497 et
2980 4443 3282 4505 disserens,
3314 4443 3551 4497 Alexan-

1957 4543 2117 4599 drum
2172 4537 2510 4592 sacerdotem
2542 4534 2827 4587 absentem
2860 4531 3346 4600 arcliiepiscopalis
3404 4531 3551 4587 sedis

1956 4645 2335 4690 successorem
2376 4626 2678 4681 renuntiat.
2720 4623 2959 4692 Pupulus
3008 4638 3116 4677 uno
3150 4637 3246 4676 ore
3274 4638 3397 4675 cum
3430 4623 3549 4691 ipso

1958 4729 2288 4796 imperatore
2335 4720 2490 4775 horis
2538 4719 2748 4787 aliquot
2799 4715 2996 4788 4721)
3043 4716 3406 4770 exclamavit:
3456 4714 3552 4768 Di-

1961 4836 2099 4891 gnus
2162 4825 2263 4870 est.
2298 4811 2504 4869 Deinde
2558 4826 2727 4865 sacrae
2779 4824 2983 4863 mensa:
3025 4808 3215 4862 altaris
3269 4808 3552 4862 humerale

1960 4912 2213 4981 imponit,
2246 4907 2565 4977 praecipiens
2596 4904 2700 4956 hoc
2731 4899 3039 4955 successori
3079 4899 3324 4953 servari:
3355 4907 3553 4952 ventu-

1962 5022 2081 5061 rum
2117 5012 2295 5058 autem
2330 5002 2482 5054 illum
2513 5007 2633 5069 post
2663 5012 2772 5050 non
2804 4994 2895 5048 diu
2927 4992 3197 5063 praedixit,
3226 5000 3349 5061 post
3382 4990 3552 5058 septi-

1963 5110 2112 5149 mum
2151 5090 2404 5145 videlicet
2443 5087 2584 5141 diem
2617 5083 2739 5153 eius
2786 5081 3015 5137 resoluti
3064 5080 3314 5150 corporis
3348 5078 3401 5130 in
3447 5077 3553 5129 Do-

1967 5188 2137 5241 mino.
2192 5182 2525 5237 Acciderunt
2582 5178 2769 5248 igitur,
2825 5184 2885 5228 ut
2932 5172 3283 5243 praedixerat,
3342 5165 3548 5221 omnia.

1965 5277 2194 5332 Moritur
2226 5271 2529 5328 centesimo
2567 5281 2622 5322 et
2653 5267 2868 5322 decimo
2898 5263 3131 5334 septimo
3179 5258 3355 5314 atatis
3385 5270 3549 5322 anno,

1968 5379 2166 5441 quarto
2191 5362 2353 5419 Junii.

1524 5534 1758 5588 νΑιιιΑε
1815 5524 2227 5588 LECTIONES.

354 5678 394 5709 ‘°
425 5675 874 5745 πεπιστευμένην
904 5694 964 5741 ς.

288 5746 341 5797 Β.
436 5750 481 5780 ⁸³
517 5748 789 5819 ὡμολόγει
820 5748 879 5800 Β.
983 5748 1025 5779 ’⁵³
1053 5748 1309 5818 ἱερέωνΑ
1345 5765 1357 5801 :
1396 5745 1702 5817 ἀρχιερέων
1731 5761 1789 5808 ς.

1065 5676 1109 5707 ⁸ο
1137 5677 1394 5739 ἀνύοντος
1443 5675 1484 5727 Β
1531 5679 1586 5729 ei
1624 5690 1781 5728 corr.
1813 5675 1853 5726 A
1885 5692 1897 5728 :
1948 5669 2190 5731 ἀνιόντος
2253 5684 2312 5734 ς,
2364 5662 2501 5719 inira
2539 5672 2621 5717 cst
2647 5660 2889 5727 ἄγοντος.

2988 5653 3030 5683 ⁴¹
3061 5650 3127 5703 τὰ
3160 5646 3282 5720 τῆς]
3316 5647 3435 5702 τότε
3459 5649 3556 5718 τῆς
