3966 6240
450 310 550 376 115

1600 321 1860 411 ΡΗΟᾙῘ
1904 324 2410 392 ΡΑΤΒΙΑΗΟΗιίΕ
2443 334 2549 395 CP.

3605 333 3705 396 116

440 428 504 480 τὸ
530 426 841 500 ὠμοφόριον
870 429 935 499 τῇ
963 427 1097 500 ἁγίᾳ
1120 428 1473 499 ἐναποτίοησι
1530 434 1802 506 τραπέζῃ,
1866 439 2246 510 ἐντειλάμενος
2288 447 2418 500 αὐτὸ
2465 449 2830 516 φυλάττεσθαι
2859 448 2936 521 τῷ
2995 448 3223 520 διαδόχῳ
3244 466 3258 480 ·
3290 447 3441 520 ἥξειν
3469 448 3514 501 δ’
3546 449 3707 500 αὐτὸν

441 524 700 589 προεῖπεν
744 521 842 573 οὒκ
884 523 964 583 εἰς
999 522 1238 592 μακρὰν,
1280 524 1420 592 μετὰ
1459 524 1503 577 δ’
1533 526 1765 598 ἑϐδόμην
1806 530 2018 600 ἡμέραν
2087 536 2186 601 τῆς
2231 538 2399 591 αὐτοῦ
2435 542 2569 610 πρὸς
2619 543 2850 612 Χριστὸν
2878 543 3208 605 ἀναλύσεως.
3240 542 3453 595 Γίνεται
3484 540 3578 596 οὖν
3633 540 3704 607 ⁸⁸,

442 616 517 675 ὡς
544 613 757 683 προέφη
785 613 879 666 καὶ
906 612 1232 683 ἐνετείλατο,
1256 615 1471 670 ἅπαντα
1489 632 1501 647 ·
1528 619 1665 671 ἐτῶν
1700 620 1745 672 δ’
1778 622 2125 678 ἀνεπαύσατο
2177 628 2549 686 ἑπτακαίδεκα
2611 634 2708 687 καὶ
2766 634 2961 688 ἑκατὸν
2990 673 3006 697 ,
3053 633 3271 687 Ἰουνίου
3310 634 3479 705 μηνὸς
3504 633 3702 705 τετάρ-

443 730 543 779 την
575 712 821 778 ἄγοντος.

513 803 850 868 Constantia,
886 818 1043 858 soror
1067 806 1415 873 imperatoris
1481 806 1824 863 Constantini
1907 811 1981 881 pii
2012 855 2026 877 ,
2060 820 2104 873 Α

446 911 584 948 uxor
609 911 730 963 quae
763 903 883 949 erat
916 896 1066 965 impii
1094 894 1313 961 Licinii,
1351 900 1610 953 moritura
1650 898 1800 955 fratri
1848 903 2023 957 dtxit:

446 986 651 1053 Unum,
700 998 757 1043 et
804 990 1060 1044 ultimum
1115 1007 1145 1044 a
1193 999 1248 1045 te
1296 1000 1421 1061 peto
1467 993 1840 1062 beneficium;
1876 998 2027 1052 utab

442 1082 638 1136 exsilio
678 1097 904 1137 revoces
935 1082 1124 1136 Arium
1157 1084 1297 1138 falso
1347 1096 1663 1140 accusatum
1699 1105 1711 1139 :
1751 1091 2029 1143 consentit

443 1177 589 1229 enim
628 1191 753 1230 cum
790 1177 1021 1247 synodo.
1058 1176 1184 1232 Erat
1217 1180 1362 1232 enim
1398 1181 1540 1247 apud
1580 1180 1726 1235 illam
1768 1183 2027 1236 sacerdos

444 1268 666 1336 quidam
720 1268 961 1324 Arianus
1020 1270 1114 1339 qui
1177 1270 1420 1340 seipsum
1450 1273 1629 1342 primo
1692 1274 2027 1330 Constantiae

443 1359 714 1414 eunuchis
741 1359 1058 1425 insinuavit,
1089 1376 1183 1429 per
1216 1376 1356 1429 quos
1374 1371 1430 1416 et
1455 1364 1522 1417 ad
1564 1364 1709 1418 illam
1738 1381 2025 1421 accessum

445 1450 660 1517 habuit,
733 1452 1022 1521 verbisque
1078 1452 1293 1509 blandis
1350 1462 1513 1524 atque
1557 1457 2026 1512 assentationibus

443 1539 748 1609 persuasit,
801 1541 989 1594 Arium
1040 1541 1243 1595 invidia
1303 1541 1538 1611 ejectum
1593 1559 1755 1600 esse:
1821 1556 2027 1601 rectam

443 1632 591 1686 enim
660 1630 919 1687 Ecclesiae
960 1631 1267 1687 doctrinam
1324 1634 1488 1689 tueri.
1540 1634 1755 1700 Quibus
1804 1638 1923 1706 ipsa
1956 1639 2024 1693 ad

443 1724 833 1792 imperatorem
897 1725 988 1779 illa
1039 1723 1305 1790 referens,
1364 1728 1674 1795 permovit,
1733 1729 2030 1799 statimque

442 1813 658 1879 scribit,
707 1824 764 1869 ut
815 1814 980 1870 Arius
1026 1815 1094 1870 ab
1151 1816 1349 1871 exsilio
1398 1828 1712 1873 revocetur.
1746 1820 2026 1889 A-llegabat

441 1921 575 1961 vero
610 1922 719 1962 una
778 1906 846 1961 ad
882 1906 1106 1962 fratrem
1161 1910 1527 1977 sacerdotem,
1563 1912 1658 1982 qui
1702 1913 2029 1968 adulationis

447 1996 583 2049 vitio
616 2011 725 2049 non
753 1995 937 2051 minus
971 2013 1133 2066 quam
1179 1998 1455 2054 haereseos
1485 2000 1771 2067 laboravit,
1809 2012 1863 2057 et
1892 2004 2029 2058 irre-

443 2098 606 2157 pente
657 2089 878 2158 ingenio
923 2105 989 2145 ac
1039 2091 1220 2146 verbis
1288 2092 1683 2164 blandiloquis,
1734 2105 1858 2165 post
1917 2112 2025 2149 non

2206 814 2327 867 Ὅτι
2358 812 2712 866 Κωνσταντία
2740 814 2772 882 ἡ
2803 810 2899 866 τοῦ
2931 805 3189 874 εὐσεϐοῦς
3215 808 3261 842 ⁸⁵
3298 811 3709 862 Κωνσταντίνου

2128 906 2353 976 ἀδελφὴ,
2384 905 2522 977 γυνὴ
2549 906 2607 959 δὲ
2631 904 2725 958 τοῦ
2757 903 3055 966 δυσσεϐοῦς
3095 920 3199 974 χρη
3210 902 3489 970 ματίσασα
3518 904 3708 954 Λικιν-

2128 996 2263 1064 νίου,
2293 997 2558 1068 μέλλουσα
2585 998 2843 1067 τελευτᾷν
2863 997 2943 1066 τῷ
2965 995 3201 1065 ἀδελφῷ,
3228 994 3575 1062 Α1ιἀν,φησὶ,
3609 994 3709 1047 καὶ

2126 1090 2480 1142 τελευταίαν
2508 1088 2649 1142 αίτῶ
2676 1105 2750 1142 σε
2778 1087 2975 1157 χάριν,
2998 1088 3110 1154 τῆς
3136 1086 3458 1155 ὑπερορίας
3482 1088 3715 1154 Ἀρειον

2127 1180 2580 1248 ἀνακληθῆναι,
2651 1180 2972 1247 συσκευὴν
3039 1180 3253 1233 ἄδικον
3314 1179 3755 1234 ὑποστάντα-⁸

2127 1272 2420 1340 σύμφρων
2449 1271 2561 1341 γάρ
2586 1273 2716 1326 ἐστι
2740 1272 2853 1341 τῆς
2880 1272 3171 1327 συνόδου.
3193 1268 3301 1325 Ἦν
3327 1272 3436 1342 γάρ
3468 1289 3552 1333 τις
3580 1275 3713 1339 παρ’

2128 1363 2266 1433 αὐτῇ
2297 1362 2405 1414 τῶν
2425 1364 2527 1432 τῆς
2558 1364 2767 1434 Ἀρείου
2803 1363 3152 1416 σπουδαστῶν
3182 1362 3443 1434 αἱρέσεως
3473 1362 3716 1432 πρεσϐύ-

2127 1470 2306 1523 τερος,
2339 1452 2399 1515 ὃς
2428 1453 2620 1506 ἑαυτὸν
2652 1453 2919 1525 πρότερον
2951 1456 3063 1515 τοῖς
3089 1456 3188 1524 τῆς
3213 1453 3599 1512 Κωνσταντίας
3625 1452 3718 1503 εύ-

2129 1544 2340 1613 νούχοις
2381 1544 2691 1611 οίκειώσσς,
2734 1545 2800 1597 δι’
2829 1543 3009 1597 αὐτῶν
3033 1546 3125 1596 καὶ
3161 1547 3296 1613 πρὸς
3327 1544 3500 1611 αὐτὴν
3542 1542 3715 1604 διέδυ,

2128 1634 2225 1688 καὶ
2257 1633 2435 1702 λόγοις
2461 1633 2677 1688 ἔπειθεν
2705 1635 3012 1703 ἐπαγωγοῖς
3037 1636 3131 1687 καὶ
3153 1634 3320 1687 πολὺν
3347 1633 3717 1704 προφαίνουσι

2127 1724 2220 1777 τὸν
2256 1725 2414 1778 θῶπα
2440 1725 2515 1789 ὡς
2537 1727 2757 1797 Ἄρειος
2783 1726 2962 1797 φθόνῳ
2992 1725 3195 1795 ἐϐλήθη
3213 1725 3259 1758 ⁸⁸
3277 1741 3291 1755 °
3321 1724 3385 1778 τὸ
3408 1726 3517 1795 γὰρ
3550 1725 3718 1795 ὀρθὸν

2126 1816 2229 1886 τῆς
2271 1816 2595 1886 Ἐκκλησίας
2615 1818 2792 1887 δόγμα
2819 1817 3131 1889 πρεσϐεύει.
3162 1812 3257 1879 Οἷς
3284 1817 3536 1887 κάκείνη,
3578 1816 3718 1885 πρὸς

2129 1910 2219 1963 τὸν
2255 1910 2478 1980 βασιλέα
2512 1910 2738 1964 τοιαῦτα
2767 1910 3015 1974 εἰποῦσα,
3054 1910 3286 1963 διέσεισε
3312 1926 3326 1940 ο
3382 1910 3477 1962 καὶ
3510 1909 3719 1960 αὐτίκα

2130 2003 2331 2074 γράφει
2362 2004 2461 2071 τῆς
2485 2004 2784 2074 ὑπερορίας
2804 2004 3064 2063 ἀνεθῆναι
3083 2005 3174 2056 τὸν
3202 2005 3419 2073 Ἀρειον
3438 2002 3501 2056 ⁸⁷.
3530 2003 3720 2072 Παρα-

2128 2094 2335 2147 τίθεται
2368 2093 2426 2145 δὲ
2449 2093 2696 2164 τάδελφῷ
2721 2094 2767 2125 ⁸³
2793 2095 2888 2146 καὶ
2930 2094 3021 2145 τὸν
3047 2093 3200 2146 οὐδὲν
3228 2088 3391 2164 ἦττον
3420 2093 3521 2160 τῆς
3554 2094 3720 2161 αἱρε-

442 2182 538 2236 diu
591 2181 759 2236 libere
791 2196 917 2236 cum
984 2183 1319 2253 imperatore
1377 2201 1541 2255 agere
1587 2187 1785 2255 cmpit:
1843 2204 1907 2243 ac
1962 2190 2029 2243 de

2136 2186 2271 2246 σέως
2307 2183 2339 2253 ἢ
2381 2184 2483 2252 τῆς
2529 2183 2819 2245 κολακείας
2852 2182 3257 2254 πρεσϐύτερον⁸
3296 2180 3391 2233 καὶ
3436 2183 3548 2242 τοῖς
3589 2182 3719 2231 ὲπι-

443 2274 577 2331 Ᾱνὶο
614 2289 924 2329 sermonem
956 2274 1161 2345 injecit,
1223 2278 1423 2347 quibus
1454 2279 1607 2334 illum
1642 2288 1789 2335 recte
1820 2283 2027 2337 sentire

443 2365 870 2423 demonstraret.
899 2368 1025 2422 l‘um
1046 2369 1343 2438 imperator
1365 2388 1379 2425 :
1402 2371 1455 2425 Si
1476 2373 1661 2438 Arius,
1678 2373 1873 2443 inquit,
1899 2391 2023 2428 cum

443 2457 653 2528 synodo
681 2460 975 2522 consentit,
1020 2459 1219 2515 videbo
1250 2459 1401 2514 illum
1434 2460 1685 2525 libenter,
1723 2476 2029 2532 magnoque

443 2546 653 2603 honore
682 2549 888 2616 habito,
928 2566 1054 2606 eum
1083 2552 1466 2608 Alexandrinae
1506 2554 1791 2608 restituam
1841 2554 2028 2609 Eccle-

439 2637 559 2693 siae.
580 2638 677 2695 His
699 2640 885 2706 dictis,
912 2643 1065 2698 illum
1089 2659 1185 2713 per
1204 2644 1415 2699 litteras
1429 2646 1819 2699 accersendum
1850 2655 2026 2701 curat.

438 2731 606 2787 Arius
655 2749 778 2788 cum
828 2738 1169 2792 exsecrando
1214 2738 1449 2792 Eusebio
1499 2737 2027 2808 Constantinopolim

439 2825 611 2891 venit,
647 2836 700 2881 et
759 2829 989 2898 suscipit
1022 2829 1143 2884 illos
1186 2829 1480 2898 imperator
1518 2831 1767 2901 benigne,
1812 2840 1865 2885 et
1899 2830 2028 2899 quid

442 2921 686 2976 sentiant
712 2922 1061 2992 interrogans
1086 2924 1237 2978 audit
1290 2924 1557 2986 dicentes,
1598 2939 1705 2977 non
1769 2923 1916 2977 aliud
1971 2938 2031 2978 se

443 3012 652 3069 sentire
717 3030 879 3085 quam
922 3031 1047 3086 quae
1091 3016 1321 3071 trecenti
1372 3025 1428 3071 et
1489 3016 1790 3071 octodecim
1851 3017 2026 3071 sancti

441 3102 634 3161 Patres
685 3107 1069 3163 decreverint:
1110 3108 1241 3177 quin
1298 3115 1352 3163 et
1399 3107 1787 3177 jusjurandum
1843 3108 2029 3163 miseri

445 3195 601 3253 falsae
627 3199 964 3254 confessioni
1016 3201 1364 3255 addiderunt.
1416 3200 1716 3268 Imperator
1770 3203 2029 3271 scriptam

441 3291 512 3345 ab
552 3291 661 3347 illis
707 3292 865 3361 jubet
914 3293 1033 3347 dari
1085 3293 1210 3349 ﬁdei
1257 3292 1681 3364 professionem.
1731 3294 1811 3348 illi
1845 3303 2030 3349 autem

440 3396 693 3456 prompte
725 3387 1017 3443 mendacia
1076 3389 1437 3457 scripserunt.
1494 3388 1729 3443 Credere
1782 3389 1927 3442 enim
1976 3404 2033 3442 se

2130 2278 2352 2340 κλόποις
2385 2278 2429 2310 ⁸⁸
2468 2277 2623 2347 ἤθεσι
2655 2279 2748 2330 καὶ
2782 2276 2959 2346 λόγοις
2988 2277 3087 2328 οὐκ
3120 2277 3165 2309 ⁸ο
3208 2275 3289 2336 είς
3322 2274 3539 2343 μακράν
3573 2274 3721 2341 παῤ-

2131 2368 2327 2438 ῥησίαν
2380 2368 2477 2420 καὶ
2501 2369 2545 2399 ⁵¹
2594 2369 2731 2438 πρὸς
2770 2367 2863 2419 τὸν
2912 2368 3113 2437 εὐσεϐῆ
3148 2364 3419 2434 λαμϐάνει
3459 2364 3718 2434 βασιλέα,

2131 2462 2227 2513 καὶ
2269 2462 2410 2513 κινεί
2456 2462 2585 2530 περὶ
2625 2459 2836 2529 Ἀρείου
2886 2460 3078 2528 λόγους
3112 2457 3392 2529 ὀρθόδοξον
3422 2455 3723 2517 ποιοῦντας

2130 2554 2313 2607 αὐτόν.
2346 2553 2459 2608 Καὶ
2509 2556 2537 2607 6
2592 2553 2863 2623 βασιλεὺς,
2890 2555 2959 2606 El
2998 2554 3241 2620 Ἄρειος,
3297 2550 3450 2619 φησὶ,
3492 2547 3566 2601 τὰ
3604 2546 3724 2614 τῆς

2132 2647 2400 2701 συνόδου
2431 2647 2656 2717 φρονεῖ,
2700 2647 2924 2716 ὄψομαί
2964 2663 3029 2699 τε
3063 2645 3250 2699 αὑτὸν
3292 2639 3578 2711 εὐμενῶς,
3614 2639 3723 2692 καί

2132 2740 2256 2793 σὺν
2300 2739 2440 2809 τιμῇ
2501 2738 2574 2807 τῇ
2620 2737 2741 2792 τῶν
2788 2737 3231 2805 Ἀλεξανδρέων
3281 2731 3724 2804 ἐγκαταστήσω

2146 2830 2499 2897 Ἐκκλησίᾳ.
2523 2830 2709 2883 Ταῦτα
2737 2828 2909 2896 ἔλεγε,
2941 2829 3035 2881 καὶ
3058 2828 3193 2897 πρὸς
3218 2825 3409 2879 ἑαυτὸν
3440 2822 3726 2894 μετεπὲμο

2133 2940 2266 2976 πετο
2293 2923 2523 2994 γράφων
2571 2921 2733 2994 [lle
2755 2921 2848 2994 R.]
2882 2922 2991 2975 Καὶ
3019 2923 3047 2973 6
3075 2922 3294 2990 Ἀρειος
3323 2917 3440 2987 ἅμα
3476 2916 3558 2988 τῷ
3586 2931 3727 2980 συγ-

2134 3017 2505 3087 καθῃρημένῳ
2545 3015 2772 3083 Εύζωίῳ
2806 3014 2943 3085 πρὸς
2979 3015 3079 3081 τὴν
3114 3012 3269 3065 πόλιν
3300 3007 3723 3063 Κωνσταντίνου

2132 3110 2528 3180 παραγίνεταιο
2566 3109 2661 3160 καὶ
2714 3107 2929 3177 δέχεται
2980 3106 3177 3168 αὐτοὺς
3232 3101 3635 3172 φιλανθρώπως
3696 3103 3727 3153 6

2135 3203 2413 3274 βασιλεύς.
2449 3201 2559 3255 Καὶ
2586 3201 2648 3254 τὸ
2673 3201 2930 3270 φρόνημα
2962 3198 3277 3269 ἐπερωτῶν.
3309 3196 3497 3249 ἀκούει
3538 3193 3731 3262 λεγόν.

2133 3313 2241 3347 των
2274 3294 2349 3363 μὴ
2375 3293 2502 3347 ἄλλο
2532 3310 2586 3345 τι
2628 3295 2845 3363 φρονεῖν
2877 3291 3031 3361 παρά
3058 3290 3157 3358 τὴν
3182 3288 3396 3342 ἔκθεσιν
3425 3285 3534 3338 τῶν
3566 3302 3731 3355 τρια.-

2135 3385 2333 3437 κοσίων
2379 3385 2511 3437 δέκα
2568 3385 2663 3437 καὶ
2703 3381 2848 3435 ὀκτὼ
2897 3383 3067 3450 ἁγίων
3100 3381 3378 3450 Πατέρων.
3417 3376 3580 3431 Ἀλλά
3629 3377 3731 3428 καὶ

443 3486 500 3532 et
529 3494 661 3533 suos
687 3481 895 3548 scripto
919 3488 1210 3545 testantur,
1228 3480 1410 3550 lingua
1436 3489 1656 3550 negant.
1671 3478 1901 3532 Mutavit
1930 3494 2031 3532 au-

2137 3477 2297 3545 ὅρκον
2329 3477 2379 3527 οἱ
2413 3475 2638 3527 δείλαιοι
2678 3479 2744 3546 τῇ
2774 3474 3133 3547 πεπλασμένῃ
3169 3471 3493 3525 ἐπετίθεσαν
3532 3469 3733 3538 ὁμολο-

2184 3564 2795 3578 ..,........-
3146 3561 3515 3578 ...μη
3669 3560 3722 3578 γε

443 3576 554 3622 tem
582 3570 859 3622 decretum
886 3570 1089 3630 Caesar.
1107 3569 1253 3639 quod
1273 3571 1526 3638 pietatem
1554 3570 1792 3624 confessi
1824 3580 2028 3634 essent,

444 3669 500 3715 et
529 3661 715 3714 statim
747 3661 1137 3715 Alexandriam
1187 3662 1340 3715 illum
1395 3670 1450 3715 et
1492 3663 1585 3731 qui
1617 3677 1744 3716 cum
1777 3676 1844 3716 eo
1874 3676 2032 3716 erant

446 3753 752 3808 honorifice
811 3754 997 3809 mittit.
1059 3754 1369 3808 Alexander
1452 3769 1581 3808 vero
1632 3753 2031 3808 Alexandrinus

446 3842 918 3913 archiepiscopus,
956 3843 1312 3911 conspirante
1342 3857 1467 3897 cum
1507 3840 1707 3913 473a
1742 3858 1807 3896 eo
1857 3840 2031 3895 Atha-

444 3936 632 4001 nasio,
679 3930 989 4006 apostatan't
1042 3950 1152 3989 non
1205 3935 1460 3999 admittit,
1493 3942 1549 3989 et
1598 3935 1799 3989 iterum
1864 3935 2031 3990 Arius

446 4031 700 4086 haeresim
725 4031 947 4095 detexit,
978 4028 1384 4101 Egyptumque
1425 4029 1682 4083 turbavit.
1733 4029 2034 4098 Imperator

444 4139 579 4179 vero
611 4125 677 4179 ad
712 4139 771 4179 se
793 4126 980 4178 Arium
1010 4122 1260 4189 accersit,
1288 4132 1341 4178 et
1362 4123 1664 4193 interrogat
1684 4139 1753 4177 an
1790 4131 2037 4178 maneret

448 4219 505 4274 in
543 4218 837 4284 sententia,
887 4232 1053 4287 quam
1107 4231 1293 4272 coram
1355 4216 1447 4270 illo
1517 4216 1806 4273 confessus
1865 4226 2030 4274 esset.

446 4308 569 4382 Ipse
649 4325 778 4365 vero
834 4312 1029 4364 iterum
1069 4308 1320 4378 expedite
1376 4309 1570 4364 iisdem
1638 4324 1698 4364 se
1766 4310 2035 4367 inhmrcre

449 4410 680 4457 testatus
723 4411 826 4467 est,
885 4412 942 4455 et
996 4401 1360 4471 jurejurando
1411 4402 1776 4457 conﬁrmavit.
1836 4402 2033 4459 Otnnia

449 4501 633 4547 autem
661 4493 786 4548 ﬁcta
814 4502 990 4557 erant,
1020 4494 1307 4563 magisque
1336 4493 1452 4563 ipsa
1513 4495 1708 4549 theatri
1758 4510 1925 4550 scena
1967 4512 2035 4550 ex

449 4586 756 4655 composito
776 4585 942 4641 facta.
976 4586 1146 4642 Aiunt
1174 4588 1317 4642 enim
1353 4588 1566 4643 occulte
1587 4603 1712 4642 eum
1749 4590 2038 4658 scripsisse

451 4678 674 4741 librum,
706 4687 761 4733 et
789 4679 891 4735 sub
930 4681 1095 4734 axilla
1126 4679 1385 4735 ferentem
1428 4680 1542 4750 (qui
1577 4681 1713 4735 liber
1750 4682 2037 4750 impuden-

447 4783 533 4825 ter
568 4773 905 4842 impietatem
935 4773 1055 4841 ejus
1087 4773 1424 4842 continebat)
1446 4772 1667 4841 jurasse
1704 4788 1763 4828 se
1812 4777 1891 4828 sic
1920 4788 2038 4827 cre-

2138 3568 2253 3637 γίᾳ.
2298 3564 2360 3619 Ὀ
2394 3566 2451 3619 δὲ
2482 3566 2733 3634 βασιλεὺς
2772 3567 3048 3636 ἔγγραφον
3100 3565 3295 3626 αὐτοὺς
3334 3561 3614 3615 ἐπιδοῦναι
3663 3560 3732 3611 τὸ

2139 3658 2398 3728 φρόνημα
2423 3657 2658 3712 κελεύει.
2696 3660 2760 3711 Οἱ
2790 3658 2847 3710 δὲ
2878 3657 3176 3728 προθύμως
3214 3655 3553 3725 ὲγγράφουσι
3575 3653 3623 3684 ⁸⁸
3657 3654 3733 3704 τά

2138 3751 2339 3820 ψευδῆ·
2373 3751 2652 3804 πιστεύειν
2679 3752 2785 3823 γὰρ
2820 3751 3016 3813 αὐτούς
3042 3767 3100 3803 τε
3126 3752 3220 3802 καὶ
3253 3751 3378 3811 τοὺς
3410 3749 3507 3799 σὺν
3540 3746 3732 3809 αὐτοῖς

2139 3845 2218 3915 τῷ
2244 3847 2532 3916 γράμματι
2563 3846 2766 3914 ἔλεγον,
2798 3846 2898 3899 ὅσα
2922 3846 3017 3898 καὶ
3041 3847 3105 3915 τῇ
3138 3843 3352 3913 γλώττῃ
3374 3840 3728 3895 ὲπλάττοντο.

2154 3940 2435 4008 Ἐξίστατο
2470 3940 2649 3994 τοίνυν
2676 3942 2704 3993 6
2736 3939 2989 4010 βασιλεὺς
3015 3932 3095 4000 οἷς
3118 3937 3482 4007 διωμολόγουν
3513 3935 3614 4003 τὴν
3641 3934 3734 3985 εύ-

2143 4034 2384 4101 σέϐειαν,
2436 4034 2533 4087 καὶ
2587 4035 2931 4104 παραχρῆμα
2973 4032 3110 4103 πρὸς
3158 4032 3257 4101 τὴν
3315 4028 3731 4099 Ἀλεξάνδρειαν

2141 4126 2303 4178 αὐτόν
2335 4141 2395 4177 τε
2424 4126 2520 4178 καὶ
2544 4122 2672 4195 [770
2691 4123 2736 4176 H
2764 4122 2783 4195 ]
2811 4125 2938 4185 τοὺς
2960 4124 3058 4176 σὺν
3082 4122 3230 4191 αύτῷ
3269 4121 3407 4191 μετά
3435 4120 3606 4189 τιμῆς
3633 4121 3732 4172 ὲκ-

2144 4216 2375 4284 πέμπει.
2410 4215 2468 4267 '0
2495 4214 2552 4267 δὲ
2580 4215 2681 4299 τῇς
2714 4212 3118 4281 Ἀλεξανδρείας
3142 4213 3434 4282 ἀρχιερεὺς
3476 4210 3734 4276 Ἀλέξαν-

2143 4306 2287 4377 δρος,
2313 4307 2680 4377 συμπνέοντος
2715 4306 2862 4375 αὐτῷ
2909 4305 3252 4367 Ἀθανασίου,
3290 4305 3381 4356 τὸν
3408 4303 3734 4371 ἀποστάτην

2144 4402 2204 4453 ού
2234 4401 2479 4471 δέχεται·
2508 4402 2603 4453 καὶ
2635 4399 2790 4461 αὖθις
2828 4399 3046 4468 Ἀρειος
3089 4400 3188 4467 τὴν
3218 4399 3428 4468 αἵρεσιν
3460 4396 3736 4449 ἀνεκάλυ-

2146 4512 2270 4558 πτε,
2289 4494 2383 4547 καὶ
2400 4492 2471 4547 τὰ
2489 4492 2589 4563 τῆς
2609 4492 2887 4560 Αἰγύπτου
2913 4493 3257 4562 ἐταράττετο.
3284 4493 3394 4544 Καὶ
3420 4491 3447 4542 6
3473 4489 3735 4560 βασιλεὺς

2148 4587 2540 4656 μετάπεμπτον
2568 4587 2804 4638 ποιεῖται
2833 4584 2926 4637 τὸν
2964 4585 3200 4655 Ἀρειον,
3228 4584 3323 4636 καὶ
3351 4583 3737 4636 ἀναπυνθάνε-

2143 4698 2233 4734 ται
2296 4682 2345 4733 εί
2401 4679 2646 4747 διαμένοι
2704 4673 2786 4739 οἷς
2834 4678 2982 4751 αὐτῷ
3020 4680 3068 4710 ⁵³
3115 4675 3533 4747 συνωμολόγησε
3587 4676 3738 4728 κατά

2146 4771 2438 4842 πρόσωπον
2458 4789 2472 4803 ·
2506 4771 2535 4822 6
2560 4771 2617 4824 δὲ
2647 4770 2809 4823 πάλιν
2840 4770 3071 4838 ετοίμως
3102 4772 3219 4832 τοῖς
3248 4769 3433 4831 αὐτοῖς
3467 4768 3737 4837 ἐμμένειν

446 4861 614 4913 dere:
648 4860 897 4914 chartam
940 4877 1070 4915 vero
1107 4862 1207 4930 piae
1238 4862 1522 4925 doctrinm,
1551 4862 1638 4917 cui
1659 4861 1769 4932 jam
1793 4863 2031 4918 subscri-

2150 4865 2592 4932 συγκατετίθετο,
2634 4868 2727 4918 καὶ
2756 4865 2917 4935 ὅρκον
2945 4865 2991 4897 ⁸⁵
3037 4867 3145 4927 τοῖς
3183 4864 3364 4932 λόγοις
3405 4861 3733 4915 ἐπέϐαλλεν.

447 4961 618 5016 serat,
651 4953 966 5022 protulisse.

2138 4952 2248 5009 τΗν
2282 4956 2338 5009 δὲ
2368 4958 2541 5027 σκηνὴ
2579 4956 2753 5009 ταῦτα
2778 4959 2977 5020 πάντα,
3006 4959 3099 5009 καὶ
3140 4958 3348 5026 σκηνῆς
3374 4952 3736 5023 δραματικῶ-

449 5058 605 5113 τερα.
663 5044 802 5097 Φασὶ
854 5043 897 5095 δ’
942 5043 1017 5107 ὡς
1044 5045 1101 5096 ὲν
1129 5043 1413 5113 μυστηρίῳ
1435 5042 1654 5114 γράψας
1677 5044 1891 5111 ’Ἄρειος
1915 5044 2122 5114 βιϐλίον
2151 5049 2244 5100 καὶ
2277 5048 2381 5100 ὑπὸ
2408 5049 2585 5118 μάλης
2618 5048 2799 5119 φέρων
2832 5048 2913 5117 (τὸ
2948 5047 3005 5101 δὲ
3037 5046 3240 5116 βιϐλίον
3270 5043 3502 5107 ἀναιδῶς
3552 5042 3734 5096 ἐλάλει

450 5136 551 5206 τὴν
589 5136 931 5205 δυσσέϐειαν)
992 5134 1207 5207 ὤμνυεν
1241 5134 1384 5190 οὕτω
1445 5140 1686 5206 φρονεῖν,
1759 5138 1850 5190 τὸν
1896 5138 1997 5209 τῆς
2046 5141 2333 5204 εὐσεϐείας
2380 5143 2462 5205 είς
2509 5142 2569 5195 τὸ
2620 5143 2862 5214 ἐμφανὲς
2904 5141 3203 5212 προτείνων
3259 5142 3489 5211 χάρτην,
3521 5137 3598 5201 ὡς
3638 5137 3732 5191 καὶ

451 5230 809 5302 ὑπογράψειε.

524 5324 695 5381 Paulo
740 5336 863 5397 post
901 5328 1197 5397 imperator
1226 5328 1487 5384 caducam
1521 5327 1663 5382 hanc
1696 5326 1860 5380 vitam
1906 5341 2031 5381 cum

2217 5327 2372 5382 Μετά
2400 5327 2457 5379 δὲ
2498 5327 2701 5399 βραχὺν
2730 5328 2923 5398 χρόνον
2966 5329 2995 5379 6
3038 5326 3290 5396 βασιλεὺς
3328 5327 3420 5379 τὸν
3462 5327 3731 5399 ὲπίκηρςν

452 5417 755 5474 immortali
816 5421 1212 5486 commutavit,
1287 5436 1412 5476 cum
1464 5434 1638 5474 annos
1712 5417 1933 5487 triginta
1983 5426 2031 5472 et

2148 5421 2228 5483 εἰς
2252 5420 2343 5475 τὸν
2368 5421 2647 5491 ἀκήρατον
2682 5420 3034 5491 μεταλλάττει
3060 5419 3195 5489 βίον,
3224 5420 3320 5472 ἕνα
3353 5419 3451 5488 μὲν
3482 5421 3730 5472 ἐνιαυτὸν

1706 5531 1941 5588 VARUE
2001 5531 2405 5589 LECTIONES.

1393 5626 1659 5697 βασιλέως
1707 5630 2014 5699 Romam».
2049 5696 2058 5699 Α
2113 5627 2159 5699 δέ
2190 5628 2443 5699 διεϐλήθη
2478 5628 2535 5681 Β.
2614 5628 2650 5658 ⁵⁷
2682 5629 2771 5679 τὸν
2797 5628 3014 5698 Ἀρειον
3048 5625 3306 5699 ἀνεθῇναι
3338 5641 3397 5689 ς.

1896 5698 1937 5729 ⁵³
1978 5696 2071 5749 καὶ
2097 5697 2223 5754 add.
2254 5703 2295 5751 A
2362 5696 2369 5699 ’
2404 5702 2447 5730 ⁶²
2489 5699 2759 5769 γράφουσι
2784 5696 2880 5751 Α(
2954 5700 2999 5730 ⁵³
3035 5697 3199 5751 αὐτοῦ
3231 5700 3295 5749 Α.

3500 5623 3545 5654 ⁸⁸
3572 5623 3726 5676 ἀδελ-

3402 5696 3448 5727 ”
3476 5694 3574 5747 καὶ
3642 5695 3729 5747 τὸν

528 5628 574 5659 ⁸⁵
597 5623 689 5682 οῦν
716 5646 827 5683 οιιι.
864 5629 921 5683 Β.
1024 5628 1069 5661 ⁸⁵
1102 5627 1359 5690 εὐσεϐοῦς

457 5698 544 5822 capt?)
567 5716 626 5762 ς.
705 5700 749 5732 ⁸⁸
789 5701 1103 5765 ὲπικὸλποις
1135 5717 1195 5763 ς.
1274 5698 1320 5729 ⁵ο
1348 5702 1449 5752 οὐκ
1478 5699 1571 5751 καὶ
1595 5700 1694 5751 οὐκ
1729 5702 1787 5751 Α.

493 5787 619 5822 οκον
654 5786 717 5822 ς.

492 5787 619 5839 ρκον
654 5786 717 5835 ς.
