3944 6242
348 307 451 373 11⁸1

1375 312 1902 373 BIBLIOTIIECA.
1937 334 2003 345 -
2039 310 2204 370 COD.
2265 310 2502 371 CCLVI.

3514 308 3611 370 118

346 420 445 475 καὶ
468 421 764 490 τριάκοντα
789 420 1137 492 βασιλεύσας,
1170 422 1329 475 πέντε
1357 423 1412 476 δὲ
1442 424 1537 476 καὶ
1558 422 1824 493 ἐξήκοντα
1839 420 1919 473 τὸν

2034 433 2205 472 unum
2238 418 2577 488 imperasset,
2600 418 2884 489 sexaginta
2914 417 3158 489 quinque
3188 416 3337 488 ipsos
3363 418 3604 473 vixisset.

342 514 469 566 ὅλον
500 514 973 585 διαπερανάμενος
1003 515 1136 584 βίον.
1170 514 1448 567 Τελευτῶν
1468 516 1523 568 δὲ
1548 514 1625 585 τῷ
1651 515 1751 585 τῆς
1775 513 1929 583 αίρέ-

346 623 492 667 σεως
518 606 883 678 πρεσϐυτέρῳ
917 606 1014 677 τὴν
1036 607 1301 678 διαθήκην
1332 608 1719 678 παρατίθησιν,
1756 608 1930 659 ὲντει-

340 696 582 764 λάμενος
617 697 923 766 ἐγχειρίσαι
971 698 1365 768 Κωνσταντίνῳ
1396 699 1601 768 ταύτην
1644 698 1721 768 τῷ
1754 699 1927 762 παιδὶ,

338 788 403 840 ὃν
454 788 551 841 καὶ
593 790 627 858 ή
669 789 903 860 διαθήκη
934 791 1033 860 τῆς
1071 790 1328 861 πατρῴας
1378 792 1573 861 μοίρας
1616 792 1712 844 καὶ
1756 793 1929 862 ἀρχῆς

337 878 591 951 διάδοχον
628 883 722 934 καὶ
758 881 978 951 βασιλέα
1013 883 1271 955 ἔγραφεν.
1305 882 1365 937 '0
1392 884 1448 938 δὲ
1484 885 1576 937 καὶ
1615 884 1752 953 πρὸς
1797 884 1931 937 Θεὸν

339 972 445 1024 καὶ
478 973 617 1042 πρὸς
642 972 968 1045 ἀνθρώπους
1004 976 1064 1027 τὸ
1088 975 1277 1028 πιστὸν
1317 977 1417 1028 οὐκ
1452 976 1591 1047 ἔχων
1620 975 1930 1047 πρεσϐύτε-

347 1080 444 1133 ρος
467 1063 778 1117 ἐπιδίδωσιν
816 1068 874 1118 ἐν
903 1066 1086 1136 κρυφῇ
1124 1067 1222 1135 τὴν
1250 1066 1514 1136 διαθήκην
1543 1067 1927 1136 Κωνσταντίῳ,

344 1154 620 1225 προδότης
651 1156 840 1224 φανεὶς
872 1156 988 1226 ἅμα
1018 1159 1224 1229 πατρός
1244 1176 1304 1211 τε
1335 1158 1603 1229 διαθήκης
1626 1160 1671 1190 ³⁸
1698 1161 1790 1212 καὶ
1812 1177 1933 1211 παι-

341 1246 434 1309 δὸς
463 1248 851 1317 κληρονομίας.
876 1250 1202 1321 Συνέτρεχον
1222 1251 1279 1303 δὲ
1297 1253 1362 1321 τῇ
1392 1251 1651 1322 προδοσίᾳ
1672 1251 1931 1315 Εὐσέϐιός

339 1355 403 1391 τε
446 1341 477 1393 ὁ
504 1340 775 1412 δυσσεϐὴς
805 1343 1187 1413 πραιπόσιτος,
1224 1344 1319 1397 καὶ
1346 1344 1495 1398 ἄλλοι
1526 1345 1669 1407 τινὲς
1707 1344 1802 1397 καὶ
1830 1344 1932 1413 τῆς

337 1429 671 1497 δυσσεϐείας
700 1436 796 1487 καὶ
820 1439 918 1507 τῆς
944 1436 1273 1506 ἀνδρογύνου
1306 1436 1521 1507 φύσεως
1542 1437 1925 1491 συνθιασῶτα;.

346 1525 519 1579 ’Λλλὰ
546 1526 659 1597 γὰρ
685 1528 975 1597 προδίδωσι
1005 1529 1102 1598 μὲν
1142 1529 1211 1582 τὰ
1250 1530 1607 1583 πιστευθέντα
1636 1532 1931 1583 Κωνσταν-

333 1618 462 1687 τίῳ,
477 1620 578 1688 τῆς
591 1620 649 1672 δὲ
669 1620 804 1690 πρὸς
822 1620 918 1674 ἀνθ
928 1621 1142 1692 ρώπους
1156 1622 1321 1675 αὐτοῦ
1341 1623 1600 1685 ἀπιστίας
1615 1624 1756 1676 αίτεί
1776 1623 1931 1694 μισθ-

332 1710 639 1763 αποδοσίαν
669 1713 1049 1767 Κωνστάντιον
1077 1713 1178 1783 τῆς
1205 1714 1252 1746 ⁸⁸
1290 1714 1455 1784 ὀρθῆς
1492 1715 1656 1769 αὐτοῦ
1690 1715 1930 1780 πίστεως

2030 510 2267 566 Moriens
2338 519 2521 567 autem
2570 512 2839 567 sacerdoti
2904 512 3157 566 haeretico
3221 518 3606 567 testamentum

2031 604 2343 670 committit,
2369 604 2636 659 mandans
2666 604 2717 657 id
2747 604 2887 659 tradi
2908 604 3268 660 Constantino
3295 605 3423 669 lilio,
3448 622 3607 674 quem

2032 698 2339 751 testamenti
2368 697 2569 752 tabulis
2586 706 2823 766 paterna:
2841 698 2999 752 sortis
3016 707 3067 752 et
3087 697 3299 769 imperii
3325 713 3610 753 successo-

2030 804 2144 843 rem
2200 791 2691 859 imperatoremque
2718 789 3058 859 designabat.
3095 789 3385 853 Sacerdos,
3422 805 3599 861 neque

2032 882 2142 938 Deo
2175 900 2275 939 nec
2307 884 2620 939 hominibus
2654 900 2877 939 servans
2918 883 3103 949 ﬁdem,
3150 885 3241 938 dat
3279 885 3489 939 occulte
3534 894 3613 937 te-

2031 986 2363 1031 stamentum
2391 977 2733 1041 Constantio,
2764 984 2820 1031 et
2847 976 3011 1031 simul
3040 977 3283 1045 proditor
3322 977 3514 1046 patris,
3555 986 3609 1031 et

2034 1069 2362 1133 testamenti,
2406 1076 2461 1122 et
2491 1067 2823 1123 haereditatis
2852 1066 2948 1121 lilii
2974 1068 3245 1135 apparuit.
3295 1065 3608 1136 Adjuvabat

2030 1160 2079 1212 ei
2119 1158 2173 1212 in
2217 1173 2279 1214 ea
2314 1158 2625 1229 proditione
2667 1167 2720 1212 et
2754 1156 3019 1212 Eusebius
3063 1155 3263 1225 impius
3291 1158 3604 1225 episcopus,

2030 1259 2086 1304 et
2114 1250 2204 1303 alii
2238 1250 2509 1316 nonnulli,
2533 1258 2587 1303 et
2625 1249 2939 1318 impietatis,
2989 1258 3043 1302 et
3077 1247 3317 1302 semiviri
3359 1248 3597 1302 sodales.

2030 1340 2217 1395 Tradit
2252 1341 2338 1395 ille
2368 1340 2623 1395 sacerdos
2660 1339 2983 1395 Constantio
3015 1339 3457 1395 commendatum
3491 1338 3594 1392 sibi

2032 1441 2441 1498 testamentum,
2504 1445 2558 1488 et
2613 1432 2950 1488 inﬁdelitatis
3013 1447 3122 1487 suae
3171 1446 3298 1500 erga
3350 1429 3604 1486 homines

2029 1525 2477 1594 petitmercedem
2507 1540 2536 1577 a
2563 1522 2905 1585 Constantio,
2941 1522 3307 1592 proditionem
3337 1521 3597 1576 nimirum

2030 1619 2256 1673 sincerae
2287 1618 2409 1671 ﬁdei
2441 1618 2664 1686 praemio
2692 1622 2998 1688 postulans,
3035 1628 3088 1672 et
3116 1616 3411 1673 Eusebium
3448 1616 3610 1672 Nico-

2031 1707 2221 1762 media:
2251 1708 2565 1778 episcopum
2608 1708 2818 1762 socium
2849 1708 3118 1776 adjungit,
3162 1716 3214 1761 et
3272 1706 3376 1760 hoc
3420 1714 3607 1777 agunt,

330 1802 653 1869 προδοσίαν.
686 1805 795 1857 Καὶ
829 1805 1257 1876 συνεταιρίςεται
1291 1807 1382 1859 τὸν
1410 1807 1785 1878 Νικομηδείας
1814 1809 1919 1869 E6:-

2033 1812 2090 1856 ut
2116 1802 2280 1856 Arius
2312 1817 2418 1856 non
2443 1801 2807 1867 Alexandria,
2840 1801 2935 1855 sed
2974 1799 3443 1869 Constantinopoli
3476 1814 3610 1853 cau-

332 1894 539 1959 σέϐιον,
612 1898 709 1949 καὶ⁹
773 1896 1217 1967 διαμηχανῶνται
1282 1899 1375 1951 τὸν
1441 1901 1660 1971 Ἀρειον
1728 1903 1805 1973 μὴ
1868 1905 1925 1958 ὲν

343 1984 752 2059 Ἀλεξανδρείᾳ,
809 1988 923 2042 ἀλλ’
958 1992 1015 2044 ὲν
1036 1991 1610 2049 Κωνσταντινουπόλει
1654 1998 1925 2068 ἀκουσθῆ-

331 2094 450 2140 ναι,
497 2081 673 2151 ῥᾷστα
725 2082 963 2152 οἰόμενοι
1002 2084 1356 2153 περιέσεσθαι
1390 2087 1434 2119 ³⁷
1478 2086 1797 2143 Ἀθανασίου
1846 2092 1922 2163 μὴ

342 2171 626 2239 παρόντος,
653 2172 751 2225 καὶ
782 2173 899 2243 ἅμα
932 2174 1031 2245 τὴν
1055 2176 1152 2229 τοῦ
1187 2176 1452 2246 βασιλέως
1475 2180 1761 2235 αὐθεντίαν
1800 2183 1922 2252 μεθ’

341 2260 551 2313 ἑαυτῶν
579 2263 859 2333 φέροντες.
897 2267 1076 2319 Πολλὰ
1101 2266 1157 2319 δὲ
1184 2266 1262 2339 τῷ
1296 2270 1923 2339 Κωνσταντινουπόλεως

348 2351 685 2425 Ἀλεξάνδρῳ
706 2355 1079 2427 διαλεχθέντες
1108 2362 1236 2430 περὶ
1266 2361 1589 2432 συμϐάσεως
1614 2364 1683 2417 τὰ
1710 2366 1809 2437 τῆς
1831 2366 1922 2419 εύ-

329 2443 553 2508 σεϐείας
602 2450 1025 2522 περικειρούσης
1070 2450 1339 2522 δόγματα,
1395 2455 1471 2518 ὡς
1525 2455 1624 2509 οὐκ
1679 2456 1914 2522 ἔπειθον,

324 2538 679 2607 προτείνουσι
718 2542 881 2611 δῆθεν
906 2544 951 2575 ⁸⁸
998 2543 1275 2614 βασιλικὸν
1323 2547 1659 2619 πρόσταγμα
1706 2550 1737 2620 ἢ
1778 2552 1919 2621 μετά

322 2630 421 2685 τοῦ
451 2635 800 2703 φρονήματο;
834 2636 1085 2707 δέχεσθαι
1112 2638 1333 2710 Ἀρειον
1370 2640 1402 2711 ἢ
1437 2640 1531 2693 τοῦ
1559 2642 1751 2713 θρόνου
1782 2644 1916 2697 ὐπο-

321 2727 531 2793 χωρεῖν
555 2741 570 2754 ’
607 2727 656 2777 εί
684 2725 740 2778 δὲ
777 2726 1069 2796 μηδέτερον
1103 2727 1298 2795 ἕλοιτο,
1326 2730 1618 2798 γινώσκειν
1644 2733 1807 2787 αὐτὸν
1836 2736 1916 2798 είς

320 2817 633 2886 ύπερορίαν
670 2820 1076 2887 ἐκπέμπεσθαι.
1113 2822 1369 2876 Ἔπειθον
1398 2824 1454 2878 δὲ
1493 2826 1590 2879 καὶ
1625 2828 1914 2883 Κωνστάν-

318 2924 439 2959 τιον
483 2908 547 2960 τὸ
582 2910 937 2980 ἀνδράποδον,
966 2912 1025 2965 ὲν
1057 2911 1102 2945 ⁸⁸
1131 2916 1244 2977 τοῖς
1272 2915 1480 2984 ὁμοίοις
1518 2916 1699 2985 λόγοις
1742 2937 1912 2989 μετα-

322 2998 692 3069 πεμψάμενον
729 3000 820 3053 τὸν
854 3003 996 3072 ἱερὸν
1040 3004 1384 3075 Ἀλέξανδρον
1416 3008 1667 3070 ἀπειλαῖς
1694 3026 1752 3061 τε
1782 3011 1915 3062 ὑπο-

322 3088 538 3153 ϐαλεῖν,
591 3091 686 3143 καὶ
742 3094 1129 3162 μνησικακίας,
1165 3095 1282 3148 ἀλλ’
1310 3097 1411 3149 οὐκ
1450 3097 1734 3162 εὐσεϐείας
1766 3098 1912 3170 λόγῳ

320 3184 425 3251 τὴν
458 3182 602 3249 πρὸς
629 3184 846 3254 Ἀρειον
880 3187 1129 3257 στέργειν
1168 3189 1487 3259 ἀπέχθειαν.
1528 3190 1586 3245 '0
1625 3191 1682 3244 δὲ
1721 3195 1787 3262 τῇ
1820 3192 1915 3244 τοῦ

320 3274 572 3344 Χριστοῦ
615 3276 839 3347 δυνάμει
872 3280 966 3333 καὶ
997 3279 1077 3349 τῷ
1109 3282 1464 3352 ἀνεπιλήπτῳ
1516 3284 1610 3337 καὶ
1653 3283 1745 3337 τοῦ
1799 3284 1916 3354 βίου

322 3366 423 3418 καὶ
443 3364 547 3436 τῆς
574 3368 1174 3442 συνειδήσεως,θαρρῶν
1205 3371 1368 3444 [MU
1398 3374 1490 3446 R.]
1520 3376 1810 3445 ἀμείϐεται
1839 3378 1916 3447 τῷ

324 3457 568 3526 βασιλεῖ·
605 3478 622 3509 ι
655 3458 777 3512 Τῶν
796 3461 895 3530 μὲν
915 3463 1266 3517 αἰτιαθέντων
1290 3464 1386 3535 τὴν
1418 3465 1679 3536 ἀλήθειαν
1710 3469 1742 3538 ὴ
1765 3469 1915 3522 ἐκεῖ·

324 3551 420 3603 θεν
454 3552 642 3621 ἡμέρα
680 3552 935 3623 δηλώσει,
965 3555 1077 3622 ἐγὼ
1106 3556 1163 3609 δὲ
1194 3556 1286 3611 τὸν
1331 3560 1426 3612 ἐπὶ
1453 3559 1691 3633 τοσαύτῃ
1725 3562 1916 3616 δυσσε-

324 3644 456 3715 ϐεία
491 3646 691 3701 ἁλόντα
712 3649 807 3701 καὶ
832 3651 983 3719 παρὰ
1010 3651 1283 3707 τοσούτων
1316 3654 1619 3725 ἀρχιερέων
1649 3675 1915 3729 κατακρι-

324 3736 495 3789 θέντα
540 3738 639 3807 οὐχ
690 3734 803 3803 οἷός
850 3741 910 3793 τέ
969 3745 1085 3810 ειμι
1147 3745 1258 3799 τῶν
1309 3749 1558 3817 φρικτῶν
1598 3751 1918 3821 μυστηρίων

322 3828 515 3880 λαϐεῖν
538 3833 817 3885 κοινωνόν.
832 3853 850 3884 ι
874 3834 931 3887 Ὀ
951 3835 1008 3888 δὲ
1033 3835 1153 3907 [771
1188 3838 1282 3911 Η.]
1302 3841 1696 3907 Κωνστάντιος,
1720 3843 1916 3915 ι”Ορα,

323 3922 496 3987 φησὶν
524 3962 537 3981 ,
567 3915 613 3974 ὦ
679 3925 947 3978 ἐπίσκοπε
988 3929 1105 3998 (καὶ
1167 3930 1276 4000 γὰρ
1335 3931 1553 3996 σύνοδος
1603 3935 1921 3990 ἐπισκόπων

322 4011 689 4084 ἀθροίζεται),
730 4016 806 4088 μὴ
867 4019 960 4072 καὶ
999 4019 1148 4073 ἄκων
1176 4021 1305 4095 δέξῃ
1348 4026 1529 4079 αὐτόν.
1562 4044 1581 4077 ι
1638 4026 1756 4097 Ἐφ’
1783 4024 1864 4091 οἷς
1892 4031 1920 4083 ό

322 4105 626 4174 ἀρχιερεὺς
658 4107 897 4170 ἀναστὰς
935 4108 1151 4178 ἐξῆλθε,
1188 4113 1280 4163 καὶ
1332 4112 1469 4184 πρός
1506 4114 1607 4183 τὴν
1649 4115 1745 4169 τοῦ
1783 4117 1918 4172 Θεοῦ

321 4195 727 4264 παραγεγονὼς
780 4199 1077 4269 ἐκκλησίαν
1140 4208 1468 4272 στεναγμοῖς
1519 4209 1615 4260 καὶ
1662 4207 1919 4277 δακρύοις

317 4286 453 4339 ἐϐόα
526 4289 666 4356 πρὸς
734 4290 825 4346 τὸν
887 4293 1042 4360 Θεὸν,
1106 4295 1182 4365 μὴ
1246 4296 1335 4351 διὰ
1395 4298 1495 4370 τὴν
1556 4302 1915 4368 παρείσδυσιν

329 4378 553 4450 Ἀρείου
590 4380 634 4411 ⁶⁰
675 4382 1006 4454 ἀνασχέσθαι
1054 4386 1506 4461 διασκεδασθῆναι
1540 4391 1639 4462 τὴν
1678 4395 1917 4466 ποίμνην

2028 1912 2145 1951 sam
2179 1895 2345 1960 dicat,
2376 1894 2539 1950 facile
2567 1894 2672 1949 rati
2710 1893 2829 1948 fore
2876 1894 3113 1957 vincere,
3166 1892 3467 1947 Athanasio
3497 1908 3606 1946 non

2028 1998 2315 2058 prmsente,
2365 1996 2419 2041 et
2471 1986 2636 2041 simul
2686 1984 3036 2054 imperatoris
3081 1983 3461 2037 auctoritatem
3502 1980 3605 2037 sibi

2026 2084 2299 2136 unientes.
2322 2079 2484 2135 Multa
2509 2096 2637 2135 cum
2662 2077 2969 2133 Alexandro
2993 2075 3607 2145 Constantinopolitano

2021 2175 2329 2245 patriarcha
2360 2174 2688 2229 disserentes
2719 2172 2790 2227 de
2844 2170 3043 2242 pactis,
3070 2186 3192 2241 quae
3239 2170 3455 2240 pietatis
3509 2168 3606 2223 do-
3672 2180 3673 2183 ‘

2022 2268 2255 2325 ctrinam
2303 2276 2629 2337 corruptura
2658 2275 2837 2330 erant,
2869 2282 2993 2320 cum
3026 2281 3134 2319 non
3190 2264 3603 2335 persuaderent,

2022 2362 2342 2416 mandatum
2396 2361 2745 2431 imperatoris
2798 2358 3102 2431 proferunt,
3157 2355 3245 2413 vel
3304 2357 3609 2425 susciperet

2021 2453 2208 2508 Arium
2237 2468 2361 2508 cum
2409 2468 2508 2507 sua
2556 2451 2775 2516 haeresi,
2815 2452 2899 2506 vel
2922 2451 3050 2508 sede
3077 2452 3484 2506 exturbaretur.
3543 2447 3603 2502 Si

2023 2554 2315 2613 utrumque
2345 2544 2624 2610 detrectet,
2654 2544 2791 2599 sciat
2820 2560 2880 2599 se
2925 2546 2978 2598 in
3024 2544 3281 2598 exsilium
3328 2542 3600 2612 depellen-

2021 2638 2172 2692 dum.
2206 2636 2603 2692 Persuaserunt
2650 2645 2835 2691 autem
2866 2636 3186 2690 Constantio
3212 2643 3293 2699 ut,
3334 2632 3604 2689 accersito

2020 2729 2349 2793 Alexandro,
2402 2728 2508 2783 nisi
2564 2729 2757 2783 iisdem
2808 2737 3026 2798 pareret
3080 2728 3378 2791 mandatis,
3437 2726 3602 2780 etiam

2019 2824 2334 2878 servitutem
2355 2823 2678 2887 minaretur,
2706 2830 2762 2875 et
2789 2820 2982 2892 E73!)
3015 2820 3282 2875 malorum
3312 2816 3602 2884 memoria,

2022 2929 2128 2966 non
2177 2912 2396 2982 pietatis
2439 2912 2640 2978 studio,
2686 2912 2813 2967 odio
2861 2912 3052 2965 Arium
3097 2910 3438 2964 habiturum.
3498 2907 3608 2975 Qui

2019 3008 2222 3063 Christi
2260 3007 2475 3072 virtuti,
2520 3015 2575 3061 et
2602 3007 2893 3076 inculpatae
2944 3006 3089 3072 vitae,
3129 3013 3183 3058 et
3243 3003 3596 3059 conscientiae

2017 3102 2315 3168 conlidens,
2341 3102 2656 3172 imperatori
2682 3099 2962 3169 respondit
2990 3118 3003 3153 :
3044 3118 3062 3150 ι
3091 3097 3386 3152 Veritatem
3412 3111 3605 3151 eorum

2019 3193 2107 3261 qui
2149 3200 2476 3246 accnsantur
2506 3201 2721 3260 tempus
2747 3189 3007 3258 deinceps
3038 3187 3307 3242 ostendet.
3336 3184 3449 3255 Ego
3473 3200 3605 3239 vero

2020 3296 2182 3340 tanta:
2214 3285 2505 3355 impietatis
2540 3283 2871 3345 convictum,
2901 3290 2955 3336 et
3000 3295 3031 3334 a
3063 3290 3143 3335 tot
3164 3279 3434 3349 episcopis
3456 3279 3605 3348 judi-

2021 3374 2225 3441 catu’m,
2247 3388 2355 3426 non
2379 3387 2598 3441 possum
2616 3372 2669 3424 in
2690 3370 3137 3424 communionem
3164 3367 3602 3422 venerandorum

2021 3469 2399 3539 mysteriorum
2439 3463 2742 3519 admittere.
2782 3480 2800 3513 ι
2828 3462 3178 3516 Constantius
3194 3475 3322 3513 vero
3353 3475 3366 3509 :
3396 3478 3413 3511 ι
3444 3456 3600 3521 Vide,

2021 3562 2218 3630 inquit,
2259 3560 2513 3629 episcope
2541 3558 2897 3628 (convocatur
2948 3555 3094 3609 enim
3147 3552 3440 3607 concilium
3479 3553 3599 3620 epi-

2020 3649 2360 3721 scoporum),
2397 3664 2466 3703 ne
2485 3650 2569 3703 vel
2600 3649 2802 3702 invitus
2836 3646 2989 3700 illum
3016 3644 3303 3699 admittere
3324 3643 3593 3712 cogaris.»

2020 3743 2159 3797 Hinc
2179 3755 2476 3811 assurgens
2502 3739 2977 3808 archiepiscopus,
3012 3749 3268 3807 egressus
3296 3745 3400 3790 est.
3428 3742 3483 3788 et
3533 3731 3602 3787 ad

2023 3835 2116 3889 Dei
2140 3834 2429 3889 ecclesiam
2457 3847 2516 3886 se
2540 3830 2729 3887 confer
2748 3846 2871 3893 ens,
2893 3828 3189 3899 gemitibus
3233 3825 3602 3897 lacryniisque

2022 3927 2312 3981 invocabat
2342 3924 2511 3979 Deum
2550 3939 2617 3977 ne
2650 3929 2928 3993 pateretur
2957 3920 3205 3991 ingressu
3241 3918 3355 3972 Arii
3382 3931 3600 3988 gregem

2021 4034 2183 4073 suum
2226 4018 2431 4072 vastari
2476 4033 2489 4068 :
2541 4025 2597 4070 et
2648 4030 2837 4085 preces
2877 4013 3119 4083 episcopi
3174 4010 3433 4081 prostrati
3478 4018 3604 4063 ante

2020 4111 2192 4165 altare
2219 4119 2331 4164 tota
2368 4117 2524 4163 nocte
2550 4116 2800 4177 peractae.
2842 4105 3133 4166 Eusebius,
3190 4111 3248 4156 ut
3277 4112 3392 4157 erat
3438 4100 3604 4155 fervi-

2019 4203 2124 4255 dus
2153 4200 2445 4271 impietatis
2479 4208 2741 4258 sectatnr.
2774 4196 2981 4252 accedit
3003 4210 3128 4250 cum
3182 4194 3344 4249 turba
3383 4193 3603 4247 hmreti-

2020 4305 2209 4345 eorum
2237 4288 2304 4343 ad
2323 4289 2536 4355 Arium,
2563 4296 2618 4342 et
2645 4288 2798 4357 jubet
2832 4288 2885 4340 in
2910 4286 3203 4342 concilium
3234 4285 3473 4354 prodire,
3493 4300 3603 4353 quo

2021 4383 2170 4448 sibi,
2215 4383 2384 4436 invito
2445 4382 2609 4435 etiam
2672 4381 3004 4445 Alexandro,
3070 4378 3323 4434 redderet
3369 4379 3601 4433 ablatam

320 4472 492 4524 αὐτοῦ
517 4488 532 4499 ·
572 4474 664 4526 καὶ
698 4476 730 4546 ἡ
765 4475 898 4546 εὐχὴ
940 4479 1235 4549 παννύχιος
1282 4482 1388 4533 ὑπὸ
1420 4482 1480 4536 τὸ
1522 4483 1909 4559 θυσιαστήριον

2023 4477 2221 4546 injuste
2252 4474 2537 4530 sacerdotii
2568 4475 2907 4544 dignitatem.
2940 4473 3115 4542 Igitur
3138 4472 3409 4527 tumultus
3428 4471 3604 4526 oritur

321 4563 583 4631 κειμένου
616 4564 710 4617 τοῦ
745 4567 1047 4638 ἀρχιερέως
1076 4570 1404 4625 ὲπετελείτο.
1450 4573 1509 4625 '0
1536 4574 1592 4627 δὲ
1624 4576 1911 4643 Εὐσέϐιος,

320 4650 408 4708 οἶα
432 4656 537 4724 τῆς
584 4658 844 4722 ἀσεϐείας
868 4658 1068 4731 θερμὸς
1098 4662 1354 4734 ἐραστὴς,
1378 4665 1743 4735 παραγίνεται
1772 4672 1911 4738 μετὰ

320 4746 419 4815 τῆς
449 4749 738 4819 αἱρετικῆς
776 4751 1057 4820 φάλαγγος
1092 4755 1227 4824 πρὸς
1263 4756 1354 4808 τὸν
1386 4757 1622 4827 Ἀρειον,
1648 4761 1744 4813 καί⁷
1782 4778 1921 4833 προ.

320 4840 460 4893 ἴέναι
518 4840 736 4893 κελεύει
787 4844 926 4911 πρὸς
954 4844 1052 4915 τὴν
1107 4846 1345 4912 σύνοδον,
1385 4848 1506 4919 ἥτις
1545 4854 1698 4923 αὐτῷ
1726 4858 1768 4889 σι
1818 4864 1915 4916 καὶ

321 4929 548 4994 ἄκοντος
592 4932 946 5003 Ἀλεξάνδρου
988 4937 1260 4990 ἀποδώσει
1309 4939 1371 4990 τὸ
1416 4942 1566 5012 παρὰ
1605 4943 1764 5016 δίκην
1806 4952 1912 5019 ἀφ-

322 5026 601 5095 ηρημένον
638 5025 738 5096 τῆς
778 5026 1079 5097 ἱερωσύνης
1110 5029 1349 5099 ἀξίωμα.
1392 5033 1640 5104 Ἐπεῖχεν
1684 5038 1780 5093 οὖν
1818 5041 1910 5095 θό-

328 5119 482 5186 ρυϐος
533 5120 631 5173 καὶ
684 5120 904 5191 ταραχὴ
936 5123 1029 5175 ἐπὶ
1063 5129 1175 5187 τοϊς
1208 5127 1548 5196 κινουμένοις
1597 5132 1780 5184 πᾶσαν
1810 5134 1910 5204 τὴν

322 5211 490 5277 πόλιν,
517 5212 628 5265 τῶν
662 5211 764 5281 μὲν
788 5213 931 5284 ὑπὲρ
972 5215 1183 5284 Ἀρείου
1227 5217 1660 5284 σπουδαζόντων,
1705 5222 1814 5275 τῶν
1851 5224 1908 5278 δὲ

319 5302 414 5369 τῆς
472 5303 763 5365 εὐσεϐείας
829 5304 929 5375 τὴν
999 5307 1289 5376 προδοσίαν
1345 5309 1445 5363 οὐκ
1530 5312 1903 5384 ἀνεχομένων.

325 5394 614 5466 Ἤθροιστο
643 5396 691 5449 δ’
720 5392 815 5450 οὖν
841 5400 899 5450 ἐν
921 5400 987 5469 τῇ
1016 5400 1281 5471 ἐκκλησίᾳ
1299 5403 1326 5454 ό
1352 5401 1628 5473 σύλλογος.
1658 5406 1768 5458 Καὶ
1794 5408 1908 5471 τοῖς

2023 4578 2078 4623 et
2109 4569 2305 4623 seditio
2346 4569 2430 4623 his
2472 4568 2712 4622 motibus
2744 4582 2838 4636 per
2872 4575 3037 4621 totam
3068 4566 3259 4621 urbem
3296 4583 3309 4619 :
3344 4566 3432 4619 his
3475 4565 3602 4634 qui-

2020 4662 2141 4717 dem
2201 4661 2269 4715 ah
2323 4660 2448 4714 Ario
2502 4660 2797 4723 stantibus,
2829 4659 2935 4713 illis
2980 4668 3162 4713 autem
3197 4656 3441 4713 veritatis
3479 4673 3606 4727 pro-

2020 4754 2279 4807 ditionem
2314 4766 2421 4807 non
2459 4752 2782 4814 ferentibus,
2809 4750 2867 4804 iit
2900 4762 3204 4805 conventus
3243 4750 3301 4803 in
3347 4750 3602 4814 ecclesia,

2017 4855 2220 4901 etcum
2248 4846 2362 4900 suis
2401 4845 2630 4899 asseclis
2660 4844 2972 4912 praecedens
3022 4844 3207 4906 Arius,
3262 4850 3317 4897 et
3373 4843 3601 4897 descen-

2017 4939 2149 4991 dens
2181 4953 2249 4991 ex
2298 4951 2464 5006 equo,
2497 4950 2773 4990 secessum
2826 4935 3105 5005 publicum
3163 4934 3465 5005 ingreditur
3505 4932 3599 5000 qui

2014 5039 2132 5084 erat
2153 5029 2219 5083 ad
2254 5027 2434 5083 forum
2467 5027 2829 5105 Constantini,
2860 5036 2915 5081 et
2943 5026 3308 5093 lexonerando
3355 5030 3596 5077 ventrem

2015 5136 2139 5176 cum
2167 5120 2532 5176 excrementis
2571 5120 2854 5185 intestina,
2890 5134 3015 5173 cum
3068 5116 3341 5172 intestinis
3390 5122 3446 5165 et
3475 5113 3598 5165 ani-

2017 5230 2161 5268 mam
2227 5212 2395 5268 miser
2429 5212 2725 5266 exhalavit.
2783 5211 2903 5278 Quo
2958 5226 3168 5266 moram
3209 5207 3494 5267 trahente.
3541 5213 3597 5259 et

2016 5309 2148 5379 quid
2184 5310 2386 5363 factum
2429 5318 2574 5364 esset
2608 5323 2732 5363 cum
2786 5307 3154 5377 ignoraretur,
3206 5300 3360 5353 aiunt
3407 5312 3594 5352 acces-

2016 5403 2156 5458 sisse
2205 5401 2605 5469 Eusebium,et
2625 5398 3045 5471 reprehendisse
3097 5401 3303 5447 tantam
3359 5403 3588 5451 moram,

1619 5568 1851 5627 VARUE
1909 5569 2084 5625 LEC'I‘
2090 5566 2205 5624 1οΝ
2212 5565 2314 5623 ES.

408 5704 453 5736 ιδ
482 5721 542 5756 τε
569 5706 666 5757 καὶ
693 5706 839 5760 διαθ.
874 5723 934 5770 ς.
1012 5706 1057 5738 ⁸⁸
1081 5708 1201 5780 τῆς]
1228 5712 1428 5765 rectius
1466 5712 1563 5778 τὴν
1586 5711 1704 5780 τῆς.
1766 5711 1837 5764 cf.
1870 5727 1919 5777 p.

565 5777 733 5832 idune
768 5778 1026 5832 deletum.
1065 5783 1109 5832 A
1140 5797 1153 5832 :
1199 5796 1309 5832 om.
1353 5781 1411 5832 Β.
1513 5783 1559 5813 δν
1590 5783 1649 5832 ὲν
1680 5783 1805 5832 add.
1834 5784 1896 5832 A.

2026 5709 2186 5774 1456,
2219 5709 2304 5762 Η.
2381 5708 2425 5739 ⁵⁷
2453 5707 2775 5763 ’Λθανασίου
2805 5720 2853 5755 ππ

2023 5780 2053 5811 ⁶⁰
2104 5782 2314 5832 Ἀρείου
2344 5794 2453 5832 om.
2483 5785 2548 5832 Α.
2624 5779 2667 5809 ⁶¹
2705 5774 2853 5832 αὐτῷ

2168 5794 2314 5852 ρειου
2344 5794 2453 5834 om.
2483 5794 2548 5832 Α.
2624 5794 2667 5809 νι
2705 5794 2836 5843 amt;

327 5775 502 5844 μηδὲν,
565 5777 733 5846 idque
768 5778 1026 5842 deletum,
1065 5783 1109 5833 A
1135 5775 1153 5833 Ξ
1182 5775 1309 5835 ὀιιι.
1353 5781 1411 5833 Β.
1513 5775 1559 5813 δ’
1590 5775 1651 5835 εν
1680 5783 1805 5838 add.
1834 5775 1896 5835 Αζ

2381 5708 2425 5739 ⁵⁷
2453 5707 2775 5763 ’Λθανασίου
2805 5696 3156 5825 πεῧιέσεσθαι
3181 5696 3247 5749 Δ.
3324 5696 3369 5729 ⁸⁸
3404 5688 3585 5762 δῆθεν]

2381 5795 2453 5825 m.
2484 5785 2548 5825 Α-
2624 5779 2667 5809 ⁶¹
2705 5774 2853 5825 αὐτῶ
2948 5791 2961 5825 :
3005 5770 3167 5823 αὐτόν
3201 5784 3263 5825 ς’.

2948 5791 2961 5826 :
3005 5770 3167 5823 αὐτόν
3201 5784 3263 5832 ς’.
