3944 6242
299 236 400 298 li!)

1448 238 1711 302 PHOTII
1750 239 2260 301 PATRIARCHIF.
2289 239 2394 301 ΕΡ.

3454 232 3554 297 12)

296 352 349 397 et
384 343 720 414 increpuisse
763 344 902 398 hanc
951 342 1005 395 in
1058 356 1185 397 suos
1244 342 1522 414 injuriarn,
1583 347 1874 417 servilique

2010 346 2250 417 μοδόξοις
2293 350 2612 417 συμπροῖων
2644 362 2673 400 ο
2700 347 2942 417 Ἄρειος,
2984 346 3194 410 ἀποϐὰς
3231 345 3327 399 τοῦ
3358 344 3553 401 ἵππου.

297 437 594 492 conditioni
663 438 805 491 hanc
853 450 1059 489 moram
1133 434 1469 490 attribu‘isse.
1541 437 1635 493 ille
1685 449 1868 492 autem

299 531 516 584 silentio
534 530 706 598 magis
729 542 823 581 eos
852 526 1097 593 oﬂendit,
1124 541 1290 598 quam
1322 527 1577 582 tarditate
1605 530 1868 598 quamdiu

300 619 677 689 ignorabatur.
714 616 821 671 Sed
843 615 1110 671 Eusebius
1148 616 1435 683 accedens,
1471 632 1696 689 surgere
1723 618 1868 672 bono

298 709 701 779 animojubet:
735 709 1042 776 exspectari
1074 706 1219 761 enim
1260 722 1291 761 a
1358 716 1472 761 tota
1531 709 1763 779 synodo,
1810 718 1868 762 ut

300 803 629 856 absolvatur.
660 802 766 857 Sed
807 802 896 855 ille
926 803 979 856 in
1031 810 1291 855 aeternum
1346 801 1487 856 silet.
1540 800 1607 856 Et
1657 802 1869 856 tandem

301 894 488 948 infelix
528 893 619 948 ille
656 892 926 948 Eusebius
970 901 1249 948 mortuum
1291 908 1415 949 esse
1456 892 1719 947 intellexit
1752 910 1766 946 :
1795 891 1877 946 sic

300 986 543 1057 synodus
601 985 959 1040 dissolvitur:
1001 995 1055 1039 et
1107 985 1202 1055 qui
1260 985 1628 1041 Alexandrum
1682 982 1877 1039 exsilio

300 1079 712 1134 condemnaturi
785 1087 964 1142 erant,
1035 1077 1385 1147 abrogantes,
1429 1077 1655 1146 abiectis
1695 1076 1878 1148 impiis

300 1164 595 1236 suﬂragiis,
628 1166 1011 1220 haereticorum
1069 1166 1262 1220 ducem
1316 1166 1501 1221 vivum
1553 1166 1619 1220 ad
1676 1166 1880 1223 inferos

300 1255 514 1324 detrudi
565 1254 833 1318 videntes,
864 1271 1123 1326 magnum
1169 1256 1296 1310 inde
1343 1257 1567 1323 capiunt
1610 1256 1878 1311 dolorem.

301 1347 431 1402 Post
454 1347 714 1403 divinitus
740 1348 987 1403 immissa
1017 1347 1171 1419 plaga
1202 1334 1411 1417 pudore
1437 1346 1881 1421 confusi,474a

302 1442 396 1495 sed
428 1455 534 1494 non
574 1441 690 1505 diu,
725 1456 946 1496 rursum
985 1440 1415 1495 conciliabulum
1452 1440 1720 1507 indicunt,
1755 1440 1882 1494 Dei-

303 1547 410 1601 que
443 1532 579 1585 iram
610 1533 665 1585 in
696 1533 883 1587 Arium
919 1533 988 1587 ad
1036 1547 1384 1587 communem
1432 1531 1715 1586 hominum
1767 1547 1887 1587 sor-

304 1637 411 1677 tem
445 1626 649 1681 referre
673 1636 964 1681 conantur.
1010 1626 1078 1681 At
1128 1625 1174 1682 si
1234 1636 1447 1695 tempus
1508 1634 1721 1695 Spectes
1778 1640 1886 1694 quo

1977 439 2035 491 έν
2062 457 2167 494 τινι
2195 440 2468 511 ἀφεδρῶνι
2500 440 2762 511 δημοσίῳ,
2799 440 2856 504 ὂς
2887 440 3110 493 ὄπισθεν
3135 438 3545 493 κατεσκεύαστο

1976 531 2070 583 τοῦ
2097 532 2507 585 Κωνσταντίνου
2540 532 2745 603 φόρου..
2765 532 2979 596 εἴσεισι,
3012 531 3105 585 καὶ
3136 533 3193 583 ἐν
3226 529 3304 600 τῷ
3334 532 3554 583 ἀποπα-

1974 625 2087 676 τεῖν
2130 624 2246 686 τοῖς
2277 622 2569 687 σκυϐάλοις
2602 622 2701 693 μὲν
2725 622 2791 676 τὰ
2816 621 3034 691 ἔντερα,
3076 624 3189 684 τοῖς
3229 621 3468 691 ἐντέροις
3500 620 3557 673 δὲ

1974 713 2075 783 τὴν
2130 712 2308 784 ψυχὴν
2372 716 2400 767 6
2452 715 2685 775 δείλαιος
2740 713 3134 767 συναποϐάλλει
3169 714 3235 767 ⁸³.
3297 712 3447 765 Ἐπεὶ
3500 711 3557 765 δέ

1980 805 2244 875 ἐϐράδυνε
2278 805 2372 858 καὶ
2405 805 2467 858 τὸ
2508 804 2751 876 πραχθὲν
2784 805 3085 859 ἐκάλυπτεν
3120 804 3332 871 ἄγνοια,
3376 806 3561 856 ἐπεισ-

1978 895 2220 966 πηδῆσαι
2249 897 2508 969 λόγοςτὸν
2531 896 2789 950 Εὐσέϐιον
2822 898 2916 951 καὶ
2954 895 3295 962 ἐξονειδίζειν
3325 894 3423 965 μὲν
3459 894 3558 964 τῆς

1981 987 2334 1060 βραδυτῆτος,
2358 990 2698 1055 ἐξονειδίζειν
2717 989 2775 1043 δέ
2805 991 2904 1059 τῆς
2934 990 3012 1052 είς
3030 988 3075 1020 ⁸³
3105 988 3301 1051 αὐτοὺς
3325 986 3559 1058 ὕϐρεωςο

1981 1083 2039 1135 ἐν
2072 1081 2420 1154 ἀνδραπόδων
2446 1082 2555 1153 γὰρ
2583 1082 2747 1153 μοίρᾳ
2784 1080 2846 1136 τὸ
2882 1081 3074 1148 ἄλογον
3107 1080 3307 1142 αὐτοὺς
3351 1077 3564 1148 ἐκπέμ-

1981 1190 2103 1227 πειν
2124 1174 2337 1245 βράδος.
2357 1173 2414 1226 ’0
2431 1174 2487 1226 δέ
2508 1174 2585 1243 τῷ
2609 1172 2814 1245 ἀφώνῳ
2832 1173 3032 1242 μᾶλλον
3053 1172 3251 1237 αὐτοὺς
3274 1171 3307 1242 ἢ
3328 1169 3405 1241 τῷ
3426 1168 3565 1240 βρα-

1983 1269 2065 1323 δεῖ
2094 1267 2471 1339 καταισχύνων
2502 1268 2640 1331 τέως
2669 1259 3034 1322 διελάνθανεν.
3078 1265 3219 1321 Ἀλλ’
3241 1267 3270 1319 6
3295 1262 3564 1324 Εὐσέϐιος

1988 1360 2423 1432 μεταϐαλόμενος
2470 1361 2514 1393 ⁸⁸
2573 1359 2872 1429 ἀναστῆναι
2931 1358 3232 1429 παρεκάλει
3296 1351 3568 1427 θαρροῦν-

1984 1439 2055 1507 τα
2071 1454 2115 1485 ⁸⁵
2139 1470 2151 1481 ·
2183 1452 2547 1523 προσδόκιμον
2581 1451 2691 1523 γὰρ
2718 1450 2860 1509 εἶναι
2904 1451 2999 1505 ἐπὶ
3025 1447 3275 1502 ἀθωώσει
3307 1446 3460 1515 πάσῃ
3491 1445 3559 1514 τῇ

1988 1545 2233 1615 συνόδῳ..
2256 1545 2314 1598 '0
2348 1545 2403 1597 δέ
2426 1545 2525 1615 τὴν
2555 1544 2788 1614 ἐσχάτην
2819 1542 2978 1612 ἐσίγα
3009 1542 3188 1609 σιγήν.
3220 1538 3333 1593 Καὶ
3367 1534 3519 1607 μολις
3539 1537 3569 1588 ό

1989 1637 2338 1708 κακοδαίμων
2370 1635 2629 1699 Εὐσέϐιος
2661 1634 2893 1703 συνῆκεν
2945 1634 3028 1689 ὅτι
3052 1633 3312 1703 τέθνηκεν
3341 1630 3370 1683 6
3399 1644 3570 1680 σπου-

306 1717 603 1773 Ecclesiam
653 1718 746 1773 Dei
782 1719 1035 1774 invadere
1088 1714 1349 1784 tentabat,
1410 1735 1515 1775 non
1573 1728 1681 1771 tam
1734 1716 1883 1772 fatali

2008 1730 2302 1799 ἱαζόμενος.
2352 1728 2639 1783 Διαλύεται
2684 1727 2863 1780 τοίνυν
2906 1728 2939 1796 ἡ
2989 1723 3224 1787 σύνοδος,
3271 1722 3364 1775 καὶ
3397 1720 3446 1773 οἱ
3475 1719 3570 1771 τὸν

306 1821 504 1877 morte,
548 1826 713 1881 quam
778 1810 873 1866 Dei
920 1813 1129 1867 ultione
1174 1813 1507 1868 exstinctum
1563 1811 1888 1879 interpreta-

308 1904 469 1957 bcris.
513 1900 593 1957 Illi
630 1914 807 1959 tamen
835 1902 1153 1959 Constantio
1212 1901 1749 1974 persuadentArium
1787 1918 1888 1956 na-

309 2008 444 2051 tura:
492 1997 732 2051 debitum
786 1998 1145 2068 persolvisse,
1190 2010 1367 2065 neque
1416 1996 1613 2050 divinae
1665 1995 1892 2049 ultionis

241 2152 253 2164 ,
308 2107 525 2159 poenam
588 2091 845 2146 subiisse.
921 2090 1012 2145 Sic
1064 2092 1227 2146 miser
1276 2088 1576 2144 Alexandri
1639 2089 1892 2159 precibus

311 2194 417 2236 tam
442 2182 583 2236 foede
612 2182 778 2236 vitam
813 2183 969 2250 liniit,
994 2183 1183 2238 beatus
1219 2191 1409 2238 contra
1451 2183 1761 2237 Alexander
1805 2181 1894 2251 pie

308 2285 357 2330 et
399 2284 584 2331 sancte
626 2276 788 2344 paulo
818 2286 937 2345 post
967 2291 1065 2346 pro
1096 2264 1360 2343 terrestri,
1397 2276 1619 2331 caeleste
1661 2274 1889 2329 domici-

309 2370 440 2421 lium
472 2369 695 2437 adeptus
735 2378 835 2422 est.
870 2367 1004 2423 Tres
1038 2368 1259 2439 quidem
1304 2377 1358 2423 et
1410 2368 1598 2440 viginti
1648 2368 1704 2421 in
1765 2367 1884 2437 cpi-

311 2467 536 2525 scopatu
568 2458 746 2525 exegit
769 2471 962 2521 annos,
993 2457 1169 2510 aetatis
1195 2472 1325 2510 vero
1355 2457 1651 2526 nonaginta
1680 2466 1825 2511 octo.

2000 1821 2349 1892 Ἀλέξανδρον
2379 1818 2647 1891 ὑπερορίᾳ
2677 1817 3156 1881 καταδικάζοντες,
3196 1812 3450 1884 ῥίψαντες
3472 1809 3574 1871 τὰς

1988 1912 2234 1975 ἀνοσίους
2256 1912 2301 1942 ⁵⁸
2324 1910 2560 1979 ψήφους,
2606 1910 2698 1960 τὸν
2748 1907 2848 1977 τῆς
2894 1906 3159 1976 αἱρέσεως
3201 1901 3379 1957 αὐτῶν
3418 1900 3578 1969 ἀρχι-

1993 2005 2303 2077 στράτηγον
2326 2002 2507 2066 ζῶντα
2544 2002 2625 2064 είς
2658 1999 2790 2071 ᾇδην
2832 1997 3120 2067 βλέποντες
3160 1989 3579 2059 καταϐεϐηκότα

1992 2095 2181 2148 πένθει
2209 2092 2429 2164 μεγάλῳ
2462 2090 2799 2160 συνέχονται.
2839 2088 2957 2141 Ἐπ’
2992 2087 3172 2154 ὀλίγον
3204 2083 3261 2137 δέ
3289 2086 3354 2153 τῇ
3383 2079 3582 2149 θεηλά-

1992 2202 2069 2254 τῳ
2112 2182 2297 2255 πληγῇ
2341 2179 2726 2251 αἰσχυνθέντες
2759 2177 2922 2231 πάλιν
2950 2177 3030 2240 εἰς
3056 2173 3288 2245 φατρίας
3321 2167 3584 2224 συνετάτ-

1993 2291 2168 2334 τοντο.
2191 2274 2286 2326 καὶ
2309 2275 2409 2344 τὴν
2436 2271 2578 2325 κατά
2607 2270 2819 2342 Ἀρείου
2851 2256 3237 2337 θεομηνίανείς
3276 2260 3365 2315 τὸν
3404 2257 3583 2312 κοινὸν

1994 2364 2363 2433 ἐφιλονείκουν
2389 2363 2680 2433 ἀναφέρειν
2708 2361 2937 2414 θάνατον
2960 2377 2973 2389 ·
3007 2359 3183 2411 καίτοι
3218 2356 3313 2408 καὶ
3344 2355 3372 2406 6
3402 2350 3584 2412 κοινὶς

2000 2457 2182 2519 αὐτοῖς
2206 2456 2325 2511 κατ’
2349 2458 2528 2509 ἐκεῖνο
2577 2453 2772 2526 καιροῦ
2801 2450 3160 2521 συνενεχθεὶς,
3204 2450 3292 2502 ὅτε
3323 2444 3422 2514 τῆς
3460 2441 3588 2493 Ἐκ-

311 2550 542 2620 κλησίας
584 2551 889 2603 ἐπιϐαίνειν
956 2551 1118 2605 αὑτὸν
1182 2552 1554 2619 διεπούδαζον,
1585 2554 1665 2618 είς
1698 2553 1790 2608 τὸν
1821 2552 2009 2608 καινὸν
2053 2553 2099 2586 ⁸⁷
2158 2555 2254 2607 καὶ
2314 2553 2576 2625 θεήλατον
2642 2549 3039 2622 μεταϐάλλεται
3101 2546 3353 2599 θάνατον.
3394 2541 3591 2607 Ὅμως

314 2643 695 2696 Κωνστάντιον
754 2644 816 2695 τὸ
885 2644 1219 2715 ἀνδράποδον
1282 2645 1501 2699 ἔπειθον
1556 2647 1632 2710 ὡς
1671 2647 1731 2701 τὸ
1760 2647 1804 2679 ⁸⁸
1829 2647 1928 2718 τῆς
1969 2647 2185 2715 φύσεως
2219 2648 2379 2719 χρέος
2427 2647 2730 2711 ἀπέδωκεν,
2780 2641 2896 2697 ἀλλ’
2929 2643 2991 2695 οὐ
3017 2640 3166 2702 θείας
3200 2637 3371 2709 ὀργῆς
3435 2631 3591 2701 δίκην

313 2734 572 2788 ἀπέτισεν
617 2738 859 2805 Ἄρειος.
896 2738 1035 2789 Ἀλλ’
1081 2740 1108 2791 ό
1152 2738 1251 2808 μὲν
1289 2738 1473 2802 ἄθλιος
1516 2741 1723 2804 ἐκεῖνος
1759 2743 1882 2804 ταῖς
1923 2741 2275 2813 Ἀλεξάνδρου
2317 2742 2647 2812 προσευχαῖς
2686 2738 2936 2801 ἐλεεινῶς
2969 2735 3111 2791 οὕτω
3144 2733 3238 2788 τὸν
3267 2731 3378 2801 βίον
3430 2722 3599 2781 κατέ-

316 2829 546 2899 στρεψεν
566 2845 580 2860 σ
614 2828 640 2880 6
666 2828 891 2894 δέ·θεῖος
932 2829 1280 2903 Ἀλέξανδρος
1302 2833 1646 2903 ὁσιοπρεπῶς
1679 2851 1737 2885 τε
1755 2834 1851 2887 καὶ
1868 2834 2037 2902 ἁγίως
2068 2838 2183 2904 μετ’
2205 2834 2384 2903 ὀλίγον
2405 2834 2525 2888 ἀντὶ
2546 2835 2645 2903 τῆς
2671 2832 2917 2899 ἐπιγείου
2942 2831 3041 2892 τὰς
3070 2828 3128 2880 ού
3141 2824 3357 2898 ρανίους
3386 2818 3598 2890 σκηνὰς

314 2924 685 2996 ἐκληρώσατο,
752 2926 881 2996 τρία
940 2926 1041 2997 μὲν
1092 2927 1185 2979 καὶ
1234 2927 1407 2978 εἴκοσι
1461 2926 1521 2978 ὲν
1564 2929 1630 2997 τῇ
1678 2931 1949 2998 ἐπισκοπῇ
1986 2928 2298 2990 διατελέσας
2324 2926 2442 2995 ἔτη,
2481 2924 2628 2995 βιοὺς
2657 2924 2713 2976 δέ
2740 2921 2883 2976 ὀκτὼ
2910 2922 3004 2975 καὶ
3031 2918 3378 2988 ἐνενήκοντα.

388 3016 512 3071 llaec
537 3016 785 3081 historia,
808 3018 957 3072 unde
984 3017 1091 3071 ista
1119 3018 1519 3096 excerpsimus,
1544 3034 1651 3071 non
1678 3019 1905 3073 omnino
1933 3045 1975 3102 ο

315 3109 615 3173 elaborata,
652 3124 715 3162 ac
761 3109 919 3163 docta
954 3108 1262 3163 elocutione
1292 3125 1356 3164 ac
1387 3110 1698 3177 sententiis,
1728 3126 1907 3181 neque

318 3215 542 3271 prorsus
604 3201 728 3256 vilis
777 3209 873 3254 aut
933 3201 1203 3271 neglecta.
1238 3199 1295 3254 Si
1347 3216 1471 3271 qua:
1526 3210 1717 3256 contra
1745 3210 1908 3271 atque

319 3292 410 3345 alii
448 3302 651 3360 narret,
689 3292 794 3347 hoc
839 3293 1066 3347 alterius
1092 3293 1329 3349 instituti
1368 3303 1421 3349 et
1446 3293 1636 3364 judicii
1668 3302 1773 3358 est,
1800 3308 1907 3347 non

319 3385 667 3456 excerpentis
695 3393 750 3440 et
775 3385 1173 3442 contrahentis.

1029 3690 1243 3746 iGLVII.

1029 3704 1035 3710 '
1128 3691 1171 3744 γ
1202 3690 1243 3746 l.

333 3783 459 3839 Vita
490 3781 651 3838 Pauli
681 3780 926 3852 Episcopi
948 3690 1537 3852 ϐξῗδιῖατίιὶηοροιίιαηί
1564 3779 1905 3850 confessoris.

399 3945 529 4015 Legi
562 3945 761 4001 librum
793 3944 886 4013 qui
910 3942 1229 3998 inscribitur
1272 3959 1286 3997 :
1334 3940 1459 4003 Vita
1518 3958 1611 3996 seu
1650 3950 1911 3995 certamen

329 4039 502 4096 sancti
529 4037 708 4092 Patris
739 4036 904 4091 Pauli
926 4037 1156 4106 episcopi
1183 4034 1762 4105 Constantinopolitani
1785 4052 1911 4089 con-

333 4134 569 4206 fessoris,
599 4132 668 4187 ad
703 4131 954 4188 eumdem
990 4128 1216 4185 modum
1249 4138 1594 4199 excerptum.

404 4310 760 4367 Constantius
792 4310 1022 4365 Romani
1052 4310 1263 4381 imperii
1296 4310 1363 4366 ad
1390 4308 1666 4366 Orientem
1695 4310 1919 4380 regebat

333 4415 569 4474 sceptra,
602 4404 911 4475 proditione
936 4404 1173 4459 haeretici
1198 4404 1525 4470 sacerdotis,
1558 4414 1607 4458 ct
1645 4419 1917 4458 consensu

336 4499 717 4554 cunuchorum
779 4497 1049 4566 irrepens.
1102 4497 1294 4551 Ariani
1344 4507 1525 4552 autem
1566 4497 1760 4551 iterum
1800 4497 1919 4566 pios

338 4601 765 4665 persequuntur,
796 4598 850 4644 et
881 4589 1245 4644 Athanasium
1274 4589 1459 4643 statim
1490 4588 1758 4643 Occidens
1797 4604 1921 4644 sus-

336 4685 486 4754 cipit.
524 4684 747 4739 Divinus
790 4699 922 4737 vero
974 4682 1305 4749 Alexander,
1327 4682 1488 4737 morti
1535 4683 1769 4747 vicinus,
1802 4682 1923 4737 nul-

337 4778 448 4831 lum
471 4775 1089 4845 ConstantinOpolitanae
1119 4775 1375 4832 Ecclesiae
1405 4774 1510 4830 sibi
1540 4789 1916 4830 successorem

339 4869 611 4938 designat.
638 4867 787 4923 Duos
814 4868 956 4922 inter
987 4868 1122 4923 alios
1146 4868 1364 4937 delegit,
1400 4883 1556 4924 suam
1589 4878 1779 4925 contra
1809 4867 1916 4921 ha:-

341 4960 506 5015 resini
544 4958 745 5028 p0pulo
773 4959 914 5013 hanc
938 4960 1264 5015 sententiam
1318 4975 1619 5030 exponens,
1661 4968 1718 5014 ut
1748 4960 1918 5030 elige-

342 5063 484 5121 rent,
531 5054 576 5109 si
634 5052 853 5117 vellent,
890 5052 1107 5107 doctum
1169 5061 1223 5107 et
1280 5053 1431 5123 pium
1476 5051 1729 5117 Paulum,
1757 5066 1920 5121 quem

343 5148 459 5217 ipse
490 5147 829 5215 sacerdotem
863 5148 1211 5202 ordinaverat
1240 5166 1253 5201 :
1282 5147 1327 5201 si
1383 5161 1513 5201 vero
1544 5144 1732 5199 formae
1752 5154 1806 5198 et
1829 5161 1927 5198 ex~

342 5241 558 5295 terioris
607 5238 919 5295 ornamenti
963 5238 1147 5292 habita
1183 5238 1391 5293 ratione
1439 5246 1721 5307 cuperent,
1749 5235 1926 5291 illaec-

2079 3018 2209 3072 Ὀτι
2244 3021 2275 3086 ἡ
2322 3016 2637 3088 συγγραφὴ,
2670 3014 2728 3078 ἐξ
2759 3008 2825 3085 ῆς
2854 3015 2887 3083 ἠ
2923 3008 3176 3082 παροῦσα
3207 3003 3478 3077 προῆλθεν
3507 3002 3599 3055 ἔχ’·

2015 3112 2168 3182 λογὴ,
2213 3108 2337 3162 οὕτε
2377 3108 2658 3171 παντελῶς
2683 3110 2763 3170 εἰς
2788 3107 2848 3159 τὸ
2877 3100 3316 3175 διηκριϐωμένον
3344 3095 3473 3168 [772
3498 3095 3596 3165 HJ

2014 3204 2112 3256 καὶ
2144 3201 2306 3271 σοφὸν
2332 3200 2430 3269 τῆς
2468 3201 2722 3270 φράσεως
2772 3198 2866 3250 καὶ
2912 3197 3010 3267 τῆς
3040 3192 3278 3253 διανοίας
3319 3185 3601 3257 ἐκμεμόρ-

2015 3313 2215 3363 φωται,
2246 3293 2372 3347 οὕτε
2407 3292 2545 3363 πρὸς
2589 3291 2650 3343 τὸ
2683 3292 2901 3361 χυδαῖον
2953 3288 3048 3343 καὶ
3092 3284 3441 3355 ἠμελημένον
3484 3279 3605 3332 δια-

2013 3388 2328 3442 πέπτωκεν.
2383 3384 2449 3438 Ei
2500 3384 2707 3439 δέτινα
2762 3382 2915 3454 παρά
2968 3380 3093 3444 τοὺς
3136 3376 3330 3440 ἄλλους
3374 3373 3603 3443 ἱστορεῖ,

2012 3477 2171 3532 τοῦτο
2198 3476 2411 3548 διαίτης
2456 3474 2553 3529 καὶ
2589 3474 2830 3546 κρίσεως
2866 3470 3054 3541 ἄλλης,
3087 3468 3202 3523 ἀλλ’
3232 3467 3333 3521 ούκ
3366 3462 3606 3531 ἐκλογῆς

2013 3569 2135 3623 οὐδὲ
2164 3569 2459 3640 συντομίας
2480 3570 2547 3621 θ’.

2727 3677 2897 3732 ΣΝΖ’.

2014 3776 2151 3843 Βιὸς
2188 3776 2441 3831 Παύλου
2476 3774 2583 3829 τοῦ
2621 3767 3322 3848 Κιονοταγτινουίεόλεως
3360 3765 3613 3818 ἐπισκό-

2457 3858 2595 3911 που,
2620 3841 2725 3896 τοῦ
2752 3841 3143 3911 ὁμολογητοῦ.

2088 3958 2251 4032 [ll-20
2280 3958 2348 4031 Κ]
2382 3956 2725 4026 Ἀνεγνώσθη
2743 3956 2809 4009 ἐκ
2829 3950 2927 4006 τοῦ
2954 3949 3397 4023 ἐπιγραφομένου
3424 3947 3613 4014 λόγου,

2018 4054 2164 4120 Βιος
2193 4051 2232 4120 ἢ
2264 4051 2523 4119 ἄθλησις
2545 4048 2653 4102 τοῦ
2686 4049 2863 4102 ὁσίου
2891 4045 3125 4113 Πατρός
3148 4041 3318 4112 ἡμῶν
3343 4042 3612 4103 Παύλου,

2016 4144 2123 4198 τοῦ
2160 4139 2856 4205 Κωνσταντινουπόλεως
2872 4140 2917 4171 ⁷⁰
2938 4135 3277 4191 ἐπισκόπου
3302 4174 3315 4196 ,
3346 4133 3453 4187 τοῦ
3486 4135 3619 4201 ὁμο·

2018 4236 2301 4305 λογητοῦ,
2338 4236 2425 4305 ἐφ’
2457 4235 2623 4304 ὁμοίᾳ
2647 4232 3069 4300 συστελλόμενος
3096 4230 3327 4285 ἐκδόσει.

2092 4324 2473 4386 Κωνστάντιος
2515 4324 2615 4391 τὴν
2673 4322 2989 4391 Ῥωμαϊκὴν
3030 4320 3229 4391 ἀρχὴν,
3261 4318 3296 4389 ἢ
3324 4318 3370 4350 τί
3405 4317 3477 4369 τὰ
3513 4316 3616 4384 τῆς

2023 4413 2314 4482 Ἀνατολῆς
2346 4412 2646 4483 ἐχειρίζετο
2670 4412 2949 4482 σκῆπτρα,
2977 4410 3239 4481 προδοσίᾳ
3277 4407 3371 4462 τοῦ
3405 4408 3503 4476 τῆς
3529 4407 3617 4458 ai‘

2025 4506 2229 4573 ρέσεως
2284 4502 2659 4573 πρεσϐυτέρου
2706 4503 2800 4554 καὶ
2859 4500 3133 4572 συνδρομῇ
3189 4498 3298 4553 τῶν
3340 4498 3617 4568 εὐνούχων

2025 4597 2335 4666 ὑποτρέχει,
2358 4596 2453 4648 καὶ
2479 4597 2528 4648 οί
2554 4594 2611 4661 ἐξ
2646 4593 2854 4664 Ἀρείου
2882 4593 3122 4662 διωγμὸν
3154 4593 3296 4646 κατὰ
3324 4592 3435 4643 τῶν
3458 4591 3620 4642 εὐσε-

2027 4688 2265 4741 ϐούντων
2298 4687 2460 4741 πάλιν
2488 4686 2720 4749 κινοῦσι,
2753 4686 2848 4738 καὶ
2885 4684 3207 4737 Ἀθανάσιον
3252 4682 3411 4744 αὖθις
3460 4681 3623 4751 δέχε-

2027 4781 2177 4850 ταιή
2219 4778 2503 4848 Ἑσπερία.
2547 4776 2604 4829 Ὀ
2651 4777 2707 4828 δὲ
2752 4776 2890 4839 θεῖος
2947 4773 3300 4842 Ἀλέξανδρος
3331 4771 3477 4841 οτῷτ⁸
3524 4771 3621 4822 τοῦ

2028 4872 2144 4943 βίου
2177 4871 2484 4940 πλησιάσας
2515 4868 2680 4932 τέλει,
2714 4868 2904 4921 ούδένα
2924 4866 3023 4937 μὲν
3052 4865 3153 4934 τῆς
3179 4866 3624 4917 Κωνσταντινου-

2033 4963 2242 5022 πόλεως
2287 4959 2531 5031 διάδοχον
2584 4959 2749 5012 αὑτοῦ
2789 4960 3102 5029 χειροτονεῖ,
3143 4957 3377 5024 λογάδας
3420 4954 3478 5005 δέ
3513 4954 3623 5004 τῶν

2032 5053 2210 5108 ἄλλων
2234 5051 2327 5105 δύο
2356 5054 2610 5115 ποιεῖται,
2640 5050 2867 5120 γνώμην
2897 5049 3152 5117 τοιαύτην
3192 5050 3274 5110 είς
3304 5047 3517 5115 αἵρεσιν
3546 5044 3623 5113 τῷ

2036 5146 2235 5218 πλήθει
2282 5144 2479 5208 διδοὺς,
2506 5145 2583 5207 ὡς
2620 5147 2670 5197 εἰ
2705 5144 2803 5213 μὲν
2833 5142 3107 5212 βούλοιντο
3145 5138 3531 5194 διδασκαλικόν
3564 5154 3625 5188 τε

2036 5237 2152 5306 ἅμα
2179 5238 2272 5290 καὶ
2300 5239 2418 5298 ταῖς
2447 5237 2669 5305 ἀρεταῖς
2692 5235 3097 5303 ἀστράπτοντα,
3122 5230 3338 5285 Παῦλον
3361 5230 3626 5299 αἱρήσον-

1640 5397 1679 5450 ν
1696 5396 1881 5452 ARUE
1934 5395 2340 5451 LECTIONES.

438 5540 484 5571 “
516 5538 907 5593 συναποϐάλλει
952 5541 981 5591 6
1025 5537 1253 5599 δείλαιος
1292 5538 1353 5592 Β.

366 5612 587 5673 εούντως
621 5611 677 5665 Β,

379 5684 564 5735 ὶωνστ.
597 5683 779 5736 ἐπισκ.
811 5696 919 5736 om.
951 5681 1014 5735 A.

1448 5538 1493 5569 ⁸³
1523 5536 1623 5608 εἰς]
1657 5538 1792 5607 πρός
1821 5537 1883 5592 Β.
1962 5537 2007 5569 ⁸⁸
2045 5536 2481 5608 μεταϐαλόμενος
2511 5551 2656 5608 corr.
2692 5532 3248 5608 Britazaﬁgkitipsvo;
3276 5547 3335 5608 ς,

781 5611 825 5641 ⁶⁶
855 5611 1069 5663 ἀνοσίου
1095 5626 1154 5673 ς.
1234 5609 1279 5639 ⁸⁷
1316 5609 1500 5661 καινόν
1537 5608 1575 5660 Β
1603 5625 1616 5661 :
1668 5609 1844 5660 κοινόν
1877 5625 1936 5671 ς’.

3416 5530 3461 5561 ⁸⁸
3493 5530 3627 5581 θαύ-

2045 5536 2481 5605 μεταϐαλόμενος
2513 5551 2656 5588 corr.
2692 5532 2756 5585 B:
2782 5532 3248 5600 μεταϐαλλόμενος
3276 5547 3335 5592 ς.
3416 5531 3461 5561 ⁸⁸
3493 5531 3625 5599 θαρ-

2036 5608 2079 5638 ⁶⁸
2102 5604 2186 5676 τὸ]
2209 5608 2301 5659 τόν
2338 5609 2398 5660 Α.
2480 5607 2523 5639 ⁶⁹
2553 5606 2847 5676 συντομίας
2883 5602 3003 5656 ούδέ
3035 5603 3261 5670 ἐκλογῆς
3310 5599 3368 5652 Β.
3451 5601 3497 5632 ⁷⁸
3527 5600 3625 5652 τοῦ

1112 5680 1151 5712 ⁷¹
1186 5676 1246 5752 ἢ]
1278 5680 1312 5750 ἦ
1334 5678 1394 5743 Β,
1434 5680 1619 5735 addito
1658 5694 1782 5734 mox
1818 5677 1854 5732 ἂ
1885 5688 2011 5734 ante
2042 5673 2315 5749 προδοσίᾳ.
2394 5679 2438 5709 ⁷⁸
2469 5675 2570 5747 τῷ]
2599 5679 2653 5727 ἐν
2681 5675 2756 5745 τῷ
2788 5673 2851 5724 Α.
