3966 6240
262 305 357 370 ῙΞῙ

1356 307 1880 370 BIBLIOTHECA-
1912 334 1985 348 -
2012 310 2179 373 COD.
2219 310 2487 374 CCLVII.

3426 310 3531 375 123

257 439 371 487 ται,
410 419 469 475 ὃν
494 421 658 485 αὐτὸς
691 414 1069 497 ἐχειροτόνησε
1099 427 1491 502 πρεσϐύτερον,
1518 429 1567 483 εί
1601 428 1648 481 δ’
1671 430 1728 481 ὲν
1757 425 1838 497 τῷ

1961 429 2193 495 Ionium,
2238 429 2367 483 olim
2404 427 2715 484 ordinatum
2770 427 3085 493 diaconum,
3122 434 3176 483 et
3213 426 3325 497 jam
3368 444 3529 484 sene-

260 520 503 586 σχήματι
557 517 757 587 σεμνὸν
808 519 904 573 καὶ
941 522 1167 589 κόσμιον
1208 523 1273 591 τῇ
1318 520 1519 587 ἔξωθεν
1553 520 1845 590 περιϐολῇ,

255 609 617 674 Μακεδόνιον,
651 610 819 664 πάλαι
844 612 1291 683 χειροτονηθέντα
1314 614 1563 667 διάκονον
1590 613 1684 666 καὶ
1708 612 1846 682 πρὸς

255 702 438 771 γῆρας
469 701 837 757 ἀποκλίνοντα
856 704 921 757 ⁷³.
950 704 1136 757 Ταῦτα
1169 704 1611 774 εἰσηγησάμενος
1641 703 1724 764 εἰς
1749 702 1849 771 τὴν

257 794 473 863 ἀμείνω
519 794 675 864 λῆξιν
733 796 1071 866 μεταϐαίνει,
1100 795 1533 868 ἀρχιερατεύσας
1578 794 1675 864 μὲν
1720 791 1850 863 τρία

258 888 358 941 καὶ
407 886 583 940 εἴκοσι
638 886 759 957 ἔτη,
813 888 960 959 βιοὺς
995 888 1052 941 δὲ
1092 888 1184 941 τὸν
1212 888 1390 941 πάντα
1426 887 1541 958 βίον
1571 882 1715 939 ὀκτὼ
1747 891 1842 945 καὶ

260 980 613 1049 ἐνενήκοντα.
649 979 863 1033 Γίνεται
890 979 946 1032 δὲ
982 981 1284 1046 φιλονεικία
1326 980 1456 1049 περὶ
1500 979 1601 1047 τὴν
1634 980 1848 1050 αἵρεσιν

260 1070 372 1123 τῶν
410 1071 836 1141 προειρημένων
879 1071 1122 1142 ἀνδρῶν’
1158 1073 1209 1124 oi
1244 1072 1343 1141 μὲν
1370 1072 1477 1142 γὰρ
1530 1070 1589 1135 ἐξ
1631 1072 1844 1142 Ἀρείου

266 1163 407 1234 πρὸς
435 1162 773 1216 Μακεδόνων
800 1162 1048 1228 ἔϐλεπον,
1082 1163 1145 1217 τὸ
1176 1163 1235 1217 δὲ
1260 1162 1543 1234 όρθόδοξον
1575 1165 1667 1217 τὴν
1699 1164 1847 1217 Παῦ-

271 1258 367 1311 λον
390 1255 765 1326 προὺτίθεσαν.
792 1256 1000 1326 Κρατεῐ
1022 1255 1067 1308 δ’
1099 1251 1193 1309 οὖν
1221 1258 1256 1327 ἡ
1280 1256 1390 1309 τῶν
1420 1255 1712 1327 ὁρθόδοξων
1736 1256 1845 1327 ψῆ-

276 1367 391 1418 φος,
432 1350 523 1401 καὶ
570 1350 962 1419 χειροτονεῖται
1005 1349 1034 1401 6
1073 1349 1284 1413 Παῦλος
1322 1348 1621 1413 ἐπίσκοπος
1666 1350 1727 1401 ὲν
1778 1351 1847 1420 τῇ

270 1442 368 1511 τῆς
394 1443 559 1508 ἁγίας
589 1441 828 1512 Εἰρήνης
859 1440 1134 1511 ἐπωνύμῳ
1159 1440 1446 1511 ἐκκλησίᾳ,
1485 1440 1554 1512 ἢν
1601 1441 1631 1494 6
1658 1439 1847 1511 χρόνος

264 1533 719 1588 ἀντιδιαστέλλων
760 1533 863 1601 τῆς
892 1534 1019 1596 νέας
1054 1533 1222 1586 ἔδωκε
1262 1532 1547 1587 καλεῖσθαι
1587 1532 1843 1586 παλαιάν.

264 1627 647 1689 Κωνστάντιος
677 1625 734 1679 δὲ
760 1627 820 1679 οὑ
858 1626 995 1696 μετὰ
1017 1625 1152 1678 πολὺ
1185 1627 1250 1679 lx
1270 1626 1369 1695 τῆς
1406 1626 1722 1695 Ἀντιοχέων
1744 1625 1846 1679 πό·

263 1720 404 1783 λεως
436 1722 495 1771 ἐν
522 1721 592 1788 τῇ
623 1719 1030 1772 Κωνσταντίνου
1068 1719 1115 1751 ⁷⁵
1147 1718 1406 1786 γεγονὼς,
1438 1719 1506 1772 δι’
1535 1719 1704 1789 ὀργῆς
1732 1716 1844 1789 εἶχε

258 1810 354 1862 τὸν
406 1808 897 1878 χειροτονηθέντα,
944 1810 1026 1863 ὅτι
1070 1809 1144 1880 μὴ
1189 1811 1286 1863 σὺν
1319 1809 1515 1881 γνώμῃ
1564 1812 1630 1881 τῇ
1681 1810 1848 1863 αὐτοῦ
1882 1795 1922 1850 Β

259 1900 543 1969 προῆλθεν
598 1902 632 1970 ἡ
690 1900 1015 1972 χειροτονία.
1084 1902 1195 1954 Καὶ
1257 1901 1551 1971 Ἀρειανῶν
1618 1901 1852 1964 καθίσας

265 1993 549 2063 συνέδριον
589 1992 681 2045 τὸν
720 1993 817 2063 μὲν
859 1992 1068 2046 Παῦλον
1104 1993 1385 2063 σχολάζειν
1417 1993 1848 2064 κατεψηφίσατο,

265 2083 534 2138 Εὐσέϐιον
564 2083 619 2136 δὲ
650 2084 831 2152 τρίτον
858 2083 1047 2155 θρόνον
1076 2083 1371 2154 ἁμείϐοντα
1396 2087 1460 2137 ὲκ
1479 2084 1853 2154 Νικομηδείας

264 2173 368 2241 τῆς
421 2172 692 2242 βασιλίδος
732 2174 1029 2227 ἐπίσκοπον
1063 2174 1463 2229 ἀναδείκνυσιν.
1506 2176 1645 2228 Ἀλλ’
1679 2176 1709 2228 6
1753 2175 1853 2245 μὲν

266 2263 545 2325 δυσσεϐῶς
581 2264 753 2321 ταῦτα
786 2264 997 2334 πράξας
1023 2265 1353 2336 ὑποστρέφει
1385 2268 1429 2299 ⁷⁵
1460 2269 1597 2335 πρὸς
1651 2268 1853 2320 Ἀντιό-

266 2374 445 2426 χειαν,
478 2356 740 2420 Εὐσέϐιος
776 2358 834 2410 δὲ
876 2359 1055 2412 πάντα
1086 2358 1233 2411 λίθον
1274 2359 1444 2413 ἐκίνει
1477 2361 1552 2422 ὡς
1597 2361 1663 2415 ἂν
1698 2379 1852 2432 περι-

268 2453 383 2505 έλοι
423 2451 518 2504 τοῦ
568 2451 715 2522 ἱεροῦ
754 2453 1023 2521 συμϐόλου
1062 2453 1123 2506 τὸ
1155 2454 1498 2522 όμοούσιον.
1529 2455 1756 2522 ’Ἀγεται
1787 2456 1851 2527 δὴ

267 2544 337 2596 τά
377 2542 633 2609 ὲγκαίνια
670 2545 771 2613 τῆς
808 2544 867 2595 ὲν
909 2543 1207 2613 Ἀντιοχείᾳ
1234 2544 1551 2612 ἐκκλησίας,
1587 2546 1652 2616 ἣν
1692 2548 1852 2599 Κων-

271 2636 554 2697 σταντῖνος
605 2634 706 2703 μὲν
755 2636 783 2686 6
822 2635 1052 2705 εὐσεϐὴς
1095 2636 1160 2688 ὲκ
1205 2634 1421 2707 βάθρων
1448 2636 1707 2707 ῆγειρεν·
1739 2639 1767 2690 6
1796 2639 1853 2692 δὲ

272 2730 656 2790 Κωνστάντιος
705 2727 1109 2799 καθιερωθῆναι
1155 2729 1383 2800 γνώμην
1429 2730 1616 2784 ἔθετο·
1652 2734 1748 2786 καὶ
1786 2737 1852 2805 τῇ

268 2824 380 2875 τῶν
447 2821 744 2890 ὲγκαινίων
814 2822 1088 2891 προφάσει
1148 2823 1442 2878 ἐπίσκοποι
1506 2824 1855 2894 συλλέγονται

270 2917 612 2984 ἐνενήκοντα.
648 2912 900 2983 Μάξιμος
936 2912 980 2966 δ’
1004 2914 1033 2966 6
1064 2914 1173 2968 τῶν
1206 2916 1598 2985 Ἱεροσολύμων
1637 2917 1851 2986 ἔφορος,

269 3006 412 3076 ἀνὴρ
456 3003 711 3074 εὐσεϐὴς,
749 3004 811 3056 οὐ
860 3005 1064 3075 παρῆν,
1095 3004 1211 3058 ἀλλ’
1242 3006 1351 3058 οὐδ’
1379 3007 1406 3058 ὁ
1447 3005 1666 3076 Ῥώμης
1722 3008 1855 3060 Ἰού-

1954 530 2195 576 scentem
2220 520 2546 589 acciperent.
2567 519 2691 573 Haec
2721 519 2960 573 referens
2986 528 3108 588 post
3136 520 3387 583 moritur,
3410 521 3530 590 epi-

1955 623 2238 682 scopatum
2269 621 2380 667 tres
2415 620 2470 666 et
2494 611 2681 679 viginti
2702 627 2875 665 annos
2901 626 3025 665 cum
3048 613 3324 680 gessisset,
3353 627 3529 664 annos

1954 713 2117 758 natus
2148 705 2441 772 nonaginta
2473 715 2619 757 octo.
2654 703 2785 757 Orta
2833 715 3013 756 autem
3055 706 3336 757 contentio
3366 703 3527 757 estin

1953 796 2166 850 duobus
2194 794 2390 871 4746
2418 796 2524 850 illis
2542 795 2827 865 eligendis.
2850 794 3033 847 Ariani
3063 794 3129 849 ad
3151 794 3527 849 Macedonium

1956 886 2315 950 inclinabant,
2334 894 2390 939 at
2416 884 2602 941 ﬁdeles
2629 884 2854 937 Paulum
2902 884 3189 938 malebant.
3228 883 3368 939 Vicit
3405 902 3527 955 pto-

1954 994 2076 1033 rum
2112 978 2409 1042 sententia,
2438 986 2493 1032 et
2538 978 2827 1032 ordinatur
2874 976 3076 1033 Pamus
3129 993 3417 1047 episcopus
3470 980 3524 1032 in

1954 1070 2185 1126 ecclesia
2248 1078 2452 1126 sancta:
2502 1069 2683 1124 lrenes
2738 1072 3038 1133 nominata,
3068 1086 3231 1140 quam
3267 1072 3531 1140 temporis

1955 1178 2235 1228 successu,
2263 1173 2321 1217 ut
2358 1179 2390 1217 a
2440 1178 2579 1216 nova
2606 1162 3056 1232 distingueretur,
3082 1174 3316 1217 veterem
3347 1166 3533 1233 appel-

1956 1254 2069 1309 lare
2100 1255 2322 1322 placuit.
2355 1254 2718 1310 Constantius
2747 1270 2878 1309 vero
2908 1270 3019 1310 non
3052 1257 3227 1311 multo
3267 1266 3390 1326 post
3419 1258 3532 1312 An-

1956 1347 2156 1405 tiochia
2188 1347 2719 1417 Constantinopolim
2747 1348 2996 1411 veniens,
3032 1348 3168 1401 iram
3215 1350 3269 1402 in
3301 1348 3528 1403 Paulum

1954 1439 2225 1507 concepit,
2265 1437 2409 1507 quod
2457 1453 2566 1491 non
2592 1438 2739 1493 illius
2768 1436 3028 1507 suﬂragio
3051 1439 3256 1492 electus
3283 1448 3448 1502 esset,
3479 1448 3533 1494 et

1953 1531 2282 1586 Arianorum
2310 1530 2517 1585 indicto
2536 1532 2794 1597 concilio,
2819 1530 3045 1584 Paulum
3067 1530 3318 1585 abdicare
3335 1533 3528 1600 coegit.

1959 1622 2274 1688 Eusebium,
2301 1622 2414 1692 jam
2447 1624 2608 1679 tertio
2652 1624 2837 1679 sedem
2891 1634 3217 1688 mutantem,
3248 1638 3313 1678 ex
3372 1623 3535 1678 Nico-

1956 1716 2163 1782 media,
2194 1717 2703 1786 ConstantinOpolis
2754 1726 2909 1772 creat
2951 1717 3289 1787 episcopum.
3321 1716 3534 1785 Quibus

1954 1810 2117 1879 impie
2161 1812 2405 1878 patratis,
2440 1809 2785 1863 Antiochiam
2823 1810 3072 1864 revertit.
3110 1808 3384 1865 Eusebius
3422 1820 3536 1865 'au-

1954 1912 2060 1957 tem
2094 1918 2311 1957 omnem
2353 1902 2604 1956 movebat
2651 1902 2908 1969 lapidem,
2942 1912 2999 1955 ut
3032 1902 3282 1972 symbolo
3328 1902 3537 1957 exime-

1954 2005 2104 2051 retur
2152 1995 2280 2050 illud
2315 1995 2602 2065 ὁμοούσιον
2628 2033 2648 2061 ,
2689 1994 3159 2050 consubstantiale.
3227 1995 3359 2050 Erat
3400 2005 3529 2048 tunc

1952 2089 2278 2143 Antiocheni
2350 2088 2533 2157 templi
2600 2088 2905 2151 dedicatio,
2954 2086 3100 2156 quod
3138 2086 3536 2142 Constantinus

1952 2181 2075 2251 pius
2104 2179 2467 2234 exaediﬁcarat
2499 2197 2514 2233 :
2546 2179 2903 2233 Constantius
2938 2193 3065 2232 vero
3100 2180 3533 2233 consecrandum

1954 2271 2183 2338 curavit,
2208 2279 2262 2325 et
2312 2277 2569 2339 praetextu
2604 2270 2963 2324 dedicationis
3006 2269 3303 2336 nonaginta
3334 2285 3537 2324 convo-

1953 2374 2147 2421 cantur
2219 2362 2485 2433 episcopi.
2547 2360 2837 2423 Maximus,
2914 2361 3532 2430 Hierosolymitanorum

1953 2456 2172 2525 praesul,
2198 2454 2279 2506 vir
2316 2453 2438 2522 pius
2487 2467 2595 2507 non
2644 2450 2834 2506 aderat
2875 2469 2888 2504 :
2918 2451 3012 2517 sed
3044 2467 3220 2521 neque
3257 2452 3537 2508 Romanus

1954 2545 2197 2617 pontifex
2232 2543 2437 2609 Julius,
2469 2560 2570 2599 nec
2597 2560 2693 2614 per
2721 2560 2804 2609 se,
2831 2559 2929 2599 nec
2962 2559 3056 2615 per
3085 2543 3247 2597 alium
3277 2544 3534 2613 legatum.

1953 2640 2330 2709 Congregatur
2397 2636 2641 2707 synodus
2705 2644 2970 2704 praesente
3017 2635 3359 2690 Constantio.
3390 2635 3538 2690 Con-

1955 2732 2187 2787 tendunt
2223 2728 2517 2785 Eusebiani
2544 2738 2604 2783 ut
2628 2728 2805 2797 primo
2833 2729 3167 2782 Athanasius
3209 2727 3534 2797 deponatur.

1954 2824 2116 2879 Initio
2150 2830 2411 2878 accusant
2434 2824 2591 2891 quasi
2625 2829 2815 2875 contra
2858 2835 3122 2873 cauonem
3154 2822 3345 2888 egerit,
3376 2835 3538 2890 quem

1957 2916 2060 2986 ipsi
2079 2925 2208 2969 tunc
2232 2900 2532 2969 ediderant.
2558 2911 2795 2967 Rediens
2819 2912 2990 2974 enim,
3015 2912 3187 2975 aiunt,
3220 2912 3290 2967 ab
3320 2912 3539 2978 exsilio,

1957 3024 2069 3061 non
2110 3007 2357 3061 omnium
2398 3004 2633 3072 judicio,
2686 3005 2781 3059 sed
2822 3019 2923 3059 suo
2957 3005 3223 3057 arbitratu
3256 3004 3543 3073 episcopa-

270 3095 406 3158 λιος,
456 3093 570 3147 οὔτ’
618 3094 1060 3167 αὑτοπροσὼπως
1081 3095 1127 3125 ⁷⁸
1173 3093 1366 3149 051:3"
1414 3096 1504 3150 διά
1545 3113 1693 3160 τινος
1746 3098 1855 3151 τῶν

1962 3105 2075 3151 tum
2119 3094 2433 3162 assumpsit.
2467 3092 2721 3147 Secundo
2754 3093 2899 3161 quod
2934 3095 3055 3157 ejus
3090 3094 3361 3159 ingressu,
3397 3094 3543 3147 sedi-

273 3187 577 3241 ιίιποτελῶν.
608 3187 999 3257 Συγκροτεῖται
1026 3187 1127 3256 μὲν
1157 3188 1191 3257 ἡ
1225 3187 1442 3251 σύνοδος
1467 3189 1736 3259 παρόντος
1761 3191 1855 3244 καὶ

1964 3187 2108 3240 tione
2140 3185 2434 3246 concitata,
2470 3184 2624 3236 multi
2668 3184 2983 3251 periissent.
3014 3182 3200 3236 Tertio
3229 3185 3300 3236 ob
3333 3199 3394 3236 ea
3422 3199 3544 3252 quae

273 3279 679 3342 Κωνσταντίου,
714 3280 763 3332 oi
815 3278 872 3331 δὲ
901 3281 1033 3350 περὶ
1088 3280 1349 3333 Εὐσέϐιον
1392 3282 1630 3353 σπουδὴν
1662 3282 1855 3349 ἀγουσι

1961 3277 2089 3348 Tyri
2117 3286 2239 3330 acta
2286 3284 2490 3329 essent.
2531 3272 2681 3329 Unde
2709 3283 2762 3327 et
2796 3274 3224 3327 condetnnantes
3255 3283 3543 3327 strenuum

273 3371 383 3441 πρὸ
428 3370 540 3424 τῶν
586 3370 764 3425 ἄλλων
815 3370 1299 3439 ἀποσκευάσασθαι
1346 3370 1474 3443 [775
1500 3373 1591 3445 ιι]
1635 3374 1855 3429 Ἀθανά-

1961 3368 2339 3425 athletam.illi
2362 3366 2709 3437 Gregorium,
2743 3365 2988 3434 ejusdem
3018 3374 3199 3429 sectae,
3232 3364 3541 3419 sul‘ﬁciunt.

275 3481 411 3517 σιον.
461 3462 794 3529 Ἐπάγουσιν
820 3460 913 3515 οὖν
942 3461 1168 3533 πρώτην
1220 3464 1372 3534 αὑτῷ
1402 3465 1583 3519 αἰτίαν
1618 3465 1679 3517 τὸ
1710 3467 1855 3537 παρά

1961 3461 2029 3517 Et
2079 3463 2194 3515 Ilaec
2246 3460 2390 3521 ausi,
2418 3461 2538 3513 ausi
2575 3468 2704 3514 sunt
2744 3468 2796 3513 et
2845 3458 3004 3512 ﬁdem
3038 3469 3369 3526 permutare.
3405 3458 3544 3511 nihil

276 3554 485 3607 κανόνα
524 3553 753 3624 πρᾶξαι,
783 3555 984 3607 κανόνα
1018 3554 1266 3623 λέγοντες
1288 3556 1347 3608 ὃν
1378 3557 1533 3610 αὐτοὶ
1556 3556 1855 3626 τηνικαῦτα

1961 3570 2148 3610 eorum
2168 3554 2621 3623 reprehendentes
2642 3554 2725 3607 vel
2752 3552 2935 3617 verbo,
2954 3567 3078 3620 quae
3104 3552 3155 3602 in
3184 3549 3400 3603 Nicaeus
3417 3564 3548 3619 syn—

274 3646 535 3712 ἐξέθεσαν
568 3645 935 3717 (ἐπανελθὼν
964 3646 1091 3715 γὰρ,
1125 3645 1381 3715 ἔφασκον,
1405 3646 1516 3716 τῆς
1540 3650 1863 3716 ὑπερορίας

276 3737 416 3804 οὐχί
450 3735 529 3804 τῇ
557 3736 665 3790 τοῦ
685 3737 889 3790 κοινοῦ
913 3737 1135 3806 γνώμῃ,
1166 3738 1305 3792 ἀλλ’
1333 3739 1517 3804 αὐτὸς
1536 3737 1729 3802 ἑαυτῴ
1748 3740 1863 3804 τὴν

276 3832 737 3898 ἀρχιερωσύνην
780 3830 1119 3901 ἐπέτρεψε),
1152 3832 1417 3902 δευτέραν
1452 3833 1535 3884 ὅτι
1580 3832 1723 3885 κατὰ
1762 3833 1863 3899 τὴν

278 3920 487 3973 είσοδον
520 3920 671 3989 αύτῷ
694 3920 933 3984 στάσεως
964 3922 1332 3991 συρῤαγείσης
1359 3921 1544 3974 πολλοὶ
1565 3920 1860 3984 ἀπέθανον,

280 4012 377 4067 καὶ
396 4012 591 4084 τρίτην
615 4012 685 4065 τὰ
713 4013 771 4065 ἂν
787 4011 949 4082 Τύρῳ
970 4013 1335 4082 πεπραγμένα
1350 4029 1364 4043 ·
1399 4013 1459 4078 ἐξ
1479 4006 1554 4067 ὧν
1582 4013 1678 4065 καὶ
1699 4029 1866 4065 κατα-

278 4106 655 4177 ψηφισάμενοι
681 4104 775 4157 τοῦ
794 4106 836 4137 73
864 4106 964 4174 τῆς
995 4106 1277 4170 εὐσεϐείας
1306 4104 1540 4176 ἀθλητοῦ
1569 4107 1613 4137 ⁷⁸
1648 4106 1862 4175 Γρηγό..

284 4215 399 4269 ριον
424 4198 849 4252 ἀντικαθιστῶσι
878 4199 969 4251 τὸν
998 4199 1296 4269 ὁμόφρονα.
1343 4200 1454 4252 Καὶ
1492 4198 1865 4269 τολμήσαντες

281 4290 459 4343 ταῦτα
494 4288 828 4357 ὲπιτολμῶσι
882 4291 977 4342 καὶ
1025 4290 1117 4341 τὸν
1171 4289 1564 4359 μεταπλασμδν
1606 4290 1709 4359 τῆς
1765 4290 1863 4343 πία-

282 4399 481 4446 στεως,
515 4381 669 4434 οὐδὲν
704 4382 802 4450 μὲν
842 4381 983 4434 κατά
1021 4380 1203 4452 φωνὴν
1247 4380 1357 4434 τῶν
1390 4381 1449 4435 ἐν
1479 4381 1689 4451 Νικαίᾳ
1726 4398 1867 4451 μεμ-

1977 3648 2085 3701 ούο
2145 3655 2372 3699 tractata
2401 3656 2606 3708 essent,
2628 3645 2876 3713 improbo
2903 3653 2957 3697 et
2984 3643 3330 3696 fraudulento
3363 3640 3548 3695 animo

1966 3739 2177 3795 semina
2200 3737 2491 3807 jacientes,
2525 3745 2581 3789 ut
2609 3736 2892 3805 ὁμοούσιον
2939 3735 3178 3789 tollatur.
3211 3732 3547 3787 Antiochcna

1970 3830 2219 3901 synodus
2277 3830 2391 3883 haec
2418 3840 2474 3883 et
2496 3830 2601 3883 alia
2651 3828 2845 3883 similia
2886 3843 3043 3891 ausa,
3075 3836 3131 3881 et
3160 3826 3420 3881 nonnulla
3453 3827 3551 3878 de-

1964 3939 2215 3988 cernens,
2251 3923 2589 3977 dissolvitur.
2625 3920 2898 3976 Eusebius
2948 3921 3015 3975 ad
3070 3919 3379 3973 Romanum
3416 3932 3521 3987 pon

1967 4016 2165 4072 tilicem
2222 4014 2422 4069 Julium
2452 4015 2659 4084 legatos
2703 4013 2887 4078 mittit,
2938 4012 3042 4066 hoc
3071 4011 3317 4075 moliens,
3349 4019 3407 4063 ut
3430 4025 3554 4079 qua:

1968 4111 2230 4166 adversus
2262 4109 2619 4162 Athanasium
2652 4107 2869 4161 decreta
2916 4114 3120 4169 essent,
3150 4111 3269 4157 rata
3303 4102 3550 4165 haberet,

1969 4203 2065 4257 sed
2104 4217 2199 4271 spe
2249 4216 2347 4254 sua
2405 4200 2700 4253 frustratus
2761 4196 3089 4252 est.Paulns
3110 4211 3239 4249 vero
3278 4192 3552 4261 archiepi-
3602 4210 3603 4213 η

1970 4308 2169 4363 scopus
2218 4292 2450 4347 Romam
2512 4291 2817 4362 profectus,
2852 4300 2906 4345 et
2944 4289 3033 4342 alii
3060 4287 3264 4359 575a
3307 4285 3553 4341 nonnulli

1970 4384 2233 4455 episcopi,
2265 4400 2372 4439 una
2401 4399 2526 4439 cum
2553 4383 2854 4438 Athanasio
2908 4382 3126 4436 Eusebii
3166 4382 3291 4435 dolo
3315 4380 3550 4445 expulsi,

279 4475 540 4543 φάμενοι,
563 4472 643 4543 τῷ
666 4473 723 4525 δὲ
751 4472 940 4542 ύφάλῳ
966 4474 1061 4525 καὶ
1092 4474 1462 4541 κακομηχάνῳ
1492 4472 1592 4541 τῆς
1622 4471 1855 4536 διανοίας

1969 4476 2133 4532 simul
2192 4476 2378 4530 Romae
2430 4475 2680 4543 agebant.
2730 4473 2909 4529 Julius
2962 4488 3091 4527 vero
3128 4472 3313 4525 audito
3372 4471 3556 4524 omnia

284 4566 583 4637 σπέρματα
624 4566 1161 4636 προκαταϐἀλλοντες
1197 4564 1352 4636 [1421
1380 4562 1473 4636 IL]
1503 4565 1640 4636 πρὸς
1656 4564 1750 4635 τὴν
1771 4564 1866 4619 τοῦ

281 4657 574 4728 όμοουσίου
624 4656 964 4727 καθαίρεσιν.
1013 4659 1125 4711 Καὶ
1153 4660 1186 4728 ή
1234 4658 1333 4728 μὲν
1364 4660 1507 4712 κατὰ
1539 4660 1869 4728 Ἀντιόχειαν

284 4750 503 4812 σύνοδος
523 4748 698 4802 ταῦτα
724 4749 817 4802 καὶ⁵
846 4749 1048 4803 τοιαῦθ’
1074 4750 1235 4819 ἕτερα
1263 4751 1600 4820 τολμήσασα,
1625 4752 1718 4804 καί
1746 4768 1868 4803 τινα

284 4841 641 4904 κανονίσασα,
673 4841 999 4896 διαλέλυται.
1042 4844 1303 4905 Εὐσέϐιος
1339 4844 1395 4896 δὲ
1427 4846 1566 4913 πρὸς
1596 4847 1686 4897 τὸν
1732 4845 1866 4897 Ῥώ-

290 4953 392 5004 μης
436 4935 661 4988 Ἰούλιον
708 4934 1181 5005 διαπρεσϐεύεται,
1220 4936 1321 5006 τὴν
1357 4938 1499 4989 κατὰ
1543 4937 1866 4992 Ἀθανασίου

285 5028 461 5099 ψῆφον
490 5028 807 5097 κυρωθῆναι
831 5027 1245 5097 τεχναζόμενος·
1278 5028 1392 5080 ἀλλ’
1419 5029 1572 5082 οὐδὲν
1597 5024 1671 5083 ὧν
1702 5030 1866 5101 ἤλπι-

289 5120 375 5181 ζεν
397 5120 591 5191 ἤνυσε.
621 5117 832 5180 Παῦλος
860 5119 903 5171 δ’
934 5121 962 5172 ὁ
986 5120 1279 5189 ἀρχιερεὺς
1304 5119 1400 5190 τὴν
1439 5120 1661 5191 Ῥώμην
1697 5139 1868 5174 κατα-

288 5212 490 5277 λαϐὼν,
525 5213 620 5265 καὶ
674 5212 853 5281 ἒτεροι
905 5211 960 5263 δὲ
1010 5212 1110 5263 οὐκ
1168 5211 1339 5279 ὀλίγοι
1382 5214 1672 5266 ἐπίσκοποι
1726 5216 1869 5268 κατὰ

292 5302 563 5373 συσκευὴν
608 5302 997 5371 ἐκδιωχθέντες
1028 5303 1314 5368 Εὑσεϐίου,
1346 5303 1481 5358 ἀλλὰ
1515 5306 1607 5357 καὶ
1646 5306 1868 5360 Ἀθανά-

1976 4584 2099 4638 quae
2127 4567 2193 4622 de
2226 4566 2497 4637 episcopis
2540 4577 2659 4621 acta
2688 4576 2869 4621 essent
2890 4607 2905 4630 ,
2936 4565 3241 4619 calumnias
3271 4579 3415 4627 esse,
3443 4563 3558 4631 epi-

1977 4661 2131 4717 stolis
2169 4659 2292 4713 illos
2326 4660 2660 4713 conﬁrmans
2708 4660 2761 4711 in
2811 4654 3088 4711 Orientem
3139 4655 3386 4717 remittit,
3432 4669 3558 4723 pro-

1976 4753 2150 4823 priam
2228 4753 2525 4819 unicuique
2609 4751 2829 4805 tradens
2909 4751 3132 4811 sedem,
3186 4762 3390 4817 eosque
3461 4746 3556 4815 qui

1975 4845 2349 4908 dainnassent,
2399 4845 2595 4898 merito
2646 4858 2935 4897 accusans.
2965 4842 3169 4896 Omnes
3210 4840 3340 4895 hinc
3372 4839 3558 4893 Eccle-

1975 4935 2087 4989 sias
2132 4950 2263 4990 suas
2297 4935 2586 5002 recipiunt,
2611 4934 2705 4987 sed
2729 4942 2781 4985 et
2815 4932 3057 5002 epistolae
3079 4931 3147 4985 iis
3172 4930 3375 5000 quibus
3420 4928 3563 4982 scri-

1974 5037 2082 5097 pta).
2131 5034 2307 5088 erant,
2356 5025 2724 5079 destinantur.
2767 5022 3004 5077 Eusebio
3052 5030 3289 5086 mortuo,
3353 5019 3556 5072 Paulus

1976 5133 2090 5172 sua:
2115 5116 2230 5171 sedi
2262 5115 2585 5170 restituitur.
2619 5114 2807 5167 Ariani
2860 5129 2959 5182 pro
3011 5113 3113 5168 hac
3166 5109 3407 5165 Ecclesia
3457 5121 3558 5175 pro

1976 5209 2145 5263 Paulo
2171 5206 2553 5263 Macedonium
2588 5214 2796 5268 creant,
2818 5206 2911 5276 qui
2944 5203 3140 5259 Filiqu
3186 5203 3349 5256 Patre
3378 5201 3560 5252 mino-

1978 5318 2091 5357 rem
2116 5317 2239 5358 esse
2263 5302 2696 5372 blasphemabat,
2723 5299 2992 5354 damnans
3022 5307 3075 5351 et
3103 5293 3409 5365 ὁμοούσιον,
3430 5308 3563 5346 con-

1532 5482 1765 5537 VAlllAS
1826 5482 2122 5538 LECTION
2132 5482 2235 5537 ES.

360 5682 403 5711 ⁷³
432 5680 808 5735 ἀποκλίναντα
832 5680 899 5733 Α.

293 5752 411 5805 add.
447 5754 514 5805 Α.
595 5750 641 5781 ⁷⁸
678 5749 770 5803 τοῦ
808 5748 1150 5821 ωάθὶιητοῦ]
1176 5751 1265 5801 τὸν
1300 5779 1365 5790 -
1443 5749 1511 5782 ’⁸⁵
1542 5749 1779 5820 ἀθλητήν
1805 5752 1869 5801 Δ.

1008 5680 1052 5711 ⁷*
1084 5677 1493 5732 Κωνσταντίνου
1540 5679 1694 5731 πόλει
1738 5695 1857 5744 γεγ.
1898 5695 1956 5742 ς’.

2056 5678 2100 5709 ⁷⁸
2133 5678 2448 5745 ῦπεστρὲφη
2489 5690 2547 5737 ς.
2667 5673 2710 5703 ⁷⁸
2746 5670 3166 5739 αὐτοπρόσωπος
3192 5685 3251 5734 ς.
3361 5668 3404 5702 ⁷⁷
3433 5668 3559 5722 οὔτε
