3944 6242
433 288 534 355 123

1585 295 1848 357 PHOTII
1887 291 2390 354 PATRIARCHXE
2431 293 2539 353 cp.
3560 291 3648 355 ηρ,

430 404 799 470 substantiola,
831 414 884 460 et
915 404 1177 476 Spiritum
1208 417 1456 463 sanctum
1497 408 1721 461 omnino
1749 423 1778 460 a
1808 405 2003 460 divini-

2111 418 2245 465 σιος,
2273 400 2407 470 ὁμοῦ
2433 401 2618 472 διῆγον
2647 403 2706 455 ἐν
2727 405 2792 473 τῇ
2837 403 3045 478 Ῥώμῃ.
3091 405 3151 458 '0
3185 404 3242 457 δὲ
3285 403 3423 477 ίερδς
3458 403 3653 468 Ἰούλιος

434 503 546 545 tata
587 497 920 550 removebat.
949 498 1252 553 Athanasio
1281 514 1496 568 quoque
1524 515 1677 552 suam
1709 499 2004 566 recipiente

435 583 758 651 Ecclesiam,
791 589 1093 643 Antiochia:
1125 592 1316 645 iterum
1357 593 1746 647 convenientes
1786 592 2008 662 (conve-

433 686 627 729 nerant
672 678 814 730 enim
845 677 1050 734 Julium
1094 681 1404 736 Romanum
1442 684 1681 740 vicissim
1725 685 2006 738 criminari

430 767 696 838 volentes)
757 773 982 841 impium
1035 775 1353 845 Gregorium
1415 780 1626 842 statim,
1681 793 1841 847 quem
1904 778 2005 848 ipsi

432 869 625 926 praeter
647 861 726 916 fas
749 873 803 917 et
827 880 1037 928 acquum
1071 869 1474 935 ordinaverunt,
1502 869 1848 924 Antiochiam
1880 872 2006 925 mit-

433 961 574 1014 tunt,
598 962 652 1006 et
675 953 1012 1010 Alexandriae
1026 959 1312 1026 prtefectus
1345 961 1495 1014 illum
1528 973 1736 1032 septem
1767 964 2006 1020 millibus

432 1042 664 1098 militum
699 1047 944 1102 adduxit.
977 1050 1094 1114 Quo
1144 1052 1382 1120 cognito,
1416 1054 1747 1111 Athanasius
1776 1054 2005 1111 Romam

432 1134 630 1188 iterum
691 1139 1054 1206 adnavigavit.
1085 1141 1437 1198 Alexandrini
1473 1161 1579 1201 non
1609 1146 1844 1203 ferentes
1866 1149 2008 1206 hanc

433 1227 689 1295 injuriam
726 1270 740 1293 ,
795 1231 936 1287 beati
1005 1234 1248 1306 Dionysii
1315 1239 1617 1307 templum,
1670 1254 1780 1294 non
1861 1253 2008 1296 recte

429 1327 612 1371 tamen
673 1319 822 1389 (quid
871 1324 1038 1388 enim,
1077 1326 1121 1378 si
1176 1327 1451 1383 insaniant
1501 1331 1772 1398 homines,
1816 1345 2006 1389 contra

433 1411 606 1478 culpa!
633 1424 905 1480 expertem
953 1423 1214 1472 sumenda
1254 1436 1414 1490 ptena
1455 1423 1597 1493 est?)
1632 1424 2004 1481 incenderunt.

433 1503 786 1560 Constantius
814 1508 1114 1565 Antiochia:
1137 1512 1337 1582 degens
1365 1515 1638 1571 intellecto
1661 1516 1886 1572 Paulum
1914 1535 2009 1575 ve-

432 1596 610 1651 ritatis
639 1613 940 1666 prazconem
970 1607 1199 1673 propriae
1238 1607 1353 1660 sedi
1381 1609 1687 1665 restitutum
1711 1628 1850 1679 esse,
1877 1613 2010 1669 Her-

433 1689 647 1758 tnogeni
670 1691 792 1745 duci
819 1693 871 1746 in
896 1692 1182 1751 Thraciam
1214 1699 1385 1755 misso
1418 1704 1664 1767 mandat,
1683 1713 1740 1758 ut
1768 1705 2007 1760 Ecclesia

432 1793 680 1837 sanctum
716 1787 895 1840 virum
927 1791 1256 1858 expelleret:
1291 1803 1344 1848 et
1375 1794 1464 1849 ille
1492 1796 1713 1865 quidem
1743 1797 2010 1855 Constan-

435 1876 716 1941 tinopolim
783 1879 1004 1934 veniens
1067 1892 1296 1938 conatus
1350 1896 1452 1949 est,
1497 1889 1644 1956 quod
1695 1892 2009 1946 mandatum

431 1973 570 2030 erat,
597 1965 889 2021 nefandum
914 1970 1203 2039 imperium
1225 1977 1470 2042 exsequi.
1493 1977 1732 2048 Populus
1750 1997 1876 2036 vero
1901 1999 2008 2039 non

430 2054 759 2121 patiebatur,
779 2060 908 2126 quin
929 2070 983 2113 et
1003 2062 1226 2116 domum
1258 2065 1404 2121 illius
1430 2069 1692 2136 incendit,
1711 2081 1764 2125 et
1781 2075 2010 2141 pedibus

434 2156 669 2201 tractum
700 2148 977 2206 interﬁcit.
1013 2151 1134 2218 Quo
1156 2159 1397 2226 cognito,
1434 2161 1790 2218 Constantius
1820 2167 2008 2221 urbem

430 2233 751 2305 ingreditur,
800 2252 1162 2313 sanctumque
1215 2245 1442 2300 Paulum
1501 2254 1740 2321 eXpellit.
1822 2254 2010 2312 Moltat

431 2329 619 2382 urbem
651 2330 949 2395 frumento,
972 2335 1226 2391 auferens
1251 2340 1358 2394 illis
1383 2342 1510 2396 doni
1534 2347 1846 2410 dimidium,
1866 2354 2008 2418 quod

430 2418 828 2477 Constantinus
849 2425 1089 2483 clemens
1108 2429 1214 2486 illis
1231 2433 1472 2490 dederat.
1495 2434 1624 2489 Erat
1646 2453 1774 2492 vero
1795 2456 2009 2496 summa

430 2514 698 2581 muneris,
739 2531 907 2584 panes
948 2519 1107 2574 diarii
1165 2526 1406 2594 octogies
1432 2528 1598 2583 mille.
1636 2530 1814 2586 Iratus
1842 2542 1925 2587 est
1956 2543 2011 2588 et

432 2602 770 2674 Macedonio,
817 2625 926 2664 non
969 2613 1148 2668 solum
1199 2618 1347 2686 quod
1397 2635 1456 2674 se
1512 2623 1682 2677 invito
1725 2626 2009 2681 ordinatus

431 2708 600 2764 esset,
644 2703 737 2755 sed
774 2703 936 2759 etiam
973 2707 1042 2760 ob
1066 2708 1260 2775 caedes,
1297 2725 1532 2779 quarum
1568 2715 1684 2784 ipse
1716 2721 2007 2776 seditiosus

431 2803 626 2846 auctor
678 2797 980 2852 exstiterat.
1028 2798 1232 2856 Tamen
1287 2805 1607 2875 relinquens
1639 2809 1791 2864 illum
1825 2813 1878 2866 in
1909 2814 2009 2868 Ec-

431 2883 618 2948 clesia,
672 2886 725 2940 in
779 2903 885 2955 qua
941 2891 1224 2949 ordinatus
1265 2908 1401 2960 erat,
1432 2897 1630 2970 4751)
1657 2902 2006 2962 Antiochiam

431 2977 674 3032 revertit.
730 2980 952 3036 Divinos
996 2984 1199 3042 Paulus
1252 2989 1472 3058 quidem
1521 2993 1716 3048 iterum
1775 2996 2005 3053 Romam

2110 497 2476 562 συκοφαντίαν
2526 491 2664 549 εἶναι
2711 496 2900 567 μαθών
2946 498 3016 551 τά
3064 499 3192 569 περὶ
3234 497 3342 552 τῶν
3375 498 3654 568 ἀρχιερέων

2109 589 2496 657 πεπραγμένα,
2535 589 2860 658 γράμμασιν
2901 591 3097 654 αὐτοὺς
3125 589 3408 660 ὀχυρώσας
3451 591 3538 642 ἐπὶ
3567 589 3656 658 τὴν

2121 679 2408 750 Ἀνατολὴν
2421 681 2757 744 ἀποστέλλει,
2773 681 2862 734 τὸν
2887 684 3084 735 οἰκεῖον
3107 683 3323 752 ἑκάστῳ
3339 681 3519 751 θρόνον
3539 683 3657 735 ἀπο-

2107 771 2280 834 διδοὺς
2337 771 2432 826 καὶ
2481 773 2577 826 σὺν
2617 772 2738 844 δίκῃ
2783 772 3107 844 αἰτιώμενος
3155 774 3282 836 τοὺς
3330 772 3658 835 καθελόντας.

2107 863 2218 916 Καὶ
2267 864 2368 925 τὰς
2415 864 2512 934 μὲν
2566 866 2773 929 οἰκείας
2825 865 3120 934 ἐκκλησίας
3179 863 3657 934 ἀναλαμϐάνουσιν,

2107 953 2242 1007 ἀλλά
2291 957 2382 1008 καὶ
2425 955 2525 1017 τὰς
2571 955 2858 1019 ἐπιστολάς
2887 951 2970 1020 οἷς
2997 956 3320 1026 ἐγράφησαν
3344 955 3662 1024 διαπέμπον-

2107 1063 2218 1100 ται.
2243 1048 2352 1100 Καὶ
2379 1047 2641 1100 Εὑσεϐίου
2670 1049 2769 1118 μὲν
2795 1048 3229 1119 ἀποφθαρὲντος,
3247 1047 3455 1110 Παῦλος
3482 1048 3558 1110 είς
3581 1047 3662 1101 τὸν

2107 1139 2304 1190 οἰκεῖον
2338 1137 2526 1208 θρόνον
2559 1138 3016 1202 ἀποκαθίσταται,
3041 1139 3092 1192 οἱ
3120 1139 3165 1191 δ’
3195 1138 3588 1208 ἀρειανίςοντες
3613 1139 3664 1190 ἐν

2107 1231 2173 1298 τῇ
2204 1227 2297 1280 νῦν
2320 1228 2588 1300 λεγομένῃ
2638 1229 2730 1281 ἐπὶ
2768 1228 2980 1282 Παῦλον
3010 1228 3281 1297 ἐκκλησίᾳ
3316 1227 3665 1299 χειροτονοῦσι

2107 1323 2199 1373 τὸν
2231 1321 2580 1388 Μακεδόνων,
2610 1321 2669 1385 ὃς
2714 1323 2806 1374 τὸν
2837 1321 2966 1375 Υίὸν
2995 1321 3094 1391 μὲν
3121 1319 3197 1391 τῷ
3223 1319 3400 1392 Πατρὶ
3431 1319 3667 1388 ἀνόμοιον

2108 1416 2474 1486 ἐϐλασφήμει,
2523 1416 3020 1487 παραγραφόμενος
3053 1417 3116 1470 τὸ
3153 1417 3500 1486 ὀμοούσιον,
3538 1415 3595 1466 τὸ
3619 1413 3670 1467 δὲ

2110 1507 2376 1576 πανάγιον
2407 1506 2634 1578 Πνεῦμα
2662 1507 2939 1570 παντελῶς
2969 1507 3249 1577 ἀλλότριον
3276 1506 3376 1575 τῆς
3415 1505 3668 1575 θεότητος.

2123 1598 2440 1654 Ἀθανασίου
2467 1599 2524 1653 δὲ
2544 1599 2642 1670 τὴν
2671 1598 2807 1653 ἰδίαν
2829 1599 3188 1663 ἀναλαϐόντος
3220 1598 3535 1664 ἐκκλησίαν,
3561 1598 3672 1650 οίὲν

2124 1692 2428 1763 Ἀντιοχείᾳ
2471 1693 2633 1746 πάλιν
2673 1693 3085 1764 συνεδρεύοντες
3119 1692 3234 1761 (καὶ
3267 1691 3378 1762 γὰρ
3425 1690 3672 1762 συνῄεσαν

2110 1785 2463 1852 ἀντεγκαλεῖν
2510 1785 2919 1858 ἐπιχειροῦντες
2961 1784 3164 1855 Ἰουλίῳ
3202 1785 3282 1854 τῷ
3315 1783 3552 1854 Ῥώμης)
3591 1784 3673 1836 τὸν

2108 1875 2342 1945 δυσσεϐῆ
2375 1877 2679 1948 Γρηγόριον
2713 1877 2803 1929 διὰ
2831 1877 3048 1947 τάχους,
3078 1876 3137 1930 ὃν
3173 1877 3330 1929 αὑτοὶ
3360 1876 3674 1946 παρανόμως

2110 1971 2547 2040 ἐχειροτόνησαν,
2590 1973 2671 2034 εἰς
2707 1971 2806 2041 τὴν
2850 1971 3127 2040 Ἀντιόχου
3161 1973 3206 2004 ⁷³
3250 1969 3675 2024 ἀποστέλλουσι’

2109 2063 2206 2116 καὶ
2231 2065 2471 2134 κατῆγεν
2515 2065 2676 2117 αὑτὸν
2717 2065 2746 2117 6
2773 2064 2872 2134 τῆς
2913 2061 3324 2134 Ἀλεξανδρείας
3362 2060 3677 2132 στρατηγὸς.

2109 2155 2552 2225 ἑπτακισχιλίους
2579 2155 2807 2226 στρατὸν
2833 2155 3194 2226 ἐπαγόμενος.
3232 2156 3301 2208 Ὃ
3332 2153 3519 2226 μαθὼν
3535 2151 3681 2204 Ἀθαο

2107 2249 2294 2310 νάσιος
2319 2249 2399 2311 εἰς
2431 2249 2530 2316 τὴν
2563 2247 2784 2317 Ῥώμην
2819 2248 2981 2302 πάλιν
3007 2246 3377 2300 ἀπέπλευσεν.
3419 2246 3479 2298 '0
3507 2245 3561 2296 δὲ
3586 2243 3682 2296 τῶν

2122 2340 2518 2410 Ἀλεξανδρέων
2569 2339 2698 2404 λαὸς
2750 2341 2851 2394 οὑκ
2891 2339 3139 2410 ἐνεγκὼν
3180 2339 3242 2392 τὸ
3268 2339 3566 2409 ἔκθεσμον,
3595 2336 3685 2404 τὴν

2108 2433 2452 2503 καλουμένην
2481 2432 2756 2486 Διονυσίου
2787 2432 3105 2502 ἐκκλησίαν,
3134 2433 3234 2486 οὑκ
3259 2433 3446 2503 ὀρθῶς
3479 2428 3684 2484 ποιοῦν-

2106 2543 2198 2590 τες
2225 2525 2296 2596 (τί
2320 2526 2450 2597 γὰρ,
2470 2527 2518 2578 εί
2553 2527 2861 2596 μεμήνασιν
2892 2524 3188 2596 ἄνθρωποι,
3219 2523 3370 2578 κατά
3403 2522 3499 2576 τοῦ
3533 2520 3688 2593 μηδὲν

2107 2616 2428 2687 ἠδικηκότος
2454 2617 2500 2648 ⁸ο
2545 2617 2624 2670 δεῖ
2654 2618 2754 2688 τὴν
2787 2618 3002 2687 ἄμυναν
3045 2614 3313 2688 φέρειν;)
3367 2615 3686 2686 ἐνέπρησαν.

2107 2709 2386 2763 Μανθάνει
2416 2710 2461 2763 δ’
2494 2713 2522 2763 6
2547 2710 2928 2774 Κωνστάντιος
2956 2713 3016 2763 ἐν
3057 2709 3371 2781 Ἀντιοχείᾳ
3395 2709 3599 2775 διάγων
3621 2705 3688 2768 ὡς

2108 2801 2321 2864 Παῦλος
2343 2804 2372 2855 ὁ
2402 2801 2501 2872 τῆς
2532 2802 2790 2872 ἀληθείας
2819 2801 2994 2872 κῆρυξ
3031 2803 3110 2864 είς
3133 2800 3223 2852 τὸν
3289 2801 3427 2854 ἴδιον
3456 2799 3691 2853 ἀπεκατ·

2111 2895 2242 2966 έστη
2257 2895 2298 2927 ⁸⁸
2315 2895 2524 2965 θρόνον,
2559 2895 2653 2948 καὶ
2677 2893 3000 2967 Ἑρμογένει
3030 2894 3108 2964 τῷ
3135 2893 3498 2964 στρατηλάτῃ
3527 2888 3695 2946 ἐντέλ-

2107 2987 2281 3052 λεται,
2326 2988 2418 3041 ἐπὶ
2479 2989 2550 3041 τά
2615 2988 2713 3058 τῆς
2770 2988 2994 3059 Θρᾴκης
3057 2985 3482 3055 ἐκπεμπομένῳ
3541 2983 3691 3053 μέρη,

429 3067 818 3137 proﬁciscitur,
844 3083 896 3127 et
937 3075 1296 3133 Athanasium
1329 3085 1605 3139 convenit.
1631 3084 1819 3143 Refert
1840 3090 2003 3161 igitur

2110 3079 2381 3149 ἐξωθῆσαι
2412 3080 2501 3133 τὸν
2533 3080 2682 3132 ὅσιον
2730 3080 2829 3148 τῆς
2880 3077 3199 3169 ἐκκλησίας.
3233 3076 3355 3130 Καὶ
3394 3078 3424 3130 6
3467 3075 3572 3169 μὲν
3607 3072 3697 3140 τὴν

429 3157 680 3216 Romano
730 3166 967 3233 pontiﬁci
1029 3185 1150 3239 qua:
1211 3188 1406 3241 passus
1454 3187 1718 3243 esset,et
1765 3198 2004 3250 rursum,

428 3253 549 3322 ejus
607 3265 661 3311 et
707 3255 1026 3316 Constantis
1091 3263 1436 3332 imperatoris
1493 3272 1738 3325 munitus
1790 3274 2006 3340 litteris,

427 3348 612 3401 statim
657 3354 902 3418 revertit,
930 3363 984 3408 et
1016 3357 1126 3410 sedi
1165 3374 1280 3414 sua:
1305 3377 1430 3414 cum
1465 3378 1655 3432 magna
1691 3366 1842 3421 urbis
1882 3383 2006 3422 eum

432 3438 746 3504 recipientis
765 3441 1039 3510 voluptate
1067 3447 1390 3502 restituitur.
1406 3449 1762 3508 Constantius
1789 3471 2005 3510 rursum

435 3530 984 3598 indignatus,itcrum
1018 3537 1270 3592 exsulare
1301 3553 1561 3610 perpetuo
1587 3545 1758 3613 jubet.
1795 3549 2004 3603 Etenim

435 3617 718 3690 Philippus
762 3624 1045 3688 praefectus
1074 3628 1179 3683 hoc
1203 3630 1517 3696 admittens,
1553 3648 1801 3692 sanctum
1829 3641 2004 3695 virum

432 3711 488 3763 in
528 3713 778 3766 exsilium
848 3717 1137 3788 ablegavit,
1171 3732 1224 3776 et
1258 3722 1635 3781 Macedoniam
1672 3732 1843 3784 sancti
1881 3731 2007 3802 Spi-

427 3804 566 3859 ritus
597 3805 1028 3878 impugnatorem
1063 3814 1116 3867 in
1152 3815 1393 3872 Ecclesia
1421 3823 1651 3889 reponit.
1672 3821 1880 3879 Exsilio
1908 3843 2006 3880 au-

427 3907 533 3950 tem
585 3900 774 3966 pulsus
797 3913 1012 3959 estnon
1053 3918 1257 3976 aperte,
1284 3913 1378 3966 sed
1427 3915 1661 3970 occulte.
1694 3913 1831 3970 Nam
1866 3917 2003 3973 Her-

426 3991 671 4058 mogenis
702 3992 953 4050 interitus
985 4001 1302 4066 prudentius
1335 4019 1449 4057 rem
1487 4022 1675 4075 gerere
1694 4005 2002 4081 Philippum

425 4081 706 4139 docuerat.
754 4085 1064 4146 Honorifice
1111 4094 1256 4146 enim
1311 4094 1405 4149 Dei
1435 4099 1748 4169 episcopum
1776 4101 2000 4157 Paulum

425 4171 496 4226 ad
550 4175 804 4230 balneum
853 4190 1033 4245 vocat,
1061 4184 1204 4252 quod
1239 4183 1503 4256 Zeuxippi
1535 4190 1859 4259 appellatur,
1891 4203 2005 4247 tan-

424 4279 588 4332 quam
625 4266 692 4321 de
738 4269 900 4324 rebus
942 4274 1154 4339 publice
1186 4277 1484 4343 profuturis
1521 4290 1576 4334 et
1619 4282 1838 4338 arcanis
1869 4300 2002 4339 con-

423 4357 618 4412 sulturi
645 4371 848 4415 essent.
881 4363 1008 4417 Inde
1036 4365 1104 4419 ad
1144 4367 1492 4436 imperatoris
1527 4373 1786 4442 palatium
1812 4377 1999 4444 mittit,

2111 3173 2521 3229 Κωνσταντίνου
2561 3173 2774 3242 φθάσας
2819 3171 2974 3225 πόλιν
3033 3168 3400 3233 ἐσπούδαζεν,
3543 3180 3698 3236 προσ-

2111 3269 2369 3320 ετέτακτο
2409 3266 2669 3339 πράττειν
2709 3265 2770 3316 τὸ
2818 3263 3084 3332 ἔκθεσμον
3108 3277 3123 3294 ⁶
3165 3261 3227 3315 τὸ
3272 3262 3334 3315 δὲ
3375 3260 3582 3329 πλῆθος
3607 3256 3700 3309 οὐκ

2110 3359 2378 3429 ἠνείχετο,
2409 3357 2544 3410 ἀλλά
2576 3357 2671 3410 καὶ
2694 3358 2791 3425 τὴν
2815 3354 2943 3427 [774
2979 3353 3070 3426 Η.]
3106 3353 3292 3407 οἰκίαν
3330 3351 3501 3408 αὑτοῦ
3539 3365 3698 3405 κατα·

2112 3452 2327 3504 καίουσι
2354 3451 2449 3503 καὶ
2477 3449 2639 3502 αὑτὸν
2676 3448 2934 3519 σύροντες
2969 3446 3375 3519 διαφθείρουσι.
3418 3443 3626 3500 Μαθὼν
3653 3443 3703 3495 δὲ

2109 3543 2266 3596 τοῦτο
2313 3541 2695 3603 Κωνστάντιος
2737 3541 2900 3604 αὑτὸς
2935 3537 3363 3609 καταλαμϐάνει
3404 3537 3506 3606 τὴν
3535 3535 3702 3598 πόλιν,

2108 3639 2204 3693 καὶ
2234 3639 2326 3691 τὸν
2359 3638 2456 3709 μὲν
2495 3639 2641 3690 ὅσιον
2683 3635 2896 3690 Παῦλον
2931 3636 3134 3705 ταύτης
3160 3633 3206 3665 ⁸⁸
3237 3633 3578 3697 ἀπελαύνει,
3616 3631 3706 3700 ζη-

2113 3735 2227 3801 μιοῖ
2263 3731 2318 3783 δὲ
2359 3730 2452 3784 καὶ
2484 3731 2583 3798 τὴν
2611 3729 2792 3794 πόλιν,
2831 3728 2893 3782 τὸ
2923 3727 3233 3796 σιτηρέσιον
3270 3721 3502 3796 ἀφελὼν
3543 3724 3705 3793 αὑτῆς

2107 3824 2168 3875 τὸ
2196 3822 2368 3892 ἥμισυ
2397 3822 2498 3891 τῆς
2531 3822 2762 3892 δωρεᾶς,
2796 3821 2866 3891 ἢν
2905 3822 2936 3874 6
2984 3817 3379 3889 φιλάνθρωπος
3413 3821 3702 3872 Κώνσταν-

2105 3917 2248 3975 τίνος
2289 3913 2428 3984 αὐτῇ
2470 3912 2814 3983 ἐδωρήσατο·
2873 3905 2942 3980 ἦν
2979 3909 3039 3962 δὲ
3077 3908 3137 3962 τὸ
3179 3908 3307 3962 ὅλον
3348 3909 3454 3978 τῆς
3498 3906 3702 3976 δωρεάς

2107 4005 2398 4077 ἡμερήσιοι
2457 4006 2612 4076 ἄρτοι
2664 4003 2924 4074 μυριάδες
2976 3999 3142 4053 ὀκτώ.
3189 4000 3491 4098 ’ρργίςετο
3527 3997 3708 4098 δὲκαὶ

2106 4099 2247 4152 κατά
2277 4097 2635 4161 Μακεδονίου,
2661 4097 2722 4148 οὐ
2759 4095 2920 4165 μόνον
2959 4093 3041 4146 ὅτι
3077 4092 3229 4163 παρὰ
3253 4093 3518 4163 ξγνώμην
3549 4090 3710 4144 αὑτοῦ

2105 4191 2536 4262 κεχειροτόνητο,
2567 4188 2703 4242 ἀλλά
2742 4188 2837 4240 καὶ
2869 4188 2958 4240 διὰ
3003 4187 3131 4248 τοὺς
3161 4185 3370 4253 φόνους
3390 4226 3406 4249 ,
3441 4179 3522 4238 ὧν
3553 4181 3711 4243 αὐτὸς

2106 4284 2412 4350 στασιάζων
2447 4284 2675 4352 γέγονεν
2713 4281 2882 4343 αἴτιος
2905 4297 2918 4309 ·
2949 4281 3099 4349 ὅμως
3125 4277 3218 4331 οῦν
3242 4279 3428 4342 ἐάσας
3463 4278 3632 4331 αὑτὸν
3661 4278 3714 4328 ἐν

2104 4371 2138 4450 ᾗ
2166 4376 2433 4446 ἐκκλησίᾳ
2461 4373 2562 4444 τὴν
2589 4372 2930 4441 χειροτονίαν
2965 4369 3155 4426 ὑπέδυ,
3183 4369 3264 4430 είς
3285 4370 3395 4438 τὴν
3433 4366 3713 4436 Ἀντιόχου

420 4458 474 4502 et
503 4451 699 4506 exinde
728 4451 1175 4512 Thessalonicam
1232 4460 1286 4514 iu
1335 4462 1453 4526 eius
1481 4466 1861 4538 majorumque
1904 4487 2002 4539 pa-

2107 4467 2443 4538 ἐξώρμησεν.
2490 4468 2546 4518 ’0
2589 4465 2773 4533 μέντοι
2816 4463 3105 4524 θεσπέσιος
3152 4459 3380 4524 Παῦλος
3433 4461 3607 4515 πάλιν
3658 4457 3716 4510 τὸ

421 4541 604 4596 trium.
624 4543 757 4599 Hinc
779 4547 844 4599 ad
869 4547 1108 4606 Orientis
1137 4563 1318 4621 partes
1341 4555 1515 4610 redire
1537 4573 1777 4628 unquam
1806 4564 1997 4627 vetuit,

423 4648 526 4690 nec
573 4637 640 4691 ad
690 4639 898 4696 vicinas
937 4645 1120 4699 urbes.
1153 4645 1354 4716 impius
1389 4648 1760 4720 Macedonius,
1790 4667 1997 4711 armata

427 4728 478 4780 vi
511 4729 754 4798 adjutus,
785 4743 839 4786 et
874 4751 979 4789 una
1010 4753 1130 4792 curm
1167 4740 1423 4808 praefecto
1448 4755 1636 4800 vectus
1656 4786 1669 4809 ,
1699 4747 1790 4801 Dei
1816 4746 2000 4803 Eccle-

426 4815 563 4870 siam
591 4817 818 4875 invadit.
846 4822 1008 4879 Multa
1039 4828 1218 4882 editur
1250 4841 1480 4901 strages,
1518 4843 1572 4888 et
1601 4835 1703 4888 tria
1740 4836 1908 4890 millia
1935 4852 1998 4891 ac

423 4909 820 4982 quinquaginta
871 4918 1219 4983 occiduntur,
1251 4933 1305 4976 et
1361 4926 1756 4981 catholicorum
1830 4929 1964 4984 credi

419 5000 522 5056 bus
568 5012 647 5056 ter
692 5012 1058 5065 exsecrandus
1093 5014 1476 5085 inauguratur.
1504 5017 1706 5072 Eodem
1755 5028 1997 5088 tempore

421 5099 778 5157 Constantius
813 5120 1068 5174 magnum
1109 5111 1392 5179 templum,
1422 5111 1508 5164 cui
1538 5127 1734 5166 nomen
1771 5112 1864 5165 Dei
1899 5111 1998 5166 So-

414 5197 561 5264 phia,
593 5198 982 5255 exazdiﬁcarat.
1017 5203 1079 5256 Et
1108 5204 1328 5259 divinus
1361 5205 1564 5260 Paulus
1595 5207 1758 5275 paulo
1784 5215 1912 5275 post
1940 5206 1994 5258 in

415 5282 620 5340 italiam
668 5289 888 5342 tertium
921 5291 1221 5357 contendit,
1259 5302 1315 5346 et
1362 5293 1722 5348 Athanasium
1762 5293 1996 5346 commi-

413 5377 636 5434 litonem
678 5383 782 5437 sibi
804 5386 1126 5455 adjungens,
1155 5386 1438 5442 Constanti
1483 5386 1800 5456 imperatori
1837 5385 1994 5440 Occi-

2102 4560 2355 4629 δεύτερον
2384 4557 2795 4627 καταλαμϐάνει
2824 4556 2924 4625 τὴν
2962 4553 3203 4624 Ῥώμην,
3247 4554 3353 4605 καὶ
3399 4549 3716 4619 ’Λθανασίῳ

2105 4653 2289 4723 συνῆν.
2330 4651 2621 4720 Ἀναφέρει
2669 4647 2800 4717 γοῦν
2830 4647 2866 4701 ἃ
2901 4645 3159 4699 πέπονθοι
3201 4644 3283 4714 τῷ
3326 4645 3588 4716 Ῥώμης,
3628 4643 3721 4697 καὶ

2101 4742 2257 4808 αὖθις
2289 4747 2404 4808 τοῖς
2429 4743 2560 4814 παρ’
2581 4742 2768 4807 αὐτοῦ,
2794 4741 2875 4793 ἔτι
2905 4740 2963 4794 δὲ
3003 4739 3099 4792 καὶ
3131 4741 3246 4800 τοῖς
3274 4739 3661 4800 Κώνσταντος
3675 4737 3720 4768 ⁸³

2101 4838 2193 4892 τοῦ
2248 4837 2512 4908 βασιλέως
2562 4834 2966 4905 κατοχυρωθεὶς
3010 4832 3333 4901 γράμμασι,
3385 4831 3721 4904 παραυτίκα

2100 4949 2159 4984 τε
2180 4929 2227 4962 ⁸⁸
2256 4929 2503 4983 ἐπάνεισι
2524 4931 2619 4982 καὶ
2651 4927 2727 4997 τῷ
2754 4927 2940 4998 οἰκείῳ
2963 4924 3157 4995 θρόνῳ,
3197 4922 3349 4991 μετά
3375 4923 3596 4991 πολλῆς
3623 4922 3720 4974 αὑ·-

2100 5022 2194 5074 τὸν
2224 5019 2492 5090 Θυμηδίας
2518 5019 2618 5087 τῆς
2646 5018 2854 5081 πόλεως
2875 5015 3312 5086 ὑποδεξαμένης,
3347 5015 3723 5086 ἐγκαθιδρύε-

2100 5130 2210 5166 ται.
2237 5112 2347 5164 Καὶ
2377 5110 2541 5163 πάλιν
2571 5109 2870 5180 περιοργὴς
2902 5110 2930 5161 ὁ
2954 5105 3370 5170 Κωνστάντιος,
3413 5107 3519 5159 καὶ
3554 5106 3722 5160 πάλιν

2102 5203 2432 5274 πρόσταγμα
2461 5203 2540 5264 εἰς
2563 5199 2863 5271 ὑπερορίαν
2889 5197 3020 5266 ἄγον
3049 5195 3139 5248 τὸν
3166 5194 3584 5265 ἀοίδιμον.Καὶ
3613 5197 3726 5267 γὰρ

2097 5295 2261 5348 τοῦτο
2303 5292 2598 5362 δεξάμενος
2643 5294 2670 5344 6
2718 5290 2963 5360 ὕπαρχος
2994 5286 3268 5347 Φίλιππος
3312 5286 3578 5374 δξορίζει
3623 5288 3725 5357 μὲν

2099 5388 2190 5440 τὸν
2223 5388 2389 5454 ὅσιον,
2419 5385 2840 5455 ἀντικαθίστησι
2872 5381 2929 5434 δὲ
2957 5382 3024 5452 τῇ
3067 5377 3163 5431 τοῦ
3205 5375 3365 5433 Θεοῦ
3404 5380 3727 5453 Ἐκκλησία

1662 5590 1901 5646 VABUE
1957 5588 2362 5644 DECTIONES.

487 5681 532 5711 "
568 5683 870 5789 Ἀντιόχου]Ι
891 5689 1011 5789 into1
1037 5689 1410 5789 ’ἔλληξανδρουῖ

487 5761 667 5789 riu-inn
701 5773 738 5789 ρ
879 5764 895 5789 ι
931 5777 981 5789 ρ..
1081 5760 1100 5789 λ
1250 5777 1334 5789 ...η

422 5761 667 5807 σταντιου
701 5773 761 5820 ς.
851 5760 895 5791 ⁸³
931 5760 1012 5831 τε]
1045 5760 1102 5815 δέ
1135 5761 1199 5816 A.
1249 5777 1358 5815 υιιι.
1403 5760 1460 5815 Β.

1520 5689 1566 5720 ⁸⁸)
1596 5685 1942 5760 ἠδικηκότος]
1976 5686 2110 5743 adde
2135 5687 2284 5742 ναοῦ.
2367 5688 2407 5720 ⁶¹
2441 5685 2789 5754 ἀποκατέστη
2841 5701 2899 5747 ς.
2979 5683 3022 5714 ⁸³
3053 5680 3219 5750 αὺτῆἥ
3261 5681 3337 5736 Λ-

3455 5686 3508 5717 ³³
3547 5687 3715 5738 Κων-
