3966 6240
338 321 446 386 125

1364 325 1890 389 BIBLlOTlIECA.
1932 353 1996 361 —
2035 323 2198 384 COD.
2225 323 2493 383 CCLVII.

3514 317 3617 380 176

333 434 431 482 τὸν
460 428 923 503 πνευματομάχον
956 435 1310 490 Μακεδόνιον.
1346 436 1507 509 [1424
1525 435 1619 508 R.]
1651 435 1724 488 Τὸ
1751 436 1806 487 δὲ
1833 434 1931 504 τῆς

2053 433 2215 488 lentis
2238 431 2444 493 omnia,
2477 446 2601 500 qua:
2639 430 2789 499 passi
2820 438 3026 493 essent,
3066 439 3310 485 narrant.
3345 430 3443 485 Hie
3472 444 3619 485 atro-

341 519 639 591 ὑπερορίας
659 524 761 575 οὐκ
789 525 854 576 ἐκ
880 524 973 576 τοῦ
1002 525 1279 595 ἐμφανοῦς
1309 527 1423 579 ἀλλ’
1451 526 1510 590 ἐξ
1536 524 1760 595 ἐνέδρας
1790 541 1922 594 προ-

335 612 530 679 ἦλθεν·
584 614 613 665 6
660 614 771 684 γὰρ
812 615 905 668 τοῦ
935 617 1191 685 Ὀρέστου
1216 622 1260 653 ⁸⁵
1297 623 1492 693 φθόρος
1521 624 1567 655 ³⁸
1614 622 1922 692 σοφώτερον

336 704 728 776 κακουργῆσαι
764 708 855 761 τὸν
898 711 1163 765 Φίλιππον
1194 714 1589 785 ἀπειργάσατο.
1625 716 1737 769 Καὶ
1770 716 1927 768 καλεῖ

338 798 443 864 μὲν
471 800 570 851 σὺν
596 802 734 870 τιμῇ
760 802 853 854 τὸν
877 802 970 855 τοῦ
1000 803 1134 856 Θεοῦ
1164 806 1424 877 ἀρχιερέα
1453 808 1531 870 εἰς
1564 808 1625 860 τὸ
1676 806 1921 877 λουτρὸν,

333 882 382 957 ᾧ
405 890 700 959 ἐπώνυμον
738 893 766 945 6
800 893 1122 961 Ζεύξιππος,
1147 896 1221 959 ώς
1254 899 1346 949 ἐπὶ
1377 898 1728 966 κοινωφελέσι
1769 898 1927 969 δῆθεν

335 985 436 1033 καὶ
472 986 758 1051 μυστικοῖς
796 984 1127 1056 βουλεύμασι
1152 1005 1165 1018 ο
1213 990 1465 1042 κάκεῖθεν
1514 992 1594 1054 είς
1636 995 1736 1055 τὰς
1770 990 1927 1061 βασι-

337 1070 517 1133 λείους
550 1073 830 1139 ἐκπέμπει
860 1075 1047 1139 αὐλὰς,
1077 1078 1171 1130 καὶ
1208 1078 1276 1131 δι’
1302 1080 1482 1133 αὐτῶν
1523 1084 1580 1134 ἐν
1613 1086 1693 1151 τῇ¹
1718 1082 1928 1135 Θεσσα-

344 1160 555 1231 λονικῇ,
581 1164 651 1233 ἢν
674 1166 770 1217 καὶ
798 1168 845 1218 οἱ
869 1167 1032 1220 αὐτοῦ
1073 1170 1324 1239 πρόγονοι
1355 1174 1593 1243 πατρίδα
1623 1169 1788 1244 εἶχον.
1822 1174 1930 1226 Καὶ

352 1256 464 1315 τοῖς
490 1254 585 1322 μὲν
604 1256 702 1324 τῆς
732 1257 997 1326 ἀνατολῆς
1025 1261 1321 1316 ἐπιϐαίνειν
1354 1264 1575 1333 μέρεσιν
1602 1266 1929 1329 ἐκεκώλυτο,

352 1349 471 1408 ταῖς
500 1347 558 1399 δὲ
589 1348 1023 1419 πλησιαζούσαις
1055 1354 1275 1407 πόλεσιν
1308 1356 1512 1409 οὐκέτι,
1546 1357 1656 1408 Καὶ
1689 1360 1716 1409 6
1744 1358 1934 1410 δυσσε-

350 1438 451 1507 ϐὴς
494 1441 833 1506 Μακεδόνως
878 1448 1277 1515 στρατιωτικῆς
1308 1449 1490 1518 χειρὸς
1532 1449 1932 1518 ὑπηρετούσης,

347 1531 445 1582 καὶ
479 1534 948 1603 συνεποχούμενος
1005 1536 1082 1605 τῷ
1124 1537 1373 1608 ὑπάρχῳ,
1424 1541 1502 1602 είς
1542 1541 1643 1608 τὴν
1675 1540 1767 1592 τοῦ
1799 1540 1933 1592 Θεοῦ

347 1623 650 1694 ἐκκλησίαν
704 1629 1127 1697 παρεισδύεται’
1169 1632 1264 1685 καὶ
1311 1633 1469 1701 φόνος
1506 1632 1715 1703 γίνεται
1747 1632 1932 1697 πολὺς,

345 1718 449 1785 τῆς
468 1716 770 1787 διαφθορᾶς
796 1720 878 1781 είς
909 1722 1244 1793 πεντήκοντα
1272 1725 1368 1776 καὶ
1395 1724 1726 1794 τρισχιλίους
1754 1741 1935 1794 παρα-

2030 527 2113 578 cia
2152 539 2274 593 quae
2302 523 2692 577 sustinuissent
2717 523 2981 575 attentius
3016 537 3140 575 cum
3172 524 3436 588 audisset,
3464 524 3618 578 fratri

2032 617 2242 681 scribit,
2270 625 2381 670 tres
2412 626 2467 668 ttt
2490 614 2555 668 ad
2589 630 2648 669 se
2678 614 2915 669 Orientis
2946 614 3187 683 episcopi
3221 617 3492 680 venirent,
3522 618 3617 687 qui

2032 709 2297 761 rationem
2343 704 2631 758 redderent
2672 716 2858 755 eorum
2893 716 3015 769 qua:
3049 703 3311 757 adversus
3372 703 3619 758 Αιιιῃηει.

2033 795 2174 850 sinm
2231 802 2285 847 et
2346 791 2571 844 Paulum
2634 789 2755 844 ausi
2820 787 3076 849 fuissent,
3108 801 3161 843 et
3205 793 3463 861 scriptam
3498 791 3622 846 ﬁdei

2033 886 2432 958 professionem
2506 901 2610 938 una
2669 886 2944 938 afferrent.
2993 886 3277 938 Mittuntur
3327 901 3459 938 vero
3504 885 3621 955 epi-

2035 974 2465 1044 scopiquatuor,
2507 972 2796 1027 Narcissus
2837 970 3361 1035 Cilix,Theodorus
3413 971 3620 1036 Thrax,

2035 1068 2200 1121 Maris
2260 1064 2699 1128 Chalcedonius,
2750 1064 2927 1119 Maras
2988 1062 3179 1135 Syrus.
3231 1062 3295 1117 Hi
3352 1079 3457 1117 non
3506 1062 3625 1118 ausi

2038 1166 2260 1217 fuerunt
2280 1158 2533 1214 conferre
2561 1172 2839 1212 sermones
2874 1172 2999 1210 eum
3025 1156 3327 1208 Athanasio
3348 1163 3401 1208 et
3428 1153 3621 1216 Paulo,

2038 1256 2198 1311 ﬁdem
2226 1268 2356 1307 vero
2391 1267 2555 1322 quam
2602 1262 2758 1305 erant
2804 1249 3109 1303 Antiochiae
3146 1246 3380 1316 professi
3440 1246 3626 1300 occul-

2040 1357 2242 1412 tantes,
2270 1346 2543 1413 aliamque
2568 1352 2980 1412 componentes,
3013 1356 3135 1409 quae
3168 1347 3409 1407 apertam
3442 1350 3627 1405 repre-

2042 1423 2363 1492 hensionem
2404 1434 2683 1504 eﬁ‘ugeret,
2734 1432 2827 1485 sed
2871 1441 3050 1483 tamen
3078 1428 3139 1481 τὸ
3171 1426 3477 1496 ὁμοούσιον,
3511 1440 3630 1477 con-

2041 1527 2393 1583 substantiale
2416 1542 2520 1580 non
2545 1525 2955 1588 conﬁterentur,
2972 1521 3081 1591 regi
3112 1522 3335 1573 tradunt
3358 1517 3558 1590 576a
3574 1526 3630 1570 ct

2043 1624 2179 1678 nihil
2220 1606 2454 1691 amplius
2501 1632 2676 1687 neque
2707 1626 2949 1686 agentes,
2983 1630 3158 1682 neque
3191 1613 3360 1682 passi,
3392 1624 3631 1664 recessev

2047 1724 2193 1770 runt.
2247 1713 2507 1769 Triennio
2554 1711 2793 1773 evoluto,
2840 1722 3059 1761 rursum
3104 1704 3348 1760 Orientis
3389 1700 3631 1771 episcopi

347 1806 634 1877 ταθείσης.
663 1811 759 1862 καὶ
792 1814 912 1874 ταῖς
933 1812 1042 1866 τῶν
1068 1814 1414 1884 Χριστιανῶν
1448 1819 1684 1885 σφαγαῖς
1727 1818 1755 1869 6
1782 1833 1935 1885 τρισ-

2053 1809 2374 1864 :onveniunt
2409 1848 2424 1872 ,
2466 1805 2740 1871 aliamque
2781 1802 2940 1854 ﬁdem
2990 1801 3315 1861 decernunt,
3353 1806 3408 1850 et
3435 1796 3633 1850 Italicis

346 1900 637 1972 αλιτήριος
685 1902 1084 1972 ἐνθρονίζεται*
1137 1907 1259 1960 καθ’
1297 1907 1357 1960 ὃν
1415 1908 1478 1978 δὴ
1524 1911 1714 1978 καιρὸν
1765 1910 1858 1962 καὶ
1909 1910 1937 1962 6

348 1993 735 2058 Κωνστάντιος
771 1996 868 2066 τὴν
911 1999 1154 2069 μεγάλην
1204 2001 1501 2069 ἐκκλησίαν
1538 2001 1848 2070 (ἐπώνυμον
1897 2000 1939 2053 δ’

346 2085 492 2154 αὐτῇ
526 2086 560 2151 ή
590 2085 686 2138 τοῦ
728 2087 877 2140 Θεοῦ
918 2090 1127 2158 σοφία)
1166 2094 1436 2161 νεουργεί.
1484 2092 1594 2144 Καὶ
1626 2091 1838 2154 Παῦλος
1882 2093 1942 2145 τὸ

349 2175 538 2244 τρίτον
588 2179 616 2229 6
678 2177 966 2242 θεσπέσιος
1027 2180 1148 2249 μετ’
1194 2181 1375 2250 ὀλίγον
1428 2184 1507 2242 εἰς
1557 2180 1657 2252 τὴν
1709 2181 1940 2234 Ἰταλίαν

353 2269 760 2336 παραγίνεται·
810 2274 903 2323 καὶ
941 2272 1259 2326 Ἀθανάσιον
1299 2274 1390 2326 τὸν
1435 2273 1696 2327 σύναθλον
1736 2274 1939 2334 λαϐὼν,

351 2359 805 2415 ἁναδιδάσκουσιν
852 2363 887 2417 ἃ
953 2366 1251 2419 πεπόνθασι
1310 2366 1642 2420 Κώνσταντα
1701 2366 1791 2419 τὸν
1843 2368 1942 2437 τῆς

352 2450 595 2521 ἑσπέρας
629 2452 984 2522 βασιλεύοντα
1006 2456 1071 2509 ⁸⁷.
1134 2456 1191 2509 Ὁ
1236 2457 1293 2509 δέ
1331 2458 1400 2509 τὰ
1428 2456 1673 2526 ἕκθεσμα
1718 2451 1794 2510 ὧν
1837 2456 1943 2507 ὑπ-

2049 1904 2290 1957 ntittunt.
2321 1900 2551 1954 Ministri
2583 1898 2774 1968 synodi
2806 1906 2961 1950 erant
3015 1906 3145 1949 tunc
3192 1893 3470 1947 Eudoxins
3498 1889 3635 1944 Ger-

2051 1995 2248 2049 maniae
2285 1994 2571 2063 episcopus
2595 2031 2608 2056 ,
2652 1988 2969 2059 Martyrius,
3005 1986 3352 2039 Macedonius
3387 1982 3638 2051 Mopsue-

2051 2088 2190 2143 stiaz.
2220 2085 2526 2139 Declaratio
2548 2098 2737 2136 eorum
2762 2080 2887 2135 ﬁdei
2919 2080 3107 2133 eadem
3141 2086 3399 2131 eratcum
3428 2074 3633 2143 priore,

2049 2182 2251 2237 additis
2307 2188 2486 2233 tamen
2552 2175 2830 2229 nonnullis
2882 2173 3131 2228 absurdis
3168 2172 3222 2224 in
3264 2169 3389 2232 ﬁne,
3422 2167 3640 2235 longius

2048 2273 2465 2330 extendebatur.
2520 2268 2835 2323 Conventus
2891 2265 3113 2319 Patrum
3150 2263 3333 2316 Romae
3360 2262 3500 2314 hanc
3530 2274 3638 2310 non

2050 2364 2309 2434 suscepit,
2340 2363 2529 2416 dicens
2557 2359 2810 2416 sufﬁcere
2838 2359 2943 2413 sibi
2972 2356 3279 2428 symbolum
3326 2352 3447 2407 ﬁdei
3496 2348 3642 2420 quod

2049 2453 2247 2508 Nicaea:
2277 2453 2557 2505 decretum
2595 2456 2761 2503 esset.

356 2543 598 2613 ἔστησαν
655 2548 1046 2618 ἀκριϐέστερον
1095 2550 1373 2618 ἐκμαθὼν,
1426 2548 1629 2621 γράφει
1692 2550 1940 2623 τάδε).φῷ
1979 2552 2128 2620 τρεῖς
2170 2550 2301 2617 παρ’
2371 2544 2532 2597 αὑτὸν
2578 2543 2685 2595 ἀπὸ
2726 2540 2827 2609 τῆς
2892 2539 3156 2607 ἀνατολῆς
3204 2532 3559 2593 ἐπισκόπους,
3592 2528 3642 2581 οἳ

352 2635 515 2703 λόγον
564 2638 792 2693 δώσουσι
830 2641 939 2694 τῶν
981 2660 1041 2695 τε
1077 2643 1204 2713 περὶ
1234 2642 1554 2697 ’Λθανόισιον
1601 2644 1695 2697 καὶ
1735 2643 1944 2696 Παῦλον
1984 2642 2350 2711 τολμημάτων
2377 2642 2471 2694 καὶ
2498 2641 2593 2709 τὴν
2627 2639 2724 2708 τῆς
2781 2635 3018 2695 πίστεως
3056 2630 3332 2701 ἔγγραφον
3405 2627 3643 2689 ἔκθεσιν,

354 2732 790 2800 παραγενέσθαι.
866 2735 1277 2805 Ἐκπέμπονται
1342 2736 1406 2807 δὴ
1449 2738 1735 2807 τέσσαρες,
1770 2737 2082 2806 Νάρκισσος
2119 2736 2147 2786 6
2174 2734 2219 2766 ⁸⁸
2243 2733 2418 2797 Κίλιξ,
2443 2734 2718 2801 Θεόδωρος
2743 2730 2770 2781 6
2831 2724 3001 2796 Θρᾲξ,
3035 2725 3232 2793 Μάρης
3265 2723 3308 2753 ⁸⁸
3348 2723 3376 2773 6
3420 2718 3643 2784 Χαλκη-

353 2822 508 2911 εξὸνος
538 2825 633 2876 καὶ
662 2827 857 2895 Μαρᾶς
880 2826 908 2877 6
935 2826 1123 2898 Σύρος.
1159 2821 1320 2881 Οὗτοι
1342 2830 1454 2891 τοῖς
1515 2829 1646 2897 περὶ
1704 2828 2023 2880 Ἀθανάσιον
2058 2827 2152 2879 καὶ
2190 2825 2401 2877 Παῦλον
2456 2825 2534 2885 εἰς
2582 2821 2776 2889 λόγους
2824 2816 3000 2869 ἐλθεῖν
3033 2816 3132 2869 οὐκ
3161 2814 3475 2883 ἐθάρρησαν
3497 2828 3509 2839 ·
3546 2809 3647 2877 τὴν

357 2902 479 2950 δ’⁹⁰
528 2913 619 2964 ὑπ’
652 2915 833 2967 αὐτῶν
888 2918 946 2967 ἐν
991 2919 1055 2985 τῇ
1093 2917 1368 2985 Ἀντιόχου
1410 2918 1727 2970 ἐκτεθεῖσαν
1767 2918 1946 2969 πίστιν
1986 2914 2426 2988 ἀποκρύψαντεςν
2488 2912 2685 2982 ἑτέραν
2724 2911 2781 2963 δὲ
2817 2908 3103 2969 συνθέντες
3134 2904 3264 2977 [⁷75
3330 2904 3422 2974 "-l
3454 2903 3515 2954 τὸ
3552 2901 3651 2971 μὲν

355 3005 605 3076 ἐμφανὲς
655 3012 753 3076 τῆς
806 3008 1156 3077 βλασφημίας
1204 3010 1533 3077 φεύγουσαν,
1585 3010 1651 3063 τὸ
1709 3010 1753 3063 δ’
1811 3010 2138 3077 ὁμοούσιον
2170 3008 2231 3059 ού
2300 3006 2733 3075 πρεσϐεύουσαν,
2801 3000 3099 3055 ἐπιδιδόασι
3159 2997 3244 3067 τῷ
3276 2996 3508 3067 βασιλεῖ,
3557 2996 3656 3049 καὶ

358 3098 531 3151 πλέον
562 3101 604 3130 ’ί
639 3099 795 3152 οὐδὲν
828 3099 951 3153 οὔτε
979 3101 1278 3170 δράσαντες
1302 3101 1427 3153 οῦτε
1489 3102 1755 3165 παθόντες
1817 3101 2196 3171 ἀνεχώρησαν.
2245 3100 2500 3170 Τριετίας
2568 3098 2624 3149 δέ
2663 3092 3069 3164 διαδραμούίης
3098 3089 3261 3142 πάλιι
3308 3090 3357 3139 (ί
3395 3088 3494 3154 τῆς
3524 3088 3654 3138 ἀνα-

360 3196 529 3263 στολῆς
567 3193 1027 3262 συναθροίζονται,
1054 3197 1149 3249 καὶ
1188 3196 1369 3248 πίστιν
1396 3195 1561 3265 ἄλλην
1594 3197 1947 3251 συντάττουσι
1988 3195 2081 3248 καὶ
2136 3197 2248 3256 τοῖς
2279 3194 2335 3245 ἐν
2395 3192 2598 3260 Ἰταλίᾳ
2620 3190 2964 3259 ἐκπέμπουσι
2986 3204 2999 3218 ·
3032 3185 3269 3238 διάκονοι
3295 3184 3340 3234 δ’
3374 3178 3514 3251 ἦσαν
3554 3198 3651 3252 τοῦ

362 3288 749 3354 συντάγματος
792 3284 1040 3348 Εὑδόξιος
1088 3286 1116 3336 6
1144 3284 1447 3353 τηνικαῦτα
1480 3286 1877 3356 Γερμανικείας
1906 3287 1949 3318 ⁹¹
2017 3283 2313 3346 ἐπίσκοπος
2337 3284 2430 3336 καὶ
2454 3280 2768 3352 Μαρτύριος
2799 3280 2827 3331 ὃ
2857 3295 2916 3330 τε
2962 3275 3344 3342 Μοψουεστίας
3408 3272 3656 3334 Μακεδό,

361 3395 501 3439 νιος.
544 3378 609 3429 Ἦ
652 3373 709 3425 δὲ
753 3375 853 3444 τῆς
889 3376 1122 3438 πίστεως
1154 3377 1335 3430 αὐτῶν
1366 3377 1581 3442 ἕκθεσις
1621 3381 1653 3449 ἡ
1691 3380 1828 3449 αὐτὴ
1864 3379 1960 3448 μὲν
1993 3375 2061 3450 ἦν
2089 3378 2158 3431 τὰ
2181 3378 2316 3432 ἄλλα
2342 3379 2407 3448 τῇ
2440 3373 2855 3444 προεκτεθείσῃ,
2914 3369 3256 3441 προσθήκαις
3315 3367 3372 3420 δέ
3395 3383 3505 3420 τισι
3530 3369 3655 3430 ταῖς

359 3474 511 3529 κατὰ
562 3473 623 3526 τὺ
670 3473 824 3537 τέλος
883 3472 1201 3536 ἀλλοκότοις
1284 3476 1365 3537 είς
1440 3475 1502 3527 τὸ
1559 3476 1897 3546 μακρότερον
1950 3474 2265 3539 ἐξετείνετο.
2324 3474 2381 3526 Ὀ
2436 3473 2491 3525 δὲ
2541 3472 2683 3525 κατὰ
2735 3472 2835 3539 τὴν
2917 3466 3137 3535 Ῥώμην
3181 3464 3290 3517 τῶν
3354 3462 3657 3533 ἀρχιερέων

367 3569 633 3636 σύλλογος
670 3569 876 3639 ταύτην
916 3569 977 3621 ού
1020 3568 1409 3639 προσεδέξαντο
1430 3570 1497 3633 9³,
1534 3568 1823 3640 ἀρκεῖσθαι
1893 3571 2123 3640 φάμενοι
2190 3568 2268 3637 τῷ
2330 3566 2586 3637 συμϐόλῳ
2635 3564 2736 3633 τῆς
2811 3563 3049 3621 πίστεως
3090 3558 3117 3610 ὃ
3154 3559 3187 3629 ἡ
3228 3559 3284 3610 ἐν
3316 3554 3520 3624 Νικαίᾷ
3556 3555 3659 3606 ὑπ’

364 3662 604 3731 ηγόρευε
637 3662 874 3725 σύνοδος.

441 3751 601 3804 Οῦτω
616 3752 672 3804 δὲ
713 3753 887 3806 πάντα
922 3754 1164 3824 ταραχῆς
1193 3758 1530 3826 κατεχούσης
1571 3756 1666 3809 καὶ
1703 3755 1946 3823 ἀδιακρί-

2132 3754 2223 3809 Sic
2263 3767 2389 3807 cum
2423 3749 2607 3804 omnia
2636 3745 2875 3801 tumultu
2930 3754 3358 3813 occuparentur,
3390 3750 3443 3793 et
3485 3738 3660 3793 indis-

371 3859 469 3894 του
508 3842 706 3910 ἔριδος,
742 3844 1083 3913 κηρύσσεται
1123 3845 1339 3907 σύνοδος
1388 3847 1740 3915 οἰκουμενικὴ
1767 3846 1958 3917 γνώμῃ

369 3934 483 3986 τῶν
527 3933 621 3987 δύο
687 3934 973 4004 βασιλέων,
1032 3939 1169 4005 μετὰ
1205 3937 1489 3990 ἑνδέκατον
1551 3938 1669 3999 ἔτος
1722 3939 1821 4007 τῆς
1864 3937 1958 3988 τοῦ

371 4025 777 4080 εὐσεϐεστάτου
818 4018 1228 4082 Κωνσταντίνου
1254 4030 1533 4098 τελευτῆς,
1573 4030 1841 4100 Συνῆλθον
1866 4024 1959 4080 οὖν

372 4119 433 4171 ἐν
476 4118 710 4190 Σαρδικῇ
753 4122 815 4172 ἐκ
853 4122 949 4190 μὲν
988 4121 1255 4191 Ἐσπέρας
1277 4124 1415 4193 ὑπὲρ
1444 4125 1570 4187 τοὺς
1615 4124 1961 4191 τριακοσίους

372 4210 732 4273 ἐπισκόπους,
774 4213 835 4264 ἐκ
868 4212 923 4265 δὲ
954 4213 1052 4281 τῆς
1093 4215 1384 4286 Ἀνατολῆς
1429 4215 1488 4280 ἒξ
1523 4218 1673 4285 μόνοι
1693 4218 1785 4270 καὶ
1816 4216 1964 4269 ἐϐδο-

380 4302 652 4369 μήκοντα.
673 4303 780 4357 Καὶ
803 4305 851 4356 οί
870 4306 966 4374 τῆς
1001 4304 1173 4376 Ἐᾠας
1197 4310 1307 4370 τοῖς
1334 4311 1396 4361 ἐκ
1414 4311 1629 4370 Δύσεως
1658 4311 1732 4371 εἰς
1748 4309 1963 4378 ὁμιλίαν

377 4392 655 4446 συνελθεῖν
670 4395 767 4447 οὐκ
779 4397 1053 4450 ἐπένευον⁸
1073 4399 1238 4452 καὶτὸ
1254 4399 1537 4465 αἴτιον,ὂτι
1553 4400 1761 4463 Παῦλος
1780 4401 1963 4463 αὐτοῖς

374 4487 473 4539 καί⁵
512 4486 853 4552 Ἀθανὰσιος,
881 4492 929 4543 οί
962 4492 1060 4560 τῆς
1090 4492 1370 4555 εὐσεϐείας
1391 4493 1643 4563 ἀθληταὶ,
1675 4494 1960 4563 συνεδρία-

378 4578 495 4643 ζον.
527 4579 615 4642 Ὡς
636 4580 681 4632 δ’
704 4580 828 4633 οὔτε
848 4584 896 4635 οί
914 4583 1011 4651 τῆς
1035 4584 1453 4648 εὐσεϐείαςτοὺς
1478 4586 1609 4655 περὶ
1643 4585 1965 4639 Ἀθανάσιον

380 4672 850 4737 ἀπεσκευάζοντο,
890 4673 1011 4728 οὔτε
1038 4678 1088 4729 oi
1136 4677 1235 4746 τῆς
1268 4678 1534 4747 αἱρέσεως
1565 4677 1612 4711 ⁸⁸
1663 4677 1764 4745 τῆς
1826 4678 1965 4746 πρὸς

381 4762 515 4825 τοὺς
566 4762 802 4833 ἀθλητὰς
860 4764 1061 4834 ἔχθρας
1120 4766 1413 4836 ὑπέληγον,
1473 4765 1837 4837 διασχίζονται
1870 4765 1966 4818 ἀπ’

384 4854 652 4926 ἀλλήλων.
718 4857 830 4909 Καὶ
886 4858 985 4927 τὴν
1034 4860 1090 4911 ἐν
1141 4858 1455 4929 Μακεδονίᾳ
1506 4859 1774 4911 Φιλίππου
1813 4860 1861 4911 οἰ
1910 4857 1967 4923 ἐξ

384 4948 649 5016 ἀνατολῆς
676 4948 1079 5012 καταλαϐόντες
1104 4950 1565 5021 συναθροίζονται,
1601 4949 1969 5019 καὶτηνικαῦο

388 5060 453 5094 τα
480 5043 565 5102 είς
592 5041 651 5092 τὸ
683 5042 927 5109 ἐμφανὲς
966 5043 1428 5112 ἀναθεματίςουσι
1457 5042 1517 5094 τὸ
1566 5044 1872 5109 ὀμοούσιον.
1906 5040 1968 5092 Οἱ

2064 3859 2226 3897 eussa
2279 3839 2669 3900 contentione,
2704 3844 3038 3889 convocatur
3080 3830 3348 3901 generalis
3398 3827 3661 3899 synodus,

2064 3933 2334 3989 sententia
2389 3934 2624 3984 duorum
2682 3928 3074 3996 imperatorum
3128 3921 3424 3977 undecimo
3457 3933 3660 3973 annua

2064 4034 2239 4077 morte
2267 4019 2639 4076 Constantini.
2676 4018 3066 4072 Convenerunt
3091 4014 3257 4083 igitur
3288 4011 3564 4065 Sardicem
3595 4024 3657 4060 ex

2063 4115 2356 4171 Occidente
2407 4127 2570 4181 supra
2633 4118 2906 4163 trecentos
2954 4105 3195 4175 episcopi
3243 4123 3257 4159 :
3318 4119 3385 4158 cx
3439 4101 3663 4155 Oriente

2064 4208 2241 4265 solum
2274 4222 2369 4261 sex
2396 4214 2451 4259 et
2479 4202 2850 4271 septuaginta,
2884 4208 2936 4251 et
2977 4195 3282 4251 Orientales
3323 4209 3448 4248 cum
3505 4191 3667 4247 Orci-

2065 4297 2374 4355 dentalibus
2397 4295 2694 4349 convenire
2733 4292 3045 4353 noluerunt,
3066 4287 3228 4356 idque
3255 4286 3357 4339 hac
3386 4285 3453 4339 de
3474 4297 3668 4347 causa,

2065 4390 2210 4460 quod
2272 4389 2476 4443 Paulus
2537 4396 2591 4438 et
2646 4382 2981 4438 Athanasius
3049 4377 3292 4432 veritatis
3348 4374 3666 4430 defensores

2066 4500 2190 4539 cum
2251 4482 2358 4535 illis
2407 4477 2721 4549 congregati
2786 4482 2990 4529 essent.
3046 4471 3183 4526 Cum
3214 4484 3343 4523 vero
3382 4482 3556 4535 neque
3594 4465 3667 4533 pii

2070 4573 2474 4630 Athanasianos
2558 4568 2880 4636 rejicerent,
2954 4577 3131 4631 neque
3195 4561 3273 4613 illi
3350 4556 3670 4613 inimicitias

2068 4674 2261 4722 contra
2339 4662 2462 4716 lidei
2532 4664 2967 4729 propugnatores
3046 4654 3440 4721 deponerent,
3500 4663 3530 4701 a
3612 4662 3672 4701 se

2071 4750 2596 4821 inviccmdisjuncti
2656 4755 2803 4802 sunt.
2869 4742 3173 4798 Orientales
3252 4753 3445 4793 omnes
3540 4735 3673 4789 Phi-

2070 4847 2245 4915 lippos
2316 4840 2645 4895 Macedoniae
2737 4833 2925 4888 urbem
3008 4829 3371 4894 accedentes,
3459 4825 3676 4896 publice

2070 4949 2293 4993 rursum
2336 4933 2757 4999 congregantur,
2793 4932 2847 4977 et
2893 4920 2966 4975 ibi
2994 4928 3179 4989 aperte
3207 4916 3518 4988 ὁμοούσιον,
3551 4931 3678 4966 con-

2077 5018 2430 5079 substantiale
2506 5021 2883 5071 exsecrantur.
2954 5008 3309 5063 Sardicenses
3382 5020 3512 5059 vero
3579 5004 3676 5056 ab-

388 5130 444 5183 at
481 5133 541 5183 ἐν
572 5087 810 5201 Σαρδῐκγῇ
865 5132 1087 5194 τούτους
1140 5087 1239 5202 μὲν
1278 5087 1468 5203 ἐρήμῃ
1514 5094 1638 5203 δίκη
1674 5087 1941 5184 καταδικά

2081 5130 2264 5175 sentes
2316 5114 2441 5168 illos
2493 5087 2901 5169 condemnant,
2945 5109 3299 5156 accusatores
3347 5096 3674 5154 Athanasii.

394 5221 565 5285 ζουσι,
600 5224 727 5284 τοὺς
760 5222 815 5274 δέ
842 5224 1184 5295 κατηγόρους
1236 5225 1553 5278 Ἀθανασίου
1593 5222 1755 5295 [1425
1783 5221 1876 5293 IL]
1900 5220 1975 5284 ὡς

394 5316 739 5383 συκοφάντας
760 5315 1080 5382 καθελόντες
1103 5319 1202 5372 τίν
1232 5335 1291 5370 τε
1320 5319 1375 5370 ἐν
1403 5317 1609 5388 Νικαίᾳ
1640 5315 1979 5387 κυρωθεῖσαν

2086 5211 2245 5281 quasi
2283 5204 2711 5261 calumniatores
2753 5199 3109 5267 deponentes,
3150 5194 3304 5246 ﬁdem
3341 5190 3557 5243 Nicaena
3589 5203 3679 5257 sy-

2092 5303 2234 5357 nodo
2285 5296 2665 5353 conﬁrmatam
2699 5290 3006 5352 stabiliunt,
3054 5285 3505 5352 contrariamque
3537 5295 3674 5334 ana-

1640 5453 1871 5509 VALUE
1925 5443 2215 5507 LECTION
2227 5441 2328 5497 ES.

462 5592 507 5624 ⁸³
549 5587 835 5661 Ὀρέστου]
872 5590 1234 5663 Ἑρμογένους
1268 5592 1307 5645 Β
1334 5601 1388 5647 et
1418 5592 1644 5647 corr.A.
1721 5590 1767 5622 ³⁸
1795 5587 2013 5660 φθόρος]
2028 5588 2185 5653 φόνος
2219 5584 2278 5638 Β.
2357 5583 2402 5613 ⁸⁷
2428 5578 2651 5649 βασιλέα
2683 5576 2742 5628 Β.

468 5681 492 5711 ε
520 5661 600 5711 A:
640 5661 823 5711 Μάρις
852 5678 911 5711 ς.
1022 5666 1066 5695 νο
1094 5664 1122 5711 6
1156 5674 1281 5711 ante
1313 5663 1480 5711 Σύρος
1511 5662 1634 5711 add.
1671 5662 1734 5711 Α.
1834 5662 1878 5692 ³³
1919 5662 2099 5711 πλεῖον
2134 5674 2194 5711 ς.
2291 5657 2334 5688 ⁰²
2360 5649 2666 5711 Γερμανίας
2703 5664 2741 5711 ς

1919 5674 2099 5712 πιιειον
2134 5674 2194 5720 ς.

396 5679 492 5733 ρης
519 5661 600 5715 A:
640 5661 823 5729 Μάρις
852 5678 911 5724 ς’.

468 5681 492 5725 ς
519 5662 600 5715 A:
640 5662 823 5734 Μάρις
852 5678 911 5724 ς.
978 5662 981 5663 ⁷
1022 5666 1066 5695 νο
1094 5664 1122 5715 ὁ
1156 5674 1281 5718 ante
1313 5663 1480 5734 Σύρος
1511 5662 1634 5717 add.
1671 5662 1734 5714 Α.

393 5734 657 5804 αἱρέσεως
689 5733 814 5785 add.
852 5735 917 5786 Α.

2823 5573 2869 5603 ⁸⁸
2888 5566 3199 5637 Νάρκισσός
3224 5583 3283 5618 τε
3301 5568 3329 5619 ὀ
3360 5565 3418 5620 Β.
3495 5564 3541 5597 ⁸⁸
3572 5565 3687 5617 Μά-

2291 5657 2334 5688 ο²
2360 5637 2666 5724 Γέρμανιας
2703 5664 2762 5711 ςι,
2867 5643 2915 5673 ⁸³
2938 5637 3300 5709 προσεδέξατο
3344 5654 3406 5701 ς.
3505 5638 3550 5669 οδ
3579 5638 3680 5707 τῆς
