3966 6240
356 315 455 381 127

1512 315 1776 377 PHOTII
1813 314 2315 375 PATRIARCH/E
2346 315 2454 374 CP.

3509 310 3607 375 128

356 430 581 487 themati
629 430 891 487 subdunt.
924 433 1135 497 Quibus
1176 433 1377 487 auditis
1408 431 1719 487 Occidentis
1754 434 1921 497 impe-

2040 427 2211 480 πίστιν
2238 426 2661 498 ἐπικρατύνουσι
2689 429 2785 481 καὶ
2810 430 2872 482 τὸ
2904 430 3156 500 ἀνόμοιον
3175 426 3607 497 ἀναθεματίζου-

356 535 508 578 rator
560 525 831 579 Constans
869 525 1061 579 edocet
1087 541 1181 593 per
1237 525 1447 579 litteras
1498 523 1723 579 fratrem
1768 541 1928 581 suum

355 616 760 679 Constantium,
783 625 837 667 et
868 624 1053 669 monet
1093 620 1149 668 ut
1180 604 1374 670 'amice
1411 616 1638 670 Paulum
1682 626 1737 671 et
1760 618 1933 671 Atha-

357 707 571 759 nasium
617 716 827 767 tractet,
886 722 1062 776 neque
1104 707 1385 777 impediat,
1436 722 1547 777 quo
1589 708 1773 763 minus
1815 709 1931 763 suis

357 797 577 852 sedibus
629 798 1028 862 restituantur;
1056 799 1281 863 addens,
1318 799 1421 854 nisi
1444 799 1630 854 volens
1654 799 1804 869 justa
1834 816 1931 871 pe-

360 889 486 941 tenti
548 897 777 954 annuat,
822 904 880 944 se
932 900 1249 955 venturum,
1290 900 1344 945 et
1393 890 1484 945 illo
1519 892 1690 946 invito
1735 891 1826 961 jus
1881 904 1935 945 et

357 994 574 1047 aequum
612 979 809 1047 injuria
847 979 1055 1036 affectis
1089 981 1452 1036 redditurum.
1496 981 1745 1037 Metuens
1767 982 1935 1052 igitur

358 1069 533 1122 minas
589 1068 772 1123 fratris
806 1068 1190 1135 Constantius,
1244 1071 1489 1125 divinum
1544 1073 1774 1127 Paulum
1823 1088 1933 1127 non

357 1162 637 1230 prohibuit
687 1162 741 1215 in
787 1162 1011 1230 proprio
1048 1163 1364 1231 episcopatu
1408 1163 1666 1225 residere,
1701 1163 1933 1233 ejusque

355 1253 785 1307 commilitonem
828 1252 1187 1307 Athanasium
1223 1253 1411 1308 multis
1451 1253 1649 1308 litteris
1701 1253 1768 1307 ad
1799 1269 1922 1309 sese

358 1353 536 1409 vorat,
583 1355 637 1398 et
682 1345 986 1398 venientem
1030 1344 1262 1399 libenter
1297 1345 1552 1414 suscipit,
1597 1361 1662 1399 ac
1688 1361 1801 1400 suae
1842 1346 1929 1400 di-

359 1435 549 1504 gnilali
581 1434 837 1489 restituit.
866 1433 957 1487 Sic
994 1448 1226 1503 magnus
1260 1434 1529 1488 tumultus
1569 1436 1792 1489 sedatus
1824 1445 1929 1501 est,

358 1534 407 1576 et
440 1522 682 1578 Ecclesia
723 1537 853 1579 suos
891 1523 1107 1592 pietatis
1144 1532 1582 1594 propugnatores
1608 1523 1805 1595 adepta
1841 1525 1935 1579 la:-

362 1621 473 1667 tata
503 1622 610 1667 88L

428 1895 622 1967 4761)
713 1896 849 1952 Cum
931 1908 1112 1953 autem
1200 1896 1548 1969 Magnentius
1645 1900 1934 1971 tyrannide

359 2000 655 2058 occuparet
686 1991 893 2054 omnia,
934 1999 988 2045 et
1030 1990 1383 2045 Constantem
1417 1991 1735 2047 Occidentis
1766 1994 1937 2061 impe-

364 2090 598 2136 ratorem
662 2084 1046 2146 interemisset,
1113 2084 1310 2138 iterum
1371 2086 1588 2139 Arianae
1642 2086 1937 2154 impietatis

359 2174 594 2242 procella
639 2190 833 2229 omnes
876 2174 1145 2229 Ecclesias
1192 2178 1556 2245 perturbavit,
1605 2188 1657 2233 et
1687 2178 1936 2233 Athana-

360 2266 477 2319 sius
517 2282 733 2320 rursum
768 2267 923 2335 fugit,
953 2269 1181 2337 ejusque
1223 2268 1405 2323 sedem
1438 2268 1743 2340 Gregorius
1771 2273 1933 2340 rapit,

358 2363 415 2407 et
446 2355 730 2424 ablegatur
784 2355 990 2410 Paulus
1035 2358 1311 2413 Cucusum
1362 2359 1656 2425 Armeniae,
1719 2362 1938 2430 pietatis

358 2454 752 2514 propugnator,
802 2456 856 2501 et
894 2448 1276 2505 invadentibus
1330 2460 1496 2505 noctu
1529 2451 1713 2521 impiis
1740 2452 1937 2522 laqueo

358 2547 653 2609 martyrem
705 2540 971 2594 efficiunt.
1026 2542 1376 2598 Macedonius
1431 2542 1940 2613 Constantinopoli-

359 2640 503 2685 tanae
546 2631 809 2686 Ecclesiae
839 2634 1038 2701 prmsul
1092 2636 1473 2697 constituitur,
1499 2648 1549 2688 et
1590 2637 1939 2704 expelluntur

356 2722 524 2776 etiam
550 2723 780 2777 aliarum
809 2724 1179 2780 Ecclesiarum
1212 2738 1480 2795 pastores,
1510 2726 1778 2782 invadunt
1803 2729 1935 2798 lupi,

360 2824 524 2883 atque
592 2816 942 2871 ethnicorum
1015 2818 1067 2872 in
1124 2817 1473 2872 Christianos
1542 2818 1935 2873 immanitatem

356 2903 656 2959 Macedonii
684 2903 836 2958 furor
864 2905 1166 2960 obscurare
1214 2906 1423 2970 nititur,
1459 2914 1718 2973 totusque
1742 2906 1938 2962 Oriens

357 2994 506 3061 gravi
549 2997 857 3050 calamitate
891 2998 1209 3061 involvitur,
1255 3009 1310 3051 et
1340 2998 1576 3051 maxime
1613 2996 1936 3053 Constanti-

356 3088 588 3154 nopolis.
638 3087 866 3153 Quando
899 3092 1064 3143 etiam
1095 3089 1317 3158 Agelius
1360 3088 1789 3144 Novatianorum
1823 3090 1938 3159 epi-
1964 3119 2006 3175 ε

355 3192 577 3245 scopus,
636 3179 780 3247 quod
836 3180 1123 3249 όμοούσιον
1172 3180 1544 3247 conﬁteretur,
1580 3181 1635 3234 in
1684 3181 1937 3236 exsilium

358 3267 601 3334 pellitur,
635 3277 690 3322 et
730 3269 931 3324 malum
966 3279 1086 3325 erat
1135 3271 1479 3337 incredibile,
1516 3271 1660 3341 quod
1707 3288 1817 3326 non
1848 3289 1937 3327 so-

356 3356 466 3411 lum
500 3360 567 3414 ad
616 3361 904 3432 episcopos
935 3364 1343 3429 extenderetur,
1391 3365 1486 3419 sed
1535 3376 1589 3419 et
1621 3365 1690 3420 ad
1744 3366 1938 3420 mulie-

355 3466 445 3506 res
490 3462 543 3505 et
597 3468 826 3522 pueros,
870 3455 1186 3525 quicunque
1235 3455 1537 3511 Macedonii
1594 3458 1939 3511 communio-

354 3558 479 3597 nem
518 3560 627 3598 non
666 3546 1035 3611 admitterent,
1073 3562 1134 3601 se.
1185 3547 1397 3601 effudit.
1433 3548 1611 3602 Ubera
1645 3549 1935 3603 mulierum

357 3639 413 3703 (0
445 3635 803 3706 impietatem)
844 3639 1115 3706 operculis
1169 3639 1435 3693 cistarum
1493 3640 1833 3694 includentes
1883 3650 1939 3695 et

356 3725 804 3792 comprimentcs,
837 3726 1253 3790 exscindebant,
1284 3727 1392 3782 alia
1418 3728 1586 3794 ferro,
1616 3730 1723 3783 alia
1753 3739 1935 3783 autem

355 3809 474 3864 ovis
498 3811 700 3878 ignitis,
732 3828 966 3881 quorum
1009 3813 1310 3884 fragmenta
1351 3815 1535 3871 fasciis
1568 3818 1935 3883 involvebant,

354 3911 702 3957 exusserunt.
744 3902 905 3958 Venit
950 3905 1097 3958 enim
1137 3906 1319 3973 impiis
1370 3906 1423 3960 in
1458 3916 1717 3971 mentem,
1766 3910 1931 3964 etiam

355 4005 477 4058 quae
508 3990 704 4060 impios
736 3992 966 4062 gentiles
998 4002 1188 4046 contra
1222 4005 1474 4048 naturam
1506 3996 1805 4063 excogitari
1831 4013 1934 4067 pu-

270 4070 273 4075 ⁴
354 4080 454 4134 dor
507 4080 782 4136 humanus
819 4083 1118 4152 prohibuit.
1165 4084 1422 4138 Extendit
1464 4094 1519 4140 et
1556 4087 1933 4142 crudelitatem

353 4172 409 4225 in
452 4171 875 4244 Paphlagoniam
912 4194 925 4230 :
956 4177 1158 4229 multos
1192 4178 1335 4230 enim
1398 4178 1647 4233 audierat
1684 4194 1808 4233 cum
1846 4196 1936 4234 or-

354 4265 625 4321 thodoxos
665 4277 778 4321 tum
824 4264 1158 4322 Novatianos
1194 4268 1302 4323 illic
1351 4286 1551 4338 agere:
1587 4280 1643 4324 et
1693 4281 1930 4340 quatuor

352 4358 606 4413 cohortes
652 4360 881 4413 militum
944 4370 1283 4415 armatorum
1343 4371 1520 4430 parat,
1574 4374 1628 4419 ut
1672 4365 1934 4420 adversus

2037 507 2248 569 σιν.τΩν
2276 515 2377 586 τὴν
2409 516 2612 584 γνῶσιν
2639 517 2794 570 ὁτῶν
2826 518 3130 590 Ἐσπερίων
3166 516 3423 588 βασιλεὺς
3451 516 3610 569 Κών-

2035 625 2166 671 στας
2212 608 2391 661 λαϐὼν
2464 609 2805 662 ἀναδιδάσκει
2869 627 2931 661 τε
2973 611 3063 663 διὰ
3112 609 3457 680 γραμμάτων
3514 607 3611 662 τὸν

2034 700 2260 768 ἀδελφὸν
2306 701 2703 767 Κωνστάντιον,
2761 704 2853 756 καὶ
2900 704 3160 774 παραινεῖ
3201 701 3450 771 εὐμενῶς
3491 703 3610 754 δια-

2035 794 2250 846 κεῖσθαι
2281 793 2418 864 πρὸς
2452 793 2662 848 Παῦλον
2692 794 2789 847 καὶ
2851 794 3192 861 Ἀθανάσιον,
3218 794 3313 847 καὶ
3345 793 3611 865 μηδαμῶς

2035 886 2220 947 αὐτοῖς
2276 883 2528 955 ἐμποδὼν
2580 885 2830 939 ἵστασθαι
2887 885 3026 955 πρὸς
3075 885 3173 955 τὴν
3229 885 3336 938 τῶν
3392 885 3613 938 οἰκείων

2034 976 2479 1030 ἀποκατάστασιν
2533 975 2761 1047 θρόνων,
2814 976 3127 1045 προστιθεὶς
3174 976 3249 1039 ὡς
3278 977 3324 1008 ’⁵
3369 978 3419 1028 εί
3468 976 3614 1045 pth“

2037 1066 2180 1120 ἑκὼν
2206 1068 2319 1128 τοῖς
2350 1065 2577 1129 δικαίοις
2608 1066 2955 1129 κατανεύσοι,
2996 1065 3160 1130 αὐτὸς
3198 1067 3262 1136 δὴ
3298 1081 3615 1135 παραγεγο-

2036 1156 2143 1219 νὼς
2171 1156 2268 1211 καὶ
2287 1156 2512 1219 ἄκοντος
2529 1157 2592 1209 τὸ
2618 1157 2825 1210 δίκαιον
2846 1158 2959 1219 τοῖς
2979 1156 3333 1226 ἠδικημένοις
3358 1156 3610 1226 ἀποδοίη.

2036 1249 2228 1312 Δείσας
2257 1244 2350 1301 οῦν
2385 1250 2484 1319 τὴν
2514 1248 2607 1302 τοῦ
2635 1248 2867 1317 ἀδελφοῦ
2901 1248 3127 1319 ἀπειλὴν
3147 1250 3176 1301 ὁ
3206 1249 3613 1312 Κωνστὰντιος,

2035 1341 2126 1395 τὸν
2157 1341 2257 1411 μὲν
2285 1342 2431 1395 ὅσιον
2463 1341 2673 1395 Παῦλον
2701 1344 2768 1411 τῇ
2806 1341 2914 1412 ίδίᾳ
2948 1342 3219 1411 ἐπισκοπῇ
3252 1341 3355 1394 οὐκ
3380 1341 3614 1411 ἐπέσχεν

2037 1430 2400 1501 ἐνιδρύεσθαι,
2433 1432 2522 1484 τὸν
2549 1430 2606 1484 δὲ
2652 1430 2914 1485 σύναθλον
2975 1431 3295 1484 Ἀθανάσιον
3334 1431 3614 1501 διαφόροις

2036 1524 2348 1586 ἐπιστολαῖς
2391 1522 2547 1575 καλεῖ
2596 1520 2727 1592 παρ’
2770 1521 2954 1584 αὐτὸν,
2982 1522 3077 1575 καὶ
3116 1520 3363 1591 εὐμενῶς
3391 1520 3616 1574 ἐλθόντα

2038 1614 2398 1683 προσδέχεται
2440 1613 2537 1667 καὶ
2583 1612 2662 1682 τῷ
2710 1612 2899 1682 οἰκείῳ
2933 1611 3108 1681 θρόνῳ
3151 1610 3612 1680 ἀποκαθίστησιν.

2038 1704 2196 1759 Οὐτω
2235 1704 2336 1775 μὲν
2362 1705 2391 1757 ό
2425 1704 2594 1767 πολὺς
2621 1703 2858 1773 τάραχος
2887 1702 3168 1772 ἐγαληνία,
3189 1702 3286 1755 καὶ
3311 1703 3346 1773 ὴ
3382 1702 3617 1773 Ἐκκλη-

2039 1796 2131 1849 σία
2152 1796 2275 1859 τοὺς
2296 1796 2396 1865 τῆς
2423 1795 2706 1858 εὐσεϐείας
2731 1794 2948 1865 ἔχαιρεν
2975 1794 3175 1863 ἔχουσα
3201 1794 3543 1864 προμάχους.

2107 1886 2447 1954 Μαγνεντίου
2465 1886 2521 1939 δὲ
2536 1886 2814 1957 τυραννίδι
2835 1885 3158 1956 ἐπιθεμένου
3176 1887 3271 1939 καὶ
3287 1885 3618 1940 Κώνσταντα

2037 1978 2128 2031 τὸν
2158 1978 2258 2048 τῆς
2284 1978 2525 2046 ἑσπέρας
2555 1976 2910 2047 βασιλεύοντα
2936 1977 3243 2042 ἀνελόντος,
3265 1977 3432 2032 πάλιν
3458 1978 3493 2047 ἠ
3518 1979 3620 2047 τῆς

2052 2065 2264 2135 Ἀρείου
2294 2064 2498 2137 λύσσης
2523 2065 2781 2129 καταιγὶς
2797 2065 2897 2130 τὰς
2913 2069 3010 2136 τῆς
3035 2066 3365 2136 οἰκουμένης
3389 2068 3621 2138 Ἐκκλη-

2042 2157 2161 2220 σίας
2185 2157 2469 2227 ἐτάραττε.
2521 2158 2633 2211 Καὶ
2683 2156 2875 2225 φεύγει
2929 2158 3028 2229 μὲν
3080 2158 3244 2212 πάλιν
3276 2158 3619 2223 Ἀθανάσιος,

2040 2248 2168 2320 [776
2208 2248 2300 2320 IL]
2336 2250 2572 2319 ἁρπάζει
2606 2250 2664 2301 δὲ
2712 2249 2804 2301 τὸν
2839 2249 3007 2303 αὐτοῦ
3053 2251 3244 2322 θρόνον
3294 2252 3619 2324 Γρηγόριος.

2039 2342 2151 2395 Καὶ
2182 2341 2564 2412 ὑπερορίζεται
2612 2342 2824 2405 Παῦλος
2858 2344 2917 2395 ἐν
2943 2341 3242 2413 Κουκουσῷ
3270 2342 3371 2412 τῆς
3417 2345 3622 2415 Ἀρμε-

2040 2429 2178 2495 νίας,
2213 2432 2242 2482 ὁ
2266 2431 2362 2497 τῆς
2395 2430 2675 2493 εὐσεϐείας
2728 2430 3068 2501 ὐπέρμαχος,
3101 2432 3197 2484 καὶ
3229 2432 3309 2501 τῷ
3357 2433 3423 2485 δι’
3455 2434 3623 2503 ἀγχό-

2041 2539 2162 2589 νης,
2196 2522 2305 2574 τῶν
2333 2522 2615 2576 δυσσεϐὦν
2642 2522 2862 2595 νύκτωρ
2882 2524 3347 2590 ἐπεισπεσόντων,
3378 2526 3622 2579 τελειοῦ-

2039 2629 2128 2665 ται
2158 2612 2443 2682 μαρτυρίῳ
2463 2629 2477 2644 ο
2510 2614 2607 2666 καὶ
2634 2615 3016 2684 ἁντεισάγεται
3058 2618 3125 2686 τῇ
3169 2617 3623 2670 Κωνσταντινου-

2048 2703 2201 2755 πόλει
2232 2704 2261 2754 ό
2289 2704 2554 2774 δυσσεϐὴς
2592 2705 2947 2769 Μακεδόνιος.
2989 2706 3100 2759 Kal
3157 2704 3485 2772 ἐξωθοῦνται
3518 2706 3623 2777 μὲν

2041 2795 2273 2849 καὶτῶν
2320 2795 2495 2850 ἄλλων
2550 2796 2889 2868 Ἐκκλησιῶν
2935 2800 2986 2852 οἱ
3034 2800 3315 2870 ποιμένες,
3350 2801 3619 2870 ἐπεισπη-

2040 2886 2259 2939 δῶσιδέ
2288 2887 2338 2939 oi
2384 2886 2560 2941 λύκοι.
2612 2888 2724 2941 Καὶ
2779 2889 2878 2959 τὴν
2930 2890 3073 2943 κατά
3132 2889 3243 2943 τῶν
3273 2890 3619 2961 Χριστιανῶν

2058 2978 2326 3048 Ἑλλήνων
2351 2978 2612 3049 ὠμότητα
2639 2981 2673 3049 ἡ
2698 2979 3034 3033 Μακεδονίω
3081 2982 3249 3049 μανία
3291 2982 3621 3051 ἐφιλονείκει

2042 3070 2481 3140 ἀποκρύψασθαι.
2510 3072 2617 3124 Kal
2636 3073 2787 3125 πᾶσα
2809 3073 2908 3142 μὲν
2932 3074 2965 3144 ἡ
3004 3073 3264 3143 Ἀνατολὴ
3292 3076 3408 3136 τοῖς
3430 3074 3627 3139 δεινοῖς

2041 3160 2397 3232 διεφθείρετο,
2434 3163 2468 3231 ἡ
2502 3162 2658 3226 πόλις
2686 3163 2744 3215 δὲ
2774 3165 3189 3218 Κωνσταντίνου
3212 3165 3355 3220 κατὰ
3378 3166 3440 3219 τὸ
3472 3166 3624 3230 ἐξαί-

2043 3272 2223 3325 ρετον,
2283 3256 2373 3308 ὅτε
2422 3256 2518 3308 καὶ
2585 3256 2827 3325 Ἀγέλιος
2865 3258 2895 3309 ό
2948 3256 3060 3309 τῶν
3092 3257 3455 3313 Ναυατιανῶν
3500 3258 3623 3311 ἐπί-

2043 3363 2265 3410 σκοπος,
2297 3344 2384 3400 οἷα
2412 3346 2477 3417 δὴ
2508 3347 2605 3401 καὶ
2639 3348 2802 3411 αὐτὸς
2826 3348 2887 3400 τὸ
2924 3349 3247 3415 ὁμοούσιον
3278 3349 3621 3420 πρεσϐεύων,

2041 3437 2447 3510 ὑπερορίζεται.
2482 3440 2592 3491 Καὶ
2620 3435 2687 3510 ἦν
2732 3439 3026 3511 ἀδιήγητον
3055 3442 3117 3493 τό
3144 3442 3316 3495 κακόν
3337 3459 3351 3473 ο
3394 3442 3532 3511 ὅπερ
3560 3442 3623 3495 οὐ

2044 3530 2237 3599 μέχρις
2266 3530 2567 3600 ἀρχιερέων
2621 3532 2716 3583 καὶ
2755 3532 2945 3600 ἱερέων
2970 3533 3014 3563 ⁹⁷
3061 3533 3309 3604 ἐκέχυτο,
3341 3532 3480 3586 ἀλλὰ
3529 3534 3626 3585 καὶ

2042 3623 2309 3690 γυναῖκας
2335 3624 2431 3675 καὶ
2450 3622 2667 3685 παῖδας,
2694 3624 2810 3676 ὅσοι
2834 3624 2931 3693 τὴν
2958 3624 3297 3677 Μακεδονίου
3331 3624 3621 3677 κοινωνίαν

2037 3716 2429 3787 ἀπετρέποντο,
2451 3716 2768 3785 ἐπενέμετο.
2796 3717 3011 3769 Μασθοὶ
3028 3715 3327 3784 γυναικῶν,
3346 3714 3392 3768 ὣ
3408 3716 3504 3786 τῆς
3523 3732 3625 3779 μα-

2038 3809 2189 3872 νίαςί
2215 3806 2467 3861 κιϐωτῶν
2483 3806 2835 3876 καλύμμασιν
2862 3806 3258 3877 ἐμϐαλλόμενοί
3281 3824 3341 3858 τε
3365 3808 3459 3858 καὶ
3485 3823 3623 3875 συμ-

2039 3901 2351 3972 πιεζόμενοι
2381 3900 2771 3973 ἀπεπρίζοντο,
2818 3902 2869 3953 οἱ
2916 3900 2973 3953 δὲ
3006 3901 3212 3970 σιδήρῳ
3233 3916 3245 3930 '
3272 3899 3403 3962 τοὺς
3440 3899 3497 3951 δέ
3522 3899 3621 3953 καὶ

2037 3996 2163 4060 dmi;
2213 3995 2763 4068 πεπυρακτωμένοις,
2814 3995 3052 4057 ταινίαις
3090 3994 3232 4047 αὐτά
3271 3994 3387 4056 τοῖς
3412 3992 3626 4064 μορίοις

2037 4088 2421 4153 ἐνελίττοντες,
2467 4089 2800 4141 κατέκαιον·
2835 4081 2938 4155 ἧκε
2988 4086 3098 4157 γὰρ
3144 4087 3258 4147 τοῖς
3307 4084 3626 4138 δυσσεϐέσιν

2038 4186 2131 4237 ἐπὶ
2148 4183 2274 4237 νοῦν
2291 4184 2385 4237 καὶ
2402 4186 2438 4237 ἆ
2455 4185 2580 4245 τοὺς
2600 4180 2792 4244 ἀθέους
2818 4181 3084 4249 Ἓλληνας
3109 4179 3252 4232 κατὰ
3275 4178 3376 4249 τῆς
3401 4177 3621 4246 φύσεως

2037 4279 2269 4330 ἐπινοεῖν
2298 4275 2465 4340 αἰδὼς
2507 4274 2825 4348 ἀνθρωπίνη
2845 4274 2890 4303 ⁸⁸
2928 4271 3291 4342 ἀνεχαίτιζεν.
3356 4270 3624 4322 Ἐκτείνει

2038 4368 2095 4420 δὲ
2125 4368 2222 4439 τὴν
2258 4366 2461 4420 λύσσαν
2495 4366 2829 4427 Μακεδόνιος
2864 4365 2960 4418 καὶ
2994 4365 3088 4416 ἐπὶ
3120 4364 3220 4434 τὴν
3258 4361 3367 4415 τῶν
3398 4359 3624 4429 Παφλα-

352 4451 475 4504 illos
507 4451 875 4514 mitterentur,
906 4460 961 4504 et
989 4452 1055 4506 ad
1082 4452 1414 4521 impietatem
1441 4453 1847 4523 suscipiendam
1883 4457 1931 4510 vi

2040 4460 2210 4526 γόνων
2252 4457 2434 4527 χώραν
2457 4474 2470 4487 ·
2505 4455 2735 4518 πολλοὺς
2773 4455 2883 4525 γὰρ
2932 4454 3163 4524 ἠκηκόει
3189 4453 3285 4507 καὶ
3314 4451 3423 4505 τῶν
3466 4451 3627 4521 ὀρθο-

352 4552 628 4613 cogerent.
660 4541 931 4595 Mautinmi
961 4546 1299 4614 congregati,
1345 4556 1398 4599 et
1431 4548 1547 4601 zelo
1577 4549 1796 4617 pietatis
1834 4548 1933 4602 fal-

352 4650 468 4698 ces,
496 4648 738 4699 secures,
775 4644 828 4689 et
874 4635 1035 4690 obvia
1082 4652 1311 4706 qumque
1343 4653 1441 4707 pro
1469 4640 1638 4693 armis
1664 4640 1936 4707 arripien-

355 4734 457 4787 tes,
517 4724 783 4778 militibus
838 4740 897 4780 se
950 4726 1240 4795 objiciunt,
1291 4738 1345 4782 et
1407 4745 1588 4799 pugna
1631 4732 1934 4785 commissa

351 4811 506 4865 multi
537 4828 564 4864 e
598 4810 1038 4881 Paphlagonibus
1060 4815 1411 4879 occiduntur,
1449 4831 1513 4870 ac
1566 4817 1766 4872 milites
1802 4834 1938 4887 pene

351 4918 564 4967 omnes.
598 4902 723 4959 "ch
752 4916 987 4976 strages,
1024 4918 1076 4961 et
1108 4908 1240 4961 illud
1273 4910 1562 4979 impudens
1595 4908 1799 4963 factum
1825 4926 1931 4964 non

350 4996 529 5050 solum
574 4998 715 5064 apud
754 5013 848 5052 eos
890 4999 983 5068 qui
1025 5000 1215 5053 violati
1251 5010 1454 5067 essent,
1493 5002 1587 5056 sed
1642 5002 1803 5057 etiam
1841 5001 1935 5072 qui

348 5088 591 5154 ejusdem
617 5100 778 5143 seeta:
797 5101 1001 5155 essent,
1022 5090 1342 5147 Macedonio
1366 5092 1491 5162 jure
1506 5094 1714 5164 optimo
1747 5094 1933 5148 odium

348 5182 680 5235 conciliavit:
696 5170 827 5251 quin
848 5193 901 5237 et
920 5184 1097 5253 ipsum
1124 5186 1505 5253 imperatorem
1531 5185 1599 5240 ad
1622 5186 1938 5241 inimicitias

349 5277 861 5347 commovit.Neque
881 5277 951 5332 ob
968 5292 1089 5331 eam
1114 5279 1289 5332 solum
1305 5294 1550 5341 causam,
1574 5295 1759 5333 verum
1773 5279 1937 5333 etiam

348 5368 496 5436 quod
533 5385 737 5439 corpus
775 5371 1119 5441 imperatoris
1166 5371 1513 5427 Constantini
1566 5371 1798 5443 piissimi
1824 5371 1929 5440 (vi-

2036 4550 2204 4615 δόξων
2237 4548 2458 4601 καὶτῶν
2488 4549 2596 4602 ἀπὸ
2621 4547 2875 4601 Ναυὰτου
2900 4549 2957 4598 ἐν
2988 4546 3123 4617 αὐτῇ
3152 4544 3457 4615 διατρίϐειν
3482 4559 3496 4573 ·
3530 4543 3631 4595 καὶ

2036 4643 2305 4710 τέσσαρας
2326 4639 2613 4709 φάλαγγας
2636 4636 2989 4709 στρατιωτῶν
3008 4636 3252 4689 ἐνόπλων
3268 4634 3628 4706 παρασκευὰ-

2034 4734 2117 4795 ζει
2153 4731 2411 4802 σταλῆναι
2448 4733 2567 4785 κατ’
2605 4730 2786 4784 αὐτῶν
2817 4731 2911 4782 καὶ
2958 4732 3070 4792 τοῖς
3112 4730 3299 4791 ὅπλοις
3331 4725 3625 4798 βιάζεσθαι

2035 4826 2172 4892 πρὸς
2222 4825 2322 4894 τὴν
2376 4824 2653 4878 ἀσέϐειαν.
2696 4823 2759 4876 Οἱ
2828 4822 2886 4875 δὲ
2922 4822 3064 4874 κατὰ
3091 4822 3153 4872 τὸ
3212 4820 3542 4873 Μαντιναῖον
3578 4819 3627 4850 ’⁸

2039 4916 2314 4976 οἰκοῦντες
2342 4916 2421 4978 εἰς
2453 4915 2658 4981 πλῆθος
2689 4916 3006 4980 συστάντες,
3039 4914 3132 4967 καὶ
3153 4912 3300 4982 ζήλῳ
3332 4912 3432 4982 τῆς
3467 4911 3624 4964 εὐσε-

2047 5009 2200 5071 ϐείας
2230 5007 2473 5077 δρέπανα
2525 5008 2621 5060 καὶ
2661 5006 2849 5071 ἀξίνας
2885 5008 2979 5058 καὶ
3016 5006 3077 5058 τὸ
3126 5003 3442 5075 παρατυχὸν
3481 5001 3626 5055 ὅπλα

2040 5098 2420 5168 ποιησάμενοι,
2462 5097 3025 5168 ἁντιπαρατάττονται
3080 5095 3191 5158 τοῖς
3238 5091 3623 5163 στρατιώταις,

2042 5190 2136 5242 καὶ
2153 5206 2214 5241 συ
2224 5188 2428 5257 μϐολῆς
2449 5189 2751 5258 γενομένης
2772 5188 2958 5242 πολλοὶ
2975 5189 3071 5258 μὲν
3088 5185 3491 5255 διαφθείρονται
3512 5184 3626 5236 τῶν

2047 5277 2557 5346 11αφλαγόνων,τῶν
2579 5276 2636 5329 δὲ
2658 5276 3007 5345 στρατιωτῶν
3036 5273 3175 5343 πλὴν
3194 5271 3391 5340 ὀλίγων
3407 5270 3423 5301 ⁸
3444 5270 3622 5321 ἄποινα

2036 5387 2148 5432 τες.
2175 5366 2323 5439 Λῦτη
2351 5368 2582 5439 τοίνυνή
2615 5372 2899 5441 μιαιφόνος
2930 5368 3023 5421 καὶ
3047 5365 3402 5436 ἀναίσχυντος
3423 5360 3628 5431 πρᾶξις

1606 5528 1842 5586 VARle
1892 5528 2297 5588 LECTIONES.

422 5671 468 5701 ⁸³
500 5669 575 5731 ὡς
632 5685 745 5723 om.
778 5670 817 5722 Β

360 5740 411 5774 ’⁸
440 5742 782 5810 Μαντηναίον
813 5745 850 5795 Α
867 5778 878 5793 .

945 5670 991 5701 ⁸⁸
1020 5669 1093 5738 μή
1126 5670 1165 5722 Α
1198 5686 1211 5722 :
1248 5669 1321 5738 μὴ
1377 5670 1469 5721 καί
1524 5688 1581 5733 ς’.

958 5742 970 5769 ¹
1000 5742 1196 5807 ὀλίγων
1218 5742 1304 5794 ΑΒ
1345 5758 1355 5793 :
1390 5741 1565 5809 ὀλίγον
1602 5758 1660 5803 ς.

1706 5672 1753 5702 ’⁷
1793 5671 1886 5724 καὶ
1963 5670 2152 5740 ἱερέων
2217 5671 2343 5727 add.
2400 5674 2461 5726 A.

2576 5672 2619 5704 93
2658 5668 2972 5738 ἀνθρωπίνη
3021 5664 3062 5719 Β
3106 5681 3116 5697 ·
3167 5656 3507 5730 ἀνθρώπινος
3555 5670 3623 5723 ς.
