3944 6242
300 284 405 351 129

1272 274 1797 336 ΒΙΒΙᾸΟΤΗΕΟΛ.
1839 302 1910 311 -
1943 275 2105 335 COD.
2135 274 2407 337 CCLVII.

3452 271 3553 335 130

291 399 355 451 οὐ
388 394 536 467 παρὰ
571 394 680 447 τῶν
710 392 1057 463 ἠδικημένων
1096 392 1277 463 μόνον,
1309 389 1449 444 ἀλλὰ
1468 391 1564 441 καὶ
1596 388 1744 457 παρά
1768 388 1879 439 τῶν

1993 390 2213 443 lehatur
2261 390 2409 444 enim
2460 388 2742 458 templum,
2797 388 2850 443 in
2895 402 3005 458 quo
3049 386 3289 458 jacebat,
3334 388 3551 444 ruinam

291 490 507 551 οίκείως
536 484 841 539 δοκούντων
863 484 1007 553 ἔχειν
1036 483 1356 550 Μακεδονίῳ
1406 483 1561 551 μῖσος
1610 480 1871 548 ἀνήγειρε.

290 580 524 642 δίκαιον,
555 578 694 633 ἀλλὰ
722 578 817 630 καὶ
864 574 1027 628 αὑτὸν
1061 575 1154 628 τὸν
1207 573 1429 643 βασιλέα
1466 573 1702 626 διέσεισε
1733 572 1873 642 πρὸς

292 672 615 742 ἀπέχθειαν.
649 671 722 723 Οὐ
750 669 909 723 τοῦτο
930 667 989 721 δὲ
1024 668 1206 737 μόνον,
1241 665 1357 719 ἀλλ’
1396 665 1480 719 ὅτι
1505 665 1602 719 καὶ
1621 664 1681 718 τὸ
1710 664 1874 735 σῶμα

291 762 711 817 Κωνσταντίνου
740 762 836 815 τοῦ
874 760 1140 830 βασιλέων
1169 762 1189 792 ³
1234 757 1630 812 εὐσεϐεστάτου
1672 757 1875 821 (ἐδόκει

288 856 403 925 γὰρ
431 857 459 908 6
492 854 641 919 ναὸς,
678 856 736 907 ὲν
761 847 805 921 ᾧ
855 853 1160 917 κατέκειτο,
1193 852 1359 919 ἐγγὺς
1402 844 1546 903 εἷναι
1581 846 1675 902 τοῦ
1708 865 1879 901 κατα-

1979 480 2200 544 minari)
2253 480 2547 549 accipiens,
2578 480 2698 533 sine
2731 479 2880 533 illius
2936 480 3166 534 consilio
3208 479 3261 531 in
3291 479 3556 548 templum

1978 572 2153 626 sancti
2202 572 2383 626 Acacii
2426 571 2815 626 transtulisset.
2853 572 3097 640 Cumque
3124 570 3323 641 577a
3378 572 3559 625 omni-

1978 665 2080 719 bus
2136 665 2252 718 hrBC
2317 664 2603 719 translatio
2656 679 2766 718 non
2840 665 3097 733 placeret,
3128 679 3315 717 verum
3366 663 3556 717 multis

1980 756 2210 825 impium
2268 756 2539 810 videretur
2599 765 2944 809 mortuorum
3010 770 3239 825 corpora
3298 754 3557 819 effodere,

1979 850 2330 916 maximeque
2380 848 2728 917 imperatoris
2796 847 2999 915 pietate
3045 847 3296 911 illustris,
3363 861 3558 916 magna

1981 939 2161 993 editur
2202 947 2434 1009 strages,
2472 946 2527 993 et
2571 937 2873 992 multorum
2933 948 3097 1007 atque
3140 940 3277 993 adeo
3312 940 3559 1007 gravium

1988 1029 2287 1093 malorum,
2326 1043 2449 1097 qua:
2511 1042 2683 1082 ausus
2738 1027 2920 1081 fuerat
2973 1026 3341 1093 Macedonius,
3398 1042 3563 1098 parva

288 946 503 1015 πεσεῖν)
535 945 719 1000 λαϐὼν
748 947 875 1001 ἄνευ
899 944 1125 1016 γνώμης
1149 942 1316 998 αὐτοῦ
1362 945 1441 1006 είς
1470 943 1562 995 τὸν
1587 941 1679 995 τοῦ
1711 939 1871 1009 ἁγίου

301 1039 565 1092 Ἀκακίου
601 1037 738 1090 νεὼν
772 1036 1121 1109 μετεκόμισε,
1158 1035 1321 1109 [1428
1334 1033 1426 1104 IL]
1454 1034 1550 1087 καὶ
1574 1032 1757 1104 ἐπειδὴ
1775 1034 1881 1086 πᾶ-

291 1146 378 1182 σιν
415 1131 445 1199 ἠ
480 1130 774 1199 μετάθεσις
795 1132 857 1183 ού
888 1129 1183 1190 συνεδόκει,
1219 1128 1356 1181 ἀλλὰ
1401 1125 1615 1188 πολλοῖς
1660 1125 1876 1178 ἀνόσιον

1993 1135 2146 1191 pinna
2179 1120 2443 1175 multatus
2469 1129 2574 1187 est,
2604 1120 2891 1189 dignitatis
2926 1120 3189 1174 nimirum
3229 1120 3555 1188 privatione.

290 1222 583 1292 ἐνομίζετο
656 1224 724 1276 τὰ
748 1222 858 1275 τῶν
904 1220 1284 1291 ἀποιχομένων
1332 1217 1721 1291 ἀνορύττεσθαι
1762 1216 2014 1286 σώματα,
2049 1213 2142 1265 καὶ
2185 1214 2307 1266 τότε
2338 1212 2605 1281 βασιλέως
2639 1212 2896 1282 εὐσεϐείᾳ
2925 1211 3360 1280 διαλάμψαντος,
3405 1210 3564 1278 φόνος

288 1316 470 1387 ὲῤῥύη
504 1312 693 1376 πολύς.
728 1313 836 1366 Καὶ
857 1313 966 1365 τῶν
1029 1311 1244 1365 πολλῶν
1275 1312 1373 1366 καὶ
1399 1311 1716 1381 ἀνηκέστων
1742 1307 1952 1370 κακῶν,
2000 1299 2076 1358 ὧν
2102 1305 2307 1375 ἐτόλμα
2358 1305 2714 1370 Μακεδόνιος,
2750 1304 2952 1376 μικράν
2996 1321 3117 1358 τινα
3153 1303 3307 1357 δίκην
3335 1304 3563 1357 ἀπέτισε

297 1410 404 1481 τὴν
433 1408 757 1479 καθαίρεσιν
777 1406 872 1460 τοῦ
907 1406 1237 1477 ἀξιώματος.

388 1498 650 1568 Ἐκρὰτει
672 1496 718 1550 δ’
744 1492 836 1551 οὖν
862 1498 1012 1566 ὅμως
1038 1498 1109 1550 τὰ
1176 1494 1388 1567 Ἀρείου
1417 1492 1486 1548 δι’
1534 1493 1662 1563 ὅλης
1688 1508 1748 1545 τε
1779 1492 1880 1560 τῆς

2057 1488 2432 1543 Invalescebat
2466 1500 2648 1544 tamen
2721 1489 2922 1543 Ariana
2972 1488 3244 1557 impietas,
3295 1489 3561 1559 quamdiu

291 1591 686 1646 Κωνσταντίου
720 1589 1022 1660 βασιλείας⁹
1059 1590 1156 1643 καὶ
1202 1590 1282 1642 ἔτι
1338 1587 1539 1658 μᾶλλον
1563 1587 1706 1641 κατά
1754 1586 1881 1645 τοὺς

1993 1578 2336 1634 Constantius
2380 1581 2671 1651 imperavit
2720 1582 3001 1652 :amplius
3058 1598 3189 1637 vero
3230 1584 3565 1652 temporibus

294 1684 605 1746 Οὐάλεντος
662 1682 756 1736 τοῦ
805 1682 1288 1737 δυσσεϐεστάτου⁸
1346 1680 1594 1751 χρόνους,
1654 1678 1761 1741 ἕως
1815 1676 1883 1731 ἂν

1993 1670 2138 1741 impii
2174 1669 2439 1738 Valentis,
2481 1673 2661 1728 donec
2722 1674 2874 1728 illum
2922 1674 3108 1728 divina
3142 1675 3281 1729 ultio
3332 1677 3564 1745 punivit.

296 1777 509 1826 ἐκεῖνον
549 1774 646 1842 μὲν
685 1775 719 1842 ἠ
752 1774 873 1827 θεία
927 1774 1157 1844 μετῆλθε
1204 1772 1329 1845 [777
1365 1770 1457 1845 Η.]
1489 1772 1638 1841 δίκη,
1689 1770 1879 1823 Θεοδό-

301 1882 418 1918 σιον
461 1866 521 1918 δὲ
550 1864 642 1917 τὸν
677 1865 737 1929 ἐξ
812 1864 1090 1928 Ἱσπανίας
1127 1864 1294 1936 ψήφῳ
1339 1863 1526 1934 δικαίᾳ
1580 1861 1879 1934 Γρατιανοῦ

299 1957 396 2009 τοῦ
426 1958 497 2009 τὰ
530 1956 763 2027 ἑσπέρια
812 1957 1169 2026 περιέποντος
1202 1958 1283 2018 είς
1326 1957 1418 2009 τὸν
1477 1955 1747 2026 βασίλειον
1780 1953 1882 2021 τῆς

316 2051 612 2122 ’Δνατολῆς
659 2051 848 2121 θρόνον
873 2050 1190 2115 ἀνεϐίϐασε,
1223 2051 1320 2103 καὶ
1364 2052 1431 2120 τῇ
1482 2048 1759 2121 ὀρθοδοξίᾳ
1815 2047 1883 2100 δι’

316 2143 472 2195 αὑτοῦ
507 2143 569 2195 τὸ
621 2143 824 2213 κράτος
878 2141 1248 2212 ἐϐράϐευσεν.
1315 2140 1453 2194 Ἀλλ’
1504 2139 1646 2193 οὕτω
1696 2140 1795 2211 μὲν
1848 2141 1883 2210 ἡ

334 2232 534 2303 ’Δρείου
558 2236 771 2308 αἵρεσις
812 2234 911 2297 τὰς
957 2234 1284 2305 Ἐκκλησίας
1334 2235 1426 2286 ἐπὶ
1471 2234 1883 2305 τεσσαράκοντα

320 2325 409 2397 ἔτη
434 2326 880 2397 κατανεμηθεῖσα
905 2330 971 2398 τῇ
1001 2326 1285 2381 Θεοδοσίου
1321 2326 1576 2397 εὐσεϐείᾳ
1603 2324 1881 2395 ἐξωστρά-

313 2434 519 2483 κισται,
552 2419 651 2473 καὶ
675 2419 736 2471 τὸ
769 2418 1054 2490 ὁρθόδοξον
1101 2422 1212 2483 τοῖς
1257 2419 1479 2483 οἰκείοις
1515 2417 1881 2472 ἐνεκαλλωπί-

310 2508 434 2572 ζετο
461 2510 859 2581 δικαιώμασιν.
906 2512 1209 2581 ΣυγκροτείΔ
1242 2510 1374 2579 γοῦν
1424 2513 1454 2564 6
1504 2511 1666 2575 αὐτὸς
1705 2510 1886 2579 θεοφι-

308 2600 573 2664 λέστατος
604 2601 859 2671 βασιλεὺς
909 2601 1145 2669 σύνοδον,
1199 2601 1434 2672 μελέτην
1459 2600 1597 2673 ἔχων
1638 2602 1887 2666 καὶτοὺς

306 2692 417 2745 ἀπὸ
440 2689 787 2746 Μακεδονίου
826 2690 963 2762 πρὸς
993 2690 1189 2743 ἕνωσιν
1224 2694 1559 2760 συναγαγεῖν
1592 2694 1704 2754 τοῖς
1730 2691 1887 2763 ὀρθο-

304 2781 524 2847 δοξοῠσι
551 2782 647 2835 καὶ
678 2782 1043 2852 πρεσϐεύουσι
1072 2781 1134 2834 τὸ
1156 2782 1439 2851 ὁμοούσιον
1460 2800 1473 2814 ·
1508 2783 1588 2835 διδ
1615 2784 1769 2836 καλεῖ
1792 2784 1887 2836 καὶ

304 2877 438 2938 τοὺς
464 2875 819 2947 προεστῶτας
853 2876 1032 2929 αὐτῶν
1063 2876 1159 2945 τῆς
1194 2875 1478 2946 αἱρέσεως,
1503 2878 1598 2930 καὶ
1628 2875 1889 2945 συνῆλθον

305 2968 417 3021 τῶν
446 2969 880 3040 ὀρθοδοξούντων
903 2974 1010 3028 ἀπὸ
1040 2974 1139 3044 μὲν
1172 2976 1578 3045 Ἀλεξανδρείας
1599 2977 1883 3048 Τιμόθεος,

1991 1762 2354 1819 Theodosium
2410 1774 2593 1820 autem
2646 1765 2945 1837 Hispanum
2977 1768 3187 1838 justum
3244 1768 3567 1840 suﬂ‘ragium

1993 1856 2262 1918 Gratiani.
2305 1855 2619 1915 Occidentis
2670 1862 2958 1930 imperium
3007 1863 3465 1929 administrantis,
3498 1863 3566 1916 ad

1992 1949 2173 2003 sedem
2222 1949 2627 2019 imperatoriam
2687 1955 2933 2022 provexit
2988 1952 3253 2018 Orientis,
3293 1962 3348 2007 et
3382 1954 3572 2009 ortho-

1990 2039 2144 2097 doxa:
2182 2042 2303 2099 fidei
2336 2060 2429 2113 per
2461 2046 2612 2099 illum
2642 2047 2989 2101 confirmatio
3024 2047 3269 2101 invaluit.
3309 2046 3400 2101 Sic
3441 2047 3568 2116 qui-

1991 2134 2111 2188 dem
2155 2136 2356 2191 Ariaua
2420 2137 2644 2191 haeresis
2694 2136 2969 2193 Ecclesias
3012 2140 3083 2192 40
3120 2154 3296 2192 annos
3344 2153 3571 2201 vexans,

1992 2226 2190 2295 pietate
2221 2226 2517 2285 Theodosii
2547 2230 2966 2295 exterminatur,
2997 2240 3049 2285 et
3081 2247 3216 2286 suus
3254 2231 3575 2286 orthodoxa:

1993 2319 2115 2375 fidei
2146 2321 2322 2378 Itonos
2346 2324 2612 2380 redditus.
2648 2324 2928 2380 Convocat
2946 2326 3113 2395 igitur
3133 2326 3424 2381 concilium
3448 2326 3572 2394 pius

1994 2407 2317 2478 imperator,
2367 2411 2640 2467 meditans
2693 2422 2748 2467 et
2803 2412 3230 2469 Macedonianos
3280 2415 3574 2469 conciliare

1992 2497 2334 2564 orthodoxis,
2364 2508 2419 2553 et
2455 2499 2549 2569 qui
2588 2500 3207 2557 consubstantialitatem
3246 2502 3576 2557 confiteren-

1998 2595 2104 2641 tur.
2152 2586 2517 2652 Quamobrem
2569 2589 2747 2659 capita
2800 2590 3179 2646 ha-reticorum
3211 2603 3497 2654 convocat,
3519 2602 3576 2647 et

1994 2692 2373 2735 convenerunt
2417 2698 2448 2737 e
2490 2684 2799 2749 catholicis,
2841 2685 3169 2740 Alexandria
3210 2687 3425 2755 quidem
3476 2685 3571 2740 Ti-

1995 2774 2274 2838 motheus,
2338 2775 2734 2846 Hierosolymis
2784 2792 2914 2831 vero
2975 2776 3231 2848 Cyrillus,
3285 2777 3574 2831 Antiochia

1995 2862 2277 2931 Meletius,
2336 2863 2635 2935 Gregorius
2702 2863 3121 2934 Nazianzenus,
3184 2865 3575 2922 Thessalonica

1996 2956 2282 3021 Achillius,
2316 2957 2485 3028 Nyssa
2530 2957 2858 3029 Gregorius,
2894 2968 2951 3015 et
2998 2960 3092 3014 alii
3132 2959 3392 3030 plurimi,
3435 2976 3579 3029 quo-

306 3060 367 3126 ἐξ
405 3059 799 3133 Ἰεροσολύμων
845 3065 905 3119 δὲ
952 3066 1242 3138 Κύριλλος,
1284 3069 1544 3130 Μελέτιος
1603 3069 1647 3121 δ’
1676 3069 1734 3135 ἐξ
1774 3070 1884 3122 Ἀν-

1999 3065 2118 3103 rum
2183 3066 2443 3106 numerus
2487 3053 2553 3106 ad
2607 3061 2828 3107 centum
2869 3054 3267 3124 quinquaginta
3312 3056 3573 3108 excrevit.

308 3153 576 3222 τιοχείας,
609 3154 907 3228 Γρηγόριός
927 3175 987 3211 τε
1018 3161 1198 3231 παρῆν
1228 3163 1257 3214 6
1288 3160 1572 3228 Θεολόγος,
1602 3161 1696 3214 καὶ
1738 3161 1890 3230 Ἀχό-

309 3242 423 3304 λιος
451 3245 474 3273 ⁵
509 3243 543 3296 6
571 3242 990 3317 Θεσσαλονίκης,
1018 3250 1112 3301 καὶ
1140 3250 1168 3302 6
1198 3248 1420 3320 Νύσσης
1462 3251 1764 3321 Γρηγόριος
1796 3251 1893 3303 καὶ

310 3332 463 3386 ἄλλοι
486 3334 675 3388 πολλοί
700 3350 715 3366 ·
742 3339 1084 3408 πεντήκοντα
1109 3340 1206 3394 καὶ
1245 3342 1441 3395 ἑκατὸν
1463 3338 1607 3413 ἦσαν
1638 3342 1819 3396 αὐτῶν
1864 3346 1895 3397 6

310 3426 421 3487 πᾶς
454 3425 737 3494 σύλλογος.
763 3429 870 3483 Τοῦ
894 3430 938 3483 δ’
967 3432 1247 3503 αἱρετικοῦ
1273 3432 1492 3502 στίφους
1524 3434 1709 3503 ἡγεῖτο
1738 3434 1839 3505 μὲν
1867 3436 1895 3487 6

313 3514 560 3580 Κυζίκου
596 3515 865 3583 Ἐλεύσιος
880 3524 977 3574 καὶ
1001 3522 1316 3592 Μαρκιανὸς
1340 3525 1370 3576 6
1392 3523 1694 3594 Λαμψάκου
1712 3526 1806 3578 καὶ
1829 3528 1858 3578 6
1873 3525 1897 3555 ⁸

326 3606 562 3674 Ἐφέσου
591 3609 820 3678 Εὑήθιος
848 3611 945 3664 καὶ
963 3612 1113 3666 ἄλλοι
1141 3612 1307 3677 τινὲς,
1336 3614 1416 3677 είς
1431 3614 1522 3667 τὸν
1543 3612 1709 3679 ἒξκαὶ
1734 3617 1893 3686 τριά-

316 3718 485 3756 κοντα
505 3703 529 3735 ⁶
550 3706 1115 3777 συγκεφαλαιούμενοι
1140 3708 1265 3779 ἀριθ
1275 3709 1391 3780 μόν.
1410 3710 1697 3783 Παρῄνουν
1718 3712 1782 3782 δὴ
1801 3711 1896 3782 βα-

318 3793 499 3858 σιλεύς
513 3811 576 3847 τε
592 3795 778 3860 αὐτὸς,
794 3799 884 3850 καὶ
896 3799 1018 3851 ὅσον
1040 3798 1339 3871 ὁρθόδοξον,
1355 3802 1480 3865 τοὺς
1491 3803 1587 3872 τῆς
1611 3805 1895 3875 αίρετικῆς

320 3885 520 3955 μοίρας
543 3886 822 3941 συνελθεῖν
837 3889 918 3953 είς
949 3890 1331 3963 ὁμοφροσύνην
1348 3895 1442 3948 καὶ
1470 3896 1818 3950 ἀσπάσασθαι
1834 3898 1897 3950 τὸ

314 3977 628 4046 ὁμοούσιον,
657 3978 733 4042 ὡς
773 3980 868 4032 καὶ
916 3981 1085 4052 χωρὶς
1114 3985 1494 4055 παραινέσεως
1537 3986 1899 4057 διαπρεσϐευ-

318 4067 593 4137 σαμένους
612 4070 811 4134 αὐτοὺς
826 4074 846 4105 ⁷
866 4072 1078 4127 οίκοθεν
1096 4075 1232 4145 πρὸς
1244 4075 1501 4146 Λιϐἐριον
1522 4078 1785 4149 πρότερον
1804 4079 1900 4133 καὶ

315 4159 673 4231 ἁνομολογεῖν
701 4164 1104 4234 ὑποσχομένους
1131 4166 1193 4219 τὸ
1236 4168 1541 4237 ὁμοούσιον,
1576 4171 1889 4243 ὑπομιμνή-

318 4268 541 4316 σκοντες
571 4253 649 4317 ὡς
670 4254 767 4306 καὶ
794 4256 896 4322 τὴν
925 4256 1032 4309 τῶν
1062 4256 1357 4329 δρθοδόξων
1385 4262 1670 4316 κοινωνίαν
1686 4263 1888 4317 αὐτεπ-

314 4344 1103 4418 ἁγγελτοιπροσεδέχοντο.“Τὸ
1142 4349 1190 4404 δ’
1226 4353 1523 4423 αἱρετικὸν,
1543 4354 1651 4406 τῶν
1671 4354 1895 4410 δικαίων

316 4436 563 4508 ἐλέγχων
592 4438 689 4490 καὶ
709 4438 904 4507 φιλανθ
914 4441 1112 4509 ρώπων
1123 4434 1507 4512 ¹παραινέσεων
1523 4446 1716 4499 οὐδένα
1741 4450 1897 4519 ποιή-

320 4543 514 4590 σαντες
536 4528 719 4597 λόγον,
761 4531 863 4601 τῆς
910 4533 1117 4596 οίκείας
1168 4534 1486 4601 δυσσεϐείας
1517 4538 1579 4591 ού
1624 4538 1893 4608 μεθίεντο.

1994 3142 2272 3200 llaaretica:
2312 3160 2441 3198 vero
2471 3146 2645 3199 turba:
2689 3156 2921 3215 praeerat
2948 3146 3205 3201 Eleusius
3247 3145 3572 3217 Cyzicenus,

1994 3234 2305 3290 Marcianus
2335 3234 2771 3305 Lampsacenus,
2808 3236 3072 3295 Evethius
3117 3237 3411 3310 Ephesius,
3454 3239 3577 3292 alii-

1994 3342 2101 3396 que
2153 3328 2427 3390 nonnulli,
2480 3345 2715 3397 quorum
2750 3346 3041 3384 numerum
3093 3346 3193 3386 sex
3247 3341 3300 3386 et
3355 3331 3576 3399 triginta

1994 3419 2358 3488 complebant.
2411 3419 2786 3478 Hortahantur
2833 3424 3129 3491 imperator
3185 3424 3329 3492 ipse,
3385 3432 3441 3478 et
3481 3425 3572 3477 alii

1994 3514 2280 3567 orthodoxi
2311 3513 2617 3579 haereticos,
2640 3516 2812 3582 ut,illa
2838 3514 3075 3571 factione
3094 3516 3299 3581 relicta,
3326 3518 3392 3572 ad
3412 3518 3574 3570 unio-

1997 3619 2119 3656 nem
2172 3607 2558 3673 convenirent,
2617 3616 2671 3661 et
2722 3608 3031 3677 ὁμοούσιον,
3100 3610 3575 3677 consubstantiale,

1996 3695 2478 3763 amplecterentur,
2516 3700 2983 3767 quemadmodum
3026 3709 3081 3754 et
3128 3711 3308 3763 antea,
3362 3701 3577 3754 nemine

1998 3783 2273 3850 hortante,
2301 3787 2486 3842 missis
2517 3788 2582 3842 ad
2614 3786 2893 3843 Liberium
2926 3790 3140 3860 legatis,
3174 3790 3399 3859 polliciti
3420 3799 3581 3845 erant

1998 3876 2350 3933 confessurus
2372 3894 2432 3935 se
2460 3896 2567 3935 una
2589 3881 2893 3951 ὁμοούσιον,
2926 3882 2980 3936 in
3007 3883 3325 3937 memoriam
3357 3883 3579 3937 interim

1999 3969 2327 4036 redigentes,
2376 3971 2518 4026 ultro
2558 3972 2705 4041 ipsos
2747 3974 3190 4029 communionem
3233 3988 3355 4027 cum
3387 3975 3577 4027 ortho-

2001 4058 2159 4115 doxis
2198 4061 2508 4117 admisisse.
2538 4064 2791 4118 Hzeretici
2824 4080 2974 4131 Vero,
2998 4066 3158 4133 justze
3190 4065 3573 4134 reprehensio-

2002 4152 2091 4206 nis
2139 4160 2194 4206 et
2245 4152 2402 4208 bonae
2457 4156 2851 4213 admonitionis
2908 4159 3054 4214 nulla
3109 4159 3295 4213 habita
3340 4160 3573 4227 ratione,

2002 4259 2156 4298 suam
2188 4245 2525 4314 impietatem
2550 4262 2657 4301 non
2686 4249 3048 4317 reliquerunt.
3076 4248 3310 4318 Ideoque
3338 4250 3581 4306 concilio

2005 4338 2298 4407 ejiciuntur
2331 4349 2386 4394 et
2415 4340 2571 4404 urbe,
2623 4342 3029 4411 conciliumque
3060 4354 3209 4396 creat
3234 4340 3574 4408 Nectarium,

2003 4430 2259 4483 senatorii
2302 4431 2523 4499 quidem
2565 4433 2884 4504 sanguinis,
2934 4433 3283 4503 episcopum,
3326 4435 3575 4489 moribus

2002 4520 2296 4582 facillimis,
2335 4523 2404 4576 ob
2434 4538 2574 4592 quos
2617 4526 2855 4579 maxime
2897 4526 3201 4579 colebatur.
3235 4524 3361 4579 llaec
3387 4536 3573 4581 autem

329 4619 715 4674 Ἔκϐἀλλονται
761 4618 855 4675 οὖν
904 4624 991 4678 διὰ
1039 4626 1200 4679 τοῦτο
1226 4628 1438 4681 καὶτοῦ
1494 4632 1771 4701 συνεδρίου
1800 4634 1896 4687 καὶ
2000 4616 2241 4686 εγηοάιιε
2297 4615 2492 4687 4771)
2531 4616 2688 4672 ﬁdem
2731 4618 2783 4672 in
2838 4618 3052 4674 Νίοκηθ
3077 4619 3406 4688 Publicamm
3441 4634 3575 4673 εον·

315 4713 413 4784 τῆς
446 4713 662 4777 πόλεως
687 4729 701 4744 ⁶
732 4716 826 4767 καὶ
880 4718 913 4786 ἡ
960 4716 1178 4780 σύνοδος
1224 4723 1522 4789 χειροτονεί
1552 4724 1643 4775 τὸν
1680 4724 1886 4779 Νεκτά-

1999 4708 2201 4763 firmat.
2232 4706 2437 4763 Probat
2477 4710 2660 4765 omnia
2705 4711 3024 4782 imperator,
3064 4722 3119 4769 et
3160 4716 3386 4785 perferri
3417 4726 3575 4773 curat

320 4824 455 4877 ριον.
490 4807 859 4875 συγκλητικοῦ
896 4809 997 4880 μὲν
1042 4812 1272 4881 αἵματος
1305 4813 1451 4879 ὄντα,
1478 4814 1576 4887 τὴν
1597 4816 1693 4870 τοῦ
1724 4818 1886 4887 πραί-

2000 4815 2197 4869 magna
2233 4816 2357 4856 cum
2392 4803 2697 4858 reverentia
2747 4806 3008 4874 reliquias
3042 4810 3214 4863 sancti
3248 4809 3401 4865 Pauli
3443 4826 3574 4866 con-

320 4914 490 4969 τωρος
512 4899 537 4931 ⁸
570 4898 627 4951 δὲ
662 4900 975 4970 χειρίζοντα
1006 4904 1204 4975 ἀρχὴν,
1232 4904 1325 4957 τὸν
1376 4906 1578 4976 τρόπον
1625 4908 1682 4961 δὲ
1720 4911 1886 4963 ἐπιει-

1996 4891 2222 4949 fessoris
2262 4912 2276 4949 :
2317 4908 2371 4949 et
2406 4896 2652 4965 episcopi
2691 4906 2967 4968 quotquot
3008 4901 3234 4956 aderant
3285 4920 3391 4958 una
3443 4919 3576 4959 cum

321 4992 604 5056 κέστατον,
630 4990 700 5044 δι’
742 4990 802 5043 ὃν
841 4994 936 5045 καὶ
986 4993 1227 5062 μάλιστα
1274 4995 1636 5067 ἐθαυμάζετο.
1676 4998 1886 5054 Βεϐαιοί

1993 4988 2267 5053 Nectario,
2311 4993 2471 5061 longe
2500 5001 2654 5046 extra
2693 4992 3091 5048 Chalcedonam
3124 4997 3338 5052 obviam
3374 5013 3579 5067 proce--~

324 5082 364 5134 δ’
397 5083 429 5151 ἡ
468 5084 605 5148 ἁγία
644 5082 859 5149 σύνοδος
890 5083 1035 5155 αὕτη
1065 5088 1160 5140 καὶ
1212 5086 1281 5156 ἣν
1309 5089 1344 5157 ἡ
1376 5089 1434 5141 ὲν
1468 5089 1673 5160 Νικαίᾳ
1722 5091 1886 5144 διετυ-

1993 5084 2149 5148 (lunt,
2185 5085 2467 5154 multoque
2506 5094 2670 5139 cantu
2705 5095 2759 5139 et
2821 5089 3087 5142 comitatu
3127 5092 3468 5160 suscipiunt,
3511 5102 3571 5146 el

330 5172 544 5227 πὼσατο
582 5173 820 5238 πίστεως
878 5174 1114 5231 ἔκθεσιν.
1142 5177 1253 5229 Kal.
1309 5177 1599 5248 σύμψηφος
1651 5182 1821 5233 πᾶσιν
1866 5183 1886 5234 6

1995 5192 2091 5247 per
2128 5178 2358 5231 mediam
2392 5178 2581 5231 urbem
2615 5193 2817 5247 corpus
2865 5179 3122 5245 ferentes,
3153 5182 3486 5235 collocarunt
3512 5183 3574 5238 in

331 5258 572 5327 βασιλεὺς
613 5264 847 5333 γίνεται,
892 5266 989 5320 xal.
1018 5265 1341 5336 ἀνακομίζει
1386 5269 1525 5337 μετὰ
1558 5270 1754 5324 πολλοῦ
1797 5272 1886 5325 τοῦ

2002 5270 2230 5324 ecclesia
2257 5278 2458 5325 sanctae
2497 5270 2681 5324 lrenes
2704 5272 2939 5326 nominis
2962 5273 3193 5341 antiqui,
3239 5287 3399 5342 quant
3425 5271 3575 5327 Cor.-

334 5353 666 5426 σεϐάσματος
686 5357 783 5411 καὶ
801 5356 1018 5412 Παύλου
1040 5357 1137 5413 τοῦ
1165 5360 1501 5430 ὀμολογητοῦ
1532 5362 1592 5413 τὸ
1613 5362 1886 5432 λείψανον.

2001 5364 2234 5417 stantius
2263 5364 2553 5433 imperator
2588 5363 2641 5417 in
2678 5364 3019 5421 latitudinem
3050 5374 3104 5419 et
3140 5365 3574 5436 magnitudinem

1578 5516 1818 5576 VARIE
1874 5521 2003 5578 LEC
2022 5520 2280 5578 flONES.

393 5653 412 5681 ’
437 5650 695 5730 βασιλέως
725 5670 785 5716 ς·.
816 5723 826 5730 Δ
865 5653 885 5685 ³
909 5650 1206 5718 δυσσεϐοῦς
1233 5669 1295 5716 ς.
1373 5651 1395 5684 ⁸
1436 5650 1698 5723 Ἀχίλλιος
1722 5673 1781 5718 ς.
1860 5660 1881 5690 ⁵
1909 5658 1938 5711 ὀ
1960 5666 2086 5712 ante
2128 5657 2356 5727 Ἐφέσου
2388 5672 2497 5713 om.
2534 5660 2600 5713 Α.
2671 5660 2690 5690 ⁶
2724 5659 3038 5730 τριακοστόν
3068 5660 3132 5712 Α.

3233 5659 3254 5691 ⁷
3279 5662 3457 5724 αὐτοῖς
3488 5663 3559 5717 Α.

334 5719 353 5750 ⁸
384 5723 664 5794 πραίτορος
693 5740 775 5794 pr.
800 5723 865 5779 Δ.
