3944 6242
333 255 426 321 131
1482 257 1744 319 ΡΗΟΤΙῘ
1784 259 1906 318 PA'I

2018 256 2285 317 ARCH/E
2319 257 2425 316 CP.
2952 309 2979 325 ,

3479 253 3575 316 132

329 393 362 430 e
400 391 567 445 parva
613 374 889 438 excitavit,
927 374 1017 428 cui
1074 384 1129 428 et
1165 372 1368 428 Paulus
1415 375 1731 445 aliquandiu
1768 389 1906 444 pra:-

2018 374 2123 425 Καὶ
2155 372 2437 427 ἀπαντῶσι
2469 373 2491 404 ⁸
2518 370 2626 423 τῶν
2663 369 2977 424 ἐπισκόπων
3008 386 3103 423 συν
3127 369 3169 401 ¹⁰
3195 367 3345 439 αὑτῷ
3371 369 3587 423 Νεκτα-

330 468 530 525 fuerat.
555 476 610 522 et
634 477 798 521 totam
828 474 1039 519 noctem
1075 468 1330 521 caulibus
1372 468 1759 537 transigentes,
1792 483 1908 520 ma-

330 576 398 615 ne
432 561 628 615 iterum
661 570 770 613 tota
814 561 1007 615 civitas
1036 560 1236 629 aequali
1274 561 1483 613 honore
1534 569 1587 613 et
1627 561 1818 628 gloria,
1854 561 1906 613 in

324 654 611 709 ecclesiam
652 668 772 722 qua:
817 669 965 707 nunc
1009 654 1079 707 ab
1105 653 1196 705 illo
1238 652 1619 720 cognominata
1656 663 1758 716 est,
1787 667 1909 705 om—

329 745 493 800 nibus
532 744 827 815 episcopis,
873 755 928 798 et
974 746 1144 808 clero,
1189 753 1244 798 et
1284 745 1403 813 ipso
1437 756 1705 812 praesente
1734 744 1908 813 impe-

328 848 530 902 ratore,
571 854 731 894 sacro
784 839 995 892 tumulo
1037 838 1343 906 imponunt.

2009 467 2108 536 ρίῳ
2138 466 2243 536 πρὸ
2274 466 2471 519 πολλοῦ
2501 465 2600 532 τῆς
2632 464 2975 532 Χαλκηδόνος
3018 464 3133 515 ὅσοι
3177 464 3452 531 παρῆσαν,
3492 462 3588 515 καὶ

2010 557 2149 626 μετά
2182 558 2386 629 πολλῆς
2419 559 2447 610 ὑ
2459 557 2748 628 μνολογίας
2784 557 2881 610 καὶ
2921 558 3019 626 τῆς
3064 556 3231 627 ἄλλης
3257 553 3589 625 δορυφορίας

2010 650 2388 719 ὑποδέχονται,
2444 651 2537 703 καὶ
2571 649 2657 703 διὰ
2718 649 2890 719 μέσης
2935 648 3037 718 τῆς
3085 646 3290 710 πόλεως
3324 646 3384 699 τὸ
3429 646 3589 713 σῶμα

2008 741 2326 810 κομίζοντες
2357 742 2436 805 είς
2471 742 2570 811 τὴν
2592 742 2888 812 ἐκκλησίαν
2908 741 3009 811 τῆς
3036 724 3203 809 ἁγίας
3225 740 3462 809 Εἰρήνης
3487 737 3589 807 τῆς

2010 834 2243 904 ἀρχαίας
2278 835 2711 906 καλουμένης,ἣν
2736 836 3142 896 Κωνσταντῖνος
3162 835 3191 885 6
3223 832 3474 904 βασιλεὺς
3507 832 3586 894 εἰς

328 930 530 990 πλάτος
575 929 669 980 καὶ
727 927 956 999 μέγεθος
1008 929 1072 980 ἐκ
1108 928 1449 998 βραχυτέρας
1490 926 1801 996 ἀνήγειρεν,
1871 920 1939 996 ἦς
1980 926 2072 977 καὶ
2140 925 2465 995 προήδρευε,
2499 925 2638 996 πρὸς
2679 926 2858 994 ὀλίγον
2889 926 3154 979 ἀπέθεντο
3181 942 3194 956 ·
3234 925 3328 978 καὶ
3382 923 3588 977 παννύ-

328 1042 443 1093 χιον
473 1024 750 1093 ὑμνῳδίαν
801 1022 1174 1091 τελεσάμενοι,
1232 1022 1432 1091 ὄρθρου
1466 1021 1629 1075 πάλιν
1663 1023 1697 1091 ἡ
1750 1020 1903 1083 πόλις
1941 1022 2091 1073 πᾶσα
2128 1020 2266 1089 μετὰ
2332 1021 2431 1090 τῆς
2499 1022 2621 1092 ἴσης
2653 1024 2746 1075 καὶ
2776 1021 2967 1090 ὁμοίας
2996 1021 3162 1091 τιμῆς
3197 1022 3290 1073 καὶ
3319 1020 3476 1090 δόξης
3507 1019 3589 1088 είς

326 1117 425 1188 τὴν
455 1118 550 1171 νῦν
570 1117 857 1187 ἐπώνυμον
885 1115 1053 1169 αὐτοῦ
1088 1115 1402 1184 ἐκκλησίαν,
1424 1116 1641 1169 πάντων
1667 1113 1792 1185 [778
1814 1113 1905 1185 Η.]
1945 1131 2004 1166 τε
2025 1113 2131 1165 τῶν
2159 1114 2460 1185 ἀρχιερέων
2498 1114 2594 1167 καὶ
2618 1113 2711 1167 τοῦ
2744 1114 2947 1184 κλήρου
2978 1115 3072 1167 καὶ
3108 1114 3273 1167 αὐτοῦ
3329 1130 3589 1187 συμπαρ·’

332 1212 485 1272 ὄντος
534 1209 629 1262 τοῦ
680 1207 964 1278 βασιλέως,
1024 1204 1102 1276 τῷ
1145 1206 1411 1277 ἀγιοδόχῳ
1440 1207 1599 1275 τάφῳ
1651 1204 2056 1257 κατατίθενται.

403 1308 544 1368 Vita.
574 1306 717 1359 unde
739 1306 853 1359 haec
887 1304 1284 1372 excerpsimus,
1311 1302 1555 1371 ejusdem
1580 1311 1664 1355 est
1704 1303 1755 1354 in
1787 1303 1902 1354 elo-

324 1397 550 1451 cutione
589 1394 826 1458 artiﬁcii,
854 1404 905 1449 et
933 1395 987 1447 in
1008 1392 1277 1447 movendo
1310 1391 1606 1455 facultatis,
1640 1390 1798 1460 paulo
1827 1401 1906 1443 ta—

330 1500 450 1537 men
473 1492 554 1537 est
589 1483 802 1538 melior.

1010 1685 1279 1741 CCLVIII.

650 1778 916 1848 Excerpta
971 1796 1035 1835 ex
1090 1780 1371 1834 Athanasii
1421 1778 1564 1831 Vita.

400 1872 524 1942 Legi
560 1873 783 1932 librum,
811 1872 901 1937 qui
944 1871 1262 1923 inscribitur
1319 1889 1331 1923 :
1378 1867 1499 1922 Vita
1543 1877 1592 1920 et
1646 1876 1909 1920 certamen

320 1961 497 2015 sancti
522 1959 704 2012 Patris
725 1959 893 2012 nostri
918 1958 1148 2023 episcopi
1169 1956 1504 2009 Alexandria:
1539 1953 1722 2024 Magni
1744 1953 1910 2005 Atha-

326 2053 487 2115 nasii,
520 2051 711 2105 eodem
752 2049 916 2103 modo
945 2047 1342 2116 conscriptum.

398 2224 600 2277 Aderat
621 2231 837 2292 tempus
862 2221 987 2276 festi
1011 2222 1185 2276 sancti
1225 2221 1369 2276 Petri
1402 2222 1644 2292 episcopi
1677 2234 1731 2276 et
1761 2238 1909 2277 mar-

335 2317 494 2386 tyris,
547 2324 769 2384 totaque
814 2313 1145 2367 Alexandria
1193 2314 1517 2367 memoriam
1542 2315 1773 2376 colebat,
1806 2315 1908 2367 hu-

322 2407 525 2476 j-usque
579 2420 866 2461 successor
929 2406 1256 2467 Alexander,
1308 2415 1432 2475 post
1494 2416 1685 2461 sancta
1739 2409 1908 2461 sacri-

328 2500 494 2561 ﬁcia,
573 2513 764 2552 mensa
836 2497 1106 2566 primores
1175 2497 1308 2551 cleri
1375 2507 1707 2568 susceperat.
1788 2499 1907 2565 Quo

328 2599 576 2659 tempore
622 2588 759 2643 vidit
792 2604 857 2642 ex
893 2588 1040 2643 edito
1084 2588 1204 2642 loco
1234 2589 1287 2642 in
1331 2589 1513 2643 littore
1548 2605 1748 2658 pueros
1788 2591 1906 2644 sin-

327 2699 455 2737 cero
494 2682 681 2736 animo
715 2682 1261 2751 ludentes,-lusuque
1289 2682 1485 2750 puerili
1533 2698 1688 2737 sacra
1720 2692 1774 2737 et
1816 2698 1906 2737 ve-

326 2775 571 2828 neranda
617 2775 878 2840 mysteria
935 2774 1233 2837 imitantes,
1290 2790 1399 2829 non
1442 2774 1532 2828 illa
1587 2775 1903 2840 irridentes,

328 2866 423 2919 sed
456 2866 733 2935 spectandi
768 2866 963 2934 gratia,
995 2866 1113 2921 ausi
1149 2875 1277 2920 sunt
1303 2882 1422 2936 quae
1453 2867 1655 2921 audere
1677 2882 1774 2921 eos
1797 2883 1903 2921 non

2088 1298 2249 1370 [11429
2284 1299 2377 1371 IL]
2410 1302 2531 1352 ’Ὁτι
2552 1302 2642 1352 καὶ
2673 1302 2705 1371 ή
2742 1300 2984 1370 παροῦσα
3015 1317 3327 1370 συγγραφη,
3362 1300 3423 1366 ἐξ
3457 1294 3519 1371 ἧς
3552 1306 3586 1373 ή

2012 1394 2347 1462 προκειμένη
2395 1394 2664 1464 προῆλθεν
2695 1394 2917 1462 ἐκλογὴ,
2953 1395 3051 1464 τῆς
3083 1395 3251 1464 αὐτῆς
3292 1397 3410 1447 ἐστι
3443 1397 3586 1449 κατὰ

2010 1487 2109 1555 τὴν
2140 1488 2340 1556 φράσιν
2364 1488 2457 1540 καὶ
2478 1488 2673 1555 τέχνης
2704 1488 2799 1540 καὶ
2824 1487 3125 1557 δυνάμεως,
3159 1486 3336 1557 βραχύ
3371 1505 3425 1541 τι
3449 1487 3587 1559 πρὸς

2011 1581 2070 1632 τὸ
2098 1579 2319 1649 ἄμεινον
2354 1581 2747 1650 ἀνατρέχουσα.

2710 1672 2884 1723 ENH'.

2168 1764 2438 1834 Ἐκλοταὶ
2494 1765 2563 1817 ἐκ
2591 1764 2697 1817 τοῦ
2722 1765 2867 1827 βίου
2921 1762 3025 1817 τοῦ
3068 1762 3438 1818 Ἂθανασίου.

2093 1857 2433 1927 Ἀνεγνὼσθη
2462 1859 2526 1909 ἐκ
2558 1858 2652 1910 τοῦ
2706 1857 2861 1924 λόγου
2903 1855 2963 1919 ὃς
3016 1858 3399 1926 ἐπιγράφεται,
3442 1858 3585 1922 Βίος

2011 1948 2141 2017 ἤτοι
2174 1949 2432 2016 ἄθλησις
2462 1948 2567 2001 τοῦ
2600 1950 2638 1980 ¹¹
2672 1949 2741 2002 ἐν
2775 1950 3222 2017 ἀγίοιςᾙατρὸς
3258 1948 3427 2016 ἡμῶν
3460 1950 3587 2002 ἐπι-

2009 2043 2243 2096 σκόπου
2266 2040 2724 2109 ’Ᾱλεξανδρείας
2771 2041 2878 2094 τοῦ
2907 2040 3175 2109 μεγάλου
3207 2041 3581 2109 Ἀθανασίου,

2007 2133 2097 2187 τὸν
2120 2135 2235 2186 ἴσον
2266 2132 2528 2186 διατυπού
2538 2150 2698 2202 μενος
2719 2134 2941 2204 τρόπον.

2090 2222 2150 2274 '0
2194 2223 2293 2291 τῆς
2344 2223 2541 2293 ἑορτῆς
2568 2223 2760 2295 καιρὸς
2803 2225 2895 2277 τοῦ
2952 2225 3256 2296 ἀρχιερέως
3292 2224 3427 2278 Θεοῦ
3487 2227 3585 2278 καὶ⁵

2012 2314 2287 2383 μάρτυρος
2325 2313 2627 2381 ἐνειστήκει
2678 2314 2911 2384 Πέτρου,
2970 2317 3067 2368 καὶ
3099 2317 3133 2386 ή
3202 2315 3585 2385 Ἀλεξάνδρεια

2009 2406 2160 2457 πᾶσα
2191 2405 2289 2474 τὴν
2322 2406 2543 2475 μνήμην
2572 2406 2850 2477 ἐγέραιρε,
2886 2406 2982 2459 κα)⁵
3012 2409 3040 2460 6
3088 2406 3281 2460 τούτου
3336 2409 3582 2480 διάδοχος

2007 2497 2035 2548 6
2077 2496 2220 2565 ἱερὸς
2280 2494 2627 2566 Ἀλέξανδρος
2690 2497 2829 2563 μετὰ
2877 2497 2976 2560 τάς
3024 2497 3176 2561 θείας
3231 2499 3454 2562 τελετὰς
3487 2499 3587 2552 καὶ

2006 2586 2254 2658 τραπέζῃ
2275 2587 2401 2651 τοὺς
2441 2589 2499 2640 ἐν
2545 2588 2623 2657 τῷ
2666 2589 2851 2659 κλήρῳ
2884 2590 3116 2658 λογάδας
3164 2591 3455 2654 ἐδεξιοῦτο.
3494 2593 3588 2645 Ἐν

2006 2674 2050 2746 ᾧ
2078 2679 2134 2731 δὲ
2166 2679 2337 2731 ταῦτα
2366 2680 2750 2750 ηὐτρεπίζετο,
2782 2683 2885 2753 ὁρᾷ
2907 2699 3053 2746 τινος
3075 2683 3132 2749 ἐξ
3160 2685 3404 2737 ἀπόπτου
3433 2685 3587 2755 παρὰ

2006 2770 2103 2832 τὰς
2140 2769 2307 2839 ὄχθας
2354 2771 2455 2838 τῆς
2481 2770 2757 2841 θαλάσσης
2778 2773 2820 2802 ¹²
2864 2773 3062 2836 παῖδας
3093 2773 3353 2845 ἀπλάστῳ
3387 2773 3587 2846 γνώμῃ

2007 2861 2332 2924 παίζοντας·
2383 2860 2478 2913 καὶ
2511 2861 2571 2913 τὸ
2616 2861 2865 2929 παίγνιον
2918 2863 3146 2933 μίμησις
3181 2860 3248 2934 ἦν
3286 2865 3582 2935 ίερατικῶν

329 2958 589 3028 oportuit.
648 2957 763 3012 Hoc
805 2960 855 3011 in
898 2959 1021 3012 lusu
1073 2969 1288 3013 creatur
1335 2959 1665 3014 Athanasius
1710 2976 1741 3014 a
1777 2976 1906 3030 pue-

2018 2953 2104 3003 καὶ
2134 2951 2381 3020 φρικτῶν
2416 2951 2752 3021 μυστηρίων,
2780 2952 2880 3005 οὑκ
2936 2955 3017 3015 εἰς
3047 2952 3207 3023 ὑϐριν
3251 2954 3393 3006 αὑτά
3426 2971 3588 3025 περι-

329 3047 409 3101 ris
441 3045 731 3116 episcopus
771 3065 784 3099 :
822 3047 1019 3115 reliqui
1051 3049 1247 3116 partim
1283 3049 1825 3114 catechumenorum,
1854 3058 1907 3105 et

330 3138 807 3207 baptizandorum,
844 3140 1039 3207 partim
1094 3139 1440 3194 sacerdotum
1472 3148 1524 3194 et
1549 3141 1908 3196 diaconorum

328 3234 565 3301 speciem
650 3233 1132 3301 repraasentabant.
1209 3233 1307 3289 His
1389 3233 1558 3289 tinitis
1622 3236 1909 3304 perculsus

324 3324 657 3390 Alexander,
697 3340 896 3394 pueros
935 3329 999 3379 ad
1043 3341 1102 3379 se
1136 3335 1320 3392 vocat,
1352 3326 1616 3394 auditque
1644 3343 1751 3382 non
1786 3329 1909 3384 illos

327 3432 485 3471 sacra
523 3418 788 3497 irrisisse,
837 3418 953 3479 sed,
988 3427 1048 3471 ut
1083 3435 1147 3472 ex
1178 3433 1377 3474 eventu
1421 3419 1667 3488 colligas,
1716 3420 1909 3475 fecisse

324 3509 517 3563 divino
555 3510 791 3578 quodam
830 3510 1117 3576 instinctu,
1144 3512 1424 3580 animique
1457 3511 1805 3580 simplicitate
1841 3513 1907 3566 ad

328 3604 536 3657 bonum
569 3602 694 3656 illos
718 3601 830 3671 jam
884 3610 997 3655 tum
1030 3602 1294 3670 erigente.
1338 3602 1441 3667 Qui
1467 3602 1611 3656 enim
1647 3603 1907 3673 baptizati

330 3697 570 3757 fuerant,
607 3694 916 3747 Alexander
947 3693 1204 3748 inunctos
1240 3694 1446 3748 Christi
1470 3694 1748 3765 signaculo
1779 3711 1908 3750 con-

327 3784 587 3838 Ilrmavit.
663 3784 1026 3838 Athanasium
1071 3796 1249 3839 autem
1332 3787 1649 3855 parentibus
1715 3787 1903 3852 tradit,

328 3876 599 3930 mandans
636 3874 745 3930 illis
782 3874 983 3946 478a
1021 3876 1403 3946 utdisciplinis
1426 3894 1549 3931 eum
1578 3879 1905 3946 inrbuerent,

326 3977 382 4021 et
404 3968 516 4037 jam
546 3966 796 4019 adultum
835 3966 935 4019 sibi
974 3966 1270 4031 traderent,
1303 3967 1388 4021 vel
1413 3968 1595 4037 potius
1624 3968 1903 4036 Ecclesim,

326 4068 589 4127 tanquam
639 4057 868 4112 alterum
902 4057 1208 4112 Samuelem
1238 4059 1306 4113 ab
1340 4060 1448 4114 illis
1488 4058 1600 4113 Deo
1640 4060 1903 4114 oblatum.

330 4151 558 4205 Faciunt
616 4152 800 4219 itaque
848 4160 1123 4218 parentes,
1183 4158 1243 4203 ut
1288 4150 1732 4218 archiepisc0pus
1803 4149 1907 4203 illis

327 4249 705 4305 mandaverat,
755 4253 811 4298 et
844 4252 1087 4312 tempore
1124 4243 1237 4311 jam
1277 4243 1516 4305 evoluto,
1564 4258 1793 4311 puerum
1827 4242 1904 4295 illi

326 4339 569 4391 tradunt.
594 4337 691 4389 Ille
719 4337 932 4405 recipit,
960 4346 1013 4390 et
1036 4335 1481 4391 contubernalem
1510 4336 1661 4390 illum
1689 4335 1900 4399 habuit,
1936 4318 1981 4375 D

325 4431 644 4500 participem
676 4429 917 4493 consilii,
954 4439 1007 4483 et
1038 4429 1256 4496 pietatis
1287 4427 1594 4496 adiutorem

2008 3043 2310 3113 τρέπουσα,
2341 3043 2420 3113 τῷ
2455 3043 2607 3111 πόθῳ
2658 3044 2715 3097 δὲ
2745 3042 2837 3097 τοῦ
2895 3043 3164 3115 θεάματος
3196 3046 3454 3117 τολμῶσα
3493 3047 3589 3100 καὶ

2007 3134 2080 3190 τὰ
2106 3135 2407 3206 ἀτόλμητα.
2477 3136 2637 3189 Ἀλλά
2692 3138 2803 3207 γὰρ
2835 3136 2926 3189 τὸν
2968 3137 3070 3207 μὲν
3116 3136 3432 3191 Ἀθανάσιον
3465 3139 3589 3191 ἐπί-

2010 3245 2212 3282 σκοπον
2242 3229 2413 3281 ἐποίει
2445 3230 2477 3299 ὴ
2510 3229 2762 3299 μίμησις,
2793 3228 2853 3283 τὸ
2874 3230 2930 3283 δέ
2963 3230 3150 3283 λοιπδν
3184 3230 3389 3300 πλῆθος
3413 3233 3496 3295 εῐς
3528 3247 3589 3284 τε

2008 3323 2455 3391 κατηχουμένους
2488 3323 2583 3375 καὶ
2635 3322 3066 3393 βαπτιζομένους
3124 3324 3219 3377 καὶ
3269 3324 3333 3394 δὴ
3366 3324 3460 3378 καὶ
3508 3326 3593 3389 είς

2011 3413 2418 3483 πρεσϐυτέρους
2456 3415 2552 3468 καὶ
2599 3414 2878 3479 διακόνους
2908 3415 3304 3487 ἐσχημάτιζεν.
3350 3417 3593 3470 Ἐκπλα-

2009 3504 2128 3572 γεὶς
2176 3500 2272 3557 νοῦν
2303 3507 2416 3568 τοῖς
2448 3506 2797 3576 τελουμένοις
2826 3508 2854 3559 6
2906 3508 3252 3579 Ἀλέξανδρος
3295 3509 3418 3576 ἄγει
3451 3508 3592 3580 πρὸς

2010 3597 2205 3649 ἑαυτὸν
2232 3598 2357 3659 τοὺς
2382 3598 2597 3664 παῖδας,
2641 3599 2736 3652 καὶ
2761 3600 2924 3668 γνοὺς
2945 3602 3005 3652 οὐ
3040 3599 3209 3671 χλεύῃ
3240 3599 3413 3653 ταῦτα
3437 3599 3590 3667 γινό-

2015 3706 2179 3758 μενα,
2210 3689 2324 3742 ἀλλ’
2357 3690 2430 3753 ὼς
2480 3692 2546 3745 ἄν
2607 3709 2691 3754 τις
2746 3693 2811 3745 ἐκ
2854 3692 2963 3744 τῶν
3015 3692 3395 3763 ἐπιϐεϐηκότων
3427 3694 3587 3761 φαίη,

2010 3781 2267 3852 ἐπιπνοίᾳ
2292 3782 2400 3834 τινὶ
2432 3784 2527 3835 καὶ
2572 3781 2753 3853 ψυχῆς
2802 3784 3067 3854 ἀπλότητι
3118 3786 3197 3847 είς
3227 3784 3405 3856 ἔρωτα
3454 3801 3589 3854 προ-

2009 3873 2504 3944 διανισταμένης¹³
2562 3877 2658 3930 τοῦ
2722 3877 3051 3949 κρείττονος,
3094 3880 3207 3931 όσοι
3267 3878 3367 3949 μὲν
3409 3879 3590 3931 αὐτῶν

2011 3969 2397 4036 ἐϐαπτίσαντο,
2436 3970 2662 4034 τούτους
2693 3971 2983 4041 ἐπιχρίσας
3028 3970 3116 4024 διὰ
3144 3970 3245 4039 τῆς
3282 3972 3341 4022 ἐν
3367 3968 3590 4041 Χριστῷ

2019 4062 2315 4131 σφραγῖδος
2350 4062 2686 4128 ἐτελείωσεν,
2728 4061 3041 4115 Ἀθανάσιον
3068 4061 3127 4113 δὲ
3154 4063 3265 4123 τοῖς
3289 4060 3333 4092 ¹⁸
3365 4060 3590 4114 τοκεῦσι

2011 4154 2403 4224 παρατίθησιν,
2461 4154 2682 4216 ἐντολὰς
2736 4153 2984 4216 δεδωκὼς
3022 4152 3300 4206 παιδεύειν
3347 4153 3447 4223 μὲν
3475 4156 3590 4215 τοῖς

2016 4247 2354 4316 μαθήμασιν,
2391 4248 2608 4316 ἡϐῶντα
2636 4248 2679 4279 ⁸⁸
2730 4250 2789 4301 δέ
2834 4248 3131 4302 ἀποδοῦναι
3184 4248 3353 4320 αὐτῷ,
3388 4247 3590 4317 μᾶλλον

2010 4337 2066 4389 δὲ
2094 4340 2160 4407 τῇ
2198 4337 2515 4409 Ἐκκλησία,
2537 4339 2611 4402 ὼς
2637 4339 2794 4393 ἄλλον
2818 4333 2937 4393 τινὰ
2976 4340 3229 4412 Σαμουὴλ
3247 4340 3376 4411 παρ’
3409 4340 3589 4395 αὐτῶν

2013 4428 2132 4498 Θεῷ
2191 4431 2629 4500 προσαγόμενον.
2680 4430 3019 4500 Πράττουσιν
3063 4428 3157 4486 οῦν
3197 4434 3245 4485 οἱ
3289 4436 3465 4499 γονεῖς
3512 4434 3592 4495 ὡς

324 4524 509 4585 αὐτοῖς
533 4523 594 4574 τὸ
628 4520 1012 4592 ἀρχιερατικδν
1042 4519 1262 4572 ἐκέλευε
1334 4520 1686 4589 πρόσταγμα,
1757 4520 1851 4573 καλ⁵
1886 4519 1979 4572 τοῦ
2020 4520 2215 4590 καιροῦ
2272 4521 2565 4584 καλοῦντος
2611 4522 2701 4576 τὸν
2756 4524 2921 4579 παῖδα
2981 4524 3401 4595 προσφέρουσιν.
3441 4527 3498 4578 Ὀ
3531 4526 3591 4599 δὲ

320 4618 559 4686 δέχεται,
591 4615 683 4668 καὶ
713 4614 1025 4685 ὁμωρόφιον
1049 4608 1163 4683 εἶχε
1187 4614 1282 4665 καὶ
1311 4612 1566 4665 κοινωνὸν
1590 4612 1787 4683 βουλῆς
1806 4614 1900 4666 καὶ
1938 4614 2039 4684 τῆς
2062 4614 2346 4677 εὐσεϐείας
2381 4616 2751 4686 συλλήπτορα.

393 4710 597 4761 Ariana
632 4718 813 4761 autem
841 4708 1018 4760 rabies
1041 4721 1163 4760 cum
1187 4705 1374 4758 orbem
1409 4703 1709 4771 invaderet,
1736 4705 1907 4759 multa

2080 4703 2191 4773 Τῆς
2236 4704 2293 4757 δὲ
2346 4706 2560 4776 Ἀρείου
2621 4706 2826 4777 λύσσης
2870 4708 3068 4778 μικροῦ
3112 4709 3211 4780 τὴν
3262 4710 3590 4781 οἰκουμένην

323 4796 623 4850 certamina
653 4796 807 4848 initio
843 4810 949 4849 una
972 4809 1097 4848 cum
1128 4792 1313 4847 divino
1348 4792 1679 4855 Alexandro,
1717 4800 1905 4861 postea

2018 4797 2425 4867 topatv0péqu,
2477 4798 2705 4861 πολλοὺς
2742 4800 2981 4866 ἀγῶνας,
3012 4801 3323 4872 ἀρχομένης
3357 4802 3456 4870 μὲν
3490 4804 3589 4855 σὺν

324 4905 453 4943 vero
485 4897 538 4940 et
569 4889 624 4940 in
675 4903 734 4941 se
768 4887 984 4954 pietatis
1019 4900 1183 4938 causa
1225 4885 1467 4952 suscepit
1501 4884 1904 4938 contentiones.

2018 4887 2351 4959 Ἀλεξάνδρῳ
2377 4890 2453 4959 τῷ
2489 4891 2780 4962 θεσπεσίῳ,
2816 4890 3042 4963 ὕστερον
3070 4893 3127 4945 δὲ
3160 4893 3253 4946 καὶ
3302 4894 3425 4947 καθ’
3455 4894 3587 4947 ἐαυ-

328 4983 539 5035 Etenim
567 4982 778 5041 Arium,
811 4987 936 5048 post
955 4976 1359 5031 damnationem
1379 4982 1430 5029 et
1453 4975 1903 5029 excommunica-

2018 4980 2095 5033 t6v
2130 4982 2271 5049 ὑπὲρ
2300 4981 2398 5049 τῆς
2434 4982 2720 5046 εὐσεϐείας
2760 4984 3039 5055 διήθλησε.
3093 4988 3204 5039 Καὶ
3230 4985 3340 5056 γὰρ
3371 4988 3590 5054 Ἀρειον

325 5073 523 5126 tionem
561 5072 684 5125 ﬁcte
709 5071 927 5138 quidem
966 5067 1294 5123 catholicum
1345 5083 1403 5121 se
1435 5068 1815 5128 mentientem,
1850 5074 1905 5119 et

326 5166 425 5220 hac
450 5165 599 5218 larva
625 5180 779 5218 suam
813 5163 1064 5216 hazrcsim
1087 5159 1793 5226 contirmantem,comperit
1814 5172 1902 5211 sa-

323 5260 478 5328 piens
500 5258 589 5313 ille
610 5258 966 5322 Athanasius,
991 5266 1044 5310 et
1073 5256 1139 5310 ad
1162 5254 1529 5310 Alexandrum
1562 5252 1905 5307 Alexandriae

2006 5075 2146 5140 μετὰ
2174 5072 2270 5142 τὴν
2300 5073 2619 5142 καθαίρεσιν
2643 5076 2737 5130 καὶ
2764 5077 2825 5130 τὸ
2865 5077 3116 5148 ἀνάθεμα
3151 5078 3585 5148 ὑποκρινόμενον

2017 5165 2115 5232 μὲν
2148 5163 2216 5217 τὰ
2239 5167 2341 5235 τῆς
2372 5165 2675 5233 εὐσεϐείας,
2716 5168 3006 5238 κρατύνειν
3035 5168 3091 5220 δὲ
3137 5171 3200 5238 τῇ
3239 5169 3375 5238 πρὸς
3404 5167 3586 5232 ὀλίγον

2015 5256 2299 5326 ὑποκρίσει
2335 5257 2725 5327 μηχανώμενον
2767 5262 2834 5313 τὰ
2871 5259 2964 5328 τῆς
3022 5260 3299 5322 ἀσεϐείας,
3329 5256 3585 5327 ἐφώρασέ

1542 5451 1775 5506 ΥΑΒΙᾹΞ
1833 5450 2231 5508 LECTIONES.

396 5617 415 5647 ‘
451 5617 730 5670 ὑπαντῶσι
765 5618 825 5671 Β.
886 5618 942 5652 ·⁸⁶
974 5620 1070 5669 σὺν
1100 5632 1211 5668 mu.
1254 5630 1333 5681 pr.
1365 5613 1428 5665 A.
1511 5614 1549 5643 “
1580 5610 1675 5664 τοῦ
1712 5642 1780 5650 —
1822 5610 1993 5677 Ἀλεξ.

326 5686 370 5717 ⁸⁵
403 5691 513 5751 τοῖς
582 5690 702 5744 libri
763 5705 873 5743 om.
986 5689 1027 5718 ’⁵
1064 5684 1302 5756 ἡϐῶντα]
1369 5682 1526 5753 ἡμῶν
1567 5683 1706 5754 μετὰ
1735 5682 1790 5737 Β.

2064 5627 2173 5666 om.
2210 5611 2270 5664 Λ.
2354 5612 2393 5642 ¹¹
2459 5611 2723 5680 θαλάττης
2798 5628 2855 5674 ς.
2962 5611 3457 5681 ⁸³διανισταμένης
3507 5613 3570 5668 Α.
