3966 6240
232 268 341 334 133

1335 274 1862 336 BIBLIOTHECA.
1915 296 1984 310 -·
2017 274 2181 335 COD.
2225 274 2523 335 CCLVIII.

3385 272 3488 337 134

230 402 295 437 τε
329 385 360 437 ὁ
401 384 559 451 σοφὸς
619 382 961 447 ⁹Αθανὰσιος,
1025 387 1121 438 καὶ
1181 385 1559 439 ἀποσταλέντα
1614 384 1813 455 πρὸςη

1920 386 2230 454 episcOpum
2252 399 2280 437 a
2296 383 2656 437 Constantino
2675 382 3001 453 imperatore
3012 383 3101 453 pio
3120 383 3347 440 missum
3367 387 3490 454 (no-

244 476 598 545 Ἀλέξανδρον
650 476 742 529 τὸν
794 476 1198 546 Ἀλεξανδρείας
1229 476 1382 547 παρά
1413 477 1507 528 τοῦ
1555 474 1812 537 εὐσεϐοῦς

230 568 504 637 βασιλέως
536 570 948 622 Κωνσταντίνου
986 566 1116 639 (οἶδε
1143 571 1252 640 γὰρ
1281 568 1542 631 πολλάκις
1569 585 1814 638 μεμηχα-

225 661 467 730 νημένος
518 659 671 722 δόλος
719 664 814 713 καὶ
870 663 996 724 τοὺς
1041 663 1295 724 συνετοὺς
1339 660 1683 728 ἐκκλέπτειν)
1737 658 1811 728 μὴ

227 753 644 823 παραδέξασθαι
676 754 1107 823 συνηγωνίσατο.
1154 748 1285 807 Εἶτα
1314 754 1371 806 δέ
1409 753 1503 807 τοῦ
1549 756 1606 805 ἐν
1637 752 1814 821 ἁγίοις

223 846 661 914 τελευτήσαντος
723 845 1079 916 Ἀλεξάνδρου
1117 846 1280 909 αὐτὸς
1334 845 1610 909 καταστὰς
1644 845 1816 897 διάδο-

228 955 344 1007 χος,
396 939 538 1007 πρὸς
571 938 756 1007 πολλῷ
804 936 1025 1008 μείζους
1078 940 1295 1007 ἀγῶνας
1338 938 1463 1011 [779
1513 936 1605 1009 Η.]
1650 941 1816 991 ἐναπ-

231 1029 423 1082 εδύετο
454 1048 468 1061 ’
503 1028 586 1081 διὸ
612 1029 707 1081 καὶ
736 1030 881 1081 ἆπαν
910 1030 971 1081 τὸ
992 1030 1266 1097 αἱρετικὸν
1297 1030 1585 1098 σύνταγμα
1613 1030 1815 1082 σκοπὸν

227 1120 399 1173 αὐτὸν
428 1121 526 1190 τῆς
560 1120 700 1183 ίδίας
730 1121 772 1151 ¹⁷
810 1121 1175 1190 προύτίθεσαν
1213 1122 1592 1189 γλωσσαλγίας
1630 1137 1688 1174 τε
1723 1120 1818 1173 καὶ

237 1214 631 1281 συκοφαντίας.
663 1214 1115 1284 Συμφράττονται
1145 1215 1208 1283 δὴ
1240 1214 1473 1284 μάλιστα
1505 1214 1625 1266 κατ’
1651 1213 1815 1266 αὐτοῦ

240 1307 293 1356 οἱ
331 1305 456 1373 περὶ
484 1303 746 1357 Εύσέὀιον
779 1306 871 1357 τὸν
902 1305 1296 1376 Νικομηδείας,
1346 1306 1442 1360 καὶ
1498 1306 1817 1375 μισθοῦνταί

238 1414 388 1459 τινας
419 1396 517 1465 τῆς
556 1396 824 1450 Μελετίου
867 1398 1133 1467 αἱρέσεως
1159 1440 1174 1464 ,
1206 1400 1302 1453 κα)⁵
1332 1398 1401 1452 δι’
1458 1399 1639 1452 αὐτῶν
1686 1416 1820 1452 κατ-

234 1492 462 1562 ηγορίας
490 1492 915 1562 συρράττουσιν,
934 1486 1005 1546 ὧν
1025 1495 1059 1563 ἡ
1099 1494 1195 1563 μὲν
1225 1495 1416 1563 πρώτη
1440 1493 1592 1562 λινῆν
1618 1493 1819 1560 ἐσθῆτα

229 1584 358 1644 τοὺς
428 1583 765 1649 Αἰγυπτίους
805 1584 978 1636 τελεῖν
1026 1586 1097 1654 τῇ
1162 1583 1556 1655 Ἀλεξανδρέων
1606 1586 1670 1636 ἐκ
1719 1584 1818 1652 τῆς

242 1675 571 1727 Ἀθανασίου
628 1674 944 1738 πλεονεξίας
1001 1675 1455 1747 συνέπλαττεν,ή
1510 1675 1731 1746 δευτέρα
1759 1676 1816 1728 δὲ

228 1768 304 1829 ὡς
334 1770 454 1829 τοῖς
487 1766 753 1835 βασιλέων
778 1766 821 1798 ¹⁸
857 1767 1125 1836 ἐνεδρεύει
1161 1769 1452 1838 πράγμασι
1481 1768 1815 1836 (Φιλουμένῳ

230 1860 342 1929 γάρ
370 1876 502 1923 τινι,
553 1858 838 1912 ἐπιθέσθαι
876 1860 1149 1930 τυραννίδι
1185 1861 1373 1930 φήμην
1419 1860 1659 1920 λαϐόντι,
1684 1878 1815 1930 χρυ-

232 1952 347 2005 σίου
386 1952 595 2022 πλῆρες
625 1952 1004 2016 ἐξαποστεῖλαι
1053 1953 1461 2023 γλωσσόκομον)
1504 1953 1809 2008 ὑπετίθετο.

232 2042 399 2118 [1452
420 2041 517 2116 R.]
548 2045 658 2098 Καὶ
686 2044 899 2114 ήτρίτη
945 2044 1192 2113 Ἰσχύραν
1220 2045 1316 2097 καὶ
1359 2043 1457 2115 τὴν
1483 2044 1816 2114 ἀνατραπεῖ-

233 2152 330 2188 σαν
356 2136 647 2205 τράπεζαν
696 2136 792 2188 καὶ
824 2135 884 2187 τὸ
935 2135 1206 2202 κατεαγὸς
1256 2135 1521 2205 μυστικὸν
1554 2137 1813 2207 ποτήριον

232 2230 328 2283 καὶ
356 2231 451 2283 τὸν
486 2228 797 2300 Μαρεώτην
830 2230 926 2281 καὶ
972 2230 1261 2299 Μακάριον
1307 2229 1400 2284 τὸν
1440 2229 1812 2299 πρεσϐύτερον

232 2324 326 2374 καὶ
354 2323 459 2391 τὴν
488 2321 792 2392 λῃστρικὴν
823 2321 988 2373 αὐτοῦ
1041 2322 1229 2389 ἐφοδον
1264 2324 1358 2374 καὶ
1392 2323 1454 2375 τὸ
1500 2322 1605 2377 ἀνὰ
1634 2324 1814 2375 πᾶσαν

1916 479 1991 532 vit
2014 479 2158 532 enim
2195 478 2486 531 lictal‘raus
2524 478 2683 531 etiam
2718 477 3011 546 prudentes
3042 493 3184 546 saepe
3216 477 3488 548 decipere)

1914 571 2153 638 recipere
2169 569 2359 623 noluit.
2378 568 2577 623 Deinde
2590 578 2805 622 mortuo
2824 580 3013 624 sancto
3028 569 3357 635 Alexandro,
3376 570 3493 638 ipse

1918 677 2204 717 successor
2221 662 2526 725 ordinatus,
2547 661 2707 730 paulo
2723 670 2843 729 post
2865 663 3028 715 multa
3048 663 3344 716 certamina
3358 663 3493 717 sub-

1916 755 1998 809 iit.
2018 756 2198 820 Quare
2232 754 2463 808 lueretici
2500 754 2553 807 in
2584 753 2732 807 illum
2761 753 2936 807 solum
2959 755 3170 823 linguas
3184 756 3493 822 vibrabant,

1915 858 1969 900 et
1991 863 2114 901 eum
2151 846 2650 901 calumniabantur.
2679 844 2974 900 Moliuntur
2998 856 3053 901 et
3100 856 3321 902 struunt
3354 848 3490 901 insi-

1917 938 2036 993 dias
2080 939 2131 992 in
2160 939 2309 991 illum
2344 939 2583 992 maxime
2626 938 2917 1008 episcopus
2947 938 3279 994 Nicomediae
3318 940 3486 994 Euse—

1916 1030 2060 1093 bius,
2093 1040 2145 1085 et
2181 1030 2422 1093 asseclae,
2454 1040 2507 1084 et
2541 1031 2850 1084 conducunt
2877 1031 3144 1100 quosdam
3184 1031 3403 1097 Meletii,
3439 1042 3497 1087 et

1918 1136 2013 1189 per
2067 1120 2191 1175 illos
2246 1120 2629 1175 accusationes
2682 1120 2884 1175 multas
2933 1128 3228 1174 consuunt.
3283 1122 3494 1186 Primo,

1918 1212 2118 1265 lineam
2157 1220 2361 1267 vestem
2398 1210 2683 1282 Egyptios
2730 1213 3077 1279 suppeditare
3112 1211 3494 1266 Alexandrina:

1921 1304 2181 1359 Ecclesia:
2213 1321 2279 1358 ex
2333 1306 2558 1358 avaritia
2602 1305 2889 1358 Athanasii
2944 1304 3351 1359 conﬁnxerunt.
3403 1304 3497 1360 Se-

1920 1398 2101 1452 cundo
2126 1396 2441 1464 imperatori
2478 1397 2703 1451 insidias
2741 1396 2944 1450 moliri.
2980 1396 3307 1450 Philumeno
3347 1398 3493 1451 enim

1920 1491 2134 1544 cuidam
2184 1490 2470 1558 imperium
2523 1490 2799 1543 alIectanti
2859 1490 3143 1544 collectam
3206 1491 3492 1560 pecuniam

1922 1581 2299 1652 suppeditasse
2330 1582 2536 1636 dicunt.
2580 1578 2766 1635 Tertio
2808 1582 3109 1653 lschyram,
3150 1592 3203 1637 et
3249 1598 3495 1636 eversam

1922 1689 2192 1736 mensam,
2224 1682 2278 1727 et
2297 1673 2551 1742 poculum
2583 1674 2873 1743 mysticum
2902 1674 3266 1736 confractum,
3297 1682 3352 1726 et
3384 1671 3498 1725 Ma-

1923 1777 2151 1834 reotem,
2181 1779 2228 1824 et
2262 1769 2557 1823 Maearium
2599 1769 2999 1840 presbyterum,
3044 1778 3096 1822 et
3126 1768 3300 1822 instar
3329 1768 3497 1821 latro-

1921 1878 2051 1916 num
2106 1862 2436 1932 ingressum,
2477 1871 2531 1915 et
2560 1863 2705 1932 quod
2740 1870 2851 1915 toto
2879 1862 3012 1915 orbe
3064 1860 3304 1914 fabulam
3338 1870 3498 1915 noto-

1928 1956 2063 2008 riam
2095 1956 2446 2017 concitasset,
2483 1955 2768 2023 objiciunt.
2794 1954 2917 2008 llaac
2937 1962 2989 2007 et
3021 1954 3222 2007 similia
3254 1953 3495 2022 impera-

1922 2054 2095 2101 torem
2151 2047 2383 2102 edocent
2436 2049 2661 2102 asseclae
2711 2045 2954 2112 Eusebii,
2998 2046 3199 2115 quibus
3244 2046 3309 2099 ad
3358 2047 3495 2099 iram

1920 2149 2107 2195 contra
2135 2140 2495 2194 Athanasium
2533 2139 2828 2203 concitant,
2872 2148 3215 2202 accusantes,
3247 2138 3391 2207 quod
3416 2139 3499 2191 vi—

1920 2249 2041 2285 rum
2071 2232 2415 2301 imperatoris
2443 2233 2717 2287 mandatis
2745 2240 3020 2301 parentem
3083 2240 3340 2302 rectaque
3370 2246 3498 2286 sen-

1918 2324 2143 2379 tientem
2175 2340 2280 2379 non
2315 2325 2641 2380 admisisset.

230 2417 327 2482 τὴν
372 2413 710 2484 οἰκουμένην
788 2413 1106 2483 θεαθρισοέν
1164 2414 1348 2484 δρᾶμα
1411 2418 1749 2485 σκηνοποιεῐ.
1812 2415 2000 2469 Ταῦτα
2041 2418 2136 2470 καὶ
2177 2417 2581 2487 τοιαῦθ’ἕτερα
2607 2421 2653 2471 οἱ
2693 2418 2821 2483 περὶ
2853 2417 3112 2471 Εὑσέϐιον
3155 2416 3496 2487 δραματουρ-

231 2509 526 2577 γὴσαντες,
577 2508 657 2569 εἰς
706 2507 877 2570 ἀκοὰς
917 2506 1173 2574 ἐνηχοῦσι
1215 2506 1315 2570 τὰς
1363 2507 1680 2577 βασιλικὰς,
1715 2508 1809 2560 καὶ
1867 2507 2108 2561 κινοῦσιν
2171 2510 2252 2572 είς
2304 2510 2496 2580 ὀργὴν,
2553 2509 2933 2577 αἰτιασάμενοι
2981 2509 3063 2561 ὅτι
3128 2508 3224 2560 καὶ
3278 2509 3498 2578 Ἀρειον

235 2603 543 2674 βασιλικοῖς
574 2602 1056 2674 καῖγράμμασιυ
1093 2603 1189 2656 καὶ
1247 2604 1635 2675 προστάγμασι
1677 2602 1999 2673 πετφιθότα,
2059 2604 2239 2659 καίτοι
2261 2606 2307 2636 ²⁰
2367 2606 2437 2657 τὰ
2505 2604 2641 2673 ὀρθά
2690 2602 3013 2674 φρονοῦντα,
3072 2604 3175 2655 οὐκ
3235 2603 3500 2672 ἠνέσχετο

232 2694 514 2758 δέξασθαι.

305 2785 443 2837 Κατ’
480 2786 660 2838 ἐκεῖνο
692 2784 751 2837 δέ
776 2785 970 2856 καιροῦ
1003 2785 1101 2839 καὶ
1132 2786 1224 2838 ἐπὶ¹
1260 2787 1330 2839 τά
1372 2784 1482 2838 τῶν
1519 2784 1820 2857 Ἰεροσολύ-

243 2894 355 2944 μων
379 2877 643 2943 ἐγκαίνια
676 2877 861 2947 σχεδὸν
890 2876 1092 2941 πάντες
1126 2876 1395 2947 συνῄεσαν
1423 2878 1471 2930 οἱ
1503 2877 1813 2930 ἐπίσκοπον

237 2972 328 3023 καὶ
358 2971 567 3041 γράφει
604 2971 1010 3032 Κωνσταντῖνος
1044 2972 1071 3023 ὁ
1093 2970 1324 3039 εύσεόἡς
1351 2968 1607 3038 βασιλεὺς
1653 2968 1816 3022 πάλιν

236 3063 566 3132 συλλεγῆναι
626 3063 885 3126 σύνοδον,
951 3060 1301 3131 ἐποψομένην
1350 3060 1387 3114 ἃ
1464 3060 1709 3113 διέϐαλλέ
1758 3077 1819 3113 τε

248 3156 601 3220 Ἀθανάσιον,
633 3156 729 3208 καὶ
753 3156 788 3208 ἃ
822 3156 1049 3225 συνίστη
1092 3156 1183 3208 τὸν
1224 3156 1441 3227 ’Λρειον
1462 3172 1475 3186 ο
1504 3155 1597 3208 καὶ
1643 3156 1691 3207 εί
1721 3154 1818 3223 μὲν

235 3248 427 3318 φθόνος
479 3247 867 3319 ὀρθοδοξοῦντα
908 3247 999 3300 τὸν
1061 3249 1280 3317 Ἀρειον
1329 3247 1434 3316 τῆς
1485 3246 1813 3316 Ἐκκλησίας

237 3342 541 3411 διέστησεν,
569 3341 650 3402 είς
676 3340 900 3409 εἰρήνην
931 3339 1268 3410 συμϐιϐάσαι
1298 3340 1400 3407 τὴν
1432 3339 1731 3401 διάστασιν,
1766 3340 1815 3391 εί

237 3433 279 3484 δ’
308 3432 475 3494 αὐτὸς
502 3432 689 3500 ἀπάτῃ
718 3431 1006 3501 κέχρηται,
1041 3433 1122 3495 είς
1162 3430 1569 3501 Ἀλεξάνδρειάν
1608 3447 1668 3483 τε
1698 3430 1814 3483 δια-

235 3524 564 3595 πεμφθῆναι
587 3524 753 3575 κάκεῖ
775 3524 870 3575 σὺν
888 3521 1149 3592 ἀκριϐείᾳ
1174 3522 1529 3586 ὑπ’ἐξέτασιν
1551 3521 1779 3585 ἄγεσθαι
1798 3536 1811 3551 °

234 3618 333 3685 τὴν
367 3617 428 3671 δὲ
452 3614 740 3684 διάσκεψιν
775 3614 875 3685 τὴν
927 3616 1058 3685 περὶ
1116 3613 1433 3668 Ἀθανάσιον
1468 3614 1563 3666 καὶ
1597 3614 1815 3683 Ἀρειον

234 3707 643 3777 πορευομένους
682 3706 775 3759 ἐπὶ
798 3705 869 3759 τὰ
916 3704 1267 3776 Ἰεροσόλυμα
1293 3704 1415 3758 ὁδοῦ
1449 3704 1730 3775 πάρεργον
1757 3705 1815 3755 ἐν

234 3801 399 3871 Τύρῳ
426 3796 781 3868 ποιήσασθαι.
825 3795 1160 3867 Τριακοστὸν
1203 3794 1261 3848 δὲ
1308 3794 1430 3848 τότε
1476 3794 1670 3864 ἠνύετο
1697 3793 1816 3855 ἔτος

230 3892 331 3960 τῆς
367 3888 785 3943 Κωνσταντίνου
809 3886 1088 3957 βασιλείας
1106 3904 1121 3919 ·
1156 3887 1422 3956 ἐξήκοντα
1453 3886 1509 3938 δὲ
1526 3885 1816 3937 ἐπίσκοποι

228 3984 331 4055 τὴν
360 3985 422 4035 ἐν
452 3981 617 4053 Τύρῳ
642 3980 861 4033 σύνοδον
889 3980 1183 4051 ἐπλήρουν,
1201 3978 1475 4031 Διονυσίου
1500 3976 1594 4030 τοῦ
1618 3977 1814 4031 ὑπατι-

230 4076 328 4129 κοῦ
358 4078 691 4141 συνάγοντος
714 4072 929 4136 αὐτοὺς,
968 4071 1086 4142 μεθ’
1121 4062 1184 4124 οῦ
1215 4071 1307 4123 κοιλ¹
1344 4073 1373 4123 ὁ
1415 4070 1515 4138 τῆς
1546 4069 1816 4139 ἐπαρχίας

230 4169 419 4239 ἄρχων
435 4167 533 4219 καί
554 4182 698 4227 τινες
727 4165 835 4216 τῶν
877 4166 933 4217 ἐν
961 4165 1107 4217 τέλει
1131 4166 1197 4232 τῇ
1237 4163 1440 4233 συνόδῳ
1464 4163 1811 4231 συνήδρευον.

234 4260 428 4332 Παρῆν
461 4260 521 4312 δὲ
573 4260 666 4312 καὶ
732 4256 1073 4319 Ἀθανάσιος,
1127 4255 1264 4307 ἀλλὰ
1314 4256 1408 4308 καὶ
1471 4253 1815 4324 Μακάριοςὸ

230 4352 632 4425 πρεσϐύτερος,
694 4349 1094 4418 στρατιωτικῆς
1138 4347 1322 4418 χειρὸς
1381 4346 1489 4399 ἀπὸ
1560 4345 1813 4409 Ἀλεξαν-

227 4444 419 4513 δρείας
456 4442 867 4512 σιδηροδέσμιον
919 4439 1082 4493 αὑτὸν
1136 4438 1535 4509 ἁγαγουσης¹¹.
1582 4437 1814 4508 Πρώτην

1989 2778 2191 2835 Eodem
2259 2785 2501 2846 tempore
2553 2775 2619 2829 ad
2679 2773 2931 2829 Encaenia
2986 2774 3496 2846 Hierosolymorum

1917 2888 2110 2930 omnes
2170 2872 2281 2926 fere
2338 2870 2581 2940 episcopi
2640 2877 3026 2929 convenerant,
3059 2877 3113 2923 et
3184 2870 3500 2924 Constanti-

1918 2983 2023 3021 nus
2062 2965 2186 3035 pius
2232 2963 2530 3032 imperator
2569 2961 2794 3030 scripsit
2840 2959 3038 3032 4781)
3076 2962 3341 3031 synodum
3373 2980 3500 3017 rur-

1918 3074 2012 3113 sus
2030 3056 2468 3126 congregandam
2492 3052 2559 3107 ad
2589 3069 2652 3108 ea
2676 3054 3041 3120 discutienda,
3069 3070 3189 3123 quae
3210 3055 3277 3109 de
3307 3064 3499 3109 sancto

1919 3149 2224 3204 Athanasio
2248 3147 2590 3211 dicebantur,
2614 3154 2668 3199 et
2691 3148 2757 3199 ad
2774 3146 2963 3199 Arium
2998 3147 3050 3200 in
3078 3146 3182 3199 ﬁde
3216 3146 3500 3201 stabilien-

1918 3243 2071 3298 dum.
2110 3238 2268 3306 Quod
2300 3238 2344 3293 si
2377 3237 2581 3292 invidia
2620 3236 2809 3290 Arium
2840 3238 2908 3291 ab
2941 3237 3178 3291 Ecclesia
3212 3238 3498 3306 disjunxe-

1921 3345 2021 3396 rat,
2078 3341 2137 3386 ut
2208 3330 2487 3385 studerent
2553 3337 2815 3397 utrosque
2860 3329 3156 3383 conciliare
3205 3347 3219 3382 :
3265 3329 3311 3383 si
3366 3344 3496 3383 vero

1920 3441 2055 3481 usus
2075 3432 2222 3479 esset
2251 3422 2375 3476 (icta
2402 3422 2637 3491 quadam
2666 3419 2858 3475 fraude
2890 3420 3074 3483 Arius,
3104 3420 3493 3474 Alexandriam

1916 3518 2149 3581 veniret,
2175 3524 2230 3569 et
2273 3514 2345 3568 ibi
2400 3512 2669 3583 judicium
2704 3512 2773 3566 de
2802 3526 2867 3565 eo
2926 3520 2981 3566 et
3008 3526 3235 3566 examen
3268 3527 3497 3567 accura-

1919 3621 2034 3666 tum
2072 3611 2245 3665 ﬁeret.
2278 3608 2614 3661 Divertentes
2643 3605 2809 3674 igitur
2835 3619 2866 3659 a
2893 3606 3001 3667 via,
3028 3605 3180 3674 prius
3207 3604 3334 3675 Tyri
3358 3620 3493 3659 con-

1918 3712 2175 3774 gregatos
2224 3702 2513 3771 episcOpos
2556 3716 2620 3756 ea
2686 3715 2809 3770 quae
2883 3708 3071 3754 contra
3130 3698 3491 3754 Anathasium

1917 3806 2094 3861 erant,
2127 3797 2304 3851 obiter
2338 3796 2618 3864 disputare
2664 3801 2719 3846 et
2749 3808 2871 3861 quae
2898 3802 3087 3846 contra
3121 3792 3335 3855 Arium,
3378 3793 3496 3860 jus-

1918 3890 2011 3944 sit.
2036 3887 2374 3943 Tricesimus
2417 3894 2597 3939 autem
2648 3883 2736 3938 hic
2772 3892 2890 3937 erat
2943 3898 3121 3936 annus
3170 3881 3319 3951 regni
3358 3881 3497 3935 Con-

1919 3981 2168 4036 stantini.
2213 3981 2453 4034 Aderant
2477 3992 2606 4031 vero
2638 3975 2768 4046 Tyri
2806 3990 2871 4028 ex
2912 3972 3143 4028 diversis
3178 3974 3496 4028 civitatibus
3552 4042 3555 4043 ν

1917 4073 2156 4142 episcopi
2184 4073 2500 4140 sexaginta,
2545 4068 2806 4137 Dionysio
2844 4066 3118 4120 consulari
3159 4075 3497 4119 convocante

1917 4169 2058 4233 illos,
2104 4182 2228 4221 cum
2258 4181 2368 4235 quo
2398 4175 2451 4218 et
2494 4162 2782 4233 praefectus
2824 4175 2933 4213 orae
2980 4160 3144 4226 illius,
3186 4169 3240 4213 et
3271 4158 3494 4227 quidam

1918 4255 2273 4325 magistratus
2320 4254 2386 4307 ad
2444 4250 2711 4321 synodum
2754 4257 3151 4302 convenerunt.
3209 4247 3399 4300 Adfuit
3439 4256 3497 4300 et

1918 4345 2267 4407 Athanasius,
2307 4343 2437 4410 quin
2471 4350 2526 4394 et
2558 4338 2824 4393 Macarius
2854 4339 3135 4409 presbyter
3164 4337 3493 4392 Alexandria

1918 4436 2107 4490 ferreis
2143 4434 2349 4490 catenis
2387 4433 2601 4488 vinctus
2625 4431 2799 4501 copiis
2826 4432 3058 4485 militum
3089 4431 3487 4485 adducebatur.

227 4535 324 4588 οὖν
354 4532 697 4603 κατηγορίαν
727 4533 776 4584 οἱ
807 4530 1139 4597 συκοφάνται
1162 4532 1207 4561 ²²
1246 4530 1349 4599 τὴν
1378 4531 1505 4599 περὶ
1541 4529 1639 4597 τῆς
1665 4528 1813 4597 Livi};

1920 4528 2160 4582 Primum
2197 4527 2380 4596 itaque
2423 4533 2773 4579 accusatores
2816 4523 2882 4576 de
2922 4533 3073 4577 veste
3110 4523 3253 4577 linea
3279 4523 3492 4577 calum-

223 4622 466 4691 ἐσθῆτος
491 4620 909 4691 προϐάλλονται.
949 4618 1110 4673 Ἀλλά
1162 4620 1367 4688 ταύτην
1406 4620 1506 4685 τὴν
1536 4618 1811 4685 διαϐολὴν,

1921 4618 2055 4672 niati
2106 4626 2255 4679 sunt,
2303 4615 2398 4670 sed
2445 4615 2593 4669 illam
2625 4614 2955 4669 calumniam
3002 4630 3109 4668 non
3138 4615 3318 4670 solum
3364 4615 3492 4687 Tyri

221 4715 330 4767 οὐκ
359 4715 421 4766 ἐν
450 4712 613 4783 Τύρῳ
643 4713 801 4782 μόνον
826 4711 1162 4781 κινηθεῖσαν,
1187 4710 1322 4763 άλλά
1345 4709 1439 4761 καὶ
1466 4709 1730 4779 πρότερον
1759 4712 1814 4762 ἐν

1920 4722 2146 4776 motam,
2180 4710 2274 4765 sed
2313 4718 2368 4763 ct
2404 4710 2557 4778 prius
2589 4706 2916 4763 Nicomedim
2946 4708 3015 4762 ab
3045 4708 3378 4779 imperatore
3410 4708 3493 4762 in-

220 4805 579 4877 Νικομηδείᾳ
607 4808 727 4869 ταῖς
759 4805 854 4857 τοῦ
894 4803 1163 4872 βασιλέως
1211 4801 1569 4873 ὲνηχηθεῖσαν
1602 4802 1812 4865 ἀκοαῖς,

1920 4804 2217 4865 tellectam,
2264 4802 2398 4872 Apis
2453 4814 2505 4857 et
2574 4800 2847 4855 Macarius
2906 4802 3187 4870 presbyter
3254 4802 3493 4858 civitatis

226 4902 403 4961 Ἀπις
436 4914 495 4950 τε
526 4898 623 4949 καὶ
649 4897 933 4966 Μακάριος
983 4897 1032 4948 οἱ
1075 4896 1168 4965 τῆς
1217 4892 1623 4963 Ἀλεξανδρείας
1676 4910 1813 4962 πρε-

1920 4895 2276 4959 Alexandriae,
2323 4893 2416 4963 qui
2466 4903 2579 4947 tum
2627 4894 2755 4949 illuc
2782 4909 2911 4947 casu
2941 4894 3299 4961 advenerant,
3333 4894 3495 4950 facile

227 4992 493 5060 σϐύτεροι
549 4992 730 5044 ἐκεῖσε
785 4989 1193 5059 παρατυχόντες
1267 4986 1466 5058 ῥᾳδίως
1503 4986 1810 5056 διήλεγξαν.

1920 4987 2247 5044 refutarunt.
2305 4985 2443 5039 Hinc
2494 4985 2715 5055 quidem
2785 4995 3136 5041 accusatores
3196 4988 3493 5057 imperator

222 5086 319 5139 Διὸ
376 5083 489 5137 τῶν
548 5083 648 5154 μὲν
711 5081 1065 5151 συκοφαντῶν
1131 5082 1160 5132 ὁ
1231 5079 1484 5150 βασιλεὺς
1536 5078 1814 5148 καθήψατο

1920 5093 2011 5150 per
2058 5081 2266 5133 litteras
2313 5079 2632 5148 perstrinxit
2681 5096 2695 5132 :
2736 5077 3093 5133 Athanasium
3145 5095 3276 5134 vero
3318 5082 3384 5134 ad
3430 5095 3489 5134 se

224 5178 583 5248 γράμμασιν,
626 5175 943 5230 Ἀθανάσιον
967 5173 1025 5226 δέ
1050 5171 1188 5241 πρὸς
1228 5171 1419 5224 ἐαυτὸν
1448 5170 1624 5223 ἐλθεῖν
1678 5185 1814 5238 προ-

1920 5171 2102 5225 venire
2129 5170 2319 5239 jussit.
2351 5169 2569 5223 Litterae
2608 5170 2675 5223 ad
2719 5170 2987 5238 synodum
3022 5168 3145 5241 Tyri
3187 5186 3490 5240 congrega-

222 5268 523 5339 ετρὲψατο.
555 5268 667 5321 Kal.
691 5266 761 5320 τὰ
798 5265 1101 5337 γράμματα
1124 5258 1228 5334 ἧκε
1262 5263 1394 5335 πρὸς
1418 5263 1520 5334 τὴν
1561 5263 1618 5315 ὲν
1654 5260 1814 5331 Τύρῳ

1920 5268 2030 5312 tam
2061 5265 2328 5311 venerunt
2360 5275 2373 5310 :
2408 5256 2607 5326 quibus
2639 5255 2793 5311 lectis
2841 5255 3134 5312 Ensebiani
3178 5273 3301 5311 eum
3338 5259 3490 5311 dolo-

225 5362 490 5428 σύνοδον,
524 5361 618 5414 καὶ
671 5361 751 5422 είς
784 5360 1086 5428 κατήφειαν
1118 5356 1215 5428 τὴν
1242 5356 1370 5423 περὶ
1413 5355 1505 5409 τὸν
1553 5353 1810 5407 Εύσέόιον

1922 5365 2034 5404 rem
2072 5356 2486 5412 contraxerunt,
2531 5364 2693 5418 quem
2744 5349 3044 5404 Athanasio
3090 5359 3247 5403 antea
3288 5349 3493 5404 intule-

1438 5486 1677 5541 VARl/E
1735 5481 2144 5547 LECTIONES,

1392 5625 1436 5656 ¹⁸
1466 5622 1728 5693 βασιλέως
1765 5642 1824 5688 ς.
1960 5626 2002 5657 ¹⁹
2030 5625 2121 5677 καὶ
2157 5624 2281 5695 Ἀρ.
2319 5623 2441 5694 βασ.
2504 5624 2600 5678 καὶ
2649 5622 2866 5695 γράμμ.
2920 5621 3042 5678 add.
3079 5623 3141 5676 A.
3240 5625 3284 5655 ³⁰
3315 5627 3489 5681 καίτοι

291 5638 337 5672 ⁸⁸
370 5635 506 5704 πρός
538 5633 580 5686 Β
610 5651 622 5686 :
656 5632 745 5686 τόν
774 5649 833 5696 ς.
912 5631 954 5662 ¹⁷
990 5629 1198 5690 οικείας
1230 5645 1290 5691 ς’.
1392 5629 1436 5656 ¹⁸
1466 5629 1728 5693 βασιλέως
1765 5642 1824 5688 ς.
1960 5629 2002 5657 "
2030 5629 2121 5677 καὶ
2157 5629 2281 5695 Ἀρ.
2319 5629 2374 5694 βο

291 5728 301 5762 ι
340 5707 475 5766 όρθά
509 5703 814 5766 φρονοῦντα
837 5717 948 5757 om.
986 5704 1027 5755 Α
1126 5702 1168 5731 ¹¹
1199 5696 1439 5766 ἀγούσης
1477 5712 1537 5758 ς’.
1633 5696 1676 5724 ”
1709 5695 1757 5746 oi
1788 5695 2122 5766 συκοφάνται
2162 5710 2270 5749 om.
2307 5699 2374 5749 A.

225 5709 301 5763 τὰ
340 5696 814 5777 όρθάίφρονοῦντα
837 5717 948 5757 om.
986 5704 1027 5755 Α
1126 5702 1168 5731 ¹¹
1199 5696 1439 5767 ἀγούσης
1477 5712 1537 5758 ς’.
