3944 6242
433 255 535 318 135

1598 253 1859 315 ΡΗΟΤΙΙ
1892 252 2394 313 ΡΑΤΒΙΑΒΕΗᾹΞ
2429 254 2536 314 CP.

3587 253 3682 321 13E

428 376 554 419 rant
630 364 785 430 Quod
830 366 1127 433 imperator
1181 365 1305 421 illos
1374 366 1608 431 graviter
1656 371 2008 423 accusasset,

2120 362 2354 431 φατρίαν
2427 362 2778 415 συνέστελλεν
2854 364 2954 435 ἤδη
3010 363 3210 435 πολλὴν
3263 364 3495 434 ῥέουσαν
3545 369 3688 420 κατὰ

427 459 621 514 deinde
672 459 816 526 quod
865 459 1136 512 calumnia
1174 460 1240 513 de
1281 461 1422 513 linea
1458 469 1607 514 veste
1662 460 2009 529 imperatoris

428 567 593 604 aures
640 560 798 605 antea
841 561 1183 619 occupasset.
1215 550 1340 605 Haec
1365 552 1641 606 calumnia
1668 567 1793 607 cum
1826 552 2010 606 minus

428 643 773 709 procederet,
848 641 1126 713 lschyram
1194 658 1247 698 et
1300 644 1597 699 Macarium
1674 643 2010 711 producunt.

428 734 655 804 Magnus
685 750 814 788 vero
848 734 1185 791 Athanasius
1230 738 1472 791 asseclas
1512 735 1754 802 Eusebii,
1807 744 1867 789 ut
1921 735 2015 787 ho-

429 839 560 892 stes,
608 829 846 898 legitima
887 831 1207 899 exceptione
1233 829 1438 896 rejecit.
1484 827 1541 885 In
1581 829 1776 898 primis
1825 837 2006 882 autem

427 920 792 973 demonstrari
819 920 1056 985 volebat,
1099 935 1166 973 an
1206 919 1459 991 lschyras
1485 935 1613 974 vere
1643 928 1793 975 esset
1836 933 2016 973 sacer-

429 1010 549 1073 dos,
611 1011 663 1063 in
718 1026 882 1079 quem
947 1013 1118 1066 sacris
1173 1022 1494 1082 operantem
1540 1013 1769 1068 irruisse
1800 1014 2015 1082 ﬁngunt

426 1101 750 1170 Macarium,
795 1104 1018 1173 vimque
1068 1104 1320 1159 intulisse
1374 1106 1604 1159 missum
1650 1105 1717 1159 ab
1779 1104 2015 1159 Athana-

428 1195 533 1257 sio,
564 1210 777 1248 sacram
810 1212 1055 1249 mcnsam
1088 1198 1393 1262 evertisse,
1424 1198 1650 1253 calicem
1682 1198 1931 1268 fregisse,
1956 1207 2013 1254 et

427 1299 584 1338 sacra
638 1284 811 1339 Biblia
856 1288 1252 1342 combussisse.
1314 1287 1417 1342 Sed
1461 1290 1550 1343 hic
1600 1290 1690 1343 illa
1720 1291 1829 1344 duo
1854 1306 2011 1345 com-

427 1378 580 1431 muni
649 1379 751 1447 legi
808 1379 1050 1448 opponit.
1108 1377 1328 1433 Judices
1367 1390 1546 1434 autem
1619 1382 1865 1451 judicare
1912 1382 2010 1435 de-

427 1479 752 1534 trectarunt,
831 1480 885 1524 et
956 1471 1248 1525 calumniis
1320 1472 1707 1527 conﬁrmandis
1798 1483 2011 1543 tempus

428 1572 731 1617 traxerunt.
758 1562 1121 1626 Quamobrem
1142 1578 1330 1618 eorum
1358 1582 1478 1635 qua“:
1497 1567 1643 1635 juste
1663 1567 2006 1632 dicta‘erant,

427 1656 696 1706 rationem
730 1654 932 1707 nullam
978 1654 1310 1709 habuerunt.
1344 1656 1625 1711 Accedunt
1658 1657 1723 1710 ad
1780 1673 2007 1711 accusa-

2127 454 2467 517 Ἀθανασίου,
2490 456 2572 508 ὅτι
2598 472 2656 509 τε
2695 456 2890 519 αὐτοὺς
2925 457 2953 508 ὁ
2986 455 3238 526 βασιλεὺς
3272 457 3554 527 ᾐτιάσατο,
3597 452 3689 511 καὶ

2112 545 2195 597 ὅτι
2224 547 2256 615 ἡ
2284 546 2425 598 κατὰ
2455 545 2553 617 τὴν
2578 547 2732 618 λινῆν
2765 546 2973 616 ἐσθῆτα
3013 548 3345 615 συκοφαντία
3374 548 3689 617 προέφθασε

2113 635 2294 690 δοῦναι
2317 638 2409 691 τὸν
2436 638 2679 708 ἔλεγχον.
2734 640 2845 708 Τῆς
2877 638 2934 690 δὲ
2970 638 3223 709 διαϐολῆς
3264 638 3467 710 ταύτης
3518 642 3657 694 ὲκπε

2114 728 2300 793 σόντες
2332 730 2402 782 τὰ
2435 732 2563 801 περὶ
2605 730 2857 800 Ίσχύραν
2886 730 3013 802 [780
3036 730 3127 802 H.]
3163 733 3255 785 καὶ
3282 734 3569 803 Μακάρων
3596 733 3688 786 τὸν

2114 820 2483 892 πρεσϐύτερον
2529 823 2922 893 προτείνουσιν.
2962 823 3020 877 '0
3054 824 3111 877 δὲ
3144 825 3311 892 σοφὸς
3373 826 3689 891 Ἀθανάσιος

2116 914 2500 983 παρεγράφετο
2527 917 2572 947 ³³
2603 916 2704 985 μὲν
2729 915 2872 969 κατὰ
2891 917 3091 985 νόμους
3117 910 3374 987 πράττων
3398 920 3524 981 τοὺς
3553 936 3690 989 προ-

2112 1008 2303 1071 φανεῖς
2332 1008 2584 1077 ἐχθροὺς,
2619 1007 2879 1061 Εὑσέϐιόν
2907 1025 3049 1078 φημι
3076 1010 3172 1062 καὶ
3196 1010 3321 1071 τοὺς
3351 1009 3685 1080 ὁμόφρονας,

2109 1092 2262 1165 ἠξίου
2286 1095 2341 1147 δὲ
2374 1096 2479 1165 πρὸ
2513 1092 2732 1151 πάντων
2771 1097 3021 1167 Ἰσχύραν
3073 1095 3444 1168 ἐπιδειχθῆναι
3469 1096 3515 1129 ³⁵
3549 1115 3690 1167 πρε..

2113 1185 2394 1257 σϐύτερον,
2427 1182 2488 1242 οὗ
2517 1188 2962 1258 λειτουργοῦντος
2985 1190 3337 1241 ὲπεισπεσείν
3368 1189 3629 1242 ἔπλαττεν
3651 1192 3686 1261 ή

2111 1279 2421 1348 κατηγορία
2457 1278 2553 1332 τὸν
2584 1280 2875 1347 Μακάριον
2909 1278 3051 1332 κατὰ
3077 1279 3375 1351 λῃστρικὴν
3408 1279 3598 1348 ἔφοδον
3626 1282 3688 1348 ἐξ

2110 1368 2417 1438 ἀποστολῆς
2470 1371 2812 1434 Ἀθανασίου,
2870 1372 2968 1424 καὶ
3024 1373 3325 1443 ἀνατρέψαι
3372 1372 3472 1442 τὴν
3535 1373 3691 1444 ἱερὰν

2111 1458 2409 1526 τράπεζαν,
2445 1461 2626 1513 καὶτὸ
2670 1463 2934 1531 μυστικὸν
2975 1462 3238 1527 κατεάξαι
3280 1466 3559 1534 ποτήριον,
3592 1465 3693 1519 καὶ

2109 1549 2178 1603 τὰ
2196 1549 2299 1620 τῆς
2324 1551 2474 1615 Θείας
2503 1553 2543 1604 Γ
2548 1554 2727 1623 ραφῆς
2762 1554 2920 1624 ἡμῶν
2950 1554 3130 1623 βιϐλία
3163 1554 3297 1621 πυρὶ
3327 1553 3682 1624 παραδοῦναι.

2122 1640 2262 1694 Ἀλλ’
2294 1643 2322 1694 ὁ
2354 1642 2452 1712 μὲν
2485 1643 2555 1696 τὰ
2578 1644 2673 1697 δύο
2703 1644 2879 1697 ταῦτα
2926 1645 3078 1714 νόμῳ
3121 1645 3290 1716 κοινῷ
3324 1645 3687 1716 ἀντεπαρετί-

428 1742 626 1796 tionem
678 1743 900 1797 Macarii
945 1753 999 1797 et
1029 1744 1283 1815 Ischyrze,
1315 1756 1367 1798 et
1398 1746 1769 1814 promptitudo
1809 1744 2008 1816 479a

2112 1731 2260 1786 θει²⁵
2291 1734 2387 1788 καὶ
2422 1736 2924 1805 ἀντεπρουϐάλλετο
2948 1753 2963 1768 °
3009 1739 3058 1790 οί
3097 1738 3153 1791 δὲ
3183 1737 3371 1808 κριταὶ
3407 1738 3525 1807 οὐχὶ
3567 1737 3693 1806 κρί-

425 1829 875 1883 calunmiantium
944 1840 1062 1885 erat
1142 1830 1564 1885 intolerabilis:
1618 1830 1801 1900 inopia
1880 1847 2007 1886 vero

426 1921 480 1973 in
508 1921 933 1975 demonstrando
998 1936 1063 1976 ac
1133 1923 1435 1992 probando,
1492 1923 1826 1978 alacritatem
1886 1925 2009 1978 illo-

440 2027 559 2063 rum
629 2012 877 2066 fraudem
945 2029 1104 2080 esse,
1168 2028 1234 2069 ac
1306 2014 1634 2069 maleﬁcium
1714 2015 2008 2085 impietatis

425 2113 591 2171 atque
654 2103 873 2159 invidia:
932 2105 1273 2162 ostendebat.
1323 2105 1472 2160 Mora
1511 2116 1691 2161 autem
1731 2122 1795 2161 ac
1856 2108 2004 2172 dolo,

426 2192 657 2262 repulsae
697 2193 937 2249 dedecus
984 2204 1250 2265 tegentes,
1313 2196 1540 2252 mittunt
1597 2199 1650 2250 in
1708 2196 2005 2253 Mareotem

426 2283 682 2339 factionis
762 2286 1010 2353 ejusdem
1118 2287 1409 2350 homines,
1514 2288 1836 2345 simulantes
1940 2304 2007 2345 eo

430 2376 482 2428 in
511 2375 634 2429 loco
669 2392 897 2430 examen
940 2392 1157 2441 eorum,
1203 2394 1328 2447 quae
1376 2379 1446 2433 ibi
1476 2390 1629 2450 gesta
1663 2392 1865 2444 essent,
1891 2381 2007 2436 ﬁeri

425 2476 697 2536 oportere.
745 2468 881 2522 Cum
930 2480 1109 2523 autem
1148 2469 1479 2525 Athanasius
1514 2472 1720 2527 videret
1745 2488 1841 2528 eos
1866 2474 2004 2528 mitti

426 2572 568 2627 quos
602 2558 866 2626 rejecerat
886 2558 1118 2627 judices,
1170 2558 1572 2630 Theogoniam,
1594 2560 1791 2629 Marin,
1830 2561 2008 2618 Theo-

423 2650 658 2713 dorum,
730 2648 1133 2714 Macedonium,
1180 2650 1495 2720 Ursacium,
1546 2654 1901 2722 proclamavit
1953 2665 2009 2709 et

424 2748 763 2793 contestatus
794 2750 878 2795 est
915 2745 1171 2796 omnibus
1214 2742 1454 2797 maxime
1505 2744 1852 2799 manifestam
1884 2758 2010 2800 esse

423 2828 727 2898 injuriam:
771 2831 1071 2887 Macarium
1121 2849 1341 2904 quoque
1378 2836 1755 2906 presbyterum
1805 2836 1862 2891 in
1888 2837 2012 2891 vin-

428 2919 569 2974 culis
616 2921 829 2987 haberi,
881 2926 975 2992 qui
1005 2923 1159 2993 prior
1194 2928 1606 2983 accusationem
1655 2930 2005 2995 instituisset,

428 3024 801 3068 accusatorem
846 3030 975 3070 vero
1017 3016 1295 3088 lschyram
1328 3019 1627 3090 illegitimis
1671 3021 1893 3092 adiungi
1920 3021 2010 3092 ju-

426 3107 658 3163 dicibus.
690 3109 829 3164 Cum
864 3110 1071 3166 rideret
1097 3114 1301 3169 nullam
1343 3115 1430 3170 sui
1465 3117 1730 3171 rationem
1761 3133 1793 3172 a
1826 3116 2006 3171 Patri-

428 3202 528 3256 bus
554 3203 607 3257 in
655 3202 864 3273 synodo
939 3205 1152 3271 haberi,
1221 3208 1362 3262 clam
1411 3208 1549 3279 ipsis
1584 3210 1841 3276 decessit,
1862 3221 1915 3266 et
1940 3213 2007 3265 ad

428 3294 810 3363 imperatorem
879 3299 1039 3366 quasi
1093 3301 1396 3355 accersitus
1423 3302 1675 3356 accessit.
1723 3301 1827 3369 Qui
1880 3319 2010 3359 vero

426 3387 581 3442 missi
610 3398 768 3442 erant
796 3388 851 3442 in
895 3389 1187 3445 Mareotcm
1216 3405 1280 3445 ex
1301 3408 1407 3446 una
1423 3394 1597 3448 solum
1624 3407 1775 3464 parte
1794 3396 2009 3465 (quem-

426 3479 718 3533 admodum
763 3480 868 3534 illis
916 3481 1262 3536 mendacium
1309 3492 1470 3552 atque
1506 3484 1711 3539 invidia
1774 3488 2009 3555 impera-

430 3569 568 3637 bat),
598 3569 743 3622 facto
779 3572 1153 3626 accusationis
1182 3572 1387 3638 libello,
1412 3575 1478 3628 ad
1503 3578 1771 3646 synodum
1804 3580 2006 3635 reversi

428 3668 579 3719 sunt,
604 3675 724 3727 qua:
755 3661 998 3731 synodus
1033 3671 1190 3716 antea
1219 3663 1331 3733 jam
1355 3664 1617 3720 absentiae
1644 3681 1813 3722 causa
1852 3684 2009 3724 sanc-

430 3759 544 3804 tum
586 3752 951 3806 Athanasium
986 3753 1404 3809 condemnarat.
1437 3755 1575 3811 Cum
1602 3769 1786 3814 autem
1815 3760 2007 3815 rediis-

426 3850 570 3904 sent,
604 3840 1119 3897 condemnationem
1149 3845 1549 3901 conﬁrmarunt
1579 3849 1767 3903 multis
1795 3850 2006 3905 calum-

426 3930 537 3984 niis
569 3930 794 3991 additis.
847 3943 903 3984 et
933 3931 1256 3989 festinantes
1302 3933 1443 4005 Tyro
1472 3935 1901 4011 Hierosolymam
1936 3943 2003 3997 ad

429 4020 625 4075 festum
668 4022 1100 4080 consecrationis
1147 4025 1416 4091 ecclesiae,
1465 4028 1691 4086 nefariis
1746 4032 2004 4088 nimirum

427 4126 491 4165 ac
530 4111 754 4181 pollutis
782 4112 1062 4180 manibus,
1102 4114 1343 4183 iverunt,
1371 4118 1465 4188 qui
1507 4122 1693 4175 statim
1746 4138 1812 4177 eo
1840 4138 2006 4180 vene-

427 4211 569 4255 runt‘
605 4212 661 4257 et
686 4201 980 4257 Eusebiani
1022 4204 1213 4259 Arium
1267 4207 1507 4276 praefecti
1558 4210 1680 4265 loco
1710 4214 2003 4283 recipiunt.

2108 1844 2241 1892 νειν,
2295 1829 2375 1893 είς
2413 1828 2470 1882 δὲ
2494 1830 2539 1861 ⁸⁸
2592 1831 2653 1882 τὸ
2693 1830 2985 1900 κρατύνειν
3034 1847 3130 1901 την
3160 1831 3525 1899 συκοφαντίαν
3565 1828 3691 1882 ὅλον

2107 1917 2310 1971 ἔτεινον
2339 1918 2431 1972 τὸν
2469 1917 2748 1987 λογισμόν.
2799 1918 2891 1973 Διὸ
2952 1920 3111 1988 λόγον
3165 1920 3265 1991 μὲν
3304 1921 3415 1972 τῶν
3462 1919 3691 1979 δικαίως

2106 2007 2415 2077 λεγομένων
2458 2008 2649 2062 οὐδένα
2698 2004 2864 2079 εἶχον,
2922 2011 3202 2077 εἰσάγεται
3242 2008 3299 2060 δὲ
3347 2009 3381 2078 ἡ
3416 2008 3545 2077 περὶ
3592 2008 3692 2059 τὸν

2108 2099 2389 2171 Μακάριον
2443 2101 2538 2155 καὶ
2590 2100 2840 2171 Ἰσχύραν
2888 2101 3279 2172 κατηγορία²⁷.
3322 2101 3433 2153 Καὶ
3477 2100 3538 2152 τὸ
3587 2099 3692 2169 μὲν

2109 2190 2391 2261 πρόθυμον
2418 2186 2488 2263 ἦν
2532 2192 2639 2245 τῶν
2680 2192 3034 2260 συκοφαντῶν
3081 2192 3379 2261 ἀφόρητον,
3410 2191 3473 2245 τὸ
3502 2191 3559 2242 δὲ
3584 2192 3691 2260 τῆς

2107 2280 2435 2343 ἀποδείξεως
2454 2280 2659 2351 ἄπορον
2679 2282 2779 2350 τὴν
2802 2281 3114 2353 προθυμίαν
3132 2282 3339 2335 ἐδείκνυ
3368 2281 3693 2345 δυσσεϐείας

2110 2372 2207 2424 καὶ
2233 2371 2429 2441 φθόνου
2473 2373 2863 2443 κακούργημα.
2914 2373 3237 2444 Ὑπερθέσει
3283 2373 3343 2425 δὲ
3379 2374 3473 2426 καὶ
3520 2372 3692 2443 τέχνῃ

2107 2466 2206 2536 τὴν
2250 2466 2353 2532 τῆς
2403 2467 2702 2536 ἀποτυχίας
2732 2466 2995 2538 αἰσχύνην
3043 2466 3425 2531 συσκιάζοντες
3449 2466 3497 2497 ’⁸
3549 2466 3693 2536 πρὸς

2107 2556 2198 2609 τὸν
2226 2556 2533 2627 Μαρεώτην
2562 2558 2663 2627 τῆς
2693 2559 2870 2611 αὐτῶν
2897 2560 3208 2630 συμμορίας
3241 2558 3693 2621 ἀποστέλλουσιν,

2112 2645 2273 2718 [1455
2304 2646 2398 2719 8.]
2423 2650 2602 2702 ἐκεῖσε
2624 2650 2724 2721 τὴν
2751 2651 2955 2713 έτασιν,
2980 2654 3038 2704 ἐν
3070 2645 3113 2719 ᾧ
3143 2654 3176 2723 ἡ
3200 2651 3397 2721 πρᾶξις
3423 2650 3692 2722 προῆλθε,

2108 2738 2228 2791 δέον
2257 2740 2514 2808 γενέσθαι
2540 2724 3036 2813 προφασισάμενω.
3086 2744 3172 2807 Ὠς
3199 2744 3243 2797 δ’
3281 2740 3423 2798 εἶδεν
3448 2746 3478 2798 ὀ
3523 2743 3695 2797 Ἀθα-

2111 2830 2297 2895 νάσιος
2351 2831 2444 2895 οὒς
2531 2835 2982 2904 παρεγράψατο⁹⁰
3042 2836 3237 2906 κριτὰς
3298 2835 3696 2905 στελλομένους

2113 2923 2420 2993 (Θεογόνιος
2445 2924 2491 2957 ³ο
2522 2924 2631 2995 γὰρ
2656 2921 2725 2996 ἦν
2764 2927 2859 2978 καὶ
2906 2927 3106 2998 Μάρης
3136 2928 3232 2980 καὶ
3275 2927 3551 2997 Θεόδωρος
3593 2929 3698 2980 καὶ

2111 3014 2446 3079 Μακεδόνιος
2480 3017 2575 3068 καὶ
2608 3016 2652 3046 ³⁸
2694 3017 3044 3087 Ούρσάκιος),
3088 3017 3492 3090 διεμαρτύρατο
3551 3020 3697 3074 πᾶσι

2109 3105 2173 3158 τὸ
2207 3108 2675 3178 περιφανέστατον
2696 3109 2738 3139 ³²
2776 3107 2870 3161 τοῦ
2925 3109 3289 3180 ἀδικήματος,
3330 3111 3425 3163 καὶ
3456 3110 3537 3162 ὅτι
3565 3110 3697 3163 Μα-

2110 3198 2301 3269 κάριος
2338 3200 2437 3270 μὲν
2483 3203 2511 3254 ὁ
2548 3201 2764 3273 πρῶτος
2810 3202 2908 3273 τὴν
2960 3203 3178 3273 γραφὴν
3212 3203 3577 3273 ὑφιστάμενος
3628 3205 3697 3256 ὲν

2111 3290 2353 3362 σιδήροις
2373 3287 2467 3361 ἦν,
2510 3292 2759 3363 ’ἰσχύρας
2789 3293 2835 3347 δ’
2865 3296 2893 3347 ὁ
2919 3297 3227 3363 κατήγορος
3250 3296 3364 3357 τοῖς
3394 3294 3699 3364 ὲκθέσμοις

2109 3384 2324 3452 κριταῖς
2352 3383 2734 3439 συνετέτακτο.
2788 3385 2876 3448 Ὠς
2908 3385 2952 3437 δ’
2982 3387 3044 3438 ού
3076 3389 3365 3456 προσεῖχον
3394 3386 3428 3455 ἡ
3466 3386 3699 3450 σύνοδος

2106 3468 2189 3536 οἷς
2223 3476 2414 3545 ᾐτιᾶτο
2443 3478 2536 3529 καὶ
2557 3478 2959 3549 διεμαρτύρετο
2976 3480 3042 3542 ³³,
3068 3478 3336 3532 διαλαθὼν
3368 3479 3503 3550 πρὸς
3539 3480 3704 3549 βασι-

2107 3564 2225 3631 λέα,
2261 3566 2355 3620 ἆτε
2383 3567 2446 3638 δὴ
2473 3568 2567 3621 καὶ
2598 3569 2984 3640 μετακληθεὶς,
3007 3570 3382 3643 ἀνεχώρησεν.
3415 3571 3480 3623 Οἱ
3505 3570 3565 3623 δὲ
3592 3570 3701 3624 τοῦ

2107 3658 2410 3725 Μαρεώτου
2462 3662 2650 3731 κριταὶ
2688 3663 2752 3714 ἐκ
2805 3663 3189 3733 μονομερείας,
3256 3663 3332 3727 ὡς
3378 3664 3565 3727 αὐτοῖς
3627 3664 3705 3719 τὸ

2106 3750 2296 3820 ψεῦδος
2329 3752 2470 3807 καὶό
2498 3753 2693 3821 φθόνος
2731 3755 3047 3818 ἐπέταττεν,
3082 3756 3453 3827 ὑπομνήματα
3489 3773 3703 3809 συντα-

2109 3841 2329 3912 ξάμενοι
2374 3842 2511 3912 πρὸς
2558 3843 2658 3914 τὴν
2711 3844 2930 3899 σύνοδον
2977 3846 3309 3917 ἐπανῄεσαν.
3364 3846 3702 3916 Αὑτῆδδδὲ,

2108 3936 2238 4004 πρὶν
2270 3935 2303 4002 ἢ
2348 3935 2758 4004 παραγενέσθαι
2797 3936 3044 4003 τούτους,
3097 3938 3311 4008 ἐρήμην
3366 3937 3708 3993 Ἀθανασίου

2108 4025 2464 4096 κατεδιῄτησε
2483 4041 2497 4056 ·
2548 4029 3007 4098 παραγεγονότων
3031 4029 3090 4082 δὲ
3118 4031 3220 4099 τήν
3273 4047 3334 4083 τε
3365 4030 3709 4102 καθαίρεσιν

2107 4115 2467 4188 ἐπεκύρωσαν
2506 4118 2603 4171 καὶ⁵
2623 4118 2917 4189 λοιδορίαις
2940 4119 3281 4191 ἐπηύξησαν.
3326 4123 3438 4176 Καὶ
3472 4140 3708 4193 παραυ-

2106 4210 2235 4263 τίκα
2281 4209 2420 4280 πρδς
2476 4208 2576 4280 τὴν
2628 4211 2958 4282 καθιέρωσιν
3012 4213 3112 4283 τῆς
3163 4215 3221 4267 ὲν
3294 4214 3710 4287 Ἱεροσολύμοις

426 4289 643 4344 Fideles
676 4305 869 4347 omnes
906 4296 1142 4348 aversati
1168 4304 1299 4349 sunt
1318 4296 1659 4364 deﬁnientes,
1685 4312 1744 4355 ut
1769 4303 2006 4359 Alexan-

2110 4300 2412 4370 ἐκκλησίας
2433 4301 2482 4353 οἱ
2504 4301 2566 4352 τὸ
2591 4302 2936 4373 ίερουργικὸν
2957 4302 3017 4368 ἐξ
3040 4297 3115 4357 ὧν
3145 4303 3386 4376 ἔπραξαν
3409 4307 3715 4373 ἀνοσιουρ-

425 4379 557 4431 driac
584 4378 749 4431 Arius
771 4394 984 4441 eorum.
1008 4381 1075 4434 de
1090 4381 1294 4450 quibus
1324 4396 1699 4454 accusaretur,
1733 4391 1999 4446 rationem

2110 4394 2372 4462 γήσαντες
2431 4392 2635 4463 σπουδῇ
2682 4394 3104 4463 παραγίνονται.
3158 4397 3269 4449 Καὶ
3323 4398 3415 4449 τὸν
3468 4399 3712 4471 Ἀρειον

427 4469 695 4532 redderet,
736 4484 902 4538 quam
939 4471 1031 4523 ubi
1077 4473 1331 4539 accessit,
1365 4485 1559 4544 captus
1585 4488 1686 4533 est.
1721 4479 1856 4535 Dum
1895 4483 2008 4541 haec

2112 4485 2410 4538 ἐπιστάντα
2438 4486 2490 4538 οἱ
2533 4485 2634 4557 μὲν
2690 4488 2820 4557 περὶ
2859 4487 3119 4542 Εὑσέὸιον
3151 4489 3403 4559 ἀσμένως
3461 4469 3715 4561 προσδέ-

426 4558 502 4612 ita
525 4568 810 4628 geruntur,
859 4563 1085 4618 reddita:
1123 4574 1254 4620 sunt
1306 4567 1655 4638 imperatoris
1696 4573 1909 4641 litterae,
1956 4587 2008 4633 ut

2110 4591 2314 4643 χονται,
2382 4575 2430 4627 οί
2475 4574 2532 4628 δὲ
2567 4574 2669 4644 τῆς
2721 4576 2889 4649 ὀρθῆς
2937 4558 3369 4651 ἀπεστράφησαν
3428 4558 3717 4648 πίστεως,

426 4646 760 4705 Athanasius
798 4651 865 4706 ad
909 4653 1089 4721 ipsum
1134 4658 1363 4725 veniret,
1404 4660 1686 4729 iubentes,
1730 4675 1783 4719 et
1821 4668 2008 4742 Ariani

2111 4666 2399 4735 ὁρίσαντες
2432 4670 2490 4721 ὲν
2536 4646 2919 4740 ’Δλεξανδρέίᾳ
2950 4670 3042 4724 τὸν
3071 4646 3228 4741 λύγον
3255 4646 3481 4743 ύπέχειν
3520 4667 3603 4727 ὧν

424 4755 643 4809 quoque
686 4744 1095 4813 quamprimum
1149 4746 1685 4823 Constantinopolim
1734 4759 2008 4815 venirent.

2115 4759 2269 4829 αἰτίᾳ.
2297 4759 2647 4813 καθίσταται·
2668 4755 2773 4833 ὲνῇ
2801 4762 2895 4814 καὶ
2907 4762 2949 4795 ³³
2975 4762 3367 4833 παραγεγονὼς
3390 4765 3557 4821 ἑάλω.
3606 4768 3724 4822 Ἐν

429 4830 522 4884 liae
558 4832 749 4887 litterae
791 4838 1105 4893 maestitiam
1162 4844 1368 4912 synodo
1420 4858 1768 4914 pepererunt.
1802 4850 2008 4917 Quam-

2110 4850 2325 4913 τούτοις
2376 4851 2435 4905 δὲ
2482 4852 2592 4905 τῶν
2646 4853 3039 4923 πραττομένων
3106 4856 3442 4924 κινουμένων
3495 4857 3724 4925 φθάνει

423 4926 613 4978 ohrem
648 4927 870 4995 plurimi
898 4931 1121 4987 domum
1154 4938 1385 5005 regressi
1431 4947 1559 4993 sunt
1589 4942 1856 4999 Eusebius
1883 4960 2008 5002 vero

2110 4943 2418 5014 γράμματα
2468 4944 2562 4998 τοῦ
2598 4944 2881 5015 βασιλέως,
2913 4948 3007 4999 καὶ
3050 4946 3367 5000 Ἀθανάσιον
3412 4947 3551 5017 πρὸς
3601 4952 3730 5002 αὒ-

424 5028 482 5072 et
506 5018 861 5088 Theogonius
890 5023 1109 5078 interim
1143 5027 1214 5081 ibi
1243 5043 1453 5084 moram
1498 5033 1711 5089 trahere
1765 5035 2008 5092 decreve-

2110 5036 2201 5089 τὸν
2231 5036 2651 5104 ἀπαγγέλλοντα
2681 5038 2839 5110 ἥκειν
2870 5041 2965 5093 καὶ
3014 5040 3213 5104 αὐτοὺς
3244 5040 3340 5095 ἐπὶ
3395 5040 3494 5110 τὴν
3528 5039 3725 5111 βασι·

431 5119 576 5176 runt,
632 5111 897 5181 temporis
943 5127 1097 5167 mora
1152 5115 1361 5171 solvere
1412 5133 1703 5175 mmrorem
1761 5123 2008 5192 cogitau.

2111 5128 2229 5180 λίδα
2258 5130 2671 5198 παραγενέσθαι
2692 5147 2709 5162 ο
2739 5133 2835 5186 καὶ
2876 5136 2957 5196 εἰς
3004 5134 3249 5201 ἀγωνίαν
3299 5134 3565 5205 ὲμῦάλλει
3595 5136 3731 5208 τὴν

425 5212 529 5257 ῑεεο
2116 5221 2358 5277 σύνοδον.
2411 5222 2502 5276 Διὸ
2551 5225 2602 5277 οἱ
2655 5224 2871 5290 πλείους
2907 5225 3009 5297 μὲν
3055 5224 3236 5280 αὐτῶν
3263 5228 3342 5290 είς
3390 5227 3457 5280 τὰ
3512 5229 3732 5282 οἰκεῖα.

1614 5381 1845 5438 VARle
1902 5384 2310 5441 LECTIONES.

1141 5468 1187 5498 “
1208 5470 1594 5552 ἀποδειχθῆναι
1617 5492 1689 5538 ς.
1767 5479 1813 5509 ³⁸
1848 5479 2253 5552 άγτιπαρετίθει
2292 5482 2385 5534 καὶ
2419 5481 2913 5552 ἀντιπρουδάλλετο
2936 5486 3001 5538 Α.
3077 5483 3122 5515 ²⁶
3152 5486 3231 5548 εἰς
3259 5482 3340 5552 δὲ]
3373 5484 3588 5546 ἀλλέῐς
3640 5488 3726 5545 Β.

1044 5539 1097 5624 ἲ
1125 5539 1503 5624 συσκιάζογτες
1566 5545 1656 5624 A‘,
1701 5539 2178 5624 σκευάζοντεέςπ,
2277 5553 2320 5585 ²⁹
2349 5539 2735 5624 προεγρόίψατο
2784 5557 2846 5607 Α.
2927 5556 2970 5585 ³⁸·
3002 5539 3284 5624 Θεογένίος
3314 5539 3372 5607 Β.
3479 5556 3520 5586 ³⁸
3556 5539 3732 5611 alte;

1053 5608 1097 5640 "
1132 5610 1623 5687 περιφανέστατον]
1672 5622 1856 5672 malim
1882 5608 2210 5690 ’περιφανές
2254 5639 2334 5678 τε.
2396 5608 2408 5624 ’
2436 5608 2928 5697 ³³’ὃιεμαρτύρατο
2961 5642 3021 5689 ς.
3117 5608 3166 5656 ³³
3195 5608 3331 5695 αὕτη
3366 5640 3425 5687 ς.
3522 5624 3566 5656 ³⁵
3598 5633 3739 5683 καὶ

502 5464 548 5493 ’³
576 5466 975 5535 περιεγράφετο
1000 5483 1059 5529 ς.

428 5533 471 5561 ’⁷
507 5533 839 5605 κατηγορίαν
871 5554 931 5599 ς.

433 5618 553 5657 rum
591 5607 681 5658 καὶ
730 5606 854 5661 add.
891 5611 959 5661 A.

430 5688 540 5728 0m.
574 5673 635 5730 Β.
