3944 6242
425 299 532 369 139

1572 296 1835 358 PHOTII
1875 294 2376 358 PATRIARCILE
2414 297 2528 360 CP.

3566 293 3662 361 140

423 408 643 484 θρωπος
697 409 797 464 οὐκ
856 404 1285 479 ἐμακροθύμησε
1315 405 1461 478 δίκη,
1493 407 1613 471 ταῖς
1645 407 1704 460 δὲ
1730 406 1826 461 τοῦ
1864 406 2011 479 ἱεροῦ
2062 406 2415 479 Ἀλεξάνδρου
2440 406 2836 478 παροξυνθεῖσα
2855 407 2984 482 [782
3042 409 3114 483 Η]
3144 408 3472 482 προσευχαῖς
3531 409 3663 483 αὐτῇ

424 504 637 578 αίρέσει
664 501 921 556 ἐκκόπτει
978 499 1070 553 τὸν
1117 500 1361 571 Ἀρειον,
1402 497 1496 552 καὶ
1537 497 1647 553 τῶν
1673 499 1999 570 σπλάγχνων
2035 498 2201 554 αὑτοῦ
2258 501 2455 572 ἀθρόον
2514 500 2883 558 διαπεσόντων
2951 503 3197 560 κάτωθεν
3243 505 3346 577 τῆς
3386 505 3531 576 ζωῆς
3565 507 3667 561 ἀπ.

423 601 731 659 ελαύνεται.

500 698 696 754 Statim
750 694 914 766 igitur
958 693 1176 760 Ariani,
1210 694 1371 762 paulo
1423 702 1582 748 antea
1637 693 1829 765 quieti,
1883 703 2006 763 post
2035 700 2077 757 Α

420 792 606 849 omnia
648 790 998 854 conturbant,
1028 796 1393 857 opportunam
1421 803 1479 842 se
1521 795 1713 842 nactos
1747 787 1999 843 occasio-

421 899 545 939 nem
573 882 676 937 rati
712 891 960 951 tempore
990 879 1168 935 exsilii
1213 879 1521 935 Athanasii.
1569 878 1678 936 Sed
1725 878 1819 935 Dei
1867 894 1998 949 pro-
2049 935 2055 940 ,

418 975 656 1032 videntia
678 974 957 1044 praevertit
987 986 1103 1039 eos,
1130 970 1492 1027 Athanasium
1525 971 1594 1027 ab
1617 971 1812 1028 exsilio
1837 985 1996 1028 revo-

2102 966 2374 1038 μίζοντες.
2420 963 2561 1018 Ἀλλ’
2590 965 2623 1034 ἠ
2669 962 2785 1016 θεία
2819 962 3044 1033 πρόνοια
3078 962 3180 1031 τὴν
3227 959 3406 1014 αὐτῶν
3439 961 3669 1032 σπουδὴν

417 1084 551 1125 cans
587 1068 752 1139 regiis
792 1067 986 1122 litteris
1019 1083 1034 1122 :
1083 1064 1281 1136 quibus
1325 1064 1475 1119 illum
1514 1064 1790 1121 Constans
1838 1064 2000 1121 Occi-

417 1160 597 1217 dentis
665 1158 961 1228 imperator
1019 1156 1385 1219 Alexandriae,
1465 1165 1772 1212 commeatu
1848 1155 1997 1223 dato,

416 1250 681 1316 restituit,
749 1259 804 1305 et
854 1255 1122 1319 quotquot
1185 1246 1477 1303 orthodoxi
1526 1256 1715 1303 errant
1767 1247 1999 1303 libenter

416 1353 697 1415 pastorem
743 1349 1123 1411 susceperunt.
1167 1339 1421 1396 Haeretici
1476 1349 1665 1396 contra
1697 1340 1998 1396 seditiones

390 1430 659 1499 'movent,
690 1448 812 1504 quae
834 1446 1055 1489 causam
1088 1432 1457 1488 exhibuerunt
1496 1432 1994 1501 Eusebiiasseclis,

400 1504 788 1582 'calumniandi
818 1538 945 1577 eum
973 1522 1117 1592 apud
1171 1522 1557 1593 imperatorem
1587 1521 1994 1589 Constantium,

417 1626 473 1674 et
492 1617 779 1673 calumniis
828 1616 964 1671 adeo
1017 1616 1406 1685 imperatorem
1436 1614 1502 1670 ad
1535 1615 1674 1669 iram
1714 1629 1996 1684 provoca-

376 1720 377 1723 ‘
414 1717 567 1774 runt,
602 1719 665 1763 ut
700 1722 828 1763 eum
879 1707 1078 1761 iterum
1124 1707 1319 1763 exsilio
1347 1707 1653 1762 damnaret.
1697 1704 1765 1761 Hi
1798 1705 1997 1762 mortui

414 1796 704 1868 cujusdam
732 1812 892 1851 manu
918 1805 1126 1851 resecta
1162 1796 1235 1851 ad
1266 1795 1599 1851 calumniam
1649 1805 1841 1852 sancto
1877 1796 1998 1853 viro

415 1889 722 1946 faciendam
746 1888 907 1944 abusi
960 1898 1104 1943 sunt.
1131 1887 1367 1944 Arsenio
1397 1887 1544 1943 enim
1588 1886 1810 1944 cuidam
1848 1887 1997 1945 dice-

413 1980 549 2037 bant
570 1980 639 2035 ab
674 1978 971 2035 Athanasio
997 1988 1334 2050 amputatam
1367 1994 1511 2047 esse,
1544 1995 1654 2051 qua
1688 1980 1756 2037 ad
1790 1982 1995 2038 veneﬁ-

414 2074 563 2129 cium
595 2080 861 2127 uteretur.

2176 686 2390 759 Μικρὸν
2419 685 2478 739 δὲ
2509 685 2619 739 τῶν
2656 685 2716 750 ἐξ
2759 685 2972 757 Ἀρείου
3015 687 3495 759 ἐφησυχασάντων,
3520 684 3669 754 αὖθις

2100 781 2315 835 ἅπαντα
2369 775 2617 843 κινοῦσι,
2670 776 2731 829 τὸ
2790 776 3077 849 ὑπερόριον
3149 778 3468 833 Ἀθανασίου
3533 781 3670 851 μέγα

2098 874 2264 928 ὅπλον
2288 871 2475 935 αὑτοῖς
2516 872 2597 935 είς
2626 871 2686 925 τὸ
2715 869 3171 940 καταπράξασθαι
3204 869 3240 923 θ.
3264 869 3562 923 διενοοῦντο
3587 888 3669 924 νο-

2100 1058 2494 1131 προφθάνουσα
2542 1055 2858 1110 Ἀθανάσιον
2909 1052 3173 1119 ἐπανάγει
3212 1051 3311 1120 τῆς
3357 1052 3668 1124 ὑπερορίας,

2097 1152 2423 1222 γράμμασιν
2468 1148 2832 1219 ὠχυρωμένον
2865 1146 3185 1217 βασιλικοῖς,
3218 1138 3298 1207 οἷς
3325 1144 3487 1198 αὑτὸν
3512 1146 3541 1197 ό
3576 1146 3670 1216 τῆς

2096 1242 2300 1306 δύσεως
2323 1241 2463 1313 ἔχων
2483 1240 2545 1295 τὸ
2579 1239 2857 1310 σκῆπτρον
2892 1236 3155 1301 Κώνστας
3184 1236 3484 1306 ἐφοδιάζων
3520 1237 3567 1268 ⁸⁸
3596 1239 3669 1301 είς

2115 1334 2523 1405 Ἀλεξάνδρειαν
2550 1332 2922 1397 ἐξαπέστειλε.
2960 1332 3071 1385 Καὶ
3095 1330 3285 1401 ἥδιστα
3313 1331 3412 1401 μὲν
3441 1329 3532 1384 τὸν
3557 1346 3670 1382 ποι-

2101 1426 2259 1495 μένα,
2296 1427 2410 1479 ὅσοι
2461 1424 2563 1490 τῆς
2598 1421 2909 1495 όρθοδοξίας
2938 1416 3100 1492 ἦσαν,
3134 1420 3401 1490 ἐδέχοντο·
3432 1419 3494 1473 τὸ
3528 1419 3575 1472 δ’
3596 1420 3669 1473 ati-

2099 1518 2307 1590 ρετίξον
2350 1518 2570 1581 στάσεις
2625 1515 2886 1579 ἀνεκίνει,
2935 1515 3181 1578 καὶτοῖς
3233 1514 3363 1586 περὶ
3413 1513 3667 1567 Εὑσέϐιον

2097 1611 2355 1682 ἀφορμὰς
2394 1611 2656 1682 παρεῖχον
2689 1607 3055 1663 ἐνδιαϐάλλειν
3102 1607 3265 1661 πάλιν
3312 1606 3403 1660 τὸν
3444 1605 3668 1660 Ἀθανά-

2098 1725 2212 1763 σιον
2263 1709 2401 1781 πρὸς
2456 1708 2860 1764 Κωνστάντιον.
2905 1706 3019 1761 Καὶ
3059 1705 3314 1760 τοσοῦτον
3343 1707 3465 1768 ταῖς
3490 1704 3658 1758 διαϐο·

2096 1800 2219 1865 λαῖς
2257 1802 2337 1865 είς
2366 1800 2539 1872 ὀργὴν
2577 1800 2670 1854 τὸν
2701 1799 3019 1871 εὑρίπιστον
3065 1797 3443 1870 ἀνερρίπισαν,
3470 1795 3547 1859 ὡς
3576 1796 3667 1849 αύο

2095 1893 2224 1946 τίκα
2260 1893 2425 1948 πάλιν
2460 1888 2759 1965 ὑπερορίαν
2803 1895 2943 1947 κατά
2973 1891 3068 1946 τοῦ
3118 1891 3275 1960 ἁγίου
3309 1888 3665 1962 ψηφίσασθαι.

2096 1976 2262 2037 Οὗτοι
2296 1983 2393 2038 καὶ
2419 1982 2613 2054 νεκροῦ
2643 2000 2787 2047 τινος
2814 1985 2975 2054 χεῖρα
3016 1982 3099 2046 εἰς
3124 1982 3285 2036 ὅπλον
3312 1978 3667 2049 συκοφαντίας

2023 2049 2070 2109 Β
2097 2074 2238 2128 κατὰ
2255 2074 2350 2128 τοῦ
2381 2049 2529 2129 όσίου
2561 2049 3356 2146 ἐκκόψαντες-καθωπλίσαντο·
3391 2073 3666 2143 ’Δρσενίου

413 2169 474 2224 δέ
499 2166 707 2239 ταύτην
733 2166 779 2202 ⁵⁸
811 2167 1106 2240 ἐφήμιζον,
1176 2165 1266 2221 καὶ
1342 2166 1448 2221 ὑπὸ
1511 2165 1829 2222 Ἀθανασίου
1871 2166 1971 2238 μὲν
2038 2168 2392 2239 ἐκκεκόφθαι,
2446 2165 2588 2225 εἶναι
2643 2170 2701 2224 δὲ
2762 2168 2910 2242 αὑτῷ
2949 2167 3155 2241 ταύτην
3197 2166 3436 2240 μανικῆς
3476 2166 3662 2239 τέχνης

414 2264 669 2338 δργανον.

486 2357 650 2428 Atqui
686 2355 866 2413 exsilii
888 2354 1171 2411 decretum
1201 2355 1448 2411 nondum
1496 2354 1693 2423 fertur,
1727 2355 1822 2411 sed
1855 2370 1988 2411 con-

416 2449 607 2506 cilium
657 2445 818 2520 Tyri,
845 2447 1138 2502 mandante
1201 2446 1543 2513 Constantio,
1574 2447 1768 2517 agitur.
1828 2445 1994 2519 igitur

414 2541 746 2597 Archelaum
828 2539 1230 2604 domesticum,
1315 2540 1618 2610 eademque
1670 2539 1993 2596 sentientem

415 2631 584 2687 mittit
624 2627 829 2702 Tyrum
860 2645 984 2685 cum
1016 2629 1247 2700 prmside
1293 2628 1611 2695 Phoenicia},
1660 2638 1720 2684 ut
1762 2628 1995 2685 concilio

414 2737 541 2778 cum
564 2721 888 2777 Eusebianis
918 2721 1193 2783 intersint,
1223 2729 1278 2776 et
1302 2736 1424 2791 qua:
1452 2719 1717 2776 adversus
1747 2720 1993 2775 Athana-

414 2815 557 2870 sium
598 2813 933 2878 dicerentur,
979 2812 1308 2882 expendant.
1353 2811 1592 2882 Tempus
1641 2812 1826 2883 itaque
1865 2810 1993 2883 Tyri

415 2910 797 2966 extraxerunt,
852 2914 1017 2955 morae
1084 2899 1325 2955 colorem
1394 2900 1549 2970 impii
1607 2908 1991 2970 praetexentes,

405 2992 575 3064 quasi
613 2990 945 3047 Alexandria
1000 3000 1350 3047 accusatores
1395 3000 1812 3061 exspectarent,
1856 3006 1995 3062 quo-

414 3098 540 3140 rum
567 3083 622 3138 in
652 3091 946 3153 conspectu
977 3082 1182 3139 crimen
1217 3083 1568 3139 commissum
1610 3093 1775 3150 esset,
1808 3091 1861 3139 et
1892 3083 1995 3139 Ar-

407 3174 627 3231 cenium
651 3173 820 3245 probe
848 3182 1091 3230 nossent.
1120 3173 1211 3229 Sic
1240 3184 1419 3230 autem
1444 3174 1794 3246 dispensante
1809 3175 1995 3232 divina

398 3265 760 3337 .providentia
797 3280 886 3320 res
920 3274 1070 3335 gesta
1105 3274 1211 3320 est.
1247 3266 1378 3319 Erat
1415 3264 1561 3320 enim
1610 3265 1874 3320 Arsenius
1903 3265 1995 3322 ille

396 3356 589 3413 -lector
618 3356 999 3412 Alexandrina:
1030 3356 1306 3422 Ecclesiae,
1338 3356 1453 3426 qui,
1479 3370 1605 3410 cum
1634 3357 1705 3412 ob
1728 3356 1994 3428 ﬂagitium

413 3448 638 3520 aliquod
684 3464 878 3520 pmnas
921 3448 1055 3503 dare
1109 3448 1350 3511 deberet,
1405 3463 1435 3502 a
1483 3448 1644 3503 beato
1688 3449 1993 3506 Athanasio

416 3542 701 3607 liberatus,
763 3539 891 3611 fuga
953 3541 1183 3596 salutem
1242 3538 1345 3595 sibi
1393 3539 1708 3609 quaesierat.
1747 3539 1993 3611 Cumque

2169 2351 2337 2424 Καὶή
2373 2351 2471 2422 μὲν
2498 2352 2600 2423 τῆς
2644 2350 2944 2422 ὑπερορίας
2983 2347 3164 2419 ψῆφος
3211 2347 3272 2400 ού
3310 2346 3520 2413 λύεται,
3554 2363 3669 2401 συν-

2095 2446 2271 2519 έδριον
2328 2444 2372 2499 δ’
2435 2447 2492 2498 ἐν
2540 2444 2703 2516 Τύρῳ
2752 2441 3017 2515 βασιλέως
3058 2440 3487 2511 προστάττοντος
3540 2457 3666 2493 συν-

2093 2536 2430 2609 αθροίζεται,
2463 2538 2560 2591 καὶ
2604 2537 3016 2609 προχειρίζεται
3038 2534 3099 2587 τὸ
3125 2533 3400 2605 βασιλικὸν
3424 2534 3668 2606 βούλημα

2092 2630 2263 2702 ἄνδρα
2308 2630 2586 2684 συνέστιον
2635 2630 2729 2683 καὶ
2775 2628 3079 2699 ὁμόφρονα,
3129 2625 3418 2698 Ἀρχέλαον
3474 2625 3663 2697 ὄνομα,

2093 2725 2190 2779 καὶ
2220 2724 2316 2778 σὺν
2346 2720 2495 2792 αύτῷ
2526 2721 2616 2774 τὸν
2642 2720 2894 2790 Φοινικῆς
2942 2719 3199 2790 ἄρχοντα,
3234 2716 3581 2789 συνεδριάσαι
3610 2733 3668 2771 τε

2092 2819 2206 2881 τοῖς
2246 2816 2375 2887 περὶ
2416 2814 2705 2878 Εὐσέϐιον,
2758 2813 2852 2866 καὶ
2910 2810 3401 2881 συνδιασκέψασθαι
3449 2810 3486 2863 ἃ.
3526 2810 3668 2864 κατὰ

2090 2909 2187 2963 τοῦ
2209 2908 2259 2941 ’⁵⁸
2304 2907 2628 2961 Ἀθανασίου
2673 2903 3095 2959 συνεσκεύαστο,
3148 2902 3453 2979 Ἐχρόνιζον
3491 2897 3586 2956 οὖν
3618 2904 3668 2956 οἱ

2092 3002 2151 3055 ἐν
2182 3000 2363 3072 Τύρῳ,
2393 2999 2469 3063 ὡς
2510 2999 2610 3069 μὲν
2646 2998 2696 3051 oi
2728 2997 3009 3061 δυσσεϐεῖς
3036 2996 3382 3063 ἐπλάττοντο,
3410 2996 3537 3059 τοὺς
3561 2993 3669 3049 ἀπὸ

2105 3090 2510 3161 Ἀλεξανδρείας
2534 3088 2877 3159 κατηγόρους
2907 3086 3293 3158 ἀναμένοντες,
3326 3084 3421 3149 οὓς
3451 3086 3547 3138 καὶ
3572 3083 3667 3137 τοῦ

2096 3184 2298 3255 μύσους
2327 3184 2369 3215 ⁸⁷
2395 3182 2668 3245 αὐτόπτας
2696 3180 2793 3233 καὶ
2813 3180 2906 3234 τὸν
2945 3181 3221 3251 Ἀρσένιον
3263 3179 3445 3243 καλῶς
3475 3179 3661 3246 ἐπιγι-

2093 3274 2324 3328 νώσκειν
2379 3272 2698 3343 διήγγελλον
2719 3270 2787 3337 ⁸⁸,
2844 3271 2921 3334 ὡς
2966 3270 3025 3325 δὲ
3056 3271 3117 3324 τὸ
3151 3269 3450 3341 ἐκϐεϐηκὸς
3476 3268 3670 3337 ἔδειξε,

2113 3366 2257 3419 κατὰ
2292 3363 2443 3417 θείαν
2471 3363 2751 3434 πρόνοιαν.
2781 3359 2891 3415 Ἧν
2918 3361 3017 3433 μὲν
3045 3362 3155 3433 γὰρ
3195 3361 3224 3413 ό
3266 3360 3543 3432 Ἀρσένιος
3574 3360 3674 3430 τῆς

2094 3457 2156 3509 ἐν
2198 3455 2571 3526 Ἀλεξανδρείᾳ
2617 3454 2944 3525 Ἐκκλησίας
2981 3453 3356 3525 ἀναγνώστης,
3407 3451 3501 3505 καί
3540 3468 3673 3505 ποτε

2091 3547 2248 3617 δίκην
2287 3548 2518 3617 αἰσχρᾶς
2553 3547 2730 3611 αἰτίας
2762 3546 2973 3618 μέλλων
3025 3546 3248 3616 ὑπέχειν
3296 3544 3674 3618 ἐξαρπάζεται

415 3634 573 3691 exsul
597 3649 708 3689 non
758 3642 1063 3704 appareret,
1123 3633 1254 3689 hinc
1301 3632 1678 3689 calumniandi
1706 3634 1993 3689 audaciam

2100 3639 2199 3709 μὲν
2220 3638 2325 3692 ὑπὸ
2369 3638 2711 3706 ’Δθανασίου,
2749 3639 2976 3711 δρασμῷ
3021 3638 3077 3691 δὲ
3103 3638 3201 3710 τὴν
3232 3638 3504 3709 σωτηρίαν
3530 3655 3673 3709 καρ-

411 3726 570 3796 impii
583 3723 827 3795 rapiunt.
850 3723 974 3790 Sed,
994 3724 1257 3780 commise
1272 3724 1485 3779 ratione
1499 3723 1696 3779 ductus
1708 3724 1993 3792 Arsenius,

414 3816 569 3887 quod
626 3816 726 3887 qui
784 3831 843 3872 se
890 3817 1168 3883 liberarat,
1252 3826 1532 3887 pateretur
1606 3817 1995 3889 (accusationis

410 3913 563 3969 fama
627 3912 829 3983 ubique
880 3923 1135 3984 vagante,
1193 3912 1326 3969 dum
1376 3921 1668 3970 cunctatur
1728 3913 1994 3985 synodus)

415 4005 629 4079 il‘ymm-
649 4005 945 4074 advolavit,
976 4005 1176 4077 6.80!)
1208 4019 1361 4062 ratus
1385 4007 1493 4062 sibi
1522 4006 1705 4077 potius
1742 4008 1990 4062 morien-

418 4095 549 4151 dum
575 4110 721 4162 esse,
753 4096 799 4152 si
830 4109 1055 4151 necesse
1092 4095 1185 4162 sit,
1220 4111 1385 4166 quam
1417 4105 1477 4152 ut
1513 4095 1800 4152 Athanasii
1827 4111 1995 4151 causa

418 4187 723 4247 Ecclesiam
752 4188 972 4261 prodat.
1009 4189 1203 4261 Itaque
1230 4197 1441 4245 secreto
1467 4204 1526 4246 se
1557 4190 1780 4246 exhibet
1802 4200 1995 4248 sancto

418 4280 744 4347 Athanasio,
773 4280 865 4337 cui
895 4281 944 4336 is
975 4280 1266 4338 consilium
1297 4281 1470 4352 dedit,
1510 4296 1578 4336 ne
1604 4289 1731 4337 ante
1765 4294 1994 4338 senten-

412 4373 551 4429 tiam
599 4372 956 4444 spectandum
1015 4387 1078 4429 se
1128 4372 1404 4439 exhibeat,
1451 4388 1521 4429 ne
1577 4373 1709 4445 quid
1764 4375 1893 4430 mali
1926 4375 1996 4430 ab

407 4464 660 4521 inimicis
710 4464 970 4535 patiatur,
1000 4470 1100 4519 aut
1122 4462 1352 4518 solliciti
1415 4463 1721 4534 cogitarent
1763 4464 1831 4520 de
1858 4465 1997 4519 dila-

417 4556 591 4623 tione,
642 4564 700 4611 et
730 4556 1015 4612 solverent
1047 4558 1191 4611 hanc
1215 4558 1642 4613 accusationem.
1680 4557 1996 4614 Convocato

411 4649 608 4719 itaque
634 4648 895 4712 concilio,
925 4647 1164 4718 primum
1195 4649 1602 4703 accusationem
1638 4649 1715 4702 illi
1747 4647 1814 4703 de
1836 4648 1996 4703 adul-

408 4738 557 4795 terio
583 4739 954 4806 intenderunt,
985 4740 1220 4795 adducta
1266 4740 1496 4796 muliere
1529 4741 1765 4811 quadam
1821 4741 2000 4810 impu-

414 4832 686 4903 dica,quae
701 4832 1008 4903 impudens,
1024 4842 1079 4888 et
1095 4833 1343 4890 mercede
1359 4833 1650 4900 conducta,
1668 4832 1870 4903 ingenti
1885 4832 1999 4887 cla-

415 4924 810 4994 morejactaret
839 4938 900 4980 se
934 4932 1099 4980 noctu
1115 4925 1184 4980 ab
1202 4926 1504 4982 Athanasio
1522 4940 1619 4995 per
1636 4924 1747 4980 vim
1776 4931 2002 4981 constu-

416 5016 801 5089 pratam..Erat
822 5027 1005 5074 autem
1029 5033 1154 5074 cum
1180 5019 1275 5073 illo
1287 5018 1609 5074 Timotheus
1627 5018 1927 5088 presbyter,
1946 5026 2004 5073 et

413 5110 708 5165 consilium
731 5111 948 5180 sapiens
969 5111 1129 5182 plane
1144 5126 1209 5166 ac
1226 5110 1466 5167 divinum
1489 5110 1729 5180 capiunt,
1753 5125 1864 5180 quo
1892 5118 2003 5165 sta-

418 5202 516 5257 tim
550 5214 935 5260 accusatorum
970 5204 1245 5261 calumnia
1289 5202 1549 5260 concidit.
1581 5202 1720 5257 Cum
1766 5203 1819 5257 in
1864 5218 1999 5259 con-

418 5306 665 5365 spectum
724 5297 974 5355 mulieris
1040 5298 1341 5365 venissent,
1396 5295 1733 5352 Athanasius
1772 5296 1994 5366 quidem

2097 3731 2313 3797 ποῦται,
2341 3734 2437 3787 καὶ
2461 3733 2522 3786 τὸ
2553 3733 2755 3801 ἀφανὲς
2794 3732 2890 3786 τοῦ
2924 3733 3163 3802 φυγάδος
3190 3733 3410 3804 θαρρεῖν
3429 3732 3508 3803 τῷ
3534 3733 3675 3786 πλά-

2098 3843 2263 3896 σματι
2284 3826 2386 3897 τῆς
2412 3826 2731 3891 δυσσεϐείας
2766 3827 2811 3859 ⁴⁹
2852 3827 3158 3881 ὑπετίθετο.
3202 3826 3341 3881 Ἀλλ’
3363 3821 3544 3878 οἶκτον
3573 3824 3673 3878 λα·-

2096 3920 2208 3975 ϐὼν
2247 3918 2341 3973 τοῦ
2374 3920 2622 3991 σωτῆρος
2652 3920 2682 3972 ό
2730 3919 3005 3990 Ἀρσένιος
3041 3920 3120 3990 (ἐν
3145 3918 3252 3990 γὰρ
3276 3917 3354 3988 τῷ
3390 3916 3676 3988 βραδύνειν

2092 4012 2157 4066 τὸ
2209 4012 2481 4083 συνέδριον
2528 4013 2562 4082 ή
2608 4011 2709 4080 τῆς
2758 4011 3125 4080 συκοφαντίας
3184 4011 3342 4081 φήμη
3389 4008 3670 4077 πανταχοῦ

2094 4103 2374 4175 διέδραμε)
2427 4102 2561 4175 πρὸς
2610 4102 2709 4175 τὴν
2730 4101 2907 4173 Τύρον
2932 4103 3320 4173 παραγίνεται,
3358 4100 3519 4174 [1457
3570 4100 3671 4173 11.]

2096 4198 2353 4268 κρεῖσσον
2387 4196 2759 4265 λογιζόμενος,
2794 4196 2842 4248 εί
2864 4196 2997 4261 δέοι,
3022 4195 3184 4249 αὑτὸν
3215 4196 3309 4248 καὶ
3331 4194 3607 4259 τεθνάναι,
3637 4193 3674 4265 ἦ

2058 4287 2163 4347 ,δι’
2193 4286 2354 4341 αὑτὸν
2402 4285 2502 4357 τὴν
2544 4286 2874 4356 οἰκουμένην
2944 4287 3072 4358 περὶ
3111 4286 3428 4357 τηλικούτου
3478 4286 3677 4357 ἀνδρὸς

2098 4376 2565 4441 σκανδαλίζεσθαι.
2655 4376 3044 4447 Ἐμφανίζεται
3087 4376 3153 4448 δὴ
3206 4376 3349 4430 κατὰ
3400 4375 3677 4447 μυστικὴν

2096 4467 2315 4539 ὁμιλίαν
2335 4467 2413 4538 τῷ
2430 4467 2477 4499 ⁵⁸
2503 4467 2789 4538 σεϐασμίῳ
2819 4467 3150 4538 Ἀθανασίῳ,
3183 4469 3277 4521 καὶ
3305 4466 3523 4537 δέχεται
3543 4465 3676 4536 βου-

2097 4560 2194 4630 λὴν
2228 4559 2509 4619 λανθάνειν
2538 4558 2749 4621 πάντας
2779 4557 2887 4628 πρὸ
2914 4557 3011 4627 τῆς
3054 4558 3231 4629 δίκης,
3265 4558 3352 4611 ἵνα
3387 4557 3539 4627 μήτι
3574 4574 3683 4610 xa-

2099 4650 2194 4705 κὸν
2240 4649 2400 4713 αὐτὸς
2451 4648 2605 4721 παρὰ
2636 4648 2745 4703 τῶν
2800 4648 3152 4717 συκοφαντῶν
3202 4648 3351 4722 πάθῃ
3389 4649 3456 4715 ⁸³,
3502 4648 3536 4719 ἢ
3584 4649 3684 4703 τὸν

2099 4742 2320 4812 ἔλεγχον
2357 4741 2598 4811 ἄφυκτον
2626 4740 2721 4794 τοῦ
2751 4739 3071 4810 πλάσματος
3095 4742 3144 4793 οἱ
3176 4740 3583 4812 δραματουργοὶ
3631 4742 3683 4772 ⁸³

2102 4831 2413 4896 συνιδόντες
2461 4833 2541 4895 είς
2584 4830 2878 4902 ὑπέρθεσιν
2932 4830 2994 4884 τὸ
3041 4830 3296 4902 ἔγκλημα
3325 4832 3683 4886 διαλύσωσιν.

2116 4922 2488 4994 Ἀθροίζουσιν
2515 4923 2611 4977 οὖν
2638 4924 2699 4977 τὸ
2729 4923 3027 4995 συνέδριονο
3056 4923 3154 4977 καὶ
3182 4923 3375 4995 πρώτη
3405 4940 3688 4994 συκοφαν-

2104 5016 2215 5083 τία,
2258 5015 2479 5084 γύναιον
2517 5016 2666 5087 αὐτῷ
2703 5018 2973 5086 ἐπαφιᾶσι
3026 5017 3275 5089 μοιχείαν
3303 5017 3690 5088 ἀνακαλούμε-

2102 5126 2212 5164 νον.
2252 5106 2412 5161 Ἐϐόα
2439 5108 2497 5161 δὲ
2538 5107 2599 5162 τὸ
2643 5110 2859 5174 ἀναιδὲς
2893 5112 3069 5165 ἐκεῖνο
3122 5110 3218 5163 καὶ
3255 5109 3691 5181 μεμισθωμένον

2101 5200 2326 5269 γύναιον
2370 5200 2590 5271 νύκτωρ
2642 5201 2853 5257 ἄκουσα
2892 5200 3099 5272 φθορὰν
3141 5202 3445 5271 ὑποστῆναι
3483 5204 3695 5256 ἐπιπε-

2100 5293 2287 5359 σόντος
2320 5293 2459 5365 αὐτῇ
2514 5293 2857 5350 Ἀθανασίου.
2902 5294 3076 5365 Συνῆν
3127 5294 3206 5365 τῷ
3247 5294 3346 5366 τῆς
3378 5295 3695 5367 παρθενίας

1674 5497 1906 5554 VARUE
1966 5496 2258 5555 LECTION
2268 5497 2374 5557 ES.

490 5666 536 5699 ⁵⁸
566 5660 946 5740 ἐφοδιάσωνηβ.
980 5729 1003 5740 ,⁸
1022 5659 1074 5740 δὴ
1096 5655 1267 5740 αὐτὴν
1296 5656 1356 5712 Β.
1438 5656 1481 5689 δ’
1505 5673 1599 5740 του
1631 5671 1740 5740 om.
1862 5656 1916 5689 ‘7
1936 5656 2143 5740 μίσους
2178 5658 2274 5740 B.__
2316 5660 2364 5740 ἐξ
2390 5661 2772 5740 διήγγελονς,
2847 5664 2891 5695 ¹⁵⁹
2922 5663 3020 5733 τῆς
3044 5665 3478 5740 δυσσεϐείας-ΑΒ
3508 5686 3523 5724 :
3559 5671 3700 5733 τοὺς

419 5726 699 5797 δυσσεϐεῖς
725 5747 784 5793 ς.
862 5730 908 5761 ⁸ο
938 5729 1014 5798 τῷ
1047 5732 1089 5782 A
1127 5746 1141 5785 :
1180 5726 1257 5799 τῷ
1298 5746 1358 5782 τε
1395 5744 1457 5791 ς.
1533 5728 1573 5760 ³⁴
1604 5726 1753 5799 πάθῃ
1774 5727 1860 5783 li:
1896 5726 2055 5784 πάθοι
2090 5747 2153 5794 ς.
2228 5731 2275 5763 ⁸²
2308 5726 2626 5803 πλάσματος
2656 5726 3131 5807 οἱδραματουργοί
3164 5738 3207 5788 Α
3238 5755 3251 5791 :
3287 5726 3575 5809 δράματος
3616 5726 3692 5801 gl
