  <div class='ocr_page' id='page_1' title='image "/cluster/home/n/w/nwhite01/storage/ocr_20150623/104 pt.4/mdp.39015061931229/080.png"; bbox 0 0 3944 6242; ppageno 0'>
   <div class='ocr_carea' id='block_1_1' title="bbox 261 338 357 407">
    <p class='ocr_par' dir='ltr' id='par_1_1' title="bbox 261 338 357 407">
     <span class='ocr_line' id='line_1_1' title="bbox 261 338 357 407; baseline 0 -1"><span class='ocrx_word' id='word_1_1' title='bbox 261 338 357 407; x_wconf 71' lang='grc'><strong>141</strong></span> 
     </span>
    </p>
   </div>
   <div class='ocr_carea' id='block_1_2' title="bbox 1309 338 2459 417">
    <p class='ocr_par' dir='ltr' id='par_1_2' title="bbox 1309 338 2459 417">
     <span class='ocr_line' id='line_1_2' title="bbox 1309 338 2459 417; baseline 0.003 -6"><span class='ocrx_word' id='word_1_2' title='bbox 1309 338 1836 414; x_wconf 79' lang='lat' dir='ltr'><strong>BIBLIOTHECA.</strong></span> <span class='ocrx_word' id='word_1_3' title='bbox 1856 376 1926 388; x_wconf 91' lang='grc'><strong><em>-</em></strong></span> <span class='ocrx_word' id='word_1_4' title='bbox 1963 348 2127 413; x_wconf 88' lang='lat' dir='ltr'><strong>COD.</strong></span> <span class='ocrx_word' id='word_1_5' title='bbox 2159 346 2459 417; x_wconf 86' lang='lat' dir='ltr'><strong>CCLVIII.</strong></span> 
     </span>
    </p>
   </div>
   <div class='ocr_carea' id='block_1_3' title="bbox 3411 355 3513 423">
    <p class='ocr_par' dir='ltr' id='par_1_3' title="bbox 3411 355 3513 423">
     <span class='ocr_line' id='line_1_3' title="bbox 3411 355 3513 423; baseline 0.02 -2"><span class='ocrx_word' id='word_1_6' title='bbox 3411 355 3513 423; x_wconf 72' lang='grc'><strong>142</strong></span> 
     </span>
    </p>
   </div>
   <div class='ocr_carea' id='block_1_4' title="bbox 254 451 1827 545">
    <p class='ocr_par' dir='ltr' id='par_1_4' title="bbox 254 451 1827 540">
     <span class='ocr_line' id='line_1_4' title="bbox 254 451 1827 540; baseline 0.008 -30"><span class='ocrx_word' id='word_1_7' title='bbox 254 455 383 530; x_wconf 81' lang='lat'><strong>[785</strong></span> <span class='ocrx_word' id='word_1_8' title='bbox 403 456 499 529; x_wconf 85' lang='grc' dir='ltr'><strong>Η.]</strong></span> <span class='ocrx_word' id='word_1_9' title='bbox 531 452 741 530; x_wconf 81' lang='grc' dir='ltr'><strong>ἐραστῇ</strong></span> <span class='ocrx_word' id='word_1_10' title='bbox 770 461 867 515; x_wconf 75' lang='grc' dir='ltr'><strong>καὶ</strong></span> <span class='ocrx_word' id='word_1_11' title='bbox 906 451 1170 533; x_wconf 80' lang='grc' dir='ltr'>Τιμόθεος</span> <span class='ocrx_word' id='word_1_12' title='bbox 1192 464 1222 517; x_wconf 84' lang='grc' dir='ltr'><strong>ὁ</strong></span> <span class='ocrx_word' id='word_1_13' title='bbox 1249 465 1415 521; x_wconf 76' lang='grc' dir='ltr'>αὐτοῦ</span> <span class='ocrx_word' id='word_1_14' title='bbox 1446 468 1827 540; x_wconf 74' lang='grc' dir='ltr'><strong>πρεσϐύτερος1</strong></span> 
     </span>
    </p>
   </div>
   <div class='ocr_carea' id='block_1_5' title="bbox 1929 451 3537 545">
    <p class='ocr_par' dir='ltr' id='par_1_5' title="bbox 1942 467 3537 545">
     <span class='ocr_line' id='line_1_5' title="bbox 1942 467 3537 545; baseline 0.005 -21"><span class='ocrx_word' id='word_1_15' title='bbox 1942 470 2102 526; x_wconf 89' lang='lat' dir='ltr'><strong>tacite</strong></span> <span class='ocrx_word' id='word_1_16' title='bbox 2131 470 2300 526; x_wconf 91' lang='lat' dir='ltr'><strong>Deum</strong></span> <span class='ocrx_word' id='word_1_17' title='bbox 2333 478 2585 539; x_wconf 78' lang='lat' dir='ltr'><strong>precatur</strong></span> <span class='ocrx_word' id='word_1_18' title='bbox 2615 487 2630 527; x_wconf 89' lang='lat'><strong>:</strong></span> <span class='ocrx_word' id='word_1_19' title='bbox 2666 467 2986 528; x_wconf 72' lang='lat' dir='ltr'><strong>Timotheus</strong></span> <span class='ocrx_word' id='word_1_20' title='bbox 3012 486 3142 527; x_wconf 89' lang='lat' dir='ltr'><strong>vero</strong></span> <span class='ocrx_word' id='word_1_21' title='bbox 3174 473 3537 545; x_wconf 74' lang='lat' dir='ltr'><strong>(impudente.</strong></span> 
     </span>
    </p>
   </div>
   <div class='ocr_carea' id='block_1_6' title="bbox 252 546 1830 630">
    <p class='ocr_par' dir='ltr' id='par_1_6' title="bbox 252 546 1830 630">
     <span class='ocr_line' id='line_1_6' title="bbox 252 546 1830 630; baseline 0.008 -31"><span class='ocrx_word' id='word_1_22' title='bbox 252 546 349 600; x_wconf 79' lang='grc' dir='ltr'>καὶ</span> <span class='ocrx_word' id='word_1_23' title='bbox 386 547 583 619; x_wconf 81' lang='grc' dir='ltr'>βουλὴν</span> <span class='ocrx_word' id='word_1_24' title='bbox 636 550 848 619; x_wconf 79' lang='grc' dir='ltr'><strong>σοφίας,</strong></span> <span class='ocrx_word' id='word_1_25' title='bbox 887 553 1090 621; x_wconf 85' lang='grc' dir='ltr'>μᾶλλον</span> <span class='ocrx_word' id='word_1_26' title='bbox 1131 554 1189 608; x_wconf 84' lang='grc' dir='ltr'>δὲ</span> <span class='ocrx_word' id='word_1_27' title='bbox 1219 555 1368 621; x_wconf 82' lang='grc' dir='ltr'>θείας</span> <span class='ocrx_word' id='word_1_28' title='bbox 1393 560 1678 623; x_wconf 79' lang='grc' dir='ltr'><strong>ἐπιπνοίας</strong></span> <span class='ocrx_word' id='word_1_29' title='bbox 1709 559 1830 630; x_wconf 90' lang='grc' dir='ltr'>βου-</span> 
     </span>
    </p>
   </div>
   <div class='ocr_carea' id='block_1_7' title="bbox 250 636 1828 722">
    <p class='ocr_par' dir='ltr' id='par_1_7' title="bbox 250 636 1828 722">
     <span class='ocr_line' id='line_1_7' title="bbox 250 636 1828 722; baseline 0.008 -30"><span class='ocrx_word' id='word_1_30' title='bbox 250 638 525 705; x_wconf 80' lang='grc' dir='ltr'>λεύονται,</span> <span class='ocrx_word' id='word_1_31' title='bbox 555 640 625 694; x_wconf 86' lang='grc' dir='ltr'>δι’</span> <span class='ocrx_word' id='word_1_32' title='bbox 656 636 727 714; x_wconf 83' lang='grc' dir='ltr'>ἦς</span> <span class='ocrx_word' id='word_1_33' title='bbox 757 643 819 697; x_wconf 82' lang='grc' dir='ltr'><strong>τὸ</strong></span> <span class='ocrx_word' id='word_1_34' title='bbox 851 647 1233 716; x_wconf 83' lang='grc' dir='ltr'>κακομήχανον</span> <span class='ocrx_word' id='word_1_35' title='bbox 1265 648 1373 703; x_wconf 88' lang='grc' dir='ltr'><strong>τῶν</strong></span> <span class='ocrx_word' id='word_1_36' title='bbox 1423 650 1697 703; x_wconf 81' lang='grc' dir='ltr'>δυσσεὸῶν</span> <span class='ocrx_word' id='word_1_37' title='bbox 1730 653 1828 722; x_wconf 77' lang='grc' dir='ltr'><strong>ῥα-</strong></span> 
     </span>
    </p>
   </div>
   <div class='ocr_carea' id='block_1_8' title="bbox 251 731 1829 814">
    <p class='ocr_par' dir='ltr' id='par_1_8' title="bbox 251 731 1829 814">
     <span class='ocr_line' id='line_1_8' title="bbox 251 731 1829 814; baseline 0.006 -29"><span class='ocrx_word' id='word_1_38' title='bbox 251 731 387 796; x_wconf 84' lang='grc' dir='ltr'>δίως</span> <span class='ocrx_word' id='word_1_39' title='bbox 415 732 642 803; x_wconf 80' lang='grc' dir='ltr'>ἔμελλεν</span> <span class='ocrx_word' id='word_1_40' title='bbox 664 736 1013 791; x_wconf 79' lang='grc' dir='ltr'><strong>ἀπαιτεῖσθαι</strong></span> <span class='ocrx_word' id='word_1_41' title='bbox 1045 738 1138 792; x_wconf 87' lang='grc' dir='ltr'><strong>τὸν</strong></span> <span class='ocrx_word' id='word_1_42' title='bbox 1158 738 1396 810; x_wconf 73' lang='grc' dir='ltr'>ἔλεγχον.</span> <span class='ocrx_word' id='word_1_43' title='bbox 1436 742 1588 795; x_wconf 80' lang='grc' dir='ltr'>Ἐπεὶ</span> <span class='ocrx_word' id='word_1_44' title='bbox 1617 742 1725 814; x_wconf 79' lang='grc' dir='ltr'><strong>γὰρ</strong></span> <span class='ocrx_word' id='word_1_45' title='bbox 1747 745 1829 805; x_wconf 75' lang='grc' dir='ltr'><strong>εἰς</strong></span> 
     </span>
    </p>
   </div>
   <div class='ocr_carea' id='block_1_9' title="bbox 252 824 1827 903">
    <p class='ocr_par' dir='ltr' id='par_1_9' title="bbox 252 824 1827 903">
     <span class='ocr_line' id='line_1_9' title="bbox 252 824 1827 903; baseline 0.007 -28"><span class='ocrx_word' id='word_1_46' title='bbox 252 824 552 894; x_wconf 78' lang='grc' dir='ltr'>πρόσωπον</span> <span class='ocrx_word' id='word_1_47' title='bbox 582 825 833 897; x_wconf 74' lang='grc' dir='ltr'>ἤχθησαν</span> <span class='ocrx_word' id='word_1_48' title='bbox 863 828 956 880; x_wconf 83' lang='grc' dir='ltr'><strong>τοῦ</strong></span> <span class='ocrx_word' id='word_1_49' title='bbox 985 830 1227 897; x_wconf 76' lang='grc' dir='ltr'><strong>γυναίου,</strong></span> <span class='ocrx_word' id='word_1_50' title='bbox 1274 832 1302 884; x_wconf 83' lang='grc' dir='ltr'><strong>ὁ</strong></span> <span class='ocrx_word' id='word_1_51' title='bbox 1343 832 1440 902; x_wconf 83' lang='grc' dir='ltr'>μὲν</span> <span class='ocrx_word' id='word_1_52' title='bbox 1484 831 1827 903; x_wconf 84' lang='grc' dir='ltr'>κατηγορού-</span> 
     </span>
    </p>
   </div>
   <div class='ocr_carea' id='block_1_10' title="bbox 248 918 1826 993">
    <p class='ocr_par' dir='ltr' id='par_1_10' title="bbox 248 918 1826 993">
     <span class='ocr_line' id='line_1_10' title="bbox 248 918 1826 993; baseline 0.007 -25"><span class='ocrx_word' id='word_1_53' title='bbox 248 929 420 986; x_wconf 79' lang='grc' dir='ltr'>μενος</span> <span class='ocrx_word' id='word_1_54' title='bbox 452 919 629 988; x_wconf 78' lang='grc' dir='ltr'>ἡσυχῇ</span> <span class='ocrx_word' id='word_1_55' title='bbox 668 918 800 972; x_wconf 85' lang='grc' dir='ltr'>Θεὸν</span> <span class='ocrx_word' id='word_1_56' title='bbox 844 919 1133 987; x_wconf 74' lang='grc' dir='ltr'>ἐδυσώπει,</span> <span class='ocrx_word' id='word_1_57' title='bbox 1170 922 1433 993; x_wconf 85' lang='grc' dir='ltr'>Τιμόθεος</span> <span class='ocrx_word' id='word_1_58' title='bbox 1468 923 1513 978; x_wconf 87' lang='grc' dir='ltr'>δ’</span> <span class='ocrx_word' id='word_1_59' title='bbox 1551 926 1826 979; x_wconf 85' lang='grc' dir='ltr'>ἀναιδευο-</span> 
     </span>
    </p>
   </div>
   <div class='ocr_carea' id='block_1_11' title="bbox 244 1010 1823 1088">
    <p class='ocr_par' dir='ltr' id='par_1_11' title="bbox 244 1010 1823 1088">
     <span class='ocr_line' id='line_1_11' title="bbox 244 1010 1823 1088; baseline 0.006 -27"><span class='ocrx_word' id='word_1_60' title='bbox 244 1010 425 1081; x_wconf 79' lang='grc' dir='ltr'>μένης</span> <span class='ocrx_word' id='word_1_61' title='bbox 447 1010 547 1073; x_wconf 76' lang='grc' dir='ltr'><strong>τῆς</strong></span> <span class='ocrx_word' id='word_1_62' title='bbox 569 1010 829 1080; x_wconf 84' lang='grc' dir='ltr'>μαινάδος</span> <span class='ocrx_word' id='word_1_63' title='bbox 858 1014 950 1065; x_wconf 82' lang='grc' dir='ltr'><strong>καὶ</strong></span> <span class='ocrx_word' id='word_1_64' title='bbox 973 1011 1063 1065; x_wconf 84' lang='grc' dir='ltr'><strong>τὸν</strong></span> <span class='ocrx_word' id='word_1_65' title='bbox 1104 1012 1417 1083; x_wconf 82' lang='grc' dir='ltr'>Ἀθανάσιον</span> <span class='ocrx_word' id='word_1_66' title='bbox 1436 1014 1529 1086; x_wconf 85' lang='grc' dir='ltr'><strong>(ὡς</strong></span> <span class='ocrx_word' id='word_1_67' title='bbox 1549 1015 1823 1088; x_wconf 80' lang='grc' dir='ltr'><strong>ἐδιδάχθη)</strong></span> 
     </span>
    </p>
   </div>
   <div class='ocr_carea' id='block_1_12' title="bbox 206 1102 1825 1183">
    <p class='ocr_par' dir='ltr' id='par_1_12' title="bbox 206 1102 1825 1183">
     <span class='ocr_line' id='line_1_12' title="bbox 206 1102 1825 1183; baseline 0.004 -28"><span class='ocrx_word' id='word_1_68' title='bbox 206 1126 209 1129; x_wconf 55' lang='grc' dir='ltr'>ν</span> <span class='ocrx_word' id='word_1_69' title='bbox 243 1103 461 1175; x_wconf 79' lang='grc' dir='ltr'>φθορέα</span> <span class='ocrx_word' id='word_1_70' title='bbox 488 1102 781 1183; x_wconf 80' lang='grc' dir='ltr'>καλούσης,</span> <span class='ocrx_word' id='word_1_71' title='bbox 822 1105 850 1157; x_wconf 85' lang='grc' dir='ltr'><strong>ό</strong></span> <span class='ocrx_word' id='word_1_72' title='bbox 879 1103 1255 1176; x_wconf 77' lang='grc' dir='ltr'>πρεσϐύτερος</span> <span class='ocrx_word' id='word_1_73' title='bbox 1291 1106 1367 1170; x_wconf 84' lang='grc' dir='ltr'>ὡς</span> <span class='ocrx_word' id='word_1_74' title='bbox 1394 1105 1553 1176; x_wconf 84' lang='grc' dir='ltr'>δῆθεν</span> <span class='ocrx_word' id='word_1_75' title='bbox 1599 1106 1825 1162; x_wconf 85' lang='grc' dir='ltr'>Ἀθανά-</span> 
     </span>
    </p>
   </div>
   <div class='ocr_carea' id='block_1_13' title="bbox 243 1190 1825 1267">
    <p class='ocr_par' dir='ltr' id='par_1_13' title="bbox 243 1190 1825 1267">
     <span class='ocr_line' id='line_1_13' title="bbox 243 1190 1825 1267; baseline 0.004 -19"><span class='ocrx_word' id='word_1_76' title='bbox 243 1213 390 1261; x_wconf 88' lang='grc' dir='ltr'>σιος,</span> <span class='ocrx_word' id='word_1_77' title='bbox 424 1195 575 1249; x_wconf 74' lang='grc' dir='ltr'>Εἰπέ</span> <span class='ocrx_word' id='word_1_78' title='bbox 617 1212 740 1264; x_wconf 79' lang='grc' dir='ltr'>μοι,</span> <span class='ocrx_word' id='word_1_79' title='bbox 790 1190 838 1249; x_wconf 83' lang='grc' dir='ltr'>ὦ</span> <span class='ocrx_word' id='word_1_80' title='bbox 886 1196 1082 1265; x_wconf 76' lang='grc' dir='ltr'>γύναι,</span> <span class='ocrx_word' id='word_1_81' title='bbox 1144 1197 1330 1267; x_wconf 70' lang='grc' dir='ltr'>φησὶν,</span> <span class='ocrx_word' id='word_1_82' title='bbox 1376 1198 1489 1267; x_wconf 75' lang='grc' dir='ltr'><strong>ἐγὼ</strong></span> <span class='ocrx_word' id='word_1_83' title='bbox 1527 1199 1685 1267; x_wconf 71' lang='grc' dir='ltr'><strong>παρά</strong></span> <span class='ocrx_word' id='word_1_84' title='bbox 1723 1200 1825 1254; x_wconf 72' lang='grc' dir='ltr'>σοι</span> 
     </span>
    </p>
   </div>
   <div class='ocr_carea' id='block_1_14' title="bbox 242 1288 1825 1362">
    <p class='ocr_par' dir='ltr' id='par_1_14' title="bbox 242 1288 1825 1362">
     <span class='ocr_line' id='line_1_14' title="bbox 242 1288 1825 1362; baseline 0.004 -21"><span class='ocrx_word' id='word_1_85' title='bbox 242 1288 496 1356; x_wconf 72' lang='grc' dir='ltr'>ἔμεινας</span> <span class='ocrx_word' id='word_1_86' title='bbox 527 1289 565 1357; x_wconf 83' lang='grc' dir='ltr'><strong>ἣ</strong></span> <span class='ocrx_word' id='word_1_87' title='bbox 596 1288 678 1342; x_wconf 83' lang='grc' dir='ltr'>σύ</span> <span class='ocrx_word' id='word_1_88' title='bbox 702 1306 780 1358; x_wconf 81' lang='grc' dir='ltr'><strong>με</strong></span> <span class='ocrx_word' id='word_1_89' title='bbox 801 1288 871 1342; x_wconf 82' lang='grc' dir='ltr'>ἐν</span> <span class='ocrx_word' id='word_1_90' title='bbox 891 1289 1034 1353; x_wconf 80' lang='grc' dir='ltr'>οἴκῳ</span> <span class='ocrx_word' id='word_1_91' title='bbox 1065 1288 1145 1355; x_wconf 78' lang='grc' dir='ltr'>τῷ</span> <span class='ocrx_word' id='word_1_92' title='bbox 1174 1290 1263 1356; x_wconf 80' lang='grc' dir='ltr'>σῷ</span> <span class='ocrx_word' id='word_1_93' title='bbox 1294 1291 1565 1357; x_wconf 79' lang='grc' dir='ltr'>ὐπεδέξω</span> <span class='ocrx_word' id='word_1_94' title='bbox 1590 1309 1609 1357; x_wconf 87' lang='grc'><strong><em>;</em></strong></span> <span class='ocrx_word' id='word_1_95' title='bbox 1649 1293 1689 1362; x_wconf 80' lang='grc' dir='ltr'><strong>ἦ</strong></span> <span class='ocrx_word' id='word_1_96' title='bbox 1718 1294 1825 1348; x_wconf 79' lang='grc' dir='ltr'><strong>νύ-</strong></span> 
     </span>
    </p>
   </div>
   <div class='ocr_carea' id='block_1_15' title="bbox 242 1376 1827 1455">
    <p class='ocr_par' dir='ltr' id='par_1_15' title="bbox 242 1376 1827 1455">
     <span class='ocr_line' id='line_1_15' title="bbox 242 1376 1827 1455; baseline 0.001 -20"><span class='ocrx_word' id='word_1_97' title='bbox 242 1397 405 1449; x_wconf 67' lang='grc' dir='ltr'>κτωρ</span> <span class='ocrx_word' id='word_1_98' title='bbox 449 1395 524 1434; x_wconf 84' lang='grc' dir='ltr'><strong>σε</strong></span> <span class='ocrx_word' id='word_1_99' title='bbox 559 1380 931 1450; x_wconf 79' lang='grc' dir='ltr'>ἑϐιασάμην;</span> <span class='ocrx_word' id='word_1_100' title='bbox 970 1382 1004 1452; x_wconf 76' lang='grc' dir='ltr'><strong>ἡ</strong></span> <span class='ocrx_word' id='word_1_101' title='bbox 1042 1382 1099 1435; x_wconf 82' lang='grc' dir='ltr'><strong>δὲ</strong></span> <span class='ocrx_word' id='word_1_102' title='bbox 1138 1376 1228 1437; x_wconf 78' lang='grc' dir='ltr'>οἶα</span> <span class='ocrx_word' id='word_1_103' title='bbox 1283 1383 1507 1453; x_wconf 87' lang='grc' dir='ltr'>γύναιον</span> <span class='ocrx_word' id='word_1_104' title='bbox 1549 1385 1615 1437; x_wconf 83' lang='grc' dir='ltr'>ὲκ</span> <span class='ocrx_word' id='word_1_105' title='bbox 1658 1385 1827 1455; x_wconf 86' lang='grc' dir='ltr'>δημο-</span> 
     </span>
    </p>
   </div>
   <div class='ocr_carea' id='block_1_16' title="bbox 247 1468 1827 1546">
    <p class='ocr_par' dir='ltr' id='par_1_16' title="bbox 247 1468 1827 1546">
     <span class='ocr_line' id='line_1_16' title="bbox 247 1468 1827 1546; baseline 0.003 -21"><span class='ocrx_word' id='word_1_106' title='bbox 247 1472 369 1525; x_wconf 80' lang='grc' dir='ltr'>σίου</span> <span class='ocrx_word' id='word_1_107' title='bbox 420 1472 639 1540; x_wconf 81' lang='grc' dir='ltr'><strong>τέγους,</strong></span> <span class='ocrx_word' id='word_1_108' title='bbox 671 1468 880 1525; x_wconf 80' lang='grc' dir='ltr'>ἀναιδεῖ</span> <span class='ocrx_word' id='word_1_109' title='bbox 924 1473 1204 1544; x_wconf 81' lang='grc' dir='ltr'>προσώπῳ</span> <span class='ocrx_word' id='word_1_110' title='bbox 1225 1474 1583 1529; x_wconf 84' lang='grc' dir='ltr'>καίάτενέσιν</span> <span class='ocrx_word' id='word_1_111' title='bbox 1629 1476 1827 1546; x_wconf 76' lang='grc' dir='ltr'>ὀφθαλ-</span> 
     </span>
    </p>
   </div>
   <div class='ocr_carea' id='block_1_17' title="bbox 248 1564 1826 1636">
    <p class='ocr_par' dir='ltr' id='par_1_17' title="bbox 248 1564 1826 1636">
     <span class='ocr_line' id='line_1_17' title="bbox 248 1564 1826 1636; baseline 0.004 -20"><span class='ocrx_word' id='word_1_112' title='bbox 248 1567 377 1636; x_wconf 83' lang='grc' dir='ltr'>μοῖς</span> <span class='ocrx_word' id='word_1_113' title='bbox 428 1564 570 1636; x_wconf 78' lang='grc' dir='ltr'>πρὸς</span> <span class='ocrx_word' id='word_1_114' title='bbox 627 1564 719 1618; x_wconf 71' lang='grc' dir='ltr'><strong>τὸν</strong></span> <span class='ocrx_word' id='word_1_115' title='bbox 766 1564 814 1597; x_wconf 85' lang='grc'><strong>⁸³</strong></span> <span class='ocrx_word' id='word_1_116' title='bbox 858 1565 1121 1632; x_wconf 85' lang='grc' dir='ltr'>Τιμόθεον</span> <span class='ocrx_word' id='word_1_117' title='bbox 1161 1567 1533 1636; x_wconf 77' lang='grc' dir='ltr'>ἀποϐλέψασα,</span> <span class='ocrx_word' id='word_1_118' title='bbox 1566 1564 1651 1622; x_wconf 84' lang='grc' dir='ltr'><strong>Σὺ</strong></span> <span class='ocrx_word' id='word_1_119' title='bbox 1690 1565 1748 1622; x_wconf 80' lang='lat' dir='ltr'><strong>el</strong></span> <span class='ocrx_word' id='word_1_120' title='bbox 1793 1568 1826 1623; x_wconf 86' lang='grc' dir='ltr'><strong>ό</strong></span> 
     </span>
    </p>
   </div>
   <div class='ocr_carea' id='block_1_18' title="bbox 247 1657 1824 1730">
    <p class='ocr_par' dir='ltr' id='par_1_18' title="bbox 247 1657 1824 1730">
     <span class='ocr_line' id='line_1_18' title="bbox 247 1657 1824 1730; baseline 0.003 -19"><span class='ocrx_word' id='word_1_121' title='bbox 247 1657 368 1725; x_wconf 76' lang='grc' dir='ltr'>τὴν</span> <span class='ocrx_word' id='word_1_122' title='bbox 389 1657 544 1722; x_wconf 78' lang='grc' dir='ltr'>,βίαν-</span> <span class='ocrx_word' id='word_1_123' title='bbox 564 1676 667 1727; x_wconf 85' lang='grc' dir='ltr'><strong>μοι</strong></span> <span class='ocrx_word' id='word_1_124' title='bbox 688 1658 1028 1727; x_wconf 77' lang='grc' dir='ltr'>ἐπενεγκὼν</span> <span class='ocrx_word' id='word_1_125' title='bbox 1047 1657 1146 1713; x_wconf 79' lang='grc' dir='ltr'><strong>καί</strong></span> <span class='ocrx_word' id='word_1_126' title='bbox 1175 1659 1291 1728; x_wconf 82' lang='grc' dir='ltr'>τὴν</span> <span class='ocrx_word' id='word_1_127' title='bbox 1313 1659 1543 1729; x_wconf 73' lang='grc' dir='ltr'>φθορὰν</span> <span class='ocrx_word' id='word_1_128' title='bbox 1569 1661 1824 1730; x_wconf 77' lang='grc' dir='ltr'>νύκτωρ,</span> 
     </span>
    </p>
   </div>
   <div class='ocr_carea' id='block_1_19' title="bbox 248 1751 1826 1826">
    <p class='ocr_par' dir='ltr' id='par_1_19' title="bbox 248 1751 1826 1826">
     <span class='ocr_line' id='line_1_19' title="bbox 248 1751 1826 1826; baseline 0 -18"><span class='ocrx_word' id='word_1_129' title='bbox 248 1752 456 1808; x_wconf 76' lang='grc' dir='ltr'>ἀνεϐόα</span> <span class='ocrx_word' id='word_1_130' title='bbox 479 1792 496 1814; x_wconf 87' lang='grc'><strong>,</strong></span> <span class='ocrx_word' id='word_1_131' title='bbox 553 1753 647 1805; x_wconf 82' lang='grc' dir='ltr'><strong>καὶ</strong></span> <span class='ocrx_word' id='word_1_132' title='bbox 686 1751 824 1823; x_wconf 82' lang='grc' dir='ltr'>πρὸς</span> <span class='ocrx_word' id='word_1_133' title='bbox 864 1752 993 1814; x_wconf 82' lang='grc' dir='ltr'>τοὺς</span> <span class='ocrx_word' id='word_1_134' title='bbox 1030 1751 1224 1823; x_wconf 82' lang='grc' dir='ltr'>κριτὰς</span> <span class='ocrx_word' id='word_1_135' title='bbox 1268 1753 1667 1826; x_wconf 81' lang='grc' dir='ltr'>ὲπιστραφεῖσα</span> <span class='ocrx_word' id='word_1_136' title='bbox 1700 1755 1826 1818; x_wconf 83' lang='grc' dir='ltr'>τοὺς</span> 
     </span>
    </p>
   </div>
   <div class='ocr_carea' id='block_1_20' title="bbox 1932 563 3510 633">
    <p class='ocr_par' dir='ltr' id='par_1_20' title="bbox 1932 563 3510 633">
     <span class='ocr_line' id='line_1_20' title="bbox 1932 563 3510 633; baseline 0.001 -12"><span class='ocrx_word' id='word_1_137' title='bbox 1932 563 2164 621; x_wconf 87' lang='lat' dir='ltr'><strong>muliere</strong></span> <span class='ocrx_word' id='word_1_138' title='bbox 2244 564 2601 619; x_wconf 77' lang='lat' dir='ltr'><strong>Athanasium</strong></span> <span class='ocrx_word' id='word_1_139' title='bbox 2684 564 2854 631; x_wconf 91' lang='lat' dir='ltr'><strong>illum,</strong></span> <span class='ocrx_word' id='word_1_140' title='bbox 2944 573 3001 620; x_wconf 95' lang='lat' dir='ltr'><strong>ut</strong></span> <span class='ocrx_word' id='word_1_141' title='bbox 3100 566 3294 621; x_wconf 89' lang='lat' dir='ltr'><strong>cdocta</strong></span> <span class='ocrx_word' id='word_1_142' title='bbox 3370 579 3510 633; x_wconf 81' lang='lat' dir='ltr'><strong>erat,</strong></span> 
     </span>
    </p>
   </div>
   <div class='ocr_carea' id='block_1_21' title="bbox 1936 654 3511 726">
    <p class='ocr_par' dir='ltr' id='par_1_21' title="bbox 1936 654 3511 726">
     <span class='ocr_line' id='line_1_21' title="bbox 1936 654 3511 726; baseline 0.003 -19"><span class='ocrx_word' id='word_1_143' title='bbox 1936 661 2309 723; x_wconf 81' lang='lat' dir='ltr'><strong>corruptorem</strong></span> <span class='ocrx_word' id='word_1_144' title='bbox 2342 668 2503 709; x_wconf 91' lang='lat' dir='ltr'><strong>suum</strong></span> <span class='ocrx_word' id='word_1_145' title='bbox 2534 654 2787 722; x_wconf 90' lang='lat' dir='ltr'><strong>vocante)</strong></span> <span class='ocrx_word' id='word_1_146' title='bbox 2810 656 3109 726; x_wconf 85' lang='lat' dir='ltr'><strong>presbyter,</strong></span> <span class='ocrx_word' id='word_1_147' title='bbox 3136 656 3293 726; x_wconf 88' lang='lat' dir='ltr'><strong>quasi</strong></span> <span class='ocrx_word' id='word_1_148' title='bbox 3339 659 3511 713; x_wconf 84' lang='lat' dir='ltr'><strong>Atha-</strong></span> 
     </span>
    </p>
   </div>
   <div class='ocr_carea' id='block_1_22' title="bbox 1931 743 3505 818">
    <p class='ocr_par' dir='ltr' id='par_1_22' title="bbox 1931 743 3505 818">
     <span class='ocr_line' id='line_1_22' title="bbox 1931 743 3505 818; baseline 0.001 -18"><span class='ocrx_word' id='word_1_149' title='bbox 1931 743 2124 800; x_wconf 86' lang='lat' dir='ltr'><strong>nasius</strong></span> <span class='ocrx_word' id='word_1_150' title='bbox 2145 754 2292 799; x_wconf 86' lang='lat' dir='ltr'><strong>esset</strong></span> <span class='ocrx_word' id='word_1_151' title='bbox 2324 762 2338 798; x_wconf 91' lang='lat'><strong>:</strong></span> <span class='ocrx_word' id='word_1_152' title='bbox 2369 744 2471 798; x_wconf 86' lang='lat' dir='ltr'><strong>Dic</strong></span> <span class='ocrx_word' id='word_1_153' title='bbox 2510 746 2662 811; x_wconf 84' lang='lat' dir='ltr'><strong>mihi,</strong></span> <span class='ocrx_word' id='word_1_154' title='bbox 2697 745 2892 816; x_wconf 83' lang='lat' dir='ltr'><strong>inquit,</strong></span> <span class='ocrx_word' id='word_1_155' title='bbox 2919 746 3128 813; x_wconf 79' lang='lat' dir='ltr'><strong>mulier,</strong></span> <span class='ocrx_word' id='word_1_156' title='bbox 3174 764 3335 818; x_wconf 84' lang='lat' dir='ltr'><strong>egone</strong></span> <span class='ocrx_word' id='word_1_157' title='bbox 3366 752 3505 818; x_wconf 83' lang='lat' dir='ltr'><strong>apud</strong></span> 
     </span>
    </p>
   </div>
   <div class='ocr_carea' id='block_1_23' title="bbox 1932 838 3511 903">
    <p class='ocr_par' dir='ltr' id='par_1_23' title="bbox 1932 838 3511 903">
     <span class='ocr_line' id='line_1_23' title="bbox 1932 838 3511 903; baseline 0.002 -11"><span class='ocrx_word' id='word_1_158' title='bbox 1932 846 1982 892; x_wconf 82' lang='lat' dir='ltr'><strong>te</strong></span> <span class='ocrx_word' id='word_1_159' title='bbox 2030 839 2323 892; x_wconf 81' lang='lat' dir='ltr'><strong>diversatus</strong></span> <span class='ocrx_word' id='word_1_160' title='bbox 2363 850 2500 903; x_wconf 82' lang='lat' dir='ltr'><strong>sum,</strong></span> <span class='ocrx_word' id='word_1_161' title='bbox 2550 838 2629 892; x_wconf 84' lang='lat' dir='ltr'><strong>vel</strong></span> <span class='ocrx_word' id='word_1_162' title='bbox 2676 848 2729 892; x_wconf 87' lang='lat' dir='ltr'><strong>tu</strong></span> <span class='ocrx_word' id='word_1_163' title='bbox 2770 855 2850 893; x_wconf 87' lang='lat' dir='ltr'><strong>me</strong></span> <span class='ocrx_word' id='word_1_164' title='bbox 2897 839 3110 895; x_wconf 87' lang='lat' dir='ltr'><strong>domum</strong></span> <span class='ocrx_word' id='word_1_165' title='bbox 3155 851 3299 896; x_wconf 87' lang='lat' dir='ltr'><strong>tuam</strong></span> <span class='ocrx_word' id='word_1_166' title='bbox 3339 843 3511 896; x_wconf 85' lang='lat' dir='ltr'><strong>admi-</strong></span> 
     </span>
    </p>
   </div>
   <div class='ocr_carea' id='block_1_24' title="bbox 1928 930 3505 1002">
    <p class='ocr_par' dir='ltr' id='par_1_24' title="bbox 1928 930 3505 1002">
     <span class='ocr_line' id='line_1_24' title="bbox 1928 930 3505 1002; baseline 0.003 -18"><span class='ocrx_word' id='word_1_167' title='bbox 1928 931 2069 995; x_wconf 85' lang='lat' dir='ltr'><strong>sisti,</strong></span> <span class='ocrx_word' id='word_1_168' title='bbox 2115 931 2196 984; x_wconf 84' lang='lat' dir='ltr'><strong>vel</strong></span> <span class='ocrx_word' id='word_1_169' title='bbox 2244 938 2402 983; x_wconf 87' lang='lat' dir='ltr'><strong>noctu</strong></span> <span class='ocrx_word' id='word_1_170' title='bbox 2437 937 2485 982; x_wconf 86' lang='lat' dir='ltr'><strong>te</strong></span> <span class='ocrx_word' id='word_1_171' title='bbox 2538 930 2780 985; x_wconf 76' lang='lat' dir='ltr'><strong>violavi?</strong></span> <span class='ocrx_word' id='word_1_172' title='bbox 2812 931 2929 1002; x_wconf 85' lang='lat' dir='ltr'><strong>ipsa</strong></span> <span class='ocrx_word' id='word_1_173' title='bbox 2962 947 3112 996; x_wconf 84' lang='lat' dir='ltr'><strong>vero.</strong></span> <span class='ocrx_word' id='word_1_174' title='bbox 3149 942 3208 987; x_wconf 92' lang='lat' dir='ltr'><strong>ut</strong></span> <span class='ocrx_word' id='word_1_175' title='bbox 3250 937 3505 988; x_wconf 80' lang='lat' dir='ltr'><strong>meretrix</strong></span> 
     </span>
    </p>
   </div>
   <div class='ocr_carea' id='block_1_25' title="bbox 1928 1020 3508 1095">
    <p class='ocr_par' dir='ltr' id='par_1_25' title="bbox 1928 1020 3508 1095">
     <span class='ocr_line' id='line_1_25' title="bbox 1928 1020 3508 1095; baseline 0.001 -19"><span class='ocrx_word' id='word_1_176' title='bbox 1928 1020 2186 1092; x_wconf 75' lang='lat' dir='ltr'><strong>vulgaris,</strong></span> <span class='ocrx_word' id='word_1_177' title='bbox 2244 1021 2546 1095; x_wconf 85' lang='lat' dir='ltr'><strong>impudenti</strong></span> <span class='ocrx_word' id='word_1_178' title='bbox 2605 1022 2781 1089; x_wconf 85' lang='lat' dir='ltr'><strong>vultu,</strong></span> <span class='ocrx_word' id='word_1_179' title='bbox 2840 1032 2895 1077; x_wconf 90' lang='lat' dir='ltr'><strong>et</strong></span> <span class='ocrx_word' id='word_1_180' title='bbox 2948 1023 3073 1077; x_wconf 85' lang='lat' dir='ltr'><strong>lixis</strong></span> <span class='ocrx_word' id='word_1_181' title='bbox 3119 1024 3295 1080; x_wconf 88' lang='lat' dir='ltr'><strong>oculis</strong></span> <span class='ocrx_word' id='word_1_182' title='bbox 3327 1022 3508 1078; x_wconf 88' lang='lat' dir='ltr'><strong>Timo-</strong></span> 
     </span>
    </p>
   </div>
   <div class='ocr_carea' id='block_1_26' title="bbox 1927 1114 3503 1186">
    <p class='ocr_par' dir='ltr' id='par_1_26' title="bbox 1927 1114 3503 1186">
     <span class='ocr_line' id='line_1_26' title="bbox 1927 1114 3503 1186; baseline 0 -16"><span class='ocrx_word' id='word_1_183' title='bbox 1927 1115 2112 1170; x_wconf 90' lang='lat' dir='ltr'><strong>theum</strong></span> <span class='ocrx_word' id='word_1_184' title='bbox 2174 1116 2443 1185; x_wconf 86' lang='lat' dir='ltr'><strong>aspiciens</strong></span> <span class='ocrx_word' id='word_1_185' title='bbox 2504 1132 2518 1171; x_wconf 89' lang='lat'><strong>:</strong></span> <span class='ocrx_word' id='word_1_186' title='bbox 2575 1114 2657 1170; x_wconf 87' lang='lat' dir='ltr'><strong>Tu</strong></span> <span class='ocrx_word' id='word_1_187' title='bbox 2687 1132 2761 1180; x_wconf 86' lang='lat' dir='ltr'><strong>es,</strong></span> <span class='ocrx_word' id='word_1_188' title='bbox 2821 1116 2914 1186; x_wconf 88' lang='lat' dir='ltr'><strong>qui</strong></span> <span class='ocrx_word' id='word_1_189' title='bbox 2956 1124 3113 1169; x_wconf 85' lang='lat' dir='ltr'><strong>noctu</strong></span> <span class='ocrx_word' id='word_1_190' title='bbox 3158 1132 3238 1169; x_wconf 89' lang='lat' dir='ltr'><strong>me</strong></span> <span class='ocrx_word' id='word_1_191' title='bbox 3286 1118 3503 1172; x_wconf 76' lang='lat' dir='ltr'><strong>invitam</strong></span> 
     </span>
    </p>
   </div>
   <div class='ocr_carea' id='block_1_27' title="bbox 1928 1208 3502 1281">
    <p class='ocr_par' dir='ltr' id='par_1_27' title="bbox 1928 1208 3502 1281">
     <span class='ocr_line' id='line_1_27' title="bbox 1928 1208 3502 1281; baseline 0.003 -20"><span class='ocrx_word' id='word_1_192' title='bbox 1928 1210 2277 1277; x_wconf 81' lang='lat' dir='ltr'><strong>compressiin</strong></span> <span class='ocrx_word' id='word_1_193' title='bbox 2306 1249 2321 1273; x_wconf 88' lang='lat'><strong>,</strong></span> <span class='ocrx_word' id='word_1_194' title='bbox 2371 1218 2427 1265; x_wconf 88' lang='lat' dir='ltr'><strong>et</strong></span> <span class='ocrx_word' id='word_1_195' title='bbox 2476 1208 2546 1265; x_wconf 89' lang='lat' dir='ltr'><strong>ad</strong></span> <span class='ocrx_word' id='word_1_196' title='bbox 2590 1209 2805 1281; x_wconf 86' lang='lat' dir='ltr'><strong>judices</strong></span> <span class='ocrx_word' id='word_1_197' title='bbox 2845 1210 3029 1279; x_wconf 88' lang='lat' dir='ltr'><strong>jurata</strong></span> <span class='ocrx_word' id='word_1_198' title='bbox 3076 1209 3502 1273; x_wconf 84' lang='lat' dir='ltr'><strong>vociferabatur,</strong></span> 
     </span>
    </p>
   </div>
   <div class='ocr_carea' id='block_1_28' title="bbox 1928 1297 3502 1371">
    <p class='ocr_par' dir='ltr' id='par_1_28' title="bbox 1928 1297 3502 1371">
     <span class='ocr_line' id='line_1_28' title="bbox 1928 1297 3502 1371; baseline 0.001 -19"><span class='ocrx_word' id='word_1_199' title='bbox 1928 1297 2272 1354; x_wconf 86' lang='lat' dir='ltr'><strong>Timotheum</strong></span> <span class='ocrx_word' id='word_1_200' title='bbox 2302 1299 2476 1371; x_wconf 77' lang='lat' dir='ltr'><strong>digito</strong></span> <span class='ocrx_word' id='word_1_201' title='bbox 2499 1300 2792 1357; x_wconf 87' lang='lat' dir='ltr'><strong>ostendens</strong></span> <span class='ocrx_word' id='word_1_202' title='bbox 2848 1314 2913 1354; x_wconf 93' lang='lat' dir='ltr'><strong>ac</strong></span> <span class='ocrx_word' id='word_1_203' title='bbox 2945 1300 3171 1355; x_wconf 88' lang='lat' dir='ltr'><strong>trahens</strong></span> <span class='ocrx_word' id='word_1_204' title='bbox 3205 1316 3220 1352; x_wconf 92' lang='lat'><strong>:</strong></span> <span class='ocrx_word' id='word_1_205' title='bbox 3259 1297 3362 1353; x_wconf 83' lang='lat' dir='ltr'><strong>Hic</strong></span> <span class='ocrx_word' id='word_1_206' title='bbox 3405 1312 3502 1365; x_wconf 85' lang='lat' dir='ltr'><strong>est,</strong></span> 
     </span>
    </p>
   </div>
   <div class='ocr_carea' id='block_1_29' title="bbox 1940 1389 3503 1462">
    <p class='ocr_par' dir='ltr' id='par_1_29' title="bbox 1940 1389 3503 1462">
     <span class='ocr_line' id='line_1_29' title="bbox 1940 1389 3503 1462; baseline 0.001 -19"><span class='ocrx_word' id='word_1_207' title='bbox 1940 1405 2043 1444; x_wconf 88' lang='lat' dir='ltr'><strong>non</strong></span> <span class='ocrx_word' id='word_1_208' title='bbox 2098 1390 2258 1458; x_wconf 86' lang='lat' dir='ltr'><strong>alius,</strong></span> <span class='ocrx_word' id='word_1_209' title='bbox 2293 1393 2384 1462; x_wconf 88' lang='lat' dir='ltr'><strong>qui</strong></span> <span class='ocrx_word' id='word_1_210' title='bbox 2417 1408 2498 1446; x_wconf 89' lang='lat' dir='ltr'><strong>me</strong></span> <span class='ocrx_word' id='word_1_211' title='bbox 2536 1392 2789 1460; x_wconf 87' lang='lat' dir='ltr'><strong>corrupit.</strong></span> <span class='ocrx_word' id='word_1_212' title='bbox 2844 1389 3069 1461; x_wconf 84' lang='lat' dir='ltr'><strong>Cognita</strong></span> <span class='ocrx_word' id='word_1_213' title='bbox 3114 1390 3294 1444; x_wconf 89' lang='lat' dir='ltr'><strong>insani</strong></span> <span class='ocrx_word' id='word_1_214' title='bbox 3339 1392 3503 1445; x_wconf 84' lang='lat' dir='ltr'><strong>scorti</strong></span> 
     </span>
    </p>
   </div>
   <div class='ocr_carea' id='block_1_30' title="bbox 1928 1482 3504 1555">
    <p class='ocr_par' dir='ltr' id='par_1_30' title="bbox 1928 1482 3504 1555">
     <span class='ocr_line' id='line_1_30' title="bbox 1928 1482 3504 1555; baseline -0.002 -18"><span class='ocrx_word' id='word_1_215' title='bbox 1928 1482 2267 1549; x_wconf 87' lang='lat' dir='ltr'><strong>temulentia,</strong></span> <span class='ocrx_word' id='word_1_216' title='bbox 2322 1485 2537 1555; x_wconf 89' lang='lat' dir='ltr'><strong>judices</strong></span> <span class='ocrx_word' id='word_1_217' title='bbox 2599 1500 2723 1539; x_wconf 85' lang='lat' dir='ltr'><strong>cum</strong></span> <span class='ocrx_word' id='word_1_218' title='bbox 2779 1483 3108 1539; x_wconf 82' lang='lat' dir='ltr'><strong>satellitibus</strong></span> <span class='ocrx_word' id='word_1_219' title='bbox 3138 1482 3411 1543; x_wconf 86' lang='lat' dir='ltr'><strong>ridebant.</strong></span> <span class='ocrx_word' id='word_1_220' title='bbox 3448 1498 3504 1537; x_wconf 85' lang='lat' dir='ltr'><strong>et</strong></span> 
     </span>
    </p>
   </div>
   <div class='ocr_carea' id='block_1_31' title="bbox 1929 1574 3505 1645">
    <p class='ocr_par' dir='ltr' id='par_1_31' title="bbox 1929 1574 3505 1645">
     <span class='ocr_line' id='line_1_31' title="bbox 1929 1574 3505 1645; baseline 0 -16"><span class='ocrx_word' id='word_1_221' title='bbox 1929 1575 2272 1645; x_wconf 86' lang='lat' dir='ltr'><strong>prudentiam</strong></span> <span class='ocrx_word' id='word_1_222' title='bbox 2297 1576 2474 1632; x_wconf 87' lang='lat' dir='ltr'><strong>sancti</strong></span> <span class='ocrx_word' id='word_1_223' title='bbox 2524 1576 2809 1631; x_wconf 82' lang='lat' dir='ltr'><strong>Athanasii</strong></span> <span class='ocrx_word' id='word_1_224' title='bbox 2842 1574 3211 1643; x_wconf 88' lang='lat' dir='ltr'><strong>mirabantur,</strong></span> <span class='ocrx_word' id='word_1_225' title='bbox 3248 1575 3394 1645; x_wconf 90' lang='lat' dir='ltr'><strong>quod</strong></span> <span class='ocrx_word' id='word_1_226' title='bbox 3422 1583 3505 1629; x_wconf 88' lang='lat' dir='ltr'><strong>ta-</strong></span> 
     </span>
    </p>
   </div>
   <div class='ocr_carea' id='block_1_32' title="bbox 1927 1666 3497 1737">
    <p class='ocr_par' dir='ltr' id='par_1_32' title="bbox 1927 1666 3497 1737">
     <span class='ocr_line' id='line_1_32' title="bbox 1927 1666 3497 1737; baseline 0 -16"><span class='ocrx_word' id='word_1_227' title='bbox 1927 1666 2101 1722; x_wconf 89' lang='lat' dir='ltr'><strong>cendo</strong></span> <span class='ocrx_word' id='word_1_228' title='bbox 2128 1670 2531 1725; x_wconf 88' lang='lat' dir='ltr'><strong>accusationem</strong></span> <span class='ocrx_word' id='word_1_229' title='bbox 2562 1670 2617 1723; x_wconf 91' lang='lat' dir='ltr'><strong>in</strong></span> <span class='ocrx_word' id='word_1_230' title='bbox 2650 1668 2994 1723; x_wconf 86' lang='lat' dir='ltr'><strong>adversarios</strong></span> <span class='ocrx_word' id='word_1_231' title='bbox 3025 1676 3355 1737; x_wconf 84' lang='lat' dir='ltr'><strong>retorquens</strong></span> <span class='ocrx_word' id='word_1_232' title='bbox 3392 1668 3497 1725; x_wconf 89' lang='lat' dir='ltr'><strong>im-</strong></span> 
     </span>
    </p>
   </div>
   <div class='ocr_carea' id='block_1_33' title="bbox 1926 1758 3505 1829">
    <p class='ocr_par' dir='ltr' id='par_1_33' title="bbox 1926 1758 3505 1829">
     <span class='ocr_line' id='line_1_33' title="bbox 1926 1758 3505 1829; baseline -0.003 -16"><span class='ocrx_word' id='word_1_233' title='bbox 1926 1759 2218 1829; x_wconf 90' lang='lat' dir='ltr'><strong>pudentem</strong></span> <span class='ocrx_word' id='word_1_234' title='bbox 2249 1776 2372 1816; x_wconf 90' lang='lat' dir='ltr'><strong>esse</strong></span> <span class='ocrx_word' id='word_1_235' title='bbox 2397 1760 2726 1817; x_wconf 87' lang='lat' dir='ltr'><strong>calumniam</strong></span> <span class='ocrx_word' id='word_1_236' title='bbox 2754 1761 3207 1816; x_wconf 82' lang='lat' dir='ltr'><strong>demonstrasset.</strong></span> <span class='ocrx_word' id='word_1_237' title='bbox 3235 1758 3341 1829; x_wconf 88' lang='lat' dir='ltr'><strong>Ipsi</strong></span> <span class='ocrx_word' id='word_1_238' title='bbox 3373 1774 3505 1814; x_wconf 80' lang='lat' dir='ltr'><strong>vero</strong></span> 
     </span>
    </p>
   </div>
   <div class='ocr_carea' id='block_1_34' title="bbox 250 1838 1827 1922">
    <p class='ocr_par' dir='ltr' id='par_1_34' title="bbox 250 1844 1826 1920">
     <span class='ocr_line' id='line_1_34' title="bbox 250 1844 1826 1920; baseline -0.001 -17"><span class='ocrx_word' id='word_1_239' title='bbox 250 1844 643 1920; x_wconf 80' lang='grc' dir='ltr'>φρικτοτάτους</span> <span class='ocrx_word' id='word_1_240' title='bbox 672 1847 869 1917; x_wconf 80' lang='grc' dir='ltr'>ὅρκους</span> <span class='ocrx_word' id='word_1_241' title='bbox 920 1847 1042 1909; x_wconf 85' lang='grc' dir='ltr'>ταῖς</span> <span class='ocrx_word' id='word_1_242' title='bbox 1100 1845 1376 1909; x_wconf 76' lang='grc' dir='ltr'>διαθολαῖς</span> <span class='ocrx_word' id='word_1_243' title='bbox 1421 1847 1709 1916; x_wconf 82' lang='grc' dir='ltr'>συνῆπτεν,</span> <span class='ocrx_word' id='word_1_244' title='bbox 1749 1847 1826 1910; x_wconf 84' lang='grc' dir='ltr'>ὡς</span> 
     </span>
    </p>
   </div>
   <div class='ocr_carea' id='block_1_35' title="bbox 1929 1838 3495 1922">
    <p class='ocr_par' dir='ltr' id='par_1_35' title="bbox 1929 1838 3495 1922">
     <span class='ocr_line' id='line_1_35' title="bbox 1929 1838 3495 1922; baseline -0.002 -17"><span class='ocrx_word' id='word_1_245' title='bbox 1929 1838 2119 1920; x_wconf 83' lang='lat' dir='ltr'><strong>seipsis</strong></span> <span class='ocrx_word' id='word_1_246' title='bbox 2149 1851 2401 1908; x_wconf 86' lang='lat' dir='ltr'><strong>meliores</strong></span> <span class='ocrx_word' id='word_1_247' title='bbox 2419 1868 2525 1907; x_wconf 93' lang='lat' dir='ltr'><strong>non</strong></span> <span class='ocrx_word' id='word_1_248' title='bbox 2558 1862 2689 1908; x_wconf 92' lang='lat' dir='ltr'><strong>sunt</strong></span> <span class='ocrx_word' id='word_1_249' title='bbox 2714 1853 2931 1920; x_wconf 88' lang='lat' dir='ltr'><strong>redditi,</strong></span> <span class='ocrx_word' id='word_1_250' title='bbox 2963 1862 3024 1907; x_wconf 89' lang='lat' dir='ltr'><strong>ut</strong></span> <span class='ocrx_word' id='word_1_251' title='bbox 3051 1852 3142 1922; x_wconf 86' lang='lat' dir='ltr'><strong>jus</strong></span> <span class='ocrx_word' id='word_1_252' title='bbox 3172 1860 3227 1906; x_wconf 91' lang='lat' dir='ltr'><strong>et</strong></span> <span class='ocrx_word' id='word_1_253' title='bbox 3280 1866 3495 1919; x_wconf 85' lang='lat' dir='ltr'><strong>aequum</strong></span> 
     </span>
    </p>
   </div>
   <div class='ocr_carea' id='block_1_36' title="bbox 247 1936 1827 2008">
    <p class='ocr_par' dir='ltr' id='par_1_36' title="bbox 247 1936 1827 2008">
     <span class='ocr_line' id='line_1_36' title="bbox 247 1936 1827 2008; baseline 0 -14"><span class='ocrx_word' id='word_1_254' title='bbox 247 1937 475 2004; x_wconf 83' lang='grc' dir='ltr'>Οὗτος,</span> <span class='ocrx_word' id='word_1_255' title='bbox 514 1937 607 1992; x_wconf 79' lang='grc' dir='ltr'>τὸν</span> <span class='ocrx_word' id='word_1_256' title='bbox 659 1937 923 2008; x_wconf 88' lang='grc' dir='ltr'>Τιμόθεον</span> <span class='ocrx_word' id='word_1_257' title='bbox 967 1936 1130 1991; x_wconf 88' lang='grc' dir='ltr'>πάλιν</span> <span class='ocrx_word' id='word_1_258' title='bbox 1170 1936 1686 1994; x_wconf 57' lang='grc' dir='ltr'>δακτυλοᾶικτοῦσα</span> <span class='ocrx_word' id='word_1_259' title='bbox 1731 1940 1827 1994; x_wconf 81' lang='grc' dir='ltr'>καὶ</span> 
     </span>
    </p>
   </div>
   <div class='ocr_carea' id='block_1_37' title="bbox 252 2022 1826 2101">
    <p class='ocr_par' dir='ltr' id='par_1_37' title="bbox 252 2022 1826 2101">
     <span class='ocr_line' id='line_1_37' title="bbox 252 2022 1826 2101; baseline 0 -15"><span class='ocrx_word' id='word_1_260' title='bbox 252 2030 504 2096; x_wconf 75' lang='grc' dir='ltr'>ἕλκουσα,</span> <span class='ocrx_word' id='word_1_261' title='bbox 546 2025 733 2096; x_wconf 85' lang='grc' dir='ltr'>οὗτός</span> <span class='ocrx_word' id='word_1_262' title='bbox 764 2029 935 2083; x_wconf 78' lang='grc' dir='ltr'>ἐστιν</span> <span class='ocrx_word' id='word_1_263' title='bbox 962 2030 1065 2084; x_wconf 81' lang='grc' dir='ltr'><strong>καί</strong></span> <span class='ocrx_word' id='word_1_264' title='bbox 1102 2033 1211 2085; x_wconf 82' lang='grc' dir='ltr'>οὐκ</span> <span class='ocrx_word' id='word_1_265' title='bbox 1234 2029 1424 2097; x_wconf 73' lang='grc' dir='ltr'>ἀλλος</span> <span class='ocrx_word' id='word_1_266' title='bbox 1453 2032 1485 2085; x_wconf 83' lang='grc' dir='ltr'><em>ὁ</em></span> <span class='ocrx_word' id='word_1_267' title='bbox 1512 2031 1652 2101; x_wconf 81' lang='grc' dir='ltr'>ἐμὸς</span> <span class='ocrx_word' id='word_1_268' title='bbox 1679 2022 1826 2101; x_wconf 61' lang='lat' dir='ltr'><strong>ydo-</strong></span> 
     </span>
    </p>
   </div>
   <div class='ocr_carea' id='block_1_38' title="bbox 253 2120 1827 2195">
    <p class='ocr_par' dir='ltr' id='par_1_38' title="bbox 253 2120 1827 2195">
     <span class='ocr_line' id='line_1_38' title="bbox 253 2120 1827 2195; baseline 0.001 -18"><span class='ocrx_word' id='word_1_269' title='bbox 253 2125 415 2192; x_wconf 62' lang='grc' dir='ltr'>ρεύς.</span> <span class='ocrx_word' id='word_1_270' title='bbox 439 2124 502 2175; x_wconf 82' lang='lat' dir='ltr'><strong>0i</strong></span> <span class='ocrx_word' id='word_1_271' title='bbox 530 2120 588 2174; x_wconf 84' lang='grc' dir='ltr'>δὲ</span> <span class='ocrx_word' id='word_1_272' title='bbox 618 2121 802 2192; x_wconf 81' lang='grc' dir='ltr'>κριταὶ</span> <span class='ocrx_word' id='word_1_273' title='bbox 836 2120 933 2177; x_wconf 80' lang='grc' dir='ltr'><strong>σὺν</strong></span> <span class='ocrx_word' id='word_1_274' title='bbox 990 2120 1103 2186; x_wconf 84' lang='grc' dir='ltr'>τοῖς</span> <span class='ocrx_word' id='word_1_275' title='bbox 1130 2122 1452 2194; x_wconf 81' lang='grc' dir='ltr'>δορυφόροις</span> <span class='ocrx_word' id='word_1_276' title='bbox 1476 2123 1577 2193; x_wconf 83' lang='grc' dir='ltr'><strong>τῆς</strong></span> <span class='ocrx_word' id='word_1_277' title='bbox 1618 2124 1827 2195; x_wconf 82' lang='grc' dir='ltr'>μαχλά-</span> 
     </span>
    </p>
   </div>
   <div class='ocr_carea' id='block_1_39' title="bbox 264 2207 1827 2282">
    <p class='ocr_par' dir='ltr' id='par_1_39' title="bbox 264 2207 1827 2282">
     <span class='ocr_line' id='line_1_39' title="bbox 264 2207 1827 2282; baseline 0.004 -20"><span class='ocrx_word' id='word_1_278' title='bbox 264 2214 352 2274; x_wconf 66' lang='lat' dir='ltr'><strong>eo;</strong></span> <span class='ocrx_word' id='word_1_279' title='bbox 396 2212 486 2282; x_wconf 72' lang='grc' dir='ltr'><strong>μὲν</strong></span> <span class='ocrx_word' id='word_1_280' title='bbox 532 2210 845 2280; x_wconf 82' lang='grc' dir='ltr'>κατεγέλων</span> <span class='ocrx_word' id='word_1_281' title='bbox 868 2249 884 2274; x_wconf 91' lang='grc'><strong>,</strong></span> <span class='ocrx_word' id='word_1_282' title='bbox 938 2211 1255 2267; x_wconf 84' lang='grc' dir='ltr'>Ἀθανάσιον</span> <span class='ocrx_word' id='word_1_283' title='bbox 1306 2211 1363 2265; x_wconf 87' lang='grc' dir='ltr'>δὲ</span> <span class='ocrx_word' id='word_1_284' title='bbox 1405 2207 1503 2280; x_wconf 87' lang='grc' dir='ltr'><strong>τῆς</strong></span> <span class='ocrx_word' id='word_1_285' title='bbox 1559 2214 1827 2279; x_wconf 83' lang='grc' dir='ltr'>συνέσεως</span> 
     </span>
    </p>
   </div>
   <div class='ocr_carea' id='block_1_40' title="bbox 263 2301 1827 2377">
    <p class='ocr_par' dir='ltr' id='par_1_40' title="bbox 263 2301 1827 2377">
     <span class='ocr_line' id='line_1_40' title="bbox 263 2301 1827 2377; baseline 0.003 -22"><span class='ocrx_word' id='word_1_286' title='bbox 263 2301 569 2371; x_wconf 78' lang='grc' dir='ltr'>ἐθαύμαζον</span> <span class='ocrx_word' id='word_1_287' title='bbox 616 2302 765 2365; x_wconf 83' lang='grc' dir='ltr'>ὅπως</span> <span class='ocrx_word' id='word_1_288' title='bbox 816 2303 982 2370; x_wconf 85' lang='grc' dir='ltr'>σιγῶν</span> <span class='ocrx_word' id='word_1_289' title='bbox 1008 2301 1070 2355; x_wconf 79' lang='grc' dir='ltr'>τὸ</span> <span class='ocrx_word' id='word_1_290' title='bbox 1111 2304 1232 2357; x_wconf 89' lang='grc' dir='ltr'>κατ’</span> <span class='ocrx_word' id='word_1_291' title='bbox 1267 2303 1433 2357; x_wconf 82' lang='grc' dir='ltr'>αὐτοῦ</span> <span class='ocrx_word' id='word_1_292' title='bbox 1472 2304 1723 2377; x_wconf 77' lang='grc' dir='ltr'>ἔγκλημα</span> <span class='ocrx_word' id='word_1_293' title='bbox 1746 2307 1827 2370; x_wconf 80' lang='grc' dir='ltr'><strong>είς</strong></span> 
     </span>
    </p>
   </div>
   <div class='ocr_carea' id='block_1_41' title="bbox 257 2394 1827 2466">
    <p class='ocr_par' dir='ltr' id='par_1_41' title="bbox 257 2394 1827 2466">
     <span class='ocr_line' id='line_1_41' title="bbox 257 2394 1827 2466; baseline 0.004 -19"><span class='ocrx_word' id='word_1_294' title='bbox 257 2394 385 2457; x_wconf 77' lang='grc' dir='ltr'>τοὺς</span> <span class='ocrx_word' id='word_1_295' title='bbox 431 2394 773 2465; x_wconf 78' lang='grc' dir='ltr'>κατηγόρους</span> <span class='ocrx_word' id='word_1_296' title='bbox 822 2394 1162 2466; x_wconf 74' lang='grc' dir='ltr'>περιτρέψας</span> <span class='ocrx_word' id='word_1_297' title='bbox 1217 2396 1636 2461; x_wconf 81' lang='grc' dir='ltr'>ἀναιδεστάτους</span> <span class='ocrx_word' id='word_1_298' title='bbox 1667 2416 1827 2453; x_wconf 65' lang='grc' dir='ltr'>συκοο</span> 
     </span>
    </p>
   </div>
   <div class='ocr_carea' id='block_1_42' title="bbox 254 2483 1826 2561">
    <p class='ocr_par' dir='ltr' id='par_1_42' title="bbox 254 2483 1826 2561">
     <span class='ocr_line' id='line_1_42' title="bbox 254 2483 1826 2561; baseline 0.007 -27"><span class='ocrx_word' id='word_1_299' title='bbox 254 2483 459 2554; x_wconf 79' lang='grc' dir='ltr'>φάντας</span> <span class='ocrx_word' id='word_1_300' title='bbox 498 2485 803 2552; x_wconf 80' lang='grc' dir='ltr'>ἀπέδειξεν·</span> <span class='ocrx_word' id='word_1_301' title='bbox 842 2486 996 2539; x_wconf 75' lang='grc' dir='ltr'>αὐτοὶ</span> <span class='ocrx_word' id='word_1_302' title='bbox 1041 2485 1101 2541; x_wconf 84' lang='grc' dir='ltr'>δὲ</span> <span class='ocrx_word' id='word_1_303' title='bbox 1151 2487 1359 2540; x_wconf 82' lang='grc' dir='ltr'>ἑαυτῶν</span> <span class='ocrx_word' id='word_1_304' title='bbox 1391 2488 1542 2542; x_wconf 79' lang='grc' dir='ltr'>οὐδὲν</span> <span class='ocrx_word' id='word_1_305' title='bbox 1572 2489 1826 2561; x_wconf 73' lang='grc' dir='ltr'>ἀμείνους</span> 
     </span>
    </p>
   </div>
   <div class='ocr_carea' id='block_1_43' title="bbox 252 2572 1828 2650">
    <p class='ocr_par' dir='ltr' id='par_1_43' title="bbox 252 2572 1828 2650">
     <span class='ocr_line' id='line_1_43' title="bbox 252 2572 1828 2650; baseline 0.004 -25"><span class='ocrx_word' id='word_1_306' title='bbox 252 2574 335 2637; x_wconf 85' lang='grc' dir='ltr'><strong>είς</strong></span> <span class='ocrx_word' id='word_1_307' title='bbox 356 2574 421 2625; x_wconf 76' lang='grc' dir='ltr'><strong>τὸ</strong></span> <span class='ocrx_word' id='word_1_308' title='bbox 451 2572 738 2641; x_wconf 78' lang='grc' dir='ltr'>φροντίσαι</span> <span class='ocrx_word' id='word_1_309' title='bbox 765 2573 859 2627; x_wconf 82' lang='grc' dir='ltr'>τοῦ</span> <span class='ocrx_word' id='word_1_310' title='bbox 887 2574 1098 2629; x_wconf 81' lang='grc' dir='ltr'>δικαίου</span> <span class='ocrx_word' id='word_1_311' title='bbox 1135 2576 1442 2644; x_wconf 80' lang='grc' dir='ltr'>γεγόνασιν.</span> <span class='ocrx_word' id='word_1_312' title='bbox 1475 2579 1538 2631; x_wconf 84' lang='lat' dir='ltr'><strong>Ol</strong></span> <span class='ocrx_word' id='word_1_313' title='bbox 1567 2577 1624 2632; x_wconf 82' lang='grc' dir='ltr'>δὲ</span> <span class='ocrx_word' id='word_1_314' title='bbox 1655 2581 1828 2650; x_wconf 81' lang='grc' dir='ltr'>κατή-</span> 
     </span>
    </p>
   </div>
   <div class='ocr_carea' id='block_1_44' title="bbox 251 2665 1828 2737">
    <p class='ocr_par' dir='ltr' id='par_1_44' title="bbox 251 2665 1828 2737">
     <span class='ocr_line' id='line_1_44' title="bbox 251 2665 1828 2737; baseline 0.006 -21"><span class='ocrx_word' id='word_1_315' title='bbox 251 2681 426 2737; x_wconf 76' lang='grc' dir='ltr'>γοροι,</span> <span class='ocrx_word' id='word_1_316' title='bbox 455 2665 578 2720; x_wconf 79' lang='grc' dir='ltr'>δέον</span> <span class='ocrx_word' id='word_1_317' title='bbox 608 2667 817 2720; x_wconf 80' lang='grc' dir='ltr'>στένειν</span> <span class='ocrx_word' id='word_1_318' title='bbox 838 2666 885 2699; x_wconf 70' lang='grc'>⁸⁸</span> <span class='ocrx_word' id='word_1_319' title='bbox 919 2666 1015 2721; x_wconf 72' lang='grc' dir='ltr'><strong>καὶ</strong></span> <span class='ocrx_word' id='word_1_320' title='bbox 1048 2667 1207 2737; x_wconf 85' lang='grc' dir='ltr'>χάριν</span> <span class='ocrx_word' id='word_1_321' title='bbox 1234 2668 1431 2721; x_wconf 82' lang='grc' dir='ltr'>εἰδέναι</span> <span class='ocrx_word' id='word_1_322' title='bbox 1460 2671 1513 2722; x_wconf 81' lang='lat' dir='ltr'><strong>el’</strong></span> <span class='ocrx_word' id='word_1_323' title='bbox 1532 2687 1613 2733; x_wconf 90' lang='grc' dir='ltr'><strong>τις</strong></span> <span class='ocrx_word' id='word_1_324' title='bbox 1632 2670 1828 2736; x_wconf 81' lang='grc' dir='ltr'>αὐτοὺς</span> 
     </span>
    </p>
   </div>
   <div class='ocr_carea' id='block_1_45' title="bbox 255 2757 1829 2830">
    <p class='ocr_par' dir='ltr' id='par_1_45' title="bbox 255 2757 1829 2830">
     <span class='ocr_line' id='line_1_45' title="bbox 255 2757 1829 2830; baseline 0.004 -20"><span class='ocrx_word' id='word_1_325' title='bbox 255 2758 331 2829; x_wconf 77' lang='grc' dir='ltr'><strong>μὴ</strong></span> <span class='ocrx_word' id='word_1_326' title='bbox 363 2757 635 2828; x_wconf 83' lang='grc' dir='ltr'>άπαιτοίη</span> <span class='ocrx_word' id='word_1_327' title='bbox 672 2757 775 2829; x_wconf 75' lang='grc' dir='ltr'>τὴν</span> <span class='ocrx_word' id='word_1_328' title='bbox 819 2759 918 2829; x_wconf 85' lang='grc' dir='ltr'><strong>τῆς</strong></span> <span class='ocrx_word' id='word_1_329' title='bbox 951 2760 1317 2829; x_wconf 82' lang='grc' dir='ltr'>συκοφαντίας</span> <span class='ocrx_word' id='word_1_330' title='bbox 1346 2760 1521 2830; x_wconf 82' lang='grc' dir='ltr'>δίκην,</span> <span class='ocrx_word' id='word_1_331' title='bbox 1546 2763 1596 2815; x_wconf 95' lang='grc' dir='ltr'><strong>οί</strong></span> <span class='ocrx_word' id='word_1_332' title='bbox 1633 2762 1691 2815; x_wconf 75' lang='grc' dir='ltr'>δὲ</span> <span class='ocrx_word' id='word_1_333' title='bbox 1731 2763 1829 2817; x_wconf 80' lang='grc' dir='ltr'><strong>καὶ</strong></span> 
     </span>
    </p>
   </div>
   <div class='ocr_carea' id='block_1_46' title="bbox 252 2850 1828 2923">
    <p class='ocr_par' dir='ltr' id='par_1_46' title="bbox 252 2850 1828 2923">
     <span class='ocr_line' id='line_1_46' title="bbox 252 2850 1828 2923; baseline 0.003 -21"><span class='ocrx_word' id='word_1_334' title='bbox 252 2850 391 2922; x_wconf 78' lang='grc' dir='ltr'>πρὸς</span> <span class='ocrx_word' id='word_1_335' title='bbox 420 2850 522 2921; x_wconf 82' lang='grc' dir='ltr'>τὴν</span> <span class='ocrx_word' id='word_1_336' title='bbox 565 2850 842 2921; x_wconf 85' lang='grc' dir='ltr'>Ἀρσενίου</span> <span class='ocrx_word' id='word_1_337' title='bbox 887 2850 1068 2919; x_wconf 79' lang='grc' dir='ltr'>δεξιάν</span> <span class='ocrx_word' id='word_1_338' title='bbox 1112 2852 1211 2923; x_wconf 84' lang='grc' dir='ltr'>τὴν</span> <span class='ocrx_word' id='word_1_339' title='bbox 1244 2850 1497 2921; x_wconf 84' lang='grc' dir='ltr'>γλῶσσαν</span> <span class='ocrx_word' id='word_1_340' title='bbox 1525 2853 1828 2919; x_wconf 73' lang='grc' dir='ltr'>ὁπλίζουσι,</span> 
     </span>
    </p>
   </div>
   <div class='ocr_carea' id='block_1_47' title="bbox 252 2943 1826 3021">
    <p class='ocr_par' dir='ltr' id='par_1_47' title="bbox 252 2943 1826 3021">
     <span class='ocr_line' id='line_1_47' title="bbox 252 2943 1826 3021; baseline 0.001 -26"><span class='ocrx_word' id='word_1_341' title='bbox 252 2944 345 2996; x_wconf 78' lang='grc' dir='ltr'><strong>καὶ</strong></span> <span class='ocrx_word' id='word_1_342' title='bbox 374 2943 539 3011; x_wconf 77' lang='grc' dir='ltr'>φόνον</span> <span class='ocrx_word' id='word_1_343' title='bbox 571 2945 687 3015; x_wconf 84' lang='grc' dir='ltr'><strong>ἀμα</strong></span> <span class='ocrx_word' id='word_1_344' title='bbox 721 2945 818 2998; x_wconf 69' lang='grc' dir='ltr'><strong>καὶ</strong></span> <span class='ocrx_word' id='word_1_345' title='bbox 847 2943 1103 3014; x_wconf 81' lang='grc' dir='ltr'>γοητείαν</span> <span class='ocrx_word' id='word_1_346' title='bbox 1129 2943 1207 3015; x_wconf 82' lang='grc' dir='ltr'>τῷ</span> <span class='ocrx_word' id='word_1_347' title='bbox 1234 2944 1648 3021; x_wconf 79' lang='grc' dir='ltr'>τῆςεύσεὸείας</span> <span class='ocrx_word' id='word_1_348' title='bbox 1677 2946 1826 3015; x_wconf 72' lang='grc' dir='ltr'>ἀγωρ</span> 
     </span>
    </p>
   </div>
   <div class='ocr_carea' id='block_1_48' title="bbox 251 3034 1828 3118">
    <p class='ocr_par' dir='ltr' id='par_1_48' title="bbox 251 3034 1828 3118">
     <span class='ocr_line' id='line_1_48' title="bbox 251 3034 1828 3118; baseline 0.005 -30"><span class='ocrx_word' id='word_1_349' title='bbox 251 3039 405 3108; x_wconf 79' lang='grc' dir='ltr'>νιστῇ</span> <span class='ocrx_word' id='word_1_350' title='bbox 439 3037 856 3108; x_wconf 84' lang='grc' dir='ltr'>περιάπτουσιν.</span> <span class='ocrx_word' id='word_1_351' title='bbox 919 3037 1060 3091; x_wconf 80' lang='grc' dir='ltr'>Ἀλλ’</span> <span class='ocrx_word' id='word_1_352' title='bbox 1096 3034 1304 3103; x_wconf 74' lang='grc' dir='ltr'>ἐκεῖνος</span> <span class='ocrx_word' id='word_1_353' title='bbox 1342 3042 1401 3094; x_wconf 84' lang='grc' dir='ltr'>ὲν</span> <span class='ocrx_word' id='word_1_354' title='bbox 1445 3039 1525 3111; x_wconf 83' lang='grc' dir='ltr'>τῷ</span> <span class='ocrx_word' id='word_1_355' title='bbox 1566 3040 1828 3118; x_wconf 82' lang='grc' dir='ltr'>ἀταράχῳ</span> 
     </span>
    </p>
   </div>
   <div class='ocr_carea' id='block_1_49' title="bbox 252 3128 1829 3202">
    <p class='ocr_par' dir='ltr' id='par_1_49' title="bbox 252 3128 1829 3202">
     <span class='ocr_line' id='line_1_49' title="bbox 252 3128 1829 3202; baseline 0.004 -21"><span class='ocrx_word' id='word_1_356' title='bbox 252 3129 345 3181; x_wconf 78' lang='grc' dir='ltr'>καὶ</span> <span class='ocrx_word' id='word_1_357' title='bbox 367 3128 472 3199; x_wconf 88' lang='grc' dir='ltr'><strong>τῆς</strong></span> <span class='ocrx_word' id='word_1_358' title='bbox 504 3130 689 3201; x_wconf 80' lang='grc' dir='ltr'>φωνῆς</span> <span class='ocrx_word' id='word_1_359' title='bbox 724 3130 814 3184; x_wconf 79' lang='grc' dir='ltr'><strong>καὶ</strong></span> <span class='ocrx_word' id='word_1_360' title='bbox 840 3129 1200 3202; x_wconf 82' lang='grc' dir='ltr'>τῆςγνώμης,</span> <span class='ocrx_word' id='word_1_361' title='bbox 1240 3132 1351 3187; x_wconf 88' lang='lat' dir='ltr'><strong>Kal</strong></span> <span class='ocrx_word' id='word_1_362' title='bbox 1384 3131 1477 3198; x_wconf 81' lang='grc' dir='ltr'><strong>τίς</strong></span> <span class='ocrx_word' id='word_1_363' title='bbox 1506 3130 1621 3201; x_wconf 80' lang='grc' dir='ltr'><strong>γάρ</strong></span> <span class='ocrx_word' id='word_1_364' title='bbox 1657 3132 1829 3187; x_wconf 80' lang='grc' dir='ltr'>ἐστιν</span> 
     </span>
    </p>
   </div>
   <div class='ocr_carea' id='block_1_50' title="bbox 249 3187 1899 3293">
    <p class='ocr_par' dir='ltr' id='par_1_50' title="bbox 249 3187 1899 3293">
     <span class='ocr_line' id='line_1_50' title="bbox 249 3187 1899 3293; baseline 0.004 -19"><span class='ocrx_word' id='word_1_365' title='bbox 249 3221 317 3285; x_wconf 74' lang='grc' dir='ltr'><strong>ἐξ</strong></span> <span class='ocrx_word' id='word_1_366' title='bbox 580 3187 767 3293; x_wconf 73' lang='grc' dir='ltr'>φησὶν,</span> <span class='ocrx_word' id='word_1_367' title='bbox 802 3223 849 3254; x_wconf 84' lang='grc'><strong>⁵⁸</strong></span> <span class='ocrx_word' id='word_1_368' title='bbox 1304 3224 1416 3278; x_wconf 82' lang='grc' dir='ltr'>τὸν</span> <span class='ocrx_word' id='word_1_369' title='bbox 1451 3187 1752 3293; x_wconf 44' lang='lat' dir='ltr'><strong>:Apa&#39;értor</strong></span> <span class='ocrx_word' id='word_1_370' title='bbox 1788 3223 1828 3293; x_wconf 79' lang='grc' dir='ltr'><em>ἢ</em></span> <span class='ocrx_word' id='word_1_371' title='bbox 1854 3187 1899 3250; x_wconf 80' lang='lat' dir='ltr'>C</span> 
     </span>
    </p>
   </div>
   <div class='ocr_carea' id='block_1_51' title="bbox 251 3313 1829 3385">
    <p class='ocr_par' dir='ltr' id='par_1_51' title="bbox 251 3313 1829 3385">
     <span class='ocr_line' id='line_1_51' title="bbox 251 3313 1829 3385; baseline 0.003 -19"><span class='ocrx_word' id='word_1_372' title='bbox 251 3313 365 3380; x_wconf 75' lang='grc' dir='ltr'>τὴν</span> <span class='ocrx_word' id='word_1_373' title='bbox 416 3313 609 3368; x_wconf 85' lang='grc' dir='ltr'>αὐτοῦ</span> <span class='ocrx_word' id='word_1_374' title='bbox 665 3314 909 3381; x_wconf 78' lang='grc' dir='ltr'>δεξιὰν;</span> <span class='ocrx_word' id='word_1_375' title='bbox 946 3315 1208 3385; x_wconf 81' lang='grc' dir='ltr'>Φαμένων</span> <span class='ocrx_word' id='word_1_376' title='bbox 1239 3315 1285 3368; x_wconf 85' lang='grc' dir='ltr'>δ’</span> <span class='ocrx_word' id='word_1_377' title='bbox 1331 3315 1433 3370; x_wconf 84' lang='grc' dir='ltr'><strong>οὐκ</strong></span> <span class='ocrx_word' id='word_1_378' title='bbox 1480 3314 1701 3384; x_wconf 84' lang='grc' dir='ltr'>ὀλίγων,</span> <span class='ocrx_word' id='word_1_379' title='bbox 1734 3314 1829 3382; x_wconf 82' lang='grc' dir='ltr'><strong>οὓς</strong></span> 
     </span>
    </p>
   </div>
   <div class='ocr_carea' id='block_1_52' title="bbox 251 3400 1830 3479">
    <p class='ocr_par' dir='ltr' id='par_1_52' title="bbox 251 3400 1830 3479">
     <span class='ocr_line' id='line_1_52' title="bbox 251 3400 1830 3479; baseline 0.003 -22"><span class='ocrx_word' id='word_1_380' title='bbox 251 3400 364 3475; x_wconf 76' lang='grc' dir='ltr'>εἶχε</span> <span class='ocrx_word' id='word_1_381' title='bbox 397 3404 463 3458; x_wconf 85' lang='grc' dir='ltr'><strong>τὸ</strong></span> <span class='ocrx_word' id='word_1_382' title='bbox 514 3406 790 3477; x_wconf 85' lang='grc' dir='ltr'>συνέδριον</span> <span class='ocrx_word' id='word_1_383' title='bbox 829 3407 927 3461; x_wconf 78' lang='grc' dir='ltr'><strong>σὺν</strong></span> <span class='ocrx_word' id='word_1_384' title='bbox 967 3409 1082 3470; x_wconf 86' lang='grc' dir='ltr'>τοῖς</span> <span class='ocrx_word' id='word_1_385' title='bbox 1131 3406 1481 3479; x_wconf 82' lang='grc' dir='ltr'>κατηγόροις,</span> <span class='ocrx_word' id='word_1_386' title='bbox 1527 3408 1603 3472; x_wconf 85' lang='grc' dir='ltr'>ὡς</span> <span class='ocrx_word' id='word_1_387' title='bbox 1646 3408 1830 3479; x_wconf 83' lang='grc' dir='ltr'>σαφῶς</span> 
     </span>
    </p>
   </div>
   <div class='ocr_carea' id='block_1_53' title="bbox 252 3495 1830 3568">
    <p class='ocr_par' dir='ltr' id='par_1_53' title="bbox 252 3495 1830 3568">
     <span class='ocr_line' id='line_1_53' title="bbox 252 3495 1830 3568; baseline 0.003 -20"><span class='ocrx_word' id='word_1_388' title='bbox 252 3496 443 3550; x_wconf 77' lang='grc' dir='ltr'>εἰδεῖεν</span> <span class='ocrx_word' id='word_1_389' title='bbox 468 3495 564 3550; x_wconf 78' lang='grc' dir='ltr'>τὸν</span> <span class='ocrx_word' id='word_1_390' title='bbox 605 3496 883 3568; x_wconf 83' lang='grc' dir='ltr'>Ἀρσένιον</span> <span class='ocrx_word' id='word_1_391' title='bbox 902 3538 917 3563; x_wconf 93' lang='grc'><strong>,</strong></span> <span class='ocrx_word' id='word_1_392' title='bbox 957 3498 1068 3553; x_wconf 85' lang='lat' dir='ltr'><strong>Kal</strong></span> <span class='ocrx_word' id='word_1_393' title='bbox 1094 3498 1223 3553; x_wconf 77' lang='grc' dir='ltr'>ἐπεὶ</span> <span class='ocrx_word' id='word_1_394' title='bbox 1247 3499 1506 3566; x_wconf 76' lang='grc' dir='ltr'>βεϐαίως</span> <span class='ocrx_word' id='word_1_395' title='bbox 1541 3501 1638 3553; x_wconf 77' lang='grc' dir='ltr'>καὶ</span> <span class='ocrx_word' id='word_1_396' title='bbox 1666 3500 1830 3568; x_wconf 81' lang='grc' dir='ltr'>ἀκρι-</span> 
     </span>
    </p>
   </div>
   <div class='ocr_carea' id='block_1_54' title="bbox 252 3587 1831 3664">
    <p class='ocr_par' dir='ltr' id='par_1_54' title="bbox 252 3587 1831 3664">
     <span class='ocr_line' id='line_1_54' title="bbox 252 3587 1831 3664; baseline 0.002 -21"><span class='ocrx_word' id='word_1_397' title='bbox 252 3587 389 3656; x_wconf 78' lang='grc' dir='ltr'>ϐῶς,</span> <span class='ocrx_word' id='word_1_398' title='bbox 404 3590 439 3642; x_wconf 85' lang='grc' dir='ltr'><strong>ό</strong></span> <span class='ocrx_word' id='word_1_399' title='bbox 471 3589 792 3664; x_wconf 78' lang='grc' dir='ltr'>Ἀθανάσιος</span> <span class='ocrx_word' id='word_1_400' title='bbox 813 3590 1005 3663; x_wconf 75' lang='grc' dir='ltr'>ἔφησε,</span> <span class='ocrx_word' id='word_1_401' title='bbox 1030 3591 1348 3663; x_wconf 76' lang='grc' dir='ltr'>γινώσκειν</span> <span class='ocrx_word' id='word_1_402' title='bbox 1367 3587 1533 3648; x_wconf 83' lang='grc' dir='ltr'>οὗτοι</span> <span class='ocrx_word' id='word_1_403' title='bbox 1559 3608 1831 3662; x_wconf 81' lang='grc' dir='ltr'>συνωμο-</span> 
     </span>
    </p>
   </div>
   <div class='ocr_carea' id='block_1_55' title="bbox 249 3682 1826 3755">
    <p class='ocr_par' dir='ltr' id='par_1_55' title="bbox 249 3682 1826 3755">
     <span class='ocr_line' id='line_1_55' title="bbox 249 3682 1826 3755; baseline 0.003 -20"><span class='ocrx_word' id='word_1_404' title='bbox 249 3682 533 3751; x_wconf 59' lang='grc' dir='ltr'>λόγησαν</span> <span class='ocrx_word' id='word_1_405' title='bbox 564 3682 671 3737; x_wconf 82' lang='grc' dir='ltr'>τὸν</span> <span class='ocrx_word' id='word_1_406' title='bbox 707 3683 1039 3751; x_wconf 80' lang='grc' dir='ltr'>Ἀρσένιον,</span> <span class='ocrx_word' id='word_1_407' title='bbox 1087 3688 1121 3740; x_wconf 85' lang='grc' dir='ltr'><strong>ό</strong></span> <span class='ocrx_word' id='word_1_408' title='bbox 1158 3684 1226 3739; x_wconf 79' lang='grc' dir='ltr'>δὲ</span> <span class='ocrx_word' id='word_1_409' title='bbox 1266 3685 1577 3755; x_wconf 78' lang='grc' dir='ltr'>πάρεστιν,</span> <span class='ocrx_word' id='word_1_410' title='bbox 1607 3686 1826 3740; x_wconf 77' lang='grc' dir='ltr'>εἰσίτω.</span> 
     </span>
    </p>
   </div>
   <div class='ocr_carea' id='block_1_56' title="bbox 253 3774 1828 3849">
    <p class='ocr_par' dir='ltr' id='par_1_56' title="bbox 253 3774 1828 3849">
     <span class='ocr_line' id='line_1_56' title="bbox 253 3774 1828 3849; baseline 0.003 -22"><span class='ocrx_word' id='word_1_411' title='bbox 253 3774 608 3838; x_wconf 78' lang='grc' dir='ltr'>Εἰσελθόντος</span> <span class='ocrx_word' id='word_1_412' title='bbox 640 3775 717 3840; x_wconf 79' lang='grc' dir='ltr'>δὲ,</span> <span class='ocrx_word' id='word_1_413' title='bbox 751 3775 913 3830; x_wconf 85' lang='grc' dir='ltr'>πάλιν</span> <span class='ocrx_word' id='word_1_414' title='bbox 964 3776 1227 3849; x_wconf 76' lang='grc' dir='ltr'>ἐπηρώτα</span> <span class='ocrx_word' id='word_1_415' title='bbox 1281 3779 1329 3831; x_wconf 82' lang='grc' dir='ltr'><strong>εί</strong></span> <span class='ocrx_word' id='word_1_416' title='bbox 1384 3777 1476 3830; x_wconf 83' lang='grc' dir='ltr'><strong>τὸν</strong></span> <span class='ocrx_word' id='word_1_417' title='bbox 1508 3776 1828 3848; x_wconf 84' lang='grc' dir='ltr'>είσαχθέντα</span> 
     </span>
    </p>
   </div>
   <div class='ocr_carea' id='block_1_57' title="bbox 253 3866 1827 3941">
    <p class='ocr_par' dir='ltr' id='par_1_57' title="bbox 253 3866 1827 3941">
     <span class='ocr_line' id='line_1_57' title="bbox 253 3866 1827 3941; baseline 0.003 -22"><span class='ocrx_word' id='word_1_418' title='bbox 253 3866 433 3919; x_wconf 77' lang='grc' dir='ltr'>ῐσασιν</span> <span class='ocrx_word' id='word_1_419' title='bbox 470 3866 549 3930; x_wconf 81' lang='grc' dir='ltr'>ὡς</span> <span class='ocrx_word' id='word_1_420' title='bbox 572 3867 619 3899; x_wconf 82' lang='grc'><strong><em>⁸⁸</em></strong></span> <span class='ocrx_word' id='word_1_421' title='bbox 649 3867 735 3938; x_wconf 83' lang='grc' dir='ltr'><strong>είη</strong></span> <span class='ocrx_word' id='word_1_422' title='bbox 779 3868 1073 3939; x_wconf 81' lang='grc' dir='ltr'>Ἀρσένιος.</span> <span class='ocrx_word' id='word_1_423' title='bbox 1106 3869 1227 3922; x_wconf 88' lang='grc' dir='ltr'>Τῶν</span> <span class='ocrx_word' id='word_1_424' title='bbox 1251 3870 1309 3923; x_wconf 83' lang='grc' dir='ltr'><strong>δὲ</strong></span> <span class='ocrx_word' id='word_1_425' title='bbox 1343 3870 1445 3923; x_wconf 85' lang='grc' dir='ltr'><strong>οὐκ</strong></span> <span class='ocrx_word' id='word_1_426' title='bbox 1466 3869 1700 3941; x_wconf 76' lang='grc' dir='ltr'>ἐχόντων</span> <span class='ocrx_word' id='word_1_427' title='bbox 1728 3870 1827 3941; x_wconf 87' lang='grc' dir='ltr'>ἀρ-</span> 
     </span>
    </p>
   </div>
   <div class='ocr_carea' id='block_1_58' title="bbox 252 3957 1831 4032">
    <p class='ocr_par' dir='ltr' id='par_1_58' title="bbox 252 3957 1831 4032">
     <span class='ocr_line' id='line_1_58' title="bbox 252 3957 1831 4032; baseline 0.002 -22"><span class='ocrx_word' id='word_1_428' title='bbox 252 3957 544 4028; x_wconf 80' lang='grc' dir='ltr'>νήσασθαι,</span> <span class='ocrx_word' id='word_1_429' title='bbox 580 3958 729 4012; x_wconf 74' lang='grc' dir='ltr'>ἕλκει</span> <span class='ocrx_word' id='word_1_430' title='bbox 758 3972 820 4012; x_wconf 89' lang='grc' dir='ltr'><strong>τε</strong></span> <span class='ocrx_word' id='word_1_431' title='bbox 848 3959 1011 4013; x_wconf 80' lang='grc' dir='ltr'>αὐτὸν</span> <span class='ocrx_word' id='word_1_432' title='bbox 1044 3959 1243 4030; x_wconf 74' lang='grc' dir='ltr'>μᾶλλον</span> <span class='ocrx_word' id='word_1_433' title='bbox 1274 3960 1369 4014; x_wconf 85' lang='grc' dir='ltr'>τοῦ</span> <span class='ocrx_word' id='word_1_434' title='bbox 1395 3959 1639 4032; x_wconf 81' lang='grc' dir='ltr'>βήματος</span> <span class='ocrx_word' id='word_1_435' title='bbox 1668 3958 1831 4028; x_wconf 79' lang='grc' dir='ltr'>ἐγγύ-</span> 
     </span>
    </p>
   </div>
   <div class='ocr_carea' id='block_1_59' title="bbox 252 4049 1830 4121">
    <p class='ocr_par' dir='ltr' id='par_1_59' title="bbox 252 4049 1830 4121">
     <span class='ocr_line' id='line_1_59' title="bbox 252 4049 1830 4121; baseline 0.002 -19"><span class='ocrx_word' id='word_1_436' title='bbox 252 4065 431 4119; x_wconf 78' lang='grc' dir='ltr'>τερον,</span> <span class='ocrx_word' id='word_1_437' title='bbox 467 4049 565 4103; x_wconf 77' lang='grc' dir='ltr'>καὶ</span> <span class='ocrx_word' id='word_1_438' title='bbox 617 4050 833 4121; x_wconf 84' lang='grc' dir='ltr'>πρῶτον</span> <span class='ocrx_word' id='word_1_439' title='bbox 880 4050 979 4121; x_wconf 80' lang='grc' dir='ltr'>τὴν</span> <span class='ocrx_word' id='word_1_440' title='bbox 1040 4050 1219 4116; x_wconf 84' lang='grc' dir='ltr'>δεξιὰν</span> <span class='ocrx_word' id='word_1_441' title='bbox 1254 4052 1527 4106; x_wconf 81' lang='grc' dir='ltr'>ἀνατεῖναι</span> <span class='ocrx_word' id='word_1_442' title='bbox 1570 4051 1830 4115; x_wconf 82' lang='grc' dir='ltr'>κελεύσας</span> 
     </span>
    </p>
   </div>
   <div class='ocr_carea' id='block_1_60' title="bbox 251 4136 1828 4215">
    <p class='ocr_par' dir='ltr' id='par_1_60' title="bbox 251 4136 1828 4215">
     <span class='ocr_line' id='line_1_60' title="bbox 251 4136 1828 4215; baseline 0.003 -21"><span class='ocrx_word' id='word_1_443' title='bbox 251 4143 432 4212; x_wconf 82' lang='grc' dir='ltr'>χεῖρα,</span> <span class='ocrx_word' id='word_1_444' title='bbox 473 4136 594 4195; x_wconf 73' lang='grc' dir='ltr'>εἶτα</span> <span class='ocrx_word' id='word_1_445' title='bbox 635 4143 729 4196; x_wconf 74' lang='grc' dir='ltr'>καὶ</span> <span class='ocrx_word' id='word_1_446' title='bbox 779 4142 878 4213; x_wconf 81' lang='grc' dir='ltr'>τὴν</span> <span class='ocrx_word' id='word_1_447' title='bbox 931 4144 1247 4215; x_wconf 81' lang='grc' dir='ltr'>ἀριστερὰν,</span> <span class='ocrx_word' id='word_1_448' title='bbox 1306 4145 1628 4215; x_wconf 62' lang='grc' dir='ltr'>ἀνέκραγεν</span> <span class='ocrx_word' id='word_1_449' title='bbox 1674 4144 1828 4199; x_wconf 80' lang='grc' dir='ltr'>Ἰδοὺ</span> 
     </span>
    </p>
   </div>
   <div class='ocr_carea' id='block_1_61' title="bbox 262 4232 1829 4302">
    <p class='ocr_par' dir='ltr' id='par_1_61' title="bbox 262 4232 1829 4302">
     <span class='ocr_line' id='line_1_61' title="bbox 262 4232 1829 4302; baseline 0.002 -15"><span class='ocrx_word' id='word_1_450' title='bbox 262 4232 576 4301; x_wconf 81' lang='grc' dir='ltr'>Ἀρσένιος</span> <span class='ocrx_word' id='word_1_451' title='bbox 600 4274 615 4299; x_wconf 86' lang='grc'><strong>,</strong></span> <span class='ocrx_word' id='word_1_452' title='bbox 685 4234 905 4302; x_wconf 78' lang='grc' dir='ltr'>ἄνδρες</span> <span class='ocrx_word' id='word_1_453' title='bbox 973 4234 1232 4290; x_wconf 73' lang='grc' dir='ltr'>πολῖται·</span> <span class='ocrx_word' id='word_1_454' title='bbox 1271 4235 1401 4290; x_wconf 83' lang='grc' dir='ltr'><strong>ιδοὺ</strong></span> <span class='ocrx_word' id='word_1_455' title='bbox 1456 4236 1557 4290; x_wconf 76' lang='grc' dir='ltr'>οιαὶ</span> <span class='ocrx_word' id='word_1_456' title='bbox 1603 4239 1663 4290; x_wconf 86' lang='lat' dir='ltr'><strong>al</strong></span> <span class='ocrx_word' id='word_1_457' title='bbox 1720 4235 1829 4290; x_wconf 78' lang='grc' dir='ltr'>δύο</span> 
     </span>
    </p>
   </div>
   <div class='ocr_carea' id='block_1_62' title="bbox 250 4320 1831 4396">
    <p class='ocr_par' dir='ltr' id='par_1_62' title="bbox 250 4320 1831 4396">
     <span class='ocr_line' id='line_1_62' title="bbox 250 4320 1831 4396; baseline 0.003 -19"><span class='ocrx_word' id='word_1_458' title='bbox 250 4326 468 4379; x_wconf 80' lang='grc' dir='ltr'>τούτου</span> <span class='ocrx_word' id='word_1_459' title='bbox 496 4323 711 4394; x_wconf 78' lang='grc' dir='ltr'>χεῖρες,</span> <span class='ocrx_word' id='word_1_460' title='bbox 733 4320 780 4381; x_wconf 83' lang='grc' dir='ltr'><strong>ὦ</strong></span> <span class='ocrx_word' id='word_1_461' title='bbox 804 4324 1122 4396; x_wconf 80' lang='grc' dir='ltr'>θαυμάσιοι</span> <span class='ocrx_word' id='word_1_462' title='bbox 1143 4327 1424 4380; x_wconf 81' lang='grc' dir='ltr'>δικασταί</span> <span class='ocrx_word' id='word_1_463' title='bbox 1429 4368 1442 4381; x_wconf 93' lang='grc'><strong>.</strong></span> <span class='ocrx_word' id='word_1_464' title='bbox 1475 4328 1831 4381; x_wconf 78' lang='grc' dir='ltr'>Είπάτωσαν</span> 
     </span>
    </p>
   </div>
   <div class='ocr_carea' id='block_1_63' title="bbox 250 4408 1830 4486">
    <p class='ocr_par' dir='ltr' id='par_1_63' title="bbox 250 4408 1830 4486">
     <span class='ocr_line' id='line_1_63' title="bbox 250 4408 1830 4486; baseline 0.003 -19"><span class='ocrx_word' id='word_1_465' title='bbox 250 4408 363 4468; x_wconf 81' lang='grc' dir='ltr'><strong>οὖν</strong></span> <span class='ocrx_word' id='word_1_466' title='bbox 401 4415 461 4469; x_wconf 86' lang='lat' dir='ltr'><strong>al</strong></span> <span class='ocrx_word' id='word_1_467' title='bbox 496 4414 817 4485; x_wconf 76' lang='grc' dir='ltr'>κατήγοροι</span> <span class='ocrx_word' id='word_1_468' title='bbox 854 4416 1018 4482; x_wconf 83' lang='grc' dir='ltr'>τινος</span> <span class='ocrx_word' id='word_1_469' title='bbox 1046 4416 1219 4471; x_wconf 79' lang='grc' dir='ltr'>ἐστὶν</span> <span class='ocrx_word' id='word_1_470' title='bbox 1241 4417 1285 4448; x_wconf 83' lang='grc'><strong>⁸⁷</strong></span> <span class='ocrx_word' id='word_1_471' title='bbox 1323 4418 1363 4485; x_wconf 78' lang='grc' dir='ltr'><em>ἠ</em></span> <span class='ocrx_word' id='word_1_472' title='bbox 1384 4416 1511 4486; x_wconf 78' lang='grc' dir='ltr'>χεὶρ</span> <span class='ocrx_word' id='word_1_473' title='bbox 1543 4418 1642 4471; x_wconf 82' lang='grc' dir='ltr'><strong>καί</strong></span> <span class='ocrx_word' id='word_1_474' title='bbox 1669 4418 1830 4486; x_wconf 84' lang='grc' dir='ltr'>τινος</span> 
     </span>
    </p>
   </div>
   <div class='ocr_carea' id='block_1_64' title="bbox 251 4501 1902 4597">
    <p class='ocr_par' dir='ltr' id='par_1_64' title="bbox 251 4501 1902 4597">
     <span class='ocr_line' id='line_1_64' title="bbox 251 4501 1902 4597; baseline 0.004 -39"><span class='ocrx_word' id='word_1_475' title='bbox 251 4505 449 4573; x_wconf 79' lang='grc' dir='ltr'>αὐτὴν</span> <span class='ocrx_word' id='word_1_476' title='bbox 484 4504 813 4576; x_wconf 72' lang='grc' dir='ltr'>ἐξέκοψαν.</span> <span class='ocrx_word' id='word_1_477' title='bbox 841 4505 969 4577; x_wconf 70' lang='grc' dir='ltr'><strong>Ἐφ’</strong></span> <span class='ocrx_word' id='word_1_478' title='bbox 1014 4501 1063 4576; x_wconf 84' lang='grc' dir='ltr'>ᾧ</span> <span class='ocrx_word' id='word_1_479' title='bbox 1100 4509 1211 4578; x_wconf 74' lang='grc' dir='ltr'>γὰρ</span> <span class='ocrx_word' id='word_1_480' title='bbox 1248 4509 1434 4578; x_wconf 80' lang='grc' dir='ltr'>ταύτῃ</span> <span class='ocrx_word' id='word_1_481' title='bbox 1463 4509 1824 4579; x_wconf 76' lang='grc' dir='ltr'>ἐχρήσαντο,</span> <span class='ocrx_word' id='word_1_482' title='bbox 1856 4542 1902 4597; x_wconf 76' lang='lat' dir='ltr'><strong>D</strong></span> 
     </span>
    </p>
   </div>
   <div class='ocr_carea' id='block_1_65' title="bbox 252 4597 1825 4671">
    <p class='ocr_par' dir='ltr' id='par_1_65' title="bbox 252 4597 1825 4671">
     <span class='ocr_line' id='line_1_65' title="bbox 252 4597 1825 4671; baseline 0.003 -22"><span class='ocrx_word' id='word_1_483' title='bbox 252 4597 454 4650; x_wconf 77' lang='grc' dir='ltr'>οὐκέτι</span> <span class='ocrx_word' id='word_1_484' title='bbox 473 4597 696 4651; x_wconf 74' lang='grc' dir='ltr'>λοιπὸν</span> <span class='ocrx_word' id='word_1_485' title='bbox 722 4598 924 4653; x_wconf 77' lang='grc' dir='ltr'>οὐδενὶ</span> <span class='ocrx_word' id='word_1_486' title='bbox 943 4598 1409 4669; x_wconf 59' lang='grc' dir='ltr'>ἀμφισϐήτησις</span> <span class='ocrx_word' id='word_1_487' title='bbox 1438 4601 1825 4671; x_wconf 80' lang='grc' dir='ltr'>ἐχειροκόπη-</span> 
     </span>
    </p>
   </div>
   <div class='ocr_carea' id='block_1_66' title="bbox 252 4685 1822 4758">
    <p class='ocr_par' dir='ltr' id='par_1_66' title="bbox 252 4685 1822 4758">
     <span class='ocr_line' id='line_1_66' title="bbox 252 4685 1822 4758; baseline 0.004 -19"><span class='ocrx_word' id='word_1_488' title='bbox 252 4701 374 4739; x_wconf 80' lang='grc' dir='ltr'><strong>σαν</strong></span> <span class='ocrx_word' id='word_1_489' title='bbox 416 4685 532 4756; x_wconf 80' lang='grc' dir='ltr'><strong>τὰρ</strong></span> <span class='ocrx_word' id='word_1_490' title='bbox 578 4686 920 4755; x_wconf 75' lang='grc' dir='ltr'>ἄνθρωπον,</span> <span class='ocrx_word' id='word_1_491' title='bbox 951 4689 1031 4755; x_wconf 86' lang='grc' dir='ltr'><strong>ὡς</strong></span> <span class='ocrx_word' id='word_1_492' title='bbox 1064 4688 1141 4743; x_wconf 83' lang='grc' dir='ltr'>ἂν</span> <span class='ocrx_word' id='word_1_493' title='bbox 1180 4688 1338 4758; x_wconf 76' lang='grc' dir='ltr'>ἡμᾶς</span> <span class='ocrx_word' id='word_1_494' title='bbox 1377 4689 1822 4745; x_wconf 83' lang='grc' dir='ltr'>θανατώσωσιν.</span> 
     </span>
    </p>
   </div>
   <div class='ocr_carea' id='block_1_67' title="bbox 263 4777 1824 4847">
    <p class='ocr_par' dir='ltr' id='par_1_67' title="bbox 263 4777 1824 4847">
     <span class='ocr_line' id='line_1_67' title="bbox 263 4777 1824 4847; baseline 0.006 -18"><span class='ocrx_word' id='word_1_495' title='bbox 263 4777 403 4830; x_wconf 80' lang='grc' dir='ltr'>Ἀλλ’</span> <span class='ocrx_word' id='word_1_496' title='bbox 433 4778 465 4830; x_wconf 87' lang='grc' dir='ltr'><strong>ό</strong></span> <span class='ocrx_word' id='word_1_497' title='bbox 519 4777 621 4847; x_wconf 84' lang='grc' dir='ltr'><strong>μὲν</strong></span> <span class='ocrx_word' id='word_1_498' title='bbox 651 4778 796 4833; x_wconf 79' lang='grc' dir='ltr'>οὕτω</span> <span class='ocrx_word' id='word_1_499' title='bbox 841 4780 911 4835; x_wconf 79' lang='grc' dir='ltr'><strong>τά</strong></span> <span class='ocrx_word' id='word_1_500' title='bbox 946 4781 1054 4838; x_wconf 83' lang='grc' dir='ltr'><strong>τῶν</strong></span> <span class='ocrx_word' id='word_1_501' title='bbox 1098 4783 1412 4839; x_wconf 84' lang='grc' dir='ltr'>ἀντιπάλων</span> <span class='ocrx_word' id='word_1_502' title='bbox 1445 4784 1622 4839; x_wconf 86' lang='grc' dir='ltr'>πάντα</span> <span class='ocrx_word' id='word_1_503' title='bbox 1648 4786 1824 4839; x_wconf 78' lang='grc' dir='ltr'>διέλυε</span> 
     </span>
    </p>
   </div>
   <div class='ocr_carea' id='block_1_68' title="bbox 260 4872 1825 4946">
    <p class='ocr_par' dir='ltr' id='par_1_68' title="bbox 260 4872 1825 4946">
     <span class='ocr_line' id='line_1_68' title="bbox 260 4872 1825 4946; baseline 0.004 -22"><span class='ocrx_word' id='word_1_504' title='bbox 260 4872 654 4941; x_wconf 75' lang='grc' dir='ltr'>μηχανήματα’</span> <span class='ocrx_word' id='word_1_505' title='bbox 705 4872 756 4925; x_wconf 82' lang='grc' dir='ltr'>οἱ</span> <span class='ocrx_word' id='word_1_506' title='bbox 801 4872 860 4925; x_wconf 86' lang='grc' dir='ltr'><strong>δὲ</strong></span> <span class='ocrx_word' id='word_1_507' title='bbox 900 4875 1087 4944; x_wconf 73' lang='grc' dir='ltr'>κριταὶ</span> <span class='ocrx_word' id='word_1_508' title='bbox 1119 4875 1311 4945; x_wconf 80' lang='grc' dir='ltr'>τυφλοὶ</span> <span class='ocrx_word' id='word_1_509' title='bbox 1340 4878 1433 4931; x_wconf 77' lang='grc' dir='ltr'><strong>καὶ</strong></span> <span class='ocrx_word' id='word_1_510' title='bbox 1465 4878 1639 4946; x_wconf 77' lang='grc' dir='ltr'>κωφοὶ</span> <span class='ocrx_word' id='word_1_511' title='bbox 1670 4878 1735 4933; x_wconf 78' lang='grc' dir='ltr'>ἔκ</span> <span class='ocrx_word' id='word_1_512' title='bbox 1764 4894 1825 4931; x_wconf 83' lang='grc' dir='ltr'><strong>τε</strong></span> 
     </span>
    </p>
   </div>
   <div class='ocr_carea' id='block_1_69' title="bbox 257 4962 1826 5041">
    <p class='ocr_par' dir='ltr' id='par_1_69' title="bbox 257 4962 1826 5041">
     <span class='ocr_line' id='line_1_69' title="bbox 257 4962 1826 5041; baseline 0.005 -26"><span class='ocrx_word' id='word_1_513' title='bbox 257 4963 348 5017; x_wconf 79' lang='grc' dir='ltr'>τοῦ</span> <span class='ocrx_word' id='word_1_514' title='bbox 400 4962 589 5035; x_wconf 80' lang='grc' dir='ltr'>ζητεῖν</span> <span class='ocrx_word' id='word_1_515' title='bbox 645 4966 903 5038; x_wconf 83' lang='grc' dir='ltr'>ἀρέσκειν</span> <span class='ocrx_word' id='word_1_516' title='bbox 934 4969 1303 5041; x_wconf 82' lang='grc' dir='ltr'>Κωνσταντίῳ</span> <span class='ocrx_word' id='word_1_517' title='bbox 1332 4972 1618 5039; x_wconf 82' lang='grc' dir='ltr'>γεγονότες</span> <span class='ocrx_word' id='word_1_518' title='bbox 1647 4972 1742 5025; x_wconf 76' lang='grc' dir='ltr'><strong>καὶ</strong></span> <span class='ocrx_word' id='word_1_519' title='bbox 1766 4971 1826 5037; x_wconf 80' lang='grc' dir='ltr'><strong>ἐξ</strong></span> 
     </span>
    </p>
   </div>
   <div class='ocr_carea' id='block_1_70' title="bbox 262 5048 1829 5134">
    <p class='ocr_par' dir='ltr' id='par_1_70' title="bbox 262 5048 1829 5134">
     <span class='ocr_line' id='line_1_70' title="bbox 262 5048 1829 5134; baseline 0.007 -26"><span class='ocrx_word' id='word_1_520' title='bbox 262 5048 333 5108; x_wconf 74' lang='grc' dir='ltr'>ὧν</span> <span class='ocrx_word' id='word_1_521' title='bbox 363 5056 663 5112; x_wconf 86' lang='grc' dir='ltr'>ἀπέκλινον</span> <span class='ocrx_word' id='word_1_522' title='bbox 700 5061 815 5122; x_wconf 85' lang='grc' dir='ltr'>τοῖς</span> <span class='ocrx_word' id='word_1_523' title='bbox 845 5059 1232 5130; x_wconf 83' lang='grc' dir='ltr'>αίρετίζουσιν,</span> <span class='ocrx_word' id='word_1_524' title='bbox 1259 5064 1522 5117; x_wconf 84' lang='grc' dir='ltr'>ἀπέλιπόν</span> <span class='ocrx_word' id='word_1_525' title='bbox 1550 5080 1609 5117; x_wconf 85' lang='grc' dir='ltr'><strong>τε</strong></span> <span class='ocrx_word' id='word_1_526' title='bbox 1642 5064 1703 5117; x_wconf 84' lang='grc' dir='ltr'>τὸ</span> <span class='ocrx_word' id='word_1_527' title='bbox 1733 5062 1829 5134; x_wconf 83' lang='grc' dir='ltr'><strong>βῆ-</strong></span> 
     </span>
    </p>
   </div>
   <div class='ocr_carea' id='block_1_71' title="bbox 266 5150 1825 5227">
    <p class='ocr_par' dir='ltr' id='par_1_71' title="bbox 266 5150 1825 5227">
     <span class='ocr_line' id='line_1_71' title="bbox 266 5150 1825 5227; baseline 0.004 -25"><span class='ocrx_word' id='word_1_528' title='bbox 266 5164 358 5216; x_wconf 77' lang='grc' dir='ltr'><strong>μα,</strong></span> <span class='ocrx_word' id='word_1_529' title='bbox 410 5150 507 5204; x_wconf 83' lang='grc' dir='ltr'>καὶ</span> <span class='ocrx_word' id='word_1_530' title='bbox 552 5154 675 5223; x_wconf 77' lang='grc' dir='ltr'>σιγῇ</span> <span class='ocrx_word' id='word_1_531' title='bbox 710 5152 908 5206; x_wconf 80' lang='grc' dir='ltr'>διδόναι</span> <span class='ocrx_word' id='word_1_532' title='bbox 952 5155 1023 5208; x_wconf 83' lang='grc' dir='ltr'>τὰ</span> <span class='ocrx_word' id='word_1_533' title='bbox 1075 5154 1412 5225; x_wconf 74' lang='grc' dir='ltr'>ἐληλεγμένα</span> <span class='ocrx_word' id='word_1_534' title='bbox 1456 5155 1825 5227; x_wconf 82' lang='grc' dir='ltr'>ὲτεχνάζοντο.</span> 
     </span>
    </p>
   </div>
   <div class='ocr_carea' id='block_1_72' title="bbox 274 5236 1826 5318">
    <p class='ocr_par' dir='ltr' id='par_1_72' title="bbox 274 5236 1826 5318">
     <span class='ocr_line' id='line_1_72' title="bbox 274 5236 1826 5318; baseline 0.006 -29"><span class='ocrx_word' id='word_1_535' title='bbox 274 5236 771 5310; x_wconf 81' lang='grc' dir='ltr'>Ύποχωρησάντων</span> <span class='ocrx_word' id='word_1_536' title='bbox 786 5243 844 5296; x_wconf 83' lang='grc' dir='ltr'>δὲ</span> <span class='ocrx_word' id='word_1_537' title='bbox 859 5243 1083 5309; x_wconf 82' lang='grc' dir='ltr'>τούτων,</span> <span class='ocrx_word' id='word_1_538' title='bbox 1105 5244 1267 5316; x_wconf 72' lang='grc'><strong>[1440</strong></span> <span class='ocrx_word' id='word_1_539' title='bbox 1291 5245 1385 5318; x_wconf 68' lang='lat' dir='ltr'><strong>IL]</strong></span> <span class='ocrx_word' id='word_1_540' title='bbox 1407 5246 1618 5318; x_wconf 90' lang='grc' dir='ltr'>κίνησις</span> <span class='ocrx_word' id='word_1_541' title='bbox 1642 5246 1826 5299; x_wconf 83' lang='grc' dir='ltr'>οὐκέτι</span> 
     </span>
    </p>
   </div>
   <div class='ocr_carea' id='block_1_73' title="bbox 272 5332 1825 5407">
    <p class='ocr_par' dir='ltr' id='par_1_73' title="bbox 272 5332 1825 5407">
     <span class='ocr_line' id='line_1_73' title="bbox 272 5332 1825 5407; baseline 0.006 -27"><span class='ocrx_word' id='word_1_542' title='bbox 272 5332 662 5401; x_wconf 68' lang='grc' dir='ltr'>συκοφαντιῶν,</span> <span class='ocrx_word' id='word_1_543' title='bbox 721 5332 843 5387; x_wconf 88' lang='grc' dir='ltr'>ἀλλ’</span> <span class='ocrx_word' id='word_1_544' title='bbox 875 5336 1107 5400; x_wconf 83' lang='grc' dir='ltr'>ἀναιδῶς</span> <span class='ocrx_word' id='word_1_545' title='bbox 1156 5336 1470 5407; x_wconf 79' lang='grc' dir='ltr'>μιαιφονίας</span> <span class='ocrx_word' id='word_1_546' title='bbox 1529 5336 1673 5392; x_wconf 87' lang='grc' dir='ltr'><strong>κατά</strong></span> <span class='ocrx_word' id='word_1_547' title='bbox 1731 5335 1825 5390; x_wconf 84' lang='grc' dir='ltr'>τοῦ</span> 
     </span>
    </p>
   </div>
   <div class='ocr_carea' id='block_1_74' title="bbox 268 5424 1828 5500">
    <p class='ocr_par' dir='ltr' id='par_1_74' title="bbox 268 5424 1828 5500">
     <span class='ocr_line' id='line_1_74' title="bbox 268 5424 1828 5500; baseline 0.001 -21"><span class='ocrx_word' id='word_1_548' title='bbox 268 5424 647 5496; x_wconf 80' lang='grc' dir='ltr'>τρισαριστέως</span> <span class='ocrx_word' id='word_1_549' title='bbox 672 5425 800 5499; x_wconf 68' lang='grc'><strong>[784</strong></span> <span class='ocrx_word' id='word_1_550' title='bbox 822 5426 917 5499; x_wconf 74' lang='lat' dir='ltr'><strong>IL]</strong></span> <span class='ocrx_word' id='word_1_551' title='bbox 956 5427 1383 5500; x_wconf 78' lang='grc' dir='ltr'>ἀναῤῥήγνυται,</span> <span class='ocrx_word' id='word_1_552' title='bbox 1417 5428 1510 5482; x_wconf 76' lang='grc' dir='ltr'>καὶ</span> <span class='ocrx_word' id='word_1_553' title='bbox 1536 5430 1585 5482; x_wconf 85' lang='lat' dir='ltr'><strong>oi</strong></span> <span class='ocrx_word' id='word_1_554' title='bbox 1612 5432 1710 5500; x_wconf 84' lang='grc' dir='ltr'>μὲν</span> <span class='ocrx_word' id='word_1_555' title='bbox 1741 5427 1828 5481; x_wconf 87' lang='grc' dir='ltr'>λό-</span> 
     </span>
    </p>
   </div>
   <div class='ocr_carea' id='block_1_75' title="bbox 1928 1943 3503 2016">
    <p class='ocr_par' dir='ltr' id='par_1_75' title="bbox 1928 1943 3503 2016">
     <span class='ocr_line' id='line_1_75' title="bbox 1928 1943 3503 2016; baseline -0.003 -19"><span class='ocrx_word' id='word_1_556' title='bbox 1928 1950 2235 1998; x_wconf 87' lang='lat' dir='ltr'><strong>servarent.</strong></span> <span class='ocrx_word' id='word_1_557' title='bbox 2273 1944 2631 2001; x_wconf 84' lang='lat' dir='ltr'><strong>Accusatores</strong></span> <span class='ocrx_word' id='word_1_558' title='bbox 2686 1959 2837 2011; x_wconf 90' lang='lat' dir='ltr'><strong>vero,</strong></span> <span class='ocrx_word' id='word_1_559' title='bbox 2892 1959 3030 2016; x_wconf 89' lang='lat' dir='ltr'><strong>quos</strong></span> <span class='ocrx_word' id='word_1_560' title='bbox 3076 1943 3327 2000; x_wconf 80' lang='lat' dir='ltr'><strong>beneﬁcii</strong></span> <span class='ocrx_word' id='word_1_561' title='bbox 3383 1943 3503 1995; x_wconf 84' lang='lat' dir='ltr'><strong>loco</strong></span> 
     </span>
    </p>
   </div>
   <div class='ocr_carea' id='block_1_76' title="bbox 1926 2030 3501 2106">
    <p class='ocr_par' dir='ltr' id='par_1_76' title="bbox 1926 2030 3501 2106">
     <span class='ocr_line' id='line_1_76' title="bbox 1926 2030 3501 2106; baseline 0 -19"><span class='ocrx_word' id='word_1_562' title='bbox 1926 2030 2127 2088; x_wconf 88' lang='lat' dir='ltr'><strong>ducere</strong></span> <span class='ocrx_word' id='word_1_563' title='bbox 2163 2035 2477 2104; x_wconf 90' lang='lat' dir='ltr'><strong>oportebat,</strong></span> <span class='ocrx_word' id='word_1_564' title='bbox 2530 2035 2677 2106; x_wconf 89' lang='lat' dir='ltr'><strong>quod</strong></span> <span class='ocrx_word' id='word_1_565' title='bbox 2708 2034 3003 2091; x_wconf 69' lang='lat' dir='ltr'><strong>calumniae</strong></span> <span class='ocrx_word' id='word_1_566' title='bbox 3046 2048 3261 2106; x_wconf 67' lang='lat' dir='ltr'><strong>poenam</strong></span> <span class='ocrx_word' id='word_1_567' title='bbox 3303 2032 3501 2101; x_wconf 78' lang='lat' dir='ltr'><strong>cil‘ugc-</strong></span> 
     </span>
    </p>
   </div>
   <div class='ocr_carea' id='block_1_77' title="bbox 1926 2123 3506 2189">
    <p class='ocr_par' dir='ltr' id='par_1_77' title="bbox 1926 2123 3506 2189">
     <span class='ocr_line' id='line_1_77' title="bbox 1926 2123 3506 2189; baseline -0.003 -12"><span class='ocrx_word' id='word_1_568' title='bbox 1926 2130 2070 2189; x_wconf 88' lang='lat' dir='ltr'><strong>rent,</strong></span> <span class='ocrx_word' id='word_1_569' title='bbox 2122 2138 2246 2179; x_wconf 81' lang='lat' dir='ltr'><strong>mox</strong></span> <span class='ocrx_word' id='word_1_570' title='bbox 2284 2124 2351 2179; x_wconf 88' lang='lat' dir='ltr'><strong>ad</strong></span> <span class='ocrx_word' id='word_1_571' title='bbox 2391 2125 2636 2179; x_wconf 78' lang='lat' dir='ltr'><strong>dextram</strong></span> <span class='ocrx_word' id='word_1_572' title='bbox 2679 2123 2899 2179; x_wconf 83' lang='lat' dir='ltr'><strong>Arsenii</strong></span> <span class='ocrx_word' id='word_1_573' title='bbox 2950 2138 3010 2179; x_wconf 87' lang='lat' dir='ltr'><strong>se</strong></span> <span class='ocrx_word' id='word_1_574' title='bbox 3060 2130 3409 2187; x_wconf 88' lang='lat' dir='ltr'><strong>convertunt,</strong></span> <span class='ocrx_word' id='word_1_575' title='bbox 3452 2130 3506 2173; x_wconf 91' lang='lat' dir='ltr'><strong>et</strong></span> 
     </span>
    </p>
   </div>
   <div class='ocr_carea' id='block_1_78' title="bbox 1927 2210 3502 2286">
    <p class='ocr_par' dir='ltr' id='par_1_78' title="bbox 1927 2210 3502 2286">
     <span class='ocr_line' id='line_1_78' title="bbox 1927 2210 3502 2286; baseline -0.004 -17"><span class='ocrx_word' id='word_1_576' title='bbox 1927 2214 2128 2269; x_wconf 82' lang='lat' dir='ltr'><strong>caedem</strong></span> <span class='ocrx_word' id='word_1_577' title='bbox 2158 2213 2323 2269; x_wconf 86' lang='lat' dir='ltr'><strong>simul</strong></span> <span class='ocrx_word' id='word_1_578' title='bbox 2377 2224 2430 2269; x_wconf 89' lang='lat' dir='ltr'><strong>et</strong></span> <span class='ocrx_word' id='word_1_579' title='bbox 2479 2215 2783 2286; x_wconf 77' lang='lat' dir='ltr'><strong>praestigias</strong></span> <span class='ocrx_word' id='word_1_580' title='bbox 2835 2214 2914 2270; x_wconf 86' lang='lat' dir='ltr'><strong>illi</strong></span> <span class='ocrx_word' id='word_1_581' title='bbox 2993 2212 3282 2284; x_wconf 87' lang='lat' dir='ltr'><strong>objiciunt.</strong></span> <span class='ocrx_word' id='word_1_582' title='bbox 3363 2210 3502 2263; x_wconf 87' lang='lat' dir='ltr'><strong>Tum</strong></span> 
     </span>
    </p>
   </div>
   <div class='ocr_carea' id='block_1_79' title="bbox 1925 2296 3504 2363">
    <p class='ocr_par' dir='ltr' id='par_1_79' title="bbox 1925 2296 3504 2363">
     <span class='ocr_line' id='line_1_79' title="bbox 1925 2296 3504 2363; baseline -0.007 -4"><span class='ocrx_word' id='word_1_583' title='bbox 1925 2303 2259 2360; x_wconf 85' lang='lat' dir='ltr'><strong>Athanasius</strong></span> <span class='ocrx_word' id='word_1_584' title='bbox 2300 2303 2547 2359; x_wconf 89' lang='lat' dir='ltr'><strong>interrita</strong></span> <span class='ocrx_word' id='word_1_585' title='bbox 2592 2318 2727 2359; x_wconf 89' lang='lat' dir='ltr'><strong>voce</strong></span> <span class='ocrx_word' id='word_1_586' title='bbox 2773 2318 2838 2359; x_wconf 91' lang='lat' dir='ltr'><strong>ac</strong></span> <span class='ocrx_word' id='word_1_587' title='bbox 2874 2310 3055 2358; x_wconf 86' lang='lat' dir='ltr'><strong>mente</strong></span> <span class='ocrx_word' id='word_1_588' title='bbox 3081 2300 3150 2354; x_wconf 88' lang='lat' dir='ltr'><strong>ad</strong></span> <span class='ocrx_word' id='word_1_589' title='bbox 3183 2314 3279 2353; x_wconf 88' lang='lat' dir='ltr'><strong>eos</strong></span> <span class='ocrx_word' id='word_1_590' title='bbox 3315 2315 3327 2351; x_wconf 93' lang='lat'><strong>:</strong></span> <span class='ocrx_word' id='word_1_591' title='bbox 3370 2296 3504 2363; x_wconf 83' lang='lat' dir='ltr'><strong>Quis</strong></span> 
     </span>
    </p>
   </div>
   <div class='ocr_carea' id='block_1_80' title="bbox 1926 2391 3505 2464">
    <p class='ocr_par' dir='ltr' id='par_1_80' title="bbox 1926 2391 3505 2464">
     <span class='ocr_line' id='line_1_80' title="bbox 1926 2391 3505 2464; baseline -0.005 -13"><span class='ocrx_word' id='word_1_592' title='bbox 1926 2406 2157 2452; x_wconf 80' lang='lat' dir='ltr'><strong>uestrum</strong></span> <span class='ocrx_word' id='word_1_593' title='bbox 2232 2398 2377 2452; x_wconf 87' lang='lat' dir='ltr'><strong>novit</strong></span> <span class='ocrx_word' id='word_1_594' title='bbox 2439 2396 2739 2464; x_wconf 84' lang='lat' dir='ltr'><strong>Arsenium,</strong></span> <span class='ocrx_word' id='word_1_595' title='bbox 2806 2404 2900 2450; x_wconf 86' lang='lat' dir='ltr'><strong>aut</strong></span> <span class='ocrx_word' id='word_1_596' title='bbox 2973 2396 3109 2449; x_wconf 83' lang='lat' dir='ltr'><strong>hanc</strong></span> <span class='ocrx_word' id='word_1_597' title='bbox 3164 2409 3274 2447; x_wconf 83' lang='lat' dir='ltr'><strong>esse</strong></span> <span class='ocrx_word' id='word_1_598' title='bbox 3340 2391 3505 2459; x_wconf 79' lang='lat' dir='ltr'><strong>ipsius</strong></span> 
     </span>
    </p>
   </div>
   <div class='ocr_carea' id='block_1_81' title="bbox 1928 2484 3506 2559">
    <p class='ocr_par' dir='ltr' id='par_1_81' title="bbox 1928 2484 3506 2559">
     <span class='ocr_line' id='line_1_81' title="bbox 1928 2484 3506 2559; baseline -0.004 -16"><span class='ocrx_word' id='word_1_599' title='bbox 1928 2489 2167 2543; x_wconf 75' lang='lat' dir='ltr'><strong>dextram</strong></span> <span class='ocrx_word' id='word_1_600' title='bbox 2196 2490 2342 2544; x_wconf 80' lang='lat' dir='ltr'><strong>scit?</strong></span> <span class='ocrx_word' id='word_1_601' title='bbox 2400 2488 2877 2559; x_wconf 83' lang='lat' dir='ltr'><strong>Respondentibus</strong></span> <span class='ocrx_word' id='word_1_602' title='bbox 2935 2497 3117 2542; x_wconf 91' lang='lat' dir='ltr'><strong>autem</strong></span> <span class='ocrx_word' id='word_1_603' title='bbox 3162 2484 3415 2551; x_wconf 85' lang='lat' dir='ltr'><strong>plurimis</strong></span> <span class='ocrx_word' id='word_1_604' title='bbox 3439 2497 3506 2537; x_wconf 83' lang='lat' dir='ltr'><strong>ex</strong></span> 
     </span>
    </p>
   </div>
   <div class='ocr_carea' id='block_1_82' title="bbox 1925 2576 3504 2654">
    <p class='ocr_par' dir='ltr' id='par_1_82' title="bbox 1925 2576 3504 2654">
     <span class='ocr_line' id='line_1_82' title="bbox 1925 2576 3504 2654; baseline -0.005 -18"><span class='ocrx_word' id='word_1_605' title='bbox 1925 2581 2124 2654; x_wconf 60' lang='lat' dir='ltr'><strong>581a</strong></span> <span class='ocrx_word' id='word_1_606' title='bbox 2174 2582 2606 2645; x_wconf 87' lang='lat' dir='ltr'><strong>accusatoribus,</strong></span> <span class='ocrx_word' id='word_1_607' title='bbox 2661 2596 2720 2637; x_wconf 91' lang='lat' dir='ltr'><strong>se</strong></span> <span class='ocrx_word' id='word_1_608' title='bbox 2770 2581 2939 2650; x_wconf 81' lang='lat' dir='ltr'><strong>probe</strong></span> <span class='ocrx_word' id='word_1_609' title='bbox 2975 2594 3145 2635; x_wconf 87' lang='lat' dir='ltr'><strong>nosse</strong></span> <span class='ocrx_word' id='word_1_610' title='bbox 3187 2576 3504 2638; x_wconf 89' lang='lat' dir='ltr'><strong>Arsenium,</strong></span> 
     </span>
    </p>
   </div>
   <div class='ocr_carea' id='block_1_83' title="bbox 1928 2670 3508 2742">
    <p class='ocr_par' dir='ltr' id='par_1_83' title="bbox 1928 2670 3508 2742">
     <span class='ocr_line' id='line_1_83' title="bbox 1928 2670 3508 2742; baseline -0.007 -13"><span class='ocrx_word' id='word_1_611' title='bbox 1928 2683 2042 2729; x_wconf 92' lang='lat' dir='ltr'><strong>tum</strong></span> <span class='ocrx_word' id='word_1_612' title='bbox 2110 2673 2492 2729; x_wconf 87' lang='lat' dir='ltr'><strong>Athanasius:</strong></span> <span class='ocrx_word' id='word_1_613' title='bbox 2532 2670 2993 2742; x_wconf 81' lang='lat' dir='ltr'><strong>Quandoquidem,</strong></span> <span class='ocrx_word' id='word_1_614' title='bbox 3055 2670 3150 2736; x_wconf 86' lang='lat' dir='ltr'><strong>ait,</strong></span> <span class='ocrx_word' id='word_1_615' title='bbox 3201 2674 3508 2723; x_wconf 74' lang='lat' dir='ltr'><strong>constanter</strong></span> 
     </span>
    </p>
   </div>
   <div class='ocr_carea' id='block_1_84' title="bbox 1928 2756 3506 2833">
    <p class='ocr_par' dir='ltr' id='par_1_84' title="bbox 1928 2756 3506 2833">
     <span class='ocr_line' id='line_1_84' title="bbox 1928 2756 3506 2833; baseline -0.006 -15"><span class='ocrx_word' id='word_1_616' title='bbox 1928 2778 1993 2818; x_wconf 85' lang='lat' dir='ltr'><strong>ac</strong></span> <span class='ocrx_word' id='word_1_617' title='bbox 2024 2763 2253 2833; x_wconf 78' lang='lat' dir='ltr'><strong>ﬁrmiter</strong></span> <span class='ocrx_word' id='word_1_618' title='bbox 2284 2762 2510 2832; x_wconf 80' lang='lat' dir='ltr'><strong>confessi</strong></span> <span class='ocrx_word' id='word_1_619' title='bbox 2552 2770 2674 2817; x_wconf 83' lang='lat' dir='ltr'><strong>sunt</strong></span> <span class='ocrx_word' id='word_1_620' title='bbox 2730 2777 2784 2816; x_wconf 84' lang='lat' dir='ltr'><strong>se</strong></span> <span class='ocrx_word' id='word_1_621' title='bbox 2816 2775 2967 2815; x_wconf 82' lang='lat' dir='ltr'><strong>nosse</strong></span> <span class='ocrx_word' id='word_1_622' title='bbox 3019 2758 3324 2825; x_wconf 75' lang='lat' dir='ltr'><strong>Arsaniam,</strong></span> <span class='ocrx_word' id='word_1_623' title='bbox 3356 2756 3506 2810; x_wconf 84' lang='lat' dir='ltr'><strong>adest</strong></span> 
     </span>
    </p>
   </div>
   <div class='ocr_carea' id='block_1_85' title="bbox 1926 2850 3502 2927">
    <p class='ocr_par' dir='ltr' id='par_1_85' title="bbox 1926 2850 3502 2927">
     <span class='ocr_line' id='line_1_85' title="bbox 1926 2850 3502 2927; baseline -0.004 -17"><span class='ocrx_word' id='word_1_624' title='bbox 1926 2855 2039 2921; x_wconf 84' lang='lat' dir='ltr'><strong>ille,</strong></span> <span class='ocrx_word' id='word_1_625' title='bbox 2070 2855 2417 2927; x_wconf 71' lang='lat' dir='ltr'><strong>ingrediatur.</strong></span> <span class='ocrx_word' id='word_1_626' title='bbox 2443 2854 2513 2911; x_wconf 90' lang='lat' dir='ltr'><strong>Ut</strong></span> <span class='ocrx_word' id='word_1_627' title='bbox 2539 2864 2721 2910; x_wconf 89' lang='lat' dir='ltr'><strong>autem</strong></span> <span class='ocrx_word' id='word_1_628' title='bbox 2759 2853 3027 2910; x_wconf 85' lang='lat' dir='ltr'><strong>Arsenius</strong></span> <span class='ocrx_word' id='word_1_629' title='bbox 3056 2852 3298 2916; x_wconf 80' lang='lat' dir='ltr'><strong>advenit,</strong></span> <span class='ocrx_word' id='word_1_630' title='bbox 3332 2850 3502 2905; x_wconf 79' lang='lat' dir='ltr'><strong>inter-</strong></span> 
     </span>
    </p>
   </div>
   <div class='ocr_carea' id='block_1_86' title="bbox 1928 2948 3508 3020">
    <p class='ocr_par' dir='ltr' id='par_1_86' title="bbox 1928 2948 3508 3020">
     <span class='ocr_line' id='line_1_86' title="bbox 1928 2948 3508 3020; baseline -0.004 -16"><span class='ocrx_word' id='word_1_631' title='bbox 1928 2959 2085 3020; x_wconf 77' lang='lat' dir='ltr'><strong>rogat</strong></span> <span class='ocrx_word' id='word_1_632' title='bbox 2114 2950 2312 3005; x_wconf 90' lang='lat' dir='ltr'><strong>iterum</strong></span> <span class='ocrx_word' id='word_1_633' title='bbox 2369 2964 2437 3003; x_wconf 89' lang='lat' dir='ltr'><strong>an</strong></span> <span class='ocrx_word' id='word_1_634' title='bbox 2484 2950 2779 3005; x_wconf 90' lang='lat' dir='ltr'><strong>adductum</strong></span> <span class='ocrx_word' id='word_1_635' title='bbox 2819 2948 3073 3004; x_wconf 86' lang='lat' dir='ltr'><strong>nossent!</strong></span> <span class='ocrx_word' id='word_1_636' title='bbox 3103 2962 3173 3002; x_wconf 91' lang='lat' dir='ltr'><strong>an</strong></span> <span class='ocrx_word' id='word_1_637' title='bbox 3213 2955 3362 3002; x_wconf 85' lang='lat' dir='ltr'><strong>esset</strong></span> <span class='ocrx_word' id='word_1_638' title='bbox 3404 2948 3508 2999; x_wconf 82' lang='lat' dir='ltr'><strong>Ar-</strong></span> 
     </span>
    </p>
   </div>
   <div class='ocr_carea' id='block_1_87' title="bbox 1928 3038 3503 3113">
    <p class='ocr_par' dir='ltr' id='par_1_87' title="bbox 1928 3038 3503 3113">
     <span class='ocr_line' id='line_1_87' title="bbox 1928 3038 3503 3113; baseline -0.003 -16"><span class='ocrx_word' id='word_1_639' title='bbox 1928 3041 2118 3097; x_wconf 88' lang='lat' dir='ltr'><strong>seuius</strong></span> <span class='ocrx_word' id='word_1_640' title='bbox 2138 3042 2164 3096; x_wconf 85' lang='lat'><strong>?</strong></span> <span class='ocrx_word' id='word_1_641' title='bbox 2191 3042 2327 3097; x_wconf 80' lang='lat' dir='ltr'><strong>Cum</strong></span> <span class='ocrx_word' id='word_1_642' title='bbox 2358 3042 2435 3096; x_wconf 87' lang='lat' dir='ltr'><strong>illi</strong></span> <span class='ocrx_word' id='word_1_643' title='bbox 2462 3057 2665 3113; x_wconf 79' lang='lat' dir='ltr'><strong>negare</strong></span> <span class='ocrx_word' id='word_1_644' title='bbox 2695 3056 2806 3096; x_wconf 90' lang='lat' dir='ltr'><strong>non</strong></span> <span class='ocrx_word' id='word_1_645' title='bbox 2839 3048 3086 3111; x_wconf 85' lang='lat' dir='ltr'><strong>possent,</strong></span> <span class='ocrx_word' id='word_1_646' title='bbox 3134 3040 3305 3095; x_wconf 79' lang='lat' dir='ltr'><strong>traxit</strong></span> <span class='ocrx_word' id='word_1_647' title='bbox 3349 3038 3503 3094; x_wconf 91' lang='lat' dir='ltr'><strong>illum</strong></span> 
     </span>
    </p>
   </div>
   <div class='ocr_carea' id='block_1_88' title="bbox 1928 3130 3508 3202">
    <p class='ocr_par' dir='ltr' id='par_1_88' title="bbox 1928 3130 3508 3202">
     <span class='ocr_line' id='line_1_88' title="bbox 1928 3130 3508 3202; baseline -0.001 -15"><span class='ocrx_word' id='word_1_648' title='bbox 1928 3133 2151 3202; x_wconf 86' lang='lat' dir='ltr'><strong>propius</strong></span> <span class='ocrx_word' id='word_1_649' title='bbox 2195 3133 2250 3188; x_wconf 89' lang='lat' dir='ltr'><strong>in</strong></span> <span class='ocrx_word' id='word_1_650' title='bbox 2280 3132 2571 3202; x_wconf 90' lang='lat' dir='ltr'><strong>judicium,</strong></span> <span class='ocrx_word' id='word_1_651' title='bbox 2602 3140 2657 3191; x_wconf 87' lang='lat' dir='ltr'><strong>et</strong></span> <span class='ocrx_word' id='word_1_652' title='bbox 2701 3132 2940 3202; x_wconf 88' lang='lat' dir='ltr'><strong>primum</strong></span> <span class='ocrx_word' id='word_1_653' title='bbox 2969 3130 3247 3186; x_wconf 85' lang='lat' dir='ltr'><strong>dexteram</strong></span> <span class='ocrx_word' id='word_1_654' title='bbox 3285 3130 3508 3185; x_wconf 88' lang='lat' dir='ltr'><strong>tendere</strong></span> 
     </span>
    </p>
   </div>
   <div class='ocr_carea' id='block_1_89' title="bbox 1928 3220 3502 3295">
    <p class='ocr_par' dir='ltr' id='par_1_89' title="bbox 1928 3220 3502 3295">
     <span class='ocr_line' id='line_1_89' title="bbox 1928 3220 3502 3295; baseline -0.003 -15"><span class='ocrx_word' id='word_1_655' title='bbox 1928 3223 2126 3295; x_wconf 78' lang='lat' dir='ltr'><strong>iubens</strong></span> <span class='ocrx_word' id='word_1_656' title='bbox 2189 3240 2433 3289; x_wconf 85' lang='lat' dir='ltr'><strong>manum,</strong></span> <span class='ocrx_word' id='word_1_657' title='bbox 2494 3222 2691 3278; x_wconf 89' lang='lat' dir='ltr'><strong>deinde</strong></span> <span class='ocrx_word' id='word_1_658' title='bbox 2750 3231 2805 3278; x_wconf 88' lang='lat' dir='ltr'><strong>et</strong></span> <span class='ocrx_word' id='word_1_659' title='bbox 2858 3222 3163 3285; x_wconf 86' lang='lat' dir='ltr'><strong>sinistram,</strong></span> <span class='ocrx_word' id='word_1_660' title='bbox 3196 3220 3502 3275; x_wconf 85' lang='lat' dir='ltr'><strong>clamavit:</strong></span> 
     </span>
    </p>
   </div>
   <div class='ocr_carea' id='block_1_90' title="bbox 1932 3312 3501 3383">
    <p class='ocr_par' dir='ltr' id='par_1_90' title="bbox 1932 3312 3501 3383">
     <span class='ocr_line' id='line_1_90' title="bbox 1932 3312 3501 3383; baseline -0.003 -13"><span class='ocrx_word' id='word_1_661' title='bbox 1932 3314 2067 3371; x_wconf 83' lang='lat' dir='ltr'><strong>Ecce</strong></span> <span class='ocrx_word' id='word_1_662' title='bbox 2084 3317 2358 3383; x_wconf 83' lang='lat' dir='ltr'><strong>Arsenius,</strong></span> <span class='ocrx_word' id='word_1_663' title='bbox 2399 3332 2428 3369; x_wconf 93' lang='grc' dir='ltr'><strong>ο</strong></span> <span class='ocrx_word' id='word_1_664' title='bbox 2449 3316 2585 3370; x_wconf 83' lang='lat' dir='ltr'><strong>cives</strong></span> <span class='ocrx_word' id='word_1_665' title='bbox 2616 3332 2635 3369; x_wconf 90' lang='lat'><strong><em>:</em></strong></span> <span class='ocrx_word' id='word_1_666' title='bbox 2664 3330 2781 3370; x_wconf 78' lang='lat' dir='ltr'><strong>ecce</strong></span> <span class='ocrx_word' id='word_1_667' title='bbox 2813 3314 2976 3368; x_wconf 83' lang='lat' dir='ltr'><strong>etiam</strong></span> <span class='ocrx_word' id='word_1_668' title='bbox 3008 3328 3195 3367; x_wconf 87' lang='lat' dir='ltr'><strong>manus</strong></span> <span class='ocrx_word' id='word_1_669' title='bbox 3220 3312 3449 3367; x_wconf 82' lang='lat' dir='ltr'><strong>hominis</strong></span> <span class='ocrx_word' id='word_1_670' title='bbox 3481 3327 3501 3365; x_wconf 90' lang='lat'><strong><em>:</em></strong></span> 
     </span>
    </p>
   </div>
   <div class='ocr_carea' id='block_1_91' title="bbox 1930 3388 3506 3478">
    <p class='ocr_par' dir='ltr' id='par_1_91' title="bbox 1930 3388 3506 3478">
     <span class='ocr_line' id='line_1_91' title="bbox 1930 3388 3506 3478; baseline -0.003 -16"><span class='ocrx_word' id='word_1_671' title='bbox 1930 3388 1960 3462; x_wconf 87' lang='lat' dir='ltr'><strong>o</strong></span> <span class='ocrx_word' id='word_1_672' title='bbox 1987 3407 2260 3463; x_wconf 83' lang='lat' dir='ltr'><strong>mirandas</strong></span> <span class='ocrx_word' id='word_1_673' title='bbox 2287 3406 2535 3478; x_wconf 83' lang='lat' dir='ltr'><strong>judices.’</strong></span> <span class='ocrx_word' id='word_1_674' title='bbox 2562 3407 2746 3460; x_wconf 84' lang='lat' dir='ltr'><strong>dicant</strong></span> <span class='ocrx_word' id='word_1_675' title='bbox 2795 3406 2961 3477; x_wconf 83' lang='lat' dir='ltr'><strong>igitur</strong></span> <span class='ocrx_word' id='word_1_676' title='bbox 3006 3405 3323 3469; x_wconf 83' lang='lat' dir='ltr'><strong>adversarii,</strong></span> <span class='ocrx_word' id='word_1_677' title='bbox 3355 3405 3506 3473; x_wconf 84' lang='lat' dir='ltr'><strong>cujus</strong></span> 
     </span>
    </p>
   </div>
   <div class='ocr_carea' id='block_1_92' title="bbox 1929 3495 3506 3563">
    <p class='ocr_par' dir='ltr' id='par_1_92' title="bbox 1929 3495 3506 3563">
     <span class='ocr_line' id='line_1_92' title="bbox 1929 3495 3506 3563; baseline -0.004 -9"><span class='ocrx_word' id='word_1_678' title='bbox 1929 3502 1999 3554; x_wconf 87' lang='lat' dir='ltr'><strong>sit</strong></span> <span class='ocrx_word' id='word_1_679' title='bbox 2026 3499 2122 3553; x_wconf 89' lang='lat' dir='ltr'><strong>illa</strong></span> <span class='ocrx_word' id='word_1_680' title='bbox 2145 3515 2354 3563; x_wconf 88' lang='lat' dir='ltr'><strong>manus,</strong></span> <span class='ocrx_word' id='word_1_681' title='bbox 2383 3510 2433 3552; x_wconf 90' lang='lat' dir='ltr'><strong>et</strong></span> <span class='ocrx_word' id='word_1_682' title='bbox 2473 3496 2610 3552; x_wconf 89' lang='lat' dir='ltr'><strong>unde</strong></span> <span class='ocrx_word' id='word_1_683' title='bbox 2654 3497 2805 3551; x_wconf 83' lang='lat' dir='ltr'><strong>illam</strong></span> <span class='ocrx_word' id='word_1_684' title='bbox 2824 3496 3158 3551; x_wconf 85' lang='lat' dir='ltr'><strong>resecuerint.</strong></span> <span class='ocrx_word' id='word_1_685' title='bbox 3220 3495 3337 3563; x_wconf 84' lang='lat' dir='ltr'><strong>Quo</strong></span> <span class='ocrx_word' id='word_1_686' title='bbox 3367 3495 3506 3550; x_wconf 88' lang='lat' dir='ltr'><strong>enint</strong></span> 
     </span>
    </p>
   </div>
   <div class='ocr_carea' id='block_1_93' title="bbox 1927 3589 3507 3663">
    <p class='ocr_par' dir='ltr' id='par_1_93' title="bbox 1927 3589 3507 3663">
     <span class='ocr_line' id='line_1_93' title="bbox 1927 3589 3507 3663; baseline -0.003 -18"><span class='ocrx_word' id='word_1_687' title='bbox 1927 3593 2031 3663; x_wconf 79' lang='lat' dir='ltr'><strong>ﬁne</strong></span> <span class='ocrx_word' id='word_1_688' title='bbox 2072 3591 2171 3645; x_wconf 87' lang='lat' dir='ltr'><strong>hac</strong></span> <span class='ocrx_word' id='word_1_689' title='bbox 2210 3589 2295 3645; x_wconf 86' lang='lat' dir='ltr'><strong>usi</strong></span> <span class='ocrx_word' id='word_1_690' title='bbox 2324 3599 2468 3655; x_wconf 85' lang='lat' dir='ltr'><strong>sunt,</strong></span> <span class='ocrx_word' id='word_1_691' title='bbox 2530 3590 2724 3644; x_wconf 85' lang='lat' dir='ltr'><strong>nemini</strong></span> <span class='ocrx_word' id='word_1_692' title='bbox 2753 3589 2979 3657; x_wconf 88' lang='lat' dir='ltr'><strong>amplius</strong></span> <span class='ocrx_word' id='word_1_693' title='bbox 3013 3589 3231 3642; x_wconf 84' lang='lat' dir='ltr'><strong>dubium</strong></span> <span class='ocrx_word' id='word_1_694' title='bbox 3278 3603 3391 3643; x_wconf 82' lang='lat' dir='ltr'><strong>esse</strong></span> <span class='ocrx_word' id='word_1_695' title='bbox 3413 3603 3507 3657; x_wconf 79' lang='lat' dir='ltr'><strong>po-</strong></span> 
     </span>
    </p>
   </div>
   <div class='ocr_carea' id='block_1_94' title="bbox 1931 3681 3508 3750">
    <p class='ocr_par' dir='ltr' id='par_1_94' title="bbox 1931 3681 3508 3750">
     <span class='ocr_line' id='line_1_94' title="bbox 1931 3681 3508 3750; baseline -0.003 -13"><span class='ocrx_word' id='word_1_696' title='bbox 1931 3691 2052 3739; x_wconf 85' lang='lat' dir='ltr'><strong>test.</strong></span> <span class='ocrx_word' id='word_1_697' title='bbox 2086 3681 2307 3738; x_wconf 86' lang='lat' dir='ltr'><strong>Homini</strong></span> <span class='ocrx_word' id='word_1_698' title='bbox 2340 3684 2479 3737; x_wconf 85' lang='lat' dir='ltr'><strong>enim</strong></span> <span class='ocrx_word' id='word_1_699' title='bbox 2512 3697 2730 3736; x_wconf 88' lang='lat' dir='ltr'><strong>manum</strong></span> <span class='ocrx_word' id='word_1_700' title='bbox 2753 3689 3118 3750; x_wconf 86' lang='lat' dir='ltr'><strong>amputarunt,</strong></span> <span class='ocrx_word' id='word_1_701' title='bbox 3153 3688 3209 3733; x_wconf 89' lang='lat' dir='ltr'><strong>ut</strong></span> <span class='ocrx_word' id='word_1_702' title='bbox 3240 3696 3333 3735; x_wconf 87' lang='lat' dir='ltr'><strong>nos</strong></span> <span class='ocrx_word' id='word_1_703' title='bbox 3367 3681 3508 3733; x_wconf 70' lang='grc' dir='ltr'><strong>0οεὶ-</strong></span> 
     </span>
    </p>
   </div>
   <div class='ocr_carea' id='block_1_95' title="bbox 1929 3768 3589 3837">
    <p class='ocr_par' dir='ltr' id='par_1_95' title="bbox 1929 3768 3589 3837">
     <span class='ocr_line' id='line_1_95' title="bbox 1929 3768 3589 3837; baseline -0.004 -7"><span class='ocrx_word' id='word_1_704' title='bbox 1929 3777 2128 3831; x_wconf 89' lang='lat' dir='ltr'><strong>derent.</strong></span> <span class='ocrx_word' id='word_1_705' title='bbox 2183 3774 2274 3830; x_wconf 89' lang='lat' dir='ltr'><strong>Sic</strong></span> <span class='ocrx_word' id='word_1_706' title='bbox 2328 3774 2417 3829; x_wconf 90' lang='lat' dir='ltr'><strong>ille</strong></span> <span class='ocrx_word' id='word_1_707' title='bbox 2474 3776 2672 3829; x_wconf 88' lang='lat' dir='ltr'><strong>iterum</strong></span> <span class='ocrx_word' id='word_1_708' title='bbox 2724 3772 2882 3828; x_wconf 92' lang='lat' dir='ltr'><strong>dolos</strong></span> <span class='ocrx_word' id='word_1_709' title='bbox 2914 3785 3105 3827; x_wconf 87' lang='lat' dir='ltr'><strong>eorum</strong></span> <span class='ocrx_word' id='word_1_710' title='bbox 3141 3771 3360 3826; x_wconf 88' lang='lat' dir='ltr'><strong>evertit.</strong></span> <span class='ocrx_word' id='word_1_711' title='bbox 3393 3768 3501 3824; x_wconf 86' lang='lat' dir='ltr'><strong>Sed</strong></span> <span class='ocrx_word' id='word_1_712' title='bbox 3588 3834 3589 3837; x_wconf 22' lang='grc' dir='ltr'><strong>η</strong></span> 
     </span>
    </p>
   </div>
   <div class='ocr_carea' id='block_1_96' title="bbox 1924 3861 3506 3939">
    <p class='ocr_par' dir='ltr' id='par_1_96' title="bbox 1924 3861 3506 3939">
     <span class='ocr_line' id='line_1_96' title="bbox 1924 3861 3506 3939; baseline -0.005 -16"><span class='ocrx_word' id='word_1_713' title='bbox 1924 3868 2135 3939; x_wconf 76' lang='lat' dir='ltr'><strong>iudices</strong></span> <span class='ocrx_word' id='word_1_714' title='bbox 2156 3866 2285 3923; x_wconf 65' lang='lat' dir='ltr'><strong>caeci</strong></span> <span class='ocrx_word' id='word_1_715' title='bbox 2314 3877 2369 3922; x_wconf 88' lang='lat' dir='ltr'><strong>et</strong></span> <span class='ocrx_word' id='word_1_716' title='bbox 2394 3867 2558 3932; x_wconf 90' lang='lat' dir='ltr'><strong>muti,</strong></span> <span class='ocrx_word' id='word_1_717' title='bbox 2595 3880 2719 3921; x_wconf 90' lang='lat' dir='ltr'><strong>cum</strong></span> <span class='ocrx_word' id='word_1_718' title='bbox 2759 3867 2887 3936; x_wconf 86' lang='lat' dir='ltr'><strong>quia</strong></span> <span class='ocrx_word' id='word_1_719' title='bbox 2935 3863 3257 3920; x_wconf 89' lang='lat' dir='ltr'><strong>Constantio</strong></span> <span class='ocrx_word' id='word_1_720' title='bbox 3290 3861 3506 3933; x_wconf 88' lang='lat' dir='ltr'><strong>placere</strong></span> 
     </span>
    </p>
   </div>
   <div class='ocr_carea' id='block_1_97' title="bbox 1928 3954 3504 4029">
    <p class='ocr_par' dir='ltr' id='par_1_97' title="bbox 1928 3954 3504 4029">
     <span class='ocr_line' id='line_1_97' title="bbox 1928 3954 3504 4029; baseline -0.003 -14"><span class='ocrx_word' id='word_1_721' title='bbox 1928 3960 2242 4023; x_wconf 85' lang='lat' dir='ltr'><strong>studebant.</strong></span> <span class='ocrx_word' id='word_1_722' title='bbox 2272 3968 2385 4014; x_wconf 87' lang='lat' dir='ltr'><strong>tum</strong></span> <span class='ocrx_word' id='word_1_723' title='bbox 2423 3958 2549 4029; x_wconf 86' lang='lat' dir='ltr'><strong>quia</strong></span> <span class='ocrx_word' id='word_1_724' title='bbox 2588 3958 2856 4014; x_wconf 62' lang='lat' dir='ltr'><strong>haereticis</strong></span> <span class='ocrx_word' id='word_1_725' title='bbox 2884 3956 3085 4013; x_wconf 86' lang='lat' dir='ltr'><strong>addicti</strong></span> <span class='ocrx_word' id='word_1_726' title='bbox 3136 3964 3317 4020; x_wconf 86' lang='lat' dir='ltr'><strong>erant,</strong></span> <span class='ocrx_word' id='word_1_727' title='bbox 3344 3954 3504 4011; x_wconf 81' lang='lat' dir='ltr'><strong>dese~</strong></span> 
     </span>
    </p>
   </div>
   <div class='ocr_carea' id='block_1_98' title="bbox 1929 4045 3504 4120">
    <p class='ocr_par' dir='ltr' id='par_1_98' title="bbox 1929 4045 3504 4120">
     <span class='ocr_line' id='line_1_98' title="bbox 1929 4045 3504 4120; baseline -0.003 -14"><span class='ocrx_word' id='word_1_728' title='bbox 1929 4060 2110 4107; x_wconf 88' lang='lat' dir='ltr'><strong>rentes</strong></span> <span class='ocrx_word' id='word_1_729' title='bbox 2132 4050 2417 4120; x_wconf 87' lang='lat' dir='ltr'><strong>judicium,</strong></span> <span class='ocrx_word' id='word_1_730' title='bbox 2468 4049 2807 4105; x_wconf 79' lang='lat' dir='ltr'><strong>confutatam</strong></span> <span class='ocrx_word' id='word_1_731' title='bbox 2846 4048 3179 4105; x_wconf 86' lang='lat' dir='ltr'><strong>calumniam</strong></span> <span class='ocrx_word' id='word_1_732' title='bbox 3214 4057 3395 4118; x_wconf 81' lang='lat' dir='ltr'><strong>tegere</strong></span> <span class='ocrx_word' id='word_1_733' title='bbox 3416 4045 3504 4101; x_wconf 86' lang='lat' dir='ltr'><strong>ni-</strong></span> 
     </span>
    </p>
   </div>
   <div class='ocr_carea' id='block_1_99' title="bbox 1932 4142 3505 4208">
    <p class='ocr_par' dir='ltr' id='par_1_99' title="bbox 1932 4142 3505 4208">
     <span class='ocr_line' id='line_1_99' title="bbox 1932 4142 3505 4208; baseline -0.003 -11"><span class='ocrx_word' id='word_1_734' title='bbox 1932 4144 2206 4208; x_wconf 87' lang='lat' dir='ltr'><strong>tebantur,</strong></span> <span class='ocrx_word' id='word_1_735' title='bbox 2253 4142 2642 4198; x_wconf 87' lang='lat' dir='ltr'><strong>decedentibus</strong></span> <span class='ocrx_word' id='word_1_736' title='bbox 2702 4142 2852 4197; x_wconf 85' lang='lat' dir='ltr'><strong>illis:</strong></span> <span class='ocrx_word' id='word_1_737' title='bbox 2904 4142 3192 4196; x_wconf 73' lang='lat' dir='ltr'><strong>calumniae</strong></span> <span class='ocrx_word' id='word_1_738' title='bbox 3234 4154 3344 4193; x_wconf 82' lang='lat' dir='ltr'><strong>non</strong></span> <span class='ocrx_word' id='word_1_739' title='bbox 3382 4153 3505 4193; x_wconf 83' lang='lat' dir='ltr'><strong>am-</strong></span> 
     </span>
    </p>
   </div>
   <div class='ocr_carea' id='block_1_100' title="bbox 1928 4232 3500 4306">
    <p class='ocr_par' dir='ltr' id='par_1_100' title="bbox 1928 4232 3500 4306">
     <span class='ocr_line' id='line_1_100' title="bbox 1928 4232 3500 4306; baseline -0.003 -17"><span class='ocrx_word' id='word_1_740' title='bbox 1928 4235 2073 4306; x_wconf 89' lang='lat' dir='ltr'><strong>plius</strong></span> <span class='ocrx_word' id='word_1_741' title='bbox 2112 4234 2181 4290; x_wconf 90' lang='lat' dir='ltr'><strong>ab</strong></span> <span class='ocrx_word' id='word_1_742' title='bbox 2224 4234 2554 4291; x_wconf 89' lang='lat' dir='ltr'><strong>adversariis</strong></span> <span class='ocrx_word' id='word_1_743' title='bbox 2602 4232 2985 4298; x_wconf 78' lang='lat' dir='ltr'><strong>intenduntur,</strong></span> <span class='ocrx_word' id='word_1_744' title='bbox 3026 4233 3120 4289; x_wconf 89' lang='lat' dir='ltr'><strong>sed</strong></span> <span class='ocrx_word' id='word_1_745' title='bbox 3152 4232 3500 4303; x_wconf 88' lang='lat' dir='ltr'><strong>impudenter</strong></span> 
     </span>
    </p>
   </div>
   <div class='ocr_carea' id='block_1_101' title="bbox 1928 4320 3499 4394">
    <p class='ocr_par' dir='ltr' id='par_1_101' title="bbox 1928 4320 3499 4394">
     <span class='ocr_line' id='line_1_101' title="bbox 1928 4320 3499 4394; baseline -0.004 -13"><span class='ocrx_word' id='word_1_746' title='bbox 1928 4325 2130 4381; x_wconf 66' lang='lat' dir='ltr'><strong>caedem</strong></span> <span class='ocrx_word' id='word_1_747' title='bbox 2180 4326 2396 4380; x_wconf 89' lang='lat' dir='ltr'><strong>tertium</strong></span> <span class='ocrx_word' id='word_1_748' title='bbox 2444 4325 2554 4394; x_wconf 84' lang='lat' dir='ltr'><strong>jam</strong></span> <span class='ocrx_word' id='word_1_749' title='bbox 2607 4323 2799 4380; x_wconf 80' lang='lat' dir='ltr'><strong>victori</strong></span> <span class='ocrx_word' id='word_1_750' title='bbox 2845 4323 3132 4378; x_wconf 89' lang='lat' dir='ltr'><strong>intentant.</strong></span> <span class='ocrx_word' id='word_1_751' title='bbox 3180 4320 3244 4376; x_wconf 88' lang='lat' dir='ltr'><strong>Hi</strong></span> <span class='ocrx_word' id='word_1_752' title='bbox 3278 4321 3499 4392; x_wconf 86' lang='lat' dir='ltr'><strong>quidem</strong></span> 
     </span>
    </p>
   </div>
   <div class='ocr_carea' id='block_1_102' title="bbox 1929 4413 3505 4487">
    <p class='ocr_par' dir='ltr' id='par_1_102' title="bbox 1929 4413 3505 4487">
     <span class='ocr_line' id='line_1_102' title="bbox 1929 4413 3505 4487; baseline -0.003 -16"><span class='ocrx_word' id='word_1_753' title='bbox 1929 4419 2132 4484; x_wconf 79' lang='lat' dir='ltr'><strong>verbis,</strong></span> <span class='ocrx_word' id='word_1_754' title='bbox 2166 4418 2239 4473; x_wconf 90' lang='lat' dir='ltr'><strong>illi</strong></span> <span class='ocrx_word' id='word_1_755' title='bbox 2266 4431 2397 4473; x_wconf 88' lang='lat' dir='ltr'><strong>vero</strong></span> <span class='ocrx_word' id='word_1_756' title='bbox 2421 4417 2678 4473; x_wconf 85' lang='lat' dir='ltr'><strong>manibus</strong></span> <span class='ocrx_word' id='word_1_757' title='bbox 2703 4431 2827 4472; x_wconf 90' lang='lat' dir='ltr'><strong>eum</strong></span> <span class='ocrx_word' id='word_1_758' title='bbox 2856 4415 3149 4487; x_wconf 87' lang='lat' dir='ltr'><strong>pulsabant</strong></span> <span class='ocrx_word' id='word_1_759' title='bbox 3180 4434 3194 4470; x_wconf 91' lang='lat'><strong>:</strong></span> <span class='ocrx_word' id='word_1_760' title='bbox 3227 4413 3321 4469; x_wconf 90' lang='lat' dir='ltr'><strong>alii</strong></span> <span class='ocrx_word' id='word_1_761' title='bbox 3352 4427 3505 4469; x_wconf 39' lang='lat' dir='ltr'><strong>coms</strong></span> 
     </span>
    </p>
   </div>
   <div class='ocr_carea' id='block_1_103' title="bbox 1932 4503 3501 4578">
    <p class='ocr_par' dir='ltr' id='par_1_103' title="bbox 1932 4503 3501 4578">
     <span class='ocr_line' id='line_1_103' title="bbox 1932 4503 3501 4578; baseline -0.004 -14"><span class='ocrx_word' id='word_1_762' title='bbox 1932 4508 2279 4564; x_wconf 85' lang='lat' dir='ltr'><strong>minabantur</strong></span> <span class='ocrx_word' id='word_1_763' title='bbox 2300 4508 2348 4563; x_wconf 92' lang='lat' dir='ltr'><strong>ei</strong></span> <span class='ocrx_word' id='word_1_764' title='bbox 2389 4515 2619 4563; x_wconf 88' lang='lat' dir='ltr'><strong>mortem</strong></span> <span class='ocrx_word' id='word_1_765' title='bbox 2669 4507 2738 4563; x_wconf 89' lang='lat' dir='ltr'><strong>ab</strong></span> <span class='ocrx_word' id='word_1_766' title='bbox 2784 4506 3114 4578; x_wconf 86' lang='lat' dir='ltr'><strong>imperatore</strong></span> <span class='ocrx_word' id='word_1_767' title='bbox 3164 4505 3377 4561; x_wconf 88' lang='lat' dir='ltr'><strong>illatum</strong></span> <span class='ocrx_word' id='word_1_768' title='bbox 3412 4503 3501 4559; x_wconf 87' lang='lat' dir='ltr'><strong>iri.</strong></span> 
     </span>
    </p>
   </div>
   <div class='ocr_carea' id='block_1_104' title="bbox 1929 4595 3504 4670">
    <p class='ocr_par' dir='ltr' id='par_1_104' title="bbox 1929 4595 3504 4670">
     <span class='ocr_line' id='line_1_104' title="bbox 1929 4595 3504 4670; baseline -0.003 -16"><span class='ocrx_word' id='word_1_769' title='bbox 1929 4598 2118 4669; x_wconf 87' lang='lat' dir='ltr'><strong>Itaque</strong></span> <span class='ocrx_word' id='word_1_770' title='bbox 2184 4599 2487 4655; x_wconf 88' lang='lat' dir='ltr'><strong>Archelaus</strong></span> <span class='ocrx_word' id='word_1_771' title='bbox 2545 4598 2927 4664; x_wconf 85' lang='lat' dir='ltr'><strong>Athanasium,</strong></span> <span class='ocrx_word' id='word_1_772' title='bbox 2976 4612 3140 4670; x_wconf 88' lang='lat' dir='ltr'><strong>quem</strong></span> <span class='ocrx_word' id='word_1_773' title='bbox 3183 4597 3298 4666; x_wconf 87' lang='lat' dir='ltr'><strong>jam</strong></span> <span class='ocrx_word' id='word_1_774' title='bbox 3348 4595 3504 4667; x_wconf 88' lang='lat' dir='ltr'><strong>impii</strong></span> 
     </span>
    </p>
   </div>
   <div class='ocr_carea' id='block_1_105' title="bbox 1931 4690 3505 4763">
    <p class='ocr_par' dir='ltr' id='par_1_105' title="bbox 1931 4690 3505 4763">
     <span class='ocr_line' id='line_1_105' title="bbox 1931 4690 3505 4763; baseline -0.001 -17"><span class='ocrx_word' id='word_1_775' title='bbox 1931 4691 2278 4747; x_wconf 89' lang='lat' dir='ltr'><strong>dilaceraturi</strong></span> <span class='ocrx_word' id='word_1_776' title='bbox 2308 4700 2489 4758; x_wconf 89' lang='lat' dir='ltr'><strong>erant,</strong></span> <span class='ocrx_word' id='word_1_777' title='bbox 2525 4691 2613 4745; x_wconf 79' lang='lat' dir='ltr'><strong>vix</strong></span> <span class='ocrx_word' id='word_1_778' title='bbox 2640 4690 2806 4746; x_wconf 92' lang='lat' dir='ltr'><strong>domo</strong></span> <span class='ocrx_word' id='word_1_779' title='bbox 2823 4706 3078 4762; x_wconf 80' lang='lat' dir='ltr'><strong>egressus</strong></span> <span class='ocrx_word' id='word_1_780' title='bbox 3106 4690 3345 4763; x_wconf 85' lang='lat' dir='ltr'><strong>(tametsi</strong></span> <span class='ocrx_word' id='word_1_781' title='bbox 3373 4705 3505 4746; x_wconf 82' lang='lat' dir='ltr'><strong>con-</strong></span> 
     </span>
    </p>
   </div>
   <div class='ocr_carea' id='block_1_106' title="bbox 1933 4783 3505 4853">
    <p class='ocr_par' dir='ltr' id='par_1_106' title="bbox 1933 4783 3505 4853">
     <span class='ocr_line' id='line_1_106' title="bbox 1933 4783 3505 4853; baseline -0.001 -14"><span class='ocrx_word' id='word_1_782' title='bbox 1933 4784 2041 4839; x_wconf 89' lang='lat' dir='ltr'><strong>cilii</strong></span> <span class='ocrx_word' id='word_1_783' title='bbox 2071 4792 2382 4852; x_wconf 85' lang='lat' dir='ltr'><strong>respectum</strong></span> <span class='ocrx_word' id='word_1_784' title='bbox 2424 4798 2533 4838; x_wconf 92' lang='lat' dir='ltr'><strong>non</strong></span> <span class='ocrx_word' id='word_1_785' title='bbox 2564 4784 2811 4851; x_wconf 87' lang='lat' dir='ltr'><strong>haberet,</strong></span> <span class='ocrx_word' id='word_1_786' title='bbox 2867 4783 3105 4839; x_wconf 87' lang='lat' dir='ltr'><strong>naturali</strong></span> <span class='ocrx_word' id='word_1_787' title='bbox 3140 4792 3325 4839; x_wconf 89' lang='lat' dir='ltr'><strong>tamen</strong></span> <span class='ocrx_word' id='word_1_788' title='bbox 3361 4798 3505 4853; x_wconf 80' lang='lat' dir='ltr'><strong>qua-</strong></span> 
     </span>
    </p>
   </div>
   <div class='ocr_carea' id='block_1_107' title="bbox 1932 4875 3505 4949">
    <p class='ocr_par' dir='ltr' id='par_1_107' title="bbox 1932 4875 3505 4949">
     <span class='ocr_line' id='line_1_107' title="bbox 1932 4875 3505 4949; baseline -0.001 -18"><span class='ocrx_word' id='word_1_789' title='bbox 1932 4876 2058 4931; x_wconf 90' lang='lat' dir='ltr'><strong>dam</strong></span> <span class='ocrx_word' id='word_1_790' title='bbox 2109 4875 2441 4931; x_wconf 87' lang='lat' dir='ltr'><strong>verecundia</strong></span> <span class='ocrx_word' id='word_1_791' title='bbox 2497 4876 2835 4949; x_wconf 88' lang='lat' dir='ltr'><strong>tenebatur),</strong></span> <span class='ocrx_word' id='word_1_792' title='bbox 2876 4877 3205 4933; x_wconf 87' lang='lat' dir='ltr'><strong>satellitibus</strong></span> <span class='ocrx_word' id='word_1_793' title='bbox 3262 4876 3505 4947; x_wconf 88' lang='lat' dir='ltr'><strong>periculo</strong></span> 
     </span>
    </p>
   </div>
   <div class='ocr_carea' id='block_1_108' title="bbox 1933 4968 3502 5041">
    <p class='ocr_par' dir='ltr' id='par_1_108' title="bbox 1933 4968 3502 5041">
     <span class='ocr_line' id='line_1_108' title="bbox 1933 4968 3502 5041; baseline -0.001 -18"><span class='ocrx_word' id='word_1_794' title='bbox 1933 4970 2112 5038; x_wconf 91' lang='lat' dir='ltr'><strong>eripit,</strong></span> <span class='ocrx_word' id='word_1_795' title='bbox 2164 4969 2550 5039; x_wconf 87' lang='lat' dir='ltr'><strong>occultamque</strong></span> <span class='ocrx_word' id='word_1_796' title='bbox 2630 4970 2815 5041; x_wconf 84' lang='lat' dir='ltr'><strong>fugam</strong></span> <span class='ocrx_word' id='word_1_797' title='bbox 2878 4978 3106 5041; x_wconf 86' lang='lat' dir='ltr'><strong>apparat</strong></span> <span class='ocrx_word' id='word_1_798' title='bbox 3175 4984 3241 5025; x_wconf 91' lang='lat' dir='ltr'><strong>ac</strong></span> <span class='ocrx_word' id='word_1_799' title='bbox 3286 4968 3502 5025; x_wconf 89' lang='lat' dir='ltr'><strong>suadet.</strong></span> 
     </span>
    </p>
   </div>
   <div class='ocr_carea' id='block_1_109' title="bbox 1935 5058 3502 5130">
    <p class='ocr_par' dir='ltr' id='par_1_109' title="bbox 1935 5058 3502 5130">
     <span class='ocr_line' id='line_1_109' title="bbox 1935 5058 3502 5130; baseline 0.001 -17"><span class='ocrx_word' id='word_1_800' title='bbox 1935 5058 2148 5113; x_wconf 80' lang='lat' dir='ltr'><strong>Rursus</strong></span> <span class='ocrx_word' id='word_1_801' title='bbox 2194 5060 2357 5129; x_wconf 84' lang='lat' dir='ltr'><strong>igitur</strong></span> <span class='ocrx_word' id='word_1_802' title='bbox 2408 5060 2703 5115; x_wconf 87' lang='lat' dir='ltr'><strong>adversarii</strong></span> <span class='ocrx_word' id='word_1_803' title='bbox 2754 5061 2871 5130; x_wconf 82' lang='lat' dir='ltr'><strong>ejus</strong></span> <span class='ocrx_word' id='word_1_804' title='bbox 2899 5062 3193 5118; x_wconf 87' lang='lat' dir='ltr'><strong>concilium</strong></span> <span class='ocrx_word' id='word_1_805' title='bbox 3225 5070 3502 5130; x_wconf 77' lang='lat' dir='ltr'><strong>cogentes,</strong></span> 
     </span>
    </p>
   </div>
   <div class='ocr_carea' id='block_1_110' title="bbox 1934 5149 3503 5221">
    <p class='ocr_par' dir='ltr' id='par_1_110' title="bbox 1934 5149 3503 5221">
     <span class='ocr_line' id='line_1_110' title="bbox 1934 5149 3503 5221; baseline -0.002 -17"><span class='ocrx_word' id='word_1_806' title='bbox 1934 5149 2165 5205; x_wconf 80' lang='lat' dir='ltr'><strong>nefanda</strong></span> <span class='ocrx_word' id='word_1_807' title='bbox 2227 5160 2395 5221; x_wconf 91' lang='lat' dir='ltr'><strong>atque</strong></span> <span class='ocrx_word' id='word_1_808' title='bbox 2464 5153 2695 5207; x_wconf 88' lang='lat' dir='ltr'><strong>conllcta</strong></span> <span class='ocrx_word' id='word_1_809' title='bbox 2740 5152 2971 5208; x_wconf 90' lang='lat' dir='ltr'><strong>crimina</strong></span> <span class='ocrx_word' id='word_1_810' title='bbox 3019 5154 3091 5220; x_wconf 90' lang='lat' dir='ltr'><strong>ei,</strong></span> <span class='ocrx_word' id='word_1_811' title='bbox 3142 5160 3204 5206; x_wconf 88' lang='lat' dir='ltr'><strong>ut</strong></span> <span class='ocrx_word' id='word_1_812' title='bbox 3230 5149 3503 5219; x_wconf 84' lang='lat' dir='ltr'><strong>capiatur,</strong></span> 
     </span>
    </p>
   </div>
   <div class='ocr_carea' id='block_1_111' title="bbox 1934 5239 3504 5311">
    <p class='ocr_par' dir='ltr' id='par_1_111' title="bbox 1934 5239 3504 5311">
     <span class='ocr_line' id='line_1_111' title="bbox 1934 5239 3504 5311; baseline -0.002 -15"><span class='ocrx_word' id='word_1_813' title='bbox 1934 5241 2221 5311; x_wconf 77' lang='lat' dir='ltr'><strong>objiciunt.</strong></span> <span class='ocrx_word' id='word_1_814' title='bbox 2251 5241 2381 5308; x_wconf 82' lang='lat' dir='ltr'><strong>Quae</strong></span> <span class='ocrx_word' id='word_1_815' title='bbox 2412 5243 2693 5298; x_wconf 88' lang='lat' dir='ltr'><strong>mendacia</strong></span> <span class='ocrx_word' id='word_1_816' title='bbox 2732 5243 2966 5300; x_wconf 86' lang='lat' dir='ltr'><strong>diversis</strong></span> <span class='ocrx_word' id='word_1_817' title='bbox 2996 5244 3194 5299; x_wconf 88' lang='lat' dir='ltr'><strong>libellis</strong></span> <span class='ocrx_word' id='word_1_818' title='bbox 3228 5239 3504 5309; x_wconf 87' lang='lat' dir='ltr'><strong>descripta</strong></span> 
     </span>
    </p>
   </div>
   <div class='ocr_carea' id='block_1_112' title="bbox 1933 5331 3506 5407">
    <p class='ocr_par' dir='ltr' id='par_1_112' title="bbox 1933 5331 3506 5407">
     <span class='ocr_line' id='line_1_112' title="bbox 1933 5331 3506 5407; baseline -0.001 -20"><span class='ocrx_word' id='word_1_819' title='bbox 1933 5332 2254 5387; x_wconf 85' lang='lat' dir='ltr'><strong>Constantio</strong></span> <span class='ocrx_word' id='word_1_820' title='bbox 2308 5333 2550 5400; x_wconf 88' lang='lat' dir='ltr'><strong>mittunt,</strong></span> <span class='ocrx_word' id='word_1_821' title='bbox 2610 5350 2673 5392; x_wconf 84' lang='lat' dir='ltr'><strong>ac</strong></span> <span class='ocrx_word' id='word_1_822' title='bbox 2716 5344 2831 5391; x_wconf 89' lang='lat' dir='ltr'><strong>toto</strong></span> <span class='ocrx_word' id='word_1_823' title='bbox 2873 5351 3011 5407; x_wconf 89' lang='lat' dir='ltr'><strong>pene</strong></span> <span class='ocrx_word' id='word_1_824' title='bbox 3057 5343 3324 5389; x_wconf 88' lang='lat' dir='ltr'><strong>terrarum</strong></span> <span class='ocrx_word' id='word_1_825' title='bbox 3373 5331 3506 5387; x_wconf 86' lang='lat' dir='ltr'><strong>orbe</strong></span> 
     </span>
    </p>
   </div>
   <div class='ocr_carea' id='block_1_113' title="bbox 1934 5424 3504 5495">
    <p class='ocr_par' dir='ltr' id='par_1_113' title="bbox 1934 5424 3504 5495">
     <span class='ocr_line' id='line_1_113' title="bbox 1934 5424 3504 5495; baseline -0.003 -14"><span class='ocrx_word' id='word_1_826' title='bbox 1934 5432 2214 5495; x_wconf 82' lang='lat' dir='ltr'><strong>spargunt.</strong></span> <span class='ocrx_word' id='word_1_827' title='bbox 2244 5424 2431 5495; x_wconf 78' lang='lat' dir='ltr'><strong>Itaque</strong></span> <span class='ocrx_word' id='word_1_828' title='bbox 2459 5437 2649 5483; x_wconf 89' lang='lat' dir='ltr'><strong>sancto</strong></span> <span class='ocrx_word' id='word_1_829' title='bbox 2664 5428 2963 5484; x_wconf 84' lang='lat' dir='ltr'><strong>Athanasio</strong></span> <span class='ocrx_word' id='word_1_830' title='bbox 2996 5426 3175 5481; x_wconf 87' lang='lat' dir='ltr'><strong>omnis</strong></span> <span class='ocrx_word' id='word_1_831' title='bbox 3203 5424 3356 5479; x_wconf 84' lang='lat' dir='ltr'><strong>locus</strong></span> <span class='ocrx_word' id='word_1_832' title='bbox 3381 5436 3504 5493; x_wconf 89' lang='lat' dir='ltr'><strong>per-</strong></span> 
     </span>
    </p>
   </div>
   <div class='ocr_carea' id='block_1_114' title="bbox 1445 5605 2142 5666">
    <p class='ocr_par' dir='ltr' id='par_1_114' title="bbox 1445 5605 2142 5666">
     <span class='ocr_line' id='line_1_114' title="bbox 1445 5605 2142 5666; baseline 0.001 -3"><span class='ocrx_word' id='word_1_833' title='bbox 1445 5607 1681 5666; x_wconf 60' lang='lat' dir='ltr'><strong>VARIIE</strong></span> <span class='ocrx_word' id='word_1_834' title='bbox 1734 5605 2142 5666; x_wconf 86' lang='lat' dir='ltr'><strong>LECTIONES.</strong></span> 
     </span>
    </p>
   </div>
   <div class='ocr_carea' id='block_1_115' title="bbox 336 5718 3495 5807">
    <p class='ocr_par' dir='ltr' id='par_1_115' title="bbox 336 5718 3495 5807">
     <span class='ocr_line' id='line_1_115' title="bbox 336 5718 3495 5807; baseline 0.001 -33"><span class='ocrx_word' id='word_1_835' title='bbox 336 5718 379 5807; x_wconf 61' lang='grc' dir='ltr'><em>’ξ</em></span> <span class='ocrx_word' id='word_1_836' title='bbox 404 5722 492 5776; x_wconf 71' lang='grc' dir='ltr'>τὸν</span> <span class='ocrx_word' id='word_1_837' title='bbox 517 5738 627 5807; x_wconf 76' lang='lat' dir='ltr'><strong>om.</strong></span> <span class='ocrx_word' id='word_1_838' title='bbox 662 5726 722 5781; x_wconf 80' lang='grc' dir='ltr'>Α.</span> <span class='ocrx_word' id='word_1_839' title='bbox 801 5727 851 5762; x_wconf 69' lang='grc' dir='ltr'><strong>’δ</strong></span> <span class='ocrx_word' id='word_1_840' title='bbox 884 5728 1112 5805; x_wconf 79' lang='grc' dir='ltr'>στένειν]</span> <span class='ocrx_word' id='word_1_841' title='bbox 1142 5731 1388 5807; x_wconf 76' lang='grc' dir='ltr'>στέργειν</span> <span class='ocrx_word' id='word_1_842' title='bbox 1410 5729 1669 5803; x_wconf 81' lang='lat' dir='ltr'><strong>Scaliger.</strong></span> <span class='ocrx_word' id='word_1_843' title='bbox 1748 5730 1793 5765; x_wconf 79' lang='grc'>⁸⁵</span> <span class='ocrx_word' id='word_1_844' title='bbox 1826 5729 1989 5802; x_wconf 59' lang='grc' dir='ltr'>φησιν</span> <span class='ocrx_word' id='word_1_845' title='bbox 2015 5727 2075 5797; x_wconf 78' lang='grc' dir='ltr'>ἐξ</span> <span class='ocrx_word' id='word_1_846' title='bbox 2105 5728 2258 5803; x_wconf 79' lang='grc' dir='ltr'>ὑμῶν</span> <span class='ocrx_word' id='word_1_847' title='bbox 2287 5744 2358 5795; x_wconf 70' lang='grc' dir='ltr'><strong>ιτς</strong></span> <span class='ocrx_word' id='word_1_848' title='bbox 2392 5728 2433 5785; x_wconf 90' lang='grc' dir='ltr'><strong>Β</strong></span> <span class='ocrx_word' id='word_1_849' title='bbox 2463 5745 2573 5788; x_wconf 83' lang='grc' dir='ltr'>οιη.</span> <span class='ocrx_word' id='word_1_850' title='bbox 2607 5729 2790 5800; x_wconf 81' lang='grc' dir='ltr'>φησιν.</span> <span class='ocrx_word' id='word_1_851' title='bbox 2868 5722 3026 5796; x_wconf 58' lang='lat' dir='ltr'><strong>&quot;did</strong></span> <span class='ocrx_word' id='word_1_852' title='bbox 3051 5727 3098 5779; x_wconf 80' lang='grc' dir='ltr'>εἳ</span> <span class='ocrx_word' id='word_1_853' title='bbox 3120 5726 3173 5781; x_wconf 86' lang='grc' dir='ltr'>Β.</span> <span class='ocrx_word' id='word_1_854' title='bbox 3254 5725 3299 5759; x_wconf 77' lang='grc'><strong>⁸⁷</strong></span> <span class='ocrx_word' id='word_1_855' title='bbox 3321 5718 3495 5796; x_wconf 68' lang='grc' dir='ltr'>ἐστὶν]</span> 
     </span>
    </p>
   </div>
   <div class='ocr_carea' id='block_1_116' title="bbox 270 5788 576 5848">
    <p class='ocr_par' dir='ltr' id='par_1_116' title="bbox 270 5788 576 5848">
     <span class='ocr_line' id='line_1_116' title="bbox 270 5788 576 5848; baseline 0.023 -8"><span class='ocrx_word' id='word_1_856' title='bbox 270 5788 326 5844; x_wconf 71' lang='grc' dir='ltr'><strong>τέ</strong></span> <span class='ocrx_word' id='word_1_857' title='bbox 354 5791 492 5846; x_wconf 73' lang='grc' dir='ltr'>ἐστιν</span> <span class='ocrx_word' id='word_1_858' title='bbox 512 5795 576 5848; x_wconf 77' lang='grc' dir='ltr'>Δ.</span> 
     </span>
    </p>
   </div>
  </div>
