3966 6240
456 299 556 364 143
1591 287 1853 349 PHOTII
1894 289 2016 348 PA’I

2122 285 2387 346 ARCHIE
2420 287 2530 348 ΟΡ.
3582 285 3673 351 Ῑίι

459 407 663 475 fugium
705 401 950 472 praebuit,
993 397 1118 468 quia
1160 396 1314 451 valde
1365 398 1730 467 quaerebatur,
1781 398 1916 452 adeo
1956 407 2013 450 ut

2122 415 2249 466 γοις,
2273 400 2319 450 οἱ
2351 398 2407 451 δὲ
2445 397 2541 450 καὶ
2569 398 2727 468 χερσὶ
2760 397 2851 450 τὸν
2878 397 3100 469 νικητὴν
3131 396 3599 471 προύπηλάκιζον,
3626 400 3673 452 οι

458 497 650 554 scienti
714 504 768 549 ct
797 509 903 547 non
932 491 1187 547 iudicanti
1210 491 1566 547 Athanasium
1590 491 1819 560 capitale
1852 490 2012 545 foret:

2123 489 2179 542 δέ
2214 489 2307 542 καὶ
2334 489 2423 541 τὸν
2454 490 2519 541 ἐκ
2545 488 2639 542 τοῦ
2676 487 2938 557 βασιλέως
2968 491 3211 544 ἐπέσειον
3235 491 3481 546 θάνατον,
3534 491 3591 544 Ὀ
3623 492 3676 545 δὲ

456 588 679 655 praemia
709 600 834 641 vero
864 596 1295 654 proponerentur
1332 582 1421 650 iis,
1453 583 1546 652 qui
1577 592 1671 637 aut
1694 581 1876 636 vivum
1915 582 2013 635 ad-

2135 579 2423 649 Ἀρχέλαος
2452 579 2714 650 μέλλοντα
2755 581 3085 635 διασπᾶσθαι
3122 581 3213 633 τὸν
3258 583 3406 638 ὅσιον
3442 582 3546 635 ὑπὸ
3569 581 3678 635 τῶν

458 673 734 735 ducerent,
765 680 858 727 aut
892 680 1055 741 caput
1086 669 1359 725 afferrent.

2122 670 2413 735 δυσσεϐὦν,
2459 671 2611 741 μόλις
2655 672 2755 741 τῆς
2804 674 2984 737 οἰκίας
3037 674 3281 738 καταϐὰς
3339 675 3409 745 (εί
3444 674 3554 745 γὰρ
3588 674 3680 728 καὶ

459 772 593 837 πρὸς
621 769 716 839 τὴν
752 768 933 840 κρίσιν
986 768 1083 837 οὐχ
1136 766 1279 836 ἐώρα
1301 806 1315 829 ,
1348 765 1463 819 ἀλλ’
1496 766 1588 819 οὖν
1621 764 1732 836 εἶχέ
1792 783 1912 820 τινα
1955 766 2054 835 τῆς
2095 767 2308 834 φύσεως
2374 769 2529 839 αἰδῶ)
2565 769 2704 838 μετὰ
2746 770 2841 822 καὶ
2887 769 2995 821 τῶν
3022 770 3334 840 δορυφόρων
3359 769 3678 839 ἐξαρπάζει,

460 861 553 914 καὶ
584 860 825 930 δρασμὸν
869 858 1098 928 κρύφιον
1152 857 1298 927 αὐτῷ
1328 859 1735 927 παρασκευάζει
1804 860 1899 911 καὶ
1966 859 2300 911 ὑποτίθεται.
2338 860 2409 911 Τὸ
2452 861 2507 913 δέ
2574 861 2831 921 δυσσεϐὲς
2880 861 3321 930 συνεδριάσαντες
3354 860 3506 922 αὖθις
3552 862 3684 929 γρά-

464 953 622 1019 φουσί
651 969 709 1004 τε
734 952 822 1005 τὸν
843 951 1083 1005 ἀναίτιον
1116 950 1318 1012 αἰτίαις
1346 950 1591 1013 ἀτόποις,
1625 951 1687 1014 ἃς
1723 951 1876 1003 αὐτοὶ
1940 950 2299 1015 συνέπλασαν,
2368 953 2593 1016 ἁλῶναι,
2648 954 2743 1008 καὶ
2786 953 3061 1024 διαφόροις
3110 952 3383 1022 βιϐλιδίοις
3446 952 3683 1017 ἐγκατα-

457 1045 673 1114 θέμενοι
706 1044 774 1096 τὰ
803 1044 896 1096 τοῦ
930 1044 1155 1113 ψεύδους
1177 1043 1254 1113 τῷ
1305 1060 1362 1096 τε
1400 1044 1763 1115 Κωνσιαντίῳ
1793 1045 1887 1098 καὶ
1919 1045 2067 1117 πάσῃ
2098 1045 2497 1117 διαπέμπονται
2529 1052 2597 1117 τῇ
2632 1048 2950 1119 οἰκουμένῃ·
3010 1049 3105 1101 καὶ
3144 1048 3353 1114 γίνεται
3412 1046 3491 1116 τῷ
3521 1046 3687 1099 πολυ-

453 1138 601 1207 άθλῳ
632 1138 779 1190 πᾶσα
835 1136 988 1207 χώρα
1039 1135 1185 1204 φυγὴ
1228 1134 1432 1204 σφόδρα
1462 1135 1799 1205 ζητουμένῳ.
1850 1136 1958 1188 Καὶ
1988 1139 2021 1205 ἡ
2058 1136 2285 1203 ζήτησις
2331 1143 2443 1202 τοῖς
2497 1141 2595 1209 μὲν
2654 1140 2916 1192 συνειδόσι
2971 1140 3067 1192 καὶ
3135 1139 3208 1208 μὴ
3273 1138 3686 1209 καταμηνύουσι

456 1230 603 1299 ζωῆς
654 1228 941 1298 ἀφαίρεσιν
995 1227 1255 1281 ἐπέϐαλλε
1313 1228 1358 1260 ³⁸
1408 1228 1507 1295 τὴν
1559 1228 1776 1297 ζημίαν·
1828 1231 1938 1291 τοῖς
1967 1228 2024 1281 δὲ
2065 1230 2441 1303 κομίζουσινῆ
2506 1232 2684 1296 ζῶντα
2729 1234 2762 1302 ἢ
2817 1232 2916 1303 τὴν
2971 1231 3132 1285 αὐτοῦ
3169 1230 3412 1301 κεφαλὴν
3486 1231 3688 1302 δωρεαὶ

453 1321 831 1392 προύτεινοντο
865 1321 1075 1389 μεγάλα
1086 1342 1121 1375 ι.

522 1412 639 1476 Qua
671 1427 728 1466 re
755 1411 989 1482 cognita,
1037 1411 1395 1466 adamantina:
1450 1411 1613 1465 homo
1652 1412 1925 1481 patientia:
1961 1412 2017 1466 in

420 1504 606 1558 xfovca
652 1519 851 1571 aquam
886 1519 993 1559 non
1029 1504 1285 1567 habente,
1319 1514 1462 1560 totos
1504 1519 1598 1559 sex
1626 1519 1797 1569 annos
1845 1504 2018 1560 latens

435 1591 725 1648 'contrivit.
752 1593 932 1648 Pridie
956 1609 1083 1648 vero
1110 1594 1230 1664 ejus
1265 1594 1375 1648 diei
1413 1609 1519 1663 qua
1546 1594 1864 1663 prodendus
1901 1602 2018 1649 erat

426 1674 539 1739 illc
567 1686 741 1751 locus,
782 1684 1113 1740 revelatione
1147 1686 1381 1755 quadam
1425 1686 1608 1739 divina
1646 1686 1699 1739 in
1741 1686 1907 1740 alium
1937 1685 2014 1738 lo-

2197 1413 2263 1465 ‘A
2319 1412 2543 1465 συνιδὼν
2588 1412 2616 1463 ὁ
2656 1413 2756 1481 τῆς
2813 1410 3089 1481 ὑπομονῆς
3132 1409 3345 1479 ἀδάμας
3390 1408 3450 1461 ἐν
3498 1407 3690 1477 λάκκῳ

2123 1503 2261 1573 ὕδωρ
2306 1504 2380 1573 μὴ
2409 1503 2581 1573 ἔχοντι
2611 1502 2704 1555 ἐπὶ
2752 1501 2811 1567 ἒξ
2837 1502 2981 1555 ἔτεσι
3027 1500 3207 1553 λαθὼν
3246 1500 3555 1570 ἐκαρτέρει.
3601 1499 3690 1562 Ὠς

2118 1596 2177 1649 δέ
2222 1594 2319 1649 καὶ
2360 1595 2424 1647 τὸ
2461 1594 2656 1664 χωρίον
2692 1596 2866 1647 ἐκεῖνο
2899 1591 3243 1662 προδίδοσθαι
3292 1590 3505 1660 ἔμελλε,
3539 1589 3689 1652 θείας

2120 1687 2293 1757 ὂψεως
2316 1687 2416 1757 τὴν
2448 1686 2735 1757 προδοσίαν
2759 1684 2837 1754 τῷ
2868 1684 3157 1753 θεράποντι
3184 1682 3289 1753 πρὸ
3322 1683 3452 1751 μιᾶς
3475 1682 3690 1750 ἡμέρας

451 1791 575 1829 cum
628 1774 886 1845 profugit,
929 1785 982 1830 et
1028 1776 1083 1829 in
1128 1774 1471 1832 Occidentem
1518 1777 1686 1844 venit,
1718 1778 2016 1846 imperante

2124 1779 2440 1850 μηνυσάσης
2469 1777 2724 1830 κάκεῖθεν
2763 1776 3152 1846 ἀποδιδράσκει
3178 1777 3275 1827 καὶ
3302 1774 3439 1843 πρὸς
3462 1773 3562 1842 τὴν
3596 1772 3691 1824 δύ-

451 1868 524 1921 ihi
545 1868 860 1934 Constante,
890 1883 990 1922 suo
1021 1878 1073 1923 et
1110 1867 1296 1923 fratris
1323 1868 1407 1925 sui
1456 1868 1797 1935 Constantini
1845 1869 2016 1938 impe-

2123 1888 2206 1922 σιν
2224 1870 2473 1939 ἀπαίρει,
2497 1868 2590 1921 τοῦ
2616 1868 2971 1930 Κώνσταντος
2994 1867 3091 1937 ἤδη
3118 1866 3218 1936 τὴν
3244 1865 3419 1936 ἀρχὴν
3449 1863 3688 1934 ἔχοντος,

451 1960 555 2014 rio.
593 1959 809 2015 Etenim
862 1960 1015 2014 illum
1060 1963 1334 2017 exercitus
1378 1960 1629 2016 aﬁcctato
1681 1961 1910 2031 imperio
1940 1962 2020 2013 in-

452 2052 758 2106 terfecerat.
842 2052 1037 2123 48ιὸ
1123 2052 1260 2107 Τυιη
1350 2054 1685 2109 Athanasius
1744 2052 2020 2123 profectus

452 2141 679 2195 Romam
730 2141 799 2207 ad
842 2139 1045 2195 Julium
1087 2141 1396 2211 pontiﬁcem
1440 2142 1886 2197 commemoratis
1914 2142 2017 2211 ipsi

446 2228 706 2283 omnibus
764 2244 886 2299 quae
911 2229 980 2283 ab
1014 2230 1228 2283 Arianis
1268 2246 1461 2299 passus
1500 2241 1665 2293 esset,
1708 2231 1760 2283 in
1793 2245 2022 2299 conspe-

451 2330 541 2374 ctu
568 2319 880 2375 Constantis
932 2320 1299 2389 imperatoris,
1332 2330 1384 2375 et
1417 2322 1682 2390 synodum
1716 2321 2019 2375 Antiochia:

452 2412 519 2468 ad
562 2412 897 2468 eversionem
950 2413 1270 2468 orthodoxae
1326 2413 1451 2467 ﬁdei
1499 2423 1745 2467 coactam
1798 2421 2020 2477 esse,et

451 2504 743 2575 Georgium
779 2505 883 2559 sibi
923 2519 1296 2560 successorem
1327 2505 1448 2559 illos
1489 2515 1678 2560 contra
1722 2504 1891 2575 legem
1922 2504 2017 2559 de-

452 2598 617 2661 disse,
641 2604 697 2652 et
742 2611 842 2665 pro
869 2596 962 2651 illo
1004 2596 1166 2650 etiam
1216 2596 1565 2666 Gregorium.
1595 2594 1866 2653 Eusebius
1898 2598 2021 2667 qui-

450 2691 593 2754 dem,
629 2689 695 2744 iis
728 2689 966 2757 peractis
986 2704 1107 2758 qua:
1132 2689 1365 2753 volebat,
1398 2690 1716 2759 legationem
1754 2690 1821 2743 ad
1852 2704 2018 2744 vene-

454 2782 681 2833 randum
715 2779 914 2834 Julium
951 2778 1260 2848 pontiﬁcem
1314 2778 1622 2834 Romanum
1664 2780 1882 2849 legavit,
1919 2781 2021 2835 hoc

451 2885 638 2940 agens,
674 2882 735 2925 ut
775 2870 1130 2925 Athanasium
1174 2886 1279 2924 una
1310 2871 1617 2925 damnaret.
1651 2871 1830 2926 Julius
1864 2887 2016 2936 vero,

450 2963 690 3030 acceptis
719 2962 787 3017 ab
814 2963 1051 3017 Eusebio
1082 2962 1297 3024 litteris,
1336 2972 1547 3018 tantum
1586 2963 1739 3020 abest
1766 2974 1825 3019 ut
1855 2965 2013 3020 dam-

450 3053 716 3118 nandum,
775 3053 938 3106 etiam
993 3052 1381 3105 absolvendum
1457 3053 1754 3122 comperit,
1808 3054 2008 3124 injuria

2119 1961 2179 2014 οὐ
2226 1961 2324 2030 τὴν
2373 1959 2567 2013 ἐαυτοῦ
2604 1962 2784 2031 μόνον,
2819 1960 2954 2012 ἀλλά
2998 1960 3093 2012 καὶ
3121 1961 3221 2028 τὴν
3251 1957 3344 2010 τοῦ
3380 1957 3424 1989 ⁸³
3456 1956 3689 2026 ἀδελφοῦ

2119 2053 2529 2106 Κωνσταντίνου
2551 2068 2564 2081 ·
2600 2052 2828 2122 καὶγὰρ
2868 2051 3027 2104 αὐτὸν
3065 2050 3125 2102 τὸ
3170 2048 3563 2119 στρατιωτικὸν
3594 2065 3691 2099 τυ-

2121 2144 2325 2214 ραννίδι
2367 2144 2680 2214 ἐπιθέμενοι
2725 2144 2955 2197 ἀνεῖλον.
3004 2142 3255 2210 Διδάσκει
3276 2140 3566 2213 τοιγαροῦν
3598 2141 3689 2194 διὰ

2122 2234 2427 2305 συνδρομῆς
2470 2235 2686 2288 Ἰουλίου
2742 2235 2838 2289 τοῦ
2880 2234 3099 2304 Ῥώμης
3129 2232 3475 2303 τὸνβασιλέα
3526 2231 3690 2286 Κών-

2122 2341 2322 2377 σταντα
2379 2325 2477 2388 τὰς
2522 2324 2795 2386 συσκευάς
2829 2324 2896 2384 ἃς
2947 2322 3051 2375 ὑπὸ
3102 2324 3208 2376 τῶν
3254 2323 3552 2393 Ἀρειανῶν
3589 2323 3693 2374 ὑπ-

2121 2416 2270 2485 έστη,
2290 2416 2383 2467 καὶ
2416 2414 2514 2487 τὴν
2549 2415 2764 2467 σύνοδον
2792 2415 2888 2484 τὴν
2911 2415 2968 2466 ἐν
3003 2414 3300 2485 Ἀντιοχείᾳ
3329 2414 3422 2466 ἐπὶ
3443 2414 3693 2485 διαστρο-

2119 2509 2193 2575 φῇ
2233 2509 2330 2576 τῆς
2376 2506 2611 2569 πίστεως
2659 2505 3157 2577 συγκρτιτηθεῖσαν,
3191 2507 3285 2559 καὶ
3311 2506 3386 2569 ὼς
3414 2506 3691 2576 Γεώργιον

2120 2600 2201 2663 είς
2262 2600 2352 2651 τὸν
2406 2598 2570 2651 αὐτοῦ
2632 2599 2820 2670 θρόνον
2877 2599 3161 2665 ἐκθέσμως
3204 2600 3691 2670 χειροτονήσαντες

2120 2692 2535 2761 ἐγκαθίδρυσαν,
2558 2692 2652 2743 καὶ
2683 2692 2783 2744 οὐκ
2810 2692 3017 2745 ἐκεῖνον
3070 2690 3253 2760 μόνον,
3291 2689 3426 2743 ἀλλὰ
3454 2691 3549 2743 καὶ
3578 2692 3692 2762 πρὸ

2119 2784 2333 2836 ἐκείνου
2368 2782 2685 2851 Γρηγόριον.
2724 2781 2980 2845 Εὐσέϐιος
3022 2783 3206 2851 μέντοι
3242 2783 3691 2852 διαπραξάμενος

2120 2875 2155 2929 δι
2183 2874 2504 2938 ἐσπούδαζε,
2531 2872 2978 2942 διαπρεσϐεύεται
3002 2873 3139 2943 πρὸς
3161 2873 3251 2925 τὸν
3272 2874 3416 2927 ὅσιον
3446 2873 3691 2938 Ἰούλιον,

2120 2946 2375 3021 κοινωνδν
2418 2967 2601 3019 λαϐεῖν
2655 2967 2751 3037 τῆς
2802 2967 3119 3019 Ἀθανασίου
3147 2966 3531 3037 κατακρίσεως
3584 2984 3693 3037 μη-

2119 3060 2451 3131 χανώμενος.
2498 3060 2554 3114 ’0
2584 3061 2662 3125 δὲ,
2711 3059 2770 3123 ἐξ
2806 3052 2879 3113 ὧν
2907 3061 3112 3124 ἐκεῖνος
3134 3060 3371 3131 ἔγραφεν
3394 3061 3462 3123 σθ,
3490 3060 3694 3133 ού-κα-

452 3141 705 3196 aﬁ‘cctum
749 3141 948 3197 litteris
1009 3143 1390 3197 conﬁrmatum
1438 3143 1825 3199 Alexandriam
1889 3148 2014 3200 mit-

2122 3152 2375 3222 τάκρισιν
2406 3154 2471 3219 ⁶¹,
2501 3154 2748 3206 ἁθώωσιν
2776 3153 2834 3206 δὲ
2863 3152 3063 3222 μᾶλλον
3080 3153 3394 3206 Ἀθανασίου
3423 3154 3693 3225 συνορῶν,

453 3234 533 3297 tit,
597 3243 652 3288 et
696 3234 1029 3304 postliminio
1057 3235 1308 3300 restituit,
1342 3250 1451 3289 non
1496 3250 1688 3304 parum
1726 3239 2017 3306 reprehen-

451 3326 587 3380 dens
610 3340 726 3388 eos,
756 3326 849 3394 qui
882 3326 1083 3393 injuste
1117 3341 1239 3380 eum
1269 3327 1393 3381 loco
1432 3327 1836 3384 deturbasscnt.

523 3497 733 3561 Ariani,
765 3495 1141 3552 Constantium
1187 3500 1362 3570 magis
1388 3502 1671 3572 magisque
1718 3503 2017 3573 depravan-

446 3598 556 3652 tes,
604 3588 950 3658 Gregorium,
1008 3605 1168 3658 quem
1210 3591 1286 3644 illi
1336 3592 1741 3660 ordinaverant,
1785 3596 2020 3650 Alexan-

446 3678 627 3731 driam
660 3690 867 3733 armata
899 3680 948 3733 vi
984 3679 1356 3735 deducendum
1394 3694 1589 3738 curant
1625 3686 1849 3757 (quibus
1884 3703 2019 3758 prte-

453 3778 571 3823 erat
603 3771 776 3838 copiis
813 3770 1121 3843 Syrianus),
1163 3789 1283 3843 qua:
1304 3776 1544 3848 quinque
1573 3779 1803 3833 millium
1842 3791 2017 3835 crant.

454 3862 621 3930 Igitur
655 3871 876 3918 sanctus
905 3865 1232 3921 Athanasius
1272 3870 1573 3924 exercitum
1615 3870 1770 3941 fugit,
1828 3881 1883 3927 et
1916 3875 2021 3928 mi-

453 3954 595 4017 lites,
626 3953 720 4021 qui
761 3954 814 4007 iu
847 3955 967 4023 ejus
1020 3972 1203 4011 necem
1264 3961 1641 4028 conspirarent
1674 3982 1686 4016 :
1720 3973 1773 4018 et
1820 3964 2017 4022 iterum

454 4049 687 4106 Romam
726 4068 784 4107 se
831 4055 1078 4109 contulit.
1114 4055 1413 4127 Gregorius
1451 4068 1630 4113 autem
1667 4060 1868 4131 impius
1916 4064 2020 4119 Ec-

450 4144 671 4200 clesiatn
691 4148 995 4216 occupavit.
1022 4150 1392 4215 Alexandrini,
1420 4152 1470 4206 id
1492 4151 1692 4207 factum
1718 4171 1822 4209 non
1842 4154 2018 4211 fcren-

453 4246 554 4297 tcs,
590 4235 888 4291 Ecclesiam
923 4238 1105 4294 Sancti
1157 4239 1401 4312 Dionysii
1429 4243 1807 4300 incenderunt.
1847 4248 2019 4317 igitur

451 4340 674 4381 sanctus
730 4327 933 4382 Paulus
983 4328 1540 4403 Constantinopoleos
1589 4335 1878 4406 episc0pus
1910 4354 2017 4394 una

452 4432 575 4470 cum
610 4418 909 4472 Athanasio
939 4420 1195 4475 exsulans
1245 4421 1430 4477 Romae
1453 4435 1589 4488 erat,
1620 4437 1674 4481 et
1704 4428 1898 4494 palma:
1922 4446 2012 4484 so-

451 4509 569 4562 cius
600 4508 724 4563 fuit.
762 4509 1033 4565 Constans
1060 4522 1237 4566 autem
1269 4514 1458 4567 scribit
1486 4514 1641 4570 fratri
1667 4518 2008 4583 Constantio,

360 4656 364 4659 _
453 4606 676 4668 urgente
731 4599 889 4653 simul
949 4602 1125 4669 ipsum
1173 4601 1319 4657 Julio
1349 4606 1625 4673 pontiﬁce,
1656 4617 1716 4661 ut
1768 4611 2016 4678 proprios

451 4692 800 4760 episcopatus
831 4694 1137 4763 reciperent
1167 4694 1340 4750 affecti
1378 4696 1598 4766 injuria.
1648 4699 1754 4754 Sed
1792 4710 1851 4755 ut
1879 4702 2017 4755 nihil

452 4782 701 4837 effectum
740 4793 844 4852 est,
892 4787 1167 4855 postulant
1202 4788 1364 4857 igitur
1405 4791 1737 4849 Athanasius
1793 4803 1845 4848 ct
1876 4794 2017 4849 Pau-

454 4881 539 4933 lus
594 4891 654 4935 ut
694 4887 1027 4938 meumenica
1080 4888 1287 4956 synodo
1340 4887 1723 4953 decernantnr,
1772 4904 1891 4958 qua:
1947 4890 2013 4944 ad

453 4972 611 5027 fidem
636 4974 1012 5039 orthodoxam,
1031 4986 1084 5029 et
1106 4991 1200 5030 eos
1227 4977 1560 5046 pertinerent
1585 4996 1598 5031 :
1625 4979 1792 5051 [quod
1817 4980 1882 5033 iis
1894 4980 2012 5034 vio-

452 5065 575 5120 latis
605 5064 765 5120 simul
788 5066 917 5122 ﬁdes
950 5071 1113 5123 etiam
1144 5085 1336 5124 casura
1364 5070 1554 5142 esset.]
1584 5072 1867 5126 inducitur
1885 5089 2014 5143 ergo

453 5157 652 5212 iterum
677 5158 919 5229 synodus
963 5159 1201 5215 Sardica:
1226 5177 1497 5217 consensu
1530 5162 1814 5232 utriusque
1840 5165 2014 5234 impe-

452 5250 671 5316 ratoris,
696 5250 984 5306 undecimo
1006 5267 1149 5309 anno
1166 5269 1196 5307 a
1227 5265 1400 5308 morte
1423 5253 1788 5321 Constantini,
1823 5256 2013 5311 horum

2118 3246 2409 3316 γράμμασι
2456 3246 2547 3299 τὸν
2591 3246 2919 3317 ἠδικημένον
2968 3247 3284 3319 ἐπιρρώσας
3324 3248 3402 3311 είς
3442 3247 3696 3311 Ἀλεξάν-

2118 3337 2303 3405 δρειαν
2332 3338 2674 3400 ἀποστέλλει,
2700 3338 2759 3389 ἐν
2786 3332 2868 3399 οἷς
2900 3339 2990 3391 καὶ
3021 3340 3147 3402 τοὺς
3173 3339 3334 3392 αὑτὸν
3354 3338 3690 3404 καθελόντας

2119 3426 2303 3480 δικαία
2338 3429 2431 3480 καὶ
2461 3429 2519 3479 ού
2564 3412 2736 3498 μικρὰ
2773 3429 2982 3499 μέμψις
3009 3433 3332 3501 μετὴρχετο.

2193 3519 2335 3572 Ἀλλ’
2396 3520 2447 3571 οἱ
2497 3520 2595 3589 τῆς
2621 3521 2831 3590 Ἀρείου
2880 3520 3084 3594 λύσσης
3124 3524 3555 3596 ὑποφθείραντες
3596 3528 3697 3581 ἐπὶ

2120 3611 2284 3664 πλέον
2331 3612 2422 3663 τὸν
2477 3614 2874 3677 Κωνστάντιον,
2922 3613 2982 3666 ὃν
3029 3615 3182 3669 αὐτοὶ
3210 3618 3695 3690 κεχειροτονήκασι

2124 3701 2426 3773 Γρηγόριον
2458 3704 2550 3756 ἐπὶ
2578 3704 2676 3773 τὴν
2707 3703 3118 3773 Ἀλεξάνδρειαν
3148 3712 3513 3780 στρατιωτικῇ
3545 3713 3695 3780 χειρὶ

2120 3793 2502 3863 ἐκπεμφθῆναι
2533 3796 3022 3864 καταπράττονται·
3056 3797 3316 3867 Συριανὸς
3343 3795 3410 3869 ἦν
3445 3817 3693 3872 στρατη-

2119 3888 2214 3955 γὸς
2262 3889 2357 3957 τῆς
2408 3887 2661 3959 τοιαύτης
2705 3890 3082 3960 παρατάξεως,
3132 3894 3227 3944 καὶ
3257 3893 3286 3944 ὁ
3324 3896 3552 3964 στρατὸς
3606 3898 3692 3959 είς

2120 3982 2278 4032 πέντε
2325 3980 2567 4050 χιλιάδας
2611 3982 2962 4051 ἀπηρτίζετο.
3014 3983 3309 4053 Διαφεύγει
3336 3985 3381 4037 δ’
3412 3986 3557 4039 οὖνὸ
3598 4005 3692 4039 σο-

2120 4072 2220 4141 φὸς
2253 4073 2567 4135 Ἀθανάσιος
2602 4074 2692 4126 τόν
2720 4093 2781 4127 τε
2814 4074 3115 4145 στρατηγὸν
3138 4077 3232 4128 καὶ
3264 4080 3388 4141 τοὺς
3418 4079 3691 4148 στρατιώ-

2119 4182 2216 4229 τας
2240 4166 2503 4228 πνέοντας
2534 4166 2652 4218 κατ’
2678 4166 2843 4221 αὑτοῦ
2873 4169 2962 4220 τὸν
3005 4167 3183 4235 φόνον,
3214 4171 3311 4222 καὶ
3347 4171 3407 4224 τὸ
3428 4164 3687 4243 δεύτερον

2120 4257 2211 4307 ἐπὶ
2238 4256 2335 4324 τὴν
2373 4256 2590 4325 Ῥώμην
2624 4256 2932 4327 ἀνατρέχει.
2973 4258 3032 4310 '0
3069 4259 3126 4312 δὲ
3166 4260 3432 4333 δυσσεϐὴς
3475 4264 3689 4333 Γρηγό-

2121 4366 2234 4419 ριος
2254 4351 2352 4419 τῆς
2374 4349 2770 4420 Ἀλεξανδρέων
2798 4354 3092 4423 ἐκράτησε·
3117 4356 3210 4407 καὶ
3232 4357 3264 4424 ή
3295 4354 3450 4417 πόλις
3471 4355 3533 4409 τὸ
3556 4373 3688 4408 συν-

2120 4439 2336 4508 ενεχθὲν
2368 4441 2468 4492 οὐκ
2500 4443 2555 4493 ἐν
2598 4440 2678 4509 τῷ
2729 4442 2941 4512 ἀνεκτῷ
2990 4445 3187 4514 θεμένη
3212 4445 3309 4515 τὴν
3337 4446 3687 4515 καλουμένην

2113 4531 2388 4584 Διονυσίου
2439 4532 2733 4601 ἐκκλησίαν
2779 4535 3107 4605 ἐνέπρησαν.
3138 4537 3382 4606 Συνῆσαν
3422 4538 3549 4609 [783
3585 4537 3685 4609 IL}

2113 4615 2205 4673 οὖν
2237 4620 2483 4687 ἀλλήλοις
2516 4624 2752 4691 φυγάδες
2796 4624 2947 4687 ὄντες
2976 4627 3003 4678 ὅ
3025 4642 3085 4678 τε
3120 4626 3411 4695 σεϐάσμιος
3451 4628 3687 4680 Ἀθανά-

2116 4728 2230 4775 σιος
2270 4714 2365 4765 xui
2412 4714 2643 4779 Παῦλος,
2689 4720 2802 4779 τοῖς
2850 4719 2985 4780 ἴσοις
3037 4720 3331 4787 ἀριστείοις
3369 4721 3684 4789 κοσμούμε-

2114 4823 2193 4859 νοι
2243 4807 2306 4860 θ’.
2334 4807 2372 4859 Γ
2379 4808 2537 4877 ράςρει
2576 4808 2632 4860 δὲ
2689 4807 2950 4874 Κώνστας
2994 4811 3073 4882 τῷ
3128 4812 3339 4883 ἁδελφῷ
3390 4816 3684 4866 Κωνστανο

2113 4898 2249 4967 τίῳ,
2305 4901 2810 4970 συμπαρορμῶντος
2861 4905 3023 4957 αὑτὸν
3082 4905 3180 4958 καὶ
3225 4904 3319 4957 τοῦ
3377 4907 3680 4976 ἀρχιερέως

2130 4989 2372 5052 Ἰουλίου,
2409 4989 2548 5042 ὥστε
2608 4993 2704 5053 τὰς
2738 4994 2869 5059 ἰδίας
2904 4997 3206 5059 ὲπισκοπὰς
3236 4996 3522 5050 ἀναλαϐεῖν
3551 4999 3680 5059 τοὺς

2115 5080 2494 5150 ἠδικημένους.
2536 5082 2622 5147 Ὠς
2650 5086 2694 5137 δ’
2720 5087 2869 5139 ούδέν
2922 5089 3103 5157 ἤνυεν,
3151 5088 3393 5152 ἀξιοῦσιν
3442 5089 3604 5143 αὐτὸν
3628 5092 3678 5142 οἱ

2115 5174 2245 5242 περὶ
2271 5173 2586 5226 ’Λθανάσιον
2627 5177 2975 5248 οἰκουμενικῇ
3004 5180 3204 5250 συνόδῳ
3231 5180 3300 5234 τὰ
3330 5181 3457 5251 ’περὶ⁹
3483 5181 3678 5244 αὐτούς

2115 5277 2175 5312 τε
2208 5262 2302 5313 καὶ
2339 5264 2436 5331 τῆς
2479 5267 3021 5339 συνεπηρεαζομένης
3052 5272 3287 5335 πίστεως
3306 5271 3675 5342 ἐπικριθῆναι.

1612 5453 1848 5511 γΑῐιιίΕ
1915 5457 2296 5516 LECTIONES

525 5614 571 5645 ⁸⁸
600 5615 827 5668 ἐπέϐαλε
856 5633 916 5678 ς.

460 5685 676 5738 nomine
705 5695 824 5754 post
877 5685 1094 5755 μᾶλλον,
1152 5684 1209 5735 Β.
1288 5683 1331 5713 ⁶²
1362 5683 1732 5753 κοσμούμενος
1766 5685 1822 5742 Β,

1015 5618 1060 5647 σθ
1091 5612 1187 5702 ιτοὲ
1216 5626 1330 5702 oni;
1358 5612 2009 5702 A.A'°r§ypa:pavnézsivo;
2040 5620 2099 5674 Β.
2177 5625 2217 5657 ⁶¹
2257 5626 2603 5701 κατάκρισιν]
2631 5632 2959 5702 κατάκρισιν
2996 5632 3335 5702 Ἀθανασίου,
3364 5633 3570 5690 omisso
3607 5648 3673 5688 eo
