3944 6242
290 282 399 347 145

1344 295 1869 359 BIBLIO’I‘HECA.
1900 300 2157 360 -.COD.
2220 300 2523 361 CCLVIII.

3422 304 3521 369 146

282 393 444 465 [MM
486 395 580 466 11.]
609 396 717 449 Καὶ
753 398 1086 469 κηρύσσεται
1116 403 1308 476 γνώμῃ
1338 407 1446 459 τῶν
1475 408 1569 462 δύο
1594 410 1842 481 βασιλέωη

1956 411 2148 481 patris.
2180 411 2368 482 Itaque
2387 427 2417 467 e
2449 413 2696 481 partibus
2729 414 3031 470 Occidentis
3060 431 3222 486 supra
3251 427 3521 476 trecentos

282 490 426 542 κατά
453 490 722 562 Σαρδικὴν
753 493 797 524 ⁸³
844 494 1193 569 οίκουμενικὴ
1229 499 1465 564 σύνοδος·
1499 503 1783 559 ἑνδέκατον
1811 505 1855 557 δ’

278 576 351 650 ἦν
389 582 511 645 ἔτος
536 583 645 635 ἀπὸ
664 585 766 655 τῆς
795 586 1051 658 τελευτῆς
1091 591 1500 647 Κωνσταντίνου
1533 597 1627 648 τοῦ
1652 598 1857 667 πατρὸς

275 672 395 725 τῶν
428 674 712 743 βασιλέων.
759 678 853 731 Ἐκ
878 679 976 749 μὲν
1025 680 1088 751 δὴ
1108 683 1208 753 τῆς
1246 685 1535 756 Ἐσπερίας
1563 688 1703 759 ὑπὲρ
1731 690 1857 753 τοὺς

273 764 631 852 τριακοσίους
663 767 921 837 συνῆλθον
954 773 1261 835 ἐπίσκοποι,
1280 777 1343 828 ἐκ
1368 777 1424 829 δὲ
1453 777 1857 852 τῆςἈνατολῆς

276 851 342 916 ἒξ
374 854 526 922 μόνοι
558 857 652 909 καὶ
679 858 1068 929 ἑϐδομήκοντα,
1105 864 1162 915 ἐν
1191 858 1270 925 οἷς
1304 865 1400 917 καὶ
1435 868 1462 919 6
1494 867 1588 921 τοῦ
1619 851 1853 941 Μαρεώ-

276 961 376 999 του
412 946 666 1017 Ἰσχύρας
693 950 975 1021 ἠριθμεῖτο
998 952 1072 1016 ὼς
1097 955 1411 1021 ἐπίσκοπος.
1455 958 1543 1021 Ὣς
1571 955 1664 1012 οὖν
1702 963 1758 1014 ὲν
1790 965 1856 1033 τῇ

278 1039 523 1113 Σαρδικῇ
553 1043 819 1115 συνῄεσαν
855 1045 1113 1112 ἅπαντες,
1136 1052 1184 1103 οἱ
1211 1052 1614 1124 τῆςἈνατολῆς
1631 1055 1709 1117 είς
1732 1055 1857 1125 ὄψιν

276 1128 389 1182 τῶν
435 1129 742 1203 Ἑσπερίων
772 1136 945 1189 ἐλθεῖν
979 1139 1371 1211 ἀπηρέσκοντο,
1401 1144 1449 1196 εἰ
1478 1146 1554 1214 μὴ
1593 1146 1855 1215 πρότερον

277 1222 411 1283 τοὺς
437 1225 569 1295 περὶ
596 1225 917 1282 Ἀθανάσιον
973 1232 1067 1285 κα)⁹
1099 1232 1307 1287 Παῦλον
1334 1234 1427 1287 τοῦ
1456 1237 1714 1305 συλλόγου
1755 1241 1858 1292 ἀπ-

279 1311 518 1365 ελάσωσι
535 1315 601 1370 ⁸⁸.
631 1319 988 1392 Πρωτογένης
1007 1323 1064 1377 δὲ
1091 1325 1119 1377 6
1150 1325 1419 1397 Σαρδικῆς
1443 1328 1736 1392 ἐπίσκοπος
1765 1332 1857 1384 καὶ

281 1399 475 1465 Ὅσιος
509 1405 537 1457 6
577 1407 928 1483 Κουδρούϐης
951 1414 1045 1466 καὶ
1081 1414 1130 1468 οἰ
1157 1415 1333 1469 λοιποὶ
1355 1418 1610 1489 ἑπόμενοι
1641 1421 1748 1474 οὐδ’
1778 1424 1858 1486 εἰς

274 1492 453 1564 ἀκοὴν
508 1496 609 1568 τὴν
667 1500 933 1572 ἔκθεσμον
973 1506 1153 1559 αὐτῶν
1192 1508 1418 1576 ἀξίωσιν
1472 1512 1853 1581 παρεδέξαντο,

274 1584 482 1656 ἄνδρας
505 1589 600 1654 οὓς
630 1594 888 1664 συνῆλθον
913 1600 1113 1667 κρῖναι,
1142 1600 1381 1671 ἀκρίτως
1412 1608 1736 1675 κατακρϊναι
1764 1608 1857 1660 καὶ

1960 513 2337 559 convenerunt
2377 504 2640 575 episcopi,
2689 521 2755 560 ex
2803 506 3025 562 Oriente
3050 525 3179 563 vero
3207 519 3418 564 tantum
3446 528 3525 567 se-

1960 596 2240 666 ptuaginta
2271 611 2385 663 sex,
2420 596 2473 650 in
2505 596 2706 666 quibus
2749 607 2804 653 et
2832 600 2946 669 ipse
2974 600 3221 671 Ischyras
3260 602 3521 670 Mariotis,

1959 687 2116 757 quasi
2147 688 2439 758 episcopus
2475 688 2924 746 numerabantur.
2963 692 3137 762 Igitur
3169 694 3298 748 dum
3329 710 3524 751 conve-

1961 781 2172 836 nissent
2202 781 2456 848 Sardieae,
2501 780 2808 838 Orientales
2853 783 2907 837 in
2938 795 3294 856 conspectum
3340 788 3526 842 venire

1950 874 2388 931 Occidentalium
2414 878 2792 941 recusabant,
2824 878 2927 931 nisi
2986 881 3137 948 prius
3194 881 3420 936 Paulum
3472 891 3527 937 et

1959 967 2320 1024 Athanasium
2356 970 2587 1024 concilio
2620 970 2930 1040 ejecissent.
2976 971 3307 1042 Protogenes
3341 985 3525 1029 autem

1961 1058 2305 1116 Sardicensis
2335 1062 2649 1132 episcopus,
2682 1072 2736 1117 et
2761 1063 2961 1119 Hosius
2989 1063 3375 1130 Cordubensis,
3404 1067 3520 1121 alii.

1958 1169 2065 1224 que
2096 1154 2337 1225 episcopi
2365 1154 2567 1228 482a
2590 1156 2877 1226 postulatis
2911 1173 3020 1213 non
3050 1169 3361 1214 annuerunt
3391 1177 3407 1214 :
3440 1160 3523 1214 ni—

1958 1246 2159 1299 mirum
2224 1245 2393 1313 viros,
2453 1263 2592 1316 quos
2639 1249 2937 1318 iudicaturi
2997 1257 3284 1313 venerant,
3324 1249 3524 1305 indicta

1960 1353 2124 1393 causa
2153 1338 2401 1393 damnari
2434 1354 2499 1393 ac
2537 1341 2746 1410 repelli.
2782 1341 3103 1396 Secessione
3140 1341 3323 1411 itaque
3361 1341 3522 1405 facta,

1958 1425 2314 1482 Orientalium
2362 1431 2739 1502 episcoporum
2782 1432 2849 1487 ab
2897 1431 3207 1488 Occidentis
3232 1434 3522 1502 episcopis,

1955 1517 2225 1589 Philippis
2266 1532 2686 1591 congregantur,
2746 1539 2923 1594 neque
2956 1525 3192 1593 amplius
3224 1533 3366 1579 tecta
3395 1539 3522 1580 sen-

1960 1610 2145 1670 tentia,
2192 1611 2284 1665 sed
2332 1621 2525 1680 aperte
2573 1624 2624 1667 et
2657 1615 2921 1670 audacter
2950 1615 3233 1685 όμοούσιον
3265 1616 3523 1670 condem-

272 1678 567 1735 ἀπελάσαι.
586 1683 678 1750 Ἐξ
703 1681 777 1739 ὧν
801 1689 849 1740 oi
871 1691 969 1758 μὲν
994 1690 1095 1761 τῆς
1110 1691 1397 1765 Ἀνατολῆς
1416 1695 1725 1767 σχισθέντες
1745 1700 1842 1752 τῶι

1960 1708 2172 1764 nantes,
2212 1678 2633 1770 inaaqualitatem
2673 1678 3052 1759 decernunt'et
3091 1705 3314 1775 impiam
3352 1706 3524 1761 hare-

268 1773 331 1831 ἐν
363 1774 607 1848 Σαρδικῇ
657 1780 718 1833 ἐν
754 1784 821 1853 τῇ
866 1783 1131 1839 Φιλίππου
1176 1789 1327 1843 πόλει
1376 1790 1842 1863 συναθροίζονται,

1950 1791 2052 1845 sim
2110 1791 2313 1863 ubique
2363 1795 2742 1850 disseminant.
2793 1795 2900 1853 Sed
2965 1798 3019 1852 in
3070 1772 3385 1853 Sardicensi
3427 1800 3522 1869 qui

266 1868 444 1920 καὶτὸ
463 1871 792 1939 όμοούσιον
816 1875 998 1930 οὐκέτι
1030 1878 1219 1951 γνώμῃ
1250 1882 1454 1954 ὑφάλῳ,
1479 1884 1592 1937 ἀλλ’
1610 1888 1842 1955 ἐμφανε-

1946 1896 2123 1952 erant,
2176 1890 2413 1959 primum
2475 1892 2694 1961 quidem
2750 1894 3019 1963 privatam
3068 1893 3217 1948 illam
3252 1894 3517 1965 synodum

269 1959 442 2031 στάτῃ
470 1963 567 2015 καὶ
597 1964 852 2037 γλώσσης
892 1967 1193 2042 θρασύτητι
1238 1974 1712 2045 ἁναθεματίζουσι,
1753 1980 1842 2031 καὶ

1946 1978 2397 2036 condemnarunt.
2429 1982 2633 2038 Deinde
2656 1993 3008 2039 accusatores
3030 1985 3206 2040 sancti
3226 1983 3520 2039 Athanasii

266 2050 327 2104 τὸ
349 2052 608 2122 ἀνόμοιον
628 2058 1038 2130 δογματίζουσι,
1061 2066 1158 2118 καὶ
1174 2066 1242 2120 τὰ
1260 2067 1494 2139 δυσσεὸῆ
1516 2069 1842 2139 ψηφίσματα

1946 2064 2378 2127 calumnizereos
2403 2073 2664 2145 dignitate
2698 2075 2981 2145 privarunt
3020 2094 3031 2128 :
3064 2085 3116 2130 et
3148 2076 3371 2129 tertium
3406 2075 3518 2145 jam

272 2145 545 2215 πάνταχοῦ
601 2146 1022 2221 διαπέμπονται.
1075 2158 1139 2210 Oi
1169 2157 1225 2210 δὲ
1258 2160 1314 2212 ἐν
1347 2161 1583 2233 Σαρδικῇ
1628 2163 1842 2234 πρῶτον

1946 2159 2171 2217 Nicaeum
2193 2165 2385 2234 synodi
2414 2164 2688 2220 decretum
2719 2166 3065 2228 confirmant,
3090 2178 3143 2222 et
3175 2169 3521 2239 promulgant

278 2235 379 2328 μέν
404 2237 503 2289 τῶν
526 2240 942 2310 ἀποηισάντων
969 2247 1187 2318 ἐρήμην
1212 2251 1675 2323 κατεψηφίσαντο,
1717 2250 1837 2307 εἶτα

1946 2255 2201 2309 omnibus
2229 2257 2529 2325 όμοούσιον,
2561 2259 2823 2328 inaequale
2854 2276 2979 2314 vero
3008 2262 3060 2314 in
3093 2259 3359 2317 Trinitate
3389 2276 3518 2315 con-

270 2327 401 2390 τοὺς
442 2328 761 2388 ’Δθανασίου
811 2340 1152 2412 κατηγόρους
1206 2346 1573 2413 συκοφαντίας
1606 2347 1837 2410 ἁλόντας

1946 2346 2202 2400 demnnnt
2251 2357 2413 2417 atque
2471 2327 2777 2418 repudiant,
2827 2353 3277 2423 oonscriptasquc
3311 2362 3365 2408 et
3414 2353 3517 2407 insi

264 2419 585 2493 καθαιροῦσι
613 2425 710 2478 τοῦ
736 2427 1061 2500 ἀξιώματος,
1088 2435 1181 2488 καὶ
1217 2436 1400 2508 τρίτον
1427 2439 1525 2509 τῆς
1551 2440 1607 2491 ὲν
1628 2438 1836 2510 Νικαία

1946 2438 2200 2507 epistolas
2229 2440 2426 2509 ubique
2458 2441 2754 2517 divulgant.

262 2513 481 2569 συνόδου
511 2518 605 2572 τὸν
633 2519 759 2590 ὅρον
792 2524 1141 2593 κρατύνουσι,
1185 2528 1279 2582 καὶ
1340 2530 1779 2601 ἀποκηρύττουσι
1818 2531 1862 2562 ⁸⁸
1899 2531 1958 2582 τὸ
2020 2530 2292 2599 ἀνόμοιον,
2338 2532 2431 2584 ἐπὶ
2475 2513 2613 2586 πᾶσι
2652 2534 2706 2586 δὲ
2756 2532 2816 2584 τὸ
2850 2535 3171 2604 ὀιιοοὺσιον
3211 2533 3518 2606 ἀνακηρύτ-

257 2624 413 2661 τουσι
444 2611 512 2676 ⁸⁸,
552 2611 646 2665 καὶ
664 2615 969 2686 γράμματα
1016 2619 1153 2690 πρὸς
1195 2622 1375 2686 πάσας
1403 2623 1504 2687 τὰς
1523 2626 1620 2697 τῆς
1650 2628 1693 2658 θ’
1722 2627 2047 2698 οἰκουμένης
2065 2627 2397 2697 Ἐκκλησίας
2425 2628 2846 2698 διαπέμπονται.

326 2700 500 2765 Γνοὺς
543 2702 590 2756 δ’
623 2706 653 2757 6
704 2706 812 2760 τῶν
866 2709 1169 2781 Ἐσπερίων
1204 2712 1457 2782 βασιλεὺς
1478 2716 1548 2770 τὰ
1578 2718 1719 2772 κατὰ
1748 2718 1845 2787 τὴν

256 2791 535 2865 Σαρδικὴν
582 2799 971 2870 συνενεχθέντα
1006 2803 1246 2858 διδάσκει
1281 2807 1379 2876 μὲν
1419 2811 1730 2878 παραυτίκα
1756 2812 1847 2864 τὸν

256 2882 515 2953 ἀδελφὸν,
549 2887 883 2960 ἀποδοθῆναι
918 2893 974 2946 δὲ
1019 2895 1220 2967 Παύλῳ
1274 2899 1370 2951 καὶ
1402 2899 1711 2972 Ἀθανασίῳ
1744 2903 1840 2957 καὶ

255 2975 370 3037 τοῖς
402 2975 545 3047 περὶ
574 2979 773 3044 αὐτοὺς
817 2981 862 3013 ⁸⁸
895 2985 1020 3048 τοὺς
1061 2987 1296 3052 οἰκείους
1329 2989 1549 3061 θρόνους
1592 2995 1708 3063 ἅμα
1747 2994 1846 3065 μὲν

255 3066 521 3139 παρῄνει,
553 3070 681 3140 ἅμα
729 3073 786 3126 δὲ
811 3077 906 3127 καὶ
938 3080 1359 3148 παρεκελεύετο.
1393 3084 1504 3136 Καὶ
1525 3084 1843 3148 Ἀθανάσιος

260 3154 359 3225 μὲν
403 3157 772 3215 ὑπεστέλλετο
802 3163 899 3226 τὰς
924 3165 1031 3218 τῶν
1066 3167 1363 3238 ’Λρειανῶν
1395 3171 1715 3238 ἐπιϐουλὰς,
1748 3176 1843 3228 καὶ

255 3252 320 3321 τῇ
360 3250 555 3323 Ῥώμῃ
605 3256 998 3326 προσήδρευενο
1044 3260 1073 3313 6
1115 3261 1172 3315 δὲ
1215 3263 1313 3333 τῆς
1349 3263 1563 3329 Δύσεως
1595 3266 1844 3337 βασιλεὺς

256 3344 425 3398 πάλιν
445 3346 656 3416 γράφει
673 3348 923 3421 τάδελφῷ
938 3351 1034 3419 ὡς,
1053 3356 1100 3407 εἰ
1130 3356 1227 3425 μὲν
1256 3357 1552 3427 προθύμως
1572 3360 1778 3430 δέχοιτο
1798 3362 1843 3394 ⁸⁸

257 3434 347 3487 τὸν
386 3434 568 3506 ἄνδρα
598 3438 695 3490 atat
728 3439 820 3493 τὸν
872 3443 1257 3514 ἀρχιερατικὴν
1294 3449 1588 3503 ἀποδίδωσι
1630 3452 1839 3524 θρόνον,

254 3524 477 3617 ἐτοιμός
520 3529 673 3584 ἐστιν
719 3533 1025 3604 ἐκπέμπειν
1078 3538 1169 3590 τὸν
1197 3538 1532 3608 Ἀθανάσιον,
1582 3545 1630 3596 εί
1673 3546 1729 3598 δέ
1765 3546 1841 3617 μὴ

259 3616 529 3688 βούλοιτο,
558 3623 724 3686 αὐτὸς
756 3624 824 3676 δι’
853 3627 1048 3681 ἑαυτοῦ
1078 3629 1171 3683 τοῦ
1201 3631 1411 3685 δικαίου
1444 3636 1729 3706 γενήσοιτο
1757 3655 1839 3690 τι·

260 3712 466 3780 μωρός.
504 3713 848 3770 Καθίσταται
890 3718 955 3791 δὴ
979 3722 1007 3773 6
1038 3722 1420 3790 Κωνστάντιος
1455 3729 1535 3791 εἰς
1575 3728 1714 3795 δέος,
1743 3731 1840 3783 καὶ

259 3803 345 3856 διὰ
376 3806 751 3875 γραμμάτων,
808 3811 907 3881 οὐχ
941 3813 1087 3881 ἅπαξ
1126 3814 1266 3868 ἀλλά
1312 3819 1408 3871 καὶ
1457 3819 1537 3883 δὶς
1582 3822 1677 3874 καὶ
1716 3822 1839 3891 τρὶς

258 3896 591 3963 σταλέντων,
618 3901 925 3969 ἐπαγωγῶν
954 3920 1014 3957 τε
1041 3907 1135 3958 καὶ
1158 3906 1494 3981 θελκτηρίων
1516 3912 1674 3965 καλεί
1700 3913 1838 3984 πρὸς

256 3988 451 4041 ἑαυτὸν
474 3989 571 4042 τδν
616 3991 915 4051 πολύαθλον
941 3994 1283 4056 ’Δθανάσιον.
1324 4001 1437 4054 Καὶ
1466 4003 1601 4072 μετὰ
1636 4004 1839 4072 πολλῆς

255 4077 588 4150 δορυφορίας
617 4080 745 4153 [786
778 4083 874 4155 Η.]
900 4085 1220 4141 ἀποστέλλει
1257 4090 1446 4145 τοῦτον
1469 4094 1497 4145 ὁ
1524 4093 1623 4161 τῆς
1638 4095 1836 4148 Ἑσπέ-

259 4184 356 4237 ρας
386 4168 670 4237 βασιλεὺς,
713 4171 809 4224 καὶ
848 4172 1070 4227 Ἰουλίου
1104 4175 1201 4229 τοῦ
1241 4178 1543 4249 ἀρχιερέως
1575 4180 1839 4251 γράμμα-

260 4276 342 4313 σιν
380 4261 554 4315 αὐτὸν
602 4263 884 4333 διαφόροις
931 4267 1326 4336 ἐφοδιάζοντος.
1371 4272 1751 4336 Κωνστάντιος
1779 4273 1837 4327 δὲ

257 4355 681 4424 παραγεγονότα
710 4357 790 4420 είς
814 4357 906 4409 τὸν
935 4359 1135 4412 οίκεῖον
1166 4359 1353 4433 θρόνον
1380 4362 1835 4431 ἀποκαθίστησιν,

2016 2716 2152 2772 Cum
2200 2726 2380 2773 autem
2430 2719 2786 2775 intellexisset
2837 2718 3146 2775 Occidentis
3191 2719 3512 2791 imperator,

1944 2821 2065 2875 qua:
2114 2808 2169 2861 in
2219 2808 2531 2865 Sardicensi
2577 2811 2815 2865 concilio
2865 2821 2983 2867 acta
3038 2811 3275 2880 fuerant,
3330 2815 3515 2870 statim

1944 2900 2168 2955 fratrem
2201 2904 2491 2958 certiorem
2526 2904 2782 2971 reddidit,
2812 2913 2867 2960 et
2894 2905 3085 2973 Paulo,
3109 2916 3160 2960 et
3192 2908 3513 2975 Athanasio,

1943 2998 1995 3043 et
2025 2989 2164 3055 suis,
2199 2993 2451 3062 proprias
2485 2993 2635 3047 reddi
2672 2995 2827 3049 sedes
2858 2996 3053 3064 partim
3086 2999 3361 3064 monebat,
3388 3014 3516 3068 par-

1948 3083 2045 3136 tim
2081 3083 2396 3138 mandabat.
2427 3084 2729 3141 Athanasio
2760 3099 2939 3142 antem
2977 3088 3173 3143 iterum
3213 3092 3517 3145 sustinente

1948 3172 2176 3227 insidias
2202 3174 2555 3239 Arianorum,
2586 3184 2639 3230 et
2665 3175 2893 3231 Romam
2933 3180 3205 3243 veniente,
3239 3179 3513 3235 Occiden—

1945 3264 2015 3319 tis
2044 3264 2343 3335 imperator
2375 3282 2592 3321 rursum
2623 3269 2813 3321 scribit
2846 3267 3025 3335 fratri,
3056 3272 3101 3324 si
3126 3270 3303 3325 virum
3324 3273 3514 3326 libenti

1944 3356 2128 3409 animo
2178 3358 2499 3427 susciperet,
2558 3366 2612 3413 et
2646 3359 2698 3412 in
2748 3359 2874 3414 sede
2921 3376 3019 3415 sua
3087 3363 3403 3427 collocaret,
3456 3382 3515 3421 se

1942 3457 2195 3517 prompte
2225 3464 2349 3503 eum
2398 3450 2718 3517 missurum,
2752 3451 2837 3507 sin
2886 3453 3086 3518 minus,
3138 3471 3198 3510 se
3242 3457 3512 3513 vindicem

1943 3538 2079 3593 fore.
2113 3540 2355 3595 Metuens
2402 3541 2587 3610 itaque
2640 3541 2993 3599 Constantius
3057 3554 3218 3600 vocat
3263 3546 3511 3603 Athana‘

1942 3631 2106 3697 sium,
2139 3632 2378 3702 propriis
2409 3632 2605 3689 litteris
2640 3648 2747 3687 non
2796 3635 2984 3699 semel,
3026 3637 3121 3691 sed
3162 3637 3386 3703 iterum,
3438 3649 3515 3694 at-

1946 3739 2051 3793 que
2082 3725 2247 3779 etiam
2286 3725 2446 3779 tertio
2487 3726 2755 3792 scribens,
2804 3726 3141 3799 mittensque
3186 3731 3281 3799 qui
3327 3731 3516 3785 allice-

1940 3824 2061 3869 rent
2100 3826 2154 3869 et
2222 3816 2569 3871 adducerent.
2625 3816 2925 3873 Confestim
2977 3828 3159 3874 autem
3211 3821 3509 3891 imperator

1938 3903 2231 3976 Constans,
2252 3909 2523 3979 adjunctis
2544 3909 2731 3965 multis
2762 3911 3109 3979 satellitibus,
3142 3913 3369 3969 dimittit
3403 3930 3515 3970 ma-

1938 4013 2103 4069 gnum
2138 3999 2519 4063 Athanasium,
2555 4008 2611 4053 et
2649 3998 2829 4055 Julius
2871 4000 3119 4071 pontifex
3164 4004 3353 4059 multis
3383 4021 3507 4060 eum

1936 4090 2131 4145 litteris
2182 4090 2434 4147 munivit.
2482 4088 2802 4146 Venientem
2848 4094 3017 4163 igitur
3049 4104 3299 4150 sanctum
3340 4098 3511 4151 Atha-

1937 4182 2153 4237 nasium
2186 4184 2383 4252 accipit
2407 4184 2761 4238 Constantius
2790 4185 3107 4256 imperator,
3143 4196 3198 4242 et
3224 4204 3337 4243 sua:
3382 4205 3509 4245 eum

1938 4273 2198 4330 Ecclesiae
2240 4276 2499 4341 restituit,
2541 4276 2801 4332 comitate
2849 4280 3257 4347 exprobrationi
3311 4282 3510 4351 adjun-

1937 4378 2046 4422 cta.
2094 4366 2241 4421 Nam
2268 4369 2325 4421 in
2359 4370 2729 4424 contumeliam
2773 4388 2963 4438 meam,
3014 4374 3213 4443 inquit,
3246 4376 3510 4444 ejusmodi

257 4446 539 4517 ὐφειμένῳ
565 4447 836 4518 πρότερον
878 4451 1165 4523 ὀνειδισμῷ
1207 4453 1622 4508 καθυποϐαλών.
1663 4455 1836 4511 Ἀπο-

1946 4460 2066 4530 fuga
2102 4476 2226 4514 usus
2252 4476 2327 4516 es.
2376 4476 2494 4513 cum
2536 4477 2626 4529 ego
2656 4472 2877 4530 paratus
2920 4478 3085 4517 essem
3132 4466 3415 4519 humanius
3461 4477 3510 4521 te

256 4534 399 4603 δρὰς
442 4535 578 4608 γὰρ,
633 4536 809 4606 ἔλεγε,
828 4539 1102 4609 μεγάλην
1149 4539 1296 4608 ἐμοῦ
1325 4540 1632 4609 λοιδορίαν
1664 4543 1830 4597 κατέ-

256 4642 399 4693 χεας
429 4626 475 4658 ⁷ο
504 4628 696 4681 καίτοι
732 4646 799 4697 τε
833 4630 965 4699 περὶ
1001 4630 1117 4684 σοῦ
1144 4632 1188 4662 ⁷⁸
1228 4632 1620 4701 φιλάνθρωπα
1650 4638 1831 4703 μελε-

254 4718 499 4786 τῶντοςο
530 4719 700 4789 πλὴν
725 4722 887 4776 ἀλλὰ
916 4739 981 4792 γε
1006 4723 1122 4777 νῦν
1136 4725 1283 4794 μίαν
1314 4743 1416 4795 μοι
1439 4725 1606 4779 δίδου
1629 4726 1825 4795 χάριν.

263 4812 321 4865 '0
377 4813 438 4865 δέ
488 4814 593 4882 τὴν
639 4815 783 4868 κατά
835 4814 1064 4887 δύναμιν
1093 4818 1310 4889 ἕτοιμος
1342 4814 1481 4871 εῖναι
1508 4818 1828 4889 διωμολόγει

255 4903 599 4987 χαρίζεσθαι·
632 4906 730 4959 καὶ
762 4908 791 4959 6
824 4907 1197 4973 Κωνστάντιος
1226 4909 1355 4980 μίαν
1394 4909 1686 4979 ἐκκλησίαν
1717 4912 1824 4964 τῶν

257 4994 309 5047 ἐν
331 4995 719 5068 Ἀλεξανδρείᾳ
752 4996 1004 5068 ἐπιζητεῖ
1042 4999 1085 5033 ⁷⁸
1115 5002 1226 5063 τοῖς
1270 5000 1571 5071 Ἀρειανοῖς
1603 5001 1824 5072 δοθῆναι

259 5088 643 5160 συνακτήριον.
681 5090 740 5143 'O
772 5089 829 5143 δὲ
856 5091 902 5123 ⁷³
927 5090 1027 5144 οὐκ
1065 5092 1328 5157 ἀπεῖπεν,
1360 5093 1623 5147 συνάπτει
1662 5094 1720 5147 δὲ
1757 5096 1824 5165 τῇ

261 5178 565 5247 καταθέσει,
598 5184 659 5236 εἰ
685 5183 783 5235 καὶ
814 5183 1191 5248 Κωνστάντιος
1231 5185 1290 5237 ἐν
1323 5187 1827 5240 Κωνσταντινουπό·

260 5267 335 5324 λει
360 5272 488 5343 μίαν
514 5277 631 5340 τοῖς
657 5275 957 5344 δμοδόξοις,
992 5278 1058 5349 ῆν
1090 5276 1245 5331 οὔπω
1275 5272 1443 5349 εἶχον,
1474 5280 1823 5350 ἐγχειρίσειε.

1933 4556 2228 4626 complecti.
2272 4555 2464 4610 Verum
2508 4557 2638 4609 mihi
2683 4574 2789 4611 una
2828 4575 2883 4611 re
2914 4558 3248 4629 grati/icore.
3282 4561 3373 4615 Ille
3404 4577 3508 4615 au-

1931 4657 2042 4704 tem
2075 4649 2143 4703 ad
2189 4665 2354 4704 eum:
2388 4649 2662 4715 Libenter,
2700 4651 2901 4720 inquit,
2938 4653 3230 4721 praestabo,
3273 4653 3508 4724 impera-

1931 4753 2036 4809 tor,
2088 4750 2352 4811 quantum
2411 4757 2655 4812 possum,
2709 4743 2855 4812 quod
2908 4758 3089 4814 r0gas.
3151 4745 3506 4803 Constantius

1931 4842 2113 4888 autem
2147 4850 2161 4887 :
2192 4831 2368 4888 Unam
2414 4834 2705 4890 ecclesiam
2751 4851 2814 4889 ex
2870 4836 2937 4890 iis
2986 4853 3109 4907 quae
3156 4839 3508 4898 Alexandriae

1932 4935 2089 4991 sunt,
2134 4927 2356 4981 Arianis
2403 4928 2692 4982 concedas.
2742 4928 2837 4982 Ille
2892 4944 3022 4983 vero
3057 4932 3501 4999 dixitzFaciam,

1932 5020 2248 5090 imperator,
2295 5020 2557 5090 utjubes,
2609 5021 2654 5075 si
2706 5030 2760 5077 et
2790 5031 2847 5076 tu
2889 5024 3021 5077 mihi
3065 5024 3307 5081 vicissim
3353 5027 3501 5081 Con-

1932 5113 2283 5183 stantinopoli
2364 5113 2660 5182 praebueris
2727 5115 3045 5181 ecclesiam,
3114 5134 3219 5188 qua
3276 5125 3500 5181 carent,

1932 5207 1999 5261 ad
2059 5214 2386 5261 conventum
2454 5206 2918 5262 orthodoxorum.
2986 5208 3339 5264 Constantius
3402 5224 3498 5262 au-

1934 5310 2039 5354 tem
2069 5297 2267 5370 5826
2310 5308 2558 5370 prompte
2610 5301 2895 5371 promisit,
2944 5301 3166 5371 ignarus
3219 5300 3451 5354 Arianos
3479 5342 3494 5367 ,

1461 5412 1702 5471 VARIIE
1758 5413 2161 5470 LECTIONES.

324 5518 661 5598 ⁶³Σερδικήν
688 5527 910 5598 Α,ηυὶ
972 5530 1053 5585 sic
1112 5543 1167 5586 et
1228 5532 1389 5588 infra.

272 5589 281 5599 _
324 5532 661 5605 ηιερδικήν
688 5532 910 5606 A._qui
972 5532 1053 5606 sic
1112 5543 1167 5586 ct
1216 5532 1389 5606 infra.
1433 5604 1439 5606 _
1500 5534 1545 5566 ⁸⁵
1607 5536 1937 5606 ᾁπελάσουσι
1984 5539 2045 5593 Β.
2122 5539 2168 5570 ⁸⁸
2236 5536 2845 5606 ἀποκηρύττουσι-⁶⁶
2875 5532 3486 5606 ἀνακηρύττρρσιΑΒςε

259 5591 690 5677 ἀνακηρύττωσι
747 5597 811 5677 τὲ
833 5591 1174 5677 ’ὀμῆοούσιον-
1212 5603 1304 5657 ἐπὶ
1366 5604 1520 5677 πᾶσι,
1575 5605 1655 5677 τδᾲ
1694 5606 1946 5677 ἀνόμοιον
1977 5591 2043 5663 δὲ*
2067 5591 2503 5677 ἀποκηρύττόύσι
2536 5625 2595 5671 ς.

2694 5609 2736 5638 ⁸⁷
2768 5608 2865 5674 τῆς
2891 5606 3015 5657 add.
3046 5608 3109 5656 A.
3188 5603 3242 5674 °"‘
3266 5603 3355 5653 καὶ
3377 5604 3490 5674 τοῖς

259 5662 595 5748 ξερταέξτιξξῖς
624 5678 741 5723 om.
771 5666 832 5725 Β.
903 5662 953 5703 δ’
979 5673 1327 5747 προσδέχοιτο
1354 5691 1414 5738 ς.
1492 5662 1539 5708 ’ίο
1573 5662 1930 5746 ὲξέχεαςἈΒ.
1986 5662 2050 5712 ί⁷¹
2072 5662 2190 5748 σοῦ]
2221 5662 2385 5729 α’ὑτοῦ
2424 5677 2503 5730 Α;
2540 5662 2735 5730 σαυτοῦ
2765 5662 2862 5729 Β.”
2901 5674 2943 5705 τ’
2976 5670 3243 5744 ἐπιζητεῖ]
3266 5674 3406 5725 αἰτεῖ
3427 5662 3502 5727 Βζ.

258 5728 297 5767 ει
318 5728 394 5805 δι]
416 5733 478 5803 δή
508 5734 567 5789 ιι.
