  <div class='ocr_page' id='page_1' title='image "/cluster/home/n/w/nwhite01/storage/ocr_20150623/104 pt.4/mdp.39015061931229/083.png"; bbox 0 0 3966 6240; ppageno 0'>
   <div class='ocr_carea' id='block_1_1' title="bbox 437 268 531 336">
    <p class='ocr_par' dir='ltr' id='par_1_1' title="bbox 437 268 531 336">
     <span class='ocr_line' id='line_1_1' title="bbox 437 268 531 336; baseline -0.043 0"><span class='ocrx_word' id='word_1_1' title='bbox 437 268 531 336; x_wconf 73' lang='grc'><strong>14⁸7</strong></span> 
     </span>
    </p>
   </div>
   <div class='ocr_carea' id='block_1_2' title="bbox 1573 250 2511 321">
    <p class='ocr_par' dir='ltr' id='par_1_2' title="bbox 1573 250 2511 321">
     <span class='ocr_line' id='line_1_2' title="bbox 1573 250 2511 321; baseline -0.007 0"><span class='ocrx_word' id='word_1_2' title='bbox 1573 255 1835 321; x_wconf 81' lang='grc' dir='ltr'><strong>ΡΗΟΤΙΙ</strong></span> <span class='ocrx_word' id='word_1_3' title='bbox 1866 250 2368 317; x_wconf 67' lang='lat' dir='ltr'><strong>PATRIARCH/E</strong></span> <span class='ocrx_word' id='word_1_4' title='bbox 2404 254 2511 315; x_wconf 76' lang='grc' dir='ltr'><strong>ΟΡ.</strong></span> 
     </span>
    </p>
   </div>
   <div class='ocr_carea' id='block_1_3' title="bbox 3555 253 3653 322">
    <p class='ocr_par' dir='ltr' id='par_1_3' title="bbox 3555 253 3653 322">
     <span class='ocr_line' id='line_1_3' title="bbox 3555 253 3653 322; baseline 0.02 -2"><span class='ocrx_word' id='word_1_5' title='bbox 3555 253 3653 322; x_wconf 68' lang='grc'><strong>148</strong></span> 
     </span>
    </p>
   </div>
   <div class='ocr_carea' id='block_1_4' title="bbox 435 359 1981 454">
    <p class='ocr_par' dir='ltr' id='par_1_4' title="bbox 435 364 1981 454">
     <span class='ocr_line' id='line_1_4' title="bbox 435 364 1981 454; baseline -0.014 -16"><span class='ocrx_word' id='word_1_6' title='bbox 435 384 529 454; x_wconf 99' lang='lat' dir='ltr'><strong>qui</strong></span> <span class='ocrx_word' id='word_1_7' title='bbox 568 394 747 436; x_wconf 86' lang='lat' dir='ltr'><strong>secum</strong></span> <span class='ocrx_word' id='word_1_8' title='bbox 789 382 1075 439; x_wconf 76' lang='lat' dir='ltr'><strong>sentirent,</strong></span> <span class='ocrx_word' id='word_1_9' title='bbox 1109 384 1325 429; x_wconf 87' lang='lat' dir='ltr'><strong>summo</strong></span> <span class='ocrx_word' id='word_1_10' title='bbox 1368 370 1556 426; x_wconf 89' lang='lat' dir='ltr'><strong>dolore</strong></span> <span class='ocrx_word' id='word_1_11' title='bbox 1602 383 1724 425; x_wconf 88' lang='lat' dir='ltr'><strong>sese</strong></span> <span class='ocrx_word' id='word_1_12' title='bbox 1768 364 1981 421; x_wconf 74' lang='lat' dir='ltr'><strong>affectu-</strong></span> 
     </span>
    </p>
   </div>
   <div class='ocr_carea' id='block_1_5' title="bbox 2089 359 3655 454">
    <p class='ocr_par' dir='ltr' id='par_1_5' title="bbox 2098 359 3655 441">
     <span class='ocr_line' id='line_1_5' title="bbox 2098 359 3655 441; baseline 0.006 -28"><span class='ocrx_word' id='word_1_13' title='bbox 2098 361 2473 426; x_wconf 87' lang='grc' dir='ltr'>Κωνστάντιος</span> <span class='ocrx_word' id='word_1_14' title='bbox 2513 359 2570 415; x_wconf 83' lang='grc' dir='ltr'><strong>δέ</strong></span> <span class='ocrx_word' id='word_1_15' title='bbox 2600 360 2895 434; x_wconf 76' lang='grc' dir='ltr'><strong>προθύμως</strong></span> <span class='ocrx_word' id='word_1_16' title='bbox 2934 381 2994 418; x_wconf 90' lang='grc' dir='ltr'><strong>τε</strong></span> <span class='ocrx_word' id='word_1_17' title='bbox 3031 365 3127 419; x_wconf 68' lang='grc' dir='ltr'><strong>καῖ⁵</strong></span> <span class='ocrx_word' id='word_1_18' title='bbox 3155 364 3251 419; x_wconf 74' lang='grc' dir='ltr'><strong>σὺν</strong></span> <span class='ocrx_word' id='word_1_19' title='bbox 3278 366 3437 438; x_wconf 77' lang='grc' dir='ltr'>ἡδονῇ</span> <span class='ocrx_word' id='word_1_20' title='bbox 3482 367 3655 441; x_wconf 81' lang='grc' dir='ltr'>ἐπηγ-</span> 
     </span>
    </p>
   </div>
   <div class='ocr_carea' id='block_1_6' title="bbox 434 459 1995 542">
    <p class='ocr_par' dir='ltr' id='par_1_6' title="bbox 434 459 1995 542">
     <span class='ocr_line' id='line_1_6' title="bbox 434 459 1995 542; baseline -0.011 -13"><span class='ocrx_word' id='word_1_21' title='bbox 434 490 579 530; x_wconf 88' lang='lat' dir='ltr'><strong>rnm.</strong></span> <span class='ocrx_word' id='word_1_22' title='bbox 608 472 795 542; x_wconf 87' lang='lat' dir='ltr'><strong>Itaque</strong></span> <span class='ocrx_word' id='word_1_23' title='bbox 824 470 1137 539; x_wconf 74' lang='lat' dir='ltr'><strong>imperator,</strong></span> <span class='ocrx_word' id='word_1_24' title='bbox 1158 462 1261 518; x_wconf 89' lang='lat' dir='ltr'><strong>viri</strong></span> <span class='ocrx_word' id='word_1_25' title='bbox 1295 463 1641 533; x_wconf 90' lang='lat' dir='ltr'><strong>prudentiam</strong></span> <span class='ocrx_word' id='word_1_26' title='bbox 1673 459 1995 521; x_wconf 88' lang='lat' dir='ltr'><strong>admiratus,</strong></span> 
     </span>
    </p>
   </div>
   <div class='ocr_carea' id='block_1_7' title="bbox 436 550 1998 629">
    <p class='ocr_par' dir='ltr' id='par_1_7' title="bbox 436 550 1998 629">
     <span class='ocr_line' id='line_1_7' title="bbox 436 550 1998 629; baseline -0.01 -8"><span class='ocrx_word' id='word_1_27' title='bbox 436 584 501 621; x_wconf 89' lang='lat' dir='ltr'><strong>ac</strong></span> <span class='ocrx_word' id='word_1_28' title='bbox 543 566 839 628; x_wconf 75' lang='lat' dir='ltr'><strong>solertiam,</strong></span> <span class='ocrx_word' id='word_1_29' title='bbox 884 576 1032 626; x_wconf 87' lang='lat' dir='ltr'><strong>eum,</strong></span> <span class='ocrx_word' id='word_1_30' title='bbox 1073 573 1271 629; x_wconf 87' lang='lat' dir='ltr'><strong>magno</strong></span> <span class='ocrx_word' id='word_1_31' title='bbox 1320 557 1528 611; x_wconf 85' lang='lat' dir='ltr'><strong>honore</strong></span> <span class='ocrx_word' id='word_1_32' title='bbox 1564 555 1773 619; x_wconf 90' lang='lat' dir='ltr'><strong>habito,</strong></span> <span class='ocrx_word' id='word_1_33' title='bbox 1820 550 1998 607; x_wconf 90' lang='lat' dir='ltr'><strong>dimit-</strong></span> 
     </span>
    </p>
   </div>
   <div class='ocr_carea' id='block_1_8' title="bbox 438 644 1996 723">
    <p class='ocr_par' dir='ltr' id='par_1_8' title="bbox 438 644 1996 723">
     <span class='ocr_line' id='line_1_8' title="bbox 438 644 1996 723; baseline -0.011 -9"><span class='ocrx_word' id='word_1_34' title='bbox 438 660 500 717; x_wconf 89' lang='lat' dir='ltr'><strong>tit</strong></span> <span class='ocrx_word' id='word_1_35' title='bbox 532 675 547 712; x_wconf 90' lang='lat'><strong>:</strong></span> <span class='ocrx_word' id='word_1_36' title='bbox 576 656 820 713; x_wconf 89' lang='lat' dir='ltr'><strong>scribens</strong></span> <span class='ocrx_word' id='word_1_37' title='bbox 850 653 1014 710; x_wconf 89' lang='lat' dir='ltr'><strong>etiam</strong></span> <span class='ocrx_word' id='word_1_38' title='bbox 1043 648 1339 723; x_wconf 84' lang='lat' dir='ltr'><strong>(Nestorie)</strong></span> <span class='ocrx_word' id='word_1_39' title='bbox 1374 645 1683 719; x_wconf 73' lang='lat' dir='ltr'><strong>Augustali,</strong></span> <span class='ocrx_word' id='word_1_40' title='bbox 1724 644 1866 699; x_wconf 89' lang='lat' dir='ltr'><strong>inter</strong></span> <span class='ocrx_word' id='word_1_41' title='bbox 1899 656 1996 699; x_wconf 70' lang='lat' dir='ltr'><strong>ete-</strong></span> 
     </span>
    </p>
   </div>
   <div class='ocr_carea' id='block_1_9' title="bbox 436 733 1997 817">
    <p class='ocr_par' dir='ltr' id='par_1_9' title="bbox 436 733 1997 817">
     <span class='ocr_line' id='line_1_9' title="bbox 436 733 1997 817; baseline -0.01 -14"><span class='ocrx_word' id='word_1_42' title='bbox 436 761 549 805; x_wconf 73' lang='lat' dir='ltr'><strong>tela</strong></span> <span class='ocrx_word' id='word_1_43' title='bbox 585 756 645 804; x_wconf 94' lang='lat' dir='ltr'><strong>ut</strong></span> <span class='ocrx_word' id='word_1_44' title='bbox 686 761 882 817; x_wconf 88' lang='lat' dir='ltr'><strong>magno</strong></span> <span class='ocrx_word' id='word_1_45' title='bbox 933 744 1143 801; x_wconf 86' lang='lat' dir='ltr'><strong>honore</strong></span> <span class='ocrx_word' id='word_1_46' title='bbox 1186 757 1309 799; x_wconf 86' lang='lat' dir='ltr'><strong>eum</strong></span> <span class='ocrx_word' id='word_1_47' title='bbox 1358 739 1675 803; x_wconf 90' lang='lat' dir='ltr'><strong>deduceret,</strong></span> <span class='ocrx_word' id='word_1_48' title='bbox 1711 746 1766 791; x_wconf 91' lang='lat' dir='ltr'><strong>et</strong></span> <span class='ocrx_word' id='word_1_49' title='bbox 1812 733 1997 792; x_wconf 85' lang='lat' dir='ltr'><strong>omnia</strong></span> 
     </span>
    </p>
   </div>
   <div class='ocr_carea' id='block_1_10' title="bbox 434 830 1996 912">
    <p class='ocr_par' dir='ltr' id='par_1_10' title="bbox 434 830 1996 912">
     <span class='ocr_line' id='line_1_10' title="bbox 434 830 1996 912; baseline -0.01 -14"><span class='ocrx_word' id='word_1_50' title='bbox 434 858 554 912; x_wconf 66' lang='lat' dir='ltr'><strong>quae</strong></span> <span class='ocrx_word' id='word_1_51' title='bbox 582 842 699 912; x_wconf 89' lang='lat' dir='ltr'><strong>ipse</strong></span> <span class='ocrx_word' id='word_1_52' title='bbox 731 837 1103 903; x_wconf 71' lang='lat' dir='ltr'><strong>Constantius,</strong></span> <span class='ocrx_word' id='word_1_53' title='bbox 1129 843 1185 891; x_wconf 92' lang='lat' dir='ltr'><strong>et</strong></span> <span class='ocrx_word' id='word_1_54' title='bbox 1219 833 1408 890; x_wconf 88' lang='lat' dir='ltr'><strong>Ariani</strong></span> <span class='ocrx_word' id='word_1_55' title='bbox 1447 840 1639 889; x_wconf 88' lang='lat' dir='ltr'><strong>contra</strong></span> <span class='ocrx_word' id='word_1_56' title='bbox 1680 830 1836 886; x_wconf 90' lang='lat' dir='ltr'><strong>illum</strong></span> <span class='ocrx_word' id='word_1_57' title='bbox 1881 834 1996 884; x_wconf 89' lang='lat' dir='ltr'><strong>sta-</strong></span> 
     </span>
    </p>
   </div>
   <div class='ocr_carea' id='block_1_11' title="bbox 436 921 1997 998">
    <p class='ocr_par' dir='ltr' id='par_1_11' title="bbox 436 921 1997 998">
     <span class='ocr_line' id='line_1_11' title="bbox 436 921 1997 998; baseline -0.008 -11"><span class='ocrx_word' id='word_1_58' title='bbox 436 934 687 997; x_wconf 87' lang='lat' dir='ltr'><strong>tuissent,</strong></span> <span class='ocrx_word' id='word_1_59' title='bbox 720 930 877 986; x_wconf 89' lang='lat' dir='ltr'><strong>irrita</strong></span> <span class='ocrx_word' id='word_1_60' title='bbox 914 929 1143 985; x_wconf 80' lang='lat' dir='ltr'><strong>haberet</strong></span> <span class='ocrx_word' id='word_1_61' title='bbox 1171 946 1186 983; x_wconf 88' lang='lat'><strong>:</strong></span> <span class='ocrx_word' id='word_1_62' title='bbox 1218 927 1347 998; x_wconf 91' lang='lat' dir='ltr'><strong>quin</strong></span> <span class='ocrx_word' id='word_1_63' title='bbox 1381 934 1434 982; x_wconf 92' lang='lat' dir='ltr'><strong>et</strong></span> <span class='ocrx_word' id='word_1_64' title='bbox 1459 926 1665 980; x_wconf 89' lang='lat' dir='ltr'><strong>clerum</strong></span> <span class='ocrx_word' id='word_1_65' title='bbox 1693 921 1813 993; x_wconf 86' lang='lat' dir='ltr'><strong>ejus</strong></span> <span class='ocrx_word' id='word_1_66' title='bbox 1844 935 1997 977; x_wconf 91' lang='lat' dir='ltr'><strong>eam-</strong></span> 
     </span>
    </p>
   </div>
   <div class='ocr_carea' id='block_1_12' title="bbox 429 1017 1997 1095">
    <p class='ocr_par' dir='ltr' id='par_1_12' title="bbox 429 1017 1997 1095">
     <span class='ocr_line' id='line_1_12' title="bbox 429 1017 1997 1095; baseline -0.007 -16"><span class='ocrx_word' id='word_1_67' title='bbox 429 1027 550 1081; x_wconf 85' lang='lat' dir='ltr'><strong>dem</strong></span> <span class='ocrx_word' id='word_1_68' title='bbox 581 1023 737 1095; x_wconf 86' lang='lat' dir='ltr'><strong>jubet</strong></span> <span class='ocrx_word' id='word_1_69' title='bbox 775 1022 1026 1077; x_wconf 84' lang='lat' dir='ltr'><strong>obtinere</strong></span> <span class='ocrx_word' id='word_1_70' title='bbox 1065 1021 1409 1091; x_wconf 85' lang='lat' dir='ltr'><strong>dignitatem,</strong></span> <span class='ocrx_word' id='word_1_71' title='bbox 1453 1017 1865 1085; x_wconf 89' lang='lat' dir='ltr'><strong>libertatemque</strong></span> <span class='ocrx_word' id='word_1_72' title='bbox 1908 1027 1997 1069; x_wconf 83' lang='lat' dir='ltr'><strong>res</strong></span> 
     </span>
    </p>
   </div>
   <div class='ocr_carea' id='block_1_13' title="bbox 427 1112 1334 1187">
    <p class='ocr_par' dir='ltr' id='par_1_13' title="bbox 427 1112 1334 1187">
     <span class='ocr_line' id='line_1_13' title="bbox 427 1112 1334 1187; baseline 0 -15"><span class='ocrx_word' id='word_1_73' title='bbox 427 1134 617 1174; x_wconf 82' lang='lat' dir='ltr'><strong>sacras</strong></span> <span class='ocrx_word' id='word_1_74' title='bbox 648 1112 867 1187; x_wconf 84' lang='lat' dir='ltr'><strong>publice</strong></span> <span class='ocrx_word' id='word_1_75' title='bbox 892 1113 1334 1172; x_wconf 82' lang='lat' dir='ltr'><strong>administrandi.</strong></span> 
     </span>
    </p>
   </div>
   <div class='ocr_carea' id='block_1_14' title="bbox 494 1369 1991 1445">
    <p class='ocr_par' dir='ltr' id='par_1_14' title="bbox 494 1369 1991 1445">
     <span class='ocr_line' id='line_1_14' title="bbox 494 1369 1991 1445; baseline -0.007 -13"><span class='ocrx_word' id='word_1_76' title='bbox 494 1375 829 1432; x_wconf 87' lang='lat' dir='ltr'><strong>Athanasius</strong></span> <span class='ocrx_word' id='word_1_77' title='bbox 878 1374 1061 1445; x_wconf 88' lang='lat' dir='ltr'><strong>itaque</strong></span> <span class='ocrx_word' id='word_1_78' title='bbox 1116 1387 1241 1429; x_wconf 91' lang='lat' dir='ltr'><strong>cum</strong></span> <span class='ocrx_word' id='word_1_79' title='bbox 1291 1370 1628 1443; x_wconf 84' lang='lat' dir='ltr'><strong>pervenisset</strong></span> <span class='ocrx_word' id='word_1_80' title='bbox 1676 1369 1991 1441; x_wconf 81' lang='lat' dir='ltr'><strong>Hierosoly-</strong></span> 
     </span>
    </p>
   </div>
   <div class='ocr_carea' id='block_1_15' title="bbox 422 1461 1992 1536">
    <p class='ocr_par' dir='ltr' id='par_1_15' title="bbox 422 1461 1992 1536">
     <span class='ocr_line' id='line_1_15' title="bbox 422 1461 1992 1536; baseline -0.006 -11"><span class='ocrx_word' id='word_1_81' title='bbox 422 1485 590 1533; x_wconf 82' lang='lat' dir='ltr'><strong>mam,</strong></span> <span class='ocrx_word' id='word_1_82' title='bbox 633 1467 870 1525; x_wconf 78' lang='lat' dir='ltr'><strong>Maximo</strong></span> <span class='ocrx_word' id='word_1_83' title='bbox 911 1466 1169 1536; x_wconf 90' lang='lat' dir='ltr'><strong>episcopo</strong></span> <span class='ocrx_word' id='word_1_84' title='bbox 1214 1473 1269 1519; x_wconf 89' lang='lat' dir='ltr'><strong>et</strong></span> <span class='ocrx_word' id='word_1_85' title='bbox 1321 1463 1649 1526; x_wconf 88' lang='lat' dir='ltr'><strong>confessori,</strong></span> <span class='ocrx_word' id='word_1_86' title='bbox 1686 1472 1814 1518; x_wconf 89' lang='lat' dir='ltr'><strong>nota</strong></span> <span class='ocrx_word' id='word_1_87' title='bbox 1858 1461 1992 1516; x_wconf 82' lang='lat' dir='ltr'><strong>facit</strong></span> 
     </span>
    </p>
   </div>
   <div class='ocr_carea' id='block_1_16' title="bbox 423 1554 1989 1627">
    <p class='ocr_par' dir='ltr' id='par_1_16' title="bbox 423 1554 1989 1627">
     <span class='ocr_line' id='line_1_16' title="bbox 423 1554 1989 1627; baseline -0.006 -10"><span class='ocrx_word' id='word_1_88' title='bbox 423 1571 542 1619; x_wconf 77' lang='lat' dir='ltr'><strong>acta</strong></span> <span class='ocrx_word' id='word_1_89' title='bbox 603 1558 947 1615; x_wconf 86' lang='lat' dir='ltr'><strong>Sardicensis</strong></span> <span class='ocrx_word' id='word_1_90' title='bbox 1012 1557 1253 1623; x_wconf 90' lang='lat' dir='ltr'><strong>concilii,</strong></span> <span class='ocrx_word' id='word_1_91' title='bbox 1318 1556 1577 1627; x_wconf 86' lang='lat' dir='ltr'><strong>quodque</strong></span> <span class='ocrx_word' id='word_1_92' title='bbox 1631 1554 1989 1610; x_wconf 88' lang='lat' dir='ltr'><strong>Constantius</strong></span> 
     </span>
    </p>
   </div>
   <div class='ocr_carea' id='block_1_17' title="bbox 424 1647 1991 1722">
    <p class='ocr_par' dir='ltr' id='par_1_17' title="bbox 424 1647 1991 1722">
     <span class='ocr_line' id='line_1_17' title="bbox 424 1647 1991 1722; baseline -0.005 -14"><span class='ocrx_word' id='word_1_93' title='bbox 424 1657 717 1722; x_wconf 85' lang='lat' dir='ltr'><strong>imperator</strong></span> <span class='ocrx_word' id='word_1_94' title='bbox 760 1667 889 1721; x_wconf 82' lang='lat' dir='ltr'><strong>erga</strong></span> <span class='ocrx_word' id='word_1_95' title='bbox 936 1665 995 1707; x_wconf 86' lang='lat' dir='ltr'><strong>se</strong></span> <span class='ocrx_word' id='word_1_96' title='bbox 1024 1649 1164 1708; x_wconf 87' lang='lat' dir='ltr'><strong>bene</strong></span> <span class='ocrx_word' id='word_1_97' title='bbox 1188 1650 1463 1705; x_wconf 89' lang='lat' dir='ltr'><strong>animatus</strong></span> <span class='ocrx_word' id='word_1_98' title='bbox 1505 1648 1598 1704; x_wconf 90' lang='lat' dir='ltr'><strong>sit.</strong></span> <span class='ocrx_word' id='word_1_99' title='bbox 1632 1647 1837 1704; x_wconf 89' lang='lat' dir='ltr'><strong>Deinde</strong></span> <span class='ocrx_word' id='word_1_100' title='bbox 1863 1661 1991 1703; x_wconf 86' lang='lat' dir='ltr'><strong>con-</strong></span> 
     </span>
    </p>
   </div>
   <div class='ocr_carea' id='block_1_18' title="bbox 420 1738 1986 1819">
    <p class='ocr_par' dir='ltr' id='par_1_18' title="bbox 420 1738 1986 1819">
     <span class='ocr_line' id='line_1_18' title="bbox 420 1738 1986 1819; baseline -0.003 -23"><span class='ocrx_word' id='word_1_101' title='bbox 420 1752 604 1819; x_wconf 81' lang='lat' dir='ltr'><strong>gregat</strong></span> <span class='ocrx_word' id='word_1_102' title='bbox 628 1742 897 1813; x_wconf 83' lang='lat' dir='ltr'><strong>synodum</strong></span> <span class='ocrx_word' id='word_1_103' title='bbox 922 1740 1336 1811; x_wconf 89' lang='lat' dir='ltr'><strong>episcoporum,</strong></span> <span class='ocrx_word' id='word_1_104' title='bbox 1358 1755 1481 1809; x_wconf 71' lang='lat' dir='ltr'><strong>qua:</strong></span> <span class='ocrx_word' id='word_1_105' title='bbox 1504 1739 1663 1794; x_wconf 87' lang='lat' dir='ltr'><strong>beato</strong></span> <span class='ocrx_word' id='word_1_106' title='bbox 1685 1738 1986 1796; x_wconf 81' lang='lat' dir='ltr'><strong>Athanasio</strong></span> 
     </span>
    </p>
   </div>
   <div class='ocr_carea' id='block_1_19' title="bbox 420 1827 1989 1901">
    <p class='ocr_par' dir='ltr' id='par_1_19' title="bbox 420 1827 1989 1901">
     <span class='ocr_line' id='line_1_19' title="bbox 420 1827 1989 1901; baseline -0.001 -15"><span class='ocrx_word' id='word_1_107' title='bbox 420 1841 475 1886; x_wconf 93' lang='lat' dir='ltr'><strong>et</strong></span> <span class='ocrx_word' id='word_1_108' title='bbox 522 1831 963 1889; x_wconf 84' lang='lat' dir='ltr'><strong>communionem</strong></span> <span class='ocrx_word' id='word_1_109' title='bbox 1007 1838 1063 1885; x_wconf 92' lang='lat' dir='ltr'><strong>et</strong></span> <span class='ocrx_word' id='word_1_110' title='bbox 1118 1829 1436 1901; x_wconf 86' lang='lat' dir='ltr'><strong>dignitatem</strong></span> <span class='ocrx_word' id='word_1_111' title='bbox 1486 1828 1853 1900; x_wconf 85' lang='lat' dir='ltr'><strong>episcopalem</strong></span> <span class='ocrx_word' id='word_1_112' title='bbox 1889 1827 1989 1885; x_wconf 86' lang='lat' dir='ltr'><strong>de-</strong></span> 
     </span>
    </p>
   </div>
   <div class='ocr_carea' id='block_1_20' title="bbox 420 1919 1991 1992">
    <p class='ocr_par' dir='ltr' id='par_1_20' title="bbox 420 1919 1991 1992">
     <span class='ocr_line' id='line_1_20' title="bbox 420 1919 1991 1992; baseline -0.003 -12"><span class='ocrx_word' id='word_1_113' title='bbox 420 1924 628 1988; x_wconf 87' lang='lat' dir='ltr'><strong>cernit,</strong></span> <span class='ocrx_word' id='word_1_114' title='bbox 676 1934 731 1978; x_wconf 90' lang='lat' dir='ltr'><strong>et</strong></span> <span class='ocrx_word' id='word_1_115' title='bbox 779 1922 975 1978; x_wconf 87' lang='lat' dir='ltr'><strong>scribit</strong></span> <span class='ocrx_word' id='word_1_116' title='bbox 1018 1921 1137 1992; x_wconf 89' lang='lat' dir='ltr'><strong>ipsa</strong></span> <span class='ocrx_word' id='word_1_117' title='bbox 1187 1921 1432 1992; x_wconf 80' lang='lat' dir='ltr'><strong>synodus</strong></span> <span class='ocrx_word' id='word_1_118' title='bbox 1478 1919 1885 1986; x_wconf 82' lang='lat' dir='ltr'><strong>Alexandrinis,</strong></span> <span class='ocrx_word' id='word_1_119' title='bbox 1938 1930 1991 1977; x_wconf 88' lang='lat' dir='ltr'><strong>et</strong></span> 
     </span>
    </p>
   </div>
   <div class='ocr_carea' id='block_1_21' title="bbox 421 2010 1990 2085">
    <p class='ocr_par' dir='ltr' id='par_1_21' title="bbox 421 2010 1990 2085">
     <span class='ocr_line' id='line_1_21' title="bbox 421 2010 1990 2085; baseline -0.002 -14"><span class='ocrx_word' id='word_1_120' title='bbox 421 2015 677 2071; x_wconf 88' lang='lat' dir='ltr'><strong>omnibus</strong></span> <span class='ocrx_word' id='word_1_121' title='bbox 720 2014 776 2069; x_wconf 91' lang='lat' dir='ltr'><strong>in</strong></span> <span class='ocrx_word' id='word_1_122' title='bbox 837 2012 1074 2085; x_wconf 66' lang='lat' dir='ltr'><strong>Egypto</strong></span> <span class='ocrx_word' id='word_1_123' title='bbox 1112 2022 1167 2068; x_wconf 92' lang='lat' dir='ltr'><strong>et</strong></span> <span class='ocrx_word' id='word_1_124' title='bbox 1210 2010 1378 2083; x_wconf 84' lang='lat' dir='ltr'><strong>Libya</strong></span> <span class='ocrx_word' id='word_1_125' title='bbox 1421 2011 1717 2083; x_wconf 81' lang='lat' dir='ltr'><strong>episcopis,</strong></span> <span class='ocrx_word' id='word_1_126' title='bbox 1761 2027 1883 2084; x_wconf 63' lang='lat' dir='ltr'><strong>quae</strong></span> <span class='ocrx_word' id='word_1_127' title='bbox 1922 2012 1990 2068; x_wconf 89' lang='lat' dir='ltr'><strong>de</strong></span> 
     </span>
    </p>
   </div>
   <div class='ocr_carea' id='block_1_22' title="bbox 418 2106 1454 2177">
    <p class='ocr_par' dir='ltr' id='par_1_22' title="bbox 418 2106 1454 2177">
     <span class='ocr_line' id='line_1_22' title="bbox 418 2106 1454 2177; baseline -0.007 -9"><span class='ocrx_word' id='word_1_128' title='bbox 418 2106 720 2168; x_wconf 83' lang='lat' dir='ltr'><strong>Athanasio</strong></span> <span class='ocrx_word' id='word_1_129' title='bbox 745 2106 961 2162; x_wconf 82' lang='lat' dir='ltr'><strong>decreta</strong></span> <span class='ocrx_word' id='word_1_130' title='bbox 990 2114 1178 2163; x_wconf 87' lang='lat' dir='ltr'><strong>essent</strong></span> <span class='ocrx_word' id='word_1_131' title='bbox 1201 2114 1257 2162; x_wconf 88' lang='lat' dir='ltr'><strong>et</strong></span> <span class='ocrx_word' id='word_1_132' title='bbox 1282 2113 1454 2177; x_wconf 86' lang='lat' dir='ltr'><strong>gesta.</strong></span> 
     </span>
    </p>
   </div>
   <div class='ocr_carea' id='block_1_23' title="bbox 490 2284 1984 2351">
    <p class='ocr_par' dir='ltr' id='par_1_23' title="bbox 490 2284 1984 2351">
     <span class='ocr_line' id='line_1_23' title="bbox 490 2284 1984 2351; baseline -0.001 -7"><span class='ocrx_word' id='word_1_133' title='bbox 490 2286 827 2345; x_wconf 83' lang='lat' dir='ltr'><strong>Athanasius</strong></span> <span class='ocrx_word' id='word_1_134' title='bbox 873 2296 1055 2342; x_wconf 90' lang='lat' dir='ltr'><strong>autem</strong></span> <span class='ocrx_word' id='word_1_135' title='bbox 1107 2284 1491 2343; x_wconf 84' lang='lat' dir='ltr'><strong>Alexandriam</strong></span> <span class='ocrx_word' id='word_1_136' title='bbox 1540 2299 1665 2341; x_wconf 91' lang='lat' dir='ltr'><strong>cum</strong></span> <span class='ocrx_word' id='word_1_137' title='bbox 1721 2284 1984 2351; x_wconf 85' lang='lat' dir='ltr'><strong>venisset.</strong></span> 
     </span>
    </p>
   </div>
   <div class='ocr_carea' id='block_1_24' title="bbox 418 2377 1982 2450">
    <p class='ocr_par' dir='ltr' id='par_1_24' title="bbox 418 2377 1982 2450">
     <span class='ocr_line' id='line_1_24' title="bbox 418 2377 1982 2450; baseline -0.001 -16"><span class='ocrx_word' id='word_1_138' title='bbox 418 2388 719 2435; x_wconf 88' lang='lat' dir='ltr'><strong>conventus</strong></span> <span class='ocrx_word' id='word_1_139' title='bbox 752 2379 1130 2450; x_wconf 89' lang='lat' dir='ltr'><strong>episcoporum</strong></span> <span class='ocrx_word' id='word_1_140' title='bbox 1167 2380 1223 2434; x_wconf 94' lang='lat' dir='ltr'><strong>in</strong></span> <span class='ocrx_word' id='word_1_141' title='bbox 1245 2377 1479 2450; x_wconf 65' lang='lat' dir='ltr'><strong>IEgypto</strong></span> <span class='ocrx_word' id='word_1_142' title='bbox 1504 2378 1634 2450; x_wconf 84' lang='lat' dir='ltr'><strong>egit,</strong></span> <span class='ocrx_word' id='word_1_143' title='bbox 1662 2393 1785 2447; x_wconf 75' lang='lat' dir='ltr'><strong>qua:</strong></span> <span class='ocrx_word' id='word_1_144' title='bbox 1811 2393 1982 2449; x_wconf 88' lang='lat' dir='ltr'><strong>syno-</strong></span> 
     </span>
    </p>
   </div>
   <div class='ocr_carea' id='block_1_25' title="bbox 416 2468 1987 2541">
    <p class='ocr_par' dir='ltr' id='par_1_25' title="bbox 416 2468 1987 2541">
     <span class='ocr_line' id='line_1_25' title="bbox 416 2468 1987 2541; baseline -0.003 -11"><span class='ocrx_word' id='word_1_145' title='bbox 416 2473 520 2530; x_wconf 84' lang='lat' dir='ltr'><strong>dus</strong></span> <span class='ocrx_word' id='word_1_146' title='bbox 546 2471 919 2530; x_wconf 90' lang='lat' dir='ltr'><strong>consentiebat</strong></span> <span class='ocrx_word' id='word_1_147' title='bbox 967 2470 1034 2527; x_wconf 91' lang='lat' dir='ltr'><strong>iis</strong></span> <span class='ocrx_word' id='word_1_148' title='bbox 1091 2486 1211 2541; x_wconf 85' lang='lat' dir='ltr'><strong>quae</strong></span> <span class='ocrx_word' id='word_1_149' title='bbox 1248 2470 1302 2525; x_wconf 95' lang='lat' dir='ltr'><strong>in</strong></span> <span class='ocrx_word' id='word_1_150' title='bbox 1349 2469 1661 2525; x_wconf 88' lang='lat' dir='ltr'><strong>Sardicensi</strong></span> <span class='ocrx_word' id='word_1_151' title='bbox 1692 2479 1748 2524; x_wconf 92' lang='lat' dir='ltr'><strong>et</strong></span> <span class='ocrx_word' id='word_1_152' title='bbox 1792 2468 1987 2525; x_wconf 61' lang='grc' dir='ltr'>Ηίθεοι</span> 
     </span>
    </p>
   </div>
   <div class='ocr_carea' id='block_1_26' title="bbox 416 2561 1981 2634">
    <p class='ocr_par' dir='ltr' id='par_1_26' title="bbox 416 2561 1981 2634">
     <span class='ocr_line' id='line_1_26' title="bbox 416 2561 1981 2634; baseline 0 -17"><span class='ocrx_word' id='word_1_153' title='bbox 416 2562 746 2632; x_wconf 84' lang='lat' dir='ltr'><strong>solymitana</strong></span> <span class='ocrx_word' id='word_1_154' title='bbox 773 2561 984 2634; x_wconf 84' lang='lat' dir='ltr'><strong>synodo</strong></span> <span class='ocrx_word' id='word_1_155' title='bbox 1028 2561 1248 2618; x_wconf 91' lang='lat' dir='ltr'><strong>decreta</strong></span> <span class='ocrx_word' id='word_1_156' title='bbox 1278 2570 1483 2618; x_wconf 90' lang='lat' dir='ltr'><strong>essent.</strong></span> <span class='ocrx_word' id='word_1_157' title='bbox 1519 2562 1651 2625; x_wconf 89' lang='lat' dir='ltr'><strong>Sed,</strong></span> <span class='ocrx_word' id='word_1_158' title='bbox 1673 2561 1981 2634; x_wconf 71' lang='lat' dir='ltr'><strong>Magnentio</strong></span> 
     </span>
    </p>
   </div>
   <div class='ocr_carea' id='block_1_27' title="bbox 418 2652 1984 2724">
    <p class='ocr_par' dir='ltr' id='par_1_27' title="bbox 418 2652 1984 2724">
     <span class='ocr_line' id='line_1_27' title="bbox 418 2652 1984 2724; baseline -0.001 -15"><span class='ocrx_word' id='word_1_159' title='bbox 418 2652 753 2723; x_wconf 80' lang='lat' dir='ltr'><strong>tyrannidem</strong></span> <span class='ocrx_word' id='word_1_160' title='bbox 803 2652 1124 2721; x_wconf 75' lang='lat' dir='ltr'><strong>affectante,</strong></span> <span class='ocrx_word' id='word_1_161' title='bbox 1172 2665 1227 2709; x_wconf 92' lang='lat' dir='ltr'><strong>et</strong></span> <span class='ocrx_word' id='word_1_162' title='bbox 1268 2653 1564 2710; x_wconf 88' lang='lat' dir='ltr'><strong>Constante</strong></span> <span class='ocrx_word' id='word_1_163' title='bbox 1614 2654 1984 2724; x_wconf 87' lang='lat' dir='ltr'><strong>interempto,</strong></span> 
     </span>
    </p>
   </div>
   <div class='ocr_carea' id='block_1_28' title="bbox 414 2745 1987 2805">
    <p class='ocr_par' dir='ltr' id='par_1_28' title="bbox 414 2745 1987 2805">
     <span class='ocr_line' id='line_1_28' title="bbox 414 2745 1987 2805; baseline 0.001 -6"><span class='ocrx_word' id='word_1_164' title='bbox 414 2745 602 2805; x_wconf 86' lang='lat' dir='ltr'><strong>Ariani</strong></span> <span class='ocrx_word' id='word_1_165' title='bbox 650 2745 852 2800; x_wconf 89' lang='lat' dir='ltr'><strong>iterum</strong></span> <span class='ocrx_word' id='word_1_166' title='bbox 885 2747 1073 2803; x_wconf 90' lang='lat' dir='ltr'><strong>dolose</strong></span> <span class='ocrx_word' id='word_1_167' title='bbox 1105 2757 1295 2803; x_wconf 88' lang='lat' dir='ltr'><strong>contra</strong></span> <span class='ocrx_word' id='word_1_168' title='bbox 1322 2746 1690 2801; x_wconf 85' lang='lat' dir='ltr'><strong>Athanasium</strong></span> <span class='ocrx_word' id='word_1_169' title='bbox 1737 2746 1987 2805; x_wconf 88' lang='lat' dir='ltr'><strong>concita-</strong></span> 
     </span>
    </p>
   </div>
   <div class='ocr_carea' id='block_1_29' title="bbox 417 2834 1985 2909">
    <p class='ocr_par' dir='ltr' id='par_1_29' title="bbox 417 2834 1985 2909">
     <span class='ocr_line' id='line_1_29' title="bbox 417 2834 1985 2909; baseline 0.003 -23"><span class='ocrx_word' id='word_1_170' title='bbox 417 2844 544 2893; x_wconf 90' lang='lat' dir='ltr'><strong>runt</strong></span> <span class='ocrx_word' id='word_1_171' title='bbox 586 2834 995 2903; x_wconf 85' lang='lat' dir='ltr'><strong>Constantium,</strong></span> <span class='ocrx_word' id='word_1_172' title='bbox 1037 2851 1102 2891; x_wconf 91' lang='lat' dir='ltr'><strong>ac</strong></span> <span class='ocrx_word' id='word_1_173' title='bbox 1148 2851 1342 2892; x_wconf 88' lang='lat' dir='ltr'><strong>rursus</strong></span> <span class='ocrx_word' id='word_1_174' title='bbox 1374 2835 1542 2909; x_wconf 86' lang='lat' dir='ltr'><strong>impia</strong></span> <span class='ocrx_word' id='word_1_175' title='bbox 1579 2836 1816 2902; x_wconf 87' lang='lat' dir='ltr'><strong>decreta,</strong></span> <span class='ocrx_word' id='word_1_176' title='bbox 1856 2852 1985 2891; x_wconf 87' lang='lat' dir='ltr'><strong>rur-</strong></span> 
     </span>
    </p>
   </div>
   <div class='ocr_carea' id='block_1_30' title="bbox 413 2924 1980 2999">
    <p class='ocr_par' dir='ltr' id='par_1_30' title="bbox 413 2924 1980 2999">
     <span class='ocr_line' id='line_1_30' title="bbox 413 2924 1980 2999; baseline 0.003 -19"><span class='ocrx_word' id='word_1_177' title='bbox 413 2941 512 2980; x_wconf 85' lang='lat' dir='ltr'><strong>sus</strong></span> <span class='ocrx_word' id='word_1_178' title='bbox 537 2924 685 2997; x_wconf 83' lang='lat' dir='ltr'><strong>fuga.</strong></span> <span class='ocrx_word' id='word_1_179' title='bbox 726 2941 922 2985; x_wconf 88' lang='lat' dir='ltr'><strong>rursus</strong></span> <span class='ocrx_word' id='word_1_180' title='bbox 962 2927 1266 2998; x_wconf 86' lang='lat' dir='ltr'><strong>inquisitio,</strong></span> <span class='ocrx_word' id='word_1_181' title='bbox 1300 2937 1355 2986; x_wconf 84' lang='lat' dir='ltr'><strong>et</strong></span> <span class='ocrx_word' id='word_1_182' title='bbox 1388 2927 1563 2983; x_wconf 87' lang='lat' dir='ltr'><strong>sancti</strong></span> <span class='ocrx_word' id='word_1_183' title='bbox 1593 2928 1649 2983; x_wconf 88' lang='lat' dir='ltr'><strong>lit</strong></span> <span class='ocrx_word' id='word_1_184' title='bbox 1680 2928 1980 2999; x_wconf 85' lang='lat' dir='ltr'><strong>indagatio.</strong></span> 
     </span>
    </p>
   </div>
   <div class='ocr_carea' id='block_1_31' title="bbox 411 3016 2055 3114">
    <p class='ocr_par' dir='ltr' id='par_1_31' title="bbox 411 3016 2055 3114">
     <span class='ocr_line' id='line_1_31' title="bbox 411 3016 2055 3114; baseline 0 -40"><span class='ocrx_word' id='word_1_185' title='bbox 411 3016 682 3087; x_wconf 82' lang='lat' dir='ltr'><strong>Georgius</strong></span> <span class='ocrx_word' id='word_1_186' title='bbox 725 3032 856 3074; x_wconf 83' lang='lat' dir='ltr'><strong>vero</strong></span> <span class='ocrx_word' id='word_1_187' title='bbox 883 3018 1265 3075; x_wconf 62' lang='lat' dir='ltr'><strong>Alexandrinae</strong></span> <span class='ocrx_word' id='word_1_188' title='bbox 1290 3018 1807 3084; x_wconf 71' lang='lat' dir='ltr'><strong>Ecelesizeinvasor,</strong></span> <span class='ocrx_word' id='word_1_189' title='bbox 1850 3019 1978 3075; x_wconf 89' lang='lat' dir='ltr'><strong>item</strong></span> <span class='ocrx_word' id='word_1_190' title='bbox 2012 3054 2055 3114; x_wconf 65' lang='grc' dir='ltr'>α</span> 
     </span>
    </p>
   </div>
   <div class='ocr_carea' id='block_1_32' title="bbox 409 3109 1980 3181">
    <p class='ocr_par' dir='ltr' id='par_1_32' title="bbox 409 3109 1980 3181">
     <span class='ocr_line' id='line_1_32' title="bbox 409 3109 1980 3181; baseline 0.003 -19"><span class='ocrx_word' id='word_1_191' title='bbox 409 3109 665 3175; x_wconf 79' lang='lat' dir='ltr'><strong>Aeacius,</strong></span> <span class='ocrx_word' id='word_1_192' title='bbox 706 3118 761 3166; x_wconf 92' lang='lat' dir='ltr'><strong>et</strong></span> <span class='ocrx_word' id='word_1_193' title='bbox 813 3110 1161 3181; x_wconf 86' lang='lat' dir='ltr'><strong>Patrophilus</strong></span> <span class='ocrx_word' id='word_1_194' title='bbox 1203 3119 1503 3169; x_wconf 88' lang='lat' dir='ltr'><strong>sectatores</strong></span> <span class='ocrx_word' id='word_1_195' title='bbox 1549 3113 1688 3180; x_wconf 86' lang='lat' dir='ltr'><strong>Arii,</strong></span> <span class='ocrx_word' id='word_1_196' title='bbox 1731 3124 1980 3169; x_wconf 89' lang='lat' dir='ltr'><strong>sanctum</strong></span> 
     </span>
    </p>
   </div>
   <div class='ocr_carea' id='block_1_33' title="bbox 413 3202 1976 3276">
    <p class='ocr_par' dir='ltr' id='par_1_33' title="bbox 413 3202 1976 3276">
     <span class='ocr_line' id='line_1_33' title="bbox 413 3202 1976 3276; baseline 0 -15"><span class='ocrx_word' id='word_1_197' title='bbox 413 3202 707 3270; x_wconf 70' lang='lat' dir='ltr'><strong>Maximum</strong></span> <span class='ocrx_word' id='word_1_198' title='bbox 736 3202 1295 3276; x_wconf 87' lang='lat' dir='ltr'><strong>Hierosolymitanum</strong></span> <span class='ocrx_word' id='word_1_199' title='bbox 1325 3207 1672 3276; x_wconf 79' lang='lat' dir='ltr'><strong>expulerunt,</strong></span> <span class='ocrx_word' id='word_1_200' title='bbox 1708 3215 1763 3262; x_wconf 91' lang='lat' dir='ltr'><strong>et</strong></span> <span class='ocrx_word' id='word_1_201' title='bbox 1800 3205 1976 3276; x_wconf 80' lang='lat' dir='ltr'><strong>Cyril-</strong></span> 
     </span>
    </p>
   </div>
   <div class='ocr_carea' id='block_1_34' title="bbox 411 3294 1979 3366">
    <p class='ocr_par' dir='ltr' id='par_1_34' title="bbox 411 3294 1979 3366">
     <span class='ocr_line' id='line_1_34' title="bbox 411 3294 1979 3366; baseline -0.002 -12"><span class='ocrx_word' id='word_1_202' title='bbox 411 3294 524 3354; x_wconf 84' lang='lat' dir='ltr'><strong>lum</strong></span> <span class='ocrx_word' id='word_1_203' title='bbox 562 3295 981 3355; x_wconf 78' lang='lat' dir='ltr'><strong>substituerent.</strong></span> <span class='ocrx_word' id='word_1_204' title='bbox 1015 3296 1284 3366; x_wconf 80' lang='lat' dir='ltr'><strong>Georgius</strong></span> <span class='ocrx_word' id='word_1_205' title='bbox 1313 3312 1443 3352; x_wconf 88' lang='lat' dir='ltr'><strong>vero</strong></span> <span class='ocrx_word' id='word_1_206' title='bbox 1476 3306 1555 3352; x_wconf 92' lang='lat' dir='ltr'><strong>tot</strong></span> <span class='ocrx_word' id='word_1_207' title='bbox 1578 3296 1716 3353; x_wconf 89' lang='lat' dir='ltr'><strong>mala</strong></span> <span class='ocrx_word' id='word_1_208' title='bbox 1740 3296 1979 3352; x_wconf 82' lang='lat' dir='ltr'><strong>Alexan-</strong></span> 
     </span>
    </p>
   </div>
   <div class='ocr_carea' id='block_1_35' title="bbox 406 3386 1978 3458">
    <p class='ocr_par' dir='ltr' id='par_1_35' title="bbox 406 3386 1978 3458">
     <span class='ocr_line' id='line_1_35' title="bbox 406 3386 1978 3458; baseline 0.003 -18"><span class='ocrx_word' id='word_1_209' title='bbox 406 3386 539 3447; x_wconf 80' lang='lat' dir='ltr'><strong>driae</strong></span> <span class='ocrx_word' id='word_1_210' title='bbox 582 3388 785 3454; x_wconf 86' lang='lat' dir='ltr'><strong>intulit,</strong></span> <span class='ocrx_word' id='word_1_211' title='bbox 818 3397 880 3443; x_wconf 91' lang='lat' dir='ltr'><strong>ut</strong></span> <span class='ocrx_word' id='word_1_212' title='bbox 928 3403 993 3443; x_wconf 90' lang='lat' dir='ltr'><strong>ea</strong></span> <span class='ocrx_word' id='word_1_213' title='bbox 1046 3403 1169 3458; x_wconf 77' lang='lat' dir='ltr'><strong>quae</strong></span> <span class='ocrx_word' id='word_1_214' title='bbox 1226 3390 1281 3447; x_wconf 91' lang='lat' dir='ltr'><strong>in</strong></span> <span class='ocrx_word' id='word_1_215' title='bbox 1328 3388 1671 3445; x_wconf 90' lang='lat' dir='ltr'><strong>Christianos</strong></span> <span class='ocrx_word' id='word_1_216' title='bbox 1721 3388 1978 3446; x_wconf 87' lang='lat' dir='ltr'><strong>fecerunt</strong></span> 
     </span>
    </p>
   </div>
   <div class='ocr_carea' id='block_1_36' title="bbox 411 3478 1972 3552">
    <p class='ocr_par' dir='ltr' id='par_1_36' title="bbox 411 3478 1972 3552">
     <span class='ocr_line' id='line_1_36' title="bbox 411 3478 1972 3552; baseline 0.004 -22"><span class='ocrx_word' id='word_1_217' title='bbox 411 3478 642 3544; x_wconf 79' lang='lat' dir='ltr'><strong>ethnici,</strong></span> <span class='ocrx_word' id='word_1_218' title='bbox 677 3480 919 3536; x_wconf 88' lang='lat' dir='ltr'><strong>humana</strong></span> <span class='ocrx_word' id='word_1_219' title='bbox 953 3490 1133 3552; x_wconf 89' lang='lat' dir='ltr'><strong>putes.</strong></span> <span class='ocrx_word' id='word_1_220' title='bbox 1171 3478 1337 3534; x_wconf 66' lang='lat' dir='ltr'><strong>Novae</strong></span> <span class='ocrx_word' id='word_1_221' title='bbox 1366 3481 1749 3551; x_wconf 80' lang='lat' dir='ltr'><strong>excogitantur</strong></span> <span class='ocrx_word' id='word_1_222' title='bbox 1776 3497 1972 3551; x_wconf 63' lang='lat' dir='ltr'><strong>poenae,</strong></span> 
     </span>
    </p>
   </div>
   <div class='ocr_carea' id='block_1_37' title="bbox 406 3568 1975 3640">
    <p class='ocr_par' dir='ltr' id='par_1_37' title="bbox 406 3568 1975 3640">
     <span class='ocr_line' id='line_1_37' title="bbox 406 3568 1975 3640; baseline 0.001 -14"><span class='ocrx_word' id='word_1_223' title='bbox 406 3568 519 3636; x_wconf 82' lang='lat' dir='ltr'><strong>igni</strong></span> <span class='ocrx_word' id='word_1_224' title='bbox 548 3569 787 3639; x_wconf 86' lang='lat' dir='ltr'><strong>virgines</strong></span> <span class='ocrx_word' id='word_1_225' title='bbox 819 3570 977 3624; x_wconf 81' lang='lat' dir='ltr'><strong>nudae</strong></span> <span class='ocrx_word' id='word_1_226' title='bbox 1016 3570 1454 3640; x_wconf 80' lang='lat' dir='ltr'><strong>apponebantur,</strong></span> <span class='ocrx_word' id='word_1_227' title='bbox 1500 3580 1554 3627; x_wconf 91' lang='lat' dir='ltr'><strong>et</strong></span> <span class='ocrx_word' id='word_1_228' title='bbox 1583 3587 1733 3628; x_wconf 89' lang='lat' dir='ltr'><strong>mors</strong></span> <span class='ocrx_word' id='word_1_229' title='bbox 1774 3574 1975 3627; x_wconf 86' lang='lat' dir='ltr'><strong>multos</strong></span> 
     </span>
    </p>
   </div>
   <div class='ocr_carea' id='block_1_38' title="bbox 404 3660 1971 3738">
    <p class='ocr_par' dir='ltr' id='par_1_38' title="bbox 404 3660 1971 3738">
     <span class='ocr_line' id='line_1_38' title="bbox 404 3660 1971 3738; baseline 0.004 -21"><span class='ocrx_word' id='word_1_230' title='bbox 404 3660 563 3725; x_wconf 87' lang='lat' dir='ltr'><strong>alios,</strong></span> <span class='ocrx_word' id='word_1_231' title='bbox 589 3671 643 3717; x_wconf 90' lang='lat' dir='ltr'><strong>et</strong></span> <span class='ocrx_word' id='word_1_232' title='bbox 678 3662 786 3717; x_wconf 89' lang='lat' dir='ltr'><strong>vita</strong></span> <span class='ocrx_word' id='word_1_233' title='bbox 821 3673 875 3717; x_wconf 90' lang='lat' dir='ltr'><strong>et</strong></span> <span class='ocrx_word' id='word_1_234' title='bbox 905 3678 1065 3733; x_wconf 68' lang='lat' dir='ltr'><strong>poena</strong></span> <span class='ocrx_word' id='word_1_235' title='bbox 1094 3664 1316 3734; x_wconf 90' lang='lat' dir='ltr'><strong>eripuit.</strong></span> <span class='ocrx_word' id='word_1_236' title='bbox 1348 3664 1683 3720; x_wconf 83' lang='lat' dir='ltr'><strong>Exsulabant</strong></span> <span class='ocrx_word' id='word_1_237' title='bbox 1718 3665 1775 3727; x_wconf 91' lang='lat' dir='ltr'><strong>in</strong></span> <span class='ocrx_word' id='word_1_238' title='bbox 1801 3664 1971 3738; x_wconf 64' lang='lat' dir='ltr'><strong>IEgy-v</strong></span> 
     </span>
    </p>
   </div>
   <div class='ocr_carea' id='block_1_39' title="bbox 402 3755 1630 3829">
    <p class='ocr_par' dir='ltr' id='par_1_39' title="bbox 402 3755 1630 3829">
     <span class='ocr_line' id='line_1_39' title="bbox 402 3755 1630 3829; baseline 0.004 -18"><span class='ocrx_word' id='word_1_239' title='bbox 402 3763 494 3823; x_wconf 81' lang='grc' dir='ltr'><strong>μιο</strong></span> <span class='ocrx_word' id='word_1_240' title='bbox 525 3755 741 3825; x_wconf 81' lang='lat' dir='ltr'><strong>triginta</strong></span> <span class='ocrx_word' id='word_1_241' title='bbox 775 3757 884 3812; x_wconf 92' lang='lat' dir='ltr'><strong>duo</strong></span> <span class='ocrx_word' id='word_1_242' title='bbox 918 3758 1178 3829; x_wconf 89' lang='lat' dir='ltr'><strong>episcopi,</strong></span> <span class='ocrx_word' id='word_1_243' title='bbox 1210 3770 1266 3815; x_wconf 91' lang='lat' dir='ltr'><strong>et</strong></span> <span class='ocrx_word' id='word_1_244' title='bbox 1298 3760 1630 3816; x_wconf 86' lang='lat' dir='ltr'><strong>sacerdotes.</strong></span> 
     </span>
    </p>
   </div>
   <div class='ocr_carea' id='block_1_40' title="bbox 2098 453 3657 532">
    <p class='ocr_par' dir='ltr' id='par_1_40' title="bbox 2098 453 3657 532">
     <span class='ocr_line' id='line_1_40' title="bbox 2098 453 3657 532; baseline 0.006 -28"><span class='ocrx_word' id='word_1_245' title='bbox 2098 453 2335 520; x_wconf 79' lang='grc' dir='ltr'>γείλατοο</span> <span class='ocrx_word' id='word_1_246' title='bbox 2369 454 2554 525; x_wconf 78' lang='grc' dir='ltr'><strong>ἠγνόει</strong></span> <span class='ocrx_word' id='word_1_247' title='bbox 2582 454 2640 509; x_wconf 86' lang='grc' dir='ltr'><strong>δέ</strong></span> <span class='ocrx_word' id='word_1_248' title='bbox 2667 455 2776 526; x_wconf 77' lang='grc' dir='ltr'>ἄρα</span> <span class='ocrx_word' id='word_1_249' title='bbox 2807 455 2993 510; x_wconf 81' lang='grc' dir='ltr'>λυπῶν</span> <span class='ocrx_word' id='word_1_250' title='bbox 3019 456 3087 511; x_wconf 82' lang='grc' dir='ltr'><strong>τά</strong></span> <span class='ocrx_word' id='word_1_251' title='bbox 3121 458 3351 528; x_wconf 84' lang='grc' dir='ltr'>μέγιστα</span> <span class='ocrx_word' id='word_1_252' title='bbox 3380 476 3505 524; x_wconf 84' lang='grc' dir='ltr'>τους</span> <span class='ocrx_word' id='word_1_253' title='bbox 3529 461 3657 532; x_wconf 68' lang='lat' dir='ltr'><strong>cpe.</strong></span> 
     </span>
    </p>
   </div>
   <div class='ocr_carea' id='block_1_41' title="bbox 2098 546 3656 619">
    <p class='ocr_par' dir='ltr' id='par_1_41' title="bbox 2098 546 3656 619">
     <span class='ocr_line' id='line_1_41' title="bbox 2098 546 3656 619; baseline 0.007 -24"><span class='ocrx_word' id='word_1_254' title='bbox 2098 561 2320 614; x_wconf 86' lang='grc' dir='ltr'>φρονας.</span> <span class='ocrx_word' id='word_1_255' title='bbox 2353 546 2499 616; x_wconf 80' lang='grc' dir='ltr'>Πλὴν</span> <span class='ocrx_word' id='word_1_256' title='bbox 2532 546 2908 617; x_wconf 78' lang='grc' dir='ltr'>καταπλαγεὶς</span> <span class='ocrx_word' id='word_1_257' title='bbox 2929 549 3027 619; x_wconf 78' lang='grc' dir='ltr'>τὴν</span> <span class='ocrx_word' id='word_1_258' title='bbox 3060 548 3155 602; x_wconf 87' lang='grc' dir='ltr'><strong>τοῦ</strong></span> <span class='ocrx_word' id='word_1_259' title='bbox 3180 549 3500 604; x_wconf 87' lang='grc' dir='ltr'>Ἀθανασίου</span> <span class='ocrx_word' id='word_1_260' title='bbox 3530 553 3656 607; x_wconf 73' lang='grc' dir='ltr'>σύνο</span> 
     </span>
    </p>
   </div>
   <div class='ocr_carea' id='block_1_42' title="bbox 2096 637 3658 713">
    <p class='ocr_par' dir='ltr' id='par_1_42' title="bbox 2096 637 3658 713">
     <span class='ocr_line' id='line_1_42' title="bbox 2096 637 3658 713; baseline 0.005 -25"><span class='ocrx_word' id='word_1_261' title='bbox 2096 637 2212 689; x_wconf 91' lang='grc' dir='ltr'>εσίν</span> <span class='ocrx_word' id='word_1_262' title='bbox 2238 653 2297 689; x_wconf 92' lang='grc' dir='ltr'><strong>τε</strong></span> <span class='ocrx_word' id='word_1_263' title='bbox 2331 638 2426 690; x_wconf 76' lang='grc' dir='ltr'>καὶ</span> <span class='ocrx_word' id='word_1_264' title='bbox 2457 637 2762 709; x_wconf 86' lang='grc' dir='ltr'>άγχίνοιαν,</span> <span class='ocrx_word' id='word_1_265' title='bbox 2808 638 2885 703; x_wconf 84' lang='grc' dir='ltr'><strong>ὡς</strong></span> <span class='ocrx_word' id='word_1_266' title='bbox 2929 641 3274 712; x_wconf 88' lang='grc' dir='ltr'>προείρηται,</span> <span class='ocrx_word' id='word_1_267' title='bbox 3307 641 3446 712; x_wconf 75' lang='grc' dir='ltr'>μετὰ</span> <span class='ocrx_word' id='word_1_268' title='bbox 3479 642 3658 713; x_wconf 78' lang='grc' dir='ltr'>πάσης</span> 
     </span>
    </p>
   </div>
   <div class='ocr_carea' id='block_1_43' title="bbox 2096 725 3659 805">
    <p class='ocr_par' dir='ltr' id='par_1_43' title="bbox 2096 725 3659 805">
     <span class='ocr_line' id='line_1_43' title="bbox 2096 725 3659 805; baseline 0.006 -25"><span class='ocrx_word' id='word_1_269' title='bbox 2096 725 2254 797; x_wconf 81' lang='grc' dir='ltr'><strong>δόξης</strong></span> <span class='ocrx_word' id='word_1_270' title='bbox 2294 728 2386 781; x_wconf 74' lang='grc' dir='ltr'>καὶ</span> <span class='ocrx_word' id='word_1_271' title='bbox 2428 729 2591 799; x_wconf 81' lang='grc' dir='ltr'>τιμῆς</span> <span class='ocrx_word' id='word_1_272' title='bbox 2623 728 2920 799; x_wconf 82' lang='grc' dir='ltr'>ἐκπέμπει,</span> <span class='ocrx_word' id='word_1_273' title='bbox 2963 731 3189 802; x_wconf 86' lang='grc' dir='ltr'>γράφων</span> <span class='ocrx_word' id='word_1_274' title='bbox 3239 734 3333 787; x_wconf 77' lang='grc' dir='ltr'>καὶ</span> <span class='ocrx_word' id='word_1_275' title='bbox 3387 734 3527 805; x_wconf 78' lang='grc' dir='ltr'>πρὸς</span> <span class='ocrx_word' id='word_1_276' title='bbox 3569 735 3659 791; x_wconf 76' lang='grc' dir='ltr'>τὸν</span> 
     </span>
    </p>
   </div>
   <div class='ocr_carea' id='block_1_44' title="bbox 2095 817 3657 898">
    <p class='ocr_par' dir='ltr' id='par_1_44' title="bbox 2095 817 3657 898">
     <span class='ocr_line' id='line_1_44' title="bbox 2095 817 3657 898; baseline 0.004 -25"><span class='ocrx_word' id='word_1_277' title='bbox 2095 818 2493 887; x_wconf 83' lang='grc' dir='ltr'>Αύγουστάλιον</span> <span class='ocrx_word' id='word_1_278' title='bbox 2526 817 2687 890; x_wconf 75' lang='grc'><strong>[1444</strong></span> <span class='ocrx_word' id='word_1_279' title='bbox 2719 819 2813 892; x_wconf 86' lang='lat' dir='ltr'><strong>R.]</strong></span> <span class='ocrx_word' id='word_1_280' title='bbox 2840 820 2911 874; x_wconf 86' lang='grc' dir='ltr'><strong>τά</strong></span> <span class='ocrx_word' id='word_1_281' title='bbox 2929 839 2989 874; x_wconf 92' lang='grc' dir='ltr'><strong>τε</strong></span> <span class='ocrx_word' id='word_1_282' title='bbox 3018 822 3152 876; x_wconf 79' lang='grc' dir='ltr'>ἄλλα</span> <span class='ocrx_word' id='word_1_283' title='bbox 3179 822 3263 877; x_wconf 81' lang='grc' dir='ltr'>διὰ</span> <span class='ocrx_word' id='word_1_284' title='bbox 3296 824 3657 898; x_wconf 77' lang='grc' dir='ltr'>σεϐασμιότηο</span> 
     </span>
    </p>
   </div>
   <div class='ocr_carea' id='block_1_45' title="bbox 2094 909 3658 981">
    <p class='ocr_par' dir='ltr' id='par_1_45' title="bbox 2094 909 3658 981">
     <span class='ocr_line' id='line_1_45' title="bbox 2094 909 3658 981; baseline 0.004 -17"><span class='ocrx_word' id='word_1_285' title='bbox 2094 928 2185 975; x_wconf 84' lang='grc' dir='ltr'><strong>τος</strong></span> <span class='ocrx_word' id='word_1_286' title='bbox 2224 912 2377 981; x_wconf 84' lang='grc' dir='ltr'><strong>ἄγειν</strong></span> <span class='ocrx_word' id='word_1_287' title='bbox 2415 911 2597 978; x_wconf 82' lang='grc' dir='ltr'>αὐτὸν,</span> <span class='ocrx_word' id='word_1_288' title='bbox 2624 911 2721 967; x_wconf 77' lang='grc' dir='ltr'>καὶ</span> <span class='ocrx_word' id='word_1_289' title='bbox 2748 913 2948 981; x_wconf 86' lang='grc' dir='ltr'>πάντα,</span> <span class='ocrx_word' id='word_1_290' title='bbox 2974 909 3057 978; x_wconf 82' lang='grc' dir='ltr'>οἷς</span> <span class='ocrx_word' id='word_1_291' title='bbox 3080 914 3243 971; x_wconf 78' lang='grc' dir='ltr'>αὐτὸν</span> <span class='ocrx_word' id='word_1_292' title='bbox 3283 917 3445 980; x_wconf 84' lang='grc' dir='ltr'>αὑτός</span> <span class='ocrx_word' id='word_1_293' title='bbox 3471 932 3535 969; x_wconf 86' lang='grc' dir='ltr'><strong>τε</strong></span> <span class='ocrx_word' id='word_1_294' title='bbox 3565 918 3658 971; x_wconf 75' lang='grc' dir='ltr'>καὶ</span> 
     </span>
    </p>
   </div>
   <div class='ocr_carea' id='block_1_46' title="bbox 2095 1002 3659 1077">
    <p class='ocr_par' dir='ltr' id='par_1_46' title="bbox 2095 1002 3659 1077">
     <span class='ocr_line' id='line_1_46' title="bbox 2095 1002 3659 1077; baseline 0.002 -20"><span class='ocrx_word' id='word_1_295' title='bbox 2095 1004 2145 1057; x_wconf 78' lang='lat' dir='ltr'><strong>ot</strong></span> <span class='ocrx_word' id='word_1_296' title='bbox 2190 1002 2287 1056; x_wconf 79' lang='grc' dir='ltr'>σὺν</span> <span class='ocrx_word' id='word_1_297' title='bbox 2335 1003 2483 1074; x_wconf 83' lang='grc' dir='ltr'>αὐτῷ</span> <span class='ocrx_word' id='word_1_298' title='bbox 2537 1004 2996 1075; x_wconf 81' lang='grc' dir='ltr'>κατεψηφίσαντο,</span> <span class='ocrx_word' id='word_1_299' title='bbox 3022 1006 3082 1059; x_wconf 87' lang='grc' dir='ltr'><strong>τὺ</strong></span> <span class='ocrx_word' id='word_1_300' title='bbox 3128 1005 3333 1077; x_wconf 78' lang='grc' dir='ltr'>ἄκυρον</span> <span class='ocrx_word' id='word_1_301' title='bbox 3379 1008 3475 1061; x_wconf 77' lang='grc' dir='ltr'>καὶ</span> <span class='ocrx_word' id='word_1_302' title='bbox 3501 1009 3659 1061; x_wconf 64' lang='grc' dir='ltr'>άνενν</span> 
     </span>
    </p>
   </div>
   <div class='ocr_carea' id='block_1_47' title="bbox 2094 1095 3660 1171">
    <p class='ocr_par' dir='ltr' id='par_1_47' title="bbox 2094 1095 3660 1171">
     <span class='ocr_line' id='line_1_47' title="bbox 2094 1095 3660 1171; baseline 0.003 -23"><span class='ocrx_word' id='word_1_303' title='bbox 2094 1096 2325 1167; x_wconf 86' lang='grc' dir='ltr'>έργητον</span> <span class='ocrx_word' id='word_1_304' title='bbox 2351 1096 2518 1167; x_wconf 78' lang='grc' dir='ltr'>ἔχειν,</span> <span class='ocrx_word' id='word_1_305' title='bbox 2578 1095 2717 1151; x_wconf 82' lang='grc' dir='ltr'>ἀλλά</span> <span class='ocrx_word' id='word_1_306' title='bbox 2738 1113 2800 1165; x_wconf 88' lang='grc' dir='ltr'><strong>γε</strong></span> <span class='ocrx_word' id='word_1_307' title='bbox 2830 1096 2895 1170; x_wconf 83' lang='grc' dir='ltr'>δὴ</span> <span class='ocrx_word' id='word_1_308' title='bbox 2913 1096 3006 1152; x_wconf 76' lang='grc' dir='ltr'>καὶ</span> <span class='ocrx_word' id='word_1_309' title='bbox 3036 1097 3128 1153; x_wconf 88' lang='grc' dir='ltr'><strong>τδν</strong></span> <span class='ocrx_word' id='word_1_310' title='bbox 3160 1098 3250 1151; x_wconf 82' lang='grc' dir='ltr'><strong>ὑπ’</strong></span> <span class='ocrx_word' id='word_1_311' title='bbox 3274 1098 3425 1170; x_wconf 84' lang='grc' dir='ltr'>αῦτῷ</span> <span class='ocrx_word' id='word_1_312' title='bbox 3452 1099 3499 1131; x_wconf 72' lang='grc'><strong>⁷⁸</strong></span> <span class='ocrx_word' id='word_1_313' title='bbox 3526 1099 3660 1171; x_wconf 75' lang='grc' dir='ltr'>κλῆ-</span> 
     </span>
    </p>
   </div>
   <div class='ocr_carea' id='block_1_48' title="bbox 2099 1189 3660 1265">
    <p class='ocr_par' dir='ltr' id='par_1_48' title="bbox 2099 1189 3660 1265">
     <span class='ocr_line' id='line_1_48' title="bbox 2099 1189 3660 1265; baseline 0.004 -23"><span class='ocrx_word' id='word_1_314' title='bbox 2099 1207 2192 1261; x_wconf 91' lang='grc' dir='ltr'><strong>ρον</strong></span> <span class='ocrx_word' id='word_1_315' title='bbox 2215 1190 2315 1262; x_wconf 82' lang='grc' dir='ltr'>τὴν</span> <span class='ocrx_word' id='word_1_316' title='bbox 2339 1189 2615 1262; x_wconf 86' lang='grc' dir='ltr'>προτέραν</span> <span class='ocrx_word' id='word_1_317' title='bbox 2640 1192 2806 1261; x_wconf 82' lang='grc' dir='ltr'>τιμὴν</span> <span class='ocrx_word' id='word_1_318' title='bbox 2837 1191 2932 1244; x_wconf 76' lang='grc' dir='ltr'>καὶ</span> <span class='ocrx_word' id='word_1_319' title='bbox 2958 1191 3139 1264; x_wconf 87' lang='grc' dir='ltr'>πάσης</span> <span class='ocrx_word' id='word_1_320' title='bbox 3164 1191 3424 1264; x_wconf 77' lang='grc' dir='ltr'><strong>δημοσίου</strong></span> <span class='ocrx_word' id='word_1_321' title='bbox 3451 1193 3660 1265; x_wconf 75' lang='grc' dir='ltr'>ὑπηρε-</span> 
     </span>
    </p>
   </div>
   <div class='ocr_carea' id='block_1_49' title="bbox 2094 1283 3019 1356">
    <p class='ocr_par' dir='ltr' id='par_1_49' title="bbox 2094 1283 3019 1356">
     <span class='ocr_line' id='line_1_49' title="bbox 2094 1283 3019 1356; baseline 0.003 -18"><span class='ocrx_word' id='word_1_322' title='bbox 2094 1285 2215 1348; x_wconf 89' lang='grc' dir='ltr'>σίας</span> <span class='ocrx_word' id='word_1_323' title='bbox 2238 1284 2523 1338; x_wconf 84' lang='grc' dir='ltr'>ἀναλαϐεῖν</span> <span class='ocrx_word' id='word_1_324' title='bbox 2558 1284 2658 1354; x_wconf 80' lang='grc' dir='ltr'><strong>τὴν</strong></span> <span class='ocrx_word' id='word_1_325' title='bbox 2684 1283 3019 1356; x_wconf 89' lang='grc' dir='ltr'>ἐλευθερίαν.</span> 
     </span>
    </p>
   </div>
   <div class='ocr_carea' id='block_1_50' title="bbox 2162 1374 3659 1449">
    <p class='ocr_par' dir='ltr' id='par_1_50' title="bbox 2162 1374 3659 1449">
     <span class='ocr_line' id='line_1_50' title="bbox 2162 1374 3659 1449; baseline 0.003 -20"><span class='ocrx_word' id='word_1_326' title='bbox 2162 1374 2499 1430; x_wconf 83' lang='grc' dir='ltr'>Καταλαϐὼν</span> <span class='ocrx_word' id='word_1_327' title='bbox 2531 1375 2624 1430; x_wconf 80' lang='grc' dir='ltr'><strong>οῦν</strong></span> <span class='ocrx_word' id='word_1_328' title='bbox 2653 1376 2682 1428; x_wconf 84' lang='grc' dir='ltr'>ὁ</span> <span class='ocrx_word' id='word_1_329' title='bbox 2715 1375 3030 1442; x_wconf 85' lang='grc' dir='ltr'>Ἀθανάσιος</span> <span class='ocrx_word' id='word_1_330' title='bbox 3054 1375 3125 1430; x_wconf 80' lang='grc' dir='ltr'><strong>τά</strong></span> <span class='ocrx_word' id='word_1_331' title='bbox 3167 1376 3531 1449; x_wconf 80' lang='grc' dir='ltr'>Ἰεροσόλυμα,</span> <span class='ocrx_word' id='word_1_332' title='bbox 3560 1379 3659 1433; x_wconf 84' lang='grc' dir='ltr'>καὶ</span> 
     </span>
    </p>
   </div>
   <div class='ocr_carea' id='block_1_51' title="bbox 2089 1466 3662 1541">
    <p class='ocr_par' dir='ltr' id='par_1_51' title="bbox 2089 1466 3662 1541">
     <span class='ocr_line' id='line_1_51' title="bbox 2089 1466 3662 1541; baseline 0 -18"><span class='ocrx_word' id='word_1_333' title='bbox 2089 1467 2325 1538; x_wconf 81' lang='grc' dir='ltr'><strong>Μαξίμῳ</strong></span> <span class='ocrx_word' id='word_1_334' title='bbox 2361 1467 2441 1538; x_wconf 82' lang='grc' dir='ltr'>τῷ</span> <span class='ocrx_word' id='word_1_335' title='bbox 2468 1468 2716 1540; x_wconf 77' lang='grc' dir='ltr'>ἀρχιερεῖ</span> <span class='ocrx_word' id='word_1_336' title='bbox 2746 1467 2839 1521; x_wconf 89' lang='grc' dir='ltr'><strong>τοῦ</strong></span> <span class='ocrx_word' id='word_1_337' title='bbox 2867 1466 3002 1522; x_wconf 85' lang='grc' dir='ltr'>Θεοῦ</span> <span class='ocrx_word' id='word_1_338' title='bbox 3030 1467 3128 1522; x_wconf 70' lang='grc' dir='ltr'>καὶ</span> <span class='ocrx_word' id='word_1_339' title='bbox 3145 1468 3449 1541; x_wconf 82' lang='grc' dir='ltr'>δμολογητῇ</span> <span class='ocrx_word' id='word_1_340' title='bbox 3474 1469 3662 1523; x_wconf 85' lang='grc' dir='ltr'>συνελ-</span> 
     </span>
    </p>
   </div>
   <div class='ocr_carea' id='block_1_52' title="bbox 2092 1559 3663 1634">
    <p class='ocr_par' dir='ltr' id='par_1_52' title="bbox 2092 1559 3663 1634">
     <span class='ocr_line' id='line_1_52' title="bbox 2092 1559 3663 1634; baseline 0.001 -19"><span class='ocrx_word' id='word_1_341' title='bbox 2092 1559 2199 1615; x_wconf 86' lang='grc' dir='ltr'><strong>θὼν</strong></span> <span class='ocrx_word' id='word_1_342' title='bbox 2236 1561 2317 1625; x_wconf 85' lang='grc' dir='ltr'><strong>είς</strong></span> <span class='ocrx_word' id='word_1_343' title='bbox 2349 1559 2471 1630; x_wconf 75' lang='grc' dir='ltr'>ὄψιν</span> <span class='ocrx_word' id='word_1_344' title='bbox 2511 1577 2571 1614; x_wconf 90' lang='grc' dir='ltr'><strong>τε</strong></span> <span class='ocrx_word' id='word_1_345' title='bbox 2614 1560 2711 1614; x_wconf 77' lang='grc' dir='ltr'>καὶ</span> <span class='ocrx_word' id='word_1_346' title='bbox 2742 1560 2979 1632; x_wconf 85' lang='grc' dir='ltr'>ὁμιλίαν,</span> <span class='ocrx_word' id='word_1_347' title='bbox 3011 1560 3079 1616; x_wconf 84' lang='grc' dir='ltr'><strong>τά</strong></span> <span class='ocrx_word' id='word_1_348' title='bbox 3098 1578 3159 1614; x_wconf 88' lang='grc' dir='ltr'><strong>τε</strong></span> <span class='ocrx_word' id='word_1_349' title='bbox 3182 1562 3243 1615; x_wconf 87' lang='grc' dir='ltr'><strong>ἐν</strong></span> <span class='ocrx_word' id='word_1_350' title='bbox 3276 1560 3513 1634; x_wconf 78' lang='grc' dir='ltr'>Σαρδικῇ</span> <span class='ocrx_word' id='word_1_351' title='bbox 3544 1561 3663 1616; x_wconf 82' lang='grc' dir='ltr'>δια-</span> 
     </span>
    </p>
   </div>
   <div class='ocr_carea' id='block_1_53' title="bbox 2091 1650 3663 1725">
    <p class='ocr_par' dir='ltr' id='par_1_53' title="bbox 2091 1650 3663 1725">
     <span class='ocr_line' id='line_1_53' title="bbox 2091 1650 3663 1725; baseline 0.002 -20"><span class='ocrx_word' id='word_1_352' title='bbox 2091 1650 2458 1724; x_wconf 80' lang='grc' dir='ltr'><strong>πεπραγμένα</strong></span> <span class='ocrx_word' id='word_1_353' title='bbox 2481 1652 2576 1705; x_wconf 73' lang='grc' dir='ltr'>καὶ</span> <span class='ocrx_word' id='word_1_354' title='bbox 2596 1651 2672 1715; x_wconf 83' lang='grc' dir='ltr'>ὡς</span> <span class='ocrx_word' id='word_1_355' title='bbox 2688 1654 2825 1723; x_wconf 85' lang='grc' dir='ltr'>πρὸς</span> <span class='ocrx_word' id='word_1_356' title='bbox 2850 1652 3012 1707; x_wconf 79' lang='grc' dir='ltr'>αὐτὸν</span> <span class='ocrx_word' id='word_1_357' title='bbox 3041 1652 3417 1718; x_wconf 79' lang='grc' dir='ltr'>Κωνστάντιος</span> <span class='ocrx_word' id='word_1_358' title='bbox 3445 1653 3663 1725; x_wconf 75' lang='grc' dir='ltr'>διετέθη</span> 
     </span>
    </p>
   </div>
   <div class='ocr_carea' id='block_1_54' title="bbox 2091 1745 3664 1820">
    <p class='ocr_par' dir='ltr' id='par_1_54' title="bbox 2091 1745 3664 1820">
     <span class='ocr_line' id='line_1_54' title="bbox 2091 1745 3664 1820; baseline 0.001 -19"><span class='ocrx_word' id='word_1_359' title='bbox 2091 1745 2569 1816; x_wconf 83' lang='grc' dir='ltr'>άναδιδαξάμενος,</span> <span class='ocrx_word' id='word_1_360' title='bbox 2620 1746 2837 1801; x_wconf 85' lang='grc' dir='ltr'>σύνοδον</span> <span class='ocrx_word' id='word_1_361' title='bbox 2887 1747 3144 1818; x_wconf 86' lang='grc' dir='ltr'>ἀθροῖσαι</span> <span class='ocrx_word' id='word_1_362' title='bbox 3178 1746 3272 1800; x_wconf 72' lang='grc' dir='ltr'>τὸν</span> <span class='ocrx_word' id='word_1_363' title='bbox 3320 1747 3664 1820; x_wconf 81' lang='grc' dir='ltr'>ὁμολογητὴν</span> 
     </span>
    </p>
   </div>
   <div class='ocr_carea' id='block_1_55' title="bbox 2090 1839 3664 1912">
    <p class='ocr_par' dir='ltr' id='par_1_55' title="bbox 2090 1839 3664 1912">
     <span class='ocr_line' id='line_1_55' title="bbox 2090 1839 3664 1912; baseline 0.001 -19"><span class='ocrx_word' id='word_1_364' title='bbox 2090 1839 2554 1912; x_wconf 84' lang='grc' dir='ltr'>καταπράττεται.</span> <span class='ocrx_word' id='word_1_365' title='bbox 2586 1841 2696 1894; x_wconf 76' lang='grc' dir='ltr'><strong>Καὶ</strong></span> <span class='ocrx_word' id='word_1_366' title='bbox 2722 1842 2756 1912; x_wconf 85' lang='grc' dir='ltr'><strong>ή</strong></span> <span class='ocrx_word' id='word_1_367' title='bbox 2784 1840 3003 1905; x_wconf 86' lang='grc' dir='ltr'>σύνοδος</span> <span class='ocrx_word' id='word_1_368' title='bbox 3048 1839 3125 1911; x_wconf 85' lang='grc' dir='ltr'>τῷ</span> <span class='ocrx_word' id='word_1_369' title='bbox 3166 1839 3464 1911; x_wconf 87' lang='grc' dir='ltr'>θαυμαστῷ</span> <span class='ocrx_word' id='word_1_370' title='bbox 3495 1840 3664 1895; x_wconf 80' lang='grc' dir='ltr'>Ἀθα-</span> 
     </span>
    </p>
   </div>
   <div class='ocr_carea' id='block_1_56' title="bbox 2090 1928 3666 2002">
    <p class='ocr_par' dir='ltr' id='par_1_56' title="bbox 2090 1928 3666 2002">
     <span class='ocr_line' id='line_1_56' title="bbox 2090 1928 3666 2002; baseline 0 -18"><span class='ocrx_word' id='word_1_371' title='bbox 2090 1928 2257 2001; x_wconf 87' lang='grc' dir='ltr'>νασίῳ</span> <span class='ocrx_word' id='word_1_372' title='bbox 2291 1929 2386 1984; x_wconf 81' lang='grc' dir='ltr'>καὶ</span> <span class='ocrx_word' id='word_1_373' title='bbox 2409 1929 2507 2002; x_wconf 85' lang='grc' dir='ltr'>τὴν</span> <span class='ocrx_word' id='word_1_374' title='bbox 2531 1930 2817 1986; x_wconf 79' lang='grc' dir='ltr'>κοινωνίαν</span> <span class='ocrx_word' id='word_1_375' title='bbox 2848 1930 2943 1985; x_wconf 74' lang='grc' dir='ltr'>καὶ</span> <span class='ocrx_word' id='word_1_376' title='bbox 2983 1930 3046 1983; x_wconf 84' lang='grc' dir='ltr'>τὸ</span> <span class='ocrx_word' id='word_1_377' title='bbox 3077 1930 3463 2001; x_wconf 79' lang='grc' dir='ltr'>άρχιερατικδν</span> <span class='ocrx_word' id='word_1_378' title='bbox 3494 1930 3666 1997; x_wconf 76' lang='grc' dir='ltr'>ἀξίω-</span> 
     </span>
    </p>
   </div>
   <div class='ocr_carea' id='block_1_57' title="bbox 2092 2021 3665 2095">
    <p class='ocr_par' dir='ltr' id='par_1_57' title="bbox 2092 2021 3665 2095">
     <span class='ocr_line' id='line_1_57' title="bbox 2092 2021 3665 2095; baseline 0 -20"><span class='ocrx_word' id='word_1_379' title='bbox 2092 2040 2168 2093; x_wconf 87' lang='grc' dir='ltr'><strong>μα</strong></span> <span class='ocrx_word' id='word_1_380' title='bbox 2190 2021 2577 2094; x_wconf 75' lang='grc' dir='ltr'>ἐπιψηφίζεται</span> <span class='ocrx_word' id='word_1_381' title='bbox 2615 2023 2683 2087; x_wconf 84' lang='grc'><strong>⁷⁵,</strong></span> <span class='ocrx_word' id='word_1_382' title='bbox 2709 2023 2804 2076; x_wconf 78' lang='grc' dir='ltr'>καὶ</span> <span class='ocrx_word' id='word_1_383' title='bbox 2828 2022 3030 2093; x_wconf 84' lang='grc' dir='ltr'>γράφει</span> <span class='ocrx_word' id='word_1_384' title='bbox 3056 2025 3168 2086; x_wconf 88' lang='grc' dir='ltr'>τοῖς</span> <span class='ocrx_word' id='word_1_385' title='bbox 3198 2024 3256 2075; x_wconf 88' lang='grc' dir='ltr'><strong>ἐν</strong></span> <span class='ocrx_word' id='word_1_386' title='bbox 3276 2021 3665 2095; x_wconf 72' lang='grc' dir='ltr'>Ἀλεξανδρείᾳ</span> 
     </span>
    </p>
   </div>
   <div class='ocr_carea' id='block_1_58' title="bbox 2089 2113 3666 2188">
    <p class='ocr_par' dir='ltr' id='par_1_58' title="bbox 2089 2113 3666 2188">
     <span class='ocr_line' id='line_1_58' title="bbox 2089 2113 3666 2188; baseline 0.001 -18"><span class='ocrx_word' id='word_1_387' title='bbox 2089 2115 2182 2170; x_wconf 77' lang='grc' dir='ltr'>καὶ</span> <span class='ocrx_word' id='word_1_388' title='bbox 2205 2113 2353 2188; x_wconf 79' lang='grc' dir='ltr'>πάσῃ</span> <span class='ocrx_word' id='word_1_389' title='bbox 2382 2117 2449 2186; x_wconf 83' lang='grc' dir='ltr'>τῇ</span> <span class='ocrx_word' id='word_1_390' title='bbox 2480 2131 2539 2168; x_wconf 87' lang='grc' dir='ltr'><strong>τε</strong></span> <span class='ocrx_word' id='word_1_391' title='bbox 2572 2113 2833 2185; x_wconf 74' lang='grc' dir='ltr'>Αἰγύπτῳ</span> <span class='ocrx_word' id='word_1_392' title='bbox 2873 2114 2970 2169; x_wconf 78' lang='grc' dir='ltr'>καὶ</span> <span class='ocrx_word' id='word_1_393' title='bbox 2996 2113 3172 2186; x_wconf 80' lang='grc' dir='ltr'>Λιϐύῃ</span> <span class='ocrx_word' id='word_1_394' title='bbox 3200 2114 3237 2169; x_wconf 75' lang='grc' dir='ltr'>ἃ</span> <span class='ocrx_word' id='word_1_395' title='bbox 3268 2116 3399 2187; x_wconf 56' lang='grc' dir='ltr'><strong>περὶ¹</strong></span> <span class='ocrx_word' id='word_1_396' title='bbox 3426 2115 3666 2173; x_wconf 80' lang='grc' dir='ltr'>Ἀθανα-</span> 
     </span>
    </p>
   </div>
   <div class='ocr_carea' id='block_1_59' title="bbox 2091 2203 2993 2275">
    <p class='ocr_par' dir='ltr' id='par_1_59' title="bbox 2091 2203 2993 2275">
     <span class='ocr_line' id='line_1_59' title="bbox 2091 2203 2993 2275; baseline 0.002 -18"><span class='ocrx_word' id='word_1_397' title='bbox 2091 2205 2207 2263; x_wconf 88' lang='grc' dir='ltr'>σίου</span> <span class='ocrx_word' id='word_1_398' title='bbox 2247 2204 2388 2273; x_wconf 72' lang='grc' dir='ltr'>ἔγνω</span> <span class='ocrx_word' id='word_1_399' title='bbox 2422 2221 2485 2258; x_wconf 85' lang='grc' dir='ltr'><strong>τε</strong></span> <span class='ocrx_word' id='word_1_400' title='bbox 2515 2204 2611 2259; x_wconf 76' lang='grc' dir='ltr'>καὶ</span> <span class='ocrx_word' id='word_1_401' title='bbox 2646 2203 2993 2275; x_wconf 81' lang='grc' dir='ltr'>διεπράξατο.</span> 
     </span>
    </p>
   </div>
   <div class='ocr_carea' id='block_1_60' title="bbox 2170 2287 3666 2368">
    <p class='ocr_par' dir='ltr' id='par_1_60' title="bbox 2170 2287 3666 2368">
     <span class='ocr_line' id='line_1_60' title="bbox 2170 2287 3666 2368; baseline -0.001 -18"><span class='ocrx_word' id='word_1_402' title='bbox 2170 2294 2228 2350; x_wconf 84' lang='lat'><strong>&#39;0</strong></span> <span class='ocrx_word' id='word_1_403' title='bbox 2270 2294 2328 2353; x_wconf 70' lang='grc' dir='ltr'>δὲ</span> <span class='ocrx_word' id='word_1_404' title='bbox 2381 2296 2624 2363; x_wconf 81' lang='grc' dir='ltr'>γενναῖος</span> <span class='ocrx_word' id='word_1_405' title='bbox 2672 2287 2827 2357; x_wconf 76' lang='grc' dir='ltr'>οὗτος</span> <span class='ocrx_word' id='word_1_406' title='bbox 2881 2292 3123 2364; x_wconf 78' lang='grc' dir='ltr'>ἀθλητὴς</span> <span class='ocrx_word' id='word_1_407' title='bbox 3164 2294 3231 2364; x_wconf 85' lang='grc' dir='ltr'><strong>τῇ</strong></span> <span class='ocrx_word' id='word_1_408' title='bbox 3283 2291 3666 2368; x_wconf 78' lang='grc' dir='ltr'>Ἀλεξανδρείᾳ</span> 
     </span>
    </p>
   </div>
   <div class='ocr_carea' id='block_1_61' title="bbox 2088 2382 3667 2455">
    <p class='ocr_par' dir='ltr' id='par_1_61' title="bbox 2088 2382 3667 2455">
     <span class='ocr_line' id='line_1_61' title="bbox 2088 2382 3667 2455; baseline 0.001 -16"><span class='ocrx_word' id='word_1_409' title='bbox 2088 2383 2315 2450; x_wconf 86' lang='grc' dir='ltr'>ἐπιστὰς</span> <span class='ocrx_word' id='word_1_410' title='bbox 2358 2382 2568 2447; x_wconf 76' lang='grc' dir='ltr'>καθίζει</span> <span class='ocrx_word' id='word_1_411' title='bbox 2606 2383 2699 2439; x_wconf 61' lang='grc' dir='ltr'><strong>καὶ⁹</strong></span> <span class='ocrx_word' id='word_1_412' title='bbox 2747 2383 2911 2446; x_wconf 84' lang='grc' dir='ltr'>αὐτὸς</span> <span class='ocrx_word' id='word_1_413' title='bbox 2952 2383 3254 2455; x_wconf 79' lang='grc' dir='ltr'>ἀρχιερέων</span> <span class='ocrx_word' id='word_1_414' title='bbox 3292 2384 3354 2449; x_wconf 80' lang='grc' dir='ltr'><strong>ἐξ</strong></span> <span class='ocrx_word' id='word_1_415' title='bbox 3380 2384 3667 2453; x_wconf 78' lang='grc' dir='ltr'><strong>Αἰγύπτου</strong></span> 
     </span>
    </p>
   </div>
   <div class='ocr_carea' id='block_1_62' title="bbox 2086 2471 3668 2546">
    <p class='ocr_par' dir='ltr' id='par_1_62' title="bbox 2086 2471 3668 2546">
     <span class='ocr_line' id='line_1_62' title="bbox 2086 2471 3668 2546; baseline 0.002 -20"><span class='ocrx_word' id='word_1_416' title='bbox 2086 2490 2146 2526; x_wconf 86' lang='grc' dir='ltr'><strong>τε</strong></span> <span class='ocrx_word' id='word_1_417' title='bbox 2176 2473 2271 2526; x_wconf 70' lang='grc' dir='ltr'>καὶ</span> <span class='ocrx_word' id='word_1_418' title='bbox 2312 2471 2519 2544; x_wconf 87' lang='grc' dir='ltr'>Λιϐύης</span> <span class='ocrx_word' id='word_1_419' title='bbox 2560 2472 2839 2543; x_wconf 86' lang='grc' dir='ltr'>σύλλογον’</span> <span class='ocrx_word' id='word_1_420' title='bbox 2871 2472 2965 2526; x_wconf 82' lang='grc' dir='ltr'>καὶ</span> <span class='ocrx_word' id='word_1_421' title='bbox 3029 2472 3170 2543; x_wconf 86' lang='grc' dir='ltr'>αῦτη</span> <span class='ocrx_word' id='word_1_422' title='bbox 3208 2473 3309 2538; x_wconf 86' lang='grc' dir='ltr'><strong>τὰς</strong></span> <span class='ocrx_word' id='word_1_423' title='bbox 3337 2474 3533 2546; x_wconf 79' lang='grc' dir='ltr'>ὁμοίας</span> <span class='ocrx_word' id='word_1_424' title='bbox 3566 2476 3668 2530; x_wconf 81' lang='grc' dir='ltr'>καὶ</span> 
     </span>
    </p>
   </div>
   <div class='ocr_carea' id='block_1_63' title="bbox 2087 2564 3667 2640">
    <p class='ocr_par' dir='ltr' id='par_1_63' title="bbox 2087 2564 3667 2640">
     <span class='ocr_line' id='line_1_63' title="bbox 2087 2564 3667 2640; baseline 0.001 -20"><span class='ocrx_word' id='word_1_425' title='bbox 2087 2564 2535 2635; x_wconf 80' lang='grc' dir='ltr'>ἀπαραλλάκτους</span> <span class='ocrx_word' id='word_1_426' title='bbox 2569 2565 2785 2638; x_wconf 74' lang='grc' dir='ltr'>ψήφους</span> <span class='ocrx_word' id='word_1_427' title='bbox 2826 2567 2947 2629; x_wconf 88' lang='grc' dir='ltr'>ταῖς</span> <span class='ocrx_word' id='word_1_428' title='bbox 2998 2567 3057 2620; x_wconf 85' lang='grc' dir='ltr'><strong>ἐν</strong></span> <span class='ocrx_word' id='word_1_429' title='bbox 3097 2565 3336 2640; x_wconf 80' lang='grc' dir='ltr'>Σαρδικῇ</span> <span class='ocrx_word' id='word_1_430' title='bbox 3377 2568 3471 2623; x_wconf 71' lang='grc' dir='ltr'>καὶ</span> <span class='ocrx_word' id='word_1_431' title='bbox 3505 2570 3567 2622; x_wconf 89' lang='grc' dir='ltr'><strong>ἐν</strong></span> <span class='ocrx_word' id='word_1_432' title='bbox 3610 2569 3667 2603; x_wconf 72' lang='grc' dir='ltr'><strong>τι</strong></span> 
     </span>
    </p>
   </div>
   <div class='ocr_carea' id='block_1_64' title="bbox 2099 2658 3667 2732">
    <p class='ocr_par' dir='ltr' id='par_1_64' title="bbox 2099 2658 3667 2732">
     <span class='ocr_line' id='line_1_64' title="bbox 2099 2658 3667 2732; baseline 0.002 -19"><span class='ocrx_word' id='word_1_433' title='bbox 2099 2658 2493 2731; x_wconf 82' lang='grc' dir='ltr'>Ἱεροσολύμοις</span> <span class='ocrx_word' id='word_1_434' title='bbox 2528 2660 2764 2723; x_wconf 86' lang='grc' dir='ltr'>συνόδοις</span> <span class='ocrx_word' id='word_1_435' title='bbox 2793 2658 3105 2730; x_wconf 75' lang='grc' dir='ltr'>ψηφίζεται.</span> <span class='ocrx_word' id='word_1_436' title='bbox 3158 2660 3323 2715; x_wconf 80' lang='grc' dir='ltr'>Ἀλλά</span> <span class='ocrx_word' id='word_1_437' title='bbox 3350 2661 3460 2732; x_wconf 86' lang='grc' dir='ltr'><strong>γὰρ</strong></span> <span class='ocrx_word' id='word_1_438' title='bbox 3498 2662 3667 2731; x_wconf 86' lang='grc' dir='ltr'>Μαγ-</span> 
     </span>
    </p>
   </div>
   <div class='ocr_carea' id='block_1_65' title="bbox 2085 2751 3670 2823">
    <p class='ocr_par' dir='ltr' id='par_1_65' title="bbox 2085 2751 3670 2823">
     <span class='ocr_line' id='line_1_65' title="bbox 2085 2751 3670 2823; baseline 0.003 -19"><span class='ocrx_word' id='word_1_439' title='bbox 2085 2752 2293 2809; x_wconf 88' lang='grc' dir='ltr'>νεντίου</span> <span class='ocrx_word' id='word_1_440' title='bbox 2339 2751 2610 2823; x_wconf 85' lang='grc' dir='ltr'>τυραννίδι</span> <span class='ocrx_word' id='word_1_441' title='bbox 2655 2752 2978 2823; x_wconf 80' lang='grc' dir='ltr'>ἐπιθεμένου</span> <span class='ocrx_word' id='word_1_442' title='bbox 3034 2752 3126 2805; x_wconf 76' lang='grc' dir='ltr'>καὶ</span> <span class='ocrx_word' id='word_1_443' title='bbox 3164 2751 3255 2806; x_wconf 84' lang='grc' dir='ltr'><strong>τὸν</strong></span> <span class='ocrx_word' id='word_1_444' title='bbox 3309 2752 3670 2822; x_wconf 75' lang='grc' dir='ltr'>βασιλεύοντα</span> 
     </span>
    </p>
   </div>
   <div class='ocr_carea' id='block_1_66' title="bbox 2084 2841 3666 2914">
    <p class='ocr_par' dir='ltr' id='par_1_66' title="bbox 2084 2841 3666 2914">
     <span class='ocr_line' id='line_1_66' title="bbox 2084 2841 3666 2914; baseline 0.001 -18"><span class='ocrx_word' id='word_1_445' title='bbox 2084 2844 2183 2913; x_wconf 82' lang='grc' dir='ltr'>τῆς</span> <span class='ocrx_word' id='word_1_446' title='bbox 2231 2843 2447 2907; x_wconf 87' lang='grc' dir='ltr'>Δύσεως</span> <span class='ocrx_word' id='word_1_447' title='bbox 2478 2842 2908 2913; x_wconf 78' lang='grc' dir='ltr'>διαφθείραντος,</span> <span class='ocrx_word' id='word_1_448' title='bbox 2938 2844 2987 2896; x_wconf 86' lang='grc' dir='ltr'>οἱ</span> <span class='ocrx_word' id='word_1_449' title='bbox 3038 2841 3096 2909; x_wconf 82' lang='grc' dir='ltr'><strong>ἐξ</strong></span> <span class='ocrx_word' id='word_1_450' title='bbox 3124 2841 3336 2914; x_wconf 82' lang='grc' dir='ltr'>Ἀρείου</span> <span class='ocrx_word' id='word_1_451' title='bbox 3371 2842 3536 2898; x_wconf 87' lang='grc' dir='ltr'>πάλιν</span> <span class='ocrx_word' id='word_1_452' title='bbox 3569 2843 3666 2898; x_wconf 82' lang='grc' dir='ltr'>τὸν</span> 
     </span>
    </p>
   </div>
   <div class='ocr_carea' id='block_1_67' title="bbox 2084 2933 3667 3007">
    <p class='ocr_par' dir='ltr' id='par_1_67' title="bbox 2084 2933 3667 3007">
     <span class='ocr_line' id='line_1_67' title="bbox 2084 2933 3667 3007; baseline 0.001 -20"><span class='ocrx_word' id='word_1_453' title='bbox 2084 2934 2359 3007; x_wconf 86' lang='grc' dir='ltr'>κονιορτὸν</span> <span class='ocrx_word' id='word_1_454' title='bbox 2402 2936 2778 2989; x_wconf 87' lang='grc' dir='ltr'>Κωνστάντιον</span> <span class='ocrx_word' id='word_1_455' title='bbox 2831 2933 2972 2990; x_wconf 82' lang='grc' dir='ltr'>κατὰ</span> <span class='ocrx_word' id='word_1_456' title='bbox 3013 2933 3105 2987; x_wconf 87' lang='grc' dir='ltr'><strong>τοῦ</strong></span> <span class='ocrx_word' id='word_1_457' title='bbox 3142 2933 3441 2989; x_wconf 86' lang='grc' dir='ltr'>πολυάθλου</span> <span class='ocrx_word' id='word_1_458' title='bbox 3490 2935 3667 3005; x_wconf 82' lang='grc' dir='ltr'>ἀναῤ-</span> 
     </span>
    </p>
   </div>
   <div class='ocr_carea' id='block_1_68' title="bbox 2091 3020 3662 3098">
    <p class='ocr_par' dir='ltr' id='par_1_68' title="bbox 2091 3020 3662 3098">
     <span class='ocr_line' id='line_1_68' title="bbox 2091 3020 3662 3098; baseline 0 -17"><span class='ocrx_word' id='word_1_459' title='bbox 2091 3025 2363 3098; x_wconf 75' lang='grc' dir='ltr'>ριπίξουσι</span> <span class='ocrx_word' id='word_1_460' title='bbox 2386 3042 2400 3057; x_wconf 90' lang='grc'><strong>·</strong></span> <span class='ocrx_word' id='word_1_461' title='bbox 2432 3026 2525 3082; x_wconf 81' lang='grc' dir='ltr'>καὶ</span> <span class='ocrx_word' id='word_1_462' title='bbox 2576 3024 2739 3084; x_wconf 85' lang='grc' dir='ltr'>πάλιν</span> <span class='ocrx_word' id='word_1_463' title='bbox 2768 3024 2839 3081; x_wconf 78' lang='grc' dir='ltr'><strong>τά</strong></span> <span class='ocrx_word' id='word_1_464' title='bbox 2873 3026 2973 3096; x_wconf 85' lang='grc' dir='ltr'>τῆς</span> <span class='ocrx_word' id='word_1_465' title='bbox 3022 3020 3278 3090; x_wconf 75' lang='grc' dir='ltr'>ἀσεϐείας</span> <span class='ocrx_word' id='word_1_466' title='bbox 3304 3025 3662 3098; x_wconf 80' lang='grc' dir='ltr'>ψηφίσματα,</span> 
     </span>
    </p>
   </div>
   <div class='ocr_carea' id='block_1_69' title="bbox 2089 3116 3664 3191">
    <p class='ocr_par' dir='ltr' id='par_1_69' title="bbox 2089 3116 3664 3191">
     <span class='ocr_line' id='line_1_69' title="bbox 2089 3116 3664 3191; baseline -0.001 -18"><span class='ocrx_word' id='word_1_467' title='bbox 2089 3119 2182 3173; x_wconf 80' lang='grc' dir='ltr'>καὶ</span> <span class='ocrx_word' id='word_1_468' title='bbox 2208 3118 2369 3176; x_wconf 78' lang='grc' dir='ltr'>πάλιν</span> <span class='ocrx_word' id='word_1_469' title='bbox 2401 3116 2569 3188; x_wconf 86' lang='grc' dir='ltr'>φυγὴ,</span> <span class='ocrx_word' id='word_1_470' title='bbox 2599 3117 2695 3173; x_wconf 68' lang='grc' dir='ltr'>καὶ</span> <span class='ocrx_word' id='word_1_471' title='bbox 2717 3118 2880 3172; x_wconf 80' lang='grc' dir='ltr'>πάλιν</span> <span class='ocrx_word' id='word_1_472' title='bbox 2902 3116 3116 3188; x_wconf 77' lang='grc' dir='ltr'>ἔρευνα,</span> <span class='ocrx_word' id='word_1_473' title='bbox 3149 3117 3247 3171; x_wconf 77' lang='grc' dir='ltr'>καὶ</span> <span class='ocrx_word' id='word_1_474' title='bbox 3280 3117 3441 3173; x_wconf 80' lang='grc' dir='ltr'>πάλιν</span> <span class='ocrx_word' id='word_1_475' title='bbox 3460 3117 3664 3191; x_wconf 78' lang='grc' dir='ltr'><strong>ἀναζή-</strong></span> 
     </span>
    </p>
   </div>
   <div class='ocr_carea' id='block_1_70' title="bbox 2082 3208 3663 3283">
    <p class='ocr_par' dir='ltr' id='par_1_70' title="bbox 2082 3208 3663 3283">
     <span class='ocr_line' id='line_1_70' title="bbox 2082 3208 3663 3283; baseline -0.001 -17"><span class='ocrx_word' id='word_1_476' title='bbox 2082 3228 2260 3283; x_wconf 84' lang='grc' dir='ltr'>τησις.</span> <span class='ocrx_word' id='word_1_477' title='bbox 2320 3210 2432 3266; x_wconf 74' lang='grc' dir='ltr'><strong>Καὶ</strong></span> <span class='ocrx_word' id='word_1_478' title='bbox 2485 3210 2550 3282; x_wconf 83' lang='grc' dir='ltr'>δὴ</span> <span class='ocrx_word' id='word_1_479' title='bbox 2603 3210 2697 3263; x_wconf 72' lang='grc' dir='ltr'><strong>καὶ</strong></span> <span class='ocrx_word' id='word_1_480' title='bbox 2741 3208 3013 3280; x_wconf 87' lang='grc' dir='ltr'>Γεώργιος</span> <span class='ocrx_word' id='word_1_481' title='bbox 3059 3212 3087 3264; x_wconf 84' lang='grc' dir='ltr'><strong>ὁ</strong></span> <span class='ocrx_word' id='word_1_482' title='bbox 3122 3210 3224 3282; x_wconf 85' lang='grc' dir='ltr'>τῆς</span> <span class='ocrx_word' id='word_1_483' title='bbox 3258 3209 3663 3281; x_wconf 82' lang='grc' dir='ltr'>Ἀλεξανδρέων</span> 
     </span>
    </p>
   </div>
   <div class='ocr_carea' id='block_1_71' title="bbox 2084 3302 3661 3375">
    <p class='ocr_par' dir='ltr' id='par_1_71' title="bbox 2084 3302 3661 3375">
     <span class='ocr_line' id='line_1_71' title="bbox 2084 3302 3661 3375; baseline -0.001 -16"><span class='ocrx_word' id='word_1_484' title='bbox 2084 3306 2291 3368; x_wconf 87' lang='grc' dir='ltr'>πόλεως</span> <span class='ocrx_word' id='word_1_485' title='bbox 2331 3304 2584 3375; x_wconf 82' lang='grc' dir='ltr'>ἁρπάσας</span> <span class='ocrx_word' id='word_1_486' title='bbox 2603 3302 2695 3356; x_wconf 77' lang='grc' dir='ltr'>τὸν</span> <span class='ocrx_word' id='word_1_487' title='bbox 2728 3302 2937 3375; x_wconf 88' lang='grc' dir='ltr'>θρόνον,</span> <span class='ocrx_word' id='word_1_488' title='bbox 2965 3302 3082 3374; x_wconf 71' lang='grc' dir='ltr'>ἅμα</span> <span class='ocrx_word' id='word_1_489' title='bbox 3099 3304 3213 3366; x_wconf 87' lang='grc' dir='ltr'>τοῖς</span> <span class='ocrx_word' id='word_1_490' title='bbox 3242 3302 3372 3373; x_wconf 83' lang='grc' dir='ltr'>περὶ</span> <span class='ocrx_word' id='word_1_491' title='bbox 3394 3302 3661 3357; x_wconf 81' lang='grc' dir='ltr'>’Λκάκιον</span> 
     </span>
    </p>
   </div>
   <div class='ocr_carea' id='block_1_72' title="bbox 2084 3394 3664 3468">
    <p class='ocr_par' dir='ltr' id='par_1_72' title="bbox 2084 3394 3664 3468">
     <span class='ocr_line' id='line_1_72' title="bbox 2084 3394 3664 3468; baseline -0.002 -16"><span class='ocrx_word' id='word_1_492' title='bbox 2084 3398 2180 3452; x_wconf 76' lang='grc' dir='ltr'>καὶ</span> <span class='ocrx_word' id='word_1_493' title='bbox 2206 3397 2567 3468; x_wconf 85' lang='grc' dir='ltr'>Πατρόφιλον.</span> <span class='ocrx_word' id='word_1_494' title='bbox 2601 3397 2649 3449; x_wconf 79' lang='grc' dir='ltr'>οἱ</span> <span class='ocrx_word' id='word_1_495' title='bbox 2677 3396 2775 3465; x_wconf 83' lang='grc' dir='ltr'>τῆς</span> <span class='ocrx_word' id='word_1_496' title='bbox 2801 3396 3010 3466; x_wconf 86' lang='grc' dir='ltr'>Ἀρείου</span> <span class='ocrx_word' id='word_1_497' title='bbox 3052 3395 3306 3466; x_wconf 84' lang='grc' dir='ltr'>φατρίας,</span> <span class='ocrx_word' id='word_1_498' title='bbox 3344 3394 3664 3467; x_wconf 74' lang='grc' dir='ltr'>ἐξωθῆσανο</span> 
     </span>
    </p>
   </div>
   <div class='ocr_carea' id='block_1_73' title="bbox 2081 3486 3659 3563">
    <p class='ocr_par' dir='ltr' id='par_1_73' title="bbox 2081 3486 3659 3563">
     <span class='ocr_line' id='line_1_73' title="bbox 2081 3486 3659 3563; baseline -0.003 -19"><span class='ocrx_word' id='word_1_499' title='bbox 2081 3509 2176 3552; x_wconf 85' lang='grc' dir='ltr'><strong>τες</strong></span> <span class='ocrx_word' id='word_1_500' title='bbox 2209 3488 2595 3563; x_wconf 84' lang='grc' dir='ltr'>Ἱεροσολύμων</span> <span class='ocrx_word' id='word_1_501' title='bbox 2640 3487 2730 3542; x_wconf 83' lang='grc' dir='ltr'>τὸν</span> <span class='ocrx_word' id='word_1_502' title='bbox 2780 3488 3121 3559; x_wconf 83' lang='grc' dir='ltr'>ὁμολογητὴν</span> <span class='ocrx_word' id='word_1_503' title='bbox 3148 3486 3401 3557; x_wconf 81' lang='grc' dir='ltr'>Μάξιμον</span> <span class='ocrx_word' id='word_1_504' title='bbox 3433 3489 3659 3541; x_wconf 86' lang='grc' dir='ltr'>ἀντεισ-</span> 
     </span>
    </p>
   </div>
   <div class='ocr_carea' id='block_1_74' title="bbox 2081 3578 3659 3652">
    <p class='ocr_par' dir='ltr' id='par_1_74' title="bbox 2081 3578 3659 3652">
     <span class='ocr_line' id='line_1_74' title="bbox 2081 3578 3659 3652; baseline -0.003 -15"><span class='ocrx_word' id='word_1_505' title='bbox 2081 3585 2272 3652; x_wconf 87' lang='grc' dir='ltr'>άγουσι</span> <span class='ocrx_word' id='word_1_506' title='bbox 2317 3580 2603 3650; x_wconf 87' lang='grc' dir='ltr'>Κύριλλον.</span> <span class='ocrx_word' id='word_1_507' title='bbox 2648 3581 2705 3633; x_wconf 84' lang='lat'><strong>&#39;0</strong></span> <span class='ocrx_word' id='word_1_508' title='bbox 2740 3580 2797 3634; x_wconf 82' lang='grc' dir='ltr'>δὲ</span> <span class='ocrx_word' id='word_1_509' title='bbox 2847 3580 2889 3612; x_wconf 79' lang='grc'><strong>⁷⁷</strong></span> <span class='ocrx_word' id='word_1_510' title='bbox 2921 3579 3187 3650; x_wconf 83' lang='grc' dir='ltr'>δυσσεϐὴς</span> <span class='ocrx_word' id='word_1_511' title='bbox 3231 3578 3506 3649; x_wconf 87' lang='grc' dir='ltr'>Γεώργιος</span> <span class='ocrx_word' id='word_1_512' title='bbox 3563 3594 3659 3633; x_wconf 87' lang='grc' dir='ltr'>το-</span> 
     </span>
    </p>
   </div>
   <div class='ocr_carea' id='block_1_75' title="bbox 2082 3669 3661 3745">
    <p class='ocr_par' dir='ltr' id='par_1_75' title="bbox 2082 3669 3661 3745">
     <span class='ocr_line' id='line_1_75' title="bbox 2082 3669 3661 3745; baseline -0.004 -14"><span class='ocrx_word' id='word_1_513' title='bbox 2082 3676 2286 3739; x_wconf 89' lang='grc' dir='ltr'>σούτων</span> <span class='ocrx_word' id='word_1_514' title='bbox 2314 3675 2360 3706; x_wconf 77' lang='lat'><em>&quot;</em></span> <span class='ocrx_word' id='word_1_515' title='bbox 2389 3674 2488 3745; x_wconf 86' lang='grc' dir='ltr'>τὴν</span> <span class='ocrx_word' id='word_1_516' title='bbox 2510 3671 2906 3743; x_wconf 77' lang='grc' dir='ltr'>’Δλεξανδρέων</span> <span class='ocrx_word' id='word_1_517' title='bbox 2936 3670 3201 3741; x_wconf 75' lang='grc' dir='ltr'>ἐνέπλησε</span> <span class='ocrx_word' id='word_1_518' title='bbox 3247 3670 3454 3736; x_wconf 83' lang='grc' dir='ltr'>κακῶν,</span> <span class='ocrx_word' id='word_1_519' title='bbox 3486 3669 3564 3734; x_wconf 83' lang='grc' dir='ltr'>ὡς</span> <span class='ocrx_word' id='word_1_520' title='bbox 3588 3669 3661 3725; x_wconf 81' lang='grc' dir='ltr'><strong>τὰ</strong></span> 
     </span>
    </p>
   </div>
   <div class='ocr_carea' id='block_1_76' title="bbox 2075 3757 3657 3833">
    <p class='ocr_par' dir='ltr' id='par_1_76' title="bbox 2075 3757 3657 3833">
     <span class='ocr_line' id='line_1_76' title="bbox 2075 3757 3657 3833; baseline -0.006 -14"><span class='ocrx_word' id='word_1_521' title='bbox 2075 3768 2187 3829; x_wconf 81' lang='grc' dir='ltr'>τοῖς</span> <span class='ocrx_word' id='word_1_522' title='bbox 2207 3763 2436 3832; x_wconf 82' lang='grc' dir='ltr'>Ἕλλησι</span> <span class='ocrx_word' id='word_1_523' title='bbox 2462 3762 2601 3817; x_wconf 87' lang='grc' dir='ltr'>κατὰ</span> <span class='ocrx_word' id='word_1_524' title='bbox 2622 3759 2964 3833; x_wconf 84' lang='grc' dir='ltr'>Χριστιανῶν</span> <span class='ocrx_word' id='word_1_525' title='bbox 2985 3758 3323 3829; x_wconf 82' lang='grc' dir='ltr'>τολμηθέντα</span> <span class='ocrx_word' id='word_1_526' title='bbox 3346 3757 3539 3828; x_wconf 87' lang='grc' dir='ltr'>φιλανθ</span> <span class='ocrx_word' id='word_1_527' title='bbox 3547 3775 3657 3831; x_wconf 89' lang='grc' dir='ltr'>ρω.</span> 
     </span>
    </p>
   </div>
   <div class='ocr_carea' id='block_1_77' title="bbox 402 3844 3655 3928">
    <p class='ocr_par' dir='ltr' id='par_1_77' title="bbox 402 3844 3655 3928">
     <span class='ocr_line' id='line_1_77' title="bbox 402 3844 3655 3928; baseline 0.005 -32"><span class='ocrx_word' id='word_1_528' title='bbox 402 3845 535 3902; x_wconf 86' lang='grc' dir='ltr'>πίαν</span> <span class='ocrx_word' id='word_1_529' title='bbox 568 3844 903 3914; x_wconf 78' lang='grc' dir='ltr'>νομίζεσθαι.</span> <span class='ocrx_word' id='word_1_530' title='bbox 935 3846 1190 3919; x_wconf 82' lang='grc' dir='ltr'>Αίκισμοί</span> <span class='ocrx_word' id='word_1_531' title='bbox 1220 3867 1279 3906; x_wconf 81' lang='grc' dir='ltr'><strong>τε</strong></span> <span class='ocrx_word' id='word_1_532' title='bbox 1323 3849 1431 3919; x_wconf 84' lang='grc' dir='ltr'>γὰρ</span> <span class='ocrx_word' id='word_1_533' title='bbox 1498 3853 1768 3923; x_wconf 82' lang='grc' dir='ltr'>σωμάτων</span> <span class='ocrx_word' id='word_1_534' title='bbox 1804 3862 2019 3927; x_wconf 76' lang='grc' dir='ltr'>καιναῖς</span> <span class='ocrx_word' id='word_1_535' title='bbox 2078 3861 2342 3925; x_wconf 64' lang='grc' dir='ltr'>ἐπινοίαις</span> <span class='ocrx_word' id='word_1_536' title='bbox 2383 3856 2696 3928; x_wconf 79' lang='grc' dir='ltr'>ἀφορήτους</span> <span class='ocrx_word' id='word_1_537' title='bbox 2745 3853 3002 3924; x_wconf 83' lang='grc' dir='ltr'>φέροντες</span> <span class='ocrx_word' id='word_1_538' title='bbox 3039 3852 3137 3915; x_wconf 83' lang='grc' dir='ltr'><strong>τὰς</strong></span> <span class='ocrx_word' id='word_1_539' title='bbox 3191 3850 3491 3921; x_wconf 71' lang='grc' dir='ltr'><strong>ἀλγηδόνας</strong></span> <span class='ocrx_word' id='word_1_540' title='bbox 3514 3867 3655 3906; x_wconf 80' lang='grc' dir='ltr'>κατ·</span> 
     </span>
    </p>
   </div>
   <div class='ocr_carea' id='block_1_78' title="bbox 401 3942 3654 4029">
    <p class='ocr_par' dir='ltr' id='par_1_78' title="bbox 401 3942 3654 4029">
     <span class='ocr_line' id='line_1_78' title="bbox 401 3942 3654 4029; baseline 0.001 -32"><span class='ocrx_word' id='word_1_541' title='bbox 401 3943 635 4008; x_wconf 78' lang='grc' dir='ltr'>έξαινον,</span> <span class='ocrx_word' id='word_1_542' title='bbox 703 3944 798 3997; x_wconf 78' lang='grc' dir='ltr'>καὶ</span> <span class='ocrx_word' id='word_1_543' title='bbox 847 3943 958 4016; x_wconf 89' lang='grc' dir='ltr'><strong>πῦρ</strong></span> <span class='ocrx_word' id='word_1_544' title='bbox 994 3949 1229 4014; x_wconf 83' lang='grc' dir='ltr'>γυμναῖς</span> <span class='ocrx_word' id='word_1_545' title='bbox 1273 3948 1394 4011; x_wconf 88' lang='grc' dir='ltr'>ταῖς</span> <span class='ocrx_word' id='word_1_546' title='bbox 1467 3950 1761 4020; x_wconf 79' lang='grc' dir='ltr'>παρθένοις</span> <span class='ocrx_word' id='word_1_547' title='bbox 1827 3959 2219 4029; x_wconf 79' lang='grc' dir='ltr'>προσεφέρετο,</span> <span class='ocrx_word' id='word_1_548' title='bbox 2254 3956 2350 4009; x_wconf 72' lang='grc' dir='ltr'>καὶ</span> <span class='ocrx_word' id='word_1_549' title='bbox 2407 3952 2636 4012; x_wconf 84' lang='grc' dir='ltr'>θάνατος</span> <span class='ocrx_word' id='word_1_550' title='bbox 2669 3950 2714 3984; x_wconf 71' lang='grc'><strong>⁷⁸</strong></span> <span class='ocrx_word' id='word_1_551' title='bbox 2746 3947 2976 4009; x_wconf 83' lang='grc' dir='ltr'>πολλοὺς</span> <span class='ocrx_word' id='word_1_552' title='bbox 3022 3944 3217 4008; x_wconf 77' lang='grc' dir='ltr'>ἄλλους</span> <span class='ocrx_word' id='word_1_553' title='bbox 3276 3946 3369 3998; x_wconf 77' lang='grc' dir='ltr'>καὶ</span> <span class='ocrx_word' id='word_1_554' title='bbox 3411 3942 3507 3998; x_wconf 91' lang='grc' dir='ltr'><strong>τοῦ</strong></span> <span class='ocrx_word' id='word_1_555' title='bbox 3549 3943 3654 4015; x_wconf 76' lang='grc' dir='ltr'>ζῇν</span> 
     </span>
    </p>
   </div>
   <div class='ocr_carea' id='block_1_79' title="bbox 403 4034 3651 4120">
    <p class='ocr_par' dir='ltr' id='par_1_79' title="bbox 403 4034 3651 4120">
     <span class='ocr_line' id='line_1_79' title="bbox 403 4034 3651 4120; baseline 0.001 -31"><span class='ocrx_word' id='word_1_556' title='bbox 403 4035 530 4111; x_wconf 81' lang='grc'><strong>[787</strong></span> <span class='ocrx_word' id='word_1_557' title='bbox 569 4034 663 4108; x_wconf 85' lang='lat' dir='ltr'><strong>H.]</strong></span> <span class='ocrx_word' id='word_1_558' title='bbox 696 4036 789 4090; x_wconf 80' lang='grc' dir='ltr'>καὶ</span> <span class='ocrx_word' id='word_1_559' title='bbox 816 4037 915 4107; x_wconf 84' lang='grc' dir='ltr'>τῆς</span> <span class='ocrx_word' id='word_1_560' title='bbox 944 4039 1214 4110; x_wconf 82' lang='grc' dir='ltr'>τιμωρίας</span> <span class='ocrx_word' id='word_1_561' title='bbox 1243 4040 1360 4111; x_wconf 76' lang='grc' dir='ltr'>ἅμα</span> <span class='ocrx_word' id='word_1_562' title='bbox 1387 4041 1435 4074; x_wconf 75' lang='grc' dir='ltr'><strong>⁸ο</strong></span> <span class='ocrx_word' id='word_1_563' title='bbox 1470 4042 1765 4116; x_wconf 74' lang='grc' dir='ltr'>ἐξήρπαξε·</span> <span class='ocrx_word' id='word_1_564' title='bbox 1809 4052 2068 4120; x_wconf 85' lang='grc' dir='ltr'>γεγόνασι</span> <span class='ocrx_word' id='word_1_565' title='bbox 2108 4053 2202 4112; x_wconf 80' lang='grc' dir='ltr'>καὶ</span> <span class='ocrx_word' id='word_1_566' title='bbox 2240 4046 2527 4119; x_wconf 76' lang='grc' dir='ltr'>ὑπερορίαι</span> <span class='ocrx_word' id='word_1_567' title='bbox 2562 4043 2672 4096; x_wconf 88' lang='grc' dir='ltr'><strong>τῶν</strong></span> <span class='ocrx_word' id='word_1_568' title='bbox 2740 4041 2883 4099; x_wconf 79' lang='grc' dir='ltr'>κατὰ</span> <span class='ocrx_word' id='word_1_569' title='bbox 2950 4038 3050 4111; x_wconf 79' lang='grc' dir='ltr'>τὴν</span> <span class='ocrx_word' id='word_1_570' title='bbox 3112 4039 3386 4107; x_wconf 76' lang='grc' dir='ltr'>Αἴγυπτον</span> <span class='ocrx_word' id='word_1_571' title='bbox 3456 4037 3651 4109; x_wconf 71' lang='grc' dir='ltr'>ἱερέων</span> 
     </span>
    </p>
   </div>
   <div class='ocr_carea' id='block_1_80' title="bbox 399 4127 1509 4202">
    <p class='ocr_par' dir='ltr' id='par_1_80' title="bbox 399 4127 1509 4202">
     <span class='ocr_line' id='line_1_80' title="bbox 399 4127 1509 4202; baseline 0.012 -25"><span class='ocrx_word' id='word_1_572' title='bbox 399 4143 460 4185; x_wconf 81' lang='grc' dir='ltr'><strong>τε</strong></span> <span class='ocrx_word' id='word_1_573' title='bbox 496 4143 588 4179; x_wconf 86' lang='grc' dir='ltr'><strong>και</strong></span> <span class='ocrx_word' id='word_1_574' title='bbox 619 4127 922 4198; x_wconf 83' lang='grc' dir='ltr'>ἀρχιερέων</span> <span class='ocrx_word' id='word_1_575' title='bbox 946 4128 1039 4181; x_wconf 91' lang='grc' dir='ltr'><strong>δύο</strong></span> <span class='ocrx_word' id='word_1_576' title='bbox 1071 4129 1164 4182; x_wconf 74' lang='grc' dir='ltr'>καὶ</span> <span class='ocrx_word' id='word_1_577' title='bbox 1193 4133 1509 4202; x_wconf 83' lang='grc' dir='ltr'>τριάκοντα.</span> 
     </span>
    </p>
   </div>
   <div class='ocr_carea' id='block_1_81' title="bbox 468 4215 1965 4298">
    <p class='ocr_par' dir='ltr' id='par_1_81' title="bbox 468 4215 1965 4298">
     <span class='ocr_line' id='line_1_81' title="bbox 468 4215 1965 4298; baseline 0.011 -28"><span class='ocrx_word' id='word_1_578' title='bbox 468 4215 671 4289; x_wconf 66' lang='grc' dir='ltr'>483α</span> <span class='ocrx_word' id='word_1_579' title='bbox 708 4218 1084 4286; x_wconf 85' lang='lat' dir='ltr'><strong>Constantius,</strong></span> <span class='ocrx_word' id='word_1_580' title='bbox 1135 4238 1260 4277; x_wconf 92' lang='lat' dir='ltr'><strong>cum</strong></span> <span class='ocrx_word' id='word_1_581' title='bbox 1304 4224 1513 4281; x_wconf 83' lang='lat' dir='ltr'><strong>videret</strong></span> <span class='ocrx_word' id='word_1_582' title='bbox 1543 4241 1600 4281; x_wconf 87' lang='lat' dir='ltr'><strong>se</strong></span> <span class='ocrx_word' id='word_1_583' title='bbox 1612 4227 1726 4298; x_wconf 83' lang='lat' dir='ltr'><strong>jam</strong></span> <span class='ocrx_word' id='word_1_584' title='bbox 1778 4229 1965 4288; x_wconf 82' lang='lat' dir='ltr'><strong>fratris</strong></span> 
     </span>
    </p>
   </div>
   <div class='ocr_carea' id='block_1_82' title="bbox 402 4304 1968 4384">
    <p class='ocr_par' dir='ltr' id='par_1_82' title="bbox 402 4304 1968 4384">
     <span class='ocr_line' id='line_1_82' title="bbox 402 4304 1968 4384; baseline 0.011 -23"><span class='ocrx_word' id='word_1_585' title='bbox 402 4310 691 4378; x_wconf 84' lang='lat' dir='ltr'><strong>imperium</strong></span> <span class='ocrx_word' id='word_1_586' title='bbox 726 4322 967 4377; x_wconf 86' lang='lat' dir='ltr'><strong>nactum,</strong></span> <span class='ocrx_word' id='word_1_587' title='bbox 1006 4304 1294 4384; x_wconf 54' lang='lat' dir='ltr'><strong>epis-corios</strong></span> <span class='ocrx_word' id='word_1_588' title='bbox 1323 4315 1705 4378; x_wconf 87' lang='lat' dir='ltr'><strong>Occidentales</strong></span> <span class='ocrx_word' id='word_1_589' title='bbox 1735 4332 1968 4382; x_wconf 87' lang='lat' dir='ltr'><strong>conatur</strong></span> 
     </span>
    </p>
   </div>
   <div class='ocr_carea' id='block_1_83' title="bbox 398 4402 1969 4480">
    <p class='ocr_par' dir='ltr' id='par_1_83' title="bbox 398 4402 1969 4480">
     <span class='ocr_line' id='line_1_83' title="bbox 398 4402 1969 4480; baseline 0.01 -23"><span class='ocrx_word' id='word_1_590' title='bbox 398 4402 678 4465; x_wconf 87' lang='lat' dir='ltr'><strong>inducere,</strong></span> <span class='ocrx_word' id='word_1_591' title='bbox 720 4414 778 4461; x_wconf 91' lang='lat' dir='ltr'><strong>ut</strong></span> <span class='ocrx_word' id='word_1_592' title='bbox 806 4404 1178 4473; x_wconf 57' lang='lat' dir='ltr'><strong>Athanasium</strong></span> <span class='ocrx_word' id='word_1_593' title='bbox 1213 4411 1665 4480; x_wconf 85' lang='lat' dir='ltr'><strong>condemnarent,</strong></span> <span class='ocrx_word' id='word_1_594' title='bbox 1710 4425 1765 4471; x_wconf 90' lang='lat' dir='ltr'><strong>et</strong></span> <span class='ocrx_word' id='word_1_595' title='bbox 1805 4417 1969 4472; x_wconf 88' lang='lat' dir='ltr'><strong>Aria-</strong></span> 
     </span>
    </p>
   </div>
   <div class='ocr_carea' id='block_1_84' title="bbox 404 4497 1967 4572">
    <p class='ocr_par' dir='ltr' id='par_1_84' title="bbox 404 4497 1967 4572">
     <span class='ocr_line' id='line_1_84' title="bbox 404 4497 1967 4572; baseline 0.011 -26"><span class='ocrx_word' id='word_1_596' title='bbox 404 4508 531 4547; x_wconf 90' lang='lat' dir='ltr'><strong>nam</strong></span> <span class='ocrx_word' id='word_1_597' title='bbox 574 4503 781 4553; x_wconf 86' lang='lat' dir='ltr'><strong>sectam</strong></span> <span class='ocrx_word' id='word_1_598' title='bbox 832 4497 1193 4566; x_wconf 89' lang='lat' dir='ltr'><strong>susciperent,</strong></span> <span class='ocrx_word' id='word_1_599' title='bbox 1248 4508 1302 4555; x_wconf 89' lang='lat' dir='ltr'><strong>et</strong></span> <span class='ocrx_word' id='word_1_600' title='bbox 1340 4510 1626 4572; x_wconf 85' lang='lat' dir='ltr'><strong>propterea</strong></span> <span class='ocrx_word' id='word_1_601' title='bbox 1671 4506 1967 4566; x_wconf 86' lang='lat' dir='ltr'><strong>concilium</strong></span> 
     </span>
    </p>
   </div>
   <div class='ocr_carea' id='block_1_85' title="bbox 2159 4213 3655 4286">
    <p class='ocr_par' dir='ltr' id='par_1_85' title="bbox 2159 4213 3655 4286">
     <span class='ocr_line' id='line_1_85' title="bbox 2159 4213 3655 4286; baseline -0.007 -7"><span class='ocrx_word' id='word_1_602' title='bbox 2159 4226 2216 4279; x_wconf 86' lang='lat'><strong>&#39;0</strong></span> <span class='ocrx_word' id='word_1_603' title='bbox 2252 4224 2309 4277; x_wconf 84' lang='grc' dir='ltr'><strong>δέ</strong></span> <span class='ocrx_word' id='word_1_604' title='bbox 2346 4219 2723 4280; x_wconf 86' lang='grc' dir='ltr'>Κωνστάντιος</span> <span class='ocrx_word' id='word_1_605' title='bbox 2766 4215 3091 4286; x_wconf 77' lang='grc' dir='ltr'>προσλαϐὼν</span> <span class='ocrx_word' id='word_1_606' title='bbox 3120 4215 3215 4269; x_wconf 79' lang='grc' dir='ltr'>καὶ</span> <span class='ocrx_word' id='word_1_607' title='bbox 3257 4213 3356 4286; x_wconf 79' lang='grc' dir='ltr'>τὴν</span> <span class='ocrx_word' id='word_1_608' title='bbox 3388 4213 3655 4285; x_wconf 82' lang='grc' dir='ltr'>τάδελφοῦ</span> 
     </span>
    </p>
   </div>
   <div class='ocr_carea' id='block_1_86' title="bbox 2073 4308 3657 4391">
    <p class='ocr_par' dir='ltr' id='par_1_86' title="bbox 2073 4308 3657 4391">
     <span class='ocr_line' id='line_1_86' title="bbox 2073 4308 3657 4391; baseline -0.007 -20"><span class='ocrx_word' id='word_1_609' title='bbox 2073 4317 2269 4391; x_wconf 85' lang='grc' dir='ltr'>ἀρχὴν,</span> <span class='ocrx_word' id='word_1_610' title='bbox 2295 4315 2391 4368; x_wconf 69' lang='grc' dir='ltr'><strong>καὶ</strong></span> <span class='ocrx_word' id='word_1_611' title='bbox 2421 4308 2878 4380; x_wconf 85' lang='grc' dir='ltr'>τοὺςἙσπερίους</span> <span class='ocrx_word' id='word_1_612' title='bbox 2906 4309 3237 4373; x_wconf 76' lang='grc' dir='ltr'>ἐπισκόπους</span> <span class='ocrx_word' id='word_1_613' title='bbox 3269 4308 3553 4379; x_wconf 82' lang='grc' dir='ltr'>μεθέλκειν</span> <span class='ocrx_word' id='word_1_614' title='bbox 3574 4308 3657 4372; x_wconf 81' lang='grc' dir='ltr'><strong>είς</strong></span> 
     </span>
    </p>
   </div>
   <div class='ocr_carea' id='block_1_87' title="bbox 2072 4399 3653 4479">
    <p class='ocr_par' dir='ltr' id='par_1_87' title="bbox 2072 4399 3653 4479">
     <span class='ocr_line' id='line_1_87' title="bbox 2072 4399 3653 4479; baseline -0.003 -19"><span class='ocrx_word' id='word_1_615' title='bbox 2072 4428 2133 4464; x_wconf 76' lang='grc' dir='ltr'><strong>τε</strong></span> <span class='ocrx_word' id='word_1_616' title='bbox 2173 4410 2273 4479; x_wconf 84' lang='grc' dir='ltr'>τὴν</span> <span class='ocrx_word' id='word_1_617' title='bbox 2334 4403 2651 4459; x_wconf 80' lang='grc' dir='ltr'>Ἀθανασίου</span> <span class='ocrx_word' id='word_1_618' title='bbox 2707 4401 3032 4470; x_wconf 83' lang='grc' dir='ltr'>κατάκρισιν</span> <span class='ocrx_word' id='word_1_619' title='bbox 3086 4402 3180 4454; x_wconf 71' lang='grc' dir='ltr'>καὶ</span> <span class='ocrx_word' id='word_1_620' title='bbox 3230 4401 3311 4463; x_wconf 80' lang='grc' dir='ltr'><strong>εις</strong></span> <span class='ocrx_word' id='word_1_621' title='bbox 3348 4399 3448 4470; x_wconf 86' lang='grc' dir='ltr'>τὴν</span> <span class='ocrx_word' id='word_1_622' title='bbox 3511 4400 3653 4455; x_wconf 77' lang='grc' dir='ltr'>ἰδίαν</span> 
     </span>
    </p>
   </div>
   <div class='ocr_carea' id='block_1_88' title="bbox 2072 4489 3651 4564">
    <p class='ocr_par' dir='ltr' id='par_1_88' title="bbox 2072 4489 3651 4564">
     <span class='ocr_line' id='line_1_88' title="bbox 2072 4489 3651 4564; baseline -0.005 -10"><span class='ocrx_word' id='word_1_623' title='bbox 2072 4495 2406 4560; x_wconf 79' lang='grc' dir='ltr'>ἐσπούδαζεν</span> <span class='ocrx_word' id='word_1_624' title='bbox 2428 4493 2639 4564; x_wconf 83' lang='grc' dir='ltr'>αἵρεσιν</span> <span class='ocrx_word' id='word_1_625' title='bbox 2670 4506 2684 4520; x_wconf 81' lang='lat'><strong>&#39;</strong></span> <span class='ocrx_word' id='word_1_626' title='bbox 2708 4491 2789 4545; x_wconf 83' lang='grc' dir='ltr'>διὸ</span> <span class='ocrx_word' id='word_1_627' title='bbox 2822 4491 2916 4545; x_wconf 59' lang='grc' dir='ltr'><strong>καὶ⁵</strong></span> <span class='ocrx_word' id='word_1_628' title='bbox 2942 4490 3157 4545; x_wconf 88' lang='grc' dir='ltr'>σύνοδον</span> <span class='ocrx_word' id='word_1_629' title='bbox 3187 4491 3275 4545; x_wconf 72' lang='grc' dir='ltr'><strong>διὰ</strong></span> <span class='ocrx_word' id='word_1_630' title='bbox 3310 4489 3484 4544; x_wconf 84' lang='grc' dir='ltr'>ταῦτα</span> <span class='ocrx_word' id='word_1_631' title='bbox 3504 4490 3651 4546; x_wconf 80' lang='grc' dir='ltr'>κατὰ</span> 
     </span>
    </p>
   </div>
   <div class='ocr_carea' id='block_1_89' title="bbox 397 4582 1981 4664">
    <p class='ocr_par' dir='ltr' id='par_1_89' title="bbox 397 4586 1966 4664">
     <span class='ocr_line' id='line_1_89' title="bbox 397 4586 1966 4664; baseline 0.009 -24"><span class='ocrx_word' id='word_1_632' title='bbox 397 4586 753 4645; x_wconf 78' lang='lat' dir='ltr'><strong>convocabat.</strong></span> <span class='ocrx_word' id='word_1_633' title='bbox 819 4587 1103 4647; x_wconf 80' lang='lat' dir='ltr'><strong>Mediolani</strong></span> <span class='ocrx_word' id='word_1_634' title='bbox 1165 4592 1221 4645; x_wconf 92' lang='lat' dir='ltr'><strong>in</strong></span> <span class='ocrx_word' id='word_1_635' title='bbox 1270 4592 1435 4649; x_wconf 69' lang='lat' dir='ltr'><strong>Italia:</strong></span> <span class='ocrx_word' id='word_1_636' title='bbox 1499 4596 1752 4664; x_wconf 89' lang='lat' dir='ltr'><strong>civitate,</strong></span> <span class='ocrx_word' id='word_1_637' title='bbox 1800 4600 1966 4654; x_wconf 88' lang='lat' dir='ltr'><strong>etiam</strong></span> 
     </span>
    </p>
   </div>
   <div class='ocr_carea' id='block_1_90' title="bbox 2089 4582 3651 4664">
    <p class='ocr_par' dir='ltr' id='par_1_90' title="bbox 2089 4582 3651 4653">
     <span class='ocr_line' id='line_1_90' title="bbox 2089 4582 3651 4653; baseline -0.007 -8"><span class='ocrx_word' id='word_1_638' title='bbox 2089 4589 2408 4646; x_wconf 79' lang='grc' dir='ltr'>Μεδιόλανον</span> <span class='ocrx_word' id='word_1_639' title='bbox 2441 4584 2595 4638; x_wconf 90' lang='grc' dir='ltr'>πόλιν</span> <span class='ocrx_word' id='word_1_640' title='bbox 2633 4583 2731 4653; x_wconf 85' lang='grc' dir='ltr'><strong>τῆς</strong></span> <span class='ocrx_word' id='word_1_641' title='bbox 2770 4582 3004 4645; x_wconf 80' lang='grc' dir='ltr'>Ἰταλίας</span> <span class='ocrx_word' id='word_1_642' title='bbox 3042 4582 3305 4653; x_wconf 79' lang='grc' dir='ltr'>ἀθροίζει.</span> <span class='ocrx_word' id='word_1_643' title='bbox 3341 4583 3449 4635; x_wconf 84' lang='grc' dir='ltr'>Καί</span> <span class='ocrx_word' id='word_1_644' title='bbox 3497 4599 3651 4644; x_wconf 87' lang='grc' dir='ltr'>τινας</span> 
     </span>
    </p>
   </div>
   <div class='ocr_carea' id='block_1_91' title="bbox 396 4677 1961 4763">
    <p class='ocr_par' dir='ltr' id='par_1_91' title="bbox 396 4677 1961 4763">
     <span class='ocr_line' id='line_1_91' title="bbox 396 4677 1961 4763; baseline 0.007 -28"><span class='ocrx_word' id='word_1_645' title='bbox 396 4677 602 4735; x_wconf 83' lang='lat' dir='ltr'><strong>multos</strong></span> <span class='ocrx_word' id='word_1_646' title='bbox 645 4677 704 4735; x_wconf 88' lang='lat' dir='ltr'><strong>iu</strong></span> <span class='ocrx_word' id='word_1_647' title='bbox 754 4695 909 4737; x_wconf 88' lang='lat' dir='ltr'><strong>suam</strong></span> <span class='ocrx_word' id='word_1_648' title='bbox 964 4684 1290 4741; x_wconf 85' lang='lat' dir='ltr'><strong>sententiam</strong></span> <span class='ocrx_word' id='word_1_649' title='bbox 1341 4689 1601 4742; x_wconf 87' lang='lat' dir='ltr'><strong>traduxit.</strong></span> <span class='ocrx_word' id='word_1_650' title='bbox 1668 4688 1961 4763; x_wconf 83' lang='lat' dir='ltr'><strong>Dionysius</strong></span> 
     </span>
    </p>
   </div>
   <div class='ocr_carea' id='block_1_92' title="bbox 399 4771 1959 4848">
    <p class='ocr_par' dir='ltr' id='par_1_92' title="bbox 399 4771 1959 4848">
     <span class='ocr_line' id='line_1_92' title="bbox 399 4771 1959 4848; baseline 0.008 -22"><span class='ocrx_word' id='word_1_651' title='bbox 399 4776 605 4835; x_wconf 83' lang='lat' dir='ltr'><strong>autem,</strong></span> <span class='ocrx_word' id='word_1_652' title='bbox 638 4778 694 4824; x_wconf 88' lang='lat' dir='ltr'><strong>et</strong></span> <span class='ocrx_word' id='word_1_653' title='bbox 717 4771 1010 4836; x_wconf 88' lang='lat' dir='ltr'><strong>Eusebius,</strong></span> <span class='ocrx_word' id='word_1_654' title='bbox 1052 4774 1377 4842; x_wconf 83' lang='lat' dir='ltr'><strong>Rhodanus,</strong></span> <span class='ocrx_word' id='word_1_655' title='bbox 1401 4778 1684 4845; x_wconf 78' lang='lat' dir='ltr'><strong>Paulinus,</strong></span> <span class='ocrx_word' id='word_1_656' title='bbox 1715 4780 1959 4848; x_wconf 83' lang='lat' dir='ltr'><strong>Lucifer,</strong></span> 
     </span>
    </p>
   </div>
   <div class='ocr_carea' id='block_1_93' title="bbox 397 4862 1963 4941">
    <p class='ocr_par' dir='ltr' id='par_1_93' title="bbox 397 4862 1963 4941">
     <span class='ocr_line' id='line_1_93' title="bbox 397 4862 1963 4941; baseline 0.01 -28"><span class='ocrx_word' id='word_1_657' title='bbox 397 4862 536 4928; x_wconf 82' lang='lat' dir='ltr'><strong>piant</strong></span> <span class='ocrx_word' id='word_1_658' title='bbox 563 4863 891 4919; x_wconf 87' lang='lat' dir='ltr'><strong>sententiam</strong></span> <span class='ocrx_word' id='word_1_659' title='bbox 921 4879 1042 4923; x_wconf 87' lang='lat' dir='ltr'><strong>cum</strong></span> <span class='ocrx_word' id='word_1_660' title='bbox 1079 4867 1330 4922; x_wconf 84' lang='lat' dir='ltr'><strong>deserere</strong></span> <span class='ocrx_word' id='word_1_661' title='bbox 1358 4868 1583 4935; x_wconf 89' lang='lat' dir='ltr'><strong>nollent,</strong></span> <span class='ocrx_word' id='word_1_662' title='bbox 1605 4886 1781 4941; x_wconf 87' lang='lat' dir='ltr'><strong>neque</strong></span> <span class='ocrx_word' id='word_1_663' title='bbox 1809 4872 1963 4927; x_wconf 53' lang='lat' dir='ltr'><strong>dam-v</strong></span> 
     </span>
    </p>
   </div>
   <div class='ocr_carea' id='block_1_94' title="bbox 392 4952 1963 5030">
    <p class='ocr_par' dir='ltr' id='par_1_94' title="bbox 392 4952 1963 5030">
     <span class='ocr_line' id='line_1_94' title="bbox 392 4952 1963 5030; baseline 0.011 -26"><span class='ocrx_word' id='word_1_664' title='bbox 392 4952 509 5007; x_wconf 88' lang='lat' dir='ltr'><strong>nari</strong></span> <span class='ocrx_word' id='word_1_665' title='bbox 574 4953 933 5009; x_wconf 82' lang='lat' dir='ltr'><strong>Athanasium</strong></span> <span class='ocrx_word' id='word_1_666' title='bbox 987 4957 1321 5017; x_wconf 86' lang='lat' dir='ltr'><strong>sustinerent</strong></span> <span class='ocrx_word' id='word_1_667' title='bbox 1375 4962 1651 5030; x_wconf 85' lang='lat' dir='ltr'><strong>(videbant</strong></span> <span class='ocrx_word' id='word_1_668' title='bbox 1693 4965 1836 5020; x_wconf 91' lang='lat' dir='ltr'><strong>enim</strong></span> <span class='ocrx_word' id='word_1_669' title='bbox 1878 4967 1963 5023; x_wconf 83' lang='lat' dir='ltr'><strong>in-</strong></span> 
     </span>
    </p>
   </div>
   <div class='ocr_carea' id='block_1_95' title="bbox 392 5043 1962 5127">
    <p class='ocr_par' dir='ltr' id='par_1_95' title="bbox 392 5043 1962 5127">
     <span class='ocr_line' id='line_1_95' title="bbox 392 5043 1962 5127; baseline 0.009 -29"><span class='ocrx_word' id='word_1_670' title='bbox 392 5043 613 5103; x_wconf 83' lang='lat' dir='ltr'><strong>teritum</strong></span> <span class='ocrx_word' id='word_1_671' title='bbox 652 5045 775 5102; x_wconf 84' lang='lat' dir='ltr'><strong>lidei</strong></span> <span class='ocrx_word' id='word_1_672' title='bbox 810 5062 931 5100; x_wconf 90' lang='lat' dir='ltr'><strong>cum</strong></span> <span class='ocrx_word' id='word_1_673' title='bbox 970 5048 1257 5104; x_wconf 83' lang='lat' dir='ltr'><strong>Athanasii</strong></span> <span class='ocrx_word' id='word_1_674' title='bbox 1306 5050 1526 5109; x_wconf 84' lang='lat' dir='ltr'><strong>interitu</strong></span> <span class='ocrx_word' id='word_1_675' title='bbox 1567 5070 1690 5111; x_wconf 89' lang='lat' dir='ltr'><strong>esse</strong></span> <span class='ocrx_word' id='word_1_676' title='bbox 1734 5058 1962 5127; x_wconf 86' lang='lat' dir='ltr'><strong>conjun-</strong></span> 
     </span>
    </p>
   </div>
   <div class='ocr_carea' id='block_1_96' title="bbox 386 5138 1960 5215">
    <p class='ocr_par' dir='ltr' id='par_1_96' title="bbox 386 5138 1960 5215">
     <span class='ocr_line' id='line_1_96' title="bbox 386 5138 1960 5215; baseline 0.011 -27"><span class='ocrx_word' id='word_1_677' title='bbox 386 5140 583 5209; x_wconf 89' lang='lat' dir='ltr'><strong>ctum),</strong></span> <span class='ocrx_word' id='word_1_678' title='bbox 628 5138 932 5197; x_wconf 85' lang='lat' dir='ltr'><strong>Ariminum</strong></span> <span class='ocrx_word' id='word_1_679' title='bbox 966 5141 1019 5193; x_wconf 94' lang='lat' dir='ltr'><strong>in</strong></span> <span class='ocrx_word' id='word_1_680' title='bbox 1050 5142 1305 5207; x_wconf 82' lang='lat' dir='ltr'><strong>exsilium</strong></span> <span class='ocrx_word' id='word_1_681' title='bbox 1336 5144 1678 5215; x_wconf 86' lang='lat' dir='ltr'><strong>ablegantur.</strong></span> <span class='ocrx_word' id='word_1_682' title='bbox 1724 5147 1960 5206; x_wconf 90' lang='lat' dir='ltr'><strong>Sanctus</strong></span> 
     </span>
    </p>
   </div>
   <div class='ocr_carea' id='block_1_97' title="bbox 386 5225 1957 5308">
    <p class='ocr_par' dir='ltr' id='par_1_97' title="bbox 386 5225 1957 5308">
     <span class='ocr_line' id='line_1_97' title="bbox 386 5225 1957 5308; baseline 0.013 -31"><span class='ocrx_word' id='word_1_683' title='bbox 386 5236 570 5282; x_wconf 83' lang='lat' dir='ltr'><strong>autem</strong></span> <span class='ocrx_word' id='word_1_684' title='bbox 600 5225 1094 5294; x_wconf 84' lang='lat' dir='ltr'><strong>Athanasius,cum</strong></span> <span class='ocrx_word' id='word_1_685' title='bbox 1118 5234 1313 5289; x_wconf 89' lang='lat' dir='ltr'><strong>iterum</strong></span> <span class='ocrx_word' id='word_1_686' title='bbox 1342 5238 1694 5308; x_wconf 88' lang='lat' dir='ltr'><strong>comperisset</strong></span> <span class='ocrx_word' id='word_1_687' title='bbox 1724 5240 1957 5298; x_wconf 90' lang='lat' dir='ltr'><strong>Arianos</strong></span> 
     </span>
    </p>
   </div>
   <div class='ocr_carea' id='block_1_98' title="bbox 384 5318 1949 5399">
    <p class='ocr_par' dir='ltr' id='par_1_98' title="bbox 384 5318 1949 5399">
     <span class='ocr_line' id='line_1_98' title="bbox 384 5318 1949 5399; baseline 0.013 -29"><span class='ocrx_word' id='word_1_688' title='bbox 384 5318 440 5377; x_wconf 78' lang='lat' dir='ltr'><strong>in</strong></span> <span class='ocrx_word' id='word_1_689' title='bbox 470 5334 530 5374; x_wconf 89' lang='lat' dir='ltr'><strong>se</strong></span> <span class='ocrx_word' id='word_1_690' title='bbox 547 5322 840 5391; x_wconf 67' lang='lat' dir='ltr'><strong>quaerendo</strong></span> <span class='ocrx_word' id='word_1_691' title='bbox 883 5324 1120 5393; x_wconf 84' lang='lat' dir='ltr'><strong>amplius</strong></span> <span class='ocrx_word' id='word_1_692' title='bbox 1158 5328 1418 5396; x_wconf 81' lang='lat' dir='ltr'><strong>grassari,</strong></span> <span class='ocrx_word' id='word_1_693' title='bbox 1446 5339 1609 5399; x_wconf 82' lang='lat' dir='ltr'><strong>atque</strong></span> <span class='ocrx_word' id='word_1_694' title='bbox 1650 5333 1949 5399; x_wconf 74' lang='lat' dir='ltr'><strong>crudelius,</strong></span> 
     </span>
    </p>
   </div>
   <div class='ocr_carea' id='block_1_99' title="bbox 2073 4672 3649 4751">
    <p class='ocr_par' dir='ltr' id='par_1_99' title="bbox 2073 4672 3649 4751">
     <span class='ocr_line' id='line_1_99' title="bbox 2073 4672 3649 4751; baseline -0.005 -18"><span class='ocrx_word' id='word_1_695' title='bbox 2073 4681 2172 4751; x_wconf 84' lang='grc' dir='ltr'>μὲν</span> <span class='ocrx_word' id='word_1_696' title='bbox 2193 4677 2329 4749; x_wconf 85' lang='grc' dir='ltr'>πρὸς</span> <span class='ocrx_word' id='word_1_697' title='bbox 2349 4677 2411 4730; x_wconf 89' lang='grc' dir='ltr'>τὸ</span> <span class='ocrx_word' id='word_1_698' title='bbox 2434 4676 2632 4729; x_wconf 83' lang='grc' dir='ltr'>οἰκεῖον</span> <span class='ocrx_word' id='word_1_699' title='bbox 2659 4673 2969 4742; x_wconf 83' lang='grc' dir='ltr'>διαστρέφει</span> <span class='ocrx_word' id='word_1_700' title='bbox 2988 4672 3251 4743; x_wconf 87' lang='grc' dir='ltr'>βούλημα·</span> <span class='ocrx_word' id='word_1_701' title='bbox 3275 4672 3550 4734; x_wconf 83' lang='grc' dir='ltr'>Διονύσιος</span> <span class='ocrx_word' id='word_1_702' title='bbox 3569 4672 3649 4738; x_wconf 78' lang='grc' dir='ltr'>δὲ,</span> 
     </span>
    </p>
   </div>
   <div class='ocr_carea' id='block_1_100' title="bbox 2065 4764 3650 4833">
    <p class='ocr_par' dir='ltr' id='par_1_100' title="bbox 2065 4764 3650 4833">
     <span class='ocr_line' id='line_1_100' title="bbox 2065 4764 3650 4833; baseline -0.003 -9"><span class='ocrx_word' id='word_1_703' title='bbox 2065 4771 2159 4827; x_wconf 69' lang='grc' dir='ltr'>καὶ</span> <span class='ocrx_word' id='word_1_704' title='bbox 2178 4769 2458 4833; x_wconf 83' lang='grc' dir='ltr'>Εὐσέϐιος,</span> <span class='ocrx_word' id='word_1_705' title='bbox 2476 4767 2571 4820; x_wconf 71' lang='grc' dir='ltr'><strong>καὶ</strong></span> <span class='ocrx_word' id='word_1_706' title='bbox 2599 4764 3143 4829; x_wconf 80' lang='grc' dir='ltr'>Ῥοδανὸς,Παυλίνὸς</span> <span class='ocrx_word' id='word_1_707' title='bbox 3173 4782 3235 4817; x_wconf 77' lang='grc' dir='ltr'><strong>τε</strong></span> <span class='ocrx_word' id='word_1_708' title='bbox 3264 4766 3359 4817; x_wconf 81' lang='grc' dir='ltr'>καὶ</span> <span class='ocrx_word' id='word_1_709' title='bbox 3374 4764 3650 4833; x_wconf 86' lang='grc' dir='ltr'>Λουκίφερ</span> 
     </span>
    </p>
   </div>
   <div class='ocr_carea' id='block_1_101' title="bbox 2065 4856 3652 4930">
    <p class='ocr_par' dir='ltr' id='par_1_101' title="bbox 2065 4856 3652 4930">
     <span class='ocr_line' id='line_1_101' title="bbox 2065 4856 3652 4930; baseline -0.007 -12"><span class='ocrx_word' id='word_1_710' title='bbox 2065 4865 2127 4917; x_wconf 85' lang='grc' dir='ltr'>τὸ</span> <span class='ocrx_word' id='word_1_711' title='bbox 2150 4865 2348 4917; x_wconf 84' lang='grc' dir='ltr'>οἰκεῖον</span> <span class='ocrx_word' id='word_1_712' title='bbox 2378 4862 2473 4916; x_wconf 58' lang='grc' dir='ltr'><strong>καὶ⁸</strong></span> <span class='ocrx_word' id='word_1_713' title='bbox 2508 4860 2606 4930; x_wconf 83' lang='grc' dir='ltr'>τῆς</span> <span class='ocrx_word' id='word_1_714' title='bbox 2642 4857 2920 4922; x_wconf 83' lang='grc' dir='ltr'>εὐσεϐείας</span> <span class='ocrx_word' id='word_1_715' title='bbox 2949 4857 3025 4929; x_wconf 82' lang='grc' dir='ltr'>μὴ</span> <span class='ocrx_word' id='word_1_716' title='bbox 3073 4857 3503 4927; x_wconf 85' lang='grc' dir='ltr'>καθυϐρίσαντες</span> <span class='ocrx_word' id='word_1_717' title='bbox 3526 4856 3652 4927; x_wconf 80' lang='grc' dir='ltr'>φρό-</span> 
     </span>
    </p>
   </div>
   <div class='ocr_carea' id='block_1_102' title="bbox 2060 4952 3648 5028">
    <p class='ocr_par' dir='ltr' id='par_1_102' title="bbox 2060 4952 3648 5028">
     <span class='ocr_line' id='line_1_102' title="bbox 2060 4952 3648 5028; baseline -0.006 -16"><span class='ocrx_word' id='word_1_718' title='bbox 2060 4957 2342 5028; x_wconf 74' lang='grc' dir='ltr'>νημα,καὶ</span> <span class='ocrx_word' id='word_1_719' title='bbox 2379 4956 2488 5011; x_wconf 77' lang='grc' dir='ltr'>οὐδ’</span> <span class='ocrx_word' id='word_1_720' title='bbox 2542 4954 2859 5011; x_wconf 82' lang='grc' dir='ltr'>Ἀθανασίου</span> <span class='ocrx_word' id='word_1_721' title='bbox 2894 4952 3241 5021; x_wconf 82' lang='grc' dir='ltr'>καταγνῶναι</span> <span class='ocrx_word' id='word_1_722' title='bbox 3285 4952 3648 5021; x_wconf 78' lang='grc' dir='ltr'>ἀνασχόμενοι</span> 
     </span>
    </p>
   </div>
   <div class='ocr_carea' id='block_1_103' title="bbox 2066 5040 3643 5122">
    <p class='ocr_par' dir='ltr' id='par_1_103' title="bbox 2066 5040 3643 5122">
     <span class='ocr_line' id='line_1_103' title="bbox 2066 5040 3643 5122; baseline -0.021 -1"><span class='ocrx_word' id='word_1_723' title='bbox 2066 5051 2284 5122; x_wconf 71' lang='grc' dir='ltr'>(ᾔδεσαν</span> <span class='ocrx_word' id='word_1_724' title='bbox 2314 5050 2421 5120; x_wconf 80' lang='grc' dir='ltr'>γὰρ</span> <span class='ocrx_word' id='word_1_725' title='bbox 2440 5048 2540 5116; x_wconf 78' lang='grc' dir='ltr'><strong>τὴν</strong></span> <span class='ocrx_word' id='word_1_726' title='bbox 2572 5046 2890 5105; x_wconf 81' lang='grc' dir='ltr'>Ἀθανασίου</span> <span class='ocrx_word' id='word_1_727' title='bbox 2914 5044 3238 5115; x_wconf 85' lang='grc' dir='ltr'>κατάκρισιν</span> <span class='ocrx_word' id='word_1_728' title='bbox 3266 5043 3367 5114; x_wconf 84' lang='grc' dir='ltr'>τὴν</span> <span class='ocrx_word' id='word_1_729' title='bbox 3395 5042 3494 5111; x_wconf 78' lang='grc' dir='ltr'>τῆς</span> <span class='ocrx_word' id='word_1_730' title='bbox 3548 5040 3643 5098; x_wconf 83' lang='grc' dir='ltr'>πί-</span> 
     </span>
    </p>
   </div>
   <div class='ocr_carea' id='block_1_104' title="bbox 2065 5134 3650 5210">
    <p class='ocr_par' dir='ltr' id='par_1_104' title="bbox 2065 5134 3650 5210">
     <span class='ocr_line' id='line_1_104' title="bbox 2065 5134 3650 5210; baseline -0.005 -16"><span class='ocrx_word' id='word_1_731' title='bbox 2065 5158 2235 5204; x_wconf 90' lang='grc' dir='ltr'>στεως</span> <span class='ocrx_word' id='word_1_732' title='bbox 2261 5138 2713 5210; x_wconf 78' lang='grc' dir='ltr'>προοιμιάζεσθαι</span> <span class='ocrx_word' id='word_1_733' title='bbox 2748 5135 3085 5206; x_wconf 84' lang='grc' dir='ltr'>καθαίρεσιν)</span> <span class='ocrx_word' id='word_1_734' title='bbox 3101 5137 3159 5188; x_wconf 79' lang='grc' dir='ltr'><strong>ἐν</strong></span> <span class='ocrx_word' id='word_1_735' title='bbox 3188 5136 3241 5187; x_wconf 87' lang='lat' dir='ltr'><strong>’A</strong></span> <span class='ocrx_word' id='word_1_736' title='bbox 3253 5134 3463 5205; x_wconf 83' lang='grc' dir='ltr'>ριμήνῳ</span> <span class='ocrx_word' id='word_1_737' title='bbox 3481 5134 3650 5203; x_wconf 83' lang='grc' dir='ltr'>ὑπερ-</span> 
     </span>
    </p>
   </div>
   <div class='ocr_carea' id='block_1_105' title="bbox 2066 5224 3646 5303">
    <p class='ocr_par' dir='ltr' id='par_1_105' title="bbox 2066 5224 3646 5303">
     <span class='ocr_line' id='line_1_105' title="bbox 2066 5224 3646 5303; baseline -0.005 -18"><span class='ocrx_word' id='word_1_738' title='bbox 2066 5232 2354 5303; x_wconf 81' lang='grc' dir='ltr'>ορίζονται.</span> <span class='ocrx_word' id='word_1_739' title='bbox 2379 5231 2545 5293; x_wconf 78' lang='grc' dir='ltr'>Γνοὺς</span> <span class='ocrx_word' id='word_1_740' title='bbox 2567 5230 2610 5281; x_wconf 73' lang='grc' dir='ltr'>δ’</span> <span class='ocrx_word' id='word_1_741' title='bbox 2626 5232 2654 5282; x_wconf 87' lang='grc' dir='ltr'>ὁ</span> <span class='ocrx_word' id='word_1_742' title='bbox 2671 5228 2764 5285; x_wconf 89' lang='grc' dir='ltr'><strong>τοῦ</strong></span> <span class='ocrx_word' id='word_1_743' title='bbox 2786 5227 2921 5282; x_wconf 89' lang='grc' dir='ltr'>Θεοῦ</span> <span class='ocrx_word' id='word_1_744' title='bbox 2939 5226 3192 5301; x_wconf 87' lang='grc' dir='ltr'>θεράπων</span> <span class='ocrx_word' id='word_1_745' title='bbox 3226 5226 3543 5288; x_wconf 85' lang='grc' dir='ltr'>Ἀθανάσιος</span> <span class='ocrx_word' id='word_1_746' title='bbox 3569 5224 3646 5290; x_wconf 85' lang='grc' dir='ltr'><strong>ὡς</strong></span> 
     </span>
    </p>
   </div>
   <div class='ocr_carea' id='block_1_106' title="bbox 2068 5315 3643 5393">
    <p class='ocr_par' dir='ltr' id='par_1_106' title="bbox 2068 5315 3643 5393">
     <span class='ocr_line' id='line_1_106' title="bbox 2068 5315 3643 5393; baseline -0.006 -16"><span class='ocrx_word' id='word_1_747' title='bbox 2068 5323 2229 5378; x_wconf 86' lang='grc' dir='ltr'>πάλιν</span> <span class='ocrx_word' id='word_1_748' title='bbox 2253 5322 2370 5376; x_wconf 87' lang='grc' dir='ltr'>κατ’</span> <span class='ocrx_word' id='word_1_749' title='bbox 2399 5322 2564 5386; x_wconf 71' lang='grc' dir='ltr'>αὐτοῦ</span> <span class='ocrx_word' id='word_1_750' title='bbox 2594 5320 2919 5393; x_wconf 79' lang='grc' dir='ltr'>πικρότερον</span> <span class='ocrx_word' id='word_1_751' title='bbox 2949 5335 3009 5373; x_wconf 87' lang='grc' dir='ltr'><strong>τε</strong></span> <span class='ocrx_word' id='word_1_752' title='bbox 3039 5318 3134 5373; x_wconf 78' lang='grc' dir='ltr'>καὶ</span> <span class='ocrx_word' id='word_1_753' title='bbox 3186 5315 3551 5388; x_wconf 80' lang='grc' dir='ltr'>φονικώτερον</span> <span class='ocrx_word' id='word_1_754' title='bbox 3582 5316 3643 5368; x_wconf 83' lang='grc' dir='ltr'>τὸ</span> 
     </span>
    </p>
   </div>
   <div class='ocr_carea' id='block_1_107' title="bbox 1608 5452 2327 5563">
    <p class='ocr_par' dir='ltr' id='par_1_107' title="bbox 1608 5452 2327 5563">
     <span class='ocr_line' id='line_1_107' title="bbox 1608 5452 2327 5563; baseline 0.024 -17"><span class='ocrx_word' id='word_1_755' title='bbox 1608 5494 1843 5553; x_wconf 67' lang='lat' dir='ltr'><strong>VARI/ﬁ</strong></span> <span class='ocrx_word' id='word_1_756' title='bbox 1924 5452 2327 5563; x_wconf 45' lang='lat' dir='ltr'><strong>LECT‘IONES.</strong></span> 
     </span>
    </p>
   </div>
   <div class='ocr_carea' id='block_1_108' title="bbox 459 5598 1981 5681">
    <p class='ocr_par' dir='ltr' id='par_1_108' title="bbox 459 5598 1981 5681">
     <span class='ocr_line' id='line_1_108' title="bbox 459 5598 1981 5681; baseline 0.029 -53"><span class='ocrx_word' id='word_1_757' title='bbox 459 5598 698 5681; x_wconf 44' lang='lat' dir='ltr'><strong>isnagn&#39;gv</strong></span> <span class='ocrx_word' id='word_1_758' title='bbox 733 5600 812 5681; x_wconf 40' lang='lat' dir='ltr'><strong>BL</strong></span> <span class='ocrx_word' id='word_1_759' title='bbox 873 5603 1343 5681; x_wconf 36' lang='lat' dir='ltr'><strong>ra‘gzmpylpretgt</strong></span> <span class='ocrx_word' id='word_1_760' title='bbox 1368 5606 1474 5667; x_wconf 82' lang='grc' dir='ltr'><strong>ΑΒ.</strong></span> <span class='ocrx_word' id='word_1_761' title='bbox 1552 5611 1595 5644; x_wconf 78' lang='grc'><strong>⁷⁸</strong></span> <span class='ocrx_word' id='word_1_762' title='bbox 1627 5611 1853 5674; x_wconf 86' lang='lat' dir='ltr'><strong>alterum</strong></span> <span class='ocrx_word' id='word_1_763' title='bbox 1891 5620 1981 5675; x_wconf 71' lang='grc' dir='ltr'><strong>ὲνε</strong></span> 
     </span>
    </p>
   </div>
   <div class='ocr_carea' id='block_1_109' title="bbox 2089 5598 2694 5681">
    <p class='ocr_par' dir='ltr' id='par_1_109' title="bbox 2090 5618 2694 5681">
     <span class='ocr_line' id='line_1_109' title="bbox 2090 5618 2694 5681; baseline -0.007 -5"><span class='ocrx_word' id='word_1_764' title='bbox 2090 5661 2103 5676; x_wconf 92' lang='grc'><strong>.</strong></span> <span class='ocrx_word' id='word_1_765' title='bbox 2138 5620 2202 5680; x_wconf 82' lang='grc' dir='ltr'><strong>Α.</strong></span> <span class='ocrx_word' id='word_1_766' title='bbox 2296 5621 2340 5653; x_wconf 86' lang='grc'><strong>⁷⁷</strong></span> <span class='ocrx_word' id='word_1_767' title='bbox 2374 5620 2429 5676; x_wconf 82' lang='grc' dir='ltr'>δὲ</span> <span class='ocrx_word' id='word_1_768' title='bbox 2471 5619 2594 5681; x_wconf 78' lang='lat' dir='ltr'><strong>add.</strong></span> <span class='ocrx_word' id='word_1_769' title='bbox 2633 5618 2694 5673; x_wconf 88' lang='lat' dir='ltr'><strong>A.</strong></span> 
     </span>
    </p>
   </div>
   <div class='ocr_carea' id='block_1_110' title="bbox 390 5668 1345 5750">
    <p class='ocr_par' dir='ltr' id='par_1_110' title="bbox 390 5668 1345 5750">
     <span class='ocr_line' id='line_1_110' title="bbox 390 5668 1345 5750; baseline 0.009 -27"><span class='ocrx_word' id='word_1_770' title='bbox 390 5670 472 5730; x_wconf 64' lang='lat' dir='ltr'><strong>vel</strong></span> <span class='ocrx_word' id='word_1_771' title='bbox 506 5668 737 5725; x_wconf 82' lang='grc' dir='ltr'>θανάτου</span> <span class='ocrx_word' id='word_1_772' title='bbox 772 5673 833 5728; x_wconf 87' lang='grc' dir='ltr'><strong>Β.</strong></span> <span class='ocrx_word' id='word_1_773' title='bbox 908 5674 953 5706; x_wconf 81' lang='grc'><strong>⁸⁰</strong></span> <span class='ocrx_word' id='word_1_774' title='bbox 985 5668 1255 5750; x_wconf 62' lang='grc' dir='ltr'>ἆρίαΪπρο</span> <span class='ocrx_word' id='word_1_775' title='bbox 1287 5678 1345 5732; x_wconf 90' lang='grc' dir='ltr'><strong>Β.</strong></span> 
     </span>
    </p>
   </div>
   <div class='ocr_carea' id='block_1_111' title="bbox 2800 5610 3636 5679">
    <p class='ocr_par' dir='ltr' id='par_1_111' title="bbox 2800 5610 3636 5679">
     <span class='ocr_line' id='line_1_111' title="bbox 2800 5610 3636 5679; baseline 0 -10"><span class='ocrx_word' id='word_1_776' title='bbox 2800 5619 2843 5652; x_wconf 78' lang='grc'><strong>⁷⁸</strong></span> <span class='ocrx_word' id='word_1_777' title='bbox 2874 5616 3125 5675; x_wconf 78' lang='grc' dir='ltr'>τοσοῦτον</span> <span class='ocrx_word' id='word_1_778' title='bbox 3159 5616 3225 5670; x_wconf 90' lang='grc' dir='ltr'><strong>Β.</strong></span> <span class='ocrx_word' id='word_1_779' title='bbox 3305 5613 3349 5649; x_wconf 84' lang='lat'>&quot;</span> <span class='ocrx_word' id='word_1_780' title='bbox 3383 5610 3636 5679; x_wconf 79' lang='grc' dir='ltr'>θανάτοις</span> 
     </span>
    </p>
   </div>
  </div>
