3966 6240
271 286 376 353 149

1295 286 1814 350 BIBLIOTHECA.
1854 316 1916 326 —
1951 291 2112 351 COD.
2155 290 2453 357 CCLVIII.

3423 293 3524 361 150

270 398 549 470 αἱρετικὸν
572 395 932 467 παροξύνεται
967 395 1172 464 στῖφος,
1202 393 1383 448 λαθὼν
1423 395 1668 459 ἅπαντας
1711 398 1836 462 τοὺς

1965 399 2079 454 :lam
2109 401 2365 456 omnibus
2392 401 2447 454 in
2487 402 2619 457 urbe
2645 402 2711 458 ad
2742 403 3004 474 virginem
3037 403 3327 474 quamdam
3359 405 3522 479 fugit,

276 496 339 546 ὲν
375 495 440 562 τῇ
463 489 614 544 πόλει
643 487 894 558 παρθένῳ
921 484 1028 540 τινὶ
1049 485 1402 554 καταφεύγει,
1435 486 1512 556 τῷ
1545 488 1842 556 ἀνυπόπτῳ

267 587 368 655 τῆς
401 583 566 652 κόρης
608 577 858 632 κλέπτων
891 577 989 647 τὴν
1040 575 1280 647 εύρεσιν.
1312 573 1420 630 ’Ἦν
1446 579 1554 648 γὰρ
1605 580 1842 648 ήνεᾶνις

262 679 365 730 ,καὶ
395 677 497 748 τὴν
535 675 657 743 ὄψιν
685 671 882 742 ὡραία,
907 671 1000 724 καὶ
1054 673 1322 725 συνοικεῖν
1375 673 1513 743 αὐτῇ
1566 673 1702 744 μηδὲ
1755 673 1846 726 τὸν

267 767 506 836 τυχόντα
553 765 742 834 ἄνδρα,
774 764 908 833 μήτι
959 779 1024 831 γε
1073 763 1356 834 ἀρχιερέα,
1404 763 1603 836 πολλὴν
1631 766 1725 819 καὶ
1753 765 1845 836 βε-

269 859 434 912 ϐαίαν
463 856 565 927 τὴν
616 853 992 926 πληροφορίαν
1047 855 1181 907 πᾶσι
1232 853 1546 925 παρέχουσα
1581 871 1593 884 ⁸
1627 855 1748 920 ἔτος
1785 857 1844 910 δὲ

267 951 370 1020 τῆς
410 947 630 1020 ἡλικίας
663 947 907 1000 εἰκοστὸν
932 941 1066 1016 ἦγεν
1103 946 1146 977 ⁸⁸
1173 945 1282 1000 ἀπὸ
1307 945 1578 1013 γενέσεως
1607 963 1623 978 ·
1665 947 1850 1001 ἀνατί-

269 1041 434 1110 Θησιν
453 1035 549 1094 οῦν
574 1040 712 1109 αὐτῇ
743 1041 770 1090 6
798 1039 897 1106 τῆς
921 1037 1219 1106 παρθενίας
1270 1039 1362 1091 καὶ
1408 1037 1728 1100 διδάσκαλος
1755 1041 1850 1093 καὶ

264 1133 452 1201 ,φύλαξ
498 1131 568 1185 τὰ
611 1131 734 1184 καθ’
763 1129 972 1194 ἑαυτὸν,
1004 1130 1085 1182 ὅτι
1138 1130 1275 1199 πρὸς
1327 1128 1642 1199 μιαιφονίαν
1683 1129 1848 1184 αὐτοῦ

280 1223 615 1290 ἒξοπλίζοιτο
658 1221 718 1274 τὸ
750 1221 1043 1292 αἱρετικὸν,
1070 1221 1164 1273 καὶ
1197 1222 1271 1284 ὡς
1306 1220 1485 1275 πάντα
1517 1220 1584 1274 τὰ
1629 1220 1734 1288 ἔξω
1758 1222 1855 1292 τῆς

283 1315 487 1374 πόλεως
532 1312 997 1384 προκατείληπται
1048 1311 1317 1380 ὲρεύναις,
1354 1313 1450 1365 καὶ
1497 1313 1573 1376 ὡς
1605 1314 1670 1366 ἐκ
1704 1312 1853 1377 Θείας

283 1407 455 1474 ὅψεως
487 1404 586 1472 τὴν
613 1404 884 1473 σωτηρίαν
914 1401 1060 1473 αὐτῷ
1087 1402 1533 1475 πρυτανευούσης
1577 1403 1712 1474 πρὸς
1756 1404 1856 1456 αύ-

277 1497 375 1566 τὴν
405 1498 554 1566 ἥκοι.
612 1496 679 1548 Ἥ
711 1495 766 1548 δὲ
797 1495 933 1564 μετὰ
971 1495 1144 1564 χαρᾶς
1167 1492 1534 1565 ἀνεκλαλὴτου
1583 1496 1678 1550 καὶ
1720 1494 1857 1548 ύποο·

269 1587 492 1657 δέχεται
523 1587 617 1640 καὶ
643 1587 804 1650 ὲπὶέξ
821 1586 913 1657 ἔτη
943 1585 1340 1656 κατακρύπτει·
1371 1585 1465 1638 καὶ
1483 1587 1517 1653 ή
1546 1585 1839 1638 Κωνσταν-

1944 492 2092 546 nulla
2128 494 2441 562 suspicione
2470 493 2578 548 illic
2613 495 2849 551 latitans.
2883 495 3011 550 Erat
3035 496 3180 550 enim
3234 496 3524 566 juvencula

1944 591 2000 637 et
2027 582 2449 651 formosissima,
2491 593 2552 638 ut
2587 584 2904 640 cohabitare
2944 585 3016 638 illi
3050 585 3225 640 virum
3262 587 3520 658 aliquem,

1946 685 2042 730 aut
2069 677 2386 748 episcopum
2433 692 2596 733 nemo
2638 678 3044 747 suspicaretur,
3083 694 3205 748 quas
3250 694 3522 735 annorum

1948 767 2138 838 viginti
2167 777 2307 825 erat.
2359 769 2529 839 Igitur
2562 770 2612 825 ei
2649 769 2977 839 virginitatis
3005 781 3215 837 custos,
3248 780 3305 827 et
3352 772 3525 843 magi-

1951 865 2064 913 ster
2110 860 2447 915 Athanasius
2488 872 2730 914 armatos
2771 870 3160 918 commemorat
3202 861 3269 916 ad
3319 863 3522 918 caedem

1954 949 2214 1014 Arianos,
2255 960 2414 1005 extra
2457 951 2649 1006 urbem
2678 951 2731 1004 in
2767 950 3024 1005 omnibus
3054 967 3112 1005 se
3146 952 3282 1007 locis
3319 953 3525 1022 quaesi-

1953 1048 2091 1107 tum,
2121 1053 2176 1095 et
2214 1041 2307 1096 Dei
2350 1043 2572 1097 monitis
2607 1042 2836 1096 salutem
2885 1041 2934 1096 ei
2960 1044 3329 1111 procurantis,
3364 1059 3424 1098 se
3453 1043 3529 1098 ad

1955 1132 2101 1186 illam
2139 1135 2374 1189 venisse.
2421 1133 2512 1188 Illa
2559 1133 2804 1205 gaudens
2842 1134 3120 1188 hominem
3163 1136 3426 1204 suscepit,
3474 1143 3541 1190 et-

1956 1224 2096 1292 apud
2128 1225 2276 1279 illam
2327 1239 2420 1280 sex
2462 1241 2637 1280 annos
2678 1225 2912 1290 delituit,
2964 1225 3139 1280 donec
3193 1240 3339 1280 mors
3382 1226 3530 1280 Con-

1957 1313 2145 1367 stantii
2177 1313 2541 1369 Athanasium
2593 1315 2863 1370 liberavit.
2902 1313 3039 1370 Toto
3093 1315 3238 1369 enim
3282 1326 3529 1385 tempore

1959 1415 2208 1474 prompte
2253 1416 2308 1461 et
2348 1407 2604 1477 religiose
2651 1417 2841 1462 sancto
2881 1408 3000 1462 viro
3049 1407 3140 1462 illa
3179 1406 3546 1472 ministravit,_

1963 1497 2106 1565 quod
2145 1499 2297 1567 parvi
2341 1509 2395 1552 et
2420 1498 2623 1569 magni,
2654 1499 2817 1553 amici
2847 1499 3166 1568 inimicique
3186 1498 3340 1569 juxta
3372 1499 3531 1570 igno-

1960 1605 2016 1642 ra
2026 1589 2175 1644 bant.

272 1681 390 1737 τίου
423 1679 648 1749 τελευτὴ
664 1678 816 1742 λύσις
849 1679 1174 1749 γίνεταιτῆς
1207 1677 1547 1748 ἁποκρυϐἧς.
1573 1676 1738 1750 [1445
1753 1678 1846 1750 R.]
1887 1679 1974 1732 Ἐν
2009 1683 2145 1735 πᾶσι
2170 1682 2228 1736 δὲ
2258 1682 2554 1754 προθύμως
2572 1683 2667 1738 καὶ
2695 1681 3002 1754 σεϐασμίως
3023 1684 3057 1754 ἡ
3077 1683 3344 1754 παρθένος
3369 1682 3536 1748 ἔξυπ-

269 1772 465 1842 ηρέτει
497 1771 590 1824 τὸν
629 1771 792 1836 ὅσιον,
829 1773 1042 1835 πάντας
1072 1771 1198 1834 τοὺς
1247 1771 1305 1823 ὲν
1334 1772 1402 1842 τῇ
1430 1769 1582 1824 πόλει
1631 1769 1860 1842 μικρούς
1896 1787 1955 1823 τε
1987 1774 2083 1826 καὶ
2122 1775 2411 1845 μεγάλους,
2477 1776 2574 1829 καὶ
2599 1776 2726 1840 τοὺς
2786 1775 3073 1846 φιλοῦντας
3107 1777 3356 1841 καὶτοὺς
3402 1777 3531 1833 διώ-

270 1879 438 1927 κτας,
470 1862 921 1917 διαλανθάνουσα.

343 1954 686 2024 Προπάττει
725 1953 768 2004 δ’
793 1949 885 2005 οῦν
926 1953 953 2004 6
983 1948 1360 2013 Κωνστάντιος
1389 1949 1516 2014 τοὺς
1551 1949 1629 2022 μὴ
1673 1950 1856 2022 βουλο-

2030 1948 2212 2017 Quare
2243 1947 2600 2004 Constantius
2656 1962 2752 2004 eos
2792 1946 2888 2018 qui
2935 1946 3142 2002 nollent
3187 1963 3278 2017 per
3323 1949 3532 2007 Italiam

272 2045 478 2116 μένους
509 2044 618 2097 τῶν
643 2043 784 2097 κατὰ
810 2043 908 2113 τὴν
943 2042 1174 2096 Ἰταλίαν
1208 2042 1514 2112 ἀρχιερέων
1546 2045 1614 2113 τῇ
1639 2042 1852 2113 Ἀρείου

271 2137 732 2210 καθυπογράφειν
771 2135 1087 2200 ἐξωθεῖσθαι
1116 2133 1223 2188 τῶν
1261 2133 1618 2206 Ἐκκλησιῶν,
1667 2136 1762 2190 καὶ
1811 2136 1856 2168 θ’

274 2231 374 2284 ἀντ
393 2230 412 2248 ⁸
443 2229 668 2281 ἐκείνων
691 2227 816 2290 τοὺς
843 2226 1119 2290 δυσσεϐεῖς
1159 2226 1610 2295 ἐγκαθίστασθαι.
1654 2226 1857 2297 ’Υπερ-

276 2318 513 2389 ωρίζετο
575 2319 667 2371 καὶ
696 2316 946 2386 Λιϐἑριος
978 2317 1098 2369 τότε
1121 2317 1149 2368 6
1177 2317 1314 2386 μετὰ
1353 2316 1572 2370 Ἰούλιον
1612 2317 1702 2368 τὸν
1733 2316 1853 2385 096-

275 2428 368 2464 νον
410 2409 635 2480 Ῥώμης
681 2408 894 2469 ἰθύνων,
925 2408 1017 2460 καὶ⁸
1062 2408 1570 2478 ἀντιχειροτονεῖται
1597 2406 1762 2476 Φῆλιξ
1789 2408 1856 2474 ⁸³,

278 2503 338 2564 ὃς
370 2503 717 2574 παραχρῆμα
743 2500 841 2570 μὲν
867 2500 1025 2568 ποινῇ
1061 2498 1308 2569 θεηλάτῳ
1325 2501 1393 2569 τῇ
1422 2498 1530 2552 τῶν
1560 2498 1857 2569 ὀφθαλμῶν

274 2594 535 2666 πηρώσει
568 2592 950 2656 ὑποϐάλλεται,
987 2591 1213 2660 ὕστερον
1245 2591 1302 2643 δὲ
1339 2591 1434 2643 καὶ
1463 2589 1682 2661 λοιμικῇ
1721 2591 1860 2662 νόσῳ

277 2684 1078 2757 κατασχεθεὶςδιαφθείρεται.
1108 2683 1190 2737 Τὰ
1221 2682 1358 2737 αὐτὰ
1385 2683 1441 2736 δὲ
1467 2683 1562 2736 καὶ
1601 2681 1862 2744 Μελέτιος

279 2781 309 2832 6
341 2776 679 2846 Ἀντιοχείας
711 2774 1000 2843 ὑφίσταται
1041 2789 1057 2804 °
1092 2773 1185 2826 καὶ
1204 2771 1560 2842 ἀντικαθιστᾷ
1588 2774 1622 2844 ἡ
1651 2773 1861 2842 αἵρεσις

280 2871 376 2923 τὸν
407 2867 671 2932 Εύζώῖον,
703 2867 760 2919 ἐν
790 2865 1360 2919 Κωνσταντινουπόλει
1385 2865 1443 2918 δὲ
1470 2866 1561 2918 τὸν
1586 2865 1859 2933 Εύδόξιον,

283 2961 487 3030 ἄνδρας
510 2956 788 3020 δυσσεϐεῖς
817 2957 913 3010 καὶ
930 2956 1022 3008 τὸν
1048 2955 1160 3025 βίον
1179 2956 1434 3021 ἐπαξίους
1461 2959 1558 3027 τῆς
1575 2958 1860 3028 αἱρέσεως.

357 3050 496 3104 Κατ’
525 3050 702 3102 ὲκεῖνο
728 3046 920 3119 καιροῦ
957 3047 1050 3101 καὶ
1081 3048 1369 3102 Ἲουλιανὺν
1421 3050 1450 3102 ό
1486 3050 1863 3116 Κωνστάντιος

285 3139 617 3210 ἀναγορεύει
647 3139 920 3210 Καίσαρα,
944 3138 1036 3192 καὶ
1063 3139 1202 3206 πρὸς
1220 3139 1318 3203 τὰς
1337 3139 1568 3204 Γαλλίας
1598 3141 1644 3172 ⁸⁵
1657 3140 1865 3211 ἐκπέμ-

1959 2041 2177 2096 Arianae
2227 2050 2391 2096 sectae
2432 2039 2802 2105 subscribere,
2845 2041 3078 2095 ecclesia
3121 2040 3442 2111 ejiciendos,
3473 2054 3539 2101 et-

1961 2137 2099 2192 alios
2135 2150 2327 2191 eorum
2361 2135 2484 2189 loco
2515 2132 2896 2204 subrogandos
2928 2149 3051 2189 esse
3101 2146 3306 2191 censet.
3350 2136 3532 2193 Exsu-

1961 2227 2090 2283 lavit
2124 2237 2256 2282 tunc
2296 2225 2460 2281 etiam
2498 2224 2770 2291 Liberius,
2820 2225 2913 2295 qui
2946 2233 3070 2295 post
3095 2223 3298 2280 Julium
3346 2226 3532 2282 Eccle-

1960 2321 2096 2376 siam
2131 2318 2377 2390 pontifex
2404 2319 2604 2383 tenuit,
2636 2327 2692 2372 et
2717 2333 2816 2388 pro
2849 2318 2942 2372 illo
2981 2329 3201 2373 creatur
3233 2319 3408 2381 Felix.
3436 2320 3543 2390 qui.

1961 2413 2144 2468 statim
2175 2413 2462 2467 oculorum
2493 2411 2804 2481 privatione
2830 2410 3094 2466 divinitus
3138 2411 3384 2468 immissa
3420 2422 3543 2466 tor-

1961 2515 2180 2576 quetur,
2214 2513 2400 2574 postea
2432 2502 2710 2574 pestilenti
2740 2504 2933 2558 morbo
2957 2515 3319 2572 consumptus
3348 2505 3531 2574 periit.

1961 2597 2163 2651 Eadem
2204 2594 2452 2651 Meletius
2492 2593 2796 2648 Antiochia:
2827 2593 3026 2662 pracsul
3053 2593 3278 2662 patitur,
3311 2601 3366 2648 et
3413 2594 3534 2663 ejus

1962 2689 2082 2744 loco
2118 2688 2382 2743 Euzoium
2437 2685 2678 2742 haeretici
2711 2683 3008 2749 suﬂiciunt,
3052 2683 3534 2755 Constantinopoli

1963 2779 2296 2845 Eudoxium,
2335 2778 2488 2833 viros
2534 2775 2752 2847 impios,
2806 2783 2861 2832 et
2885 2775 2957 2831 ob
3001 2773 3325 2847 ﬂagitiosam
3365 2778 3534 2834 vitam

1963 2870 2159 2928 haeresi
2193 2869 2573 2940 dignissimos.

2033 3041 2230 3115 483ὺ
2284 3040 2486 3095 Eodem
2541 3049 2783 3109 tempore
2826 3040 3178 3096 Constantinus
3239 3040 3540 3110 imperator

1962 3130 2244 3188 Iulianum
2272 3131 2544 3186 Czesarem
2576 3139 2743 3197 creat,
2778 3142 2833 3187 et
2871 3133 2924 3186 in
2964 3132 3167 3187 Gallias
3210 3134 3399 3188 mittit.
3433 3133 3541 3190 Eo-

284 3252 401 3289 πει.
419 3232 752 3303 Ἐγκαινίζει
767 3233 822 3285 δὲ
849 3232 976 3304 [788
997 3230 1092 3304 Η
1110 3234 1202 3286 καὶ
1220 3233 1322 3302 τὴν
1351 3232 1409 3285 ὲν
1434 3233 1858 3287 Κωνσταντινου-

1971 3227 2095 3281 dem
2125 3235 2370 3295 tempore
2404 3234 2458 3279 et
2492 3224 2740 3279 ecclesiae
2780 3240 2952 3294 nuper
2980 3225 3280 3291 aediﬁcatae,
3311 3225 3400 3281 cui
3431 3240 3537 3279 no-

282 3328 446 3381 πόλει
463 3297 592 3397 παρ’
611 3323 774 3378 αὐτοῦ
792 3297 1213 3396 νεουργηθεῖσαν
1245 3297 1559 3392 ἐκκλησίανο
1579 3325 1858 3393 ἐπώνυμον

1969 3333 2094 3373 men
2127 3317 2352 3387 Sophim,
2399 3317 2796 3371 dedicationem
2843 3318 3140 3371 innovavit.
3175 3316 3381 3387 Impius
3431 3317 3558 3374 Euo.

283 3421 430 3489 αὐτῇ
458 3418 503 3488 ἡ
530 3417 625 3470 τοῦ
657 3415 792 3469 Θεοῦ
843 3417 1056 3485 Σοφία.
1089 3415 1201 3469 Καὶ
1229 3416 1257 3467 6
1291 3415 1559 3486 δυσσεϐὴς
1591 3415 1864 3480 Εύδόξιος,

285 3509 434 3564 κατὰ
467 3511 538 3563 τὰ
564 3508 814 3578 ὲγκαίνια
844 3506 1230 3577 ὲνθρονισθεὶς,
1259 3506 1485 3577 πρώτην
1528 3507 1744 3578 ἐκείνην
1772 3509 1869 3579 τὴν

283 3602 574 3672 τολμηρὰν
602 3603 695 3655 καὶ
715 3600 1121 3672 ἀφρονεστάτην
1144 3601 1322 3671 ἀφῆκε
1356 3601 1557 3672 φωνὴν,
1579 3599 1641 3654 '0
1669 3601 1870 3670 Πατὴρ

288 3695 560 3761 ἀσεϐὴς,
601 3695 629 3746 6
668 3693 801 3758 Υἱὸς
839 3691 1118 3757 εὐσεϐής.
1161 3691 1402 3762 Θορύϐου
1451 3693 1508 3746 δὲ
1541 3693 1750 3747 δικαίου
1809 3694 1871 3748 τὸ

287 3784 506 3853 πλῆθος
534 3783 941 3854 περιλαϐόντος,
966 3782 1122 3854 κακῷ
1150 3783 1210 3836 τὸ
1240 3784 1406 3837 κακὸν
1439 3786 1649 3838 ἐπενόει
1672 3804 1867 3841 κατευ-

290 3875 502 3938 νὰζειν,
558 3874 670 3938 καὶ,
727 3873 934 3942 Μηδὲν
962 3871 1142 3942 ὑμᾶς,
1208 3874 1363 3945 φησὶ,
1421 3875 1751 3944 ταραττέτω
1786 3892 1800 3905 ο
1839 3880 1872 3930 d

286 3967 410 4036 μὲν
455 3966 567 4036 τὰρ
614 3965 817 4034 Πατὴρ
867 3964 1117 4034 ἀσεϐὴς,
1145 3963 1236 4018 ὅτι
1268 3964 1487 4018 οὐδένα
1514 3966 1696 4026 σέϐει.
1724 3969 1758 4020 ό
1806 3965 1873 4018 δὲ

299 4057 440 4124 Υἱὸς
479 4057 764 4125 εὐσεϐὴς,
797 4057 888 4111 ὅτι
949 4056 1112 4111 σέϐει
1160 4055 1268 4110 τὸν
1312 4059 1563 4126 Πατέρα.
1597 4056 1784 4111 Ταῦτα.
1828 4058 1874 4090 ⁸⁸

292 4151 390 4205 τοῦ
444 4149 740 4214 δυσσεϐοῦς
787 4151 960 4204 εἰπεῖν
1006 4148 1386 4218 ὲπιμανέντος,
1437 4149 1466 4201 ὁ
1513 4147 1744 4220 θόρυϐος
1795 4151 1875 4219 εἰς

296 4241 502 4314 χλεύην
529 4241 624 4294 καὶ
654 4241 1030 4312 μυκτηρισμδν
1065 4241 1310 4304 ὲκλυθεὶς
1331 4241 1458 4303 τοὺς
1490 4240 1718 4304 πολλοὺς
1764 4241 1870 4295 τῶν

299 4333 736 4402 συνειλεγμένων
765 4333 1074 4386 διεσκέδασε
1105 4332 1203 4403 τῆς
1221 4332 1536 4400 ἐκκλησίας.

379 4426 440 4478 '0
473 4425 657 4495 μέντοι
687 4441 751 4491 γε
791 4423 1076 4488 Ἰουλιανὸς
1109 4424 1248 4476 κατὰ
1278 4424 1376 4487 τὰς
1398 4423 1629 4487 Γαλλίας
1658 4421 1866 4495 διατρί-

1969 3408 2184 3472 doxius,
2224 3421 2348 3461 cum
2387 3408 2644 3461 thronum
2684 3407 3153 3477 Constantinopoli
3178 3409 3555 3478 suscepisset..

1970 3499 2024 3554 in
2057 3499 2173 3568 ipsa
2218 3496 2560 3552 dedicatione
2591 3501 2823 3568 primam
2867 3497 3015 3552 illam
3057 3500 3342 3566 audacem,
3372 3509 3540 3570 atque

1971 3589 2340 3659 impudentem
2385 3587 2567 3643 emisit
2611 3604 2821 3656 vocem,
2881 3587 3040 3643 Pater
3079 3590 3274 3660 impius
3305 3607 3323 3644 :
3358 3589 3540 3646 Filius

1969 3683 2108 3752 pius.
2154 3679 2408 3736 Tumultu
2457 3681 2625 3751 igitur
2671 3695 2884 3751 magno,
2952 3689 3006 3736 et
3053 3683 3321 3737 seditione
3373 3697 3541 3752 super

1971 3771 2074 3826 hac
2103 3785 2164 3825 re
2193 3779 2332 3835 orta,
2363 3770 2506 3825 malo
2544 3761 2747 3824 malum
2780 3770 3120 3844 restinguere
3148 3780 3380 3826 conatur
3411 3770 3544 3828 :.Ne

1973 3866 2172 3930 turbet,
2207 3863 2404 3934 inquit,
2461 3879 2547 3917 vos
2579 3863 2777 3915 dictum
2807 3878 3000 3917 meum.
3030 3860 3193 3916 Pater
3221 3863 3358 3917 enim
3396 3863 3543 3918 ἀσε-

1973 3952 2085 4022 ϐὴς
2127 3961 2225 4018 est,
2256 3953 2380 4022 quia
2411 3953 2664 4006 neminem
2706 3952 2873 4005 colit:
2917 3950 3092 4008 Filius
3146 3962 3321 4006 autent
3365 3955 3542 4007 εὐσε-

1973 4045 2084 4114 ϐὴς
2106 4046 2231 4116 quia
2259 4045 2384 4099 colit
2415 4043 2653 4099 Patrem.
2684 4045 2900 4100 Dicente
2925 4045 3037 4099 haec
3065 4045 3231 4114 impio
3262 4044 3541 4114 Eudoxio,

1974 4139 2236 4196 tumultus
2277 4136 2497 4207 quidem
2544 4137 2763 4192 sedatus
2812 4145 2914 4200 est,
2963 4137 3110 4192 risus
3156 4151 3289 4191 vero
3341 4137 3544 4194 multus

1971 4248 2072 4303 pro
2097 4231 2329 4286 tumultu
2367 4231 2696 4286 subsecutus
2737 4238 2840 4292 est,
2881 4229 3017 4284 adeo
3056 4237 3115 4283 ut
3159 4229 3316 4284 multi
3348 4245 3540 4286 eorum
3631 4281 3638 4285 .

1976 4323 2213 4378 ridentes
2236 4338 2301 4378 ex
2331 4321 2563 4377 ecclesia
2589 4322 2935 4378 decederent.

2045 4412 2248 4469 Verum
2283 4414 2337 4468 in
2370 4410 2560 4468 Galliis
2605 4411 2855 4469 Julianus
2907 4428 3096 4485 agens,
3142 4414 3314 4484 partis
3357 4416 3549 4472 multis

295 4515 430 4578 ϐων,
461 4513 556 4568 καὶ
597 4513 753 4576 νίκας
798 4513 1207 4583 ἀναδησάμενος
1233 4513 1374 4566 κατὰ
1419 4513 1730 4586 βαρϐάρων,
1766 4514 1858 4568 ύπέ

1975 4505 2044 4561 de
2078 4505 2333 4560 Barbaris
2361 4505 2608 4561 victoriis
2642 4513 2960 4572 coronatus,
2993 4521 3024 4560 a
3055 4506 3322 4562 militibus
3351 4508 3548 4577 Augu-

292 4606 406 4659 τῶν
423 4604 772 4676 στρατιωτῶν
794 4603 1228 4676 ἁνακηρύττεται
1254 4603 1523 4674 βασίλεύς.
1553 4606 1660 4659 Καὶ
1709 4607 1858 4659 Κων-

1977 4607 2096 4655 stus
2131 4607 2370 4653 creatur.
2422 4597 2577 4666 Quod
2631 4613 2757 4652 cum
2804 4597 3126 4653 rescisceret
3163 4597 3564 4666 Constantius,

295 4698 549 4760 στάντιος
599 4695 784 4767 μαθὼν
821 4696 921 4766 τὴν
951 4697 1252 4767 ἀνάρρησιν
1283 4695 1604 4766 βαπτίζεται
1658 4697 1756 4768 μὲν
1800 4699 1858 4768 τῇ

1979 4693 2290 4762 baptizatus
2314 4691 2381 4745 ab
2413 4691 2616 4746 Euzoio
2649 4690 2738 4746 Del
2765 4692 3078 4747 adversario
3108 4690 3209 4762 (⁷5),
3238 4691 3305 4746 ad
3341 4689 3546 4748 bellum

292 4788 557 4858 θεομάχῳ
609 4788 752 4857 χειρὶ
834 4787 1118 4852 Εύζωῖου,
1184 4788 1522 4853 ἐξοπλίζεται
1599 4788 1656 4840 δὲ
1732 4790 1858 4849 κατᾶ

1979 4793 2168 4842 contra
2209 4784 2386 4849 illum,
2420 4783 2511 4854 qui
2538 4782 2885 4852 exsurgehat,
2915 4783 3173 4838 accinxit.
3197 4783 3268 4838 At
3300 4797 3423 4837 cum
3454 4796 3548 4845 es-

290 4879 391 4932 τοῦ
421 4878 845 4941 ἐπαναστάντος.
874 4878 1170 4948 Γενόμενος
1198 4878 1257 4932 δὲ
1290 4879 1349 4932 ὲν
1387 4878 1575 4947 Μόψου
1601 4879 1648 4909 ⁸⁸
1688 4879 1858 4949 κρήνη

1978 4884 2063 4932 set
2102 4875 2157 4930 in
2195 4873 2398 4930 Ciliciae
2437 4873 2694 4944 oppidulo
2734 4871 3088 4944 Mopsocrene
3146 4874 3388 4939 nomine,
3437 4887 3550 4943 pra)

292 4971 598 5044 (πολίχνιον
625 4972 683 5025 δὲ
707 4970 864 5026 τοῦτο
884 4971 983 5043 τῆς
1004 4971 1280 5040 Κιλικίας)
1305 4970 1409 5026 ὑπὸ
1433 4969 1749 5042 φροντίδων,
1783 4966 1858 5033 αἷς

1979 4967 2346 5024 sollicitudine
2376 4965 2449 5022 ob
2483 4965 2684 5022 bellum
2714 4967 3002 5038 ap0plexia
3043 4974 3333 5037 correptus
3357 4965 3543 5036 exspi-

1588 5169 1822 5227 VARUE
1891 5170 2272 5227 LECTIONES

300 5349 696 5495 υίίόῖλιῗονυέ
720 5373 735 5411 ³
775 5354 968 5421 me“
998 5355 1135 5426 αὐτῇ
1171 5373 1230 5420 ς·
1307 5355 1605 5410 ⁸⁹καλοπιθ
1655 5372 1739 5426 Ρτ·
1807 5355 1872 5408 Αο
1945 5353 1995 5385 ⁸³
2030 5356 2178 5422 Φίλιξ
2231 5373 2291 5419 ς.
2367 5356 2414 5389 ει
2460 5354 2715 5420 Γαλλίους
2770 5353 2835 5410 Α.
2913 5353 2958 5386 οι
3009 5351 3181 5406 ταῦτα
3226 5348 3283 5404 δὲ
3329 5347 3423 5402 τοῦ
3486 5361 3560 5414 ς,

1816 5589 2048 5646 NOTAE.

380 5727 459 5798 (3)
500 5726 771 5784 Batonius
810 5725 1031 5783 Cardin.
1072 5735 1217 5782 tomo
1255 5723 1320 5781 Ill
1371 5725 1568 5782 Annal.
1615 5724 1842 5792 Eccles.,
1885 5741 2004 5796 pag.
2037 5723 2161 5779 675.
