3966 6240
210 277 324 344 153

1267 282 1872 346 BIBLIOTHECA.-—
1901 286 2063 348 COD.
2102 288 2395 352 CCLVIII.

3368 279 3466 343 154

213 396 538 470 βουλεύεται
568 395 884 452 ’Δθανάσιον
907 395 1150 452 ἐκποδὼν
1172 398 1419 468 ποιῆσαι,
1441 401 1785 473 ἐννοούμενος
1812 458 1814 464 λ

1919 411 2100 466 εείυιη
2134 412 2378 480 ejiceret,
2412 414 2565 463 ratus
2594 404 2938 461 Christianos
2959 401 3117 456 aliter
3147 397 3233 455 ald
3270 398 3465 466 impie-

210 494 317 559 ὡς,
351 492 509 562 είπερ
539 491 574 561 ἡ
616 489 963 561 Ἀλεξάνδρου
1004 490 1158 556 πόλις
1182 491 1395 546 ἐκείνου
1421 492 1782 566 ἀπαλλαγείη,

217 584 427 659 ῥᾳδίως
455 584 583 647 τοὺς
612 584 671 635 ὲν
702 584 840 654 αὐτῇ
870 584 1231 654 Χριστιανοὺς
1258 588 1338 647 είς
1359 588 1419 639 τὸ
1432 588 1629 640 οἰκεῖον
1652 586 1785 657 μεθ-

213 677 440 732 ελκύσει
456 676 794 748 δυσσέϐημα.
818 676 909 731 Διὸ
927 677 1088 731 πάλιν
1124 679 1474 747 συκοφάνται,
1497 681 1590 734 καὶ
1624 681 1790 735 πάλιν

215 768 550 840 στρατηγὸς,
579 770 675 822 καὶ
699 768 862 823 πάλιν
883 769 1133 839 στρατὸς,
1163 771 1255 824 καὶ
1276 770 1438 826 πάλιν
1475 771 1791 836 Ἀθανάσιος

215 860 645 930 ὲκζητούμενος.
676 862 772 915 καὶ
797 860 961 916 πάλιν
989 862 1158 931 φυγή.
1203 862 1315 915 Kal
1344 866 1444 933 τῆς
1497 864 1790 934 ἐκκλησίας

216 952 395 1024 λάθρα
412 952 636 1023 διαδρὰς
661 952 884 1017 ὁλκάδος
908 952 1177 1006 ἐπιϐαίνει
1201 952 1298 1007 καὶ
1314 953 1409 1006 ἐπὶ
1435 954 1533 1025 τὴν
1549 953 1792 1025 Θηϐαΐδα

220 1044 485 1115 ιθύνεται,
505 1043 599 1097 καὶ⁸
623 1045 652 1096 ό
684 1044 967 1116 σατράπης
984 1044 1207 1099 ὄπισθεν
1235 1045 1257 1077 ⁸
1283 1044 1610 1099 καταδιώκει
1637 1063 1653 1078 ·
1698 1046 1792 1098 καὶ

223 1134 492 1207 μηνύεται
519 1134 682 1188 τοῦτο
707 1136 736 1188 ὁ
774 1135 1121 1206 διωκόμενος,
1152 1138 1246 1190 καὶ
1289 1137 1413 1206 ὅψις
1472 1136 1635 1189 αὐτὸν
1673 1135 1794 1190 θεία

226 1225 664 1297 παρακελεύεται
683 1227 1104 1299 ἀντιστρέψαιτὸ
1118 1228 1301 1281 πλοῖον
1324 1229 1419 1282 καὶ
1437 1228 1532 1299 τὴν
1547 1228 1794 1281 ἐναντίαν

232 1321 542 1383 πλοῖζεσθαι
571 1321 617 1375 ⁷.
646 1320 766 1374 Τῶν
795 1321 853 1374 δὲ
878 1323 1145 1375 συνόντων
1177 1322 1496 1375 κωλυόντων
1518 1323 1577 1374 οὐ
1600 1321 1781 1388 λόγοις

234 1416 394 1483 μόνον
414 1412 552 1466 ἀλλά
573 1413 672 1466 καὶ
698 1412 946 1483 δάκρυσι,
976 1412 1102 1483 μηδ’
1130 1413 1210 1475 είς
1237 1413 1458 1484 ὄλεθρον
1487 1412 1627 1466 οὕτω
1661 1428 1794 1484 προ-

229 1499 371 1571 φανῆ
404 1500 601 1554 ἑαυτὸν
651 1517 712 1553 τε
740 1500 764 1531 ⁸
806 1501 1093 1564 κάκείνους
1123 1501 1393 1565 ἐκδοῦναι,
1442 1502 1706 1573 ἐθάρρυνὲ
1734 1518 1793 1554 τε

228 1592 401 1664 μηδὲν
425 1592 447 1624 ³
481 1591 732 1654 δεδιέναι,
765 1593 860 1645 καὶ
881 1591 1226 1647 ἀνεδίδασκεν
1252 1592 1328 1653 ὡς
1353 1593 1414 1646 τὸ
1438 1593 1592 1647 Θεῖον
1615 1594 1798 1656 αὐτοῖς

224 1687 311 1753 εἴη
349 1684 665 1754 σύμμαχον.
718 1683 812 1748 Ἐξ
842 1685 1188 1755 ὑποστροφῆς
1220 1685 1311 1739 οὖν
1344 1686 1480 1757 πρὸς
1505 1686 1798 1755 τὴνΆλεξ-

225 1776 483 1847 ἀνδρειαν
519 1776 876 1845 ἀναγομένοις
924 1776 1258 1830 συναντῶσιν
1286 1778 1336 1830 οῑ
1379 1776 1665 1841 διώκοντες
1704 1778 1800 1831 καὶ
1833 1763 1875 1818 Β

226 1866 586 1938 ἐπερωτῶσιν
608 1866 662 1923 εί
693 1885 795 1922 που
827 1868 985 1921 ἴδοιεν
1045 1868 1362 1925 Ἀθανάσιον
1418 1869 1686 1937 φεύγοντα
1710 1886 1726 1901 ο
1750 1870 1800 1924 οί

229 1958 285 2013 δὲ
305 1957 606 2028 ἠμείϐοντο
635 1960 731 2012 καὶ
772 1957 901 2012 ίδείν
936 1958 1124 2027 αὑτὸν,
1159 1958 1255 2011 καὶ
1282 1957 1360 2021 ὡς
1391 1960 1439 2011 εἰ
1472 1958 1516 1990 ⁸⁸
1545 1958 1804 2030 ἐπιταχύ-

230 2072 382 2110 νειαν
401 2054 594 2108 τοῦτον
616 2054 1047 2125 καταλήψεσθαι.
1078 2055 1190 2109 Kal
1216 2054 1441 2120 τούτους
1465 2054 1565 2125 μὲν
1587 2056 1804 2110 πλανω-

237 2148 435 2219 μένους
482 2148 838 2218 ἀπέπεμπον,
870 2148 1027 2201 αὐτοὶ
1052 2147 1109 2200 δὲ
1137 2146 1330 2200 θᾶττον
1377 2149 1457 2211 είς
1488 2148 1587 2219 τὴν
1656 2148 1807 2202 Ἀλε-

236 2241 465 2310 ξάνδρου
489 2240 864 2311 κατήχθησαν.
893 2239 1003 2293 Kal
1023 2238 1231 2309 βραχὺν
1257 2238 1447 2310 χρόνον
1472 2239 1809 2311 ἀποκρυϐεὶς

232 2333 263 2384 ὁ
290 2330 603 2395 θεσπέσιος,
642 2328 930 2387 Ἰουλιανοῦ
952 2328 1048 2382 τοῦ
1096 2328 1430 2384 Ἀποστάτου
1455 2329 1553 2400 τὴν
1573 2330 1727 2396 δίκην
1752 2331 1809 2382 ἐν

1885 515 2052 561 tatem
2096 505 2318 559 minime
2359 500 2569 556 traduci
2611 514 2795 570 posse,
2841 496 2947 551 ni-si
2977 490 3324 548 Alexanldria
3375 489 3467 542 ille

1889 598 2197 671 pelleretur.
2224 594 2404 663 Quare
2438 594 2632 647 iterum
2668 590 2919 644 oriuntur
2945 593 3182 642 accusati
3200 597 3332 648 ires,
3364 580 3467 635 ite-

1887 708 2009 749 rum
2033 690 2163 754 dux,
2192 698 2250 743 et
2271 686 2469 742 milites
2504 702 2517 739 :
2548 697 2769 738 rursum
2804 679 3139 735 Athanasius
3165 674 3467 747 qplzeritur,

1889 796 1943 843 et
1970 784 2127 855 fugit.
2157 780 2365 838 Furtim
2399 780 2584 848 itaque
2624 790 2690 831 ex
2719 772 2851 827 urbe
2884 772 3099 841 fugiens
3133 767 3471 823 conscendit

1889 894 2104 943 navem,
2138 878 2195 932 in
2222 873 2552 930 Thebaidem
2581 872 2747 925 venit.
2780 865 3008 935 Satrapa
3044 864 3192 920 illum
3243 878 3273 917 a
3314 873 3469 931 tergo

1890 979 2111 1029 secutus
2138 977 2222 1026 est
2253 987 2268 1023 :
2301 966 2445 1038 quod
2472 980 2595 1019 cum
2633 963 2724 1017 ille
2757 959 3101 1029 intelligeret,
3132 956 3326 1010 diuina
3374 970 3470 1009 vo-

1891 1066 2099 1121 luntate
2149 1061 2314 1116 vertit
2371 1056 2684 1127 navigium,
2755 1059 2811 1107 et
2867 1049 3087 1105 obviam
3146 1044 3470 1115 insequenti

1893 1157 2133 1226 navigat.
2156 1152 2271 1209 Illis
2294 1167 2445 1217 vero,
2472 1150 2565 1221 qui
2589 1152 2778 1204 sancto
2802 1144 3032 1199 aderant
3060 1139 3467 1203 inhibentibus,

1892 1250 2027 1319 quin
2075 1247 2237 1303 etiam
2285 1242 2645 1314 plorantibus,
2688 1253 2758 1293 ne
2792 1237 2845 1292 in
2877 1245 3126 1307 apertum
3169 1231 3470 1287 discrimen

1895 1357 1954 1396 sc
2013 1354 2255 1409 suosque
2295 1335 2610 1405 conjiceret,
2668 1332 2745 1385 ait
2802 1338 3025 1385 sanctus
3082 1320 3467 1379 Athanasius:

1894 1431 2184 1499 Confidite,
2222 1430 2390 1484 nolite
2423 1427 2636 1486 timere,
2662 1422 2806 1477 Deus
2845 1420 2989 1475 enim
3027 1432 3137 1471 una.
3178 1413 3470 1469 nobiscum

1897 1536 2118 1597 pugnat.
2184 1523 2391 1590 Itaque,
2445 1530 2711 1573 converso
2755 1527 2919 1567 cursu
2980 1521 3155 1572 retro,
3220 1504 3474 1560 feruntur

1898 1614 2283 1671 Alexandriam
2326 1622 2537 1664 versus.
2596 1606 2902 1659 Occurrunt
2953 1606 3374 1669 persecutores,
3419 1601 3475 1646 et

1900 1714 2094 1777 rogant
2118 1719 2249 1759 num
2279 1698 2641 1757 Athanasium
2664 1692 2858 1769 4841)
2884 1690 3184 1760 fugientem
3213 1685 3471 1741 viderint.

1902 1797 1983 1853 illi
2041 1806 2223 1852 autem
2281 1791 2683 1862 responderunt
2728 1802 2785 1841 se
2832 1783 3068 1843 vidisse,
3122 1793 3230 1833 nec
3281 1774 3475 1847 procul

1901 1890 2091 1945 abesse
2118 1905 2132 1942 :
2163 1887 2210 1942 si
2236 1890 2574 1940 maturarent
2612 1885 2982 1935 assecuturos.
3010 1871 3102 1926 Sic
3128 1870 3257 1925 illos
3282 1882 3477 1922 erran-
3516 1876 3521 1881 '

1903 1991 1985 2038 tes
2036 1979 2388 2035 dimiserunt.
2434 1973 2541 2045 Ipsi
2604 1985 2734 2032 vero,
2785 1966 3033 2022 celeriter
3082 1958 3474 2015 Alexandriam

1903 2087 2096 2129 navem
2169 2067 2514 2140 appulerunt.
2580 2060 2865 2127 Parvoque
2934 2062 3183 2123 tempore
3254 2050 3478 2104 latitans

1907 2166 2259 2229 Athanasius,
2289 2160 2513 2217 Juliano
2539 2159 2591 2212 in
2623 2154 2809 2212 Persia
2841 2150 3099 2207 divinitus
3124 2147 3476 2212 interempto,

1906 2279 2032 2319 cum
2082 2261 2331 2315 libertate
2364 2254 2593 2309 verbum
2630 2249 2726 2303 Dei
2768 2241 3121 2316 praedicabat,
3176 2246 3231 2293 et
3274 2236 3480 2292 saluta-

1907 2370 2021 2413 rem
2052 2354 2210 2413 fldem
2237 2347 2564 2407 enuntiavit.

237 2422 479 2490 Πέρσαις
502 2420 897 2491 ἀπατηθέντος
922 2461 938 2487 ,
974 2422 1425 2493 ὲπαρῤησιάσατό
1468 2437 1528 2473 τε
1572 2420 1664 2474 καὶ
1710 2419 1811 2491 τὴν
1896 2464 1897 2467 η

238 2517 329 2571 τοῦ
360 2517 664 2580 σεσωκότος
684 2516 867 2570 πίστιν
888 2514 1212 2585 ὲδογμάτιξὲ
1227 2531 1285 2567 τε
1310 2514 1404 2568 καὶ
1423 2514 1809 2586 ἀνεκήρυττεν.

322 2609 487 2663 Ἀλλὰ
509 2608 618 2681 γὰρ
650 2607 935 2670 Ἰουλιανὸς
960 2606 1058 2678 μὲν
1080 2608 1139 2660 ὲν
1166 2605 1389 2677 Περσίδι
1417 2606 1679 2677 ἀνῃρέθη,
1702 2606 1812 2659 τῶν

247 2703 345 2772 μὲν
367 2703 449 2764 είς
482 2700 704 2770 Πέρσην
722 2698 846 2751 τινά
878 2697 987 2753 τῶν
1040 2695 1357 2766 αὐτομόλων
1378 2696 1478 2762 τὴν
1530 2696 1813 2765 ἀναίρεσιν

241 2790 643 2862 ἀναφερόντων,
661 2789 771 2851 τῶν
791 2789 849 2842 δὲ
871 2787 949 2852 είς
974 2804 1097 2840 τινα
1116 2786 1224 2838 τῶν
1244 2784 1519 2843 ὑποτελῶν
1547 2802 1814 2855 στρατιω-

241 2884 352 2936 τῶν
388 2900 407 2918 ν
436 2883 467 2935 ὁ
496 2882 555 2935 δὲ
584 2882 753 2945 πολὺς
782 2880 876 2934 καὶ
901 2881 1001 2950 τῆς
1049 2878 1310 2950 ἀληθείας
1336 2878 1629 2949 ἐγγύτερος
1658 2877 1815 2947 λόγος

246 2975 509 3047 θεήλατον
545 2973 711 3028 αὑτὸν
754 2973 1053 3043 ὑποστῆναι
1105 2973 1205 3041 τὴν
1239 2972 1455 3041 σφαγὴν
1490 2972 1814 3027 ἐκδιδάσκει.

246 3064 637 3136 Καταπρέφει
667 3062 713 3116 δ’
756 3060 849 3116 οὖν
885 3062 929 3098 ⁸⁸
974 3064 1067 3116 τὸν
1108 3062 1221 3132 βίον
1267 3063 1328 3116 ἓν
1359 3063 1454 3115 καὶ
1491 3063 1817 3131 τριακοστὸν

250 3156 498 3219 διαϐιοὺς
527 3154 669 3221 ἔτος,
707 3155 766 3207 ἐν
794 3154 852 3208 δὲ
883 3157 949 3225 τῇ
984 3152 1231 3223 βασιλείᾳ
1286 3153 1460 3223 μῆνας
1493 3152 1684 3205 εἴκοσι.
1712 3153 1820 3204 Kal

251 3248 559 3318 διαδέχεται
602 3246 705 3316 τὴν
728 3244 1039 3317 Ῥωμαϊκὴν
1072 3243 1345 3315 βασιλείαν
1374 3244 1538 3312 ψήφω
1553 3244 1645 3295 τοῦ
1680 3259 1816 3295 παν-

1975 2597 2228 2654 Julianus
2288 2591 2433 2647 enim
2484 2588 2539 2643 in
2598 2582 2825 2639 Perside
2880 2576 3132 2636 sublatus
3178 2579 3289 2635 est,
3349 2568 3473 2624 aliis

1912 2689 2134 2764 quidem
2162 2688 2340 2742 Persae
2368 2682 2585 2739 cuidam
2614 2675 2913 2743 transfugae
2935 2676 3168 2725 mortem
3193 2666 3484 2734 imputan-

1915 2752 2081 2848 tibus,
2126 2778 2252 2833 aliis
2280 2789 2411 2832 vero
2443 2771 2605 2827 alicui
2652 2784 2685 2825 e
2730 2764 3016 2821 militibus.
3066 2758 3170 2813 Sed
3208 2752 3486 2810 verisimi-

1917 2876 2023 2929 lius
2067 2846 2149 2926 est
2204 2884 2235 2923 a
2289 2866 2648 2937 pluribusque
2697 2856 2963 2913 creditum
3016 2849 3279 2907 divinitus
3329 2846 3485 2899 illum

1919 2962 2264 3020 interfectum
2301 2973 2440 3013 esse.
2486 2955 2674 3023 Itaque
2708 2949 2900 3021 viginti
2924 2953 3137 3001 tantum
3184 2952 3402 2996 menses
3431 2937 3487 2989 in
3556 2938 3561 2945 ‘

1920 3056 2133 3126 imperii
2187 3052 2402 3121 fastigio
2443 3047 2546 3103 fuit
2574 3045 2828 3103 Julianus
2860 3059 2873 3095 :
2921 3040 3058 3094 vixit
3094 3042 3276 3090 autem
3310 3042 3487 3086 annos

1923 3163 2092 3203 unum
2152 3155 2206 3201 et
2249 3144 2492 3213 triginta.
2543 3139 2589 3192 A
2633 3145 2805 3191 morte
2853 3132 3017 3202 igitur
3057 3126 3259 3183 Juliani
3288 3164 3305 3190 ,
3352 3137 3487 3177 con-

1926 3256 2089 3298 sensu
2129 3237 2295 3293 totius
2327 3231 2599 3289 exercitus
2630 3227 2893 3282 Jovianus
2935 3232 3166 3288 regnum
3226 3213 3488 3283 capessit,

1927 3333 2083 3401 cujus
2112 3328 2276 3399 paulo
2305 3332 2431 3379 ante
2462 3318 2831 3376 meminimus.
2863 3310 2971 3366 Sed
3001 3310 3093 3363 ille
3118 3315 3246 3360 octo
3271 3314 3492 3357 menses

1686 3428 1825 3489 ἧνας
1928 3393 2140 3481 tantum
2170 3417 2399 3489 imperio
2430 3414 2633 3485 potitus
2664 3410 2720 3464 in
2751 3403 3004 3477 Bithynia
3042 3399 3179 3454 obiit
3208 3414 3224 3451 :
3261 3395 3350 3453 cui
3387 3393 3494 3447 Va-

256 3527 457 3597 μόνους
516 3526 577 3579 ἐν
619 3527 684 3595 τῇ
734 3524 982 3595 βασιλεία
1035 3523 1328 3592 διαρκέσας
1392 3522 1532 3574 κατά
1576 3520 1826 3573 Βιθυνίαν

251 3618 543 3673 ἀπολείπει
572 3618 641 3671 τὰ
661 3617 996 3689 ἀνθρώπινα.
1034 3617 1166 3671 Μετ’
1194 3617 1401 3669 ἐκεῖνον
1435 3614 1492 3667 δὲ
1536 3613 1828 3667 Οὑαλεντι-

252 3710 464 3775 νιανὺς,
498 3708 658 3781 ἀνὴρ,
707 3708 897 3779 ὥσπερ
944 3708 973 3761 ὀ
1024 3707 1132 3778 πρὸ
1151 3704 1338 3770 αὑτοῦ,
1390 3708 1489 3776 τῆς
1549 3705 1832 3767 εὐσεϐείας

257 3802 630 3873 ὑπέρμαχος·
685 3802 781 3855 καὶ
820 3798 1087 3867 λαμϐάνει
1132 3797 1390 3853 κοινωνὸν
1443 3796 1539 3866 (ὡς
1587 3795 1700 3853 είθε
1755 3795 1830 3867 μὴ

259 3894 466 3963 ὡφελε)
515 3894 623 3946 τῶν
688 3890 1010 3964 Ῥωμαϊκῶν
1059 3890 1355 3960 σκήπτρων
1400 3888 1679 3942 Οὐάλεντα
1735 3888 1829 3942 τὸν

1935 3609 2146 3667 socium
2192 3605 2413 3659 fratrem
2463 3596 2743 3650 Valentem
2790 3587 2961 3662 (quod
3015 3584 3223 3639 utinam
3269 3578 3499 3632 minime

1940 3700 2165 3768 factum)
2195 3693 2417 3764 accipit.
2449 3688 2555 3745 Sed
2588 3682 3007 3742 Valentinianus
3038 3674 3260 3744 triginta
3284 3678 3499 3723 tantum
3534 3684 3539 3689 τ

1934 3796 2049 3850 dies
2084 3762 2549 3854 Cdnstanﬁtinopoli
2601 3777 2929 3835 subsistens,
2969 3766 3184 3823 Valenti
3222 3762 3501 3819 Orientem

1939 3882 2226 3946 concessit,
2260 3881 2381 3948 ipse
2411 3876 2479 3930 ad
2512 3869 2861 3929 Occidentem
2893 3880 2953 3920 se
2982 3860 3207 3930 recepit.

259 3940 515 4055 ἀδελφόν.
556 3985 666 4039 Καὶ
706 3940 851 4056 iis»;
899 3982 1120 4055 ἡμερῶν
1150 3940 1866 4037 ⁸ἐν’*ήίέων-σταντινουπόλει
1918 3940 2224 4046 διατρίψας,
2252 3940 2509 4040 ἀίρορίζει,
2555 3965 2651 4035 μὲν
2714 3958 2978 4013 Οὐάλεντι
3026 3951 3124 4023 τὴν
3210 3940 3500 4013 ἀνατολὴν,

261 4077 414 4148 αὑτῷ
440 4078 497 4129 δὲ
522 4076 694 4129 λείπει
724 4076 823 4145 τῆς
848 4074 1063 4137 Δύσεως
1090 4074 1189 4143 τὴν
1221 4074 1413 4145 ἀρχήν.
1442 4140 1443 4143 η

345 4172 506 4229 Ἐπεὶ
535 4170 591 4224 δὲ
651 4164 804 4233 οὗτος
834 4172 911 4231 εἰς
938 4168 1099 4225 Λύσιν
1128 4169 1359 4237 ἀπῆρεν,
1383 4168 1411 4219 ό
1448 4164 1675 4233 ἀδελφὸς
1736 4161 1837 4232 μὲν

260 4267 383 4329 ταῖς
449 4264 745 4334 μητρικαῖς
780 4261 984 4327 ὠδῖσιν,
1020 4261 1117 4313 οὐκ
1160 4259 1386 4329 ἀδελφὸς
1427 4258 1504 4323 δὲ,
1553 4257 1686 4310 ἀλλὰ
1739 4255 1833 4308 καὶ

2002 4157 2253 4222 Cumque
2307 4149 2361 4203 in
2424 4142 2772 4203 Occidentem
2828 4132 3105 4193 venisset,
3158 4127 3331 4181 frater
3385 4122 3507 4193 ejus

1933 4214 2179 4303 uterinus
2212 4241 2458 4313 quidem,
2505 4234 2598 4291 sed
2630 4231 2733 4287 tide
2774 4227 2973 4288 hostis,
3020 4216 3368 4290 implacabile
3398 4214 3505 4267 bel-

265 4308 593 4420 ιὶννιιίπιιῗλίλῖΓ
624 4356 723 4426 τὴν
773 4355 956 4408 πίστιν
969 4308 998 4420 ⁷,
1061 4308 1317 4425 πόλεμονῐ
1364 4308 1629 4406 ἀσπόνδον
1691 4348 1814 4403 κατά

1931 4344 2054 4399 lum
2093 4308 2413 4393 orthodoxa
2434 4325 2687 4384 Ecclesia:
2716 4320 2903 4378 movit.
2929 4318 3007 4374 Ac
3026 4314 3260 4384 primum
3290 4308 3509 4380 quidem

265 4452 399 4527 [790
428 4448 526 4523 [1.]
555 4448 653 4519 τῆς
677 4447 982 4518 όρθοδοξίας
1007 4449 1165 4501 κινεῖ.
1185 4442 1450 4519 [144984
1481 4444 1591 4498 Kal
1618 4443 1837 4513 πρῶτον

271 4547 373 4616 μὲν
403 4544 498 4596 τὸν
526 4541 836 4611 θαυμαστὸν
858 4539 1116 4594 Μελέτιον
1145 4539 1250 4592 ὑπὸ
1290 4535 1572 4593 Ἰουλιανοῦ
1602 4533 1839 4602 ἀνακλη-

267 4634 434 4687 θέντα
461 4634 558 4687 καὶ
585 4633 675 4687 τὸν
704 4634 900 4687 οἰκεῖον
915 4631 1254 4701 ἀπειληφότα
1278 4629 1465 4700 θρόνον
1517 4625 1834 4697 ὑπερορίζει

270 4726 415 4797 μετά
441 4726 541 4780 καὶ
590 4724 799 4779 πολλῶν
842 4724 1021 4778 ἄλλων
1048 4722 1352 4799 ἀρχιερέων
1397 4738 1461 4774 τε
1489 4719 1586 4779 καὶ
1630 4718 1739 4772 τῶν
1781 4719 1839 4771 ὲν

268 4816 458 4887 κλήρῳ
482 4814 741 4884 λογάδων,
762 4815 953 4868 ἔπειτα
986 4814 1041 4866 δὲ
1077 4814 1171 4866 καὶ
1215 4810 1316 4884 τὴν
1361 4810 1635 4879 Αίγυπτον
1677 4809 1845 4867 ἐκτα-

274 4910 467 4977 ράσσει
496 4908 560 4962 μ’.
593 4908 706 4961 Kal
751 4907 966 4969 στάσεις
1018 4906 1112 4959 καὶ
1176 4903 1394 4975 θόρυϐοι
1444 4890 1846 4974 χαλεπώτεροι

271 5000 385 5051 τῶν
439 4999 760 5068 φθασάντων
820 4997 1049 5052 διέσειον
1103 4998 1202 5067 τὴν
1284 4993 1675 5064 Ἀλεξανδρέων
1749 4990 1847 5043 πόα

275 5090 382 5147 λιν.
442 5090 638 5153 Δεδιὼς
690 5091 748 5144 δι
803 5092 832 5144 ὁ
870 5090 1163 5161 θεόληπτος
1215 5089 1290 5165 μὴ
1344 5090 1454 5155 ἄρα
1503 5087 1603 5157 τῆς
1651 5086 1709 5138 ἐν
1766 5080 1846 5152 τῷ

278 5183 478 5255 πλήθει
546 5184 789 5249 στάσεως
837 5184 999 5253 αὐτὸς
1045 5183 1144 5261 τὴν
1194 5183 1370 5238 αἰτίαν
1410 5180 1602 5246 λάϐοι,
1653 5178 1847 5231 τέσσαέ

1945 4439 2192 4491 sanetum
2220 4425 2459 4481 Melitum
2484 4434 2516 4475 a
2544 4416 2762 4474 Juliano
2792 4421 3132 4471 revocatum,
3175 4412 3232 4460 et
3259 4401 3494 4473 propriae

1945 4525 2062 4585 sedi
2096 4521 2407 4577 restitutum
2440 4523 2495 4569 et
2539 4511 2677 4566 alios
2706 4507 2910 4564 multos
2947 4502 3253 4573 episcopos,
3294 4503 3349 4549 et
3377 4491 3510 4548 cleri

1944 4581 2246 4689 praecipuos
2270 4605 2465 4665 exsilio
2494 4602 2706 4659 multat.
2728 4595 2932 4651 Deinde
2963 4600 3133 4646 totam
3164 4586 3327 4643 etiam
3352 4581 3512 4651 Egy-

1946 4678 2336 4783 ptum-turbat,
2358 4696 2644 4758 tumultus,
2673 4686 3089 4763 persecutioque
3119 4678 3315 4749 major,
3347 4688 3510 4745 quam

1948 4767 2107 4860 antea
2140 4810 2405 4866 unquam,
2431 4785 2814 4848 Alexandriam
2871 4778 3100 4837 invadit.
3131 4773 3375 4827 Metuens
3410 4767 3516 4820 ita.

1946 4911 2054 4967 que
2101 4864 2455 4956 Athanasius,
2501 4897 2571 4938 ne
2617 4880 2673 4935 in
2737 4891 2797 4932 se
2845 4871 3045 4930 seditio
3094 4864 3503 4925 transferretur,

1952 4961 2095 5043 totos
2141 4990 2374 5054 quatuor
2433 4987 2652 5031 menses
2706 4970 2761 5025 in
2810 4964 3050 5038 patrium
3099 4961 3511 5013 monumentum

1952 5050 2201 5149 seipsum‘
2246 5071 2474 5129 abdidit.
2532 5064 2815 5126 Tatianus,
2854 5070 2982 5113 tunc
3037 5050 3255 5122 Egypti
3294 5057 3513 5144 praeses,

1952 5134 2208 5235 caedium,
2237 5166 2437 5240 quibus
2466 5159 2656 5219 multis
2692 5153 2974 5224 Egyptios
3001 5146 3284 5206 aliiixerat,
3329 5134 3511 5191 statim

1524 5370 1760 5429 VARIA‘I
1823 5361 2217 5424 LECTIONES.

353 5568 376 5599 ⁸
405 5564 596 5619 ὄπιθεν
626 5562 694 5619 A.
766 5565 787 5595 ⁷
817 5562 1145 5628 πλωϊζεσθαι
1175 5582 1238 5629 ς,
1310 5563 1334 5596 ⁸
1371 5579 1431 5615 τε
1504 5575 1613 5614 om.
1650 5557 1715 5611 A.
1791 5552 2039 5629 ’_pn§év_
2061 5551 2105 5604 Δ
2134 5566 2149 5629 ξ
2185 5546 2264 5629 μή
2285 5563 2346 5609 ςο

2437 5542 2481 5573 ¹⁰
2508 5539 2556 5593 εί
2601 5551 2710 5592 om.
2749 5535 2815 5589 A.
2913 5530 2955 5561 “
2984 5529 3030 5581 δ’
3057 5519 3149 5580 οὖν
3175 5523 3221 5593 A
3248 5540 3263 5576 :
3295 5517 3512 5593 yoi'wg,

353 5590 376 5599 ν
405 5590 596 5619 οπιυεν
626 5590 694 5619 ει.
770 5590 780 5595 -
817 5590 1145 5628 πλωιςεσυαι
1175 5590 1238 5629 ς.
1313 5590 1332 5596 τ
1371 5590 1431 5615 τε
1504 5590 1613 5614 υιιι.
1650 5590 1715 5611 η.
1845 5590 2005 5624 ,ιη-η,
2061 5590 2105 5604 ..
2137 5590 2149 5602 .
2185 5590 2258 5617 ιη,
2289 5590 2346 5609 ,.
2513 5590 2553 5593 _-
2611 5590 2625 5592 _

285 5639 329 5671 ¹²
358 5636 455 5692 καὶ
476 5634 576 5706 τὴν
604 5636 826 5707 μνήμην
855 5650 917 5696 ς.
954 5634 1000 5707 [³
1035 5634 1176 5690 κατά
1199 5634 1295 5707 τῆς
1316 5633 1435 5707 ὀρθ.
1453 5629 1542 5703 AB
1566 5648 1582 5687 :
1614 5629 1753 5684 κατά
1779 5618 2214 5701 τῆςἘκκλησίας
2240 5617 2405 5699 ήγουν
2425 5612 2525 5683 τῆς
2551 5609 2669 5682 ὀρθ.
2702 5622 2763 5681 ς.
2788 5604 2829 5637 ³⁸
2862 5591 3210 5680 ὲκταράσσει]
3242 5590 3509 5668 καταρᾴσε

288 5724 371 5770 σει
400 5707 445 5775 Δ
480 5725 497 5764 :
524 5702 738 5789 καταρρ
768 5702 922 5762 ἀσσει
954 5702 1014 5760 Β.
