3944 6242
409 215 513 283 155

1564 221 1828 283 ΡΗΟΤΙΙ
1859 221 2363 284 PATRIARCH/E
2390 221 2497 284 (ΖΡ.

3543 213 3644 279 156

405 345 598 404 ρωπος
651 327 849 385 divina
883 330 1124 388 vindicta
1177 330 1347 387 dedit.
1410 330 1588 389 Simul
1619 335 1763 390 enim
1795 334 1975 406 digni-

2111 354 2178 400 ας
2224 336 2376 400 ὅλους
2417 337 2591 407 μῆνας
2620 331 2811 393 ἑαυτὸν
2858 338 2917 394 ὲν
2943 337 3182 408 πατρῴῳ
3212 337 3255 372 ⁸⁸
3292 332 3446 404 τάφῳ
3474 348 3645 386 κατα-

405 430 540 483 tate.
585 430 639 477 et
675 422 934 492 pecuniis
965 423 1212 494 privatus
1260 426 1453 496 stipem
1499 428 1672 497 petiit,
1699 428 1899 500 485α
1927 437 1982 485 et

2111 427 2337 498 ιρῦπτει.
2383 429 2440 482 '0
2478 429 2534 482 δὲ
2556 430 2682 493 τοὺς
2712 432 2854 486 κατά
2886 431 2983 503 τὴν
3004 431 3280 500 Αἴγυπτον
3311 427 3502 498 φόνους
3539 441 3646 477 πα-

408 534 586 574 ςδεουε
615 517 990 588 ignominiose
1016 526 1262 573 mortuus
1280 529 1383 574 est.
1412 517 1600 577 Tantis
1630 521 1794 590 igitur
1825 522 1982 578 malis

2111 521 2403 592 ,αμὼμενος
2435 523 2695 584 Τατιανὸς
2754 520 2822 596 ἦν
2875 525 2904 578 6
2947 524 3152 595 ταύτης
3205 522 3442 590 ἔπαρχος
3492 518 3557 583 ³⁸,
3589 517 3648 570 ὃν

410 609 615 677 ubique
667 607 1099 679 grassantibus,
1165 617 1512 668 terraamotus
1594 613 1986 681 superveniens

2111 614 2269 685 Ιθεία
2337 615 2459 686 δίκη
2505 616 2598 669 καὶ
2641 617 2738 687 τῆς
2791 616 3100 687 μιαιφονίας
3151 616 3245 669 καὶ
3306 611 3407 682 τῆς
3460 610 3652 664 δυσσε-

413 700 771 765 universalis,
821 701 1023 758 multas
1065 704 1227 759 urbes
1257 706 1472 772 evertit,
1518 713 1573 760 et
1601 705 1787 760 decem
1814 703 1892 774 (5)
1930 707 1989 761 ln

413 794 569 848 Creta
617 810 633 846 :
681 809 835 850 mare
889 795 1054 849 etiam
1111 795 1373 852 terminos
1424 797 1676 853 excessit.
1727 796 1990 864 Quaedam

414 885 560 939 enim
589 885 719 939 loc-a
752 885 886 941 adeo
911 886 1218 951 inundavit,
1249 895 1310 940 ut
1331 902 1453 955 qum
1480 887 1692 942 consita
1719 895 1844 942 ante
1871 888 1991 943 fue-

414 986 557 1040 rant,
596 979 1015 1046 navigarentur.
1065 979 1200 1033 Aliis
1251 990 1434 1033 autem
1480 979 1615 1034 locis
1645 989 1855 1034 tantum
1899 995 1990 1035 re-

414 1069 601 1131 cessit,
625 1075 691 1123 υιι
728 1068 784 1123 in
819 1070 968 1124 sicco
994 1069 1194 1138 reperti
1236 1069 1345 1125 sint
1388 1070 1725 1139 navigantes.
1761 1070 1868 1126 Sed
1907 1071 1993 1128 his

415 1158 673 1212 omnibus
736 1174 847 1213 non
904 1160 1137 1228 resipuit
1204 1159 1422 1215 Valens.
1480 1160 1750 1226 Quoniam
1810 1171 1993 1217 autem

419 1259 639 1320 propter
672 1249 982 1306 absentiam
1034 1253 1209 1306 sancti
1253 1253 1540 1308 Athanasii
1582 1261 1732 1309 totus
1761 1256 1995 1324 populus

418 1341 769 1396 Alexandriae
805 1344 923 1410 ejus
951 1343 1224 1398 desiderio
1258 1345 1718 1410 tumultuabatur,
1748 1345 1995 1400 dicebat-

417 1448 528 1502 que
563 1448 674 1486 non
707 1441 918 1488 tantum
966 1448 1025 1488 se
1063 1435 1344 1489 onerarias
1383 1451 1571 1502 naves,
1606 1451 1793 1492 verum
1831 1436 1996 1492 etiam

420 1524 642 1595 publica
669 1526 903 1580 aediﬁcia
938 1527 1062 1597 igne
1104 1537 1579 1597 consumpturum,
1613 1528 1719 1582 nisi
1749 1527 1998 1584 Athana-

2087 705 2237 769 ϐείας
2264 707 2453 760 θᾶττον
2509 704 2740 775 μετῆλθε
2770 722 2787 738 ο
2826 707 2919 760 τοῦ
2957 725 3017 760 τε
3051 706 3160 776 γὰρ
3194 702 3506 773 ἀξιώματος
3554 696 3651 750 καὶ

2089 795 2196 849 τῶν
2239 795 2444 851 πολλῶν
2490 794 2743 850 ἐκπίπτει
2793 798 3111 869 χρημάτων,
3145 795 3237 848 καὶ
3293 793 3390 862 τῆς
3446 787 3653 862 τροφῆς

2091 887 2257 955 αὐτῆς
2290 888 2517 958 ἐπαίτης
2539 884 2607 961 ἦν
2635 904 2650 918 ·
2686 888 2824 944 άλλά
2856 888 2951 942 καὶ
2977 888 3102 951 τοὺς
3151 885 3461 954 ὀφθαλμοὺς
3515 881 3655 934 ἀπο-

2093 980 2268 1034 ϐαλὼν
2281 981 2370 1036 τὸν
2396 980 2507 1052 βίον
2527 981 2792 1052 ἀλγεινῶς
2804 998 2864 1035 τε
2886 982 2980 1036 καὶ
2996 979 3232 1048 αἰσχρῶς
3258 973 3651 1045 καταστρέφει.

2105 1075 2193 1126 Ἐν
2212 1077 2419 1136 τούτοις
2445 1075 2500 1128 δὲ
2529 1075 2944 1146 κυμαινομένων
2973 1072 3080 1126 τῶν
3111 1071 3248 1124 ὅλων
3282 1065 3504 1137 σεισμὸς
3529 1067 3655 1117 ἑπι-

2096 1168 2326 1235 σκήπτει
2363 1164 2469 1218 τῶν
2504 1165 2725 1220 πώποτε
2775 1164 3159 1235 γεγενημένων
3183 1161 3212 1213 ό
3248 1161 3531 1230 μέγιστος,
3560 1155 3659 1208 καὶ

2095 1256 2293 1318 πολλὰς
2325 1257 2567 1326 ὲδαφίζει
2595 1257 2704 1311 τῶν
2733 1256 2962 1320 πόλεων,
2991 1253 3132 1324 ἀτὰρ
3161 1252 3223 1324 δὴ
3256 1254 3352 1305 καὶ
3379 1249 3481 1316 τῆς
3513 1247 3660 1317 Κρή-

2094 1365 2194 1419 της
2234 1349 2331 1412 τὰς
2358 1349 2488 1403 δέκα
2531 1349 2713 1412 πόλεις
2749 1347 3131 1419 κατηρείπωσε
3163 1361 3178 1376 ·
3208 1345 3301 1398 καὶ
3328 1344 3362 1412 ή
3417 1341 3664 1395 Θάλασσα

2095 1440 2203 1492 τῶν
2230 1440 2372 1494 ἰδίων
2398 1442 2537 1512 ὅρων
2575 1441 2942 1511 ὐπερχυθεῖσα
2963 1439 3160 1509 πολλὴν
3186 1436 3286 1508 μὲν
3307 1435 3404 1502 τῆς
3431 1432 3665 1503 ⁴ἠπείρου

2099 1530 2506 1603 ἁποτεμομένη,
2562 1532 2835 1587 θάλασσαν
2877 1532 3003 1586 νέαν
3034 1529 3221 1593 ἔδειξε,
3254 1525 3452 1597 πολλὴν
3485 1524 3542 1576 δὲ
3562 1521 3666 1592 τῆς

421 1617 565 1670 sium
595 1618 892 1688 reciperet,
925 1634 1047 1672 cum
1078 1620 1401 1675 rescisceret
1430 1620 1628 1688 impius
1660 1619 1876 1685 Valens,
1900 1636 1999 1692 per

2111 1623 2426 1693 5no6puxiou
2486 1625 2700 1695 ἀρότρῳ
2750 1623 3044 1694 ὑπέθηκεν.
3078 1619 3218 1674 Ἀλλ’
3271 1618 3421 1672 οὐδὲν
3459 1613 3668 1668 τούτων

420 1801 783 1858 Athanasius.

421 1709 635 1764 litteras
666 1713 1014 1780 signiﬁcavit,
1054 1719 1114 1764 ut
1151 1710 1422 1782 intrepide
1462 1711 1739 1769 Ecclesias
1782 1673 1998 1784 regerret
2025 1673 2072 1732 Β
2102 1673 2436 1781 ὲσωφςρόῖισε

2488 1713 2528 1743 ⁸⁷
2561 1712 2654 1766 τὸν
2708 1713 3002 1767 Οὐάλεντα.
3042 1710 3198 1764 Ἐπεί⁹
3241 1709 3298 1761 δὲ
3342 1708 3374 1759 ό
3417 1702 3671 1768 Ἀλεξαν-

2101 1803 2270 1874 δρέων
2292 1804 2462 1874 δῆμος
2491 1803 2639 1876 πόθῳ
2661 1805 2755 1859 καὶ
2784 1807 2963 1858 πίστει
2983 1802 3076 1856 τοῦ
3099 1800 3352 1872 ποιμένος
3380 1794 3671 1860 ἐστασίαζέ

419 1910 479 1945 τε
512 1895 610 1948 καὶ
643 1895 824 1947 πάντα
858 1894 1087 1963 πράξειν
1114 1893 1349 1963 ἠπείλει,
1391 1892 1484 1948 καὶ
1508 1894 1576 1947 τά
1601 1911 1660 1946 τε
1686 1895 1885 1966 σιτηγά
1920 1894 2031 1947 τῶν
2065 1893 2264 1948 πλοίων
2327 1898 2421 1949 καὶ
2465 1896 2662 1959 αὐτοὺς
2698 1896 2827 1959 τοὺς
2853 1894 3144 1965 δημοσίους
3209 1889 3584 1954 σιτοϐολῶνας,
3618 1881 3671 1940 εἰ

425 1985 500 2053 μὴ
530 1985 624 2039 τὸν
660 1984 977 2039 διδάσκαλον
1006 1984 1385 2055 άπολήψοιντο,
1412 1986 1546 2054 πυρὶ
1583 1985 1766 2040 δοῦναι
1796 1986 1839 2017 ¹⁸
1902 1985 2239 2051 διετείνοντο,
2267 1989 2429 2055 γνοὺς
2485 1986 2661 2042 ταῦτα
2684 1989 2712 2040 ό
2741 1985 3006 2057 δυσσεϐὴς
3079 1983 3322 2054 Οὐάλης,
3361 1981 3453 2036 διὰ.
3494 1997 3673 2052 γραμ-

424 2076 612 2147 μάτων
643 2077 858 2131 δίδωσιν
874 2077 1176 2147 Ἀθανασίῳ
1223 2079 1401 2130 πᾶσαν
1431 2078 1616 2131 ἄδειαν
1644 2079 1744 2142 τὰς
1760 2078 2090 2151 Ἐκκλησίας
2123 2080 2344 2135 ἰθύνειν.

497 2170 840 2226 Antiochiam
881 2180 1059 2225 autem
1089 2171 1434 2241 profecturus
1481 2171 1776 2242 imperator
1801 2213 1816 2239 ,
1868 2188 1995 2229 cum

422 2264 631 2333 impius
673 2263 974 2327 Eudoxius,
1027 2264 1118 2332 qui
1152 2264 1526 2318 novemdecim
1593 2279 1765 2320 annos
1801 2275 1996 2322 contra

423 2356 549 2423 pios
586 2355 926 2423 implacabile
947 2365 1191 2424 gesserat
1210 2356 1434 2422 bellum,
1468 2366 1716 2413 mortuus
1748 2366 1911 2420 esset,
1940 2359 1997 2413 in

425 2448 514 2504 via
547 2447 613 2501 ad
649 2446 1022 2501 Nicomediam
1055 2447 1328 2503 detinetur
1355 2465 1370 2502 :
1402 2459 1516 2503 tum
1561 2463 1690 2504 vero
1724 2449 1910 2504 Ariani
1941 2450 1998 2504 in

425 2538 633 2594 mortui
684 2539 864 2593 locum
912 2538 1292 2609 DemOphilum
1342 2541 1659 2610 subrogant.
1695 2540 1998 2597 Orthodoxi

426 2651 556 2691 verc
587 2635 878 2704 Evagrium
912 2634 1202 2703 quemdam
1229 2675 1244 2699 ,
1299 2635 1385 2690 cui
1439 2652 1638 2693 manus
1670 2636 1861 2691 beatus
1886 2635 2000 2691 Eu-

431 2723 670 2778 stathius
698 2723 1001 2778 ordinando
1031 2723 1282 2793 imponit,
1319 2725 1414 2794 qui
1433 2725 1562 2779 olim
1584 2734 1708 2780 ante
1725 2724 1999 2780 Meletium

437 2814 821 2869 Alexandrinae
875 2814 1184 2882 praefuisset
1217 2814 1515 2881 Ecclesiae,
1568 2823 1622 2869 et
1670 2815 1738 2869 ab
1789 2812 2006 2870 Arianis

434 2907 660 2974 ejectus,
691 2906 759 2960 ab
798 2907 993 2961 exsilio
1022 2917 1202 2963 autem
1231 2917 1519 2963 revocatus
1540 2945 1555 2971 ,
1589 2921 1620 2961 a
1652 2905 1886 2962 Joviano
1914 2908 2004 2977 pio

436 2997 911 3067 Constantinopoli
957 3007 1088 3052 tunc
1136 2998 1475 3052 morabatur.
1510 2995 1721 3063 Quibus
1749 2996 2002 3068 cognitis,

437 3086 636 3144 Valens
661 3089 800 3144 facta
825 3089 1152 3144 Arianorum
1182 3106 1305 3144 cum
1327 3089 1528 3161 gaudio
1550 3088 1801 3160 probavit
1827 3106 1841 3142 :
1870 3104 2009 3159 prat-

437 3170 818 3239 cones'autem
851 3183 1090 3253 pietatis,
1121 3182 1470 3239 Eustathium
1518 3183 1736 3253 quidem
1777 3181 1871 3252 qui
1915 3198 2009 3237 or-

435 3275 738 3342 dinaverat,
778 3284 986 3330 armata
1022 3290 1190 3330 manu
1223 3276 1424 3346 Bizyen
1451 3274 1699 3330 Thracia:
1726 3274 1918 3328 urbem
1953 3274 2010 3328 in

435 3369 683 3423 exsilium
715 3368 900 3438 pellit,
943 3366 1238 3436 Evagrium
1265 3382 1395 3421 vero
1428 3367 1737 3421 ordinatum
1765 3367 1874 3420 alio
1913 3366 2010 3420 ab-

436 3461 600 3528 legat.
629 3459 727 3513 His
759 3459 830 3512 ita
863 3457 1151 3522 confectis,
1189 3455 1392 3511 Valens
1423 3457 1624 3526 impius
1655 3457 2002 3513 Antiochiam

438 3551 608 3613 venit,
649 3547 841 3602 eadem
883 3549 937 3601 in
963 3548 1085 3617 pios
1119 3546 1352 3612 faciens,
1382 3558 1436 3604 et
1467 3551 1782 3620 excogitans
1803 3590 1818 3615 ,
1849 3559 1902 3604 et
1927 3550 2010 3606 his

438 3641 610 3694 multo
647 3639 944 3694 deteriora.
991 3637 1215 3694 Diversa
1253 3641 1399 3694 enim
1427 3649 1601 3696 morte
1654 3640 2001 3698 Christianos

439 3712 622 3796 allicit,
654 3740 710 3784 et
733 3730 934 3785 multos
967 3729 1022 3784 in
1060 3729 1284 3786 ﬂuvium
1319 3731 1579 3788 Orontem
1616 3733 1835 3802 mergit.

2186 2175 2449 2247 Ἑξορμᾷν
2472 2174 2529 2228 δὲ
2572 2174 2779 2245 μέλλων
2817 2174 2895 2237 είς
2937 2173 3292 2244 Ἀντιόχειαν,
3320 2168 3446 2224 ἐπεὶ
3500 2167 3673 2222 Εὐδό-

2104 2266 2216 2334 ξιος
2251 2268 2280 2320 6
2312 2266 2655 2337 μισόχριστος
2685 2268 2713 2320 6
2739 2266 2869 2320 δέκα
2895 2266 2938 2298 η
2961 2267 3056 2320 καὶ
3086 2266 3240 2319 ἐννέα
3267 2264 3361 2336 ἔτη
3400 2261 3543 2316 κατὰ
3562 2260 3678 2314 τῶν

2103 2357 2342 2411 εὐσεϐῶν
2369 2358 2629 2412 ἄσπονδον
2651 2358 2886 2426 πόλεμον
2916 2356 3201 2411 ἀναλαϐὼν
3229 2353 3546 2425 ἀπεφθάρη,
3571 2354 3678 2422 τῆς

2103 2449 2410 2520 ὁδοιπορίας
2455 2449 2597 2503 κατὰ
2647 2447 2744 2520 τὴν
2790 2449 3157 2520 Νικομήδειαν
3216 2443 3532 2516 ἐπεσχέθη.⁸
3563 2442 3681 2495 Καὶ

2105 2542 2153 2593 oi
2195 2539 2294 2609 μὲν
2323 2539 2382 2604 ἐξ
2418 2538 2626 2610 Ἀρείου
2656 2538 2964 2610 Δημόφιλον
2991 2537 3409 2610 χειροτονοῦσιν,
3437 2535 3487 2588 οί
3513 2533 3572 2587 δὲ
3615 2533 3684 2586 τὸ

2103 2631 2386 2702 όμοούσιον
2417 2630 2810 2702 πρεσϐεύοντες
2841 2630 3115 2701 Εὐάγριόν
3155 2647 3301 2695 τινα,
3355 2627 3450 2682 τοῦ
3499 2642 3690 2695 μακα·

2110 2723 2224 2792 ρίου
2253 2723 2550 2776 Εὐσταθίου
2598 2723 2697 2794 τὴν
2729 2721 3137 2792 τελεσιουργίαν
3187 2719 3591 2792 χειρισαμένου,
3618 2715 3686 2782 ὃς

2033 2800 2076 2860 C
2109 2813 2216 2884 πρὸ
2246 2813 2508 2868 Μελετίου
2568 2813 2666 2884 τὴν
2711 2813 3027 2884 Ἀντιοχέων
3068 2811 3398 2883 Ἐκκλησίαν
3449 2811 3686 2880 ποιμαί-

2110 2921 2216 2959 νων
2246 2905 2312 2971 ²⁰,
2344 2903 2446 2956 ὑπὸ
2476 2903 2586 2958 τῶν
2629 2903 2922 2974 Ἀρειανῶν
2957 2903 3385 2974 συνεσκευάσθη,
3441 2902 3536 2956 καὶ
3583 2900 3690 2972 τῆς

2113 2997 2408 3069 ὑπερορίας
2433 2999 2744 3069 ψηφίσματι
2793 2997 2887 3050 τοῦ
2944 2996 3201 3060 εὐσεϐοῦς
3246 2993 3501 3052 Ἰοϐιανοῦ
3553 2995 3697 3049 ἀνα-

2111 3090 2334 3160 κληθεὶς
2379 3091 2437 3142 ὲν
2466 3087 3031 3143 Κωνσταντινουπόλει
3061 3087 3347 3160 διέτριϐεν.
3385 3087 3443 3142 '0
3471 3085 3530 3141 δὲ
3559 3087 3694 3140 δυσ-

2112 3181 2277 3252 σεϐὴς
2315 3181 2548 3252 Οὐάλης,
2587 3180 2775 3252 μαθὼν
2800 3181 2869 3234 τὰ
2916 3180 3252 3252 πραχθέντα,
3287 3175 3369 3244 οἷς
3405 3179 3504 3251 μὲν
3528 3179 3577 3232 οί
3629 3177 3699 3244 ἐξ

2123 3272 2333 3344 Ἀρείου
2368 3272 2633 3342 ἔπραξαν,
2689 3271 2930 3343 συνήσθη
2983 3289 3046 3326 τε
3091 3271 3186 3326 καὶ
3241 3271 3520 3342 ἠγάπησε,
3578 3270 3698 3323 τῶν

2111 3364 2170 3418 δὲ
2202 3364 2246 3396 ²¹
2271 3363 2528 3435 κηρύκων
2561 3365 2659 3435 τῆς
2688 3364 2971 3429 εὐσεϐείας
2991 3363 3290 3418 Εὐστάθιον
3318 3364 3419 3435 μὲν
3449 3363 3544 3416 τὸν
3573 3379 3703 3432 χει-

2121 3456 2484 3526 ροτονήσαντα
2509 3455 2598 3509 διὰ
2625 3457 3018 3528 στρατιωτικῆς
3051 3457 3232 3528 χειρὸς
3256 3458 3314 3509 ὲν
3342 3455 3511 3526 Βιζύῃ
3537 3454 3701 3508 πόλει

2125 3550 2224 3618 τῆς
2277 3547 2497 3618 Θρᾴκης
2527 3549 2844 3620 περιορίζει,
2879 3550 3148 3621 Εὐάγριον
3177 3549 3235 3602 δὲ
3263 3547 3356 3601 τὸν
3381 3563 3705 3619 χειροτονη-

2120 3639 2280 3694 θέντα
2313 3641 2448 3712 ἄλλῃ
2480 3643 2722 3712 συνεῖχεν
2750 3640 3036 3713 ὑπερορίᾳ.
3071 3641 3185 3696 Καὶ
3221 3641 3394 3695 ταῦτα
3424 3637 3643 3711 πράξας
3671 3641 3702 3692 ό

2117 3733 2380 3804 δυσσεϐὴς
2409 3735 2501 3788 ἐπὶ
2527 3735 2626 3806 τὴν
2640 3734 2912 3806 Ἀντιόχου
2956 3736 3286 3804 ἀφικνεῖται,
3309 3733 3376 3787 τὰ
3389 3733 3531 3786 αὐτὰ
3551 3731 3703 3786 κατὰ

438 3824 547 3880 τῶν
601 3822 969 3876 εὐσεϐούντων
1015 3824 1111 3876 καὶ
1156 3824 1412 3894 πράττων
1471 3826 1564 3878 καὶ
1620 3825 2034 3896 διανοούμενοις,
2075 3824 2276 3895 μᾶλλον
2318 3825 2374 3880 δὲ
2419 3827 2600 3898 πολλῷ
2632 3828 2869 3898 χείρονα.
2935 3827 3047 3880 Καὶ
3102 3827 3212 3897 γὰρ
3255 3825 3534 3896 διαφόροις
3599 3822 3706 3878 θα-

439 3919 620 3981 νάτοις
645 3918 768 3979 τοὺς
803 3915 1160 3981 εὐσεϐοῦντας
1190 3917 1368 3988 ὑπῆγε
1387 3934 1401 3949 θ
1463 3919 1702 3989 μάλιστα
1768 3918 1825 3972 δὲ
1883 3918 1991 3972 τῶν
2055 3919 2232 3988 φόνων
2265 3920 2416 3992 αὐτῷ
2443 3921 2505 3975 τὸ
2535 3922 2956 3990 προχειρότατον
2982 3914 3050 3974 ἦν
3084 3921 3129 3951 ⁸³
3159 3919 3404 3991 ποταμὸς
3435 3918 3466 3972 6
3503 3916 3698 3989 ὐρόν-

438 4031 559 4083 της.

513 4107 790 4162 Seditione
838 4108 1021 4178 itaque
1078 4108 1220 4165 hanc
1272 4124 1429 4164 oram
1477 4119 1783 4182 occupante
1812 4152 1829 4179 ,
1889 4120 2001 4182 post

2186 4106 2299 4178 Τῆς
2338 4102 2653 4174 συγχύσεως
2704 4096 2798 4155 οὖν
2846 4100 2940 4154 καλ⁵
2980 4101 3224 4171 ταραχῆς
3261 4099 3310 4132 ⁸³
3346 4095 3553 4167 ταύτης
3594 4094 3705 4168 τὴν

442 4202 612 4256 multa
665 4209 720 4256 et
757 4201 1014 4256 diuturna
1044 4217 1143 4271 pro
1177 4202 1377 4272 pietate
1407 4207 1730 4270 certamina,
1772 4214 1826 4260 et
1855 4203 2011 4260 labo-

442 4309 550 4357 res,
578 4291 643 4346 ad
671 4307 1019 4346 communem
1047 4292 1327 4347 dominum
1349 4334 1365 4358 ,
1414 4307 1576 4363 quem
1609 4294 1913 4361 dilexerat,
1960 4303 2016 4351 et

443 4402 541 4456 pro
557 4401 664 4456 quo
688 4401 883 4455 passus
905 4393 1019 4439 erat
1037 4385 1280 4456 gaudens
1308 4387 1531 4452 athleta,
1553 4395 1612 4442 ut
1635 4403 1866 4444 coronas
1891 4403 2017 4444 con-

444 4483 728 4546 sequatur,
755 4475 1091 4529 Athanasius
1128 4479 1532 4550 commigravit,
1559 4480 1896 4549 consumptis
1941 4479 2016 4550 (6)

444 4567 806 4638 quadraginta
836 4567 1034 4639 4851)
1073 4570 1232 4626 annis
1258 4572 1312 4626 in
1352 4573 1660 4629 sacerdotio
1714 4574 1799 4629 vel
1832 4573 2015 4645 patius

444 4659 501 4716 in
531 4661 718 4716 labore
751 4677 850 4732 pro
885 4663 992 4720 title
1018 4664 1346 4722 orthodoxa.

514 4839 679 4897 Liber
714 4842 860 4899 unde
901 4843 1018 4900 haec
1055 4847 1445 4918 excerpsimus,
1493 4846 1879 4921 negligentiam
1910 4860 2014 4918 po-

2108 4198 2436 4268 οίκουμένην
2462 4193 2878 4264 ἀνατρεπούσης
2909 4190 3029 4264 [791
3063 4189 3178 4263 IL],
3238 4189 3380 4260 μετὰ
3404 4189 3531 4251 τοὺς
3565 4189 3706 4242 πολ-

2109 4292 2256 4357 λοὺς,
2292 4289 2389 4343 καὶ
2421 4287 2665 4358 μακροὺς
2707 4285 2848 4358 ὑπὲρ
2879 4285 2977 4356 τῆς
3012 4283 3295 4348 εὐσεϐείας
3353 4283 3556 4347 ἄθλους
3595 4283 3704 4337 καὶ

2113 4385 2412 4454 καμάτους,
2455 4381 2535 4443 είς
2580 4379 2673 4433 τὸν
2727 4378 2908 4433 κοινὸν
2942 4377 3240 4448 Δεσπότην,
3279 4377 3340 4430 ὃν
3391 4375 3570 4446 ὲφίλει
3601 4377 3705 4431 καὶ

2113 4477 2255 4547 ὑπὲρ
2287 4468 2348 4528 οὐ
2379 4473 2604 4544 ἔπασχε,
2645 4472 2852 4543 χαίρων
2909 4473 2937 4525 ό
2971 4470 3231 4541 ἀθλητὴς,
3282 4470 3371 4523 ἵνα
3402 4469 3542 4541 τύχῃ
3587 4468 3706 4523 τῶν

2115 4566 2387 4631 ἐπάθλων,
2419 4566 2792 4636 ἀπεδήμησεν,
2822 4562 2917 4633 ἔτη
2953 4562 3248 4632 διαρκέσας
3277 4562 3339 4614 ὲν
3401 4563 3470 4633 τῇ
3504 4562 3709 4632 ἀρχιε-

2123 4662 2320 4734 ρατικῇ
2345 4658 2557 4728 τελετῇ,
2592 4656 2790 4727 μᾶλλον
2814 4655 2858 4709 δ’
2889 4657 2948 4709 ὲν
2975 4654 3087 4717 τοῖς
3145 4653 3284 4724 ὑπὲρ
3314 4652 3490 4721 αὐτῆς
3541 4653 3703 4722 ἀγω-

2121 4752 2366 4823 νίσμασι,
2398 4749 2834 4820 τεσσαράκοντα.

2191 4846 2315 4899 ὀτι
2343 4847 2378 4916 ὴ
2416 4843 2707 4916 συγγραφὴ
2747 4840 2806 4909 ἐξ
2864 4834 2933 4916 ἦς
2963 4839 2998 4912 ἠ
3033 4837 3371 4911 προκειμένη
3426 4833 3709 4908 προῆλθεν

1743 5048 1980 5104 νΑΒΗΕ
2035 5043 2444 5104 LECTIONES.

521 5143 563 5216 ξ’
593 5138 864 5211 πατρῴων
892 5157 954 5216 gf,
1035 5143 1078 5174 “
1129 5143 1386 5216 ἐπάρχων
1413 5144 1479 5199 A.

443 5211 652 5286 δῴδεκα.
714 5228 776 5276 ς.
857 5212 936 5286 _’°
979 5211 1437 5286 ποιμαίνωνίηε.
1503 5213 1624 5271 libri
1680 5211 2006 5286 ποιμαίνειν.

449 5284 547 5354 χῆς
570 5300 683 5337 mn.
724 5298 808 5351 pr.
842 5283 908 5336 A.

1575 5145 1621 5217 ι’(
1677 5145 1976 5217 ἐσωφρόνει
2035 5142 2156 5217 B.__
2194 5143 2249 5217 ’ξ
2304 5139 2491 5217 δούναι
2538 5137 3026 5217 Ατῃιιὶαραξηῦνρ
3091 5152 3152 5199 ς,

3252 5134 3346 5188 ¹⁹ό
3387 5129 3699 5188 δέκαΑΒε

2117 5215 2160 5246 ³⁸
2205 5213 2262 5267 δὲ
2312 5210 2439 5268 add.
2464 5210 2526 5263 A.
2643 5203 2924 5280 "ﬁv'add.
2983 5206 3045 5260 B.
3155 5206 3176 5236 '
3259 5203 3454 5275 τῆς-
3516 5217 3705 5274 ταρα-

1935 5484 2164 5546 NOTAE.

523 5633 598 5706 (5')
625 5633 859 5690 Centum
890 5632 1054 5691 habet
1073 5631 1487 5703 Mctaphrastcs.

2192 5631 2273 5703 (6)
2307 5629 2409 5689 Sex
2441 5639 2492 5687 et
2521 5626 2897 5699 quadraginta,
2927 5624 3144 5684 Simeon
3182 5620 3607 5693 Metaphrastes.
