3966 6240
164 1198 175 1241 ι

166 1248 184 1334 i

174 1374 190 1400 ι

198 310 294 375 151

1320 308 1844 370 BIBLIOTHECA.
1870 330 1941 343 --
1972 304 2133 366 COD.
2161 302 2402 365 CCLIX.

3344 292 3446 360 158

192 420 422 492 ἐκλογὴ,
453 420 659 492 μᾶλλον
690 421 785 474 ἐπὶ
807 421 869 475 τὸ
905 419 1246 493 ἠμελημένον
1288 422 1321 492 ἢ
1378 423 1440 476 τὸ
1480 421 1772 495 διηκριόωο
1794 462 1805 481 λ

1908 421 1984 475 ius
2046 433 2210 488 quam
2244 416 2578 487 diligentiam
2626 413 2866 481 redolet,
2900 412 3138 470 maxime
3168 425 3297 468 vero
3329 413 3448 470 dis-

199 514 366 585 μένον
409 510 522 582 ἔχει
550 510 653 583 τὴν
687 511 881 583 ῥοπὴν,
912 512 1149 581 μάλιστα
1173 511 1217 564 δ’
1267 513 1325 565 ὲν
1376 515 1442 584 τῇ
1481 511 1592 564 τῶν
1644 527 1779 579 νοη-

197 607 392 676 μάτων
415 601 722 674 οἰκονομίᾳ.
768 604 856 657 Ἑν
887 604 932 635 ’⁵
973 603 1191 668 πολλοῖς
1220 602 1278 657 δὲ
1308 602 1628 673 κεφαλαίοις
1681 603 1783 656 καὶ

191 697 494 767 καινότερα
518 695 667 767 παρὰ
695 696 823 760 τοὺς
854 694 1051 760 ἄλλους
1084 698 1287 767 ἱστορεί

194 856 437 912 ΛΟΓΟΙ
468 854 611 909 ΤΩΝ
633 855 831 908 ΔΕΚΑ
861 853 1197 908 ΡΗῚῸΡΩΝ
1246 852 1385 905 ΤΗΣ
1431 850 1786 916 ΕΛΛΔΔΟΣ,

420 943 837 1013 Ἀντιφῶντος.
1054 944 1368 1013 Αἰσχίνου.

423 1035 841 1103 Ἰσοκράτους.
1054 1036 1500 1105 Δημοσθένους.

426 1128 804 1185 Ἀνδοκίδου.
1074 1129 1415 1197 Ὑπερίδου.

419 1220 677 1276 Λυσίου.
1060 1220 1412 1292 Δεινάρχου,

431 1312 682 1373 Ἰσαίου.
1069 1315 1441 1385 Λυκούργου.

901 1442 1076 1502 ΣΝΘ.

690 1559 1085 1629 ⁹Αντιφῶντος
1139 1562 1334 1631 λόγοι.

274 1676 445 1753 [1452
480 1676 570 1749 8.]
611 1674 1060 1746 Ἀνεγνώσθησαν
1106 1673 1469 1743 Ἀντιφῶντος
1490 1674 1640 1745 λόγοι
1683 1676 1798 1732 διά-

1884 512 2183 568 tributione
2209 524 2472 567 sensuum
2505 508 2689 565 multis
2733 508 3002 577 capitibus
3056 505 3293 563 recentia
3338 521 3447 579 prae

1885 606 2006 661 aliis
2028 611 2215 660 narrat

1890 847 2025 905 ORA
2037 846 2110 902 TI
2119 845 2224 903 ΟΝ
2228 845 2317 901 ES
2337 841 2587 900 DECEM
2611 839 2926 899 GRxECIzE
2947 839 3329 900 ORATORUM
3350 838 3450 913 (7),

2132 936 2491 1006 Antiphontis.
2832 929 3095 985 xEsrhini

2139 1028 2417 1084 Isocratis.
2831 1024 3223 1082 Demosthenis.

2137 1122 2445 1176 Andocidw.
2834 1116 3139 1188 Hyperidis.

2135 1211 2329 1283 Lysia.
2836 1209 3116 1264 Dinarchi.
3285 1269 3289 1274 ,

2137 1302 2292 1361 Istei.
2835 1298 3087 1374 Lycurgi.
3228 1300 3327 1362 .
3396 1352 3397 1355 η

2564 1435 2791 1495 ccux.
3446 1390 3471 1446 ’⁵

2329 1551 2669 1624 Antiphontis
2714 1551 3000 1606 orationes.

1968 1670 2149 1728 Lectae
2185 1677 2310 1727 sunt
2351 1665 2703 1738 Antiphontis
2757 1664 2920 1719 variae
2968 1661 3303 1719 Orationes:
3335 1676 3462 1732 quae

201 1752 393 1843 φοροι.
432 1770 556 1833 Εἰσὶ
579 1768 626 1821 δ’
658 1766 824 1822 αὐτοῦ
849 1768 898 1821 οι
925 1766 1077 1834 λόγοι
1102 1765 1166 1820 τὸ
1198 1766 1426 1838 ἀκριϐὲς
1478 1768 1573 1821 και
1628 1769 1790 1823 πιθα-

1908 1762 2318 1826 tccusationem,
2357 1757 2792 1830 persuasionem,
2816 1764 2871 1810 et
2902 1756 2957 1809 in
2981 1752 3308 1809 inveniendo
3339 1768 3466 1823 grav

202 1862 299 1914 νδν
343 1862 445 1915 καὶ
485 1861 615 1928 περὶ
643 1858 740 1930 τὴν
775 1857 992 1928 εὕρεσιν
1020 1856 1195 1912 δεινὸν
1220 1857 1608 1929 οἰκειούμενοι.
1634 1860 1792 1914 Ἐστι

1908 1857 2121 1912 vitalem
2158 1851 2460 1909 continent.
2498 1849 2557 1903 ln
2582 1847 2976 1918 quaestionibus
3002 1846 3184 1903 dubiis
3202 1845 3464 1901 artiﬁcio-

203 1953 265 2005 δὲ
292 1953 322 2005 ό
374 1951 521 2022 ἀνὴρ
553 1951 650 2006 καὶ
682 1952 739 2006 ὲν
765 1951 877 2015 τοῖς
938 1948 1167 2023 ἀπόροις
1218 1951 1485 2020 τεχνικὸς,
1549 1949 1645 2003 καὶ¹
1698 1951 1798 2016 τὰς

204 2045 587 2113 ἐπιχειρήσεις
625 2040 685 2106 ἐξ
730 2040 928 2113 ἀδήλου
978 2038 1326 2109 ποιούμενος,
1369 2039 1463 2094 καὶ
1520 2040 1616 2092 ἐπὶ
1670 2038 1800 2106 τοὺς

204 2134 414 2203 νόμους
461 2135 560 2185 καὶ
590 2132 658 2185 τὰ
693 2131 840 2200 πάθη
867 2129 1088 2200 τρέπων
1129 2131 1256 2193 τοὺς
1290 2129 1506 2200 λόγους,
1558 2129 1654 2183 τοῦ
1706 2131 1801 2183 εὐ-

208 2223 465 2296 πρεποῦς
504 2222 739 2293 μάλιστα
767 2220 1190 2292 στοχαζόμενος.
1234 2220 1293 2274 '0
1326 2222 1511 2293 μέντοι
1540 2219 1800 2275 Σικελιώ⁴

205 2333 315 2385 της
363 2314 655 2377 Καικίλιος
686 2314 736 2346 ’⁸
776 2313 850 2385 μὴ
896 2312 1200 2384 κεχρῆσθαί
1262 2329 1397 2384 φησι
1444 2312 1536 2366 τὸν
1597 2313 1802 2384 ῥήτορα

206 2410 325 2469 toi;
364 2405 511 2460 κατὰ
537 2405 777 2459 διάνοιαν
827 2405 1124 2475 σχήμασιν,
1183 2402 1321 2456 ἀλλὰ
1375 2403 1614 2458 κατευθὺ
1652 2403 1802 2475 αὐτῷ

210 2501 311 2553 καὶ
341 2499 659 2561 ἀπλάστους
688 2499 787 2560 τὰς
834 2499 1049 2568 νοήσεις
1081 2495 1435 2566 ἐκφέρεσθαι,
1486 2496 1695 2568 τροπὴν
1744 2496 1804 2550 δὲ

209 2597 280 2647 ὲκ
325 2594 425 2647 τοῦ
458 2592 771 2664 πανούργου
802 2592 895 2644 καὶ
939 2590 1221 2657 ὲνάλλαξιν
1246 2589 1370 2644 οὔτε
1423 2590 1660 2663 ζητῆσαι
1710 2590 1803 2645 τὸν

212 2686 392 2756 ἄνδρα
416 2684 544 2738 οὔτε
594 2684 925 2756 χρήσασθαι,
962 2683 1099 2737 ἀλλὰ
1127 2684 1193 2737 δι’
1222 2684 1400 2738 αὐτῶν
1426 2683 1492 2756 δὴ
1524 2684 1635 2736 τῶν
1674 2701 1801 2754 νοη-

218 2779 416 2853 μάτων
441 2776 538 2831 καὶ
573 2777 673 2847 τῆς
703 2778 939 2847 φυσικῆς
967 2776 1149 2829 αὐτῶν
1173 2776 1496 2840 ἀκολουθίας
1530 2776 1685 2846 ἄγειν
1713 2775 1805 2831 τὸν

212 2870 504 2941 ἀκροατὴν
536 2868 672 2939 πρὸς
697 2868 758 2921 τὸ
789 2866 1063 2939 βούλημα.
1096 2868 1159 2921 Οἱ
1182 2867 1291 2937 γὰρ
1353 2866 1520 2921 πάλαι
1577 2868 1806 2938 ῥήτορες

219 2960 413 3017 ἰκανὸν
442 2960 631 3022 αὐτοῖς
660 2959 909 3028 ἐνόμιζον
940 2961 1122 3031 εὑρεῖν
1151 2976 1212 3013 τε
1232 2958 1301 3013 τὰ
1329 2959 1686 3030 ἐνθυμήματα
1713 2959 1807 3012 καὶ

215 3054 290 3122 τῇ
322 3051 527 3122 φράσει
552 3049 826 3121 περιττῶς
872 3051 1232 3119 ἀπαγγεῖλαι.
1279 3050 1641 3115 Ἐσπούδαζον
1696 3050 1806 3121 γὰρ

1895 1965 2011 2016 sus,
2041 1955 2098 2004 et
2132 1960 2198 2002 ex
2231 1944 2484 2000 obscuris
2516 1941 2870 2007 ratiocinans,
2910 1946 2966 1995 et
2992 1940 3056 1993 ad
3089 1938 3269 2010 leges,
3300 1944 3355 1993 et
3382 1936 3467 1992 al-

1897 2041 2077 2097 fectus
2093 2036 2370 2093 orationes
2401 2042 2749 2095 convertens,
2774 2032 2975 2086 decoro
2998 2029 3236 2084 maxime
3261 2027 3466 2083 studet.

1897 2130 2149 2187 Caecilius
2175 2127 2392 2198 quidem
2422 2124 2638 2181 Siculus
2671 2125 2745 2177 ait
2774 2137 2883 2176 non
2922 2120 3000 2175 uti
3026 2122 3175 2174 hunc
3195 2126 3468 2175 oratorem

1900 2223 2092 2295 tiguris
2137 2218 2567 2281 sententiarum,
2599 2215 2692 2271 sed
2724 2214 2931 2268 directe
2962 2212 3031 2267 ab
3060 2211 3155 2266 illo
3193 2225 3305 2264 non
3349 2208 3472 2264 ﬁcte

1900 2315 2069 2372 animi
2102 2313 2339 2380 cogitata
2378 2307 2581 2364 eﬂerri.
2612 2304 3036 2361 Conversionem
3060 2316 3193 2356 vero
3214 2298 3470 2357 callidam

1900 2418 1955 2462 et
1987 2404 2369 2469 mutationem,
2398 2414 2574 2470 neque
2615 2398 2767 2453 illum
2802 2409 3067 2465 quaerere,
3099 2409 3200 2447 nec
3235 2391 3335 2456 uti,
3374 2388 3473 2447 sed

1902 2506 1999 2569 per
2023 2496 2169 2566 ipsos
2196 2506 2416 2556 sensus,
2460 2500 2516 2546 et
2564 2488 2872 2544 naturalem
2906 2500 3095 2541 eorum
3133 2497 3476 2553 consequen-

1904 2589 2035 2645 tiam
2062 2625 2079 2652 ,
2126 2601 2235 2657 quo
2289 2582 2421 2638 velit
2455 2582 2754 2635 auditorem
2788 2578 3023 2633 trahere.
3058 2576 3280 2644 Antiqui
3326 2574 3473 2629 enim

1904 2692 2152 2738 oratores
2190 2676 2440 2734 suﬂicere
2482 2674 2583 2730 sibi
2626 2670 3029 2726 arbitrabantur
3083 2666 3327 2722 invenire
3368 2663 3478 2719 En-

1903 2777 2255 2847 thymemata,
2277 2779 2333 2826 et
2353 2767 2537 2841 phrasi
2557 2766 2755 2821 eximia
2780 2762 3156 2835 pronuntiare.
3182 2758 3305 2814 Toti
3328 2757 3476 2813 enim

1905 2869 2050 2924 circa
2080 2866 2371 2922 dictionem
2410 2859 2818 2930 occupabantur
2844 2896 2859 2923 ,
2912 2863 2966 2909 et
3026 2853 3147 2925 ejus
3198 2858 3476 2905 ornatum.

1906 2958 2149 3015 Primum
2179 2953 2423 3023 quidem,
2450 2964 2557 3022 qua
2589 2948 2801 3002 ratione
2843 2954 2993 3001 esset
3018 2941 3378 3012 signiﬁcatita
3420 2947 3475 2994 et

1907 3052 2184 3101 venusta:
2216 3041 2411 3097 deinde
2444 3037 2726 3094 modulata
2777 3049 2967 3090 eorum
3016 3031 3365 3103 compositio.
3420 3026 3480 3082 In

216 3118 289 3196 τό
331 3118 455 3195 ὅλον
479 3118 742 3212 περὶ-τὴν
773 3140 921 3207 λέξιν
955 3118 1013 3175 “7
1044 3118 1261 3197 καὶτὸν
1312 3142 1520 3215 ταύτης
1574 3118 1798 3213 κόσμον,

1909 3139 2011 3193 hoc
2036 3135 2179 3191 enim
2210 3148 2270 3189 se
2305 3132 2374 3187 ab
2403 3131 2583 3185 idiotis
2620 3128 2849 3183 diﬂ‘erre
2895 3139 2962 3179 ac
3004 3133 3267 3193 praestare
3293 3118 3485 3173 crede-

219 3233 447 3305 πρῶτον
477 3234 577 3304 μὲν
601 3236 749 3297 ὅπως
781 3234 866 3305 εἴη
894 3233 1203 3304 σημαντικὴ
1234 3234 1329 3287 καὶ
1358 3232 1658 3304 εὐπρεπὴς,
1689 3225 1808 3285 εἶτα

217 3325 284 3378 δὲ
312 3328 358 3358 ’τ
387 3327 486 3380 καὶ
508 3327 830 3396 ἐναρμόνιος
881 3329 916 3399 ὴ
947 3326 1152 3380 τούτων
1206 3325 1456 3387 σύνθεσις
1484 3340 1498 3355 ·
1532 3323 1592 3376 ἐν
1634 3322 1809 3393 τούτῳ

219 3418 337 3488 γὰρ
397 3419 583 3481 αὐτοῖς
637 3420 731 3471 καὶ
786 3418 885 3489 τὴν
924 3419 1061 3489 πρὸς
1105 3417 1234 3481 τοὺς
1276 3416 1494 3480 ἰδιώτας
1544 3413 1810 3485 διαφορὰν

222 3513 324 3564 ἐπὶ
350 3511 414 3563 τὸ
432 3514 679 3581 κρεῖττον
711 3510 1106 3583 περιγίνεσθαι.
1145 3506 1277 3563 Εῐτα
1308 3507 1479 3562 εἰπὼν
1523 3508 1598 3571 ὡς
1636 3508 1811 3578 ἀσχη-

226 3603 500 3673 μάτιστος
548 3601 635 3671 εἴη
667 3604 811 3655 κατὰ
839 3602 1080 3656 διάνοιαν
1111 3603 1139 3653 ό
1169 3600 1261 3653 τοῦ
1306 3599 1667 3669 Ἀντιφῶντος
1728 3598 1813 3653 λό-

224 3711 350 3763 γος,
400 3691 591 3762 ὥσπερ
618 3694 1089 3765 ἐπιδιορθούμενος
1113 3694 1333 3759 ἑαυτὸν,
1368 3694 1451 3746 Οὐ
1484 3692 1663 3747 τοῦτο
1712 3691 1812 3746 λέ-

221 3803 331 3855 τω,
357 3784 547 3854 φησὶν,
566 3785 646 3849 ὡς
675 3785 856 3839 οὐδὲν
923 3786 1265 3853 εὑρίσκεται
1329 3785 1597 3851 διανοίας
1653 3787 1815 3854 παρὰ

236 3875 598 3945 Ἀντιφῶντι
629 3875 839 3946 σχῆμα
860 3893 874 3907 ·
908 3876 1006 3932 καὶ
1036 3879 1145 3946 γὰρ
1210 3875 1501 3944 ἐρώτησίς
1532 3890 1652 3931 που
1710 3875 1815 3930 καὶ

223 3966 597 4035 παράλειψις
623 3966 669 3999 ’⁸
691 3967 788 4019 καὶ
829 3966 1001 4035 ἕτερα
1059 3964 1302 4020 τοιαῦτα
1338 3964 1568 4018 ἔνεισιν
1627 3963 1814 4018 αὐτοῦ

224 4051 355 4116 τοῖς
394 4054 635 4121 λόγοις’
688 4053 849 4108 ἀλλὰ
882 4054 941 4106 τί
962 4070 1112 4123 φημι
1135 4069 1154 4116 ;
1178 4052 1269 4106 ὅτι
1314 4052 1400 4122 μὴ
1432 4053 1561 4105 κατ’
1617 4052 1820 4120 ἐπιτή-

225 4143 457 4197 δευσιν
496 4144 647 4213 μήτε
712 4144 987 4214 συνεχῶς
1017 4144 1322 4213 ἐχοήσατο
1374 4151 1629 4211 τούτοις,
1676 4144 1817 4198 ἀλλ’

224 4238 379 4290 ἔνθα
407 4235 484 4289 ἂν
518 4237 557 4305 ἡ
594 4238 781 4305 φύσις
806 4237 959 4305 αὐτὴ
984 4238 1297 4307 μοθοδείας
1350 4236 1513 4303 τινός
1554 4237 1733 4307 χωρὶς
1773 4235 1817 4269 ’⁸

227 4326 478 4395 ἀπῆγεν
503 4343 518 4357 ·
546 4326 577 4380 ὃ
604 4328 678 4395 δὴ
706 4328 807 4381 καὶ
841 4329 974 4398 περὶ
1006 4329 1149 4395 τοὺς
1186 4330 1482 4398 τυχόντας
1514 4327 1636 4381 τῶν
1664 4326 1817 4381 ἰδιω-

226 4419 353 4473 τῶν
382 4419 560 4473 ἐστιν
594 4418 760 4488 όρᾷν.
795 4422 896 4476 Διὰ
943 4421 1123 4476 τοῦτο
1170 4422 1269 4476 καὶ
1322 4420 1469 4475 ὅταν
1510 4437 1602 4487 τις
1634 4420 1819 4489 ἀσχη-

1909 3229 2058 3285 bant.
2094 3224 2299 3280 Deinde
2325 3237 2448 3277 cum
2479 3220 2709 3276 dixisset
2740 3217 2859 3272 sine
2879 3214 3067 3285 ﬁguris
3091 3211 3483 3269 sententiarum

1908 3334 2032 3375 esse
2068 3314 2421 3386 Antiphontis
2475 3311 2820 3371 orationem,
2887 3315 3148 3374 tanquam
3202 3301 3484 3371 corrigens

1911 3408 2153 3479 seipsum
2187 3424 2203 3461 :
2238 3404 2359 3458 Non
2387 3403 2506 3467 hoc,
2534 3400 2742 3469 inquit,
2774 3397 2894 3450 dico
2925 3394 3082 3464 quasi
3111 3391 3263 3445 nulla
3291 3391 3347 3443 in
3378 3390 3487 3443 An-

1911 3501 2141 3570 tiphonte
2201 3497 2375 3567 ﬁgura
2432 3492 2817 3548 sententiarum
2874 3486 3207 3548 inveniatur;
3281 3481 3476 3535 etenim

1910 3590 2256 3661 interrogatio
2282 3596 2332 3641 et
2359 3584 2654 3655 responsio,
2679 3590 2728 3637 et
2765 3580 2876 3634 alia
2905 3578 3107 3633 similia
3147 3582 3403 3645 apparent
3431 3572 3490 3627 in

1911 3683 2023 3754 ejus
2052 3679 2378 3735 orationibus
2401 3691 2420 3730 :
2443 3675 2531 3730 sed
2579 3673 2708 3744 quia
2741 3687 2845 3725 non
2877 3669 2941 3724 de
2971 3666 3274 3730 industria,
3324 3676 3489 3731 neque

1914 3778 2242 3832 continenter
2274 3787 2402 3825 usus
2430 3778 2506 3824 est
2539 3767 2648 3821 illis
2670 3809 2686 3834 ,
2737 3765 2826 3819 sed
2858 3778 2959 3833 quo
2992 3770 3187 3816 natura
3216 3760 3333 3828 ipsa
3372 3756 3489 3810 sine

1913 3869 2095 3939 aliqua
2122 3862 2369 3918 met/mdo
2393 3860 2572 3920 duxit,
2620 3856 2758 3928 quod
2782 3854 2954 3909 videre
2976 3861 3053 3906 est
3072 3852 3126 3905 in
3158 3846 3488 3905 orationibus

1914 3960 2114 4031 passim
2144 3956 2309 4010 obviis
2334 3951 2723 4022 imperitorum,
2751 3948 2867 4001 ideo
2922 3953 2972 3999 et
3008 3959 3127 3998 cum
3160 3941 3355 4011 aliquis
3378 3938 3494 3992 sine

1918 4029 2103 4122 ﬁguris
2142 4048 2334 4105 dixerit
2370 4059 2481 4099 esse
2510 4043 2799 4105 orationes,
2831 4055 2936 4092 non
2955 4038 3166 4091 omnino
3192 4041 3338 4105 putet
3365 4029 3492 4086 illas

1918 4142 2102 4213 ﬁguris
2127 4154 2302 4194 carere
2345 4136 2473 4206 (hoc
2504 4135 2650 4190 enim
2680 4131 2795 4187 ﬁeri
2829 4128 3061 4199 nequit),
3104 4126 3197 4181 sed
3240 4123 3368 4195 quia
3403 4138 3497 4177 ar-

1922 4236 2144 4304 tiﬁcium
2168 4240 2544 4301 perpetuusque
2564 4228 2753 4281 ductus
2774 4241 2834 4278 ac
2857 4221 3181 4277 vehementia
3198 4219 3499 4288 ﬁgurarum

1919 4327 1973 4381 in
2031 4325 2159 4393 ipsis
2216 4338 2321 4377 non
2351 4328 2629 4390 apparent.
2682 4315 2941 4370 Dicuntur
3015 4310 3159 4365 illius
3215 4304 3498 4361 orationes

1924 4416 2224 4488 sexaginta,
2248 4427 2481 4484 quarum
2514 4407 2768 4464 Caecilius
2799 4402 2994 4475 viginti
3022 4401 3266 4472 quinque
3300 4394 3502 4468 ᾔδεα

222 4512 566 4580 ματίστους
590 4485 741 4567 εἶναι
778 4514 927 4583 λέγῃ
969 4516 1212 4585 λόγους,
1248 4516 1321 4570 οὐ
1378 4485 1656 4577 καθάπαξ
1687 4485 1805 4580 oin-

1924 4485 2078 4563 falso‘
2111 4506 2189 4560 illi
2238 4502 2441 4559 ascribi
2489 4500 2604 4568 ait,
2662 4507 2722 4552 nt
2776 4502 2982 4550 restent
3027 4501 3241 4546 tantum
3272 4485 3500 4557 triginta

228 4603 446 4656 τέον³⁰
477 4601 599 4656 τῶν
657 4604 984 4673 σχημάτων
1018 4605 1239 4671 αὐτοὺς
1297 4604 1819 4675 ἀπεστερημένους
1926 4600 2192 4671 quinque.

228 4689 392 4747 εἶναι
418 4693 599 4763 (τοῦτο
626 4669 737 4764 γὰῇ
769 4669 1082 4767 -όιδύναοι-ον),
1125 4669 1264 4750 ἀλλ’
1306 4696 1395 4750 ὅτι
1457 4669 1532 4749 τό
1567 4669 1896 4767 ἕξμμέθοδον
1947 4669 2047 4745 οιαὶ
2082 4669 2379 4758 ’συνεχὲς
2431 4682 2531 4740 καὶ
2591 4678 2925 4755 ἐρρωμένον
2990 4673 3110 4729 τῶν
3181 4669 3505 4743 σχημάτων

231 4788 344 4840 οὐκ
375 4761 556 4841 ἐστιν
616 4761 915 4857 ὁρώμενον
979 4761 1051 4842 ἐν
1094 4787 1323 4854 αὐτοῖς.
1356 4761 1614 4857 Φέρονται
1638 4761 1695 4842 iis
1743 4783 1907 4840 αὐτοῦ
1944 4782 2090 4850 λόγοι
2126 4780 2189 4850 ξ’,
2218 4776 2293 4837 ὧν
2320 4775 2652 4837 ὁΚαικίλιος
2708 4777 2755 4825 κ’
2792 4768 2886 4823 καὶ
2933 4773 2975 4821 ε’
3001 4766 3162 4837 φησὶν
3191 4761 3358 4822 αὐτοῦ
3407 4777 3507 4817 κα·

234 4878 625 4947 ταψεὺδεσθαι,
660 4880 737 4945 ὡς
782 4877 921 4934 εἶναι
963 4881 1092 4944 τοὺς
1145 4880 1511 4951 διαφυγόντας
1555 4878 1615 4932 τὸ
1669 4878 1821 4932 νόθον
1859 4882 1899 4929 ε’
1931 4874 2024 4928 καὶ
2050 4871 2116 4928 λ’.

1529 5056 1763 5112 VARl/E
1829 5053 2233 5112 LECTIONES.

312 5173 357 5204 “
404 5177 466 5227 ὲν
517 5182 573 5228 et
621 5173 677 5226 δὲ
725 5173 849 5227 add.
897 5175 964 5229 A.
1042 5174 1086 5205 "
1106 5173 1230 5228 libri
1283 5171 1554 5234 Κεκίλιος.
1631 5172 1679 5204 ³⁸
1700 5171 1828 5243 περί
1879 5188 1942 5224 τε
1999 5168 2097 5242 τὴν
2123 5187 2182 5235 ς’.
2258 5168 2305 5199 ³⁷
2325 5166 2384 5222 δὲ
2426 5164 2550 5221 add.
2581 5163 2649 5221 A.
2724 5162 2771 5197 ³⁸
2798 5160 3112 5236 παράληψις
3143 5175 3204 5225 ς.
3279 5156 3323 5188 ²⁹
3341 5150 3507 5224 χωρίς

244 5260 381 5305 τινος
414 5245 477 5300 Β.
554 5244 603 5276 ³⁰
627 5243 806 5313 οἴηται
834 5260 895 5307 ς.

1772 5325 2009 5383 NOTAE.

316 5453 394 5529 (7)
431 5453 633 5529 Decem
657 5449 880 5507 Graecia:
908 5457 1188 5529 oratorum
1226 5451 1341 5504 haec
1362 5448 1567 5529 Elogia,
1602 5445 1815 5529 Plutar-

249 5518 335 5579 chi
360 5518 595 5578 nomine
628 5535 879 5590 magnam
905 5528 1141 5590 partem,
1177 5518 1480 5589 opusculis,
1507 5525 1569 5570 ut
1598 5523 1817 5590 vocant,

247 5594 545 5650 Moralibus
573 5586 1064 5647 circumferuntur.
1099 5592 1168 5644 At
1199 5586 1287 5643 hic
1316 5590 1497 5658 longe,
1519 5601 1683 5654 quam
1717 5586 1815 5652 ibi,

244 5666 517 5720 auctiora.
546 5662 711 5718 Certe
740 5660 1028 5730 utrobique
1052 5660 1405 5730 collectanea,
1439 5659 1639 5730 verius,
1654 5672 1818 5730 quam

248 5737 481 5807 integra,
511 5732 745 5805 scriptio
779 5726 1023 5803 apparet,
1052 5746 1173 5805 qua:
1202 5728 1445 5796 Pbotius,
1467 5728 1513 5785 si
1543 5726 1821 5784 Plutarchi

1917 5461 2039 5501 esse
2065 5452 2334 5514 putasset,
2365 5458 2490 5499 cum
2512 5458 2635 5514 non
2662 5441 2820 5514 longe
2853 5441 2984 5496 hinc
3019 5453 3051 5493 e
3093 5431 3376 5514 Parallelis
3399 5445 3489 5488 ex-

1920 5502 2105 5585 cerpta
2134 5502 2369 5576 dederit,
2417 5514 2571 5585 haud
2606 5502 2785 5585 dubie
2800 5526 2910 5585 non
2934 5505 3304 5585 praeteriisset.
3333 5502 3501 5585 Latn-

1922 5570 2066 5656 prias
2090 5591 2295 5656 tamen,
2322 5570 2404 5656 ne
2444 5583 2575 5656 quid
2606 5570 2953 5656 dissimulem
2978 5578 3080 5656 ,ﬁin
3111 5590 3335 5656 censum
3366 5570 3497 5656 Plu-

1926 5642 2105 5710 ἰοί-οὴί
2166 5642 2399 5723 recipit,
2439 5642 2538 5708 etsi
2576 5652 2824 5723 quaedam
2878 5650 2931 5702 in
2980 5642 3352 5703 Demosthene
3410 5642 3501 5701 hic

1925 5742 2088 5799 quam
2120 5724 2176 5781 in
2202 5722 2323 5796 ejus
2360 5724 2500 5791 Vita,
2537 5722 2749 5780 diverse
2775 5725 3085 5777 narrantur.
