3944 6242
426 284 531 351 159

1564 278 1833 339 PHUTII
1860 276 2364 338 PATRIARCHIE
2392 277 2501 337 (ΖΡ.

3546 266 3651 333 160

496 400 597 456 Hic
640 396 780 469 patri
820 410 921 452 suo
958 392 1186 466 Sopltilo
1209 407 1435 464 operam
1473 392 1529 447 in
1563 393 1761 449 studiis
1819 392 1989 449 dedit.

2164 383 2331 452 Οὗτος
2362 388 2440 457 τῷ
2463 385 2646 452 οἰκείῳ
2683 384 2848 456 πατρὶ
2875 360 3086 454 Σοὶρίλῳ
3119 358 3492 452 σοφιστεύοντι
3548 398 3651 451 μα-

423 494 677 553 Caecilius
697 506 825 548 vero
845 490 1009 560 hujus
1037 487 1272 543 oratoris
1306 485 1624 556 magistrum
1656 485 1789 541 facit
1814 485 1987 540 histo-

425 591 602 645 ricum
641 584 1033 655 Thucydidem.
1079 580 1423 637 Dissensisse
1460 594 1591 635 vero
1631 579 1784 633 illum
1821 594 1851 633 a
1890 578 1991 633 So-

426 692 575 737 crate
605 694 714 734 non
737 675 1135 741 contentionis,
1195 673 1290 728 sed
1323 672 1709 744 investiganda:
1745 671 1991 727 veritatis

429 772 621 843 gratia.
669 769 915 823 Primum
971 777 1151 821 autem
1194 763 1504 819 condidisse
1546 764 1675 818 dicit
1717 762 1991 817 orationes

422 864 732 937 judiciales.
776 860 1205 916 Praacedentium
1251 858 1396 912 enim
1443 872 1603 913 nemo
1646 858 1752 911 hoc
1796 869 1993 925 genere

425 951 691 1007 orationis
724 965 857 1004 usus
892 964 1012 1003 esse
1043 946 1467 1018 deprehenditur
1500 963 1514 1000 :
1545 959 1724 1014 neque
1750 943 1993 1014 reperias

420 1042 735 1113 judicialem
767 1040 1070 1096 orationem
1106 1040 1364 1109 scriptam
1396 1044 1521 1091 ante
1553 1045 1796 1105 tempora
1838 1034 1993 1088 Anti-

425 1134 665 1206 phontis.
696 1118 937 1188 Primum
969 1146 1187 1201 quoque
1220 1139 1389 1184 artem
1420 1127 1703 1182 rhetorica:
1753 1123 1995 1180 referunt

427 1225 719 1283 tradidisse
745 1267 759 1290 ,
792 1224 965 1278 solers
1007 1238 1130 1275 cum
1161 1230 1325 1284 esset,
1356 1230 1410 1275 et
1441 1220 1567 1274 inde
1608 1216 1857 1272 Nestoris
1909 1230 1998 1271 co-

429 1330 666 1386 gnomen
695 1312 971 1369 sortitum.
1008 1310 1161 1364 Plato
1201 1308 1254 1362 in
1286 1307 1551 1363 Pisandro
1593 1306 1742 1360 illum
1774 1318 1833 1358 ut
1864 1319 1995 1359 ava—

429 1420 548 1458 rum
581 1404 826 1459 incessit.
861 1402 1028 1456 Fama
1051 1412 1135 1455 est
1167 1400 1316 1454 illum
1339 1400 1500 1453 etiam
1529 1397 1821 1467 tragoedias
1843 1410 1995 1450 com-

432 1493 701 1562 posuisse,
716 1490 968 1562 privatim
987 1488 1232 1559 quidem,
1256 1495 1309 1540 ct
1325 1500 1448 1540 cum
1472 1484 1727 1553 Dionysio
1742 1480 1997 1552 Tyranno

433 1583 855 1639 cohabitantem.
881 1580 1198 1635 Studentem
1231 1592 1361 1631 vero
1387 1575 1540 1646 prius
1568 1572 1723 1643 poesi
1748 1610 1764 1638 ,
1820 1578 1995 1626 artem

431 1676 585 1730 aiunt
614 1674 765 1728 illum
799 1672 1070 1743 reperisse
1091 1687 1199 1741 qua
1235 1667 1457 1724 tristitia
1491 1663 1892 1736 depelleretur,
1940 1666 1996 1714 et

425 1769 585 1836 juxta
615 1765 794 1820 forum
824 1730 1073 1819 Corinthi
1103 1730 1449 1818 domunculae
1476 1730 1693 1812 cuidam
1717 1768 1749 1808 a
1774 1767 1835 1809 se
1863 1764 1998 1807 con-
2021 1730 2071 1794 B

430 1866 652 1913 structae
681 1857 763 1912 sic
804 1854 1152 1925 inscripsisse
1185 1868 1198 1904 :
1236 1852 1306 1907 Se
1336 1850 1583 1904 oratione
1615 1860 1719 1902 sua
1746 1842 1995 1900 dolorem

430 1962 590 2017 posse
618 1946 838 2017 pellere.
863 1945 1079 1999 Etenim
1103 1942 1491 2012 interrogando
1519 1940 1777 1997 maeroris
1800 1953 1999 1996 causas

433 2040 618 2094 tristes
659 2037 1066 2094 consolabatur.
1099 2036 1216 2091 Hoc
1254 2034 1492 2091 studium
1536 2033 1723 2090 minus
1751 2047 1872 2089 esse
1900 2046 1999 2103 pu—

431 2140 553 2186 tans
577 2167 594 2194 ,
644 2144 807 2198 quam
858 2129 1063 2198 ingenii
1097 2128 1183 2183 sui
1215 2125 1582 2197 prazstantiam
1612 2125 1873 2191 deceret,
1930 2120 2000 2178 ad

432 2222 729 2276 oratoriam
763 2221 962 2276 iterum
995 2235 1055 2276 se
1092 2219 1379 2284 convertit,
1414 2218 1647 2288 Scripsit
1673 2217 1838 2273 etiam
1877 2230 2000 2271 ora-

430 2314 632 2369 tionem
664 2323 856 2369 contra
893 2313 1277 2383 Hippocratem
1308 2312 1604 2376 medicum,
1639 2321 1694 2367 et
1724 2309 1878 2365 illum
1910 2309 1999 2363 in-

428 2406 573 2461 dicta
601 2421 766 2462 causa
797 2405 1099 2461 damnavit.
1142 2404 1357 2461 Floruit
1386 2406 1567 2459 autem
1593 2417 1655 2458 ea
1680 2408 2000 2471 tempestate

428 2514 537 2569 qua
572 2498 769 2553 bellum
789 2507 1003 2570 gestum
1032 2514 1155 2554 cum
1176 2497 1385 2563 Persis,
1403 2497 1565 2568 paulo
1593 2505 1718 2552 ante
1743 2495 1999 2565 Gorgiam

431 2589 733 2658 sophistam
773 2598 955 2644 natus.
1002 2588 1258 2645 Extendit
1286 2603 1417 2645 vero
1452 2589 1619 2643 vitam
1650 2602 1827 2657 usque
1859 2586 1913 2640 in
1945 2586 2000 2641 id

429 2689 670 2751 tempus,
702 2695 813 2751 quo
836 2682 1114 2751 popularis
1137 2693 1313 2738 status
1336 2690 1421 2738 est
1456 2697 1488 2738 a
1545 2681 1649 2737 400
1685 2681 1760 2751 (8)
1792 2679 2001 2751 Tyran-

431 2775 520 2828 nis
558 2774 825 2839 sublatus,
863 2776 1023 2845 cujus
1058 2775 1375 2831 mutationis
1432 2782 1487 2830 et
1548 2774 1728 2844 ipsum
1779 2788 1998 2835 causam

430 2876 538 2917 una
566 2862 736 2919 fuisse
773 2865 946 2919 aiunt.
987 2863 1350 2929 Quamobrem
1383 2872 1438 2918 et
1470 2863 1649 2919 soluta
1690 2863 1882 2915 horum
1918 2871 2002 2931 ty-

432 2955 692 3021 rannide,
723 2955 776 3009 in
812 2956 901 3025 jus
931 2965 1157 3011 vocatus
1194 2955 1487 3011 damnatur
1509 2996 1523 3021 ,
1574 2960 1627 3008 et
1659 2952 1998 3023 proditorum

430 3057 593 3114 poma
625 3044 931 3115 insepultus
970 3045 1247 3117 proiectus
1276 3056 1393 3113 est,
1425 3054 1480 3101 et
1518 3044 1741 3099 infamia
1776 3052 1999 3100 notatus

431 3152 543 3191 non
574 3138 737 3192 modo
764 3139 899 3207 ipse,
926 3139 1021 3193 sed
1053 3138 1172 3209 ejus
1204 3138 1368 3192 etiam
1409 3153 1601 3193 omnes
1636 3136 1864 3207 posteri.
1898 3134 2006 3206 Ly-

432 3229 543 3282 sias
565 3242 697 3282 vero
714 3238 904 3283 contra
932 3237 1119 3282 narrat
1144 3228 1297 3283 illum
1323 3228 1505 3297 potius
1528 3243 1557 3281 a
1590 3226 2003 3296 quadringentis

432 3320 681 3389 tyrannis
699 3319 1047 3374 interfectum
1076 3334 1219 3375 esse.
1250 3320 1356 3372 Alii
1382 3320 1563 3372 ferunt
1588 3319 1740 3373 illum
1761 3318 2003 3385 legatum

433 3410 499 3467 ad
527 3408 845 3481 Dionysium
878 3409 1192 3480 Tyrannum
1228 3408 1555 3479 profectum,
1610 3417 1664 3462 et
1705 3409 2008 3477 quaestione

435 3499 670 3567 quadam
720 3499 1041 3569 proposita,
1076 3499 1352 3567 quodnam
1404 3504 1552 3551 esset
1597 3498 1861 3566 Optimum
1908 3512 2005 3559 aes,

437 3590 569 3646 illud
601 3590 867 3659 optimum
896 3604 1019 3644 esse
1052 3589 1280 3653 dixisse,
1317 3604 1385 3643 ex
1412 3605 1523 3659 quo
1557 3598 1749 3644 statuae
1774 3589 2006 3645 Hermo-

435 3681 527 3735 dio
577 3690 631 3734 et
656 3679 1013 3749 Aristogitoni
1059 3679 1214 3735 factm
1238 3688 1445 3735 essent.
1494 3680 1821 3736 Audientem
1877 3696 2007 3739 vero

436 3770 779 3842 Dionysium,
808 3779 862 3826 et
886 3771 939 3824 in
969 3786 1027 3826 se
1056 3771 1174 3826 haec
1212 3771 1320 3827 dici
1352 3774 1744 3843 suspicantem,
1776 3779 1829 3827 et
1859 3772 2008 3827 necis

433 3880 547 3920 suae
593 3864 1007 3919 incitamentum
1047 3878 1208 3930 esse,
1249 3864 1446 3936 capitis
1492 3873 1768 3920 oratorem
1809 3863 2006 3937 48θὸ

433 3956 852 4011 condemnasse.
903 3955 1011 4010 Alii
1053 3971 1186 4011 vero
1215 3966 1506 4028 propterea
1556 3957 1799 4013 occisum
1850 3946 2007 4014 com-

437 4058 769 4114 memorant,
798 4049 942 4119 quod
972 4047 1221 4121 Dionysii
1258 4050 1406 4108 illius
1441 4050 1737 4123 tragtedias
1776 4050 2008 4110 liberius

436 4137 873 4207 perstrinxisset.

1122 4430 1324 4489 CCLX.

938 4524 1197 4581 Isocratis
1221 4527 1509 4585 orationes.

506 4617 762 4691 Legimus
788 4617 971 4675 varias
998 4619 1277 4676 orationes
1302 4619 1579 4677 Isocratis.
1614 4618 1882 4675 Dicuntur
1905 4634 2008 4674 nu-

437 4728 591 4769 mero
623 4713 925 4783 sexaginta,
947 4728 1179 4783 quarum
1203 4713 1442 4785 quinque
1465 4722 1519 4770 et
1534 4712 1728 4783 viginti
1753 4711 2012 4784 Dionysio

437 4803 670 4873 egitima:
690 4809 838 4868 sunt,
873 4799 1092 4858 Caecilio
1115 4802 1302 4874 viginti
1325 4812 1473 4859 octo.
1502 4802 1802 4874 Scripsisse
1831 4811 2011 4857 autem

2093 479 2353 553 θητεῦσαι
2407 480 2625 547 λέγεται
2656 493 2670 509 ο
2706 476 2990 538 Καικίλιος
3020 475 3078 528 δέ
3109 473 3433 528 Θουκυδίδου
3491 472 3534 504 ³⁸
3560 472 3691 524 τοᾰν

2093 569 2455 643 συγγραφέως
2489 566 2735 639 μαθητὴν
2772 565 3054 636 γεγονέναι
3110 566 3245 637 φησὶ
3287 564 3379 617 τὸν
3426 562 3675 635 ῥήτορα(

2091 662 2442 731 Διενεχθῆναι
2485 659 2542 713 δέ
2600 675 2765 727 φασιν
2811 656 2972 712 αὑτὸν
3030 656 3122 711 καὶ
3174 655 3452 728 Σωκράτει
3485 652 3532 684 ³³
3579 650 3666 722 τῷ

2093 753 2389 822 φιλοσόφῳ,
2420 740 2493 805 ού’
2514 750 2649 820 πρὸς
2678 748 2724 780 ³⁸
2750 746 3251 819 φιλονεικίαν,ἀλλὰ
3279 747 3417 817 πρὸς
3438 745 3669 817 ἔλεγχον

2092 844 2303 917 ὁρῶντα
2326 844 2391 898 ⁸⁸.
2428 842 2691 907 Συντάξαι
2721 841 2777 894 δὲ
2806 840 2968 894 αὐτὸν
2999 840 3092 895 καὶ
3123 838 3339 909 πρῶτόν
3364 855 3497 906 φασι
3533 839 3663 901 τοὺς

2092 940 2151 993 ἐν
2178 940 2289 1001 τοῖς
2317 934 2688 1007 δικαστηρίοις
2717 934 3109 1002 ἀγωνιστικοὺς
3150 930 3279 1003 [792
3308 929 3401 1003 IL]
3428 929 3623 998 λόγους
3644 946 3660 960 ·

2093 1031 2202 1085 τῶν
2244 1030 2353 1100 γὰρ
2387 1027 2494 1099 πρὸ
2540 1027 2702 1082 αὐτοῦ
2740 1025 2916 1089 οὐδεὶς
2951 1025 3201 1095 φαίνεται
3251 1023 3440 1085 καθεὶς
3470 1022 3664 1075 ἑαυτὸν

2095 1124 2176 1185 εἰς
2222 1121 2410 1175 τοῦτον
2464 1121 2556 1173 τὸν
2588 1119 2794 1188 ἀγῶνα,
2834 1116 2943 1171 οὐδ’
2993 1115 3108 1170 ἔστι
3158 1114 3342 1170 λαϐεῖν
3385 1113 3664 1168 δικανικὸν

2097 1213 2253 1281 λόγον
2302 1212 2410 1267 τῶν
2459 1210 2776 1282 Ἀντιφῶντι
2823 1208 2869 1241 ³⁸
2932 1209 3198 1281 πρότερον
3232 1206 3664 1278 γεγραμμένων.

2096 1307 2320 1375 Πρῶτον
2361 1306 2419 1359 δὲ
2450 1305 2611 1360 αὐτὸν
2661 1304 2756 1359 καὶ
2790 1302 3084 1375 ῥητορικὰς
3126 1300 3487 1367 συντάξασθαί
3533 1316 3669 1368 φασι

2098 1400 2312 1469 τέχνας,
2365 1397 2621 1468 ἀγχίνουν
2669 1394 2950 1463 γεγονότα·
2976 1395 3065 1448 διὰ
3119 1392 3277 1446 τοῦτο
3326 1391 3511 1446 λαϐεῖν
3570 1393 3670 1444 ἐπ⁶

2097 1490 2311 1561 ώνυμον
2336 1490 2431 1543 καὶ
2468 1491 2558 1541 τὸν
2584 1487 2852 1558 Νέστορα.
2880 1485 3149 1557 Κωμῳδεῖ
3175 1486 3232 1539 δὲ
3253 1483 3413 1537 αὐτὸν
3436 1484 3516 1546 εἰς
3549 1481 3671 1551 φιλ-

2105 1584 2375 1654 αργυρίαν
2418 1582 2643 1635 Πλάτων
2682 1583 2740 1635 ἐν
2783 1579 3118 1650 Πεισάνδρῳ.
3170 1578 3344 1645 Λόγος
3392 1578 3451 1630 δὲ
3506 1575 3671 1630 αὑτὸν

2097 1676 2194 1730 καὶ
2215 1675 2521 1746 τραγῳδίας
2551 1672 2841 1738 συνθεῖναι,
2874 1672 2979 1743 ἰδίᾳ
2999 1689 3058 1724 τε
3101 1670 3197 1724 καὶ
3236 1667 3498 1738 Διονυσίῳ
3548 1686 3673 1723 συν-

2100 1766 2442 1837 διατρίϐοντα
2480 1766 2558 1837 τῷ
2598 1765 2869 1837 τυράννῳ.
2925 1762 3262 1835 Σχολάζοντα
3313 1762 3371 1815 δὲ
3406 1760 3675 1834 πρότερον

2102 1862 2169 1931 τῇ
2221 1860 2435 1931 ποιήσει
2466 1859 2660 1929 τέχνην
2688 1859 2852 1926 φασὶν
2877 1857 3040 1910 αὐτὸν
3073 1855 3313 1925 ἐξευρεῖν
3336 1854 3379 1888 ³⁷
3413 1854 3677 1918 ἀλυπίας,

2104 1950 2360 2007 καὶκατὰ
2386 1950 2483 2017 τὴν
2515 1950 2721 2019 ἀγορὰν
2748 1951 2806 2001 ἐν
2835 1946 3084 2020 Κορίνθῳ
3115 1945 3279 2019 [1455
3305 1943 3399 2018 8.]
3433 1943 3675 2016 οἰκημά-

2104 2042 2216 2097 τιόν
2243 2058 2296 2093 τι
2320 2039 2815 2111 οἰκοδομησάμενον
2844 2036 3149 2111 ἐπιγράψαι
3192 2036 3452 2091 δύνασθαι
3509 2033 3677 2088 αὐτὸν

2102 2130 2230 2194 τοὺς
2268 2128 2640 2199 λυπουμένους
2659 2127 2747 2182 διὰ
2792 2127 2967 2197 λόγων
2997 2127 3043 2159 ⁸⁸
3072 2125 3426 2199 θεραπεύειν·
3466 2124 3562 2178 καὶ
3608 2122 3676 2192 δὴ

2105 2222 2197 2277 καὶ
2238 2223 2641 2294 πυνθανόμενος
2664 2220 2763 2285 τὰς
2806 2221 2986 2285 αἰτίας
3009 2221 3109 2293 τῆς
3146 2220 3325 2291 λύπης
3345 2219 3470 2282 τοὺς
3506 2218 3675 2272 ἀνιω-

2107 2320 2301 2391 μένους
2329 2317 2722 2390 παρεμυθεῖτο.
2749 2316 2923 2371 Τοῦτο
2944 2317 3002 2371 δὲ
3036 2317 3097 2371 τὸ
3127 2316 3466 2387 ἐπιτήδευμα
3508 2309 3676 2387 ἦττον

2104 2406 2243 2465 εἶναι
2272 2409 2501 2480 νομίσας
2530 2410 2628 2481 τῆς
2680 2410 2874 2464 ἐαυτοῦ
2907 2409 3289 2481 μεγαλονοίας.
3319 2408 3412 2461 ἐπὶ
3453 2409 3677 2479 ῥητορι-

2105 2502 2208 2572 κὴν
2229 2501 2461 2573 ἐτράπη.
2493 2500 2879 2573 Συνεγράψατο
2913 2500 2971 2555 δὲ
2998 2500 3093 2555 καὶ
3121 2497 3681 2569 κατὰἹπποκράτους

2104 2594 2197 2647 τοῦ
2244 2594 2429 2666 ἰατροῦ
2469 2594 2649 2663 λόγον,
2706 2594 2802 2649 καὶ
2850 2586 2994 2647 εἶλεν
3028 2591 3191 2649 αὐτὸν
3239 2591 3299 2659 ἐξ
3341 2592 3571 2663 ἐρήμου.
3617 2588 3681 2645 Ὀ

2105 2686 2161 2741 δέ
2189 2686 2375 2757 χρόνος
2396 2684 2487 2759 ἦν,
2511 2686 2634 2739 καθ’
2675 2685 2734 2739 δν
2773 2683 3044 2757 ἢκμαζεν,
3084 2686 3143 2739 ἐν
3176 2675 3221 2752 ᾧ
3268 2683 3681 2753 διαπέπρακται

2104 2775 2175 2828 τὰ
2210 2776 2474 2846 Περσικά,
2508 2775 2673 2847 ὀλίγῳ
2701 2774 2966 2847 πρότερον
3007 2774 3236 2847 Γοργίου
3264 2773 3359 2828 τοῦ
3423 2771 3681 2843 σοφιστοῦ

2107 2868 2346 2939 γεγονώς
2372 2886 2388 2901 ·
2418 2869 2705 2941 παρέτεινε
2734 2868 2791 2921 δέ
2813 2869 2905 2923 τὸν
2942 2868 3055 2939 βίον
3087 2868 3192 2933 ἓως
3221 2868 3322 2939 τῆς
3362 2867 3468 2921 ὑπὸ
3496 2866 3606 2920 τῶν
3635 2872 3680 2920 υ·

2107 2961 2479 3033 γεγενημένης
2501 2960 2848 3025 καταλύσεως
2894 2964 2994 3032 τῆς
3025 2961 3430 3034 δημοκρατίας,
3464 2955 3533 3032 ἧς
3582 2960 3684 3014 καὶ

2110 3055 2269 3110 αὐτὸν
2298 3056 2474 3109 αἰτίαν
2506 3057 2898 3127 μετεσχηκέναι
2931 3056 3064 3125 φασὶ
3093 3057 3397 3126 παρασχεῖν
3420 3070 3436 3085 ο
3464 3052 3545 3107 διὸ
3585 3053 3684 3106 καὶ

2111 3147 2249 3218 μετὰ
2282 3146 2381 3218 τὴν
2413 3147 2713 3201 κατάλυσιν
2745 3146 2854 3200 τῶν
2877 3153 2922 3200 υ·
2964 3146 3339 3216 εἰσαγγελθεὶς
3377 3145 3520 3200 ἐὰλω
3540 3188 3556 3211 ,
3585 3144 3687 3199 καὶ

2105 3242 2219 3302 τοῖς
2269 3238 2378 3291 τῶν
2418 3238 2691 3310 προδοτῶν
2722 3238 3021 3310 ἐπιτιμίοις
3078 3237 3411 3309 ὑποϐληθείς
3473 3238 3685 3307 ἄταφος

2106 3330 2329 3403 ἐρρίφη,
2376 3328 2472 3381 καὶ
2500 3327 2721 3396 γέγονεν
2748 3327 2963 3399 ἄτιμος,
2995 3328 3276 3403 ούκᾼαύτδς
3325 3327 3482 3398 μόνον
3505 3365 3521 3390 ,
3546 3325 3689 3383 ἀλλὰ

2108 3400 2201 3477 καὶ
2237 3423 2286 3474 οἰ
2332 3419 2390 3486 ἐξ
2421 3419 2586 3475 αὐτοῦ
2621 3419 2839 3489 φύντες.
2887 3400 3181 3485 Λυσίαςδὲ
3207 3420 3514 3474 τούναντίον
3541 3421 3689 3471 ἰστο-

2113 3516 2197 3584 ρεῖ
2221 3529 2235 3541 ·
2273 3514 2408 3583 φησί
2433 3511 2543 3583 γὰρ
2575 3511 2777 3582 μᾶλλον
2805 3512 2968 3567 αὑτὸν
2989 3512 3094 3567 ὑπὸ
3119 3514 3231 3566 τῶν
3279 3519 3325 3566 υ⁹
3351 3511 3684 3584 ἀνῃρῆσθαι.

2109 3607 2171 3660 Οἱ
2201 3605 2259 3659 δέ
2312 3605 2669 3675 φασινηαύτὸν
2708 3603 3051 3677 πρεσϐευτὴν
3082 3604 3221 3677 πρὸς
3269 3605 3547 3658 Διονύσιον
3591 3602 3689 3656 τὸν

2108 3698 2369 3770 τύραννον
2400 3699 2841 3773 παραγεγονότα,
2898 3699 2992 3753 καὶ
3041 3696 3321 3769 ζητήσεώς
3370 3714 3517 3760 τινος
3573 3714 3687 3749 πα-

2112 3789 2459 3864 ραπεσούσης
2491 3793 2575 3857 τίς
2614 3792 2834 3864 ἄριστός
2858 3791 2974 3844 ἐστι
3006 3789 3229 3861 χαλκὸς,
3260 3790 3420 3845 αὐτὸν
3463 3790 3687 3861 ἄριστον

2108 3877 2249 3936 εἶναι
2293 3883 2459 3953 φάναι
2482 3883 2544 3949 ἐξ
2576 3877 2637 3937 οὗ
2666 3883 2854 3954 στῆλαι
2892 3881 3166 3951 Ἀρμοδίῳ
3213 3881 3537 3952 πεποίηνται
3589 3880 3689 3933 καὶ

2122 3975 2566 4047 ’Λριστογείτονιο
2592 3977 2900 4033 ἀκούσαντα
2944 3973 3001 4028 δὲ
3027 3973 3119 4028 τὸν
3144 3975 3442 4039 Διονύσιον,
3478 3975 3570 4027 καὶ
3601 3975 3689 4037 εἰς

2110 4069 2274 4122 αὑτὸν
2344 4068 2722 4138 ὑπονοήσαντα
2808 4068 2900 4122 τὸν
2973 4066 3131 4137 λόγον
3183 4066 3517 4139 ὰπερῤῖφθαι
3591 4066 3688 4119 καὶ

2110 4160 2426 4233 προτροπὴν
2496 4156 2635 4214 εἶναι
2704 4160 2804 4231 τῆς
2866 4158 3033 4215 αὑτοῦ
3104 4159 3455 4220 καταλύσεως
3482 4198 3500 4222 ,
3586 4157 3689 4227 τὴν

2107 4249 2202 4303 ἐπὶ
2227 4248 2442 4319 θανάτῳ
2487 4248 2578 4302 τὸν
2620 4249 2827 4320 ῥήτορα
2885 4249 3268 4303 καταδικάσαι.
3320 4248 3385 4301 Oi
3432 4248 3490 4301 δὲ
3527 4248 3687 4315 διότι,

2111 4341 2267 4410 φασὶ,
2292 4340 2391 4403 τὰς
2412 4339 2715 4412 τραγῳδίας
2743 4340 2910 4393 αὐτοῦ
2933 4339 3203 4412 διασύρων
3227 4339 3685 4412 ἐπαρρησιάζετο.

2841 4431 2935 4483 Στ⁸

2881 4468 2923 4485 ω
2940 4473 2956 4487 ο

2607 4522 2985 4592 Ἰσοκράτους
3014 4525 3202 4595 λόγοι.

2186 4616 2603 4687 Ἀνεγώσθησαν
2642 4616 2982 4686 Ἰσοκράτους
3008 4616 3158 4686 λόγοι
3188 4616 3459 4688 διάφοροι.
3482 4616 3684 4688 Φέρονο

2104 4726 2196 4762 ται
2233 4708 2290 4762 δὲ
2327 4709 2493 4762 αὑτοῦ
2522 4709 2614 4762 τὸν
2663 4707 2899 4779 ἀριθμὸν
2928 4708 2991 4776 ξ’,
3020 4703 3095 4763 ὧν
3132 4709 3432 4780 ἐκρίθησαν
3471 4710 3691 4779 γνήσιοι

2109 4801 2245 4855 κατὰ
2278 4800 2378 4870 μὲν
2411 4799 2687 4854 Διονύσιον
2718 4800 2813 4861 ἐπὶ
2840 4802 2950 4863 τοῖς
2979 4806 3021 4853 ε’
3048 4808 3098 4855 κ’
3130 4800 3198 4864 ³⁸,
3232 4802 3377 4854 κατὰ
3407 4800 3466 4854 δὲ
3495 4799 3688 4854 Καικί-

437 4894 586 4955 illum
613 4903 784 4948 artem
816 4892 1106 4949 rhetoricae
1125 4894 1364 4962 tradunt,
1385 4910 1551 4966 quam
1577 4894 1763 4965 etejus
1793 4894 1998 4950 nomint

2106 4894 2221 4948 λιον
2257 4900 2306 4965 η’
2329 4895 2424 4947 καί⁵
2457 4893 2528 4949 κ’.
2579 4892 2921 4965 Γεγραφέναι
2970 4893 3027 4947 δέ
3081 4893 3244 4947 αὑτὸν
3270 4893 3365 4947 καὶ
3394 4893 3441 4926 ⁵ο
3492 4893 3687 4963 τὲχθην

437 4987 763 5056 inscriptam
775 4985 1001 5041 scimus.
1031 4985 1281 5041 Aliivero
1298 4987 1525 5042 tradunt
1542 4988 1687 5043 hunc
1714 4987 1770 5042 in
1805 4986 2013 5042 oratio-

440 5081 606 5137 nibus
629 5078 806 5150 magis
837 5078 1232 5136 exercitatione
1259 5092 1425 5150 quam
1449 5088 1567 5135 arte
1593 5095 1755 5136 usum
1795 5094 1938 5135 esse.

2111 4984 2409 5058 ῥητορικὴν
2447 4985 2720 5054 λέγουσιν,
2752 4986 2820 5057 ἥν
2854 4987 2948 5040 καὶ
2986 4986 3148 5057 ἡμεῖς
3173 4984 3335 5055 ίσμεν
3359 4982 3454 5036 τοῦ
3498 4982 3687 5053 ἀνδρὸς

2109 5077 2561 5149 ἐπιγραφομένην
2596 5078 2675 5149 τῷ
2702 5078 2929 5150 ὀνόματι
2961 5093 2976 5109 ⁶
3011 5078 3063 5132 οἰ
3089 5077 3147 5132 δὲ
3176 5077 3512 5149 συνασκήσει
3553 5072 3687 5147 μᾶλ-

1745 5194 1979 5255 VARIIE
2040 5195 2445 5254 LECTIONES.

512 5298 681 5375 “‘xat
702 5316 821 5375 Δοιιι.
988 5300 1033 5375 ξ’
1062 5295 1393 5375 Θουκυδίδην
1425 5312 1485 5358 ς.
1518 5292 1590 5350 cf.
1611 5291 2002 5375 _letenbach.
2024 5362 2037 5375 ι
2063 5290 2366 5375 Plutarch.
2394 5295 2544 5375 Lup.
2576 5292 2740 5375 δμε-
2778 5292 2823 5324 ³³
2881 5290 3162 5374 ξωκράτει
3187 5290 3230 5343 Β
3283 5308 3296 5344 :
3328 5290 3597 5375 Σωκράτη
3623 5306 3685 5354 ς’.

444 5366 581 5453 τιού
612 5372 818 5453 πρός-
841 5372 886 5404 ³⁸
912 5366 1148 5440 ὁρῶντα]
1167 5365 1317 5453 ,πρδς
1349 5360 2537 5453 3.15m?926232199965.tremum“;
2608 5362 2653 5453 ’τ
2697 5360 3691 5453 emam:satismirari“?

456 5430 1297 5511 Ἀντιφῶντος-γεγραμμένον.
1374 5435 1425 5469 ³⁷
1451 5430 1693 5504 ἐξευρεῖν
1715 5431 1878 5487 αὐτόν
1905 5431 1968 5487 Β.
1991 5430 2003 5434 ⁷
2045 5433 2089 5464 ³⁸
2114 5430 2275 5502 λόγου
2298 5431 2358 5488 Β.
2424 5434 2469 5468 ³⁸
2500 5434 2537 5487 ε’
2569 5436 2661 5489 καὶ
2683 5430 2731 5487 κ’
2764 5450 2824 5499 ς.
2856 5430 2863 5431 ί
2887 5431 2935 5464 ⁵⁸
2968 5432 3061 5487 καί
3088 5439 3214 5487 ante
3240 5430 3438 5503 τέχνην
3465 5430 3594 5487 add.
3621 5431 3688 5485 A.

1965 5546 2197 5606 NOTIE.

518 5651 594 5719 (8)
620 5650 994 5721 Quadraginta
1022 5648 1189 5707 habet
1218 5647 1543 5705 Plutarchus
1572 5657 1629 5705 ut
1689 5645 1763 5705 ibi
1796 5646 2010 5706 numeri
2047 5660 2177 5708 ncta
2228 5662 2513 5729 peccatum
2555 5657 2851 5725 appareat,
2926 5658 3057 5716 ctu,
3098 5661 3197 5718 pro
3262 5663 3339 5719 μ,
3415 5661 3679 5721 reponen-

445 5719 595 5787 dum.
