3944 6242
162 330 165 331 ⁷
242 321 331 385 161

1342 320 1860 383 BIBLIOTHECA.
1884 346 1954 360 --
1979 323 2140 384 COD.
2172 320 2379 382 CGLX.

3361 320 3462 386 162

237 438 325 490 λον
351 434 388 506 ἢ
412 434 580 505 τέχνη
614 431 921 505 χρήσασθαι
950 432 1094 486 κατά
1122 432 1247 497 τοὺς
1275 433 1465 501 λόγους
1502 435 1592 487 τὸν
1632 434 1798 505 ἄνδρα

1971 431 2141 487 Natus
2173 440 2257 487 est
2296 432 2442 486 circa
2495 423 2862 503 Olympiadem
2898 430 3286 501 octogesimam
3341 447 3462 488 sex-

276 530 389 583 ασί.

276 548 389 583 ασι.

235 548 274 601 φ
306 619 503 687 Γέγονε
542 616 603 670 δὲ
640 616 779 669 κατὰ
807 615 905 685 τὴν
934 613 988 667 π’
1027 616 1122 669 καὶ
1151 615 1204 681 ς’
1276 617 1614 686 Ολυμπιάδα,
1672 614 1804 668 νεώ-

234 726 397 777 τερος
421 708 521 776 μὲν
556 705 759 759 Λυσίου
788 704 881 756 ἐπὶ
905 703 1056 756 δυσὶν
1086 703 1228 756 ἔτεσι
1268 705 1359 756 καὶ
1391 710 1459 768 κ’,
1520 699 1803 767 Πλάτωνος

222 804 286 855 δὲ
324 798 701 871 πρεσϐύτερος
735 795 766 848 ι’
794 797 1021 849 δεόντων
1053 797 1237 867 τριῶν.
1280 792 1387 847 Ἦν
1416 795 1471 847 δὲ
1497 796 1623 858 παῖς
1679 794 1805 847 Θεο-

233 891 411 963 δώρου
451 889 716 960 Ἐρχιέως
743 888 811 951 δί,
848 889 964 951 ἑνὸς
991 888 1100 941 τῶν
1134 886 1370 958 μετρίων
1423 884 1679 939 πολιτῶν.
1717 887 1805 937 Ἐν

232 985 395 1037 παισὶ
463 983 563 1053 μὲν
624 981 717 1035 οὖν
753 979 923 1032 τελῶν
984 981 1293 1051 ἠκροάσατο
1324 978 1585 1049 Προδίκου
1619 994 1677 1029 τε
1710 976 1804 1029 τοῦ

228 1074 484 1134 Κείουη,
518 1072 613 1124 καί⁵
640 1070 868 1140 Γοργίου
906 1070 1000 1123 τοῦ
1032 1071 1334 1136 Λεοντίνου,
1367 1071 1461 1123 καὶ
1493 1069 1679 1121 Τισίου
1711 1067 1804 1121 τοῦ

228 1162 604 1232 Συρακουσίου
629 1162 803 1227 δ’,καὶ
832 1161 923 1215 τοῦ
944 1163 1169 1233 ῥήτορος
1184 1161 1555 1233 Θηραμένους.
1574 1161 1698 1233 [795
1714 1161 1804 1231 HJ

229 1259 323 1318 Είς
346 1254 621 1325 ἅνδραςδὲ
673 1254 892 1317 τελέσας
922 1257 1260 1326 πραγμάτων
1290 1256 1387 1327 μὲν
1416 1256 1684 1328 ἀναχωρεῖ
1700 1256 1808 1308 τῶν

230 1347 557 1411 πολιτικῶν,
593 1348 676 1400 ὅτι
705 1364 764 1401 τε
793 1347 893 1417 τὴν
931 1348 1113 1417 φωνὴν
1147 1349 1324 1418 ίσχνὺς
1348 1343 1416 1419 ἦν
1442 1350 1647 1401 καὶτὸν
1680 1349 1805 1419 τρό-

230 1456 330 1490 πον
376 1437 656 1509 εὑλαϐής·
692 1437 762 1491 τὰ
815 1438 1045 1509 πατρῷα
1111 1439 1290 1508 μέντοι
1328 1438 1717 1508 ἀποϐεϐληκὼς
1751 1441 1810 1491 ὲν

230 1530 305 1599 τῷ
334 1530 479 1599 πρὸς
513 1528 971 1598 Λακεδαιμονίους
1002 1529 1245 1598 πολέμῳ,
1279 1528 1374 1581 ἕνα
1405 1531 1564 1599 μόνον
1595 1529 1684 1581 τὸν
1710 1529 1810 1600 τῆς

232 1622 565 1683 ἀντιδόσεως
594 1620 753 1688 λόγον
785 1620 953 1673 εἰπὼν
998 1621 1211 1689 ἀπέστη
1241 1620 1338 1690 τῆς
1370 1620 1626 1690 τοιαύτης
1670 1637 1806 1690 προ-

235 1714 530 1780 αιρέσεως,
564 1711 705 1764 ἰδίαν
733 1709 790 1761 δὲ
819 1708 1105 1780 διατριϐὴν
1134 1707 1581 1778 ὑποστησάμενος
1611 1707 1703 1759 ἐπὶ
1748 1705 1808 1760 τὸ

1904 532 2037 579 tam.
2085 522 2279 579 Juuior
2330 521 2488 594 Lysia
2535 524 2692 577 annis
2727 523 2914 593 viginti
2944 526 3003 577 et
3033 522 3245 579 duobus
3274 566 3290 589 ,
3347 523 3467 577 Pla-

1902 625 2030 671 tone
2085 625 2291 686 septem
2347 615 2505 670 annis
2568 614 2862 683 antiquior.
2911 613 3041 669 Erat
3096 623 3276 669 autem
3323 614 3466 671 filius

1906 708 2177 763 Theodori
2208 706 2507 763 sacerdotis
2542 706 2683 760 inter
2711 706 3027 761 mediocres
3050 706 3217 761 cives.
3263 706 3468 763 Etiam-

1906 814 2035 853 num
2063 814 2200 868 puer
2228 798 2437 853 audivit
2473 796 2761 852 Prodicum
2812 795 3006 850 Chium
3029 837 3043 861 ,
3104 808 3158 852 et
3208 795 3464 873 Gorgiam

1904 889 2250 954 Leontinum,
2284 897 2338 945 et
2367 889 2570 943 Tisiam
2619 888 3045 957 Syracusanum,
3073 899 3127 941 et
3169 888 3464 942 Therame-

1908 999 2031 1039 nem
2058 984 2354 1037 rhetorem.
2384 980 2502 1035 Jam
2534 980 2619 1034 vir
2654 981 2971 1050 reipublicae
3005 995 3193 1035 curam
3222 996 3331 1035 non
3371 982 3467 1034 ad.

1907 1073 2097 1139 misit;
2132 1074 2259 1143 quia
2303 1072 2490 1143 gracili
2528 1087 2660 1127 voce
2711 1081 2827 1126 erat
2882 1087 2947 1127 ac
2978 1072 3199 1128 timidus
3234 1092 3246 1126 :
3282 1085 3464 1143 pater-

1908 1179 2115 1235 nasque
2155 1163 2455 1234 respiciens
2500 1163 2844 1219 calamitates
2886 1164 3026 1217 bello
3060 1162 3332 1218 Laconico
3372 1179 3467 1219 ac-

1908 1266 2126 1326 ceptas,
2176 1270 2343 1310 uuam
2394 1255 2566 1310 solam
2627 1253 2701 1308 De
2764 1254 3125 1308 retributione
3167 1254 3465 1307 orationem

1908 1345 2120 1407 habuit,
2153 1352 2259 1399 eta
2294 1344 2525 1399 dicendo
2574 1343 2832 1413 deinceps
2865 1342 3150 1397 abstinuit.
3186 1340 3467 1395 lnstituto-

1909 1450 2017 1506 que
2041 1436 2170 1489 ludo
2194 1475 2210 1502 ,
2255 1434 2631 1504 philosophari
2703 1441 2757 1488 et
2785 1434 3021 1489 scribere
3050 1442 3132 1488 est
3159 1446 3469 1503 aggressus,

1915 1541 1978 1581 ac
2001 1526 2411 1597 panegyricum,
2441 1534 2496 1579 et
2525 1524 2790 1594 quasdam
2820 1524 2874 1577 in
2902 1538 3099 1591 genere
3118 1523 3474 1578 deliberativo

1911 1618 2131 1688 scripsit
2164 1618 2463 1682 orationes,
2500 1626 2654 1671 ratus
2680 1616 2752 1669 ita
2783 1614 2999 1670 Graecos
3025 1615 3090 1668 ad
3117 1630 3179 1669 ea
3209 1630 3329 1684 qua:
3359 1613 3473 1668 olli—

1910 1708 1999 1765 cio
2027 1707 2415 1776 honestatique
2440 1714 2568 1759 sunt
2595 1711 2983 1770 consentanea,
3030 1719 3190 1773 posse
3230 1704 3470 1759 incitari.

235 1804 554 1872 φιλοσοφεῖν
588 1802 684 1855 καὶ
735 1800 966 1872 γράφειν
1003 1801 1251 1871 ὥρμησε,
1291 1801 1384 1854 καὶ
1416 1801 1444 1852 ὃ
1471 1816 1531 1851 τε
1563 1815 1808 1869 πανηγυ-

1911 1801 2067 1867 Quod
2106 1801 2413 1855 institutum
2446 1814 2568 1854 cum
2617 1800 2838 1853 minime
2878 1798 3104 1852 feliciter
3137 1798 3472 1861 succederet,

239 1896 386 1965 ρικδς
431 1894 588 1963 αὐτῷ
632 1893 791 1962 λόγος
835 1894 1102 1964 συνετάγη
1162 1894 1255 1946 καί
1320 1910 1464 1954 τινες
1496 1891 1646 1945 ἄλλοι
1700 1891 1808 1943 τῶν

241 1985 723 2053 συμϐουλευτικῶν
771 1986 1059 2058 ἡγουμένῳ
1114 1989 1235 2048 ταῖς
1293 1984 1645 2054 παραινέσεσι
1684 1985 1807 2049 τοὺς

206 2076 507 2148 ·Ἔλληνας
537 2078 760 2149 φρονεῖν
808 2077 1081 2145 ἐκδιδάξαι
1118 2079 1185 2131 τὰ
1238 2078 1604 2149 συμφέροντα.
1648 2078 1808 2130 Ἀπο-

247 2170 416 2239 τυχὼν
452 2171 509 2224 δὲ
540 2171 644 2241 τῆς
673 2169 922 2242 γνώμης,
946 2172 1133 2224 τούτου
1164 2171 1264 2242 μὲν
1303 2171 1512 2241 ἀπέστη
1556 2170 1652 2223 τοῦ
1690 2172 1809 2222 ἐπι-

250 2262 600 2334 τηδεύματος,
638 2263 836 2333 σχολῆς
888 2263 944 2316 δὲ
996 2266 1310 2336 σοφιστικῆς
1349 2266 1556 2334 ἡγεῖτο,
1587 2262 1661 2326 ὡς
1712 2262 1810 2332 μέν

244 2357 385 2419 τινές
412 2373 573 2426 φασι,
607 2355 679 2409 τὰ
716 2357 908 2427 πρῶτα
940 2356 1034 2407 ἐπὶ
1079 2357 1233 2419 Χίου,
1263 2356 1510 2427 μαθητὰς
1555 2356 1692 2426 ἔχων
1720 2356 1808 2407 ὲν-

240 2448 348 2511 νέα,
368 2449 533 2518 ἡνίκα
560 2449 656 2502 καὶ
683 2448 777 2502 τὸν
808 2448 995 2519 μισθὸν
1020 2448 1143 2502 ἰδὼν
1169 2449 1267 2519 τῆς
1294 2449 1635 2512 διδασκαλίας
1656 2450 1810 2522 ἀριθ-

240 2540 509 2609 μούμενον
531 2540 697 2608 φάναι
724 2540 1087 2610 δακρύσαντα,
1101 2541 1176 2604 ὡς
1197 2541 1325 2596 Νῦν
1338 2541 1595 2610 ἐμαυτὸν
1621 2542 1813 2611 ἔγνων

235 2636 472 2699 τούτοις
521 2634 922 2703 πεπραμένον.
971 2631 1339 2703 Ἢκροάσαντο
1389 2632 1444 2686 δὲ
1496 2632 1660 2687 αὐτοῦ
1719 2634 1811 2688 ἄλ-

234 2726 309 2778 λοι
334 2743 399 2779 τε
446 2726 656 2789 πολλοὶ,
697 2725 770 2789 ὠς
826 2726 921 2779 καὶ
967 2726 1048 2789 είς
1086 2726 1279 2779 ἑκατὸν
1323 2727 1655 2793 συντελέσαι,
1718 2727 1814 2781 καὶ

232 2818 292 2889 δὴ
350 2820 450 2871 καὶ
483 2818 753 2887 Τιμόθεος
785 2819 815 2870 6
867 2819 1135 2885 Κόνωνος,
1172 2818 1288 2889 μεθ’
1351 2812 1413 2872 οὗ
1470 2820 1563 2873 καὶ
1613 2820 1814 2884 πολλὰς

231 2908 405 2962 ἐπιὼν
460 2909 651 2973 πόλεις
691 2911 789 2973 τὰς
820 2909 957 2980 πρὸς
996 2910 1312 2981 Ἀθηναίους
1337 2910 1626 2971 ἐπιστολὰς
1691 2928 1814 2965 συν-

233 3003 404 3055 ετίθει
433 3044 449 3071 ,
479 3002 543 3056 αἱ
596 3001 687 3055 τὸν
736 3001 998 3072 Τιμόθεον
1048 3002 1454 3074 ὲπεγράφοντω
1524 3000 1686 3075 [1456
1724 3002 1813 3076 8.]

230 3093 353 3146 ὅθεν
385 3094 602 3157 ἐκεῖνος
664 3095 911 3165 ταλάντῳ
958 3094 1122 3147 αὑτὸν
1147 3094 1508 3166 ἐδωρήσαντο.
1553 3095 1814 3163 Γεγόνασι

1909 1891 2107 1948 distitit
2137 1903 2327 1960 postea
2362 1891 2498 1945 alias
2523 1889 2806 1943 orationes
2829 1889 3088 1943 scribere.
3131 1873 3341 1943 Lu'dum
3372 1904 3472 1942 au-

1908 1998 2011 2044 tem
2046 1987 2221 2043 tenuit
2248 1986 2427 2057 primo
2458 1986 2509 2041 in
2541 1986 2678 2040 Chio
2708 2026 2723 2049 ,
2774 2001 2921 2047 cum,
2957 1995 3017 2040 ut
3070 1986 3319 2040 nonnulli
3362 1994 3475 2039 trav

1907 2080 2061 2143 dunt,
2081 2095 2271 2134 novem
2300 2078 2522 2132 haberet
2542 2078 2819 2132 auditores
2850 2094 2863 2129 :
2889 2091 2953 2132 ex
2979 2091 3088 2146 quo
3111 2092 3234 2131 cum
3267 2076 3477 2131 videret

1912 2180 2253 2225 numeratam
2301 2168 2644 2231 mercedem,
2690 2168 3087 2240 collacrymans
3116 2168 3190 2222 ait
3220 2186 3234 2223 :
3271 2166 3341 2220 Ut
3376 2183 3479 2220 mc-

1906 2262 2087 2332 ipsum
2114 2263 2196 2317 his
2227 2261 2427 2332 prwbui
2455 2260 2797 2315 vendendum.
2837 2261 3129 2318 Auditores
3158 2269 3346 2331 postea
3378 2261 3476 2314 ha-

1908 2356 2029 2411 buit
2063 2364 2278 2410 centum
2306 2397 2321 2419 ,
2374 2354 2577 2410 multos
2623 2354 2841 2425 quidem
2878 2353 3014 2408 alios
3036 2393 3050 2418 ,
3084 2354 3178 2408 sed
3210 2353 3478 2422 imprimis

1912 2445 2259 2501 Timotheum
2287 2444 2528 2502 Cononis
2575 2445 2744 2500 ﬁlium
2770 2486 2785 2510 ,
2841 2459 3079 2515 quocum
3116 2444 3315 2499 multas
3346 2444 3480 2497 adiit

1912 2539 2184 2604 civitates,
2207 2553 2331 2593 cum
2363 2538 2483 2593 illas
2518 2538 2780 2593 scriberet
2807 2537 3069 2607 epistolas
3094 2575 3108 2599 ,
3136 2550 3256 2605 quae
3280 2544 3410 2590 sunt
3446 2550 3479 2589 a

1913 2627 2202 2684 Timotheo
2224 2630 2406 2685 missa:
2421 2629 2487 2683 ad
2503 2629 2892 2684 Athenienses:
2910 2629 3033 2683 inde
3050 2628 3310 2687 talentum
3335 2626 3479 2680 dono

1912 2722 2140 2793 accepit.
2183 2721 2337 2776 Dedit
2376 2736 2435 2776 se
2464 2737 2683 2790 quoque
2729 2720 2802 2774 illi
2843 2720 2908 2774 ad
2953 2719 3280 2773 audiendum
3302 2718 3481 2772 Xeno-

1913 2813 2059 2883 phon
2097 2811 2267 2882 Grylli
2306 2811 2450 2866 ﬁlius
2484 2811 2867 2882 TheOpompus
2890 2810 3092 2876 Chius,
3145 2819 3199 2865 et
3226 2811 3480 2880 Ephorus

1913 2902 2190 2970 Gumzeus,
2224 2918 2362 2974 quos
2399 2903 2465 2957 ad
2502 2903 2845 2958 scribendam
2878 2902 3160 2956 historiam
3206 2902 3478 2965 incitavit,

1914 2996 1978 3064 ad
2010 3005 2224 3065 captum
2255 2995 2521 3065 cujusque
2547 3006 2669 3064 apte
2690 3004 3009 3064 argumenta
3035 2994 3276 3048 historiae
3293 2992 3481 3047 distri-

1916 3086 2087 3141 buens
2110 3102 2124 3139 :
2145 3087 2212 3141 ad
2238 3087 2353 3140 haec
2372 3094 2426 3139 et
2459 3085 2827 3154 Asclepiades,
2848 3087 2942 3155 qui
2964 3085 3255 3154 tragmdias
3279 3083 3481 3156 £876

230 3182 286 3235 δὲ
331 3183 510 3237 αὐτοῦ
545 3184 813 3254 ἀκροαταὶ
835 3186 926 3237 καὶ
950 3184 1197 3254 Ξενοφῶν
1219 3189 1247 3237 6
1275 3184 1513 3255 Γρύλλου
1540 3185 1632 3238 καὶ
1682 3184 1808 3236 Θεό-

1919 3178 2161 3247 scripsit,
2196 3187 2249 3233 et
2278 3177 2616 3232 Theodectes
2647 3176 2968 3241 Phaselites,
2989 3177 3082 3245 qui
3105 3178 3269 3231 etiam
3293 3188 3479 3246 postea

231 3292 457 3345 πομπος
500 3278 532 3330 6
568 3278 700 3341 Χῖος
744 3276 839 3329 καὶ
879 3277 1115 3347 Ἔφορος
1157 3278 1184 3330 6
1241 3279 1511 3349 Κυμαῖος,
1544 3272 1623 3340 οἷς
1650 3276 1695 3308 ’⁸⁵
1717 3279 1811 3330 καὶ

229 3372 349 3432 ταῖς
375 3372 685 3440 ἱστορικαῖς
720 3371 1453 3442 συγγραφαῖς-κρούτρέψατο
1481 3370 1807 3442 χρήσασθαι,

230 3463 369 3532 πρὸς
418 3462 526 3532 τὴν
568 3461 802 3515 ἑκάστου
823 3464 985 3530 φύσιν
1018 3463 1293 3530 ἀναλόγως
1320 3464 1416 3516 καὶ
1470 3462 1568 3526 τὰς
1612 3461 1809 3516 ὑποθε-

231 3570 347 3615 σεις
376 3552 483 3621 τῆς
525 3552 769 3621 ἱστορίας
815 3553 1001 3615 αὐτοῖς
1055 3550 1469 3623 διανειμάμενος
1494 3566 1508 3581 ⁸
1567 3552 1659 3605 ἐπὶ
1699 3551 1813 3605 τού-

228 3659 340 3705 τοις
393 3643 493 3695 καὶ
529 3640 953 3711 Ἀσκληπιάδης,
979 3640 1036 3704 ὃς
1065 3641 1133 3694 τὰ
1178 3640 1597 3712 τραγῳδούμενα
1626 3642 1671 3673 ⁸³
1691 3658 1813 3695 συν-

228 3730 541 3800 εγράψατᾳ
573 3730 871 3800 Θεοδέκτης
899 3730 957 3783 δὲ
989 3730 1035 3762 ⁸⁸
1062 3730 1091 3780 6
1114 3731 1442 3801 Φασηλίτης,
1499 3732 1595 3785 καὶ
1650 3731 1810 3795 αὐτὸς

230 3821 467 3894 ὕστερον
494 3822 805 3892 τραγῳδίας
839 3822 1235 3894 συνταξάμενος
1255 3841 1269 3857 ο
1297 3823 1431 3877 ἁλ)ὰ
1452 3825 1547 3877 καὶ
1603 3824 1809 3877 Λαοδά-

232 3932 342 3983 μας
390 3915 423 3967 6
468 3912 753 3984 Ἀθηναῖος
810 3915 906 3967 καὶ
946 3915 1217 3986 Λάκριτος
1262 3916 1292 3969 6
1322 3916 1715 3985 νομοθετήσας
1764 3916 1809 3950 ιτ

241 4005 584 4075 Ἀθηναίοις,
614 4005 689 4068 ὠς
714 4004 772 4058 δέ
812 4023 976 4074 φασιν
1019 4008 1190 4069 ἄλλοι,
1241 4008 1334 4061 καὶ
1370 4007 1693 4079 Ὑπερείδης
1718 4009 1811 4061 καὶ

240 4098 467 4160 Ἰσαῖος.
522 4096 876 4166 Δημοσθένης
921 4098 978 4150 δὲ
1030 4097 1307 4169 προσῆλθε
1347 4097 1444 4167 μὲν
1471 4096 1620 4169 αὐτῷ
1675 4099 1810 4169 μετά

232 4188 479 4258 σπουδῆς
506 4228 523 4248 ,
566 4188 662 4238 καὶ
714 4186 894 4256 χιλίας
940 4188 1037 4256 μὲν
1070 4228 1084 4251 ,
1134 4187 1202 4251 ἃς

1915 3269 2232 3340 Tragaedias
2256 3268 2585 3338 composuit.
2618 3267 2761 3335 Quin
2797 3270 2960 3323 etiam
2987 3267 3286 3323 Leodamas
3316 3269 3481 3323 Athe-

1915 3363 2141 3428 niensis,
2163 3361 2506 3425 etLacritus,
2522 3361 2616 3432 qui
2643 3370 2833 3415 auctor
2856 3361 3032 3432 legum
3055 3361 3481 3417 Atheniensibus

1916 3454 2264 3510 ferendarum
2296 3454 2418 3510 I'uit.
2450 3454 2659 3510 Ferunt
2681 3462 2858 3507 autem
2889 3454 3133 3508 nonnulli
3167 3467 3224 3510 et
3250 3453 3479 3524 Hyperi-

1917 3549 2038 3602 dem
2063 3556 2117 3602 et
2147 3548 2338 3602 Isaeum
2386 3546 2663 3602 auditores
2708 3545 2880 3601 fuisse
2904 3587 2918 3611 ,
2971 3554 3026 3601 et
3063 3545 3480 3602 Demosthenem

1919 3640 1986 3694 ad
2027 3653 2153 3694 eum
2194 3639 2444 3696 studiose
2478 3638 2819 3704 accessisse,
2870 3638 3185 3709 dixisseque
3233 3656 3292 3694 se
3333 3639 3481 3695 mille

1921 3729 2211 3784 drachmas
2231 3769 2246 3795 ,
2292 3743 2402 3799 quo
2433 3729 2609 3799 pretio
2639 3729 2729 3783 ille
2754 3728 2985 3784 docebat
3012 3767 3028 3794 ,
3083 3728 3324 3798 praebere
3370 3745 3479 3783 non

1916 3837 2113 3893 posse,
2156 3821 2412 3876 daturum
2444 3835 2575 3876 vero
2618 3820 2916 3885 ducentas,
2965 3830 3025 3875 ut
3068 3820 3311 3891 quintam
3346 3822 3479 3875 artis

1916 3923 2124 3983 partem
2177 3913 2433 3967 disceret.
2509 3912 2803 3966 Isocratem
2852 3922 3031 3967 autem
3087 3912 3478 3976 respondisse:

1915 4008 2093 4062 Artem
2132 4024 2234 4060 non
2267 4008 2321 4060 in
2355 4007 2527 4075 frusta
2558 4008 2903 4069 dissecamus,
2936 4007 3024 4060 sed
3064 4008 3112 4060 si
3148 4007 3346 4062 discere
3376 4023 3477 4061 ro-

1916 4098 2011 4165 les,
2039 4109 2203 4152 totam
2238 4105 2361 4153 bene
2391 4100 2599 4152 dicendi
2629 4109 2795 4153 artem
2824 4099 2917 4153 tibi
2943 4099 3180 4169 ινρηάμηι.

1284 4190 1705 4259 εἰσεπράττετο,
1754 4191 1851 4244 οὐκ
1923 4191 2066 4261 ἔχειν
2110 4191 2216 4260 ἔφη
2244 4189 2292 4223 ’⁸⁸
2324 4192 2650 4261 παρασχεῖν,
2699 4190 2979 4253 διακοσίας
3021 4190 3076 4243 δὲ
3135 4192 3219 4260 ἐφ’
3249 4193 3296 4232 ι’
3328 4188 3371 4259 ᾧ
3420 4195 3481 4243 τδ

231 4281 492 4350 πέμπτον
542 4277 706 4347 μέρος
756 4278 1017 4348 ἐκμαθεῖν
1085 4277 1315 4332 δώσειν·
1365 4286 1501 4353 πρὸς
1533 4282 1589 4335 δὲ
1637 4281 1810 4336 ταῦτα
1865 4283 1955 4337 τὸν
2012 4283 2328 4354 Ἰσοκράτην
2387 4282 2803 4352 ἀποκρίνασθαι,
2836 4281 2909 4345 ὡς
2961 4284 3043 4335 Οὐ
3101 4282 3481 4353 τεμαχίζομεν

230 4373 349 4437 τὴν
377 4366 812 4443 πραγματείαν,
856 4371 994 4425 ἀλλ’
1046 4373 1095 4423 εὶ
1119 4373 1395 4436 βούλοιο,
1438 4374 1780 4442 ὁλόκληρόν
1816 4390 1914 4430 σοι
1957 4375 2341 4444 ἀποδώσομαι
2380 4375 2425 4407 ⁵⁸
2452 4373 2567 4442 τὴν
2594 4373 2835 4443 τέχνην.

315 4472 422 4523 Τὸν
467 4470 570 4541 μὲν
594 4464 689 4523 οὖν
722 4470 853 4541 περὶ
902 4469 1003 4537 τῆς
1047 4469 1369 4531 ἀντιδόσεως
1408 4472 1502 4523 καὶ
1548 4471 1642 4524 τὸν
1678 4489 1808 4525 παν-

1989 4471 2176 4541 Itaque
2208 4471 2510 4528 orationem
2541 4470 2616 4523 De
2630 4470 2989 4536 retributione,
3010 4471 3481 4543 pancgyricum,et

236 4560 514 4630 ηγυρικδν
536 4561 631 4613 καί
651 4576 805 4623 τινας
830 4559 939 4612 τῶν
956 4576 1018 4612 συ
1029 4560 1433 4628 μϐουλευτικῶν
1463 4562 1676 4632 εἴρηταί
1718 4580 1808 4634 μοι

1918 4564 2054 4618 alias
2072 4563 2126 4617 in
2144 4563 2395 4617 suasorio
2411 4570 2693 4631 genere,ut
2710 4562 2967 4628 diximus,
2986 4564 3246 4632 quasdam
3262 4556 3481 4636 compo-

234 4652 388 4714 ὅπως
428 4667 489 4702 τε
544 4651 640 4703 καὶ
700 4651 788 4703 ὅτε
834 4650 1137 4713 συνέταξεν.
1188 4651 1454 4719 Συνέθηκε
1494 4654 1674 4723 μέντοι
1721 4656 1808 4708 τὸν

1913 4654 2449 4725 suit:panegyricum
2469 4654 2619 4707 aiunt
2634 4654 2818 4708 decem
2839 4655 2997 4708 annis
3015 4655 3126 4719 alii,
3144 4656 3483 4729 aliiquinque

236 4742 648 4813 πανηγυρικὸν,
678 4742 729 4793 οί
774 4741 872 4811 μὲν
908 4741 1051 4795 ἔτεσί
1078 4759 1210 4811 φασι
1243 4750 1295 4807 ι’,
1322 4746 1369 4796 οἱ
1400 4744 1457 4796 δὲ
1486 4746 1577 4797 ἐπὶ
1606 4746 1808 4811 τούτοις

1914 4745 2072 4800 annis
2086 4746 2416 4807 elaborasse,
2431 4759 2737 4814 quanquam
2754 4760 2781 4798 a
2800 4743 3009 4815 Gorgia:
3024 4745 3295 4811 Leontini,
3310 4760 3362 4802 et
3380 4748 3485 4821 Ly-

236 4835 405 4903 ἒτερα
426 4841 491 4888 ε’.
514 4834 710 4886 Καίτοι
735 4834 779 4865 δι
812 4834 1040 4903 Γοργίου
1072 4834 1155 4887 τοῦ
1188 4836 1470 4890 Λεοντίνου
1486 4838 1581 4890 καὶ
1612 4838 1808 4892 Λυσίου

1914 4839 2007 4892 size
2022 4837 2437 4909 enthymematis
2469 4846 2520 4891 et
2545 4837 2957 4906 epichcrematis
2974 4854 3162 4908 parum
3182 4836 3386 4896 mutata
3401 4855 3485 4899 est

240 4925 353 4976 τῶν
385 4926 795 4996 ἐνθυμημάτων
822 4926 918 4978 καὶ
945 4927 1391 4996 ἐπιχειρημάτων
1423 4929 1619 4999 μικροῦ
1651 4948 1808 4999 μετα-

1918 4930 2092 4985 oratio
2111 4930 2433 5000 panegyrica
2465 4928 2743 4983 Isocratis.
2781 4928 3115 4997 Credatjure
3147 4931 3347 5002 aliquis
3372 4945 3481 4989 tam

244 5016 377 5085 ϐολὴ
414 5016 722 5085 καθέστηκε
754 5016 847 5069 καὶ
876 5015 1164 5085 μετάθεσις
1195 5020 1225 5070 6
1266 5021 1641 5089 πανηγυρικὸς
1684 5022 1808 5072 Ἰσο-

1921 5023 2082 5092 longo
2111 5031 2352 5091 tempore
2377 5023 2684 5076 orationem
2736 5020 2879 5075 hanc
2912 5021 3158 5078 edolassc
3189 5029 3481 5088 Oratorem,

246 5106 478 5175 κράτους
518 5107 693 5175 λόγος.
746 5107 1035 5177 Διατρῖψαι
1076 5107 1119 5160 δ’
1153 5108 1218 5161 ἄν
1246 5126 1330 5172 τις
1357 5111 1564 5182 οἰηθείη
1604 5112 1808 5182 μακρὸν

1921 5114 2050 5168 dum
2092 5113 2320 5169 inhaeret
2348 5113 2766 5183 compositioni,
2801 5122 3035 5183 propter
3065 5124 3317 5170 ornatum
3354 5131 3485 5170 ora-

250 5197 393 5251 οὖτω
439 5201 631 5270 χρόνον
677 5198 772 5253 τοῦ
828 5199 1208 5269 πανηγυρικοῦ
1243 5203 1668 5273 προσεδρεύοντα
1721 5204 1808 5257 τὸν

1922 5203 2107 5269 tionis,
2139 5213 2192 5259 et
2225 5204 2633 5268 abundantiam,
2656 5211 2708 5258 et
2732 5210 2951 5272 propter
2974 5194 3231 5259 lsed'uiam
3260 5205 3482 5259 electio-

256 5290 455 5359 ῥήτορα
476 5294 543 5362 τῇ
570 5291 817 5362 συνθήκῃ
840 5292 926 5345 διὰ
953 5293 1013 5344 τὸ
1036 5293 1134 5361 τῆς
1155 5292 1356 5357 λέξεως
1374 5296 1808 5366 κατεσκευασμέ-

1926 5312 2048 5350 nem
2088 5295 2141 5348 in
2176 5297 2378 5360 verbis,
2403 5304 2456 5350 et
2482 5304 2726 5349 mutuam
2767 5295 3002 5363 partium
3035 5297 3481 5360 concinnitatem,

257 5396 348 5433 νον
378 5384 468 5436 καὶ
520 5384 799 5455 περιττὸν,
842 5383 937 5435 καὶ
966 5382 1056 5437 διὰ
1103 5384 1202 5455 τὴν
1251 5386 1330 5448 εἰς
1387 5386 1667 5459 ἀκρῖϐειαν
1706 5387 1808 5440 τῶν

1929 5390 2037 5443 imo
2073 5400 2384 5445 accuratam
2419 5390 2717 5445 incisorum
2745 5404 2808 5443 ac
2834 5389 3202 5445 membrorum
3229 5398 3483 5445 constru-

1524 5500 1756 5555 νΑΒιΑς
1810 5502 2212 5560 LEGTIONES.

334 5584 369 5616 "
396 5589 689 5667 :prtéw;]
733 5588 1051 5713 Ἐρεχθιέως
1084 5591 1141 5646 Β.
1214 5592 1258 5623 δ’
1283 5593 1416 5646 Κίου
1442 5594 1508 5647 Α.
1584 5594 1630 5625 ⁸³
1658 5597 2064 5667 Συρῤακουσίου
2101 5599 2159 5652 Β.
2231 5599 2275 5631 ⁸⁵
2308 5597 2399 5661 οὓς
2443 5597 2644 5654 Goraes
2676 5599 2899 5655 lsocrat.
2924 5599 2958 5651 2
2980 5641 2993 5661 ,
3026 5613 3058 5666 p
3103 5594 3200 5666 νβ’.
3277 5596 3323 5627 ⁸⁵
3349 5613 3483 5667 τρα¹

334 5655 423 5710 ’ὅου
471 5663 567 5713 μὲν
604 5677 829 5713 συνεγο.
903 5700 916 5713 .
1022 5662 1067 5692 ⁸⁸
1092 5663 1147 5713 δὲ
1182 5679 1242 5713 τε
1280 5664 1501 5713 (loraes.
1602 5662 1647 5694 ⁸⁸⁷
1678 5667 1970 5713 νομοθέτης
2010 5670 2070 5713 Λ-
2119 5671 2321 5713 Cnrm-s
2369 5674 2724 5713 σοωιστςύσαε
2766 5669 3067 5713 Ἀθήνησιν-
3142 5668 3188 5698 ⁸⁸
3220 5666 3323 5713 Eun
3354 5668 3481 5713 ad-l.

604 5655 916 5739 qu'verp'ﬂ}.
1005 5662 1067 5739 ff
1092 5663 1147 5739 δὲ
1182 5679 1251 5739 τεΔ
1280 5664 1501 5717 (loraes.
1678 5655 1970 5739 νομοθέτης
2008 5670 2072 5725 Λ.
2119 5671 2321 5725 Coracs
2369 5655 2724 5739 σοφιστεύσας
2766 5655 3067 5738 Ἀθήνῃσιν.
3135 5655 3188 5698 ’⁸⁸
3220 5666 3324 5739 ἔφη
3354 5655 3481 5723 add.

272 5724 326 5778 Δ.
392 5730 435 5762 δ’
463 5724 520 5783 δὲ
558 5724 845 5801 μόιιας’ξφ“
871 5747 929 5794 ς.
1005 5733 1051 5765 ⁸⁸
1083 5733 1432 5803 ἀποδώσομεν
1461 5750 1521 5797 ς.
1596 5734 1639 5766 ⁸⁸
1671 5724 1999 5805 καίτοιγε
