3966 6240
470 295 576 364 163

1615 295 1878 359 PHOTII
1916 296 2414 358 PATRIARCHIE
2448 298 2556 361 ΟΡ.

3600 298 3728 363 164

469 411 746 476 ctionem,
807 416 1020 465 tantum
1076 409 1339 481 temporis
1395 409 1611 482 exigere
1662 409 2037 467 arbitrabitur.

2148 410 2422 481 ὀνομάτων
2473 411 2724 483 ἐκλογὴν,
2781 429 2874 466 και
2926 411 2989 482 δὴ
3045 411 3141 468 καὶ
3176 412 3275 484 τῆς
3309 412 3446 484 πρὸς
3502 414 3727 485 ἄλληλα.

468 501 705 557 Maxime
736 516 864 557 vero
910 518 1094 557 rerum
1152 503 1393 558 inventio
1426 512 1482 559 ct
1549 504 1836 574 dispositio
1902 504 2042 559 hanc

469 593 888 664 occupationem
919 594 1172 664 praebuit.
1228 596 1415 667 Capita
1470 596 1616 651 enim
1668 604 1722 651 et
1762 596 2043 666 epicliere-

468 693 634 749 mata,
665 684 862 753 quibus
891 686 1068 741 oratio
1103 686 1306 741 directa
1349 686 1646 755 perficitur,
1683 687 1729 741 si
1766 687 1889 757 quis
1915 687 2040 741 dili-

468 786 657 846 genter
688 784 740 831 et
778 776 1024 848 singulas
1074 788 1254 848 partes
1302 780 1618 845 attenderit,
1654 780 1894 834 inveniet
1922 794 2040 833 eam

466 868 687 923 nonnisi
727 868 891 939 longo
923 877 1169 940 tempore
1200 870 1406 925 absolvi
1458 872 1721 940 potuisse.
1765 870 1945 937 Quare
1983 880 2040 924 et

465 959 670 1015 multas
705 960 895 1015 multis
915 960 1204 1030 judiciales
1236 963 1514 1018 orationes
1540 964 1791 1033 praebuit,
1820 973 2042 1033 propter

463 1060 682 1105 mutuas
713 1051 855 1106 inter
877 1067 937 1106 se
959 1052 1351 1119 dissensiones,
1386 1069 1509 1107 cum
1547 1053 1640 1107 alii
1664 1052 2040 1108 exercitationi

463 1153 518 1196 et
545 1158 691 1198 curae
727 1144 1045 1198 orationum
1077 1145 1502 1207 incumberent,
1538 1145 1629 1200 alii
1665 1146 1848 1215 specie
1882 1154 2041 1200 tenus

464 1235 790 1291 recitabant.
827 1235 1052 1292 Licebat
1079 1247 1261 1291 autem
1282 1237 1469 1293 videre
1503 1238 1641 1293 alios
1664 1239 1729 1292 ad
1753 1237 2041 1307 judiciales

464 1341 665 1382 causas
691 1336 848 1398 aptos
875 1342 1019 1394 esse,
1051 1327 1187 1383 alios
1222 1337 1404 1383 autem
1438 1329 1671 1384 dicendo
1697 1329 1784 1384 his
1813 1328 2038 1383 inferio-

469 1434 553 1473 res
576 1434 717 1474 esse.
756 1418 1222 1475 Panatltenaicum
1256 1435 1400 1475 anno
1427 1430 1552 1475 ante
1584 1420 1813 1486 obitum,
1846 1420 1952 1483 vel,
1979 1429 2040 1473 ut

469 1508 718 1562 nonnulli
759 1508 966 1577 ferunt,
1002 1519 1200 1579 quarto
1235 1511 1564 1581 conscripsit
1594 1553 1609 1566 .
1641 1512 1764 1567 illas
1804 1510 1873 1566 ad
1912 1510 2039 1565 Phi-

470 1602 671 1672 lippum
695 1603 857 1672 paulo
883 1611 1175 1672 antequam
1202 1612 1287 1659 est
1317 1613 1588 1659 mortuus.

2138 498 2343 553 τούτων
2377 500 2671 573 συνθήκης.
2722 501 2881 555 Ἀλλά
2912 504 3009 555 καὶ
3036 505 3069 573 ἡ
3107 502 3214 556 τῶν
3248 502 3438 557 κώλων
3480 506 3575 558 καὶ
3608 522 3727 557 usu

2142 589 2330 660 ριύδων
2367 590 2461 642 ἐπὶ
2516 589 2772 644 τοσοῦτον
2808 591 3065 662 ἀκρίϐεια
3114 592 3270 665 ἱκανὴ
3325 594 3722 648 καταναλῶσαι

2141 681 2354 751 χρόνον.
2384 680 2636 734 Μάλιστα
2664 681 2720 734 δὲ
2747 683 2895 753 αὐτῷ
2923 685 2954 753 ἡ
2984 684 3093 737 τῶν
3119 685 3465 754 πραγμάτων
3488 685 3727 755 εὕρεσις

2142 771 2237 824 καὶ
2266 770 2534 842 διοίκησις
2574 772 2619 803 ³²
2646 772 2746 844 τὴν
2784 775 3053 845 τοσαύτην
3082 775 3339 843 ἀσχολίαν
3385 775 3680 845 ἐνεποίησε
3704 791 3723 807 ο

2143 862 2213 915 τά
2250 864 2359 933 γὰρ
2383 863 2653 932 κεφάλαια
2687 866 2781 918 καὶ
2812 866 2880 918 τὰ
2916 866 3341 937 ἐπιχειρήματα,
3377 864 3460 932 οἷς
3488 871 3516 922 ό
3546 867 3721 938 λόγος

2139 955 2597 1027 οίκονομούμενος
2647 958 3040 1029 ἀπαρτίζεται,
3073 963 3127 1014 εί
3165 979 3248 1024 τις
3289 963 3571 1033 ἐπιμελῶς
3618 964 3725 1017 καὶ

2142 1050 2271 1121 [794
2309 1048 2401 1122 H.]
2428 1050 2551 1105 καθ’
2595 1050 2822 1104 ἕκαστον
2882 1053 3046 1123 μέρος
3081 1054 3454 1124 ἐπισκέψοιτο,
3486 1056 3722 1128 εὑρήσει

2142 1142 2562 1213 συντελεσθῆναι
2592 1144 2787 1197 πολλοῦ
2811 1144 3043 1214 δεόμενα
3075 1148 3293 1216 χρόνου.
3328 1148 3421 1200 Διὸ
3451 1149 3549 1201 καὶ
3580 1148 3723 1201 πολ-

2139 1232 2252 1296 λοῖς
2288 1233 2489 1297 πολλὰς
2518 1236 2563 1267 ⁵³
2597 1236 2841 1306 παρέσχε
2869 1235 2975 1288 τῶν
3006 1236 3268 1307 κριτικῶν
3298 1236 3583 1307 διατριϐὰς
3612 1238 3723 1307 μὲν

2142 1325 2269 1378 καθ’
2294 1326 2543 1391 ἑαυτοὺς,
2586 1327 2884 1396 διαφωνίας
2904 1328 2961 1380 δὲ
2988 1328 3124 1399 πρὸς
3145 1328 3429 1397 ἀλλήλους,
3460 1330 3573 1381 τῶν
3613 1330 3722 1399 μὲν

2142 1415 2603 1488 ὲμϐαθυνομένων
2638 1421 2705 1489 τῇ
2750 1419 2949 1491 μελέτῃ
2973 1421 3067 1473 καὶ
3091 1419 3376 1489 διασκέψει
3396 1422 3493 1473 τοῦ
3523 1420 3716 1489 λόγου,

2140 1508 2252 1561 τῶν
2277 1508 2333 1562 δὲ
2368 1509 2511 1563 κατά
2544 1509 2605 1562 τὸ
2632 1510 2949 1564 ἐπιπόλαιον
2984 1510 3082 1581 τὴν
3112 1509 3419 1580 ἀνάγνωσιν
3450 1512 3721 1582 ποιουμέε

2142 1618 2247 1655 νων
2272 1619 2287 1634 ο
2338 1601 2453 1655 ἔστι
2502 1604 2547 1657 δ’
2574 1605 2750 1657 εἰπεῖν
2794 1607 2889 1658 καὶ
2916 1606 3052 1658 διότι
3074 1608 3189 1670 τοῖς
3220 1607 3316 1676 μὲν
3340 1604 3517 1659 ἔνεστι
3551 1605 3721 1675 φύσις

470 1694 529 1747 εὖ
574 1694 772 1765 ἔχουσα
801 1696 939 1767 πρὸς
966 1696 1068 1759 τὰς
1094 1695 1326 1766 κρίσεις,
1363 1696 1492 1758 τοὺς
1516 1694 1571 1748 δὲ
1626 1695 1656 1747 ό
1716 1693 2106 1765 ἐλαττούμενος
2146 1694 2501 1764 ἐπιγινώσκει
2534 1696 2713 1765 λόγος.
2747 1697 2851 1749 Τὸν
2879 1697 2935 1749 δὲ
2956 1696 3248 1767 λεγόμενον
3296 1696 3721 1767 Παναθηναϊκὸν

470 1787 575 1859 πρὸ
611 1788 857 1841 ἐνιαυτοῦ
910 1787 1012 1858 τῆς
1063 1788 1324 1857 τελευτῆς
1378 1788 1543 1841 αὑτοῦ
1577 1788 1836 1859 ἔγραψεν,
1865 1788 1925 1860 ἢ,
1972 1787 2047 1851 ὥς
2077 1787 2222 1851 τινές
2286 1804 2439 1858 φασι,
2470 1788 2576 1858 πρὸ
2605 1788 2919 1861 τεσσάρωνο
2955 1789 3053 1843 καὶ¹
3116 1791 3245 1853 τοὺς
3277 1788 3417 1859 πρὸς
3446 1788 3717 1843 Φίλιππον

472 1880 529 1934 δὲ
568 1882 734 1953 ὀλίγῳ
774 1883 1043 1954 πρότερον
1070 1883 1165 1937 τοῦ
1201 1884 1456 1940 Θανάτου.

537 1973 711 2040 Vixit,
735 1985 795 2029 ut
813 1975 1095 2031 nonnullis
1116 1976 1313 2048 placet,
1335 1994 1506 2033 annos
1530 1985 1747 2035 centum
1768 1997 1781 2034 :
1799 1988 1863 2034 ut
1893 1978 2037 2045 aliis,
2070 1990 2114 2046 Β

469 2077 592 2123 octo
621 2077 675 2122 et
702 2069 1024 2138 nonaginta.
1058 2068 1308 2125 Mortuus
1340 2081 1522 2125 autem
1554 2080 1638 2127 est
1675 2070 1872 2142 4871)
1896 2086 2036 2125 nun—

470 2160 605 2215 tiata
636 2160 713 2215 illi
748 2162 902 2215 clade
934 2160 1312 2226 Cliteroncnsi,
1349 2177 1471 2217 cum
1503 2163 1877 2238 quadriduum
1915 2163 2037 2217 cibo

469 2251 846 2318 abstinuisset,
870 2262 931 2307 ut
950 2252 1044 2321 qui
1072 2254 1240 2307 nollet
1261 2253 1371 2323 jam
1402 2262 1597 2322 quarto
1629 2253 1893 2310 Graeciam
1922 2268 2038 2308 ser-

478 2344 653 2398 vitute
678 2358 994 2414 oppressam
1019 2345 1221 2400 videre.
1282 2344 1427 2400 Satis
1484 2346 1683 2401 uberes
1708 2359 2039 2416 magnasque.

470 2433 691 2489 divitias
732 2435 928 2499 tenuit,
962 2450 1072 2489 non
1118 2435 1295 2490 solum
1325 2436 1470 2504 quod
1527 2452 1555 2489 a
1590 2436 1955 2492 familiaribus
1985 2444 2040 2491 et

473 2526 608 2596 ipsis
638 2526 783 2581 notis
811 2526 1051 2596 exigeret
1078 2528 1388 2595 pecuniam,
1421 2542 1609 2581 verum
1640 2527 1799 2581 etiam
1828 2528 1970 2598 quod
2008 2544 2040 2583 a

475 2617 690 2674 Nicocle
717 2633 842 2688 rege
872 2616 1036 2689 Cypri
1062 2657 1078 2684 ,
1135 2618 1230 2689 qui
1284 2620 1397 2690 ipse
1428 2630 1548 2675 erat
1578 2620 1835 2691 Evagoraa
1872 2620 2037 2684 filius,

474 2710 661 2782 viginti
683 2709 884 2765 talenta
908 2725 1005 2781 pro
1030 2712 1232 2782 scripta
1263 2712 1329 2766 ad
1361 2712 1515 2767 illum
1540 2712 1789 2767 oratione
1818 2711 2038 2781 recepit.

475 2801 607 2868 Quae
635 2815 725 2858 res
750 2817 876 2856 cum
916 2801 996 2855 illi
1029 2817 1281 2872 magnam
1313 2802 1575 2857 conﬂaret
1605 2802 1864 2857 invidiam
1887 2842 1902 2868 ,
1961 2809 2044 2857 ter

474 2895 540 2947 ad
576 2892 991 2947 trierarchicum
1029 2907 1232 2947 munus
1260 2893 1596 2963 designatus,
1620 2894 1932 2963 bisquidem
1948 2892 2042 2947 filii

473 2998 662 3055 opera,
718 2984 1110 3039 imbecillitatis
1160 2986 1517 3041 excusatione
1558 2986 1881 3056 deprecatus
1916 2995 2041 3041 est:

473 3076 634 3133 tertio
698 3090 830 3131 vero
893 3090 1017 3131 cum
1086 3076 1424 3146 suscepisset
1527 3077 1868 3148 consumpsit
1932 3091 2044 3132 non

471 3181 665 3238 pauca.

545 3260 611 3315 Et
638 3275 762 3314 cum
786 3258 1239 3331 interrogaretur,
1260 3274 1357 3316 cur
1374 3259 1512 3330 ipse,
1533 3260 1624 3331 qui
1645 3260 1866 3317 doceret
1882 3259 2040 3326 alios,

2223 1973 2386 2027 Ἐϐίω
2408 1973 2488 2038 δὲ,
2522 1973 2599 2037 ὡς
2630 1973 2729 2044 μέν
2750 1975 2896 2037 τινές
2931 1990 3113 2042 φασιν,
3138 1972 3235 2042 ἔτη
3262 1979 3325 2043 ρ’,
3349 1973 3427 2035 ὼς
3447 1974 3491 2026 δ’
3511 1974 3714 2045 ἕτεροι,

2142 2069 2289 2121 δυοῖν
2320 2066 2367 2100 ⁸⁸
2394 2066 2621 2119 δεόντων
2654 2066 2833 2136 μόνον.
2881 2065 3229 2137 Ἐτελεύτησε
3259 2065 3315 2119 δὲ
3334 2066 3715 2134 ἀπαγγελθέν-

2142 2175 2236 2222 τος
2285 2157 2436 2228 αύτῷ
2473 2156 2565 2209 τοῦ
2596 2157 2726 2227 περ)⁸
2774 2155 3116 2227 Χαιρώνειαν
3158 2155 3387 2219 πάθους,
3428 2156 3716 2226 ἑξαγαγων

2143 2252 2335 2305 ἑαυτὸν
2368 2250 2462 2303 τοῦ
2507 2250 2621 2321 βίου
2651 2251 2904 2320 τέτρασιν
2943 2250 2989 2282 ⁵⁸
3024 2249 3263 2320 ἡμέραις
3296 2250 3586 2320 ἀσιτήσας,
3616 2251 3714 2303 ἅτε

2142 2343 2206 2413 δὴ
2251 2342 2326 2412 μὴ
2355 2343 2652 2407 ὑπομείνας
2679 2341 2805 2394 ίδεῖν
2833 2340 3093 2412 τετράκις
3132 2341 3180 2373 ⁸⁸
3213 2340 3584 2412 δουλουμένην
3613 2343 3713 2413 τὴν

2153 2434 2397 2487 Ἐλλάδα.
2451 2433 2738 2505 Εύπόρησε
2763 2433 2821 2486 δὲ
2869 2433 3134 2504 ἀργύριον
3208 2434 3413 2501 ἱκανὸν,
3469 2436 3534 2488 ού
3587 2437 3715 2499 τοὺς

2143 2525 2451 2595 γνωρίμους
2482 2524 2828 2595 εἰσπράττων
2858 2524 3037 2594 μόνον,
3072 2524 3210 2578 ἀλλά
3244 2525 3338 2579 καὶ
3364 2527 3518 2596 παρά
3547 2526 3716 2580 Νικο-

2142 2617 2352 2683 κλέους,
2404 2614 2461 2679 ὃς
2494 2615 2772 2669 ἐϐασίλευε
2803 2615 2912 2667 τῶν
2937 2617 2983 2651 ⁵⁷
3028 2617 3295 2689 Κυπρίων
3322 2618 3626 2688 (Εὐαγόρου
3655 2618 3715 2670 δὲ

2140 2705 2209 2779 ἦν
2239 2701 2395 2771 οὗτος
2448 2707 2561 2771 υίὸς
2585 2708 2630 2740 ⁸⁸
2654 2710 2695 2778 ),
2729 2708 2871 2780 ὑπὲρ
2894 2709 2989 2763 τοῦ
3024 2709 3161 2780 πρὸς
3210 2710 3374 2763 αὐτὸν
3406 2711 3715 2780 γραφέντος

2144 2798 2614 2870 συμϐουλευτικοῦ
2649 2799 2810 2867 λόγου
2834 2800 3075 2854 τάλαντα
3100 2799 3281 2854 λαϐὼν
3320 2801 3552 2858 εἴκοσιν.
3597 2800 3715 2867 Ἐφ’

2142 2882 2225 2952 οἷς
2268 2887 2462 2958 φθόνον
2511 2887 2816 2956 ὲφελκύσας
2864 2892 3223 2961 τριηραρχεῖν
3261 2890 3596 2962 προεϐλήθη,
3621 2892 3717 2945 καὶ

2142 2980 2224 3045 δὶς
2258 2980 2358 3052 μὲν
2396 2981 2678 3036 ἀσθένειαν
2718 2982 3069 3053 σκηψάμενος
3102 2982 3191 3036 διὰ
3226 2983 3321 3037 τοῦ
3353 2983 3542 3047 παιδὸς
3573 3002 3717 3056 παρα

2143 3073 2420 3147 ῃτήσατο,
2457 3072 2517 3127 τὸ
2566 3072 2624 3126 δὲ
2652 3074 2836 3145 τρίτον
2890 3076 3127 3139 ἀναστὰς
3174 3075 3221 3108 ⁸⁸
3267 3074 3547 3146 ἀνήλωσεν
3603 3076 3707 3129 οὐκ

2143 3165 2319 3234 όλίγα.

2216 3250 2385 3320 Οὗτος
2409 3271 2547 3328 προς
2578 3257 2669 3309 τὸν
2693 3257 3097 3328 πυνθανόμενον
3122 3258 3168 3289 ⁸ο
3194 3257 3283 3311 διὰ
3302 3257 3356 3312 τί
3388 3258 3463 3330 μὴ
3491 3256 3717 3319 δυνατὸς

472 3350 578 3407 sibi
607 3350 854 3406 docendo
876 3367 985 3405 non
1023 3360 1172 3407 esset
1198 3351 1333 3407 satis
1352 3392 1371 3420 ,
1408 3351 1692 3422 respondit
1729 3351 1806 3420 (9)
1837 3352 2041 3407 coticu-

2148 3347 2224 3400 ὢν
2272 3347 2610 3417 δημηγορεῖν
2643 3346 2836 3410 ἄλλους
2868 3350 3012 3400 ποιεῖ
3059 3347 3428 3420 δημηγόρους,
3474 3348 3559 3400 ὅτι
3622 3346 3716 3401 καὶ

472 3442 557 3498 las
577 3443 799 3513 quidem
842 3443 989 3513 ipsas
1019 3457 1208 3498 secare
1235 3459 1343 3498 non
1372 3458 1550 3513 posse,
1569 3456 1663 3498 eas
1684 3451 1865 3498 tamen
1896 3443 2042 3501 ferro

474 3533 700 3589 secandi
728 3532 838 3586 vim
870 3547 935 3587 ac
957 3532 1267 3587 facultatem
1297 3532 1450 3588 dare.
1482 3532 1618 3589 Cum
1643 3542 1800 3601 pater
1821 3533 2040 3603 quidam

475 3623 684 3678 diceret
725 3637 784 3678 se
818 3621 997 3677 solum
1026 3636 1247 3677 servum
1296 3638 1420 3680 cum
1451 3622 1562 3678 filio
1602 3625 1820 3681 misisse
1851 3643 1864 3680 :
1900 3624 2041 3696 Ergo

473 3712 712 3776 discede,
768 3713 945 3782 inquit
982 3730 997 3769 :
1039 3730 1164 3767 nam
1201 3729 1297 3783 pro
1342 3730 1446 3769 uno
1490 3715 1621 3770 duos
1665 3716 1942 3771 habiturus
1986 3734 2040 3773 es

476 3818 674 3857 servos.
705 3802 947 3859 Socratis
967 3811 1201 3859 mortem
1232 3804 1589 3861 immoderate
1605 3803 1747 3861 ferre
1771 3806 1920 3863 visus
1936 3816 2038 3874 est,

474 3904 535 3951 ut
593 3903 800 3950 atratus
837 3894 953 3965 ipse
986 3895 1235 3963 sequenti
1266 3894 1354 3951 die
1380 3896 1435 3951 in
1469 3897 1743 3967 publicum
1778 3899 2037 3968 prodiret.

473 3984 567 4043 Bis
611 3994 723 4042 tota
772 3986 882 4040 vita
935 3986 990 4041 in
1036 3994 1314 4042 certamen
1363 3995 1449 4042 est
1482 3998 1710 4042 vocatus
1748 4006 1761 4043 :
1803 3989 2038 4058 primum

473 4079 693 4152 quidem
721 4119 737 4145 ,
789 4095 915 4135 cum
961 4079 1030 4135 ad
1070 4079 1485 4136 retributionem
1520 4080 1669 4135 illum
1718 4081 2039 4152 Megaclidcs

475 4172 839 4238 convocavit,
898 4171 985 4227 cui
1027 4172 1374 4242 respondenti
1440 4171 1755 4227 facultatem
1814 4174 2039 4229 morbus

473 4265 758 4336 praecidit,
808 4264 902 4319 sed
950 4263 1120 4320 misso
1149 4263 1264 4319 ﬁlio
1287 4264 1537 4335 Aphareo
1563 4265 1813 4334 superior
1856 4265 2038 4321 fuitin

484 4367 656 4409 causa
693 4368 707 4406 :
738 4353 976 4408 secundo
1006 4368 1159 4414 vero,
1187 4368 1312 4408 cum
1343 4354 1409 4408 ad
1432 4355 1845 4411 retributionem
1881 4356 2040 4412 trire-

474 4446 646 4501 mium
693 4459 858 4501 causa
890 4453 1147 4514 suscepta
1176 4454 1261 4501 est
1288 4460 1319 4500 a
1354 4443 1679 4517 Lysimacho
1710 4458 1934 4507 vocatus
1962 4467 1979 4506 :
2007 4465 2039 4505 a

471 4552 585 4609 quo
610 4552 734 4592 cum
764 4536 941 4592 victus
965 4546 1151 4604 esset,
1194 4536 1532 4594 trierarchite
1550 4553 1689 4595 onus
1709 4540 1897 4597 subiit.

2150 3439 2207 3492 αἱ
2241 3437 2454 3502 ἀκόναι,
2490 3436 2617 3508 ἔφη,
2657 3437 2820 3491 αὑταὶ
2871 3438 2913 3470 ⁸¹
2970 3438 3066 3508 μὲν
3092 3438 3310 3508 τέμνειν
3337 3438 3398 3490 οὐ
3438 3436 3714 3500 δύνανται,

2145 3532 2237 3585 τὸν
2292 3530 2351 3584 δὲ
2404 3531 2624 3601 σίδηρον
2668 3530 2934 3601 τμητικὸν
2991 3532 3228 3585 ποιοῦσι.
3288 3529 3449 3603 [H57
3480 3528 3575 3602 IL]
3607 3529 3717 3583 Καὶ

2146 3623 2283 3694 πρὸς
2312 3622 2403 3676 τὸν
2435 3624 2654 3676 εἰπόντα
2677 3623 2734 3675 δὲ
2760 3623 2975 3693 πατέρα
3007 3624 3084 3686 ὡς
3119 3624 3271 3677 οὐδὲν
3301 3622 3430 3676 ἄλλο
3454 3621 3488 3692 ἢ
3520 3622 3718 3691 ἀνδράο

2146 3715 2305 3768 ποδον
2330 3713 2640 3783 συνέπεμψε
2666 3712 2744 3784 τῷ
2765 3714 2949 3785 οἰκείῳ
2974 3713 3146 3778 παιδὶ,
3183 3711 3502 3783 Τοιγαροῦν
3527 3710 3715 3777 ἄπιθι,

2146 3806 2256 3875 ἔφη
2276 3820 2290 3835 ⁸
2327 3804 2439 3858 δύο
2459 3810 2568 3875 γὰρ
2594 3806 2724 3861 ἀνθ’
2746 3805 2885 3871 ἐνὸς
2910 3804 3069 3870 ἔξεις
3090 3802 3456 3871 ἀνδράποδα.
3499 3802 3629 3855 Ἐπὶ
3658 3801 3713 3855 δὲ

2144 3899 2224 3971 τῷ
2258 3898 2587 3968 Σωκράτους
2627 3898 2839 3969 θανάτῳ
2876 3897 2998 3951 λίαν
3028 3896 3292 3967 ἐλυπήθη,
3342 3896 3437 3949 καὶ⁸
3470 3894 3691 3965 μελανει

2148 3991 2329 4063 μονῶν
2354 3990 2596 4062 προῆλθε
2647 3993 2714 4062 τῇ
2747 3990 3027 4063 ὑστεραίᾳ.
3080 3990 3184 4043 Δύο
3208 3989 3266 4043 δὲ
3308 3989 3367 4041 ὲν
3405 3987 3606 4042 ἅπαντι
3639 3986 3714 4057 τῷ

2147 4080 2247 4152 βίῳ
2272 4081 2604 4151 συνέστησαν
2625 4080 2777 4151 αὐτῷ
2798 4080 3028 4150 ἀγῶνες,
3043 4080 3307 4151 πρότερος
3336 4078 3436 4150 μὲν
3464 4081 3545 4142 είς
3568 4078 3716 4133 ἀντία

2144 4172 2291 4225 δοσιν
2325 4171 2806 4242 προκαλεσαμένου
2853 4171 3012 4224 αὑτὸν
3046 4170 3436 4238 Μεγακλείδου,
3489 4168 3630 4237 πρὸς
3656 4168 3715 4222 ὃν

2149 4264 2251 4319 οὐκ
2279 4264 2563 4335 ἀπήντησε
2581 4262 2670 4317 διὰ
2695 4266 2973 4331 νόσον,τὸν
3002 4266 3059 4320 δὲ
3078 4265 3231 4319 θετὸν
3260 4266 3379 4318 υίὸν
3400 4264 3517 4318 ἀνθ’
3546 4262 3712 4318 αὑτοῦ

2148 4356 2591 4428 προϐαλλόμενος
2649 4357 2695 4389 ⁵⁸
2765 4358 3007 4428 ’Δφαρέα
3065 4357 3319 4430 ἐνίκησεο
3374 4356 3629 4427 δεύτερος
3658 4354 3714 4409 δὲ

2154 4447 2475 4517 Λυσιμάχου
2506 4445 2985 4516 προκαλεσαμένου
3009 4445 3174 4499 αὐτὸν
3199 4446 3328 4518 περὶ
3353 4442 3714 4515 τριηραρχίας

2186 4539 2235 4600 ίς
2289 4535 2581 4601 ἀντίδοσιν,
2622 4536 2680 4589 ὲν
2723 4530 2768 4606 ᾧ
2806 4538 2901 4590 καὶ
2935 4537 3189 4609 ἡττηθεὶς
3216 4536 3316 4609 τὴν
3352 4533 3716 4608 τριηραρχίαν

2148 4629 2378 4701 ὑπέστη.

542 4709 868 4777 Puritatem,
906 4710 1376 4781 perspicuitatem,
1424 4721 1480 4768 et
1499 4729 1689 4769 curam
1728 4716 2041 4772 orationum

2222 4692 2431 4781 Ttiiv'ds
2478 4727 2649 4797 λόγων
2697 4725 2862 4781 αὐτοῦ
2888 4724 2950 4779 τὸ
3000 4725 3244 4794 εύκρινὲς
3281 4721 3375 4776 καὶ
3409 4719 3584 4791 σαφὲς
3622 4716 3718 4772 καὶ

478 4799 602 4871 ejus
628 4816 822 4857 omnes
845 4811 1069 4864 norunt,
1110 4812 1167 4858 et
1195 4803 1321 4860 illas
1354 4819 1464 4859 non
1508 4815 1845 4863 venustatem
1880 4809 2043 4865 modo

479 4894 748 4959 innatam,
774 4893 870 4949 sed
900 4909 1020 4963 qua:
1047 4893 1211 4948 etiam
1239 4894 1293 4949 in
1332 4895 1520 4952 incisis
1545 4906 1810 4966 versetur,
1841 4902 2041 4957 conde-

478 4982 1024 5055 corare.Quanquam
1052 4983 1244 5054 ﬁguris
1268 5000 1373 5041 non
1396 4986 1718 5054 abundaret,
1751 5004 1850 5045 nec
1875 4993 2037 5047 etiam

2155 4816 2593 4888 μεμελετημένον
2642 4820 2778 4873 πᾶσι
2818 4819 2997 4889 δῆλον,
3041 4820 3135 4871 καὶ
3159 4817 3234 4880 ὼς
3279 4814 3507 4868 ἐπανθεῖ
3530 4812 3717 4871 αὐτοῖς

2148 4907 2208 4959 οὐ
2246 4907 2407 4977 μόνον
2432 4908 2700 4980 ἔμφυτον,
2730 4911 2866 4965 ἀλλά
2896 4912 2989 4965 καὶ
3023 4908 3369 4981 κομμωτικὸν
3391 4904 3606 4967 κάλλος.
3638 4902 3715 4955 Οὐ

2157 4997 2344 5067 μέντοι
2388 5016 2454 5068 γε
2492 5000 2859 5073 πολυσχήμων
2900 5006 2929 5057 ὁ
2965 5001 3124 5072 ἀνὴρ,
3180 5000 3301 5053 οὐδὲ
3341 5000 3462 5061 ταῖς
3488 4994 3631 5050 κατά
3654 4991 3716 5047 τδ

1712 5102 1949 5159 VARUE
2018 5106 2424 5168 LECTIONES.

541 5194 587 5226 ⁸¹
610 5194 768 5277 διοίκ.
798 5195 893 5249 καὶ
934 5196 1036 5278 τήν
1062 5214 1125 5261 ς.
1167 5194 1215 5284 ’ξ
1249 5195 1449 5258 πολλὰς
1477 5197 1688 5287 πελλοῖς
1712 5216 1773 5262 ς’.
1848 5201 1893 5233 ⁵⁸
1926 5201 2069 5256 δυεῖν
2097 5206 2155 5261 Β.
2204 5209 2249 5239 ⁵⁵
2283 5207 2572 5279 τέσσαρσιν
2603 5208 2665 5265 Β.
2739 5211 2786 5244 ⁸⁸
2810 5210 3096 5338 τετράκιὲ
3120 5206 3441 5281 γεγηρακὼς
3459 5205 3715 5277 Wytten-

542 5265 718 5322 chius.
758 5336 788 5338 η
811 5268 1000 5338 "grew
1025 5267 1104 5320 A:
1145 5285 1243 5337 την
1283 5283 1342 5338 ς.
1419 5268 1462 5300 ⁸⁸
1489 5285 1643 5331 ουτος
1674 5270 1701 5320 ὁ
1728 5269 1840 5332 υίὸς
1870 5288 1932 5334 ς.
2027 5275 2072 5306 ⁸³
2102 5277 2361 5338 ἀναστὰς]
2391 5279 2626 5338 ὑποστάς
2659 5280 2884 5338 Coraes.
2923 5282 2996 5338 cf.
3101 5322 3116 5338 .
3212 5282 3256 5314 ⁸⁸
3286 5276 3715 5338 διαπυνθανόμε-

473 5264 718 5322 bachius.

471 5351 559 5388 νον
594 5353 655 5401 ς.

811 5262 1003 5337 ἰτ-τῶν
1025 5267 1104 5320 A:
1145 5267 1243 5337 τήν
1283 5283 1342 5329 ς.
1419 5268 1462 5300 ⁵⁸
1489 5262 1643 5331 οὗτος
1674 5270 1701 5320 ὁ
1728 5269 1840 5332 υίὸς
1870 5288 1932 5334 ς.

750 5336 790 5367 ⁶¹
821 5329 979 5391 αὗται
1008 5353 1068 5400 ς.
1144 5329 1404 5392 u'malim
1448 5329 1867 5409 προϐαλόμενος.

2027 5275 2072 5306 ⁵³
2102 5277 2361 5349 ἀναστὰς]
2391 5275 2626 5345 ὑποστάς
2659 5280 2884 5341 Coraes.
2907 5275 2996 5339 ὀί.

3212 5276 3271 5314 ⁸⁸⁷
3286 5276 3719 5344 διαπυνθανόμε-

1949 5459 2181 5520 ΝΟΤΛΕ.

543 5574 622 5649 (9)
652 5574 910 5635 Horatius
940 5577 1205 5648 expressit
1233 5576 1286 5633 in
1320 5577 1448 5633 Arte
1470 5586 1617 5648 poet.

1956 5647 2171 5722 Fungar
2194 5652 2297 5706 vice
2325 5654 2478 5718 cotis,
2512 5663 2724 5708 acutum

1354 5717 1583 5773 Reddere
1618 5735 1732 5789 qua:
1762 5720 1957 5790 ferrum
1992 5717 2146 5792 valet,
2180 5739 2358 5778 exsors
2400 5726 2513 5793 ipsa
2544 5726 2774 5779 secandi.
