3944 6242
200 304 301 370 165

1250 308 1774 372 BIBLIOTHECA.
1800 335 1869 347 -
1888 309 2055 378 COD.
2086 310 2327 373 CCLXI.

3359 318 3464 383 166

202 420 390 492 σχῆμα
417 421 658 491 τροπαῖς
705 421 1116 494 ποικιλλόμενος
1136 436 1150 453 °
1204 422 1283 478 διὸ
1333 423 1432 479 καὶ
1473 425 1539 478 δι’
1572 423 1781 478 ἔνδειαν

1900 424 2142 480 rarietate
2177 439 2366 480 earum
2391 433 2637 484 ornetur.
2669 427 2904 500 Ideoque
2930 438 3165 502 propter
3189 444 3370 487 raram
3398 433 3462 486 li-

204 514 307 584 τῆς
344 514 402 566 ἓν
437 513 659 577 τούτοις
707 514 1015 586 μεταϐολῆς
1043 515 1153 569 οὐδ’
1184 516 1494 584 ἐναγώνιος.
1542 518 1786 586 Ἰσοκρα-

206 605 334 675 τικὴ
362 604 422 659 δὲ
450 606 549 658 καλ⁸
576 605 691 659 τῶν
723 606 783 660 ὲν
808 608 920 669 τοῖς
970 606 1152 676 λόγοις
1181 608 1533 662 ὑποστάσεων
1575 610 1609 678 ή
1659 624 1785 661 συν-

207 696 387 769 ἂχεια.
417 697 573 768 Τάχα
611 697 656 750 δ’
692 698 758 752 ἄν
782 716 866 763 τις
900 697 1064 752 αὑτὸν
1110 699 1415 753 αἰτιάσαιτο
1464 699 1691 768 κλοπῆς,
1728 698 1786 765 ἐξ

207 787 289 846 ὧν
317 793 377 845 ἐν
403 789 479 861 τῷ
504 792 870 862 πανηγυρικῷ
898 789 1042 863 λόγῳ
1090 790 1254 845 αὑτοῦ
1304 788 1475 844 πολλά
1500 788 1608 844 τῶν
1647 792 1787 845 κατὰ

205 882 340 947 τοὺς
365 882 699 953 ἐπιταφίους
743 882 936 952 λόγους
970 882 1279 955 εἰρημένων
1338 882 1568 954 Ἀρχίνῳ
1598 899 1659 935 τε
1692 883 1789 937 καὶ

208 974 517 1046 Θουκυδίδῃ
543 976 641 1029 καὶ
670 975 849 1047 Λυσίᾳ
874 975 1200 1031 ύπεϐάλετο.
1237 974 1378 1028 Ἀλλ’
1407 975 1561 1028 οὐδὲν
1588 973 1787 1028 κωλύει

205 1065 620 1137 παραπλησίων
642 1066 1068 1121 ἀνακυπτόντων
1080 1066 1419 1138 πραγμάτων
1434 1069 1555 1131 ταῖς
1575 1066 1787 1138 ὁμοίαις

207 1157 569 1229 ἐξεργασίαις
590 1158 897 1229 κεχρῆσθαι
927 1159 972 1189 ⁸³
1002 1158 1099 1212 καὶ
1126 1162 1241 1222 τοῖς
1265 1158 1659 1229 ἐνθυμήμασιν,
1690 1160 1789 1228 οὐχ

208 1249 662 1320 ὑποϐαλλόμενον
692 1249 761 1303 τά
794 1249 1073 1321 ἀλλότρια,
1108 1249 1246 1303 ἀλλὰ
1264 1249 1367 1319 τῆς
1392 1250 1501 1304 τῶν
1526 1251 1788 1322 πραγμά-

205 1359 322 1396 των
351 1341 874 1412 ἀναϐλαστανούσης
916 1342 1133 1410 φύσεως
1163 1343 1392 1397 τοιαῦτα
1420 1339 1510 1398 οἷα
1536 1341 1665 1417 [795
1692 1339 1785 1414 11.]

209 1434 310 1488 καὶ
337 1436 454 1497 τοῖς
495 1433 836 1503 προλαϐοῦσι
871 1433 1287 1504 προϐαλλομένη
1311 1432 1703 1488 ἐπιδείκνυται.

298 1524 515 1593 Ἐτάφη
547 1524 605 1578 δὲ
650 1524 983 1595 τελευτήσας
1014 1522 1284 1595 λαμπρῶς
1328 1522 1447 1594 ἅμα
1482 1525 1652 1595 πατρὶ
1697 1522 1791 1576 καὶ

212 1616 390 1687 μητρὶ
414 1616 512 1669 καὶ
532 1616 737 1687 ἀδελφῇ
762 1615 853 1669 καὶ
876 1617 943 1686 τῇ
969 1613 1105 1685 ἄλλῃ
1126 1613 1440 1684 συγγενείᾳ.
1479 1613 1533 1667 ’Δ
1544 1614 1789 1668 νάκειται

209 1706 269 1759 δὲ
300 1705 472 1759 αὑτοῦ
504 1706 601 1760 καὶ
637 1708 696 1762 ὲν
744 1706 1009 1761 Ἐλευσῖνι
1037 1705 1084 1738 ⁸⁸
1124 1705 1288 1760 εἰκὼν
1321 1704 1520 1778 χαλκῆ,
1557 1706 1789 1777 ὲπιγρα-

214 1796 321 1867 φὴν
352 1797 560 1869 ἔχουσα
582 1811 600 1828 ⁶

175 1908 185 1961 τ
219 1888 504 1960 Τιμόθεος
535 1889 745 1959 φιλίας
760 1906 826 1943 τε
849 1888 1027 1959 χάριν
1050 1888 1308 1945 σύνεσίν
1335 1889 1380 1921 ⁸⁸
1403 1906 1467 1943 τε
1492 1888 1790 1960 προτιμῶν

179 1968 197 2055 ³η
292 1982 688 2051 Ἰσοκράτους
712 1982 850 2037 είκῶ
881 1982 1048 2051 τήνδ’
1078 1983 1333 2050 ἀνέθηκε
1356 1980 1469 2050 θεῷ
1497 1982 1562 2037 ⁸⁸.

184 2070 204 2148 ’i
280 2069 670 2140 Κλεοχάρους
702 2071 745 2103 ⁸⁷
774 2070 971 2142 ἔργον·

202 2170 208 2181 ⁵
291 2164 408 2217 Καὶ
456 2164 657 2235 ἑτέραν
695 2164 753 2218 δὲ
797 2163 981 2218 εἰκόνα
1017 2163 1244 2235 ἔστησεν
1295 2164 1460 2219 αὐτοῦ
1519 2163 1657 2236 πρὸς
1711 2164 1789 2235 τῷ

240 2251 512 2323 Ὀλυμπίῳ
546 2253 594 2285 ⁸⁸
632 2253 726 2306 ἐπὶ
757 2253 935 2317 κίονος
968 2254 1178 2325 χαλκῆν
1206 2256 1234 2308 6
1268 2253 1419 2319 θετὸς
1456 2256 1588 2318 παῖς
1623 2254 1790 2323 Ἀφα-

226 2344 356 2417 ρεὺς
389 2345 452 2412 ⁶⁹,
486 2344 604 2407 υίὸς
629 2343 873 2413 γεγονὼς
929 2345 1213 2416 Λαγίσκης
1268 2344 1493 2415 ἑταίρας
1521 2344 1685 2411 τινὸς,
1722 2346 1790 2417 ἥν

219 2432 447 2508 ἔχουσαν
481 2439 635 2510 τρεῖς
667 2437 863 2502 παῖδας
909 2437 1134 2509 ὕστερον
1174 2438 1484 2510 Ἰσοκράτης
1525 2432 1786 2520 ἠγάγετο,

216 2523 289 2584 ὧν
316 2526 403 2593 εἷς
432 2524 506 2600 ἦν
535 2530 631 2583 καὶ⁵
658 2531 688 2584 6
734 2529 1005 2602 ’Λφαρεὺς
1044 2533 1071 2585 ό
1102 2528 1201 2602 τὴν
1233 2530 1418 2584 εἰκόνα
1450 2532 1791 2603 στησάμενος

216 2622 306 2675 καὶ
328 2620 670 2695 ἐπιγράψας

224 2715 608 2785 Ἰσοκράτους
645 2716 938 2785 Ἀφαρεὺς
990 2714 1211 2782 πατρὸς
1257 2714 1461 2769 εἰκόνα
1496 2715 1663 2785 τήνδ’
1682 2716 1791 2771 ἀν-

1613 2807 1792 2863 ἔθηκε

1613 2807 1644 2862 ἐ
1721 2822 1790 2861 κε

278 2900 431 2971 Ζηνί
455 2942 473 2970 ,
513 2899 690 2968 θεούς
718 2900 764 2933 το
801 2916 867 2955 τε
919 2900 1115 2956 σέϐων
1162 2900 1262 2956 καί
1325 2806 1790 2972 πυνέωνάἓεῖῗξν.

925 2990 1090 3046 ΣΞΑ’.

735 3083 1076 3139 Ἀνδοκίδου
1097 3085 1289 3157 λόγοι.

296 3178 761 3249 Ἀνεγνώσθησαν
836 3179 1141 3235 Ἀνδοκίδου
1176 3181 1326 3250 λόγοι
1392 3179 1456 3247 δ’,
1508 3178 1602 3243 οὒς
1658 3176 1796 3243 τὲως

212 3271 454 3342 εἴδομεν,
485 3273 517 3324 6
547 3270 679 3342 περὶ
711 3268 821 3324 τῶν
854 3271 1188 3343 μυστηρίων,
1221 3272 1251 3324 6
1297 3270 1547 3343 περὶτῆς
1602 3269 1795 3323 ἑαυτοῦ

215 3362 477 3428 καθόδου,
513 3362 543 3414 6
575 3361 706 3432 περὶ
735 3363 834 3432 τῆς
885 3362 1027 3433 πρὸς
1056 3362 1519 3433 Λακεδαιμονίους
1550 3362 1795 3434 εἰρήνης,

214 3456 310 3508 καὶ¹
347 3453 617 3523 τέταρτος
658 3454 687 3506 6
717 3452 862 3506 κατὰ
899 3452 1262 3510 ’Δλκιϐιάδου.
1296 3456 1453 3509 Ἐστι
1499 3454 1556 3507 δὲ
1590 3456 1649 3508 ὲν
1675 3452 1798 3508 τού-

214 3562 329 3608 τῃις
355 3546 388 3599 ὁ
422 3545 567 3617 ἀνὴρ
593 3543 802 3606 ἁπλοῦς
834 3560 895 3598 τε
918 3546 1010 3598 καὶ
1040 3547 1442 3611 ἀκατάσκευος,
1473 3544 1730 3615 ἀφελείας
1751 3545 1796 3576 ’¹

217 3655 280 3691 τε
310 3637 471 3707 φίλος
499 3636 597 3689 καὶ
620 3634 697 3707 τῷ
716 3637 1115 3709 ἀσχηματίστῳ
1140 3638 1634 3709 σχηματιζόμενος.
1666 3638 1799 3689 Συν-

214 3727 474 3799 ακμάσαι
535 3725 591 3779 δὲ
646 3727 928 3797 Σωκράτει
978 3725 1055 3798 τῷ
1102 3727 1378 3798 φιλοσόφῳ
1430 3726 1669 3795 λέγεται,
1706 3726 1800 3779 καὶ

213 3823 399 3894 ἀρχὴν
433 3820 588 3892 αὐτῷ
608 3820 709 3890 τῆς
735 3819 1002 3901 γενέσεως
1026 3820 1282 3890 γενέσθαι
1312 3819 1363 3893 η’
1398 3821 1492 3875 καὶ
1516 3827 1557 3873 ο’
1596 3819 1799 3890 Ὀλυμ-

213 3914 409 3968 πιάϐα.
467 3914 608 3976 Παῖς
636 3914 693 3967 δὲ
723 3912 1055 3984 ἐχρημάτιζε
1095 3913 1404 3983 Λεωγόρου,
1455 3911 1515 3978 ἐξ
1544 3907 1603 3966 εὖ
1644 3928 1801 3981 γεγο-

216 4006 395 4062 νότων
424 4005 806 4075 καταγόμενος
828 4019 843 4033 ⁸
882 4005 1191 4069 Ἑλλάνικος
1217 4006 1262 4038 ⁷²
1295 4004 1354 4058 δέ
1386 4021 1519 4076 φησι
1552 4003 1646 4057 καὶ
1676 4003 1801 4065 τοὺς

222 4098 423 4169 πόρρω
465 4095 569 4166 τῆς
618 4096 884 4165 γενέσεως
935 4096 1156 4166 ὀχετοὺς
1208 4096 1363 4166 ἥκειν
1410 4096 1492 4159 εἰς
1545 4093 1708 4147 αὐτὸν
1743 4092 1803 4158 ἐξ

225 4188 465 4263 Ἐρμοῦ.
520 4188 711 4242 Αίτίαν
759 4188 816 4242 δὲ
846 4182 1045 4242 λαϐὼν
1075 4187 1170 4241 τοῦ
1220 4187 1438 4241 ἀσεϐεῖν
1482 4187 1575 4241 ἐπὶ
1601 4189 1667 4259 τῇ
1694 4187 1803 4241 τῶν

234 4282 466 4354 Ἑρμῶν
496 4283 777 4352 περικοπῇ
816 4282 913 4333 καὶ
936 4282 1003 4351 τῇ
1044 4278 1154 4332 τῶν
1205 4279 1522 4351 μυστηρίων
1564 4277 1665 4349 τῆς
1693 4278 1802 4347 Δή-

224 4391 441 4447 μητρος
500 4371 682 4443 ὕϐρει,
713 4371 961 4439 ἀπέφυγε
1008 4369 1220 4441 κριθεὶς
1275 4370 1368 4422 ἐπὶ
1416 4368 1494 4441 τῷ
1543 4367 1804 4439 μηνύσειν

1817 3123 1864 3188 C

1886 528 2148 584 gurarum
2179 515 2536 570 mutationem
2571 517 2624 570 in
2651 519 2918 587 oratione,
2955 535 3065 575 non
3096 529 3193 576 est
3235 531 3464 575 conten-

1886 606 2023 661 tioni
2052 614 2236 677 aptus.
2269 608 2620 664 Continuatio
2654 624 2785 665 vero
2818 612 2873 666 in
2911 611 3269 667 orationibus
3299 627 3464 681 argu-

1885 707 2195 755 mentorum
2245 701 2467 771 propria
2520 701 2686 757 illius.
2740 702 2905 759 Forte
2949 719 3079 759 vero
3128 703 3266 775 qiuis
3310 703 3463 758 illum

1885 787 2019 844 furti
2043 788 2360 860 redarguat,
2385 790 2531 860 quod
2562 791 2735 847 multa
2766 793 2821 846 in
2849 796 3101 849 oratione
3126 809 3157 865 p
3178 795 3465 865 anegyrica

1885 895 1952 935 ex
1985 882 2277 952 epitaphiis
2324 884 2673 938 sermonibus
2705 884 2955 952 Arcnini,
3002 886 3370 957 Thucydidis,
3412 896 3468 941 et

1886 969 2064 1042 Lysiae
2093 972 2164 1029 sit
2193 980 2477 1029 mutuatus
2509 993 2522 1028 :
2557 989 2747 1029 verum
2788 976 2928 1030 nihil
2961 977 3226 1045 prohibuit
3270 978 3463 1033 iisdem

1885 1064 1963 1117 uti
1993 1064 2358 1133 argumentis,
2392 1079 2519 1119 cum
2548 1066 2754 1120 eaedem
2776 1081 2867 1120 res
2900 1064 3168 1130 incidant,
3210 1081 3310 1121 nec
3334 1082 3467 1136 sup-

1886 1163 2093 1219 ponere
2128 1151 2332 1215 aliena,
2365 1165 2490 1205 cum
2520 1165 2608 1205 res
2632 1162 2952 1223 argumenta
2975 1153 3102 1206 talia
3133 1154 3463 1222 producant.

1888 1242 2072 1312 qualia
2098 1251 2153 1298 et
2179 1244 2393 1315 priores
2424 1241 2752 1309 habuerunt,
2784 1244 3106 1299 ostenditur.

1960 1504 2161 1577 ἤθεα
2181 1504 2430 1562 Mortuus
2447 1507 2749 1564 honoriﬁce
2770 1508 3018 1580 sepultus
3038 1516 3125 1565 est
3138 1523 3271 1564 cum
3292 1516 3468 1579 patre,

1890 1605 2088 1665 matre,
2113 1612 2325 1664 sorore,
2352 1598 2588 1670 aliisque
2609 1600 2825 1657 amicis.
2854 1600 2950 1657 Est
2971 1609 3025 1656 et
3052 1602 3200 1658 illius
3222 1602 3287 1656 in
3309 1602 3471 1658 Eleu-

1890 1689 2011 1743 slne
2035 1702 2186 1744 aenea
2222 1697 2405 1745 statua
2438 1700 2648 1760 erecta,
2681 1692 2769 1748 cui
2808 1692 2884 1747 ita
2910 1693 3256 1750 inscribitur,

1894 1862 2192 1920 Timotheus
2221 1864 2475 1931 Honoris,
2511 1868 2793 1935 Amicitiae,
2837 1878 2993 1940 atque
3059 1868 3467 1941 Hospitalitatis

1958 1953 2178 2021 deabus,
2227 1956 2508 2026 imaginem
2540 1955 2799 2012 Isocratis
2853 1959 3139 2015 dedicavit.

1958 2046 2225 2104 Cleocaris
2251 2064 2405 2118 opus.

1888 2138 2063 2194 Aliam
2114 2140 2190 2194 illi
2223 2148 2456 2195 statuam
2505 2154 2709 2195 aeneam
2766 2141 3054 2211 adoptatus
3101 2142 3246 2198 filius
3283 2142 3470 2211 Apha-

1889 2246 2018 2287 reus
2045 2232 2236 2287 statuit
2285 2233 2351 2287 ad
2397 2230 2707 2304 Olympium
2744 2235 2798 2288 i‘n
2850 2235 3127 2301 columna,
3166 2236 3264 2307 qui
3307 2245 3470 2293 natus

1890 2332 2062 2378 estex
2092 2322 2271 2379 amica
2305 2321 2563 2394 Lagisca,
2590 2340 2756 2394 quam
2804 2326 2968 2381 trium
3010 2326 3315 2382 liberorum
3352 2342 3471 2381 ma-

1890 2422 2026 2469 trem
2055 2413 2320 2470 lsocrates
2351 2414 2524 2481 duxit,
2554 2431 2787 2485 quorum
2815 2432 2958 2471 unus
3000 2426 3118 2472 erat
3155 2417 3466 2488 Aphareus,

1890 2505 1986 2578 qui
2012 2505 2089 2560 illi
2118 2514 2353 2561 statuam
2381 2505 2588 2576 posuit,
2627 2515 2683 2561 et
2717 2506 2997 2578 inscripsit
3022 2524 3039 2563 :

1890 2684 2165 2756 Aphareus
2194 2683 2377 2738 Patris
2400 2682 2660 2738 Isocratis
2673 2683 2811 2738 hanc
2831 2693 3067 2739 statuam
3091 2683 3278 2742 honori
3321 2684 3470 2743 lotis

2028 2785 2404 2848 parentumque
2439 2777 2626 2831 uirtuti
2657 2778 2853 2846 posuit.

2246 2976 2475 3034 CCLXl.
2515 2978 2802 3035 Andocides
2828 2980 3115 3034 orationes.

1969 3177 2230 3250 Legimus
2250 3187 2487 3248 quatuor
2514 3177 2792 3234 orationes
2820 3179 3140 3247 Andocidai,
3175 3194 3316 3250 quas
3348 3184 3473 3253 qui-

1897 3271 2019 3327 dem
2055 3271 2319 3325 hactenus
2364 3269 2636 3332 vidimus,
2682 3284 2871 3333 unam,
2923 3270 3000 3324 De
3046 3272 3349 3341 mysteriis;
3392 3271 3474 3328 De

1896 3363 2069 3418 reditu
2100 3379 2217 3428 suo,
2255 3362 2581 3429 secundam;
2620 3363 2858 3425 tertiam,
2901 3362 2975 3417 De
3003 3379 3134 3433 pace
3161 3380 3279 3416 cum
3305 3364 3469 3418 Athe-

1897 3453 2201 3520 niensibus;
2251 3461 2526 3524 quartam,
2598 3455 2655 3507 in
2716 3452 3068 3509 Alcibiadem.
3119 3449 3177 3506 In
3225 3452 3310 3509 liis
3351 3453 3472 3508 sine

1897 3554 2095 3602 ornatu
2132 3553 2187 3600 et
2220 3545 2514 3600 admodum
2552 3543 2754 3611 tenuis,
2796 3543 3067 3613 simplicia
3113 3546 3387 3607 sectatur,
3417 3550 3473 3598 et

1898 3637 2030 3708 quia
2060 3643 2313 3691 ornatum
2348 3652 2453 3691 non
2482 3635 2728 3700 adhibet,
2776 3644 3026 3690 ornatus.
3059 3632 3339 3689 Floruisse
3370 3649 3475 3689 au-

1900 3738 2008 3785 tem
2049 3741 2297 3798 tempore
2329 3728 2572 3783 Socratis
2599 3727 2821 3790 dicitur,
2850 3736 2904 3782 et
2928 3736 3089 3780 natus
3120 3725 3265 3780 circa
3290 3721 3477 3795 Olym-

1901 3819 2117 3890 piadem
2158 3818 2618 3889 septuagesimam
2648 3825 2919 3879 octavam,
2961 3824 3112 3883 patre
3141 3823 3301 3868 natus
3330 3812 3473 3869 Leo-

1901 3925 2057 3981 gora,
2093 3910 2186 3980 qui
2216 3910 2362 3964 bono
2390 3917 2554 3963 natus
2594 3898 2715 3964 loco
2746 3916 2885 3964 erat.
2916 3905 3119 3960 Scribit
3159 3903 3475 3959 Hellanicus

1904 4001 2070 4057 altius
2094 4015 2222 4055 eum
2254 4014 2432 4070 genus
2460 4014 2621 4054 suum
2652 4012 2828 4068 usque
2856 3996 2920 4051 ad
2952 3994 3284 4051 Mercurium
3321 4002 3477 4049 retu-

1902 4093 2051 4148 lisse.
2078 4092 2278 4147 Postea
2301 4107 2431 4147 vero
2457 4091 2749 4161 impietatis
2772 4098 3113 4151 accusatum,
3141 4086 3286 4156 quod
3310 4087 3475 4141 etiam

1904 4188 2022 4257 ipse
2055 4184 2416 4241 Mercuriales
2446 4193 2658 4241 statuas
2704 4181 3061 4248 concidisset,
3103 4194 3167 4234 ac
3215 4179 3475 4250 mysteria

1905 4279 2126 4335 Cereris
2159 4278 2441 4334 violasset.
2490 4275 2585 4330 His
2620 4276 2687 4331 de
2734 4273 2901 4329 rebus
2930 4287 3054 4327 cum
3084 4279 3230 4325 esset
3270 4268 3475 4323 factum

1902 4367 2199 4437 judicium,
2232 4368 2455 4439 elapsus
2479 4373 2585 4432 est,
2612 4379 2820 4421 cumse
2845 4360 3066 4419 sceleris
3099 4368 3355 4415 auctores
3383 4358 3478 4429 ju-

218 4468 348 4531 τοὺς
381 4464 736 4527 ἀδικοῦντας.
769 4463 1019 4534 Σπουδὴν
1046 4462 1104 4517 δὲ
1137 4463 1320 4516 πᾶσαν
1344 4460 1793 4531 εἰσενεγκάμενος

1906 4462 2212 4517 dicaturum
2238 4460 2602 4532 promitteret.
2626 4457 2816 4528 Itaque
2848 4455 2994 4511 omni
3020 4468 3152 4509 cura
3184 4450 3481 4521 studioque

224 4550 352 4632 εὗρε
382 4559 517 4621 τοὺς
568 4557 649 4619 είς
695 4556 765 4610 τὰ
802 4554 923 4624 ἱερὰ
953 4554 1401 4626 ἁμαρτήσαντας,
1460 4547 1542 4616 οἷς
1574 4552 1670 4605 καὶ
1713 4550 1805 4603 τὸν

224 4647 428 4702 ἑαυτοῦ
485 4646 707 4715 πατέρα
739 4646 1244 4714 συγκατεμήνυσεν.
1292 4641 1456 4715 [1460
1503 4638 1598 4712 R.]
1645 4638 1806 4692 Ἀλλά

224 4741 335 4812 γὰρ
358 4741 491 4801 τοὺς
523 4737 625 4809 μὲν
649 4737 846 4801 ἄλλους
874 4735 1085 4800 πάντας
1112 4736 1355 4807 ἐλέγχοις
1384 4735 1645 4807 φωράσας
1671 4734 1808 4787 ἀπο-

226 4830 417 4886 λέσθαι
451 4828 867 4900 κατεπράξατο,
900 4826 992 4882 τὸν
1019 4827 1076 4880 δὲ
1117 4827 1350 4898 πατέρα,
1382 4826 1560 4881 καίτοι
1586 4823 1807 4896 δεδεμέ-

233 4938 319 4975 νον
369 4922 497 4993 ἤδη,
556 4920 793 4985 ἐξείλετο
842 4920 1209 4991 ὑποσχόμενος
1257 4921 1317 4974 ὲν
1370 4919 1584 4983 πολλοῖς
1643 4918 1806 4973 αὐτὸν

234 5015 483 5086 λυσιτελῆ
514 5017 561 5048 ¹¹³
588 5013 848 5084 γενέσθαι
894 5017 961 5086 τῇ
992 5015 1169 5070 πόλει.
1209 5014 1321 5069 Καὶ
1368 5015 1472 5067 οὐκ
1502 5012 1804 5085 ἐψεύσατοο

240 5107 271 5161 6
291 5108 398 5180 γὰρ
428 5106 731 5178 Λεωγόρας
759 5106 989 5170 πολλοὺς
1013 5105 1260 5178 διήλεγξε
1288 5107 1548 5179 χρήματα
1575 5104 1809 5178 δημόσια

240 5200 669 5271 νοσφισαμένους
712 5198 809 5253 καὶ
850 5198 1015 5271 ἕτερα
1061 5198 1288 5253 τοιαῦτα
1333 5198 1808 5271 παρανομοῦντας.

243 5289 552 5364 Εύδοκιμῶν
602 5292 662 5347 δὲ
708 5291 803 5345 ἐπὶ
830 5292 943 5355 τοῖς
993 5288 1387 5360 πολιτεύμασιν
1425 5287 1456 5339 6
1502 5287 1811 5359 ’Δνδοκίδης

1907 4554 2173 4619 intentus,
2195 4567 2291 4609 eos
2313 4554 2536 4623 reperit.
2560 4553 2653 4623 qui
2674 4551 2727 4605 in
2762 4564 2921 4605 sacra
2948 4545 3198 4617 iniuriosi
3219 4544 3477 4610 fuissent,

1906 4642 1963 4698 in
1996 4643 2197 4713 quibus
2224 4651 2435 4713 patrem
2470 4642 2631 4698 etiam
2656 4640 2937 4696 indicavit.
2969 4639 3221 4708 Cumque
3247 4646 3479 4692 caeteros

1908 4746 2103 4789 omnes
2150 4732 2507 4799 convicisset,
2538 4732 2767 4804 perfecit
2811 4738 2875 4786 ut
2922 4738 3169 4785 extremo
3204 4726 3481 4798 supplicio

1908 4826 2252 4882 afﬁcerentur
2284 4844 2297 4881 :
2337 4835 2544 4896 patrem
2572 4839 2702 4879 vero
2738 4824 2861 4879 licet
2905 4822 3023 4894 jam
3063 4820 3309 4875 vinctum
3340 4817 3480 4874 libe-

1906 4918 2070 4985 ravit,
2095 4932 2219 4972 cum
2249 4918 2400 4973 illum
2426 4917 2627 4972 multas
2652 4915 2914 4972 utilitates
2946 4912 3148 4969 civitati
3185 4912 3482 4966 allaturum

1909 5009 2278 5081 polliceretur,
2326 5025 2429 5065 nec
2470 5008 2665 5065 fefellit
2692 5008 2899 5079 opinio.
2934 5006 3133 5063 Multos
3161 5005 3304 5060 enim
3340 5001 3481 5056 Leo-

1912 5115 2073 5172 goras
2101 5102 2363 5170 convicit,
2406 5102 2501 5173 qui
2534 5101 2795 5173 pecunias
2826 5100 3076 5171 publicas
3122 5099 3177 5151 in
3208 5095 3479 5165 privatum

1912 5207 2071 5249 usum
2097 5202 2502 5261 converterent,
2534 5204 2589 5250 et
2622 5192 2745 5249 aliis
2775 5191 3100 5264 quibusdam
3129 5189 3351 5261 ﬂagitiis
3376 5202 3480 5243 es-

1922 5293 2045 5341 sent
2096 5284 2341 5342 obnoxii.
2385 5285 2525 5341 Cum
2571 5299 2701 5341 vero
2746 5283 3055 5341 Andocides
3101 5280 3171 5336 ob
3224 5293 3321 5334 eas
3365 5292 3481 5345 res,

1464 5466 1703 5524 VARIIE
1767 5465 2176 5525 LECTIONES.

339 5591 634 5660 “vacem
698 5608 762 5656 ς.
878 5590 925 5624 οι
970 5588 1279 5659 Ἐλευσινίῳ
1319 5587 1551 5660 *συγ-ξος,
1606 5601 1665 5660 ρ.
1732 5584 1864 5660 μᾶν,Δ
2043 5584 2517 5660 σύνεσιν]λξενίην
2576 5584 3234 5660 ξξειξιιᾶθιοιηυιξδῐτιΙΗΒ.-Δ
3259 5584 3379 5660 an!

340 5610 379 5624 "
507 5610 634 5649 συαι
698 5610 762 5656 ς.
878 5610 925 5624 "
976 5610 1279 5659 'buuatvup
1329 5610 1551 5649 humus,
1611 5610 1665 5655 μ.
1732 5610 1834 5657 μα’.
1939 5610 1979 5616 ’⁷
2043 5610 2282 5663 συνεσιν]
2335 5610 2516 5657 ςενιην
2578 5610 3167 5666 ι’δυιιυυοινιυιξεινωιυδ.
3350 5610 3382 5660 ιε

250 5610 631 5746 re
678 5656 1743 5746 :LAswxéeous.Psswlo-Pivstchys-
1822 5654 1867 5688 σε
1902 5654 2508 5746 ὀλυμπιειιρροτπε-
2585 5657 2629 5689 σν
2678 5656 2996 5725 Ἀμφαρευς
3052 5647 3115 5740 β·
3192 5647 3235 5680 ὀ
3259 5645 3382 5701 θεον

252 5729 293 5762 τ’
324 5732 500 5801 ἀφελεῖ
525 5737 594 5791 A.
676 5734 718 5765 "
749 5726 1056 5796 Ἐλλανὶκός
1096 5732 1155 5785 Β.
1231 5730 1277 5762 ⁷³
1310 5726 1610 5783 λυσιτελέσι
1642 5741 1703 5788 ς.

1937 5583 1981 5663 ff
2043 5583 2517 5663 cdvegMﬁaviqv
2576 5579 3167 5663 [seum-Plutarchus.
