3966 6240
429 270 528 333 167

1594 258 1862 327 ΡΗΟΤΙΙ
1890 263 2391 325 PATRIARCHIE
2427 265 2537 326 CP.

3588 256 3691 324 168

426 396 568 453 quas
616 378 671 433 in
713 384 764 437 rt
783 378 1007 449 publica
1030 374 1309 448 géssisset,
1339 382 1593 446 magnam
1620 378 1850 447 gloriam
1875 384 2021 432 esset

2135 378 2355 434 ὲπέθετο
2389 376 2725 448 ναυκληρίαν
2758 366 2824 439 ⁷⁵,
2875 376 3109 440 καὶτοῖς
3132 382 3194 430 τε
3236 373 3505 447 Κυπρίων
3536 373 3692 444 βασι-

425 479 798 536 consecutus,
838 469 1058 524 navium
1098 476 1152 523 et
1183 469 1300 540 ipse
1346 469 1705 537 gubernator,
1753 479 1808 525 et
1839 469 2015 523 admi-

426 566 689 620 nistrator
737 559 929 616 factus
972 569 1076 627 est,
1116 567 1181 615 ac
1217 560 1379 631 Cypri
1435 561 1677 630 regibus,
1716 561 2017 631 multisque

429 660 552 713 aliis
581 654 901 711 illustribus
930 653 1169 723 hospitio
1196 652 1297 707 fuit
1327 653 1675 720 coniunctus,
1703 670 1829 710 cum
1885 655 2015 711 Ari-

431 746 587 801 Slidis
617 744 822 809 filiani,
854 758 1018 797 unam
1044 758 1109 797 ex
1142 744 1358 799 civibus
1401 745 1787 799 consobrinam
1828 760 2010 809 suam,

430 839 570 893 clam
601 837 752 891 domt
772 837 941 891 -stieis
972 845 1026 891 et
1053 835 1415 893 familiaribus
1444 837 1653 902 eduxit,
1680 847 1735 893 et
1754 838 1821 894 ad
1854 839 2019 911 Cypri

429 942 610 997 regem
638 927 747 980 don
769 940 803 980 ο
834 926 1004 980 misit.
1038 926 1211 994 Cujus
1243 926 1322 980 rei
1351 937 1512 982 causa
1549 944 1673 983 cum
1716 929 1928 984 videret
1958 944 2019 984 se

428 1018 484 1070 in
514 1017 604 1085 jus
635 1031 775 1070 mox;
814 1025 1066 1070 vocatum
1099 1016 1187 1082 iri,
1218 1032 1411 1071 rursus
1441 1017 1588 1072 illam
1621 1034 1653 1073 e
1679 1017 1876 1090 48Βὸ
1911 1019 2019 1091 Cy-

430 1124 533 1178 pro
560 1117 645 1163 est
677 1107 928 1173 furatus,
959 1123 1196 1177 eumque
1223 1108 1624 1177 deprehensum
1667 1126 1765 1166 rex
1800 1112 1856 1165 in
1894 1115 2020 1165 vln-

432 1202 553 1255 cula
584 1199 845 1269 conjicit.
892 1199 1030 1256 Cum
1064 1217 1193 1256 vero
1238 1202 1558 1272 aufugisset,
1586 1203 1730 1257 venit
1778 1203 1835 1257 in
1867 1203 2009 1259 civi-

431 1302 599 1346 tatem
635 1305 760 1360 qut»
787 1300 1033 1362 tempore
1058 1294 1441 1364 quadringenti
1476 1293 1578 1348 viri
1627 1296 2020 1364 rempublicam

432 1381 947 1437 administrabant:
982 1398 1014 1437 a
1055 1383 1256 1453 quibus
1291 1400 1416 1439 eum
1454 1393 1601 1440 esset
1643 1386 1884 1451 vinctus,
1919 1398 2020 1440 au-

434 1471 593 1544 fugit,
627 1486 697 1527 ac
750 1489 939 1529 rursus
962 1490 1155 1529 everso
1188 1476 1281 1545 illp
1319 1490 1618 1545 paucorum
1653 1476 1935 1532 dominatu
1967 1478 2022 1531 in

432 1566 693 1621 exsilium
736 1567 925 1636 pulsus
972 1575 1075 1622 est.
1124 1566 1237 1623 Hoc
1284 1568 1463 1623 exsilii
1510 1577 1753 1640 tempore
1813 1571 2021 1625 Elidem

2117 474 2271 528 λεῦσι
2316 472 2463 538 ξένος
2514 472 2731 540 ἐγένετο
2777 470 2871 524 καὶ
2919 470 3137 533 πολλοῖς
3191 466 3370 533 ἄλλοις
3421 468 3689 539 δοκίμοις,

2117 567 2281 640 ήνίκα
2338 567 2435 620 καὶ
2484 564 2761 635 θυγατέρα
2822 563 2920 633 μὲν
2971 561 3305 633 Ἀριστείδου
3350 560 3577 631 ἀνεψιὰν
3635 561 3694 615 δὲ

2122 660 2290 716 αὑτοῦ
2328 659 2437 713 τῶν
2488 659 2704 712 οίκείων
2755 650 3104 724 ὕπεκκλέψας
3142 654 3313 724 δῶρον
3349 655 3565 725 ἔπεμψε
3608 654 3697 726 τῷ

2117 755 2382 827 Κυπρίων
2420 754 2646 825 βασιλεῖ.
2697 749 2919 806 Μέλλων
2961 750 3018 805 δὲ
3060 752 3139 815 είς
3190 744 3545 819 δικαστήριον
3598 749 3697 801 ἐπὶ

2118 852 2184 922 τῇ
2216 847 2527 919 κακουργίᾳ
2557 844 2810 914 είσάγεσθ
2822 862 2902 909 αι,
2933 842 3095 898 πάλιν
3117 841 3287 913 αὐτὴν
3313 841 3422 896 ἀπὸ
3459 841 3695 910 Κύπρου

2120 940 2364 1002 κλέπτει,
2401 939 2497 991 καὶ
2540 937 2701 1000 ἁλοὺς
2760 937 2866 990 ὑπὸ
2936 932 3030 988 τοῦ
3100 932 3365 1005 Κυπρίων
3431 932 3702 1002 βασιλέως

2122 1034 2343 1103 δεσμοῖς
2374 1030 2674 1102 παρεδόθη.
2710 1020 2981 1083 Κάκεῖθεν
3012 1026 3070 1079 δὲ
3113 1020 3335 1095 διαδράς
3375 1024 3705 1094 ἐπεδήμησε

2121 1128 2189 1197 τῇ
2226 1124 2381 1179 πόλει
2413 1122 2540 1177 κατ’
2563 1122 2741 1175 ἐκεῖνο
2770 1119 2990 1191 καιροῦ,
3028 1118 3195 1188 ἡνίκα
3220 1119 3333 1178 τοῖς
3362 1121 3408 1168 u'
3450 1115 3519 1169 τὰ
3542 1116 3705 1168 πολι-

2121 1218 2254 1274 τικὰ
2304 1209 2711 1288 μετεχειρίζετο
2756 1210 3059 1283 πράγματα
3086 1224 3101 1240 ο
3154 1207 3323 1291 δεθεὶς
3364 1205 3421 1259 δὲ
3466 1206 3562 1259 καὶ
3591 1205 3709 1259 ὑπὸ

2122 1309 2330 1363 τούτων
2383 1308 2546 1361 πάλιν
2583 1305 2859 1373 διέφυγεν.
2904 1299 3099 1356 Ἦνίκα
3146 1298 3206 1352 δὲ
3254 1301 3288 1369 ἡ
3336 1297 3380 1329 ⁷³
3408 1296 3708 1367 ὀλιγαρχία

2126 1399 2425 1470 κατελύθη,
2480 1392 2825 1467 ἐφυγαδεύθη
2869 1392 2968 1462 τῆς
3023 1389 3253 1454 πόλεως,
3289 1389 3385 1442 καὶ
3427 1388 3485 1441 ὲν
3517 1388 3709 1441 Ἤλιδι

2124 1492 2218 1548 τὸν
2248 1493 2348 1563 τῆς
2386 1482 2563 1561 φυγῆς
2600 1488 2791 1559 χρόνον
2817 1479 3108 1557 διατρίψας
3144 1481 3254 1535 τῶν
3300 1480 3431 1553 περὶ
3482 1479 3710 1550 Θρασύ-

2131 1584 2321 1639 ϐουλον
2369 1580 2814 1651 κατεληλυθότων
2846 1578 2940 1632 καὶ
2991 1576 3155 1639 αὐτὸς
3204 1572 3709 1643 συγκατελήλυθεν.

435 1657 688 1724 incoluit,
732 1669 790 1714 et
818 1673 943 1713 cum
970 1657 1299 1731 Thrasybuli
1326 1661 1623 1717 familiares
1650 1662 1704 1715 in
1744 1662 2024 1718 civitatem

2135 1675 2385 1748 Αίρεθεὶς
2423 1672 2550 1746 [796
2573 1670 2665 1744 H.]
2690 1671 2748 1723 δὲ
2773 1670 2903 1740 περὶ
2927 1669 3028 1739 τῆς
3072 1665 3294 1735 εἰρήνης
3331 1664 3413 1726 είς
3437 1661 3715 1715 Λακεδαίο

434 1749 715 1813 redirent,
769 1751 887 1820 ipse
927 1766 1151 1821 quoque
1186 1762 1271 1806 est
1320 1768 1599 1808 reversus.
1647 1752 1846 1808 Missus
1895 1768 2028 1808 vero

2135 1737 2270 1841 μονα
2298 1737 2623 1839 πρεσσεύειν
2645 1737 2752 1818 -καὶ
2777 1737 2989 1816 ἀδικεῖν
3012 1756 3168 1822 δόξας
3199 1755 3388 1825 ἔφυγε.
3412 1751 3620 1806 Τούτου
3650 1751 3713 1803 δέ

437 1855 543 1911 pro
572 1853 720 1910 pace
752 1840 819 1893 ad
847 1837 1292 1896 Lacedaemonios
1322 1857 1445 1897 cum
1476 1842 1723 1912 improbe
1755 1843 2028 1898 videretur

440 1934 495 1986 in
522 1932 627 1985 hoc
656 1931 856 1986 tstudio
886 1941 1157 1996 versatus,
1187 1931 1345 2002 fugit.
1378 1932 1548 1986 Porro
1570 1933 1639 1986 ab
1669 1932 1761 1985 illo
1781 1932 2027 1987 denomi-

438 2034 603 2079 natur
617 2032 662 2078 et
687 2025 791 2078 iam
806 2023 1061 2080 Mercurii
1084 2035 1284 2081 statua.
1303 2025 1375 2080 Ea
1389 2026 1794 2095 enimquamvis
1830 2040 1859 2079 a
1880 2025 2026 2079 tribu

438 2116 657 2185 (Egeide
701 2118 877 2186 posita
909 2132 973 2174 ac
1004 2117 1255 2173 dedicata
1299 2119 1391 2183 sit,
1440 2118 1508 2173 ab
1541 2118 1820 2174 Andocide
1845 2128 2025 2172 tamen

440 2223 645 2263 nomen
691 2209 869 2275 habet,
895 2210 1040 2281 quod
1070 2210 1161 2265 ille
1198 2218 1393 2267 statuae
1420 2212 1669 2281 proxime
1702 2210 1990 2265 habitaret.

1121 2390 1370 2450 CCLXII.

980 2483 1157 2556 Lysia
1185 2486 1474 2541 orationes.

512 2576 649 2650 Legi
688 2577 869 2633 varias
914 2576 1095 2648 Lysia:
1130 2579 1431 2643 orationes,
1465 2594 1588 2649 quae
1617 2578 1875 2633 dicuntur
1907 2593 2029 2634 esse

440 2680 687 2724 numero
717 2674 971 2722 trecentae
1002 2676 1057 2721 et
1095 2667 1286 2737 viginti
1317 2669 1580 2736 quinque,
1621 2682 1865 2736 quarum
1896 2667 2030 2737 legi-

443 2759 593 2813 tiniae
654 2767 801 2815 :sunt
846 2758 1091 2812 ducentae
1154 2768 1208 2812 et
1258 2759 1481 2828 triginta
1538 2768 1671 2813 tres.
1730 2758 1789 2811 In
1830 2758 2035 2828 quibus

442 2851 550 2912 bis,
613 2858 836 2903 tantum
898 2849 1126 2904 dicendo
1169 2850 1348 2905 victus
1383 2850 1601 2916 dicitur,
1661 2864 1784 2905 cum
1848 2858 2030 2904 tamen

448 2938 652 3007 saepius
693 2952 819 2992 cum
865 2938 1198 2993 adversariis
1224 2940 1585 2994 contenderit.
1622 2939 1718 2994 Est
1744 2937 1798 2992 in
1830 2938 2033 2992 oratio-

446 3028 609 3082 nibus
635 3026 767 3082 SllliS
808 3027 1189 3093 brevissimus,
1245 3038 1301 3083 et
1340 3028 1405 3083 ad
1426 3028 1861 3099 persuadendum
1912 3044 2034 3100 per-

2132 1863 2282 1913 ὲστιν
2326 1858 2613 1927 ἐπώνυμος
2661 1854 2756 1907 καὶ
2816 1850 3056 1923 Ἑρμῆς,
3110 1846 3366 1915 ἀνάθημα
3406 1844 3505 1915 μὲν
3534 1842 3713 1911 φυλῆς

2133 1951 2409 2023 Αἰγηΐδος,
2461 1947 2779 2017 ἐπικληθεὶς
2820 1940 2878 1999 δὲ
2929 1940 3253 2006 Ἀνδοκίδου,
3293 1936 3428 1990 διότι
3476 1934 3715 2007 πλησίον

2134 2040 2297 2097 αὐτοῦ
2338 2036 2645 2106 Ἀνδοκίδης
2683 2035 2837 2107 ᾧκειι

2835 2354 2996 2420 ΣΞΒν.

2686 2459 2919 2514 Λυσίου
2948 2457 3141 2529 λόγοι.

2219 2546 2663 2621 Ἀνεγνώσθησαν
2717 2550 2915 2603 Λυσίου
2948 2550 3097 2618 λόγοι
3126 2547 3405 2619 διάφοροι·
3449 2545 3716 2617 φέρονται

2135 2640 2192 2693 δὲ
2220 2640 2386 2694 αὑτοῦ
2414 2644 2492 2691 κε’
2523 2639 2617 2691 καὶ
2656 2643 2723 2701 υ’,
2768 2632 2844 2691 ὧν
2884 2639 2997 2699 τοῖς
3026 2637 3274 2707 γνησίοις
3323 2640 3371 2704 γ’
3405 2634 3502 2688 καὶ
3527 2634 3574 2687 λ’
3617 2634 3720 2687 καὶ

2137 2730 2446 2793 διακοσίους
2477 2732 2521 2763 ⁷⁸
2555 2731 2923 2802 έγκρίνουσιν,
2957 2730 3014 2781 ὲν
3043 2726 3125 2792 οἷς
3161 2728 3243 2791 δὶς
3278 2727 3439 2799 μόνον
3461 2725 3520 2779 τὸ
3551 2726 3719 2779 ἔλατό

2136 2844 2230 2880 τον
2262 2826 2509 2893 ἐνεγκεῖν
2540 2826 2606 2895 τῇ
2643 2823 2786 2890 λέξει
2819 2823 2957 2893 πρὸς
2980 2822 3107 2884 τοὺς
3138 2817 3547 2888 ἀνταγωνιστὰς
3583 2817 3718 2870 πολ-

2136 2918 2297 2980 λάκις
2331 2915 2746 2986 ἀγωνισάμενος
2797 2914 3039 2981 λέγεται.
3094 2913 3251 2966 Ἔστι
3295 2912 3352 2965 δὲ
3386 2915 3503 2975 τοῖς
3532 2911 3717 2979 λόγοις

2140 3007 2483 3080 βραχύτατός
2524 3023 2585 3059 τε
2619 3007 2716 3060 καὶ
2751 3004 3155 3069 πιθανώτατος,
3187 3006 3281 3058 καὶ
3311 3004 3390 3074 τῷ
3433 3003 3613 3057 δοκεῖν
3638 3004 3717 3073 μὴ

445 3118 764 3190 appositus,
797 3127 852 3173 et
905 3120 949 3175 si
975 3120 1099 3189 quis
1130 3122 1272 3177 alius
1296 3090 1534 3193 graviter
1554 3122 1769 3178 dicendi
1798 3090 2028 3192 peritus,

2135 3099 2323 3154 δεινῶς
2356 3098 2555 3167 λέγειν,
2595 3097 2754 3169 εἴπερ
2784 3114 2869 3161 τις
2904 3097 3086 3160 ἄλλος,
3115 3097 3421 3160 δεινότατος
3455 3090 3499 3128 ⁷⁷
3520 3114 3536 3129 ·
3578 3097 3720 3151 ἀλλὰ

448 3208 671 3264 tametsi
729 3222 851 3264 non
905 3221 1187 3280 appareat.
1226 3211 1441 3267 Etenim
1485 3228 1801 3283 quanquam
1856 3212 2037 3268 facilis

444 3300 663 3355 videtur
690 3314 847 3366 esse,
881 3302 1246 3360 nihilominus
1287 3314 1470 3362 tamen
1513 3308 1728 3361 imitatu
1779 3317 1864 3363 est
1903 3307 2041 3362 dilIi-

446 3393 596 3448 cilis.
622 3392 843 3449 Multas
871 3394 1152 3451 orationes
1195 3396 1429 3465 privatis
1469 3397 1787 3452 hominibus
1822 3398 2043 3453 dedisse

448 3482 675 3536 dicitur.
710 3480 966 3551 Scripsit
990 3483 1118 3537 item
1149 3484 1205 3537 in
1251 3472 1451 3555 genere
1485 3487 1777 3551 orationis,
1823 3489 2043 3542 concio-

452 3587 574 3639 nes,
608 3572 910 3641 epistolas,
948 3573 1314 3641 laudationes,
1342 3577 1637 3647 epitaphia,
1673 3580 1963 3645 amatoria,
1988 3589 2043 3634 et

451 3659 699 3715 Socratis
730 3657 1148 3718 defunsionem.
1182 3664 1247 3719 in
1283 3666 1565 3737 plerisque
1593 3669 1936 3724 orationibus
1958 3680 2044 3726 est

449 3751 702 3820 moralis,
735 3751 1047 3823 etquidem
1082 3755 1151 3809 ad
1202 3756 1617 3829 intelligentiam
1664 3775 1789 3815 cum
1836 3760 2041 3816 bonum

453 3844 689 3899 sortitur
721 3854 1140 3915 argumentum,
1179 3859 1234 3903 et
1262 3851 1407 3920 quod
1449 3851 1514 3906 ad
1551 3852 1777 3909 meliora
1818 3864 2041 3908 conten-

451 3932 567 3987 dat.
590 3928 744 3986 Unde
778 3948 899 3989 nom
936 3935 1175 3990 tenuiter
1202 3937 1516 4004 dicendum,
1544 3940 1674 4010 quid
1698 3941 1775 3995 rei
1804 3950 2041 4011 gestum,

452 4023 548 4081 sed
589 4032 644 4077 et
671 4024 814 4078 ratio
843 4023 1127 4093 addenda,
1162 4028 1233 4082 ob
1263 4044 1427 4099 quam
1467 4031 1682 4101 singula
1712 4031 1825 4087 sint
1859 4042 2039 4099 gesta;

453 4114 607 4169 verbi
643 4114 845 4185 gratia,
902 4117 947 4172 si
990 4118 1230 4174 difﬁcilia
1270 4122 1504 4190 dixerit;
1549 4122 1762 4178 causari
1802 4124 2043 4179 necessi-

456 4218 620 4263 tatem
656 4226 784 4281 erga
812 4212 1057 4279 amicos,
1091 4224 1185 4268 aut
1211 4216 1348 4270 alios
1390 4218 1698 4272 moderatos
1732 4236 1746 4272 :
1785 4219 1872 4273 sin
1912 4232 2042 4272 vero

455 4302 708 4366 meliora,
738 4304 1081 4359 voluntatem
1106 4307 1467 4376 praztendere.
1494 4308 1615 4365 Haac
1646 4325 1775 4365 vero
1803 4311 2043 4365 maxime

2139 3190 2247 3263 γὰρ
2276 3190 2369 3243 καὶ
2397 3189 2616 3252 εὔκολος
2656 3184 2796 3241 εἶναι
2829 3186 3001 3241 δοκῶν
3025 3186 3177 3240 οὐδὲν
3199 3186 3418 3240 ἔλαττον
3437 3186 3721 3257 δυσμίμηι

2142 3301 2233 3345 τος
2263 3282 2650 3337 ἐπιδείκνυται.
2684 3282 2824 3345 Τοὺς
2848 3280 3032 3351 μέντοι
3054 3296 3120 3349 γε
3153 3278 3261 3332 τῶν
3292 3279 3467 3347 λόγων
3497 3278 3723 3341 πλείους

2145 3373 2384 3435 ἰδιώταις
2431 3370 2788 3425 ἐπιδεδωκέναι
2844 3371 3084 3439 λέγεται.
3140 3368 3612 3439 Συγκεφαλαιοῦσι
3664 3369 3724 3422 δι

2141 3466 2268 3528 τοὺς
2305 3463 2678 3532 λόγουςαὺτοῦ
2712 3463 3068 3534 δημηγορίαι,
3106 3461 3407 3525 ἐπιστολαὶ,
3441 3461 3723 3529 ἐγκώμια,

2142 3556 2449 3623 ἐπιτάφιοι,
2480 3554 2735 3627 ἐρωτικοί
2763 3554 2856 3609 καὶ
2886 3555 3207 3625 Σωκράτους
3236 3554 3519 3621 ἀπολογία.
3562 3552 3725 3605 Ἔστι

2146 3650 2246 3719 μὲν
2292 3649 2350 3701 ἐν
2389 3649 2489 3701 οὐκ
2532 3648 2733 3717 ὀλίγοις
2768 3647 2931 3701 αὐτοῦ
2963 3648 3145 3716 λόγοις
3173 3647 3384 3718 ὴθικὸς,
3421 3646 3633 3713 γίνεται
3662 3645 3724 3697 δὲ

2142 3738 2286 3792 κατὰ
2314 3736 2415 3809 τὴν
2455 3738 2499 3769 ⁷⁸
2529 3738 2769 3791 διάνοιαν
2814 3740 2842 3791 ὁ
2887 3737 3099 3807 ἡθικὸς,
3156 3738 3283 3790 ὅταν
3322 3736 3569 3808 χρηστὴν
3622 3733 3723 3805 ἔχῃ

2144 3834 2465 3905 προαίρεσιν
2492 3833 2586 3886 καὶ
2618 3832 2756 3902 πρὸς
2806 3831 2874 3886 τὰ
2904 3832 3097 3903 βελτίω
3133 3830 3428 3903 ῥέπουσαν.
3467 3830 3636 3883 Ὅθεν
3659 3831 3721 3883 οὐ

2145 3927 2251 3998 χρὴ
2283 3927 2454 3997 ψιλῶς
2486 3927 2554 3979 τὰ
2588 3924 2905 3998 πραχθέντα
2932 3924 3134 3993 λέγειν,
3166 3923 3300 3977 ἀλλὰ
3329 3923 3424 3977 καὶ
3447 3922 3545 3994 τὴν
3580 3921 3724 3991 γνώ-

2146 4038 2254 4091 μην
2306 4020 2595 4072 συνάπτειν
2626 4018 2746 4087 μεθ’
2778 4013 2845 4090 ἦς
2880 4016 3181 4087 ἐπράττετο
3209 4012 3462 4081 ἕκαστον,
3487 4009 3624 4082 οἷον,
3658 4016 3723 4067 ἂν

2148 4111 2245 4180 μὲν
2274 4110 2487 4179 χαλεπά
2599 4109 2643 4140 ⁷⁸
2668 4107 2763 4160 καὶ
2792 4107 2929 4178 πρὸς
2960 4104 3150 4177 φίλους
3177 4106 3406 4177 sane);
3441 4107 3720 4177 μετρίους,

2143 4199 2241 4269 τὴν
2265 4198 2515 4266 ἀνάγκην
2550 4197 2848 4262 αἰτιᾶσθαι,
2880 4196 2944 4250 ἂν
2974 4198 3033 4251 δὲ
3066 4196 3298 4267 ἀμείνω,
3327 4197 3426 4267 τὴν
3457 4197 3724 4268 προαίρε-

2145 4310 2251 4346 σιν.
2285 4289 2434 4361 Αὕτη
2472 4289 2529 4343 δὲ
2563 4289 2797 4360 μάλιστα
2829 4290 3034 4361 πιθανὴ
3064 4290 3294 4359 γίνεται,
3346 4290 3393 4341 εἰ
3417 4290 3518 4359 τὴν
3545 4291 3723 4342 αἰτίαν

455 4393 761 4462 probabilis
785 4405 893 4455 est.
934 4395 981 4449 si
1022 4411 1244 4451 causam
1282 4399 1470 4453 addas.
1507 4399 1717 4455 Causas
1755 4416 1885 4455 vero
1935 4418 2028 4457 nor

2145 4384 2463 4457 προσλάϐοι.
2498 4383 2609 4445 Τὰς
2638 4383 2822 4453 μέντοι
2851 4400 2913 4451 γε
2950 4383 2995 4414 ⁸⁰
3018 4382 3199 4445 αίτίας
3221 4382 3281 4433 οὐ
3311 4381 3417 4452 χρὴ
3448 4381 3544 4434 τοῦ
3568 4382 3723 4435 λυσι-

456 4491 671 4551 oportet
690 4482 953 4537 utilitatiis
974 4486 1146 4553 gratia
1165 4502 1464 4544 assumere.
1487 4489 1773 4544 Prudentis
1786 4491 1929 4545 enim
1942 4491 2028 4545 hor

2148 4478 2334 4540 τελοῦς
2367 4476 2531 4530 ἕνεκα
2558 4474 3007 4546 παραλαμϐάνειν
3032 4491 3045 4504 ·
3080 4473 3343 4545 φρονίμου
3380 4474 3489 4544 γὰρ
3519 4474 3724 4542 μᾶλλον

457 4571 633 4643 magis
679 4584 764 4628 est
806 4572 912 4629 viri
964 4590 1128 4646 quam
1179 4575 1321 4647 frugi
1356 4592 1421 4633 ac
1464 4578 1642 4650 probi.
1674 4579 1918 4636 Diflicilis
1957 4581 2028 4634 hic

2147 4570 2181 4639 ἢ
2216 4568 2452 4639 χρηστοῦ
2484 4568 2577 4622 καὶ
2626 4567 2968 4637 εὐγνώμονος
2998 4566 3068 4618 τὰ
3111 4565 3357 4619 τοιαῦτα.
3383 4564 3640 4629 Χαλεπὺς
3669 4565 3725 4617 δὲ

458 4668 545 4713 est
596 4660 853 4715 servandi
905 4663 1139 4731 modus,
1170 4664 1224 4719 in
1259 4680 1367 4735 quo
1396 4674 1451 4721 et
1497 4666 1686 4739 Lysias
1715 4683 1858 4738 saepe
1896 4667 2028 4722 vide-

2148 4665 2176 4716 ὁ
2200 4662 2412 4733 ,τρόπος
2444 4659 2707 4730 φυλάξαι·
2737 4660 2818 4713 διὸ
2845 4659 2940 4712 καὶ
2968 4658 3177 4721 Λυσίας
3205 4660 3263 4709 ὲν
3290 4657 3441 4728 αὑτῷ
3472 4658 3726 4727 φαίνεται

461 4760 556 4806 tur
591 4766 870 4822 peccasse.
906 4750 1152 4810 Maxime
1176 4755 1419 4812 celebres
1446 4756 1719 4813 habentur
1762 4772 1886 4811 cum
1928 4756 2028 4811 alia

2147 4752 2408 4814 πολλάκις
2428 4751 2831 4821 διαμαρτάνων.
2857 4749 3242 4821 Θαυμάζονται
3268 4749 3453 4819 μέντοι
3476 4764 3541 4817 γε
3557 4747 3725 4803 αὐτοῦ

459 4842 749 4896 orationes
784 4842 928 4912 ejus,
966 4852 1081 4899 tum
1127 4844 1195 4900 de
1235 4846 1402 4900 tutela
1451 4855 1642 4901 contra
1675 4846 2028 4916 Diogitonem

2146 4844 2296 4899 ἄλλοι
2317 4860 2377 4895 τε
2400 4842 2584 4895 πολλοὶ
2606 4842 2650 4873 ⁸⁸
2679 4840 2831 4909 λόγοι
2859 4839 2952 4893 καὶ
2978 4840 3042 4910 δὴ
3074 4839 3168 4891 καὶ
3195 4839 3223 4891 ὁ
3248 4837 3385 4910 πρὸς
3410 4837 3726 4905 Διογείτονα
3784 4882 3787 4885 ,

456 4932 795 5002 probabilem
846 4949 1091 5007 namque
1129 4942 1185 4991 et
1230 4952 1427 5007 puram
1478 4939 1847 4994 narrationem
1890 4937 2028 5001 facit,

2151 4933 2457 5006 ἐπιτροπῆς
2482 4949 2496 4963 ⁸
2524 4933 2758 5003 πιθανήν
2784 4950 2841 4985 τε
2872 4932 2979 5002 γὰρ
3006 4931 3101 4985 καὶ
3128 4930 3376 5000 καθαρὰν
3405 4929 3503 4998 τὴν
3536 4929 3728 4999 διήγηέ

462 5024 556 5080 sed
594 5040 704 5079 non
736 5037 887 5081 recta
949 5029 1023 5083 nd
1075 5029 1527 5099 amplificationes
1557 5039 1613 5085 et
1643 5030 2028 5100 aggerationes,

2154 5044 2239 5081 σιν
2267 5029 2524 5089 ποιεῖται,
2560 5026 2675 5079 ἀλλ’
2725 5026 2825 5081 οὐκ
2850 5025 3015 5087 εὐθὺς
3070 5025 3162 5078 ἐπὶ
3193 5023 3291 5086 τὰς
3332 5021 3590 5093 αὐξήσεις
3631 5022 3725 5073 καὶ

460 5122 524 5169 ut
556 5115 712 5169 multi
740 5114 970 5187 faciunt,
1016 5121 1373 5177 convertitur.
1398 5120 1608 5176 Etenim
1640 5138 1749 5177 non
1782 5133 1908 5178 sunt
1932 5112 2028 5178 luet

2152 5120 2251 5183 τὰς
2297 5118 2594 5181 δεινώσεις,
2647 5118 2785 5189 ὅπερ
2840 5117 3025 5170 πολλοὶ
3067 5116 3389 5185 πάσχουσιν,
3429 5112 3719 5180 ὑπάγεται.

461 5207 684 5276 propria
714 5206 921 5279 589a
949 5212 1154 5281 'prima:
1185 5213 1265 5269 rei
1293 5214 1695 5284 explicationis,
1731 5216 1824 5270 sed
1861 5215 2028 5271 locun:

2151 5211 2262 5263 Καὶ
2288 5209 2395 5280 γὰρ
2439 5209 2549 5262 οὐδ’
2579 5209 2624 5240 ⁸²
2651 5209 2795 5261 ἐστιν
2824 5208 2997 5261 οἰκεῖα
3025 5208 3094 5261 τὰ
3120 5206 3342 5267 τοιαῦτα
3370 5206 3469 5273 τῆς
3499 5202 3724 5275 πρώτης

463 5298 671 5353 habent
706 5300 759 5353 in
795 5303 1183 5371 aequantibus.
1234 5304 1486 5377 Magnam
1531 5314 1712 5361 autem
1748 5308 2028 5377 puritatem

2152 5300 2500 5365 διδασκαλίας
2548 5302 2643 5355 τοῦ
2704 5303 3063 5372 πράγματος,
3116 5300 3231 5354 ἀλλ’
3291 5300 3349 5353 ὲν
3406 5300 3518 5360 τοῖς
3586 5295 3722 5365 μετὰ

1739 5480 1975 5538 ἾΑΒΙᾹΞ
2030 5478 2435 5537 LECTIONES.

532 5640 579 5675 τι
606 5640 910 5727 ναυκληρία
946 5640 1417 5727 'i‘aylorns‘Lectt.
1447 5641 1661 5727 Lysiae:
1686 5656 1738 5727 ρ.
1761 5641 1913 5727 ⁸689,
1934 5641 2005 5697 cf.
2041 5658 2091 5712 p.
2263 5645 2290 5698 b
2325 5645 2390 5699 37
2428 5644 2672 5727 etA490_f2
2698 5643 2789 5699 25.
2849 5644 2909 5727 ff
3002 5657 3114 5727 om.
3362 5639 3626 5727 διακόσιοι

462 5712 507 5746 ⁷⁷
537 5720 763 5779 pra-stat
796 5708 1043 5775 ’δεῐνὸςᾘ
1116 5713 1162 5744 ⁷⁸
1194 5712 1293 5782 τὴν
1331 5727 1440 5768 om.
1475 5708 1539 5768 Ᾱ.
1613 5708 1717 5786 "ﬁ
1750 5713 1793 5767 Α
1819 5728 1831 5767 :
1860 5712 1944 5785 εἴη
2009 5708 2067 5778 ς’.
2148 5714 2191 5747 ⁸⁸
2232 5732 2293 5783 γε
2325 5730 2435 5770 om.
2479 5719 2544 5771 Λ.
2619 5716 2658 5749 ⁸¹
2684 5732 2742 5769 τε
2778 5708 3117 5768 πολλοὶέάιίι
3154 5714 3220 5769 Λ.
3294 5710 3339 5743 ⁸¹
3374 5708 3507 5782 οὐδ’]
3538 5712 3638 5764 οὐκ
3663 5710 3722 5761 Β.
