3944 6242
282 347 389 409 169

1320 348 1839 408 BIBLIOTHECA.
1862 374 1921 382 -
1960 350 2121 411 COD.
2154 352 2429 412 CCLXII.

3426 348 3530 417 1Το

274 457 447 511 ταῦτα
503 454 689 525 χώραν
740 453 855 523 ἔχει
908 453 1326 521 καταλέγεσθαι.
1386 454 1545 527 [1461
1603 454 1693 526 3.]
1749 456 1849 509 Καὶ

1962 468 2015 513 et
2049 460 2493 529 perspicuitatem
2517 460 2569 513 in
2594 461 2757 517 rebus
2781 468 2836 517 et
2859 460 3061 530 verbis,
3088 461 3255 518 etiam
3284 461 3339 516 in
3371 464 3525 534 prin-

274 548 493 613 πολλὴν
521 547 578 601 δὲ
609 548 711 617 τὴν
736 547 1087 617 καθαρότητα
1118 549 1213 600 καὶ
1246 549 1545 619 σαφήνειαν
1576 546 1634 599 ἓν
1662 565 1721 599 τε
1750 550 1860 611 τοῖς

276 642 571 711 πράγμασι
598 641 694 693 καὶ
731 643 855 703 ταῖς
877 639 1087 701 λέξεσιν
1120 642 1216 692 ἀπ’
1243 640 1415 711 αὐτῆς
1441 641 1541 709 τῆς
1577 640 1672 693 τοῦ
1700 640 1858 709 λόγου

274 732 645 801 προϐάλλεται
687 732 885 802 ἀρχῆς,
926 730 1118 801 ῶσπερ
1171 733 1265 786 καὶ
1311 732 1372 785 τὸ
1422 734 1613 803 σχῆμα
1637 733 1700 785 τὸ
1735 734 1857 786 κατ’

270 826 492 879 εὐθεῖαν
524 824 766 895 ἁρμόζον
790 823 1198 894 ἁφηγήσει,καὶ
1223 824 1287 877 τὸ
1313 824 1480 895 μηδέν
1497 842 1551 878 τι
1580 824 1625 857 ⁸³
1655 824 1858 892 ἔξωθεν

272 916 729 984 συνεφέλκεσθαι.
767 916 839 968 Τὸ
872 916 927 968 δὲ
959 919 1057 987 τῆς
1085 918 1353 987 ἁρμονίας
1382 916 1549 970 αὑτοῦ
1575 916 1769 980 κάλλος
1795 916 1857 968 οὐ

269 1010 477 1065 παντός
515 1012 668 1062 ἐστιν
689 1008 1047 1063 αἰσθάνεσθαι
1074 1026 1088 1040 ·
1108 1008 1205 1063 καὶ
1239 1009 1348 1080 γὰρ
1371 1009 1519 1062 δοκεί
1547 1009 1647 1079 μὲν
1673 1008 1859 1071 ἁπλῶς

267 1102 365 1155 καὶ
394 1102 471 1163 ὡς
501 1100 661 1170 ἔτυχε
706 1100 1048 1169 συγκεῖσθαι,
1080 1102 1160 1164 είς
1208 1100 1515 1171 ὑπερϐολὴν
1556 1101 1613 1153 δὲ
1651 1102 1856 1170 κόσμου

268 1194 735 1248 κατεσκεύασται.
789 1195 900 1246 Καὶ
942 1193 1131 1256 ἁπλῶς
1178 1194 1299 1256 ὅλος
1328 1194 1375 1226 ⁸⁸
1416 1196 1446 1246 6
1498 1194 1654 1261 λόγος
1708 1194 1855 1257 ἄξιος

266 1286 552 1355 θαυμάσαι
584 1286 729 1338 κατά
778 1302 837 1338 τε
875 1284 944 1338 τὰ
975 1287 1233 1356 σχήματα
1255 1288 1351 1339 καὶ
1382 1286 1451 1338 τὰ
1482 1287 1733 1355 νοήματα
1759 1287 1853 1338 καὶ

1959 551 2103 621 cipio
2135 553 2400 608 orationis
2447 554 2712 619 ostendit,
2750 563 2808 608 ut
2839 555 2895 609 in
2940 555 3222 610 narrando
3247 554 3371 609 sine
3409 572 3525 608 am-

1959 643 2212 713 bagibus,
2290 655 2343 698 et
2398 643 2537 698 nihil
2582 656 2863 700 externum
2914 646 3138 701 aliunde
3185 646 3529 700 ascisccndo.

1957 732 2315 790 Venustatem
2349 744 2529 789 autem
2563 737 2985 804 compositionis
3016 752 3127 790 non
3155 735 3339 805 quivis
3371 734 3535 789 facile

1956 829 2360 884 animadvertit.
2393 827 2530 884 Nam
2582 830 2911 898 simpliciter
2954 840 3008 885 et
3046 845 3177 884 casu
3215 839 3275 883 ut
3322 844 3410 883 res
3440 828 3536 885 dat

1956 938 2037 987 se,
2074 922 2258 977 dicere
2287 922 2522 988 videtur,
2571 923 2812 992 assurgit
2862 931 3041 975 tamen
3097 932 3292 975 ornatu
3345 922 3398 975 in
3432 921 3534 974 im-

1957 1029 2237 1079 mensum,
2275 1026 2467 1084 estque
2514 1015 2690 1068 oratio
2739 1014 2859 1083 ejus
2888 1022 2944 1067 et
2990 1022 3210 1082 propter
3249 1012 3531 1068 schemata

1954 1107 2113 1176 digna
2137 1106 2526 1175 admiratione,
2569 1116 2622 1161 et
2645 1115 2866 1175 propter
2904 1120 3150 1166 sensum,
3170 1115 3223 1158 et
3254 1105 3439 1168 verba,
3477 1112 3534 1158 et

1954 1196 2286 1249 concinnam
2312 1198 2507 1251 horum
2548 1196 3023 1264 compositionem,
3052 1204 3105 1247 et
3136 1194 3530 1256 inventionem,

1951 1298 2005 1340 et
2030 1287 2275 1340 ordinem
2310 1287 2771 1358 enthymematum
2813 1296 2867 1340 et
2902 1285 3386 1354 epicherematum.

263 1382 332 1432 τά
388 1380 635 1449 ὀνόματα
685 1379 776 1432 καὶ
828 1382 928 1451 τὴν
969 1383 1290 1451 ἐναρμόνιον
1346 1381 1552 1435 τούτων
1586 1380 1860 1450 συνθήκην
1900 1383 1989 1434 καῖ
2020 1382 2117 1452 τὴν
2152 1382 2375 1453 εὕρεσιν
2431 1385 2525 1436 καὶ
2591 1381 2743 1446 τάξιν
2769 1382 2877 1435 τῶν
2906 1382 3312 1452 ἐνθυμημάτων
3341 1398 3401 1435 τε
3438 1382 3533 1437 καὶ

264 1474 737 1541 ἐπιχειρημάτων.

346 1570 778 1639 ’Λμφιϐάλλεται
828 1568 928 1638 μὲν
983 1567 1111 1637 παρ’
1160 1567 1322 1632 ἐνίοις
1376 1568 1425 1600 ⁸⁵
1470 1570 1499 1621 6
1560 1569 1693 1637 περὶ
1743 1566 1849 1621 τοῦ

263 1662 463 1728 σηκοῦ
510 1662 667 1729 λόγος
696 1676 711 1689 '
748 1664 775 1714 6
840 1661 1008 1729 σηκὸς
1069 1659 1127 1712 δὲ
1179 1660 1274 1712 νῦν
1320 1655 1461 1723 εῐδός
1493 1662 1640 1713 ἐστιν
1698 1661 1849 1729 ἱερᾶς

2027 1570 2082 1622 In
2112 1567 2334 1622 dubium
2365 1575 2547 1620 autem
2580 1579 2609 1617 a
2638 1563 2916 1618 nonnullis
2948 1570 3174 1618 vocatur
3204 1564 3381 1619 oratio
3403 1566 3532 1632 περὶ

1954 1659 2048 1712 τοῦ
2081 1658 2250 1729 σηκοῦ
2293 1672 2415 1727 quae
2443 1666 2529 1711 est
2552 1656 2766 1725 Species
2805 1669 2970 1710 sacra:
3007 1655 3163 1709 olere.
3199 1656 3303 1711 Sed
3338 1672 3529 1713 verum

263 1753 473 1813 ἐλαίας.
531 1750 672 1804 Ἀλλ’
719 1752 801 1804 ὅτι
855 1752 954 1819 μὲν
1007 1751 1226 1820 γνήσιος
1259 1751 1479 1814 Λυσίου,
1532 1750 1597 1801 ἔκ
1632 1766 1692 1801 τε
1740 1749 1849 1802 τῶν

1953 1755 2072 1823 ejus
2103 1768 2225 1807 esse
2255 1760 2535 1805 auctorem
2568 1748 2790 1819 Lysiam
2831 1763 2862 1803 e
2893 1748 3161 1818 capitibus
3190 1758 3438 1818 apparet,
3477 1760 3532 1804 et

262 1844 581 1913 κεφαλαίων
608 1843 769 1910 δῆλον
810 1844 904 1895 καὶ
943 1845 1009 1894 ἐκ
1037 1842 1151 1894 τῶν
1186 1842 1314 1910 περὶ
1365 1839 1530 1893 αὐτοῦ
1566 1844 1851 1911 ἐπιχειρη-

266 1937 453 2007 μάτων
484 1936 584 1989 καὶΙ
617 1936 663 1966 ⁸⁵
700 1935 761 1999 ἐξ
790 1934 955 1987 αὑτοῦ
992 1951 1057 2000 γε
1082 1932 1174 1987 τοῦ
1206 1932 1495 2002 προοιμίου
1529 1933 1627 2002 τῆς
1668 1949 1727 1985 τε
1766 1932 1849 1985 δι-

264 2031 519 2098 ηγήσεως
565 2027 662 2081 καὶ
704 2025 797 2079 τοῦ
831 2026 1085 2094 ἐπιλόγου
1118 2025 1282 2097 (πάνυ
1316 2024 1554 2096 [797H.]
1590 2024 1700 2094 γὰρ
1739 2023 1852 2076 δαι-

270 2120 469 2189 μονίως
517 2120 614 2171 καὶ
668 2118 813 2172 κατά
840 2118 939 2189 τὴν
1003 2116 1321 2188 εἰθισμένην
1373 2116 1451 2186 τῷ
1481 2116 1636 2184 ἀνδρὶ
1688 2118 1746 2168 ὲν
1784 2118 1848 2185 τῇ

275 2212 528 2281 ἁπλότητι
560 2210 845 2282 δεινότητά
873 2213 1020 2263 ἐστιν
1052 2208 1453 2281 ἐξειργασμένα
1496 2207 1693 2277 ταῦτα)
1720 2224 1732 2239 ο
1760 2210 1851 2259 καὶ

276 2308 381 2375 μὴν
402 2306 443 2379 ξ⁷
477 2307 573 2359 καὶ
601 2306 663 2358 τὸ
709 2305 831 2358 κατ’
864 2304 1179 2375 ἐνθύμημα,
1215 2303 1354 2356 ἀλλά
1379 2302 1452 2373 μὴ
1480 2302 1602 2355 κατ’
1642 2300 1851 2371 ἐπιχεί-

272 2412 417 2464 ρημα
444 2395 714 2464 προάγειν
745 2394 844 2456 τὰς
876 2393 1181 2457 ἀποδείξεις
1228 2392 1324 2446 τοῦ
1384 2392 1588 2446 Λυσίου
1620 2391 1849 2462 μάλιστα

266 2488 325 2539 τὸ
357 2487 559 2557 ἰδίωμα
586 2485 943 2554 ἀπαγγέλλει.
978 2485 1140 2540 Ἀλλά
1177 2487 1271 2538 καὶ
1294 2485 1355 2537 τὸ
1392 2484 1467 2555 μὴ
1497 2482 1619 2536 καθ’
1648 2484 1705 2535 ἓν
1738 2484 1850 2536 δια-

265 2578 521 2648 τρίϐοντα
559 2578 825 2649 μηκύνειν
856 2578 948 2630 τὸν
981 2578 1140 2646 λόγον
1192 2578 1293 2647 τῆς
1320 2576 1415 2629 τοῦ
1447 2576 1648 2629 Λυσίου
1704 2577 1851 2629 ἐστὶν

262 2670 575 2740 ἀκριϐείας,
631 2670 819 2723 καὶτὸ
874 2669 1114 2736 εὐπαγὲς
1145 2668 1254 2721 τῶν
1286 2667 1484 2736 λόγων,
1514 2668 1611 2720 καὶ
1670 2665 1730 2719 τὸ
1764 2666 1850 2719 διὰ

265 2760 607 2831 βραχύτητος
660 2761 871 2832 πολλὴν
929 2763 1193 2831 παρέχειν
1250 2759 1468 2830 ἡδονὴν,
1515 2758 1544 2812 ὃ
1593 2758 1733 2828 μετά
1785 2775 1849 2825 γε

262 2853 619 2923 Δημοσθένην
648 2846 812 2915 οὗτος
881 2852 1040 2922 μόνος
1067 2853 1177 2904 τῶν
1220 2851 1397 2906 ἄλλων
1428 2851 1675 2922 ῥητόρων
1725 2851 1850 2918 φαίη

263 2961 414 2997 νεται
455 2943 851 3014 κατορθώσας,
906 2946 1002 2998 καὶ
1032 2945 1092 2997 τὸ
1136 2944 1330 3008 κάλλος
1360 2944 1418 2997 δέ
1448 2944 1548 3013 τῆς
1582 2941 1850 2998 διατυπώ-

267 3054 427 3101 σεως,
461 3040 523 3089 ἐν
552 3029 598 3104 ᾧ
632 3038 770 3107 μήτε
802 3036 1094 3098 Πλάτωνος
1123 3036 1265 3106 μήτε
1293 3035 1671 3105 Δημοσθένους
1710 3034 1847 3103 μήτε
1874 3076 1917 3132 C

266 3130 522 3200 Αίσχίνου
538 3129 602 3183 τὸ
630 3130 852 3183 ἐλαττόν
884 3131 1030 3182 ἐστιν
1059 3129 1515 3199 ἀπενηνεγμένος.
1543 3125 1760 3195 ’ἰδίωμα
1783 3126 1841 3178 δὲ

266 3223 471 3276 Λυσίου
501 3222 599 3276 καὶ¹
620 3222 679 3275 τὸ
699 3223 797 3285 τὰς
827 3222 1130 3285 ἀντιθέσεις
1158 3222 1419 3291 προάγειν
1452 3218 1716 3290 μηδαμῶς
1744 3218 1844 3286 μὲν

265 3313 643 3383 ἐμφαινούσας
677 3314 739 3365 τὸ
772 3314 1311 3384 ἐπιϐεϐουλευμένον,
1352 3312 1413 3364 τὸ
1448 3311 1505 3363 δὲ
1547 3310 1637 3361 ὑπ’
1666 3308 1846 3362 αὐτῶν

266 3407 372 3460 τῶν
398 3408 749 3478 πραγμάτων
780 3406 1195 3476 ἐπεσπασμένον
1227 3404 1514 3457 δεικνύειν.
1537 3402 1847 3472 Τεκμήριον

265 3499 319 3552 δὲ
385 3502 488 3571 τῆς
542 3500 826 3569 Λυσιακῆς
881 3500 1159 3567 δυνάμεως
1204 3498 1300 3550 καλ⁵
1354 3500 1416 3549 τὸ
1471 3498 1529 3549 ἐν
1588 3495 1735 3565 πάσῃ
1782 3496 1851 3564 τῇ

266 3594 502 3663 περιόδῳ
525 3593 634 3645 τῶν
653 3593 828 3645 κόλων
850 3593 1188 3663 εὐάρμοστον
1204 3590 1299 3643 καὶ
1316 3589 1455 3660 μετά
1479 3586 1851 3657 καθαρότητος

266 3685 512 3748 εὐανθές.
546 3685 756 3747 Παυλος
785 3684 847 3737 δέ
875 3701 938 3751 γε
968 3685 997 3735 ὁ
1030 3686 1095 3736 ἐκ
1123 3682 1338 3745 Μυσίας
1380 3681 1472 3734 τόν
1496 3698 1555 3733 τε
1588 3678 1850 3747 περὶτοῦ

266 3778 489 3845 σηκοῦ,
527 3778 706 3847 λόγον,
746 3778 899 3830 οὐδὲν
950 3777 1058 3829 τῶν
1109 3775 1418 3845 είρημένων
1476 3772 1699 3835 συνιεὶς,
1749 3771 1848 3837 τῆς

267 3870 372 3943 [τε]
402 3872 756 3941 γνησιότητος
783 3869 895 3923 τῶν
919 3870 1207 3922 Λυσιακῶν
1240 3866 1492 3919 ἐκϐάλλει
1520 3866 1715 3931 λόγων,
1750 3864 1845 3915 καὶ

269 3961 495 4022 πολλοὺς
525 3961 618 4012 καὶ
650 3959 848 4021 καλοὺς
872 3957 1063 4020 ἄλλους
1086 3959 1165 4018 είς
1186 3956 1371 4017 νόθους
1398 3953 1842 4025 ἀπορῤιψάμενος

266 4050 470 4119 πολλῆς
531 4051 624 4103 καὶ
685 4049 930 4120 μεγάλης
989 4048 1117 4109 τοὺς
1188 4044 1511 4115 ἀνθρώπους
1571 4041 1839 4108 ὠφελείας

1952 1860 2019 1898 ex
2044 1844 2402 1913 argumentis,
2444 1857 2475 1896 e
2525 1840 2817 1912 prooemio,
2855 1842 3173 1895 narratione
3212 1852 3266 1894 et
3296 1840 3526 1910 epilogo.

1954 1933 2297 1988 Felicissimo
2356 1932 2525 1993 enim,
2574 1941 2628 1984 et
2676 1939 2939 1985 consueta
2982 1929 3111 1983 huic
3155 1929 3423 1999 gravitate
3471 1930 3527 1983 in

1956 2020 2311 2089 simplicitate
2347 2028 2476 2074 sunt
2511 2018 2601 2071 illa
2630 2017 2959 2087 composita,
2998 2026 3051 2071 et
3092 2018 3394 2071 secundum
3428 2031 3529 2071 en-

1955 2114 2313 2183 thymemata,
2344 2119 2397 2165 et
2451 2126 2561 2164 non
2594 2109 3017 2178 epicherematis
3056 2107 3272 2178 singula
3301 2108 3530 2162 demon-

1956 2214 2154 2267 strare,
2182 2202 2360 2274 Lysia:
2395 2210 2649 2273 tenorem,
2673 2199 2911 2254 maxime
2940 2198 3167 2265 indicat,
3199 2199 3332 2269 quin
3363 2201 3527 2254 etiam

1954 2293 2278 2359 orationem,
2313 2307 2420 2346 non
2452 2292 2550 2345 uni
2576 2290 2925 2344 immorando
2950 2289 3272 2360 producere,
3297 2290 3531 2344 solertiae

1954 2382 2129 2454 Lysiae
2174 2389 2261 2436 est
2315 2397 2331 2434 :
2379 2390 2439 2435 ut
2486 2388 2540 2435 et
2594 2380 2843 2434 soliditas
2894 2381 3243 2447 orationum;
3296 2380 3530 2449 denique

1952 2492 2206 2548 magnam
2239 2476 2508 2531 brevitate
2541 2476 2875 2544 voluptatem
2910 2474 3104 2529 afferre
3140 2474 3218 2545 (in
3250 2490 3359 2545 quo
3405 2485 3527 2543 post

1953 2570 2374 2625 Demosthenem
2434 2569 2585 2623 solus
2618 2568 2760 2620 inter
2796 2576 3024 2620 caeteros
3051 2576 3304 2621 oratores
3352 2565 3530 2619 excel-

1953 2664 2124 2720 luisse
2150 2664 2389 2733 videtur)
2425 2671 2478 2716 et
2510 2660 2866 2731 pulchritudo
2893 2659 3300 2728 descriptionis,
3327 2675 3435 2728 quo
3473 2658 3527 2713 in

1951 2766 2145 2822 genere
2195 2766 2374 2819 neque
2422 2748 2658 2814 Platoni,
2695 2764 2797 2804 nec
2842 2748 3133 2811 ZEschini,
3176 2764 3279 2803 nec
3334 2748 3528 2802 Demo-

1952 2845 2133 2901 SIheni
2180 2845 2343 2899 cedit.
2394 2844 2684 2914 Proprium
2716 2853 2898 2897 autem
2930 2842 3104 2914 Lysiae
3137 2852 3222 2897 est
3260 2843 3525 2897 antitheta

1951 2935 2218 3006 proferre,
2255 2951 2376 3006 quae
2410 2951 2517 2989 non
2571 2935 2867 2990 ostendant
2909 2937 3215 3007 captiosum
3248 2936 3399 3007 quid,
3431 2937 3526 2991 sed

1953 3041 1983 3079 a
2011 3026 2174 3081 rebus
2202 3026 2366 3080 ducta
2395 3026 2796 3080 demonstrent.
2830 3024 3056 3097 Signum
3083 3026 3336 3098 Lysiame
3364 3027 3529 3083 facul—

1952 3117 2081 3171 tatis
2119 3127 2223 3183 est,
2256 3126 2312 3171 et
2348 3118 2402 3170 in
2435 3117 2584 3170 omni
2623 3118 2848 3187 periodo
2889 3118 3261 3174 membrorum
3299 3121 3521 3173 concin-

1954 3210 2117 3273 nitas,
2179 3219 2232 3263 et
2281 3225 2405 3264 cum
2470 3210 2709 3280 puritate
2756 3209 3033 3265 ﬂoridum.
3086 3208 3287 3265 Paulus
3340 3210 3525 3283 Mysus

1954 3303 2259 3356 orationem
2288 3301 2534 3355 eamdem
2568 3304 2701 3373 περὶ
2735 3300 2829 3354 τοῦ
2871 3301 3042 3371 σηκοῦ
3074 3318 3199 3356 cum
3230 3303 3375 3358 dicta
3418 3319 3526 3357 non

1960 3393 2303 3461 intelligeret,
2339 3407 2367 3444 a
2405 3392 2659 3461 genuinis
2716 3390 2894 3461 Lysiae
2946 3391 3292 3446 orationibus
3345 3401 3527 3445 exter-

1953 3486 2146 3548 minat,
2177 3493 2233 3538 et
2267 3484 2466 3537 multas
2519 3483 2891 3553 pulchrasque
2919 3483 3055 3537 alias
3098 3484 3372 3539 orationes
3404 3494 3526 3537 tan-

1949 3593 2111 3647 quam
2163 3577 2370 3631 alienas
2406 3576 2660 3644 rejiciens
2686 3616 2702 3642 ,
2736 3591 2987 3646 magnam
3022 3576 3309 3630 utilitatem
3352 3576 3528 3630 Immi-

1949 3671 2109 3725 nibus
2133 3670 2340 3738 eripuit
2367 3686 2381 3721 :
2414 3686 2528 3723 non
2556 3669 2798 3724 inventis
2821 3670 3058 3738 amplius
3092 3669 3177 3723 his
3209 3685 3333 3739 qua:
3363 3669 3431 3722 ab
3461 3684 3526 3723 eo

1948 3763 1999 3815 in
2022 3760 2497 3829 reprehensionem
2522 3759 2866 3815 ceciderunt.
2896 3758 3074 3813 Semel
3102 3759 3246 3812 enim
3274 3759 3525 3821 Seclusaz,

1952 3855 2208 3924 neglectae
2265 3860 2415 3916 sunt,
2473 3852 2621 3921 quod
2676 3850 2876 3923 5896
2938 3851 3286 3919 reprehensio
3335 3850 3529 3905 fortior

1949 3954 2112 4009 esset,
2154 3943 2619 4012 quemadmodum
2665 3941 2721 3995 in
2765 3942 2891 3996 aliis
2926 3942 3134 4007 multis,
3170 3944 3396 3997 veritate
3430 3945 3527 3998 de-

1947 4047 2107 4091 tecta.

266 4143 663 4211 ἀπεστέρησεν,
720 4141 818 4210 οὐχ
868 4137 1269 4210 εὑρισκομένων
1319 4134 1398 4187 έτι
1447 4132 1556 4185 τῶν
1590 4131 1695 4183 ὑπὸ
1728 4127 1979 4196 διαϐολὴν
2012 4126 2331 4178 πεσόντων·
2390 4122 2537 4186 ἆπαξ
2595 4123 2705 4191 γὰρ
2766 4123 3156 4194 ἀποκριθέντες
3232 4124 3525 4195 παρεωρά-

265 4242 457 4309 θησαν,
520 4236 983 4310 ἐπικρατεστέρας
1042 4234 1143 4303 τῆς
1194 4230 1469 4299 διαϐολῆς,
1504 4228 1691 4296 ῶσπερ
1741 4226 1834 4277 καί
1873 4224 1961 4276 ἐπ’
1996 4221 2171 4276 ἄλλων
2203 4221 2434 4287 πολλῶν,
2481 4221 2514 4290 ἢ
2545 4219 2644 4287 τῆς
2673 4219 2930 4290 ἀληθείας
2954 4220 3348 4290 γεγενημένης.

336 4334 498 4386 Ἐστι
521 4331 578 4384 δὲ
607 4332 637 4384 6
680 4329 886 4390 Λυσίας
912 4327 1083 4390 δεινὸς
1117 4325 1215 4395 μὲν
1257 4322 1621 4391 παθήνασθαι,
1654 4319 1843 4387 ἐπιτή-

2021 4317 2216 4369 Dexter
2266 4322 2448 4367 autem
2495 4322 2550 4367 et
2605 4327 2736 4366 acer
2784 4310 2888 4365 fuit
2922 4312 3111 4381 Lysias
3160 4312 3227 4365 ad
3273 4327 3525 4367 comma"

266 4428 401 4488 δειος
432 4425 493 4477 δὲ
526 4425 653 4485 τοὺς
674 4422 810 4493 πρὸς
840 4419 1071 4491 αὔξησιν
1101 4418 1361 4471 διαθεῖναι
1384 4416 1597 4482 λόγους.
1626 4411 1781 4472 Τινὲς
1800 4410 1845 4440 ⁸⁸

271 4521 365 4586 μὲν
425 4515 523 4569 οὖν
582 4514 694 4567 τῶν
728 4515 855 4584 περὶ
908 4513 1034 4575 τοὺς
1079 4509 1401 4581 ῥητορικοὺς
1467 4502 1847 4573 διατριϐόντων

269 4614 477 4682 λόγους,
521 4611 566 4643 ⁸⁸
599 4611 702 4663 οὐκ
750 4607 923 4679 ὀρθῶς
972 4605 1017 4636 ⁹⁰
1055 4602 1378 4673 ὑπήχθησαν
1430 4598 1603 4649 εἰπεῖν
1636 4596 1677 4627 ⁹¹
1718 4594 1848 4663 περὶ

265 4706 467 4760 Λυσίου
498 4701 574 4766 ὡς
632 4700 911 4763 ἀποδεῖξαι
948 4697 1048 4768 μὲν
1077 4696 1147 4749 τὰ
1174 4693 1497 4763 ἐγκλήματα
1532 4687 1663 4756 παρ’
1698 4688 1846 4739 ὁντι-

270 4798 427 4851 ναοῦν
476 4795 591 4848 τῶν
640 4792 885 4844 παλαιῶν
918 4789 1125 4861 ἀνδρῶν
1163 4787 1225 4839 τὸ
1251 4783 1687 4855 προκεκριμένον
1712 4781 1844 4851 ἔχει,

270 4891 499 4959 αὐξῆσαι
517 4887 577 4939 δὲ
603 4885 775 4938 ταῦτα
802 4882 1012 4935 πολλῶν
1031 4879 1237 4949 ἐνδεής.
1264 4877 1373 4930 Καὶ
1397 4877 1505 4945 γὰρ
1532 4875 1845 4943 ἐλέγχονται

273 4980 522 5049 φανερῶς
563 4977 671 5029 ὑπὸ
697 4976 804 5027 τῶν
823 4973 987 5027 αὐτοῦ
1017 4974 1189 5040 λόγων
1221 4970 1356 5025 πολὺ
1382 4968 1482 5037 τῆς
1508 4967 1594 5019 ἐπ’
1618 4964 1767 5034 αὐτῷ
1794 4964 1839 4994 θ’

273 5072 724 5140 διασφαλλόμενοι
760 5066 1013 5136 κρίσεως.
1044 5066 1160 5118 Καὶ
1195 5061 1427 5132 μάλιστά
1455 5077 1517 5128 γε
1562 5056 1785 5118 τούτους
1819 5058 1847 5108 ὁ

278 5168 407 5219 κατά
430 5160 891 5235 Μνησιπτολέμου
921 5158 1189 5226 διελέγχει
1218 5173 1233 5188 ³
1262 5153 1587 5223 θαυμαστῶς
1616 5152 1723 5222 γὰρ
1746 5152 1844 5220 τὴν

278 5255 609 5326 κατηγορίαν
636 5253 683 5286 ⁸³
716 5251 853 5321 πρὸς
878 5237 1105 5319 μέγεθος
1135 5240 1285 5309 οὗτος
1301 5242 1530 5315 ηὔξησε.
1561 5242 1843 5304 Καικίλιος

279 5347 328 5401 δὲ
355 5347 664 5419 ἁμαρτάνει
710 5341 991 5414 εὑρετικδν
1016 5340 1119 5411 μὲν
1154 5337 1246 5390 τὸν
1276 5337 1467 5406 ἄνδρα,
1497 5336 1654 5405 εἴπερ
1684 5334 1842 5389 ἄλλον

1945 4408 2150 4461 vendos
2180 4404 2432 4467 affectus,
2484 4414 2540 4459 et
2572 4405 2845 4459 orationis
2874 4403 3277 4473 ampliﬁcanda:
3309 4408 3528 4476 egregie

1943 4499 2178 4568 peritus.
2204 4493 2467 4549 Nonnulli
2498 4495 2665 4564 igitur
2688 4494 2937 4547 rhetores
2961 4510 3067 4546 non
3095 4504 3240 4549 recte
3267 4496 3333 4549 de
3363 4496 3525 4566 Lysia

1944 4590 2227 4653 dixerunt,
2253 4588 2544 4643 ostendere
2574 4587 2809 4641 crimina
2844 4601 2955 4655 prae
2986 4589 3222 4652 caneris,
3258 4591 3351 4659 qui
3383 4601 3530 4645 ante-

1945 4688 2256 4745 cesserunt,
2292 4695 2474 4749 posse,
2515 4679 2919 4749 ampliﬁcandis
2962 4697 3093 4736 vero
3122 4681 3187 4735 iis
3216 4683 3393 4736 multo
3442 4684 3527 4735 in-

1946 4772 2205 4827 feriorem
2272 4788 2414 4828 esse.
2476 4771 2689 4826 Etenim
2764 4781 2948 4842 aperte
3021 4772 3343 4827 refelluntur
3409 4774 3527 4843 ejus

1943 4865 2314 4933 orationibus,
2364 4864 2565 4934 quibus
2606 4863 2879 4933 judicium
2932 4880 3121 4920 eorum
3173 4865 3369 4921 falsum
3406 4883 3529 4922 esse

1943 4962 2312 5025 convincitur,
2342 4971 2398 5014 et
2428 4962 2665 5015 maxime
2690 4962 2937 5016 oratione
2977 4971 3171 5017 contra
3229 4961 3530 5031 Mnesipto-

1942 5054 2149 5108 lemon.
2172 5054 2368 5107 Mirum
2400 5054 2547 5122 enim
2579 5054 2631 5107 in
2664 5054 2888 5109 modum
2908 5054 3316 5109 accusationem
3343 5062 3523 5122 auget.

1942 5145 2104 5199 Errat
2133 5155 2185 5200 et
2222 5114 2627 5216 Caeciliusfqui
2660 5161 2786 5201 cum
2822 5148 2968 5201 hunc
2998 5148 3136 5200 inter
3166 5147 3303 5199 alios
3336 5146 3529 5198 iuven-

1941 5239 2093 5292 tione
2144 5246 2405 5307 prmstare
2454 5248 2692 5301 asserat,
2725 5238 2946 5294 inventa
2996 5249 3173 5293 tamen
3230 5238 3525 5303 disponere

1943 5329 2169 5400 perinde
2192 5344 2353 5398 posse
2374 5338 2552 5398 negat,
2576 5329 2703 5386 licet
2738 5330 2843 5385 hac
2866 5331 3083 5385 virtutis
3117 5327 3333 5383 dicendi
3365 5337 3521 5396 parte

1598 5494 1832 5549 vanus
1880 5456 2287 5549 LECTthES.

340 5651 384 5681 ⁸³
406 5668 458 5702 τι
498 5648 538 5701 Β
566 5658 620 5702 et
672 5660 817 5699 corr.
849 5642 894 5695 Α
949 5660 961 5695 :

282 5719 320 5752 ⁸³
344 5723 483 5782 τινὲς
508 5735 620 5773 om.
640 5717 699 5769 Β.

1011 5644 1106 5713 τὴν
1154 5660 1214 5705 ς,
1291 5641 1335 5670 ⁸⁵
1366 5638 1484 5699 ὅλος
1510 5637 1635 5713 ENJII.
1665 5638 1726 5691 Α.
1804 5639 1849 5670 ⁸⁵
1882 5639 1910 5689 ὁ
1940 5638 2070 5705 παρ’
2102 5635 2262 5698 ἐνίοις
2293 5653 2353 5699 ς·

795 5713 841 5745 ⁸⁹
875 5708 1076 5779 λόγους
1094 5729 1202 5766 om.
1228 5711 1288 5764 Β.
1362 5712 1407 5780 "7°
1440 5708 1841 5780 ﬁpOGJiORﬁXO.
1879 5709 1938 5763 Β,
2015 5709 2055 5739 ⁹¹
2094 5708 2267 5780 είπεῖν
2289 5708 2415 5776 περὶ
2436 5708 2797 5780 Λυσίου]αιτερλ⁹
2826 5708 3022 5762 Λυσίου
3056 5709 3231 5763 εἰπεῖν
3255 5708 3363 5763 τῶν
3389 5709 3519 5780 περὶ

2450 5638 2497 5669 ⁸⁸
2523 5640 2618 5692 καὶ
2645 5638 2769 5692 add.
2805 5636 2871 5691 A.
2964 5637 3010 5669 ⁸⁷
3040 5635 3133 5690 καὶ
3165 5636 3270 5706 μὴν
3291 5637 3416 5691 add.
3447 5638 3516 5693 Λ.

282 5792 366 5843 τώ
389 5776 743 5863 “ﬂat-opum);
787 5802 929 5845 τινες
947 5776 1333 5851 ’διατριϐόντων
1378 5779 1570 5847 λόγους
1604 5776 1661 5829 Β·
1739 5776 1787 5811 θ’
1820 5780 1950 5833 αὐτὸ
1983 5794 2042 5840 ς·
2119 5778 2165 5809 ’³
2199 5780 2572 5849 προσηγορίαν
2602 5776 2668 5833 Av-

562 5882 837 5940 PA'I‘ROL.
872 5880 987 5938 Gn.
1012 5877 1169 5937 CIV.

3018 5875 3061 5943 ϐ
