3966 6240
419 340 517 406 171

1574 332 1837 394 ΡΗΟΤΙΙ
1874 327 2381 391 ΡΑΤΒΙΛΒΟΗΑΞ
2410 327 2516 387 CP.

3576 314 3684 380 1'12

416 454 625 510 nemini
658 451 851 507 cedere
894 449 1161 505 videatur.
1204 444 1348 501 Vidit
1393 443 1822 501 Demosthenem
1860 444 1994 499 ado-

2111 440 2240 505 εινά,
2270 436 2648 510 συνομολογῶν
2670 478 2686 501 ,
2720 434 3073 506 οἰκονομῆσαι
3092 434 3150 488 δὲ
3181 432 3252 486 τὰ
3272 426 3566 502 εὑρεθέντα
3585 425 3688 500 οὺχ

420 543 722 597 lcscentem
780 539 997 607 Lysias,
1058 545 1381 607 patremque
1444 535 1640 589 habuit
1694 534 1997 605 Cephalum

420 636 712 707 Lysaniam
747 632 972 703 Cephali
1015 631 1207 686 lilium.
1265 629 1314 687 Is
1361 630 1585 685 natione
1620 628 1999 700 Syracusanus

418 730 541 784 fuit.
589 729 831 782 Athenas
877 739 1001 779 cum
1054 725 1371 795 migrasset,
1409 724 1609 794 partim
1649 723 1805 778 urbis
1852 722 1999 776 desi-

418 824 573 877 derio
603 829 817 889 captus,
855 817 1053 888 partim
1083 816 1310 872 Periclis
1338 816 1637 885 Xanthippi
1691 815 1785 870 ﬁlii
1854 814 2001 869 fama

419 915 712 977 excitatus,
749 912 822 966 ibi
854 910 1035 982 primo
1062 911 1286 981 quidem
1319 923 1445 963 cum
1473 907 1796 964 clarissimis
1827 907 1999 961 Athe-

420 1005 707 1061 niensibus
737 1002 1091 1058 erudiebatur
1121 1019 1136 1056 :
1171 1011 1465 1072 postquam
1500 1014 1631 1056 vero
1676 999 1872 1055 civitas
1904 1013 2000 1053 co-

418 1099 625 1155 loniam
662 1096 917 1169 Sybarim
955 1096 1130 1160 misit,
1160 1095 1298 1151 abiit
1332 1109 1443 1149 una
1486 1108 1612 1149 cum
1642 1091 1815 1148 fratre
1842 1090 2003 1147 Pole-

419 1192 649 1247 marcho
722 1200 853 1245 natu
916 1189 1184 1252 maximo,
1249 1196 1310 1242 ut
1369 1186 1703 1242 haereditatis
1765 1193 2004 1255 paternae

420 1285 701 1357 particeps
753 1284 927 1337 fieret.
984 1280 1123 1336 Cum
1175 1281 1287 1350 jam
1342 1280 1750 1351 quindecimum
1795 1294 2000 1338 annum

423 1386 629 1449 ageret,
665 1376 810 1446 apud
840 1374 1070 1441 Tisiam,
1099 1381 1155 1428 et
1183 1371 1393 1427 Niciam
1437 1371 1815 1444 Syracusanos
1842 1370 2004 1426 insti-

422 1475 619 1539 tuitur,
656 1488 892 1543 cumque
916 1474 1140 1527 domum
1189 1477 1588 1540 comparasset,
1630 1478 1795 1540 atque
1824 1468 2003 1523 hatre-

421 1568 645 1622 ditatem
685 1575 834 1621 esset
868 1572 1238 1629 consecutus,
1277 1563 1414 1618 vixit
1461 1562 1518 1617 in
1563 1576 1780 1618 summa
1826 1560 2003 1616 abun-

422 1659 611 1713 dantia
642 1671 820 1726 usque
849 1656 917 1710 ad
948 1654 1202 1710 Clearchi
1229 1664 1545 1725 praeturam,
1579 1651 1826 1723 sequenti
1859 1665 2005 1706 anno

424 1759 742 1813 accusatus,
779 1749 925 1819 quod
974 1757 1163 1819 partes
1205 1746 1624 1802 Atheniensium
1657 1752 2002 1813 sequeretur,

425 1859 550 1899 cum
583 1842 708 1897 aliis
738 1842 915 1896 tribus
971 1850 1055 1895 est
1082 1839 1261 1910 patria
1291 1837 1571 1909 expulsus.
1608 1835 1852 1891 Athenas
1872 1848 2004 1887 vero

424 1949 550 1991 cum
586 1933 851 1997 venisset,
889 1947 1014 1986 cum
1046 1931 1161 2002 jam
1207 1929 1591 2001 quadringenti
1635 1928 1737 1982 viri
1786 1940 2006 1995 rempu-

424 2025 627 2079 blicam
665 2023 718 2076 in
767 2036 926 2077 suam
972 2021 1233 2076 ditionem
1278 2018 1636 2090 redegissent,
1682 2017 1739 2072 in
1780 2031 1844 2071 ea
1875 2016 2003 2086 egit.

425 2116 565 2172 Cum
601 2130 735 2170 vero
767 2115 994 2185 triginta
1044 2113 1150 2169 viri
1197 2112 1596 2182 rempublicam
1645 2110 2005 2179 recepissent,

423 2208 629 2264 mansit
652 2222 830 2262 annos
860 2215 1068 2277 septem
1107 2222 1121 2260 :
1164 2205 1412 2275 privatus
1445 2218 1580 2259 vero
1624 2202 2003 2265 facultatibus,

423 2317 490 2357 ac
515 2301 683 2356 fratre
711 2299 1068 2355 Polemarcho
1112 2298 1342 2363 amisso,
1384 2298 1503 2368 ipse
1546 2311 1690 2369 aegre
1735 2294 2005 2365 effugiens

423 2394 803 2450 imminentem
854 2391 1177 2458 interitum,
1224 2392 1335 2460 egit
1375 2389 1630 2461 Megaris.
1684 2386 2005 2443 Tribulibus

422 2501 554 2541 vero
584 2486 732 2542 illius
763 2483 998 2539 reditum
1030 2484 1372 2554 urgentibus,
1402 2482 1732 2538 utilissimus
1758 2479 2005 2536 omnium

423 2576 551 2639 fuit,
590 2578 716 2631 data
757 2576 905 2631 mille
948 2576 1336 2630 drachmarum
1392 2574 1647 2646 pecunia,
1693 2581 1748 2627 et
1801 2570 2006 2643 clypeis

424 2671 698 2735 ducentis,
752 2670 1071 2739 missustwe
1121 2684 1249 2724 cum
1306 2667 1580 2723 Ilermone
1644 2664 2006 2721 subsidiarios

427 2763 631 2819 milites
680 2763 937 2817 mercede
977 2760 1243 2816 conduxit
1274 2768 1545 2814 trecentos
1574 2765 1631 2812 et
1668 2756 1834 2823 duos,
1880 2770 2008 2826 per-

424 2854 712 2925 euasitque
767 2852 1110 2924 Thrasybulo
1165 2851 1368 2906 Eliensi
1420 2850 1620 2923 49οα
1665 2848 1886 2919 hospiti,
1949 2856 2009 2902 ut

425 2948 537 3002 duo
568 2947 775 3001 talenta
813 2944 989 3000 daret.
1044 2944 1141 3000 His
1172 2944 1239 2997 de
1280 2944 1468 2998 causis
1523 2958 1649 2997 cum
1692 2942 2008 3009 scripsisset

426 3037 918 3110 Thrasybulusjus
948 3036 1185 3092 civitatis
1220 3036 1295 3090 illi
1328 3044 1450 3104 post
1479 3035 1716 3090 reditum
1761 3033 2005 3088 dandum

424 3147 568 3196 esse,
620 3130 859 3200 pepulus
913 3127 1267 3183 Atheniensis
1312 3128 1515 3182 donum
1564 3136 1744 3181 ratum
1791 3126 2077 3224 habuit.C

424 3225 701 3280 Arcliinus
754 3237 887 3278 vero
948 3237 1073 3277 cum
1122 3220 1371 3276 accusat
1410 3221 1738 3275 violatarum
1798 3219 2003 3290 legum,

424 3317 572 3387 quod
602 3315 848 3370 nondum
891 3312 1039 3369 facto
1084 3311 1588 3376 senatusconsulto,
1612 3310 1817 3366 donum
1851 3323 2007 3363 acce—

428 3409 620 3476 pisset.
678 3407 985 3476 Postquam
1026 3418 1158 3458 vero
1194 3403 1476 3457 decretum
1527 3401 1849 3471 abrogatum
1900 3408 2004 3461 est,

422 3500 550 3569 jure
599 3498 863 3562 civitatis,
912 3504 969 3550 et
1017 3493 1290 3564 reliquum
1326 3502 1540 3563 tempus
1584 3490 1810 3561 perinde
1852 3504 1917 3544 ac
1963 3490 2007 3543 si

423 3591 564 3645 civis
587 3588 803 3654 fuisset,
832 3586 1122 3656 transegit,
1147 3584 1394 3654 obiitque
1417 3581 1622 3638 ibidem
1649 3595 1822 3637 annos
1846 3590 2010 3637 natus

429 3693 539 3738 tres
562 3690 616 3738 et
648 3679 953 3750 octoginta,
984 3676 1079 3733 alii
1110 3684 1317 3747 septem
1342 3675 1691 3731 subtrahunt.

1066 3948 1341 4005 CCLXIII.

1022 4042 1152 4099 1δωί
1186 4044 1475 4098 orationes.

500 4140 759 4211 Legimus
777 4137 962 4196 varias
985 4139 1267 4194 orationes
1284 4136 1401 4194 Isaei
1429 4156 1443 4194 :
1468 4152 1703 4209 quarum
1727 4154 2011 4203 numerus.

435 4242 493 4286 ut
526 4230 696 4286 semel
732 4231 937 4295 dicam,
993 4227 1282 4298 sexaginta
1312 4235 1554 4297 quatuor
1581 4244 1595 4281 :
1627 4241 1861 4296 quarum
1892 4240 2014 4297 ger-

430 4341 611 4381 manm
648 4326 828 4381 solum
870 4323 1295 4394 quinquaginta.
1346 4320 1567 4394 Lysiam
1616 4330 1801 4377 autem
1840 4324 2014 4393 potis-

433 4419 635 4474 simum
666 4417 916 4471 imitatus
943 4425 1049 4475 est.
1079 4414 1245 4484 cujus
1276 4424 1331 4468 et
1361 4411 1665 4483 discipulus
1712 4411 1834 4467 fuit.
1883 4411 2014 4466 lmi-

2101 531 2275 597 οὕτως
2319 531 2504 586 ἱκανόν
2536 549 2550 562 ·
2584 532 2681 584 καὶ
2734 531 2845 602 γὰρ
2886 529 2990 582 κάν
3042 526 3219 597 τούτῳ
3256 524 3337 595 τῷ
3377 523 3533 595 μέρει
3585 522 3690 591 τῆς

2101 627 2306 698 ἀρετῆς
2337 625 2432 679 τοῦ
2461 624 2620 694 λόγου
2646 622 2857 686 οὐδενὸς
2886 623 3081 692 ὁρᾶται
3110 618 3464 689 φαυλότερος.
3492 610 3693 668 Εἷδεδὲ

2102 719 2458 790 Δημοσθένην
2498 717 2783 789 μειράκιον
2816 716 2864 749 ⁸⁵
2909 714 3059 769 ὅντα.
3116 712 3254 775 Παῖς
3302 710 3361 763 δὲ
3402 706 3630 777 γέγονεν
3663 707 3695 759 6

2102 810 2307 873 Λυσίας
2336 808 2589 877 Κεφάλου
2617 806 2712 861 τοῦ
2755 804 3026 862 Λυσανίου
3057 801 3151 857 τοῦ
3193 800 3482 870 Κεφάλου,
3530 797 3695 866 γένος

2106 902 2204 972 μὲν
2216 900 2602 971 Συρακούσιος,
2635 897 2976 970 μετανάστης
2995 896 3053 949 δὲ
3072 892 3310 962 γεγονὼς
3340 892 3420 954 είς
3456 888 3696 958 Ἀθήνας

2103 993 2256 1065 πόθῳ
2274 1010 2336 1046 τε
2368 992 2466 1062 τῆς
2499 990 2708 1055 πόλεως
2752 990 2849 1044 καὶ
2879 990 2979 1059 τῆς
3008 983 3343 1058 Περικλέους
3395 981 3493 1035 τοῦ

2103 1088 2304 1140 θίππου
2360 1086 2572 1156 φήμης,
2625 1076 2747 1155 ἐνῇ
2789 1083 2859 1136 τὰ
2905 1080 3004 1151 μὲν
3039 1078 3236 1150 πρῶτα
3268 1072 3695 1130 συνεπαιδεύετο

2103 1182 2218 1243 τοῖς
2249 1178 2704 1249 ἐπιφανεστάτοις
2732 1174 2842 1229 τῶν
2877 1172 3200 1243 Ἀθηναίων,
3231 1168 3460 1241 ὕστερον
3482 1167 3541 1221 δὲ
3590 1165 3695 1236 τὴν

2104 1272 2183 1334 εἰς
2199 1269 2436 1339 Σύϐαριν
2452 1267 2710 1323 ἀποικίαν
2727 1263 3055 1332 στελλούσης
3070 1261 3173 1332 τῆς
3184 1259 3393 1322 πόλεως
3414 1256 3579 1330 [1464
3594 1254 3695 1326 IL]

2104 1359 2275 1431 ᾤχετο
2302 1358 2396 1411 καὶ
2445 1357 2611 1419 αὐτὸς
2652 1356 2750 1409 σὺν
2776 1352 2856 1425 τῷ
2882 1349 3249 1424 πρεσϐυτάτῳ
3287 1344 3396 1400 τῶν
3441 1342 3697 1413 ἀδελφῶν

2104 1449 2463 1521 Πολεμάρχῳ,
2505 1448 2589 1517 ἐφ’
2616 1440 2661 1515 ᾧ
2688 1445 2780 1499 τοῦ
2818 1441 3075 1516 πατρῴου
3102 1439 3393 1510 μετασχεῖν
3441 1435 3653 1507 κλήρου
3675 1448 3694 1465 ο

2105 1540 2224 1604 ἔτος
2250 1540 2308 1593 δὲ
2336 1536 2719 1602 έξκαιδέκατον
2735 1536 2782 1567 ⁸⁵
2826 1527 2951 1603 ἦγε.
2996 1530 3112 1583 Καὶ
3156 1527 3426 1597 διέτριϐεν
3472 1521 3695 1594 ἀκροῶ-

2109 1647 2267 1700 μενος
2297 1628 2486 1682 Τισίου
2521 1642 2580 1678 τε
2615 1624 2711 1679 καὶ
2747 1622 2920 1677 Νικία
2951 1619 3059 1675 τῶν
3090 1617 3475 1691 Συρακουσίων
3500 1616 3570 1670 ⁸⁵.
3602 1615 3690 1669 Oi-

2107 1719 2232 1773 κίαν
2257 1719 2313 1772 δὲ
2341 1715 2900 1785 κατασκευασάμενος
2930 1712 3025 1767 καὶ
3059 1711 3265 1782 κλήρου
3297 1706 3478 1779 τυχὼν
3511 1707 3699 1761 ἐπολι-

3551 979 3696 1034 Ξαν-

2039 1803 2081 1857 Β
2108 1810 2297 1865 τεύετο
2326 1809 2435 1862 τῶν
2468 1806 2678 1860 πολλῶν
2721 1804 2851 1877 [798
2899 1801 2997 1875 Η.]
3044 1802 3145 1858 οὐκ
3197 1799 3541 1868 ἐνδεέστερον
3588 1798 3697 1861 ἕως

2110 1905 2394 1975 Κλεάρχου
2450 1901 2544 1956 τοῦ
2605 1900 2899 1971 ’Λθήνῃσιν
2958 1898 3220 1969 ἄρχοντος
3251 1909 3268 1926 ο
3322 1892 3402 1964 τῷ
3448 1892 3509 1946 δὲ
3562 1891 3695 1961 ἑξῆς

2109 1996 2343 2067 ἐνιαυτῷ
2395 1993 2695 2058 ἀττικίζειν
2754 1989 3024 2055 αἰτιαθεὶς
3079 1989 3199 2060 μεθ’
3253 1986 3458 2057 ἐτέρων
3519 1984 3697 2056 τριῶν

2111 2090 2338 2156 ἐξέπεσε
2366 2089 2465 2158 τῆς
2495 2085 2772 2158 πατρίδος.
2803 2084 3063 2158 Ἀθήνῃσι
3091 2083 3150 2136 δὲ
3168 2077 3564 2152 παραγεγονὼς
3584 2076 3698 2130 τῶν

2108 2182 2156 2237 λ’
2183 2182 2283 2253 τὴν
2312 2180 2465 2235 πόλιν
2502 2179 2736 2250 ἐχόντων
2772 2177 3044 2247 διέμεινεν
3078 2175 3124 2209 ⁹¹
3156 2173 3344 2228 αὐτόθι
3368 2186 3383 2202 ⁸
3431 2170 3542 2225 τῶν
3572 2168 3697 2223 λ’δέ

2111 2274 2213 2346 τὴν
2243 2273 2396 2328 πόλιν
2447 2269 2978 2340 ἀντικατασχόντων,
3017 2266 3063 2332 ζ’
3124 2267 3221 2338 μὲν
3252 2265 3348 2335 ἐτη
3396 2263 3694 2333 διέμεινεν,

2114 2365 2462 2437 Ἀφαιρεθεὶς
2514 2365 2573 2418 δὲ
2598 2363 2699 2435 τήν
2744 2361 2933 2415 οὐσίαν
2962 2361 3057 2416 καὶ
3109 2359 3200 2414 τὸν
3228 2357 3455 2427 ἀδελφὺν
3484 2356 3700 2426 Πολέμ-

2112 2474 2287 2529 αρχον
2328 2456 2639 2523 ἀποϐαλὼν,
2696 2455 2859 2517 αὐτὸς
2899 2453 3055 2525 μόλις
3084 2450 3307 2523 διαδρὰς
3339 2452 3435 2504 τὸν
3465 2451 3699 2519 ἐπικρε-

2115 2550 2356 2619 μάμενον
2402 2548 2644 2618 ϐλεθρον,
2691 2547 2879 2617 διῆγεν
2917 2548 2989 2600 ’ἐν
3032 2544 3332 2614 Μεγάροις.
3363 2542 3487 2595 Τῶν
3510 2541 3556 2594 δ’
3576 2541 3699 2615 ,ἀπὸ

2111 2642 2292 2712 Φυλῆς
2337 2642 2675 2712 ἐπιθεμένων
2721 2643 2787 2710 τῇ
2822 2638 3034 2710 καθόδῳ
3070 2636 3492 2709 χρησιμώτατος
3521 2635 3702 2689 ἀπάνε-

2111 2753 2221 2791 των
2238 2735 2430 2805 γέγονε
2490 2737 2556 2805 τῇ
2616 2732 2814 2804 πράξει
2840 2748 2854 2763 ο
2920 2730 3179 2801 χρήματά
3227 2745 3287 2781 τε
3358 2727 3468 2797 γάρ
3530 2726 3701 2790 αὐτὸς

2113 2825 2581 2899 παρέχεδραχμὰς
2593 2825 2639 2857 9⁸
2659 2821 2923 2894 δισχιλίας
2939 2821 3033 2875 καὶ
3048 2819 3279 2881 ἀσπίδας
3302 2816 3378 2882 ς’,
3403 2817 3617 2881 σταλεὶς
3637 2816 3701 2869 δὲ

2116 2921 2213 2974 σὺν
2262 2921 2493 2990 Ἐρμονι
2545 2917 2872 2985 ἐπικούρους
2929 2930 2990 2967 τε
3074 2911 3419 2979 ἐμισθώσατο
3463 2916 3531 2973 τ’,
3600 2910 3703 2962 καὶ

2113 3011 2451 3081 Θρασύδαιον
2497 3010 2588 3063 τὸν
2632 3008 2840 3062 Ἠλεῖον
2868 3006 3055 3060 ἔπεισε
3109 3004 3263 3070 ξένον
3294 3003 3425 3056 ὄντα
3462 3001 3611 3073 αὐτῷ
3651 3004 3699 3071 β’

2113 3102 2354 3157 τάλαντα
2387 3102 2713 3174 παρασχεῖν.
2756 3099 2872 3167 Ἐφ’
2909 3091 2990 3161 οἷς
3021 3096 3227 3167 γράφει
3267 3095 3365 3166 μὲν
3414 3094 3551 3163 μετὰ
3597 3093 3703 3162 τὴν

2111 3197 2337 3252 κάθοδον
2381 3198 2411 3249 6
2452 3193 2833 3265 Θρασύϐουλος
2862 3191 3136 3244 πολιτείαν
3174 3190 3344 3259 αύτῷ,
3368 3190 3398 3241 ό
3425 3188 3485 3241 δὲ
3527 3187 3703 3257 δῆμος

2108 3288 2358 3360 ἐκύρωσε
2402 3285 2500 3359 τὴν
2536 3285 2768 3357 δωρεάν.
2805 3284 3051 3354 ’Δρχῖνος
3070 3281 3148 3345 δὲ,
3177 3280 3269 3334 διὰ
3317 3280 3377 3333 τὸ
3424 3278 3703 3349 ἀπροϐού-

2108 3378 2296 3433 λευτον
2329 3377 2650 3446 εἰσαχθῆναι
2693 3374 2755 3427 τὸ
2781 3373 3062 3445 ψήφισμα,
3100 3371 3374 3441 γράφεται
3427 3368 3700 3441 [γραφὴν]

2110 3471 2449 3544 παρανόμων
2491 3471 2592 3540 τὴν
2633 3468 2841 3538 δωρεάν
2868 3483 2884 3500 ο
2933 3466 3029 3520 καὶ
3068 3466 3192 3518 ἐπεὶ
3236 3463 3593 3533 κατεγνώσθη
3638 3464 3704 3515 τὸ

2110 3565 2388 3635 ψήφισμα,
2420 3562 2519 3632 τῆς
2554 3561 2655 3632 μὲν
2689 3559 2973 3621 πολιτείας
3010 3559 3039 3612 ό
3069 3556 3276 3621 Λυσίας
3309 3554 3701 3621 ἀπελαύνεται,

2112 3659 2208 3712 τὸν
2235 3655 2423 3710 λοιπὸν
2449 3654 2509 3708 δὲ
2554 3655 2749 3724 χρόνον
2789 3650 3031 3705 κατεϐίω
3062 3649 3306 3719 ἰσοτελὴς
3328 3647 3425 3701 ῶν.
3464 3647 3577 3701 Καὶ
3608 3665 3703 3700 τε-

2114 3747 2284 3818 λευτᾷ
2316 3743 2527 3809 αὐτόθι,
2574 3749 2625 3812 γ’
2658 3742 2754 3797 κα)⁸
2781 3740 2838 3794 π’
2890 3740 2989 3810 ἐτη
3016 3736 3257 3808 γεγονώς
3282 3753 3297 3770 ·
3353 3740 3404 3791 οἱ
3446 3737 3504 3791 δὲ
3533 3737 3701 3807 ἀφαι-

2116 3839 2300 3913 ροῦσιν
2332 3836 2498 3893 αύτοῦ
2524 3834 2590 3901 ζ’.

2818 3943 2978 4000 ΣΞΓ.

2681 4042 2910 4097 Ἰσαίου
2947 4038 3136 4108 λόγοι.

2198 4139 2649 4212 Ἀνεγνώσθησαν
2674 4135 2721 4168 ¹⁹⁹
2751 4132 2946 4187 Ἰσαίου
2977 4130 3225 4200 διάφοροι
3261 4127 3431 4196 λόγοι.
3456 4120 3619 4182 Οὗτοι
3642 4126 3699 4180 δὲ

2116 4236 2302 4298 ἁπλῶς
2326 4235 2502 4287 εἰπεῖν
2555 4231 2637 4295 είς
2680 4227 2723 4281 δ’
2754 4226 2849 4280 καὶ
2878 4224 2921 4291 ξ’
2952 4218 3442 4293 συναριθμοῦνται·
3492 4220 3701 4272 τούτων

2113 4327 2171 4381 δὲ
2202 4328 2252 4380 oi
2282 4324 2343 4378 τὸ
2391 4322 2617 4392 γνήσιον
2669 4313 3118 4388 μαρτυρηθέντες
3166 4316 3211 4365 ν’
3275 4308 3701 4363 καταλείπονται

2120 4421 2291 4491 μόνοι.
2323 4415 2523 4470 Λυσίου
2557 4412 2575 4442 ¹
2602 4409 2661 4463 δὲ
2685 4410 2877 4477 γέγονε
2918 4404 3184 4476 μιμητὴς,
3208 4393 3270 4455 ού
3298 4400 3394 4455 καὶ
3447 4398 3702 4470 μαθητὴς

430 4522 603 4566 latum
624 4524 756 4565 vero
777 4508 928 4563 illum
951 4506 1117 4563 fuisse
1134 4507 1316 4576 arguit
1340 4506 1623 4559 nominum
1642 4506 2005 4572 concinnitas,

2118 4509 2479 4582 ἐχρημάτισε.
2517 4501 2629 4574 Τὴν
2657 4500 2890 4572 μίμησιν
2908 4498 2965 4551 δὲ
2987 4494 3138 4565 αὐτῷ
3171 4493 3477 4564 προσάπτει
3510 4491 3623 4545 τῶν
3641 4507 3703 4544 τε

425 4613 482 4657 et
507 4616 693 4657 rerum
724 4599 987 4670 gravitas.
1016 4598 1109 4652 Sic
1136 4597 1281 4652 enim
1314 4596 1593 4651 orationes
1616 4596 1764 4653 illius
1786 4595 2004 4665 Lysiam

426 4695 736 4758 imitantur,
771 4700 833 4747 ut
868 4689 976 4745 nisi
1008 4689 1133 4760 quis
1164 4687 1455 4758 diligenter
1488 4687 1754 4756 attendat,
1795 4688 2005 4744 utrius-

426 4798 538 4854 que
569 4781 694 4854 styli
731 4777 1096 4835 dilIerentiam
1127 4775 1220 4831 vix
1267 4776 1577 4846 dignoscat,
1630 4775 1913 4831 schemata
1958 4774 2005 4830 si

422 4875 694 4945 excipias.
728 4871 944 4928 Etenim
972 4871 1185 4940 primus
1210 4868 1377 4923 Isaaus
1406 4868 1688 4924 schemata
1729 4868 2003 4933 adhibuit,

422 4979 478 5026 et
497 4969 740 5023 animum
759 4965 825 5021 ad
855 4963 1071 5019 civilem
1090 4971 1263 5017 artem
1287 4961 1580 5028 convertit,
1604 4962 1751 5032 quod
1769 4961 2010 5016 maxime

423 5059 843 5124 Demosthenes,
876 5056 1025 5111 illius
1048 5054 1380 5124 discipulus,
1403 5053 1651 5109 imitatus
1675 5063 1779 5108 est.
1798 5052 2008 5109 Genere

420 5162 543 5207 erat
569 5147 966 5207 Chalcidensis.
996 5145 1238 5201 Athenas
1259 5159 1391 5201 vero
1422 5145 1625 5200 missus
1660 5144 1836 5215 Lysiae
1867 5159 2007 5215 prae-

422 5245 653 5314 ceptori,
690 5250 750 5296 ut
796 5240 1059 5306 diximus,
1111 5252 1339 5308 operam
1383 5237 1555 5293 dedit.
1612 5234 1825 5291 Floruit
1874 5251 2005 5291 vero

424 5345 551 5407 post
578 5333 1109 5407 Peloponnesiacum
1137 5330 1437 5395 bellum,et
1465 5342 1642 5400 usque
1673 5331 1740 5383 ad
1772 5328 2007 5399 Philippi

425 5427 719 5499 imperium
753 5425 1023 5497 pervenit.
1067 5420 1169 5477 Hic
1201 5423 1394 5479 relicto
1441 5422 1570 5477 ludo
1617 5437 1761 5488 suo,
1809 5421 2006 5478 Demo-

2115 4603 2396 4671 ὀνομάτων
2416 4599 2449 4669 ή
2475 4594 2709 4667 ἁρμονία
2732 4592 2825 4645 καὶ
2844 4592 2878 4661 ἡ
2905 4591 2963 4644 ἐν
2995 4589 3107 4650 τοῖς
3127 4585 3415 4657 πράγμασι
3430 4582 3700 4652 δεινότης·

2114 4692 2256 4747 οὕτω
2283 4686 2574 4759 γάραύτοῦ
2593 4686 2643 4738 οἱ
2670 4683 2820 4751 λόγοι
2844 4680 2983 4749 πρὸς
3013 4678 3255 4740 ἐκείνους
3277 4676 3375 4746 τὴν
3405 4675 3705 4744 ὁμοιότητα

2114 4783 2370 4854 φέρουσιν
2401 4780 2498 4845 ὡς,
2528 4778 2578 4830 εί
2607 4778 2680 4847 μή
2710 4790 2794 4838 τις
2831 4771 3035 4842 πολλὴν
3060 4769 3241 4823 αὐτῶν
3269 4767 3559 4837 ποιήσαιτο
3604 4766 3704 4836 τὴν

2113 4853 2398 4942 διάσκεψιν
2436 4868 2533 4924 καὶ
2572 4864 2826 4939 μελέτην,
2865 4862 2966 4916 οὐκ
2994 4862 3062 4915 ἂν
3091 4858 3371 4930 ἑκατέρων
3401 4856 3581 4924 λόγων
3603 4853 3701 4907 τοῦ

2113 4960 2463 5035 χαρακτῆρος
2509 4956 2609 5027 τὴν
2651 4952 2914 5025 διαφορὰν
2964 4950 3209 5020 διαγνοίη
3231 4989 3247 5015 ,
3280 4946 3422 5017 πλὴν
3458 4946 3607 5000 κατά
3635 4961 3700 5011 γε

2111 5056 2239 5119 τοὺς
2272 5047 2706 5124 σχηματισμούς.
2737 5046 2847 5101 Καὶ
2870 5045 2979 5116 γὰρ
3003 5043 3221 5116 πρῶτος
3255 5043 3450 5104 Ἰσαῖος
3476 5056 3702 5111 σχημα-

2109 5147 2279 5211 τίζειν
2323 5143 2528 5217 ἤρξατο
2572 5141 2670 5195 καὶ
2711 5139 2939 5210 τρέπειν
3001 5138 3097 5191 ἐπὶ
3142 5137 3205 5191 τὸ
3269 5133 3552 5188 πολιτικὸν
3599 5133 3702 5202 τὴν

2108 5240 2369 5304 διάνοιαν,
2391 5235 2420 5289 ὃ
2446 5234 2678 5306 μάλιστα
2705 5232 2802 5286 καὶ
2825 5232 2899 5301 Δη
2910 5230 3196 5301 μοσθένης,
3234 5226 3485 5299 μαθητής
3532 5222 3700 5278 αὐτοῦ

2115 5328 2376 5400 γεγονὼς,
2408 5324 2739 5398 ἐμιμήσατο.
2779 5321 3083 5386 Χαλκιδεὺς
3106 5320 3164 5374 δὲ
3185 5320 3205 5351 ²
3230 5318 3422 5389 γέγονε
3448 5316 3510 5370 τὸ
3541 5316 3701 5385 γένος

2115 5425 2145 5477 6
2191 5421 2402 5488 Ἰσαῖος,
2452 5420 2533 5482 είς
2580 5416 2814 5487 Ἀθήνας
2853 5414 2911 5468 δὲ
2943 5411 3219 5485 μετελθὼν
3269 5410 3563 5481 ἐσχόλασεν
3601 5407 3700 5476 (ὡς

1712 5589 1953 5646 νΑιιιίΕ
1995 5588 2399 5648 LECTIONES.

497 5725 542 5755 ⁰δ
572 5725 859 5798 μειράκιον
890 5722 1238 5796 Δημοσθένην
1268 5739 1329 5786 ς.
1404 5723 1449 5755 9⁵
1478 5722 1862 5789 ὲξκαιδέκατον
1885 5725 1926 5780 A

458 5810 516 5848 εν
582 5802 650 5852 Δ.
756 5800 803 5831 ⁹³
839 5795 1091 5852 δραγμὰς
1126 5792 1388 5852 δισγιλίας
1428 5794 1670 5852 παρέσχε
1697 5812 1755 5852 ς.
1832 5799 1877 5830 ⁸⁸

425 5811 516 5851 νεν
582 5811 650 5853 Α.

1987 5745 2002 5781 :
2056 5727 2216 5779 πέντε
2244 5728 2336 5778 καὶ
2356 5723 2579 5778 δέκατον
2619 5737 2680 5784 ς.

756 5800 803 5831 ’³
839 5789 1101 5875 δραχμὰς
1126 5789 1388 5867 δισχιλίας
1428 5794 1670 5865 παρέσχε
1697 5812 1755 5860 ς.
1832 5799 1877 5830 99
1952 5797 2265 5877 ᾁνεγνώσθη
2325 5797 2389 5851 Α.
2471 5795 2486 5825 ¹
2528 5793 2703 5846 Λυσία
2730 5790 2797 5846 Α.
2874 5791 2894 5821 ³
2924 5789 2979 5843 δὲ
3011 5789 3135 5847 add.
3167 5791 3233 5845 Δ.

2770 5719 2817 5750 θ’
2852 5698 3327 5779 ΣυρακοσσίωνΛ.
3436 5713 3483 5747 θ’
3511 5708 3695 5779 διέμε-
