3966 6240
286 404 396 470 173
1151 399 1680 462 ΒῙ-ΒῙᾸΟΤΗΕΕΑ.
1714 422 1784 435 ·-
1811 395 1879 459 C(

1989 401 2028 459 ).
2061 398 2373 476 CCLXIII,
2409 398 2701 465 CCLXIV.
3471 400 3573 468 174

282 513 651 585 προείρηται)
675 512 884 584 Λυσίᾳ’
920 512 1138 583 ’ἤκμασε
1169 511 1227 564 δὲ
1271 511 1411 582 μετὰ
1452 509 1542 564 τὸν
1570 509 1879 580 Πελοποννη

1989 511 2232 568 sthenem
2265 512 2452 568 decem
2490 514 2721 569 millium
2762 515 3153 572 drac‘hmarum
3182 516 3363 590 pretio
3403 519 3569 575 insti—

284 607 483 661 σιακὸν
514 607 772 675 πόλεμον,
814 605 911 659 καὶ
944 604 1105 676 μέχρι
1149 604 1251 674 τῆς
1276 604 1557 657 ἱΦιλίππου
1596 604 1879 675 διήρκεσεν

1993 602 2118 668 tuit,
2150 600 2223 656 ob
2257 599 2420 671 idque
2443 602 2682 658 maxime
2708 605 2986 662 excelluit.
3012 607 3119 676 Ipsi
3170 607 3336 662 etiam
3368 607 3567 662 Demo-

283 700 492 771 ἀρχῆς.
542 698 812 761 ’Δποστὰς
835 698 857 730 ³
891 696 948 750 δὲ
971 714 1104 749 ποτε
1132 697 1232 767 τῆς
1267 694 1460 767 σχολῆς
1488 695 1582 748 ἐπὶ
1609 694 1879 767 δραχμαῖς

1991 693 2174 750 stbeni
2200 693 2269 749 de
2296 694 2577 751 tutoribus
2603 695 2890 765 scripsisse
2916 697 3098 753 ferunt
3120 703 3424 755 orationes.

286 794 516 865 μυρίαις
564 793 923 863 καθηγήσατο
960 788 1375 861 Δημοσθένους·
1405 788 1487 843 διὸ
1527 789 1621 843 καὶ
1677 788 1914 861 μάλιστα
1965 787 2191 859 γέγονεν
2231 787 2525 859 ἐπιφανής.
2570 788 2708 843 Φασὶ
2740 787 2799 841 δὲ
2830 789 2992 843 αὑτὸν
3033 792 3130 845 καὶ
3175 791 3302 846 τοὺς
3352 793 3572 864 ἐπιτρο-

283 888 494 952 πικοὺς
547 886 746 956 λόγους
795 884 1129 959 Δημοσθένει
1186 881 1466 951 συντάξαι.

993 995 1155 1052 ΣΞΔἏ

818 1091 1113 1160 Δίσχινοῦ
1143 1092 1335 1161 λόγοι.

376 1179 830 1252 Ἀνεγνώσθησαν
874 1182 897 1214 ⁴
918 1183 1173 1253 Αἰσχίνου
1218 1185 1387 1256 λόγοι,
1429 1178 1505 1241 ὧν
1531 1187 1592 1241 τὸ
1624 1184 1831 1257 πλῆθος
1860 1186 1879 1237 ί

2056 1176 2238 1233 Lectae
2286 1185 2418 1232 sunt
2461 1177 2744 1233 orationes
2787 1176 3119 1233 Alschinis:
3174 1194 3408 1250 quarum
3454 1188 3567 1237 tres

285 1277 444 1347 τρεῖς
502 1273 737 1345 ἀριθμὸς
775 1273 1103 1345 περιορίζει,
1134 1276 1230 1330 καὶ
1283 1278 1571 1333 ἐπιστολαὶ
1612 1277 1680 1335 θ’.
1735 1278 1794 1332 '0
1830 1276 1879 1329 δὲ

1989 1280 2215 1320 numero
2241 1273 2392 1333 sunt,
2418 1274 2474 1320 et
2499 1265 2745 1335 epistola:
2776 1281 2992 1322 novem.
3030 1264 3166 1320 Nam
3203 1266 3422 1322 Deliaca
3456 1284 3563 1324 non

290 1365 601 1435 Δηιιιακὸς
633 1366 1074 1437 ἐπιγραφόμενος
1114 1368 1215 1421 οὐκ
1249 1367 1400 1422 ἔστιν
1428 1369 1703 1441 Αἰσχίνου.
1730 1368 1879 1422 Ἐστι

1989 1371 2069 1416 est
2103 1358 2405 1417 Eschinis.
2455 1359 2514 1415 In
2565 1361 2911 1417 orationibus
2953 1362 3069 1417 suis
3116 1362 3326 1428 suavis,
3371 1376 3564 1432 purus,

286 1458 346 1511 δὲ
404 1459 520 1520 τοῖς
563 1458 745 1525 λόγοις
807 1456 975 1511 αὐτοῦ
1022 1457 1231 1526 γλυκύς
1273 1478 1333 1513 τε
1380 1461 1477 1514 καὶ
1520 1460 1765 1533 καθαρὸς
1790 1460 1879 1514 καὶ

1989 1450 2298 1519 distinctus,
2339 1460 2395 1506 et
2437 1452 2907 1523 enthymematum
2947 1453 3339 1523 perspicuitate
3379 1454 3566 1510 excel-

287 1548 552 1620 εὐκρινὴς
618 1548 714 1603 καὶ
791 1550 859 1620 τῇ
911 1547 1021 1619 τῶν
1108 1548 1510 1621 ἐνθυμημάτων
1581 1553 1879 1621 casam-sla

1991 1545 2130 1601 lens.
2158 1543 2347 1601 Oratio
2369 1560 2499 1601 vero
2525 1548 2580 1600 in
2610 1544 2964 1600 Timarchum
2996 1546 3204 1613 habita,
3234 1546 3375 1617 quod
3399 1562 3567 1601 mere-

285 1641 751 1711 σεμνυγόμενος
781 1624 965 1711 [1465.
994 1639 1090 1712 Η.]
1134 1640 1194 1695 '0
1222 1641 1569 1711 μέντοικατὰ
1597 1642 1879 1713 Τιμάρχου

1993 1637 2513 1707 ινὶείαηιοίασιίιατει,
2535 1645 2780 1694 accusat.
2804 1637 3137 1695 Timarchus
3158 1655 3287 1697 vero
3312 1641 3563 1710 territus,

2309 996 2581 1055 CCLXIV.
2623 996 2899 1053 xEschinis
2938 999 3203 1057 oratiom

286 1732 449 1800 λόγος
471 1729 600 1803 [799
625 1728 719 1802 Η.]
752 1730 1085 1800 ἑταιρήσεως
1111 1732 1134 1764 ⁸
1161 1730 1251 1784 τὸν
1269 1731 1548 1803 Τίμαρχον
1578 1731 1847 1803 γράφεται
1866 1745 1878 1760 ⁸

1989 1730 2365 1803 iudiciumque
2388 1728 2671 1799 defugiens
2701 1744 2762 1787 se
2790 1731 3097 1801 suspendit.

288 1826 390 1877 καὶ
422 1828 452 1878 ό
484 1824 765 1896 Τίμαρχος
799 1823 1171 1894 καταπλαγεὶς
1228 1828 1324 1880 καὶ
1372 1826 1546 1883 λιπὼν
1574 1828 1666 1882 τὸν
1693 1828 1882 1898 ἀγῶνα

287 1916 494 1969 ἑαυτὸν
522 1916 624 1986 άνή
632 1932 852 1986 ρτησεν.

376 2008 705 2081 Ἐπήγγειλε
729 2010 790 2063 δὲ
821 2011 915 2063 καὶ
934 2010 1035 2081 τὴν
1065 2011 1125 2065 ἐν
1146 2010 1430 2083 Ταμύναις
1466 2011 1625 2083 νίκην
1666 2012 1881 2084 πρῶτος

299 2102 619 2173 Ἀθηναίοις
635 2101 697 2155 τὸ
711 2101 996 2174 δεύτερον·
1023 2102 1104 2158 διὸ
1126 2104 1220 2159 καὶ
1248 2104 1621 2177 ἐστεφανώθη.
1658 2106 1797 2160 Φασὶ
1828 2107 1885 2160 δὲ

289 2195 363 2247 τὰ
398 2193 509 2266 μὲν
560 2192 754 2265 πρῶτα
776 2194 953 2248 εἰπεῖν
974 2195 1141 2250 αὐτὸν
1183 2198 1243 2252 ὲν
1274 2196 1354 2268 τῷ
1396 2196 1555 2269 δήμῳ
1594 2198 1736 2252 κατὰ
1787 2200 1883 2252 Φι-

290 2289 527 2355 λίππου,
565 2289 1063 2362 ὲνευδοκιμήσαντα
1111 2291 1169 2345 δὲ
1211 2292 1290 2364 τῷ
1338 2293 1486 2365 λόγῳ
1537 2294 1884 2366 πρεσϐευτὴν

288 2382 433 2453 πρὸς
480 2382 748 2454 Ἀρκάδας
777 2382 1345 2455 χειροτονηθῆναι,εἰς
1374 2385 1468 2451 οὓς
1488 2387 1884 2459 παραγεγονὼς

292 2476 665 2545 συνεστήσατο
685 2476 810 2540 τοὺς
836 2476 1063 2548 μυρίους
1086 2476 1181 2531 ἐπὶ
1208 2477 1495 2535 Φίλιππον.

365 2640 539 2715 Οὗτος
566 2652 595 2704 ὁ
616 2651 876 2724 Αἰσχίνης
891 2655 1019 2718 παῖς
1041 2653 1265 2723 γέγονεν
1291 2655 1650 2728 Ἀτρομήτου,
1683 2656 1885 2727 φυγόν-

288 2758 387 2806 τος
417 2744 521 2813 μὲν
548 2744 643 2797 ἐπὶ
689 2745 797 2797 τῶν
831 2746 897 2811 λ’,
930 2748 1444 2818 συγκαταγαγόντος
1464 2749 1521 2802 δὲ
1549 2749 1642 2803 τὸν
1688 2749 1883 2820 δῆμον.

291 2832 506 2888 Τούτου
529 2835 595 2905 δὴ
617 2836 711 2889 καὶ
754 2836 1101 2902 Γλαυκοθέας
1126 2839 1337 2907 γίνεται
1394 2841 1531 2906 υίὸς,
1564 2841 1885 2913 Κοθωκίδης

295 2926 401 2996 μὲν
438 2927 533 2981 τὸν
587 2928 778 2999 δῆμον,
819 2928 943 2983 οὔτε
992 2930 1050 2984 δὲ
1086 2930 1195 2985 τῶν
1224 2932 1245 2964 ⁸
1269 2931 1365 2986 ἐπὶ
1390 2932 1536 3001 γένει
1567 2934 1886 3004 περιφανῶν

289 3018 423 3073 οὔτε
449 3019 560 3073 τῶν
587 3019 681 3072 ἐπὶ
706 3021 952 3092 χρήμασι
990 3021 1284 3093 λαμπρῶν.
1324 3024 1414 3078 Ἐν
1446 3025 1504 3078 δὲ
1531 3024 1610 3094 τῷ
1639 3024 1748 3093 νέῳ
1784 3026 1887 3097 τῆς

2057 2014 2345 2071 Nuntiavit
2368 2014 2581 2085 primus
2616 2014 2915 2072 secundam
2952 2013 3238 2071 victoriam
3268 2015 3322 2070 in
3356 2013 3559 2087 Tamy-

1984 2107 2069 2163 nis
2094 2106 2538 2171 Atheniensibus,
2563 2110 2926 2178 quamobrem
2951 2122 3156 2163 corona
3180 2108 3421 2164 donatus
3449 2120 3553 2165 est.

1984 2199 2191 2255 Ferunt
2230 2210 2413 2255 autem
2452 2196 2648 2271 49οὸ
2684 2201 2933 2270 primum
2968 2199 3149 2269 ipsum
3197 2201 3267 2255 ad
3300 2201 3558 2270 populum

1985 2301 2176 2349 contra
2239 2290 2553 2363 Philippum
2598 2306 2810 2359 orasse,
2854 2306 3091 2363 cumque
3138 2292 3390 2347 oratione
3434 2308 3560 2363 gra-

1956 2384 1963 2389 ’
1988 2385 2118 2439 tiam
2142 2392 2536 2455 comparasset,
2557 2383 2797 2455 legatum
2815 2382 2883 2439 ad
2902 2383 3149 2439 Arcadas
3166 2385 3397 2440 missum
3417 2399 3562 2451 esse,

1986 2477 2052 2531 ad
2083 2491 2221 2547 quos
2248 2491 2373 2532 cum
2395 2476 2659 2544 venisset,
2698 2474 2888 2531 decem
2918 2474 3087 2531 millia
3122 2485 3312 2531 contra
3354 2474 3563 2547 Philip-

1986 2586 2117 2641 pum
2149 2585 2419 2626 armasse.

2056 2662 2350 2719 IEschines
2380 2662 2470 2719 hic
2493 2669 2650 2732 patre
2678 2670 2840 2717 natus
2869 2669 2955 2717 est
2976 2660 3281 2727 Atrometo,
3313 2661 3409 2732 qui
3446 2661 3560 2716 ini-

1987 2754 2065 2810 tio
2085 2768 2209 2809 cum
2244 2752 2348 2809 sub
2377 2754 2601 2824 triginta
2626 2751 2876 2822 tyrannis
2905 2751 3201 2817 exsularet,
3226 2753 3342 2821 ipse
3370 2759 3560 2821 postea

1986 2844 2249 2915 populum
2280 2847 2347 2899 ad
2378 2843 2686 2898 libertatem
2728 2842 3036 2898 revocavit:
3071 2839 3405 2899 Glaucmhea
3439 2858 3563 2898 ma—

1988 2946 2092 3001 tre,
2135 2937 2283 2991 tribu
2329 2951 2459 2991 vero
2483 2935 2835 3001 Cothocides,
2888 2950 3066 3005 neque
3120 2950 3339 3005 genere,
3385 2949 3561 3005 neque

1988 3028 2189 3099 opibus
2221 3026 2475 3084 celebris.
2507 3027 2843 3082 Adolescens
2875 3042 3002 3081 cum
3030 3036 3177 3083 esset
3203 3042 3268 3083 ac
3299 3027 3563 3081 robustus

294 3110 518 3180 ήλικίας
552 3109 615 3164 τὸ
662 3110 825 3182 σῶμα
876 3111 1058 3183 φέρων
1121 3113 1438 3185 ἐρρωμένον
1492 3116 1562 3171 τά
1609 3115 1879 3186 γυμνάσια

1989 3120 2222 3184 viribus,
2274 3117 2344 3173 ad
2386 3119 2669 3197 gymnasia
2705 3118 2950 3173 studium
2984 3118 3338 3188 laboremque
3365 3125 3563 3173 contn-

294 3201 583 3269 ἐπονεῖτο,
651 3200 1051 3273 λαμπρόφωνος
1114 3203 1172 3257 δὲ
1225 3205 1490 3274 πεφυκὼς
1568 3206 1880 3278 τραγῳδίαν

295 3293 512 3363 ἤσκησε
543 3294 684 3363 μετὰ
699 3294 872 3347 ταῦτα
894 3337 910 3361 ,
940 3293 1015 3359 ὡς
1045 3295 1102 3349 δὲ
1141 3294 1289 3364 λέγει
1332 3297 1706 3368 Δημοσθένης,
1750 3299 1883 3352 ὑπο-

296 3386 712 3456 γραμματεύων
754 3389 849 3442 καὶ
885 3389 1334 3461 τριταγωνιστῶν
1397 3389 1773 3462 Ἀριστοδήμῳ
1823 3392 1881 3444 ὲν

295 3479 411 3539 τοῖς
462 3477 609 3532 κατὰ
653 3478 861 3549 δήμους
913 3479 1235 3544 Διονυσίοις.
1294 3480 1406 3533 Καὶ
1463 3482 1592 3544 παῖς
1657 3480 1754 3550 μὲν
1806 3478 1882 3534 ὢν

294 3568 546 3623 ἐδίδασκε
574 3569 671 3623 σὺν
714 3571 792 3641 τῷ
832 3570 1005 3643 πατρὶ
1040 3572 1364 3644 γράμματα,
1400 3575 1479 3637 εἰς
1505 3575 1566 3627 τὸ
1601 3573 1882 3643 μειράκιον

295 3658 355 3710 δὲ
408 3659 692 3727 προελθὼν
739 3662 1115 3732 ἐστρατεύετο.
1174 3664 1516 3735 Ἦκροάσατο
1570 3664 1650 3730 δὲ,
1682 3665 1733 3717 οί
1780 3665 1882 3735 μέν

298 3765 467 3817 φασιν
541 3751 882 3821 Ἰσοκράτους
935 3754 1031 3807 καὶ
1100 3754 1422 3821 Πλάτωνος,
1480 3755 1768 3821 Καικίλιος
1824 3758 1882 3811 δὲ

297 3840 695 3909 Λεωδάμαντος
739 3844 909 3913 λέγει.
964 3844 1386 3917 Πολιτευόμενος
1436 3847 1622 3918 μέντοι
1670 3866 1735 3918 γε
1781 3849 1883 3902 οὐκ

299 3930 525 3999 ἀφανῶς
551 3934 618 3985 ἐκ
632 3933 731 4003 τῆς
774 3935 1025 3999 ἐναντίας
1058 3937 1300 4007 μερίδος,
1332 3938 1731 4009 συνεπρέσϐευε
1768 3942 1881 4002 τοῖς

299 4023 430 4093 περὶ
442 4023 795 4097 Δημοσθένην
818 4026 985 4091 ἄλλας
999 4044 1058 4080 τε
1080 4030 1376 4098 πρεσϐείας
1404 4029 1604 4092 πολλὰς
1628 4030 1721 4083 καὶ
1746 4030 1882 4100 πρὸς

296 4116 567 4169 Φίλιππον
595 4116 735 4190 ὑπὲρ
764 4118 862 4188 τῆς
893 4120 1138 4190 εἰρήνης,
1184 4121 1271 4192 ἐφ’
1389 4121 1486 4175 καί⁹
1516 4122 1669 4192 παρὰ
1711 4126 1884 4193 Δημο-

299 4206 528 4272 σθένους
557 4211 909 4282 κατηγορήθη
946 4211 1026 4264 έτι
1059 4213 1115 4265 δὲ
1147 4212 1222 4277 ὼς
1253 4213 1491 4283 πόλεμον
1531 4211 1751 4283 ἐξάψειε
1776 4216 1882 4267 Πυ-

296 4298 541 4371 λαγόρας
571 4301 812 4372 αἱρεθεὶς
841 4304 979 4374 πρὸς
1016 4305 1301 4375 Ἀμφισεῖς
1329 4306 1349 4337 ⁷
1384 4306 1767 4377 Ἀμφικτύοσι,
1790 4307 1882 4360 καὶ

296 4391 389 4443 τὸν
412 4390 614 4461 λιμένα
646 4392 1058 4462 ἐργαζομένοις·
1124 4394 1182 4461 ἐξ
1212 4389 1278 4468 ἧς
1308 4394 1330 4425 ⁸
1380 4394 1631 4466 πράξεως
1679 4395 1875 4468 συνέϐη

1986 3212 2067 3266 lit.
2106 3209 2303 3266 Postea
2339 3225 2465 3266 cum
2510 3210 2660 3264 vocis
2698 3208 2963 3264 ﬁrmitate
3002 3224 3068 3265 ac
3106 3209 3303 3264 robore
3332 3209 3558 3273 valeret,

1985 3319 2044 3360 se
2075 3303 2353 3374 tragmdiis
2400 3302 2626 3373 agendis
2669 3303 2949 3359 exercuit:
2976 3311 3049 3369 et,
3085 3312 3147 3357 ut
3168 3300 3560 3359 Demosthenes

1984 3396 2197 3459 scribit,
2234 3394 2431 3450 scribae
2459 3393 2721 3457 vicarius,
2767 3408 2831 3447 ac
2864 3392 2977 3464 (10)
3020 3391 3208 3447 tertias
3231 3406 3398 3463 agens
3436 3406 3560 3461 par-

1985 3496 2065 3541 tes
2092 3486 2145 3540 in
2177 3485 2610 3541 Bacchanalibus
2651 3484 2988 3540 Aristodemi
3045 3485 3315 3538 arbitratu
3344 3499 3562 3554 semper

1982 3579 2123 3635 fuit:
2156 3590 2209 3635 et
2230 3579 2448 3649 juvenis
2465 3578 2629 3634 etiam
2652 3594 2783 3633 num
2812 3578 3022 3633 litteras
3051 3592 3160 3632 una
3186 3591 3310 3633 cum
3337 3586 3562 3646 parente

1981 3670 2199 3725 docuit:
2231 3671 2540 3741 prevectior
2575 3678 2757 3724 autem
2788 3669 3068 3723 militavit.
3104 3666 3363 3722 Nonnulli
3395 3667 3557 3722 etiam

1984 3761 2265 3817 Socratem
2317 3770 2373 3817 et
2416 3761 2701 3816 Platonem
2758 3761 2983 3817 audisse
3038 3760 3239 3817 ferunt.
3309 3759 3562 3816 Caecilius

1983 3870 2112 3910 vero
2137 3854 2249 3927 (Il)
2290 3854 2677 3910 Lcodamantis
2719 3855 3051 3924 discipulum
3096 3853 3244 3908 facit.
3302 3852 3562 3910 Versatus

1982 3948 2038 4003 in
2072 3949 2349 4018 republica
2383 3958 2467 4004 est
2513 3964 2623 4002 non
2669 3948 2969 4019 inglorius:
3001 3949 3147 4019 quod
3184 3947 3561 4013 Demostheni,

1981 4039 2212 4109 ejusque
2242 4038 2700 4110 suffragatoribus
2740 4038 3145 4101 adversaretur.
3177 4053 3301 4093 cum
3340 4054 3451 4108 quo
3479 4039 3561 4092 le-

1983 4132 2227 4203 gationes
2261 4132 2398 4186 obiit
2438 4146 2563 4185 cum
2617 4131 2818 4185 multas
2852 4131 3010 4192 alias,
3059 4140 3173 4184 tum
3218 4133 3282 4185 de
3318 4145 3449 4200 pace
3492 4131 3564 4185 all

1981 4221 2311 4292 Philippum,
2371 4223 2424 4276 in
2472 4236 2580 4290 qua
2629 4230 2923 4276 accusatus
2966 4237 2996 4275 a
3032 4222 3397 4276 Demosthene
3423 4233 3557 4277 est:

1982 4315 2235 4384 quodque
2271 4314 2387 4383 ipse
2430 4312 2725 4383 Pylagoras
2774 4313 3047 4369 exsistens
3086 4322 3277 4368 auctor
3306 4314 3433 4370 belli
3477 4315 3561 4369 in-

1984 4406 2305 4462 troducendi
2371 4406 2582 4472 fuisset,
2643 4421 2770 4461 cum
2814 4407 2883 4461 ab
2933 4407 3430 4478 AmphictyOnibus
3487 4408 3560 4464 ad

294 4482 554 4553 Φιλίππῳ
602 4488 940 4554 προσφυγεῖν
980 4487 1398 4557 Ἀμφικτύονας,
1425 4488 1520 4543 τὸν
1560 4488 1619 4543 δὲ
1651 4489 1757 4543 ὑπὸ
1783 4489 1877 4542 τοῦ

1989 4498 2353 4567 Αηψὴὶεεωοε
2381 4498 2592 4568 legatus
2633 4508 2717 4553 est
2752 4507 2990 4565 creatus,
3038 4499 3252 4569 ipsique
3297 4500 3559 4569 Amphic-

296 4575 556 4645 Αἰσχίνου
603 4577 1037 4648 συνεργούμενον
1090 4580 1378 4634 ἐπιθέσθαι
1424 4584 1538 4646 τοῖς
1585 4584 1878 4653 πράγμασι

296 4669 393 4722 καὶ
416 4670 522 4740 τὴν
546 4669 763 4725 Φωκίδα
791 4670 996 4725 λαϐεῖν.
1031 4674 1385 4740 Συνειπόντος
1412 4676 1601 4746 μέντοι
1643 4693 1705 4746 γε
1728 4676 1877 4747 αὐτῷ

297 4764 573 4819 Εὐϐούλου
631 4764 730 4818 τοῦ
792 4767 1097 4839 Σπινθάρου
1144 4772 1533 4843 Προϐαλεισίου
1570 4775 1591 4806 ⁹
1619 4773 1877 4843 δημαγω-

295 4856 524 4922 γοῦντες
548 4856 750 4926 ψήφοις
795 4860 985 4929 μόναις
1000 4859 1040 4914 λ’
1065 4862 1334 4932 ἀπέφυγε.
1360 4863 1622 4935 Χρόνῳδὲ
1650 4863 1877 4936 ὕστερον

297 4947 570 5001 Φιλίππου
607 4949 709 5019 μὲν
738 4951 1208 5024 τετελευτηκότος,
1256 4954 1605 5028 Ἀλεξάνδρου
1650 4958 1708 5010 δὲ
1756 4957 1874 5012 δια-

296 5039 580 5106 ϐαίνοντος
633 5042 716 5107 εἰς
756 5043 856 5116 τὴν
922 5047 1139 5115 Ἀσίαν,
1192 5049 1287 5104 ἐπὶ
1332 5053 1453 5117 ταῖς
1502 5052 1878 5125 Δημοσθένους

1986 4602 2177 4662 tyones
2207 4600 2423 4658 portum
2451 4591 2801 4656 struxissent,
2833 4606 2944 4661 quo
2980 4590 3124 4646 facto
3147 4591 3217 4645 ad
3250 4592 3561 4661 Philippum

1985 4678 2371 4745 confugerunt,
2409 4687 2465 4733 et
2508 4677 2814 4749 Philippus,
2848 4688 3075 4733 auctore
3127 4679 3414 4743 iEschine,
3468 4694 3558 4735 res

1985 4771 2132 4841 ipsas
2159 4779 2242 4825 est
2275 4785 2592 4840 aggressus,
2623 4780 2676 4825 ct
2718 4770 3011 4826 Phocidem
3065 4774 3228 4842 cepit.
3268 4770 3399 4842 Ejus
3432 4788 3559 4827 sen-

1984 4863 2167 4918 tentiae
2196 4863 2571 4933 patrocinante
2595 4864 2807 4917 Eubulo
2834 4862 3113 4933 Spinthari
3156 4864 3297 4919 illius
3337 4872 3391 4919 et
3416 4863 3555 4918 Pro-

1982 4956 2237 5020 vallusio,
2260 4956 2355 5027 qui
2387 4969 2815 5013 tum-summam
2844 4958 2989 5028 apud
3016 4958 3275 5028 p0pulum
3312 4966 3558 5028 potesta-

1984 5057 2092 5104 tem
2116 5048 2419 5114 obtinebat,
2450 5049 2792 5116 sublevatus,
2814 5049 3036 5120 triginta
3058 5049 3334 5123 suffragiis
3353 5048 3551 5105 evasit.

1564 5251 1799 5309 VA'RIA‘]
1856 5251 2266 5335 LECTIQLVES.

364 5368 388 5400 ³
418 5361 665 5437 ὑποστάς
702 5364 766 5418 Α.
812 5432 824 5437 _
876 5363 898 5396 ⁸
927 5364 1240 5437 ἀνεγνώσθη
1274 5365 1340 5421 Α.

1440 5367 1461 5398 ⁵
1490 5365 1613 5438 libri
1646 5366 2000 5438 έταιρίσεως.

2124 5367 2146 5398 ⁸
2172 5364 2284 5419 τῶν
2312 5362 2354 5418 Β
2386 5382 2400 5420 :
2429 5364 2488 5418 δὲ
2545 5365 2654 5419 τῶν
2684 5382 2754 5436 ς·Ζ
2790 5434 2805 5436 _
2847 5366 2867 5398 "
2890 5366 3182 5436 ἀμφισσεῖς
3210 5363 3268 5417 Β.
3299 5363 3555 5423 Leichius

298 5454 356 5509 p.
404 5450 520 5509 xi."
559 5432 917 5505 Ἀμφικτύοσι
956 5428 1093 5507 πρδς
1133 5428 1451 5507 Ἀμφισσεῖς
1474 5436 1535 5491 τὸ
1567 5437 1749 5493 πεδίον
1780 5428 1874 5493 καὶ
1898 5428 1990 5493 τὸν
2014 5437 2066 5493 λ.
2088 5436 2515 5507 ἐργαζομένους.
2590 5440 2614 5469 ⁸
2642 5435 2702 5501 ἐξ
2719 5428 2811 5509 ἦς]
2836 5428 2961 5508 ἑξῆς
2985 5428 3055 5501 ’ς.
3130 5428 3306 5491 ⁸1η)ῐὶ
3340 5436 3553 5506 Προϐα-

297 5506 532 5564 λουσίου.

1848 5637 2079 5698 ΝΟΤΕ.

368 5754 485 5827 (10)
505 5754 625 5827 Cic.
648 5754 889 5827 Divinat,
919 5757 974 5809 in
1006 5752 1238 5823 Verrem,
1257 5766 1312 5811 ut
1340 5757 1393 5813 in
1416 5754 1693 5812 actoribus
1721 5758 1870 5814 Cra:-

305 5826 384 5883 cis
420 5826 540 5883 ﬁeri
570 5826 819 5883 videmus
852 5842 991 5897 saepe
1019 5828 1169 5884 illuni
1198 5830 1290 5899 qui
1313 5836 1397 5884 cst
1428 5828 1811 5884 secundarum.

2049 5759 2164 5831 (Η)
2205 5718 2295 5818 Sic
2318 5772 2371 5818 ct
2392 5762 2669 5820 Plutarch.
2699 5763 2752 5817 in
2804 5762 2850 5817 X
2889 5762 3104 5822 Orator.
3152 5763 3543 5823 Alcidamantis

1981 5829 2196 5903 Eleatze,
2236 5833 2433 5892 Suidas
2468 5837 2521 5891 in
2559 5835 2843 5892 IEschine.
