3944 6242
400 390 501 454 1Ἰ5
1542 370 1804 434 ΡΗΟΤΙΙ
1841 367 1957 429 PA']

2080 363 2341 425 AI-{CHKE
2374 363 2481 425 (ΣΡ.
3537 351 3637 415 176

400 507 597 563 Postea
643 515 815 564 vero,
868 510 995 551 cum
1049 492 1297 562 Philippo
1361 497 1612 555 mortuo,
1660 484 1957 541 Alexander

2081 480 2253 548 ιιμαῖς
2284 476 2648 547 Κτησιφῶντα
2682 473 3012 546 παρανόμων
3032 471 3329 545 ἐγράψατο.
3352 471 3428 523 Ού
3472 487 3638 540 μετα-

401 561 659 652 transiret
700 592 752 644 in
772 561 918 652 Asia,
939 561 1343 653 Ctesiphontem
1365 581 1417 633 in
1437 578 1527 648 jus
1547 576 1781 640 vocavit,
1816 572 1958 643 quod

2082 568 2246 622 ta6t‘ev
2262 568 2317 621 δέ
2346 568 2408 621 τὸ
2441 566 2688 633 πέμπτον
2716 566 2877 638 μέρος
2901 564 3009 617 τῶν
3039 564 3237 636 ψήφων
3269 564 3312 594 ¹⁰
3336 564 3415 625 είς
3463 561 3639 613 Ῥόδον

400 683 759 744 decernendis
791 676 1142 733 Demostheni
1172 673 1476 729 honoribus
1513 670 1628 740 ipse
1672 676 1863 722 contra
1892 664 1957 718 le-

2083 662 2257 731 ἔφυγε,
2290 661 2539 732 δραχμὰς
2567 660 2742 731 χιλίας
2770 661 2831 712 ού
2863 659 3144 731 βουληθεὶς
3176 657 3313 728 ὑπὲρ
3338 656 3439 725 τῆς
3471 656 3640 725 ἥττης

400 793 496 849 ges
526 776 763 830 fecisset.
802 770 921 837 Quo
963 784 1016 821 ιιι
1051 762 1348 820 certamine
1392 776 1516 815 cum
1550 758 1798 829 quintam
1846 753 1957 811 suf-

2084 752 2397 807 ιαταὸαλεῖν
2455 754 2520 807 ¹¹.
2554 753 2645 806 Ἐν
2669 752 2726 805 δέ
2772 753 2840 822 τῇ
2879 751 3039 821 Ῥόδῳ
3067 750 3261 820 σχολὴν
3290 746 3641 817 καταστησά-

398 839 697 940 fragiorum
733 870 943 934 partem
975 873 1081 912 non
1118 856 1448 916 obtinusset,
1487 849 1737 903 Rhodum
1769 844 1955 902 confu-

2087 864 2230 910 tsvoc
2254 846 2530 900 ἐδίδασκεν
2563 862 2578 877 ο
2604 847 2661 898 ἐν
2687 839 2731 914 ᾧ
2754 850 2866 908 τοῖς
2908 845 3130 907 Ῥοδίοις
3154 844 3247 897 τὸν
3264 841 3406 895 κατὰ
3442 842 3644 908 Κτησι-

401 928 655 1033 git:cum
693 928 938 1010 a-multa
984 948 1131 1004 mille
1156 946 1542 1001 drachmarum
1584 938 1958 1011 persolvenda,

2088 935 2279 1005 ρῶντος
2308 933 2617 999 ἐπεδείξατο
2646 935 2822 1005 λόγον,
2849 933 3238 1004 θαυμαζόντων
3278 931 3335 984 δέ
3376 932 3425 983 εἰ
3471 928 3645 982 ταῦτα

401 1022 469 1106 ad
526 1064 690 1120 quam
750 1046 929 1100 fuerat
980 1043 1296 1101 damnatus,
1346 1036 1531 1091 animo
1579 1048 1643 1088 ac
1684 1031 1958 1086 voluntate

2090 1030 2456 1101 ῖημηγορήσας
2490 1029 2723 1100 ἡττήθη.
2785 1031 2906 1082 Οὐκ
2959 1026 3061 1090 ἂν,
3104 1022 3247 1090 εἷπε,
3282 1023 3476 1092 θαῦμα
3507 1037 3647 1075 κατι-

401 1113 744 1199 abhorreret.
775 1135 1037 1203 Ludoque
1061 1131 1237 1186 Rhodi
1267 1139 1454 1199 aperto
1479 1125 1685 1191 docuit,
1710 1122 1803 1177 ubi
1837 1135 1958 1177 cum

2091 1120 2230 1189 :Zze‘r
2262 1120 2444 1189 ὑμᾶς,
2480 1115 2528 1174 ὧ
2578 1120 2813 1185 Ῥόδιοι,
2857 1122 2908 1173 εὶ
2954 1118 3370 1187 Δημοσθένους
3405 1113 3648 1179 ἀντιδη-

403 1231 632 1288 Bbodiis
670 1200 969 1282 orationem
1015 1240 1043 1276 a
1072 1239 1131 1279 se
1164 1222 1403 1276 habitam
1436 1227 1623 1274 contra
1648 1214 1960 1284 Ctesiphon-

2091 1209 2473 1277 ιηγοροῦντος
2517 1210 2841 1277 ἠκούσατε,
2883 1206 3089 1261 ἐκεῖθεν
3152 1204 3209 1258 δὲ
3276 1203 3513 1264 πλεύσας
3568 1200 3648 1262 είς

402 1334 513 1379 tem
566 1321 912 1382 ostendisset,
960 1329 1195 1385 cumque
1237 1326 1428 1367 omnes
1458 1310 1824 1369 mirarentur,
1872 1318 1959 1374 po-

2076 1302 2270 1371 Σάμον,
2299 1301 2393 1354 καὶ
2414 1300 2704 1371 διατρίψας
2730 1302 2825 1355 ἐπὶ
2858 1301 2959 1371 τῆς
2986 1300 3172 1371 νήσου,
3204 1296 3381 1366 ὀλίγον
3416 1294 3633 1364 ὕστεροι

405 1418 577 1471 tuisse
604 1414 755 1468 illum
794 1411 877 1465 his
909 1422 1009 1478 pro
1040 1424 1099 1463 se
1140 1404 1298 1459 dictis
1343 1402 1397 1457 in
1434 1400 1643 1470 judicio
1696 1395 1962 1464 superari.

909 1422 1009 1478 pro
1040 1424 1099 1463 se
1140 1404 1298 1459 dictis
1343 1402 1397 1457 in
1434 1400 1643 1470 judicio
1696 1395 1965 1464 superari.
2073 1391 2441 1462 ἐτελεύτησεν.

404 1510 630 1566 Minime
657 1523 806 1569 sane,
880 1503 1073 1572 inquit,
1127 1498 1377 1554 miraturi
1417 1494 1674 1567 fuissetis,
1708 1491 1923 1555 Rhodii,
1966 1505 2012 1542 si
2054 1496 2237 1541 contra
2284 1504 2346 1540 ea
2387 1488 2643 1542 dicentem
2689 1486 3089 1540 Demosthenem
3152 1481 3477 1537 audiissetis.
3522 1479 3656 1536 Inde

405 1617 585 1664 autem
621 1604 843 1661 Samum
884 1603 1169 1669 navigans,
1201 1607 1365 1667 atque
1393 1595 1448 1649 in
1487 1592 1668 1648 insula
1696 1590 1972 1651 habitans,
2018 1600 2126 1637 non
2161 1584 2214 1637 in
2243 1584 2414 1638 multo
2434 1594 2559 1653 post
2579 1592 2827 1638 mortuus
2857 1589 2964 1635 est.

1071 1707 1318 1769 CCLXV.
2016 1687 2064 1746 Β

2016 1687 2064 1746 Β
2775 1692 2935 1748 ΣΞΕ’.

854 1804 1213 1863 Demosthenis
1247 1801 1529 1855 orationes.

2532 1788 2955 1857 Δημοσθένους
3002 1786 3194 1855 λόγοι.

478 1911 609 1981 Legi
634 1920 827 1965 omnes
856 1917 993 1973 pene
1023 1898 1300 1952 orationes
1333 1889 1734 1948 Demosthenis.
1770 1886 1974 1940 Dicun-

2156 1880 2600 1951 ’Λνεγνώσθησαν
2665 1879 2708 1909 ³³
2779 1875 3155 1947 Δημοσθένους
3222 1875 3371 1943 λόγοι
3455 1875 3654 1945 μικροῦ

406 2017 498 2062 tur
545 2002 694 2056 illius
740 2009 1013 2068 germana:
1078 1990 1360 2060 sexaginta
1417 1985 1693 2056 quinque:
1738 1989 1963 2050 quarum

2095 1977 2390 2049 πύμπαντες
2423 1989 2440 2005 ο
2472 1972 2733 2043 φέρονται
2767 1970 2824 2022 δὲ
2854 1967 3017 2023 αὑτοῦ
3055 1969 3105 2021 οἱ
3137 1969 3354 2039 γνήσιοι
3403 1976 3444 2021 ε’
3467 1969 3562 2022 καὶ
3590 1968 3652 2033 ξ’,

407 2059 606 2169 λεια
635 2059 995 2162 elegantiores
1017 2100 1136 2157 quae
1154 2059 1230 2137 ad
1251 2079 1534 2152 populum,
1572 2088 1885 2169 quamqua:

2099 2065 2146 2123 3v
2174 2070 2223 2121 οί
2246 2065 2495 2138 δημόσιοι
2531 2062 2731 2134 μᾶλλον
2770 2062 2849 2124 είς
2882 2059 2941 2112 τὸ
2972 2059 3193 2130 ἄριστον
3222 2060 3656 2114 κατεσκευάσθαι

410 2150 660 2245 sena-tum
706 2150 928 2246 habitat,
983 2150 1678 2248 a—pluribusjudicantur.
1713 2160 1967 2219 Nonnulli

2106 2163 2184 2223 οῖς
2244 2156 2454 2211 πλείοσι
2517 2154 2817 2225 κρίνονται.
2878 2150 3035 2214 Τινὲς
3095 2150 3195 2220 μὲν
3252 2150 3345 2203 οὖν
3380 2151 3473 2205 τὸν
3529 2151 3659 2221 περὶ

410 2279 712 2336 orationem
743 2276 810 2330 de
850 2241 1120 2326 ﬂaloneso
1152 2268 1294 2338 (quae
1325 2241 1515 2320 contra
1551 2260 1860 2329 Philippum
1889 2270 1967 2310 se-

2105 2251 2407 2321 Δλοννήσου
2455 2247 2499 2279 ¹³
2540 2244 2701 2313 λόγον
2735 2243 2814 2311 (ὃς
2844 2243 2939 2295 καὶ
2971 2242 3016 2275 ίδ
3048 2241 3189 2295 κατά
3216 2241 3486 2295 Φιλίππου
3532 2243 3662 2295 ἐπι-

409 2373 590 2432 cunda
623 2364 984 2434 iuscrihitur,)
1031 2361 1159 2432 quia
1210 2373 1334 2414 eum
1367 2373 1429 2411 ea
1471 2362 1675 2425 pugnat
1704 2351 1966 2411 oratione,

2103 2344 2349 2414 ’ράφεται
2386 2339 2640 2410 δεύτερος
2669 2352 2684 2367 ⁶
2727 2337 2824 2389 καὶ
2864 2335 2974 2404 γὰρ
3004 2335 3141 2405 πρὸς
3176 2334 3275 2405 τὴν
3309 2335 3597 2404 ἐπιστολὴν
3628 2338 3660 2387 ὁ

625 2424 814 2517 contra
854 2424 1087 2526 Philippi
1132 2450 1414 2523 epistolam
1447 2424 1605 2510 dixit,
1658 2443 1803 2497 illius
1852 2453 1966 2510 pro~

2103 2436 2264 2505 riycmp
2291 2431 2420 2505 [800
2438 2430 2534 2503 H.]
2564 2424 2989 2496 ἁνταγωνίζεται
3014 2425 3110 2479 τοῦ
3138 2425 3429 2497 Φιλίππου)
3468 2426 3660 2481 τοῦτον

411 2518 587 2631 priam
612 2568 734 2610 esse
774 2556 992 2621 negant,
1029 2557 1083 2601 et
1118 2546 1443 2600 confirmare
1471 2538 1785 2609 opinionem
1819 2544 1968 2588 suam

2101 2524 2138 2578 νύ
2188 2542 2352 2595 φασιν
2392 2520 2529 2577 εἶναι
2572 2521 2793 2592 γνήσιον
2838 2519 3239 2588 Δημοσθένους,
3300 2518 3397 2571 καὶ
3442 2536 3658 2589 τεκμη-

2169 2614 2193 2626 ο
2239 2613 2265 2631 Λ
2364 2612 2453 2631 κιρ
2504 2610 2656 2631 (εἰρυμ-
2706 2607 2881 2631 ...ἦ-ξ’.-.
2911 2606 3240 2631 ι..-,---,-π--
3296 2611 3408 2631 --9-
3457 2609 3658 2631 ιλ----ι

413 2606 680 2704 genantur
728 2638 1042 2697 nominibus
1098 2645 1152 2689 et
1214 2633 1413 2698 verbis,
1464 2641 1517 2683 et
1568 2620 1970 2694 compositionis

2106 2613 2328 2667 ιιοῠσθαι
2357 2612 2457 2684 τὴν
2498 2610 2657 2677 δόξαν
2701 2607 2882 2663 αὐτῶν
2908 2606 3245 2678 ἐπιχειροῦσι
3295 2611 3408 2671 τοῖς
3448 2609 3663 2679 ῥήμασί

413 2735 821 2793 modulatione:
865 2728 1101 2783 multum
1152 2724 1295 2778 enim
1336 2736 1365 2775 a
1414 2716 1796 2773 Demosthenis
1841 2711 1970 2780 style

2104 2721 2140 2755 ἐ
2174 2710 2266 2757 καὶ
2287 2702 2513 2772 ὀνόμασι
2548 2700 2641 2753 καὶ
2657 2700 2722 2768 τῇ
2756 2698 2856 2767 τῆς
2880 2696 3182 2758 συνθέσεως
3211 2696 3446 2768 ἁρμονίᾳ
3467 2709 3481 2724 ·
3518 2694 3661 2748 πολὺ

416 2828 732 2883 abhorrere.
782 2820 1134 2874 Attenuatam
1173 2813 1320 2866 enim
1361 2820 1415 2865 et
1453 2808 1774 2863 dissolutam
1816 2802 1973 2872 hujus

2105 2796 2190 2865 ’ἀρ
2242 2794 2416 2847 ταῦτα
2480 2790 2763 2844 λείπεσθαι
2814 2787 2909 2841 τοῦ
2968 2786 3371 2857 Δημοσθενικοῦ
3431 2784 3605 2839 τύπου
3645 2804 3662 2817 ·

413 2917 679 2975 orationis
722 2928 843 2969 esse
874 2908 1139 2981 phrasim,
1186 2914 1239 2959 et
1268 2901 1504 2958 oratoris
1546 2898 1803 2953 facultate
1844 2892 1970 2949 infe-

2112 2885 2247 2940 1468
2288 2883 2382 2956 R.]
2428 2882 2718 2952 ἀνειμένην
2747 2897 2807 2933 τε
2830 2880 2942 2951 γὰρ
2974 2874 3116 2932 εἶναι
3149 2879 3354 2949 ταύτην
3386 2878 3478 2931 καὶ
3512 2878 3669 2931 λελυ-

416 3017 658 3068 riorem:
699 3005 791 3061 alii
827 3017 953 3058 vero
994 2998 1372 3069 abjudicantes
1407 2990 1778 3055 Demostheni,
1810 2987 1973 3058 Hege-

2114 2975 2276 3044 ιένην,
2328 2973 2421 3025 καὶ
2466 2972 2564 3039 τῆς
2590 2970 2684 3022 τοῦ
2729 2969 2958 3040 ῥήτορος
3006 2968 3135 3038 περὶ
3174 2966 3347 3021 ταῦτα
3381 2967 3671 3038 δυνάμεως

416 3048 658 3068 ..νιν-η.
699 3048 791 3061 .....
836 3048 950 3058 η.-
995 3048 1362 3069 --ν---πο
1763 3048 1776 3055 ,
1892 3048 1920 3058 ν

415 3107 573 3177 sippo
618 3100 885 3155 tribuunt.
933 3091 1194 3162 Equidem
1226 3103 1349 3143 cum
1373 3084 1712 3142 observarim
1736 3081 1972 3137 diverso-

2113 3064 2485 3134 λαττουμὲνην
2515 3062 2614 3133 τὴν
2643 3061 2863 3131 φράσιν.
2895 3059 3007 3113 Καὶ
3027 3060 3081 3112 οῖ
3112 3076 3175 3127 γε
3207 3059 3370 3113 αὑτὸν
3394 3061 3670 3132 ἀφαιρού-

416 3151 462 3163 -.
505 3151 569 3173 τ-
996 3151 1014 3162 _

416 3151 538 3254 rurm
562 3194 839 3250 orationes
862 3199 1144 3243 oratorum
1171 3181 1377 3236 similes
1401 3177 1676 3234 interdum
1698 3176 1973 3235 exsistere,

2113 3172 2237 3208 ιενοι
2263 3154 2358 3207 τοῦ
2382 3153 2755 3223 Δημοσθένους
2785 3152 2865 3215 εἰς
2905 3151 3246 3222 Ἡγήσιππον
3279 3154 3670 3224 ἀναφέρουσιν.

416 3301 470 3347 et
489 3297 678 3346 contra
701 3283 945 3353 ejusdem
980 3275 1224 3333 auctoris
1242 3272 1538 3328 dissimiles
1589 3280 1973 3336 nonnunquam

2114 3245 2237 3315 Εγὼ
2297 3246 2353 3299 δὲ
2415 3243 2571 3308 εἰδὼς
2652 3244 2912 3307 πολλάκις
2986 3245 3077 3296 καὶ
3129 3245 3320 3313 λόγους
3386 3246 3670 3316 διαφόρων

419 3333 470 3347 υ.
491 3333 678 3346 νη---
706 3333 908 3353 ηηην
1838 3333 1851 3336 _

419 3384 651 3441 evadere
692 3378 973 3434 orationes
1002 3376 1148 3444 _(non
1181 3371 1324 3425 enim
1378 3367 1430 3420 in
1470 3364 1701 3421 dicendo
1730 3362 1976 3424 facultas,

2121 3336 2425 3407 ἐννητόρων
2471 3334 2672 3405 πολλὴν
2721 3333 2944 3405 ἔχοντας
2976 3334 3072 3404 τὴν
3093 3336 3385 3405 ὁμοιότητα
3430 3337 3523 3388 καὶ
3554 3336 3678 3389 διά-

418 3472 720 3546 prmsertim
768 3470 822 3521 in
864 3465 1099 3537 propriis
1130 3477 1193 3516 ac
1225 3459 1459 3514 maxime
1502 3455 1822 3525 opportunis
1863 3466 1975 3505 ora-

2121 3445 2253 3499 ιορον
2277 3427 2538 3499 ἐργασίαν
2566 3426 2741 3495 λόγων
2784 3427 2876 3479 τδν
2921 3428 3085 3480 αὐτὸν
3116 3428 3442 3495 ἐγνωκότων
3475 3431 3678 3500 γεννή-

2123 3537 2216 3546 --..
2268 3519 2346 3546 [ιι-⁸.
2376 3520 2483 3546 “.1...
2543 3520 2621 3546 ιιι-Σ
2676 3518 3015 3546 ..-Δι’-...ιριι
3051 3520 3318 3546 ι--..--,.-
3373 3519 3462 3546 ...Α
3509 3520 3643 3546 2.....\

421 3518 720 3546 r-w-v-"u-
769 3518 822 3521 -—-
865 3518 916 3537 Γ
970 3518 982 3533 ι
1539 3518 1591 3525 --

421 3566 682 3625 tionibus,
720 3570 779 3613 ut
811 3572 910 3613 nec
950 3556 1004 3610 in
1039 3556 1162 3609 aliis
1208 3554 1370 3607 rebus
1410 3548 1684 3609 omnibus,
1726 3546 1978 3598 immuta-

2123 3537 2220 3590 ορα
2266 3519 2347 3589 (οὺ
2376 3520 2485 3590 γὰρ
2541 3520 2626 3571 ἀεὶ
2676 3518 3015 3589 καθέστηκεν
3048 3520 3318 3588 ἄτρεπτος
3373 3519 3467 3571 καὶ
3505 3520 3680 3574 ἀναλ-

423 3653 551 3708 bilis
591 3608 694 3715 est',
725 3662 790 3703 ac
816 3646 903 3701 sui
928 3653 1188 3715 perpetuo
1218 3638 1432 3708 similis)
1471 3649 1705 3703 cumque
1741 3634 1882 3687 hanc
1907 3630 1980 3683 di.

2124 3613 2313 3673 οίωτος
2365 3610 2507 3662 κατὰ
2562 3610 2757 3672 πάντα,
2815 3608 3006 3679 ὥσπερ
3034 3609 3157 3662 οὐδὲ
3206 3611 3263 3661 ἐν
3302 3611 3415 3672 τοῖς
3465 3610 3680 3676 ἄλλοις,

422 3745 738 3802 versitatem
796 3740 885 3794 hic
951 3735 1403 3796 animadvertam,
1460 3726 1816 3796 pronuntiare
1878 3739 1979 3777 non

2122 3702 2260 3764 ῦτως
2290 3702 2409 3754 οὐδὲ
2433 3700 2574 3753 κατά
2609 3702 2737 3764 τοὺς
2765 3699 2955 3767 λόγους
2984 3701 3016 3769 ἡ
3044 3700 3357 3771 ἀνθρωπίνη
3394 3700 3677 3772 δύναμις),

424 3840 627 3904 ausim,
677 3836 821 3892 sitne
862 3830 1151 3902 Hegesippi
1181 3828 1317 3891 haec,
1349 3841 1418 3879 an
1460 3820 1842 3877 Demosthenis
1868 3834 1981 3872 ora-

2125 3796 2265 3855 ,λλως
2294 3811 2353 3845 τε
2370 3794 2425 3846 δὲ
2458 3794 2579 3846 οὐδέ
2602 3795 2658 3845 ἐν
2686 3795 2799 3855 τοῖς
2814 3793 3201 3862 καιριωτάτοις
3232 3792 3338 3846 τῶν
3368 3793 3682 3863 ἰδιωμάτων

2160 3885 2184 3895 ”⁹
2233 3888 2444 3904 l'____,
2511 3883 2638 3904 1“).
2692 3884 2779 3904 --μὶ
2827 3883 3026 3904 --.-Ἶ-..-,
3084 3882 3167 3904 1-9
3196 3883 3239 3904 Αμ
3261 3884 3370 3904 !_-___
3405 3884 3540 3904 1-...-.
3575 3884 3640 3904 _3_

2091 3885 2187 3938 τοῦ
2221 3888 2469 3955 ῥήτορος,
2503 3883 2641 3936 ἀλλά
2690 3884 2787 3935 καὶ
2824 3883 3028 3950 ταύτην
3080 3882 3167 3934 ἐπ’
3193 3883 3372 3950 ὀλίγον
3400 3884 3541 3953 ὁρῶν
3573 3884 3684 3954 τὴν

2092 3977 2377 4047 διαφοράν,
2404 3976 2505 4028 οὐκ
2546 3974 2654 4045 ἔχω
2687 3974 2909 4045 θαρρεῖν
2938 3974 3319 4043 ἀποφήνασθαι
3350 3975 3459 4026 εἴτε
3502 3976 3682 4047 Ἡγη-

2097 4068 2301 4119 σίππου
2354 4066 2515 4129 πόνος
2563 4068 2590 4118 ό
2644 4067 2774 4135 περὶ
2842 4065 3163 4134 Ἀλοννήσου
3220 4066 3377 4133 λόγος
3410 4068 3520 4118 εῖτε
3574 4069 3687 4137 τῆς

2094 4159 2498 4231 Δημοσθενικῆς
2547 4156 2832 4225 ἐλάττωμα
2886 4155 3188 4223 καθέστηκε
3225 4156 3458 4224 φύσεως.

494 4275 756 4331 Similiter
794 4283 847 4329 et
888 4272 1218 4333 orationem.
1272 4285 1393 4339 quae
1423 4269 1739 4324 inscribitur
1765 4269 1830 4323 de
1859 4267 1995 4324 Con-

2180 4250 2454 4311 Ὠσαύτως
2485 4246 2543 4301 δὲ
2590 4248 2802 4300 καὶτὸν
2826 4247 3002 4314 λόγον,
3043 4248 3104 4309 ὃς
3146 4247 3512 4317 ἐπιγράφεται
3549 4251 3685 4321 περὶ

426 4366 723 4425 ditionibus
767 4364 834 4419 ad
872 4363 1263 4424 Alexandrum,
1310 4358 1562 4431 Hyperidi
1610 4362 1792 4430 potius
1828 4377 1983 4431 quam

2129 4342 2204 4395 ῶν
2238 4344 2374 4412 πρὸς
2414 4340 2760 4409 Ἀλέξανδρον
2791 4339 3095 4407 συνθηκῶν,
3139 4339 3431 4409 Ὑπερείδῃ
3458 4342 3499 4371 ³⁵
3534 4344 3682 4411 μᾶλ-

428 4453 783 4511 Demostheni
827 4451 1153 4516 attribuunt,
1198 4450 1346 4519 quod
1377 4464 1499 4503 cum
1534 4450 1723 4505 multis
1751 4449 1871 4503 aliis
1896 4448 1985 4501 De-

2129 4453 2187 4488 ον
2216 4435 2249 4504 ἢ
2284 4431 2616 4503 Δημοσθένει
2646 4433 3069 4501 προσνέμουσιν,
3110 4433 3193 4485 ὅτι
3229 4450 3333 4504 περ
3363 4433 3586 4497 πολλοῖς
3618 4452 3683 4486 τε

428 4543 741 4599 mosthenes
796 4539 1006 4594 artibus
1054 4538 1294 4607 reliquos
1340 4547 1585 4593 oratores
1633 4538 1843 4601 vicerit,
1881 4548 1985 4591 tum

2130 4524 2279 4585 ιλλοις
2295 4525 2322 4576 ὁ
2344 4521 2692 4592 Δημοσθένης
2718 4521 3053 4574 πλεονεκτῶν
3072 4521 3181 4574 τῶν
3203 4521 3402 4574 λοιπῶν
3428 4524 3687 4595 ρητόρων

427 4630 779 4701 potissimum
826 4626 1117 4681 verborum
1168 4625 1379 4679 delectu
1431 4627 1725 4694 superarit.
1774 4625 1841 4679 At
1885 4626 1984 4679 hau

2126 4612 2196 4664 ιαὶ
2239 4614 2305 4683 τῇ
2332 4612 2442 4664 τῶν
2492 4611 2773 4681 ὀνομάτων
2803 4609 3000 4681 ἐκλογῇ
3039 4611 3133 4663 ἐπὶ
3171 4612 3235 4663 τὸ
3270 4612 3312 4642 ’⁸
3341 4611 3568 4681 ἄμεινον
3597 4614 3683 4666 δι-

430 4699 611 4771 nratio
655 4716 820 4769 habet
872 4713 1167 4767 nonnullas
1218 4727 1383 4767 voces
1434 4727 1542 4765 non
1591 4713 1883 4778 oratorias,
1942 4725 1987 4766 ut

2133 4704 2377 4773 νήνοχεν,
2405 4703 2433 4754 ὁ
2454 4702 2511 4755 δὲ
2544 4699 2641 4755 νῦν
2669 4700 2823 4769 λόγος
2856 4699 2969 4770 ἔχει
3004 4719 3055 4754 τι
3092 4702 3184 4753 καὶ
3210 4700 3317 4753 τῶν
3340 4702 3401 4753 οὐ
3434 4702 3690 4769 λογάδων

420 3935 520 3990 tio.

429 4804 769 4865 νεόπλουτος,
801 4799 1217 4871 βδελυρεύεσθαι
1244 4809 1298 4854 et
1326 4800 1430 4853 alia
1461 4799 1683 4853 similia.
2104 4792 2318 4862 φωνῶν,
2340 4791 2530 4863 ὥσπερ
2550 4791 2610 4844 τὸ
2631 4793 2997 4856 νεόπλουτος
3013 4792 3106 4844 καὶ
3126 4790 3691 4859 τὸβόελυρεύεσθαι

2107 4885 2204 4939 καὶ
2231 4884 2393 4957 ἕτερά
2421 4901 2545 4937 τινα
2572 4883 2818 4938 τοιαῦτα.

504 4977 647 5033 Sunt
675 4976 840 5031 etiam
866 4975 960 5045 qui
998 4975 1137 5029 duas
1172 4974 1227 5027 in
1260 4972 1687 5043 Aristogitonem
1724 4974 2003 5028 orationes

2176 4976 2299 5029 Εἰσὶ
2319 4976 2376 5028 δὲ
2405 4975 2453 5027 οἳ
2485 4976 2579 5030 καὶ
2603 4976 2726 5039 τοὺς
2756 4976 2850 5028 δύο
2872 4977 2998 5037 τοὺς
3027 4976 3067 5006 ⁸⁷
3096 4975 3237 5029 κατὰ
3279 4976 3691 5045 Ἀριστογείτο-

430 5067 591 5137 quasi
620 5079 731 5119 non
772 5076 1061 5133 germanas
1094 5061 1379 5132 rejiciant:
1432 5060 1526 5117 sed
1565 5069 1745 5117 tamen
1769 5077 1879 5115 non
1918 5060 1987 5114 in-

2135 5084 2199 5128 ’ος
2227 5065 2301 5127 ὡς
2332 5064 2517 5127 νόθους
2550 5067 3025 5137 παραγράφονται’
3067 5064 3183 5119 ἀλλ’
3211 5062 3357 5120 οὗτοι
3384 5069 3479 5121 καὶ
3504 5069 3692 5139 ὀρφα-

432 5156 617 5209 dicant
660 5160 940 5206 auctorem
982 5164 1196 5212 earum,
1230 5150 1371 5203 inter
1396 5163 1538 5219 quos
1569 5164 1712 5204 unus
1744 5160 1828 5204 est
1886 5149 1989 5204 Dio.

2143 5158 2235 5219 οὺς
2262 5155 2462 5218 αὐτοὺς
2493 5156 2738 5223 ἀφιᾶσιν,
2768 5158 2867 5210 οὐκ
2899 5156 3113 5226 ἔχοντες
3142 5159 3316 5211 εἰπεῖν
3344 5160 3471 5222 τοὺς
3497 5159 3699 5211 τεκόν-

434 5242 625 5311 nysius
649 5238 1118 5303 Halicarnasseus,
1154 5251 1262 5290 non
1289 5250 1545 5304 magnum
1572 5238 1852 5292 sententia:
1880 5254 1991 5306 pm

2139 5266 2230 5311 ἀς.
2253 5244 2353 5301 Ὧν
2370 5242 2448 5309 εἷς
2465 5248 2657 5315 γέγονε
2679 5249 2772 5301 καὶ
2787 5248 3061 5311 Διονύσιος
3079 5250 3107 5301 ό
3137 5249 3597 5320 Ἁλικαρνασσεὺς
3618 5251 3696 5314 ³⁸,

439 5331 616 5386 ferens
667 5330 1063 5395 testimonium,
1114 5342 1214 5382 nec
1268 5328 1596 5399 investigare
1643 5330 1893 5392 studens,
1948 5341 1996 5383 ιιι

2147 5335 2265 5388 ύδὲν
2300 5337 2441 5406 μέγα
2471 5336 2769 5407 τεκμήριον
2791 5337 2891 5405 τῆς
2923 5338 3057 5401 ἰδίας
3090 5338 3413 5409 ὑπολήψεως
3440 5343 3701 5410 παρεχό-

436 5424 607 5494 pluris
677 5423 795 5477 fieri
844 5421 1039 5477 debeat
1079 5419 1419 5490 Aristogiton
1465 5428 1657 5475 contra
1708 5436 1769 5477 se
1808 5421 1993 5476 Demo-

2147 5442 2298 5491 ιενος,
2350 5426 2472 5479 ούδέ
2519 5428 2695 5480 ἐκεῖνο
2748 5428 2976 5483 συνιδεῖν
3024 5428 3318 5500 ἐθελήσας,
3370 5431 3447 5494 ὡς
3502 5431 3704 5503 πολλῷ

1712 5535 1946 5590 VARUE
1988 5536 2395 5593 LECTIONES.

445 5654 557 5779 oe”
591 5654 698 5706 τῶν
725 5651 922 5755 ιξήσφων
950 5649 1525 5707 Pseudo—Plutarchus
1556 5671 1569 5706 :
1596 5668 1719 5707 nam
1747 5651 1926 5737 Photii
1967 5655 2091 5709 libri
2125 5655 2364 5724 Σισύφῳ.
2470 5656 2511 5686 ¹¹
2544 5654 2887 5727 καταϐαλεῖν]
2918 5655 3175 5711 ἀποτῖσαι
3212 5655 3271 5710 Β.
3369 5656 3412 5687 ¹²
3442 5656 3706 5723 ἀνεγνώ-

514 5742 544 5779 η
577 5724 638 5776 A.
716 5725 734 5755 ¹
815 5721 1087 5779 Αλονήσου
1122 5736 1183 5779 ς’.
1276 5722 1317 5752 ³⁸
1348 5722 1441 5775 καὶ
1494 5732 1621 5778 ante
1676 5740 1816 5777 κατα
1842 5740 1953 5778 om.
1994 5725 2089 5779 l5.-'
2161 5728 2202 5757 ¹⁵
2245 5724 2503 5779 ’Υπεοίδη
2538 5742 2597 5779 ς.
2693 5726 2819 5779 “ab
2872 5726 2996 5779 add.
3029 5728 3094 5779 A.
3219 5727 3261 5757 ”
3288 5725 3413 5779 τοὺς
3443 5737 3563 5779 nost
3594 5726 3706 5779 δύο

446 5725 545 5794 σθη
577 5724 638 5776 A.
716 5721 761 5755 “
790 5721 1087 5811 ᾌλονήσου
1122 5736 1207 5807 g.‘
1276 5722 1317 5752 ”
1348 5722 1441 5775 καὶ
1494 5732 1621 5778 ante
1676 5724 1816 5777 κατὰ
1842 5740 1953 5778 om.
1994 5725 2089 5779 l5.-'
2161 5728 2202 5757 ¹⁵
2245 5721 2503 5796 ’Υπερίδῃ
2538 5742 2597 5789 ς.
2693 5726 2735 5757 ¹⁶
2759 5726 2819 5779 τὸ
2867 5721 2996 5781 add.
3029 5728 3094 5784 A.
3219 5727 3261 5757 ”
3288 5725 3413 5788 τοὺς
3443 5721 3563 5796 post
3594 5726 3707 5779 δύο

446 5798 569 5852 add.
606 5793 663 5846 Β.
742 5792 785 5824 ¹⁸
845 5791 1255 5854 Δλικαρνασευς
1287 5810 1345 5854 ς.
