3944 6242
301 282 396 346 ῙΤΙ
1360 282 1882 345 BIBLIOTHECA.
1916 304 1985 317 -·
2015 280 2180 341 COD.
2219 281 2475 342 CCLXV.

3432 278 3534 346 178

297 388 491 462 μείζων
528 389 681 444 ἐστὶν
720 391 868 462 ᾗπερ
909 391 945 461 ἡ
991 390 1203 445 ἐκείνου
1248 392 1530 464 ἀπόφασις
1580 393 1743 455 αὐτὸς
1772 393 1801 445 ὁ
1824 392 1859 423 ¹¹

1972 390 2190 447 thenem
2233 390 2439 447 dixisse
2484 390 2793 458 confessus,
2850 404 3019 463 quam
3071 389 3315 461 Dionysii
3365 405 3531 461 nega-

305 481 718 549 ’Λριστογείτων
761 483 1111 553 ἀνομολογῶν
1154 485 1503 557 Δημοσθένην
1544 484 1665 538 κατ’
1695 481 1861 537 αὐτοῦ

294 574 623 642 γεγραφέναι
646 590 661 603 ·
713 576 812 629 καὶ
864 575 975 645 γὰρ
1031 577 1470 648 ἀπολογούμενος
1523 578 1626 631 οὐκ
1674 578 1732 630 ὲν
1783 576 1863 645 τῷ

248 690 251 691 ⁷
293 666 557 734 παρέργῳ
596 664 795 734 λέγων,
826 668 941 723 ἀλλ’
961 668 1239 739 ἐπιμελῶς
1271 668 1775 739 ἀνταγωνιζόμενος
1806 670 1865 721 ἐν

288 754 366 824 τῷ
389 755 531 826 λόγῳ
556 758 833 813 δείκνυται
852 802 866 825 ,
896 760 957 824 ὃς
984 761 1392 832 ἐπιγέγραπται
1429 761 1695 829 ἀπολογία
1726 760 1866 831 πρὸς

287 845 386 917 τὴν
422 847 652 914 ἔνδειξιν
684 850 1027 923 Λυκούργου,
1060 854 1155 907 καὶ
1184 854 1581 924 Δημοσθένους.

356 940 470 993 Καὶ
500 942 530 993 ό
559 943 702 995 κατά
728 944 951 997 Μειδίου
977 946 1023 977 ⁸ο
1047 945 1105 998 δὲ
1146 947 1243 1000 καὶ
1272 946 1391 999 κατ’
1422 947 1678 1017 Αἰσχίνου
1705 944 1863 1013 λόγος

281 1030 468 1084 αἰτίαν
498 1030 624 1102 έσχε
658 1034 719 1086 τὸ
745 1035 788 1065 ²¹
819 1036 893 1107 μὴ
932 1035 1028 1106 τὴν
1058 1036 1231 1107 αὐτὴν
1267 1038 1411 1093 κατά
1456 1039 1635 1092 πάντα
1659 1037 1863 1107 ἀρετὴν

278 1123 364 1195 τῷ
407 1126 801 1197 Δημοσθενικῷ
852 1128 1328 1183 συνδιασώσασθαι
1382 1129 1692 1201 χαρακτῆρι
1715 1145 1730 1161 ⁸
1767 1128 1866 1182 καὶ

278 1216 395 1288 γὰρ
420 1218 481 1271 ὲν
508 1221 620 1281 τοῖς
645 1219 767 1273 δυσί⁸
794 1219 1006 1284 τούτοις
1038 1221 1219 1290 λόγοις
1242 1225 1306 1276 ὲκ
1337 1221 1744 1292 διαλειμμάτων
1775 1238 1861 1273 τι-

276 1312 392 1364 νῶν
415 1316 537 1375 ταῖς
570 1314 762 1378 αὐταῖς
794 1316 1028 1380 ἐννοίαις
1073 1316 1381 1371 ἐπιϐάλλων
1409 1315 1744 1386 ἁμιλλᾶσθαι
1772 1315 1862 1368 δοι-

275 1405 375 1455 κεῖ
400 1404 537 1473 πρὸς
558 1405 772 1471 ἑαυτὸν,
800 1406 989 1478 ὥσπερ
1010 1408 1369 1480 ἀσκούμενος,
1401 1408 1517 1462 ἀλλ’
1540 1409 1641 1462 οὐκ
1656 1409 1744 1460 ἐπ’
1766 1406 1865 1460 αὑ-

274 1501 394 1558 τοῖς
417 1497 822 1568 ἀγωνιζόμενος
848 1501 963 1563 τοῖς
986 1498 1191 1570 ἔργοις.
1226 1500 1320 1553 Διὸ
1360 1500 1454 1554 καί
1482 1516 1629 1564 τινες
1653 1498 1864 1569 ἔφησαν

274 1587 546 1654 ἑκάτερον
577 1588 736 1656 λόγον
778 1590 838 1642 ἐν
875 1589 1070 1654 τύποις
1108 1590 1572 1661 καταλειφθῆναι,
1611 1589 1748 1642 ἀλλὰ
1788 1588 1863 1660 μὴ

275 1677 421 1747 πρὸς
442 1677 657 1732 ἔκδοσιν
688 1680 1149 1752 διακεκαθάρθαιο
1193 1681 1373 1735 καίτοι
1398 1680 1491 1734 καὶ
1516 1679 1675 1733 τοῦτο
1701 1677 1859 1731 εὐλα-

1968 484 2043 538 tio
2072 483 2208 555 (ίὲ).
2254 482 2467 539 Etenim
2526 482 2905 539 defendentem
2972 497 3032 539 se
3065 497 3179 539 non
3209 482 3402 546 obiter,
3437 483 3535 539 sed

1965 586 2215 632 accurate
2260 576 2619 631 exadversum
2655 575 3004 632 contendisse
3052 589 3119 629 ea
3163 572 3413 630 oratione
3435 589 3534 644 apo

1965 680 2137 740 paret,
2170 685 2291 740 quae
2315 668 2636 724 inscribitur
2667 668 2932 739 Apologia
2957 676 3153 725 contra
3177 665 3529 723 demonstra-

1965 765 2167 819 tionem
2191 761 2441 835 Lycurgi,
2471 770 2526 817 et
2558 761 2960 818 Demosthenis.

2034 941 2224 998 Oratio
2261 955 2483 1012 quoque
2508 946 2700 995 contra
2734 936 2956 993 Midiam
2999 945 3054 993 et
3083 944 3276 993 contra
3310 931 3533 989 Eschi-

1964 1046 2088 1088 nem
2118 1044 2299 1085 causa:
2324 1028 2448 1092 fuit,
2479 1042 2578 1081 cur
2598 1024 2977 1080 Demosthenis
2997 1038 3119 1079 esse
3144 1038 3254 1078 non
3285 1022 3533 1076 diceren-

1966 1131 2074 1184 tur,
2107 1118 2252 1190 quod
2282 1131 2392 1172 non
2424 1115 2565 1170 idem
2622 1112 2818 1184 stylus.
2866 1111 3079 1166 Etenim
3126 1109 3179 1164 in
3206 1110 3291 1163 his
3318 1106 3532 1163 duabus

1964 1212 2304 1273 orationibus
2325 1224 2390 1265 ex
2420 1206 2719 1276 interiectis
2745 1202 3072 1275 quibusdam
3097 1216 3315 1271 urgens,
3339 1198 3529 1253 iisdem

1964 1305 2319 1375 argumentis,
2348 1315 2537 1357 secum
2581 1298 2695 1368 ipse
2721 1310 2963 1367 pugnare
2990 1295 3225 1360 videtur,
3257 1292 3416 1362 quasi
3451 1290 3536 1344 di-

1965 1400 2174 1455 micans
2228 1408 2282 1450 et
2311 1408 2419 1447 non
2468 1404 2656 1445 revera
2689 1401 2962 1459 pugnans.
2998 1385 3136 1439 Hinc
3180 1394 3234 1439 et
3282 1380 3532 1438 nonnulli

1963 1492 2217 1549 dixerunt
2238 1484 2433 1558 ωιὺ
2466 1492 2749 1551 utramque
2771 1480 3078 1532 orationem
3107 1476 3160 1530 in
3200 1473 3529 1531 adversariis

1963 1583 2229 1638 duntaxat
2295 1576 2562 1640 relictam,
2616 1584 2792 1640 neque
2849 1568 3057 1638 integre
3105 1568 3173 1621 ad
3231 1565 3526 1621 editionem

1966 1674 2232 1730 relictam.
2281 1667 2398 1723 Hoc
2455 1665 2603 1720 enim
2664 1659 2909 1717 timidius
2968 1675 3033 1715 ac
3082 1656 3535 1725 circumspectius

272 1737 441 1822 δέστε
451 1786 545 1841 ρον
566 1770 619 1822 οἰ
643 1769 901 1840 ῥηθέντες
925 1737 1075 1840 λόγοι
1105 1771 1372 1825 ποιοῦσιν.
1412 1770 1553 1824 Ἀλλ’
1576 1771 1629 1825 οἵ
1652 1786 1715 1839 γε
1741 1767 1859 1823 τού-

1966 1781 2125 1837 agere
2152 1764 2427 1819 videntur.
2466 1759 2573 1814 Sed
2610 1758 2701 1828 qui
2750 1757 2850 1811 has
2878 1755 3162 1816 damnant,
3204 1749 3336 1819 quid
3364 1747 3444 1802 illi
3472 1748 3537 1805 dc

272 1877 409 1924 τους
438 1860 760 1931 αἰτιώμενοι
804 1863 859 1917 τί
908 1863 976 1918 ἂν
1024 1865 1185 1931 φαῖεν
1234 1864 1364 1933 περί⁵
1407 1861 1762 1934 Ἀριστείδου,
1804 1860 1864 1925 δς

272 1954 378 2003 καὶ
409 1952 738 2023 κατακόρως
776 1954 854 2025 τῷ
888 1953 1141 2025 ἰδιώματι
1172 1956 1346 2026 τούτῳ
1377 1954 1630 2024 φαίνεται
1661 1970 1865 2025 κεχρη-

280 2044 464 2108 μένος,
494 2042 685 2115 ὦσπερ
718 2047 814 2098 καὶ
841 2045 919 2115 τῷ
943 2048 1195 2116 προϊέναι
1217 2048 1264 2079 ³³
1292 2047 1434 2100 κατὰ
1461 2046 1559 2110 τὰς
1597 2047 1863 2116 ἐργασίας

280 2133 425 2202 πέρα
451 2132 551 2186 τοῦ
595 2134 839 2205 μετρίου,
873 2137 968 2189 καὶ
988 2137 1038 2168 ³³
1062 2135 1142 2207 τῷ
1175 2136 1417 2208 περιττῷ
1458 2134 1658 2207 μᾶλλον
1706 2136 1739 2208 ἢ
1785 2135 1862 2207 τῷ

291 2224 465 2293 μέτρῳ
490 2224 595 2295 τῆς
621 2225 813 2296 χρείας
851 2228 1454 2299 συμπαρεκτείνεσθαι;
1488 2227 1722 2298 μάλιστα
1749 2226 1805 2280 δὲ
1832 2228 1862 2280 ὁ

288 2318 403 2369 κατ’
428 2316 689 2387 Αἰσχίνου
716 2318 875 2387 λόγος
902 2322 1177 2392 παρέσχεν
1206 2322 1388 2377 αἰτίαν
1417 2323 1475 2375 ὲν
1500 2323 1859 2393 ὑπομνήμασι

281 2408 701 2477 καταλελεῖφθαι
752 2409 906 2465 οὔπω
949 2413 1049 2483 τὴν
1087 2414 1351 2484 ἐργασίαν
1404 2413 1722 2483 ἀπειληφὼς
1769 2430 1860 2467 τε-

278 2498 449 2551 λείαν·
474 2499 612 2553 διότι
634 2502 730 2554 καὶ
755 2501 791 2555 ἃ
811 2502 948 2572 πρὸς
966 2502 1065 2573 τὴν
1091 2503 1431 2576 κατηγορίαν
1453 2504 1577 2576 [801
1610 2502 1702 2575 Η.]
1731 2504 1861 2557 πολ-

227 2661 234 2667 ,
278 2588 377 2660 λὴν
410 2590 539 2661 ἔσχε
583 2590 684 2662 τὴν
730 2593 1086 2664 ἀμυδρότητα
1131 2594 1226 2649 καὶ
1270 2595 1622 2666 κουφότητα,
1654 2596 1749 2649 ἐπὶ
1791 2596 1859 2665 τῇ

276 2681 504 2752 τελευτῇ
538 2680 631 2734 τοῦ
666 2682 825 2750 λόγου
858 2683 1150 2755 παρέθετο·
1184 2685 1319 2756 ὅπερ
1348 2684 1449 2737 οὐκ
1478 2684 1545 2738 ἂν
1584 2684 1857 2753 περιεῖδεν

274 2772 304 2822 ὁ
333 2771 543 2840 ῥήτωρ,
564 2771 646 2834 εἰς
674 2770 921 2835 ἐξέτασιν
950 2773 1349 2844 ἀκριϐεστέραν
1373 2773 1482 2828 τῶν
1507 2774 1655 2828 ἰδίων
1683 2773 1859 2841 λόγων

275 2860 575 2925 καταστάς.
626 2862 789 2917 Ἀλλά
820 2864 928 2935 γὰρ
972 2865 1071 2933 οὐχ
1122 2862 1266 2917 οὕτω
1296 2863 1612 2937 πρόεισινιὸ
1659 2863 1859 2917 Λυσίου

274 2952 417 3005 κατά
448 2953 911 3026 Μνησιπτολέμου
943 2954 1133 3022 λόγος,
1170 2955 1228 3007 ὲν
1259 2956 1394 3008 πᾶσι
1426 2954 1483 3007 δὲ
1522 2956 1634 3017 τοῖς
1666 2953 1858 3022 δεομέ-

274 3044 629 3141 νοις-μέρεσι
669 3045 732 3141 τί)
773 3045 1074 3141 παθητικὸν
1109 3046 1372 3117 φυλάξας,
1391 3045 1512 3099 οὐδὲ
1549 3043 1859 3114 παυόμενος
1886 3080 1931 3141 C

274 3137 373 3206 τῆς
395 3137 669 3209 ἐπιφορᾶς
693 3138 928 3211 ἀπέστη,
954 3140 1196 3194 ἐπέτεινε
1222 3140 1280 3193 δὲ
1309 3138 1530 3211 μᾶλλον,
1563 3138 1685 3192 οὐδὲ
1711 3136 1853 3190 κατὰ

274 3231 335 3282 τὸ
370 3230 526 3294 τέλος
570 3232 699 3295 τοὺς
742 3231 1015 3304 ἀκροατὰς
1060 3231 1303 3295 ἀποστὰς
1350 3230 1696 3302 παροξύνειν.
1744 3227 1857 3282 Καὶ

280 3320 467 3386 μέντοι
508 3320 604 3373 καὶ
632 3320 724 3373 τὸν
771 3322 1223 3394 παραπρεσϐείας
1249 3322 1296 3353 ⁸⁸
1325 3322 1471 3384 τινὲς
1499 3321 1558 3373 ὲν
1604 3318 1855 3390 ὑπομνή-

278 3415 411 3482 μασί
445 3433 581 3485 φασι
610 3416 1064 3486 καταλειφθῆναι,
1097 3417 1212 3471 ἀλλ’
1239 3418 1301 3471 οὐ
1331 3418 1470 3488 πρὸς
1499 3416 1711 3469 ἔκδοσιν
1733 3413 1857 3468 οὑδὲ

274 3505 413 3573 πρὸς
448 3506 512 3559 τὸ
545 3505 647 3576 τῆς
684 3507 951 3579 ἐργασίας
994 3510 1403 3579 ἀπηρτισμένον
1453 3507 1763 3579 γεγράφθαι
1784 3506 1855 3559 ’⁵.

273 3598 370 3650 Διὰ
398 3596 487 3662 τί;
519 3596 683 3669 [1469
708 3598 802 3671 R.]
828 3600 963 3653 διότι
996 3601 1134 3669 μετὰ
1162 3601 1232 3655 τὰ
1261 3600 1571 3671 έπιλογικὰ,
1604 3600 1774 3653 πολλά
1796 3616 1858 3652 τε

1965 1851 2510 1925 Aristidejudicent?
2536 1851 2626 1920 qui
2660 1848 2729 1903 ad
2755 1860 3017 1902 nauseam
3050 1857 3228 1912 usque
3258 1841 3363 1896 hoc
3396 1837 3536 1909 stylo

1966 1950 2161 2013 utitur,
2191 1958 2251 2003 ut
2278 1945 2374 2016 qui
2404 1944 2476 1998 ‘in
2508 1956 2674 2012 opere
2702 1940 2924 1994 modum
2965 1934 3212 1999 excedat,
3251 1941 3305 1986 et
3339 1944 3535 1999 snper-

1962 2041 2172 2099 ﬂuitate
2199 2038 2376 2110 magis
2434 2050 2599 2107 quam
2654 2029 3026 2088 mediocritate
3054 2024 3275 2082 utatur?
3304 2023 3539 2078 Maxime

1962 2148 2094 2191 vero
2119 2132 2293 2188 oratio
2318 2136 2509 2185 contra
2526 2124 2844 2180 Eschinem
2868 2118 3145 2175 asserendi
3175 2130 3365 2170 ansam
3391 2114 3538 2168 dedit

1965 2230 2020 2284 in
2042 2221 2373 2281 adversariis
2425 2218 2667 2274 relictam
2709 2227 2849 2277 esse,
2908 2210 3153 2264 nondum
3198 2216 3380 2261 tamen
3412 2219 3536 2274 per—

1962 2321 2180 2378 fectam.
2226 2313 2591 2383 Quamobrem
2627 2322 2748 2378 quae
2793 2306 2846 2360 in
2890 2301 3241 2357 accusatione
3279 2312 3534 2367 magnam

1964 2411 2164 2465 habent
2190 2403 2576 2461 obscuritatem
2601 2407 2656 2453 et
2681 2396 2979 2457 levitatem,
3006 2399 3249 2445 extrema
3282 2386 3535 2441 oratione

1962 2497 2286 2558 afferuntur,
2349 2490 2493 2561 quod
2542 2495 2728 2541 orator
2772 2498 2881 2536 non
2919 2478 3168 2542 attendit,
3224 2476 3399 2546 magis
3470 2473 3540 2527 de

1961 2582 2197 2656 propriis
2226 2560 2407 2633 verbis
2448 2573 2739 2630 sollicitus.
2780 2568 2997 2623 Etenim
3047 2581 3155 2619 non
3193 2564 3319 2618 talis
3360 2560 3537 2616 oratio

1962 2648 2137 2746 Lysiae
2160 2671 2216 2725 in
2251 2664 2745 2735 Mnesiptolemum,
2802 2655 2897 2714 sed
2936 2656 2990 2708 in
3027 2651 3303 2714 omnibus,
3334 2648 3536 2719 quibus

1961 2739 2196 2832 oportet,
2249 2754 2494 2827 partibus
2540 2749 2792 2804 aﬂ‘ectum
2840 2757 3086 2806 servans,
3127 2755 3231 2796 nec
3270 2739 3537 2809 impetum

1960 2852 2228 2925 reprimit.
2258 2862 2358 2903 nec
2379 2843 2581 2901 desinit
2608 2840 2886 2895 auditores
2920 2835 2984 2889 ad
3025 2842 3332 2888 extremum
3359 2843 3536 2900 usque

1959 2923 2216 3003 excitare.
2244 2940 2568 3007 Quanquam
2587 2944 2639 2989 et
2667 2932 2974 2988 orationem
3005 2930 3070 2983 de
3095 2926 3234 2982 falsa
3256 2923 3533 2996 legatione

1964 3032 2210 3092 nonnulli
2242 3032 2396 3085 aiunt
2433 3028 2487 3081 in
2532 3020 2943 3080 commentariis
2967 3019 3216 3073 relictam
3247 3029 3389 3082 esse,
3435 3027 3533 3069 ne-

1962 3140 2068 3196 que
2088 3122 2155 3177 ad
2181 3117 2476 3179 edendum,
2525 3127 2701 3181 neque
2755 3110 2963 3176 integre
2992 3106 3359 3174 conscriptam
3389 3117 3532 3158 esse.

1963 3187 2331 3279 Quamobrem
2361 3200 2585 3273 quaeso?
2623 3196 2762 3263 Quia
2790 3202 2918 3266 post
2942 3192 3208 3261 epilogos,
3250 3191 3342 3259 qui
3382 3187 3537 3241 nmlti

1964 3314 2111 3368 sunt,
2142 3309 2196 3356 et
2230 3297 2525 3353 maximam
2558 3298 2829 3360 occupant
2859 3286 3126 3342 orationis
3150 3291 3380 3353 partem,
3410 3294 3535 3333 cum

1964 3412 2124 3461 antea
2169 3394 2505 3467 objectiones
2563 3388 2763 3443 multas
2812 3384 3089 3447 refutarit,
3157 3380 3249 3435 hic
3312 3390 3537 3432 rursum

1963 3495 2185 3555 easdem
2217 3488 2438 3551 refellit,
2468 3482 2618 3555 quod
2646 3490 2839 3537 contra
2876 3475 3171 3532 artiﬁcium
3204 3480 3310 3535 est,
3345 3484 3410 3523 ac
3450 3468 3531 3522 le-

1961 3604 2055 3661 ges
2089 3581 2325 3640 dicendi.

273 3692 405 3745 ὄντα
588 3652 871 3763 σχεδδνλτὸ
935 3652 2106 3768 πλείστονημέρος-έπέχοντα,πολλὰςὶπρὸ
2133 3677 2314 3733 αὐτῶν
2346 3670 2649 3731 ἀντιθέσεις
2686 3664 2856 3721 εἰπὼν
2900 3661 3062 3715 πάλιν
3105 3659 3202 3713 ἐπὶ
3233 3652 3537 3716 ἀντιθέσεις

274 3782 564 3852 ἐτράπετο·
599 3784 743 3854 ὅπερ
773 3785 1193 3859 ἀνοικονόμητόν
1218 3788 1280 3840 τέ
1313 3789 1430 3841 ἐστι
1462 3788 1559 3840 καὶ
1582 3783 1991 3858 διερῤιμμένον.

344 3876 455 3928 Kal.
495 3876 590 3929 τὸν
631 3876 773 3945 ὑπὲρ
818 3877 1062 3947 Σατύρου
1108 3878 1167 3931 δὲ
1209 3878 1367 3948 λόγον
1407 3879 1505 3949 τῆς
1548 3876 1854 3948 ἐπιτροπῆς

270 3972 409 4037 πρὸς
450 3968 775 4039 Χαρίδημον
807 3972 855 4023 oi
893 3970 994 4039 μὲν
1023 3971 1160 4039 πρὸς
1196 3972 1298 4040 τὴν
1344 3970 1526 4040 κρίσιν
1570 3969 1783 4039 ἔχοντες
1808 3968 1853 3999 ’⁸

272 4062 332 4113 τὸ
361 4059 606 4130 ἀσφαλὲς
633 4061 1009 4130 Δημοσθένους
1049 4062 1300 4130 λέγουσιν
1344 4058 1484 4115 εἶναι
1507 4100 1522 4125 ,
1554 4063 1583 4113 ὁ
1613 4060 1671 4114 δὲ
1702 4057 1849 4112 Καλ-

270 4151 525 4221 λίμαχος,
560 4152 670 4205 οὐδ’
699 4154 883 4216 ἱκανὸς
917 4152 993 4205 ὣν
1031 4154 1260 4225 κρίνειν,
1292 4153 1585 4224 Δεινάρχου
1617 4151 1850 4223 νομίζει.

269 4244 429 4306 ,Τινὲς
460 4243 523 4297 δὲ
566 4243 731 4298 αὑτὸν
774 4244 1109 4298 ὑπεϐάλοντο
1151 4246 1352 4317 Λυσίᾳ,
1393 4245 1571 4298 καίτοι
1624 4243 1721 4297 καὶ
1761 4241 1854 4296 τὸν

272 4334 463 4405 χρόνον
512 4334 728 4404 ἔχοντες
768 4337 951 4395 αὐτοῖς
992 4337 1394 4409 διαμαχόμενον
1423 4337 1519 4390 καὶ
1554 4335 1645 4387 τὸν
1684 4334 1852 4387 τύπον

272 4426 491 4480 ᾶπαντα
540 4427 641 4496 τῆς
686 4427 949 4498 ἐργασίας
990 4428 1086 4481 καὶ
1125 4428 1196 4481 τὰ
1248 4427 1549 4497 πράγματα
1607 4425 1700 4478 καὶ
1754 4424 1855 4495 τὴν

274 4517 594 4588 ἑρμηνείαν.
624 4519 920 4590 Μαρτυρία
953 4518 1011 4574 δὲ
1040 4519 1136 4573 τοῦ
1166 4518 1567 4589 Δημοσθενικὸν
1596 4513 1736 4570 εἶναι
1762 4516 1854 4569 τὸν

273 4608 427 4677 λόγον
456 4610 557 4662 καὶ
589 4612 621 4662 ὁ
655 4611 1003 4681 πλαγιασμὸς
1036 4613 1131 4665 καὶ
1161 4613 1195 4683 ὴ
1236 4610 1489 4679 συνέχεια
1533 4609 1645 4662 τῶν
1691 4625 1854 4679 περι-

2030 3865 2099 3920 Ει
2130 3860 2435 3917 orationem
2486 3866 2586 3924 pro
2620 3847 2801 3920 Satyri
2834 3844 3004 3901 tutela
3032 3852 3227 3899 contra
3267 3838 3535 3897 Charide-

1955 3974 2129 4019 mum,
2157 3953 2293 4008 recti
2324 3961 2582 4005 censores
2607 3938 2991 3997 Demosthenis
3019 3950 3141 3990 esse
3170 3933 3377 3987 dicunt.
3410 3929 3535 3983 Cal-

1953 4048 2248 4110 limachus,
2285 4053 2482 4096 censor
2532 4050 2641 4089 non
2674 4030 2874 4095 bonus,
2919 4025 3175 4080 Dinarchi
3208 4037 3329 4078 esse
3360 4030 3533 4092 putat,

1954 4136 2202 4197 nonnulli
2262 4131 2473 4203 Lysiae;
2529 4131 2735 4196 pugnat
2768 4132 2952 4175 tamen
2998 4126 3306 4184 temporum
3370 4113 3531 4179 ratio,

1955 4230 2241 4296 totiusque
2271 4223 2407 4277 adeo
2430 4214 2696 4272 orationis
2733 4213 2931 4281 stylus,
2954 4217 3008 4262 et
3036 4223 3148 4272 res,
3187 4214 3238 4259 et
3268 4204 3531 4267 elocutio,

1952 4294 2345 4376 Demosthenis
2376 4324 2506 4366 vero
2536 4321 2660 4362 esse
2684 4309 2927 4371 arguunt
2952 4299 3173 4368 obliqua
3199 4294 3530 4359 enuntiatio,

1952 4411 2401 4477 continuatioque
2424 4401 2800 4476 periodorum,
2824 4413 2888 4453 ac
2910 4395 3275 4450 vehementia.
3302 4391 3384 4445 Ab
3414 4390 3534 4459 ipso

1954 4507 2101 4563 enim
2135 4501 2403 4575 principio
2442 4497 2529 4552 bis
2572 4493 2751 4548 oratio
2777 4497 3097 4553 exornatur,
3131 4486 3537 4555 adhibeturque

1954 4605 2134 4660 bonus
2182 4598 2474 4652 verborum
2509 4590 2776 4652 delectus,
2810 4594 2864 4640 et
2892 4584 3158 4639 concinna
3204 4581 3533 4650 compositio

273 4673 405 4753 όδων
437 4702 535 4753 καὶ
559 4673 847 4771 ήεύτονία·
880 4673 939 4766 ἐξ
970 4673 1135 4757 αὐτοῦ
1165 4673 1274 4772 γὰρ
1294 4673 1401 4755 τού.
1413 4699 1700 4770 προοιμίου
1723 4673 1847 4753 τού-

1964 4694 2143 4749 enitet.
2175 4688 2469 4743 Testantur
2518 4681 2572 4736 id
2604 4680 2765 4734 etiam
2809 4678 3032 4746 ﬁgurae:
3071 4682 3201 4729 sunt
3229 4673 3373 4729 enim
3403 4687 3531 4727 cum

272 4807 383 4855 τοις
410 4794 441 4846 ὁ
459 4764 621 4861 λόγος
648 4764 1093 4849 διαποικίλλεται.
1122 4764 1373 4864 Καὶ-μὴν
1403 4764 1495 4846 ei.
1524 4764 1717 4862 quasi
1741 4792 1849 4845 τῶν

1964 4781 2254 4840 acrimonia
2305 4776 2631 4845 conjuncta,
2675 4779 2731 4825 et
2756 4769 3073 4823 varietatem
3117 4766 3356 4821 orationi
3401 4764 3531 4818 alre-

274 4855 552 4955 ὀνομάτων
601 4855 802 4955 έκλογὴ
845 4888 926 4950 εἰς
971 4886 1032 4939 τὸ
1072 4855 1294 4957 ἄριστον
1328 4855 1637 4953 ’ἀνηνέχθαι
1662 4855 1770 4936 ’καὶ
1814 4886 1847 4953 ἡ

1964 4884 2101 4932 runt.
2143 4870 2351 4926 Etenim
2388 4865 2589 4939 492α
2634 4861 2785 4917 addit
2829 4858 3312 4929 interrogationes,
3347 4855 3531 4910 reddi-

279 4952 522 5042 σύνθεσις
568 4976 630 5033 εὖ
666 4952 815 5051 ἔχειν
842 4952 1290 5051 πεφιλοτίμηται.
1330 4979 1616 5049 Μαρτυρεῖ
1653 4976 1710 5029 δὲ
1754 4952 1849 5029 καί

1964 4974 2150 5034 tiones,
2189 4966 2469 5039 asyndeta,
2504 4976 2627 5032 quae
2678 4956 2916 5014 maxime
2969 4954 3325 5010 Demostheni
3368 4952 3531 5007 fami-

278 5067 340 5118 τὰ
364 5070 622 5139 σχήματα
644 5085 659 5100 ο
697 5044 815 5122 ἔστι
842 5044 951 5140 γὰρ
990 5044 1449 5139 συνεστραμμένα
1480 5044 1618 5136 μετὰ
1649 5066 1846 5136 γοργό-

1964 5060 2130 5124 ιὶιπίε,
2157 5056 2253 5111 sed
2288 5065 2346 5110 ct
2372 5059 2628 5108 accurata
2660 5044 3020 5113 constructio,
3055 5062 3177 5115 qua:
3204 5059 3307 5100 suo
3332 5050 3529 5096 ornatu

281 5133 429 5221 τητος
453 5133 554 5211 καὶ
590 5133 867 5212 ποικιλίαν
1022 5159 1166 5229 λόγῳ
1192 5133 1579 5227 ’παρεχόμεναο
1617 5133 1845 5226 καὶγὰρ

1964 5149 2246 5205 atlicaciam
2288 5159 2469 5202 tamen
2500 5158 2611 5198 non
2646 5141 2809 5207 tollit,
2852 5138 3093 5208 ipsaeque
3122 5134 3327 5207 periodi
3369 5133 3530 5188 undi-

1532 5266 1769 5321 VARUE
1801 5264 2098 5321 LECTION
2108 5264 2213 5320 ES.

837 5384 886 5414 ¹⁰
906 5382 1113 5453 Μηδίου
1142 5382 1206 5435 Α.
1308 5381 1353 5413 ’ί
1384 5381 1443 5433 τὸ
1478 5382 1518 5432 Α
1545 5398 1557 5434 :
1601 5380 1705 5453 ego
1731 5395 1790 5441 ς.
1874 5378 1946 5453 _“
1976 5376 2257 5453 προσιέναι
2291 5375 2357 5429 Α.

1171 5454 1217 5483 ²⁶
1241 5454 1290 5505 οἰ
1315 5481 1383 5492 -
1411 5450 1647 5521 ἔχοντες]
1678 5450 1752 5512 ὡς
1782 5479 1851 5489 —
1872 5448 2065 5518 ἔχοντα
2096 5447 2158 5500 Β.

1775 5584 2010 5641 NOTAE.

337 5714 442 5781 ut)
480 5710 783 5781 Dionysius
810 5707 1179 5766 Halicarnass.
1209 5724 1331 5778 pag.
1364 5706 1535 5764 Grmc.
1568 5706 1689 5773 197,
1717 5719 1877 5775 quem
1916 5718 2041 5761 cum
2070 5703 2157 5761 bis
2183 5702 2432 5760 conferas
2458 5700 2604 5755 licet.

367 5385 407 5415 "
437 5387 465 5437 ὁ
497 5383 626 5439 add.
661 5385 730 5438 A.
837 5384 886 5414 ¹⁰
906 5382 1113 5439 Μηδίου
1142 5382 1206 5435 Α.
1308 5381 1353 5413 ’ί
1384 5381 1443 5433 τὸ
1478 5382 1518 5432 Α
1545 5398 1557 5434 :
1601 5380 1695 5433 τοῦ
1731 5395 1790 5439 ς.
1900 5378 1946 5409 ¹²
1976 5376 2257 5439 προσιέναι
2291 5375 2357 5429 Α.
2455 5375 2505 5406 ⁸³
2533 5376 2625 5427 καὶ
2650 5374 2733 5427 A:
2766 5371 2905 5425 κατά
2934 5387 2994 5432 ς’.
3072 5365 3116 5396 ³⁸
3143 5362 3233 5415 τὸν
3261 5357 3390 5428 περὶ
3421 5374 3526 5409 πα-

286 5467 437 5524 ραπρ.
468 5472 529 5519 ς.
610 5455 657 5488 ³³
688 5453 1003 5525 γέγραπται
1028 5456 1094 5507 Α.
