3912 6234
361 228 465 293 179
1507 212 1768 290 PHOTII
1797 230 1906 290 PA'.

2059 229 2300 291 LRCHAB
2337 229 2447 290 CP.
3497 220 3604 288 180

362 357 470 414 que
530 343 789 413 perfecte,
833 343 1095 401 decorum
1166 343 1369 414 ubique
1411 355 1649 400 servant.
1718 344 1907 403 Nullan

2064 347 2333 417 ρωτήσεις
2360 341 2721 415 προϐάλλεται
2744 342 2842 398 καὶ
2874 340 3224 413 ὑποστροφὰς
3242 338 3338 394 καὶ
3354 339 3417 393 se
3437 340 3605 394 ἀσύν-

363 436 509 491 enim
558 435 1005 505 compositionem
1052 436 1492 504 praetermittere,
1543 436 1639 492 sed
1688 436 1908 505 periodi:

2057 445 2218 502 ςετον,
2268 431 2350 501 οἷς
2389 435 2624 508 μάλιστα
2670 434 3019 506 Δημοσθένης
3068 432 3249 503 χαίρει
3301 431 3602 503 χρώμενος.

365 532 551 587 omnia
574 530 882 602 complecti,
918 531 1271 588 Demostheni
1304 544 1389 589 est
1419 548 1544 588 cum
1570 532 1831 601 Isocrate,
1865 551 1910 590 ac

2061 528 2206 582 Αλλά
2228 527 2383 599 καὶμὴ
2405 527 2656 589 σύνθεσις
2678 526 2946 597 ἐπιμελὴς
2970 526 3065 580 καὶ
3091 524 3189 596 τὴν
3214 524 3501 593 ἐνάργειαν
3526 523 3606 593 τῷ

367 624 528 695 Lysia
558 638 869 679 commune.
902 622 1337 692 Atperiodorum
1363 624 1602 681 varietas
1631 626 1685 680 in
1718 627 1912 693 magni-

2062 621 2221 691 ιόσμῳ
2247 621 2306 673 οὐ
2339 619 2745 691 διαφθείρουσα,
2779 618 2840 673 αἴ
2859 617 2945 688 ξτε
2997 617 3236 688 περίοδοι
3267 616 3346 687 τῷ
3375 617 3607 687 ἀπηρτι-

368 716 554 769 tudine
595 714 839 769 membra
871 713 1198 783 adimplens,
1233 715 1603 771 diversitatem
1636 715 1776 771 inter
1806 717 1913 772 illo:

2063 714 2223 784 τμένῳ
2253 712 2619 783 συναγόμεναι
2655 712 2752 766 καὶ
2781 710 2844 764 τὸ
2871 712 3080 780 πρέπον
3119 706 3393 779 πανταχοῦ
3411 707 3608 761 διασώ-

367 808 527 873 parit,
563 821 688 861 cum
715 805 982 861 Isocrates
1008 805 1331 876 plerumque
1355 807 1617 864 ambitum
1640 807 1905 876 producat

2058 807 2207 867 ζουσι.
2256 805 2331 858 Τὸ
2385 804 2485 875 μὲν
2536 802 2629 857 οὖν
2656 846 2657 849 η
2684 801 2911 873 μηδενὸς
2964 800 3240 870 φείδεσθαι
3277 799 3603 864 συνθέσεως,

369 895 559 967 Lysias
592 911 723 951 vero
765 895 1073 960 contrahat,
1106 896 1161 951 in
1208 908 1442 967 utroque
1469 897 1725 953 decorum
1755 912 1914 953 serve

2065 896 2176 949 ιλλά
2207 895 2385 948 πάντα
2413 893 2721 963 διειλῆφθαι
2765 893 3034 964 περιόδοις
3067 890 3183 945 ἐστι
3227 891 3324 961 μὲν
3367 888 3610 960 Ἰσοκρά-

371 989 779 1043 Demosthenes.

2063 1005 2166 1051 ῖους
2194 989 2289 1041 καὶ
2320 985 2521 1040 Λυσίου
2551 986 2688 1056 πρὸς
2717 983 3064 1055 Δημοσθένην
3088 981 3285 1035 κοινόνο
3313 981 3347 1051 ὴ
3376 979 3432 1032 δὲ
3466 977 3608 1032 κατά

365 1077 462 1139 τὰς
498 1078 783 1148 περιόδους
832 1077 890 1136 έν
941 1078 1056 1141 τοῖς
1096 1076 1354 1148 μεγέθεσι
1393 1078 1636 1132 ποικιλία
1687 1078 2083 1151 συμπληροῦσα
2148 1078 2218 1133 τὰ
2277 1076 2429 1131 κῶλα
2490 1074 2879 1147 λαμϐανομένη
2907 1072 3006 1143 τὴν
3034 1073 3171 1143 πρὸς
3208 1070 3449 1134 ἐκείνους
3489 1069 3607 1121 δια-

372 1175 545 1246 φορὰν
595 1173 1002 1243 ἀπεργάζεται,
1046 1175 1142 1228 τοῦ
1197 1175 1297 1246 μὲν
1362 1176 1703 1246 Ἰσοκράτους
1751 1177 1826 1241 ὡς
1870 1176 1939 1230 τὰ
2012 1175 2185 1230 πολλά
2230 1174 2564 1246 μηκύνοντος
2608 1173 2709 1242 τὴν
2784 1169 3049 1243 ἐργασίαν
3099 1167 3299 1233 αὐτῶν,
3338 1166 3435 1219 τοῦ
3478 1166 3537 1218 δὲ
3563 1163 3609 1197 ’⁷

367 1266 570 1322 Λυσίου
599 1265 1004 1335 συντέμνοντος·
1038 1265 1098 1332 ἐξ
1124 1266 1384 1337 ἑκατέρου
1418 1267 1475 1321 δὲ
1502 1267 1709 1321 τούτων
1734 1267 1812 1336 τῷ
1833 1266 2165 1339 Δημοσθένει
2195 1265 2255 1319 τὸ
2285 1264 2494 1335 πρέπον
2528 1261 2871 1326 διασώζεται.

439 1361 625 1418 Oratio
640 1373 819 1418 autem
843 1379 963 1434 quae
979 1365 1042 1417 de
1072 1363 1211 1420 Pace
1232 1375 1336 1427 est,
1365 1366 1667 1437 composita
1689 1367 1930 1435 quidem,

2119 1361 2179 1415 Ὀ
2206 1362 2262 1415 δὲ
2293 1359 2425 1430 περὶ
2453 1359 2551 1428 τῆς
2584 1357 2810 1427 εἰρήνης
2835 1353 2994 1422 λόγος
3016 1352 3111 1406 καλ⁵
3139 1351 3319 1413 ἄλλοις
3349 1350 3470 1419 μὲν,
3508 1348 3611 1417 μά·

369 1455 463 1509 sed
498 1470 604 1508 non
636 1455 820 1509 habita
855 1457 1201 1511 existimatur
1228 1456 1295 1511 ab
1324 1457 1485 1523 aliis;
1518 1466 1573 1512 et
1611 1457 1849 1513 maxime
1902 1472 1914 1512 :

2064 1469 2194 1506 ,ιστα
2237 1450 2295 1504 δὲ
2321 1448 2562 1519 Λιϐανίφ
2602 1447 2682 1516 τῷ
2732 1446 2959 1515 σοφιστῇ
2994 1440 3438 1512 παρεσκευάσθαι
3485 1439 3609 1508 μὲν,

371 1546 597 1602 Libanio
651 1549 920 1618 sophista.
963 1548 1160 1603 Orator
1205 1550 1351 1603 enim
1398 1549 1716 1605 [Eschinem
1771 1564 1916 1605 accu-

2067 1545 2098 1597 κύ
2149 1543 2254 1614 μὴν
2297 1540 2551 1611 εἰρῆσθαι
2586 1538 2755 1591 δοκεῖ.
2807 1534 3147 1607 Κατηγορῶν
3190 1533 3299 1603 γὰρ
3348 1533 3377 1584 ό
3426 1534 3612 1603 ῥήτωρ

370 1654 521 1703 sans,
563 1638 922 1695 nihilominus
956 1655 1015 1695 se
1035 1640 1201 1694 etiam
1223 1648 1465 1705 accusat,
1497 1641 1639 1710 quod
1673 1640 1911 1696 suasisse

2067 1637 2293 1706 ιίσχίνου
2325 1634 2476 1687 οὐδὲν
2522 1632 2745 1686 ἔλαττον
2765 1631 2813 1663 ’⁸
2854 1629 3017 1683 αὐτὸν
3061 1628 3156 1682 καὶ¹
3200 1627 3295 1680 ἐπὶ
3322 1626 3499 1696 τούτῳ
3525 1627 3612 1678 αἱ-

369 1729 792 1785 Atheniensibus
830 1729 1285 1801 Amphictyonem
1330 1746 1451 1787 esse
1498 1730 1806 1802 Philippum
1850 1732 1914 1786 de

2074 1729 2236 1792 ιᾶται,
2262 1727 2345 1779 ὅτι
2375 1724 2790 1778 συνεϐούλευσεν
2818 1723 2863 1755 ¹⁹
2896 1720 3201 1791 Ἀθηναίοις
3239 1716 3614 1788 Ἀμφικτύονα

368 1831 516 1875 creto
548 1821 997 1881 renuntiandum,
1032 1836 1138 1890 qua
1206 1818 1360 1875 illum
1413 1825 1607 1878 acerbe
1649 1822 1911 1893 reprehen

2066 1812 2175 1870 lvat
2213 1814 2556 1885 ψηφίσασθαι
2596 1813 2881 1867 Φίλιππον.
2922 1811 3010 1863 Ἐν
3038 1804 3084 1878 ᾧ
3132 1804 3226 1862 οὖν
3262 1810 3470 1861 ἐκεῖνον
3517 1823 3611 1859 πι-

368 1912 469 1977 ιΙὶι,
522 1912 665 1981 quod
720 1911 840 1980 ejus
878 1910 957 1965 rei
999 1920 1210 1973 auctor,
1263 1926 1564 1982 suasorque
1615 1912 1913 1968 exstitisset

2068 1908 2186 1980 ερῶς
2208 1906 2453 1961 διέϐαλλε
2477 1906 2545 1971 ³ο,
2581 1906 2696 1969 πῶς
2733 1903 2799 1959 ἂν
2836 1903 3003 1966 αὐτὸς
3044 1901 3315 1972 ἐθάρρησε
3357 1898 3613 1968 γενέσθαι

368 2002 503 2059 Nam
533 2005 776 2059 suasisse
811 2004 962 2058 illum
995 2012 1055 2060 ut
1084 2005 1453 2077 Amphictyon
1484 2004 1768 2076 Philippus
1787 2022 1913 2063 crea

2077 2000 2341 2072 ύμόουλος
2364 2016 2381 2067 ;
2416 1999 2513 2053 καὶ
2540 1998 2650 2069 γὰρ
2676 1999 2705 2050 ὁ
2733 1995 2863 2067 περὶ
2888 1996 2990 2064 τῆς
3018 1994 3247 2064 εἰρήνης
3272 1992 3429 2060 λόγος
3457 1991 3616 2060 δῆλον

370 2103 547 2159 retur,
577 2094 789 2149 clarum
814 2103 916 2148 est.

2039 2095 2122 2147 ὅτι
2148 2092 2240 2147 τὸν
2265 2092 2532 2146 Φίλιππον
2577 2088 2949 2160 Ἀμφικτύονα
2990 2083 3130 2141 εἶναι
3162 2083 3542 2155 συμϐουλεύει.

440 2182 757 2239 Orationem
781 2198 911 2239 vero
941 2193 1134 2239 contra
1164 2182 1430 2253 Neaeram,
1456 2196 1517 2241 ut
1546 2185 1939 2257 languidiorem

2112 2186 2223 2240 Καὶ
2266 2188 2359 2237 τὸν
2397 2182 2539 2237 κατά
2567 2181 2812 2251 Νεαίρας
2844 2180 2903 2234 δὲ
2932 2178 3090 2246 λόγον
3126 2176 3447 2247 ὑπτιότητός
3471 2192 3618 2239 τινες

371 2291 433 2332 ac
480 2276 877 2340 remissiorem,
936 2274 1316 2333 Demosthenis
1358 2279 1607 2334 nonnulli
1656 2295 1688 2334 e
1736 2280 1916 2335 famili:

2071 2277 2357 2347 ιίτιὼμενοι
2403 2275 2512 2327 τῶν
2553 2270 2976 2343 Δημοσθενικῶν
3012 2269 3373 2339 ἀποκρίνουσι
3406 2267 3616 2335 λόγων,

370 2368 617 2438 ejiciunt,
656 2376 715 2421 ut
751 2374 804 2422 et
855 2366 1207 2433 amatoriam,
1239 2374 1296 2422 et
1344 2365 1630 2423 funebrem
1676 2369 1912 2424 laudatio

2076 2386 2231 2439 ›σπερ
2259 2368 2353 2420 καὶ
2393 2366 2485 2419 τὸν
2531 2365 2659 2435 περὶ
2680 2364 2882 2434 ἔρωτος
2929 2361 3078 2432 αύτῷ
3106 2361 3491 2431 γεγραμμένον
3524 2362 3621 2414 καὶ

372 2474 517 2515 nem.

2041 2461 2133 2514 τὸν
2162 2459 2463 2527 ἐπιτάφιον.

439 2548 608 2604 Aiunt
639 2558 693 2605 et
734 2552 1155 2609 Demosthenem
1195 2560 1433 2622 quatuor
1457 2560 1511 2607 et
1553 2554 1741 2623 viginti
1770 2569 1944 2609 annos

2112 2550 2250 2603 Φασὶ
2277 2550 2332 2602 δὲ
2353 2549 2445 2601 τὸν
2469 2545 2817 2618 Δημοσθένην
2839 2545 2967 2618 [802
2986 2545 3080 2617 Η.]
3105 2544 3149 2600 δ’
3176 2544 3269 2597 καὶ
3291 2550 3339 2597 κ’
3360 2542 3622 2612 γεγονότα

373 2653 557 2699 natum
607 2646 910 2703 orationem
956 2649 1019 2702 de
1053 2646 1402 2702 Immum’tate
1444 2660 1632 2701 contra
1664 2645 1918 2714 Leptinen

2078 2661 2140 2715 τη
2170 2644 2214 2675 ³⁸
2244 2642 2335 2695 τὸν
2358 2643 2487 2711 περὶΙ
2508 2641 2615 2694 τῶν
2642 2640 2920 2703 ἀτελειῶν,
2936 2641 3056 2710 ἦτοι
3076 2638 3167 2691 τὸν
3190 2637 3326 2708 πρὸς
3350 2637 3623 2707 Λεπτίνην

373 2737 792 2806 conscripsisse,
848 2740 1007 2809 cujus
1048 2740 1377 2809 prommium
1435 2739 1770 2810 agonisticon
1827 2753 1917 2793 ess

2079 2733 2513 2807 ιιλοπονήσασθαι
2540 2734 2720 2802 λόγον,
2749 2726 2810 2787 οὗ
2835 2732 2895 2786 τὸ
2918 2732 3204 2802 προοίμιον
3228 2732 3488 2799 Λογγῖνος
3523 2729 3624 2799 μὲν

374 2834 532 2897 putat
572 2827 853 2900 Longinus
901 2831 1127 2887 criticus
1174 2831 1287 2903 (l5)
1324 2847 1337 2885 :
1381 2831 1472 2900 qui
1520 2830 1744 2885 Claudio
1778 2830 1919 2898 impe

2103 2827 2344 2897 κριτικδς
2372 2823 2731 2893 ἀγωνιστικὸν
2760 2823 2991 2892 νομίζει·
3027 2822 3121 2875 ἐπὶ
3153 2821 3421 2876 Κλαυδίου
3444 2821 3502 2874 δὲ
3532 2811 3626 2874 οὖ-

375 2926 532 2973 rante
582 2917 790 2987 ﬂoruit,
846 2935 1151 2991 causasque
1210 2921 1475 2991 plurimas
1517 2920 1648 2991 egit,
1708 2919 1920 2974 Zenobi:

2080 2934 2135 2980 ος
2178 2915 2416 2987 ἤκμαζε,
2459 2914 2554 2967 καὶ
2596 2913 2664 2966 τά
2736 2912 2908 2966 πολλά
2956 2911 3353 2982 συνηγωνίζετο
3388 2910 3624 2981 Ζηνοὸίᾳ

374 3002 747 3063 Osroenorum
776 3009 963 3080 regina
999 3010 1285 3080 imperium
1325 3018 1562 3076 tenente,
1599 3020 1812 3064 mortuo
1832 3010 1919 3080 jan

2082 3012 2114 3080 ᾖ
2148 3008 2256 3062 τῶν
2299 3005 2606 3079 Ὀσροηνῶν
2657 3004 2919 3075 βασιλίδι,
2950 3004 3051 3074 τὴν
3094 3002 3270 3075 ἀρχὴν
3318 3001 3626 3074 κατεχούσῃ

375 3097 660 3155 Odenatbo
683 3100 900 3167 marito,
924 3116 1085 3172 quem
1112 3103 1278 3172 prisci
1307 3104 1527 3157 tradunt
1557 3103 1854 3173 scriptores
1879 3103 1920 3158 al

2082 3100 2342 3155 Οδενάθου
2373 3097 2468 3153 τοῦ
2497 3098 2689 3170 ἀνδρὸς
2716 3098 2884 3167 αὐτῆς
2913 3096 3360 3166 τετελευτηκότος
3382 3138 3396 3160 ,
3430 3097 3495 3166 ἢν
3528 3095 3627 3148 καὶ⁵

376 3190 653 3260 impietate
682 3195 924 3263 gentium
958 3194 1027 3249 ad
1072 3192 1384 3251 Iudaeorum
1413 3210 1592 3250 mores
1617 3195 1921 3249 traductum

2081 3190 2373 3243 ιεταδαλετν
2404 3190 2486 3253 είς
2511 3188 2579 3241 τὰ
2620 3186 2888 3241 Ἰουδαίων
2916 3185 3011 3257 ἔθη
3039 3186 3149 3240 ἀπὸ
3170 3186 3271 3255 τῆς
3304 3184 3626 3255 Ἑλληνικῆς

375 3280 578 3337 Verum
624 3283 908 3355 Longinus
942 3285 1021 3342 sic
1057 3287 1278 3357 quidem
1310 3287 1377 3341 de
1420 3287 1523 3342 hoc
1561 3288 1830 3358 prooemio
1863 3287 1917 3339 in

2084 3280 2469 3351 εισιδαιμονίας
2505 3278 2733 3341 παλαιὸς
2762 3276 3067 3348 ἀναγράφει
3099 3276 3277 3344 λόγος.
3324 3275 3484 3327 Ἀλλά
3513 3274 3629 3345 γὰρ

377 3373 598 3441 dicavit,
653 3378 1005 3433 caeterienim
1058 3381 1264 3436 morale
1292 3394 1415 3435 esse
1460 3396 1566 3433 non
1619 3388 1767 3433 recte
1816 3394 1917 3448 pro

2108 3376 2205 3446 μὲν
2230 3377 2491 3443 Λογγῖνος
2513 3373 2771 3443 τοιαύτην
2805 3374 2934 3437 περ)⁸
2962 3371 3058 3425 τοῦ
3092 3372 3459 3441 προκειμένου
3488 3387 3627 3440 προ-

379 3465 652 3519 nuntiant.
685 3466 949 3522 Pluribus
971 3478 1155 3523 autem
1188 3470 1302 3523 haec
1332 3469 1512 3523 oratio
1562 3469 1615 3522 in
1654 3467 1924 3537 judicandl

2084 3467 2227 3536 ιμίου
2260 3466 2356 3537 τὴν
2382 3466 2559 3536 ψῆφον
2582 3464 2789 3533 ἐξάγει.
2818 3465 3038 3535 Ἕτεροι
3058 3464 3115 3517 δὲ
3138 3465 3240 3517 οὐκ
3267 3463 3445 3533 ὀρθῶς
3495 3464 3629 3532 εφα-

378 3558 748 3613 contentionis
798 3560 1083 3615 materiam
1137 3562 1391 3631 praebuit,
1439 3562 1516 3631 (in
1576 3561 1663 3616 bis
1720 3561 1923 3631 AspaSil

2087 3576 2153 3613 αν
2186 3558 2246 3611 τὸ
2274 3558 2562 3628 προοίμιον
2592 3555 2784 3625 ἠθικὸν
2826 3551 2989 3609 εἶναι.
3023 3556 3135 3609 Καὶ
3164 3554 3379 3617 πολλοῖς
3418 3549 3571 3619 οὗτος
3599 3557 3630 3608 ὁ

379 3648 605 3712 rhetori,
635 3650 729 3717 qui
757 3652 1042 3705 exordium
1088 3652 1221 3707 satis
1246 3661 1560 3707 accuratum
1595 3667 1717 3707 esse
1742 3660 1924 3723 negat)

2083 3647 2205 3714 όγος
2235 3644 2507 3715 παρέσχεν
2525 3644 2569 3676 ³¹
2590 3644 2776 3713 ἀγῶνα
2804 3644 3087 3713 κρίνεσθαι
3104 3643 3410 3715 προτεθεὶς,
3437 3642 3628 3714 ὥσπερ

379 3746 441 3794 ut
464 3748 520 3794 et
573 3740 748 3795 oratio
792 3751 984 3797 contra
1026 3740 1272 3806 Midiam,
1315 3757 1440 3796 nam
1478 3750 1533 3797 et
1583 3742 1650 3797 de
1687 3743 1790 3796 hac
1843 3756 1924 3797 ιιοΙ

2085 3737 2147 3789 αὶ
2170 3736 2451 3807 ’Δσπασίῳ
2489 3734 2567 3806 τῷ
2601 3736 2817 3808 ῥήτορι,
2848 3735 2944 3788 ἀτε
2980 3736 3104 3805 μηδ’
3141 3735 3426 3805 ἀφιγμένῳ
3455 3735 3501 3766 ⁸³
3530 3735 3630 3805 τῆς

380 3830 538 3900 pauci
567 3840 867 3899 certarunt,
897 3833 1191 3903 multisque
1224 3833 1421 3906 49Ἇὸ
1440 3833 1735 3889 altercandi
1760 3849 1925 3888 ansan

2084 3828 2144 3882 οὗ
2176 3829 2338 3896 λόγου
2372 3827 2606 3898 θεωρίας
2637 3828 2719 3891 είς
2752 3827 3060 3898 ἀκρίϐειαν.
3105 3824 3382 3889 Ὡσαύτως
3432 3826 3491 3879 δὲ
3531 3827 3629 3879 καὶ

378 3921 629 3991 praebuit.
665 3922 771 3977 Alii
814 3924 962 3988 enim
991 3924 1225 3979 formam
1270 3926 1346 3980 illi
1388 3925 1691 3981 all‘ectionis
1736 3927 1923 3997 plenan

2137 3920 2279 3975 κατά
2330 3920 2574 3974 Μειδίου·
2609 3920 2704 3973 καὶ
2766 3918 2875 3989 γὰρ
2921 3919 3016 3972 καὶ
3064 3912 3215 3981 οὗτος
3265 3919 3365 3971 οὐκ
3420 3918 3628 3987 ὀλίγοις

378 4022 434 4068 et
464 4014 787 4085 gravitatis:
822 4017 1072 4072 nonnulli
1110 4018 1432 4087 negotialem
1467 4021 1837 4074 characterem
1866 4030 1923 4074 at

2083 4014 2273 4082 ’έγονεν
2323 4012 2382 4066 ἐν
2433 4011 2658 4083 σπουδῇ,
2704 4011 2817 4065 καί
2844 4010 2946 4081 τῆς
2977 4011 3112 4083 πρὸς
3146 4011 3408 4081 ἀλλήλους
3455 4011 3628 4081 ἀμφι-

379 4105 651 4170 tribuunt,
696 4116 752 4161 et
776 4108 999 4163 omnino
1026 4110 1317 4165 verborum
1357 4111 1594 4179 gravitas
1626 4111 1712 4165 hic
1741 4120 1847 4177 est,
1896 4128 1924 4167 e

2081 4106 2367 4176 ’ϐητήσεως
2417 4105 2670 4174 ἀφορμὰς
2718 4104 2985 4175 παρέσχε.
3026 4104 3135 4157 Καὶ
3174 4108 3225 4156 οἱ
3259 4104 3355 4174 μὲν
3387 4102 3480 4156 τοῦ
3518 4120 3626 4156 πα-

376 4197 794 4265 compositionis
844 4200 1165 4266 modulatio,
1196 4208 1249 4255 et
1273 4216 1493 4255 rursum
1520 4200 1857 4270 argumentis
1896 4216 1921 4256 e

2079 4195 2276 4266 ‘n‘EtXOO
2320 4198 2667 4266 χαρακτῆρος
2705 4190 2842 4247 εἶναί
2894 4212 3057 4264 φασιν
3088 4194 3285 4258 αὐτὸν,
3325 4194 3462 4264 μετά
3509 4194 3624 4246 δει-

379 4287 800 4356 enthymematis
852 4288 1050 4345 aﬂ‘ectu
1106 4290 1302 4359 plenis,
1354 4290 1679 4358 patheticam
1729 4303 1924 4361 quoqul

2083 4289 2269 4352 ώσεως
2323 4287 2816 4358 ὲπεξειργασμένον
2839 4287 2905 4351 ⁸⁸,
2953 4288 3002 4339 οί
3060 4286 3119 4340 δὲ
3159 4286 3253 4339 τοῦ
3305 4303 3626 4357 πραγματι-

377 4378 883 4448 pronuntiationem
902 4383 1301 4448 accommodat,
1329 4382 1677 4453 pragmaticis
1697 4383 1922 4440 vicissin

2083 4379 2185 4433 ιοῦο
2238 4379 2332 4433 καὶ
2374 4356 2561 4441 ἁπλῶς
2597 4356 2706 4430 τῶν
2745 4394 2804 4430 τε
2854 4377 3118 4448 ῥημάτων
3165 4376 3331 4430 αὐτοῦ
3386 4376 3448 4429 τὸ
3494 4394 3628 4446 σφο-

375 4485 498 4538 qnae
536 4470 671 4539 ipsis
711 4474 1067 4541 conveniunt,
1114 4475 1358 4545 adaptat.
1392 4476 1586 4530 Servat
1624 4484 1679 4530 et
1719 4477 1912 4531 affectu

2078 4474 2178 4543 ιρὸν
2218 4470 2380 4543 [M72
2408 4468 2503 4543 R.]
2539 4469 2801 4523 καὶκατὰ
2840 4469 2938 4540 τὴν
2981 4469 3229 4523 σύνθεσιν
3279 4469 3623 4543 ἐναρμόνιον.

376 4560 634 4627 leniores,
660 4563 847 4617 nonin
879 4563 981 4620 hac
1010 4565 1173 4619 modo
1205 4564 1475 4631 oratione,
1503 4565 1597 4621 sed
1630 4574 1684 4621 et
1714 4565 1771 4620 in
1800 4566 1921 4621 aliis

2083 4564 2166 4617 ἰαὶ
2186 4562 2261 4626 ὡς
2286 4564 2400 4626 τοῖς
2430 4561 2752 4633 παθητικοῖς
2787 4561 2887 4632 μὲν
2911 4562 3021 4615 τῶν
3051 4561 3504 4632 ἐπιχειρημάτων
3531 4562 3628 4613 καὶ

376 4647 578 4707 Verum
622 4653 999 4710 dillicillimum
1025 4665 1109 4711 est
1130 4657 1359 4721 oratori,
1394 4657 1449 4710 in
1480 4658 1828 4713 contentioso
1864 4657 1916 4712 di

2088 4653 2456 4724 νθυμημάτων
2485 4652 2792 4724 παθητικὴν
2831 4653 2924 4707 καὶ
2962 4653 3064 4722 τὴν
3097 4652 3439 4721 ἀπαγγελίαν
3469 4670 3631 4723 περι-

376 4744 533 4798 ccndi
557 4760 752 4815 genere
781 4746 1017 4803 leniores
1046 4756 1304 4817 perpetuo
1330 4748 1559 4804 retinere
1608 4753 1662 4803 in
1694 4750 1921 4805 adversa

2079 4750 2237 4812 ὶπτει,
2261 4749 2375 4810 τοῖς
2399 4748 2804 4817 πραγματικοῖς
2826 4745 2904 4811 δὲ,
2929 4746 3030 4799 ὅσα
3054 4745 3264 4809 τούτοις
3282 4746 3624 4815 ἐναρμόττει.

379 4835 519 4891 rium
569 4836 905 4903 all‘ectiones,
948 4839 998 4894 ei
1048 4840 1374 4908 prtesertim,
1430 4842 1521 4895 cui
1571 4841 1924 4896 vehementiu:

2085 4842 2281 4911 Εχεται
2299 4840 2343 4871 ³⁵
2373 4840 2470 4910 μὲν
2493 4834 2585 4893 οὖν
2614 4838 2708 4891 καὶ
2737 4838 2829 4891 τοῦ
2857 4839 3018 4908 ἤθους
3046 4839 3146 4891 οὐκ
3178 4840 3236 4891 ὲν
3263 4838 3438 4909 τούτῳ
3467 4840 3630 4908 μόνον

374 4938 541 5000 atque
563 4928 742 4986 acrius
764 4929 1041 5001 ingenium
1078 4931 1343 4989 obvenit:
1379 4933 1541 5004 quale
1589 4932 1919 4989 Demostheu

2085 4933 2128 5003 ᾦ
2181 4933 2356 5002 λόγῳ,
2410 4930 2547 4985 ἀλλά
2597 4931 2693 4984 καὶ⁵
2737 4931 2795 4984 ὲν
2826 4931 3041 4995 πολλοῖς
3091 4930 3291 4995 ἄλλοις.
3342 4931 3507 4984 Ἀλλά
3561 4947 3627 4999 γε

1677 5077 1913 5132 νΑιιιιιΕ
1950 5077 2245 5133 LECTION
2255 5076 2354 5131 ES.

449 5211 491 5240 ³⁷
629 5210 685 5262 δὲ
721 5209 964 5296 ἔστιγὶΑ.
1003 5212 1109 5296 η¹ξ³
1138 5212 1357 5296 ἔλαττον
1379 5215 1470 5296 τόν
1504 5213 1666 5296 absim
1697 5231 1792 5296 g.“
1836 5215 1884 5296 ἐξ
1916 5213 2298 5296 συνεϐούλευεν
2482 5217 2767 5296 “fu-€60.13
2802 5232 2862 5296 ς.
2939 5215 2991 5296 3.1
3012 5215 3107 5285 ἔτη
3133 5232 3243 5296 om.
3274 5230 3355 5295 ρι’.
3390 5214 3455 5277 Α,

377 5280 952 5421 χεέρτέῗὲῗαιὲίῖἓῗοῗ.ς
1001 5283 1900 5425 ³²³ῗέιίἔὲα3αὰρέἷέεεέιίέ.ῡιῖοῇᾑ
1931 5284 2274 5407 ᾷιαφιγμένῳ
2326 5286 2409 5339 Β;
2449 5288 2572 5358 μηδ’
2620 5288 2901 5358 ἐφιγμένῳ
2947 5279 3122 5356 Toup.
3154 5279 3385 5355 Longini.
3421 5300 3475 5353 p.
3499 5279 3627 5333 22L

1880 5446 2105 5503 NOT/E.

387 5561 1027 5703 αἱὲἓῗέἱῐὲὲιὲἓῗειοηκίηἱ
1052 5567 1295 5663 manvsii
1322 5567 1567 5623 meminit
1599 5574 1649 5621 ct
1682 5564 1957 5636 Eunapius
1996 5565 2314 5638 Sardianus,
2354 5577 2406 5626 et
2432 5576 2608 5626 exstat
2669 5567 2879 5624 libellus
2922 5566 3055 5639 Περὶ
3085 5565 3281 5634 ὕψους,
3310 5563 3384 5618 De
3412 5559 3629 5617 sublimi
