3912 6234
408 204 516 271 18"!

1560 211 1827 274 ΡΗΟΤΙΙ
1852 209 2354 272 PATRIARCH/E
2385 211 2497 270 CP.

3539 203 3640 269 184

409 323 492 375 ori
522 323 790 387 inserens,
809 331 867 378 et
894 332 991 394 per
1014 321 1241 378 acclivia
1273 323 1570 380 decurrens
1607 325 1828 380 latiores
1855 324 1969 379 red-

2081 322 2265 394 μάτων
2294 321 2364 388 ",
2387 321 2456 376 δι’
2485 315 2560 377 ὧν
2592 317 2952 382 ἀναπνέοντες
2975 315 3067 374 τὸν
3095 316 3234 390 ἀέρα
3261 315 3425 390 [1475
3445 316 3542 390 ιι]
3562 318 3651 372 διὰ

406 416 561 481 didit,
598 433 662 472 ac
691 427 900 473 natura:
925 418 1195 488 aptiores:
1227 432 1338 486 quo
1360 426 1509 472 motu
1550 419 1690 473 oliva
1720 419 1786 473 ad
1813 433 1974 473 nares

407 508 548 562 illisa
567 519 621 563 et
637 509 913 578 absorpta,
933 510 1207 565 tenuiores
1231 510 1354 564 illos
1369 511 1820 580 angustioresque
1839 523 1978 564 mea-

407 608 496 653 tus
537 609 748 655 naturae
778 599 1043 656 functioni
1082 601 1306 657 idoneos
1338 601 1608 656 redderet.

2078 415 2181 484 τῆς
2218 411 2475 483 ὕπερώας
2503 410 2849 481 ἀναψύχομεν
2884 411 2980 464 καὶ
3009 409 3055 440 ⁴⁶
3093 408 3284 480 ὥσπερ
3315 406 3514 478 αὖραις
3536 410 3652 462 τισὶ

2079 506 2170 560 τὸν
2200 504 2424 574 θώρακα
2447 503 2904 572 διαθερμαίνομεν
2929 500 2971 533 δ’
2996 501 3092 554 καὶ
3111 499 3171 553 τό
3193 498 3483 568 λιγνυῶδες
3504 500 3650 552 ἐκεῖ·

2081 598 2172 651 θεν
2201 598 2526 670 ἐκφέρομεν,
2567 597 2910 666 στενωτέρων
2947 594 3094 666 αὐτῷ
3133 593 3288 664 παρά
3309 593 3410 664 τὴν
3441 594 3636 664 χρείαν

406 692 954 762 κατεσκευασμένων,
994 693 1116 744 ἐπεὶ
1161 693 1254 746 καὶ
1312 692 1472 746 τοῦτο
1541 693 1687 762 μέγα
1727 693 1890 763 μέρος
1925 690 2045 744 ἐστὶ
2079 691 2178 762 τῆς
2215 689 2674 760 λαμπροφωνίας,
2711 691 2792 752 είς
2825 688 2888 740 τὸ
2915 685 3207 758 εὐρύτερόν
3239 702 3304 737 τε
3351 685 3446 738 καὶ
3489 683 3635 737 κατά

404 783 564 851 φύσιν
592 770 957 853 ἐπανήγαγεν,
989 783 1165 838 ἔλαιον
1188 785 1287 854 μὲν
1307 784 1590 856 ἐμϐάλλων
1615 786 1692 856 τῷ
1715 786 1963 856 στόματι,
2003 784 2316 854 ἀνατρέχων
2376 783 2423 816 ⁸⁸
2479 783 2536 836 δὲ
2568 782 2702 853 πρὸς
2729 781 2796 834 τὰ
2823 779 2934 832 τῶν
2970 777 3185 849 χωρίων
3213 778 3438 846 ἀνάντη·
3466 776 3533 829 δι’
3561 768 3640 827 ὧν

402 876 462 928 τὸ
491 875 666 929 ἔλαιον
697 879 763 947 τῇ
792 875 883 947 βίᾳ
921 876 1019 946 τῆς
1049 878 1320 948 κινήσεως
1349 879 1486 948 πρὸς
1530 879 1655 942 τοὺς
1687 878 1975 948 μυκτῆρας
2046 875 2568 946 ἀναρροιόδούμενον
2604 873 2651 907 ⁸⁸
2709 872 2808 944 τὴν
2859 870 3012 940 παρά
3065 869 3228 940 φύσιν
3279 869 3390 922 τῶν
3438 867 3626 938 πόρων

402 969 684 1038 συνίζησιν
706 969 788 1030 είς
806 967 906 1037 τὴν
923 967 1065 1021 κατά
1089 967 1250 1037 φύσιν
1267 970 1678 1040 ἀπεκατέστησε
1699 969 1746 1000 ⁵ο
1766 968 1976 1039 χρείαν.

469 1063 606 1118 Cum
661 1077 792 1116 vero
842 1077 963 1117 sese
1004 1063 1074 1116 ad
1123 1063 1518 1132 rempublicam
1547 1062 1888 1128 contulisset,
1923 1069 1979 1115 et

401 1156 455 1211 in
497 1157 636 1210 duas
687 1164 870 1224 partes
921 1154 1070 1210 cives
1122 1155 1284 1210 divisi
1325 1165 1553 1219 essent,
1609 1165 1667 1210 ut
1728 1155 1818 1210 alii
1877 1167 1978 1224 pro

399 1245 650 1314 Philippo
681 1252 910 1311 starent,
951 1245 1043 1299 alii
1079 1245 1286 1314 populi,
1324 1245 1704 1315 bonorumque
1731 1247 1977 1302 omnium

400 1337 627 1391 utilitati
655 1338 967 1402 studerent,
1003 1352 1124 1392 eam
1169 1345 1379 1407 partem
1409 1336 1642 1407 delegit,
1682 1354 1805 1407 qua:
1846 1337 1977 1392 Phi-

2159 1052 2405 1114 Ἐπιδοὺς
2428 1051 2486 1104 δὲ
2507 1048 2669 1104 αὑτὸν
2691 1049 2736 1081 ³⁸
2764 1049 2844 1112 είς
2872 1047 2934 1101 τὸ
2962 1046 3362 1106 πολιτεύεσθαι,
3377 1047 3503 1101 ἐπεὶ
3521 1049 3652 1112 τοὺς

2081 1148 2180 1219 μὲν
2193 1144 2338 1215 ἐώρα
2353 1142 2461 1196 τῶν
2475 1140 2706 1196 πολιτῶν
2721 1137 3158 1209 φιλιππίζοντας,
3172 1139 3300 1204 τοὺς
3318 1139 3378 1193 δὲ
3397 1140 3534 1211 πρὸς
3554 1140 3656 1212 τὴν

2076 1238 2176 1306 τῆς
2223 1233 2430 1297 πόλεως
2462 1229 2774 1301 ἐλευθερίαν
2812 1227 3283 1299 δημηγοροῦντας,
3308 1228 3408 1299 τῆς
3429 1229 3656 1300 ἀμείνο-

2076 1345 2164 1390 νος
2177 1327 2222 1359 ⁸³
2239 1324 2433 1395 μοίρας
2452 1323 2681 1391 γίνεται1
2699 1319 2795 1374 καὶ
2813 1317 3252 1374 συνεωλιτεὺετο
3275 1319 3573 1394 Ὑπερείδῃ
3585 1322 3653 1388 ⁵³,

399 1429 549 1498 lippo
621 1429 1041 1494 adversaretur,
1103 1429 1352 1484 eamdem
1417 1430 1680 1484 rationem
1743 1430 1969 1485 admini-

2088 1419 2184 1474 καὶ
2203 1415 2519 1481 Ναυσικλεῖ,
2549 1413 2644 1467 καὶ
2655 1411 2996 1482 Πολυεύκτῳ,
3031 1411 3124 1464 καί
3139 1411 3394 1482 Διοτίμῳ.
3425 1413 3517 1464 Διὸ
3546 1412 3656 1478 Θη-

398 1521 636 1576 strandte
676 1522 988 1590 reipublicae
1019 1533 1260 1589 secutus,
1281 1537 1445 1592 quam
1488 1533 1542 1576 et
1574 1521 1894 1593 Hyperides,
1926 1531 1969 1578 el

2089 1507 2276 1570 ϐαίους
2294 1506 2394 1575 μὲν
2415 1503 2716 1573 ’Δθηναίοις
2738 1500 3059 1571 συμμάχους
3071 1498 3406 1568 κατέστησεν
3424 1498 3493 1565 ⁵⁸,
3517 1498 3656 1553 ἀλλά

401 1609 708 1678 Nausicles,
734 1623 787 1668 et
815 1612 1540 1685 Polyeuctus,etDiotimus.
1573 1614 1650 1670 Ex
1675 1631 1784 1685 quo
1805 1617 1969 1670 etiam

2088 1602 2184 1656 καὶ
2218 1598 2571 1663 Εὐϐοεῖς,καὶ
2605 1593 3005 1666 Κερκυραίους,
3041 1591 3134 1645 καὶ
3186 1590 3528 1663 Κορινθίους,
3560 1591 3654 1646 καὶ

399 1707 607 1760 civitati
642 1706 826 1761 socios
865 1681 992 1762 fecit
1025 1707 1339 1773 Thebanos,
1377 1681 1735 1776 Eubwenses,
1768 1709 1969 1779 Corcy-

2076 1693 2360 1754 Βοιωτίους
2391 1691 2460 1754 ⁵⁸,
2484 1688 2575 1742 καὶ
2594 1687 2820 1748 πολλοὺς
2859 1685 3072 1747 ἄλλους.
3111 1684 3265 1737 Ἐπεὶ
3295 1684 3352 1737 δέ
3388 1701 3523 1737 ποτε
3548 1684 3648 1751 δη-

398 1813 557 1863 rteos,
591 1797 930 1864 Corinthios,
980 1798 1241 1863 Boeotios,
1276 1800 1478 1854 multos
1508 1810 1767 1869 praeterea
1807 1800 1967 1856 alios.

397 1889 533 1942 Cum
557 1904 690 1944 vero
725 1889 1025 1960 aliquando
1055 1891 1435 1946 concionando
1463 1892 1714 1946 indecore
1740 1893 1793 1947 in
1815 1893 1972 1948 thea-

395 1989 482 2034 tro
517 1982 774 2051 explosus
790 1992 955 2046 esset,
987 1981 1182 2054 5931i
1219 1983 1391 2039 tristis
1416 1985 1637 2039 domum
1667 1986 1796 2040 abiit
1826 2003 1839 2040 :
1880 1986 1971 2041 cui

395 2087 520 2126 cum
553 2071 694 2128 forte
736 2073 1025 2129 Eunomus
1075 2073 1364 2130 Thriasius
1403 2075 1518 2145 jam
1550 2091 1717 2130 senex
1745 2114 1760 2139 ,
1796 2075 1973 2131 factus

393 2171 537 2218 esset
559 2165 790 2228 obvius,
829 2167 1048 2236 cognita
1104 2167 1360 2222 mmroris
1415 2182 1616 2230 causa,
1667 2167 1812 2221 bono
1855 2182 1974 2222 esse

395 2255 580 2310 animo
596 2255 780 2327 jussit,
799 2271 864 2310 ac
896 2257 1182 2323 recreavit,
1207 2257 1588 2328 imprimisque
1627 2257 1973 2313 Andronicus

397 2348 613 2414 histrio,
649 2364 775 2403 cum
816 2349 892 2404 ita
922 2349 1165 2416 diceret,
1209 2351 1489 2405 orationes
1529 2350 1678 2404 illius
1715 2351 1973 2419 pulchras

395 2447 450 2489 et
472 2435 788 2506 splendidas
839 2452 982 2492 esse.
1047 2436 1221 2507 Cujus
1300 2437 1378 2491 rei
1448 2439 1619 2507 gratia
1691 2449 1972 2507 permotus

396 2523 824 2593 Demosthenes,
852 2529 1094 2598 seipsum
1137 2528 1454 2583 Andronico
1492 2530 1747 2594 tradidit,
1787 2530 1971 2600 ibique

395 2621 628 2677 actionis
687 2630 860 2677 artem
933 2622 1146 2678 didicit.
1185 2623 1326 2678 Hinc
1373 2623 1537 2677 etiam
1577 2626 1966 2696 interrogatus,

391 2713 523 2783 quid
546 2713 783 2783 primum
812 2714 866 2768 in
893 2714 1125 2769 dicendo
1152 2725 1316 2782 esset,
1337 2717 1638 2784 respondit;
1661 2717 1964 2785 Actionem;

394 2804 526 2871 quid
549 2804 848 2860 secundum
873 2814 929 2859 et
957 2806 1202 2869 tertium,
1250 2807 1502 2861 similiter
1529 2807 1812 2863 Actionem
1851 2825 1968 2865 res-

394 2897 618 2966 pondit,
653 2896 949 2952 ostendens
978 2913 1230 2968 magnam
1268 2914 1390 2954 esse
1413 2909 1618 2968 partem
1644 2901 1968 2969 eloquentia!

395 2990 461 3043 ad
487 2991 688 3060 populo
710 2991 1174 3060 persuadendum,
1197 2991 1490 3046 actionem.
1517 2991 1964 3061 Jurahatautem,
1993 3015 2035 3073 α

394 3092 452 3137 ιιι
477 3083 772 3137 Phalereus
797 3082 910 3150 ait;
939 3100 1030 3153 per
1061 3093 1276 3150 terram,
1314 3101 1407 3154 per
1427 3085 1730 3155 fontes,per
1755 3087 1966 3156 ﬂuvios,

394 3190 486 3244 per
500 3175 710 3240 latices,
727 3190 837 3244 quo
859 3183 1019 3246 pacto
1033 3191 1157 3231 cum
1172 3175 1437 3246 jurasset,
1451 3179 1591 3246 apud
1605 3179 1868 3248 populum
1885 3189 1972 3234 tu-

394 3267 624 3321 multum
655 3267 938 3322 conscivit.
973 3265 1440 3337 Juravit,quoque
1453 3283 1550 3338 pro
1572 3271 1972 3340 Asclepionan—

393 3357 744 3425 tepenultima
765 3366 924 3412 acuta
937 3357 1245 3427 Asclepion.
1263 3357 1399 3412 Cum
1427 3374 1558 3413 vero
1583 3360 1753 3414 otium
1778 3377 1842 3416 ac
1853 3372 1971 3418 stu-

392 3444 540 3510 dium
579 3443 851 3498 audiendo
887 3445 1210 3499 Eubulidem
1253 3445 1543 3512 Milesium,
1565 3447 1659 3515 qui
1686 3448 1738 3500 in
1761 3447 1971 3504 Dialec-

396 3531 516 3586 ticis
532 3531 803 3586 secundus
817 3543 935 3586 erat
949 3531 1175 3592 nemini,
1195 3543 1563 3596 consumeret,
1577 3536 1758 3589 omnia
1774 3536 1828 3590 in
1847 3537 1969 3606 qui-

394 3621 498 3674 bus
519 3620 635 3690 ipse
658 3621 890 3674 deiicere
905 3631 957 3674 et
985 3619 1295 3675 claudicare
1315 3622 1612 3688 videretur,
1635 3626 1965 3682 emendavit.

464 3711 599 3765 Cum
645 3723 830 3766 autem
891 3720 1116 3776 essent,
1145 3712 1240 3782 qui
1287 3712 1500 3768 habitas
1527 3730 1558 3769 a
1604 3713 1970 3773 Demosthene

394 3810 582 3853 contra
601 3797 909 3868 Philippum
933 3799 1228 3854 conciones
1245 3801 1312 3854 ad
1328 3816 1448 3855 eum
1470 3801 1648 3870 ipsum
1672 3802 1966 3870 deferrent,

392 3889 598 3945 dixisse
620 3889 1061 3945 admirabundun
1088 3900 1316 3944 narrant
1340 3908 1354 3945 :
1377 3889 1633 3961 Equidem
1656 3896 1704 3948 si
1727 3905 1967 3950 orantem

393 3981 728 4044 nudiuissem,
764 3996 867 4034 non
897 3981 1061 4036 alium
1088 3982 1179 4052 qui
1210 3991 1398 4036 contra
1417 3999 1496 4037 me
1517 3983 1710 4038 bellum
1743 3999 1964 4056 gereret,

393 4073 577 4126 ducem
606 4071 940 4142 delegissent.
969 4071 1105 4127 Cum
1129 4081 1313 4128 autem
1345 4074 1565 4144 quidam
1605 4075 1756 4130 illum
1793 4079 1962 4133 inter-

394 4173 648 4234 rogaret,
704 4164 882 4220 utrius
934 4167 1212 4220 orationes
1263 4175 1452 4221 essent
1493 4165 1768 4234 fortiores,
1815 4179 1868 4224 et
1897 4173 1966 4226 ad

395 4254 830 4323 prrsuat'lendum
857 4258 1116 4324 aptiores,
1145 4255 1546 4326 Demosthenis,
1573 4261 1657 4313 vel
1685 4259 1962 4331 Isocratis,

2074 1781 2332 1854 μηγορῶν
2357 1778 2583 1845 ἐξέπεσε
2627 1775 2724 1830 τοῦ
2775 1775 3006 1844 θεάτρου
3032 1773 3128 1827 καὶ
3175 1773 3402 1844 ἀθυμῶν
3454 1773 3639 1826 οἴκαδε

2071 1875 2256 1945 ἀπῄει,
2282 1870 2521 1940 Εὔνομος
2578 1868 2676 1939 μὲν
2717 1865 2868 1935 αὐτῷ
2894 1866 2924 1919 δ
2951 1864 3206 1937 Θριάσιος
3247 1864 3349 1935 ἠδη
3401 1863 3652 1935 πρεσϐύ-

2070 1983 2170 2037 της
2199 1965 2244 1996 ⁵⁶
2273 1961 2348 2026 ὢν
2369 1959 2511 2017 κατά
2547 1958 2646 2030 τὴν
2667 1959 2788 2012 όδδν
2821 1956 3179 2026 συνεκύρησε,
3201 1957 3298 2010 καὶ
3325 1954 3510 2026 μαθὼν
3549 1955 3651 2024 τῆς

2071 2054 2308 2126 ἀθυμίας
2328 2053 2389 2107 τὸ
2416 2053 2585 2106 αῐτιον
2613 2050 2834 2121 θαρρεῖν
2880 2066 2939 2101 τε
2989 2046 3368 2118 προύτρέψατο
3401 2046 3496 2100 καὶ
3550 2047 3650 2100 ἀν-

2073 2147 2362 2217 εκτήσατοο
2385 2145 2480 2197 καὶ
2498 2142 2691 2196 τούτου
2717 2139 2876 2193 πλέον
2913 2138 3251 2209 Ἀνδρόνικος
3268 2139 3298 2191 ό
3323 2137 3648 2208 ὑποκριτὴς,

2072 2240 2199 2301 τοὺς
2233 2236 2332 2308 μὲν
2377 2235 2571 2302 λόγους
2610 2228 2670 2286 εὖ
2713 2231 2856 2302 ἔχειν
2899 2231 2994 2284 καὶ
3028 2229 3105 2293 ώς
3150 2229 3348 2302 ἄριστα
3382 2229 3647 2298 φάμενος,

2073 2330 2244 2384 ἐνδεῖν
2273 2328 2331 2382 δὲ
2364 2328 2547 2388 αὐτοῖς
2567 2325 2636 2378 τὰ
2674 2323 2774 2392 τῆς
2809 2321 3173 2391 ὑποκρίσεως.
3227 2319 3285 2374 ’0
3333 2320 3389 2372 δὲ
3418 2319 3651 2388 παραδί-

2071 2421 2202 2474 δωσί
2227 2437 2284 2472 τε
2325 2417 2512 2472 ἑαυτὸν
2544 2419 2589 2449 ⁵⁷
2622 2415 2699 2485 τῷ
2733 2413 3094 2487 λ’Δνδρονίκῳ,
3130 2409 3222 2463 καὶ
3256 2411 3351 2479 τὴν
3378 2409 3478 2477 τῆς
3510 2409 3648 2460 ὑπο-

2071 2513 2305 2582 κρίσεως
2345 2510 2540 2581 τέχνην
2592 2506 2802 2561 ὲκεῖθεν
2828 2506 3122 2576 ἐξὴσκησε.
3159 2503 3290 2574 [804
3330 2499 3421 2572 IL]
3448 2501 3654 2570 Διόπερ

2071 2603 2331 2674 ἐρομένου
2383 2599 2512 2654 ποτέ
2537 2615 2680 2661 τινος
2709 2596 2872 2652 αὑτὸν
2903 2596 2956 2649 τί
3000 2594 3216 2664 πρῶτον
3249 2594 3305 2643 ὲν
3344 2592 3648 2662 ρητορικῇ;

2070 2697 2312 2757 ἀνεῖπεν,
2345 2691 2662 2761 Ὑπόκρισις
2683 2705 2697 2720 ·
2736 2689 2832 2742 καὶ
2859 2689 2912 2741 τί
2974 2687 3265 2757 δεύτερον;
3303 2684 3650 2752 ’Υπόκρισιςδ

2068 2785 2121 2838 τί
2157 2783 2215 2837 δὲ
2257 2782 2474 2854 τρίτον;
2525 2780 2874 2850 Ὺπόκρισιςο
2907 2778 3083 2850 δηλῶν
3127 2776 3271 2848 μέγα
3301 2777 3465 2845 μέρος
3507 2771 3652 2826 εἶναι

2068 2877 2168 2943 τῆς
2221 2878 2278 2929 ὲν
2331 2873 2411 2945 τῷ
2461 2873 2620 2944 δήμῳ
2675 2869 2897 2934 πειθοῦς
2940 2871 3042 2940 τὴν
3104 2868 3414 2938 ὑπόκρισιν.
3466 2865 3649 2933 Ὠμνυ

2068 2971 2124 3024 δὲ
2142 2971 2212 3036 ⁸⁸,
2262 2968 2338 3032 ὡς
2376 2969 2404 3021 ό
2455 2965 2740 3036 Φαληρεύς
2767 2982 2923 3036 φησι,
2969 2963 3067 3017 Μὰ
3094 2962 3228 3034 γῆν,
3269 2963 3354 3032 μὰ
3399 2961 3647 3030 κρήνας,

2065 3063 2152 3133 μὰ
2182 3059 2505 3130 ποταμοὺς,
2525 3061 2611 3129 μὰ
2651 3057 2915 3126 νάματα*
2955 3057 3049 3108 καὶ
3079 3055 3144 3124 δὴ
3186 3053 3279 3106 καί
3319 3069 3449 3105 ποτε
3510 3051 3647 3120 ὀμό-

2074 3172 2171 3217 σας
2203 3154 2329 3220 τοὺς
2369 3153 2564 3222 ὅρκους
2611 3148 2836 3213 τούτους
2877 3147 2956 3217 τῷ
3011 3147 3166 3216 δήμῳ
3213 3145 3441 3216 θόρυϐον
3472 3145 3519 3176 ⁸³
3555 3145 3652 3195 ὲν-

2070 3247 2345 3312 εποίησεν,
2386 3245 2572 3310 ὥσπερ
2607 3244 2700 3296 καὶ
2752 3242 2847 3295 ἐπὶ
2872 3243 2948 3313 τῷ
2988 3240 3223 3310 ὀμνύναι
3275 3240 3367 3292 τὸν
3417 3236 3652 3307 Ἀσκλη-

2071 3340 2213 3402 πιὸν,
2245 3337 2525 3408 χρώμενος
2564 3338 2631 3406 τῇ
2684 3337 2836 3405 φωνῇ
2887 3331 3398 3402 προπαροξυτόνως.
3452 3330 3647 3398 Ὅμως

2069 3430 2161 3484 οὖν
2195 3431 2459 3500 σχολάσας
2491 3427 2569 3499 τῷ
2600 3428 2852 3497 Μιλησίῳ
2881 3425 3179 3496 Εὐϐουλίδῃ
3206 3425 3273 3490 ⁸⁸³,
3299 3423 3358 3486 ὃς
3386 3422 3496 3475 τῶν
3529 3421 3652 3474 δια-

2070 3523 2340 3576 λεκτικῶν
2369 3521 2580 3582 οὐδενὸς
2607 3521 2675 3573 τὰ
2695 3510 2923 3589 δεύτερα
2978 3519 3175 3588 ἔφερεν
3207 3514 3654 3587 ἐπηνωρθώσατο

2070 3615 2248 3668 πάντα
2279 3614 2379 3667 ὅσα
2410 3614 2669 3683 παρεῖχεν
2699 3609 2878 3664 αἰτίαν
2899 3611 3327 3680 ἁμαρτήματος.

2138 3707 2276 3759 Φασὶ
2315 3705 2373 3759 δὲ
2415 3704 2506 3758 τὸν
2556 3704 2846 3759 Μακεδόνα
2885 3703 3172 3770 Φίλιππον,
3207 3702 3330 3754 ἐπεὶ
3371 3702 3472 3764 τὰς
3525 3698 3650 3752 κατ’

2069 3798 2232 3852 αὐτοῦ
2298 3795 2643 3868 δημηγορίας
2687 3794 2781 3850 τοῦ
2837 3794 3216 3866 Δημοσθένους
3275 3792 3495 3856 ἐδέξατο
3555 3791 3652 3843 καὶ

2067 3893 2297 3960 ἀνέγνω,
2339 3890 2483 3962 μέγα
2507 3890 2864 3956 θαυμάσαντα
2896 3888 3072 3941 εἰπεῖν
3101 3886 3178 3950 ὡς
3206 3885 3315 3940 Καὶ
3337 3884 3522 3950 αὐτὸς
3545 3883 3646 3943 ἂν,

2067 3985 2233 4052 ειπερ
2279 3983 2521 4052 ἤκουσα
2552 3981 2681 4036 κατ’
2735 3980 2882 4049 ἐμοῦ
2910 3979 3409 4048 δημηγοροῦντος
3449 3978 3646 4045 Δημο-

2067 4077 2344 4140 σθένους.
2373 4073 2803 4143 ἐχειροτόνησα
2847 4072 2924 4124 ἂν
2953 4069 3058 4123 τὸν
3101 4069 3292 4138 ἄνδρα
3324 4067 3475 4136 πρὸς
3525 4066 3639 4120 τὸν

2067 4169 2194 4222 κατ’
2230 4166 2379 4234 ἐμοῦ
2422 4165 2710 4232 πόλεμον.
2755 4161 3043 4234 Ἐρομένου
3071 4160 3129 4214 δὲ
3162 4161 3325 4214 αὐτόν
3357 4176 3505 4222 τινος
3536 4159 3648 4211 τῶν

2067 4259 2315 4330 συνήθων
2350 4256 2496 4319 τίνες
2537 4255 2603 4308 ἂν
2647 4249 2755 4307 εἶεν
2797 4252 3157 4324 πιθανώτεροι
3195 4253 3289 4305 καὶ
3339 4251 3650 4305 δυνατώτε-

394 4348 567 4414 ipsius
603 4347 877 4400 orationes
923 4349 1189 4404 militibus
1239 4360 1458 4419 propter
1498 4351 1746 4407 bellicam
1783 4354 1956 4408 virtu-

2076 4370 2147 4418 οοι
2199 4350 2370 4418 λόγοι,
2415 4344 2789 4416 Δημοσθένους
2815 4345 2860 4414 ιῆ
2910 4344 3278 4412 Ἰσοκράτους,
3312 4343 3419 4414 ἔφη
3471 4343 3553 4407 ώς
3599 4345 3650 4396 oi

393 4450 535 4502 tem,
564 4437 816 4494 lsocratis
853 4457 980 4496 vero
1025 4442 1246 4498 athletis
1291 4444 1504 4499 similes
1555 4461 1678 4500 esse
1718 4447 1962 4516 dicebat,

391 4548 502 4600 quo
555 4533 638 4586 hae
683 4532 976 4601 quamdam
1025 4534 1187 4587 talem
1218 4535 1637 4592 delectationem
1670 4538 1961 4607 aﬂerrent,

389 4619 612 4689 qualem
644 4619 697 4672 in
737 4619 962 4675 theatris
986 4621 1266 4690 percipere
1285 4622 1535 4679 homines
1565 4625 1762 4680 solent.

462 4800 597 4852 Cum
647 4809 767 4865 post
812 4797 1323 4853 condemnationem
1352 4800 1626 4869 (actionis
1663 4803 1728 4857 de
1758 4801 1965 4859 Corona

394 4904 585 4944 contra
650 4889 1092 4960 Ctesiphontem)
1146 4888 1441 4945 1Eschines
1498 4890 1755 4961 fugeret,
1812 4895 1962 4949 illum

389 4998 533 5054 equo
581 4981 972 5038 Demosthenes
1019 4991 1104 5037 est
1151 4990 1493 5051 prosecutus,
1531 4994 1585 5038 et
1629 4985 1753 5041 aliis
1802 4988 1965 5043 rebus

390 5075 734 5139 consolatus,
775 5075 986 5144 argenti
1033 5075 1319 5138 talentum,
1365 5075 1469 5128 alia
1516 5077 1700 5130 omnia
1739 5093 1966 5146 exspec-

391 5167 528 5222 tanti
559 5168 844 5238 inopinato
863 5166 1111 5222 donavit.
1145 5165 1361 5219 Etenim
1386 5167 1764 5235 insequentem
1802 5170 1962 5224 intui-

2077 4442 2175 4512 μὲν
2232 4437 2611 4509 Δημοσθένους
2660 4439 2771 4499 τοῖς
2817 4435 3180 4507 στρατιώταις
3223 4436 3458 4501 ἐοίκασι,
3484 4435 3648 4488 πολε-

2076 4532 2209 4603 μικὴ
2240 4531 2283 4562 “
2326 4529 2434 4600 γὰρ
2461 4528 2637 4582 αὐτῶν
2677 4528 2769 4580 καὶ
2819 4527 3026 4598 σφοδρά
3067 4528 3112 4559 θ’
3143 4529 3176 4594 ἡ
3208 4527 3467 4596 δύναμις,
3501 4529 3554 4579 oi
3593 4529 3653 4581 δὲ

2082 4622 2419 4692 Ἰσοκράτους
2452 4623 2564 4685 τοῖς
2621 4620 2878 4691 ἀθληταῖς
2917 4637 2929 4650 ·
2975 4618 3271 4690 θεατρικὴν
3300 4621 3412 4689 γὰρ
3441 4621 3652 4684 αὐτοὺς

2072 4715 2333 4784 παρέχειν
2361 4713 2571 4786 τέρψιν.

2146 4805 2299 4858 Ἐπεὶ
2331 4806 2389 4857 δὲ
2419 4807 2452 4876 ἡ
2479 4804 2744 4877 καταδίκη
2765 4805 2943 4876 φυγὴν
2974 4806 3074 4875 τῆς
3107 4806 3371 4876 πατρίδος
3404 4804 3652 4858 ἐπέϐαλε

2060 4897 2138 4968 τῷ
2175 4897 2423 4967 Αἰσχίνῃ,
2454 4896 2689 4967 ἔφιππος
2724 4897 3060 4966 καταδιώξας
3112 4897 3278 4951 αὑτὸν
3312 4897 3378 4950 τά
3427 4914 3488 4948 τε
3512 4897 3654 4951 ἀλλα

2063 4989 2513 5060 παρεμυθήσατο,
2533 4990 2628 5042 καὶ
2643 4990 2903 5044 τάλαντον
2921 4989 3189 5060 ἀργυρίου
3218 4988 3426 5041 δέδωκε
3451 4989 3652 5040 τάναν-

2061 5082 2150 5133 τία
2198 5080 2564 5150 προσδοκῶντι
2597 5081 2845 5152 Αἰσχίνῃ.
2873 5083 2982 5134 Καὶ
3010 5081 3119 5152 γὰρ
3159 5081 3501 5149 θεασάμενος
3547 5081 3649 5132 αὑ-

2062 5173 2152 5226 τὸν
2203 5171 2232 5223 ό
2273 5173 2529 5243 Αἰσχίνης
2575 5173 2962 5237 ἐπελαύνοντα,
2994 5175 3088 5227 καὶ
3136 5172 3423 5226 συλλαϐεῖν
3481 5172 3652 5225 αὐτὸν

1699 5307 1786 5362 VA
1796 5308 1932 5362 [{le
1971 5310 2375 5368 LECTIONES.

462 5424 506 5456 “
538 5422 878 5496 ῥημάτωνς.
946 5419 992 5452 ⁸³
1018 5419 1115 5496 καὶ
1147 5419 1273 5496 add.
1301 5419 1412 5496 C.__
1513 5419 2029 5496 διαθερμαινόμενον
2061 5441 2121 5496 ς.
2198 5424 2243 5456 ⁸⁸
2275 5427 2588 5496 ἀνατρέχων
2616 5423 2696 5495 δὲ]
2727 5424 3021 5496 ἀνατρέχον
3054 5426 3118 5477 Α.
3147 5493 3177 5496 __
3196 5423 3241 5455 ⁶⁹
3270 5421 3645 5496 ἀναρῤυϐδού-

393 5488 552 5562 μενον
582 5488 647 5546 Ᾰ.
724 5495 771 5524 ⁵ο
796 5492 1204 5559 ἀποκατέστησε
1235 5489 1294 5542 Β.
1370 5489 1414 5520 ⁵³
1444 5488 1488 5540 δ’
1520 5488 1713 5562 ἑαυτόν
1746 5491 1805 5547 Β,

391 5569 623 5634 έστησαν
658 5566 724 5616 Α.
797 5563 845 5595 ⁵⁵
895 5562 1211 5634 Βοιωτείους
1253 5575 1313 5634 ς.

395 5629 437 5666 ⁸⁸
465 5627 740 5689 εὖὸουλίδε
766 5648 826 5695 ς.
903 5627 1224 5709 δίοπομπικὴ
1243 5630 1307 5682 Α.
1385 5630 1428 5660 ⁶³
1457 5630 1656 5700 σφόδρα
1700 5647 1758 5695 ς.

1908 5493 1954 5567 _"
1984 5494 2265 5567 ἀμείνονος
2299 5513 2385 5567 mg
2416 5493 2429 5551 ξ
2465 5493 2584 5567 libri

1407 5561 1451 5634 ¹ξ⁶
1492 5559 1858 5634 πρεσϐύτερος
1893 5565 1955 5617 Λ.
2027 5559 2078 5597 ³⁵⁷
2120 5567 2281 5622 αὑτὸν
2311 5559 2372 5631 ςξ

2612 5491 2839 5564 ἀμείνω.
2867 5491 2878 5495 ⁷
2917 5491 2961 5526 ⁵⁵
2995 5493 3239 5563 ύπερίδει
3291 5494 3350 5564 Β.
3382 5491 3399 5564 '7
3429 5491 3476 5564 9⁸
3508 5509 3643 5564 κατ-

2471 5566 2517 5597 ⁸⁸
2554 5563 2737 5637 ὤμνυε
2765 5583 2825 5629 ς.
2931 5565 2975 5597 ⁸³
3007 5564 3236 5634 θόρυὸον
3267 5563 3350 5634 τῷ
3381 5563 3548 5633 δήμῳ
3579 5563 3641 5616 Β.
