3912 6234
272 260 378 325 185

1328 256 1850 319 BIBLIOTHECA.
1889 280 1959 293 --
1991 256 2157 317 COD.
2220 210 2477 321 CCLXV.

3401 250 3502 316 186

264 371 365 422 ἐπὶ
389 365 545 436 κακῷ
572 364 823 437 νομίσας,
854 363 1163 436 προσέπεσὲ
1193 381 1253 417 τε
1287 366 1382 419 καὶ⁸
1418 363 1831 433 συγκαλυψάμε-

1950 373 2027 418 Lus
2057 362 2375 430 IEschines,
2409 371 2670 435 ratusque
2697 363 2777 433 ad}
2805 361 3065 435 iniuriam
3110 361 3505 417 calamitatem-
3598 414 3599 417 η

246 477 362 533 ,νος
401 459 575 513 ἐδεῖτο
630 457 945 528 σωτηρίας·
998 459 1028 511 ὁ
1075 457 1153 519 δὲ,
1188 456 1438 526 καθάπερ
1493 454 1724 524 ἔφημεν,
1775 453 1837 505 οὐ

271 554 467 623 ῥήτορι
499 550 724 621 μᾶλλον,
765 549 879 603 ἀλλ’
913 548 1069 619 ἀνδρὶ⁵
1122 548 1330 618 πρέπον
1368 547 1642 616 φιλοσόφῳ
1681 545 1841 615 ἔργον

272 644 355 705 είς
392 642 561 695 αὐτὸν
592 639 925 704 ἐπεδείξατο.
949 639 1138 711 Φέρειν
1159 638 1215 691 δὲ
1256 637 1518 706 γενναίως
1563 634 1841 706 Δημοσθέ-

271 750 397 797 νους
430 732 476 764 ⁸³
506 731 900 801 ὑποτιθεμένου
926 727 1077 801 αὐτῷ
1099 729 1200 801 τὴν
1228 727 1424 798 φυγὴν,
1457 726 1567 782 Καί
1604 725 1729 792 πῶς
1765 725 1843 780 ἂν

270 825 599 894 δυναίμην,
643 822 805 896 [1476
828 821 922 895 IL]
951 822 1209 891 Αἰσχίνης
1236 820 1363 890 ἔφη,
1393 819 1670 884 τοιαύτης
1694 819 1843 873 ἀπο-

270 918 677 986 στερούμενος
735 916 991 979 πόλεως,
1018 914 1088 967 ἐν
1112 906 1153 985 ᾖ
1204 912 1303 965 καὶ
1334 911 1475 976 τοὺς
1510 911 1844 976 δοκοῦντας

270 1006 529 1075 ἐχθροὺς
566 1003 720 1061 εἶναι
769 1004 890 1059 τῶν
920 1004 1217 1072 ἀλλαχόθι
1256 1004 1453 1071 φίλων
1480 1003 1844 1070 χρηστότητι

270 1100 371 1152 καί
395 1098 804 1167 καλοκαγαθίᾳ
818 1095 1015 1164 εὑρεῖν
1041 1095 1173 1148 ἐστι
1207 1094 1639 1164 διαφέροντας

343 1187 587 1257 Σιτώνης
645 1186 827 1257 μέντοι
858 1201 919 1254 γε
966 1183 1239 1246 καταστὰς
1285 1184 1312 1237 ὁ
1351 1181 1701 1253 Δημοσθένης
1750 1179 1846 1235 καὶ

274 1278 495 1347 κλοπῆς
560 1276 828 1340 αἰτιαθεὶς
887 1273 1155 1346 ἀπελύθη.
1203 1274 1469 1326 Φιλίππου
1525 1273 1708 1344 μέντοι
1746 1272 1845 1344 τὴν

284 1368 570 1421 Ἐλάτειαν
595 1366 1129 1436 καταλαμϐάνοντος,
1159 1367 1273 1429 τοῖς
1309 1365 1368 1417 ἐν
1395 1364 1703 1436 Χαιρωνείᾳ
1754 1365 1848 1418 καὶ

252 1450 440 1521 αὐτὸς
478 1457 977 1528 συνεστρατεύσατο
1008 1456 1412 1528 μαχεσαμένοις
1436 1475 1450 1488 ο
1482 1458 1540 1509 ἐν
1582 1450 1618 1531 ᾖ
1651 1457 1742 1509 καὶ
1770 1456 1848 1508 λι-

271 1549 395 1600 πὼν
426 1550 604 1619 ἐῳάνη
646 1548 745 1618 τὴν
777 1548 951 1612 τάξιν.
996 1546 1149 1600 Ἐπεὶ
1177 1547 1235 1600 δὲ
1269 1546 1564 1617 φεύγοντος
1597 1548 1761 1601 αὐτοῦ
1787 1549 1848 1601 τὸ

271 1640 443 1708 φυτὸν
496 1640 525 1691 ὁ
569 1639 727 1711 βάτος
774 1637 1067 1692 ἐπελάϐετο
1120 1637 1218 1709 τῆς
1262 1636 1557 1709 χλαμύδος,
1582 1639 1846 1707 ἐπιστρα-

272 1707 447 1800 ιρέντα
477 1707 798 1801 λοιδορεῖται
828 1730 1002 1782 εἰπεῖν
1020 1707 1261 1799 Ζώτρει.
1288 1707 1376 1782 ⁷Ἥ
1402 1728 1459 1782 δέ
1479 1729 1644 1791 ἀσπὶς
1684 1727 1846 1781 αὐτοῦ
1878 1707 1920 1762 Β

268 1822 546 1893 ἐπίσημον
592 1821 790 1893 ἐφερεο
831 1821 950 1890 Τὴν
995 1822 1212 1889 Τύχην.
1247 1820 1385 1885 Τοὺς
1406 1819 1760 1883 πεπτωκότας
1793 1819 1848 1872 δὲ

270 1918 332 1969 ἐν
368 1918 437 1985 τῇ
476 1916 625 1989 μάχῃ
647 1915 955 1985 ἐκόσμησεν
974 1913 1266 1984 ἐπιταφίῳ,
1293 1912 1397 1983 τῆς
1436 1913 1534 1984 μὲν
1562 1912 1849 1983 συμϐάσης

266 2004 445 2073 τύχης
502 2004 635 2065 ἴσως
683 2002 836 2055 οὐδὲν
873 2001 1238 2071 ἐνδεέστερον,
1263 2001 1359 2070 τῆς
1394 2001 1440 2055 δ’
1473 1999 1641 2072 ἄλλης
1686 2001 1848 2055 αὐτοῦ

269 2094 407 2164 περὶ
431 2093 629 2160 λόγους
651 2091 933 2163 δυνάμεως
976 2091 1078 2145 οὐκ
1116 2092 1285 2160 ὀλίγῳ
1322 2092 1683 2162 ἐνδεέστερον.
1718 2088 1849 2147 Εἶτα

270 2187 341 2238 τὰ
360 2184 463 2254 τῆς
503 2182 717 2245 πόλεως
775 2182 1118 2237 ἐπεσκεύασε
1161 2183 1313 2253 τείχη
1343 2200 1358 2215 ⁸
1411 2184 1745 2254 ἐπιμελητὴς
1792 2183 1849 2236 δὲ

272 2275 477 2329 τούτων
512 2274 791 2337 καταστὰς
823 2275 930 2328 ἀπὸ
959 2274 1058 2344 τῆς
1081 2274 1214 2337 ίδίας
1247 2273 1433 2337 οὐσίας
1452 2274 1783 2328 κατεϐάλετο
1804 2274 1851 2305 ⁸⁵

271 2369 334 2422 τὸ
363 2368 631 2437 ἀνάλωμα
662 2365 927 2438 ἀργυρίου
958 2369 1096 2436 μνᾶς
1122 2367 1336 2421 ἑκατόν.
1364 2366 1475 2420 Καὶ
1521 2365 1745 2437 θεωροῖς
1793 2367 1850 2419 δὲ

275 2460 487 2531 μυρίας
526 2459 825 2514 ἐπέδωκεν.
860 2460 1021 2513 Ἀλλά
1072 2461 1166 2512 καὶ
1190 2461 1447 2529 τριήρους
1477 2459 1693 2521 ἐπιὸἀς,
1724 2460 1851 2522 τοὺς

270 2552 609 2621 συμμάχους
663 2551 1049 2622 ἀργυρολογῶν
1098 2550 1511 2620 περιέπλευσεν.
1574 2548 1705 2622 [805
1753 2549 1850 2622 H.]

282 2643 401 2711 Ἐφ’
448 2636 531 2706 οἷς
561 2641 658 2694 καὶ
694 2640 878 2711 χρυσῷ
909 2640 1172 2704 πολλάκις
1202 2640 1550 2710 ἐστεφανώθη
1581 2641 1848 2711 στεφάνῳ,

266 2736 338 2788 τά
364 2733 565 2804 πρῶτα
590 2732 692 2803 μὲν
719 2732 826 2785 ὑπὸ
856 2731 1201 2803 Δημοτελοῦς
1233 2732 1328 2785 καὶ
1368 2731 1735 2801 Ἀριστονίκου
1757 2731 1853 2785 καὶ

279 2825 620 2897 Ὑπερείδου,
659 2823 968 2878 τελευταῖον
1016 2824 1074 2877 δὲ
1124 2824 1228 2877 ὑπὸ
1263 2824 1676 2895 Κτησιφῶντος.
1705 2824 1848 2893 Γρα-

267 2919 465 2986 φέντος
538 2916 597 2969 δὲ
644 2914 741 2969 τοῦ
799 2915 1026 2986 ὑστέρου
1084 2914 1435 2985 ψηφίσματος
1511 2914 1849 2983 παρανόμων

270 3008 377 3060 ὑπὸ
422 3006 669 3060 Διοδότου
725 3006 824 3059 καὶ
872 3005 1164 3077 Αἰσχίνου,
1212 3009 1291 3069 είς
1338 3005 1634 3071 ἀπολογίαν
1675 3022 1847 3057 κατα-

271 3100 403 3162 στὰς
429 3100 477 3131 ⁸⁸
512 3097 753 3168 ἐνίκησε.
786 3098 981 3168 Χρόνῳ
1025 3098 1081 3152 δέ
1122 3098 1353 3169 ὕστερον
1384 3097 1479 3150 ἐπὶ
1528 3096 1626 3168 τὴν
1666 3095 1851 3149 Ἀσίαν

282 3190 638 3260 Ἀλεξάνδρου
675 3188 1065 3259 διαὸεδηκότος
1096 3230 1112 3256 ,
1162 3190 1258 3242 καὶ
1312 3189 1577 3258 φυγόντος
1605 3229 1619 3254 ,
1692 3187 1853 3256 Ἀθή-

274 3283 400 3345 ναζε
465 3281 606 3353 μετά
652 3282 956 3351 χρημάτων
1006 3280 1279 3350 Ἀρπάλου
1308 3322 1322 3344 ,
1375 3281 1444 3334 τὰ
1497 3281 1598 3351 μὲν
1647 3280 1840 3351 πρῶτα

262 3372 605 3444 δημηγορῶν
660 3373 706 3404 ⁸⁸
759 3373 862 3426 οὐκ
892 3370 1007 3425 ηεῐα
1062 3370 1156 3425 τὸν
1205 3372 1374 3444 ἄνδρα
1422 3373 1851 3445 παραδέχεσθαι,

273 3467 395 3519 ἐπεὶ
441 3465 501 3518 δὲ
529 3463 901 3529 ἐίσέπλευσε,
946 3465 1246 3536 Δαρεικοὺς
1292 3465 1498 3535 χιλίους
1549 3466 1647 3537 (ὥς
1697 3466 1852 3536 φασι)

274 3555 453 3609 λαϐὼν
506 3556 644 3622 πρὸς
691 3556 821 3618 τοὺς
874 3556 1015 3626 ὑπὲρ
1065 3556 1230 3610 αὐτοῦ
1307 3556 1564 3623 λέγοντας
1628 3558 1855 3626 μετετά-

266 3650 421 3713 ξατο,
454 3651 549 3702 καὶ
584 3647 921 3718 βουλομένων
990 3648 1291 3720 Ἀθηναίων
1356 3648 1697 3719 Ἀντιπάτρῳ
1721 3666 1855 3719 προ-

275 3742 459 3796 δοῦναι
479 3742 525 3773 ⁸⁷
555 3742 646 3795 τὸν
696 3740 984 3811 ἄνθρωπον
1030 3740 1285 3793 ἀντεῖπεν
1319 3742 1386 3806 ⁸⁸,
1418 3742 1488 3796 τά
1535 3758 1594 3793 τε
1648 3742 1855 3812 Ἀρπά-

279 3833 395 3886 λεια
418 3835 463 3866 ⁸⁸
506 3834 768 3902 χρήματα
788 3832 871 3894 είς
907 3830 1202 3901 ἀκρόπολιν
1252 3830 1489 3902 ἔγραψεν
1529 3833 1853 3897 ἀποθέσθαι,

284 3926 416 3994 μηδὲ
444 3924 527 3995 τῷ
562 3925 719 3995 δήμῳ
765 3925 857 3977 τὸν
903 3924 1137 3995 ἀριθμὸν
1188 3924 1371 3978 αὐτῶν
1426 3926 1857 3995 ἀποσημηνάμε-

279 4035 367 4079 νος
396 4016 470 4068 ⁷ο.
520 4017 789 4083 Λέγοντος
830 4014 889 4068 δὲ
948 4014 1219 4085 Ἀρπάλου
1263 4015 1317 4084 ψ’
1377 4019 1853 4087 συγκατακομίσαι

278 4108 546 4172 τάλαντα,
565 4107 633 4160 τά
665 4106 1021 4176 ἀνενεχθέντα
1054 4109 1135 4171 είς
1163 4107 1263 4177 τὴν
1278 4108 1576 4178 ἀκρόπολιν
1607 4114 1656 4178 η’
1682 4110 1779 4161 καὶ
1807 4116 1851 4160 τ’

278 4199 512 4269 ῆόλίγῳ
580 4198 803 4251 πλείονα
857 4199 1088 4269 εὑρέθη.
1124 4199 1391 4267 Φυγόντος
1438 4200 1495 4253 δὲ
1534 4202 1597 4253 ἐκ
1629 4201 1723 4253 τοῦ
1768 4202 1854 4253 δε-

1939 469 2044 523 que
2104 455 2261 523 rapi,
2320 454 2550 525 genibus
2610 455 2845 522 accidit,
2904 467 2959 510 et
3017 456 3195 525 capite
3252 452 3508 508 obvoluto

1940 548 2170 601 salutem
2205 547 2624 617 deprecabatur.
2672 548 2772 605 Hic
2799 564 2951 615 vero,
2989 559 3048 605 ut
3091 548 3204 618 jam
3245 546 3506 608 diximus,

1939 637 2169 693 officium
2202 654 2311 693 non
2337 648 2447 694 tam
2476 649 2715 705 oratore,
2741 656 2907 710 quam
2941 638 3262 710 philosopho
3283 638 3507 705 dignum

1936 730 2208 798 praesutit.
2238 729 2502 786 Hortante
2528 740 2711 786 autem
2745 731 3125 795 Demosthene,
3163 739 3225 784 ut
3255 727 3509 783 exsilium

1936 835 2096 889 aequo
2109 821 2292 876 animo
2309 820 2495 885 ferret,
2521 821 2755 890 subjecit
2779 822 2907 876 ille:
2930 820 3033 886 Qui
3058 836 3281 890 possem,
3308 818 3507 887 inquit,

1941 928 2058 965 cum
2092 929 2209 965 eam
2249 912 2485 983 relinquo
2522 913 2733 979 urbem,
2769 914 2826 967 in
2847 930 2953 983 qua
2984 925 3068 967 eos
3105 913 3278 967 inveni
3312 909 3511 982 ωδε

1941 1003 2133 1066 hostes,
2160 1005 2249 1073 qui
2291 1004 2608 1075 benignitate
2646 1006 2843 1058 amicos
2876 1004 3007 1059 alibi
3035 1004 3185 1074 longe
3223 1000 3514 1072 superent?

2014 1092 2115 1149 Hie
2143 1095 2305 1149 etiam
2337 1095 2731 1152 Demosthenes
2768 1112 3001 1153 annonae
3039 1096 3325 1166 pmfectus
3350 1093 3510 1149 furti-

1944 1201 2050 1256 que
2084 1197 2394 1253 accusatus,
2439 1188 2721 1243 absolutus
2762 1197 2864 1243 est.
2910 1187 3046 1244 Cum
3084 1202 3215 1241 vero
3273 1187 3511 1240 Elateam

1944 1276 2226 1348 Philippus
2250 1287 2564 1349 occuparet,
2614 1280 2729 1348 ipse
2744 1294 2868 1334 cum
2898 1279 2983 1343 iis,
3019 1278 3112 1347 qui
3144 1284 3515 1347 pugnaverant

1946 1368 1999 1423 in
2033 1369 2350 1431 Chzeronea,
2373 1370 2645 1437 militavit,
2677 1368 2732 1423 in
2761 1384 2871 1439 quo
2909 1369 3095 1438 praelio
3120 1366 3366 1422 ordinem
3390 1365 3515 1434 fuga

1945 1458 2251 1514 deseruisse
2293 1460 2447 1516 .visus
2510 1468 2616 1514 est.
2657 1460 2793 1514 Cum
2852 1470 3031 1514 autem
3064 1458 3321 1528 fugientis
3368 1458 3517 1511 chla-

1946 1549 2157 1621 mydem
2205 1551 2374 1604 ruhus
2403 1551 2744 1615 retinuisset,
2777 1560 2891 1604 tum
2944 1550 3337 1604 Demosthenes
3384 1562 3514 1602 con-

1947 1658 2137 1697 versus
2166 1642 2587 1711 imprecabatur,
2610 1642 2831 1712 ζώγρει,
2856 1656 3009 1697 serva
3040 1660 3053 1693 :
3078 1643 3282 1704 vivum,
3314 1640 3511 1708 inquit,

1949 1748 2105 1802 cape.
2138 1731 2398 1786 Notatum
2434 1732 2538 1787 hoc
2566 1732 2621 1785 in
2650 1733 2842 1803 clypeo
2874 1733 3083 1795 habuit,
3112 1739 3164 1785 et
3196 1730 3467 1800 signatum
3496 1746 3513 1782 :

1948 1823 2101 1879 Bona
2128 1824 2377 1894 fortuna,
2401 1822 2816 1891 orationemque
2866 1821 3056 1875 habuit
3091 1822 3145 1874 in
3190 1819 3380 1874 funere
3423 1833 3517 1871 eo-

1951 1928 2070 1965 rum
2092 1952 2106 1974 ,
2133 1914 2225 1980 qui
2260 1911 2312 1965 in
2358 1910 2501 1965 bello
2524 1909 2872 1975 cecidissent,
2897 1924 3017 1978 quae
3041 1908 3085 1963 si
3120 1906 3349 1961 fortunae
3384 1915 3516 1960 tunc

1950 2012 2184 2069 statum,
2218 2001 2704 2071 conditionemque
2735 2010 2966 2070 spectes,
2992 1999 3130 2053 forte
3154 2015 3258 2052 non
3296 1999 3517 2065 indigna

1950 2093 2311 2150 Demosthene
2337 2092 2607 2158 videatur,
2655 2102 2709 2146 at
2736 2090 2784 2146 si
2812 2105 2935 2145 cum
2961 2090 3192 2144 aliarum
3225 2089 3517 2142 virtutibus

1950 2184 2257 2239 orationum
2301 2196 2626 2251 componas,
2663 2196 2773 2235 non
2806 2196 3000 2251 parum
3031 2180 3290 2235 deterior.
3323 2179 3515 2232 Postea

1952 2289 2079 2328 vero
2128 2288 2252 2328 cum
2314 2273 2381 2327 ad
2435 2273 2588 2329 urbis
2635 2271 2988 2326 refectionem
3039 2272 3219 2325 studio
3278 2285 3518 2337 curaque

1951 2365 2195 2420 intentus
2246 2372 2431 2431 esset,
2477 2377 2763 2417 murorum
2834 2371 3059 2416 curator
3107 2360 3282 2416 factus
3317 2362 3381 2414 de
3420 2376 3519 2414 sua

1954 2458 2180 2529 pecunia
2220 2457 2287 2511 ad
2341 2471 2461 2510 eam
2504 2472 2618 2510 rem
2650 2454 2916 2525 impendit
2946 2455 3121 2508 minas
3158 2461 3373 2507 centum
3412 2449 3521 2503 :ad

1952 2550 2267 2619 spectacula
2302 2557 2484 2602 autem
2518 2548 2706 2602 decem
2747 2547 3022 2600 minarum
3071 2545 3239 2598 millia
3268 2542 3519 2600 contulit,

1948 2642 2311 2708 triremesque
2371 2637 2743 2703 conscendit,
2804 2646 2859 2691 et
2924 2636 3162 2705 undique
3224 2635 3289 2687 ad
3344 2633 3521 2685 socios

1952 2732 2218 2800 navigans
2253 2729 2514 2799 pecunias
2543 2728 2741 2798 coegit,
2771 2744 2908 2798 quas
2934 2728 3004 2782 ob
3033 2742 3121 2781 res
3152 2740 3389 2795 persaepe
3408 2725 3523 2791 ipse

1955 2839 2123 2879 aurea
2146 2837 2350 2878 corona
2377 2832 2459 2877 est
2479 2821 2737 2885 donatus,
2766 2820 3004 2889 primum
3030 2819 3246 2890 quidem
3276 2832 3305 2869 a
3336 2815 3527 2869 Demo-

1957 2914 2078 2979 tele,
2120 2913 2470 2976 Aristonico,
2513 2922 2567 2965 et
2620 2909 2929 2981 Hyperide:
2964 2919 3291 2977 postremum
3322 2924 3452 2961 vero
3491 2920 3525 2961 ει

1955 3004 2324 3072 Ctesiphonte.
2344 3001 2593 3071 Cumque
2614 3002 2893 3056 decretum
2920 3001 3025 3055 hoc
3055 3011 3312 3069 tanquam
3333 3009 3525 3051 contra

1953 3096 2096 3165 leges
2119 3094 2342 3161 factum,
2370 3094 2632 3147 Diodotus
2653 3102 2815 3161 atque
2838 3091 3130 3146 IEschines
3152 3098 3524 3152 accusassent,

1954 3185 2073 3254 ipse
2115 3198 2218 3254 pro
2258 3198 2318 3238 se
2344 3182 2661 3237 defensione
2693 3196 2824 3235 usus
2848 3180 2998 3234 vicit.
3023 3179 3215 3233 Postea
3243 3192 3371 3231 vero
3406 3192 3526 3231 cum

1952 3279 2259 3333 Alexander
2309 3277 2364 3332 in
2411 3275 2602 3331 Asiam
2646 3274 2951 3329 exercitum
2991 3272 3277 3337 ductaret,
3314 3269 3527 3339 llarpa-

1954 3372 2146 3441 Iusque
2176 3371 2417 3425 Athenas
2447 3384 2573 3423 cum
2606 3366 2958 3422 facultatibus
2992 3364 3345 3435 pecuniisque
3374 3360 3529 3430 fuge-

1954 3475 2071 3528 ret,
2123 3465 2268 3518 hunc
2302 3463 2522 3533 quidem
2570 3461 2749 3531 primo
2788 3457 2956 3527 recipi
2990 3464 3176 3510 orator
3211 3453 3527 3525 prohibuit:

1956 3557 2151 3613 deinde
2198 3565 2486 3625 postquam
2530 3552 2753 3620 navigio
2804 3558 2888 3604 est
2926 3549 3232 3618 ingressus,
3290 3543 3528 3612 acceptis

1956 3650 2105 3703 mille
2133 3648 2344 3702 Daricis
2375 3646 2669 3716 acquievit.
2696 3642 2945 3712 Cumque
2973 3639 3336 3695 Athenienses
3354 3636 3533 3689 homi~

1950 3758 2080 3797 nem
2108 3742 2393 3810 Antipatro
2419 3739 2617 3793 dedere
2647 3736 2870 3799 vellent,
2909 3730 3252 3801 repugnavit,
3286 3725 3533 3795 scripsit-

1946 3852 2064 3905 ‘que
2089 3842 2148 3888 ut
2172 3849 2257 3898 ea,
2282 3849 2445 3903 quam
2477 3846 2664 3888 secum
2701 3822 2959 3882 attulerat
2988 3822 3277 3893 Harpalus,
3301 3820 3531 3887 pecunia

1950 3926 2012 3981 in
2046 3940 2259 3981 summa
2309 3939 2436 3978 arce
2487 3924 2872 3991 deponeretur,
2908 3926 3075 3986 utque
3116 3912 3382 3982 Harpalus
3415 3909 3537 3979 ejus

1948 4023 2131 4091 ipsius
2204 4018 2449 4089 pecuniae
2498 4030 2788 4069 numerum
2852 4026 2916 4066 ac
2965 4022 3237 4065 summam
3306 4006 3532 4065 diceret.

1952 4127 2140 4181 neque
2190 4109 2393 4179 populo
2454 4105 2697 4176 pecunia:
2750 4117 3019 4158 summam
3075 4098 3353 4152 indicavit.
3396 4096 3533 4150 Cum

1956 4215 2138 4258 autem
2190 4202 2413 4255 dixisset
2466 4197 2735 4266 Harpalus
2800 4194 3135 4263 septingenta
3182 4191 3379 4243 talenta
3411 4203 3440 4241 a
3477 4202 3536 4241 se

279 4290 598 4360 σμωτηρίου
641 4290 936 4361 Ἁρπάλου,
964 4294 1014 4344 οί
1074 4291 1172 4361 μὲν
1211 4293 1289 4354 είς
1318 4292 1546 4362 Κρήτην
1591 4295 1776 4361 φασὶν,
1805 4295 1848 4346 οί

1958 4299 2145 4362 allata,
2177 4308 2230 4350 et
2283 4297 2334 4349 in
2380 4308 2505 4347 arce
2548 4290 2832 4353 collocata,
2857 4295 2981 4340 octo
3000 4294 3207 4338 tantum
3252 4291 3306 4335 et
3327 4292 3541 4336 trecen-

277 4382 331 4435 δὲ
359 4386 442 4445 είς
495 4382 763 4454 Ταίναρον
790 4387 888 4453 τῆς
914 4385 1257 4454 Λακωνικῆς,
1287 4384 1613 4454 δωροδοκίας
1676 4385 1848 4438 αἰτίαν

1964 4400 2051 4456 ta,
2114 4400 2210 4443 aut
2249 4388 2412 4458 paulo
2456 4385 2691 4454 amplius
2728 4389 2943 4451 reperta
2988 4387 3138 4433 sunt.
3171 4378 3365 4431 Postea
3410 4390 3536 4427 cum

281 4474 558 4541 παρέσχεν
581 4475 609 4525 ὁ
643 4475 1014 4543 Δημοσθένης.
1058 4474 1212 4527 Ἐπεὶ
1246 4474 1417 4545 ταύτῃ
1470 4475 1527 4527 δέ
1578 4477 1848 4540 καταστὰς

1965 4482 2232 4551 Harpalus
2271 4496 2301 4533 e
2352 4494 2574 4533 carcere
2608 4475 2943 4544 aufugisset,
2978 4481 3140 4541 atque
3193 4470 3247 4523 in
3296 4469 3535 4531 Cretam,

278 4565 355 4625 εἰς
376 4563 566 4631 κρίσιν
590 4564 696 4616 ὑπὸ
737 4563 1079 4632 Ὑπερείδου,
1109 4563 1315 4616 Πυθέου
1349 4565 1415 4628 '“,
1441 4567 1848 4636 Μενεσαίχμου,

1961 4574 2086 4639 vel,
2135 4584 2192 4627 ut
2233 4572 2319 4625 alii
2376 4573 2604 4635 volunt,
2652 4571 2703 4621 in
2763 4567 3052 4620 Taenarum
3112 4565 3225 4634 agri
3284 4561 3539 4615 Laconici

290 4654 573 4723 Ἱμεραίου
626 4654 722 4707 καὶ
768 4654 1097 4723 Προκλέους,
1132 4656 1182 4708 οἳ
1228 4654 1323 4706 καὶ
1356 4654 1455 4726 τὴν
1511 4656 1570 4721 ἐξ
1644 4656 1848 4727 Ἀρείου

1966 4666 2222 4736 oppidum
2254 4664 2528 4727 venisset,
2574 4670 2865 4715 accusatus
2905 4658 3299 4711 Demosthenes
3341 4669 3537 4723 accep-

281 4746 463 4813 πάγου
529 4744 727 4815 βουλὴν
774 4747 1184 4801 κατεσκεύασαν
1237 4747 1404 4800 αὐτοῦ
1462 4748 1848 4816 καταγνῶναι,

1968 4765 2149 4807 torum
2177 4755 2444 4807 donorum
2495 4759 2616 4813 est,
2673 4760 3016 4815 vocatusque
3048 4746 3101 4799 in
3150 4745 3417 4814 judicium
3472 4743 3540 4796 ab

279 4839 441 4902 ἑάλω,
476 4837 573 4891 καὶ
595 4837 756 4900 ἁλοὺς
790 4837 979 4906 ἔφυγε,
1016 4840 1089 4909 μὴ
1120 4840 1416 4908 δυνάμενος
1440 4841 1697 4893 ἀποτῖσαι
1734 4858 1848 4893 πεν·

1959 4842 2247 4909 Hyperide,
2281 4836 2962 4909 Pylluea,Meneszeehmo.
2995 4832 3285 4894 Himeram,
3311 4831 3533 4885 Proele:

277 4928 559 4982 ταπλάσια
586 4943 601 4956 ⁸
628 4927 857 4998 ᾐτιῶντο
880 4928 936 4981 δὲ
964 4930 1124 4981 αὐτὸν
1165 4928 1490 4999 δωροδοκίας
1517 4930 1759 4983 τάλαντα
1784 4932 1848 4983 λ’.

1964 4950 2194 5002 quorum
2256 4946 2423 5001 Opera
2476 4928 2734 4984 effectum
2785 4936 2871 4981 est
2903 4967 2918 4991 ,
2977 4936 3035 4980 ut
3093 4925 3543 4995 Areopagitarum

284 5023 439 5077 Ἔστι
485 5022 546 5075 δὲ
588 5022 687 5076 καὶ
724 5022 881 5085 ἄλλος
922 5022 1081 5090 λόγος
1111 5022 1171 5084 ὃς
1220 5024 1340 5078 οὐδὲ
1380 5024 1478 5094 τὴν
1525 5024 1708 5092 κρίσιν
1763 5024 1848 5076 αὐ-

1967 5025 2238 5080 senteutia
2279 5025 2681 5079 condemnatus
2748 5021 3056 5075 exsulatum
3129 5018 3349 5078 abiret,
3419 5028 3541 5067 cum

280 5117 369 5168 τὸν
411 5118 457 5147 τ’
515 5115 809 5185 ὑπομεῖναι
846 5114 1014 5182 λέγει,
1046 5114 1178 5167 ἀλλά
1227 5118 1420 5183 φυγεῖν
1469 5115 1578 5168 τῶν
1648 5115 1848 5184 μελλόν·

1971 5118 2162 5170 multae
2215 5116 2270 5169 in
2302 5115 2645 5184 quintuplam
2671 5112 2944 5168 solvendae
2988 5127 3101 5165 non
3154 5119 3296 5163 esset
3330 5106 3543 5159 futurus

281 5226 385 5261 των
448 5206 660 5280 κρίνειν
702 5207 864 5261 αὐτὸν
912 5208 1503 5277 παρασκευαζομένων.
1561 5209 1753 5278 Χρόνῳ
1806 5209 1848 5262 δί

1972 5207 2129 5262 satis.
2184 5208 2535 5261 Accusabant
2593 5214 2773 5260 autem
2837 5204 2983 5274 quod
3049 5201 3269 5271 triginta
3342 5197 3543 5251 talenta

288 5299 510 5372 ὕστερον
535 5299 708 5371 ὀλίγῳ
749 5299 1089 5354 Πολύευκτον
1137 5299 1390 5371 ἔπεμψαν
1432 5302 1703 5372 Ἀθηναῖοι
1727 5301 1848 5372 πρὸς

1972 5298 2295 5368 accepisset,
2345 5299 2466 5364 vel,
2501 5306 2556 5353 ut
2612 5298 2861 5353 nonnulli
2911 5297 3141 5359 dicunt,.
3178 5306 3286 5345 non
3347 5287 3541 5359 6.94!)

1530 5417 1766 5472 VARI/[‘3
1796 5416 2198 5473 LECTIONES.

354 5538 397 5619 εξ
419 5534 821 5619 Δηιφσθένους⁴
838 5536 999 5605 vulgo
1038 5544 1161 5619 post
1196 5534 1372 5619 ιρυγὴν
1401 5549 1629 5619 ponunt.
1661 5610 1671 5619 .
1708 5538 1754 5570 ⁸³
1778 5538 2135 5619 κατεϐάλλετο
2169 5555 2229 5602 ς.
2297 5537 2351 5619 ,⁸⁸⁸
2377 5535 2673 5619 καταστάς]
2708 5531 3090 5619 ἀποκαταστξς
3127 5532 3191 5583 Α.
3268 5528 3311 5560 ⁶⁶
3334 5525 3543 5619 ξῇὰιμὲν

293 5598 864 5679 πρῶτα”δημηγορῶν
916 5598 1135 5679 (fingi).
1166 5598 1255 5679 ﬂ."
1283 5598 1607 5679 ⁷προδοῦναι]
1660 5610 1771 5661 imo
1834 5598 2195 5679 παραδοῦναιί
2214 5677 2223 5679 Α
2297 5608 2341 5639 ⁸⁸
2375 5610 2593 5662 ἀνεῖπεν
2779 5606 2823 5638 ⁸⁸
2866 5602 3133 5673 ’Λρπάλια
3175 5616 3233 5662 ς.
3334 5598 3380 5628 ⁷⁰
3422 5599 3542 5649 ἐπι-

294 5675 674 5751 σημηνάμενος
690 5675 762 5730 Δ.
835 5675 879 5709 ⁷³
919 5675 1124 5730 Πυθέου
1164 5678 1205 5733 Β
1243 5694 1255 5733 :
1288 5677 1525 5732 Ποθαίου
1556 5675 1614 5740 cf.
1691 5679 1738 5711 ⁷¹
1768 5675 1929 5733 αὑτὸν
1960 5680 2001 5732 Β
2035 5699 2047 5734 :
2086 5677 2263 5735 αὐτῶν
2306 5695 2364 5742 ς.
