3912 6234
351 268 452 333 187

1503 266 1764 331 PHOTII
1792 259 2299 327 PATRIARCH/E
2335 258 2426 321 ΕΡ
2439 303 2453 323 δ

3504 247 3607 315 188

346 389 663 453 exspectato
717 381 927 452 judicio
974 382 1129 437 illum
1182 379 1430 456 fugisse,
1467 383 1593 453 'jam
1638 379 1943 453 iudicibus.

2049 375 2077 429 δ
2125 375 2302 428 κοινὸν
2353 370 2797 443 πρεσϐεύσασθαι
2842 368 2950 424 τῶν
3026 365 3301 438 Ἀρκάδων
3334 406 3351 433 ,
3377 368 3384 379 ’
3406 365 3494 435 ἐφ’
3551 358 3599 433 ᾧ

347 470 681 526 sententiam
710 471 851 527 ferre
872 472 1215 541 parantibus.
1241 472 1439 528 Postea
1460 488 1593 528 vero
1613 487 1736 528 cum
1756 471 1925 525 Athe-

352 561 579 617 nienses
611 560 961 633 Polyeuctum
983 562 1220 633 legatum
1253 563 1322 619 ad
1347 562 1591 618 Arcadas
1619 562 1922 626 misissent,

350 662 413 707 ut
448 668 545 709 eos
592 669 621 707 a
656 654 1009 709 Macedonum
1058 656 1318 711 societate
1363 656 1700 723 abduceret,
1748 666 1927 723 neque

352 744 679 817 Polyeuctus
736 748 1066 816 persuadere
1150 748 1453 816 potuisset,
1501 746 1761 818 prodiens
1817 744 1927 801 De-

353 839 689 904 mosthenes,
720 848 777 894 et
823 855 931 895 una
978 840 1194 895 dicendi
1234 848 1419 910 partes
1448 855 1739 897 assumens
1760 879 1777 907 ,
1801 853 1930 910 pcr-

352 928 553 985 suasit.
606 928 780 999 Cujus
828 930 910 985 rei
967 945 1134 985 causa
1195 945 1319 986 cum
1368 945 1493 986 eum
1544 930 1929 985 admirandum

349 1018 648 1086 quemdam
681 1022 957 1075 hominem
981 1036 1172 1076 omnes
1192 1021 1478 1087 ducerent,
1508 1023 1701 1092 paucis
1727 1019 1931 1091 elapsis

352 1110 548 1165 diebus
587 1112 868 1167 decretum
903 1114 972 1168 de
1005 1114 1097 1168 illo
1127 1114 1432 1169 revocando
1465 1121 1551 1168 est
1583 1111 1789 1167 factum
1813 1151 1830 1179 ,
1863 1126 1933 1166 ex

354 1216 536 1273 eoque
569 1205 738 1259 missa
762 1216 848 1260 est
872 1206 1119 1261 triremis
1149 1222 1274 1278 quae
1312 1207 1467 1261 illum
1491 1206 1805 1270 adveheret,
1836 1204 1934 1260 deo

2020 466 2219 530 αύτοὺς
2253 464 2556 537 ἀποστῆναι
2582 465 2681 535 τῆς
2730 462 2838 518 τῶν
2889 460 3220 516 Μακεδόνων
3263 457 3604 529 συμμαχίας.

2022 559 2207 631 Μηδὲν
2238 559 2297 613 δέ
2352 557 2606 622 ἀνύοντος
2638 555 2733 610 τοῦ
2788 553 3131 609 Πολυεύκτου
3175 552 3458 620 ἐπιφανεὶς
3496 552 3606 620 Δη-

2027 650 2295 723 μοσθένης
2351 650 2448 705 καὶ
2504 647 2772 705 συνειπὼν
2844 646 3048 701 ἔπεισε.
3106 644 3198 698 Διὸ
3243 644 3341 698 καὶ
3394 643 3609 715 θαυμα-

2033 744 2234 799 σθέντα
2262 746 2330 816 τῇ
2356 742 2554 815 πράξει
2584 743 2737 815 παρὰ
2774 741 2883 796 τῶν
2922 738 3223 811 Ἀθηναίων
3248 738 3474 792 καθόδου
3509 753 3608 790 τυ-

2026 840 2143 909 χεῖν
2172 837 2358 903 αὐτὸν,
2390 835 2729 908 ψηφίσαντός
2777 851 2841 888 τε
2879 832 3182 904 γραφέντος
3204 832 3300 885 καὶ
3345 831 3607 902 τριήρους

2027 930 2448 1000 ἀποσταλείσης.
2488 928 2856 1000 Ἐψηφίσαντο
2902 926 2962 980 δὲ
3003 924 3098 979 καὶ
3135 925 3257 981 ἀντὶ
3283 923 3394 977 τῶν
3433 922 3476 975 λ’
3502 938 3607 976 τα-

2029 1022 2260 1088 λάντων,
2292 1021 2331 1077 ἂ
2377 1021 2602 1093 ὤφειλε,
2625 1021 2718 1075 τὸν
2758 1018 2851 1074 τοῦ
2883 1019 3005 1083 Διὸς
3032 1018 3216 1089 βωμὸν
3252 1017 3345 1071 τὸν
3376 1017 3436 1070 ἐν
3475 1015 3606 1068 Πει-

2032 1116 2181 1185 ραιεί
2211 1113 2700 1170 ἐπισκευάσασθαι.
2730 1113 2844 1168 Καὶ
2860 1107 2930 1185 ἦν
2958 1110 3122 1166 πάλιν
3154 1108 3297 1165 κατὰ
3338 1106 3608 1184 πρότερον

2041 1206 2478 1279 πολιτευόμενος.

353 1309 759 1368 creveruntque
805 1300 1189 1365 Athenienses,
1254 1309 1314 1355 ut
1370 1300 1590 1371 triginta
1649 1299 1742 1355 illa
1784 1300 2011 1369 talenta,
2051 1303 2255 1372 quibus
2321 1304 2587 1360 multatus
2640 1301 2819 1358 fuerat
2861 1298 3275 1364 Demosthenes,
3310 1312 3379 1353 ex
3417 1294 3609 1352 :eraria

356 1386 430 1441 ad
470 1391 787 1443 struendam
822 1402 976 1442 aram
1025 1386 1148 1443 ,ιονὶ
1178 1389 1234 1444 in
1291 1388 1497 1446 Piraeeo
1529 1387 1934 1458 conferrentur,
1973 1400 2140 1463 atque
2169 1392 2245 1449 ita
2280 1394 2630 1451 liberaretur.
2661 1392 2728 1450 Et
2761 1406 2984 1449 rursum
3058 1389 3452 1462 rempublicam
3510 1387 3611 1444 ad-

356 1481 709 1537 ministravit.

430 1574 678 1665 Cumque
710 1594 1033 1651 Pharsalum
1065 1595 1299 1667 cepisset
1351 1596 1655 1668 Antipater,
1700 1597 1937 1653 minare-
1962 1598 2013 1660 B

361 1696 564 1758 turque
588 1687 691 1742 nisi
714 1688 1076 1743 Athenienses
1095 1696 1340 1744 oratores
1361 1689 1639 1753 dederent,
1668 1703 1726 1746 se
1745 1690 1936 1744 urbem

354 1777 741 1843 obsessurum,
802 1777 1224 1844 Demosthenes,
1269 1779 1459 1834 relicta
1506 1780 1764 1845 civitate,
1835 1779 1938 1836 sibi

361 1870 590 1923 salutem
618 1868 741 1939 fuga
770 1870 1005 1939 quaesiit,
1038 1884 1103 1924 ac
1151 1870 1387 1939 primum
1438 1870 1657 1941 quidem
1694 1871 1749 1925 in
1783 1870 1937 1940 ΑΞκί-

360 1975 490 2016 nam
525 1962 795 2033 confugit.
842 1963 953 2019 Sed
1010 1979 1135 2018 cum
1170 1973 1448 2020 vereretur
1469 1964 1739 2034 Antipatri
1776 1964 1933 2029 iram,

362 2067 426 2107 se
452 2052 507 2106 in
530 2050 839 2107 Calauriam
863 2054 1165 2109 transtulit.
1194 2052 1333 2108 Cum
1367 2062 1546 2108 autem
1576 2054 1935 2109 Athenienses

356 2149 635 2204 oratores,
677 2140 970 2210 ipsumque
1012 2141 1431 2198 Demosthenem
1465 2141 1666 2197 dedere
1712 2143 1938 2197 statuis-

363 2239 506 2294 sent,
533 2231 586 2284 in
620 2229 856 2301 Neptuni
886 2233 1087 2302 templo
1114 2232 1342 2303 supplex
1394 2233 1663 2290 consedit.
1694 2234 1940 2305 Cumque

359 2322 433 2374 ad
460 2337 585 2375 eum
617 2323 870 2388 Archias,
898 2326 990 2394 qui
1019 2323 1465 2395 Phygadotheres
1483 2326 1663 2397 (quasi
1686 2327 1938 2382 exsulum

363 2412 615 2485 venator)
659 2424 1018 2485 cognomento
1057 2417 1358 2482 dicebatur,
1412 2419 1723 2483 accederet,
1781 2419 1941 2490 eique

360 2507 648 2571 suaderet,
673 2509 945 2575 utexiret,
980 2508 1223 2579 beneque
1260 2508 1328 2565 de
1357 2511 1643 2580 Antipatro
1673 2522 1936 2581 speraret.

365 2598 524 2653 Tunc
558 2599 948 2656 Demosthenes
986 2618 1000 2655 :
1035 2600 1217 2671 Neque
1242 2618 1360 2657 cum
1401 2604 1709 2673 tragcedias,
1737 2605 1937 2674 inquit,

2110 1595 2271 1670 [M77
2298 1594 2392 1670 R.]
2423 1594 2577 1650 Ἐπεὶ
2587 1595 2644 1650 δὲ
2672 1593 3027 1666 Ἀντίπατρος
3050 1589 3332 1663 Φάρσαλον
3354 1588 3452 1661 μὲν
3468 1588 3614 1642 ἀνεῖ-

2037 1689 2150 1755 λεν,
2179 1688 2393 1760 ἠπείλει
2408 1689 2466 1743 δὲ
2498 1688 2881 1760 πολιορκήσειν
2901 1685 3029 1749 τοὺς
3079 1682 3416 1754 Ἀθηναίους,
3461 1681 3511 1733 εί
3535 1684 3619 1768 μὴ⁸

2039 1779 2333 1850 παραδοῖεν
2360 1778 2510 1850 αὐτῷ
2537 1779 2672 1843 τοὺς
2703 1778 2963 1850 ῥήτορας,
2995 1772 3312 1830 καταλιπὼν
3341 1774 3369 1827 ὁ
3428 1773 3613 1844 ῥήτωρ

2038 1874 2135 1943 τὴν
2183 1871 2305 1944 μηδ’
2350 1873 2549 1943 ἑαυτὴν
2598 1870 2907 1941 δυναμένην
2957 1869 3128 1923 σῶσαι
3208 1867 3363 1920 πόλιν
3415 1865 3609 1935 ἔφυγε.

2038 1962 2149 2016 Καὶ
2183 1961 2400 2033 πρῶτον
2446 1961 2544 2032 μὲν
2575 1960 2773 2034 Αἰγίνῃ
2820 1961 2865 1992 ⁷³
2893 1958 3124 2029 ἐπέστη,
3147 1953 3286 2021 εἶτα,
3321 1957 3486 2011 κάκεῖ
3512 1954 3614 2024 τὴν

2038 2053 2208 2125 ὀργὴν
2225 2052 2495 2106 Φιλίππου
2515 2054 2563 2085 ⁷⁸
2581 2052 2791 2118 δεδιὼς,
2824 2053 2906 2115 είς
2928 2051 3249 2122 Καλαϐρίαν
3269 2051 3317 2083 ⁷⁵
3353 2049 3613 2121 μετέστη.

2038 2146 2231 2215 Ψῆφον
2252 2144 2309 2198 δὲ
2340 2143 2585 2215 θεμένων
2623 2143 2923 2216 Ἀθηναίων
2940 2143 3190 2197 ἐκδοῦναι
3213 2143 3339 2206 τοὺς
3357 2144 3618 2213 ῥήτορας,

2042 2238 2229 2309 ἱκέτης
2274 2237 2332 2290 ἐν
2373 2235 2451 2307 τῷ
2494 2234 2587 2289 τοῦ
2642 2235 2977 2300 Ποσειδῶνος
3028 2234 3406 2305 προσήδρευεν
3457 2232 3616 2302 ίερῷ.

2052 2328 2271 2397 Ἀρχίου
2301 2326 2359 2379 δὲ
2395 2325 2490 2379 τοῦ
2544 2325 2775 2395 ἐπίκλην
2829 2323 3183 2395 φυγαδοθήρα
3219 2320 3617 2394 προσελθόντος

2038 2418 2207 2489 αὐτῷ,
2237 2419 2328 2472 καὶ
2362 2418 2574 2472 πείθειν
2604 2414 3011 2487 ἐπιχειροῦντος
3042 2413 3363 2469 ἀνίστασθαί
3410 2429 3471 2466 τε
3519 2411 3619 2467 τοῦ

2041 2511 2188 2583 ἱεροῦ
2236 2512 2330 2564 καὶ
2374 2509 2614 2581 χρηστάς
2654 2509 2875 2573 ἐλπίδας
2918 2508 3063 2579 ἔχειν
3106 2507 3194 2561 ἐπ’
3250 2506 3618 2576 Ἀντιπάτρῳ,

2050 2601 2236 2668 Ἀλλ’,
2260 2596 2307 2656 ὦ
2326 2600 2636 2666 βέλτιστε,
2659 2595 2833 2667 εἶπεν,
2856 2599 2994 2654 οὔτε
3017 2597 3334 2669 τραγῳδῶν
3369 2597 3622 2663 ἐπεισάς

362 2708 572 2760 ageres,
613 2692 743 2745 mihi
790 2693 1110 2759 persuasisti
1136 2733 1151 2758 ,
1184 2709 1347 2763 neque
1379 2693 1477 2747 hoc
1507 2711 1644 2748 nunc
1689 2697 1938 2763 suadens,

2047 2712 2130 2762 με,
2163 2695 2300 2747 οὔτε
2324 2693 2443 2747 νῦν
2471 2692 2907 2760 συμϐουλεύων
2956 2692 3207 2755 πείσεις.
3252 2688 3622 2760 Ἐπιχειροῦν-

362 2781 735 2849 persuadebis.
770 2780 981 2834 Etcum
1001 2781 1236 2836 Archias
1266 2781 1375 2835 vim
1400 2780 1604 2838 inferre
1626 2792 1938 2853 conaretur,

369 2871 766 2941 prohibuerant
790 2871 888 2937 illi,
908 2872 1001 2941 qui
1027 2872 1093 2926 ad
1126 2872 1278 2927 urbis
1301 2874 1604 2930 custodiam
1636 2886 1789 2930 erant
1810 2892 1941 2931 con-

2037 2803 2129 2850 τος
2158 2785 2215 2839 δὲ
2251 2785 2413 2839 αὐτὸν
2449 2783 2753 2854 βιάζεσθαι,
2790 2785 2840 2838 οί
2893 2782 2995 2854 τῆς
3043 2782 3253 2846 πόλεως
3305 2782 3469 2835 αὑτὸν
3524 2784 3624 2835 ἐπ-

2044 2878 2221 2950 έσχον.
2245 2878 2357 2931 Καὶ
2374 2878 2402 2931 ό
2421 2876 2772 2948 Δημοσθένης
2803 2874 2950 2946 μάλα
2965 2875 3231 2945 γενναίως
3258 2875 3354 2928 καὶ
3378 2874 3625 2944 φαιδρῶς

369 2957 569 3011 stituti.
608 2957 743 3012 Tum
780 2958 1173 3017 Demosthenes
1199 2969 1422 3018 strenue
1451 2974 1506 3018 et
1533 2963 1742 3020 fortiter
1770 2980 1791 3020 :
1821 2964 1943 3022 Non

2048 2942 2177 3042 ἔφη’
2208 2972 2291 3024 Οὐ
2325 2942 2631 3037 σωτηρίας
2653 2942 2935 3037 δεόμενος
2959 2942 3301 3036 κατέφυγον
3316 2942 3403 3032 sic
3423 2942 3627 3020 Καίκα-

362 3049 584 3116 salutis,
619 3051 814 3121 inquit,
845 3069 996 3122 egens
1026 3052 1080 3106 in
1133 3053 1449 3108 Calauriam
1492 3058 1724 3129 confugi,
1757 3061 1847 3114 sed
1886 3069 1947 3115 ut

363 3142 658 3211 impietatis
690 3153 740 3197 et
767 3145 1029 3199 violentia:
1073 3146 1130 3200 in
1171 3146 1293 3200 deos
1325 3144 1637 3203 Macedones
1677 3152 1947 3208 convince-

367 3247 503 3286 rem.
541 3231 605 3287 Et
637 3235 946 3291 codicillum
1000 3237 1283 3307 postulans
1348 3237 1694 3309 inscripsisse
1752 3240 1946 3308 fertur,

367 3330 562 3378 statuas
607 3324 1013 3380 inscribendum
1074 3326 1383 3394 distichon,
1441 3329 1587 3400 quod
1649 3340 1834 3400 postea
1879 3331 1949 3387 ab

374 3415 801 3474 Atheniensibus
848 3419 1174 3488 inscriptum
1208 3436 1224 3473 :

370 3525 433 3584 Si
445 3530 623 3652 βαι-ἔα
647 3530 874 3599 eloquio,
907 3529 1299 3597 Demosthenes,
1322 3550 1473 3587 arma
1499 3535 1734 3600 tulisses,

504 3616 571 3652 on
598 3602 807 3652 caderet
840 3601 1120 3652 Macedum
1151 3602 1359 3652 (ἐνατία
1380 3605 1517 3652 victa
1544 3622 1734 3652 manu:

504 3616 571 3652 on
598 3602 807 3654 caderet
840 3601 1120 3654 Macedum
1151 3602 1359 3658 Graecia
1380 3605 1517 3658 victa
1544 3622 1703 3660 manu
1723 3622 1742 3660 :

376 3712 614 3769 utrefert
635 3712 939 3771 Demetrius
971 3715 1234 3787 Magnus:
1263 3726 1378 3785 aut,
1410 3729 1471 3773 ut
1496 3719 1773 3775 nonnullis
1803 3719 1952 3776 vide-

372 3813 485 3870 tur,
516 3816 790 3874 repertum
831 3816 917 3862 est
952 3808 1053 3863 hoc
1093 3810 1357 3879 scriptum
1388 3826 1403 3864 :
1445 3810 1812 3867 Demosthenes
1845 3813 1955 3866 An-

374 3896 571 3964 tipatro
593 3895 820 3951 salutem
844 3897 998 3955 dicit.
1030 3897 1215 3954 Genus
1253 3915 1383 3954 vero
1414 3901 1607 3956 mortis
1636 3917 1745 3971 quo
1793 3902 1952 3969 obiit,

376 3989 511 4043 varii
546 3989 767 4044 tradunt
801 4008 815 4044 :
848 3991 939 4044 alii
987 4002 1147 4061 epoto
1174 4008 1386 4048 veneno
1433 3994 1635 4049 abiisse
1670 4013 1684 4049 :
1719 3996 1810 4050 alii
1856 4011 1955 4051 ca-

2048 3063 2240 3131 δρίαν,
2272 3063 2410 3117 ἀλλ’
2437 3060 2680 3132 ἐλέγξαι
2736 3059 3088 3125 Μακεδόνας
3128 3059 3517 3127 βουλόμενος
3543 3059 3628 3125 ὡς

2047 3153 2147 3207 καὶ
2180 3153 2254 3208 τὰ
2285 3151 2411 3225 [806
2439 3149 2535 3224 IL]
2560 3150 2678 3205 τῶν
2724 3151 2876 3207 θεῶν
2922 3149 3043 3204 εἰσί
3071 3148 3405 3214 ,ϐιάσασθαι
3430 3151 3627 3207 παλα-

2043 3246 2266 3318 μναῖοι.
2300 3246 2410 3299 Καὶ
2437 3244 2814 3315 γραμματεῖον
2846 3241 3075 3311 αἰτήσας
3101 3240 3307 3311 γράψαι
3326 3240 3542 3309 λέγεται
3565 3240 3631 3293 τὸ

2049 3336 2143 3391 ἐπὶ
2167 3337 2263 3406 τῆς
2288 3335 2512 3403 γείκόνος
2547 3331 2710 3386 αὐτοῦ
2765 3330 3023 3399 ἐλεγεῖον,
3054 3330 3193 3399 ὅπερ
3243 3326 3469 3398 ὕστερον
3520 3326 3631 3381 ὑπὸ

2049 3429 2157 3483 τῶν
2210 3425 2509 3496 Ἀθηναίων
2546 3422 2906 3492 ἐνεκολάφθηο

2048 3541 2234 3606 Εἵπερ
2253 3539 2401 3605 τσην
2422 3536 2623 3606 γνώμῃ
2642 3536 2935 3606 "edient.
2958 3533 3353 3605 Δημόσθενεςς
3368 3528 3557 3606 εἶχες,

2126 3600 2211 3664 Οὔ
2232 3600 2363 3663 ποτ’
2402 3600 2480 3662 ἂν
2527 3600 2836 3674 Ἑλλήνων
2862 3600 3060 3677 ’ᾖρξεῦ
3106 3606 3290 3673 ’Ἀρης
3318 3600 3633 3657 Μακεδών.

2065 3725 2231 3780 Ἀλλὰ
2256 3722 2417 3777 τοῦτο
2448 3721 2547 3793 μὲν
2574 3721 2887 3792 Δημήτριος
2910 3721 2939 3774 ό
2961 3719 3190 3791 Μάγνης
3222 3718 3269 3752 ⁷⁷
3301 3716 3451 3787 λέγει
3469 3733 3485 3750 ο
3523 3716 3638 3770 elo}.

2054 3819 2113 3872 δὲ
2148 3817 2203 3870 οἴ
2224 3832 2357 3885 φασι
2400 3814 2461 3868 τὸ
2517 3814 2902 3886 γραμματεῖον
2940 3810 3237 3883 εὑρεθῆναι
3266 3809 3481 3881 γράφον
3509 3809 3638 3863 ἐτε-

2057 3929 2150 3984 ρον
2177 3909 2223 3942 ⁷⁸
2256 3909 2411 3963 οὐδὲν
2435 3906 2576 3979 πλὴν
2598 3907 2680 3960 ὃτι
2698 3902 3084 3987 Δημοσθένης
3114 3900 3483 3969 Ἀντιπάτρῳ
3506 3905 3641 3970 χαι-

2048 4018 2200 4072 patr.
2238 3997 2559 4053 Ἀποθανεῖν
2582 3995 2637 4049 δὲ
2677 3994 2770 4049 τὸν
2800 3992 3006 4065 ῥήτορά
3035 4008 3200 4060 φασιν
3244 3990 3297 4044 οί
3347 3990 3448 4061 μὲν
3494 3988 3640 4060 φάρ-

373 4080 581 4134 lamum
629 4095 840 4137 veneno
896 4081 1162 4138 infectum
1197 4084 1581 4152 momordisse,
1609 4102 1716 4157 quo
1751 4088 1943 4157 episto-

2059 4110 2233 4164 μακον
2263 4090 2545 4155 ἐκπιόντα,
2564 4089 2613 4142 οἱ
2633 4087 2691 4141 δὲ
2724 4082 3178 4157 γευσάμενοντοῦ
3198 4085 3257 4137 ἐν
3284 4082 3366 4154 τῷ
3390 4081 3637 4152 καλάμῳ

374 4171 485 4226 lam
525 4172 765 4229 scribere
814 4184 1083 4244 coeperat,
1143 4191 1317 4246 eoque
1375 4168 1614 4248 gustato,
1677 4188 1943 4235 mortuum

2060 4184 2355 4255 φαρμάκου
2390 4198 2405 4213 ο
2443 4181 2540 4234 καὶ
2583 4178 2693 4249 γὰρ
2750 4175 3164 4249 παρεσκεύαστο
3194 4175 3261 4229 δι’
3284 4168 3345 4228 οὗ
3373 4175 3473 4245 τὴν
3517 4176 3644 4226 ἐπι-

376 4279 528 4319 esse:
550 4265 643 4320 alii
661 4266 716 4321 in
739 4267 944 4321 circulo
962 4283 1201 4324 concavo
1223 4283 1384 4339 quem
1413 4269 1622 4325 circum
1663 4270 1943 4326 brachium

2060 4276 2253 4346 στολὴν
2286 4273 2547 4343 ἔγραφεν.
2573 4268 2756 4323 ’Δλλοι
2778 4268 2835 4321 δὲ
2864 4266 3052 4340 κρίκον
3080 4267 3246 4322 αὐτοῦ
3283 4265 3362 4336 τῷ
3394 4265 3643 4336 βραχίονι

378 4356 609 4423 ferebat,
652 4374 923 4414 venenum
977 4375 1247 4416 servasse.
1313 4359 1452 4416 Sunt
1514 4378 1644 4418 vero
1681 4365 1771 4433 qui
1828 4379 1943 4419 eum

2059 4367 2474 4437 περιάπτουσιν,
2503 4364 2562 4414 ἐν
2632 4356 2677 4430 ᾧ
2701 4360 2763 4414 τὸ
2810 4361 3105 4433 φάρμακον
3145 4359 3489 4413 ἐναπέκειτο.
3524 4359 3645 4412 Καὶ

378 4464 696 4520 compresso
722 4453 941 4521 spiritu,
971 4462 1201 4507 mortem
1231 4454 1338 4509 sibi
1366 4454 1699 4510 conscivisse
1731 4456 1943 4510 dicant:

2065 4458 2333 4529 συσχόντα
2361 4456 2419 4509 δέ
2459 4453 2625 4508 αὑτοῦ
2664 4453 2727 4506 τὸ
2766 4453 2984 4523 πνεῦμα
3006 4493 3023 4521 ,
3049 4451 3211 4516 ἄλλος
3239 4451 3397 4520 λόγος
3429 4449 3645 4504 ἀποθα-

380 4545 474 4598 alii
501 4545 700 4616 ﬁssa
752 4562 1043 4614 venenum,
1069 4550 1213 4619 quod
1256 4549 1309 4604 in
1337 4551 1523 4605 annuli
1550 4552 1671 4621 pala
1698 4552 1943 4613 condide

2058 4554 2171 4606 νεῖν
2223 4550 2394 4618 λέγει,
2443 4546 2632 4617 ὥσπερ
2677 4545 2836 4609 ἄλλος
2885 4544 2976 4599 διὰ
3011 4543 3107 4598 τοῦ
3148 4542 3442 4616 φαρμάκου
3501 4542 3529 4594 δ
3566 4544 3641 4611 τῇ

380 4649 486 4699 rat.
515 4640 782 4694 hausisse.
819 4638 968 4695 Vixit
996 4656 1193 4707 annos,
1232 4651 1289 4697 vt
1316 4643 1473 4697 multi
1500 4644 1710 4710 dicunt,
1740 4655 1943 4712 septua-

2060 4642 2320 4713 σφενδόνῃ
2356 4639 2451 4694 τοῦ
2505 4638 2796 4693 δακτυλίου
2828 4635 3423 4708 ἐναπετεθησαύριστο.
3472 4626 3646 4687 Ἐὄὶω

378 4736 529 4803 ginta
563 4753 577 4789 :
613 4742 673 4788 ut
699 4734 790 4789 alii
818 4737 1100 4806 sexaginta
1130 4744 1360 4806 septem.
1384 4735 1795 4807 Rempublicam
1820 4738 1943 4791 duo:

2057 4738 2135 4803 δὲ,
2163 4736 2239 4800 ὡς
2263 4735 2363 4806 μὲν
2382 4734 2434 4787 οί
2465 4733 2535 4787 τά
2580 4730 2752 4784 πλείω
2788 4730 3061 4800 λέγουσιν,
3086 4729 3183 4799 ἐτη
3211 4733 3276 4794 ο⁹,
3302 4727 3378 4791 ὡς
3416 4726 3462 4779 δ’
3491 4726 3543 4779 οἱ
3571 4728 3647 4780 τὰ

381 4834 437 4878 et
493 4825 678 4894 viginti
733 4841 909 4883 annos
961 4828 1149 4898 gessit.
1201 4826 1427 4883 Liberos
1470 4843 1537 4883 ex
1591 4844 1760 4882 uxore
1790 4827 1943 4881 nohill

2060 4831 2288 4895 ἐλάττω,
2320 4826 2364 4891 ζ’
2413 4827 2506 4880 καὶ
2550 4824 2614 4890 ξ’.
2655 4822 3076 4877 Ἐπολιτεύσατο
3107 4822 3166 4875 δὲ
3194 4821 3237 4891 β’
3293 4821 3389 4874 καὶ
3421 4826 3470 4873 κ’
3521 4818 3645 4889 ἐτη.

382 4917 600 4983 reliquit
626 4917 784 4973 duos.
817 4917 914 4974 Est
942 4927 1123 4975 autem
1154 4919 1328 4990 ipsius
1357 4920 1537 4990 imago
1575 4919 1629 4974 in
1670 4919 1962 4991 Prytaneo,

2057 4914 2336 4970 Κατέλιπε
2357 4913 2415 4966 δὲ
2438 4911 2533 4966 δύο
2569 4912 2764 4975 παῖδας
2791 4913 2857 4964 ἐκ
2902 4913 3031 4981 μιᾶς
3062 4911 3324 4980 γυναικὸς
3371 4909 3484 4963 τῶν
3518 4910 3649 4961 ἐπι-

381 5010 562 5080 gladio
590 5011 767 5064 cincta
795 5029 810 5065 :
838 5027 904 5067 eo
931 5013 1077 5067 enim
1124 5013 1310 5068 habitu
1368 5014 1666 5067 orationem
1704 5012 1943 5067 habuism

2061 5007 2267 5078 φανῶν.
2305 5006 2461 5058 Ἔστι
2502 5005 2559 5059 δέ
2587 5004 2754 5058 αὐτοῦ
2799 5003 2965 5058 εἰκὼν
2996 5005 3054 5057 ὲν
3082 5003 3161 5074 τῷ
3208 5004 3525 5074 πρυτανείῳ
3552 5019 3653 5055 πε-

386 5105 577 5170 l'ertur,
614 5119 741 5159 cum
795 5104 1076 5174 Antipater
1116 5114 1368 5160 oratores
1420 5104 1490 5158 ab
1541 5103 1963 5158 Atheniensibus

383 5196 507 5251 dedi
534 5195 638 5252 sibi
666 5195 981 5266 postulavit.
998 5196 1130 5253 Post
1150 5197 1314 5268 paulo
1346 5195 1708 5251 Athenienses
1743 5196 1796 5248 in
1825 5196 1960 5266 Pry-

385 5296 544 5345 taneo
590 5289 795 5347 victum
824 5290 1143 5362 propinquis
1173 5287 1554 5345 Demosthenis
1589 5286 1961 5357 praebuerunt,

2067 5098 2407 5173 ριεζωσμένη
2460 5097 2613 5166 ξίφος
2637 5113 2653 5128 ·
2697 5096 2841 5151 οὕτω
2875 5098 2984 5168 γάρ
3017 5097 3182 5150 αὐτὸν
3231 5096 3650 5166 σκευασάμενον

2062 5191 2445 5263 δημηγορῆσαι
2487 5189 2709 5258 λέγεται
2760 5190 2905 5244 κατὰ
2954 5189 3340 5260 Ἀντιπάτρου,
3390 5190 3483 5243 ὅτε
3524 5188 3653 5251 τοὺς

2068 5286 2304 5358 ῥήτορας
2343 5283 2526 5338 λαϐεῖν
2556 5282 2617 5351 ἐξ
2658 5284 2897 5355 Ἀθηνῶν
2925 5282 3193 5349 ἐϐιάζετο.
3230 5282 3426 5353 Χρόνῳ
3463 5282 3654 5352 μέντοι

1680 5461 1915 5519 VAlil/E
1954 5460 2248 5519 LECTION
2255 5460 2359 5520 ES.

464 5665 512 5696 ’⁷³
550 5660 740 5734 Αἰγίνῃ
763 5661 828 5719 Β.
844 5660 1149 5734 Αίγίνῃςς.
1225 5653 1677 5734 ’ttb_t)._irt1tou,_ic_.
1694 5648 2406 5734 Ἀ-νιτιπάτρουβξοριιοηυε.
2476 5649 2852 5734 βαλαοριαν
2876 5647 2943 5700 B:
2968 5642 3325 5715 Καλαμὸριαν
3339 5642 3403 5695 Δ.
3482 5641 3529 5671 ⁷³
3551 5638 3655 5712 ρώ-

398 5750 508 5813 μην
536 5724 818 5807 γνῶμῄἈ.
924 5724 972 5765 ³⁷⁷
1000 5724 1228 5799 Μάγνης
1255 5725 1530 5791 Leichius,
1550 5725 1670 5783 libri
1711 5724 1963 5787 Μάγνοςι

2041 5723 2086 5755 ⁷⁸
2106 5719 2291 5792 ἕτερον
2315 5720 2415 5792 μὲν
2444 5721 2594 5774 οὐδὲν
2634 5735 2692 5782 ς.
