3922 6242
441 208 541 276 191

1590 214 1850 275 ΡΗΟΤΠ
1880 215 2381 276 PATRIARCH/E
2415 215 2525 273 (ΣΡ.

3586 212 3689 277 192

439 336 495 381 et
518 325 797 381 orationes
851 324 1271 395 scriptitantem.
1308 324 1361 380 Is
1393 341 1518 382 cum
1548 327 1789 384 Platonis
1835 329 2001 399 philo‘

2113 326 2173 391 ὃς
2202 330 2296 382 καὶ
2320 328 2512 396 λόγους
2546 324 2943 395 συνεγράψατο.
2986 323 3283 387 Πλάτωνος
3317 324 3375 379 δέ
3418 326 3515 380 τοῦ
3541 331 3691 396 φιλο-

438 418 830 486 sophiauditor
857 433 964 471 una
977 432 1101 472 cum
1126 416 1365 474 Isocrate
1382 418 1592 489 fuisset,
1623 421 2009 491 rempublicam

440 508 670 563 Athenis
722 508 925 579 gessit,
986 522 1099 577 quo
1156 518 1399 577 tempore
1460 510 1767 568 Alexander
1828 528 2009 567 rerum

442 600 673 655 Graeciae
726 599 932 669 potitus
963 608 1049 653 est
1081 617 1096 654 :
1126 592 1285 670 eique
1321 604 1390 658 de
1421 603 1656 659 ducibus
1688 614 1743 659 et
1775 605 2012 660 triremi-

437 691 562 753 hus,
580 705 717 760 quas
740 689 807 743 ab
832 688 1253 745 Atheniensibus
1282 694 1453 761 petiit,
1483 693 1831 748 contradixit.
1866 693 2011 749 Idem

438 797 546 834 non
592 779 895 835 dimittendi
923 782 1219 845 exercitus,
1244 784 1337 852 qui
1381 784 1436 838 in
1478 784 1705 840 Taenaro
1736 794 1873 848 erat,
1909 801 2009 840 au-

437 880 558 923 ctor
585 869 708 923 fuit.
729 868 983 924 Honores
1011 868 1356 925 Demostheni
1388 872 1627 927 decrevit
1655 889 1668 925 :
1695 881 2011 926 accusatus-

429 971 540 1024 que
570 970 601 1009 a
634 954 865 1010 Diodoto
912 956 1242 1013 violatarum
1276 959 1478 1029 legum,
1529 976 1655 1016 mox
1684 961 2005 1016 absolvitur.

434 1048 643 1102 Amicis
708 1063 841 1103 usus
898 1057 1012 1115 est,
1048 1050 1452 1117 Demosthene,
1516 1051 1759 1125 Lysicle,
1811 1062 1866 1107 et
1904 1052 2009 1123 Ly-

429 1154 638 1209 curgo;
669 1154 832 1208 quam
876 1148 1056 1196 tamen
1082 1143 1377 1199 amicitiam
1416 1154 1674 1215 perpetuo
1701 1161 1808 1201 non
1831 1160 2009 1201 serva-

436 1231 535 1292 vit,
591 1233 683 1286 sed
743 1244 1098 1303 posteaquam
1155 1234 1416 1304 Lysicles,
1458 1246 1511 1291 et
1540 1235 1819 1309 Lycurgus
1846 1236 2007 1291 evita

432 1325 834 1390 excessissent,
893 1324 1273 1394 judiciumque
1334 1325 1543 1381 subiret
1592 1324 2005 1392 Demosthenes,

430 1414 580 1481 quod
603 1414 672 1469 ab
696 1415 936 1487 Harpalo
975 1417 1206 1487 pecunia
1239 1426 1528 1488 corruptus
1557 1417 1856 1485 videretur,
1912 1419 2008 1473 de-

434 1508 679 1575 signatus
704 1509 773 1563 ab
797 1510 1049 1565 omnibus
1074 1511 1251 1580 ipsum
1271 1510 1683 1566 Demosthenem
1708 1511 2005 1567 accusavit.

436 1598 707 1653 Caeterum
737 1598 806 1650 ab
836 1597 1204 1668 Aristogitone
1225 1600 1402 1669 legum
1435 1599 1575 1653 male
1606 1599 1838 1653 latarum
1864 1600 2007 1654 actio

435 1697 624 1742 contra
649 1690 793 1743 hunc
818 1699 901 1745 est
933 1688 1159 1755 intenta,
1192 1690 1336 1761 quod
1381 1690 1654 1746 decretura
1681 1691 1915 1757 fecisset,
1948 1701 2008 1746 ut
2036 1671 2079 1727 Β

436 1781 751 1851 alienigeme
782 1792 903 1852 post
951 1799 1184 1853 pugnam
1215 1782 1283 1838 ad
1329 1784 1707 1851 Chaeroneam,
1740 1785 1884 1840 cives
1910 1787 2006 1841 fic-

436 1883 577 1933 rent,
627 1886 789 1944 atque
825 1875 999 1930 servis
1029 1875 1253 1929 libertas
1279 1876 1523 1939 daretur,
1564 1886 1619 1931 et
1648 1892 1824 1940 sacra,
1857 1889 1913 1931 et
1938 1877 2004 1931 li-

432 1963 573 2029 beri,
613 1976 665 2020 et
698 1983 896 2021 uxores
927 1968 982 2021 in
1016 1965 1296 2038 Pyraaeum
1344 1966 1707 2034 deferrentur,
1759 1984 1869 2037 quo
1916 1969 2006 2024 ille

427 2057 635 2125 judicio
678 2059 962 2115 absolutus
1026 2068 1131 2114 est.
1195 2058 1333 2114 Cum
1391 2068 1572 2114 autem
1629 2069 2000 2125 accusaretur,

430 2150 574 2217 quod
618 2150 669 2202 in
698 2150 919 2206 decreto
945 2167 974 2205 a
1008 2167 1068 2206 se
1102 2152 1245 2206 facto
1298 2152 1498 2207 multas
1536 2152 1683 2221 leges
1733 2153 2004 2219 neglexis-

429 2251 556 2297 set:
595 2240 736 2305 Nisi,
767 2243 959 2312 inquit,
991 2243 1336 2298 Macedonum
1378 2261 1529 2298 arma
1577 2244 1705 2297 mihi
1767 2244 2002 2298 tenebras

429 2332 762 2401 o/fudissent,
796 2350 899 2387 non
918 2351 1011 2405 ego
1065 2336 1327 2389 decretum
1365 2335 1500 2389 illud
1525 2336 1870 2402 scripsissem,
1912 2336 2002 2390 sed

429 2439 606 2492 pugna
664 2425 732 2477 ad
788 2424 1134 2481 Chwroneam
1177 2425 1455 2479 commissa
1498 2426 1681 2495 coegit.
1734 2423 2001 2491 Primum,

2115 420 2278 489 σόφου
2312 418 2642 489 ἠκροάσατο,
2670 418 2763 471 καὶ
2797 416 2861 486 δὴ
2901 416 2997 470 καὶ⁸
3063 416 3432 487 Ἰσοκράτους.
3472 419 3689 473 Ἐπολι-

2109 507 2343 560 τεύσατο
2371 508 2429 560 δὲ
2467 507 2777 578 Ἀθήνῃσιν,
2829 507 2919 560 ὅτε
2986 505 3343 578 Ἀλέξανδρος
3366 509 3396 561 ὁ
3422 506 3689 561 Μακεδὼν

2109 597 2221 650 τῶν
2261 596 2586 668 Ἑλληνικῶν
2614 596 2818 666 ἥπτετο
2871 595 3237 668 πραγμάτων,
3282 597 3379 649 καὶ
3411 596 3686 649 δείκνυται

2110 687 2381 741 ἀντειπὼν
2408 685 2573 740 αὐτοῦ
2602 689 2668 759 τῇ
2711 687 2945 757 αἰτήσει,
3002 686 3128 756 ἥτις
3171 686 3297 747 τοὺς
3346 686 3689 755 στρατηγοὺς

2110 777 2220 830 τῶν
2261 776 2561 847 Ἀθηναίων
2613 777 2707 830 καὶ
2751 776 2850 840 τὰς
2889 777 3137 847 τριήρεις
3172 776 3389 847 ἀπῄτει.
3421 774 3689 828 Συνεὸού-

2109 865 2266 919 λευσε
2300 865 2356 919 δὲ
2388 872 2500 929 τοῖς
2548 865 2853 933 Ἀθηναίοις
2891 865 2989 918 καὶ
3016 864 3078 917 τὸ
3099 864 3193 918 ἐπὶ
3235 864 3511 935 Ταίναρον
3544 862 3689 929 ξενι-

2109 959 2204 1012 κὸν
2241 957 2510 1012 διαλῦσαι.
2562 957 2810 1029 Ἔγραψε
2857 956 2916 1010 δέ
2969 958 3066 1009 καὶ
3110 955 3449 1027 Δημοσθένει
3499 956 3686 1026 τιμάς,

2111 1050 2205 1104 καὶ
2233 1050 2537 1121 γραφέντος
2595 1050 2700 1103 ὑπὸ
2752 1049 2848 1103 τοῦ
2909 1049 3159 1103 Διοδότου
3214 1049 3557 1119 παρανόμων
3591 1049 3687 1101 τοῦ

2107 1142 2456 1212 ψηφίσματος
2480 1141 2753 1211 ἀπέφυγε.
2784 1141 2939 1205 Φίλος
2956 1143 3013 1196 δὲ
3036 1144 3151 1205 τοῖς
3169 1143 3298 1213 περὶ
3330 1142 3687 1213 Δημοσθένην

2106 1234 2201 1287 καὶ
2230 1234 2502 1288 Λυσικλέα
2528 1236 2624 1287 καὶ
2675 1232 2994 1304 Λυκοῦργον
3027 1232 3272 1302 γεγονὼς
3309 1233 3371 1285 οὐ
3405 1234 3571 1304 μέχρι
3604 1236 3689 1286 τέ-

2107 1322 2233 1388 λους
2282 1323 2382 1395 τὴν
2421 1323 2603 1393 φιλίαν
2660 1325 3049 1395 συνετήρησεν,
3094 1324 3213 1378 ἀλλ’
3250 1324 3376 1376 ἐπεὶ
3406 1325 3691 1379 Λυσικλέα

2110 1414 2209 1484 μὲν
2239 1415 2336 1467 καὶ
2360 1414 2676 1485 Λυκοῦργον
2706 1415 2734 1468 ὁ
2766 1414 2881 1485 βίος
2932 1413 3184 1481 ἀπέλιπε,
3237 1414 3593 1486 Δημοσθένης
3634 1417 3689 1468 δὲ

2107 1513 2187 1575 εἰς
2218 1511 2397 1583 κρίσιν
2421 1511 2583 1580 ἤγετο
2607 1511 2683 1575 ὡς
2707 1511 2860 1580 παρὰ
2894 1510 3169 1582 Ἀρπάλου
3200 1510 3588 1582 δωροδοκήσας
3617 1510 3684 1577 ⁸³,

2107 1602 2167 1667 ἐξ
2192 1603 2447 1657 ἁπάντων
2477 1602 2636 1666 αὐτὸς
2662 1604 2970 1672 κατήγορος
3000 1604 3390 1675 προεχειρίσθη
3433 1604 3531 1657 τοῦ
3588 1606 3687 1675 ῥή-

2108 1713 2282 1767 τορος.
2313 1695 2540 1765 Κριθεὶς
2570 1695 2626 1748 δὲ
2661 1694 2995 1766 παρανόμων
3038 1696 3143 1750 ὑπὸ
3196 1694 3292 1748 τοῦ
3354 1697 3689 1768 Ἀριστογεῖ-

2106 1803 2279 1849 τονος.
2320 1786 2453 1839 διότι
2487 1785 2624 1857 μετὰ
2658 1786 2756 1857 τὴν
2806 1785 3152 1859 Χαιρώνειαν
3201 1787 3329 1851 τοὺς
3392 1787 3686 1857 μετοίκους

2106 1876 2331 1939 πολίτας
2360 1874 2566 1947 ἔγραψε
2583 1875 2939 1946 ποιήσασθαι,
2968 1876 3288 1944 ἐλευθέρους
3312 1876 3370 1929 δέ
3398 1878 3530 1940 τοὺς
3558 1878 3685 1930 δούο

2105 1967 2249 2032 λους,
2281 1968 2402 2039 ίερὰ
2430 1969 2485 2021 δὲ
2513 1968 2608 2022 καὶ
2638 1969 2839 2032 παῖδας
2868 1969 2961 2022 καὶ
3008 1971 3277 2036 γυναῖκας
3314 1971 3396 2032 είς
3427 1968 3522 2021 τὸν
3554 1970 3685 2022 Πει-

2110 2060 2239 2130 ραιᾶ
2269 2060 2636 2131 παραθέσθαι,
2698 2059 2978 2113 κάνταῦθα
3023 2060 3293 2130 κρείττων
3345 2059 3440 2112 τοῦ
3495 2060 3684 2113 δοῦναι

2104 2150 2262 2218 δίκην
2292 2151 2528 2218 ἐγένετο.
2561 2152 2917 2221 Αίτιωμένων
2947 2150 3004 2204 δὲ
3043 2150 3206 2204 αὑτὸν
3243 2151 3343 2204 οὐκ
3379 2150 3578 2219 ὀλίγων
3610 2152 3685 2215 ὡς

2105 2241 2335 2306 πολλοὺς
2382 2242 2493 2296 τῶν
2544 2243 2725 2314 νόμων
2771 2245 2829 2295 ἐν
2861 2242 2938 2312 τῷ
2996 2242 3309 2313 ψηφίσματι
3358 2243 3685 2314 παριδόντα,

2117 2332 2459 2387 Ἐπεσκότει
2489 2333 2599 2403 γάρ
2622 2352 2724 2403 μοι
2757 2335 2830 2387 τὰ
2854 2333 3234 2400 Μακεδόνων,
3267 2332 3477 2402 ἔλεγεν,
3498 2334 3684 2388 6.11a-

2104 2422 2201 2476 καὶ
2237 2425 2348 2477 οὐκ
2369 2425 2482 2494 ἐγὼ
2508 2423 2751 2494 μᾶλλον
2767 2425 2832 2479 τὸ
2860 2425 3167 2495 ψήφισμα,
3216 2426 3356 2481 ἀλλ’
3384 2428 3421 2495 ὴ
3453 2427 3523 2480 ἑν
3550 2431 3688 2481 Χαι-

431 2513 674 2567 nondum
708 2525 892 2569 orator
936 2516 1005 2568 ab
1046 2514 1473 2570 Atheniensibus
1496 2515 1717 2579 electus,
1752 2515 2001 2570 mercede

2103 2514 2314 2583 ρωνείᾳ
2332 2515 2497 2585 μάχη
2523 2518 2767 2586 ἔγραψε.
2817 2516 2974 2589 [1481
3008 2517 3102 2589 R.]
3131 2518 3406 2589 Πρότερον
3430 2519 3485 2571 δὲ
3514 2521 3688 2589 μήπω

434 2606 731 2661 accusavit.
769 2606 998 2663 Persica:
1032 2608 1181 2668 visus
1213 2615 1297 2663 est
1328 2608 1572 2678 pecuniae
1598 2622 1719 2662 cum
1754 2607 2002 2676 Ephialte

430 2696 783 2765 participasse
808 2716 821 2752 :
849 2698 1046 2753 deinde
1070 2698 1363 2753 commissa
1387 2699 1466 2751 illi
1505 2714 1635 2752 cura
1673 2698 1997 2763 triremium,

428 2786 647 2851 quando
664 2784 943 2856 Philippus
964 2786 1321 2858 Byzanthium
1350 2787 1653 2851 obsidebat,
1674 2797 1729 2841 et
1752 2798 2000 2857 prompte

429 2873 742 2944 Byzantinis
790 2880 1068 2948 suppetias
1116 2895 1240 2934 cum
1298 2888 1588 2948 portasset,
1639 2878 1840 2951 496a
1866 2881 2001 2934 cho-

2101 2606 2417 2678 δημήγορος
2449 2606 2579 2680 [808
2620 2609 2713 2681 H.]
2749 2611 2992 2680 αἱρεθεὶς
3037 2610 3347 2682 Ἀθηναίοις
3376 2613 3577 2681 μισθοῦ
3606 2614 3688 2667 δί-

2103 2715 2204 2762 κας
2239 2698 2409 2768 ἔλεγε.
2471 2701 2641 2766 Δόξας
2687 2702 2744 2754 δὲ
2775 2702 2885 2755 τῶν
2940 2702 3230 2774 Περσικῶν
3278 2706 3686 2775 μετεσχηκέναι

2102 2788 2401 2858 χρημάτων
2452 2789 2737 2863 Ἐφιάλτῃ,
2769 2786 2889 2844 εἶτα
2920 2794 3259 2864 τριήραρχος
3292 2793 3561 2864 αἱρεθεὶς,
3593 2796 3685 2848 ὅτε

2101 2879 2368 2941 Φίλιππος
2399 2879 2708 2952 ἐπολιόρκει
2760 2881 3077 2949 Βυζάντιον,
3105 2885 3200 2937 καὶ
3237 2884 3517 2956 βοηθήσας
3550 2904 3687 2957 προ-

428 2968 540 3037 ragi
571 2968 805 3025 cilicium
835 2971 1074 3039 suscepit
1115 2987 1181 3026 eo
1206 2985 1372 3036 anno,
1407 2972 1661 3029 omnibus
1692 2973 1812 3027 aliis
1842 2986 1872 3025 a
1899 2987 1999 3042 pu-

2104 2971 2289 3041 θύμως
2338 2971 2659 3036 Βυζαντίοις
2693 3015 2709 3039 ,
2769 2972 2979 3044 ὑπέστη
3019 2974 3330 3045 χορηγῆσαι
3391 2976 3536 3029 κατὰ
3591 2976 3685 3029 τὸν

427 3058 570 3112 blico
598 3075 825 3114 munere
852 3060 1135 3116 abdicatis.
1195 3060 1407 3116 Decreti
1436 3076 1655 3133 quoque
1688 3062 1755 3117 ab
1775 3076 1841 3118 eo
1869 3070 1999 3117 sunt

2103 3064 2348 3117 ἐνιαυτὸν
2398 3063 2608 3129 τοῦτον,
2665 3064 2775 3117 τῶν
2827 3064 3002 3120 ἄλλων
3066 3067 3289 3137 ἁπάσης
3336 3066 3684 3138 λειτουργίας

426 3149 665 3206 honores
705 3151 850 3215 Iolae,
893 3152 984 3223 qui
1019 3153 1329 3208 Alexandro
1388 3153 1585 3224 Magno
1621 3169 1890 3209 venenum
1922 3153 2001 3208 le-

428 3241 683 3297 thiferum
744 3244 1055 3311 miscuerat,
1110 3244 1319 3315 fuitque
1363 3248 1547 3302 socius
1603 3262 1667 3301 ac
1729 3246 2001 3316 particeps

425 3333 552 3387 belli
582 3333 976 3390 Lamiacicum
1031 3337 1413 3399 Demosthene,
1456 3336 1850 3407 funebremque
1899 3353 2000 3407 pro

425 3426 494 3480 iis
510 3427 601 3494 qui
626 3426 679 3479 in
698 3442 763 3482 eo
793 3427 933 3481 bello
951 3428 1281 3483 decidissent
1298 3429 1624 3495 orationem,
1650 3444 1844 3499 magna
1873 3444 1998 3483 cum

426 3518 672 3571 omnium
713 3518 1074 3573 admiratione
1126 3520 1337 3572 habuit.
1398 3518 1532 3571 Cum
1566 3533 1695 3572 vero
1721 3517 1999 3587 Philippus

427 3608 479 3661 in
512 3608 773 3663 Euboeam
836 3610 1090 3677 navigare
1124 3610 1496 3674 contenderet,
1531 3610 2000 3681 Atheniensesque

426 3697 530 3751 sibi
588 3700 658 3753 ab
711 3712 776 3753 eo
829 3708 1153 3765 metuerent,
1212 3717 1278 3754 ex
1325 3699 1559 3769 publicis
1622 3697 1999 3768 largitionibus

426 3791 677 3845 triremes
713 3790 953 3845 confecit
984 3790 1367 3861 quadraginta,
1427 3792 1747 3861 primusque
1791 3807 1889 3860 pro
1940 3807 2001 3847 se

420 3901 489 3939 ac
548 3884 657 3939 filio
710 3884 846 3939 duas
893 3884 1140 3937 triremes
1189 3883 1356 3937 dedit.
1418 3882 1665 3951 Cumque
1710 3882 1841 3936 Delii
1873 3897 1998 3938 cum

420 3976 846 4031 Atheniensibus
866 3974 1277 4037 contenderent,
1312 3984 1469 4028 utros
1496 3974 1696 4042 templo
1729 3972 2000 4042 Apollinis

424 4067 665 4137 Delphici
714 4082 949 4137 praeesse
977 4080 1200 4121 necesse
1251 4072 1419 4131 esset,
1450 4065 1802 4133 delectusque
1856 4073 2000 4119 esset

419 4160 838 4229 zEschines,qui
863 4174 924 4214 ea
955 4158 1022 4213 de
1049 4174 1107 4212 re
1132 4158 1361 4223 diceret,
1385 4156 1624 4212 decrevit
1649 4157 2001 4227 Areopagita-

420 4269 543 4307 rum
617 4252 941 4317 consilium,
1003 4259 1063 4306 ut
1131 4248 1199 4305 ad
1261 4250 1315 4304 id
1384 4248 1629 4304 muneris
1691 4249 1995 4318 Hyperides

2102 3158 2436 3227 ἀφειμένων.
2500 3157 2837 3229 Ἐψηφίσατο
2865 3157 2909 3211 δ’
2941 3153 3095 3223 οὗτος
3127 3159 3557 3228 πολιτευόμενος
3583 3162 3683 3213 καὶ

2099 3250 2265 3320 τιμάς
2295 3249 2454 3322 Ἰόλᾳ,
2486 3249 2545 3312 ὃς
2576 3250 2910 3321 Ἀλεξάνδρῳ
2937 3250 2998 3303 τὸ
3018 3250 3347 3321 δηλητήριον
3375 3252 3683 3322 ἐκεράσατο

2102 3343 2420 3412 φάρμακον.
2484 3341 2847 3414 Ἐκοινώνησε
2901 3342 2959 3395 δὲ
3011 3343 3105 3396 καὶ
3149 3343 3245 3396 τοῦ
3292 3343 3586 3413 Λαμιακοῦ
3636 3345 3683 3377 ⁸⁸

2100 3432 2342 3501 πολέμου
2380 3429 2457 3500 τῷ
2488 3432 2846 3501 Δημοσθένει,
2904 3431 3000 3486 καὶ
3031 3432 3124 3485 ἐπὶ
3173 3433 3287 3495 τοῖς
3332 3434 3390 3485 ἐν
3418 3435 3485 3503 τῇ
3532 3434 3681 3505 μάχῃ

2100 3523 2355 3577 πεσοῦσιν
2378 3523 2665 3592 ἐπιτάφιον
2685 3518 2860 3591 εἶπεν,
2886 3524 3100 3576 πολλῶν
3120 3525 3213 3577 ἐπὶ
3228 3523 3405 3596 τούτῳ
3424 3523 3469 3557 ⁸⁷
3492 3524 3682 3596 θαῦμα

2100 3615 2194 3667 καὶ
2221 3614 2459 3668 ἔπαινον
2488 3614 2942 3685 καρπωσάμενος,
2979 3614 3254 3669 Φιλίππου
3289 3616 3347 3669 δὲ
3391 3615 3549 3669 πλεῖν
3592 3618 3680 3669 ἐπ’

2101 3704 2334 3767 Εὐϐοίας
2370 3706 2919 3777 παρεσκευασμένου,
2951 3708 3047 3761 καὶ
3089 3707 3199 3759 τῶν
3238 3706 3542 3778 Ἀθηναίων
3592 3708 3681 3759 εὐ-

2100 3796 2281 3858 λαϐῶς
2316 3796 2709 3866 διακειμένων,
2765 3797 3018 3868 τριήρεις
3058 3797 3311 3868 ἤθροισεν
3359 3792 3517 3861 οὗτος
3547 3795 3594 3830 ⁸⁸
3629 3804 3681 3867 μ’

2101 3886 2160 3953 ἐξ
2199 3885 2514 3951 ἐπιδόσεως,
2566 3888 2662 3940 καὶ
2710 3886 2820 3958 πρὸ
2872 3886 2980 3940 τῶν
3026 3887 3201 3940 ἄλλων
3236 3887 3397 3950 αὐτὸς
3446 3886 3590 3958 ὑπέρ
3620 3905 3679 3940 τε

2100 3977 2265 4031 αὑτοῦ
2295 3977 2389 4030 καὶ
2419 3976 2514 4030 τοῦ
2555 3977 2745 4040 παιδὸς
2770 3975 2818 4047 β’
2848 3978 3094 4049 τριήρεις
3121 3977 3381 4031 ἐπέδωκε.
3442 3978 3681 4032 Συστάνο

2098 4084 2189 4131 τος
2214 4067 2259 4100 ⁸⁹
2287 4067 2343 4120 δὲ
2365 4066 2461 4120 τοῦ
2508 4072 2643 4138 πρὸς
2680 4067 2911 4137 Δηλίους
2960 4067 3485 4137 ἀμφισϐητήματος,
3524 4070 3682 4123 ποτέ-

2107 4177 2236 4232 ρους
2264 4160 2346 4213 δεῖ
2376 4159 2748 4230 προΐστασθαι
2771 4160 2865 4213 τοῦ
2895 4158 3065 4230 ἱεροῦ,
3093 4159 3262 4230 ᾑρέθη
3291 4160 3390 4229 μὲν
3420 4159 3681 4230 Αἰσχίνης

2102 4254 2396 4316 συνειπεῖν,
2429 4253 2462 4319 ἠ
2518 4250 2576 4304 δὲ
2624 4249 2685 4317 ἐξ
2738 4251 2948 4321 Ἀρείου
2989 4252 3166 4320 πάγου
3211 4251 3378 4321 βουλὴ
3422 4251 3680 4322 Ὑπερεί-

420 4353 730 4407 vocaretur,
800 4349 992 4412 estque
1044 4342 1216 4412 ipsius
1284 4339 1570 4413 Hyperidis
1630 4341 1843 4395 Deliaca
1912 4340 1995 4394 in-

2103 4344 2199 4414 δην
2226 4344 2633 4415 προεστήσατοο
2669 4344 2762 4397 καὶ
2812 4344 2958 4397 ἐστιν
2988 4343 3016 4396 ὁ
3040 4342 3197 4410 λόγος
3227 4344 3326 4413 τὴν
3364 4343 3683 4417 ἐπιγραφὴν

419 4433 617 4503 scripta
647 4434 843 4489 oratio.
898 4432 1145 4502 Cumque
1187 4433 1256 4487 ab
1293 4433 1580 4503 Antipatro
1617 4432 1776 4502 legati
1808 4432 1991 4488 venis-

418 4534 560 4591 sent,
593 4526 881 4596 ipsumque
901 4525 1269 4594 Antipatrum,
1291 4534 1349 4578 ut
1372 4524 1659 4594 optimum,
1688 4524 1994 4589 laudarent,

421 4617 510 4672 his
541 4632 601 4673 se
632 4632 932 4687 opponens,
972 4614 1267 4687 Hyperides
1297 4632 1310 4668 :
1344 4614 1575 4683 Scimus,
1612 4616 1811 4686 inquit,
1836 4617 1992 4670 istum

416 4726 529 4764 esse
550 4711 828 4779 optimum,
862 4710 953 4764 sed
981 4719 1157 4763 tamen
1185 4707 1332 4762 nobis
1386 4708 1518 4761 nihil
1548 4710 1744 4778 optimo
1776 4708 1991 4761 domino

415 4812 493 4856 est
520 4819 670 4870 opus.
697 4803 766 4858 At
813 4818 937 4858 cum
962 4802 1257 4857 Phocionis
1288 4800 1623 4872 largitionem
1656 4809 1993 4867 accusasset,

417 4910 582 4963 quam
614 4892 809 4950 Midias
836 4894 1206 4965 Anagyrasius
1253 4893 1533 4956 retulerat,
1571 4907 1740 4947 causa
1773 4891 1990 4947 cecidit.

421 4986 549 5041 Post
582 4986 727 5042 illaut
759 4987 826 5042 ad
862 4988 1167 5042 Cranonem
1197 4985 1404 5039 cladem
1438 4992 1718 5053 acceptam
1753 4982 1995 5052 postula-

418 5086 506 5131 tus
535 5088 617 5132 est
640 5078 709 5133 ab
739 5078 1048 5147 Antipatro,
1082 5092 1318 5147 cumque
1376 5092 1501 5131 eum
1536 5078 1767 5146 populus
1799 5077 1995 5131 dedere

416 5171 601 5233 vellet,
625 5170 854 5228 Athenis
886 5169 1025 5241 fugit
1052 5170 1330 5241 IEginam.
1368 5170 1619 5238 Cumque
1644 5166 1997 5223 Demostheni

416 5262 770 5330 occurrisset,
787 5271 1010 5332 propter
1030 5262 1178 5318 illam
1199 5277 1319 5333 quae
1337 5278 1404 5317 ex
1426 5274 1606 5317 causae
1623 5260 1858 5315 dictione
1876 5274 2002 5313 con-

2098 4434 2363 4505 Δηλιακὸς
2393 4433 2807 4504 ἐπιφερόμενος.
2850 4434 3126 4487 Ἦκόντων
3162 4434 3220 4487 δὲ
3242 4434 3339 4487 καὶ
3367 4436 3524 4505 παρά
3563 4437 3683 4489 Ἀν-

2096 4524 2366 4595 τιπάτρου
2404 4524 2688 4595 πρέσϐεων
2716 4527 2783 4587 ⁰⁰,
2828 4524 2924 4578 καὶ
2964 4525 3029 4577 δι’
3075 4525 3299 4579 ἐπαίνου
3355 4525 3449 4578 τὸν
3502 4526 3683 4579 Ἀντί-

2097 4633 2306 4685 πατρον
2349 4619 2691 4688 ποιουμένων
2741 4606 2853 4670 καὶ
2889 4616 3090 4688 πολλὴν
3146 4618 3683 4689 ἐπιμαρτυρομὲνων

2096 4709 2460 4780 χρηστότητα,
2489 4705 2631 4762 Οἶδα
2652 4708 2769 4778 μὲν
2783 4709 2848 4771 θί,
2882 4704 3059 4775 εἶπεν,
3086 4708 3165 4774 ὡς
3180 4710 3449 4778 χρηστὸς
3481 4713 3515 4763 ό
3548 4710 3681 4765 Ἀν-

2096 4801 2399 4868 τίπατρος,
2454 4801 2593 4855 ἀλλ’
2652 4800 2821 4870 ἡμεῖς
2882 4818 2950 4871 γε
3003 4802 3075 4855 οὐ
3107 4800 3359 4871 δεόμεθα
3408 4801 3681 4869 χρηστοῦ

2101 4889 2422 4946 δεσπότου.
2488 4892 2848 4962 Γραψάμενος
2907 4890 3095 4960 μέντοι
3137 4906 3203 4958 γε
3245 4889 3343 4960 τήν
3393 4890 3680 4952 Φωκίωνος

2100 4982 2327 5053 δωρεὰν,
2356 4983 2424 5053 ἢν
2476 4980 2595 5036 εἷπε
2627 4980 2854 5046 Μειδίας
2895 4983 2942 5015 θ’
2992 4981 3219 5035 Μειδίου
3261 4982 3678 5054 Ἀναγυράσιος,

2094 5071 2238 5125 κατὰ
2269 5072 2458 5125 τοῦτον
2507 5072 2598 5125 τὸν
2648 5071 2838 5139 ἀγῶνα
2892 5072 2952 5125 τὸ
2987 5072 3208 5126 ἔλαττον
3261 5073 3487 5143 ἤνεγκε.
3537 5074 3679 5142 Συμ-

2098 5166 2293 5227 6άντος
2327 5164 2385 5217 δέ
2409 5164 2503 5218 τοῦ
2538 5166 2668 5232 περὶ
2697 5164 2969 5235 Κράνωνα
2998 5165 3209 5229 πάθους
3240 5163 3553 5235 ἐξαιτηθεὶς
3579 5164 3678 5217 ὑπὸ

2112 5259 2494 5329 Ἀντιπάτρου,
2529 5260 2654 5311 ἐπεὶ
2681 5258 2905 5329 ἔμελλεν
2935 5258 3098 5313 αὐτὸν
3120 5261 3149 5313 ό
3184 5257 3360 5329 δῆμος
3388 5258 3675 5321 ἐκδιδόναι,

1750 5414 1987 5471 ἾΑΗΙᾹΞ
2022 5414 2431 5472 LECTIONES.

492 5558 951 5631 ⁸³Ῠδωροδοκηθεις
974 5559 1033 5618 Β.
1062 5629 1075 5631 _
1108 5560 1153 5592 ⁸⁵
1176 5559 1463 5631 Λαμιακοῦ
1496 5574 1603 5631 mg.
1627 5576 1643 5612 :
1671 5559 1793 5631 libri
1822 5558 2120 5615 Λαϐαἳκοῦ.
2162 5560 2242 5631 με’
2273 5559 2446 5630 τούτῳ
2466 5559 2536 5631 ΔΒ,
2567 5568 2620 5614 et
2639 5575 2782 5631 corr.
2880 5577 2891 5612 :
2915 5557 3070 5612 τοῦτο
3105 5578 3162 5624 ς.
3186 5630 3197 5631 7
3222 5552 3464 5631 A'fobto;
3490 5558 3670 5631 ἤθροι-

422 5642 513 5682 σεν
541 5630 601 5683 Β.
643 5624 655 5629 ’
679 5630 725 5662 ⁸⁹
768 5624 1079 5703 συστάντος]
1110 5624 1329 5693 στάντος
1358 5629 1418 5686 Β.
1493 5629 1539 5661 ⁸⁸
1557 5624 1899 5701 πρεσϐευτῶν
1927 5631 1984 5684 Β.
2062 5633 2102 5663 ⁹¹
2133 5624 2247 5684 οἴδα
2282 5624 2659 5701 μέν,ὀἷδαμεν
2696 5628 2755 5683 Β.
2832 5629 2875 5662 θ’
2918 5630 3152 5701 Μηδίας,
3184 5627 3393 5701 Μηδίου
3422 5630 3493 5686 Α.
