3922 6242
317 370 415 436 193

1368 368 1891 428 BIBLIOTHECA.
1932 392 1999 402 -·-
2037 365 2201 427 COD.
2231 368 2550 427 CCLXVII.

3447 367 3552 432 194

313 487 411 555 τῆς
447 481 757 550 Ἀθηναίων
784 481 987 545 πόλεως
1017 483 1096 544 είς
1150 478 1372 547 Αἴγιναν
1414 479 1735 546 ἀποφεύγει.
1770 478 1880 529 Καὶ

1986 487 2064 531 tra
2083 478 2231 531 illum
2245 486 2363 530 orta
2379 476 2551 530 fuerat
2575 477 2999 543 contentionem,
3020 477 3167 532 illinc
3181 478 3552 541 discessurus,

310 574 659 644 συγγεγονὼς
687 573 1045 645 Δημοσθένει,
1090 574 1184 626 καὶ
1227 570 1706 640 ἀπολογησάμενος
1743 571 1883 639 ὑπὲρ

308 663 388 722 ὧν
430 667 566 738 πρὸς
620 667 785 719 αὐτὸν
819 666 1097 737 διηνέχθη,
1155 663 1493 731 ἀπαλλαγεὶς
1532 662 1740 715 ἐκεῖθεν
1790 663 1883 715 ὑπ’

323 761 541 829 Ἀρχίου
587 758 681 811 τοῦ
713 756 1179 827 ἐπονομασθέντος
1240 755 1589 824 φυγαδοθήρα
1642 757 1701 807 ἐν
1734 752 1883 823 αὐτῷ

306 850 387 919 τῷ
412 848 507 901 τοῦ
552 848 884 910 Ποσειδῶνος
929 845 1061 917 ἱερῷ
1107 845 1447 915 συνελήφθη,
1480 844 1658 897 καίτοι
1691 842 1737 873 ’³
1791 847 1885 895 καὶ

304 940 403 993 τοῦ
440 940 753 1007 ἀγάλματος
816 938 1095 1008 ἐχόμενος.
1140 936 1419 990 Ἐντεῦθεν
1454 936 1591 1005 πρὸς
1633 935 1886 987 ’Δντίπα-

305 1050 440 1103 τρον
477 1030 666 1102 ἀχθεὶς
695 1034 752 1085 ἐν
784 1031 1034 1101 Κορίνθῳ
1071 1031 1441 1102 διατρίόοντα,
1475 1030 1570 1081 καὶ
1598 1027 1885 1098 βασανιζό-

311 1142 476 1192 μενος
505 1124 591 1193 ἐφ’
622 1118 667 1191 ᾧ
694 1123 764 1177 τά
803 1124 1090 1195 ἀπόρρητα
1113 1123 1215 1192 τῆς
1260 1122 1465 1185 πόλεως
1493 1120 1751 1186 ἐξειπεῖν,
1787 1122 1885 1175 ἐπὶ

304 1216 567 1269 τοσοῦτον
620 1215 667 1248 ⁸⁸⁵
719 1215 1012 1286 ὴνδρίσατο
1057 1215 1225 1285 μηδὲν
1284 1215 1427 1268 κατὰ
1472 1214 1571 1285 τῆς
1632 1212 1887 1283 πατρίδος

304 1309 552 1373 ἐξειπεῖν
582 1308 650 1371 ’³,
703 1307 844 1361 ὥστε
881 1308 977 1360 καὶ
1023 1307 1124 1376 τὴν
1161 1305 1416 1375 γλῶσσαν
1455 1303 1759 1374 διαφαγὼν,
1795 1304 1882 1358 ἴνα

306 1399 384 1467 μὴ
417 1400 568 1452 ἄκων
599 1401 645 1431 ³⁸
680 1415 734 1451 τι
767 1396 1242 1469 παραφθέγξηται,
1273 1394 1570 1466 μετήλλαξε
1617 1395 1710 1447 τὸν
1745 1394 1879 1463 βίον.

301 1489 434 1541 Εἰσὶ
473 1490 531 1541 δὲ
554 1489 608 1542 οἴ
637 1507 803 1559 φασιν
834 1490 996 1541 αὐτὸν
1041 1490 1121 1549 είς
1153 1486 1498 1543 Μακεδονίαν
1527 1486 1760 1556 ἀχθέντα
1780 1485 1878 1555 τήν

1980 570 2033 623 vi
2081 568 2229 638 (licet
2257 567 2608 623 simulacrum
2661 569 3084 639 amplexaretur)
3118 572 3547 641 comprehensus

1983 662 2037 715 in
2073 660 2276 729 templo
2305 657 2534 728 Neptuni
2554 660 2621 713 ab
2650 659 2845 713 Archia
2866 670 2970 724 est,
2990 662 3083 731 qui
3114 661 3557 732 Phygadotheras

1982 752 2205 807 nomine
2267 752 2569 816 dicebatur,
2629 752 2758 807 hinc
2787 753 2854 806 ad
2885 754 3253 825 Antipatrum,
3309 757 3401 825 qui
3440 766 3553 810 tum

1984 844 2233 901 Corinthi
2294 844 2487 915 agebat
2527 844 2746 899 ductus.
2791 843 3036 915 Cumque
3096 858 3464 917 torqueretur,
3499 858 3559 901 ut

1984 936 2255 1007 proferret
2286 951 2489 992 arcana
2519 936 2776 1001 civitatis,
2804 936 2939 991 adeo
2986 953 3045 991 se
3076 940 3253 993 virum
3305 940 3555 1009 prabuit,

1985 1045 2054 1085 ne
2076 1030 2207 1099 quid
2263 1038 2453 1085 contra
2498 1030 2727 1099 patriam
2760 1030 2980 1095 diceret,
3009 1041 3070 1086 ut
3099 1031 3336 1101 linguam
3370 1048 3558 1088 corro-

1981 1122 2135 1184 dens,
2162 1137 2229 1177 ne
2252 1123 2384 1191 quid
2422 1123 2594 1176 invito
2615 1123 2717 1175 sibi
2745 1122 3037 1186 excideret,
3062 1133 3289 1177 mortem
3316 1127 3557 1193 Oppetie-

1984 1212 2073 1266 rit.
2094 1212 2618 1267 Referuntnonnulli
2650 1213 2793 1268 hunc
2819 1213 3057 1283 linguam
3090 1216 3192 1268 sibi
3225 1216 3561 1284 przecidissc,

1988 1318 2113 1357 cum
2166 1304 2221 1357 in
2281 1303 2653 1359 Macedoniam
2714 1305 3026 1369 duceretur,
3064 1320 3352 1372 eumquea
3386 1316 3562 1360 morte

1988 1396 2319 1465 insepultum
2351 1396 2673 1466 projectum,
2703 1396 2807 1451 nisi
2832 1396 2977 1465 quod
2998 1398 3158 1451 amici
3190 1397 3563 1459 illius,invitis

1984 1486 2523 1550 Macedonibus,ossa
2535 1492 2653 1555 ejus
2668 1498 2969 1544 cremantes
2991 1487 3233 1544 Athenas
3255 1490 3562 1559 retulerim.

298 1600 362 1636 τε
394 1584 499 1653 τῆς
528 1582 776 1652 γλώττης
807 1581 1045 1653 ἐκτομὴν
1106 1580 1409 1648 ὑποστῆναι
1480 1579 1576 1633 καὶ
1645 1578 1784 1648 μετά
1824 1577 2054 1632 θάνατον
2083 1579 2289 1648 ἄταφον
2325 1581 2549 1649 ῥιφῆναι
2580 1594 2594 1608 ⁸
2624 1578 2763 1651 πλὴν
2792 1580 2848 1633 οἴ
2867 1597 2931 1649 γε
2996 1584 3368 1652 προσήκοντες
3407 1583 3559 1653 αὺτῷ

304 1678 463 1746 παρὰ
494 1676 555 1729 τὸ
578 1676 759 1746 δόγμα
786 1675 894 1731 τῶν
922 1675 1271 1742 Μακεδόνων,
1304 1674 1612 1737 καύσαντες
1642 1672 1712 1726 τὰ
1744 1673 1878 1726 ὀστᾶ
1917 1676 1995 1738 είς
2036 1675 2266 1747 Ἀθήνας
2298 1675 2684 1746 μετεκόμισαν.

1017 1845 1175 1902 ΣΞΖ.

816 1961 1141 2029 Δεινάρχου
1176 1963 1366 2031 λόγοι.

388 2097 838 2167 ’Δνεγνὼσθησαν
865 2096 909 2129 θ’
964 2096 1256 2167 Δεινάρχου
1304 2094 1451 2165 λόγοι
1485 2094 1753 2164 διάφοροι.
1783 2094 1881 2147 Φέ-

298 2209 494 2263 ρονται
527 2189 584 2242 δὲ
623 2186 790 2241 αὐτοῦ
821 2189 863 2241 δ’
903 2188 996 2240 καὶ
1031 2184 1095 2254 ξ’,
1135 2188 1227 2250 οὓς
1253 2188 1302 2239 οἱ
1340 2187 1580 2239 πλεῖστοι
1612 2186 1718 2238 τῶν
1761 2204 1883 2258 κρι-

294 2284 476 2335 τικῶν
504 2280 763 2350 γνησίους
808 2278 1049 2331 τιθέασιν
1072 2294 1087 2308 ο
1129 2279 1237 2330 εἰσὶ
1260 2278 1316 2331 δὲ
1347 2278 1401 2330 οἵ
1435 2295 1588 2341 τινας
1616 2277 1675 2342 ἐξ
1701 2277 1881 2331 αὐτῶν

295 2373 385 2434 εἰς
425 2369 863 2439 Ἀριστογείτονα
910 2368 1203 2440 Ὑπερείδῃ
1237 2366 1669 2436 συνακμάσαντα
1712 2384 1880 2437 μετα-

297 2462 594 2530 φέρουσιν.
628 2460 689 2512 Οἱ
720 2459 775 2511 δὲ
801 2458 951 2526 λόγοι
978 2458 1143 2511 αὑτοῦ
1170 2461 1280 2520 τοῖς
1304 2458 1401 2528 μὲν
1436 2457 1529 2510 τοῦ
1569 2457 1881 2527 Ὑπερείδου

298 2550 598 2621 ίδιώμασιν
625 2550 737 2602 ἐσθ’
789 2550 876 2602 ὅτε
913 2548 1362 2620 διαμορφοῢνται,
1408 2548 1609 2618 μᾶλλον
1647 2549 1703 2601 δέ
1747 2550 1882 2621 πρὸς

294 2641 666 2712 Δημοσθένην
713 2640 1141 2702 ἀποκεκλικότες
1199 2642 1503 2710 φαίνονται,
1548 2643 1605 2695 ἐν
1640 2642 1880 2713 [80911.]

294 2730 386 2797 οἷς
419 2734 482 2787 τὸ
508 2733 811 2805 παθητικὸν
843 2733 1009 2787 αὐτοῦ
1057 2734 1152 2786 καὶ
1188 2734 1415 2805 σφοδρὸν
1462 2734 1556 2787 καὶ
1601 2734 1708 2787 τῶν
1748 2753 1882 2805 σχη-

300 2825 502 2896 μάτων
520 2824 612 2878 τδν
633 2825 801 2879 τύπον
825 2825 920 2877 καὶ
945 2826 1044 2895 τὴν
1077 2825 1350 2877 ποικιλίαν
1390 2825 1628 2896 σπουδὴν
1658 2826 1814 2896 ἔσχον
1836 2826 1881 2858 ⁸⁸

294 2918 746 2989 ἐκμιμήσασθαι.
779 2911 946 2981 Οὗτος
970 2919 1085 2980 υίὸς
1116 2918 1215 2987 μὲν
1242 2914 1310 2985 ἦν
1340 2919 1684 2989 Σωκράτους,
1710 2919 1741 2988 ἢ
1769 2920 1881 2971 Σω-

296 3011 564 3077 στράτου,
601 3009 883 3079 Ἀθηναϊος
904 3010 1001 3079 τὴν
1019 3010 1277 3080 πατρίδα,
1299 3010 1373 3071 ὡς
1389 3010 1434 3062 δ’
1449 3010 1627 3072 ἀλλοις
1649 3009 1879 3081 ἐρρήθη,

293 3101 617 3172 Κορίνθιος.
680 3102 1034 3171 Ἀφικόμενος
1090 3101 1146 3153 δέ
1198 3104 1279 3164 είς
1344 3100 1577 3170 Ἀθήνας
1623 3100 1703 3153 ἔτι
1766 3102 1882 3164 νέος

295 3195 379 3246 ὢν
406 3192 571 3263 [1484
604 3190 697 3262 11.]
735 3190 1081 3261 Θεοφράστου
1134 3189 1446 3261 ἠκροάσατο
1468 3207 1480 3219 ·
1534 3190 1880 3259 Ἀλέξανδρος

2652 1829 2926 1889 CCLXXII
2943 1873 2958 1887 .

2476 1945 2729 2001 Dinarcht’
2786 1950 3071 2002 orationes.

2058 2077 2232 2132 Lecta:
2270 2089 2399 2133 sunt
2427 2080 2591 2133 varia:
2632 2081 2907 2135 orationes
2968 2079 3247 2146 Dinarchi,
3284 2096 3406 2151 qua!
3434 2091 3561 2136 sunt

1989 2187 2217 2224 numero
2235 2173 2518 2241 sexaginta
2536 2183 2790 2241 quatuor,
2815 2186 2953 2241 quas
2982 2187 3171 2225 omnes
3191 2173 3408 2242 plurimi
3442 2173 3562 2227 Cri-

1988 2264 2076 2318 tici
2091 2265 2293 2336 496b
2327 2279 2610 2335 germanas
2640 2280 2758 2320 esse
2772 2266 2979 2321 dicunt.
3003 2265 3142 2319 Sunt
3161 2267 3250 2335 qui
3272 2267 3565 2321 nonnullas

1988 2360 2711 2429 Aristogitoni,quijtcmporc
2727 2357 3010 2428 Hyperidis
3026 2358 3225 2423 floruit,
3241 2359 3559 2421 attribuunt,

1989 2448 2275 2503 Orationes
2334 2461 2511 2503 autem
2544 2450 2663 2519 ejus
2695 2450 2969 2504 interdum
3019 2448 3308 2519 Hyperidis
3357 2449 3558 2519 stylum

1989 2544 2279 2597 redolent:
2316 2543 2485 2612 magis
2534 2558 2660 2597 vero
2712 2544 2777 2597 ad
2827 2543 3245 2598 Demosthenem
3298 2544 3563 2597 inclinare

1988 2637 2261 2699 videntur,
2306 2637 2507 2702 quibus
2561 2636 2938 2691 incitationem
2982 2638 3153 2705 ipsius
3180 2646 3234 2690 et
3268 2638 3559 2690 vehemen-

1988 2730 2140 2795 tiam,
2177 2740 2229 2784 ct
2258 2731 2594 2784 schematum
2643 2728 2849 2783 formas
2889 2738 2941 2782 et
2990 2730 3309 2782 varietatem
3363 2728 3559 2781 imitari

1988 2832 2237 2875 cnnatur.
2273 2821 2539 2886 Socratis,
2573 2832 2669 2875 aut
2705 2820 2939 2876 Sostrati
2971 2828 3088 2876 erat
3120 2822 3284 2887 filius,
3312 2821 3562 2889 indigena

1989 2914 2345 2968 utnonuullis
2406 2915 2649 2977 videtur,
2699 2924 2755 2968 ut
2790 2914 3153 2983 quibusdam,
3211 2914 3560 2971 Corinthius.

1987 3003 2123 3058 Cum
2157 3020 2287 3056 vero
2320 3004 2610 3059 admodum
2643 3006 2959 3060 adolescens
3008 3006 3252 3060 Athenas
3303 3006 3562 3072 venisset,

1989 3112 2098 3164 quo
2130 3106 2369 3165 tempore
2399 3098 2449 3150 in
2480 3097 2665 3151 Asiam
2698 3098 2855 3151 duxit
2899 3099 3195 3152 exercitum
3233 3098 3561 3161 Alexander,

1989 3184 2423 3255 Theophrastum
2456 3187 2687 3253 audivit,
2719 3198 3074 3256 versatusque
3113 3204 3237 3242 cum
3290 3188 3563 3243 Demetrio

295 3284 359 3336 δὲ
396 3281 703 3352 τηνικαῦτα
738 3283 831 3332 ἐπὶ
858 3282 956 3351 τὴν
1004 3281 1190 3333 Ἀσίαν
1240 3280 1529 3333 διέϐαινεν.
1595 3280 1880 3349 Ὀμιλητὴς

1986 3278 2253 3332 Phalereo
2280 3291 2383 3331 est.
2434 3278 2663 3333 Maxime
2714 3294 2843 3332 vero
2896 3295 2953 3334 se
2996 3280 3308 3348 reipublicae
3341 3280 3563 3333 tradidit

293 3374 356 3426 δὲ
401 3373 711 3442 καθέστηκε
755 3372 1068 3443 Δημητρίου
1114 3372 1210 3424 τοῦ
1255 3371 1567 3442 Φαληρέως.
1626 3373 1780 3424 Μετὰ
1827 3371 1883 3423 δὲ

297 3468 403 3536 τὴν
450 3467 814 3536 Ἀντιπάτρου
842 3465 1124 3535 τελευτὴν,
1150 3464 1275 3518 ἐπεὶ
1304 3463 1411 3517 τῶν
1441 3464 1688 3536 ρητόρων
1717 3464 1884 3533 οἱμὲν

296 3560 528 3628 ἔφυγον,
558 3560 605 3611 οί
636 3559 693 3611 δὲ
711 3557 1077 3631 ἀνῃρέθησαν,
1099 3556 1259 3619 αὐτὸς
1284 3556 1498 3627 ἐδείχθη
1530 3556 1882 3626 πολιτευόμε-

297 3668 415 3712 νος.
441 3649 533 3711 Εἰς
573 3648 760 3716 φιλίαν
788 3648 845 3699 δὲ
868 3646 1172 3717 Κασάνδρῳ
1192 3646 1271 3717 τῷ
1300 3647 1625 3700 Μακεδόνων
1655 3648 1883 3717 ἡγεμόνι

301 3736 579 3804 συνάψας,
627 3739 722 3788 καὶ
756 3737 1015 3806 χρήματα
1038 3736 1147 3789 τῶν
1190 3736 1365 3804 λόγων
1421 3738 1884 3807 εὶσπραττόμενος

300 3830 400 3891 οὓς
430 3832 546 3893 τοῖς
593 3830 866 3899 δεομένοις
906 3830 1247 3895 συνέταττεν,
1281 3831 1373 3882 ἐπί
1421 3829 1672 3883 πλεῖστον
1700 3830 1881 3883 εὐδαιο

292 3920 505 3990 μονίας
536 3920 783 3987 ἀφίκετο.
836 3920 1219 3972 Ἀντετάττετο
1243 3918 1299 3972 δὲ
1317 3920 1455 3989 πρὸς
1483 3921 1608 3982 τοὺς
1648 3921 1883 3991 ῥήτορας

295 4014 408 4065 οὐκ
440 4013 521 4076 εἱς
559 4012 651 4064 τὸν
683 4013 855 4081 δῆμον
875 4011 1038 4075 αὐτὸς
1066 4011 1281 4081 παριὼν
1311 4012 1392 4082 (οὐ
1425 4013 1535 4084 γὰρ
1552 4006 1664 4075 οἷός
1686 4030 1745 4065 τε
1768 4008 1878 4084 ἦν),

296 4106 419 4168 τοῖς
452 4104 891 4173 ἐναντιουμένοις
923 4105 969 4137 ⁹⁹
1001 4103 1058 4156 δὲ
1092 4104 1219 4167 τοὺς
1263 4103 1454 4171 λόγους
1489 4103 1881 4174 παρεχόμενος.

296 4199 395 4251 Διὸ
425 4198 523 4250 καὶ
558 4197 830 4267 Ἀρπάλου
857 4196 1212 4267 διαφυγόντος
1236 4197 1295 4264 ἐξ
1331 4196 1575 4266 Ἀθηνῶν
1599 4197 1883 4261 πλείστους

297 4290 500 4356 λόγους
548 4289 661 4349 τοῖς
709 4287 1035 4357 κατηγόροις
1069 4284 1297 4350 ἐξέδωκε
1340 4290 1482 4342 κατά
1513 4287 1621 4341 τῶν
1652 4287 1881 4358 δωροδο-

295 4380 475 4447 κῆσαι
504 4376 778 4430 λαϐόντων
812 4378 1012 4431 αἰτίαν.
1039 4378 1229 4449 Χρόνῳ
1262 4379 1317 4431 δὲ
1347 4377 1574 4450 ὕστερον
1623 4378 1880 4449 ἐμπεσὼν

298 4472 384 4531 είς
415 4468 599 4523 αἰτίαν
637 4468 714 4530 ὡς
747 4468 1048 4539 Κασάνδρῳ
1068 4469 1454 4537 κοινολογεῖται
1483 4470 1625 4523 κατὰ
1651 4470 1751 4540 τῆς
1782 4471 1881 4522 πό-

298 4562 469 4624 λεως,
498 4560 569 4613 τὰ
587 4559 813 4612 πλεῖστα
846 4559 948 4628 τῆς
971 4559 1290 4629 περιουσίας
1319 4562 1398 4623 είς
1422 4559 1687 4631 ἀργύριον
1716 4577 1882 4631 μετα-

297 4653 489 4707 ϐαλὼν
521 4652 725 4720 ἔφυγεν
754 4654 832 4714 εἰς
860 4652 1123 4707 Χαλκίδα.
1174 4653 1297 4705 Ἐπὶ
1328 4652 1386 4706 δὲ
1428 4653 1526 4721 τῆς
1550 4653 1731 4723 φυγῆς
1761 4653 1879 4707 διαο
1912 4633 1956 4689 D

298 4746 502 4817 μείνας
543 4746 709 4813 ἐγγὺς
742 4745 837 4815 ἐτη
886 4745 1018 4797 δέκα
1062 4744 1251 4809 πέντε,
1302 4746 1399 4797 καὶ
1436 4744 1639 4815 πολλὴν
1689 4745 1877 4798 οὐσίαν

294 4837 733 4909 περιϐαλόμενος
767 4838 809 4902 ¹,
849 4837 1176 4908 πραξάντων
1210 4837 1477 4908 αὐτῷτὴν
1515 4838 1739 4892 κάθοδον
1767 4838 1877 4891 τῶν

295 4932 434 4999 περὶ
462 4930 811 5000 Θεόφραστον
849 4930 1220 4999 συγκατῆλθεν
1254 4930 1371 4998 ἅμα
1402 4930 1516 4992 τοῖς
1550 4929 1733 4992 ἄλλοις
1775 4946 1878 4998 φυ-

295 5021 456 5091 γάσι.
492 5020 654 5090 Παρὰ
672 5021 729 5073 δὲ
758 5021 1010 5089 Προξένῳ
1030 5020 1108 5092 τῷ
1130 5020 1294 5073 αὑτοῦ
1319 5020 1631 5083 καταλύσας
1654 5021 1876 5091 ἑταίρῳ,

298 5115 396 5166 καὶ
436 5111 500 5165 τὸ
529 5110 751 5181 χρυσίον
778 5110 1162 5175 ἀπολωλεκὼς,
1181 5110 1281 5180 ἥδη
1304 5110 1532 5180 γηραιὸς
1562 5110 1641 5163 ὢν
1668 5108 1876 5173 καὶτὰς

297 5206 525 5275 ὁράσεις
556 5202 786 5273 ἀσθενὴς
836 5203 1098 5273 λαγχάνει
1128 5201 1207 5272 τῷ
1254 5202 1507 5273 Προξένῳ
1556 5202 1734 5272 δίκην,
1780 5202 1875 5255 καὶ

294 5295 422 5347 τότε
456 5293 678 5364 πρῶτον
695 5294 849 5364 ὤφθη
875 5294 1049 5362 λέγων
1077 5295 1135 5346 ἐν
1159 5293 1496 5365 δικαστηρίῳ
1519 5308 1538 5326 ο
1571 5292 1870 5363 φέρεταιδὲ

297 5383 467 5439 αὐτοῦ
491 5384 588 5439 καὶ
618 5386 649 5439 ό
677 5386 820 5439 κατά
850 5384 1124 5455 Προξένου
1156 5384 1334 5452 λόγος.

1986 3378 2111 3440 post
2163 3371 2437 3440 Antipatri
2468 3382 2722 3435 mortem,
2750 3388 2815 3426 ex
2848 3373 3158 3427 oratoribus
3189 3372 3310 3425 aliis
3339 3373 3560 3442 quidem

1985 3474 2161 3517 morte
2187 3479 2217 3518 e
2241 3465 2418 3518 medio
2443 3464 2673 3519 sublatis
2706 3484 2720 3519 :
2761 3465 2880 3519 aliis
2906 3481 3033 3519 vero
3066 3466 3189 3535 fuga
3223 3467 3444 3535 ereptis.
3463 3463 3562 3520 llic

1985 3573 2110 3613 cum
2134 3556 2449 3613 Cassandro
2477 3559 2828 3614 Macedonum
2852 3559 2975 3613 duci
2996 3560 3237 3614 amicitia
3258 3570 3401 3613 esset
3427 3574 3559 3613 con-

1979 3649 2228 3719 junctus,
2263 3652 2563 3705 maximam
2596 3651 2705 3704 vim
2735 3652 2942 3718 argenti
2976 3652 3339 3717 coacervavit,
3371 3650 3561 3704 vendi-

1983 3742 2055 3797 tis
2087 3743 2427 3799 orationibus
2448 3745 2796 3813 conscripsit.
2831 3745 3000 3800 Porro
3030 3762 3087 3800 se
3115 3745 3419 3816 quibusque
3445 3745 3558 3796 cla-

1983 3834 2218 3889 rissimis
2272 3835 2582 3891 oratoribus
2640 3837 2915 3906 opposuit,
2971 3852 3079 3890 non
3138 3838 3283 3907 quod
3346 3836 3561 3906 publice

1983 3939 2181 3980 causas
2233 3934 2437 3995 ageret,
2470 3927 2671 3995 (neque
2699 3926 2843 3980 enim
2877 3926 3106 3996 poterat)
3137 3927 3231 3980 sed
3270 3942 3391 3981 cum
3436 3941 3560 3980 ora-

1984 4017 2161 4071 tiones
2186 4016 2394 4085 judicio
2431 4017 2691 4073 adversus
2722 4018 2843 4073 illos
2888 4019 3322 4088 disceptantibus
3351 4019 3561 4074 scribe-

1983 4118 2085 4164 ret.
2140 4110 2389 4179 Cumque
2429 4109 2671 4164 Athenas
2730 4107 2998 4179 Harpalus
3068 4110 3316 4181 fugisset,
3375 4111 3560 4181 plures

1982 4201 2201 4270 scriptae
2227 4210 2355 4257 sunt
2401 4202 2471 4255 ab
2512 4216 2578 4255 eo
2607 4210 2794 4256 contra
2841 4217 2956 4269 eos,
2992 4203 3084 4272 qui
3120 4204 3358 4258 accusati
3392 4218 3558 4272 pecu-

1984 4294 2195 4347 niarum
2232 4293 2301 4348 ab
2340 4294 2592 4350 hostibus
2628 4305 2975 4365 acceptarum
3022 4305 3225 4352 essent.
3272 4298 3398 4352 Post
3428 4313 3559 4352 vero

1982 4385 2114 4439 illud
2146 4392 2383 4455 tempus,
2409 4398 2703 4440 accusatus
2726 4387 2868 4456 quod
2892 4387 2959 4441 ad
2990 4385 3364 4442 Cassandrum
3388 4387 3561 4442 collo-

1982 4478 2183 4547 quendi
2206 4478 2381 4551 gratia
2399 4479 2658 4543 venisset,
2680 4497 2746 4536 ex
2801 4481 3155 4536 facultatibus
3206 4482 3436 4538 conﬂata
3470 4484 3558 4538 in-

1984 4571 2131 4639 genti
2183 4572 2414 4641 pecunia
2464 4570 2605 4643 fugit
2653 4573 2706 4626 in
2745 4573 3076 4628 Chalcidem.
3130 4574 3183 4629 In
3216 4577 3407 4631 exsilio
3430 4592 3558 4631 vero

1984 4677 2106 4717 cum
2126 4663 2417 4720 mansisset
2444 4665 2944 4735 annisquindecim,
2977 4667 3160 4722 multis
3190 4669 3385 4736 opibus
3409 4685 3560 4723 com-

1984 4754 2211 4824 paratis,
2242 4755 2581 4826 rediitopera
2612 4774 2675 4811 ac
2707 4757 2889 4811 studio
2914 4758 3299 4828 Theophrasti,
3331 4762 3423 4829 qui
3455 4761 3553 4829 illi,

1985 4846 2325 4913 exterisque,
2346 4846 2438 4916 qui
2474 4862 2579 4900 una
2602 4847 2946 4911 exsulabant,
2974 4849 3207 4902 reditum
3242 4849 3293 4902 in
3320 4851 3552 4920 patriam

1984 4933 2217 5002 aperuit.
2285 4934 2421 4989 Cum
2485 4945 2667 4990 autem
2721 4937 3013 4993 diverteret
3054 4939 3195 5009 apud
3249 4940 3553 4996 Proxenum

1984 5025 2101 5094 ejus
2127 5027 2359 5095 socium,
2379 5028 2603 5099 jamque
2631 5046 2816 5098 senex,
2846 5042 2900 5087 et
2930 5034 3213 5088 oculorum
3248 5037 3363 5089 acie
3402 5035 3555 5090 debi—

1982 5116 2051 5172 lis
2103 5133 2389 5188 argentum
2460 5122 2757 5188 amisisset,
2796 5125 2938 5178 diem
2989 5125 3238 5181 Proxeuo
3296 5127 3451 5182 dixit.
3488 5141 3552 5182 ac

1982 5217 2094 5262 tum
2141 5209 2378 5279 primum
2402 5211 2457 5267 in
2498 5212 2706 5283 judicio
2727 5214 2887 5283 dixit,
2922 5230 3095 5288 eaque
3148 5227 3324 5272 exstat
3352 5218 3548 5273 oratio.

1561 5542 1794 5599 VARIAE
1844 5545 2246 5607 LECTIONES.

405 5704 451 5733 ’³
488 5700 669 5753 καίτοι
708 5698 833 5755 add.
880 5699 944 5753 Δ.
1046 5699 1092 5734 ⁸⁸
1118 5695 1340 5752 τοσοῦτο
1377 5701 1440 5751 A.
1517 5699 1564 5730 ’⁵
1593 5699 1769 5752 εἰπεῖν
1810 5704 1871 5757 Α.

1978 5704 2025 5735 oo
2069 5706 2198 5760 ἄκος)
2233 5724 2287 5771 ς,
2385 5708 2429 5739 ³⁷
2485 5706 2799 5777 ἀνεγνώσθη
2840 5708 2905 5771 Α,
2997 5704 3044 5739 ’⁸
3072 5704 3270 5781 ἔσχον]
3308 5709 3447 5780 ἔχων
3475 5710 3542 5765 Α.

373 5770 641 5832 ἐναντίοις
684 5770 743 5824 Β.
822 5771 837 5801 ¹
875 5770 1300 5841 περιϐαλόμενος
1332 5769 1418 5824 B:
1465 5771 1921 5839 περιόαλλόμενος
1967 5791 2027 5837 ς.
