3922 6242
385 317 487 381 195

1544 313 1810 376 ΡΗΟΤῙῙ
1840 308 2349 374 PATBIARCII/E
2375 308 2485 370 (ΣΡ.

3540 308 3637 373 196

451 427 655 483 Novem
708 435 992 481 oratorum
1026 420 1328 490 orationes,
1360 436 1499 493 quas
1563 422 1816 494 legimus,
1876 421 1963 477 his

2134 419 2255 473 Τῶν
2285 418 2386 489 μὲν
2424 415 2519 470 οὖν
2548 416 2569 446 ⁸
2600 414 2645 469 θ’
2682 415 2929 488 ρητόρων
2972 415 3023 469 οι
3046 415 3218 485 λόγοι,
3261 407 3339 469 ῶν
3385 415 3646 487 ἐποιησά-

381 519 749 576 continentur.

999 735 1324 793 CCLXVllI.

885 828 1116 900 Lycurgi
1155 829 1446 882 orationes.

448 925 565 982 Non
605 924 708 979 luit
748 921 922 976 otium
967 918 1179 988 legendi
1236 918 1514 973 orationes
1572 913 1828 987 Lycurgi,
1867 914 1962 984 qui

381 1036 488 1074 non
540 1017 850 1089 pauciores.
914 1027 1078 1082 quam
1141 1012 1323 1067 caeteri
1374 1011 1965 1076 oratores,orationes

381 1110 621 1179 scripsit.
656 1107 902 1175 Scriptas
929 1120 1058 1159 vero
1084 1119 1149 1158 ex
1183 1104 1304 1173 ejus
1329 1104 1555 1158 historia
1581 1104 1757 1159 solum
1800 1104 1963 1173 quin-

378 1198 555 1251 decim
580 1196 893 1250 didicimus.
926 1193 1129 1265 59741
1166 1192 1380 1248 Patrem
1410 1194 1607 1248 habuit
1648 1192 1970 1269 Lycophroo

380 1305 528 1355 nem,
563 1287 796 1359 Lycurgi
830 1287 1021 1351 lilium,
1055 1301 1216 1355 quem
1264 1286 1484 1355 triginta
1532 1285 1747 1357 tyranni
1800 1270 1967 1340 inter-

383 1382 652 1446 fecerunt,
685 1381 829 1433 tribu
883 1378 1247 1433 Etcohutades
1279 1377 1402 1432 fuit.
1453 1377 1695 1432 Primum
1725 1379 1965 1448 quidem,

2068 512 2213 584 μεθα
2254 512 2354 583 τὴν
2396 510 2725 580 ἀνάγνωσιν,
2778 511 2838 563 ὲν
2894 510 3106 574 τούτοις
3164 508 3575 581 περιγράφεται
3614 510 3648 581 ή

2069 606 2280 678 μνήμης

2768 716 2935 771 ΣΞΗΩ

2567 811 2918 881 Λυκούργου
2947 810 3141 881 λόγοι.

2139 905 2455 977 Λυκούργου
2482 904 2543 958 δὲ
2567 904 2783 967 οὐδενὸς
2818 902 2930 957 τῶν
2977 903 3174 969 ἄλλων,
3212 904 3316 958 ὅσα.
3354 921 3422 973 γε
3476 904 3654 959 τελεῖν

2069 999 2149 1063 είς
2194 1001 2433 1071 ῥήτορας
2483 998 2579 1052 καὶ
2605 996 2973 1067 δημαγωγοὺς
3001 996 3062 1049 τὸ
3092 995 3315 1051 ἔλαττον
3338 997 3651 1068 φερομένου

2069 1091 2227 1144 οῠπω
2272 1089 2550 1160 παρέσχεν
2588 1088 2722 1159 ἡμῖν
2768 1089 2796 1140 ὁ
2844 1086 3036 1157 χρόνος
3070 1085 3265 1155 λόγους
3318 1087 3656 1156 ἀναγνῶναι,

2073 1182 2341 1253 φέρεσθαι
2363 1181 2421 1234 δὲ
2442 1178 2611 1233 αὐτοῦ
2639 1178 2701 1243 ἐξ
2724 1177 2967 1248 ἱστορίας
3002 1183 3069 1229 ιε’
3095 1178 3522 1247 μεμαθήκαμεν,
3555 1173 3658 1231 οὗ-

2070 1292 2164 1338 τος
2198 1275 2256 1328 δὲ
2282 1274 2396 1336 υίὸς
2424 1272 2525 1343 μὲν
2555 1267 2626 1342 ἦν
2653 1269 3005 1341 Λυκόφρονος
3034 1268 3134 1322 τοῦ
3160 1268 3508 1340 Λυκούργου,
3536 1269 3599 1323 ὃν
3627 1274 3659 1339 ή

2072 1368 2181 1421 τῶν
2212 1366 2257 1418 λ’
2279 1364 2531 1435 τυραννὶς
2579 1362 2777 1425 ἀνεῖλε,
2809 1362 2903 1413 τὸν
2952 1361 3127 1430 δῆμον
3188 1362 3618 1433 Ἐτεοὸουτάδης
3642 1378 3657 1393 ο

382 1486 445 1529 ut
468 1473 694 1528 historia
747 1479 998 1535 testatur,
1032 1471 1390 1540 philosophias
1420 1472 1601 1526 studio
1625 1487 1683 1526 se
1720 1472 1886 1536 dedit,
1913 1471 1968 1524 in

2093 1459 2385 1527 ῖκροάσατο
2429 1456 2486 1509 δὲ
2520 1454 2589 1508 τὰ
2633 1454 2734 1525 μὲν
2768 1451 2963 1524 πρῶτα
3002 1451 3100 1521 (ὡς
3129 1455 3163 1523 ή
3223 1452 3431 1524 ἱστορία
3485 1453 3658 1521 λέγει)

386 1581 497 1634 quo
552 1564 813 1633 magistro
844 1572 927 1618 est
952 1578 1086 1617 usus
1123 1562 1348 1617 Platone
1382 1563 1726 1634 philosopho.
1767 1563 1972 1618 Deinde

2093 1550 2362 1612 ῖιλάτωνος
2395 1548 2489 1602 τοῦ
2526 1546 2842 1617 φιλοσόφου,
2868 1548 3060 1601 ἔπειτα
3081 1547 3139 1600 δὲ
3170 1547 3263 1601 καὶ
3288 1548 3384 1600 τοῦ
3420 1549 3658 1619 ῥήτορος

386 1656 561 1712 factus
601 1654 858 1711 Isocratis
902 1653 1214 1718 familiaris,
1248 1656 1573 1709 versabatur
1601 1656 1653 1708 in
1689 1655 1971 1724 republica

2093 1641 2449 1709 Ἰσοκράτους.
2498 1638 2918 1693 Ἐπολιτεύσατο
2934 1639 2991 1693 δὲ
3012 1639 3107 1691 καὶ
3135 1638 3312 1705 λέγων
3351 1638 3448 1691 καὶ⁵
3480 1639 3662 1709 πράτ-

386 1748 663 1818 ρτωοιατο,
694 1756 806 1801 tum
837 1744 1069 1800 dicendo
1124 1754 1239 1799 tum
1278 1743 1530 1801 faciendo
1559 1762 1574 1799 :
1600 1757 1654 1800 et
1677 1744 1791 1815 jam
1818 1744 1969 1800 illius

2093 1748 2186 1785 nov
2219 1731 2516 1800 ἐπιφανῶς,
2548 1730 2644 1785 καὶ
2674 1731 2745 1784 τὰ
2769 1734 2871 1801 τῆς
2899 1730 3106 1794 πόλεως
3129 1732 3393 1801 χρήματα
3423 1731 3655 1784 διοικεῖν

386 1838 510 1893 ﬁdei
568 1837 927 1908 pecuniarum
990 1836 1395 1892 administratio
1465 1847 1584 1892 erat
1634 1838 1963 1893 commissa.

2093 1823 2531 1886 ιαταπιστευθεὶς
2583 1823 2676 1876 ἐπὶ
2723 1829 2772 1891 γ’
2808 1822 3238 1894 πενταετηρίδας
3268 1823 3409 1876 κατὰ
3436 1822 3502 1875 τὸ
3536 1822 3663 1894 ἄρι-

386 1929 636 1996 Quaestor
687 1944 818 1983 vero
871 1937 955 1983 est
983 1939 1223 1993 creatus,
1251 1940 1305 1983 et
1344 1943 1443 1998 per
1464 1929 1569 1983 tria
1621 1928 1795 1985 lustra
1821 1944 1970 1999 qua:-

2093 1932 2203 1969 rrov
2230 1915 2406 1969 ταῦτα
2444 1915 2539 1968 καὶ
2595 1914 3068 1985 φιλοπονώτατον,
3120 1914 3402 1970 ταλάντων
3450 1916 3665 1987 μυρίων

388 2033 598 2077 stnram
685 2020 850 2090 gessit
917 2021 1332 2089 quatuordecim
1419 2020 1656 2075 millium
1736 2023 1974 2076 talento-

386 2129 511 2167 rum
544 2111 677 2183 (l4).
712 2112 795 2165 Ad
841 2111 1068 2167 bellicos
1121 2119 1418 2181 apparatus
1463 2112 1727 2176 delectus,
1758 2126 1976 2181 rempu-

388 2202 589 2256 blicam
643 2200 871 2257 fractam
906 2202 1097 2257 multis
1135 2202 1302 2258 rebus
1352 2202 1631 2257 meliorem
1681 2210 1735 2256 et
1766 2201 1977 2256 ﬁrmio-

390 2309 505 2348 rem
576 2293 856 2349 reddendo
931 2295 1296 2359 instauravit,
1362 2295 1723 2363 triremesque
1775 2293 1979 2363 populo

390 2395 661 2441 trecentas
706 2385 992 2450 instruxit,
1022 2386 1303 2455 multaque
1339 2401 1504 2455 opera
1548 2386 1833 2441 interfecta
1886 2401 1976 2442 re-

390 2476 518 2531 licta
547 2476 613 2530 ad
641 2475 802 2530 linem
829 2477 1088 2546 perduxit
1125 2494 1139 2530 :
1177 2477 1390 2532 navalia
1418 2486 1552 2532 Item
1583 2486 1638 2532 ct
1660 2492 1840 2532 rerum
1883 2493 1982 2535 ne-

395 2570 761 2623 cessariarum
810 2572 1296 2625 armamentarium
1346 2589 1361 2625 :
1394 2570 1510 2641 ipse
1537 2586 1755 2642 quoque
1780 2571 1979 2627 funda-

395 2667 707 2713 mentorum
779 2658 1158 2728 jaciendorum
1216 2660 1271 2715 in
1326 2661 1505 2715 Stadio
1574 2660 1983 2717 Panathenaico

397 2761 592 2805 auCtor
633 2750 756 2806 fuit.
799 2750 973 2807 Penes
1017 2753 1167 2807 hunc
1218 2750 1323 2807 fuit
1352 2752 1588 2808 civitatis
1638 2753 1910 2817 custodia,
1930 2760 1985 2807 et

396 2843 695 2898 sceleratos
732 2843 1232 2913 comprehendendi
1285 2853 1526 2915 potestas
1560 2862 1574 2900 :
1608 2860 1749 2914 quos
1794 2858 1984 2899 omnes

398 2934 473 2989 ita
502 2935 687 3004 ejecit,
716 2944 776 2988 ut
811 2935 1184 3004 sophistarum
1210 2936 1461 2991 nonnulli
1483 2936 1752 3000 dicerent,
1784 2934 1988 3008 Lycur-

399 3039 528 3093 gum
561 3038 670 3078 non
719 3032 1047 3090 atramento,
1073 3024 1170 3079 sed
1204 3026 1471 3095 sanguine
1498 3027 1769 3081 calamum
1796 3036 1987 3080 contra

2074 2008 2208 2062 ὄντα
2236 2008 2333 2061 καὶ
2359 2007 2833 2078 τετρακισχιλίων,
2867 2006 3196 2077 διῳκήσατο.
3228 2008 3658 2079 Χειροτονηθεὶς

2073 2100 2132 2153 δὲ
2160 2101 2181 2132 ⁸
2207 2099 2301 2152 ἐπὶ
2332 2098 2429 2169 τὴν
2452 2097 2547 2152 τοῦ
2584 2099 2821 2169 πολέμου
2845 2099 3219 2172 παρασκευὴν,
3238 2100 3374 2154 ἄλλα
3405 2117 3465 2153 τε
3494 2100 3668 2154 πολλὰ

2074 2191 2173 2260 τῆς
2202 2189 2409 2252 πόλεως
2444 2190 2860 2261 κατερῤυηκότα
2894 2190 3223 2259 ἐπανέλαϐε,
3254 2190 3352 2245 καὶ
3410 2193 3669 2263 τριήρεις

2078 2282 2159 2351 τῷ
2197 2281 2356 2353 δήμῳ
2382 2280 2428 2334 υ¹
2454 2281 2857 2351 παρεσκεύασε.
2910 2273 3092 2336 ΪΙολλὰ
3117 2282 3174 2336 δὲ
3209 2283 3306 2339 καὶ
3344 2282 3456 2336 τῶν
3484 2283 3669 2355 ἔργων

2079 2374 2313 2445 ἡμιτελῆ
2342 2375 2698 2446 παρειληφὼς
2729 2377 2810 2439 εἰς
2834 2375 2988 2439 τέλος
3011 2376 3320 2447 προήνεγκε
3357 2374 3400 2438 ⁸,
3430 2376 3571 2439 νεώς
3607 2394 3668 2428 τε

2087 2467 2268 2529 οἴκους
2297 2466 2572 2537 ἐδείματο,
2604 2467 2697 2520 καὶ
2721 2467 2820 2538 τὴν
2857 2466 3199 2539 σκευοθήκην
3225 2467 3662 2534 ὲπεσκευάσατο,

2088 2557 2185 2612 καὶ
2206 2556 2285 2629 τῷ
2311 2558 2706 2629 παναθηναῖκῷ
2728 2559 2927 2631 σταδίῳ
2943 2558 3042 2631 τὴν
3068 2561 3309 2632 κρηπῖδα
3336 2560 3668 2617 ύπεόάλετο.

2091 2648 2425 2720 Ἐπιστεύθη
2456 2650 2513 2703 δὲ
2546 2650 2568 2681 ⁵
2596 2652 2690 2704 καὶ
2714 2650 2808 2703 τοῦ
2836 2652 3031 2715 ἄστεος
3060 2650 3187 2723 [810
3212 2649 3305 2723 IL]
3339 2652 3437 2722 τὴν
3470 2652 3671 2722 ἐπιμέ-

2083 2740 2256 2809 λειαν,
2295 2742 2392 2795 καὶ
2429 2741 2536 2812 μὴν
2556 2742 2650 2794 καὶ
2673 2742 2782 2795 τῶν
2816 2741 3143 2811 κακούργων
3168 2742 3268 2812 τὴν
3288 2743 3578 2813 άνεύρεσίν
3605 2760 3669 2796 τε

2087 2834 2183 2889 καὶ
2218 2835 2481 2907 σύλληψιν
2507 2852 2522 2866 ο
2549 2837 2643 2889 καὶ
2671 2834 2845 2899 οὕτως
2879 2835 3119 2908 ὲκάθηρε
3149 2836 3171 2867 ⁶
3194 2838 3294 2909 τὴν
3340 2838 3501 2892 πόλιν
3555 2838 3670 2892 τῶν

2090 2927 2415 2999 κακούργων
2446 2929 2490 2994 ⁷,
2515 2928 2778 2995 ἐξελάσας
2816 2930 3086 2995 ἅπαντας,
3121 2927 3198 2992 ώς
3231 2930 3328 2983 καὶ
3350 2929 3481 3001 παρ’
3506 2931 3675 2995 ὲνίοις

2088 3018 2197 3072 τῶν
2228 3017 2498 3087 σοφιστῶν
2539 3017 2836 3088 ⁸λέγεσθαι,
2873 3019 2957 3071 ὅτι
3011 3018 3086 3090 μὴ
3131 3018 3323 3091 μέλανι
3356 3019 3675 3091 Λυκοῦργος

401 3116 681 3185 improbos
708 3115 1467 3186 intingentemconscribere.
1510 3116 1745 3172 Tantum
1774 3118 1858 3173 sui
1896 3119 1987 3174 de-

2093 3110 2228 3164 άλλὰ
2254 3110 2333 3181 τῷ
2385 3109 2598 3181 θανάτῳ
2638 3111 2807 3181 χρίων
2861 3111 2954 3165 τὸν
3005 3112 3250 3182 κάλαμον
3292 3110 3362 3165 τά
3394 3112 3538 3165 κατὰ
3563 3111 3677 3165 τῶν

402 3203 691 3268 siderium,
729 3218 1084 3273 amoremque
1129 3203 1562 3260 Atheniensibus
1624 3205 1867 3276 reliquit,
1924 3214 1987 3261 ut

402 3308 526 3348 cum
553 3302 698 3349 esset
728 3293 797 3348 ab
826 3294 1135 3349 Alexandro
1155 3310 1281 3350 cum
1303 3296 1517 3350 caeteris
1553 3298 1867 3352 oratoribus
1901 3312 1995 3367 po-

403 3387 661 3452 Stulatus,
678 3387 911 3457 populus
928 3402 1275 3458 nequaquam
1298 3388 1450 3442 hunc
1469 3387 1774 3442 dedendum
1800 3388 1992 3444 existi-

404 3481 590 3536 marit.
644 3479 967 3548 Legationes
1036 3479 1238 3533 multas
1312 3478 1449 3533 obiit
1498 3493 1513 3530 :
1576 3492 1701 3532 cum
1765 3477 1995 3534 Demos-

407 3573 571 3627 thene
599 3586 731 3625 vero
751 3569 818 3623 ad
836 3568 1271 3640 Peloponnesios
1298 3568 1436 3639 (l5).
1468 3566 1664 3639 Magna
1695 3568 1795 3624 fuit
1827 3568 1998 3624 Athe-

408 3664 497 3718 nis
526 3663 717 3733 gloria,
747 3675 1070 3731 semperque
1123 3660 1399 3730 :rquitatis
1440 3660 1600 3715 laude
1620 3660 1811 3727 valuit,
1850 3669 1909 3714 ut
1941 3660 1997 3714 in

406 3755 627 3827 iudiciis
680 3753 911 3825 Lycurgi
964 3768 1275 3808 sermonem
1337 3755 1653 3823 protulisse,
1690 3751 1999 3824 patrocinio

414 3846 639 3902 adderet
688 3846 1090 3900 auctoritatem.
1138 3843 1297 3900 Tulit
1350 3860 1481 3900 vero
1546 3844 1714 3916 leges,
1761 3860 1998 3916 quarum

410 3941 602 4009 quinta
647 3948 750 4005 est,
804 3953 871 3993 ne
935 3937 1132 3992 mulier
1198 3936 1510 3993 Eleusinem
1580 3938 1832 3992 vehiculo
1895 3937 2000 3993 iter

410 4031 635 4093 faceret,
680 4045 748 4083 ne
809 4030 1084 4085 tenuiores
1114 4028 1408 4084 ditioribus
1455 4037 1642 4085 essent
1689 4027 1998 4084 inferiores.

2092 3203 2347 3273 πονηρῶν
2414 3202 2741 3274 ψηφίσματα
2792 3202 3021 3275 ἔγραψε.
3068 3204 3337 3258 Τοσοῦτον
3396 3204 3456 3257 δὲ
3511 3204 3679 3257 πόθον

2095 3294 2262 3350 αὐτοῦ
2300 3296 2393 3347 καὶ
2416 3294 2550 3349 αίδῶ
2577 3297 2690 3358 τοῖς
2735 3296 3043 3367 Ἀθηναίοις
3090 3297 3376 3367 ἐνεποίησε
3423 3295 3677 3350 πολιτευο

2092 3388 2309 3456 όμενος,
2335 3385 2412 3448 ὡς
2446 3386 2769 3456 αἰτήσαντος
2803 3386 2968 3440 αὑτὸν
3011 3386 3361 3459 Ἀλεξάνδρου
3390 3389 3484 3440 τοῦ
3519 3387 3678 3456 βασι-

2094 3478 2254 3545 λέως,
2288 3478 2478 3549 ῶσπερ
2499 3478 2741 3543 καὶτοὺς
2769 3479 2985 3547 ἄλλους,
3018 3481 3047 3533 ὁ
3076 3481 3249 3551 δῆμος
3277 3481 3339 3533 ού
3373 3481 3675 3551 προήκατο.

2107 3569 2478 3642 Ἐπρὲσϐευσε
2512 3569 2572 3624 δὲ
2602 3570 2697 3624 καὶ
2719 3572 2856 3643 πρὸς
2881 3570 3174 3643 διαφόρους
3196 3572 3380 3634 πόλεις
3411 3572 3506 3625 καὶ
3539 3570 3681 3642 μετὰ

2095 3660 2475 3730 Δημοσθένους
2516 3662 2596 3725 είς
2632 3661 3063 3735 Πελοπόννησον.
3104 3665 3214 3716 Καὶ
3240 3663 3512 3716 διετέλεσε
3538 3664 3560 3694 ⁹
3587 3665 3680 3715 τὸν

2097 3751 2192 3806 τοῦ
2225 3751 2340 3822 βίου
2393 3754 2587 3824 χρόνον
2643 3754 2951 3825 εὐδοκιμῶν
3011 3755 3106 3810 καὶ
3126 3755 3331 3820 δίκαιος
3370 3754 3508 3809 εἶναι
3548 3754 3682 3826 παρ’

2098 3845 2405 3917 Ἀθηναίοις
2442 3846 2800 3917 νομιζόμενος
2822 3863 2838 3878 ο
2886 3846 3051 3919 [1485
3080 3847 3175 3920 R.]
3203 3849 3284 3903 διὸ
3316 3850 3410 3901 καὶ
3437 3848 3500 3902 τὸ
3523 3848 3686 3915 λόγον

2098 3941 2225 3994 τινὰ
2255 3942 2609 4011 προενεγκεῖν
2644 3943 2703 3995 ὲν
2729 3943 2845 4005 τοῖς
2878 3942 3253 4013 δικαστηρίοις
3286 3944 3426 4012 ὑπὲρ
3456 3942 3683 3995 ὁτουοῦν

2113 4030 2323 4102 μεγάλη
2400 4028 2478 4101 τῷ
2536 4032 2992 4103 συναγορευθέντι
3068 4032 3292 4104 βοήθεια
3354 4033 3565 4101 ἐγίνετο
3619 4033 3682 4087 ⁸⁸.

423 4124 750 4195 Ἐποιήσατο
787 4123 844 4176 δὲ
889 4123 985 4176 καὶ
1031 4122 1214 4194 νόμων
1257 4120 1522 4191 εἰσφορὰς
1569 4120 1876 4191 διαφόρων*
1924 4115 2001 4176 ῶν
2040 4122 2158 4177 ἐστὶ
2186 4123 2460 4194 πέμπτος,
2525 4123 2584 4188 ὃς
2623 4124 2725 4179 οὐκ
2774 4126 2840 4195 ἑᾷ
2876 4124 2975 4189 τὰς
3031 4128 3298 4194 γυναῖκας
3348 4126 3686 4190 Ἐλευσῖνάδε

431 4217 526 4271 ἐπὶ
555 4216 784 4287 ζεύγους
815 4214 1125 4287 ὀχουμέναις
1174 4214 1548 4285 ἀφικνεῖσθαι,
1579 4214 1655 4276 ώς
1685 4213 1751 4268 ἂν
1779 4215 1835 4269 αἱ
1865 4213 2156 4286 δημοτικαὶ
2183 4218 2260 4288 μὴ
2287 4212 2423 4272 ῶσιν
2454 4217 2561 4270 ὑπὸ
2595 4217 2706 4270 τῶν
2744 4217 3017 4271 πλουσίων
3054 4218 3469 4288 ὲλαττούμεναι.

485 4312 625 4368 Cum
656 4320 839 4365 autem
868 4309 1217 4380 vectigalium
1266 4316 1491 4362 exactor
1531 4307 1755 4378 quidam
1801 4322 2002 4365 manus

415 4406 471 4460 in
527 4402 901 4457 Xenocratum
958 4400 1345 4471 philosophum
1407 4399 1723 4469 injecisset,
1764 4416 2000 4471 cumque

416 4498 473 4553 iu
503 4494 811 4550 custodiam
845 4493 1163 4559 abduceret,
1194 4493 1327 4547 huic
1347 4493 1508 4549 datus
1538 4493 1755 4547 obviam
1794 4493 2001 4563 Lycur-

419 4605 520 4660 gus
554 4586 809 4642 baculum
860 4584 917 4639 in
968 4593 1132 4655 caput
1190 4584 1436 4656 impegit,
1484 4585 1776 4655 ipsumque
1819 4575 2003 4640 Xeno-

420 4691 628 4737 cratem
659 4678 951 4745 liberavit;
981 4677 1132 4733 illum
1171 4686 1354 4733 autem
1379 4678 1555 4748 turpis
1585 4687 1750 4747 atque
1783 4675 2003 4733 infamis

422 4772 690 4828 facinoris
719 4779 1026 4835 auctorem,
1060 4769 1116 4824 in
1163 4783 1441 4824 carcerem
1490 4767 1765 4838 compingi
1812 4767 2003 4838 jussit.

421 4863 578 4920 Hanc
606 4863 677 4918 ob
721 4875 945 4918 causam
974 4876 1099 4916 cum
1144 4872 1292 4916 esset
1329 4858 1671 4914 collaudatus
1702 4856 2005 4935 Lycurgus,

415 4958 728 5031 paucisque
773 4953 977 5024 elapsis
1028 4951 1224 5009 diebus
1273 4950 1505 5022 Lycurgi
1560 4949 1659 5005 ﬁlii
1716 4943 2005 5005 Xenocrati

2172 4310 2498 4380 Ξενοκράτει
2534 4310 2592 4363 δέ
2644 4327 2776 4363 ποτε
2809 4310 2893 4381 τῷ
2927 4312 2968 4341 ¹¹
3016 4310 3292 4382 φιλοσόφῳ
3348 4312 3445 4375 τὰς
3497 4314 3689 4383 χεῖρας

2106 4400 2458 4464 ἐπιϐαλόντος
2498 4400 2752 4467 τελώνου,
2805 4403 3064 4470 καὶπρὸς
3095 4402 3155 4455 τὸ
3201 4401 3474 4472 μετοίκιον
3522 4403 3689 4456 αὑτὸν

2109 4491 2356 4561 ἄγοντος,
2382 4492 2719 4562 συναντήσας
2744 4492 2835 4546 τὸν
2862 4493 2962 4560 μὲν
2990 4492 3278 4562 φιλόσοφον
3306 4491 3568 4555 ἀπέλυσε,
3592 4494 3691 4563 τὴν

2107 4582 2163 4635 δὲ
2191 4581 2435 4653 κεφαλὴν
2458 4582 2555 4636 τοῦ
2581 4583 2815 4637 τελώνου
2840 4584 3019 4655 ῥάϐδῳ
3040 4585 3261 4652 παίσας,
3286 4587 3380 4639 άτε
3400 4586 3466 4653 δὴ
3484 4588 3527 4617 ³³
3547 4586 3692 4639 κατὰ

2107 4671 2203 4726 τοῦ
2226 4673 2529 4744 πρέποντος
2557 4674 3096 4746 ἀποθρασυνομένου,
3119 4677 3493 4748 δεσμωτήριον
3520 4679 3691 4731 οίκεῖν

2108 4764 2483 4835 παραδέδωκε,
2549 4765 2646 4819 καὶ
2694 4766 2906 4820 πολλῶν
2956 4767 3193 4821 ἐπαίνων
3256 4768 3350 4821 ἐπὶ
3393 4767 3568 4839 ταύτῃ
3620 4770 3688 4838 τῇ

2111 4855 2310 4927 πράξει
2362 4855 2655 4927 τετύχηκε.
2707 4858 2797 4911 Διὸ
2825 4859 2918 4913 καὶ
2968 4859 3089 4929 μεθ’
3138 4860 3355 4932 ἡμέρας
3398 4859 3550 4922 τινὰς
3580 4861 3691 4923 τοῖς

2114 4947 2274 5000 παισὶ
2322 4947 2419 5001 τοῦ
2476 4948 2793 5018 Λυκούργου
2849 4949 3191 5022 Ξενοκράτης
3222 4948 3500 5019 συντυχὼν
3536 4949 3690 5018 Ταχύ

1707 5060 1944 5117 ΥΑΒΙᾸΞ
1982 5060 2387 5120 LECTIONES.

497 5196 519 5226 ³
543 5186 635 5247 οὖν
668 5206 781 5249 om.
816 5189 877 5244 Β.
954 5190 976 5222 ³
1008 5188 1067 5242 δὲ
1103 5202 1217 5245 om.
1243 5188 1310 5257 Α.
1348 5164 1351 5167 Ι
1411 5183 1433 5217 ’⁵
1462 5184 1834 5257 παρήνεκεμΑ.

497 5196 519 5226 ³
543 5186 635 5247 οὖν
668 5206 781 5249 om.
816 5189 877 5244 Β.
954 5190 976 5222 ³
1008 5188 1067 5242 δὲ
1103 5202 1217 5245 om.
1243 5188 1310 5240 A.
1411 5183 1433 5217 ’⁵
1462 5184 1741 5257 παρήνεκε
1768 5188 1834 5238 Α.
1943 5182 1966 5215 ⁸
1998 5182 2056 5236 δὲ
2087 5196 2199 5238 om.
2242 5183 2305 5237 Β.
2418 5185 2440 5216 ⁸
2468 5186 2677 5257 κάθηρε
2725 5200 2810 5255 pr,
2861 5186 2928 5241 Α,
3034 5188 3055 5219 1
3094 5206 3099 5222 .

427 5264 583 5318 πόλιν
613 5279 678 5328 ς.
748 5262 771 5294 ⁸
801 5260 981 5330 σοφῶν
1011 5276 1072 5321 ς.
1148 5259 1169 5291 ⁸
1206 5256 1419 5311 ἐτέλεσε
1455 5256 1523 5310 Α.
1599 5254 1643 5287 ¹⁰
1665 5252 1880 5322 ἐγένετο
1906 5270 1969 5318 ς.
2044 5253 2087 5284 ¹¹
2116 5253 2196 5325 τῷ
2228 5254 2355 5310 add.
2405 5255 2474 5311 A.
2549 5253 2594 5288 “
2620 5254 2710 5327 δὴ]
2739 5257 2970 5313 fortasse
3001 5258 3099 5328 μή.

2418 5185 2810 5259 ξκάοῃρε-ρτ.
2861 5186 2928 5241 Α.
3034 5188 3067 5259 ’ί
3094 5186 3202 5243 τῶν
3230 5185 3559 5259 κακούργων
3595 5186 3692 5257 τὴν

1933 5409 2164 5470 NOTAE.

530 5580 618 5650 Η)
655 5577 826 5633 Hodie
874 5584 1169 5650 sunt__oc_to
1214 5572 1489 5650 myriades
1535 5581 1599 5650 _et
1649 5566 2007 5650 quadraginta

432 5643 610 5732 millia
639 5658 974 5729 scutatorum
1006 5646 1226 5732 liudaeq,
1276 5643 1339 5701 ut
1371 5643 1583 5717 singula
1641 5644 1841 5699 talenta
1884 5654 2009 5697 sex-

431 5727 603 5779 centis
630 5727 906 5777 coronatis
943 5727 1299 5776 aestimentur.

2189 5571 2305 5651 (15)
2336 5572 2687 5651 Ροιγουοῳιη
2727 5576 2820 5651 hic
2874 5576 3097 5636 tertium
3149 5578 3301 5638 addit
3346 5578 3583 5651 legatum
3636 5580 3692 5640 in

2118 5643 2552 5716 PelopOnneéum
2584 5647 2932 5707 Plutarchus.
