3922 6242
270 367 356 430 197
1023 346 1550 414 BIBLIOTHECA.
1590 364 1659 376 -
1693 334 1910 400 CODD.
1950 334 2308 414 CCLXVIII,
2347 338 2646 404 CCLXIX.

3386 348 3491 416 198

264 494 369 534 που
393 476 456 541 ’⁸,
485 472 607 544 ἔφη,
636 468 719 536 τῷ
745 468 920 537 πατρί
939 466 1127 537 ὑμῶν,
1144 460 1438 529 ὦπαῖδες,
1461 456 1807 517 ἀποδέδωκα

1917 451 2063 544 obvii
2092 450 2327 544 fuisse-nt
2362 452 2551 544 :_Cito,
2569 454 2778 544 inquit,
2809 473 2842 511 ο
2861 456 2986 526 lilii,
3009 460 3154 527 patri
3175 472 3343 518 oestro
3367 484 3491 537 grus

263 570 367 637 τὴν
398 566 568 636 χάριν
592 580 607 595 ’
659 560 989 617 ἐπαινεῖται
1017 560 1130 629 γὰρ
1155 557 1277 614 ὑπὸ
1321 554 1440 610 τῶν
1486 553 1805 615 πλειόνων,

264 661 346 713 ὅτι
372 675 469 727 μοι
493 655 697 727 γέγονε
723 651 953 720 βοηθὸς
997 644 1580 719 προπηλακιζομένῳ.
1624 643 1721 695 Ἐν
1750 640 1811 695 δὲ

259 750 454 819 ἱμάτιον
493 744 880 815 περιεϐάλλετο
912 742 1102 810 θέρους
1140 757 1202 793 τε
1232 739 1326 793 καὶ
1363 735 1651 807 χειμῶνος,
1683 732 1809 785 καί-

256 858 331 894 τοι
351 839 454 892 τῶν
472 836 513 869 ³⁸
532 837 630 907 τῆς
649 835 859 898 πόλεως
883 832 1129 903 εὐπόρων
1148 830 1361 893 οὐδενὸς
1394 824 1805 895 ἐλαττούμενος.

268 929 412 985 Ἀλλά
446 929 540 983 καὶ
582 927 907 989 ἀνυπόδετος
954 924 1025 979 τὰ
1072 922 1246 977 πολλὰ
1290 922 1494 989 διῆγεν,
1552 920 1601 972 εί
1638 917 1714 989 μὴ
1748 915 1809 970 τὸ

254 1023 448 1093 πρέπον
471 1020 633 1075 αὐτὸν
662 1018 910 1083 ἐϐιάζετο
938 1015 1077 1089 πρὸς
1098 1014 1198 1085 τὴν
1224 1013 1334 1068 τῶν
1362 1012 1405 1044 ¹⁸
1444 1011 1807 1081 ὑποδημάτων

253 1111 518 1167 κατελθεῖν
545 1110 754 1183 χρείαν.
778 1108 892 1162 Οὐκ
918 1103 979 1162 εὖ
1012 1106 1070 1160 δέ
1104 1104 1365 1175 πεφυκὼς
1396 1104 1535 1175 πρὸς
1558 1102 1626 1156 τὰ
1651 1103 1809 1156 αύτο-

252 1208 421 1278 σχέδια
449 1207 640 1270 νυκτὸς
669 1204 765 1259 καὶ
796 1203 1011 1275 ἡμέρας
1044 1200 1297 1273 ἐμελέτα,
1321 1198 1382 1253 τὸ
1410 1198 1587 1252 ἐνδέον
1607 1199 1674 1269 τῇ
1706 1195 1809 1267 φύ-

252 1314 326 1349 σει
358 1294 685 1365 ἀναπληρῶν
724 1297 838 1357 τοῖς
873 1294 1077 1355 πόνοις.
1111 1291 1222 1343 Καὶ
1247 1288 1309 1342 τὸ
1341 1288 1594 1343 κλινίδιον
1623 1288 1678 1342 δὲ
1710 1288 1809 1340 αύ-

247 1386 337 1457 τῷ,
364 1386 445 1454 ἐφ’
472 1379 517 1453 ᾧ
554 1385 838 1451 ἐκάθευδε,
878 1383 1059 1453 κῳδίῳ
1095 1381 1241 1452 μόνῳ
1269 1382 1364 1434 καὶ
1384 1379 1807 1451 προσκεφαλαίῳ

247 1479 582 1549 ἑστρώννυτο.
636 1476 712 1540 ὡς
765 1476 831 1530 ἂν
887 1475 1084 1546 ῥᾳδίως
1125 1474 1480 1543 ἀνιστάμενος
1510 1472 1604 1525 τοῦ
1633 1471 1802 1524 ῦπιου

249 1568 495 1638 μελετῴη.
538 1568 653 1622 Καὶ
706 1565 1124 1638 παρρησιαστὴς
1176 1565 1232 1618 δὲ
1266 1564 1356 1618 διὰ
1398 1565 1497 1636 τὴν
1530 1564 1809 1632 εὐγένειαν

247 1658 439 1728 ύπῆρχε
474 1673 489 1688 ·
539 1656 626 1709 διὸ
674 1656 770 1709 καὶ
820 1654 1120 1724 ’Δθηναίων
1180 1653 1313 1707 ποτέ
1365 1653 1806 1724 δημηγοροῦντος

246 1750 393 1802 αὑτοῦ
433 1748 507 1818 μὴ
536 1746 883 1817 ἀνεχομένων
916 1748 995 1809 είς
1040 1746 1275 1815 ἐπήκοον
1300 1746 1344 1777 ⁸⁸
1374 1745 1648 1816 ἀνέκραγε
1671 1746 1808 1797 πάν·

244 1858 358 1894 των·
375 1835 447 1895 Ὦ
467 1840 805 1908 Κερκυραία
831 1837 1058 1908 μάστιξ
1077 1866 1102 1903 ,-
1123 1838 1200 1903 ὡς
1222 1837 1471 1893 πολλῶν
1502 1836 1812 1891 ταλάντων

243 1929 292 1986 el
315 1932 466 1996 ἀξία.
497 1931 729 1986 Μέλλων
753 1930 811 1984 δέ
853 1931 1115 2001 τελευτᾷν
1142 1932 1224 1993 είς
1250 1929 1312 1982 τὸ
1340 1928 1593 2000 μητρῷον
1616 1930 1712 1982 καὶ
1748 1929 1809 1983 τὸ

247 2022 616 2093 βουλευτήριον
657 2020 973 2091 προστάξας
1018 2019 1307 2090 ἐκομίσθη,
1341 2019 1569 2082 εὐθύνας
1624 2016 1810 2073 δοῦναι

243 2113 338 2165 τῶν
380 2112 801 2181 πολιτευμάτων
836 2111 1181 2181 βουλόμενος.
1224 2110 1452 2174 Οὐδενὸς
1485 2110 1540 2164 δὲ
1575 2127 1811 2181 κατηγο-

248 2207 489 2275 ρήσαντος
515 2204 663 2276 πλὴν
700 2204 1111 2274 Μενεσαίχμου,
1138 2202 1247 2257 τῶν
1286 2202 1552 2257 διαϐολῶν
1576 2202 1809 2275 ὑπέρτε-

246 2301 525 2371 ροςφανεὶς
557 2301 642 2364 είς
679 2299 780 2370 τὴν
817 2298 996 2352 οἰκίαν
1018 2298 1369 2369 ἀπεκομίσθη
1394 2299 1488 2352 καὶ
1520 2299 1808 2370 ἐτελεύτη-

245 2408 343 2446 σεν.
370 2393 478 2446 Οὐκ
508 2394 572 2445 ἐν
628 2390 806 2461 τούτῳ
836 2390 891 2443 δὲ
928 2390 1087 2461 μόνον
1111 2391 1190 2461 τῷ
1215 2391 1387 2460 ἀγῶνι
1439 2391 1542 2461 τῆν
1567 2392 1809 2446 νικῶσαν

240 2487 405 2555 ἔσχεν,
431 2485 571 2538 ἀλλὰ
606 2486 703 2538 καὶ
733 2484 998 2547 πολλάκις
1020 2485 1420 2556 κατηγορηθεὶς
1457 2486 1552 2540 καὶ
1578 2485 1677 2549 τὰς
1718 2487 1808 2541 al-

241 2578 348 2640 τίας
369 2574 424 2632 εὖ
447 2578 602 2649 μάλα
630 2577 1028 2647 διαλυσάμενος
1067 2576 1342 2647 ἐκράτησε
1369 2577 1478 2631 τῶν
1510 2579 1809 2647 ἀνταγωνι-

245 2669 370 2723 στῶν
394 2686 407 2701 ·
462 2670 737 2733 πολλάκις
767 2670 824 2723 δέ
850 2671 947 2724 καὶ
980 2669 1261 2739 στεφάνων
1293 2670 1502 2740 ἠξιώθη
1533 2671 1684 2740 παρά
1710 2669 1807 2724 τοῦ

243 2762 415 2833 δήμου.
471 2762 757 2845 Κατέλιπε
816 2762 874 2815 δὲ
934 2762 1031 2816 καὶ
1098 2764 1295 2825 παῖδας
1359 2764 1421 2815 ἐκ
1476 2762 1808 2827 Καλλιστοῦς

244 2852 497 2925 Ἅϐρωνα,
525 2856 870 2928 Λυκοῦργον,
904 2858 1258 2928 Δυκόφρονα’
1290 2856 1384 2922 οὓς
1432 2861 1527 2911 καὶ
1557 2858 1810 2929 τελευτή-

156 2998 159 2999 ,
243 2960 413 3008 σαντος
440 2946 770 3016 Λυκούργου
796 2948 847 3000 οἰ
888 2946 1204 3015 ἀγνώμονες
1251 2947 1525 3018 Ἀθηναῖοι
1554 2946 1672 3020 [811
1707 2946 1801 3019 Η.]

240 3039 339 3099 τοῖς
376 3038 674 3092 ίτἘνδεκα
700 3038 742 3069 ⁸⁸
778 3038 1121 3107 παρέδωκαν,
1182 3039 1563 3110 Μενεσαίχμου
1612 3040 1655 3071 ¹⁹
1709 3040 1809 3110 μὲν

1915 541 2047 594 tiam
2085 538 2317 597 reddidi.
2373 540 2416 593 Α
2467 542 2649 596 multis
2703 545 2843 598 enim
2897 546 3171 615 laudatur,
3226 554 3363 620 quod
3407 573 3489 611 me

1911 634 2235 689 contumelia
2262 644 2312 689 et
2342 622 2547 706 injuria
2576 637 2827 706 affectum
2857 640 3163 698 vindicarit.

1979 725 2177 798 5971:
2207 726 2450 784 Tametsi
2478 743 2609 785 vero
2640 730 2944 789 abundaret
2974 734 3205 806 divitiis,
3238 747 3298 793 ut
3323 754 3488 796 nemo

1910 819 1968 875 in
2000 822 2136 878 urbe
2167 822 2367 895 magis,
2409 831 2619 881 vestem
2662 832 2845 881 tamen
2876 828 3095 885 unicam
3140 832 3392 903 gestabat
3431 844 3488 890 et

1909 924 2119 982 testate,
2149 926 2205 972 et
2234 917 2427 989 hyeme
2461 935 2477 972 :
2505 917 2638 989 quin
2667 927 2849 974 etnon
2866 921 3139 980 calceatus
3167 926 3489 998 plerumque

1910 1008 2221 1075 incedebat,
2258 1009 2364 1065 nisi
2396 1025 2521 1065 cum
2558 1010 2817 1067 honestas
2851 1013 3053 1069 calceis
3104 1017 3187 1071 uti
3234 1020 3485 1088 cogebat.

1910 1098 2039 1159 Dies
2084 1112 2387 1175 noctesque
2433 1119 2619 1159 rerum
2671 1105 3026 1162 meditatione
3080 1108 3291 1166 deﬁxus
3333 1123 3484 1180 erat,

1908 1196 2057 1265 quod
2084 1210 2209 1251 eum
2248 1206 2447 1252 natura
2481 1196 2550 1251 ad
2579 1196 2868 1252 dicendum
2898 1212 2964 1253 ex
2995 1206 3236 1271 tempore
3259 1218 3367 1257 non
3397 1220 3489 1259 sa-

1910 1288 1982 1343 tis
2022 1296 2211 1359 aptum
2241 1289 2542 1358 genuisset,
2573 1299 2633 1344 ut
2656 1289 2799 1357 quod
2823 1300 3033 1346 natura:
3064 1292 3272 1360 deerat,
3305 1295 3489 1351 labore

1908 1389 2165 1450 pensaret
2206 1399 2220 1436 :
2256 1388 2311 1436 et
2362 1395 2472 1451 quo
2517 1381 2731 1437 facilius
2792 1384 3145 1448 excitaretur,
3195 1397 3251 1440 et
3279 1388 3489 1456 cogita-

1912 1470 2062 1525 tione
2090 1469 2168 1523 uti
2207 1480 2413 1540 posset,
2442 1470 2705 1527 lectulum
2739 1472 2973 1529 habebat
3025 1477 3391 1544 suppositum,
3430 1479 3485 1532 in

1907 1576 2019 1631 quo
2050 1561 2207 1631 pellis
2243 1571 2453 1617 tantum
2487 1572 2605 1617 erat
2630 1564 2843 1629 villosa,
2891 1574 2946 1621 et
2973 1569 3229 1625 cervical.
3274 1568 3404 1625 Erat
3433 1571 3487 1625 in

1909 1669 1975 1709 eo
2007 1670 2221 1710 summa
2267 1655 2323 1709 in
2360 1656 2633 1725 loquendo
2680 1657 2906 1713 libertas
2940 1668 3161 1730 propter
3208 1665 3489 1730 generosi-

1912 1756 2103 1803 tatem.
2147 1748 2287 1805 Cum
2324 1749 2756 1805 Atheniensibus
2806 1752 3101 1822 aliquando
3145 1756 3321 1824 ipsum
3355 1770 3490 1810 con-

1911 1840 2221 1895 cionantem
2259 1856 2369 1895 non
2408 1840 2616 1897 ferrent
2643 1841 2711 1895 ad
2756 1856 2852 1897 eos
2894 1843 3265 1899 exclamavit:
3305 1844 3350 1899 0
3386 1847 3491 1914 ﬂa-

1911 1948 2065 2001 grum
2094 1930 2455 2002 Corcyraeum,
2486 1948 2643 2002 quam
2688 1932 2869 1986 multis
2902 1934 3116 1989 talentis
3145 1951 3200 1989 es
3234 1936 3494 2005 dignum?

1910 2021 2049 2077 Cum
2079 2036 2213 2078 vero
2253 2023 2461 2078 instare
2517 2038 2667 2080 mors
2716 2025 3036 2094 videretur,
3087 2044 3147 2083 se
3194 2029 3249 2084 in
3296 2032 3490 2085 matris

1910 2112 2076 2167 deum
2105 2113 2414 2179 delubrum,
2440 2114 2507 2169 ad
2542 2124 2789 2170 senatum
2820 2117 3020 2172 deferri
3044 2120 3231 2188 jussit,
3262 2121 3489 2191 cupiens

1910 2218 2093 2259 rerum
2128 2220 2159 2260 a
2199 2220 2259 2260 se
2309 2204 2364 2260 in
2399 2205 2676 2275 republica
2726 2214 3007 2275 gestarum
3056 2209 3326 2263 rationem
3365 2213 3488 2265 red-

1910 2295 2040 2351 dere
2084 2314 2099 2350 :
2136 2296 2229 2351 ubi
2260 2312 2383 2351 cum
2438 2297 2588 2351 illum
2640 2307 2700 2352 ut
2729 2299 2880 2353 omni
2924 2300 3199 2356 calumnia
3236 2301 3489 2371 superio-

1910 2403 2026 2444 rem
2049 2403 2316 2445 accusare
2342 2400 2535 2458 prazter
2558 2388 3013 2446 Menestechmum
3047 2393 3273 2449 auderet
3304 2409 3486 2460 nemo,

1909 2479 2135 2536 domum
2163 2492 2251 2537 est
2278 2481 2485 2537 relatus
2515 2490 2570 2537 et
2605 2492 2875 2539 mortuus.
2901 2482 3089 2555 Neque
3110 2486 3164 2540 in
3191 2487 3295 2541 hac
3324 2488 3489 2541 modo

1910 2574 2267 2630 contentione
2308 2575 2503 2641 victor,
2536 2574 2632 2631 sed
2673 2584 2728 2630 et
2776 2592 3153 2647 saepenumero
3194 2587 3490 2634 accusatus

1910 2667 2241 2723 criminibus
2274 2667 2434 2723 facile
2480 2667 2756 2734 refutatis,
2807 2670 3157 2726 adversarios
3189 2672 3486 2742 superavit.

1911 2758 2067 2830 Saepe
2095 2762 2259 2814 etiam
2292 2773 2529 2815 coronas
2561 2775 2592 2815 a
2613 2761 2816 2832 populo
2849 2762 3076 2833 accepit.
3105 2762 3274 2819 Filios
3303 2772 3487 2819 autem

1908 2865 1977 2907 ex
2021 2851 2245 2908 Calliste
2272 2852 2569 2918 Abronem,
2602 2852 2933 2925 Lycurgum,
2990 2865 3045 2910 et
3076 2854 3488 2926 Lycophronem

1910 2945 2153 3014 reliquit,
2186 2960 2348 3015 quos,
2378 2956 2599 3001 mortuo
2631 2946 2904 3019 Lycurgo,
2945 2947 3147 3019 ingrati
3190 2948 3491 3003 Athenien-

1911 3052 2001 3092 ses
2026 3036 2441 3093 Undecemviris
2471 3039 2838 3103 tradiderunt,
2881 3048 3177 3096 accusante
3227 3036 3488 3095 Menesta-

1912 3129 2096 3195 chmo,
2124 3128 2424 3202 Thrasycle
2457 3133 2860 3187 accusationem
2892 3132 3185 3187 scribente.
3229 3131 3337 3187 Sed
3360 3146 3487 3186 cum

244 3132 754 3201 κατηγορήσαντας,
821 3128 1178 3199 γραψαμένου
1264 3129 1322 3183 δέ
1406 3130 1803 3199 Θρασυκλέους.
1833 3157 1883 3221 c

243 3223 486 3296 Ὕστερον
552 3224 745 3296 μέντοι
793 3223 1019 3288 τούτους
1074 3223 1377 3289 ἠθώωσαν,
1431 3224 1806 3295 Δημοσθένους

1917 3220 2304 3277 Demosthenes
2343 3224 2398 3277 in
2446 3223 2637 3277 exsilio
2681 3238 2867 3295 agens,
2911 3238 3007 3293 per
3054 3224 3266 3278 litteras
3309 3223 3483 3277 Athe-

240 3315 632 3381 ἐπιστείλαντος
688 3317 795 3370 ἀπὸ
844 3316 946 3387 τῆς
1007 3315 1190 3386 φυγῆς
1231 3317 1345 3379 τοῖς
1384 3315 1688 3385 ’Δθηναίοις
1729 3316 1805 3380 ὡς

1917 3312 2191 3368 niensibus
2218 3312 2569 3395 signiﬁcaret,
2596 3313 2739 3368 male
2764 3313 2885 3368 illos
2910 3314 3098 3369 audire
3131 3314 3202 3368 ob
3221 3315 3358 3368 tanti
3382 3314 3485 3368 viri

240 3406 420 3480 πολλὴν
472 3408 663 3462 αὐτῶν
700 3407 1115 3461 κατεσκέδασαν
1170 3405 1449 3476 διαϐολὴν,
1484 3405 1804 3473 τηλικούτου

1917 3404 2053 3460 filios
2076 3404 2311 3460 vinculis
2337 3405 2590 3469 traditos,
2618 3406 2763 3475 quod
2796 3413 2948 3475 pater
2972 3405 3358 3475 rempublicam
3389 3406 3487 3459 ad-

239 3501 418 3565 παίδας
461 3500 667 3573 ἀνδρὸς
713 3501 1090 3573 δεσμωτήριον
1129 3500 1302 3552 οἰκεῖν
1359 3498 1807 3569 παραδεδωκότες

1917 3497 2263 3563 ministrarit,
2288 3512 2452 3567 quem
2486 3497 2651 3552 etiam
2679 3497 2864 3551 vivum
2894 3505 3205 3552 reverenter
3230 3496 3486 3553 admirati

239 3590 339 3642 ἀνθ’
361 3585 432 3645 ὧν
458 3592 487 3645 6
514 3592 708 3661 πατὴρ
738 3589 1148 3653 ἐπολιτεύσατο,
1187 3576 1247 3643 δν
1276 3588 1374 3644 καὶ
1399 3588 1580 3654 ζῶντα
1617 3588 1685 3643 δι’
1711 3588 1801 3642 αι·-

1917 3599 2115 3657 essent,
2153 3599 2209 3647 et
2230 3590 2533 3647 coluissent
2554 3631 2571 3658 ,
2594 3591 2839 3647 insontes
2870 3589 3234 3646 declararunt.

236 3676 344 3744 δοῦς
368 3698 426 3734 τε
446 3682 493 3714 ⁸⁸
522 3677 670 3753 ἦγον
694 3680 790 3735 καὶ
813 3679 1148 3750 ἐθαύμαζον.

935 3794 1094 3851 ΣΞΘ.

309 3884 755 3960 ’Δνεγνώσθησαν
807 3888 854 3923 ’ί
908 3888 1183 3958 διαφόρων
1236 3886 1397 3958 ἱερῶν
1454 3886 1664 3959 ἀνδρῶν
1717 3885 1806 3940 λό-

237 3988 415 4047 γοικα’,
435 3982 733 4053 διαφόρους
752 3982 1037 4046 ὑποθέσεις
1063 3982 1470 4052 μετερχόμενοι,
1497 3973 1573 4035 ὧν
1601 3983 1634 4052 ἡ
1664 3998 1805 4052 παρ·

235 4070 354 4127 οῦσα
392 4074 600 4146 ἐκλογὴ
626 4075 726 4144 τῆς
754 4074 863 4127 τῶν
888 4075 1147 4146 ῥημάτων
1198 4073 1461 4142 καλλονῆς
1489 4073 1584 4126 καὶ
1611 4073 1809 4144 ὡραιόο

238 4180 384 4233 τητος
417 4166 605 4235 ἔρωτα
636 4164 900 4230 λαϐοῦσα,
950 4165 1087 4235 πρὸς
1115 4164 1331 4227 ἐκείνας
1362 4165 1438 4228 ὡς
1477 4164 1682 4218 ἐπίπαν
1710 4165 1807 4219 καὶ

235 4251 317 4305 τὸν
368 4254 628 4307 πλεῖστον
686 4252 889 4309 σκοπὸν
939 4252 1042 4323 τῆς
1093 4253 1358 4316 ἐκδόσεως
1401 4253 1806 4325 ἀναφερόμενον

236 4342 357 4411 ἔχει,
386 4344 434 4396 εί
461 4345 560 4397 καὶ
592 4341 757 4412 ἕτερά
774 4359 897 4395 τινα
923 4343 1151 4407 ταύταις
1181 4341 1561 4412 συνεισάγεται
1594 4344 1662 4397 ³³.

246 4454 519 4525 Ἠσυχίου
565 4456 976 4524 πρεσϐυτέρου
1011 4455 1451 4526 Ἰεροσολύμων
1486 4456 1555 4511 ἐκ
1584 4455 1691 4511 τοῦ
1714 4456 1802 4523 εις

575 4528 685 4581 τὸν
716 4526 886 4597 ἅγιον
910 4524 1121 4595 Θωμᾶν
1141 4524 1453 4597 ἐγχωρίου.

311 4703 758 4774 ’Δνεγνώσθησαν
781 4705 827 4737 ’³
869 4703 1123 4775 Ἡσυχίου
1157 4702 1533 4775 πρεσϐυτέρου
1576 4701 1809 4773 Ἰεροσο-

236 4791 411 4863 λύμων
455 4798 522 4849 ἐκ
549 4797 643 4849 τοῦ
684 4797 765 4860 είς
793 4797 884 4849 τὸν
932 4796 1089 4865 ἆγιον
1121 4796 1380 4867 ’Δνδρέαν
1411 4795 1459 4827 ’⁸
1503 4796 1803 4865 ἐγκωμίου.

2552 3782 2829 3841 CCLXIX.

1982 3870 2109 3948 Legi
2140 3874 2487 3931 diversorum
2542 3886 2859 3930 sanctorum
2914 3877 3160 3931 virorum
3198 3874 3368 3931 libros
3404 3875 3485 3929 vi—

1909 3969 2043 4038 ginti
2075 3979 2129 4024 et
2153 3985 2346 4034 unum,
2369 3969 2711 4023 diversorum
2750 3968 2976 4024 omnino
3003 3978 3483 4039 argumentorum:

1912 4060 2057 4115 unde
2095 4061 2209 4115 haec
2235 4060 2495 4130 epitome,
2531 4058 2995 4128 pulchritudinem
3036 4065 3486 4127 venustatemque

1907 4151 2200 4206 verborum
2246 4150 2740 4220 comprehendens,
2785 4165 2851 4205 eo
2896 4149 3047 4204 hisce
3088 4148 3344 4203 omnibus
3389 4163 3485 4201 ex-

1907 4241 2080 4311 ceptis
2130 4241 2377 4311 respicit,
2411 4255 2726 4312 quanquam
2778 4242 2882 4295 alia
2914 4240 3172 4295 nonnulla
3226 4255 3351 4295 cum
3396 4239 3485 4297 his

1906 4337 2329 4407 coniungantur.

1912 4451 1997 4507 Ea:
2038 4450 2286 4520 Hesychii
2317 4449 2604 4520 presbyteri
2633 4448 3109 4520 Hierosolymitani
3147 4446 3399 4520 Eucomio
3426 4447 3484 4501 in

1983 4518 2194 4577 beatum
2239 4518 2851 4589 Thomant.|Dominica
2890 4518 2944 4573 in
2995 4518 3138 4572 Albis
3184 4518 3319 4585 forte
3360 4534 3483 4587 pro-

1982 4594 2250 4647 nuntiato.
2278 4590 2437 4645 Joan.
2469 4589 2587 4661 20.]

1976 4705 2181 4778 598a
2252 4703 2511 4773 Legimus
2568 4700 2828 4755 nonnulla
2865 4698 3116 4771 Hesycbii
3182 4699 3483 4772 presbyteri

1906 4795 2385 4869 Hierosolymitani
2422 4810 2484 4849 ex
2519 4793 2774 4848 encomio
2802 4792 2976 4848 sancti
3002 4791 3227 4847 Thomas
3265 4810 3279 4847 :
3315 4792 3484 4847 Sacra

241 4884 389 4956 [1488
417 4888 511 4961 IL]
557 4889 800 4957 Σάλπιγξ
848 4890 997 4960 ἡμᾶς
1027 4888 1275 4960 ίερατικὴ
1318 4888 1456 4959 πρὸς
1495 4888 1807 4958 πανήγυριν

1917 4893 1997 4945 illa
2025 4889 2155 4944 tuba
2175 4888 2440 4952 Andreas,
2463 4887 2674 4958 primus
2697 4887 3066 4956 apostolorum
3096 4885 3280 4953 foetus,
3308 4887 3481 4957 prima

239 4978 478 5048 ἤθροισεν
528 4981 784 5049 Ἀνδρέας
806 4981 836 5033 6
858 4978 953 5033 τοῦ
983 4978 1147 5051 χοροῦ
1176 4979 1287 5033 τῶν
1307 4978 1619 5032 ἀποστόλων
1654 4996 1806 5051 ἰτρω⁸

1917 4977 2166 5032 Ecclesiae
2196 4976 2451 5029 columna
2485 5013 2500 5038 ,
2529 4983 2653 5028 ante
2687 4972 2907 5029 Petrum
2948 4982 3120 5044 petra,
3148 4972 3483 5028 fundamenti

239 5070 465 5134 τότοκος,
513 5073 542 5124 ὁ
575 5071 948 5142 πρωτοπαγὴς
998 5072 1098 5141 τῆς
1135 5071 1461 5141 Ἐκκλησίας
1517 5070 1727 5135 στύλος,
1788 5073 1807 5125 ἐ

1917 5068 2316 5124 fundamentum
2352 5108 2369 5133 ,
2410 5066 2553 5121 initii
2596 5066 2888 5134 primitias,
2931 5082 3134 5123 vocans
3186 5076 3481 5135 antequam

241 5160 338 5229 πρὸ
364 5163 572 5233 Πέτρου
604 5163 807 5232 Πέτρος
829 5162 899 5227 ’⁸,
929 5163 959 5215 6
986 5161 1081 5215 τοῦ
1113 5161 1366 5232 θεμελίου
1397 5163 1666 5234 θεμέλιος,
1704 5164 1803 5231 ὴ¹⁶

1917 5170 2224 5228 vocaretur,
2269 5160 2547 5216 adducens
2604 5169 2897 5229 antequam
2950 5160 3336 5221 adduceretur,
3380 5173 3483 5213 nos

242 5252 330 5321 τῆς
356 5255 528 5327 ἀρχῆς
575 5256 717 5329 ἀρχὴ
743 5256 811 5324 ’⁷,
840 5256 869 5309 6
904 5256 1034 5328 πρὶν
1062 5254 1327 5326 κληθῆναι
1369 5254 1572 5321 καλῶν,
1610 5256 1639 5309 ό
1674 5254 1806 5326 πρὶν

1917 5253 1982 5309 ad
2036 5262 2369 5310 conventum
2424 5252 2571 5308 hunc
2635 5251 2951 5308 solemniter
3004 5250 3273 5322 agendum
3345 5249 3482 5306 inci-

1511 5457 1747 5513 ἾΛΒΙᾹΞ
1786 5454 2189 5513 LECTIONES.

312 5593 352 5667 ’_'
378 5609 449 5667 Δγε
475 5592 525 5647 Α.
550 5608 659 5667 {re
693 5611 754 5658 ς.
867 5598 913 5628 ³⁸
948 5597 1078 5661 τῶν,
1124 5596 1218 5650 καὶ
1276 5597 1388 5652 τῶν
1421 5596 1481 5651 Β.
1588 5598 1633 5631 ³⁸
1670 5598 1781 5651 τῶν
1812 5601 2018 5653 οιη.Ἀ.
2116 5597 2159 5629 ³⁸
2185 5596 2421 5667 ἐπήκοον
2461 5597 2501 5650 Β
2549 5597 2831 5667 εὐπήκοον
2872 5613 2931 5660 ς.
3034 5595 3089 5667 7"
3116 5596 3231 5657 τοῖς
3258 5608 3369 5667 om.
3413 5596 3477 5649 Α.

252 5658 291 5690 ⁸⁸
318 5658 533 5738 ἕνδεκα,
549 5664 622 5738 Αέν
640 5663 1001 5738 δεσμωτηρίῳ
1030 5658 1090 5721 Β.
1190 5668 1232 5700 ¹⁹
1272 5669 1591 5737 Μεναίχμου
1624 5668 1682 5725 Β.
1771 5669 1834 5738 Α¹⁰
1869 5686 1927 5719 τε
1980 5669 2067 5721 A:
2112 5683 2175 5733 γε
2220 5658 2291 5731 ςί
2353 5668 2432 5738 Α²¹
2481 5658 2949 5738 ’Λνεγνώσθησαν.
3024 5666 3069 5738 ’_'
3100 5665 3480 5738 συνεισάγεται

250 5743 352 5810 om.
378 5734 441 5787 A.
482 5734 567 5810 __'_’
602 5734 984 5810 ἀνεγνώσθηη
1029 5738 1285 5809 Ἦσυχίου
1314 5738 1375 5793 Β.
1450 5734 1500 5769 ῖί
1522 5739 1746 5810 Ἀνδρέα
1769 5734 1810 5790 Β
1840 5760 1851 5793 :
1894 5739 2198 5810 8wpiv_g.
2275 5740 2319 5779 ’³
2342 5736 2370 5789 6
2399 5738 2505 5809 πρὸ
2542 5734 2748 5809 Πέτρου
2786 5734 2986 5807 πέτρα,
3025 5736 3052 5789 6
3079 5736 3186 5808 πρὸ
3205 5734 3300 5792 τοῦ
3330 5736 3383 5793 θ.
3421 5736 3473 5790 θ.

258 5798 458 5860 Suiccr.
482 5801 646 5861 Thes.
684 5798 720 5859 ε
758 5823 811 5879 ρ.
845 5798 979 5864 πεῖ
1051 5810 1096 5843 η
1132 5798 1245 5882 ήἋ
1284 5828 1297 5867 ς
1333 5812 1362 5863 ὁ
1396 5827 1457 5873 ς.
1535 5811 1576 5842 ’⁷
1606 5798 1750 5881 om
1786 5812 1828 5864 A
1861 5829 1874 5867 :
1920 5798 2161 5879 ἀταρχῆ
2185 5826 2245 5873 ς.
