3922 6242
419 327 519 391 199

1564 312 1823 374 ΡΗΟΤΙΙ
1857 309 2131 371 PATRIA
2144 308 2367 368 RCHZE
2396 310 2502 368 CP.

3577 303 3679 366 200

415 441 570 493 tavit.
617 434 965 503 Evangeliutn
1017 429 1106 485 cui
1139 429 1377 483 nondum
1411 427 1736 482 credebatur
1781 424 1982 495 praedi-

2102 421 2457 492 προσαχθῆναι
2476 415 3127 490 προσάγωνΕὑαγγέσλιον
3148 414 3428 485 κηρύττει
3451 414 3481 467 δ
3501 417 3577 483 μή
3599 431 3679 469 πω

420 530 584 591 cavit,
606 538 658 582 et
684 526 837 580 fratri
865 523 1016 593 prius
1040 537 1201 591 quam
1222 520 1476 591 disceret,
1495 518 1658 571 vitam
1692 516 1984 571 revelavit:

416 620 617 674 Tantas
667 616 745 670 i-lli
797 615 1015 667 divitias
1065 612 1157 665 illa
1208 609 1559 678 interrogatio
1614 607 1832 662 attulit:
1889 605 1988 659 Ubi

416 708 666 761 habitas?
726 704 1053 772 Quanquam
1125 706 1384 769 magnum
1447 698 1652 769 aliquid
1702 696 1989 766 responsio

419 800 623 863 habuit,
674 807 733 850 ut
777 796 1027 849 Andreas
1079 793 1247 846 menti
1308 792 1415 846 alte
1463 790 1695 858 inllgens
1764 788 1983 843 viderit.

428 890 574 954 Veni,
598 889 796 959 inquit,
831 900 877 940 et
907 888 1044 941 vide.
1086 885 1373 950 Quomodo
1399 883 1574 938 factus
1606 898 1664 939 es
1693 881 1991 952 propheta?

418 980 561 1033 unde
592 979 729 1033 adeo
778 977 1036 1030 divinus?
1065 976 1203 1041 Quid
1226 973 1377 1030 Petri
1411 974 1639 1027 auribus
1681 972 1990 1040 obstrepis?

416 1070 545 1139 quid
595 1068 860 1135 consequi
915 1067 1065 1120 illum
1122 1067 1361 1129 conaris,
1399 1080 1558 1134 quem
1597 1063 1794 1132 nequis
1839 1077 1990 1115 com-

416 1158 793 1231 prehendere?
822 1157 929 1223 Qui
957 1157 1157 1226 ubique
1189 1165 1294 1219 est,
1320 1154 1596 1225 quomodo
1632 1153 1862 1209 inveniri
1894 1167 1991 1222 po-

419 1251 561 1306 test?
602 1251 816 1304 Etenim
861 1249 1020 1305 scivit
1050 1249 1298 1303 Andreas
1341 1247 1474 1316 quid
1508 1246 1749 1300 diceret:
1784 1245 1992 1298 Inveni-

422 1361 544 1397 mus
574 1359 732 1412 quem
766 1341 999 1411 perdidit
1032 1341 1225 1404 Adam,
1250 1340 1339 1393 cui
1366 1338 1477 1393 Eva
1509 1340 1767 1393 damnum
1790 1337 1988 1401 attulit,

421 1451 583 1505 quem
624 1434 831 1503 peccati
877 1432 1075 1487 nebula
1104 1433 1172 1485 ab
1219 1431 1394 1486 oculis
1451 1429 1656 1485 nostris
1683 1428 1988 1487 abse0ndit,

422 1542 583 1596 quem
614 1527 974 1581 inobedientia
1000 1542 1028 1578 a
1055 1526 1212 1580 nobis
1240 1524 1518 1585 alienavit.
1550 1539 1712 1594 quem
1744 1522 1991 1591 quaesivit

422 1614 591 1668 David
633 1633 648 1670 :
684 1613 751 1667 In
804 1616 887 1669 die
927 1614 1288 1667 tribulationis
1321 1629 1449 1668 mea:
1488 1612 1657 1666 Deum
1689 1608 1986 1681 exquisivi‘

424 1713 478 1756 et
504 1701 812 1771 Sophonias
860 1700 1059 1754 clamat
1093 1718 1106 1754 :
1154 1699 1387 1764 Quwrite
1423 1700 1591 1754 Deum
1626 1715 1802 1755 omnes
1842 1715 1993 1750 man-

421 1795 554 1847 sueti
627 1804 780 1847 terra;
842 1795 889 1848 ε.
966 1792 1245 1848 Percussit
1336 1807 1437 1849 nos
1502 1794 1684 1857 Deus,
1770 1793 1991 1862 quando

424 1887 691 1939 Adamum
762 1885 829 1939 ad
900 1894 1129 1939 mortem
1198 1884 1595 1954 molestamque
1664 1886 1831 1939 vitam
1862 1898 1992 1937 con-

428 1976 707 2030 demnavit
766 1993 779 2029 :
832 1975 1056 2029 Sanavit
1113 1992 1247 2041 nos,
1295 1979 1608 2044 percussit,
1657 1986 1707 2030 et
1786 1976 1991 2030 curavit

427 2082 519 2119 nos
555 2062 604 2119 b.
643 2065 872 2132 Quando
904 2066 1203 2122 cruciﬁxus
1236 2082 1335 2136 pro
1382 2068 1602 2138 populo,
1645 2068 1905 2136 languore
1940 2076 1993 2121 et

427 2157 837 2211 resurlcctione
908 2172 1098 2212 omnes
1161 2159 1395 2213 sanavit.
1460 2156 1651 2213 Nudus
1716 2158 1770 2213 in
1832 2172 1995 2213 cruce

428 2248 672 2303 Christus
716 2249 989 2319 pependit,
1028 2250 1236 2315 insons,
1272 2259 1422 2305 veste
1452 2264 1561 2304 non
1609 2250 1876 2321 indigens.
1910 2249 1996 2303 ln-

430 2361 631 2398 nocens
661 2342 783 2408 fuit,
821 2352 875 2397 et
910 2342 1139 2396 multam
1171 2343 1460 2399 manifesto
1496 2344 1751 2414 dependit
1792 2362 1804 2397 :
1836 2343 1893 2398 ln
1929 2360 1995 2399 eo

430 2435 631 2489 [ωιίιιιη
668 2434 801 2488 nihil
842 2433 993 2489 fuit:
1044 2435 1159 2503 ipse
1205 2436 1351 2490 enim
1398 2445 1640 2492 nostram
1696 2436 1993 2492 foeditatem

432 2526 486 2579 in
510 2538 764 2580 ornatum
790 2528 1082 2581 convertit.
1111 2525 1438 2583 Invenerunt
1464 2540 1739 2599 unguenta
1761 2528 1997 2586 ferentes

431 2618 714 2685 mulieres,
765 2619 911 2687 quod
957 2634 1054 2687 per
1084 2618 1252 2672 Evam
1306 2621 1620 2675 amiserant.
1667 2620 1876 2675 Invenit
1923 2621 1999 2673 lu-

431 2724 585 2762 crum
632 2723 753 2777 quae
786 2724 961 2777 pcenae
1010 2724 1234 2764 causam
1275 2710 1546 2766 dederat:
1603 2709 1781 2765 Veniet
1829 2710 1997 2774 nobis,

433 2806 491 2850 ut
523 2799 817 2851 matutinus
835 2807 882 2851 et
931 2801 1187 2852 serotinus
1215 2808 1367 2853 terra:
1403 2801 1446 2857 ί.
1478 2800 1672 2869 Aspice
1703 2801 1868 2871 igitur
1894 2800 2001 2856 Do-

436 2889 666 2954 minum,
701 2897 823 2957 post
848 2892 1304 2945 resurrectionem
1334 2907 1493 2947 mane
1515 2893 1853 2958 mulieribus,
1879 2910 2003 2950 ves-

438 2978 552 3046 peri
603 2979 884 3048 Apostolis
921 2988 1290 3050 apparentem.
1324 2981 1482 3039 Mane
1531 2986 1751 3054 quidem
1804 2987 2000 3041 mulie-

2089 513 2464 565 πεπίστευται·
2485 512 2616 581 πρὶν
2638 509 2828 579 μαθεῖν
2849 507 2927 576 τῷ
2942 505 3153 576 ἀδελφῷ
3168 503 3569 559 ἀποκαλύπτει
3587 506 3679 576 τὴν

2088 606 2253 674 ζωήν·
2276 605 2527 657 τοσοῦτον
2542 602 2691 670 αὑτῷ
2707 600 2935 654 πλοῦτον
2949 602 2982 670 ἡ
2999 600 3090 654 τοῦ
3110 600 3232 653 Ποῦ
3246 598 3469 669 μένεις
3496 601 3542 631 ’⁸
3554 601 3681 670 ἐρώ-

2087 713 2243 765 τησις
2273 696 2635 765 ²⁹ὲχαρίσατο.
2658 694 2852 746 Καίτοι
2868 692 2921 744 τί
2939 693 3079 762 μέγα
3115 686 3268 761 εἶχεν
3309 691 3347 759 ἡ
3380 689 3672 760 ἀπόκρισις

2088 782 2199 840 οἷον
2215 788 2463 858 Ἀνδρέας
2485 784 2804 855 ἐμϐαθύνων
2821 783 2911 836 τὸν
2934 781 3058 835 νοῦν
3076 781 3408 852 ἐθεώρησεν
3429 797 3445 811 ο
3464 781 3681 849 Ἔρχου

2088 882 2198 951 γάρ
2214 896 2368 949 φησι,
2414 879 2513 931 καὶ
2546 876 2655 930 ἴδε.
2688 877 2812 939 Πῶς
2837 875 3066 943 γέγονας
3087 874 3132 907 ⁸⁰
3154 874 3500 944 προφήτης;
3528 872 3681 925 πόθεν

2092 976 2346 1043 θεοφόρος
2368 972 2559 1042 ἀθρόον
2581 990 2596 1038 ;
2616 972 2667 1024 τί
2693 968 2942 1040 θορυὸεἴς
2970 967 3063 1020 τοῦ
3095 968 3313 1039 Πέτρου
3350 965 3456 1028 τάς
3475 965 3643 1029 ἀκοάς
3667 982 3679 1027 ;

2089 1069 2143 1120 τί
2176 1067 2379 1137 φθάσαι
2429 1064 2701 1129 σπεύδεις,
2731 1063 2790 1117 ὃν
2818 1063 2880 1116 οὐ
2910 1061 3041 1134 δύνῃ
3079 1060 3324 1131 φθάσαι;
3354 1061 3385 1113 6
3410 1059 3679 1129 πανταχοῦ

2091 1158 2281 1228 παρὼν
2329 1155 2445 1219 πῶς
2474 1193 2477 1196 ι
2501 1156 2786 1227 εὑρεθῆναι
2840 1152 3063 1207 δύναται
3092 1168 3107 1214 ;
3162 1150 3311 1203 ἀλλὰ
3340 1150 3459 1220 γάρ
3486 1144 3625 1202 οἶδεν
3656 1151 3682 1202 6

2104 1251 2354 1321 Ἀνδρέας
2378 1249 2597 1317 ὃλέγει.
2629 1248 2962 1318 Εὑρήκαμεν
2997 1244 3057 1297 ὃν
3084 1242 3379 1295 ἀπώλεσεν
3418 1242 3449 1292 ὁ
3496 1239 3677 1310 Ἀδὰμ,

2089 1341 2149 1395 ὃν
2182 1340 2464 1410 ἐζημιώθη
2496 1342 2529 1410 ή
2579 1339 2709 1403 Εὕα,
2741 1339 2799 1391 ὃν
2830 1340 2865 1407 ὴ
2894 1335 3092 1405 νεφέλη
3125 1336 3225 1403 τῆς
3260 1333 3557 1404 ἁμαρτίας
3580 1334 3679 1386 ἀπὸ

2089 1434 2198 1487 τῶν
2227 1432 2521 1503 ὀφθαλμῶν
2548 1432 2657 1484 τῶν
2694 1430 2979 1501 ἡμετέρων
3013 1427 3278 1496 ἔκρυψεν,
3328 1426 3393 1478 ὃν
3424 1424 3681 1495 ἐχώρισεν

2090 1529 2122 1595 ἠ
2134 1526 2247 1595 μῶν
2280 1527 2313 1594 ἠ
2342 1522 2614 1594 παρακοὴ,
2651 1522 2708 1575 ὃν
2736 1522 2918 1591 ἐζήτει
2948 1519 3140 1572 Δαϐίδο
3192 1519 3297 1571 Ἐν
3329 1517 3531 1585 ἡμέρᾳ
3560 1518 3677 1572 θλί-

2090 1616 2250 1685 ψεώς
2272 1633 2391 1684 μου
2449 1614 2556 1667 τὸν
2615 1612 2763 1666 Θεὸν
2793 1608 3145 1678 ἐξεζήτησα.
3184 1607 3329 1670 Καὶ,
3376 1605 3679 1673 Ζητήσιιτε

2091 1708 2198 1761 τὸν
2226 1708 2463 1774 Κύριον,
2495 1704 2755 1773 Σοφονίας
2807 1703 2925 1772 βοᾷ,
2962 1700 3187 1765 πάντες
3241 1698 3529 1753 ταπεινοὶ
3554 1697 3674 1767 γῆς.

2094 1802 2367 1852 Πέπαικεν
2390 1798 2539 1866 ἡμᾶς
2566 1799 2593 1848 6
2621 1795 2774 1857 Θεὸς,
2826 1794 2987 1862 ἡνίκα
3020 1791 3115 1844 τοῦ
3150 1791 3333 1861 Ἀδὰμ.
3363 1789 3675 1844 κατεδίκασε

2094 1891 2318 1943 θάνατον
2345 1890 2438 1941 καὶ
2475 1888 2587 1956 βίον
2613 1886 2887 1938 ἐπίπονον·
2919 1883 3157 1937 ’Ῑάσατο
3177 1882 3250 1935 δὲ
3283 1883 3388 1936 καὶ
3415 1880 3673 1944 πατάξας

2092 1983 2413 2052 ἐμότωσεν,
2453 1980 2541 2032 ὅτε
2575 1977 2910 2047 σταυρωθεις
2936 1975 3077 2046 ὑπὲρ
3101 1974 3196 2028 τοῦ
3220 1975 3429 2043 γένους
3458 1972 3539 2043 τῷ
3582 1971 3675 2041 μώ-

2094 2074 2236 2126 λωπι
2286 2070 2451 2123 αὑτοῦ
2485 2070 2626 2123 κατά
2665 2069 2755 2121 τὸν
2807 2067 3035 2120 Ἦσαῖαν
3081 2065 3176 2119 καὶ
3203 2068 3275 2136 τῇ
3308 2065 3605 2118 ἀναστάσει
3632 2063 3669 2094 ³¹

2094 2164 2301 2224 πάντας
2357 2161 2567 2215 ἰάσατο.
2606 2158 2817 2229 Γυμνὸς
2862 2159 2956 2211 ἐπὶ
2976 2156 3071 2211 τοῦ
3108 2156 3357 2227 σταυροῦ
3382 2154 3674 2224 ὸΧριστὸς

2095 2256 2327 2324 ἀνήγετο
2353 2270 2368 2285 ο
2438 2251 2715 2323 ἁμαρτίαν
2781 2250 2894 2320 γὰρ
2921 2250 3021 2301 οὐκ
3062 2247 3202 2317 ἔχων
3238 2248 3484 2317 ἱματίων
3517 2247 3559 2278 ³⁸
3586 2247 3671 2298 οὐκ

2096 2346 2348 2418 ἔχρῃζεν.
2410 2347 2675 2414 Ἀμωμος
2720 2337 2789 2413 ἦν
2815 2342 2911 2394 καὶ
2954 2340 3246 2393 λανθάνειν
3280 2340 3388 2392 οὐκ
3433 2339 3668 2405 ὤφειλεν.

2099 2438 2271 2490 Οὐθὲν
2293 2437 2337 2468 ⁸³
2362 2431 2433 2506 ἦν
2451 2436 2700 2504 ἄσχημον
2730 2433 2879 2505 αὐτῷ
2895 2449 2908 2463 ⁸
2936 2433 3097 2496 αὐτὸς
3117 2434 3227 2503 γὰρ
3252 2435 3287 2503 ἡ
3296 2434 3417 2503 μῶν
3432 2434 3498 2485 τὰ
3521 2434 3671 2501 ἀσχῆ-

2102 2547 2238 2599 μονα
2286 2529 2599 2598 εὐσχήμονα
2664 2525 2955 2579 δείκνυσιν.
3015 2520 3185 2595 Εὗρον
3246 2527 3307 2579 ai
3366 2526 3668 2595 μυροφόροι,

2098 2622 2233 2692 ὅπερ
2275 2620 2363 2673 διὰ
2395 2620 2495 2689 τῆς
2553 2617 2695 2682 Εὔας
2744 2616 3035 2673 ἀπώλεσαν
3072 2633 3087 2647 ⁸
3132 2611 3265 2688 εὗρε
3317 2618 3380 2670 τὸ
3428 2617 3667 2686 κέρδοςή

2100 2710 2457 2782 παρασχοῦσα
2509 2712 2610 2780 τῆς
2654 2709 2859 2780 ζημίας
2900 2709 2999 2779 τὴν
3028 2709 3315 2763 ὑπόθεσιν.
3346 2708 3517 2773 ’Ἥξει
3543 2706 3668 2774 ἡμῖν

2098 2804 2180 2869 ὡς
2201 2802 2378 2869 ὑετὸς
2404 2802 2665 2871 πρώτμος
2704 2800 2801 2855 καὶ
2833 2801 3074 2871 ὄψιμιος
3102 2800 3177 2868 τῇ
3206 2800 3311 2871 γῇ.
3342 2802 3487 2867 Ὅρα
3511 2800 3667 2851 τοίνυν

2100 2895 2191 2947 τὸν
2224 2893 2425 2964 Κύριον
2448 2893 2588 2964 μετά
2614 2894 2713 2962 τὴν
2742 2893 3034 2946 ἀνάστασιν
3071 2892 3332 2963 πρώῖμον
3356 2896 3477 2954 ταῖς
3501 2909 3668 2958 γυναιο

2105 2985 2204 3050 ξίν,
2248 2986 2445 3056 δψψον
2489 2986 2599 3047 τοῖς
2639 2984 2960 3047 ἀποστόλοις
3002 2985 3360 3054 φαινόμενον.
3405 2981 3553 3052 Πρωῒ
3583 2981 3667 3051 μὲν

436 3071 612 3133 ribus,
635 3074 819 3136 Avete,
851 3074 1060 3142 vesperi
1092 3075 1145 3127 in
1179 3076 1394 3131 civitate
1426 3076 1555 3132 Sion
1600 3092 1789 3148 pacem
1821 3079 2000 3135 disci-

2104 3080 2209 3149 γὰρ
2242 3082 2360 3141 ταῖς
2388 3078 2626 3147 γυναιξὶ,
2646 3077 2898 3147 Χαίρετε,
2935 3076 3032 3147 ὀψὲ
3064 3078 3120 3130 δὲ
3166 3079 3228 3129 ἐν
3272 3081 3341 3149 τῇ
3376 3076 3514 3129 Σιὼν
3536 3075 3667 3144 εἰρή-

438 3163 579 3230 pulis
608 3164 966 3218 denuntiavit.
1002 3165 1109 3221 Illis
1137 3167 1356 3237 quidem
1397 3178 1457 3225 ut
1503 3184 1793 3226 maerorem
1827 3173 2002 3227 deter-

438 3263 629 3323 geret:
660 3255 743 3310 his
787 3273 916 3311 vero
963 3269 1023 3312 ut
1056 3259 1290 3314 solveret
1327 3261 1664 3333 inimicitias,
1700 3280 1838 3333 quas
1889 3281 2006 3319 ser-

441 3361 573 3412 pens
633 3348 838 3403 invexit
872 3366 884 3402 :
932 3348 1009 3403 Tu
1050 3353 1316 3405 vocaberis
1372 3326 1613 3420 Cepltztst'
1664 3372 1678 3409 :
1713 3363 1841 3408 ante
1875 3369 2007 3410 con-

446 3439 735 3493 fessionem
760 3457 990 3505 merces,
1022 3452 1314 3512 antequam
1335 3444 1390 3497 in
1416 3446 1573 3501 vinea
1599 3446 1885 3513 laboraris,
1912 3448 2005 3501 de-

444 3533 656 3583 narium
675 3533 950 3601 accepisti.
980 3535 1285 3603 Antequam
1316 3552 1465 3590 aram
1488 3538 1728 3607 tetigeris
1762 3558 1775 3592 :
1806 3539 2001 3609 4986

446 3620 772 3674 sacrificium
814 3621 955 3676 Deus
995 3626 1236 3693 suscepit
1270 3641 1285 3677 :
1318 3636 1610 3695 antequam
1656 3630 2003 3697 praedicares,

445 3722 702 3761 coronam
737 3709 1012 3778 accepisti.
1048 3709 1325 3767 Mendicos
1369 3722 1422 3767 et
1455 3714 1703 3769 indoctos
1751 3717 2005 3772 Christus

445 3796 625 3864 elegit.
659 3797 775 3866 Ipsa
806 3801 1069 3868 sapientia
1104 3813 1370 3871 patronos
1399 3819 1504 3858 non
1537 3808 1751 3874 quaerit,
1781 3809 1873 3863 sed
1903 3810 2005 3863 mi-

443 3886 664 3941 nistros.
706 3888 876 3943 Nemo
924 3892 1017 3945 dat
1057 3894 1350 3963 quidquam
1398 3897 1499 3961 illi,
1540 3899 1610 3953 ab
1662 3900 1777 3969 ipsa
1825 3910 2003 3955 autem

443 3992 633 4032 omnes
664 3981 848 4035 omnia
876 3984 1197 4054 accipimus.

1097 4249 1345 4307 CCLXX.

451 4347 530 4402 E1:
568 4348 768 4405 Joanni
789 4352 1147 4424 Chrysostomi
1194 4364 1429 4416 oratione
1462 4364 1515 4417 in
1538 4364 1715 4420 divum
1744 4368 1998 4424 Paulum.

518 4436 677 4492 Lecta
711 4455 779 4493 ex
807 4441 1033 4500 Joannis
1078 4444 1452 4518 Chrysostomi
1493 4454 1741 4510 oratione
1772 4457 1827 4511 in
1866 4458 2005 4511 divi-
2041 4430 2086 4487 θ

445 4540 576 4578 num
617 4526 867 4583 Paulum.

523 4617 678 4674 Venit
728 4623 1071 4679 Antiochiam
1119 4626 1356 4695 Paulus,
1398 4640 1453 4687 et
1513 4641 1719 4688 tantam
1769 4637 2011 4692 ﬁdelium

448 4711 658 4781 c0piam
707 4713 992 4781 plantavit,
1034 4727 1090 4771 ut
1139 4721 1376 4789 primum
1432 4722 1869 4783 Christianorum
1911 4745 2013 4783 no-

448 4822 568 4859 men
598 4806 899 4861 Antiochia:
928 4808 1244 4865 emeruerit.
1282 4812 1509 4870 Divinus
1536 4818 1624 4872 ille
1666 4830 1851 4876 noster
1889 4837 2015 4876 ora-

449 4908 554 4962 tor,
592 4913 659 4951 ex
692 4898 1042 4970 inscriptione
1072 4918 1179 4959 arae
1208 4906 1550 4963 occasionem
1579 4913 1799 4981 capiens
1828 4915 2018 4971 dicen-

446 4990 521 5051 di,
556 5005 822 5059 suamque
850 5007 880 5045 e
932 4992 1192 5048 daemonis
1248 4996 1441 5051 litteris
1483 5000 1765 5056 veritatem
1816 5005 2016 5058 conﬁr-

449 5093 626 5145 mans,
679 5078 988 5135 doctrinam
1046 5084 1319 5152 producit.
1368 5087 1639 5146 PosuiSIis
1688 5093 1827 5148 hanc
1865 5109 2017 5149 aram

525 5300 546 5324 υ
590 5288 746 5343 Joan.
797 5306 836 5355 ι,
881 5290 968 5346 '59.
1011 5290 1030 5329 τ
1088 5293 1228 5350 Psal.
1288 5312 1470 5364 LXXVI,
1500 5300 1555 5356 2.
1584 5300 1610 5339 ⁸
1642 5300 1806 5373 Soph.
1862 5321 1925 5373 ιι,
1976 5305 2029 5359 5.

2105 3188 2203 3240 νην
2224 3173 2335 3232 τοῖς
2368 3169 2634 3240 μαθηταῖς
2677 3167 3093 3238 προσεφώνησε,
3124 3170 3249 3232 ταῖς
3278 3169 3400 3238 μὲν,
3434 3169 3517 3221 ἵνα
3547 3164 3663 3232 λύσῃ

2103 3261 2203 3330 τὴν
2247 3259 2524 3327 ἀπόφασιν
2567 3258 2668 3327 τῆς
2730 3258 2928 3328 λύπης,
2976 3262 3087 3323 τοῖς
3130 3259 3211 3324 δὲ,
3281 3261 3371 3313 ἵνα
3415 3258 3538 3331 [812
3584 3254 3662 3309 HJ

2105 3349 2386 3421 καταλύσῃ
2430 3352 2529 3420 τὴν
2579 3350 2802 3421 ἔχθραν,
2848 3353 2914 3421 ἣν
2942 3353 2970 3405 6
3011 3352 3233 3421 δράκων
3283 3350 3647 3419 ἐκακούργησε

2105 3443 2190 3496 Σὺ
2225 3442 2504 3511 κληθήσῃ
2533 3443 2762 3511 Κηφᾶς.
2798 3444 2912 3513 Πρὸ
2956 3444 3057 3514 τῆς
3086 3445 3385 3514 ὁμολογίας
3410 3446 3438 3497 6
3462 3441 3661 3513 μισθός·

2107 3533 2238 3604 πρὶν
2289 3534 2499 3606 ἐργάσῃ
2565 3533 2655 3587 τὸν
2693 3534 3010 3603 ἀμπελῶνα,
3033 3535 3091 3587 τὸ
3138 3534 3402 3606 δηνάριον
3454 3530 3628 3589 ἔλαϐες

2106 3628 2235 3695 πρὶν
2264 3624 2490 3692 ἀνάψεις
2516 3623 2563 3655 ³⁸
2583 3625 2674 3676 τὸν
2703 3624 2906 3694 βωμὸν,
2931 3626 3029 3694 τὴν
3058 3626 3255 3680 θυσίαν
3288 3623 3621 3696 προσδέδεξαι
3649 3634 3659 3649 ⁸

2108 3714 2237 3783 πρὶν
2255 3713 2532 3783 κηρύξεις,
2554 3713 2955 3784 ἐστεφανώθης.
2988 3717 3245 3786 Πτωχοὺς
3276 3719 3371 3770 καὶ
3387 3712 3661 3786 ἀγραμμά-

2107 3817 2231 3861 τους
2260 3802 2288 3853 ὀ
2315 3802 2549 3870 Χριστὸς
2590 3801 2892 3866 ἐξελέξατο.
2941 3803 3005 3856 ’Π
3039 3806 3201 3873 σοφία
3249 3807 3359 3877 γὰρ
3404 3805 3464 3857 οὐ
3494 3801 3659 3875 χρῄζει

2109 3892 2448 3963 συνηγόρων,
2493 3893 2610 3946 ἀλλ’
2653 3896 2972 3964 ὑπηρετῶνο
3008 3897 3183 3961 οὐδεὶς
3207 3899 3319 3968 γὰρ
3366 3898 3513 3950 οὐδὲν
3543 3894 3661 3959 αὐτῇ

2108 3984 2364 4053 παρέχει,
2383 3983 2514 4055 παρ’
2562 3985 2731 4055 αὐτῆς
2757 3988 2811 4039 δὲ
2854 3988 3053 4052 πάντες
3086 3990 3181 4043 καὶ
3212 3991 3389 4045 πάντα
3421 3985 3660 4058 λαμϐάνο-

2110 4090 2232 4144 μεν.

2848 4261 2941 4312 ΣΟ¹
2951 4300 2965 4313 .

2118 4368 2229 4421 Τοῦ
2266 4369 2697 4437 Χρυσοστόμου
2723 4370 2791 4423 ἐκ
2822 4371 2927 4425 τοῦ
2951 4374 3037 4436 εἰς
3060 4372 3165 4425 τὸν
3204 4372 3377 4441 ἅγιον
3420 4366 3657 4422 Παῦλον.

2199 4459 2537 4533 Ἀνεγνώσθη
2570 4463 2663 4515 τοῦ
2694 4465 3083 4535 Χρυσοστὸμου
3110 4468 3174 4519 ἐκ
3202 4464 3296 4518 τοῦ
3318 4464 3397 4525 είς
3418 4459 3508 4513 τὸν
3529 4458 3660 4524 ἅγιον

2117 4553 2349 4610 Παῦλον.

2188 4642 2392 4700 Ἦλθεν
2425 4650 2504 4713 εἰς
2540 4650 2638 4718 τὴν
2672 4649 2948 4719 Ἀντιόχου
2983 4649 3135 4701 πόλιν
3160 4652 3188 4703 6
3221 4648 3449 4709 Παῦλος,
3479 4641 3568 4696 καὶ
3588 4654 3661 4690 τοι

2122 4738 2312 4793 σοῦτον
2342 4742 2547 4810 πλῆθος
2592 4742 2797 4795 πιστῶν
2830 4743 3178 4812 ἐγεώργησεν
3211 4744 3286 4805 ὡς
3319 4732 3660 4811 προσηγορίαν

2119 4830 2220 4898 τὴν
2253 4831 2296 4863 ³⁵
2334 4833 2443 4884 τῶν
2484 4835 2825 4902 Χριστιανῶν
2864 4835 2985 4887 τότε
3015 4836 3226 4904 πρῶτον
3265 4834 3323 4886 ἐν
3355 4831 3483 4898 αὐτῇ
3516 4822 3658 4887 ἀνθῆ⁶

2126 4936 2237 4973 σαι.
2269 4920 2485 4990 Ταύτην
2508 4922 2685 4976 τοίνυν
2713 4924 2777 4976 ἐκ
2807 4924 2903 4993 τῆς
2926 4924 3235 4993 ἐπιγραφῆς
3260 4919 3355 4974 τοῦ
3383 4912 3557 4988 βωμοῦ
3577 4910 3660 4974 τὴν

2129 5012 2382 5082 ἀφορμὴν
2416 5013 2593 5067 λαϐὼν
2628 5016 2657 5066 ὁ
2685 5016 3053 5084 πνευματικὸς
3084 5015 3242 5084 ἡμῶν
3278 5014 3458 5084 ῥήτωρ
3486 5006 3572 5074 τὴν
3595 5001 3659 5053 οἱα

2130 5102 2282 5154 κείαν
2314 5104 2639 5173 παρεισάγει
2677 5105 3049 5170 διδασκαλίαν,
3086 5108 3149 5159 ἐκ
3174 5106 3282 5159 τῶν
3308 5102 3401 5157 τοῦ
3439 5101 3482 5131 ³⁸
3507 5091 3659 5149 διαδ⁶⁴

2139 5307 2166 5348 ιι
2198 5305 2298 5363 lsa.
2322 5325 2441 5373 LIII,
2476 5312 2528 5368 6.
2567 5311 2583 5349 ί
2618 5311 2752 5367 Gen.
2791 5329 2865 5377 vr,
2900 5315 2955 5368 5.
3052 5315 3065 5363 l
3108 5313 3262 5369 Joan.
3302 5327 3341 5377 ι,
3370 5308 3455 5362 42.

1761 5481 1998 5538 VARl/E
2040 5484 2452 5545 LECTIONES.

526 5582 581 5681 Ῐῗ.
607 5584 708 5681 Ti"?
740 5588 1196 5681 .‘fél’f‘i’93“'.."
1374 5596 1440 5681 .²⁹
1472 5597 1738 5681 έῇώῗηεὲιέ
1763 5602 1802 5655 Α
1841 5603 2178 5681 ³.-ἀπέκρέιξις
2204 5626 2264 5671 ςο
2340 5610 2383 5681 ³9
2406 5610 2523 5672 πῶς
2554 5610 2659 5680 γὰρ
2691 5610 2811 5681 γέγο
2853 5629 2912 5677 ς·
2989 5613 3032 5644 ³⁸
3070 5625 3341 5680 ανασταση
3372 5625 3427 5671 ς·
3496 5596 3638 5681 ³9μὲ

612 5654 653 5753 li
686 5673 698 5710 :
740 5653 952 5728 ἱμάτιον
982 5679 1039 5726 ς.
1118 5662 1161 5696 ³³
1184 5653 1339 5719 ὀὐδὲν
1359 5666 1423 5723 A.
1502 5653 1547 5700 ⁵⁸
1585 5653 1807 5742 adieci;
2350 5653 2683 5753 av'EEEné'E.

452 5723 574 5776 add.
618 5725 681 5777 A.

2772 5658 2813 5715 δέ
2847 5658 3439 5756 seuerissime.
3509 5658 3650 5716 δοξοθ
