3922 6242
157 235 256 298 ⁸201
1123 238 1643 300 ΒΙΒΙᾸΟΤΗΕΟΑ.
1687 266 1751 274 -

1878 241 1998 301 DD.
2031 241 2292 315 CCLXX,
2328 241 2623 302 CCLXXI.
3315 244 3424 308 $02

158 338 250 400 λου
295 343 640 415 γραμμάτων
683 346 1040 415 πιστούμενος
1079 346 1178 416 τὴν
1216 346 1496 416 ἀλήθειαν.
1543 347 1735 415 Βωμὸν

1877 348 1918 402 ic
1972 347 2317 402 inscribendo
2353 366 2365 399 ι
2407 347 2594 418 Ignoto
2650 344 2782 411 Deo,
2836 362 2994 416 quem
3043 363 3146 422 ego
3197 350 3426 410 veniens

159 437 496 504 ἀνεστήσατε
523 433 612 487 διὰ
667 434 766 502 τῆς
794 434 1105 504 ἐπιγραφῆς
1133 435 1209 498 ὼς
1238 434 1352 488 ἔστι
1390 433 1520 498 Θεδς
1549 435 1737 506 ἔτερος

1878 436 2110 493 nnuntio
2141 436 2315 492 vobis.
2345 432 2390 491 0
2415 452 2528 491 rem
2558 435 2789 493 novam!
2823 439 2932 494 Ara
2955 439 3194 507 diaboli,
3219 442 3422 500 Christi

159 525 524 595 ἀγνοούμενος
547 542 560 555 ·
595 523 784 577 τοῦτον
803 523 924 595 ἧκω
945 522 1232 596 κηρύττων
1256 525 1386 595 ἐγώ.
1417 528 1480 582 Ὦ
1502 527 1740 599 παραδό-

1877 545 2021 587 ausa:
2048 531 2383 600 patrocinata
2411 540 2513 584 est.
2549 527 2839 599 Inscriptio
2865 531 3070 587 erroris
3106 534 3325 588 veritati
3346 543 3428 590 te-

160 617 263 681 ξων
293 617 637 688 πραγμάτων
669 617 686 670 ι
719 616 808 668 τὸν
840 615 1027 686 βωμὸν
1042 616 1134 670 τοῦ
1163 618 1411 672 διαϐόλου
1440 621 1739 690 συνήγορον

1877 623 2158 676 timonium
2187 621 2437 691 praebuit,
2462 618 2670 676 fraudis
2709 620 2955 675 fraudem
2978 625 2992 643 ‘
3009 623 3308 691 detegendo
3332 640 3431 694 pu-

159 709 431 778 τιεεποίηκε
475 707 570 760 τοῦ
601 707 872 778 Χριστοῦ·
919 708 980 760 τδ
1011 706 1109 776 τῆς
1161 709 1370 779 πλάνης
1406 710 1742 782 ἐπίγραμμα

1877 712 2086 767 ιιίοονὶι.
2146 712 2284 766 Cum
2332 711 2722 780 pr0phetarum
2784 711 3005 765 oracula
3057 714 3423 771 Athenienses

161 799 303 867 ὑπὲρ
329 799 428 866 τῆς
447 796 708 867 ἀληθείας
750 797 1048 867 ἐφθέγγετο
1086 813 1100 827 ⁸
1141 798 1303 870 [1489
1338 797 1432 871 R.]
1463 800 1526 852 Ἦ
1559 800 1728 871 στήλη

1881 817 1951 856 on
1985 809 2262 870 caperent,
2287 815 2380 854 ara
2406 809 2459 853 et
2483 799 2768 868 inscriptio
2800 798 3109 855 daemonum
3144 801 3299 857 Pauli
3334 820 3425 860 sa-

156 889 254 958 τῆς
279 889 498 960 ἀπάτης
523 889 872 958 ὲστηλίτευσε
903 891 1003 960 τὴν
1023 889 1259 960 ἀπάτην.
1304 890 1520 961 Ἐπειδὴ
1546 893 1613 944 τά
1637 891 1746 944 τῶν

1881 891 2043 945 ientia
2075 907 2259 946 verum
2294 889 2387 945 Dei
2419 888 2624 944 cultum
2656 890 3024 946 annuntiavit.
3065 891 3249 948 Doluit
3297 909 3431 950 sane

158 977 460 1048 προφητῶν
531 975 837 1047 Ἀθηναίοις
895 972 964 1048 ἦν
1018 978 1454 1049 δυσπαράδεκτα,
1491 981 1520 1032 ὁ
1552 979 1736 1048 βωμὸς

1881 996 2079 1044 annon,
2128 983 2316 1036 videns
2362 981 2604 1051 argutias
2683 996 2814 1036 suas
2859 981 2915 1034 in
2966 981 3162 1037 Christi
3213 984 3428 1040 laudem

158 1073 258 1125 καὶ
307 1071 379 1124 τὰ
411 1073 721 1141 γράμματα
763 1069 872 1122 τῶν
917 1070 1187 1140 δαιμόνων
1223 1073 1288 1140 τῇ
1337 1069 1496 1140 σοφίᾳ
1530 1070 1745 1123 Παύλου

1880 1086 2164 1127 onversas.
2184 1071 2452 1143 ingemuit
2478 1071 2754 1142 aspiciens
2786 1072 3014 1127 Paulum
3037 1073 3229 1128 ducem
3257 1090 3432 1143 quon:

157 1165 439 1232 ἔκήρυσσε
462 1161 562 1232 τὴν
591 1160 896 1213 εὐσέϐειαν.
928 1161 1186 1228 Είστήκει
1210 1159 1427 1231 θρηνῶν
1448 1163 1475 1214 6
1504 1160 1748 1225 διάϐολος

1877 1168 1973 1218 iam
2005 1181 2162 1219 suum
2193 1173 2384 1219 contra
2421 1179 2481 1220 se
2522 1173 2846 1231 certantem,
2885 1166 3233 1235 propriisque
3267 1165 3433 1220 armis

152 1254 306 1324 ὁρῶν
343 1252 508 1307 αὑτοῦ
536 1252 606 1305 τὰ
658 1253 968 1322 σοφίσματα
1001 1252 1141 1322 ὑπὲρ
1170 1252 1410 1324 Χριστοῦ
1431 1253 1752 1322 ῥητορεύον-

1877 1265 2309 1311 irosternentem.

154 1365 246 1399 τα.
297 1343 549 1397 Ἑπένθει
596 1342 810 1414 βλέπων
864 1343 955 1397 τὸν
995 1343 1159 1396 αὐτοῦ
1212 1344 1256 1375 ³⁷
1287 1344 1516 1414 ἀριστέα
1554 1343 1764 1399 Παῦλον
1803 1345 1926 1400 κατ’
1962 1346 2127 1402 αὐτοῦ
2186 1345 2612 1418 στρατηγοῦντα,
2673 1348 2767 1400 καὶ
2823 1349 2936 1410 τοῖς
2982 1349 3203 1413 οἰκείοις
3249 1348 3434 1412 ὅπλοις

152 1439 330 1494 αὐτὸν
356 1437 786 1492 καταδάλλοντα.

877 1529 1020 1582 ΣΟΑ¹⁹
1031 1566 1042 1582 .

164 1622 282 1675 Τοῦ
320 1622 654 1694 Ἀστερίου,
689 1622 1024 1694 amandarat:
1054 1621 1376 1694 Ἀμασείας
1405 1639 1746 1694 προτρεπτι-

590 1693 698 1756 κὸς
733 1693 821 1756 εἰς
855 1691 969 1758 τὴν
993 1691 1334 1760 μετάνοιαν.

248 1780 596 1850 ’Δνεγνωσθη
623 1780 718 1833 τοῦ
748 1780 794 1812 ³⁸
833 1780 1104 1851 μακαρίου
1120 1781 1420 1853 Ἀστερίου,
1455 1785 1752 1839 ἐπισκόπου

174 1875 501 1944 Ἀμασείας,
528 1875 592 1926 ἐκ
622 1872 715 1926 τοῦ
741 1873 1140 1944 προτρεπτικοῦ
1157 1874 1236 1937 είς
1267 1875 1365 1944 τὴν
1382 1876 1425 1908 ³⁸
1443 1878 1754 1946 μετάνοιαν.

248 1966 308 2019 ’0
347 1965 531 2018 τοίνυν
574 1964 810 2027 Λουκᾶς,
845 1965 874 2017 6
897 1964 1060 2017 πλέον
1089 1966 1197 2018 τῶν
1230 1966 1417 2036 ψυχῶν
1445 1967 1478 2038 ἢ
1507 1967 1616 2021 τῶν
1651 1986 1757 2022 σω-

164 2059 362 2127 μάτων
388 2055 577 2126 ίατρὺς
600 2053 761 2108 αὑτὸν
791 2056 822 2124 ἡ
833 2053 951 2124 μῶν
979 2054 1069 2108 τὸν
1093 2054 1226 2108 Θεὸν
1253 2057 1347 2108 καὶ
1378 2057 1608 2128 Σωτῆρα
1630 2059 1759 2111 ἀνα-

158 2152 372 2222 γράφει
394 2148 882 2217 συγγνωμονικῶς.
903 2150 1014 2212 τοῖς
1041 2151 1510 2220 κατεγνωσμένοις
1529 2167 1758 2202 συνανα-

165 2243 568 2314 στρεφόμενοι),
605 2241 705 2310 οὐχ
754 2241 838 2294 ἵνα
875 2259 928 2294 τι
953 2241 1238 2313 προσλάϐῃ
1270 2242 1368 2312 τῆς
1401 2242 1626 2296 ἐκείνων
1655 2260 1757 2295 κα-

165 2337 318 2398 κίας,
354 2331 474 2386 ἀλλ’
509 2332 598 2385 ἵνα
636 2330 850 2402 μεταδῷ
879 2331 978 2401 τῆς
1017 2332 1222 2395 οἰκείας
1251 2333 1617 2404 δικαιοσύνης.
1649 2333 1760 2387 Καὶ

163 2429 278 2496 γὰρ
298 2426 396 2478 καὶ
424 2426 454 2477 ὁ
482 2423 654 2492 ἥλιος,
676 2425 798 2476 ὅσον
821 2423 929 2476 άπὸ
962 2423 1056 2476 τοῦ
1086 2423 1384 2494 κτίσματος
1398 2424 1494 2478 τοῦ
1525 2425 1759 2479 Κτίστου

168 2518 534 2588 παραστῆσαι
574 2515 670 2584 τὴν
704 2515 983 2585 πρόνοιαν,
1009 2518 1070 2567 ού
1105 2516 1204 2578 τὰς
1227 2517 1563 2587 ήπλωμένας
1598 2519 1759 2588 μόνον

166 2609 484 2676 ἐπιλάμπει
519 2606 732 2677 χώρας,
759 2604 894 2658 ἀλλά
933 2607 1026 2658 καὶ
1050 2606 1174 2658 ὅσαι
1208 2606 1516 2676 κοιλότεραι
1545 2609 1637 2660 καὶ
1662 2609 1761 2678 τῆς

165 2699 496 2772 άντρώδους·
508 2699 698 2766 ἔλαχον
727 2696 1043 2771 θέσεως.ξο
1071 2697 1170 2765 τῆς
1202 2696 1495 2767 θεραπείας
1529 2698 1762 2750 ἀπελπί-

169 2811 272 2856 σας
296 2792 488 2854 δοῦλος
515 2792 722 2858 γίνεται
747 2789 1004 2854 καθάπαξ
1042 2789 1140 2858 τῆς
1167 2787 1348 2842 νόσου.
1382 2787 1450 2841 Εἴ
1483 2807 1629 2852 τινες
1665 2807 1764 2842 κα-

165 2885 240 2939 τὰ
267 2884 466 2938 παθῶν
512 2882 797 2952 νικηφόροι
849 2880 1237 2951 ἀνεδείχθησαν
1284 2881 1378 2934 καὶ
1420 2879 1495 2944 ὡς
1552 2877 1764 2951 άληθῶς

169 2978 364 3030 ἐπάνω
416 2975 596 3044 ὄφεων
646 2975 741 3028 καὶ
798 2973 1073 3042 σκορπίων
1107 2971 1174 3024 τὰ
1237 2973 1355 3042 ἴχνη
1407 2972 1610 3034 ἔθεντο,
1647 2971 1766 3024 οὐδὲ

2499 1519 2776 1578 CCLXXI.

1931 1609 2125 1665 Asterii
2162 1609 2400 1665 Amasew
2447 1611 2676 1679 episcopi
2725 1623 2896 1664 sermo
2936 1610 3000 1665 de
3031 1611 3360 1680 paenitentia.

1928 1788 2056 1858 Legi
2135 1788 2574 1842 adhortationem
2649 1786 2718 1841 ad
2799 1789 3181 1858 paenitentiam
3260 1793 3434 1847 sancti

1857 1875 2061 1931 Asterii
2095 1874 2340 1944 episcopi
2367 1875 2635 1928 Amaseaz.

1930 1967 2106 2023 Lucas
2142 1967 2314 2038 magis
2359 1966 2669 2020 animarum
2722 1971 2885 2037 quam
2928 1983 3220 2038 corporum
3264 1971 3440 2028 medi—

1858 2075 1957 2115 cus
1978 2100 1994 2127 ,
2032 2059 2203 2114 Deum
2234 2068 2482 2113 nostrum
2530 2069 2581 2114 et
2619 2059 2955 2114 Salvatorem
2986 2055 3014 2099 ¹ι
3047 2078 3171 2118 cum
3205 2063 3439 2119 homini-

1859 2153 1962 2209 bus
2006 2153 2398 2223 paenitentibus
2432 2161 2713 2208 versatum
2760 2154 2975 2219 scribit,
3009 2170 3116 2209 non
3160 2165 3220 2210 ut
3247 2171 3434 2212 eorum

1862 2245 2124 2300 malitiam
2152 2255 2424 2311 assumat,
2454 2243 2547 2299 sed
2581 2245 2856 2315 propriam
2883 2246 3152 2316 justitiam
3182 2245 3289 2302 illis
3324 2248 3439 2303 lar-

1862 2339 2062 2408 giatur.
2101 2338 2310 2392 Etenim
2361 2337 2464 2401 sol,
2514 2337 2672 2405 quasi
2709 2336 2824 2406 jam
2875 2337 2945 2392 ab
3001 2346 3122 2393 ortu
3165 2335 3441 2395 Creatoris

1862 2430 2261 2501 providentiam
2305 2427 2628 2492 ostenderit,
2669 2443 2780 2483 non
2807 2438 3059 2498 patentes
3097 2430 3257 2485 modo
3292 2446 3442 2486 cam-

1863 2521 2234 2592 posillustrat,
2259 2521 2354 2576 sed
2371 2519 2534 2575 etiam
2553 2535 2812 2587 concava,
2855 2529 2910 2575 et
2952 2535 3274 2577 cavernosa.
3337 2519 3445 2589 Qui

1865 2613 1931 2668 de
1974 2611 2219 2667 remedio
2253 2613 2532 2681 desperat,
2585 2621 2762 2666 totum
2811 2627 2870 2667 se
2904 2613 3097 2667 morbo
3143 2615 3442 2683 mancipat,

1867 2703 1911 2758 si
1955 2703 2048 2772 qui
2076 2703 2253 2756 malas
2285 2702 2571 2772 passiones
2599 2702 2852 2766 vicerint,
2882 2710 2940 2757 et
2985 2718 3113 2759 vere
3141 2719 3304 2774 super
3327 2719 3445 2759 ser—

1868 2803 2062 2863 pentes
2113 2793 2313 2865 599a
2358 2794 2788 2863 scorpionesque
2832 2793 3135 2860 ambulant,
3180 2795 3305 2850 illos
3334 2811 3442 2849 non

1869 2895 2083 2953 oportet
2121 2883 2424 2938 secundum
2465 2899 2623 2938 suam
2681 2883 3060 2939 fortitudinem
3111 2885 3278 2939 vitam
3306 2885 3446 2940 alio—

1873 2991 1991 3028 rnni
2026 2975 2300 3028 instimare
2350 2985 2408 3028 et
2447 2974 2706 3044 dirigere,
2759 2975 2852 3030 sed
2887 2990 3002 3030 suae
3041 2974 3258 3030 virtutis
3281 2977 3449 3046 largi-

168 3070 406 3132 τούτους
439 3068 546 3139 χρὴ
591 3067 728 3137 πρὸς
767 3066 864 3134 τὴν
890 3065 1097 3117 οἰκείαν
1131 3064 1381 3134 ἀνδρείαν
1409 3065 1503 3116 καὶ
1527 3063 1634 3116 τῶν
1670 3061 1764 3114 ἄλ-

1877 3066 1978 3120 Lori
2016 3066 2126 3120 Deo
2167 3065 2372 3134 gratias
2417 3079 2600 3133 agere,
2648 3064 3097 3118 imbecillioribus
3126 3079 3234 3117 non
3273 3064 3448 3119 insul-

169 3165 286 3218 λων
313 3161 622 3224 κανονίζειν
650 3159 740 3212 τὸν
776 3157 909 3228 βίον,
941 3157 1079 3210 ἀλλὰ
1103 3157 1202 3226 τῆς
1241 3158 1338 3226 μὲν
1381 3155 1514 3218 ἰδίας
1552 3155 1763 3207 εὐδοκι-

176 3259 405 3326 μήσεως
432 3253 510 3322 τῷ
539 3251 794 3305 δεδωκότι
826 3249 945 3322 Θεῷ
973 3250 1072 3319 τὴν
1111 3253 1272 3319 χάριν
1311 3247 1618 3317 ὁμολογεῖν,
1653 3249 1766 3310 τοῖς

172 3350 221 3401 δ’
247 3345 668 3414 ἀσθενεστέροις
715 3343 813 3395 οὐκ
844 3340 1224 3410 ἐπεμϐαίνειν,
1263 3339 1395 3392 ἀλλὰ
1445 3336 1766 3408 φιλάδελφον

173 3440 402 3511 ὀρέγειν
433 3435 638 3501 δεξιάν.
675 3433 963 3504 Ζηλώσατε
995 3433 1088 3486 τοῦ
1120 3432 1360 3501 Χριστοῦ
1394 3432 1492 3501 τὴν
1521 3431 1762 3500 ἀγάπην.

176 3533 415 3588 Μέλλων
445 3528 557 3600 γὰρ
597 3524 905 3596 ἀνθρώποις
932 3523 1316 3592 ἐπιφαίνεσθαι
1351 3521 1420 3575 δι’
1450 3516 1766 3591 ἀνθρώπου,

181 3619 517 3694 προκαθῆκε
543 3617 636 3669 τὸν
654 3615 910 3683 Ἰωάννην
927 3610 1054 3683 [815
1084 3610 1176 3683 Π.]
1207 3611 1495 3682 μετανοίας
1530 3611 1764 3680 κήρυκα.

182 3721 401 3788 Πέτρον
431 3713 733 3785 ἐρώτησον,
782 3712 931 3773 ὅπως
968 3709 1307 3779 μετανοήσας
1339 3705 1641 3775 ἐκαθάρθη,
1674 3705 1771 3757 καὶ

178 3813 285 3866 οὐκ
315 3809 582 3863 ἀνέλυσεν
613 3807 690 3868 εἰς
724 3804 816 3856 τὸν
848 3803 1089 3872 Σίμωνα,
1123 3799 1258 3853 ἀλλὰ
1287 3798 1556 3868 διέμεινεν
1579 3799 1606 3848 ὀ
1636 3798 1772 3850 ἁπό-

183 3904 330 3957 εις-το).¹
353 3919 404 3964 ς.
447 3897 590 3965 Ἐγὼ
626 3897 682 3950 δὲ
714 3895 920 3966 νομίζω
957 3895 1040 3946 ὅτι
1076 3892 1172 3944 καὶ
1209 3889 1407 3953 Ἰούδας
1429 3892 1456 3942 6
1482 3888 1768 3959 προδότης,

181 4000 236 4051 εἰ
277 3998 354 4065 μὴ
388 3995 604 4062 ταχέως
647 3990 812 4054 αὐτὸς
852 3987 1047 4041 ἑαυτοῦ
1083 3987 1300 4055 ἐγένετο
1332 3986 1547 4055 δήμιος,
1599 4000 1768 4055 προσ-

185 4088 376 4145 πεσὼν
405 4087 462 4139 δὲ
491 4085 582 4137 τὸν
607 4083 756 4136 ἔλεον
807 4083 1029 4153 ᾔτησεν,
1062 4081 1163 4133 οὐκ
1213 4079 1279 4132 ἂν
1327 4078 1435 4130 τῶν
1474 4077 1772 4146 οἰκτιρμῶν

184 4182 300 4233 τῶν
333 4180 520 4247 πάσης
551 4177 652 4228 ύπε
664 4175 971 4244 ρχεομένων
1000 4173 1098 4241 τῆς
1127 4172 1454 4240 οἰκουμένης
1478 4169 1768 4238 ἠστόχησε.

193 4273 519 4342 Τεκμήριον
549 4268 606 4321 δὲ
644 4269 693 4320 οἱ
728 4266 1159 4336 μετανοήσαντες
1190 4264 1253 4315 ἐκ
1279 4263 1388 4314 τῶν
1420 4263 1773 4330 σταυρωσάν-

186 4387 300 4420 των
331 4367 432 4420 καὶ
462 4366 564 4434 τῆς
597 4362 868 4432 σωτηρίας
916 4361 1005 4414 διὰ
1051 4361 1149 4428 τῆς
1199 4342 1488 4428 μετανοίας
1532 4354 1772 4409 ἀπολαύε-

193 4475 424 4519 σαντες.
496 4454 742 4523 Ἑδέσμει
801 4453 929 4504 ποτὲ
983 4453 1076 4504 καὶ
1131 4450 1340 4511 Παῦλος
1391 4447 1772 4519 Χριστιανοὺς,

191 4553 331 4606 ἀλλὰ
363 4547 646 4618 βαστάσας
673 4545 901 4614 ὕστερον
935 4543 1153 4604 ἁλύσεις
1188 4543 1328 4612 ὑπὲρ
1357 4541 1594 4611 Χριστοῦ
1622 4539 1778 4592 ἔλυσε

190 4648 259 4697 τά
311 4640 661 4709 ἐγκλήματα.
708 4635 952 4700 Ἐλίθαζε
984 4636 1275 4702 Στέφανον,
1323 4633 1458 4687 ἀλλὰ
1506 4633 1780 4692 λιθασθείς

1872 3166 2008 3222 tare,
2035 3156 2130 3210 sed
2164 3155 2475 3210 humaniter
2513 3154 2758 3208 dextram
2795 3155 3074 3222 porrigere
3124 3151 3166 3208 ι.
3199 3153 3450 3210 ΔΕιιιυιο-

1873 3246 2008 3301 mini
2033 3245 2362 3300 charitatem
2390 3245 2616 3309 Christi,
2645 3245 2738 3314 qui
2761 3244 2874 3313 jam
2911 3243 2978 3297 ad
3007 3244 3257 3298 homines
3283 3245 3448 3299 homo

1873 3348 2161 3403 venturus,
2196 3337 2463 3393 Joannem
2497 3336 2780 3407 prazmisit,
2810 3345 2870 3390 ut
2907 3335 3281 3405 paenitentiam
3309 3352 3444 3404 prae—

1871 3431 2100 3484 dicaret.
2149 3418 2697 3499 lnterrogalPetrum
2751 3441 2860 3495 quo
2914 3438 3070 3494 pacto
3133 3426 3447 3496 pmnitendo

1874 3520 2174 3574 mundatus
2195 3519 2290 3584 sit,
2329 3533 2509 3589 neque
2543 3519 2599 3572 in
2628 3517 2906 3571 Simonem
2937 3517 3132 3569 iterum
3158 3531 3217 3570 se
3248 3517 3446 3580 induit,

1874 3612 1970 3667 sed
2019 3613 2072 3666 in
2129 3611 2439 3682 apostolatu
2489 3610 2808 3680 permansit.
2886 3605 3154 3678 Equidem
3211 3609 3451 3664 arbitror

1873 3701 2070 3757 Judam
2116 3703 2474 3772 proditorem,
2510 3701 2614 3754 nisi
2657 3700 2742 3755 sui
2780 3698 3026 3754 carnifex
3055 3698 3272 3766 fuisset,
3305 3701 3351 3756 si
3381 3701 3450 3757 ad

1876 3810 2051 3864 genua
2098 3793 2353 3849 accidens
2418 3790 2852 3846 misericordiam
2907 3789 3229 3858 deprecatus
3281 3798 3450 3855 esset,

1879 3886 2091 3939 veniam
2132 3900 2254 3954 quae
2293 3884 2441 3937 omni
2480 3882 2687 3953 petenti
2743 3881 3084 3944 conceditur,
3127 3892 3453 3936 consecutu-

1880 3991 2000 4030 rum
2032 3975 2225 4031 fuisse.
2261 3973 2452 4029 Testes
2492 3983 2618 4029 sunt
2653 3972 2689 4026 ii
2718 3973 2811 4041 qui
2838 3972 3002 4026 etiam
3034 3989 3065 4028 e
3089 3973 3454 4042 crucifigenti-

1877 4070 1979 4124 bus
2018 4070 2085 4123 ad
2116 4068 2495 4137 paenitentiam
2536 4067 2762 4128 reversi,
2797 4073 2852 4120 et
2877 4066 3196 4134 paenitendo
3219 4066 3452 4120 salutem

1877 4160 2055 4230 adepti
2084 4169 2234 4214 sunt.
2275 4159 2486 4230 Ligavit
2515 4158 2795 4226 quondam
2840 4156 3186 4211 Christianos
3228 4155 3451 4220 Paulus,

1879 4253 1972 4307 sed
2030 4261 2214 4320 postea
2259 4251 2375 4320 ipse
2422 4265 2521 4318 pro
2561 4249 2780 4302 Christo
2828 4247 3027 4317 ligatus
3075 4247 3302 4301 crimina
3345 4250 3450 4304 (lis-

1883 4346 2043 4400 solvit
2070 4355 2130 4396 ιιι.
2170 4343 2454 4413 Lapidavit
2505 4339 2983 4409 Stcphanum,sed
3011 4338 3284 4407 lapidatus
3327 4356 3456 4408 pec-

1879 4448 2062 4491 catum
2089 4436 2325 4506 expiavit
2360 4442 2408 4488 υ.
2449 4433 2574 4487 Ηιιιο
2621 4445 2853 4484 noscens
2884 4429 3062 4484 Moses
3091 4432 3280 4500 (homo
3309 4433 3455 4485 enim

1880 4527 2004 4590 fuit,
2037 4538 2398 4594 naturamque
2437 4520 2743 4590 noscebat),
2774 4519 3006 4572 vitulum
3050 4537 3146 4588 pro
3177 4523 3460 4576 sacerdote

1878 4625 2157 4688 peccante,
2191 4627 2243 4669 et
2285 4616 2379 4685 qui
2420 4614 2776 4668 mundatione
2807 4628 2944 4680 Opus
2985 4612 3232 4676 haberet,
3275 4612 3460 4667 ofl‘crri

196 4733 451 4804 ἐξήλειψε
485 4731 546 4782 τὸ
574 4728 970 4798 πλημμέλημα.
1014 4726 1201 4779 Ταῦτα
1237 4727 1329 4778 καὶ
1378 4724 1583 4791 Μωσῆς
1625 4723 1766 4786 εἰδὼς

1877 4710 2039 4780 jussit
2073 4716 2120 4762 °.
2157 4707 2368 4762 Vitulus
2403 4707 2494 4777 qui
2523 4713 2637 4760 tum
2664 4704 2896 4758 carnalis
2927 4711 3066 4767 erat,
3087 4704 3198 4772 jam
3229 4717 3312 4758 est
3344 4723 3460 4774 pte-

202 4827 516 4896 (Ξνθρωπος
543 4821 653 4890 γάρ
679 4815 750 4890 ἦν
787 4821 880 4873 καὶ
911 4819 1011 4890 τὴν
1038 4818 1198 4886 φύσιν
1230 4816 1539 4886 ἐγνώριζε),
1571 4816 1658 4868 τὸν
1683 4818 1778 4882 μό-

209 4936 331 4989 σχον
358 4916 504 4984 ὑπὲρ
527 4913 623 4966 τοῦ
661 4911 854 4981 ἱερέως
888 4910 1288 4980 ἱερουργεῖσθαι
1317 4907 1581 4974 διέταξεν,
1604 4910 1781 4976 ἡμαρ-

206 5011 431 5078 τηκὰτος
474 5005 696 5067 πάντως
732 5003 826 5056 καὶ
860 5001 1174 5071 καθαρσίων
1200 5001 1475 5069 δεομένου.
1506 4998 1684 5066 Ὅπερ
1725 4997 1781 5049 δὲ

207 5097 268 5171 ἦν
302 5101 427 5153 τότε
462 5100 491 5149 6
530 5099 589 5148 ὲν
634 5095 798 5165 σαρκὶ
835 5094 1052 5164 μόσχος,
1095 5089 1250 5144 τοῦτο
1273 5091 1367 5143 νῦν
1402 5093 1548 5142 ἐστιν
1574 5092 1607 5158 ἡ
1637 5089 1781 5141 ἀσώ-

214 5211 376 5261 ματος
415 5188 753 5260 μεταμέλεια
800 5188 890 5240 καὶ
939 5187 973 5254 ἡ
1023 5183 1358 5254 ἀναίμακτος
1387 5183 1610 5259 δέησις.
1661 5180 1784 5232 Ἐπὶ

280 5302 534 5366 ιιυω,
562 5301 587 5353 1
615 5316 766 5369 seqq.
847 5296 909 5349 ιι
945 5296 1072 5351 Cor.
1107 5311 1204 5359 χιι,
1225 5293 1249 5345 l
1273 5309 1425 5362 seqq.

215 5391 362 5436 uis,
393 5372 446 5425 2.

1543 5302 1581 5329 m
1617 5289 1812 5358 Eplies.
1854 5299 1930 5347 Vt,
1976 5279 2046 5330 Ἦ)
2092 5293 2244 5346 seqq.

1883 4799 2110 4852 nitentia
2159 4796 2280 4852 sine
2329 4809 2579 4863 corpore,
2625 4801 2677 4846 et
2710 4792 2887 4846 oratio
2918 4793 3036 4846 sine
3079 4795 3367 4861 sanguine.
3404 4795 3458 4848 ln

1890 4901 2102 4946 tantum
2149 4889 2433 4958 oportebat
2485 4885 2827 4940 sacerdotem
2863 4885 3164 4938 clementiae
3216 4885 3460 4948 studere,

1891 4997 1950 5038 ut
1995 4983 2098 5038 etsi
2137 4981 2398 5035 Dominus
2441 4979 2734 5047 quamdam
2785 4975 2994 5030 succidi
3037 4975 3288 5044 jusserit,
3343 4986 3464 5030 tan-

1891 5090 2052 5145 quam
2084 5073 2330 5126 arborem
2373 5068 2746 5133 infecundam,
2798 5068 2941 5122 hanc
2982 5076 3243 5136 tanquam
3294 5065 3464 5134 frugi-

1893 5167 2064 5221 feram
2099 5165 2397 5219 debeamus
2421 5175 2725 5227 reservare,
2762 5171 2817 5214 et
2847 5173 3091 5229 poscere.
3129 5158 3284 5212 Hunc
3317 5157 3465 5210 enim

2366 5284 2393 5311 η
2423 5275 2541 5330 Act.
2580 5289 2696 5337 viil,
2747 5275 2802 5338 l;
2853 5288 2964 5338 xiv,
3006 5271 3090 5326 19.
3241 5265 3467 5324 °Exod~

1492 5493 1723 5551 νΑιιιΑι
1765 5490 2153 5547 LECTIONES

292 5651 332 5680 ετ
372 5643 564 5701 ἑαυτοῦ
588 5659 648 5705 ς.

502 5741 780 5802 Parnm.
812 5733 930 5792 Gn.
962 5729 1112 5790 CIV.

728 5635 773 5669 ³⁸
815 5633 935 5704 τοῦ]
964 5633 1026 5684 ἐκ
1058 5633 1152 5684 τοῦ
1194 5634 1268 5697 Α,
1293 5630 1514 5688 omissis
1548 5639 1734 5700 postea
1766 5631 1828 5684 ὲκ
1865 5631 1979 5683 τοῦ.

2058 5631 2101 5661 ³³
2129 5628 2224 5698 τὴν
2279 5644 2386 5682 om.
2415 5629 2478 5681 Β.
