3912 6234
422 319 532 382 203
1547 283 1807 345 rno'ru
1852 276 2032 338 PATH

2144 274 2355 335 llCIL'E
2396 274 2505 333 (ΣΡ.
3573 261 3680 330 204

425 437 651 486 sensum
693 418 762 473 de
812 410 984 470 sterili
1033 408 1139 462 lien
1190 399 1348 456 nobis
1395 395 1743 462 Evangelinm
1772 391 1911 445 dixit
1952 398 2032 443 νυ

2144 385 2357 438 οσοῦτον
2400 385 2458 438 δὲ
2506 384 2753 455 προσῆκε
2802 385 2894 437 τὸν
2942 382 3090 454 ἱερέα
3127 383 3224 453 τὴν
3269 378 3681 451 φιλανθρωπίαν

425 515 663 574 Attende
690 507 970 563 mulierem
996 494 1357 570 peccatricem
1390 500 1440 555 (ι,
1481 488 1569 542 cui
1598 501 1706 539 non
1741 483 1998 537 conviva-

2146 478 2312 541 σκεῖν,
2340 476 2480 529 ὥστε
2502 476 2605 530 κᾶν
2634 477 2663 529 6
2694 476 2970 546 Δεσπότης
2996 475 3282 528 ἐκκόπτειν
3304 471 3533 543 κελεύσῃ
3561 470 3683 524 τινὰ

427 622 549 663 rum
585 611 849 657 numerus
890 591 1155 663 pudorem
1189 582 1444 648 incussit,
1475 593 1596 648 quae
1620 585 1837 645 tempus
1862 587 2000 627 con-

2144 585 2183 630 ig
2216 566 2384 635 φυτὸν
2409 566 2701 638 ἄχρηστον,
2739 565 2902 620 αὑτὸν
2934 564 3009 627 ὡς
3050 562 3361 632 φυτοκόμον
3395 562 3569 615 αίτεῖν
3604 559 3687 612 δεῖ

428 694 613 751 ﬁtendi
642 690 768 744 licet
797 654 1194 754 importunum,
1226 675 1278 729 in
1313 670 1567 729 convivio
1590 682 1701 722 non
1738 662 1958 733 reliquit
1984 681 1997 717 :

2144 660 2208 731 ὴν
2242 659 2411 728 φειδὼ
2459 659 2554 713 καὶ
2598 657 2911 727 ὑπέρθεσιν.
2948 654 3148 709 Τοῦτον
3205 654 3313 724 γὰρ
3361 654 3493 723 ἡμῖν
3537 668 3686 720 παρ-

430 787 522 843 sed
559 778 768 852 ingenti
807 779 1081 832 connnota
1130 768 1339 831 dolore,
1366 777 1435 818 ne
1463 777 1573 815 uno
1601 758 1821 829 quidem
1861 766 1999 809 tem-

2144 769 2290 822 ττησι
2337 752 2428 806 τὸν
2455 752 2581 805 νοῦν
2612 752 2713 837 τῆς
2761 750 3013 821 ἀκάρπου
3049 747 3220 817 συκῆς
3252 749 3280 800 6
3310 747 3369 798 ὲν
3400 743 3477 814 τῷ
3505 744 3687 809 Εὐαγ-

430 828 522 843 ”V“
559 828 768 852 '"0'"'-
815 828 862 832 νὴ
1325 828 1333 831 -
1618 828 1634 829 κ

430 876 580 950 poris
632 878 911 927 momento
955 862 1227 919 medicum
1272 863 1623 928 peccatorum
1650 848 1883 912 dimisit,
1911 859 2013 900 nec

2147 844 2273 915 ελίῳ
2312 843 2490 913 λόγος.
2524 828 2810 913 Σκόπησον
2835 842 2933 912 τὴν
2960 838 3287 911 ἁμαρτωλὸν
3311 838 3569 905 γυναῖκα.
3610 834 3686 886 Ού

428 927 485 1024 irn
535 973 888 1036 conspectum
924 955 1150 1011 veniens
1200 945 1544 1019 supplicavit,
1595 942 1689 999 sed
1732 940 2009 1009 indignam

2144 936 2167 988 ί)
2197 935 2398 1004 πλῆθος
2428 934 2537 986 τῶν
2585 935 2930 1004 ἑστιωμένων
2968 930 3327 1003 ἠρυθρίασεν,
3358 928 3419 980 ού
3444 927 3538 981 τὸν
3567 943 3690 979 και-

430 1072 512 1124 sc,
548 1017 711 1126 quam
754 1049 1046 1119 aspiceret,
1081 1017 1357 1111 judicans,
1399 1041 1456 1088 et
1482 1039 1637 1086 stans
1671 1039 1818 1083 retro
1847 1023 2012 1095 pedes

2146 1026 2203 1079 δν
2228 1026 2330 1096 τῆς
2355 1024 2585 1094 εὐωχίας
2608 1025 2679 1089 ὡς
2707 1026 2935 1095 ἄκαιρον
2956 1024 3057 1093 τῆς
3086 1020 3528 1093 ὲξομολογήσεως
3550 1017 3689 1086 ἔφυ-

433 1104 837 1219 apprehendit,-
862 1150 915 1195 et
970 1133 1166 1193 solutis
1222 1128 1418 1189 comis,
1468 1139 1532 1177 ea
1576 1120 1781 1183 omnia,
1814 1116 2014 1186 quibus

2148 1134 2227 1178 εν,
2264 1115 2401 1169 ἀλλὰ
2426 1116 2656 1186 σφοδρὸν
2690 1114 2888 1184 ἔχουσα
2916 1112 2979 1166 τὸ
3008 1110 3205 1173 πένθος
3258 1108 3378 1163 οὐδὲ
3408 1106 3467 1159 τδ
3494 1104 3695 1175 βραχύ·

434 1194 556 1219 “rr-
573 1194 815 1209 v-----——v.

434 1243 674 1296 animam
704 1238 890 1305 lugere
912 1231 1135 1291 fecerat,
1159 1219 1538 1293 promulgans,
1564 1211 1821 1283 lacrymis
1844 1208 2011 1278 pedes

2144 1221 2270 1258 ατον
2299 1206 2450 1275 ἠφίει
2500 1204 2590 1259 τὸν
2621 1204 2730 1258 τῶν
2762 1202 3047 1275 ἁμαρτιῶν
3084 1200 3291 1271 ἰατρόν.
3320 1198 3395 1251 UO
3431 1197 3536 1268 μὴν
3572 1194 3694 1247 οὐδὲ

437 1328 745 1385 Salvator-is
778 1325 1036 1393 irrigans,
1066 1315 1279 1371 veniam
1309 1324 1434 1367 cum
1478 1304 1680 1373 ingenti
1724 1298 2012 1357 commise-

2144 1298 2233 1349 στ’
2300 1296 2423 1365 ὄψιν
2490 1296 2760 1369 ἐρχομένη
2820 1297 3094 1349 ἱκέτευεν·
3151 1292 3291 1346 ἀλλὰ
3355 1290 3416 1343 τὸ
3473 1287 3695 1352 ἀνάξιον

436 1421 654 1474 ratione
679 1413 994 1485 postulavit.
1667 1479 1693 1485 _
1843 1475 1906 1485 η
1985 1476 2002 1485 _

2144 1388 2286 1485 ,ῦτῆς
2314 1387 2401 1485 δια
2422 1387 2517 1485 ⁴τοῦ
2546 1389 2826 1457 σχήματος
2856 1384 3236 1458 ἐρμηνεύουσα
3256 1425 3269 1446 ,
3302 1382 3463 1454 [M92
3485 1380 3581 1452 3.]
3595 1380 3694 1449 τὴν

818 1502 1001 1574 χώραν
1064 1487 1470 1549 καταλαϐοῦσα,
1501 1482 1597 1537 καὶ
1625 1479 1735 1533 τῶν
1768 1475 1945 1530 ποδῶν
1985 1476 2286 1546 λαϐομένη,
2314 1476 2409 1528 καὶ
2447 1474 2655 1528 λύσασα
2682 1475 2782 1538 τὰς
2816 1475 3023 1546 κόμας,
3054 1474 3148 1527 καὶ
3198 1472 3596 1543 δημοσιεύουσα
3647 1468 3696 1501 ⁸⁸

440 1605 604 1657 πᾶσιν
639 1594 719 1661 οἷς
754 1564 991 1665 ἔπραττε
1036 1589 1134 1658 τὴν
1199 1580 1505 1636 πενθοῦσαν
1532 1573 1734 1646 ψυχὴν,
1786 1570 2037 1633 καὶτοὺς
2112 1569 2277 1632 πόδας
2325 1569 2419 1622 τοῦ
2436 1569 2480 1601 ⁸⁸
2532 1570 2784 1640 Σωτῆρος
2840 1570 2954 1633 τοῖς
2994 1568 3254 1639 δάκρυσιν
3302 1564 3699 1638 ὲπιῤῥαίνουσα

444 1694 585 1767 μετὰ
610 1688 811 1756 πολλῆς
839 1686 935 1755 τῆς
967 1676 1311 1750 συμπαθείας
1342 1672 1461 1743 ᾔτει
1491 1668 1581 1721 τὸν
1616 1666 1787 1719 ἔλεον.

521 1746 857 1856 Ejusdem-in
894 1746 1223 1843 Stephanum
1256 1770 1698 1834 protomartyrem
1731 1770 1921 1810 sermo.

2144 1754 2239 1808 Γοῦ
2278 1756 2464 1809 αὐτοῦ
2515 1756 2582 1810 ἐκ
2614 1757 2724 1811 τοῦ
2762 1758 2849 1820 εις
2882 1754 2990 1807 τὸν
3038 1751 3503 1821 πρωτομάρτυρα
3552 1746 3699 1803 Στέ-

510 1939 673 1996 Stetit
695 1934 843 1991 solus
876 1944 907 1985 a
935 1925 1139 1999 populo
1176 1918 1536 1977 interficiente
1564 1911 1757 1985 4996
1783 1911 2018 1966 circum-

440 2035 623 2098 datus,
667 2040 851 2090 nemo,
882 2036 983 2078 nec
1029 2017 1259 2077 amicus,
1302 2027 1402 2066 nec
1449 2007 1783 2063 domestiCus
1816 2018 2021 2073 cogna-

441 2094 619 2183 tusve’
644 2136 710 2177 eo
760 2128 1008 2185 tempore
1069 2108 1277 2163 aderat.
1331 2099 1617 2157 Consolari
1672 2096 1818 2150 enim
1882 2094 2022 2149 solet

442 2231 594 2279 eum,
628 2211 722 2283 qui
756 2211 811 2264 in
856 2202 1103 2277 periculo
1138 2206 1243 2264 est,
1289 2201 1561 2250 astantem
1593 2188 1778 2243 videre
1824 2201 2022 2256 quem-

443 2310 566 2365 dam
580 2274 624 2360 re
646 2274 831 2356 -notis.
858 2274 1058 2351 ‘0ravit
1084 2290 1245 2346 etiam
1270 2300 1371 2357 pro
1407 2277 1776 2352 lapidantibus
1804 2291 1883 2331 se.
1918 2274 2024 2329 La-

444 2399 694 2469 pldantes
740 2388 899 2445 inviti
936 2381 1260 2441 beneﬁcium
1310 2373 1391 2431 illi
1428 2371 1702 2435 fecerunt,
1763 2375 1818 2421 et
1845 2364 2025 2421 oratio

442 2458 556 2560 quo
591 2479 913 2542 contendit?
944 2475 1061 2531 Non
1111 2471 1288 2527 oravit
1326 2474 1387 2521 ut
1409 2471 1631 2534 peccata
1673 2458 2022 2513 inimicorum

448 2546 717 2650 impunita
763 2578 968 2633 essent,
1013 2567 1118 2621 hoc
1151 2562 1295 2617 enim
1330 2557 1425 2611 Dei
1461 2549 1789 2610 ordinationi
1833 2546 2029 2600 adver-

453 2640 627 2734 satur,
667 2680 789 2736 quin
816 2661 1022 2732 justam
1073 2650 1366 2710 homicidis
1404 2660 1619 2718 poenam
1653 2642 1763 2696 illis
1801 2640 2026 2705 irrogat.

452 2762 558 2818 Sed
577 2728 734 2829 quid,
762 2728 1014 2816 opsecro,
1034 2746 1205 2803 dicit?
1231 2741 1453 2797 Domine
1475 2736 1663 2791 neilti:
1692 2740 1902 2789 statuas
1934 2728 2029 2780 hoc

451 2822 726 2922 peccatum
758 2852 806 2907 τ,
853 2841 957 2893 hoc
978 2842 1083 2901 est,
1133 2833 1201 2887 da
1243 2839 1305 2884 ut
1342 2822 1717 2894 resipiscendo
1762 2830 2032 2886 compun-

452 2908 670 3010 gantur,
695 2931 863 2988 incita
881 2938 1072 2982 eorum
1108 2930 1347 2975 mentem
1404 2914 1471 2968 ad
1521 2908 1898 2981 pmnitentiam
1936 2918 2032 2959 eo-

451 2996 575 3084 rum
610 2996 732 3095 quae
760 3035 909 3075 nunc
941 3012 1292 3072 committunt
1319 3016 1367 3061 ⁸.
1399 3006 1469 3061 Et
1502 3012 1622 3058 erat
1645 3000 1813 3054 veluti
1836 2996 2034 3051 minis-

2790 1840 3008 1894 φανόν.

2193 1919 2452 1989 Είστήκει
2477 1919 2534 1971 δὲ
2568 1918 2726 1988 μόνος
2759 1916 2837 1988 τῷ
2880 1918 3037 1987 δήμῳ
3074 1914 3183 1969 τῶν
3210 1911 3498 1983 φονώντων
3526 1928 3699 1965 κεκυ-

2123 2011 2419 2081 κλωμένος,
2472 2009 2646 2072 οὐδεὶς
2683 2008 2739 2061 δὲ
2767 2006 2887 2061 κατ’
2920 2006 3135 2075 ἐκείνην
3164 2004 3263 2074 τὴν
3308 2001 3457 2074 ῶραν
3504 2000 3700 2070 ἐγγὺς,

2124 2105 2183 2155 οὐ
2230 2102 2402 2172 φίλος,
2447 2102 2546 2155 οὐκ
2584 2102 2803 2162 οἰκεῖος,
2835 2098 2896 2151 ού
2925 2097 3192 2167 συγγενής
3212 2112 3226 2127 ο
3260 2094 3417 2163 φέρει
3444 2093 3554 2163 γάρ
3582 2108 3704 2155 πως

2128 2192 2481 2265 παραμυθίαν
2514 2195 2627 2256 τοῖς
2658 2189 3035 2244 κινδυνεύουσι
3077 2187 3140 2240 τὸ
3188 2184 3411 2257 βλέπειν
3458 2183 3706 2253 παρόντα

2127 2286 2250 2339 τινὰ
2275 2284 2383 2338 τῶν
2414 2283 2707 2354 γνωρίμων
2720 2280 2788 2335 ⁸⁵³.
2822 2277 3143 2349 Προσετίθει
3171 2278 3237 2346 τῇ
3267 2275 3449 2344 δεήσει
3474 2274 3571 2326 καὶ¹
3602 2271 3707 2342 τὴν

2128 2374 2269 2444 ὑπὲρ
2300 2372 2411 2425 τῶν
2461 2370 2789 2435 λιθαζόντων
2828 2369 3026 2437 εύχήψ
3079 2363 3413 2436 εὐηργέτουν
3461 2361 3570 2431 γὰρ
3606 2361 3709 2413 καὶ

2128 2467 2438 2530 λιθάζοντες
2472 2464 2716 2523 ἄκοντες.
2750 2461 2859 2513 Καὶ
2890 2461 2922 2530 ἡ
2955 2457 3087 2528 εὐχὴ
3111 2457 3234 2509 τίνα
3273 2455 3431 2525 φέρει
3466 2451 3709 2517 σκοπόν;

2130 2557 2231 2609 οῦκ
2279 2553 2569 2608 ἀνεύθυνον
2611 2548 2864 2617 γενέσθαι
2908 2545 3016 2598 τῶν
3060 2542 3268 2615 ἐχθρῶν
3304 2543 3541 2594 αἰτεῖται
3559 2537 3605 2577 ⁸³
3644 2535 3713 2589 τὸ

2131 2645 2437 2717 ἁμάρτημα
2458 2657 2470 2672 '
2502 2640 2659 2694 τοῦτο
2703 2638 2812 2709 γὰρ
2854 2634 3103 2706 φανερῶς
3139 2635 3205 2705 τῇ
3236 2630 3326 2685 τοῦ
3357 2626 3490 2693 Θεοῦ
3524 2627 3714 2682 διατυ-

2132 2740 2306 2791 πώσει
2342 2734 2664 2789 ἀνθίσταται
2692 2771 2705 2795 ,
2736 2730 2770 2800 ἢ
2799 2732 2908 2792 τοῖς
2958 2725 3307 2797 ἀνδροφόνοις
3348 2722 3445 2793 τὴν
3490 2720 3713 2775 δικαίαν

2134 2830 2317 2901 κρίσιν
2361 2828 2561 2899 ὥρισεν
2585 2843 2600 2856 θ
2646 2822 2782 2879 ἀλλὰ
2810 2822 2862 2874 τί
2887 2837 3056 2890 φησι;
3107 2819 3203 2885 Μὴ
3233 2815 3474 2882 στήσῃς
3501 2810 3715 2878 αὐτοῖς

2132 2920 2251 2988 τὴν
2273 2919 2566 2989 ἁμαρτίαν
2595 2917 2820 2981 ταύτην
2836 2911 2902 2945 ⁸⁵·
2927 2910 3193 2971 τουτέστι,
3224 2908 3322 2970 Δὸς
3354 2905 3517 2975 φόϐον
3542 2921 3717 2957 κατα-

2136 3012 2339 3077 νύξεως
2365 3050 2379 3074 ,
2408 3010 2583 3077 ἄγαγε
2618 3008 2752 3077 πρὸς
2782 3004 3069 3075 μετάνοιαν
3103 2998 3212 3053 τῶν
3244 2997 3337 3050 νῦν
3372 2995 3719 3065 τετολμημέ-

448 3083 534 3173 ter
566 3083 881 3171 custodiens
914 3104 1241 3161 vestimenta
1287 3094 1469 3168 p0puli
1519 3091 1794 3147 carniﬁcis
1823 3083 2031 3141 interli-

2144 3124 2268 3158 νων.
2323 3103 2431 3155 Καὶ
2462 3097 2528 3172 ἦν
2563 3098 2841 3168 ὑπηρέτης
2875 3095 2902 3146 6
2933 3091 3219 3162 φυλάττων
3247 3088 3459 3150 Παῦλος
3485 3088 3555 3141 τὰ
3583 3088 3720 3156 ἱμά-

450 3209 647 3266 cientis
712 3203 934 3261 Paulus.
995 3197 1225 3265 Propter
1300 3190 1404 3244 alia
1462 3196 1516 3243 et
1563 3191 1782 3254 propter
1841 3180 2034 3236 Sabel—

454 3306 587 3358 lium
632 3299 851 3360 Afrum,
905 3300 1032 3347 ante
1079 3284 1391 3344 convellens
1448 3279 1712 3334 damnum
1765 3273 2036 3328 Ecclesia-

455 3410 603 3458 rum,
641 3387 883 3446 ostendit
926 3384 1167 3451 seipsum
1198 3375 1342 3429 Dens
1388 3372 1442 3423 in
1466 3367 1686 3439 propria
1729 3378 1793 3419 ac
1827 3361 2036 3432 perfec-

455 3497 513 3541 ta
556 3456 748 3552 gloria.
784 3472 1037 3531 Ostendit
1073 3476 1254 3522 autem
1310 3460 1512 3516 Filium
1554 3458 1608 3511 in
1641 3456 1880 3527 perfecta
1913 3468 2037 3522 per-

460 3544 618 3632 sona.
675 3568 796 3624 Stat
836 3564 904 3619 ad
937 3562 1186 3617 dextram
1232 3553 1400 3615 illius,
1441 3557 1502 3602 ut
1536 3544 1893 3601 distinctione
1914 3557 2039 3611 per-

464 3676 726 3721 sonarum
748 3660 1072 3728 liypostases
1098 3642 1436 3705 ostenderet,
1464 3646 1519 3693 et
1551 3644 1775 3692 sanctus
1801 3633 2039 3701 Spiritus

461 3752 627 3811 simul
658 3724 959 3804 ordinatur.
998 3738 1213 3794 Etenim
1249 3746 1416 3803 supra
1460 3727 1598 3783 dixit
1630 3743 1644 3779 ι
1674 3724 1740 3778 Ει
1797 3738 1900 3776 non
1943 3740 2041 3792 po-

470 3850 665 3901 uerunt
703 3839 948 3894 resistere
974 3829 1252 3903 sapientia:
1296 3835 1345 3880 et
1403 3821 1619 3893 spiritui
1659 3820 1750 3890 qui
1798 3818 2040 3889 loqueba-

465 3949 570 3993 tur.
600 3934 738 3990 Vide
784 3933 947 4003 igitur
994 3936 1049 3982 et
1093 3922 1267 3979 sancti
1313 3917 1548 3989 Spiritus
1611 3928 1900 3985 personam
1954 3912 2043 3966 liic

464 4041 651 4102 aperte
677 4020 1062 4081 demonstrari.
1089 4017 1145 4072 Si
1168 4016 1405 4088 Spiritus
1425 4012 1576 4083 prius
1596 4009 1901 4080 descriptus
1937 4017 2039 4075 est,

464 4124 660 4179 deinde
707 4121 891 4183 Pater,
929 4123 984 4170 et
1007 4113 1203 4176 Filius,
1249 4107 1460 4163 ordinis
1490 4105 1723 4160 mutatio
1751 4104 1885 4158 nihil
1917 4102 2042 4157 ﬁdei

467 4224 643 4273 nocet.
679 4213 771 4267 Sic
804 4211 949 4264 enim
972 4206 1211 4276 loquitur
1236 4216 1391 4258 sacra
1416 4198 1720 4269 Scriptura,
1752 4198 2045 4267 aliquando

469 4304 613 4358 enim
666 4300 863 4354 Filium
909 4296 1086 4351 solum
1125 4293 1394 4355 nominat,
1445 4290 1741 4358 aliquando
1780 4288 2042 4358 Spiritum

469 4410 591 4451 cum
617 4392 775 4456 Filio,
805 4384 1145 4454 aliasincipit
1190 4399 1221 4437 a
1259 4381 1729 4448 Patre,desinitin
1753 4381 2043 4451 Spiritum,

470 4495 525 4541 et
551 4493 742 4540 contra
791 4478 977 4548 incipit
1027 4492 1059 4529 a
1104 4472 1332 4543 Spiritu,
1391 4474 1676 4529 descendit
1712 4489 1809 4544 per
1843 4472 2041 4528 Filium

471 4579 538 4633 ad
562 4574 803 4639 Patrem,
830 4572 1014 4640 itaque
1058 4568 1197 4623 solet
1230 4566 1466 4621 maxime
1494 4576 1716 4621 sanctus
1742 4565 1968 4624 Paulus.

2137 3214 2228 3250 τια
2262 3197 2369 3247 τῶν
2393 3193 2763 3261 ἀναιρούντων
2796 3188 2967 3256 δήμου
2999 3182 3216 3254 δημίου.
3252 3182 3351 3235 Διά
3374 3197 3433 3232 τε
3460 3174 3552 3232 οὖν
3577 3177 3722 3232 ἄλλα

2140 3288 2235 3341 καὶ
2273 3284 2362 3338 διὰ
2393 3284 2480 3337 τὸν
2517 3281 2686 3335 Λίϐυν
2726 3277 3033 3340 Σαϐέλλιον,
3071 3271 3507 3345 προανακόπτων
3545 3267 3723 3323 αὐτοῦ

2141 3380 2249 3433 τῶν
2295 3374 2636 3445 Ἐκκλησιῶν
2663 3372 2763 3441 τὴν
2799 3369 3024 3440 βλάϐην,
3053 3366 3292 3420 δείκνυσι
3324 3364 3452 3437 [814
3482 3361 3573 3433 IL]
3618 3362 3727 3432 μὲν

2141 3468 2333 3525 ἑαυτὸν
2376 3469 2433 3521 ἐν
2492 3466 2597 3536 ἰδίᾳ
2625 3464 2719 3517 καὶ
2753 3460 3029 3516 αὐτοτελεῖ
3065 3458 3215 3529 δόξῃ,
3251 3456 3491 3509 δείκνυσι
3523 3451 3581 3506 δὲ
3623 3449 3728 3506 καὶ

2140 3563 2235 3615 τὸν
2261 3560 2390 3613 Υἱὸν
2421 3560 2479 3610 ὲν
2526 3552 2918 3625 ἁπηρτισμένῳ
2976 3548 3275 3621 προσώπῳ.
3311 3546 3525 3614 Ἱστησι
3562 3542 3623 3597 δὲ
3661 3542 3733 3594 ὲκ

2143 3650 2335 3717 δεξιῶν
2374 3646 2562 3709 αὐτοῦ,
2616 3646 2703 3698 ἵνα
2749 3646 2813 3714 τῇ
2847 3642 3213 3710 διευκρινήσει
3260 3637 3370 3690 τῶν
3404 3634 3729 3707 προσώπων

2145 3741 2463 3817 ὲρμηνεύσῃ
2493 3740 2591 3801 τὰς
2626 3736 2970 3796 ὑποστάσεις.
2993 3734 3102 3786 Καὶ
3135 3731 3195 3784 τὸ
3221 3729 3443 3798 Πνεῦμα
3470 3726 3532 3780 τὸ
3562 3726 3732 3795 ἅγιον

2148 3836 2541 3891 συντέτακται·
2576 3830 2671 3883 καὶ
2705 3830 2813 3900 γὰρ
2858 3828 3122 3897 προεῖπεν
3144 3840 3157 3853 ·
3209 3823 3316 3877 Καὶ
3347 3825 3458 3875 οὐκ
3498 3819 3736 3887 ἴσχυον

2145 3923 2503 3991 ἀντιστῆναι
2526 3920 2600 3988 τῇ
2628 3920 2815 3988 σοφίῃ
2853 3916 2950 3970 καὶ
2976 3915 3054 3980 τῷ
3079 3914 3392 3981 πνεύματι,
3416 3904 3464 3977 ᾧ
3490 3907 3734 3966 ἐλάλει.

2159 4017 2289 4071 Ἰδοὺ
2315 4016 2518 4079 τοίνυν,
2563 4012 2660 4065 καὶ
2697 4010 2756 4062 τὸ
2780 4007 2873 4062 τοῦ
2910 4006 3225 4076 Πνεύματος
3263 4005 3395 4074 ἡμῖν
3430 4001 3738 4072 πρόσωπον

2148 4107 2417 4180 εύκρινῶς
2445 4108 2472 4158 6
2500 4104 2672 4171 Λόγος
2699 4101 3024 4169 ύπέστησεν.
3054 4099 3117 4150 Et
3142 4096 3199 4149 δὲ
3240 4094 3299 4147 τὸ
3335 4092 3560 4160 Πνεῦμα
3588 4089 3741 4159 πρό-

2146 4221 2302 4274 τερον
2326 4201 2655 4269 γέγραπται,
2674 4195 2862 4246 ἔπειτα
2882 4191 2935 4244 δὲ
2967 4191 2994 4241 6
3028 4188 3214 4259 Πατὴρ
3232 4187 3328 4239 καὶ
3351 4188 3378 4238 6
3409 4183 3738 4250 Υἱὸς,οὑδὲν

2146 4297 2246 4366 τῆς
2276 4291 2485 4355 τάξεως
2521 4292 2554 4357 ἡ
2588 4284 2859 4354 ὲναλλαγὴ
2896 4285 2962 4352 τῇ
3000 4282 3181 4334 πίστει
3216 4277 3563 4348 λυμαίνεται.
3596 4274 3742 4328 Σύνα-

2149 4388 2279 4459 ηθες
2311 4383 2421 4453 γὰρ
2451 4379 2610 4434 τοῦτο
2633 4381 2699 4449 τῇ
2730 4377 2920 4447 Γραφῇ
2940 4391 2955 4404 ⁸
2991 4373 3121 4427 ποτὲ
3161 4373 3257 4443 μὲν
3286 4368 3609 4439 ὀνομάζειπν
3644 4368 3741 4421 τὸν

2154 4476 2278 4530 Υίὸν
2314 4473 2476 4543 μόνον
2496 4469 2562 4533 ⁵⁸,
2598 4467 2728 4520 ποτὲ
2756 4466 2813 4518 δὲ
2858 4465 2920 4517 τὸ
2976 4465 3199 4533 Πνεῦμα
3226 4465 3321 4516 σὺν
3348 4461 3425 4532 τῷ
3453 4459 3567 4530 λ’ἱῴ
3588 4476 3603 4490 ·
3641 4459 3745 4513 ἄλ-

2156 4572 2278 4623 λοτε
2314 4564 2371 4619 δὲ
2403 4564 2633 4633 ἄρχεται
2668 4560 2768 4628 μὲν
2800 4556 2894 4610 τοῦ
2928 4558 3163 4627 Πατρὸς,
3212 4554 3510 4623 καταλήγει
3554 4551 3614 4604 δὲ
3659 4552 3747 4613 εἰς

473 4671 535 4727 τὸ
565 4669 810 4739 Πνεῦμα,
845 4666 940 4720 καὶ
973 4664 1035 4718 τὸ
1064 4662 1332 4718 ἀνάπαλιν
1377 4662 1555 4733 ἀρχὴν
1585 4662 1684 4732 μὲν
1718 4668 1957 4720 ποιεῖται
2009 4674 2072 4727 ab
2108 4664 2361 4734 Πνεῦμα,
2404 4658 2580 4713 ὁδεύει
2632 4658 2687 4709 δὲ
2747 4656 2837 4709 διὰ
2886 4654 2981 4707 τοῦ
3035 4652 3163 4707 Υίοῦ
3213 4652 3307 4705 ἐπὶ
3349 4650 3441 4703 τὸν
3483 4650 3747 4720 Πατέρα.

472 4762 585 4815 Καὶ
623 4759 687 4812 τὸ
763 4756 961 4825 ἰδίωμα
997 4753 1155 4807 τοῦτο
1195 4753 1429 4823 μάλιστα
1453 4753 1530 4824 τῷ
1552 4753 1680 4826 θείῳ
1719 4757 2065 4832 συντηρεῐται
2100 4754 2320 4824 Παύλῳ,
3367 4766 3377 4777 -

477 4900 734 4972 Ejusdem
763 4895 963 4972 Asterii
1012 4895 1065 4945 in
1105 4892 1200 4972 illa
1228 4892 1382 4972 uerbo
1415 4910 1434 4972 ς
1469 4910 1487 4972 ι
1522 4891 1697 4949 Homo
1720 4894 1939 4964 quidam
1985 4896 2051 4949 ab

902 4962 1201 5017 Jerusalem
1234 4964 1284 5016 in
1319 4962 1551 5015 Iericho.
1603 4983 1620 5015 ι

546 5058 818 5127 Quidnam
843 5053 1093 5109 Christus
1117 5053 1183 5107 ad
1216 5053 1348 5122 legis
1386 5055 1617 5123 peritum
1659 5071 1717 5110 se
1750 5065 2048 5112 tentantem

550 5251 577 5291 ι)
618 5239 753 5295 Luc.
797 5247 918 5298 xm,
955 5234 1005 5285 7.
1084 5243 1111 5281 (ι
1143 5231 1276 5287 Luc.
1318 5246 1413 5297 vn,
1452 5231 1541 5285 ⁸57.
1625 5242 1645 5267 τ
1670 5231 1789 5287 Act.
1819 5247 1918 5297 vn,
1943 5230 2032 5285 60.

2167 4888 2279 4946 Τοῦ
2329 4883 2517 4940 αὑτοῦ
2546 4885 2631 4947 είς
2665 4880 2754 4943 τὸ,
2792 4899 2809 4929 ι
2844 4878 3185 4947 Ἄνθρωπός
3237 4893 3327 4947 τις
3383 4873 3757 4930 κατέϐαινεν

2389 4954 2506 5009 ἀπὸ
2549 4943 2950 5020 Ἰἑρουσαλὴμ
2981 4943 3075 5013 εἰς
3105 4943 3354 5015 Ἰεριχὼ.
3406 4963 3425 4997 ι

2228 5050 2296 5104 Τί
2322 5047 2501 5101 τοίνυν
2526 5047 2554 5099 6
2593 5042 2826 5115 Χριστὸς
2857 5041 2995 5110 πρὸς
3025 5038 3118 5094 τὸν
3148 5036 3481 5110 πειράζοντα
3510 5037 3757 5110 νομικόν

2113 5240 2135 5267 δ
2173 5227 2309 5282 Ibid.
2336 5224 2423 5280 58.
2509 5226 2526 5259 ί
2551 5225 2740 5280 Actor.
2782 5235 2859 5287 vr,
2896 5220 2985 5275 10.

1773 5388 2012 5444 VARUE
2051 5384 2451 5443 LECTlONES.

554 5542 599 5573 “
637 5539 1071 5611 (inpedimentum.~
1112 5552 1173 5597 ς.

1286 5534 1327 5565 ⁶¹
1360 5533 1453 5585 τοῦ
1532 5531 1694 5584 αὑτοῦ
1736 5535 1834 5585 Α;
1890 5531 1984 5583 τοῦ
2052 5528 2218 5582 αὐτοῦ
2306 5528 2575 5599 μακαρίου
2654 5520 2944 5599 ἈστερίουΔ
2974 5518 3274 5599 ἐπισκόπου
3346 5512 3652 5599 ξΑμασείαζς
3684 5530 3755 5599 Ξ.

482 5612 528 5642 δ’
1113 5584 1494 5679 γνώριμονᾼ.
1574 5601 1617 5632 ³³
1653 5584 1885 5655 αἰτεῖται
1927 5600 2035 5655 τῶν
2089 5584 2318 5670 ἐχθρῶν’
2350 5598 2409 5651 τὸ
2440 5584 2744 5668 ἇμάρτημα
2766 5584 3020 5661 γένέσυαι
3055 5606 3116 5653 ς’.
3192 5589 3240 5623 ⁸⁸
3269 5584 3479 5655 ταύτην
3512 5584 3649 5639 add.
3686 5584 3759 5643 Β,

482 5680 529 5714 ⁸³
552 5672 837 5753 ὀνομάζειν
857 5672 927 5733 ’ΒΖ
1004 5672 1241 5745 ’⁵⁸’μόνον
1268 5672 1356 5726 τὸν
1387 5672 1500 5726 υἱὸν
1524 5688 1582 5735 ς’.
