  <div class='ocr_page' id='page_1' title='image "/cluster/home/n/w/nwhite01/storage/ocr_20150623/104 pt.4/mdp.39015061931229/112.png"; bbox 0 0 3922 6242; ppageno 0'>
   <div class='ocr_carea' id='block_1_1' title="bbox 291 306 406 372">
    <p class='ocr_par' dir='ltr' id='par_1_1' title="bbox 291 306 406 372">
     <span class='ocr_line' id='line_1_1' title="bbox 291 306 406 372; baseline 0 -1"><span class='ocrx_word' id='word_1_1' title='bbox 291 306 406 372; x_wconf 72' lang='grc' dir='ltr'><strong>2θ5</strong></span> 
     </span>
    </p>
   </div>
   <div class='ocr_carea' id='block_1_2' title="bbox 1337 326 2501 402">
    <p class='ocr_par' dir='ltr' id='par_1_2' title="bbox 1337 326 2501 402">
     <span class='ocr_line' id='line_1_2' title="bbox 1337 326 2501 402; baseline 0.015 -20"><span class='ocrx_word' id='word_1_2' title='bbox 1337 326 1859 388; x_wconf 71' lang='lat' dir='ltr'><strong>BIBLIOTHECA.</strong></span> <span class='ocrx_word' id='word_1_3' title='bbox 1898 353 1968 364; x_wconf 92' lang='grc'><strong><em>-</em></strong></span> <span class='ocrx_word' id='word_1_4' title='bbox 2004 330 2169 392; x_wconf 88' lang='lat' dir='ltr'><strong>COD.</strong></span> <span class='ocrx_word' id='word_1_5' title='bbox 2206 334 2501 402; x_wconf 71' lang='lat' dir='ltr'><strong>CCLXXI.</strong></span> 
     </span>
    </p>
   </div>
   <div class='ocr_carea' id='block_1_3' title="bbox 3461 359 3569 427">
    <p class='ocr_par' dir='ltr' id='par_1_3' title="bbox 3461 359 3569 427">
     <span class='ocr_line' id='line_1_3' title="bbox 3461 359 3569 427; baseline 0.019 -1"><span class='ocrx_word' id='word_1_6' title='bbox 3461 359 3569 427; x_wconf 74' lang='grc'><strong>206</strong></span> 
     </span>
    </p>
   </div>
   <div class='ocr_carea' id='block_1_4' title="bbox 292 426 1845 537">
    <p class='ocr_par' dir='ltr' id='par_1_4' title="bbox 292 426 1845 513">
     <span class='ocr_line' id='line_1_4' title="bbox 292 426 1845 513; baseline 0.013 -39"><span class='ocrx_word' id='word_1_7' title='bbox 292 440 492 493; x_wconf 59' lang='lat' dir='ltr'><strong>(pne-tv;</strong></span> <span class='ocrx_word' id='word_1_8' title='bbox 524 426 625 479; x_wconf 75' lang='grc' dir='ltr'><strong>Ἐν</strong></span> <span class='ocrx_word' id='word_1_9' title='bbox 648 426 730 492; x_wconf 83' lang='grc' dir='ltr'>τῷ</span> <span class='ocrx_word' id='word_1_10' title='bbox 756 431 919 500; x_wconf 80' lang='grc' dir='ltr'><strong>νόμῳ</strong></span> <span class='ocrx_word' id='word_1_11' title='bbox 957 435 1013 486; x_wconf 82' lang='grc' dir='ltr'><em>τί</em></span> <span class='ocrx_word' id='word_1_12' title='bbox 1038 436 1363 505; x_wconf 60' lang='grc' dir='ltr'>γέγραπται</span> <span class='ocrx_word' id='word_1_13' title='bbox 1380 458 1399 505; x_wconf 85' lang='lat'><strong><em>;</em></strong></span> <span class='ocrx_word' id='word_1_14' title='bbox 1431 443 1845 513; x_wconf 67' lang='grc' dir='ltr'>ὑπομιμνήσκωε</span> 
     </span>
    </p>
   </div>
   <div class='ocr_carea' id='block_1_5' title="bbox 1950 426 3560 537">
    <p class='ocr_par' dir='ltr' id='par_1_5' title="bbox 1970 447 3560 537">
     <span class='ocr_line' id='line_1_5' title="bbox 1970 447 3560 537; baseline 0.019 -36"><span class='ocrx_word' id='word_1_15' title='bbox 1970 447 2111 501; x_wconf 77' lang='lat' dir='ltr'><strong>dixit</strong></span> <span class='ocrx_word' id='word_1_16' title='bbox 2143 467 2156 503; x_wconf 88' lang='lat'><strong>:</strong></span> <span class='ocrx_word' id='word_1_17' title='bbox 2195 448 2337 514; x_wconf 83' lang='lat' dir='ltr'><strong>Quid</strong></span> <span class='ocrx_word' id='word_1_18' title='bbox 2385 456 2637 525; x_wconf 83' lang='lat' dir='ltr'><strong>scriptum</strong></span> <span class='ocrx_word' id='word_1_19' title='bbox 2689 471 2765 516; x_wconf 82' lang='lat' dir='ltr'><strong>est</strong></span> <span class='ocrx_word' id='word_1_20' title='bbox 2806 463 2863 517; x_wconf 89' lang='lat' dir='ltr'><strong>in</strong></span> <span class='ocrx_word' id='word_1_21' title='bbox 2890 465 2997 537; x_wconf 85' lang='lat' dir='ltr'><strong>lege</strong></span> <span class='ocrx_word' id='word_1_22' title='bbox 3023 466 3088 522; x_wconf 72' lang='lat' dir='ltr'><strong>u?</strong></span> <span class='ocrx_word' id='word_1_23' title='bbox 3123 467 3183 524; x_wconf 80' lang='lat' dir='ltr'><strong>in</strong></span> <span class='ocrx_word' id='word_1_24' title='bbox 3238 477 3560 533; x_wconf 83' lang='lat' dir='ltr'><strong>memoriam</strong></span> 
     </span>
    </p>
   </div>
   <div class='ocr_carea' id='block_1_6' title="bbox 287 518 1872 605">
    <p class='ocr_par' dir='ltr' id='par_1_6' title="bbox 287 518 1872 605">
     <span class='ocr_line' id='line_1_6' title="bbox 287 518 1872 605; baseline 0.015 -37"><span class='ocrx_word' id='word_1_25' title='bbox 287 518 456 570; x_wconf 68' lang='grc' dir='ltr'>αὑτὸν</span> <span class='ocrx_word' id='word_1_26' title='bbox 490 522 587 587; x_wconf 84' lang='grc' dir='ltr'>τῆς</span> <span class='ocrx_word' id='word_1_27' title='bbox 614 522 753 591; x_wconf 81' lang='grc' dir='ltr'>πρὸς</span> <span class='ocrx_word' id='word_1_28' title='bbox 777 523 910 577; x_wconf 84' lang='grc' dir='ltr'><strong>Θεὸν</strong></span> <span class='ocrx_word' id='word_1_29' title='bbox 954 529 1047 580; x_wconf 71' lang='grc' dir='ltr'><strong>καὶ</strong></span> <span class='ocrx_word' id='word_1_30' title='bbox 1087 529 1245 599; x_wconf 59' lang='grc' dir='ltr'>τῆςδτ</span> <span class='ocrx_word' id='word_1_31' title='bbox 1300 533 1439 603; x_wconf 69' lang='grc' dir='ltr'>πρὸς</span> <span class='ocrx_word' id='word_1_32' title='bbox 1483 537 1607 598; x_wconf 84' lang='grc' dir='ltr'>τοὺς</span> <span class='ocrx_word' id='word_1_33' title='bbox 1643 535 1872 605; x_wconf 76' lang='grc' dir='ltr'>πλησίον</span> 
     </span>
    </p>
   </div>
   <div class='ocr_carea' id='block_1_7' title="bbox 285 607 1871 699">
    <p class='ocr_par' dir='ltr' id='par_1_7' title="bbox 285 607 1871 699">
     <span class='ocr_line' id='line_1_7' title="bbox 285 607 1871 699; baseline 0.016 -40"><span class='ocrx_word' id='word_1_34' title='bbox 285 607 533 679; x_wconf 78' lang='grc' dir='ltr'><strong>ἀγάπης,</strong></span> <span class='ocrx_word' id='word_1_35' title='bbox 573 614 736 681; x_wconf 84' lang='grc' dir='ltr'>μόνον</span> <span class='ocrx_word' id='word_1_36' title='bbox 772 618 893 685; x_wconf 79' lang='grc' dir='ltr'>οὐχὶ</span> <span class='ocrx_word' id='word_1_37' title='bbox 920 616 1116 685; x_wconf 84' lang='grc' dir='ltr'>λέγων,</span> <span class='ocrx_word' id='word_1_38' title='bbox 1148 623 1223 685; x_wconf 81' lang='grc' dir='ltr'>ὡς</span> <span class='ocrx_word' id='word_1_39' title='bbox 1248 624 1309 676; x_wconf 83' lang='lat' dir='ltr'><strong>Ei</strong></span> <span class='ocrx_word' id='word_1_40' title='bbox 1335 627 1435 694; x_wconf 84' lang='grc' dir='ltr'><strong>μὲν</strong></span> <span class='ocrx_word' id='word_1_41' title='bbox 1468 628 1602 693; x_wconf 78' lang='grc' dir='ltr'>Θεὸς</span> <span class='ocrx_word' id='word_1_42' title='bbox 1637 631 1750 699; x_wconf 80' lang='grc' dir='ltr'><strong>ἐγώ</strong></span> <span class='ocrx_word' id='word_1_43' title='bbox 1790 651 1871 687; x_wconf 84' lang='grc' dir='ltr'><strong>σοι</strong></span> 
     </span>
    </p>
   </div>
   <div class='ocr_carea' id='block_1_8' title="bbox 284 698 1872 786">
    <p class='ocr_par' dir='ltr' id='par_1_8' title="bbox 284 698 1872 786">
     <span class='ocr_line' id='line_1_8' title="bbox 284 698 1872 786; baseline 0.017 -36"><span class='ocrx_word' id='word_1_44' title='bbox 284 698 452 764; x_wconf 82' lang='grc' dir='ltr'>δοκῶ,</span> <span class='ocrx_word' id='word_1_45' title='bbox 476 702 720 770; x_wconf 73' lang='grc' dir='ltr'><strong>ὀφείλεις</strong></span> <span class='ocrx_word' id='word_1_46' title='bbox 754 723 844 775; x_wconf 90' lang='grc' dir='ltr'><strong>μοι</strong></span> <span class='ocrx_word' id='word_1_47' title='bbox 874 707 972 778; x_wconf 81' lang='grc' dir='ltr'><strong>τὴν</strong></span> <span class='ocrx_word' id='word_1_48' title='bbox 999 712 1278 784; x_wconf 69' lang='grc' dir='ltr'>ἀγάπηνδδ</span> <span class='ocrx_word' id='word_1_49' title='bbox 1301 732 1314 744; x_wconf 92' lang='grc'><strong>·</strong></span> <span class='ocrx_word' id='word_1_50' title='bbox 1339 718 1387 769; x_wconf 78' lang='grc' dir='ltr'><strong>εί</strong></span> <span class='ocrx_word' id='word_1_51' title='bbox 1419 718 1467 769; x_wconf 83' lang='grc' dir='ltr'>δ’</span> <span class='ocrx_word' id='word_1_52' title='bbox 1501 698 1753 786; x_wconf 77' lang='grc' dir='ltr'>ἀπιστεῖς</span> <span class='ocrx_word' id='word_1_53' title='bbox 1776 724 1872 776; x_wconf 75' lang='grc' dir='ltr'>καὶ</span> 
     </span>
    </p>
   </div>
   <div class='ocr_carea' id='block_1_9' title="bbox 282 788 1869 876">
    <p class='ocr_par' dir='ltr' id='par_1_9' title="bbox 282 788 1869 876">
     <span class='ocr_line' id='line_1_9' title="bbox 282 788 1869 876; baseline 0.017 -36"><span class='ocrx_word' id='word_1_54' title='bbox 282 788 478 859; x_wconf 79' lang='grc' dir='ltr'>ὅμοιόν</span> <span class='ocrx_word' id='word_1_55' title='bbox 500 808 583 846; x_wconf 86' lang='grc' dir='ltr'><strong>σοι</strong></span> <span class='ocrx_word' id='word_1_56' title='bbox 618 795 863 865; x_wconf 76' lang='grc' dir='ltr'><strong>νομίζεις</strong></span> <span class='ocrx_word' id='word_1_57' title='bbox 897 800 999 867; x_wconf 75' lang='grc' dir='ltr'><strong>ἐμὲ</strong></span> <span class='ocrx_word' id='word_1_58' title='bbox 1030 802 1240 870; x_wconf 65' lang='grc' dir='ltr'>ψιλὸνδθ</span> <span class='ocrx_word' id='word_1_59' title='bbox 1267 805 1577 876; x_wconf 75' lang='grc' dir='ltr'>ἄνθρωπον,</span> <span class='ocrx_word' id='word_1_60' title='bbox 1604 813 1698 864; x_wconf 63' lang='grc' dir='ltr'><strong>καὶ¹</strong></span> <span class='ocrx_word' id='word_1_61' title='bbox 1724 812 1869 866; x_wconf 75' lang='grc' dir='ltr'>οὕτω</span> 
     </span>
    </p>
   </div>
   <div class='ocr_carea' id='block_1_10' title="bbox 281 879 1869 971">
    <p class='ocr_par' dir='ltr' id='par_1_10' title="bbox 281 879 1869 971">
     <span class='ocr_line' id='line_1_10' title="bbox 281 879 1869 971; baseline 0.017 -41"><span class='ocrx_word' id='word_1_62' title='bbox 281 879 348 932; x_wconf 75' lang='grc' dir='ltr'><strong>τὸ</strong></span> <span class='ocrx_word' id='word_1_63' title='bbox 394 882 620 953; x_wconf 76' lang='grc' dir='ltr'>ἀγαπᾷν</span> <span class='ocrx_word' id='word_1_64' title='bbox 668 892 969 957; x_wconf 88' lang='grc' dir='ltr'>χρεωστεῖς</span> <span class='ocrx_word' id='word_1_65' title='bbox 1014 893 1156 945; x_wconf 71' lang='grc' dir='ltr'>κατὰ</span> <span class='ocrx_word' id='word_1_66' title='bbox 1209 894 1299 949; x_wconf 78' lang='grc' dir='ltr'>τὸν</span> <span class='ocrx_word' id='word_1_67' title='bbox 1348 898 1534 967; x_wconf 78' lang='grc' dir='ltr'>νόμον.</span> <span class='ocrx_word' id='word_1_68' title='bbox 1580 900 1869 971; x_wconf 80' lang='grc' dir='ltr'>Ἀδελφοὺς</span> 
     </span>
    </p>
   </div>
   <div class='ocr_carea' id='block_1_11' title="bbox 281 970 1870 1060">
    <p class='ocr_par' dir='ltr' id='par_1_11' title="bbox 281 970 1870 1060">
     <span class='ocr_line' id='line_1_11' title="bbox 281 970 1870 1060; baseline 0.016 -40"><span class='ocrx_word' id='word_1_69' title='bbox 281 970 563 1042; x_wconf 80' lang='grc' dir='ltr'>καλοῦμεν</span> <span class='ocrx_word' id='word_1_70' title='bbox 594 975 859 1041; x_wconf 73' lang='grc' dir='ltr'><strong>ἐκείνους,</strong></span> <span class='ocrx_word' id='word_1_71' title='bbox 882 979 931 1030; x_wconf 73' lang='grc' dir='ltr'>οἳ</span> <span class='ocrx_word' id='word_1_72' title='bbox 957 980 1017 1045; x_wconf 81' lang='grc' dir='ltr'>ἐξ</span> <span class='ocrx_word' id='word_1_73' title='bbox 1046 983 1165 1046; x_wconf 81' lang='grc' dir='ltr'>ἐνὸς</span> <span class='ocrx_word' id='word_1_74' title='bbox 1192 983 1400 1053; x_wconf 77' lang='grc' dir='ltr'>ἔφυσαν</span> <span class='ocrx_word' id='word_1_75' title='bbox 1433 970 1756 1060; x_wconf 86' lang='grc' dir='ltr'>σπέρματος</span> <span class='ocrx_word' id='word_1_76' title='bbox 1774 994 1870 1047; x_wconf 79' lang='grc' dir='ltr'>καὶ</span> 
     </span>
    </p>
   </div>
   <div class='ocr_carea' id='block_1_12' title="bbox 283 1060 1868 1151">
    <p class='ocr_par' dir='ltr' id='par_1_12' title="bbox 283 1060 1868 1151">
     <span class='ocr_line' id='line_1_12' title="bbox 283 1060 1868 1151; baseline 0.016 -42"><span class='ocrx_word' id='word_1_77' title='bbox 283 1060 423 1128; x_wconf 75' lang='grc' dir='ltr'>μιᾶς</span> <span class='ocrx_word' id='word_1_78' title='bbox 456 1064 714 1133; x_wconf 81' lang='grc' dir='ltr'>γαστρός.</span> <span class='ocrx_word' id='word_1_79' title='bbox 759 1069 817 1119; x_wconf 83' lang='grc' dir='ltr'>οε</span> <span class='ocrx_word' id='word_1_80' title='bbox 848 1068 905 1119; x_wconf 89' lang='grc' dir='ltr'>δὲ</span> <span class='ocrx_word' id='word_1_81' title='bbox 933 1070 1025 1123; x_wconf 83' lang='grc' dir='ltr'><strong>τὸν</strong></span> <span class='ocrx_word' id='word_1_82' title='bbox 1064 1073 1226 1125; x_wconf 85' lang='grc' dir='ltr'>αὐτὸν</span> <span class='ocrx_word' id='word_1_83' title='bbox 1257 1074 1472 1145; x_wconf 79' lang='grc' dir='ltr'>ἔχοντες</span> <span class='ocrx_word' id='word_1_84' title='bbox 1505 1080 1735 1151; x_wconf 84' lang='grc' dir='ltr'>ποιητὴν</span> <span class='ocrx_word' id='word_1_85' title='bbox 1773 1085 1868 1136; x_wconf 71' lang='grc' dir='ltr'><strong>καὶ</strong></span> 
     </span>
    </p>
   </div>
   <div class='ocr_carea' id='block_1_13' title="bbox 281 1149 1868 1242">
    <p class='ocr_par' dir='ltr' id='par_1_13' title="bbox 281 1149 1868 1242">
     <span class='ocr_line' id='line_1_13' title="bbox 281 1149 1868 1242; baseline 0.018 -43"><span class='ocrx_word' id='word_1_86' title='bbox 281 1149 419 1218; x_wconf 74' lang='grc' dir='ltr'>μίαν</span> <span class='ocrx_word' id='word_1_87' title='bbox 479 1154 696 1224; x_wconf 78' lang='grc' dir='ltr'>μητέρα</span> <span class='ocrx_word' id='word_1_88' title='bbox 737 1158 838 1226; x_wconf 84' lang='grc' dir='ltr'><strong>τὴν</strong></span> <span class='ocrx_word' id='word_1_89' title='bbox 880 1160 1005 1229; x_wconf 84' lang='grc' dir='ltr'>γῆν,</span> <span class='ocrx_word' id='word_1_90' title='bbox 1057 1164 1151 1232; x_wconf 85' lang='grc' dir='ltr'><strong>ἀφ’</strong></span> <span class='ocrx_word' id='word_1_91' title='bbox 1196 1160 1265 1236; x_wconf 82' lang='grc' dir='ltr'>ἦς</span> <span class='ocrx_word' id='word_1_92' title='bbox 1298 1149 1725 1242; x_wconf 82' lang='grc' dir='ltr'>διεπλάσθημεν,</span> <span class='ocrx_word' id='word_1_93' title='bbox 1773 1174 1868 1227; x_wconf 80' lang='grc' dir='ltr'><strong>καὶ</strong></span> 
     </span>
    </p>
   </div>
   <div class='ocr_carea' id='block_1_14' title="bbox 274 1240 1869 1323">
    <p class='ocr_par' dir='ltr' id='par_1_14' title="bbox 274 1240 1869 1323">
     <span class='ocr_line' id='line_1_14' title="bbox 274 1240 1869 1323; baseline 0.017 -32"><span class='ocrx_word' id='word_1_94' title='bbox 274 1240 462 1311; x_wconf 69' lang='grc' dir='ltr'>ψυχῆς</span> <span class='ocrx_word' id='word_1_95' title='bbox 491 1245 711 1316; x_wconf 83' lang='grc' dir='ltr'>ἀξίωμα</span> <span class='ocrx_word' id='word_1_96' title='bbox 746 1251 1151 1321; x_wconf 83' lang='grc' dir='ltr'>παραπλήσιον,</span> <span class='ocrx_word' id='word_1_97' title='bbox 1177 1256 1457 1323; x_wconf 74' lang='grc' dir='ltr'>εὐσεὸείας</span> <span class='ocrx_word' id='word_1_98' title='bbox 1496 1262 1554 1313; x_wconf 84' lang='grc' dir='ltr'><strong>δὲ</strong></span> <span class='ocrx_word' id='word_1_99' title='bbox 1585 1240 1677 1315; x_wconf 77' lang='grc' dir='ltr'>καὶ</span> <span class='ocrx_word' id='word_1_100' title='bbox 1716 1266 1869 1317; x_wconf 74' lang='grc' dir='ltr'>πολι-</span> 
     </span>
    </p>
   </div>
   <div class='ocr_carea' id='block_1_15' title="bbox 272 1336 1866 1432">
    <p class='ocr_par' dir='ltr' id='par_1_15' title="bbox 272 1336 1866 1432">
     <span class='ocr_line' id='line_1_15' title="bbox 272 1336 1866 1432; baseline 0.018 -46"><span class='ocrx_word' id='word_1_101' title='bbox 272 1336 433 1399; x_wconf 80' lang='grc' dir='ltr'>τείας</span> <span class='ocrx_word' id='word_1_102' title='bbox 460 1338 555 1391; x_wconf 77' lang='grc' dir='ltr'><strong>ἕνα</strong></span> <span class='ocrx_word' id='word_1_103' title='bbox 582 1341 806 1413; x_wconf 80' lang='grc' dir='ltr'>θεσμὸν,</span> <span class='ocrx_word' id='word_1_104' title='bbox 842 1347 935 1399; x_wconf 80' lang='grc' dir='ltr'>καὶ</span> <span class='ocrx_word' id='word_1_105' title='bbox 957 1348 1058 1417; x_wconf 81' lang='grc' dir='ltr'>τὴν</span> <span class='ocrx_word' id='word_1_106' title='bbox 1090 1349 1280 1406; x_wconf 76' lang='grc' dir='ltr'>ἐλπίδα</span> <span class='ocrx_word' id='word_1_107' title='bbox 1307 1354 1401 1407; x_wconf 81' lang='grc' dir='ltr'>τοῦ</span> <span class='ocrx_word' id='word_1_108' title='bbox 1442 1357 1730 1423; x_wconf 76' lang='grc' dir='ltr'>μέλλοντος</span> <span class='ocrx_word' id='word_1_109' title='bbox 1767 1363 1866 1432; x_wconf 73' lang='grc' dir='ltr'><strong>τὴν</strong></span> 
     </span>
    </p>
   </div>
   <div class='ocr_carea' id='block_1_16' title="bbox 270 1428 1864 1521">
    <p class='ocr_par' dir='ltr' id='par_1_16' title="bbox 270 1428 1864 1521">
     <span class='ocr_line' id='line_1_16' title="bbox 270 1428 1864 1521; baseline 0.019 -43"><span class='ocrx_word' id='word_1_110' title='bbox 270 1428 475 1500; x_wconf 76' lang='grc' dir='ltr'>αὐτὴν,</span> <span class='ocrx_word' id='word_1_111' title='bbox 512 1432 630 1494; x_wconf 83' lang='grc' dir='ltr'><strong>πῶς</strong></span> <span class='ocrx_word' id='word_1_112' title='bbox 676 1436 736 1487; x_wconf 77' lang='grc' dir='ltr'><strong>οὐ</strong></span> <span class='ocrx_word' id='word_1_113' title='bbox 777 1438 958 1509; x_wconf 84' lang='grc' dir='ltr'><strong>πάσης</strong></span> <span class='ocrx_word' id='word_1_114' title='bbox 1008 1442 1371 1517; x_wconf 77' lang='grc' dir='ltr'>ἀδελφότητος</span> <span class='ocrx_word' id='word_1_115' title='bbox 1408 1451 1503 1502; x_wconf 75' lang='grc' dir='ltr'><strong>καὶ</strong></span> <span class='ocrx_word' id='word_1_116' title='bbox 1549 1428 1864 1521; x_wconf 77' lang='grc' dir='ltr'>συγγενείας</span> 
     </span>
    </p>
   </div>
   <div class='ocr_carea' id='block_1_17' title="bbox 270 1520 1858 1615">
    <p class='ocr_par' dir='ltr' id='par_1_17' title="bbox 270 1520 1858 1615">
     <span class='ocr_line' id='line_1_17' title="bbox 270 1520 1858 1615; baseline 0.013 -39"><span class='ocrx_word' id='word_1_117' title='bbox 270 1520 447 1589; x_wconf 76' lang='grc' dir='ltr'>ἐσμὲν</span> <span class='ocrx_word' id='word_1_118' title='bbox 463 1522 708 1595; x_wconf 78' lang='grc' dir='ltr'><strong>ἀλλήλων</strong></span> <span class='ocrx_word' id='word_1_119' title='bbox 726 1529 1016 1601; x_wconf 84' lang='grc' dir='ltr'>ὲγγύτεροι</span> <span class='ocrx_word' id='word_1_120' title='bbox 1037 1550 1053 1599; x_wconf 89' lang='grc'><strong>;</strong></span> <span class='ocrx_word' id='word_1_121' title='bbox 1073 1536 1167 1588; x_wconf 76' lang='grc' dir='ltr'><strong>καὶ</strong></span> <span class='ocrx_word' id='word_1_122' title='bbox 1187 1538 1317 1590; x_wconf 82' lang='grc' dir='ltr'>ὅταν</span> <span class='ocrx_word' id='word_1_123' title='bbox 1346 1520 1635 1611; x_wconf 83' lang='grc' dir='ltr'>ἄνθρωπον</span> <span class='ocrx_word' id='word_1_124' title='bbox 1656 1520 1771 1615; x_wconf 80' lang='grc' dir='ltr'>ίδῃς</span> <span class='ocrx_word' id='word_1_125' title='bbox 1789 1548 1858 1610; x_wconf 82' lang='grc' dir='ltr'>⁸ο,</span> 
     </span>
    </p>
   </div>
   <div class='ocr_carea' id='block_1_18' title="bbox 271 1614 1862 1692">
    <p class='ocr_par' dir='ltr' id='par_1_18' title="bbox 271 1614 1862 1692">
     <span class='ocr_line' id='line_1_18' title="bbox 271 1614 1862 1692; baseline 0.016 -28"><span class='ocrx_word' id='word_1_126' title='bbox 271 1614 479 1667; x_wconf 84' lang='grc' dir='ltr'>σαυτὸν</span> <span class='ocrx_word' id='word_1_127' title='bbox 508 1618 640 1687; x_wconf 81' lang='grc' dir='ltr'>δρᾷς</span> <span class='ocrx_word' id='word_1_128' title='bbox 672 1620 732 1669; x_wconf 83' lang='grc' dir='ltr'><strong>ὲν</strong></span> <span class='ocrx_word' id='word_1_129' title='bbox 762 1621 976 1692; x_wconf 79' lang='grc' dir='ltr'>ἐκείνῳ.</span> <span class='ocrx_word' id='word_1_130' title='bbox 1004 1626 1099 1677; x_wconf 84' lang='grc' dir='ltr'>Δεῖ</span> <span class='ocrx_word' id='word_1_131' title='bbox 1123 1625 1215 1679; x_wconf 83' lang='grc' dir='ltr'><strong>οὖν</strong></span> <span class='ocrx_word' id='word_1_132' title='bbox 1240 1631 1335 1682; x_wconf 83' lang='grc' dir='ltr'><strong>καὶ</strong></span> <span class='ocrx_word' id='word_1_133' title='bbox 1372 1631 1439 1683; x_wconf 76' lang='grc' dir='ltr'>τὰ</span> <span class='ocrx_word' id='word_1_134' title='bbox 1483 1634 1694 1687; x_wconf 82' lang='grc' dir='ltr'>ἐκείνου</span> <span class='ocrx_word' id='word_1_135' title='bbox 1729 1637 1862 1689; x_wconf 88' lang='grc' dir='ltr'>θεω-</span> 
     </span>
    </p>
   </div>
   <div class='ocr_carea' id='block_1_19' title="bbox 270 1704 1861 1799">
    <p class='ocr_par' dir='ltr' id='par_1_19' title="bbox 270 1704 1861 1799">
     <span class='ocr_line' id='line_1_19' title="bbox 270 1704 1861 1799; baseline 0.018 -44"><span class='ocrx_word' id='word_1_136' title='bbox 270 1704 482 1774; x_wconf 76' lang='grc' dir='ltr'>ροῦντα</span> <span class='ocrx_word' id='word_1_137' title='bbox 512 1709 683 1778; x_wconf 81' lang='grc' dir='ltr'>πάθη,</span> <span class='ocrx_word' id='word_1_138' title='bbox 730 1710 909 1781; x_wconf 78' lang='grc' dir='ltr'>λιμὸν,</span> <span class='ocrx_word' id='word_1_139' title='bbox 959 1714 1141 1784; x_wconf 75' lang='grc' dir='ltr'>δίψαν,</span> <span class='ocrx_word' id='word_1_140' title='bbox 1173 1721 1513 1789; x_wconf 84' lang='grc' dir='ltr'>γυμνότητα,</span> <span class='ocrx_word' id='word_1_141' title='bbox 1561 1726 1661 1795; x_wconf 83' lang='grc' dir='ltr'><strong>τὴν</strong></span> <span class='ocrx_word' id='word_1_142' title='bbox 1693 1728 1861 1799; x_wconf 79' lang='grc' dir='ltr'>ἄλλην</span> 
     </span>
    </p>
   </div>
   <div class='ocr_carea' id='block_1_20' title="bbox 268 1794 1858 1891">
    <p class='ocr_par' dir='ltr' id='par_1_20' title="bbox 268 1794 1858 1891">
     <span class='ocr_line' id='line_1_20' title="bbox 268 1794 1858 1891; baseline 0.018 -44"><span class='ocrx_word' id='word_1_143' title='bbox 268 1794 489 1850; x_wconf 81' lang='grc' dir='ltr'><strong>ἔνδειαν</strong></span> <span class='ocrx_word' id='word_1_144' title='bbox 518 1800 612 1852; x_wconf 84' lang='grc' dir='ltr'>καὶ</span> <span class='ocrx_word' id='word_1_145' title='bbox 642 1802 741 1865; x_wconf 74' lang='grc' dir='ltr'>τὰς</span> <span class='ocrx_word' id='word_1_146' title='bbox 784 1805 975 1870; x_wconf 79' lang='grc' dir='ltr'>νόσους</span> <span class='ocrx_word' id='word_1_147' title='bbox 1005 1810 1097 1862; x_wconf 73' lang='grc' dir='ltr'><strong>καὶ</strong></span> <span class='ocrx_word' id='word_1_148' title='bbox 1131 1813 1256 1876; x_wconf 78' lang='grc' dir='ltr'>τοὺς</span> <span class='ocrx_word' id='word_1_149' title='bbox 1286 1813 1480 1879; x_wconf 78' lang='grc' dir='ltr'>ἄλλους</span> <span class='ocrx_word' id='word_1_150' title='bbox 1516 1825 1858 1891; x_wconf 77' lang='grc' dir='ltr'>πειρασμοὺς</span> 
     </span>
    </p>
   </div>
   <div class='ocr_carea' id='block_1_21' title="bbox 264 1885 1860 1978">
    <p class='ocr_par' dir='ltr' id='par_1_21' title="bbox 264 1885 1860 1978">
     <span class='ocr_line' id='line_1_21' title="bbox 264 1885 1860 1978; baseline 0.019 -42"><span class='ocrx_word' id='word_1_151' title='bbox 264 1885 348 1948; x_wconf 84' lang='grc' dir='ltr'>ὡς</span> <span class='ocrx_word' id='word_1_152' title='bbox 386 1888 570 1942; x_wconf 77' lang='grc' dir='ltr'>οἰκεῖα</span> <span class='ocrx_word' id='word_1_153' title='bbox 600 1892 749 1964; x_wconf 84' lang='grc' dir='ltr'>πάθη</span> <span class='ocrx_word' id='word_1_154' title='bbox 787 1896 880 1947; x_wconf 77' lang='grc' dir='ltr'><strong>καὶ</strong></span> <span class='ocrx_word' id='word_1_155' title='bbox 929 1901 1217 1972; x_wconf 74' lang='grc' dir='ltr'>συμφορὰς</span> <span class='ocrx_word' id='word_1_156' title='bbox 1268 1906 1581 1978; x_wconf 78' lang='grc' dir='ltr'>οἰκτείρειν.</span> <span class='ocrx_word' id='word_1_157' title='bbox 1623 1912 1860 1978; x_wconf 73' lang='grc' dir='ltr'>Πολλοὺς</span> 
     </span>
    </p>
   </div>
   <div class='ocr_carea' id='block_1_22' title="bbox 263 1975 1861 2075">
    <p class='ocr_par' dir='ltr' id='par_1_22' title="bbox 263 1975 1861 2075">
     <span class='ocr_line' id='line_1_22' title="bbox 263 1975 1861 2075; baseline 0.019 -47"><span class='ocrx_word' id='word_1_158' title='bbox 263 1975 526 2047; x_wconf 77' lang='grc' dir='ltr'>ἔγνωμεν</span> <span class='ocrx_word' id='word_1_159' title='bbox 570 1983 663 2034; x_wconf 74' lang='grc' dir='ltr'>ἐπὶ</span> <span class='ocrx_word' id='word_1_160' title='bbox 713 1985 815 2051; x_wconf 85' lang='grc' dir='ltr'><strong>μὲν</strong></span> <span class='ocrx_word' id='word_1_161' title='bbox 856 1989 967 2042; x_wconf 84' lang='grc' dir='ltr'><strong>τῶν</strong></span> <span class='ocrx_word' id='word_1_162' title='bbox 1019 1992 1191 2059; x_wconf 84' lang='grc' dir='ltr'>λόγων</span> <span class='ocrx_word' id='word_1_163' title='bbox 1248 1975 1691 2069; x_wconf 75' lang='grc' dir='ltr'>ὁμολογήσαντας</span> <span class='ocrx_word' id='word_1_164' title='bbox 1724 1975 1861 2075; x_wconf 43' lang='grc' dir='ltr'>προλ</span> 
     </span>
    </p>
   </div>
   <div class='ocr_carea' id='block_1_23' title="bbox 263 2069 1857 2166">
    <p class='ocr_par' dir='ltr' id='par_1_23' title="bbox 263 2069 1857 2166">
     <span class='ocr_line' id='line_1_23' title="bbox 263 2069 1857 2166; baseline 0.018 -44"><span class='ocrx_word' id='word_1_165' title='bbox 263 2069 640 2139; x_wconf 74' lang='grc' dir='ltr'>κινδυνεύειν,</span> <span class='ocrx_word' id='word_1_166' title='bbox 681 2077 773 2129; x_wconf 74' lang='grc' dir='ltr'><strong>ἐπὶ</strong></span> <span class='ocrx_word' id='word_1_167' title='bbox 799 2078 854 2131; x_wconf 83' lang='grc' dir='ltr'>δὲ</span> <span class='ocrx_word' id='word_1_168' title='bbox 892 2082 991 2151; x_wconf 84' lang='grc' dir='ltr'>τῆς</span> <span class='ocrx_word' id='word_1_169' title='bbox 1023 2084 1220 2156; x_wconf 87' lang='grc' dir='ltr'>πείρας</span> <span class='ocrx_word' id='word_1_170' title='bbox 1244 2087 1617 2161; x_wconf 68' lang='grc' dir='ltr'>ψευσαμένους</span> <span class='ocrx_word' id='word_1_171' title='bbox 1643 2099 1741 2166; x_wconf 78' lang='grc' dir='ltr'>τὴν</span> <span class='ocrx_word' id='word_1_172' title='bbox 1769 2069 1857 2150; x_wconf 62' lang='grc' dir='ltr'>ἐο-</span> 
     </span>
    </p>
   </div>
   <div class='ocr_carea' id='block_1_24' title="bbox 262 2163 1855 2262">
    <p class='ocr_par' dir='ltr' id='par_1_24' title="bbox 262 2163 1855 2262">
     <span class='ocr_line' id='line_1_24' title="bbox 262 2163 1855 2262; baseline 0.02 -49"><span class='ocrx_word' id='word_1_173' title='bbox 262 2178 441 2216; x_wconf 82' lang='grc' dir='ltr'>νοιαν.</span> <span class='ocrx_word' id='word_1_174' title='bbox 476 2163 640 2236; x_wconf 69' lang='grc'><strong>[1495</strong></span> <span class='ocrx_word' id='word_1_175' title='bbox 661 2167 755 2242; x_wconf 66' lang='lat' dir='ltr'><strong>IL]</strong></span> <span class='ocrx_word' id='word_1_176' title='bbox 778 2171 836 2225; x_wconf 90' lang='lat'><strong>&#39;0</strong></span> <span class='ocrx_word' id='word_1_177' title='bbox 870 2175 968 2243; x_wconf 84' lang='grc' dir='ltr'>μὲν</span> <span class='ocrx_word' id='word_1_178' title='bbox 1000 2177 1187 2249; x_wconf 79' lang='grc' dir='ltr'>Σωτὴρ</span> <span class='ocrx_word' id='word_1_179' title='bbox 1216 2181 1373 2250; x_wconf 84' lang='grc' dir='ltr'>ἡμῶν</span> <span class='ocrx_word' id='word_1_180' title='bbox 1397 2184 1569 2249; x_wconf 80' lang='grc' dir='ltr'>οὕτως</span> <span class='ocrx_word' id='word_1_181' title='bbox 1600 2163 1855 2262; x_wconf 68' lang='grc' dir='ltr'>ἠγάπησε</span> 
     </span>
    </p>
   </div>
   <div class='ocr_carea' id='block_1_25' title="bbox 258 2254 1850 2349">
    <p class='ocr_par' dir='ltr' id='par_1_25' title="bbox 258 2254 1850 2349">
     <span class='ocr_line' id='line_1_25' title="bbox 258 2254 1850 2349; baseline 0.021 -46"><span class='ocrx_word' id='word_1_182' title='bbox 258 2256 327 2305; x_wconf 85' lang='grc' dir='ltr'><strong>τὸ</strong></span> <span class='ocrx_word' id='word_1_183' title='bbox 367 2254 500 2309; x_wconf 81' lang='grc' dir='ltr'>ἴδιον</span> <span class='ocrx_word' id='word_1_184' title='bbox 533 2260 767 2331; x_wconf 87' lang='grc' dir='ltr'>ποίημα,</span> <span class='ocrx_word' id='word_1_185' title='bbox 812 2264 911 2336; x_wconf 74' lang='grc' dir='ltr'>οὐχ</span> <span class='ocrx_word' id='word_1_186' title='bbox 964 2268 1039 2329; x_wconf 83' lang='grc' dir='ltr'><strong>ὡς</strong></span> <span class='ocrx_word' id='word_1_187' title='bbox 1072 2269 1285 2337; x_wconf 82' lang='grc' dir='ltr'>ἑαυτὸν,</span> <span class='ocrx_word' id='word_1_188' title='bbox 1318 2273 1433 2327; x_wconf 84' lang='grc' dir='ltr'><strong>ἀλλ’</strong></span> <span class='ocrx_word' id='word_1_189' title='bbox 1467 2277 1606 2349; x_wconf 85' lang='grc' dir='ltr'>ὑπὲρ</span> <span class='ocrx_word' id='word_1_190' title='bbox 1624 2254 1850 2336; x_wconf 53' lang='grc' dir='ltr'>ἐαυτδν·</span> 
     </span>
    </p>
   </div>
   <div class='ocr_carea' id='block_1_26' title="bbox 258 2346 1850 2446">
    <p class='ocr_par' dir='ltr' id='par_1_26' title="bbox 258 2346 1850 2446">
     <span class='ocr_line' id='line_1_26' title="bbox 258 2346 1850 2446; baseline 0.021 -51"><span class='ocrx_word' id='word_1_191' title='bbox 258 2346 400 2414; x_wconf 75' lang='grc' dir='ltr'>ἡμῖν</span> <span class='ocrx_word' id='word_1_192' title='bbox 432 2348 489 2400; x_wconf 86' lang='grc' dir='ltr'>δὲ</span> <span class='ocrx_word' id='word_1_193' title='bbox 516 2350 634 2401; x_wconf 72' lang='grc' dir='ltr'><strong>τὸΗ</strong></span> <span class='ocrx_word' id='word_1_194' title='bbox 661 2351 881 2407; x_wconf 80' lang='grc' dir='ltr'>ἔλαττον</span> <span class='ocrx_word' id='word_1_195' title='bbox 908 2357 1259 2424; x_wconf 81' lang='grc' dir='ltr'>ἐγκελεύεται</span> <span class='ocrx_word' id='word_1_196' title='bbox 1279 2404 1294 2429; x_wconf 93' lang='grc'><strong>,</strong></span> <span class='ocrx_word' id='word_1_197' title='bbox 1326 2366 1548 2439; x_wconf 80' lang='grc' dir='ltr'>ἀγαπᾷν</span> <span class='ocrx_word' id='word_1_198' title='bbox 1575 2346 1672 2425; x_wconf 75' lang='grc' dir='ltr'><strong>τὸν</strong></span> <span class='ocrx_word' id='word_1_199' title='bbox 1709 2376 1850 2446; x_wconf 84' lang='grc' dir='ltr'>πλη-</span> 
     </span>
    </p>
   </div>
   <div class='ocr_carea' id='block_1_27' title="bbox 259 2436 1853 2537">
    <p class='ocr_par' dir='ltr' id='par_1_27' title="bbox 259 2436 1853 2537">
     <span class='ocr_line' id='line_1_27' title="bbox 259 2436 1853 2537; baseline 0.022 -50"><span class='ocrx_word' id='word_1_200' title='bbox 259 2436 383 2489; x_wconf 79' lang='grc' dir='ltr'>σίον</span> <span class='ocrx_word' id='word_1_201' title='bbox 428 2439 507 2503; x_wconf 85' lang='grc' dir='ltr'>ὡς</span> <span class='ocrx_word' id='word_1_202' title='bbox 535 2443 752 2509; x_wconf 80' lang='grc' dir='ltr'>ἑαυτὸν,</span> <span class='ocrx_word' id='word_1_203' title='bbox 785 2447 881 2518; x_wconf 79' lang='grc' dir='ltr'>τὴν</span> <span class='ocrx_word' id='word_1_204' title='bbox 912 2451 1219 2523; x_wconf 76' lang='grc' dir='ltr'>ὑπερϐολὴν</span> <span class='ocrx_word' id='word_1_205' title='bbox 1254 2436 1609 2527; x_wconf 42' lang='grc' dir='ltr'>ἀφελὼνξῖνα</span> <span class='ocrx_word' id='word_1_206' title='bbox 1644 2467 1718 2537; x_wconf 79' lang='grc' dir='ltr'>μὴ</span> 
     </span>
    </p>
   </div>
   <div class='ocr_carea' id='block_1_28' title="bbox 262 2527 1850 2619">
    <p class='ocr_par' dir='ltr' id='par_1_28' title="bbox 262 2527 1850 2619">
     <span class='ocr_line' id='line_1_28' title="bbox 262 2527 1850 2619; baseline 0.025 -45"><span class='ocrx_word' id='word_1_207' title='bbox 262 2527 426 2594; x_wconf 81' lang='grc' dir='ltr'>ρεῖαν</span> <span class='ocrx_word' id='word_1_208' title='bbox 454 2531 655 2602; x_wconf 83' lang='grc' dir='ltr'>ποιήσῃ</span> <span class='ocrx_word' id='word_1_209' title='bbox 685 2538 776 2587; x_wconf 79' lang='grc' dir='ltr'><strong>καὶ</strong></span> <span class='ocrx_word' id='word_1_210' title='bbox 797 2536 1098 2610; x_wconf 74' lang='grc' dir='ltr'>δυσήνυτον</span> <span class='ocrx_word' id='word_1_211' title='bbox 1120 2545 1218 2615; x_wconf 80' lang='grc' dir='ltr'>τὴν</span> <span class='ocrx_word' id='word_1_212' title='bbox 1244 2546 1611 2619; x_wconf 82' lang='grc' dir='ltr'>ἐντολήν.”1να</span> <span class='ocrx_word' id='word_1_213' title='bbox 1630 2556 1719 2610; x_wconf 81' lang='grc' dir='ltr'>διὰ</span> <span class='ocrx_word' id='word_1_214' title='bbox 1741 2559 1850 2613; x_wconf 84' lang='grc' dir='ltr'><strong>τῶν</strong></span> 
     </span>
    </p>
   </div>
   <div class='ocr_carea' id='block_1_29' title="bbox 254 2616 1849 2715">
    <p class='ocr_par' dir='ltr' id='par_1_29' title="bbox 254 2616 1849 2715">
     <span class='ocr_line' id='line_1_29' title="bbox 254 2616 1849 2715; baseline 0.023 -48"><span class='ocrx_word' id='word_1_215' title='bbox 254 2616 447 2686; x_wconf 74' lang='grc' dir='ltr'>ἔργων</span> <span class='ocrx_word' id='word_1_216' title='bbox 486 2624 822 2695; x_wconf 79' lang='grc' dir='ltr'>σαφέστερον</span> <span class='ocrx_word' id='word_1_217' title='bbox 865 2631 1113 2705; x_wconf 76' lang='grc' dir='ltr'>ἐπιδείξῃ</span> <span class='ocrx_word' id='word_1_218' title='bbox 1151 2636 1243 2688; x_wconf 77' lang='grc' dir='ltr'><strong>τὸν</strong></span> <span class='ocrx_word' id='word_1_219' title='bbox 1288 2642 1387 2710; x_wconf 82' lang='grc' dir='ltr'><strong>τῆς</strong></span> <span class='ocrx_word' id='word_1_220' title='bbox 1420 2616 1657 2715; x_wconf 35' lang='grc' dir='ltr'>’ἀγάπης</span> <span class='ocrx_word' id='word_1_221' title='bbox 1688 2651 1715 2701; x_wconf 88' lang='grc' dir='ltr'>ὁ</span> <span class='ocrx_word' id='word_1_222' title='bbox 1752 2653 1849 2702; x_wconf 85' lang='grc' dir='ltr'><strong>Δε-</strong></span> 
     </span>
    </p>
   </div>
   <div class='ocr_carea' id='block_1_30' title="bbox 252 2709 1849 2808">
    <p class='ocr_par' dir='ltr' id='par_1_30' title="bbox 252 2709 1849 2808">
     <span class='ocr_line' id='line_1_30' title="bbox 252 2709 1849 2808; baseline 0.023 -47"><span class='ocrx_word' id='word_1_223' title='bbox 252 2709 476 2782; x_wconf 60' lang='grc' dir='ltr'>σπῢτης</span> <span class='ocrx_word' id='word_1_224' title='bbox 502 2715 686 2785; x_wconf 76' lang='grc' dir='ltr'>νόμον,</span> <span class='ocrx_word' id='word_1_225' title='bbox 714 2723 947 2791; x_wconf 79' lang='grc' dir='ltr'>πρᾶγμα</span> <span class='ocrx_word' id='word_1_226' title='bbox 978 2726 1149 2796; x_wconf 78' lang='grc' dir='ltr'>γέμον</span> <span class='ocrx_word' id='word_1_227' title='bbox 1181 2731 1279 2800; x_wconf 87' lang='grc' dir='ltr'><strong>μὲν</strong></span> <span class='ocrx_word' id='word_1_228' title='bbox 1298 2732 1343 2763; x_wconf 78' lang='grc'>⁸⁸</span> <span class='ocrx_word' id='word_1_229' title='bbox 1372 2734 1523 2788; x_wconf 75' lang='grc' dir='ltr'>ἐλέου</span> <span class='ocrx_word' id='word_1_230' title='bbox 1558 2709 1770 2808; x_wconf 75' lang='grc' dir='ltr'>συμϐὰν</span> <span class='ocrx_word' id='word_1_231' title='bbox 1790 2742 1849 2797; x_wconf 83' lang='grc' dir='ltr'>δὲ</span> 
     </span>
    </p>
   </div>
   <div class='ocr_carea' id='block_1_31' title="bbox 253 2803 1848 2906">
    <p class='ocr_par' dir='ltr' id='par_1_31' title="bbox 253 2803 1848 2906">
     <span class='ocr_line' id='line_1_31' title="bbox 253 2803 1848 2906; baseline 0.021 -52"><span class='ocrx_word' id='word_1_232' title='bbox 253 2803 487 2867; x_wconf 79' lang='grc' dir='ltr'>πάντως</span> <span class='ocrx_word' id='word_1_233' title='bbox 529 2809 671 2862; x_wconf 82' lang='grc' dir='ltr'><strong>κατά</strong></span> <span class='ocrx_word' id='word_1_234' title='bbox 714 2812 805 2864; x_wconf 80' lang='grc' dir='ltr'><strong>τὸν</strong></span> <span class='ocrx_word' id='word_1_235' title='bbox 853 2816 1045 2884; x_wconf 82' lang='grc' dir='ltr'>χρόνον</span> <span class='ocrx_word' id='word_1_236' title='bbox 1075 2820 1282 2875; x_wconf 82' lang='grc' dir='ltr'>ἐκεῖνον</span> <span class='ocrx_word' id='word_1_237' title='bbox 1330 2825 1420 2877; x_wconf 79' lang='grc' dir='ltr'>ὑπ’</span> <span class='ocrx_word' id='word_1_238' title='bbox 1467 2827 1587 2898; x_wconf 72' lang='grc' dir='ltr'>ὄψιν</span> <span class='ocrx_word' id='word_1_239' title='bbox 1621 2803 1745 2900; x_wconf 60' lang='grc' dir='ltr'>ἆγει</span> <span class='ocrx_word' id='word_1_240' title='bbox 1770 2835 1848 2906; x_wconf 82' lang='grc' dir='ltr'>τῷ</span> 
     </span>
    </p>
   </div>
   <div class='ocr_carea' id='block_1_32' title="bbox 247 2892 1845 2997">
    <p class='ocr_par' dir='ltr' id='par_1_32' title="bbox 247 2892 1845 2997">
     <span class='ocr_line' id='line_1_32' title="bbox 247 2892 1845 2997; baseline 0.023 -52"><span class='ocrx_word' id='word_1_241' title='bbox 247 2892 428 2967; x_wconf 81' lang='grc' dir='ltr'>λόγῳ,</span> <span class='ocrx_word' id='word_1_242' title='bbox 484 2900 825 2958; x_wconf 80' lang='grc' dir='ltr'>ὲκπαιδεύων</span> <span class='ocrx_word' id='word_1_243' title='bbox 875 2908 968 2962; x_wconf 73' lang='grc' dir='ltr'>τὸν</span> <span class='ocrx_word' id='word_1_244' title='bbox 1015 2913 1238 2981; x_wconf 82' lang='grc' dir='ltr'>νομικὸν</span> <span class='ocrx_word' id='word_1_245' title='bbox 1285 2918 1368 2971; x_wconf 85' lang='grc' dir='ltr'>ὄτι</span> <span class='ocrx_word' id='word_1_246' title='bbox 1416 2892 1644 2991; x_wconf 82' lang='grc' dir='ltr'>πλησίον</span> <span class='ocrx_word' id='word_1_247' title='bbox 1688 2892 1845 2997; x_wconf 78' lang='grc' dir='ltr'>ἡμῶν</span> 
     </span>
    </p>
   </div>
   <div class='ocr_carea' id='block_1_33' title="bbox 246 2988 1843 3091">
    <p class='ocr_par' dir='ltr' id='par_1_33' title="bbox 246 2988 1843 3091">
     <span class='ocr_line' id='line_1_33' title="bbox 246 2988 1843 3091; baseline 0.021 -50"><span class='ocrx_word' id='word_1_248' title='bbox 246 2988 468 3053; x_wconf 71' lang='grc' dir='ltr'>ἐκεῖνός</span> <span class='ocrx_word' id='word_1_249' title='bbox 498 2994 669 3059; x_wconf 82' lang='grc' dir='ltr'>ἐστιν,</span> <span class='ocrx_word' id='word_1_250' title='bbox 721 2996 780 3059; x_wconf 82' lang='grc' dir='ltr'>ὃς</span> <span class='ocrx_word' id='word_1_251' title='bbox 810 2998 876 3052; x_wconf 84' lang='grc' dir='ltr'><strong>ἂν</strong></span> <span class='ocrx_word' id='word_1_252' title='bbox 905 3002 1004 3072; x_wconf 79' lang='grc' dir='ltr'>τὴν</span> <span class='ocrx_word' id='word_1_253' title='bbox 1034 3006 1258 3079; x_wconf 78' lang='grc' dir='ltr'>ἐμπαθῆ</span> <span class='ocrx_word' id='word_1_254' title='bbox 1286 3010 1489 3082; x_wconf 77' lang='grc' dir='ltr'>ταύτην</span> <span class='ocrx_word' id='word_1_255' title='bbox 1510 2988 1843 3091; x_wconf 27' lang='grc' dir='ltr'>*περικείμε-</span> 
     </span>
    </p>
   </div>
   <div class='ocr_carea' id='block_1_34' title="bbox 247 3081 1835 3176">
    <p class='ocr_par' dir='ltr' id='par_1_34' title="bbox 247 3081 1835 3176">
     <span class='ocr_line' id='line_1_34' title="bbox 247 3081 1835 3176; baseline 0.022 -45"><span class='ocrx_word' id='word_1_256' title='bbox 247 3096 347 3142; x_wconf 85' lang='grc' dir='ltr'><strong>νος</strong></span> <span class='ocrx_word' id='word_1_257' title='bbox 375 3081 557 3152; x_wconf 81' lang='grc' dir='ltr'>σάρκα</span> <span class='ocrx_word' id='word_1_258' title='bbox 584 3087 821 3160; x_wconf 68' lang='grc' dir='ltr'><strong>χρῄζῃυ</strong></span> <span class='ocrx_word' id='word_1_259' title='bbox 859 3092 1111 3161; x_wconf 76' lang='grc' dir='ltr'>βοηθείας</span> <span class='ocrx_word' id='word_1_260' title='bbox 1157 3100 1256 3152; x_wconf 78' lang='grc' dir='ltr'><strong>καὶ</strong></span> <span class='ocrx_word' id='word_1_261' title='bbox 1302 3081 1625 3176; x_wconf 75' lang='grc' dir='ltr'>οἰκτιρμῶν.</span> <span class='ocrx_word' id='word_1_262' title='bbox 1669 3081 1835 3167; x_wconf 46' lang='lat' dir='ltr'><strong>Tit-6s</strong></span> 
     </span>
    </p>
   </div>
   <div class='ocr_carea' id='block_1_35' title="bbox 249 3172 1840 3272">
    <p class='ocr_par' dir='ltr' id='par_1_35' title="bbox 249 3172 1840 3272">
     <span class='ocr_line' id='line_1_35' title="bbox 249 3172 1840 3272; baseline 0.024 -50"><span class='ocrx_word' id='word_1_263' title='bbox 249 3172 432 3237; x_wconf 76' lang='grc' dir='ltr'>πάθος</span> <span class='ocrx_word' id='word_1_264' title='bbox 453 3191 467 3204; x_wconf 89' lang='grc'><strong>·</strong></span> <span class='ocrx_word' id='word_1_265' title='bbox 494 3175 833 3248; x_wconf 80' lang='grc' dir='ltr'>Ὀδοιπόρος</span> <span class='ocrx_word' id='word_1_266' title='bbox 856 3185 925 3248; x_wconf 80' lang='grc' dir='ltr'><strong>ἐξ</strong></span> <span class='ocrx_word' id='word_1_267' title='bbox 948 3186 1343 3262; x_wconf 71' lang='grc' dir='ltr'>Ἰερουσαλὴμ</span> <span class='ocrx_word' id='word_1_268' title='bbox 1374 3172 1728 3257; x_wconf 63' lang='grc' dir='ltr'>κατέϐαινεν</span> <span class='ocrx_word' id='word_1_269' title='bbox 1754 3208 1840 3272; x_wconf 81' lang='grc' dir='ltr'>εἷς</span> 
     </span>
    </p>
   </div>
   <div class='ocr_carea' id='block_1_36' title="bbox 262 3264 1842 3364">
    <p class='ocr_par' dir='ltr' id='par_1_36' title="bbox 262 3264 1842 3364">
     <span class='ocr_line' id='line_1_36' title="bbox 262 3264 1842 3364; baseline 0.021 -46"><span class='ocrx_word' id='word_1_270' title='bbox 262 3264 516 3333; x_wconf 80' lang='grc' dir='ltr'>Ἰεριχὼ,</span> <span class='ocrx_word' id='word_1_271' title='bbox 547 3271 648 3321; x_wconf 83' lang='grc' dir='ltr'>καὶ</span> <span class='ocrx_word' id='word_1_272' title='bbox 677 3274 927 3341; x_wconf 70' lang='grc' dir='ltr'><strong>λῃστῶν</strong></span> <span class='ocrx_word' id='word_1_273' title='bbox 948 3279 1400 3350; x_wconf 76' lang='grc' dir='ltr'><strong>ἐπιδραμόντων</strong></span> <span class='ocrx_word' id='word_1_274' title='bbox 1428 3288 1695 3361; x_wconf 54' lang='grc' dir='ltr'>ἀφῃρέθη</span> <span class='ocrx_word' id='word_1_275' title='bbox 1722 3264 1842 3364; x_wconf 45' lang='lat' dir='ltr'><strong>per:</strong></span> 
     </span>
    </p>
   </div>
   <div class='ocr_carea' id='block_1_37' title="bbox 242 3350 1837 3447">
    <p class='ocr_par' dir='ltr' id='par_1_37' title="bbox 242 3350 1837 3447">
     <span class='ocr_line' id='line_1_37' title="bbox 242 3350 1837 3447; baseline 0.023 -43"><span class='ocrx_word' id='word_1_276' title='bbox 242 3350 286 3405; x_wconf 76' lang='grc' dir='ltr'><em>ἆ</em></span> <span class='ocrx_word' id='word_1_277' title='bbox 320 3356 576 3423; x_wconf 59' lang='grc' dir='ltr'>ἔφερεν,</span> <span class='ocrx_word' id='word_1_278' title='bbox 607 3359 917 3433; x_wconf 78' lang='grc' dir='ltr'><strong>ἐγυμνώθη</strong></span> <span class='ocrx_word' id='word_1_279' title='bbox 968 3367 1098 3420; x_wconf 62' lang='lat' dir='ltr'><strong>ea“</strong></span> <span class='ocrx_word' id='word_1_280' title='bbox 1139 3372 1238 3426; x_wconf 74' lang='grc' dir='ltr'>καὶ</span> <span class='ocrx_word' id='word_1_281' title='bbox 1277 3374 1397 3429; x_wconf 81' lang='grc' dir='ltr'><strong>τῶν</strong></span> <span class='ocrx_word' id='word_1_282' title='bbox 1436 3350 1697 3447; x_wconf 53' lang='grc' dir='ltr'>ἱματίων,</span> <span class='ocrx_word' id='word_1_283' title='bbox 1722 3350 1837 3441; x_wconf 49' lang='grc' dir='ltr'>’καὶ</span> 
     </span>
    </p>
   </div>
   <div class='ocr_carea' id='block_1_38' title="bbox 243 3448 1839 3545">
    <p class='ocr_par' dir='ltr' id='par_1_38' title="bbox 243 3448 1839 3545">
     <span class='ocr_line' id='line_1_38' title="bbox 243 3448 1839 3545; baseline 0.023 -48"><span class='ocrx_word' id='word_1_284' title='bbox 243 3448 554 3516; x_wconf 79' lang='grc' dir='ltr'>τραύμασι</span> <span class='ocrx_word' id='word_1_285' title='bbox 594 3452 720 3518; x_wconf 78' lang='grc' dir='ltr'>τοῖς</span> <span class='ocrx_word' id='word_1_286' title='bbox 763 3455 882 3510; x_wconf 74' lang='grc' dir='ltr'><strong>ἀπὸ</strong></span> <span class='ocrx_word' id='word_1_287' title='bbox 921 3459 1039 3513; x_wconf 76' lang='grc' dir='ltr'><strong>τῶν</strong></span> <span class='ocrx_word' id='word_1_288' title='bbox 1080 3465 1334 3531; x_wconf 74' lang='grc' dir='ltr'>λῃστῶν</span> <span class='ocrx_word' id='word_1_289' title='bbox 1383 3470 1618 3539; x_wconf 82' lang='grc' dir='ltr'><strong>θανάτῳ</strong></span> <span class='ocrx_word' id='word_1_290' title='bbox 1651 3492 1839 3545; x_wconf 85' lang='grc' dir='ltr'>προσ-</span> 
     </span>
    </p>
   </div>
   <div class='ocr_carea' id='block_1_39' title="bbox 243 3538 1837 3637">
    <p class='ocr_par' dir='ltr' id='par_1_39' title="bbox 243 3538 1837 3637">
     <span class='ocr_line' id='line_1_39' title="bbox 243 3538 1837 3637; baseline 0.023 -48"><span class='ocrx_word' id='word_1_291' title='bbox 243 3538 483 3606; x_wconf 72' lang='grc' dir='ltr'>ομιλῶν</span> <span class='ocrx_word' id='word_1_292' title='bbox 512 3541 757 3609; x_wconf 76' lang='grc' dir='ltr'>ἢπλωτο</span> <span class='ocrx_word' id='word_1_293' title='bbox 784 3551 938 3604; x_wconf 81' lang='grc' dir='ltr'>κατὰ</span> <span class='ocrx_word' id='word_1_294' title='bbox 966 3552 1084 3621; x_wconf 78' lang='grc' dir='ltr'><strong>τὴν</strong></span> <span class='ocrx_word' id='word_1_295' title='bbox 1109 3559 1424 3627; x_wconf 67' lang='grc' dir='ltr'>λεωφόρον</span> <span class='ocrx_word' id='word_1_296' title='bbox 1448 3563 1495 3595; x_wconf 81' lang='grc'><strong>⁸⁸</strong></span> <span class='ocrx_word' id='word_1_297' title='bbox 1526 3538 1837 3637; x_wconf 66' lang='grc' dir='ltr'>ψυχορρα-</span> 
     </span>
    </p>
   </div>
   <div class='ocr_carea' id='block_1_40' title="bbox 243 3628 1837 3731">
    <p class='ocr_par' dir='ltr' id='par_1_40' title="bbox 243 3628 1837 3731">
     <span class='ocr_line' id='line_1_40' title="bbox 243 3628 1837 3731; baseline 0.023 -51"><span class='ocrx_word' id='word_1_298' title='bbox 243 3628 394 3698; x_wconf 65' lang='grc' dir='ltr'><strong>γῶν.</strong></span> <span class='ocrx_word' id='word_1_299' title='bbox 416 3632 663 3705; x_wconf 80' lang='grc' dir='ltr'>Πρᾶγμα</span> <span class='ocrx_word' id='word_1_300' title='bbox 690 3638 811 3691; x_wconf 86' lang='grc' dir='ltr'>λίαν</span> <span class='ocrx_word' id='word_1_301' title='bbox 841 3644 1057 3715; x_wconf 76' lang='grc' dir='ltr'>οἰκτρὸν</span> <span class='ocrx_word' id='word_1_302' title='bbox 1085 3646 1211 3718; x_wconf 81' lang='grc'><strong>[815</strong></span> <span class='ocrx_word' id='word_1_303' title='bbox 1236 3652 1329 3724; x_wconf 83' lang='lat' dir='ltr'><strong>ll.J</strong></span> <span class='ocrx_word' id='word_1_304' title='bbox 1357 3628 1655 3727; x_wconf 48' lang='grc' dir='ltr'>ὀρθαλμοίς</span> <span class='ocrx_word' id='word_1_305' title='bbox 1681 3628 1837 3731; x_wconf 47' lang='grc' dir='ltr'>δέου-</span> 
     </span>
    </p>
   </div>
   <div class='ocr_carea' id='block_1_41' title="bbox 245 3722 1837 3823">
    <p class='ocr_par' dir='ltr' id='par_1_41' title="bbox 245 3722 1837 3823">
     <span class='ocr_line' id='line_1_41' title="bbox 245 3722 1837 3823; baseline 0.024 -52"><span class='ocrx_word' id='word_1_306' title='bbox 245 3737 335 3773; x_wconf 83' lang='grc' dir='ltr'><strong>σιν</strong></span> <span class='ocrx_word' id='word_1_307' title='bbox 362 3722 513 3777; x_wconf 72' lang='grc' dir='ltr'>ἔλεον</span> <span class='ocrx_word' id='word_1_308' title='bbox 546 3726 579 3796; x_wconf 81' lang='grc' dir='ltr'>ἢ</span> <span class='ocrx_word' id='word_1_309' title='bbox 607 3729 807 3784; x_wconf 81' lang='grc' dir='ltr'>εἰδόσιν</span> <span class='ocrx_word' id='word_1_310' title='bbox 837 3734 1005 3790; x_wconf 77' lang='grc' dir='ltr'>ἔλεον,</span> <span class='ocrx_word' id='word_1_311' title='bbox 1054 3737 1111 3791; x_wconf 87' lang='lat'><strong>&#39;0</strong></span> <span class='ocrx_word' id='word_1_312' title='bbox 1163 3722 1367 3813; x_wconf 81' lang='grc' dir='ltr'>Κύριος</span> <span class='ocrx_word' id='word_1_313' title='bbox 1412 3722 1837 3823; x_wconf 23' lang='grc' dir='ltr'>τοῖςψἘϐραὶίοις</span> 
     </span>
    </p>
   </div>
   <div class='ocr_carea' id='block_1_42' title="bbox 245 3809 1835 3918">
    <p class='ocr_par' dir='ltr' id='par_1_42' title="bbox 245 3809 1835 3918">
     <span class='ocr_line' id='line_1_42' title="bbox 245 3809 1835 3918; baseline 0.026 -58"><span class='ocrx_word' id='word_1_314' title='bbox 245 3809 667 3884; x_wconf 78' lang='grc' dir='ltr'>διαλεγόμενος,</span> <span class='ocrx_word' id='word_1_315' title='bbox 712 3823 805 3875; x_wconf 79' lang='grc' dir='ltr'>καὶ</span> <span class='ocrx_word' id='word_1_316' title='bbox 852 3824 1120 3883; x_wconf 80' lang='grc' dir='ltr'>διδάσκων</span> <span class='ocrx_word' id='word_1_317' title='bbox 1148 3831 1225 3895; x_wconf 81' lang='grc' dir='ltr'>ὡς</span> <span class='ocrx_word' id='word_1_318' title='bbox 1251 3809 1625 3905; x_wconf 37' lang='grc' dir='ltr'>ἀφρονας-καὶ</span> <span class='ocrx_word' id='word_1_319' title='bbox 1655 3809 1835 3918; x_wconf 74' lang='grc' dir='ltr'>μάτην</span> 
     </span>
    </p>
   </div>
   <div class='ocr_carea' id='block_1_43' title="bbox 242 3903 1835 4007">
    <p class='ocr_par' dir='ltr' id='par_1_43' title="bbox 242 3903 1835 4007">
     <span class='ocr_line' id='line_1_43' title="bbox 242 3903 1835 4007; baseline 0.026 -56"><span class='ocrx_word' id='word_1_320' title='bbox 242 3903 768 3977; x_wconf 77' lang='grc' dir='ltr'>ἀναστρεφομένους</span> <span class='ocrx_word' id='word_1_321' title='bbox 815 3914 873 3967; x_wconf 76' lang='grc' dir='ltr'>ἐν</span> <span class='ocrx_word' id='word_1_322' title='bbox 916 3918 1091 3991; x_wconf 82' lang='grc' dir='ltr'>ταύτῃ</span> <span class='ocrx_word' id='word_1_323' title='bbox 1139 3926 1206 3993; x_wconf 80' lang='grc' dir='ltr'>τῇ</span> <span class='ocrx_word' id='word_1_324' title='bbox 1224 3926 1270 3957; x_wconf 76' lang='grc'>⁸⁸</span> <span class='ocrx_word' id='word_1_325' title='bbox 1323 3929 1417 3982; x_wconf 80' lang='grc' dir='ltr'>τοῦ</span> <span class='ocrx_word' id='word_1_326' title='bbox 1479 3932 1835 4007; x_wconf 73' lang='grc' dir='ltr'>κλαυθμῶνος</span> 
     </span>
    </p>
   </div>
   <div class='ocr_carea' id='block_1_44' title="bbox 242 3993 1830 4096">
    <p class='ocr_par' dir='ltr' id='par_1_44' title="bbox 242 3993 1830 4096">
     <span class='ocr_line' id='line_1_44' title="bbox 242 3993 1830 4096; baseline 0.026 -51"><span class='ocrx_word' id='word_1_327' title='bbox 242 3993 639 4057; x_wconf 80' lang='grc' dir='ltr'>κοιλάδι,οὓτω</span> <span class='ocrx_word' id='word_1_328' title='bbox 665 4001 781 4065; x_wconf 83' lang='grc' dir='ltr'>πῶς</span> <span class='ocrx_word' id='word_1_329' title='bbox 805 4022 971 4075; x_wconf 79' lang='grc' dir='ltr'>φησιν</span> <span class='ocrx_word' id='word_1_330' title='bbox 989 4027 1005 4042; x_wconf 77' lang='grc' dir='ltr'><strong>ο</strong></span> <span class='ocrx_word' id='word_1_331' title='bbox 1022 4012 1218 4082; x_wconf 73' lang='grc' dir='ltr'><strong>’Υμεῖς</strong></span> <span class='ocrx_word' id='word_1_332' title='bbox 1248 4019 1315 4071; x_wconf 71' lang='grc' dir='ltr'>ἐκ</span> <span class='ocrx_word' id='word_1_333' title='bbox 1338 4020 1458 4075; x_wconf 80' lang='grc' dir='ltr'><strong>τῶν</strong></span> <span class='ocrx_word' id='word_1_334' title='bbox 1492 4024 1649 4080; x_wconf 76' lang='grc' dir='ltr'>κάτω</span> <span class='ocrx_word' id='word_1_335' title='bbox 1668 4030 1830 4096; x_wconf 82' lang='grc' dir='ltr'>ἐστὲ,</span> 
     </span>
    </p>
   </div>
   <div class='ocr_carea' id='block_1_45' title="bbox 240 4087 1831 4190">
    <p class='ocr_par' dir='ltr' id='par_1_45' title="bbox 240 4087 1831 4190">
     <span class='ocr_line' id='line_1_45' title="bbox 240 4087 1831 4190; baseline 0.027 -53"><span class='ocrx_word' id='word_1_336' title='bbox 240 4087 361 4155; x_wconf 79' lang='grc' dir='ltr'><strong>ἐγὼ</strong></span> <span class='ocrx_word' id='word_1_337' title='bbox 398 4090 469 4143; x_wconf 79' lang='grc' dir='ltr'>ἐκ</span> <span class='ocrx_word' id='word_1_338' title='bbox 502 4092 620 4145; x_wconf 74' lang='grc' dir='ltr'>τῶν</span> <span class='ocrx_word' id='word_1_339' title='bbox 651 4095 771 4149; x_wconf 75' lang='grc' dir='ltr'><strong>ἄνω</strong></span> <span class='ocrx_word' id='word_1_340' title='bbox 809 4102 924 4169; x_wconf 67' lang='grc' dir='ltr'>εἰμὶ</span> <span class='ocrx_word' id='word_1_341' title='bbox 949 4147 962 4169; x_wconf 91' lang='grc'><strong>,</strong></span> <span class='ocrx_word' id='word_1_342' title='bbox 994 4107 1057 4157; x_wconf 84' lang='grc' dir='ltr'>ὲκ</span> <span class='ocrx_word' id='word_1_343' title='bbox 1088 4109 1194 4162; x_wconf 82' lang='grc' dir='ltr'>τῶν</span> <span class='ocrx_word' id='word_1_344' title='bbox 1228 4112 1510 4184; x_wconf 84' lang='grc' dir='ltr'>ὀνομάτων</span> <span class='ocrx_word' id='word_1_345' title='bbox 1543 4123 1703 4190; x_wconf 85' lang='grc' dir='ltr'>μόνον</span> <span class='ocrx_word' id='word_1_346' title='bbox 1738 4087 1831 4179; x_wconf 62' lang='lat' dir='ltr'><strong>tofi</strong></span> 
     </span>
    </p>
   </div>
   <div class='ocr_carea' id='block_1_46' title="bbox 241 4180 1833 4288">
    <p class='ocr_par' dir='ltr' id='par_1_46' title="bbox 241 4180 1833 4288">
     <span class='ocr_line' id='line_1_46' title="bbox 241 4180 1833 4288; baseline 0.027 -57"><span class='ocrx_word' id='word_1_347' title='bbox 241 4180 370 4234; x_wconf 77' lang='grc' dir='ltr'><strong>ἀνω</strong></span> <span class='ocrx_word' id='word_1_348' title='bbox 399 4186 497 4237; x_wconf 72' lang='grc' dir='ltr'><strong>καὶ</strong></span> <span class='ocrx_word' id='word_1_349' title='bbox 541 4187 699 4241; x_wconf 76' lang='grc' dir='ltr'>κάτω</span> <span class='ocrx_word' id='word_1_350' title='bbox 727 4192 821 4245; x_wconf 79' lang='grc' dir='ltr'>τοῦ</span> <span class='ocrx_word' id='word_1_351' title='bbox 854 4197 1018 4250; x_wconf 83' lang='grc' dir='ltr'>καλοῦ</span> <span class='ocrx_word' id='word_1_352' title='bbox 1054 4203 1149 4254; x_wconf 76' lang='grc' dir='ltr'><strong>καὶ</strong></span> <span class='ocrx_word' id='word_1_353' title='bbox 1175 4206 1268 4257; x_wconf 81' lang='grc' dir='ltr'>τοῦ</span> <span class='ocrx_word' id='word_1_354' title='bbox 1303 4211 1544 4280; x_wconf 76' lang='grc' dir='ltr'>χείρονος</span> <span class='ocrx_word' id='word_1_355' title='bbox 1575 4218 1833 4288; x_wconf 73' lang='grc' dir='ltr'>ποιούμε-</span> 
     </span>
    </p>
   </div>
   <div class='ocr_carea' id='block_1_47' title="bbox 240 4275 1831 4366">
    <p class='ocr_par' dir='ltr' id='par_1_47' title="bbox 240 4275 1831 4366">
     <span class='ocr_line' id='line_1_47' title="bbox 240 4275 1831 4366; baseline 0.027 -42"><span class='ocrx_word' id='word_1_356' title='bbox 240 4290 331 4336; x_wconf 74' lang='lat' dir='ltr'><strong>vo;</strong></span> <span class='ocrx_word' id='word_1_357' title='bbox 360 4275 458 4347; x_wconf 76' lang='grc' dir='ltr'>τὴν</span> <span class='ocrx_word' id='word_1_358' title='bbox 486 4280 780 4352; x_wconf 77' lang='grc' dir='ltr'>διάκρισιν.</span> <span class='ocrx_word' id='word_1_359' title='bbox 816 4288 923 4341; x_wconf 78' lang='grc' dir='ltr'>Καὶ</span> <span class='ocrx_word' id='word_1_360' title='bbox 958 4292 1052 4345; x_wconf 80' lang='grc' dir='ltr'>νῦν</span> <span class='ocrx_word' id='word_1_361' title='bbox 1085 4294 1142 4347; x_wconf 83' lang='grc' dir='ltr'>δὲ</span> <span class='ocrx_word' id='word_1_362' title='bbox 1195 4305 1631 4363; x_wconf 71' lang='grc' dir='ltr'>καταϐαίνοντα</span> <span class='ocrx_word' id='word_1_363' title='bbox 1662 4311 1831 4366; x_wconf 82' lang='grc' dir='ltr'>εἰπὼν</span> 
     </span>
    </p>
   </div>
   <div class='ocr_carea' id='block_1_48' title="bbox 240 4367 1825 4475">
    <p class='ocr_par' dir='ltr' id='par_1_48' title="bbox 240 4367 1825 4475">
     <span class='ocr_line' id='line_1_48' title="bbox 240 4367 1825 4475; baseline 0.028 -60"><span class='ocrx_word' id='word_1_364' title='bbox 240 4367 388 4420; x_wconf 68' lang='grc' dir='ltr'>κατὰ</span> <span class='ocrx_word' id='word_1_365' title='bbox 417 4368 517 4439; x_wconf 76' lang='grc' dir='ltr'>τὴν</span> <span class='ocrx_word' id='word_1_366' title='bbox 548 4374 719 4445; x_wconf 82' lang='grc' dir='ltr'>αὐτὴν</span> <span class='ocrx_word' id='word_1_367' title='bbox 749 4377 961 4434; x_wconf 81' lang='grc' dir='ltr'>ἔννοιαν</span> <span class='ocrx_word' id='word_1_368' title='bbox 987 4383 1225 4456; x_wconf 80' lang='grc' dir='ltr'>ἕφη.ἿΙν</span> <span class='ocrx_word' id='word_1_369' title='bbox 1254 4392 1299 4443; x_wconf 80' lang='grc' dir='ltr'>δ’</span> <span class='ocrx_word' id='word_1_370' title='bbox 1319 4394 1385 4447; x_wconf 83' lang='grc' dir='ltr'>ἂν</span> <span class='ocrx_word' id='word_1_371' title='bbox 1411 4393 1563 4463; x_wconf 79' lang='grc' dir='ltr'>οὗτος</span> <span class='ocrx_word' id='word_1_372' title='bbox 1591 4404 1825 4475; x_wconf 74' lang='grc' dir='ltr'>δ’Λδᾶμ,</span> 
     </span>
     <span class='ocr_line' id='line_1_49' title="bbox 246 4457 791 4475; baseline 0.026 -6"><span class='ocrx_word' id='word_1_373' title='bbox 246 4457 269 4475; x_wconf 24' lang='grc' dir='ltr'><strong>,ν</strong></span> <span class='ocrx_word' id='word_1_374' title='bbox 429 4459 446 4475; x_wconf 64' lang='grc' dir='ltr'><strong>ς</strong></span> <span class='ocrx_word' id='word_1_375' title='bbox 496 4461 511 4475; x_wconf 86' lang='grc'><strong><em>.</em></strong></span> <span class='ocrx_word' id='word_1_376' title='bbox 768 4468 791 4475; x_wconf 74' lang='grc'><strong>-</strong></span> 
     </span>
    </p>
   </div>
   <div class='ocr_carea' id='block_1_49' title="bbox 238 4457 1901 4569">
    <p class='ocr_par' dir='ltr' id='par_1_49' title="bbox 238 4457 1901 4569">
     <span class='ocr_line' id='line_1_50' title="bbox 238 4457 1901 4569; baseline 0.029 -63"><span class='ocrx_word' id='word_1_377' title='bbox 238 4457 677 4533; x_wconf 76' lang='grc' dir='ltr'>ἀποκυλιόμενος</span> <span class='ocrx_word' id='word_1_378' title='bbox 732 4468 833 4538; x_wconf 75' lang='grc' dir='ltr'><strong>τῆς</strong></span> <span class='ocrx_word' id='word_1_379' title='bbox 879 4479 1159 4546; x_wconf 82' lang='grc' dir='ltr'>μακαρίας</span> <span class='ocrx_word' id='word_1_380' title='bbox 1212 4485 1428 4558; x_wconf 76' lang='grc' dir='ltr'>ἐκείνης</span> <span class='ocrx_word' id='word_1_381' title='bbox 1477 4457 1570 4545; x_wconf 46' lang='grc' dir='ltr'><strong>καί</strong></span> <span class='ocrx_word' id='word_1_382' title='bbox 1616 4457 1828 4569; x_wconf 49' lang='grc' dir='ltr'>ὑψηλξις</span> <span class='ocrx_word' id='word_1_383' title='bbox 1859 4459 1901 4516; x_wconf 77' lang='lat' dir='ltr'><strong><em>C</em></strong></span> 
     </span>
    </p>
   </div>
   <div class='ocr_carea' id='block_1_50' title="bbox 235 4549 1821 4658">
    <p class='ocr_par' dir='ltr' id='par_1_50' title="bbox 235 4549 1821 4658">
     <span class='ocr_line' id='line_1_51' title="bbox 235 4549 1821 4658; baseline 0.028 -58"><span class='ocrx_word' id='word_1_384' title='bbox 235 4549 520 4623; x_wconf 74' lang='grc' dir='ltr'>διαγωγῆς</span> <span class='ocrx_word' id='word_1_385' title='bbox 548 4558 629 4619; x_wconf 88' lang='grc' dir='ltr'>εἰς</span> <span class='ocrx_word' id='word_1_386' title='bbox 662 4560 752 4612; x_wconf 83' lang='grc' dir='ltr'><strong>τὸν</strong></span> <span class='ocrx_word' id='word_1_387' title='bbox 768 4563 811 4594; x_wconf 81' lang='grc'><strong>⁸⁷</strong></span> <span class='ocrx_word' id='word_1_388' title='bbox 858 4565 1134 4639; x_wconf 82' lang='grc' dir='ltr'>βάραθρον</span> <span class='ocrx_word' id='word_1_389' title='bbox 1182 4577 1277 4628; x_wconf 76' lang='grc' dir='ltr'><strong>καὶ</strong></span> <span class='ocrx_word' id='word_1_390' title='bbox 1311 4549 1821 4658; x_wconf 43' lang='grc' dir='ltr'>χαμαίζηλονέίονῑ</span> 
     </span>
    </p>
   </div>
   <div class='ocr_carea' id='block_1_51' title="bbox 236 4644 1822 4740">
    <p class='ocr_par' dir='ltr' id='par_1_51' title="bbox 236 4644 1822 4740">
     <span class='ocr_line' id='line_1_52' title="bbox 236 4644 1822 4740; baseline 0.028 -47"><span class='ocrx_word' id='word_1_391' title='bbox 236 4644 336 4707; x_wconf 90' lang='grc' dir='ltr'>Τίς</span> <span class='ocrx_word' id='word_1_392' title='bbox 364 4648 391 4697; x_wconf 79' lang='grc' dir='ltr'>ὁ</span> <span class='ocrx_word' id='word_1_393' title='bbox 420 4648 635 4717; x_wconf 75' lang='grc' dir='ltr'>ίερεύς;</span> <span class='ocrx_word' id='word_1_394' title='bbox 669 4655 753 4716; x_wconf 85' lang='grc' dir='ltr'><strong>τίς</strong></span> <span class='ocrx_word' id='word_1_395' title='bbox 782 4657 810 4709; x_wconf 85' lang='grc' dir='ltr'>ὁ</span> <span class='ocrx_word' id='word_1_396' title='bbox 829 4659 1096 4734; x_wconf 83' lang='grc' dir='ltr'>Λευΐτης;</span> <span class='ocrx_word' id='word_1_397' title='bbox 1133 4669 1323 4740; x_wconf 77' lang='grc' dir='ltr'>εἴησαν</span> <span class='ocrx_word' id='word_1_398' title='bbox 1353 4673 1399 4725; x_wconf 79' lang='grc' dir='ltr'>δ’</span> <span class='ocrx_word' id='word_1_399' title='bbox 1426 4674 1491 4727; x_wconf 84' lang='grc' dir='ltr'>ἂν</span> <span class='ocrx_word' id='word_1_400' title='bbox 1520 4678 1659 4731; x_wconf 85' lang='grc' dir='ltr'>κατὰ</span> <span class='ocrx_word' id='word_1_401' title='bbox 1688 4682 1822 4736; x_wconf 87' lang='grc' dir='ltr'>θεω-</span> 
     </span>
    </p>
   </div>
   <div class='ocr_carea' id='block_1_52' title="bbox 236 4735 1820 4844">
    <p class='ocr_par' dir='ltr' id='par_1_52' title="bbox 236 4735 1820 4844">
     <span class='ocr_line' id='line_1_53' title="bbox 236 4735 1820 4844; baseline 0.028 -59"><span class='ocrx_word' id='word_1_402' title='bbox 236 4735 364 4804; x_wconf 75' lang='grc' dir='ltr'>ρίαν</span> <span class='ocrx_word' id='word_1_403' title='bbox 384 4739 591 4811; x_wconf 85' lang='grc' dir='ltr'>Μωσῆς</span> <span class='ocrx_word' id='word_1_404' title='bbox 618 4747 710 4797; x_wconf 71' lang='grc' dir='ltr'><strong>καὶ</strong></span> <span class='ocrx_word' id='word_1_405' title='bbox 736 4748 1009 4823; x_wconf 75' lang='grc' dir='ltr'>Ἰωάννης,</span> <span class='ocrx_word' id='word_1_406' title='bbox 1027 4735 1820 4844; x_wconf 33' lang='grc' dir='ltr'>ἄμφω-τοίςξπαραπετάσμασι</span> 
     </span>
    </p>
   </div>
   <div class='ocr_carea' id='block_1_53' title="bbox 234 4829 1816 4929">
    <p class='ocr_par' dir='ltr' id='par_1_53' title="bbox 234 4829 1816 4929">
     <span class='ocr_line' id='line_1_54' title="bbox 234 4829 1816 4929; baseline 0.027 -49"><span class='ocrx_word' id='word_1_407' title='bbox 234 4829 333 4898; x_wconf 82' lang='grc' dir='ltr'>τῆς</span> <span class='ocrx_word' id='word_1_408' title='bbox 370 4834 694 4907; x_wconf 75' lang='grc' dir='ltr'>παραϐολῆς</span> <span class='ocrx_word' id='word_1_409' title='bbox 724 4840 874 4896; x_wconf 76' lang='grc' dir='ltr'>ἔνδον</span> <span class='ocrx_word' id='word_1_410' title='bbox 904 4851 1275 4922; x_wconf 77' lang='grc' dir='ltr'>κρυπτόμενοι</span> <span class='ocrx_word' id='word_1_411' title='bbox 1306 4858 1398 4909; x_wconf 76' lang='grc' dir='ltr'><strong>καὶ</strong></span> <span class='ocrx_word' id='word_1_412' title='bbox 1426 4860 1524 4929; x_wconf 80' lang='grc' dir='ltr'><strong>τὴν</strong></span> <span class='ocrx_word' id='word_1_413' title='bbox 1551 4864 1660 4917; x_wconf 86' lang='grc' dir='ltr'><strong>τῶν</strong></span> <span class='ocrx_word' id='word_1_414' title='bbox 1686 4868 1816 4921; x_wconf 87' lang='grc' dir='ltr'>πολ-</span> 
     </span>
    </p>
   </div>
   <div class='ocr_carea' id='block_1_54' title="bbox 235 4921 1827 5021">
    <p class='ocr_par' dir='ltr' id='par_1_54' title="bbox 235 4921 1827 5021">
     <span class='ocr_line' id='line_1_55' title="bbox 235 4921 1827 5021; baseline 0.028 -50"><span class='ocrx_word' id='word_1_415' title='bbox 235 4921 343 4975; x_wconf 81' lang='grc' dir='ltr'>λῶν</span> <span class='ocrx_word' id='word_1_416' title='bbox 367 4926 493 4994; x_wconf 75' lang='grc' dir='ltr'>δψιν</span> <span class='ocrx_word' id='word_1_417' title='bbox 538 4927 919 5000; x_wconf 84' lang='grc' dir='ltr'>λανθάνοντες.</span> <span class='ocrx_word' id='word_1_418' title='bbox 955 4935 1249 5017; x_wconf 73' lang='grc' dir='ltr'>Οὗτοιγᾶρ</span> <span class='ocrx_word' id='word_1_419' title='bbox 1297 4921 1696 5021; x_wconf 75' lang='grc' dir='ltr'>καταλαϐόντες</span> <span class='ocrx_word' id='word_1_420' title='bbox 1735 4961 1827 5015; x_wconf 82' lang='grc' dir='ltr'>τὸν</span> 
     </span>
    </p>
   </div>
   <div class='ocr_carea' id='block_1_55' title="bbox 234 5014 1829 5117">
    <p class='ocr_par' dir='ltr' id='par_1_55' title="bbox 234 5014 1829 5117">
     <span class='ocr_line' id='line_1_56' title="bbox 234 5014 1829 5117; baseline 0.026 -53"><span class='ocrx_word' id='word_1_421' title='bbox 234 5014 526 5087; x_wconf 78' lang='grc' dir='ltr'>ἄνθρωπον</span> <span class='ocrx_word' id='word_1_422' title='bbox 561 5023 830 5091; x_wconf 81' lang='grc' dir='ltr'>(τουτέστι</span> <span class='ocrx_word' id='word_1_423' title='bbox 865 5031 925 5082; x_wconf 78' lang='grc' dir='ltr'>τὸ</span> <span class='ocrx_word' id='word_1_424' title='bbox 952 5033 1105 5099; x_wconf 77' lang='grc' dir='ltr'>γένος</span> <span class='ocrx_word' id='word_1_425' title='bbox 1136 5014 1278 5109; x_wconf 34' lang='grc' dir='ltr'><strong>ὀλο-ν)</strong></span> <span class='ocrx_word' id='word_1_426' title='bbox 1312 5044 1517 5112; x_wconf 71' lang='grc' dir='ltr'>γυμνὸν</span> <span class='ocrx_word' id='word_1_427' title='bbox 1546 5014 1829 5117; x_wconf 44' lang='lat' dir='ltr'><strong>edas—ficia;</strong></span> 
     </span>
    </p>
   </div>
   <div class='ocr_carea' id='block_1_56' title="bbox 234 5107 1822 5212">
    <p class='ocr_par' dir='ltr' id='par_1_56' title="bbox 234 5107 1822 5212">
     <span class='ocr_line' id='line_1_57' title="bbox 234 5107 1822 5212; baseline 0.025 -53"><span class='ocrx_word' id='word_1_428' title='bbox 234 5107 330 5161; x_wconf 77' lang='grc' dir='ltr'><strong>καὶ</strong></span> <span class='ocrx_word' id='word_1_429' title='bbox 380 5111 587 5183; x_wconf 78' lang='grc' dir='ltr'>ἀρετῆς</span> <span class='ocrx_word' id='word_1_430' title='bbox 640 5119 735 5170; x_wconf 72' lang='grc' dir='ltr'>καὶ</span> <span class='ocrx_word' id='word_1_431' title='bbox 782 5123 893 5184; x_wconf 83' lang='grc' dir='ltr'>τοῖς</span> <span class='ocrx_word' id='word_1_432' title='bbox 941 5125 1206 5194; x_wconf 76' lang='grc' dir='ltr'>ἐναντίοις</span> <span class='ocrx_word' id='word_1_433' title='bbox 1260 5143 1822 5212; x_wconf 81' lang='grc' dir='ltr'>τετραυματισμένον,</span> 
     </span>
    </p>
   </div>
   <div class='ocr_carea' id='block_1_57' title="bbox 234 5198 1828 5295">
    <p class='ocr_par' dir='ltr' id='par_1_57' title="bbox 234 5198 1828 5295">
     <span class='ocr_line' id='line_1_58' title="bbox 234 5198 1828 5295; baseline 0.026 -44"><span class='ocrx_word' id='word_1_434' title='bbox 234 5198 529 5295; x_wconf 78' lang='grc' dir='ltr'>ἐθεάσαντο</span> <span class='ocrx_word' id='word_1_435' title='bbox 564 5208 685 5276; x_wconf 82' lang='grc' dir='ltr'>μὲν,</span> <span class='ocrx_word' id='word_1_436' title='bbox 710 5211 771 5264; x_wconf 83' lang='grc' dir='ltr'>οὐ</span> <span class='ocrx_word' id='word_1_437' title='bbox 807 5214 914 5284; x_wconf 84' lang='grc' dir='ltr'><strong>μὴν</strong></span> <span class='ocrx_word' id='word_1_438' title='bbox 959 5216 1275 5289; x_wconf 78' lang='grc' dir='ltr'>ἐπήρκεσαν</span> <span class='ocrx_word' id='word_1_439' title='bbox 1308 5198 1665 5295; x_wconf 44' lang='grc' dir='ltr'>θεραπεῦσαι..</span> <span class='ocrx_word' id='word_1_440' title='bbox 1686 5198 1828 5290; x_wconf 45' lang='grc' dir='ltr'>Ἀλλζ</span> 
     </span>
    </p>
   </div>
   <div class='ocr_carea' id='block_1_58' title="bbox 297 5380 1779 5477">
    <p class='ocr_par' dir='ltr' id='par_1_58' title="bbox 297 5380 1779 5477">
     <span class='ocr_line' id='line_1_59' title="bbox 297 5380 1779 5477; baseline 0.024 -44"><span class='ocrx_word' id='word_1_441' title='bbox 297 5388 328 5416; x_wconf 73' lang='grc' dir='ltr'><strong>ιι</strong></span> <span class='ocrx_word' id='word_1_442' title='bbox 370 5380 505 5440; x_wconf 88' lang='lat' dir='ltr'><strong>Luc.</strong></span> <span class='ocrx_word' id='word_1_443' title='bbox 549 5390 737 5449; x_wconf 75' lang='lat' dir='ltr'><strong>xx,16.</strong></span> <span class='ocrx_word' id='word_1_444' title='bbox 814 5404 839 5431; x_wconf 66' lang='grc' dir='ltr'><strong>ν</strong></span> <span class='ocrx_word' id='word_1_445' title='bbox 864 5394 998 5451; x_wconf 88' lang='lat' dir='ltr'><strong>Luc.</strong></span> <span class='ocrx_word' id='word_1_446' title='bbox 1030 5416 1085 5462; x_wconf 67' lang='grc' dir='ltr'>χ,</span> <span class='ocrx_word' id='word_1_447' title='bbox 1123 5400 1211 5453; x_wconf 69' lang='grc'><strong>26.</strong></span> <span class='ocrx_word' id='word_1_448' title='bbox 1296 5412 1317 5437; x_wconf 69' lang='grc' dir='ltr'>κ</span> <span class='ocrx_word' id='word_1_449' title='bbox 1348 5402 1504 5461; x_wconf 80' lang='lat' dir='ltr'><strong>Joan.</strong></span> <span class='ocrx_word' id='word_1_450' title='bbox 1539 5426 1656 5477; x_wconf 78' lang='lat' dir='ltr'><strong>vnt,</strong></span> <span class='ocrx_word' id='word_1_451' title='bbox 1688 5413 1779 5469; x_wconf 75' lang='lat'><strong>23.</strong></span> 
     </span>
    </p>
   </div>
   <div class='ocr_carea' id='block_1_59' title="bbox 1977 539 3559 629">
    <p class='ocr_par' dir='ltr' id='par_1_59' title="bbox 1977 539 3559 629">
     <span class='ocr_line' id='line_1_60' title="bbox 1977 539 3559 629; baseline 0.02 -37"><span class='ocrx_word' id='word_1_452' title='bbox 1977 539 2227 611; x_wconf 81' lang='lat' dir='ltr'><strong>redigens</strong></span> <span class='ocrx_word' id='word_1_453' title='bbox 2243 544 2567 602; x_wconf 84' lang='lat' dir='ltr'><strong>charitatem</strong></span> <span class='ocrx_word' id='word_1_454' title='bbox 2589 550 2657 605; x_wconf 92' lang='lat' dir='ltr'><strong>ad</strong></span> <span class='ocrx_word' id='word_1_455' title='bbox 2682 551 2852 609; x_wconf 90' lang='lat' dir='ltr'><strong>Deum</strong></span> <span class='ocrx_word' id='word_1_456' title='bbox 2880 565 2933 611; x_wconf 93' lang='lat' dir='ltr'><strong>et</strong></span> <span class='ocrx_word' id='word_1_457' title='bbox 2959 560 3299 629; x_wconf 81' lang='lat' dir='ltr'><strong>proximum,</strong></span> <span class='ocrx_word' id='word_1_458' title='bbox 3350 572 3559 623; x_wconf 84' lang='lat' dir='ltr'><strong>tantum</strong></span> 
     </span>
    </p>
   </div>
   <div class='ocr_carea' id='block_1_60' title="bbox 1974 633 3557 719">
    <p class='ocr_par' dir='ltr' id='par_1_60' title="bbox 1974 633 3557 719">
     <span class='ocr_line' id='line_1_61' title="bbox 1974 633 3557 719; baseline 0.021 -36"><span class='ocrx_word' id='word_1_459' title='bbox 1974 646 2085 686; x_wconf 86' lang='lat' dir='ltr'><strong>non</strong></span> <span class='ocrx_word' id='word_1_460' title='bbox 2108 633 2299 691; x_wconf 87' lang='lat' dir='ltr'><strong>dicens</strong></span> <span class='ocrx_word' id='word_1_461' title='bbox 2362 648 2420 692; x_wconf 90' lang='lat' dir='ltr'><strong>ttt</strong></span> <span class='ocrx_word' id='word_1_462' title='bbox 2478 638 2535 695; x_wconf 90' lang='lat' dir='ltr'><strong>Si</strong></span> <span class='ocrx_word' id='word_1_463' title='bbox 2598 643 2696 698; x_wconf 91' lang='lat' dir='ltr'><strong>tibi</strong></span> <span class='ocrx_word' id='word_1_464' title='bbox 2751 646 2893 705; x_wconf 91' lang='lat' dir='ltr'><strong>Deus</strong></span> <span class='ocrx_word' id='word_1_465' title='bbox 2942 652 3176 719; x_wconf 80' lang='lat' dir='ltr'><strong>videar,</strong></span> <span class='ocrx_word' id='word_1_466' title='bbox 3237 657 3557 716; x_wconf 83' lang='lat' dir='ltr'><strong>charitatem</strong></span> 
     </span>
    </p>
   </div>
   <div class='ocr_carea' id='block_1_61' title="bbox 1975 724 3557 817">
    <p class='ocr_par' dir='ltr' id='par_1_61' title="bbox 1975 724 3557 817">
     <span class='ocr_line' id='line_1_62' title="bbox 1975 724 3557 817; baseline 0.02 -42"><span class='ocrx_word' id='word_1_467' title='bbox 1975 724 2108 778; x_wconf 86' lang='lat' dir='ltr'><strong>mihi</strong></span> <span class='ocrx_word' id='word_1_468' title='bbox 2166 725 2333 784; x_wconf 84' lang='lat' dir='ltr'><strong>debes</strong></span> <span class='ocrx_word' id='word_1_469' title='bbox 2368 744 2383 782; x_wconf 89' lang='lat'><strong><em>:</em></strong></span> <span class='ocrx_word' id='word_1_470' title='bbox 2424 731 2471 786; x_wconf 90' lang='lat' dir='ltr'><strong>si</strong></span> <span class='ocrx_word' id='word_1_471' title='bbox 2522 748 2632 788; x_wconf 92' lang='lat' dir='ltr'><strong>non</strong></span> <span class='ocrx_word' id='word_1_472' title='bbox 2682 740 2896 806; x_wconf 89' lang='lat' dir='ltr'><strong>credas,</strong></span> <span class='ocrx_word' id='word_1_473' title='bbox 2928 752 2983 798; x_wconf 88' lang='lat' dir='ltr'><strong>et</strong></span> <span class='ocrx_word' id='word_1_474' title='bbox 3028 760 3118 799; x_wconf 92' lang='lat' dir='ltr'><strong>me</strong></span> <span class='ocrx_word' id='word_1_475' title='bbox 3157 755 3317 815; x_wconf 87' lang='lat' dir='ltr'><strong>putas</strong></span> <span class='ocrx_word' id='word_1_476' title='bbox 3360 766 3557 817; x_wconf 89' lang='lat' dir='ltr'><strong>purum</strong></span> 
     </span>
    </p>
   </div>
   <div class='ocr_carea' id='block_1_62' title="bbox 1974 816 3560 916">
    <p class='ocr_par' dir='ltr' id='par_1_62' title="bbox 1974 816 3560 916">
     <span class='ocr_line' id='line_1_63' title="bbox 1974 816 3560 916; baseline 0.02 -47"><span class='ocrx_word' id='word_1_477' title='bbox 1974 816 2251 876; x_wconf 82' lang='lat' dir='ltr'><strong>hominem</strong></span> <span class='ocrx_word' id='word_1_478' title='bbox 2310 824 2391 878; x_wconf 89' lang='lat' dir='ltr'><strong>lui</strong></span> <span class='ocrx_word' id='word_1_479' title='bbox 2432 825 2690 895; x_wconf 87' lang='lat' dir='ltr'><strong>similem,</strong></span> <span class='ocrx_word' id='word_1_480' title='bbox 2742 841 2797 886; x_wconf 91' lang='lat' dir='ltr'><strong>et</strong></span> <span class='ocrx_word' id='word_1_481' title='bbox 2847 833 2927 890; x_wconf 89' lang='lat' dir='ltr'><strong>sic</strong></span> <span class='ocrx_word' id='word_1_482' title='bbox 2958 850 3025 891; x_wconf 81' lang='lat' dir='ltr'><strong>ex</strong></span> <span class='ocrx_word' id='word_1_483' title='bbox 3081 836 3217 911; x_wconf 89' lang='lat' dir='ltr'><strong>legis</strong></span> <span class='ocrx_word' id='word_1_484' title='bbox 3240 844 3560 916; x_wconf 88' lang='lat' dir='ltr'><strong>praescripto</strong></span> 
     </span>
    </p>
   </div>
   <div class='ocr_carea' id='block_1_63' title="bbox 1972 914 3555 1003">
    <p class='ocr_par' dir='ltr' id='par_1_63' title="bbox 1972 914 3555 1003">
     <span class='ocr_line' id='line_1_64' title="bbox 1972 914 3555 1003; baseline 0.021 -43"><span class='ocrx_word' id='word_1_485' title='bbox 1972 923 2159 966; x_wconf 85' lang='lat' dir='ltr'><strong>amare</strong></span> <span class='ocrx_word' id='word_1_486' title='bbox 2208 914 2395 972; x_wconf 88' lang='lat' dir='ltr'><strong>debes.</strong></span> <span class='ocrx_word' id='word_1_487' title='bbox 2460 919 2587 975; x_wconf 88' lang='lat' dir='ltr'><strong>lllos</strong></span> <span class='ocrx_word' id='word_1_488' title='bbox 2614 937 2875 980; x_wconf 85' lang='lat' dir='ltr'><strong>vocamus</strong></span> <span class='ocrx_word' id='word_1_489' title='bbox 2935 926 3153 993; x_wconf 79' lang='lat' dir='ltr'><strong>fratres,</strong></span> <span class='ocrx_word' id='word_1_490' title='bbox 3208 934 3303 1003; x_wconf 88' lang='lat' dir='ltr'><strong>qui</strong></span> <span class='ocrx_word' id='word_1_491' title='bbox 3360 937 3555 992; x_wconf 86' lang='lat' dir='ltr'><strong>eodem</strong></span> 
     </span>
    </p>
   </div>
   <div class='ocr_carea' id='block_1_64' title="bbox 1971 998 3556 1083">
    <p class='ocr_par' dir='ltr' id='par_1_64' title="bbox 1971 998 3556 1083">
     <span class='ocr_line' id='line_1_65' title="bbox 1971 998 3556 1083; baseline 0.019 -33"><span class='ocrx_word' id='word_1_492' title='bbox 1971 998 2097 1053; x_wconf 90' lang='lat' dir='ltr'><strong>editi</strong></span> <span class='ocrx_word' id='word_1_493' title='bbox 2133 1002 2363 1069; x_wconf 88' lang='lat' dir='ltr'><strong>semine,</strong></span> <span class='ocrx_word' id='word_1_494' title='bbox 2391 1014 2445 1060; x_wconf 88' lang='lat' dir='ltr'><strong>et</strong></span> <span class='ocrx_word' id='word_1_495' title='bbox 2479 1008 2670 1064; x_wconf 85' lang='lat' dir='ltr'><strong>eodem</strong></span> <span class='ocrx_word' id='word_1_496' title='bbox 2698 1022 2853 1067; x_wconf 89' lang='lat' dir='ltr'><strong>utero</strong></span> <span class='ocrx_word' id='word_1_497' title='bbox 2885 1014 3079 1083; x_wconf 79' lang='lat' dir='ltr'><strong>geniti.</strong></span> <span class='ocrx_word' id='word_1_498' title='bbox 3110 998 3378 1082; x_wconf 46' lang='lat' dir='ltr'><strong>Qui-vero</strong></span> <span class='ocrx_word' id='word_1_499' title='bbox 3401 1039 3556 1079; x_wconf 87' lang='lat' dir='ltr'><strong>eum-</strong></span> 
     </span>
    </p>
   </div>
   <div class='ocr_carea' id='block_1_65' title="bbox 1972 1089 3555 1171">
    <p class='ocr_par' dir='ltr' id='par_1_65' title="bbox 1972 1089 3555 1171">
     <span class='ocr_line' id='line_1_66' title="bbox 1972 1089 3555 1171; baseline 0.018 -28"><span class='ocrx_word' id='word_1_500' title='bbox 1972 1089 2093 1144; x_wconf 83' lang='lat' dir='ltr'><strong>dem</strong></span> <span class='ocrx_word' id='word_1_501' title='bbox 2132 1092 2400 1152; x_wconf 86' lang='lat' dir='ltr'><strong>habemus</strong></span> <span class='ocrx_word' id='word_1_502' title='bbox 2440 1098 2778 1170; x_wconf 71' lang='lat' dir='ltr'><strong>Creatorem,</strong></span> <span class='ocrx_word' id='word_1_503' title='bbox 2817 1113 2871 1158; x_wconf 89' lang='lat' dir='ltr'><strong>et</strong></span> <span class='ocrx_word' id='word_1_504' title='bbox 2900 1107 3148 1162; x_wconf 89' lang='lat' dir='ltr'><strong>eamdem</strong></span> <span class='ocrx_word' id='word_1_505' title='bbox 3182 1122 3409 1169; x_wconf 86' lang='lat' dir='ltr'><strong>matrem</strong></span> <span class='ocrx_word' id='word_1_506' title='bbox 3442 1125 3555 1171; x_wconf 88' lang='lat' dir='ltr'><strong>ter-</strong></span> 
     </span>
    </p>
   </div>
   <div class='ocr_carea' id='block_1_66' title="bbox 1971 1192 3555 1264">
    <p class='ocr_par' dir='ltr' id='par_1_66' title="bbox 1971 1192 3555 1264">
     <span class='ocr_line' id='line_1_67' title="bbox 1971 1192 3555 1264; baseline 0.021 -32"><span class='ocrx_word' id='word_1_507' title='bbox 1971 1198 2112 1247; x_wconf 85' lang='lat' dir='ltr'><strong>ram,</strong></span> <span class='ocrx_word' id='word_1_508' title='bbox 2164 1201 2194 1239; x_wconf 90' lang='lat' dir='ltr'><strong>e</strong></span> <span class='ocrx_word' id='word_1_509' title='bbox 2226 1203 2333 1256; x_wconf 90' lang='lat' dir='ltr'><strong>qua</strong></span> <span class='ocrx_word' id='word_1_510' title='bbox 2377 1192 2583 1247; x_wconf 91' lang='lat' dir='ltr'><strong>conditi</strong></span> <span class='ocrx_word' id='word_1_511' title='bbox 2613 1209 2827 1261; x_wconf 88' lang='lat' dir='ltr'><strong>sumus,</strong></span> <span class='ocrx_word' id='word_1_512' title='bbox 2870 1206 2924 1252; x_wconf 93' lang='lat' dir='ltr'><strong>et</strong></span> <span class='ocrx_word' id='word_1_513' title='bbox 2969 1202 3217 1257; x_wconf 83' lang='lat' dir='ltr'><strong>eamdem</strong></span> <span class='ocrx_word' id='word_1_514' title='bbox 3248 1207 3443 1263; x_wconf 76' lang='lat' dir='ltr'><strong>animae</strong></span> <span class='ocrx_word' id='word_1_515' title='bbox 3472 1209 3555 1264; x_wconf 87' lang='lat' dir='ltr'><strong>di-</strong></span> 
     </span>
    </p>
   </div>
   <div class='ocr_carea' id='block_1_67' title="bbox 1969 1276 3552 1377">
    <p class='ocr_par' dir='ltr' id='par_1_67' title="bbox 1969 1276 3552 1377">
     <span class='ocr_line' id='line_1_68' title="bbox 1969 1276 3552 1377; baseline 0.02 -52"><span class='ocrx_word' id='word_1_516' title='bbox 1969 1276 2253 1343; x_wconf 86' lang='lat' dir='ltr'><strong>gnitatem,</strong></span> <span class='ocrx_word' id='word_1_517' title='bbox 2301 1280 2498 1352; x_wconf 81' lang='lat' dir='ltr'><strong>500a</strong></span> <span class='ocrx_word' id='word_1_518' title='bbox 2531 1301 2697 1342; x_wconf 91' lang='lat' dir='ltr'><strong>unum</strong></span> <span class='ocrx_word' id='word_1_519' title='bbox 2736 1289 2957 1359; x_wconf 87' lang='lat' dir='ltr'><strong>pietatis</strong></span> <span class='ocrx_word' id='word_1_520' title='bbox 2997 1301 3052 1348; x_wconf 91' lang='lat' dir='ltr'><strong>et</strong></span> <span class='ocrx_word' id='word_1_521' title='bbox 3078 1296 3206 1351; x_wconf 69' lang='lat' dir='ltr'><strong>vita:</strong></span> <span class='ocrx_word' id='word_1_522' title='bbox 3248 1299 3552 1377; x_wconf 76' lang='lat' dir='ltr'><strong>vinculum,</strong></span> 
     </span>
    </p>
   </div>
   <div class='ocr_carea' id='block_1_68' title="bbox 1969 1370 3555 1457">
    <p class='ocr_par' dir='ltr' id='par_1_68' title="bbox 1969 1370 3555 1457">
     <span class='ocr_line' id='line_1_69' title="bbox 1969 1370 3555 1457; baseline 0.02 -39"><span class='ocrx_word' id='word_1_523' title='bbox 1969 1378 2022 1419; x_wconf 88' lang='lat' dir='ltr'><strong>et</strong></span> <span class='ocrx_word' id='word_1_524' title='bbox 2069 1370 2317 1426; x_wconf 83' lang='lat' dir='ltr'><strong>eamdem</strong></span> <span class='ocrx_word' id='word_1_525' title='bbox 2377 1374 2578 1432; x_wconf 85' lang='lat' dir='ltr'><strong>futurae</strong></span> <span class='ocrx_word' id='word_1_526' title='bbox 2632 1382 2756 1436; x_wconf 73' lang='lat' dir='ltr'><strong>vitae</strong></span> <span class='ocrx_word' id='word_1_527' title='bbox 2802 1399 2975 1451; x_wconf 89' lang='lat' dir='ltr'><strong>spem,</strong></span> <span class='ocrx_word' id='word_1_528' title='bbox 3010 1390 3287 1457; x_wconf 87' lang='lat' dir='ltr'><strong>quomodo</strong></span> <span class='ocrx_word' id='word_1_529' title='bbox 3316 1392 3555 1449; x_wconf 84' lang='lat' dir='ltr'><strong>invicem</strong></span> 
     </span>
    </p>
   </div>
   <div class='ocr_carea' id='block_1_69' title="bbox 1970 1465 3554 1542">
    <p class='ocr_par' dir='ltr' id='par_1_69' title="bbox 1970 1465 3554 1542">
     <span class='ocr_line' id='line_1_70' title="bbox 1970 1465 3554 1542; baseline 0.019 -34"><span class='ocrx_word' id='word_1_530' title='bbox 1970 1473 2079 1512; x_wconf 91' lang='lat' dir='ltr'><strong>non</strong></span> <span class='ocrx_word' id='word_1_531' title='bbox 2126 1465 2300 1531; x_wconf 79' lang='lat' dir='ltr'><strong>magis</strong></span> <span class='ocrx_word' id='word_1_532' title='bbox 2331 1466 2632 1538; x_wconf 83' lang='lat' dir='ltr'><strong>diligimus,</strong></span> <span class='ocrx_word' id='word_1_533' title='bbox 2683 1489 2847 1542; x_wconf 90' lang='lat' dir='ltr'><strong>quam</strong></span> <span class='ocrx_word' id='word_1_534' title='bbox 2902 1476 3101 1534; x_wconf 80' lang='lat' dir='ltr'><strong>fratres</strong></span> <span class='ocrx_word' id='word_1_535' title='bbox 3151 1490 3246 1535; x_wconf 87' lang='lat' dir='ltr'><strong>aut</strong></span> <span class='ocrx_word' id='word_1_536' title='bbox 3298 1486 3554 1541; x_wconf 87' lang='lat' dir='ltr'><strong>sorores?</strong></span> 
     </span>
    </p>
   </div>
   <div class='ocr_carea' id='block_1_70' title="bbox 1968 1549 3551 1646">
    <p class='ocr_par' dir='ltr' id='par_1_70' title="bbox 1968 1549 3551 1646">
     <span class='ocr_line' id='line_1_71' title="bbox 1968 1549 3551 1646; baseline 0.018 -43"><span class='ocrx_word' id='word_1_537' title='bbox 1968 1549 2173 1609; x_wconf 77' lang='lat' dir='ltr'><strong>Videns</strong></span> <span class='ocrx_word' id='word_1_538' title='bbox 2202 1555 2501 1627; x_wconf 87' lang='lat' dir='ltr'><strong>hominem,</strong></span> <span class='ocrx_word' id='word_1_539' title='bbox 2534 1564 2768 1633; x_wconf 91' lang='lat' dir='ltr'><strong>teipsum</strong></span> <span class='ocrx_word' id='word_1_540' title='bbox 2798 1567 2851 1621; x_wconf 93' lang='lat' dir='ltr'><strong>in</strong></span> <span class='ocrx_word' id='word_1_541' title='bbox 2882 1584 2949 1624; x_wconf 93' lang='lat' dir='ltr'><strong>eo</strong></span> <span class='ocrx_word' id='word_1_542' title='bbox 2972 1572 3145 1627; x_wconf 87' lang='lat' dir='ltr'><strong>vides.</strong></span> <span class='ocrx_word' id='word_1_543' title='bbox 3170 1572 3353 1640; x_wconf 85' lang='lat' dir='ltr'><strong>Quare</strong></span> <span class='ocrx_word' id='word_1_544' title='bbox 3387 1592 3551 1646; x_wconf 83' lang='lat' dir='ltr'><strong>opor-</strong></span> 
     </span>
    </p>
   </div>
   <div class='ocr_carea' id='block_1_71' title="bbox 1968 1649 3550 1732">
    <p class='ocr_par' dir='ltr' id='par_1_71' title="bbox 1968 1649 3550 1732">
     <span class='ocr_line' id='line_1_72' title="bbox 1968 1649 3550 1732; baseline 0.018 -38"><span class='ocrx_word' id='word_1_545' title='bbox 1968 1649 2042 1695; x_wconf 86' lang='lat' dir='ltr'><strong>tet</strong></span> <span class='ocrx_word' id='word_1_546' title='bbox 2068 1658 2218 1710; x_wconf 92' lang='lat' dir='ltr'><strong>eum,</strong></span> <span class='ocrx_word' id='word_1_547' title='bbox 2247 1650 2339 1716; x_wconf 92' lang='lat' dir='ltr'><strong>qui</strong></span> <span class='ocrx_word' id='word_1_548' title='bbox 2370 1650 2492 1719; x_wconf 87' lang='lat' dir='ltr'><strong>ejus</strong></span> <span class='ocrx_word' id='word_1_549' title='bbox 2530 1655 2894 1724; x_wconf 88' lang='lat' dir='ltr'><strong>calamitates,</strong></span> <span class='ocrx_word' id='word_1_550' title='bbox 2926 1659 3151 1728; x_wconf 80' lang='lat' dir='ltr'><strong>famem,</strong></span> <span class='ocrx_word' id='word_1_551' title='bbox 3184 1666 3353 1732; x_wconf 86' lang='lat' dir='ltr'><strong>sitim,</strong></span> <span class='ocrx_word' id='word_1_552' title='bbox 3387 1670 3550 1723; x_wconf 87' lang='lat' dir='ltr'><strong>nudi-</strong></span> 
     </span>
    </p>
   </div>
   <div class='ocr_carea' id='block_1_72' title="bbox 1970 1738 3547 1822">
    <p class='ocr_par' dir='ltr' id='par_1_72' title="bbox 1970 1738 3547 1822">
     <span class='ocr_line' id='line_1_73' title="bbox 1970 1738 3547 1822; baseline 0.018 -37"><span class='ocrx_word' id='word_1_553' title='bbox 1970 1742 2156 1799; x_wconf 83' lang='lat' dir='ltr'><strong>tatem,</strong></span> <span class='ocrx_word' id='word_1_554' title='bbox 2207 1738 2485 1812; x_wconf 90' lang='lat' dir='ltr'><strong>aliamque</strong></span> <span class='ocrx_word' id='word_1_555' title='bbox 2532 1748 2921 1804; x_wconf 90' lang='lat' dir='ltr'><strong>necessitatem</strong></span> <span class='ocrx_word' id='word_1_556' title='bbox 2959 1761 3015 1805; x_wconf 91' lang='lat' dir='ltr'><strong>et</strong></span> <span class='ocrx_word' id='word_1_557' title='bbox 3042 1755 3289 1822; x_wconf 87' lang='lat' dir='ltr'><strong>morbos,</strong></span> <span class='ocrx_word' id='word_1_558' title='bbox 3317 1766 3373 1811; x_wconf 90' lang='lat' dir='ltr'><strong>et</strong></span> <span class='ocrx_word' id='word_1_559' title='bbox 3408 1758 3547 1812; x_wconf 85' lang='lat' dir='ltr'><strong>alias</strong></span> 
     </span>
    </p>
   </div>
   <div class='ocr_carea' id='block_1_73' title="bbox 1963 1825 3549 1914">
    <p class='ocr_par' dir='ltr' id='par_1_73' title="bbox 1963 1825 3549 1914">
     <span class='ocr_line' id='line_1_74' title="bbox 1963 1825 3549 1914; baseline 0.016 -35"><span class='ocrx_word' id='word_1_560' title='bbox 1963 1825 2289 1885; x_wconf 81' lang='lat' dir='ltr'><strong>amictiones</strong></span> <span class='ocrx_word' id='word_1_561' title='bbox 2342 1836 2537 1904; x_wconf 74' lang='lat' dir='ltr'><strong>aspicit</strong></span> <span class='ocrx_word' id='word_1_562' title='bbox 2572 1879 2587 1905; x_wconf 90' lang='lat'><strong>,</strong></span> <span class='ocrx_word' id='word_1_563' title='bbox 2633 1849 2891 1909; x_wconf 76' lang='lat' dir='ltr'><strong>tanquam</strong></span> <span class='ocrx_word' id='word_1_564' title='bbox 2948 1832 3199 1914; x_wconf 73' lang='lat' dir='ltr'><strong>proprios</strong></span> <span class='ocrx_word' id='word_1_565' title='bbox 3240 1849 3456 1905; x_wconf 90' lang='lat' dir='ltr'><strong>dolores</strong></span> <span class='ocrx_word' id='word_1_566' title='bbox 3493 1862 3549 1905; x_wconf 89' lang='lat' dir='ltr'><strong>et</strong></span> 
     </span>
    </p>
   </div>
   <div class='ocr_carea' id='block_1_74' title="bbox 1961 1916 3545 2007">
    <p class='ocr_par' dir='ltr' id='par_1_74' title="bbox 1961 1916 3545 2007">
     <span class='ocr_line' id='line_1_75' title="bbox 1961 1916 3545 2007; baseline 0.016 -40"><span class='ocrx_word' id='word_1_567' title='bbox 1961 1916 2157 1971; x_wconf 90' lang='lat' dir='ltr'><strong>damna</strong></span> <span class='ocrx_word' id='word_1_568' title='bbox 2211 1921 2512 1980; x_wconf 84' lang='lat' dir='ltr'><strong>clementer</strong></span> <span class='ocrx_word' id='word_1_569' title='bbox 2560 1928 2853 1997; x_wconf 86' lang='lat' dir='ltr'><strong>respicere.</strong></span> <span class='ocrx_word' id='word_1_570' title='bbox 2895 1930 3093 1988; x_wconf 87' lang='lat' dir='ltr'><strong>Multos</strong></span> <span class='ocrx_word' id='word_1_571' title='bbox 3143 1937 3416 2003; x_wconf 82' lang='lat' dir='ltr'><strong>novimus,</strong></span> <span class='ocrx_word' id='word_1_572' title='bbox 3449 1942 3545 2007; x_wconf 89' lang='lat' dir='ltr'><strong>qui</strong></span> 
     </span>
    </p>
   </div>
   <div class='ocr_carea' id='block_1_75' title="bbox 1960 2008 3543 2100">
    <p class='ocr_par' dir='ltr' id='par_1_75' title="bbox 1960 2008 3543 2100">
     <span class='ocr_line' id='line_1_76' title="bbox 1960 2008 3543 2100; baseline 0.016 -41"><span class='ocrx_word' id='word_1_573' title='bbox 1960 2008 2142 2064; x_wconf 74' lang='lat' dir='ltr'><strong>verbis</strong></span> <span class='ocrx_word' id='word_1_574' title='bbox 2171 2025 2231 2065; x_wconf 89' lang='lat' dir='ltr'><strong>se</strong></span> <span class='ocrx_word' id='word_1_575' title='bbox 2260 2015 2502 2081; x_wconf 84' lang='lat' dir='ltr'><strong>pericula</strong></span> <span class='ocrx_word' id='word_1_576' title='bbox 2531 2019 2780 2075; x_wconf 87' lang='lat' dir='ltr'><strong>adituros</strong></span> <span class='ocrx_word' id='word_1_577' title='bbox 2821 2020 3084 2086; x_wconf 88' lang='lat' dir='ltr'><strong>dicerent.</strong></span> <span class='ocrx_word' id='word_1_578' title='bbox 3139 2028 3232 2081; x_wconf 91' lang='lat' dir='ltr'><strong>sed</strong></span> <span class='ocrx_word' id='word_1_579' title='bbox 3262 2044 3386 2083; x_wconf 92' lang='lat' dir='ltr'><strong>cum</strong></span> <span class='ocrx_word' id='word_1_580' title='bbox 3410 2046 3543 2100; x_wconf 88' lang='lat' dir='ltr'><strong>pro-</strong></span> 
     </span>
    </p>
   </div>
   <div class='ocr_carea' id='block_1_76' title="bbox 1961 2098 3541 2178">
    <p class='ocr_par' dir='ltr' id='par_1_76' title="bbox 1961 2098 3541 2178">
     <span class='ocr_line' id='line_1_77' title="bbox 1961 2098 3541 2178; baseline 0.016 -27"><span class='ocrx_word' id='word_1_581' title='bbox 1961 2098 2201 2155; x_wconf 88' lang='lat' dir='ltr'><strong>bandum</strong></span> <span class='ocrx_word' id='word_1_582' title='bbox 2232 2113 2335 2169; x_wconf 89' lang='lat' dir='ltr'><strong>est,</strong></span> <span class='ocrx_word' id='word_1_583' title='bbox 2382 2107 2823 2168; x_wconf 84' lang='lat' dir='ltr'><strong>benevolentiam</strong></span> <span class='ocrx_word' id='word_1_584' title='bbox 2862 2117 3078 2171; x_wconf 89' lang='lat' dir='ltr'><strong>mentiti</strong></span> <span class='ocrx_word' id='word_1_585' title='bbox 3109 2128 3254 2174; x_wconf 90' lang='lat' dir='ltr'><strong>sunt.</strong></span> <span class='ocrx_word' id='word_1_586' title='bbox 3288 2098 3541 2178; x_wconf 76' lang='lat' dir='ltr'><strong>Salvator</strong></span> 
     </span>
    </p>
   </div>
   <div class='ocr_carea' id='block_1_77' title="bbox 1957 2191 3539 2279">
    <p class='ocr_par' dir='ltr' id='par_1_77' title="bbox 1957 2191 3539 2279">
     <span class='ocr_line' id='line_1_78' title="bbox 1957 2191 3539 2279; baseline 0.016 -35"><span class='ocrx_word' id='word_1_587' title='bbox 1957 2191 2096 2247; x_wconf 90' lang='lat' dir='ltr'><strong>adeo</strong></span> <span class='ocrx_word' id='word_1_588' title='bbox 2124 2206 2432 2253; x_wconf 89' lang='lat' dir='ltr'><strong>creaturam</strong></span> <span class='ocrx_word' id='word_1_589' title='bbox 2485 2218 2637 2257; x_wconf 89' lang='lat' dir='ltr'><strong>suam</strong></span> <span class='ocrx_word' id='word_1_590' title='bbox 2671 2206 2884 2271; x_wconf 74' lang='lat' dir='ltr'><strong>dilexit,</strong></span> <span class='ocrx_word' id='word_1_591' title='bbox 2924 2226 3031 2263; x_wconf 89' lang='lat' dir='ltr'><strong>non</strong></span> <span class='ocrx_word' id='word_1_592' title='bbox 3069 2213 3413 2279; x_wconf 83' lang='lat' dir='ltr'><strong>utseipsum,</strong></span> <span class='ocrx_word' id='word_1_593' title='bbox 3446 2218 3539 2271; x_wconf 84' lang='lat' dir='ltr'><strong>sed</strong></span> 
     </span>
    </p>
   </div>
   <div class='ocr_carea' id='block_1_78' title="bbox 1957 2286 3529 2366">
    <p class='ocr_par' dir='ltr' id='par_1_78' title="bbox 1957 2286 3529 2366">
     <span class='ocr_line' id='line_1_79' title="bbox 1957 2286 3529 2366; baseline 0.017 -27"><span class='ocrx_word' id='word_1_594' title='bbox 1957 2286 2081 2355; x_wconf 88' lang='lat' dir='ltr'><strong>plus</strong></span> <span class='ocrx_word' id='word_1_595' title='bbox 2110 2304 2276 2358; x_wconf 87' lang='lat' dir='ltr'><strong>quam</strong></span> <span class='ocrx_word' id='word_1_596' title='bbox 2302 2293 2542 2363; x_wconf 90' lang='lat' dir='ltr'><strong>seipsum</strong></span> <span class='ocrx_word' id='word_1_597' title='bbox 2578 2316 2590 2350; x_wconf 93' lang='lat'>:</span> <span class='ocrx_word' id='word_1_598' title='bbox 2617 2299 2780 2355; x_wconf 92' lang='lat' dir='ltr'><strong>nobis</strong></span> <span class='ocrx_word' id='word_1_599' title='bbox 2822 2316 2954 2357; x_wconf 74' lang='lat' dir='ltr'><strong>vero</strong></span> <span class='ocrx_word' id='word_1_600' title='bbox 2985 2318 3094 2359; x_wconf 92' lang='lat' dir='ltr'><strong>non</strong></span> <span class='ocrx_word' id='word_1_601' title='bbox 3128 2316 3275 2360; x_wconf 86' lang='lat' dir='ltr'><strong>tanta</strong></span> <span class='ocrx_word' id='word_1_602' title='bbox 3307 2308 3529 2366; x_wconf 90' lang='lat' dir='ltr'><strong>dilectio</strong></span> 
     </span>
    </p>
   </div>
   <div class='ocr_carea' id='block_1_79' title="bbox 1955 2378 3534 2469">
    <p class='ocr_par' dir='ltr' id='par_1_79' title="bbox 1955 2378 3534 2469">
     <span class='ocr_line' id='line_1_80' title="bbox 1955 2378 3534 2469; baseline 0.015 -38"><span class='ocrx_word' id='word_1_603' title='bbox 1955 2378 2278 2451; x_wconf 89' lang='lat' dir='ltr'><strong>imponitur,</strong></span> <span class='ocrx_word' id='word_1_604' title='bbox 2314 2385 2539 2455; x_wconf 85' lang='lat' dir='ltr'><strong>diligere</strong></span> <span class='ocrx_word' id='word_1_605' title='bbox 2579 2390 2793 2447; x_wconf 86' lang='lat' dir='ltr'><strong>scilicet</strong></span> <span class='ocrx_word' id='word_1_606' title='bbox 2823 2394 3136 2463; x_wconf 81' lang='lat' dir='ltr'><strong>proximum</strong></span> <span class='ocrx_word' id='word_1_607' title='bbox 3182 2407 3241 2451; x_wconf 90' lang='lat' dir='ltr'><strong>ut</strong></span> <span class='ocrx_word' id='word_1_608' title='bbox 3269 2401 3534 2469; x_wconf 90' lang='lat' dir='ltr'><strong>seipsum,</strong></span> 
     </span>
    </p>
   </div>
   <div class='ocr_carea' id='block_1_80' title="bbox 1956 2479 3535 2561">
    <p class='ocr_par' dir='ltr' id='par_1_80' title="bbox 1956 2479 3535 2561">
     <span class='ocr_line' id='line_1_81' title="bbox 1956 2479 3535 2561; baseline 0.014 -35"><span class='ocrx_word' id='word_1_609' title='bbox 1956 2487 2062 2527; x_wconf 91' lang='lat' dir='ltr'><strong>non</strong></span> <span class='ocrx_word' id='word_1_610' title='bbox 2091 2490 2257 2545; x_wconf 85' lang='lat' dir='ltr'><strong>supra</strong></span> <span class='ocrx_word' id='word_1_611' title='bbox 2303 2479 2568 2549; x_wconf 87' lang='lat' dir='ltr'><strong>seipsum,</strong></span> <span class='ocrx_word' id='word_1_612' title='bbox 2613 2499 2682 2535; x_wconf 90' lang='lat' dir='ltr'><strong>ne</strong></span> <span class='ocrx_word' id='word_1_613' title='bbox 2729 2497 3060 2556; x_wconf 75' lang='lat' dir='ltr'><strong>prteceptum</strong></span> <span class='ocrx_word' id='word_1_614' title='bbox 3103 2506 3265 2559; x_wconf 83' lang='lat' dir='ltr'><strong>grave</strong></span> <span class='ocrx_word' id='word_1_615' title='bbox 3308 2492 3535 2561; x_wconf 91' lang='lat' dir='ltr'><strong>impletu</strong></span> 
     </span>
    </p>
   </div>
   <div class='ocr_carea' id='block_1_81' title="bbox 1951 2565 3531 2654">
    <p class='ocr_par' dir='ltr' id='par_1_81' title="bbox 1951 2565 3531 2654">
     <span class='ocr_line' id='line_1_82' title="bbox 1951 2565 3531 2654; baseline 0.013 -35"><span class='ocrx_word' id='word_1_616' title='bbox 1951 2565 2125 2633; x_wconf 86' lang='lat' dir='ltr'><strong>daret,</strong></span> <span class='ocrx_word' id='word_1_617' title='bbox 2151 2577 2285 2623; x_wconf 90' lang='lat' dir='ltr'><strong>etut</strong></span> <span class='ocrx_word' id='word_1_618' title='bbox 2315 2586 2409 2639; x_wconf 88' lang='lat' dir='ltr'><strong>per</strong></span> <span class='ocrx_word' id='word_1_619' title='bbox 2450 2587 2613 2642; x_wconf 89' lang='lat' dir='ltr'><strong>opera</strong></span> <span class='ocrx_word' id='word_1_620' title='bbox 2644 2576 2990 2633; x_wconf 76' lang='lat' dir='ltr'><strong>manifestius</strong></span> <span class='ocrx_word' id='word_1_621' title='bbox 3032 2582 3319 2638; x_wconf 89' lang='lat' dir='ltr'><strong>charilatis</strong></span> <span class='ocrx_word' id='word_1_622' title='bbox 3361 2585 3531 2654; x_wconf 83' lang='lat' dir='ltr'><strong>legem</strong></span> 
     </span>
    </p>
   </div>
   <div class='ocr_carea' id='block_1_82' title="bbox 1952 2660 3535 2745">
    <p class='ocr_par' dir='ltr' id='par_1_82' title="bbox 1952 2660 3535 2745">
     <span class='ocr_line' id='line_1_83' title="bbox 1952 2660 3535 2745; baseline 0.012 -33"><span class='ocrx_word' id='word_1_623' title='bbox 1952 2660 2286 2716; x_wconf 88' lang='lat' dir='ltr'><strong>ostenderet.</strong></span> <span class='ocrx_word' id='word_1_624' title='bbox 2326 2663 2455 2719; x_wconf 82' lang='lat' dir='ltr'><strong>Rem</strong></span> <span class='ocrx_word' id='word_1_625' title='bbox 2479 2666 2697 2736; x_wconf 84' lang='lat' dir='ltr'><strong>plenam</strong></span> <span class='ocrx_word' id='word_1_626' title='bbox 2725 2670 3138 2739; x_wconf 72' lang='lat' dir='ltr'><strong>misericordite,</strong></span> <span class='ocrx_word' id='word_1_627' title='bbox 3166 2691 3289 2745; x_wconf 86' lang='lat' dir='ltr'><strong>quae</strong></span> <span class='ocrx_word' id='word_1_628' title='bbox 3314 2693 3380 2732; x_wconf 90' lang='lat' dir='ltr'><strong>eo</strong></span> <span class='ocrx_word' id='word_1_629' title='bbox 3400 2688 3535 2733; x_wconf 89' lang='lat' dir='ltr'><strong>tem-</strong></span> 
     </span>
    </p>
   </div>
   <div class='ocr_carea' id='block_1_83' title="bbox 1950 2756 3534 2837">
    <p class='ocr_par' dir='ltr' id='par_1_83' title="bbox 1950 2756 3534 2837">
     <span class='ocr_line' id='line_1_84' title="bbox 1950 2756 3534 2837; baseline 0.013 -31"><span class='ocrx_word' id='word_1_630' title='bbox 1950 2766 2082 2819; x_wconf 89' lang='lat' dir='ltr'><strong>pore</strong></span> <span class='ocrx_word' id='word_1_631' title='bbox 2138 2756 2367 2825; x_wconf 87' lang='lat' dir='ltr'><strong>contigit</strong></span> <span class='ocrx_word' id='word_1_632' title='bbox 2437 2760 2538 2813; x_wconf 89' lang='lat' dir='ltr'><strong>sub</strong></span> <span class='ocrx_word' id='word_1_633' title='bbox 2590 2762 2781 2818; x_wconf 90' lang='lat' dir='ltr'><strong>oculos</strong></span> <span class='ocrx_word' id='word_1_634' title='bbox 2818 2765 2991 2832; x_wconf 86' lang='lat' dir='ltr'><strong>ponit,</strong></span> <span class='ocrx_word' id='word_1_635' title='bbox 3054 2766 3189 2837; x_wconf 88' lang='lat' dir='ltr'><strong>legis</strong></span> <span class='ocrx_word' id='word_1_636' title='bbox 3249 2769 3534 2826; x_wconf 88' lang='lat' dir='ltr'><strong>doctorem</strong></span> 
     </span>
    </p>
   </div>
   <div class='ocr_carea' id='block_1_84' title="bbox 1949 2842 3535 2930">
    <p class='ocr_par' dir='ltr' id='par_1_84' title="bbox 1949 2842 3535 2930">
     <span class='ocr_line' id='line_1_85' title="bbox 1949 2842 3535 2930; baseline 0.012 -33"><span class='ocrx_word' id='word_1_637' title='bbox 1949 2842 2152 2901; x_wconf 89' lang='lat' dir='ltr'><strong>docens</strong></span> <span class='ocrx_word' id='word_1_638' title='bbox 2179 2849 2492 2915; x_wconf 74' lang='lat' dir='ltr'><strong>proximum</strong></span> <span class='ocrx_word' id='word_1_639' title='bbox 2524 2851 2794 2923; x_wconf 85' lang='lat' dir='ltr'><strong>cujusque</strong></span> <span class='ocrx_word' id='word_1_640' title='bbox 2840 2870 2983 2924; x_wconf 87' lang='lat' dir='ltr'><strong>esse,</strong></span> <span class='ocrx_word' id='word_1_641' title='bbox 3021 2858 3115 2927; x_wconf 90' lang='lat' dir='ltr'><strong>qui</strong></span> <span class='ocrx_word' id='word_1_642' title='bbox 3140 2859 3384 2914; x_wconf 88' lang='lat' dir='ltr'><strong>eamdem</strong></span> <span class='ocrx_word' id='word_1_643' title='bbox 3415 2876 3535 2930; x_wconf 85' lang='lat' dir='ltr'><strong>ges-</strong></span> 
     </span>
    </p>
   </div>
   <div class='ocr_carea' id='block_1_85' title="bbox 1948 2943 3533 3023">
    <p class='ocr_par' dir='ltr' id='par_1_85' title="bbox 1948 2943 3533 3023">
     <span class='ocr_line' id='line_1_86' title="bbox 1948 2943 3533 3023; baseline 0.012 -34"><span class='ocrx_word' id='word_1_644' title='bbox 1948 2944 2074 2991; x_wconf 91' lang='lat' dir='ltr'><strong>tans</strong></span> <span class='ocrx_word' id='word_1_645' title='bbox 2106 2953 2324 2995; x_wconf 87' lang='lat' dir='ltr'><strong>carnem</strong></span> <span class='ocrx_word' id='word_1_646' title='bbox 2356 2943 2593 3000; x_wconf 88' lang='lat' dir='ltr'><strong>miseriis</strong></span> <span class='ocrx_word' id='word_1_647' title='bbox 2617 2947 2921 3003; x_wconf 81' lang='lat' dir='ltr'><strong>obnoxiam</strong></span> <span class='ocrx_word' id='word_1_648' title='bbox 2953 2950 3161 3005; x_wconf 82' lang='lat' dir='ltr'><strong>auxilio</strong></span> <span class='ocrx_word' id='word_1_649' title='bbox 3194 2960 3248 3005; x_wconf 90' lang='lat' dir='ltr'><strong>et</strong></span> <span class='ocrx_word' id='word_1_650' title='bbox 3280 2966 3382 3023; x_wconf 91' lang='lat' dir='ltr'><strong>ope</strong></span> <span class='ocrx_word' id='word_1_651' title='bbox 3413 2969 3533 3007; x_wconf 90' lang='lat' dir='ltr'><strong>mu-</strong></span> 
     </span>
    </p>
   </div>
   <div class='ocr_carea' id='block_1_86' title="bbox 1949 3029 3531 3111">
    <p class='ocr_par' dir='ltr' id='par_1_86' title="bbox 1949 3029 3531 3111">
     <span class='ocr_line' id='line_1_87' title="bbox 1949 3029 3531 3111; baseline 0.011 -30"><span class='ocrx_word' id='word_1_652' title='bbox 1949 3036 2044 3081; x_wconf 90' lang='lat' dir='ltr'><strong>tua</strong></span> <span class='ocrx_word' id='word_1_653' title='bbox 2068 3029 2290 3101; x_wconf 89' lang='lat' dir='ltr'><strong>indiget.</strong></span> <span class='ocrx_word' id='word_1_654' title='bbox 2326 3032 2433 3089; x_wconf 77' lang='lat' dir='ltr'><strong>Res</strong></span> <span class='ocrx_word' id='word_1_655' title='bbox 2456 3036 2535 3090; x_wconf 90' lang='lat' dir='ltr'><strong>sic</strong></span> <span class='ocrx_word' id='word_1_656' title='bbox 2556 3047 2704 3106; x_wconf 86' lang='lat' dir='ltr'><strong>gesta</strong></span> <span class='ocrx_word' id='word_1_657' title='bbox 2733 3049 2817 3094; x_wconf 87' lang='lat' dir='ltr'><strong>est</strong></span> <span class='ocrx_word' id='word_1_658' title='bbox 2841 3058 2855 3093; x_wconf 94' lang='lat'><strong>:</strong></span> <span class='ocrx_word' id='word_1_659' title='bbox 2886 3038 3060 3095; x_wconf 83' lang='lat' dir='ltr'><strong>Homo</strong></span> <span class='ocrx_word' id='word_1_660' title='bbox 3078 3044 3294 3111; x_wconf 87' lang='lat' dir='ltr'><strong>quidam</strong></span> <span class='ocrx_word' id='word_1_661' title='bbox 3313 3043 3531 3099; x_wconf 85' lang='lat' dir='ltr'><strong>descen-</strong></span> 
     </span>
    </p>
   </div>
   <div class='ocr_carea' id='block_1_87' title="bbox 1863 3118 3529 3204">
    <p class='ocr_par' dir='ltr' id='par_1_87' title="bbox 1863 3118 3529 3204">
     <span class='ocr_line' id='line_1_88' title="bbox 1863 3118 3529 3204; baseline 0.013 -33"><span class='ocrx_word' id='word_1_662' title='bbox 1863 3121 1908 3181; x_wconf 84' lang='lat' dir='ltr'><strong><em>C</em></strong></span> <span class='ocrx_word' id='word_1_663' title='bbox 1941 3118 2093 3174; x_wconf 81' lang='lat' dir='ltr'><strong>debat</strong></span> <span class='ocrx_word' id='word_1_664' title='bbox 2117 3138 2181 3175; x_wconf 74' lang='lat' dir='ltr'><strong>ea:</strong></span> <span class='ocrx_word' id='word_1_665' title='bbox 2211 3124 2508 3179; x_wconf 75' lang='lat' dir='ltr'><strong>Jerusalem</strong></span> <span class='ocrx_word' id='word_1_666' title='bbox 2537 3130 2592 3182; x_wconf 85' lang='lat' dir='ltr'><strong>in</strong></span> <span class='ocrx_word' id='word_1_667' title='bbox 2625 3128 2860 3198; x_wconf 86' lang='lat' dir='ltr'><strong>Jericlto,</strong></span> <span class='ocrx_word' id='word_1_668' title='bbox 2892 3142 2942 3187; x_wconf 83' lang='lat' dir='ltr'><strong>et</strong></span> <span class='ocrx_word' id='word_1_669' title='bbox 2975 3135 3163 3188; x_wconf 77' lang='lat' dir='ltr'><strong>incidit</strong></span> <span class='ocrx_word' id='word_1_670' title='bbox 3189 3137 3243 3189; x_wconf 86' lang='lat' dir='ltr'><strong>iu</strong></span> <span class='ocrx_word' id='word_1_671' title='bbox 3276 3136 3529 3204; x_wconf 81' lang='lat' dir='ltr'><strong>latrones,</strong></span> 
     </span>
    </p>
   </div>
   <div class='ocr_carea' id='block_1_88' title="bbox 1942 3216 3529 3298">
    <p class='ocr_par' dir='ltr' id='par_1_88' title="bbox 1942 3216 3529 3298">
     <span class='ocr_line' id='line_1_89' title="bbox 1942 3216 3529 3298; baseline 0.01 -31"><span class='ocrx_word' id='word_1_672' title='bbox 1942 3216 2031 3285; x_wconf 84' lang='lat' dir='ltr'><strong>qui</strong></span> <span class='ocrx_word' id='word_1_673' title='bbox 2066 3217 2231 3269; x_wconf 88' lang='lat' dir='ltr'><strong>etiam</strong></span> <span class='ocrx_word' id='word_1_674' title='bbox 2265 3218 2692 3287; x_wconf 85' lang='lat' dir='ltr'><strong>despoliaverunt</strong></span> <span class='ocrx_word' id='word_1_675' title='bbox 2749 3239 2890 3287; x_wconf 86' lang='lat' dir='ltr'><strong>eum,</strong></span> <span class='ocrx_word' id='word_1_676' title='bbox 2947 3234 2997 3278; x_wconf 87' lang='lat' dir='ltr'><strong>et</strong></span> <span class='ocrx_word' id='word_1_677' title='bbox 3027 3226 3203 3297; x_wconf 85' lang='lat' dir='ltr'><strong>plagis</strong></span> <span class='ocrx_word' id='word_1_678' title='bbox 3242 3228 3529 3298; x_wconf 76' lang='lat' dir='ltr'><strong>impositis,</strong></span> 
     </span>
    </p>
   </div>
   <div class='ocr_carea' id='block_1_89' title="bbox 1942 3309 3530 3405">
    <p class='ocr_par' dir='ltr' id='par_1_89' title="bbox 1942 3309 3530 3405">
     <span class='ocr_line' id='line_1_90' title="bbox 1942 3309 3530 3405; baseline 0.009 -45"><span class='ocrx_word' id='word_1_679' title='bbox 1942 3309 2215 3372; x_wconf 85' lang='lat' dir='ltr'><strong>abierunt,</strong></span> <span class='ocrx_word' id='word_1_680' title='bbox 2248 3312 2495 3364; x_wconf 67' lang='lat' dir='ltr'><strong>semiviro</strong></span> <span class='ocrx_word' id='word_1_681' title='bbox 2538 3312 2741 3368; x_wconf 73' lang='lat' dir='ltr'><strong>relicto.</strong></span> <span class='ocrx_word' id='word_1_682' title='bbox 2785 3312 2893 3369; x_wconf 78' lang='lat' dir='ltr'><strong>Res</strong></span> <span class='ocrx_word' id='word_1_683' title='bbox 2935 3315 3052 3372; x_wconf 60' lang='lat' dir='ltr'><strong>hac</strong></span> <span class='ocrx_word' id='word_1_684' title='bbox 3096 3318 3530 3405; x_wconf 86' lang='lat' dir='ltr'><strong>commiseranda</strong></span> 
     </span>
    </p>
   </div>
   <div class='ocr_carea' id='block_1_90' title="bbox 1941 3401 3529 3473">
    <p class='ocr_par' dir='ltr' id='par_1_90' title="bbox 1941 3401 3529 3473">
     <span class='ocr_line' id='line_1_91' title="bbox 1941 3401 3529 3473; baseline 0.006 -19"><span class='ocrx_word' id='word_1_685' title='bbox 1941 3401 2118 3455; x_wconf 91' lang='lat' dir='ltr'><strong>oculis</strong></span> <span class='ocrx_word' id='word_1_686' title='bbox 2152 3401 2587 3458; x_wconf 87' lang='lat' dir='ltr'><strong>misericordiam</strong></span> <span class='ocrx_word' id='word_1_687' title='bbox 2640 3405 3001 3473; x_wconf 86' lang='lat' dir='ltr'><strong>habentibus,</strong></span> <span class='ocrx_word' id='word_1_688' title='bbox 3031 3417 3087 3462; x_wconf 91' lang='lat' dir='ltr'><strong>et</strong></span> <span class='ocrx_word' id='word_1_689' title='bbox 3123 3409 3315 3466; x_wconf 84' lang='lat' dir='ltr'><strong>saltem</strong></span> <span class='ocrx_word' id='word_1_690' title='bbox 3350 3402 3529 3465; x_wconf 88' lang='lat' dir='ltr'><strong>scien-</strong></span> 
     </span>
    </p>
   </div>
   <div class='ocr_carea' id='block_1_91' title="bbox 1940 3492 3523 3573">
    <p class='ocr_par' dir='ltr' id='par_1_91' title="bbox 1940 3492 3523 3573">
     <span class='ocr_line' id='line_1_92' title="bbox 1940 3492 3523 3573; baseline 0.008 -28"><span class='ocrx_word' id='word_1_691' title='bbox 1940 3492 2106 3549; x_wconf 81' lang='lat' dir='ltr'><strong>tibus.</strong></span> <span class='ocrx_word' id='word_1_692' title='bbox 2140 3493 2393 3551; x_wconf 84' lang='lat' dir='ltr'><strong>Christus</strong></span> <span class='ocrx_word' id='word_1_693' title='bbox 2426 3495 2627 3552; x_wconf 84' lang='lat' dir='ltr'><strong>Judaeis</strong></span> <span class='ocrx_word' id='word_1_694' title='bbox 2650 3498 2881 3569; x_wconf 90' lang='lat' dir='ltr'><strong>loquens</strong></span> <span class='ocrx_word' id='word_1_695' title='bbox 2905 3509 2959 3554; x_wconf 92' lang='lat' dir='ltr'><strong>et</strong></span> <span class='ocrx_word' id='word_1_696' title='bbox 2993 3501 3218 3568; x_wconf 90' lang='lat' dir='ltr'><strong>docens,</strong></span> <span class='ocrx_word' id='word_1_697' title='bbox 3262 3512 3523 3573; x_wconf 90' lang='lat' dir='ltr'><strong>tanquam</strong></span> 
     </span>
    </p>
   </div>
   <div class='ocr_carea' id='block_1_92' title="bbox 1937 3582 3528 3663">
    <p class='ocr_par' dir='ltr' id='par_1_92' title="bbox 1937 3582 3528 3663">
     <span class='ocr_line' id='line_1_93' title="bbox 1937 3582 3528 3663; baseline 0.007 -26"><span class='ocrx_word' id='word_1_698' title='bbox 1937 3582 2239 3653; x_wconf 89' lang='lat' dir='ltr'><strong>dementes,</strong></span> <span class='ocrx_word' id='word_1_699' title='bbox 2270 3595 2325 3641; x_wconf 91' lang='lat' dir='ltr'><strong>et</strong></span> <span class='ocrx_word' id='word_1_700' title='bbox 2350 3586 2553 3644; x_wconf 85' lang='lat' dir='ltr'><strong>frustra</strong></span> <span class='ocrx_word' id='word_1_701' title='bbox 2580 3590 2634 3643; x_wconf 91' lang='lat' dir='ltr'><strong>in</strong></span> <span class='ocrx_word' id='word_1_702' title='bbox 2668 3592 2767 3645; x_wconf 89' lang='lat' dir='ltr'><strong>hac</strong></span> <span class='ocrx_word' id='word_1_703' title='bbox 2797 3591 3161 3663; x_wconf 88' lang='lat' dir='ltr'><strong>lacrymarum</strong></span> <span class='ocrx_word' id='word_1_704' title='bbox 3197 3594 3336 3649; x_wconf 86' lang='lat' dir='ltr'><strong>valle</strong></span> <span class='ocrx_word' id='word_1_705' title='bbox 3389 3608 3528 3651; x_wconf 86' lang='lat' dir='ltr'><strong>ver-</strong></span> 
     </span>
    </p>
   </div>
   <div class='ocr_carea' id='block_1_93' title="bbox 1939 3680 3527 3758">
    <p class='ocr_par' dir='ltr' id='par_1_93' title="bbox 1939 3680 3527 3758">
     <span class='ocr_line' id='line_1_94' title="bbox 1939 3680 3527 3758; baseline 0.006 -27"><span class='ocrx_word' id='word_1_706' title='bbox 1939 3686 2148 3743; x_wconf 88' lang='lat' dir='ltr'><strong>santes,</strong></span> <span class='ocrx_word' id='word_1_707' title='bbox 2186 3680 2267 3735; x_wconf 91' lang='lat' dir='ltr'><strong>sic</strong></span> <span class='ocrx_word' id='word_1_708' title='bbox 2299 3682 2432 3737; x_wconf 88' lang='lat' dir='ltr'><strong>alibi</strong></span> <span class='ocrx_word' id='word_1_709' title='bbox 2459 3682 2574 3737; x_wconf 90' lang='lat' dir='ltr'><strong>ait:</strong></span> <span class='ocrx_word' id='word_1_710' title='bbox 2620 3682 2724 3738; x_wconf 85' lang='lat' dir='ltr'><strong>Vos</strong></span> <span class='ocrx_word' id='word_1_711' title='bbox 2766 3685 2831 3739; x_wconf 83' lang='lat' dir='ltr'><strong>de</strong></span> <span class='ocrx_word' id='word_1_712' title='bbox 2862 3686 3107 3740; x_wconf 78' lang='lat' dir='ltr'><strong>deorsum</strong></span> <span class='ocrx_word' id='word_1_713' title='bbox 3146 3688 3292 3752; x_wconf 86' lang='lat' dir='ltr'><strong>estis,</strong></span> <span class='ocrx_word' id='word_1_714' title='bbox 3322 3702 3415 3758; x_wconf 89' lang='lat' dir='ltr'><strong>ego</strong></span> <span class='ocrx_word' id='word_1_715' title='bbox 3460 3688 3527 3742; x_wconf 86' lang='lat' dir='ltr'><strong>de</strong></span> 
     </span>
    </p>
   </div>
   <div class='ocr_carea' id='block_1_94' title="bbox 1936 3771 3527 3838">
    <p class='ocr_par' dir='ltr' id='par_1_94' title="bbox 1936 3771 3527 3838">
     <span class='ocr_line' id='line_1_95' title="bbox 1936 3771 3527 3838; baseline 0.006 -17"><span class='ocrx_word' id='word_1_716' title='bbox 1936 3771 2179 3838; x_wconf 81' lang='lat' dir='ltr'><strong>supernis</strong></span> <span class='ocrx_word' id='word_1_717' title='bbox 2195 3788 2313 3825; x_wconf 80' lang='lat' dir='ltr'><strong>sum</strong></span> <span class='ocrx_word' id='word_1_718' title='bbox 2336 3781 2384 3838; x_wconf 71' lang='grc' dir='ltr'>ι,</span> <span class='ocrx_word' id='word_1_719' title='bbox 2421 3790 2485 3827; x_wconf 78' lang='lat' dir='ltr'><strong>ex</strong></span> <span class='ocrx_word' id='word_1_720' title='bbox 2520 3775 2836 3832; x_wconf 89' lang='lat' dir='ltr'><strong>nominibus</strong></span> <span class='ocrx_word' id='word_1_721' title='bbox 2865 3778 3029 3832; x_wconf 91' lang='lat' dir='ltr'><strong>modo</strong></span> <span class='ocrx_word' id='word_1_722' title='bbox 3056 3795 3266 3831; x_wconf 80' lang='lat' dir='ltr'><strong>sursum</strong></span> <span class='ocrx_word' id='word_1_723' title='bbox 3295 3788 3345 3833; x_wconf 86' lang='lat' dir='ltr'><strong>et</strong></span> <span class='ocrx_word' id='word_1_724' title='bbox 3372 3780 3527 3831; x_wconf 78' lang='lat' dir='ltr'><strong>deor-</strong></span> 
     </span>
    </p>
   </div>
   <div class='ocr_carea' id='block_1_95' title="bbox 1936 3862 3522 3938">
    <p class='ocr_par' dir='ltr' id='par_1_95' title="bbox 1936 3862 3522 3938">
     <span class='ocr_line' id='line_1_96' title="bbox 1936 3862 3522 3938; baseline 0.008 -26"><span class='ocrx_word' id='word_1_725' title='bbox 1936 3876 2073 3925; x_wconf 87' lang='lat' dir='ltr'><strong>sum,</strong></span> <span class='ocrx_word' id='word_1_726' title='bbox 2104 3862 2279 3918; x_wconf 88' lang='lat' dir='ltr'><strong>bonos</strong></span> <span class='ocrx_word' id='word_1_727' title='bbox 2309 3871 2362 3917; x_wconf 86' lang='lat' dir='ltr'><strong>et</strong></span> <span class='ocrx_word' id='word_1_728' title='bbox 2396 3865 2573 3921; x_wconf 86' lang='lat' dir='ltr'><strong>malos</strong></span> <span class='ocrx_word' id='word_1_729' title='bbox 2603 3866 2917 3938; x_wconf 87' lang='lat' dir='ltr'><strong>distinguit,</strong></span> <span class='ocrx_word' id='word_1_730' title='bbox 2952 3878 3003 3922; x_wconf 92' lang='lat' dir='ltr'><strong>et</strong></span> <span class='ocrx_word' id='word_1_731' title='bbox 3030 3885 3173 3924; x_wconf 90' lang='lat' dir='ltr'><strong>nunc</strong></span> <span class='ocrx_word' id='word_1_732' title='bbox 3201 3870 3522 3924; x_wconf 82' lang='lat' dir='ltr'><strong>descenden-</strong></span> 
     </span>
    </p>
   </div>
   <div class='ocr_carea' id='block_1_96' title="bbox 1938 3952 3520 4032">
    <p class='ocr_par' dir='ltr' id='par_1_96' title="bbox 1938 3952 3520 4032">
     <span class='ocr_line' id='line_1_97' title="bbox 1938 3952 3520 4032; baseline 0.009 -30"><span class='ocrx_word' id='word_1_733' title='bbox 1938 3960 2041 4003; x_wconf 82' lang='lat' dir='ltr'><strong>tem</strong></span> <span class='ocrx_word' id='word_1_734' title='bbox 2064 3952 2253 4008; x_wconf 90' lang='lat' dir='ltr'><strong>dicens</strong></span> <span class='ocrx_word' id='word_1_735' title='bbox 2278 3954 2472 4008; x_wconf 88' lang='lat' dir='ltr'><strong>eodem</strong></span> <span class='ocrx_word' id='word_1_736' title='bbox 2510 3971 2677 4011; x_wconf 91' lang='lat' dir='ltr'><strong>sensu</strong></span> <span class='ocrx_word' id='word_1_737' title='bbox 2718 3957 2876 4013; x_wconf 84' lang='lat' dir='ltr'><strong>dixit.</strong></span> <span class='ocrx_word' id='word_1_738' title='bbox 2898 3957 3023 4012; x_wconf 90' lang='lat' dir='ltr'><strong>Fuit</strong></span> <span class='ocrx_word' id='word_1_739' title='bbox 3053 3960 3139 4013; x_wconf 83' lang='lat' dir='ltr'><strong>ille</strong></span> <span class='ocrx_word' id='word_1_740' title='bbox 3170 3962 3364 4025; x_wconf 82' lang='lat' dir='ltr'><strong>Adam,</strong></span> <span class='ocrx_word' id='word_1_741' title='bbox 3401 3961 3520 4032; x_wconf 73' lang='lat' dir='ltr'><strong>lap~</strong></span> 
     </span>
    </p>
   </div>
   <div class='ocr_carea' id='block_1_97' title="bbox 1936 4046 3519 4119">
    <p class='ocr_par' dir='ltr' id='par_1_97' title="bbox 1936 4046 3519 4119">
     <span class='ocr_line' id='line_1_98' title="bbox 1936 4046 3519 4119; baseline 0.006 -20"><span class='ocrx_word' id='word_1_742' title='bbox 1936 4060 2030 4099; x_wconf 91' lang='lat' dir='ltr'><strong>sus</strong></span> <span class='ocrx_word' id='word_1_743' title='bbox 2059 4062 2090 4100; x_wconf 87' lang='lat' dir='ltr'><strong>e</strong></span> <span class='ocrx_word' id='word_1_744' title='bbox 2125 4046 2281 4101; x_wconf 88' lang='lat' dir='ltr'><strong>beata</strong></span> <span class='ocrx_word' id='word_1_745' title='bbox 2335 4048 2426 4101; x_wconf 91' lang='lat' dir='ltr'><strong>illa</strong></span> <span class='ocrx_word' id='word_1_746' title='bbox 2479 4057 2534 4103; x_wconf 89' lang='lat' dir='ltr'><strong>et</strong></span> <span class='ocrx_word' id='word_1_747' title='bbox 2573 4065 2811 4119; x_wconf 85' lang='lat' dir='ltr'><strong>superna</strong></span> <span class='ocrx_word' id='word_1_748' title='bbox 2863 4054 2987 4107; x_wconf 81' lang='lat' dir='ltr'><strong>vitae</strong></span> <span class='ocrx_word' id='word_1_749' title='bbox 3022 4054 3416 4108; x_wconf 86' lang='lat' dir='ltr'><strong>consuetudine</strong></span> <span class='ocrx_word' id='word_1_750' title='bbox 3464 4056 3519 4108; x_wconf 90' lang='lat' dir='ltr'><strong>in</strong></span> 
     </span>
    </p>
   </div>
   <div class='ocr_carea' id='block_1_98' title="bbox 1937 4136 3521 4217">
    <p class='ocr_par' dir='ltr' id='par_1_98' title="bbox 1937 4136 3521 4217">
     <span class='ocr_line' id='line_1_99' title="bbox 1937 4136 3521 4217; baseline 0.006 -28"><span class='ocrx_word' id='word_1_751' title='bbox 1937 4136 2283 4201; x_wconf 84' lang='lat' dir='ltr'><strong>barathrum,</strong></span> <span class='ocrx_word' id='word_1_752' title='bbox 2315 4148 2368 4193; x_wconf 86' lang='lat' dir='ltr'><strong>ct</strong></span> <span class='ocrx_word' id='word_1_753' title='bbox 2404 4139 2555 4195; x_wconf 89' lang='lat' dir='ltr'><strong>humi</strong></span> <span class='ocrx_word' id='word_1_754' title='bbox 2593 4142 2932 4211; x_wconf 83' lang='lat' dir='ltr'><strong>depressam,</strong></span> <span class='ocrx_word' id='word_1_755' title='bbox 2960 4154 3125 4217; x_wconf 81' lang='lat' dir='ltr'><strong>atque</strong></span> <span class='ocrx_word' id='word_1_756' title='bbox 3158 4145 3410 4199; x_wconf 78' lang='lat' dir='ltr'><strong>aﬂlictatn</strong></span> <span class='ocrx_word' id='word_1_757' title='bbox 3442 4147 3521 4199; x_wconf 87' lang='lat' dir='ltr'><strong>vi-</strong></span> 
     </span>
    </p>
   </div>
   <div class='ocr_carea' id='block_1_99' title="bbox 1935 4225 3518 4305">
    <p class='ocr_par' dir='ltr' id='par_1_99' title="bbox 1935 4225 3518 4305">
     <span class='ocr_line' id='line_1_100' title="bbox 1935 4225 3518 4305; baseline 0.008 -27"><span class='ocrx_word' id='word_1_758' title='bbox 1935 4233 2064 4279; x_wconf 84' lang='lat' dir='ltr'><strong>tam.</strong></span> <span class='ocrx_word' id='word_1_759' title='bbox 2096 4225 2230 4292; x_wconf 87' lang='lat' dir='ltr'><strong>Quis</strong></span> <span class='ocrx_word' id='word_1_760' title='bbox 2265 4241 2348 4282; x_wconf 83' lang='lat' dir='ltr'><strong>est</strong></span> <span class='ocrx_word' id='word_1_761' title='bbox 2397 4231 2678 4295; x_wconf 85' lang='lat' dir='ltr'><strong>sacerdos,</strong></span> <span class='ocrx_word' id='word_1_762' title='bbox 2715 4232 2841 4301; x_wconf 91' lang='lat' dir='ltr'><strong>quis</strong></span> <span class='ocrx_word' id='word_1_763' title='bbox 2873 4232 3098 4287; x_wconf 65' lang='lat' dir='ltr'><strong>Letita?</strong></span> <span class='ocrx_word' id='word_1_764' title='bbox 3128 4234 3192 4287; x_wconf 90' lang='lat' dir='ltr'><strong>Hi</strong></span> <span class='ocrx_word' id='word_1_765' title='bbox 3236 4245 3366 4290; x_wconf 88' lang='lat' dir='ltr'><strong>sunt</strong></span> <span class='ocrx_word' id='word_1_766' title='bbox 3392 4250 3518 4305; x_wconf 89' lang='lat' dir='ltr'><strong>spe-</strong></span> 
     </span>
    </p>
   </div>
   <div class='ocr_carea' id='block_1_100' title="bbox 1934 4320 3518 4397">
    <p class='ocr_par' dir='ltr' id='par_1_100' title="bbox 1934 4320 3518 4397">
     <span class='ocr_line' id='line_1_101' title="bbox 1934 4320 3518 4397; baseline 0.005 -23"><span class='ocrx_word' id='word_1_767' title='bbox 1934 4321 2171 4375; x_wconf 87' lang='lat' dir='ltr'><strong>culando</strong></span> <span class='ocrx_word' id='word_1_768' title='bbox 2198 4320 2380 4377; x_wconf 80' lang='lat' dir='ltr'><strong>Moses</strong></span> <span class='ocrx_word' id='word_1_769' title='bbox 2427 4336 2481 4378; x_wconf 89' lang='lat' dir='ltr'><strong>et</strong></span> <span class='ocrx_word' id='word_1_770' title='bbox 2506 4324 2771 4391; x_wconf 83' lang='lat' dir='ltr'><strong>Joannes,</strong></span> <span class='ocrx_word' id='word_1_771' title='bbox 2813 4326 2976 4381; x_wconf 91' lang='lat' dir='ltr'><strong>ambo</strong></span> <span class='ocrx_word' id='word_1_772' title='bbox 3012 4328 3064 4380; x_wconf 92' lang='lat' dir='ltr'><strong>in</strong></span> <span class='ocrx_word' id='word_1_773' title='bbox 3102 4326 3357 4397; x_wconf 66' lang='lat' dir='ltr'><strong>parabole</strong></span> <span class='ocrx_word' id='word_1_774' title='bbox 3389 4328 3518 4382; x_wconf 90' lang='lat' dir='ltr'><strong>obs-</strong></span> 
     </span>
    </p>
   </div>
   <div class='ocr_carea' id='block_1_101' title="bbox 1936 4415 3514 4491">
    <p class='ocr_par' dir='ltr' id='par_1_101' title="bbox 1936 4415 3514 4491">
     <span class='ocr_line' id='line_1_102' title="bbox 1936 4415 3514 4491; baseline 0.007 -26"><span class='ocrx_word' id='word_1_775' title='bbox 1936 4427 2068 4467; x_wconf 91' lang='lat' dir='ltr'><strong>cure</strong></span> <span class='ocrx_word' id='word_1_776' title='bbox 2102 4415 2367 4479; x_wconf 84' lang='lat' dir='ltr'><strong>dcn0tati,</strong></span> <span class='ocrx_word' id='word_1_777' title='bbox 2396 4426 2450 4471; x_wconf 90' lang='lat' dir='ltr'><strong>et</strong></span> <span class='ocrx_word' id='word_1_778' title='bbox 2487 4433 2626 4488; x_wconf 91' lang='lat' dir='ltr'><strong>quos</strong></span> <span class='ocrx_word' id='word_1_779' title='bbox 2658 4420 2905 4489; x_wconf 86' lang='lat' dir='ltr'><strong>plerique</strong></span> <span class='ocrx_word' id='word_1_780' title='bbox 2945 4420 3219 4491; x_wconf 87' lang='lat' dir='ltr'><strong>ignorant.</strong></span> <span class='ocrx_word' id='word_1_781' title='bbox 3250 4419 3328 4475; x_wconf 86' lang='lat' dir='ltr'><strong>Illi</strong></span> <span class='ocrx_word' id='word_1_782' title='bbox 3366 4424 3514 4476; x_wconf 88' lang='lat' dir='ltr'><strong>enint</strong></span> 
     </span>
    </p>
   </div>
   <div class='ocr_carea' id='block_1_102' title="bbox 1937 4505 3514 4583">
    <p class='ocr_par' dir='ltr' id='par_1_102' title="bbox 1937 4505 3514 4583">
     <span class='ocr_line' id='line_1_103' title="bbox 1937 4505 3514 4583; baseline 0.005 -23"><span class='ocrx_word' id='word_1_783' title='bbox 1937 4505 2300 4575; x_wconf 87' lang='lat' dir='ltr'><strong>suscipientes</strong></span> <span class='ocrx_word' id='word_1_784' title='bbox 2358 4510 2789 4574; x_wconf 88' lang='lat' dir='ltr'><strong>hominem,hoc</strong></span> <span class='ocrx_word' id='word_1_785' title='bbox 2834 4520 2938 4576; x_wconf 88' lang='lat' dir='ltr'><strong>est,</strong></span> <span class='ocrx_word' id='word_1_786' title='bbox 2991 4528 3164 4583; x_wconf 88' lang='lat' dir='ltr'><strong>genus</strong></span> <span class='ocrx_word' id='word_1_787' title='bbox 3187 4513 3514 4579; x_wconf 88' lang='lat' dir='ltr'><strong>humanum,</strong></span> 
     </span>
    </p>
   </div>
   <div class='ocr_carea' id='block_1_103' title="bbox 1933 4598 3515 4671">
    <p class='ocr_par' dir='ltr' id='par_1_103' title="bbox 1933 4598 3515 4671">
     <span class='ocr_line' id='line_1_104' title="bbox 1933 4598 3515 4671; baseline 0.007 -21"><span class='ocrx_word' id='word_1_788' title='bbox 1933 4598 2134 4666; x_wconf 87' lang='lat' dir='ltr'><strong>pietate</strong></span> <span class='ocrx_word' id='word_1_789' title='bbox 2182 4600 2493 4671; x_wconf 85' lang='lat' dir='ltr'><strong>virtuteque</strong></span> <span class='ocrx_word' id='word_1_790' title='bbox 2525 4603 2755 4667; x_wconf 88' lang='lat' dir='ltr'><strong>nudum,</strong></span> <span class='ocrx_word' id='word_1_791' title='bbox 2793 4611 2848 4658; x_wconf 91' lang='lat' dir='ltr'><strong>et</strong></span> <span class='ocrx_word' id='word_1_792' title='bbox 2895 4604 2964 4658; x_wconf 92' lang='lat' dir='ltr'><strong>ab</strong></span> <span class='ocrx_word' id='word_1_793' title='bbox 3010 4605 3262 4660; x_wconf 88' lang='lat' dir='ltr'><strong>hostibus</strong></span> <span class='ocrx_word' id='word_1_794' title='bbox 3323 4606 3515 4661; x_wconf 80' lang='lat' dir='ltr'><strong>vulne-</strong></span> 
     </span>
    </p>
   </div>
   <div class='ocr_carea' id='block_1_104' title="bbox 1932 4691 3515 4768">
    <p class='ocr_par' dir='ltr' id='par_1_104' title="bbox 1932 4691 3515 4768">
     <span class='ocr_line' id='line_1_105' title="bbox 1932 4691 3515 4768; baseline 0.007 -24"><span class='ocrx_word' id='word_1_795' title='bbox 1932 4702 2136 4755; x_wconf 83' lang='lat' dir='ltr'><strong>ratum,</strong></span> <span class='ocrx_word' id='word_1_796' title='bbox 2164 4691 2528 4761; x_wconf 80' lang='lat' dir='ltr'><strong>inspexerunt</strong></span> <span class='ocrx_word' id='word_1_797' title='bbox 2555 4694 2802 4764; x_wconf 89' lang='lat' dir='ltr'><strong>quidem,</strong></span> <span class='ocrx_word' id='word_1_798' title='bbox 2835 4696 2930 4751; x_wconf 90' lang='lat' dir='ltr'><strong>sed</strong></span> <span class='ocrx_word' id='word_1_799' title='bbox 2969 4712 3169 4752; x_wconf 89' lang='lat' dir='ltr'><strong>sanare</strong></span> <span class='ocrx_word' id='word_1_800' title='bbox 3196 4713 3300 4753; x_wconf 93' lang='lat' dir='ltr'><strong>non</strong></span> <span class='ocrx_word' id='word_1_801' title='bbox 3324 4709 3515 4768; x_wconf 90' lang='lat' dir='ltr'><strong>potue-</strong></span> 
     </span>
    </p>
   </div>
   <div class='ocr_carea' id='block_1_105' title="bbox 1928 4784 3513 4863">
    <p class='ocr_par' dir='ltr' id='par_1_105' title="bbox 1928 4784 3513 4863">
     <span class='ocr_line' id='line_1_106' title="bbox 1928 4784 3513 4863; baseline 0.007 -27"><span class='ocrx_word' id='word_1_802' title='bbox 1928 4792 2078 4837; x_wconf 89' lang='lat' dir='ltr'><strong>runt.</strong></span> <span class='ocrx_word' id='word_1_803' title='bbox 2108 4784 2493 4842; x_wconf 89' lang='lat' dir='ltr'><strong>Samaritanus</strong></span> <span class='ocrx_word' id='word_1_804' title='bbox 2524 4803 2654 4843; x_wconf 89' lang='lat' dir='ltr'><strong>vero</strong></span> <span class='ocrx_word' id='word_1_805' title='bbox 2682 4788 2875 4860; x_wconf 81' lang='lat' dir='ltr'><strong>500b</strong></span> <span class='ocrx_word' id='word_1_806' title='bbox 2911 4791 3161 4857; x_wconf 88' lang='lat' dir='ltr'><strong>veniens,</strong></span> <span class='ocrx_word' id='word_1_807' title='bbox 3192 4790 3319 4847; x_wconf 91' lang='lat' dir='ltr'><strong>licet</strong></span> <span class='ocrx_word' id='word_1_808' title='bbox 3354 4793 3513 4863; x_wconf 85' lang='lat' dir='ltr'><strong>igno-</strong></span> 
     </span>
    </p>
   </div>
   <div class='ocr_carea' id='block_1_106' title="bbox 1928 4875 3512 4948">
    <p class='ocr_par' dir='ltr' id='par_1_106' title="bbox 1928 4875 3512 4948">
     <span class='ocr_line' id='line_1_107' title="bbox 1928 4875 3512 4948; baseline 0.006 -18"><span class='ocrx_word' id='word_1_809' title='bbox 1928 4875 2223 4932; x_wconf 89' lang='lat' dir='ltr'><strong>miniosum</strong></span> <span class='ocrx_word' id='word_1_810' title='bbox 2262 4878 2549 4948; x_wconf 64' lang='lat' dir='ltr'><strong>praferret</strong></span> <span class='ocrx_word' id='word_1_811' title='bbox 2576 4897 2798 4947; x_wconf 88' lang='lat' dir='ltr'><strong>nomen,</strong></span> <span class='ocrx_word' id='word_1_812' title='bbox 2851 4882 3122 4938; x_wconf 88' lang='lat' dir='ltr'><strong>bonorum</strong></span> <span class='ocrx_word' id='word_1_813' title='bbox 3160 4893 3338 4940; x_wconf 89' lang='lat' dir='ltr'><strong>tamen</strong></span> <span class='ocrx_word' id='word_1_814' title='bbox 3388 4886 3512 4940; x_wconf 85' lang='lat' dir='ltr'><strong>the-</strong></span> 
     </span>
    </p>
   </div>
   <div class='ocr_carea' id='block_1_107' title="bbox 1927 4970 3509 5047">
    <p class='ocr_par' dir='ltr' id='par_1_107' title="bbox 1927 4970 3509 5047">
     <span class='ocr_line' id='line_1_108' title="bbox 1927 4970 3509 5047; baseline 0.008 -28"><span class='ocrx_word' id='word_1_815' title='bbox 1927 4979 2150 5022; x_wconf 90' lang='lat' dir='ltr'><strong>saurum</strong></span> <span class='ocrx_word' id='word_1_816' title='bbox 2170 4970 2590 5045; x_wconf 70' lang='lat' dir='ltr'><strong>circumferens,</strong></span> <span class='ocrx_word' id='word_1_817' title='bbox 2613 4973 2943 5032; x_wconf 84' lang='lat' dir='ltr'><strong>medicinam</strong></span> <span class='ocrx_word' id='word_1_818' title='bbox 2974 4976 3245 5041; x_wconf 87' lang='lat' dir='ltr'><strong>adhibuit,</strong></span> <span class='ocrx_word' id='word_1_819' title='bbox 3269 4978 3362 5047; x_wconf 91' lang='lat' dir='ltr'><strong>qui</strong></span> <span class='ocrx_word' id='word_1_820' title='bbox 3389 4976 3509 5031; x_wconf 87' lang='lat' dir='ltr'><strong>Sal-</strong></span> 
     </span>
    </p>
   </div>
   <div class='ocr_carea' id='block_1_108' title="bbox 1928 5068 3508 5141">
    <p class='ocr_par' dir='ltr' id='par_1_108' title="bbox 1928 5068 3508 5141">
     <span class='ocr_line' id='line_1_109' title="bbox 1928 5068 3508 5141; baseline 0.007 -29"><span class='ocrx_word' id='word_1_821' title='bbox 1928 5070 2086 5114; x_wconf 91' lang='lat' dir='ltr'><strong>vator</strong></span> <span class='ocrx_word' id='word_1_822' title='bbox 2110 5071 2302 5118; x_wconf 91' lang='lat' dir='ltr'><strong>noster</strong></span> <span class='ocrx_word' id='word_1_823' title='bbox 2337 5074 2442 5131; x_wconf 90' lang='lat' dir='ltr'><strong>est,</strong></span> <span class='ocrx_word' id='word_1_824' title='bbox 2493 5068 2547 5121; x_wconf 90' lang='lat' dir='ltr'><strong>in</strong></span> <span class='ocrx_word' id='word_1_825' title='bbox 2606 5068 2968 5139; x_wconf 85' lang='lat' dir='ltr'><strong>ignominiosa</strong></span> <span class='ocrx_word' id='word_1_826' title='bbox 3005 5071 3366 5141; x_wconf 83' lang='lat' dir='ltr'><strong>appellatione</strong></span> <span class='ocrx_word' id='word_1_827' title='bbox 3408 5068 3508 5123; x_wconf 88' lang='lat' dir='ltr'><strong>Sa-</strong></span> 
     </span>
    </p>
   </div>
   <div class='ocr_carea' id='block_1_109' title="bbox 1928 5151 3507 5229">
    <p class='ocr_par' dir='ltr' id='par_1_109' title="bbox 1928 5151 3507 5229">
     <span class='ocr_line' id='line_1_110' title="bbox 1928 5151 3507 5229; baseline 0.004 -27"><span class='ocrx_word' id='word_1_828' title='bbox 1928 5151 2183 5206; x_wconf 87' lang='lat' dir='ltr'><strong>maritani</strong></span> <span class='ocrx_word' id='word_1_829' title='bbox 2226 5153 2469 5222; x_wconf 88' lang='lat' dir='ltr'><strong>latitans,</strong></span> <span class='ocrx_word' id='word_1_830' title='bbox 2501 5168 2880 5229; x_wconf 88' lang='lat' dir='ltr'><strong>prostratoque</strong></span> <span class='ocrx_word' id='word_1_831' title='bbox 2919 5160 3116 5217; x_wconf 87' lang='lat' dir='ltr'><strong>salutis</strong></span> <span class='ocrx_word' id='word_1_832' title='bbox 3150 5159 3354 5215; x_wconf 86' lang='lat' dir='ltr'><strong>fontem</strong></span> <span class='ocrx_word' id='word_1_833' title='bbox 3380 5171 3507 5227; x_wconf 86' lang='lat' dir='ltr'><strong>ape-</strong></span> 
     </span>
    </p>
   </div>
   <div class='ocr_carea' id='block_1_110' title="bbox 1930 5244 3504 5317">
    <p class='ocr_par' dir='ltr' id='par_1_110' title="bbox 1930 5244 3504 5317">
     <span class='ocr_line' id='line_1_111' title="bbox 1930 5244 3504 5317; baseline 0.004 -22"><span class='ocrx_word' id='word_1_834' title='bbox 1930 5244 2099 5299; x_wconf 90' lang='lat' dir='ltr'><strong>riens.</strong></span> <span class='ocrx_word' id='word_1_835' title='bbox 2154 5245 2505 5317; x_wconf 79' lang='lat' dir='ltr'><strong>Evangelium</strong></span> <span class='ocrx_word' id='word_1_836' title='bbox 2576 5250 2721 5304; x_wconf 87' lang='lat' dir='ltr'><strong>enim</strong></span> <span class='ocrx_word' id='word_1_837' title='bbox 2768 5250 3049 5306; x_wconf 86' lang='lat' dir='ltr'><strong>Christum</strong></span> <span class='ocrx_word' id='word_1_838' title='bbox 3096 5250 3504 5307; x_wconf 89' lang='lat' dir='ltr'><strong>Samaritanum</strong></span> 
     </span>
    </p>
   </div>
   <div class='ocr_carea' id='block_1_111' title="bbox 1638 5526 2321 5591">
    <p class='ocr_par' dir='ltr' id='par_1_111' title="bbox 1638 5526 2321 5591">
     <span class='ocr_line' id='line_1_112' title="bbox 1638 5526 2321 5591; baseline 0.019 -14"><span class='ocrx_word' id='word_1_839' title='bbox 1638 5526 1877 5585; x_wconf 74' lang='lat' dir='ltr'><strong>VARUE</strong></span> <span class='ocrx_word' id='word_1_840' title='bbox 1916 5533 2321 5591; x_wconf 69' lang='lat' dir='ltr'><strong>LECTIONES.</strong></span> 
     </span>
    </p>
   </div>
   <div class='ocr_carea' id='block_1_112' title="bbox 289 5625 2201 5708">
    <p class='ocr_par' dir='ltr' id='par_1_112' title="bbox 289 5625 2201 5708">
     <span class='ocr_line' id='line_1_113' title="bbox 289 5625 2201 5708; baseline 0.028 -52"><span class='ocrx_word' id='word_1_841' title='bbox 289 5625 329 5657; x_wconf 77' lang='grc' dir='ltr'>ιτ</span> <span class='ocrx_word' id='word_1_842' title='bbox 358 5628 557 5708; x_wconf 46' lang='lat'><strong>1.7.5,:—</strong></span> <span class='ocrx_word' id='word_1_843' title='bbox 582 5627 683 5708; x_wconf 66' lang='grc' dir='ltr'>τῇς</span> <span class='ocrx_word' id='word_1_844' title='bbox 779 5647 790 5681; x_wconf 90' lang='lat'>:</span> <span class='ocrx_word' id='word_1_845' title='bbox 818 5632 915 5708; x_wconf 68' lang='grc' dir='ltr'>τὴν</span> <span class='ocrx_word' id='word_1_846' title='bbox 936 5666 1001 5708; x_wconf 48' lang='lat'><strong>5——</strong></span> <span class='ocrx_word' id='word_1_847' title='bbox 1025 5637 1199 5704; x_wconf 71' lang='grc' dir='ltr'>τὴνς.</span> <span class='ocrx_word' id='word_1_848' title='bbox 1247 5637 1287 5693; x_wconf 89' lang='lat' dir='ltr'><strong>C</strong></span> <span class='ocrx_word' id='word_1_849' title='bbox 1322 5640 1549 5695; x_wconf 86' lang='lat' dir='ltr'><strong>alterum</strong></span> <span class='ocrx_word' id='word_1_850' title='bbox 1585 5646 1870 5704; x_wconf 86' lang='lat' dir='ltr'><strong>articulum</strong></span> <span class='ocrx_word' id='word_1_851' title='bbox 1907 5669 2015 5707; x_wconf 86' lang='lat' dir='ltr'><strong>om.</strong></span> <span class='ocrx_word' id='word_1_852' title='bbox 2094 5656 2139 5684; x_wconf 72' lang='lat'><strong>“‘</strong></span> <span class='ocrx_word' id='word_1_853' title='bbox 2166 5656 2201 5708; x_wconf 84' lang='grc' dir='ltr'>ἁ</span> 
     </span>
    </p>
   </div>
   <div class='ocr_carea' id='block_1_113' title="bbox 230 5695 1007 5761">
    <p class='ocr_par' dir='ltr' id='par_1_113' title="bbox 230 5695 1007 5761">
     <span class='ocr_line' id='line_1_114' title="bbox 230 5695 1007 5761; baseline 0.017 -14"><span class='ocrx_word' id='word_1_854' title='bbox 230 5695 437 5761; x_wconf 77' lang='grc' dir='ltr'>θρωπον</span> <span class='ocrx_word' id='word_1_855' title='bbox 468 5698 531 5750; x_wconf 82' lang='grc' dir='ltr'><strong>Β.</strong></span> <span class='ocrx_word' id='word_1_856' title='bbox 613 5700 657 5729; x_wconf 78' lang='grc'><strong>⁵³</strong></span> <span class='ocrx_word' id='word_1_857' title='bbox 691 5701 751 5749; x_wconf 81' lang='grc' dir='ltr'><strong>τὸ</strong></span> <span class='ocrx_word' id='word_1_858' title='bbox 776 5695 897 5759; x_wconf 75' lang='lat' dir='ltr'><strong>add.</strong></span> <span class='ocrx_word' id='word_1_859' title='bbox 942 5707 1007 5760; x_wconf 81' lang='grc' dir='ltr'>Α.</span> 
     </span>
    </p>
   </div>
   <div class='ocr_carea' id='block_1_114' title="bbox 230 5767 709 5831">
    <p class='ocr_par' dir='ltr' id='par_1_114' title="bbox 230 5767 709 5831">
     <span class='ocr_line' id='line_1_115' title="bbox 230 5767 709 5831; baseline 0.025 -11"><span class='ocrx_word' id='word_1_860' title='bbox 230 5767 272 5799; x_wconf 80' lang='grc'><em>³⁷</em></span> <span class='ocrx_word' id='word_1_861' title='bbox 300 5768 457 5823; x_wconf 77' lang='grc' dir='ltr'>τὸνΑ</span> <span class='ocrx_word' id='word_1_862' title='bbox 502 5787 516 5825; x_wconf 75' lang='grc' dir='ltr'><strong>ε</strong></span> <span class='ocrx_word' id='word_1_863' title='bbox 552 5767 617 5820; x_wconf 78' lang='grc' dir='ltr'>τδ</span> <span class='ocrx_word' id='word_1_864' title='bbox 650 5785 709 5831; x_wconf 63' lang='grc' dir='ltr'>ς.</span> 
     </span>
    </p>
   </div>
   <div class='ocr_carea' id='block_1_115' title="bbox 1084 5708 2974 5799">
    <p class='ocr_par' dir='ltr' id='par_1_115' title="bbox 1084 5708 2974 5799">
     <span class='ocr_line' id='line_1_116' title="bbox 1084 5708 2974 5799; baseline 0.002 -23"><span class='ocrx_word' id='word_1_865' title='bbox 1084 5708 1127 5738; x_wconf 67' lang='grc' dir='ltr'><strong>δ’</strong></span> <span class='ocrx_word' id='word_1_866' title='bbox 1164 5710 1263 5776; x_wconf 65' lang='grc' dir='ltr'><strong>μὲν</strong></span> <span class='ocrx_word' id='word_1_867' title='bbox 1314 5726 1421 5763; x_wconf 78' lang='grc' dir='ltr'><strong>01η-</strong></span> <span class='ocrx_word' id='word_1_868' title='bbox 1472 5713 1536 5765; x_wconf 80' lang='grc' dir='ltr'><strong>Α·</strong></span> <span class='ocrx_word' id='word_1_869' title='bbox 1615 5715 1658 5745; x_wconf 78' lang='grc'><strong>⁸³</strong></span> <span class='ocrx_word' id='word_1_870' title='bbox 1692 5721 1969 5789; x_wconf 74' lang='grc' dir='ltr'>χρῄζεις.</span> <span class='ocrx_word' id='word_1_871' title='bbox 2049 5726 2091 5757; x_wconf 69' lang='grc'><strong>⁸³</strong></span> <span class='ocrx_word' id='word_1_872' title='bbox 2123 5727 2178 5778; x_wconf 80' lang='grc' dir='ltr'><strong>δε</strong></span> <span class='ocrx_word' id='word_1_873' title='bbox 2226 5708 2443 5783; x_wconf 74' lang='grc' dir='ltr'>οιιι.Ἀ.</span> <span class='ocrx_word' id='word_1_874' title='bbox 2522 5732 2565 5762; x_wconf 76' lang='grc'><strong>⁵⁵</strong></span> <span class='ocrx_word' id='word_1_875' title='bbox 2602 5708 2873 5799; x_wconf 53' lang='grc' dir='ltr'>λεωφόρου</span> <span class='ocrx_word' id='word_1_876' title='bbox 2914 5747 2974 5791; x_wconf 77' lang='grc' dir='ltr'>ς.</span> 
     </span>
    </p>
   </div>
   <div class='ocr_carea' id='block_1_116' title="bbox 2207 5654 3500 5728">
    <p class='ocr_par' dir='ltr' id='par_1_116' title="bbox 2207 5654 3500 5728">
     <span class='ocr_line' id='line_1_117' title="bbox 2207 5654 3500 5728; baseline 0.002 -19"><span class='ocrx_word' id='word_1_877' title='bbox 2207 5657 2387 5725; x_wconf 77' lang='grc' dir='ltr'>γάπην</span> <span class='ocrx_word' id='word_1_878' title='bbox 2412 5676 2469 5722; x_wconf 70' lang='grc' dir='ltr'>ς.</span> <span class='ocrx_word' id='word_1_879' title='bbox 2522 5661 2565 5689; x_wconf 63' lang='grc'><strong>⁵³⁸</strong></span> <span class='ocrx_word' id='word_1_880' title='bbox 2597 5659 2695 5728; x_wconf 71' lang='grc' dir='ltr'>ἐμὲ</span> <span class='ocrx_word' id='word_1_881' title='bbox 2726 5659 2816 5710; x_wconf 72' lang='grc' dir='ltr'><strong>καὶ</strong></span> <span class='ocrx_word' id='word_1_882' title='bbox 2838 5658 2994 5725; x_wconf 78' lang='grc' dir='ltr'>ψιλὸν</span> <span class='ocrx_word' id='word_1_883' title='bbox 3024 5654 3083 5709; x_wconf 86' lang='grc' dir='ltr'><strong>Β.</strong></span> <span class='ocrx_word' id='word_1_884' title='bbox 3162 5657 3207 5689; x_wconf 78' lang='grc' dir='ltr'><strong>⁵ο</strong></span> <span class='ocrx_word' id='word_1_885' title='bbox 3256 5655 3372 5728; x_wconf 79' lang='grc' dir='ltr'>ἴδῃς</span> <span class='ocrx_word' id='word_1_886' title='bbox 3404 5658 3500 5713; x_wconf 76' lang='grc' dir='ltr'><strong>ἄν·</strong></span> 
     </span>
    </p>
   </div>
   <div class='ocr_carea' id='block_1_117' title="bbox 3078 5727 3497 5800">
    <p class='ocr_par' dir='ltr' id='par_1_117' title="bbox 3078 5727 3497 5800">
     <span class='ocr_line' id='line_1_118' title="bbox 3078 5727 3497 5800; baseline 0.014 -21"><span class='ocrx_word' id='word_1_887' title='bbox 3078 5728 3122 5760; x_wconf 70' lang='grc'><strong>⁸⁸</strong></span> <span class='ocrx_word' id='word_1_888' title='bbox 3163 5731 3230 5800; x_wconf 78' lang='grc' dir='ltr'>τῇ</span> <span class='ocrx_word' id='word_1_889' title='bbox 3279 5727 3400 5782; x_wconf 82' lang='lat' dir='ltr'><strong>add.</strong></span> <span class='ocrx_word' id='word_1_890' title='bbox 3439 5729 3497 5785; x_wconf 67' lang='lat' dir='ltr'><strong>li.</strong></span> 
     </span>
    </p>
   </div>
  </div>
