3912 6234
388 241 492 306 207
1498 233 1761 294 PlIOTII
1805 234 2309 295 PATRIARCH/E
2373 237 2478 296 cr.
3544 237 3648 301 eos

393 351 672 417 nominat,
710 343 1054 403 confundens
1098 340 1391 396 amentiam
1431 339 1767 407 Judaeornm,
1797 342 1887 410 qui
1915 342 1972 395 il-

2082 345 2106 395 6
2143 344 2491 414 Σαμαρείτης
2515 342 2857 406 καταλαϐὼν,
2885 344 2943 396 ὲν
2974 342 3197 413 ὀνόματι
3224 341 3649 416 καθυϐρισμένῳ

394 446 506 498 lum
539 443 619 496 sic
660 437 1030 510 appellabant,
1071 435 1197 503 quia
1253 434 1430 504 magis
1481 450 1645 503 quam
1686 433 1903 487 Levitas
1926 444 1972 486 et

2082 435 2252 506 θησαυ
2263 437 2354 506 ρον
2376 435 2599 504 ἀγαθῶν
2619 436 2821 506 φέρων,
2839 436 3083 506 παρέσχε
3100 435 3202 504 τὴν
3226 435 3372 488 ίασιν
3387 453 3402 467 ο
3423 437 3481 498 ὃς
3501 438 3651 490 ἐστιν

394 536 726 595 sacerdotes,
778 529 1184 585 misericordem
1231 539 1286 582 et
1325 527 1670 582 vulneratum
1695 535 1972 582 sanantem

2082 527 2235 597 ήμῶν
2267 529 2295 579 6
2326 527 2537 597 Σωτὴρ,
2565 529 2632 598 τῇ
2656 527 2925 601 δυσφήμῳ
2950 525 3292 598 προσηγορίᾳ
3335 527 3431 580 τοῦ
3458 527 3647 596 Σαμα-

397 626 804 681 Samaritanum
846 623 1156 677 irriserunt.
1191 621 1330 687 Quid
1376 620 1479 676 sibi
1516 621 1631 673 vult
1663 620 1972 685 iumentum,

2082 618 2262 687 ρείτου
2293 618 2704 688 καλυπτόμενος
2757 618 2968 681 καὶτὰς
2991 618 3091 689 τῆς
3119 619 3392 688 σωτηρίας
3420 617 3499 686 τῷ
3533 635 3650 671 κει-

395 723 480 774 cui
508 714 1195 784 vulneratumimponende
1218 713 1272 766 in
1307 712 1669 766 diversorium
1698 712 1789 782 qui
1822 726 1972 782 opem

2083 709 2228 779 μένῳ
2258 709 2441 778 πηγὰς
2474 707 2810 773 ἀναϐλύζων.
2843 707 3187 779 Σαμαρείτην
3214 708 3270 761 δὲ
3297 706 3389 760 τὸν
3422 708 3654 776 Σωτῆρα

394 809 597 882 ferebat
626 808 816 862 duxit?
837 805 1106 862 Nimirum
1137 805 1299 860 Verbi
1333 804 1427 860 Dei
1455 805 1788 870 vehiculum,
1819 813 1895 870 et,
1923 815 1972 860 ul

2083 802 2111 852 6
2143 801 2299 869 λόγος
2327 800 2600 870 ὀνομάζει,
2627 799 2896 871 αίσχύνων
2922 799 3200 854 κάνταῦθα
3223 801 3322 870 τὴν
3345 799 3454 852 τῶν
3477 797 3651 861 οὕτως

398 903 470 955 ita
509 899 1030 969 dicam,jumentum
1055 897 1174 967 subj
1186 913 1302 967 liga:
1323 905 1408 952 est
1421 897 1544 968 ejus
1561 913 1783 968 corpus,
1807 896 1972 952 simile

2084 891 2247 945 αὐτὸν
2278 890 2622 945 καλεσάντων
2652 891 2955 960 παράνοιαν
2971 888 3266 954 Ἰουδαίων,
3293 890 3376 942 ὅτι
3397 888 3488 942 τὸν
3512 889 3654 959 ὑπὲρ

397 1000 590 1045 nostro
619 989 762 1058 quod
787 987 1049 1058 gestavit:
1079 987 1131 1039 in
1162 1003 1292 1055 quo,
1321 997 1376 1042 et
1397 1002 1500 1056 per
1522 987 1669 1056 quod
1711 987 1972 1056 accipient

2082 984 2206 1046 τοὺς
2230 983 2464 1046 Λευττας
2498 984 2591 1037 καὶ
2627 983 2807 1053 ίερέας
2833 981 3329 1052 σπλαγχνιζὸμενον
3359 981 3452 1034 καὶ
3492 979 3652 1052 θερα-

391 1095 454 1133 ac
519 1088 764 1150 gestans,
807 1078 948 1132 ducit
980 1077 1044 1130 ad
1071 1078 1386 1140 sanitatem,
1419 1085 1474 1132 et
1499 1077 1820 1132 Ecclesiam.
1845 1075 1972 1131 Ete-

2082 1074 2316 1126 πεύοντα
2359 1073 2450 1126 τὸν
2480 1071 3017 1142 τετραυματισμένον
3049 1069 3394 1140 Σαμαρείτην
3435 1067 3649 1138 ἐξύϐρι-

395 1173 503 1225 nim
562 1171 650 1225 hic
716 1178 800 1223 est
853 1167 1088 1238 perfecta
1141 1169 1427 1222 vulnerum
1491 1169 1705 1222 sanatio
1753 1177 1808 1222 et
1863 1182 1972 1221 me-

2082 1165 2190 1229 ζον.
2220 1165 2285 1218 Τί
2314 1165 2367 1217 δὲ
2396 1163 2654 1233 τυγχάνει
2686 1164 2747 1214 τὸ
2779 1161 3022 1229 κτῆνος,
3051 1161 3136 1227 ἐφ’
3165 1154 3226 1214 οῦ
3252 1160 3343 1213 τὸν
3369 1160 3652 1228 ψυχορρα-
3747 1175 3762 1190 ι

393 1263 532 1316 dcla.
2076 1258 2277 1326 γοῦντα
2301 1256 2668 1324 καταθέμενος
2699 1256 2777 1317 είς
2814 1254 2876 1306 τὸ
2909 1254 3229 1323 πανδοχεῖον
3255 1254 3461 1322 ἤγαγεν
3491 1254 3519 1304 6
3545 1268 3654 1303 σω-

393 1357 531 1422 τὴρ;
567 1352 598 1422 ἢ
630 1351 786 1420 δῆλον
805 1350 850 1382 ⁸⁸
873 1351 954 1403 ὅτι
982 1350 1165 1419 ὄχημα
1186 1349 1277 1402 τοῦ
1301 1348 1437 1401 Θεοῦ
1500 1351 1675 1420 Λόγου
1700 1350 1820 1415 καὶ,
1852 1349 1928 1412 ὡς
1977 1347 2043 1401 ἄν
2079 1365 2161 1409 τις
2187 1347 2416 1410 εῖποι⁵⁹,
2454 1345 2744 1413 ὑποζύγιον
2773 1344 2832 1396 τὸ
2853 1343 3292 1414 όμόφυλονήμῖν,
3315 1341 3450 1410 ὅπερ
3478 1340 3652 1408 ἠμπί-

399 1444 633 1511 σχετοθο,
666 1443 922 1512 τυγχάνει
980 1441 1158 1511 σῶμα,
1208 1443 1294 1508 ἐφ’
1333 1434 1394 1492 οῦ
1438 1442 1533 1493 καὶ
1597 1440 1666 1493 δι’
1696 1433 1757 1492 οὗ
1823 1440 2028 1503 πάντας
2069 1439 2278 1508 ἀνέχων
2319 1438 2412 1490 καὶ
2465 1435 2853 1500 διαϐαστάζων
2903 1434 3026 1503 ἀγει
3077 1433 3214 1504 πρὸς
3258 1431 3356 1503 τὴν
3411 1430 3656 1484 ἀπαλλα-

397 1536 498 1605 γὴν
537 1538 631 1607 τῆς
689 1537 845 1590 νόσου
895 1538 990 1590 καὶ
1039 1537 1136 1607 τὴν
1163 1535 1525 1605 Ἐκκλησίαν·
1574 1537 1668 1588 καὶ
1712 1534 1820 1607 γὰρ
1870 1534 1979 1589 τῶν
2053 1534 2380 1604 τραυμάτων
2425 1531 2564 1602 αῦτη
2635 1531 2785 1584 ἐστὶν
2823 1531 2860 1602 η
2904 1527 3082 1584 τελεία
3124 1527 3390 1599 θεραπεία
3422 1525 3517 1578 καὶ
3549 1527 3658 1578 ἀπ-

397 1628 597 1695 αλλαγή
609 1668 621 1679 .

401 1717 651 1786 ίηξιοιειίεηι
694 1717 746 1768 in
789 1715 921 1768 illud
954 1731 1017 1786 :_«
1073 1714 1190 1768 Duo
1242 1716 1475 1769 homines
1532 1715 1878 1770 ascenderunt
1928 1715 1972 1768 in

2091 1707 2199 1764 Τοῦ
2240 1705 2738 1786 αὑτοῦβίςτόχσ
2772 1704 3094 1786 Ἀνθρωίξοι
3138 1701 3653 1786 gﬁo-‘dyggnaaru

840 1784 1109 1852 templum,
1141 1796 1200 1840 ut
1228 1794 1443 1839 orarent
1468 1795 1518 1840 γ.
1563 1805 1580 1837 ι

467 1900 785 1955 Sermonem
825 1899 892 1953 de
933 1897 1181 1952 oratione
1228 1898 1442 1954 duabus
1488 1898 1760 1968 parabolis
1823 1913 1974 1953 com-

401 1994 669 2062 plectitur.
697 1989 905 2044 Partim
953 1990 1173 2059 quidem
1225 1997 1544 2045 constanter
1579 2005 1739 2044 orare
1771 1988 1975 2044 docens

401 2099 498 2138 nos
545 2097 636 2150 per
661 2081 902 2151 judicem
935 2090 989 2134 ct
1030 2080 1274 2146 viduam,
1319 2081 1518 2150 partim
1540 2094 1671 2134 vero
1713 2095 1836 2133 cum
1884 2093 1976 2132 re-

299 2191 310 2200 η
399 2174 636 2227 verentia
689 2187 849 2227 orare
880 2171 1034 2242 jubet
1084 2187 1178 2241 per
1227 2171 1562 2227 Pharisaeum
1620 2179 1673 2226 et
1728 2171 1975 2240 publica-

399 2279 549 2317 num.
619 2262 894 2331 Optimum
949 2272 1033 2316 est
1081 2262 1342 2317 continuo
1397 2263 1635 2333 cegi-tare
1693 2271 1976 2316 creaturas

400 2372 506 2411 non
559 2371 700 2420 esse,
762 2365 817 2411 et
864 2355 1120 2409 animalia
1179 2357 1431 2420 infirma,
1488 2366 1788 2411 creatorem
1845 2370 1974 2410 vero

403 2451 590 2512 Deum,
640 2458 693 2503 et
742 2447 1004 2517 optimum
1052 2448 1174 2501 vita:
1220 2458 1422 2503 nostra:
1465 2460 1772 2504 curatorem
1817 2466 1831 2503 :
1870 2449 1976 2502 hoc

399 2555 525 2594 vero
561 2550 684 2594 ante
711 2540 896 2593 omnia
934 2540 1113 2594 oratio
1165 2549 1314 2596 recte
1347 2551 1586 2610 praestat.
1619 2540 1787 2595 Nemo
1826 2541 1970 2594 enim

399 2642 541 2702 petat
564 2647 674 2696 res,
720 2646 841 2701 quae
886 2634 1120 2701 prosint,
1147 2633 1250 2688 nisi
1289 2633 1442 2702 prius
1495 2641 1698 2686 certam
1742 2631 1975 2701 accipiat

401 2725 582 2788 fidem,
614 2723 782 2776 Deum
802 2739 989 2792 preces
1011 2724 1295 2789 exaudire,
1327 2733 1382 2778 et
1402 2724 1625 2794 implere
1645 2738 1808 2794 posse
1827 2723 1973 2794 quod

402 2815 624 2884 petitur.
652 2813 896 2867 Precatio
936 2822 1117 2868 autem
1174 2814 1298 2869 vita:
1343 2821 1543 2868 nostrae
1571 2813 1834 2868 auxilium
1870 2823 1969 2879 est,

401 2905 729 2973 colloquium
788 2918 912 2957 cum
956 2902 1087 2970 Deo,
1134 2904 1336 2959 oblivio
1381 2918 1746 2968 terrenorum,
1781 2904 1865 2958 via
1906 2904 1976 2958 ad

398 2997 617 3058 cmlum,
636 3002 690 3048 et
727 3004 900 3049 rectas
929 2995 1151 3050 tendere
1181 2995 1234 3048 in
1261 2995 1462 3050 coalum
1498 3011 1712 3064 manus,
1741 2995 1973 3051 formam

2389 1778 2476 1840 εἰς
2504 1775 2566 1828 τὸ
2593 1774 2754 1842 ἱερὸν
2774 1771 3223 1841 προσεύξασθαι
3242 1771 3305 1824 δ’.
3334 1792 3352 1823 ι

2155 1894 2258 1947 Τὸν
2288 1892 2417 1962 περὶ
2442 1888 2540 1960 τῆς
2568 1888 2878 1960 προσευχῆς
2897 1889 3054 1956 λόγον
3078 1890 3136 1942 ὲν
3167 1887 3288 1941 δυσὶ
3319 1887 3658 1958 παραϐολαῖς

2083 1985 2425 2049 κατέκλεισε,
2473 1983 2533 2035 τὸ
2583 1983 2681 2053 μὲν
2731 1982 2963 2044 εὐτόνως
3006 1979 3401 2050 προσεύχεσθαι
3433 1979 3522 2032 διά
3559 1977 3654 2031 τοῦ

2082 2077 2270 2150 κριτοῦ
2303 2075 2397 2130 καὶ
2429 2073 2528 2144 τῆς
2553 2075 2727 2145 χήρας
2746 2073 2960 2137 διδάξας
2986 2073 3152 2142 ἡμᾶς,
3175 2072 3232 2125 τὺ
3259 2072 3314 2125 δὲ
3347 2073 3467 2142 μετ’
3495 2072 3660 2125 εὐλα-

2083 2169 2210 2233 ϐοῦς
2245 2167 2473 2238 γνώμης
2525 2167 2615 2220 διὰ
2653 2165 2746 2218 τοῦ
2783 2165 3082 2236 Φαρισαίου
3127 2164 3344 2218 καὶτοῦ
3395 2165 3651 2219 τελώνου.

2087 2263 2210 2314 Ὀτι
2231 2259 2450 2330 ἄριστόν
2478 2260 2592 2311 ἐστι
2621 2257 2680 2310 τὸ
2711 2257 2949 2326 συνεχῶς
3003 2258 3202 2310 ἐννοεῖν
3234 2259 3513 2326 ποιήματα
3555 2256 3658 2326 μὲν

2092 2354 2239 2425 ἡμᾶς
2266 2353 2361 2406 καὶ
2397 2350 2514 2415 ζῶα
2545 2349 2804 2421 ἐπίκηρα,
2833 2348 3164 2419 δημιουργὸν
3192 2349 3248 2401 δὲ
3278 2347 3367 2400 τὸν
3391 2347 3521 2400 Θεὸν
3561 2349 3658 2400 καὶ

2081 2446 2304 2516 ἄριστον
2333 2443 2431 2512 τῆς
2461 2441 2733 2512 ἡμετέρας
2759 2441 2904 2510 ζωῆς
2932 2440 3233 2511 οἰκονόμον.
3259 2438 3431 2492 Ὶόῦτο
3457 2439 3514 2491 δὲ
3547 2438 3660 2508 πρὸ

2085 2539 2302 2593 πάντων
2329 2538 2362 2608 ἡ
2392 2535 2668 2608 προσευχὴ
2691 2533 2967 2605 κατορθοῖ.
2996 2535 3108 2588 Οὐκ
3136 2533 3202 2588 ἂν
3227 2533 3334 2601 γάρ
3360 2549 3444 2596 τις
3483 2547 3658 2603 προσ-

2088 2629 2304 2694 εύξαιτο
2329 2630 2395 2681 τὰ
2428 2627 2792 2696 συμφέροντα,
2843 2625 2916 2697 μὴ
2966 2625 3339 2696 πληροφορίαν
3387 2626 3658 2696 πρότερον

2081 2721 2260 2777 λαὸὼν
2291 2719 2451 2793 [M96
2489 2717 2580 2790 R.]
2612 2720 2693 2772 ὅτι
2722 2717 2853 2782 Θεός
2878 2720 3023 2771 ἐστιν
3052 2719 3078 2770 6
3116 2717 3213 2785 τῆς
3245 2717 3519 2787 ἱκετηρίας
3551 2719 3656 2769 ὲπ-

2083 2816 2246 2886 ήκοος
2276 2814 2369 2866 καὶ
2398 2813 2623 2875 δυνατὸς
2651 2814 2953 2882 παρασχεῖν
2975 2811 3010 2865 ἃ
3031 2813 3281 2864 αἰτεῖται.
3314 2810 3462 2881 Eam
3479 2811 3524 2841 ⁸³
3555 2811 3658 2879 τῆς

2082 2906 2226 2976 ζωῆς
2273 2905 2431 2975 ἡμῶν
2463 2903 2707 2976 βοήθεια,
2757 2904 2944 2974 ὁμιλία
2979 2903 3116 2973 πρὸς
3163 2903 3312 2968 Θεὸν,
3364 2902 3500 2974 λήθη
3541 2903 3658 2954 τῶν

2087 2997 2313 3066 γηΐνων,
2345 2995 2529 3058 ἄνοδος
2563 2996 2702 3066 πρὸς
2734 2995 2978 3063 οὐρανόν.
3017 2994 3124 3046 Kal
3152 2994 3213 3048 τὸ
3253 2995 3432 3064 ὄρθιον
3465 2994 3522 3047 δὲ
3549 2994 3656 3062 τῆς

399 3095 482 3140 est
526 3086 780 3140 exhibere
822 3085 1026 3142 Christi
1089 3086 1239 3141 cruci
1269 3085 1432 3141 afﬁxi.
1495 3086 1553 3140 Si
1575 3102 1700 3142 vere
1743 3097 1882 3150 oret,
1919 3095 1972 3140 et

2082 3084 2388 3155 προσευχῆς
2417 3126 2432 3148 ,
2465 3084 2834 3153 ὲκτεταμένας
2864 3083 3300 3154 προϐαλλόμενον
3319 3086 3364 3116 ⁸⁸
3390 3085 3488 3148 τὰς
3527 3090 3653 3154 χεῖ-

398 3190 563 3228 orans
606 3175 819 3244 placeat
849 3173 982 3241 Deo,
1014 3189 1122 3229 non
1155 3176 1318 3230 modo
1364 3176 1416 3229 in
1441 3175 1613 3246 figura
1643 3191 1861 3231 crucem
1894 3191 1978 3230 re-

400 3275 708 3337 praesentat,
743 3267 838 3321 sed
862 3266 1024 3322 etiam
1056 3267 1272 3323 affectu.
1307 3266 1380 3322 Ut
1405 3282 1548 3322 enim
1583 3268 1637 3322 in
1674 3283 1839 3323 cruce
1868 3268 1978 3322 cla-

399 3362 480 3414 vis
496 3359 709 3425 allixus,
742 3361 822 3415 sic
851 3368 904 3414 et
927 3375 1092 3415 orans
1119 3369 1276 3416 necat
1305 3375 1521 3414 onmem
1554 3361 1737 3416 carnis
1770 3374 1978 3415 concu-

396 3452 741 3520 piscentiam,
771 3451 1035 3505 memoria
1056 3452 1359 3520 expellens,
1380 3451 1626 3506 omnium
1643 3450 1977 3515 divitiarum,

395 3541 601 3611 gloriae,
637 3552 1032 3611 parentumque
1081 3541 1357 3597 allectum.
1403 3542 1559 3597 Nulla
1620 3559 1706 3598 res
1751 3543 1886 3599 adeo
1912 3544 1980 3597 ab

399 3637 492 3688 illo
523 3643 738 3687 amatur
769 3643 823 3688 et
847 3634 1281 3704 concupiscitur,
1341 3650 1507 3705 quam
1558 3635 1809 3690 invenire
1841 3644 1978 3689 tem-

397 3741 520 3794 pus,
549 3723 838 3779 autotium
862 3739 970 3793 quo
1017 3725 1218 3794 seipse
1255 3725 1513 3796 colligere
1545 3725 1734 3795 possit.
1776 3723 1878 3779 Sed
1911 3727 1977 3781 ad

398 3813 513 3866 hac
551 3813 657 3866 duo
700 3811 1046 3882 potissimum
1096 3811 1293 3883 501a
1338 3813 1596 3868 collincat
1629 3822 1886 3883 tanquam
1925 3817 1976 3867 in

394 3919 640 3972 sc0pum,
690 3912 746 3956 ut
787 3904 1170 3972 poenamillam
1202 3904 1446 3976 effugiat,
1487 3905 1709 3975 vitaque
1751 3908 1859 3960 cito
1886 3907 1980 3962 de-

397 3995 568 4060 cedat,
617 4004 668 4048 et
719 4003 980 4064 praeterea
1020 3995 1154 4049 nihil
1201 4004 1380 4050 mente
1413 3996 1623 4066 agitet:
1661 4013 1822 4067 quam
1856 4013 1980 4052 ora-

396 4087 541 4138 tione
574 4086 639 4138 ad
692 4085 1012 4140 crucifixum
1045 4085 1318 4156 proficisci
1347 4095 1394 4140 π.
1429 4087 1616 4140 Oratio
1688 4085 1975 4142 Ezechiam

395 4178 464 4230 ab
506 4175 630 4230 Orci
665 4177 917 4230 faucibus
951 4177 1225 4241 liberavit,
1256 4191 1310 4231 et
1358 4177 1529 4232 solem
1574 4178 1728 4248 prius
1760 4179 1840 4248 (ut
1869 4179 1976 4232 alia

396 4269 539 4320 illius
594 4282 760 4336 opera
824 4266 1056 4338 taceam)
1098 4269 1424 4324 monstravit
1472 4285 1690 4324 servum
1733 4285 1875 4335 esse,
1923 4278 1977 4324 et

2083 3195 2202 3248 ρας,
2237 3176 2364 3248 [816
2393 3176 2481 3248 ιι]
2506 3177 2566 3229 τὸ
2602 3177 2694 3229 τοῦ
2733 3177 2967 3248 σταυροῦ
3008 3179 3175 3242 πάθος
3205 3179 3262 3231 ἐν
3291 3177 3367 3249 τῷ
3399 3181 3646 3248 σχήματι

2080 3269 2418 3334 ἐξεικονίζει.
2470 3269 2533 3321 Εἰ
2569 3268 2616 3323 δ’
2655 3269 2730 3332 ὼς
2753 3269 2968 3339 ἀληθῶς
3007 3270 3362 3340 προσεύχοιτο
3396 3271 3489 3324 καὶ
3525 3271 3658 3324 θεα-

2083 3361 2286 3430 ρέστως
2305 3360 2350 3392 ⁸⁵
2375 3362 2403 3414 ὀ
2420 3360 2464 3393 ⁸⁸
2490 3360 2942 3431 προσευχόμενος,
2973 3361 3072 3413 οὐκ
3092 3362 3148 3415 ἐν
3178 3361 3255 3432 τῷ
3288 3363 3528 3433 σχήματι
3556 3363 3658 3432 μό-

2081 3470 2168 3506 νον
2205 3453 2297 3506 τδν
2333 3453 2566 3524 σταυρὸν
2598 3453 2868 3517 διατυποῖ,
2895 3452 3030 3506 ἀλλὰ
3057 3454 3151 3507 καὶ
3169 3454 3211 3484 ⁸⁷
3247 3453 3388 3506 κατὰ
3405 3455 3504 3522 τὴν
3529 3453 3657 3506 διά-

2083 3545 2253 3601 θεσιν.
2307 3546 2392 3610 Ὠς
2422 3546 2532 3617 γὰρ
2553 3546 2580 3598 6
2610 3545 2686 3616 τῷ
2718 3545 2938 3616 σταυρῷ
2970 3544 3360 3615 προσηλωθεὶς,
3391 3543 3535 3597 οὕτω
3556 3562 3655 3597 νε-

2081 3640 2330 3707 κροποιεῖ
2368 3637 2546 3691 πᾶσαν
2599 3636 2698 3705 μὲν
2743 3634 3036 3706 ἐπιθυμίαν
3070 3633 3272 3704 σαρκὸς
3300 3635 3397 3704 τῆς
3425 3635 3657 3704 μνήμης

2081 3728 2563 3798 ἀποτιναξάμενος,
2596 3726 2795 3788 παντὸς
2841 3725 2897 3780 δὲ
2949 3725 3181 3779 πλούτου
3218 3724 3312 3778 καὶ
3356 3725 3515 3794 δόξης
3553 3728 3658 3778 καὶ

2081 3821 2268 3889 γένους
2322 3819 2712 3890 προσπάθειαν,
2764 3815 2927 3872 Οὐδὲν
2980 3819 3036 3871 δὲ
3073 3817 3215 3871 οὕτω
3261 3818 3494 3888 πρᾶγμα
3530 3819 3660 3870 ἐπι-

2079 3912 2320 3984 θυμητὸν
2354 3911 2500 3980 αύτῷ
2529 3912 2622 3964 καὶ
2649 3909 2952 3981 ἐπέραστον
2976 3909 3049 3972 ὡς
3085 3910 3358 3981 εὑρίσκειν
3387 3909 3574 3980 καιρὸν
3618 3912 3657 3982 ἢ

2080 4003 2276 4074 σχολὴν
2319 4004 2583 4072 ἐμπεσεῖν
2631 4006 2694 4074 τῇ
2724 4003 2942 4077 γνώμῃ.
2984 4002 3146 4056 Ἀλλά
3178 4002 3312 4072 πρὸς
3343 4001 3436 4055 δύο
3474 4002 3657 4056 ταῦτα

2081 4094 2439 4147 συντέτακται
2466 4094 2574 4155 πᾶς
2597 4093 2624 4144 6
2656 4092 2856 4156 σκοπὸς
2883 4091 3051 4162 αὐτῷ,
3085 4094 3275 4161 φυγεῖν
3304 4091 3400 4161 τὴν
3425 4092 3658 4145 κόλασιν

2079 4184 2170 4236 καὶ
2203 4184 2394 4236 θάττον
2424 4182 2678 4236 ἀπελθεῖν
2704 4180 2796 4234 τοῦ
2824 4181 2960 4251 βίου.
2995 4181 3104 4234 Καὶ
3121 4181 3270 4234 οὐδὲν
3288 4181 3475 4250 ἕτερον
3497 4184 3661 4252 παρὰ

2074 4273 2247 4329 ταῦτα
2274 4274 2366 4326 ἐπὶ
2397 4273 2493 4342 τῆς
2540 4272 2776 4335 διανοίας
2819 4273 3132 4343 εὑρίσκεται
3179 4271 3210 4342 ἢ
3247 4271 3657 4341 ἀναστρέφεται

393 4373 676 4410 servorum
726 4359 848 4411 usui
901 4359 1126 4412 servire.
1175 4357 1327 4414 Licet
1360 4361 1525 4415 etiam
1557 4361 1764 4432 aliquid
1793 4361 1970 4417 facere

2082 4366 2166 4419 τοῦ
2197 4365 2613 4436 ἐσταυρωμένον
2640 4365 2706 4434 τῇ
2742 4365 3036 4434 προσευχῇ.
3063 4362 3209 4433 Εύχὴ
3245 4362 3338 4415 καὶ
3367 4361 3460 4415 τδν
3494 4362 3657 4425 Ἑζε-

392 4452 618 4514 bonum,
657 4458 708 4502 et
749 4464 855 4502 non
896 4449 1034 4503 bene
1059 4449 1345 4506 facientem
1378 4453 1622 4508 laborem
1655 4431 1882 4523 perdere
1914 4467 1960 4506 α.

2082 4457 2198 4511 κίαν
2238 4455 2346 4508 τῶν
2383 4453 2564 4508 πυλῶν
2607 4453 2700 4506 τοῦ
2750 4453 2874 4524 ᾅδου
2905 4454 3199 4516 ἀνέσπασε,
3230 4453 3321 4505 καὶ
3352 4451 3446 4506 τὸν
3491 4453 3657 4522 ἥλιον

393 4540 462 4594 Ut
492 4540 800 4596 Pharisaeus
823 4541 1076 4596 oratione
1107 4557 1164 4597 se
1190 4543 1477 4610 extollens,
1498 4552 1552 4599 et
1580 4545 1623 4599 si
1649 4546 1774 4614 quis
1801 4547 1962 4611 alius,

389 4637 790 4706 eleemosynam
819 4651 974 4690 suam
1006 4637 1338 4702 manifestat,
1371 4648 1428 4693 et
1456 4639 1509 4692 in
1552 4639 1824 4694 similibus
1858 4652 1964 4692 non

392 4733 500 4779 tam
547 4726 784 4793 graviter
826 4725 1134 4782 Pharisaeus
1175 4717 1476 4797 peccasset,
1525 4729 1570 4782 si
1615 4729 1962 4798 publicanum

391 4831 500 4871 non
531 4816 871 4871 damnasset.
897 4815 1054 4872 Nunc
1073 4833 1203 4873 vero
1231 4827 1285 4874 et
1312 4835 1424 4873 uno
1457 4820 1622 4873 verbo
1639 4834 1832 4874 omnes
1861 4835 1964 4889 pu-

389 4909 637 4964 blicanos
681 4908 954 4973 absentes,
987 4919 1040 4964 et
1079 4910 1223 4966 hunc
1267 4921 1590 4979 praesentem
1617 4912 1960 4966 condemnat.

389 5001 570 5068 Quare
592 4998 902 5054 Pbarisaeus
929 5015 960 5054 e
998 5001 1168 5069 gloria
1204 5003 1256 5056 in
1304 5003 1619 5073 ignominiaa
1643 5003 1960 5057 barathrum

388 5089 609 5154 decidit,
660 5089 984 5158 publicanus
1033 5106 1064 5144 a
1118 5092 1224 5145 vita
1276 5107 1375 5146 sua
1424 5091 1612 5147 infami
1653 5093 1719 5146 ad
1753 5091 1960 5146 felicem

455 5275 483 5314 1
511 5266 642 5321 Luc.
668 5281 821 5332 xvni,
865 5266 951 5320 i0.
1032 5277 1053 5302 ι
1087 5268 1150 5323 ιν
1180 5269 1310 5341 Reg.
1354 5286 1444 5334 xx,
1486 5269 1573 5324 ll.

2075 4549 2340 4618 πρότερον
2376 4547 2486 4618 (ἵνα
2521 4547 2587 4599 τὰ
2616 4545 2752 4598 ἄλλα
2777 4545 2946 4616 αὐτῆς
2974 4545 3108 4616 ἔργα
3136 4545 3300 4615 ὲάσω)
3327 4543 3530 4609 ἔδειξεν
3555 4546 3650 4599 ὅτι

2073 4640 2257 4702 δοῦλός
2304 4640 2420 4691 ἐστι
2446 4680 2460 4704 ,
2501 4639 2594 4690 καὶ
2634 4635 2818 4700 δοῦλος
2857 4636 3066 4706 χρείαις
3098 4635 3402 4706 ὁμοδούλων
3435 4635 3657 4706 ὑπηρε-

2075 4730 2354 4800 τοὺμενος,
2383 4729 2539 4781 Ἔστι
2569 4728 2662 4780 καὶ
2685 4727 2947 4784 πράττειν
2979 4743 3030 4778 τι
3062 4728 3128 4796 τῇ
3166 4724 3326 4795 φύσει
3355 4724 3522 4778 καλὸν
3553 4729 3663 4779 καὶ

2077 4824 2151 4892 μὴ
2183 4820 2438 4872 ποιοῦντα
2470 4817 2650 4880 καλῶς
2679 4817 2963 4887 ἀφανίζειν
2994 4817 3119 4880 τοὺς
3156 4817 3370 4883 πόνους,
3391 4817 3466 4880 ὡς
3495 4819 3663 4870 όΦα-

2075 4911 2283 4980 ρισαῖος
2307 4910 2364 4960 ὲν
2396 4911 2513 4971 ταῖς
2545 4911 2875 4979 προσευχαῖς
2911 4908 3428 4980 μεγαλορῤημονῶν,
3464 4909 3560 4962 καὶ
3600 4913 3666 4963 εἴ

2069 5018 2154 5062 τις
2184 5001 2340 5061 ἄλλος
2369 5002 2466 5068 τὴν
2504 4999 2871 5070 ἐλεημοσύνην
2909 4999 3375 5070 ἐπιδεικνύμενος.
3414 5001 3526 5053 Καὶ
3551 5001 3660 5053 ἐπὶ

2071 5091 2179 5144 τῶν
2224 5090 2442 5160 ὁμοίων.
2494 5089 2875 5162 Μετριὼτερον
2910 5091 2976 5145 ἂν
3005 5091 3034 5144 6
3067 5092 3355 5162 Φαρισαῖος
3393 5092 3660 5164 ἡμάρτα-

1651 5283 1675 5311 α
1712 5273 1845 5325 Luc.
1881 5286 2044 5337 xvm,
2078 5269 2161 5324 ll.

1659 5381 1896 5438 VARUS
1929 5380 2338 5436 LECTIONES.

457 5514 502 5544 ⁸⁸
530 5511 754 5602 ἢοδῆλιον
776 5512 822 5564 Α
855 5529 869 5567 :
906 5513 1069 5602 δῆλον
1092 5513 1147 5602 εί
1167 5531 1235 5602 «ᾖ
1304 5515 1348 5595 ξ’
1378 5515 1505 5586 εἴπῃ
1642 5518 1686 5547 ⁶⁹
1719 5515 2036 5602 iugale-co
2153 5517 2194 5553 θι
2220 5514 2506 5602 ἀνέδησαν.

389 5579 865 5656 προσεύξεσθαις.
943 5579 987 5614 έ³
1019 5581 1151 5653 εὐχὴ
1186 5585 1240 5636 δὲ
1275 5583 1374 5654 τῆς
1398 5602 1456 5649 ς.
1481 5579 1505 5586 ”
1535 5579 1581 5618 ⁸⁸
1611 5579 2042 5656 προϐαλλόμενον
2074 5587 2131 5639 B:
2157 5579 2588 5656 προϐαλλόμενος
2624 5599 2681 5645 ς.
2750 5579 2806 5615 ’θ’
2840 5583 3125 5653 θεάρεστος
3154 5600 3214 5646 ς.

390 5651 447 5684 ’⁷⁷
470 5653 563 5706 καὶ
593 5666 702 5706 om.
764 5654 830 5705 Α.

2621 5513 2664 5544 ⁶²
2704 5510 3103 5583 προσεύξασθαι
3145 5511 3224 5565 B:
3261 5503 3534 5572 ἀνέϐαινω
3571 5547 3658 5564 η.

2624 5599 2681 5640 ς.
2761 5584 2806 5615 θ’
2840 5583 3125 5640 θεάρεστος
3154 5600 3214 5640 ς.
3292 5579 3387 5636 “6
3421 5599 3529 5639 om.
3569 5587 3651 5640 Β-

3421 5599 3529 5639 Olll.
3569 5599 3651 5644 Β.
