3922 6242
317 322 433 386 209
1458 326 1904 388 BIBLIOTHEC

2034 351 2102 360 -
2131 324 2293 386 COD.
2327 324 2624 385 CCLXXI.
2971 341 2978 349 '
3482 327 3602 393 210'

316 452 436 502 νειν,
461 439 516 494 el
547 439 641 493 τὸν
665 442 902 513 τελώνην
928 444 1109 515 ἀφῆκε
1139 445 1238 515 τῆς
1271 444 1560 514 παροινίας
1591 443 1898 514 ἐλεύθερον·

2015 442 2336 510 beatumque
2379 448 2580 494 statum
2625 439 2980 503 conscendit;
3029 440 3118 493 ille
3159 455 3188 493 a
3233 439 3341 496 Deo
3395 457 3594 514 magno

317 531 418 585 νῦν
447 532 491 586 6‘
521 534 601 586 ἑνὶ
629 533 772 607 λόγῳ
801 539 892 589 καὶ
913 537 1024 592 τῶν
1056 537 1309 592 ἀπόντων
1329 536 1782 601 κατεξανίσταται
1806 536 1902 587 καὶ

2023 534 2289 589 ntervallo
2337 533 2586 599 recessit,
2627 531 2716 585 hic
2759 531 2813 585 in
2857 532 3118 602 requietis
3162 533 3341 586 lor-um
3379 535 3594 589 delatus

318 623 416 675 τοῦ
463 626 814 693 παρεστῶτος
855 628 1121 697 ὲπιξὰίνει
1167 629 1236 683 τά
1261 628 1573 699 τραύματα.
1603 627 1695 680 Διὸ
1732 629 1760 679 6
1802 626 1900 696 μὲν
2000 636 2100 681 εει.

315 713 615 783 Φαρισαῖος
646 717 755 770 ἀπὸ
802 718 960 790 δόξης
1005 723 1085 784 είς
1113 721 1175 774 τὸ
1209 723 1308 792 τῆς
1354 720 1581 790 ἀτιμίας
1628 719 1899 772 κατέπεσε
1943 715 2232 787 βάραθρον,
2263 719 2292 769 ό
2350 716 2408 769 δὲ
2469 715 2708 786 τελώνης
2749 717 2856 770 ἀπὸ
2893 716 2990 784 τῆς
3022 713 3388 768 ἐπονειδίστου
3452 713 3597 783 ζωῆς

315 809 402 870 είς
450 807 549 880 τὴν
579 810 855 879 μακαρίαν
899 813 1170 883 ἐπανῆλθε
1231 813 1599 866 κατάστασιν·
1671 811 1766 864 καὶ
1803 812 1830 862 ὁ
1871 810 1969 878 μὲν
2009 808 2188 879 πολλῷ
2231 808 2310 878 τῷ
2347 807 2496 878 μέσῳ
2542 808 2642 876 τῆς
2673 807 2806 876 πρὸς
2853 807 2984 859 Θεὸν
3042 807 3350 877 ὲγγύτητος
3396 806 3600 874 ὲκεχώ.

319 919 497 972 ριστο,
557 905 586 956 6
631 903 690 956 δὲ
740 905 875 975 πρὸς
922 906 1022 976 τὴν
1066 907 1166 976 τῆς
1216 904 1532 978 παρρησίας
1569 903 1756 976 χώραν
1812 903 2154 956 ἀνείλκυστο.

2355 1015 2604 1085 Ejusdem
2639 1016 2691 1068 in
2717 1015 3030 1070 Zacc/iazum
3053 1033 3244 1071 sermo.

2083 1107 2304 1164 Iericho
2339 1107 2657 1176 metropolis
2679 1117 2763 1162 est
2787 1109 3250 1174 Chananaaorum,
3272 1123 3438 1179 quam
3465 1108 3596 1163 olim

316 1199 457 1252 ποτὲ
511 1200 610 1269 μὲν
648 1200 855 1269 Ἰησοῦς
883 1203 911 1254 6
972 1201 1068 1254 τοῦ
1116 1201 1270 1270 Ναυῆ
1326 1200 1577 1270 πολεμῶν
1639 1201 1734 1252 καὶ
1789 1200 1904 1252 ὀλο-

2015 1204 2172 1260 Icsus
2211 1203 2358 1258 Nave
2383 1203 2525 1257 [ilius
2563 1201 2813 1258 bellando
2846 1202 3214 1272 caedendoque
3235 1203 3521 1273 intercepit
3543 1202 3596 1257 1³.

317 1289 535 1361 θρεύων
574 1289 861 1353 κατέλαϐε,
910 1289 1004 1343 νῦν
1030 1289 1086 1343 δὲ
1137 1293 1166 1343 ό
1207 1290 1461 1361 ἀληθινὸς
1503 1291 1714 1362 Ἰησοῦς
1742 1293 1904 1362 θερα-

2015 1295 2166 1350 Nunc
2198 1303 2380 1350 autem
2427 1309 2588 1349 verus
2625 1292 2785 1348 Iesus
2831 1308 3026 1348 sanare
3099 1293 3444 1347 adveniendo
3478 1294 3597 1361 dig-

316 1380 522 1432 πεῦσαι
557 1379 949 1451 παραγεγονὼς
976 1381 1300 1450 κατηξίωσε.
1343 1383 1453 1436 Καὶ
1502 1384 1530 1436 6
1581 1383 1677 1453 μὲν
1715 1383 1904 1452 τυφλὸς

2021 1395 2182 1441 natus
2212 1395 2296 1441 est
2331 1396 2380 1440 ε.
2410 1384 2608 1440 Caecus
2654 1384 2872 1454 quidem
2907 1384 3248 1438 illuminatus
3277 1393 3381 1446 est,
3423 1399 3598 1452 popu-

318 1471 602 1542 ἐφωτίσθη
633 1511 648 1535 ,
710 1472 738 1522 6
765 1473 820 1525 δὲ
867 1471 1042 1542 δῆμος
1076 1471 1351 1544 ὲπιστώθη
1374 1515 1387 1538 ,
1427 1475 1577 1528 πᾶσα
1608 1475 1665 1528 δὲ
1692 1476 1904 1542 γλῶσσα

2017 1476 2102 1530 lus
2121 1491 2251 1529 vero
2278 1474 2530 1540 credidit,
2559 1475 2739 1528 omnis
2765 1473 2951 1544 lingua
2981 1471 3166 1528 Iesum
3201 1473 3515 1536 celebravit,
3547 1486 3600 1527 et

316 1560 414 1612 τὸν
463 1561 669 1631 Ἰησοῦν
696 1561 894 1627 ἐλάλει,
926 1563 1021 1615 καὶ
1063 1563 1152 1616 τὸν
1205 1563 1404 1633 τυφλὸν
1427 1565 1706 1634 ὀφθαλμὸς
1767 1565 1904 1629 ἄπας

2017 1569 2196 1621 omnis
2225 1567 2417 1622 oculus
2443 1583 2647 1623 cast-um
2665 1567 2799 1621 vidit
2833 1565 3416 1630 videntem,medicum
3445 1564 3596 1618 illum

319 1647 473 1719 εἶχεν
526 1651 908 1721 ἀναϐλέψαντα
927 1651 1020 1706 τοῦ
1052 1653 1329 1724 θαύματος
1359 1656 1452 1707 καὶ
1480 1657 1578 1725 τῆς
1636 1656 1904 1726 σωτηρίας

2017 1657 2160 1711 ultro
2209 1658 2450 1712 oblatum
2492 1657 2743 1712 miraculi
2778 1665 2834 1711 et
2879 1657 3096 1722 salutis,
3127 1671 3235 1712 non
3266 1656 3467 1719 verbis,
3501 1654 3597 1709 sed

315 1741 644 1796 διδάσκαλον
673 1743 1042 1812 αὐτοσχέδιον,
1067 1744 1128 1796 οὐ
1157 1744 1335 1812 λόγοις
1357 1745 1472 1798 ἀλλ’
1499 1745 1682 1813 ἔργοις
1711 1749 1904 1800 ἐκπαι-

2017 1749 2273 1818 operibus
2326 1752 2604 1819 apostolos
2665 1750 2949 1804 veritatem
3011 1749 3349 1805 edocentem.
3405 1746 3597 1802 Omnis

314 1832 544 1884 δεύοντα
589 1833 717 1896 σξοὺς
751 1811 999 1904 μαθητάς
1023 1835 1121 1906 τὴν
1149 1811 1427 1906 ἀλήθειαν.
1463 1811 1620 1890 [Idea
1665 1838 1762 1907 μὲν
1794 1839 1904 1892 άδι-

2015 1811 2234 1911 qhidem
2262 1811 2461 1912 injuria
2493 1842 2632 1895 mala
2675 1851 2779 1904 est,
2821 1842 3056 1912 odioque
3087 1842 3272 1912 digna,
3301 1841 3394 1896 sed
3428 1840 3597 1910 publi-

652 1019 764 1073 Τοῦ
793 1020 979 1073 αὐτοῦ
1008 1023 1095 1086 είς
1130 1021 1238 1074 τὸν
1262 1019 1582 1088 Ζακχαῒον.

402 1108 616 1180 Ἶεριχὼ
644 1109 797 1174 πόλις
827 1107 895 1182 ἦν
925 1112 1032 1164 τῶν
1062 1112 1386 1164 Χαναναίων
1443 1109 1774 1182 μητρόπολις
1798 1152 1812 1174 ,
1846 1110 1913 1180 ἢν

317 1922 417 1974 κία
449 1925 618 1976 κακὸν
653 1925 747 1977 καὶ
781 1925 974 1994 μίσους
1007 1926 1178 1994 ἄξιον,
1240 1930 1267 1982 ό
1297 1927 1354 1982 δὲ
1385 1929 1620 2001 τελώνης
1657 1933 1900 2004 ἀνυπέρ-

315 2013 540 2084 ϐλητον·
571 2014 690 2067 οὐδὲ
736 2016 866 2086 γάρ,
901 2017 1019 2070 οὐδὲ
1051 2019 1325 2088 πρόφασιν
1353 2019 1466 2090 ἔχει
1499 2021 1598 2090 τῆς
1631 2023 1908 2093 ἁμαρτίας

315 2104 699 2176 εὐπρόσωπον.
744 2107 868 2160 Ἐπὶ
928 2109 1025 2178 μὲν
1086 2110 1195 2181 γὰρ
1235 2111 1344 2164 τῶν
1374 2112 1547 2166 ἄλλων
1595 2115 1908 2184 εὑρίσκεταί

317 2212 409 2258 τις
440 2198 658 2268 ἀνάγκη
712 2197 807 2250 τοῦ
851 2199 1021 2253 κακοῦ
1075 2203 1168 2254 καὶ
1209 2202 1354 2273 ῥίζα,
1384 2203 1442 2268 ἐξ
1483 2198 1558 2258 ὧν
1599 2207 1793 2275 φύεται
1848 2207 1908 2260 τὸ

313 2287 572 2358 ἀδίκημα
597 2304 610 2316 ·
642 2292 670 2342 ὁ
699 2290 756 2342 δὲ
785 2292 1022 2362 τελώνης
1053 2293 1240 2364 θηρίον
1291 2296 1406 2348 ἐστὶ
1438 2336 1453 2360 ,
1504 2298 1909 2369 ἀπροφάσιστος

314 2376 533 2445 λοιμὸς,
561 2381 682 2441 ταῖς
720 2379 1017 2452 λεωφόροις
1071 2385 1494 2457 ὲπικαθήμενος.
1539 2390 1744 2442 Ἐνόσει
1777 2391 1910 2443 ταύ-

313 2483 419 2536 την
452 2467 481 2518 6
516 2467 786 2540 Ζακχαῖος
815 2471 914 2542 τὴν
953 2476 1128 2539 νόσον,
1191 2478 1321 2546 πρὶν
1370 2479 1536 2547 ἐγγὺς
1576 2479 1705 2554 ἔλθῃ
1734 2482 1780 2513 ⁸⁸
1813 2483 1906 2537 τοῦ

312 2557 524 2628 Ἰησοῦ,
591 2562 785 2633 μακρῷ
833 2563 935 2633 τῆς
981 2567 1291 2637 ἀρρωστίας
1349 2571 1444 2646 τοῦ
1494 2573 1903 2646 ’Ῑεριχουντείου

313 2650 524 2719 τυφλοῦ
582 2653 933 2724 ὑπάρχουσαν
1002 2658 1266 2729 χείρονα,
1325 2661 1381 2714 εῐ
1431 2681 1496 2733 γε
1545 2668 1573 2718 6
1619 2666 1718 2736 μὲν
1795 2668 1903 2720 σώ-

326 2758 502 2807 ματος
581 2744 610 2795 ό
673 2743 729 2796 δὲ
782 2745 964 2815 ψυχῆς
1016 2749 1185 2818 αὐτῆς
1240 2752 1416 2807 ἐνόσει
1480 2755 1575 2826 τὴν
1641 2759 1907 2828 πήρωσιν.

314 2829 412 2897 Μὴ
453 2829 560 2898 δῷς
591 2831 771 2895 ἄλλοις
823 2834 892 2887 τὰ
936 2835 1191 2908 ἀλλότρια
1221 2880 1234 2903 ,
1302 2842 1438 2896 ἀλλὰ
1480 2847 1593 2908 τοῖς
1639 2847 1906 2917 ἠδικημέ⁸

313 2937 432 2982 νοις
463 2921 531 2974 τά
559 2923 736 2977 οίκεῐα
767 2925 1219 2998 ἀποκατάστησον
1241 2949 1253 2962 ο
1286 2934 1345 2986 ού
1400 2936 1510 3005 γὰρ
1545 2938 1904 3008 προσδέχεται

2012 1948 2184 1989 canus
2226 1948 2418 1988 omnes
2450 1933 2684 1988 excedit.
2728 1931 2848 1986 Non
2891 1934 3038 1988 enim
3072 1932 3243 1986 ullum
3290 1933 3595 2002 legitimum

2012 2024 2272 2095 peccandi
2309 2034 2629 2094 praetextum
2683 2025 2866 2079 habet.
2903 2023 2960 2078 In
3001 2023 3122 2078 aliis
3172 2023 3392 2093 quidem
3443 2023 3597 2077 inve~

2014 2116 2164 2170 nitur
2201 2116 2328 2170 mali
2367 2117 2616 2184 quaedam
2663 2115 2988 2181 necessitas,
3025 2122 3078 2168 et
3108 2115 3284 2186 origo,
3316 2114 3460 2168 unde
3493 2113 3598 2167 ini-

2012 2205 2195 2274 quitas
2252 2204 2520 2274 procedit.
2575 2203 2906 2260 Publicanns
2941 2203 3058 2260 fera
3112 2212 3220 2268 est,
3281 2202 3600 2274 pestis-qua:

2013 2301 2334 2364 praetextum
2388 2310 2495 2349 non
2537 2295 2725 2360 habet,
2773 2296 2876 2351 viis
2910 2295 3074 2366 regiis
3108 2295 3456 2350 incumbens.
3483 2293 3599 2352 Hoc

2014 2390 2207 2443 morbo
2259 2387 2554 2445 Zaccbaaus
2592 2389 2896 2459 aegrotavit,
2945 2387 3267 2458 priusquam
3313 2387 3378 2440 ad
3409 2385 3597 2442 Iesum

1974 2481 2328 2546 'accederet,
2379 2481 2472 2550 qui
2513 2481 2740 2537 morbus
2791 2481 3038 2536 excitate
3080 2481 3208 2535 caeci
3265 2478 3598 2535 Ierichuntis

2013 2571 2252 2626 deterior
2283 2579 2402 2626 erat
2431 2590 2444 2624 :
2479 2571 2610 2640 quia
2641 2571 2728 2624 hic
2777 2585 3026 2640 corpore,
3069 2570 3162 2624 ille
3193 2570 3376 2624 animo
3419 2584 3597 2638 aegro-

2012 2663 2168 2717 tavit.
2196 2661 2276 2718 Ne
2327 2663 2422 2718 des
2453 2663 2578 2717 aliis
2628 2662 2831 2724 aliena,
2879 2662 2971 2716 sed
3008 2660 3333 2716 defraudato
3377 2661 3596 2730 propria

2013 2757 2244 2811 restitue
2270 2753 2319 2808 d.
2375 2752 2492 2809 Non
2541 2754 2688 2810 enim
2736 2753 2884 2808 Deus
2935 2753 3340 2824 elcemosynam
3377 2753 3592 2822 recipit,

2009 2863 2131 2918 quae
2151 2847 2296 2901 furto
2320 2856 2470 2916 rapta
2498 2856 2600 2902 cst.
2637 2845 2971 2902 Publicanus
2991 2846 3168 2900 bonus
3194 2844 3387 2916 501b
3415 2859 3598 2898 rerum

2011 2953 2234 2994 suarum
2277 2937 2446 3007 judcx
2490 2947 2541 2991 et
2591 2936 2958 3006 dispensator.
3010 2935 3155 2990 Etsi
3201 2936 3327 3005 quid
3367 2935 3598 3005 aliquem

314 3012 455 3111 θεξς
486 3014 858 3088 ἐλεημοσύνην
895 3019 954 3084 ἐξ
982 3023 1258 3092 ἁρπαγῆς.
1285 3025 1460 3088 Καλὸς
1479 3029 1506 3080 6
1535 3027 1773 3100 τελώνης
1798 3033 1904 3085 τῶν

2015 3029 2345 3098 defraudavi,
2393 3029 2554 3082 reddo
2605 3028 2964 3098 quadruplum
2991 3027 3039 3093 ἀ,
3071 3028 3268 3098 inquit,
3318 3042 3430 3082 non
3474 3027 3601 3081 aliis

313 3103 443 3156 καθ’
455 3106 647 3158 ἑαυτὸν
662 3109 851 3179 κριτὴς
871 3110 964 3163 καὶ
981 3113 1287 3184 οἰκονόμος.
1303 3116 1406 3168 Καὶ
1429 3115 1553 3187 [817
1574 3117 1664 3190 IL]
1681 3119 1734 3172 εἴ
1751 3124 1904 3188 τινός

2020 3124 2146 3187 (hoc
2178 3123 2320 3175 enim
2358 3121 2663 3176 mercedem
2702 3137 2811 3176 non
2846 3130 3106 3185 meretur,
3155 3128 3209 3174 ct
3241 3119 3350 3174 Deo
3377 3128 3595 3190 gratum

313 3210 371 3247 τι
409 3195 903 3268 ἐσυκοφάντησα,
933 3203 1262 3274 ἀποδίδωμι
1291 3209 1686 3275 τετραπλοῦν,
1722 3213 1908 3281 φησὶν,

313 3288 418 3340 οὐκ
445 3289 626 3354 ἄλλοις
652 3291 902 3360 (ἄμισθον
933 3295 1040 3365 γὰρ
1064 3294 1224 3350 τοῦτο
1247 3297 1343 3351 καὶ
1363 3299 1734 3370 άπρόσδεκτον
1759 3304 1840 3375 τῷ
1866 3305 1908 3337 ⁸³

313 3379 515 3450 Θεῷ),
543 3381 866 3448 ἅλλάύτοῖς
918 3389 1029 3450 τοΙς
1081 3391 1594 3460 συκοφαντηθεῖσιν.
1641 3395 1912 3465 Σήμερον

314 3475 587 3540 σωτηριά
623 3473 702 3539 τῷ
746 3475 891 3541 οἴκῳ
950 3479 1138 3543 τούτῳ
1192 3480 1430 3548 ἐγένετο
1480 3483 1547 3549 ’⁸,
1585 3487 1787 3539 καθότι
1811 3487 1909 3539 καὶ

311 3561 499 3632 οὗτος
531 3568 662 3631 υἱὸς
698 3569 941 3638 Ἀϐραάμ
969 3571 1120 3625 ἐστι.
1148 3573 1272 3638 Πῶς
1305 3570 1398 3628 οὖν
1430 3577 1494 3629 ὲκ
1526 3577 1618 3630 τοῦ
1659 3579 1909 3649 Ἀϐραὰμ

314 3657 345 3706 6
389 3657 449 3720 ἐξ
497 3656 706 3728 Ἰεριχὼ
734 3659 835 3728 τῆς
884 3661 1272 3730 Χανανίτιδοςς
1307 3663 1470 3735 [Li-97
1503 3665 1595 3738 R.]
1646 3668 1698 3720 τί
1733 3671 1909 3722 κοινὸν

325 3745 580 3817 ⁹Δϐραόιμ
612 3751 692 3811 είς
721 3749 880 3816 γένος
914 3754 1006 3804 καὶ
1053 3753 1382 3819 Χαναναίοις
1411 3773 1424 3820 ;
1461 3757 1493 3828 ἢ
1527 3757 1685 3826 δῆλον
1741 3759 1817 3822 ώς
1856 3762 1904 3812 εἰ

311 3837 410 3888 καὶ
447 3837 523 3908 μὴ
547 3841 612 3908 τῇ
647 3840 808 3910 σαρκὶ
835 3841 946 3906 υίὸς
970 3838 1039 3912 ἦν
1094 3843 1366 3914 Ἀϐραάμ,
1403 3847 1538 3900 ἀλλὰ
1586 3851 1698 3912 τοῖς
1752 3850 1908 3920 ἤθεσι

311 3928 411 3977 καὶ
444 3929 559 3991 τοῖς
587 3928 772 3999 ἔργοις
800 3931 915 4002 ἅμα
941 3932 1022 4005 τῷ
1065 3934 1365 4006 πλησιάσαι
1422 3937 1499 4008 τῷ
1537 3940 1760 4011 Χριστῷ
1793 3943 1908 3995 τῶν

311 4018 382 4071 ἐκ
431 4019 761 4090 σπλάγχνων
791 4023 1160 4095 προελθόντων
1204 4027 1299 4081 τοῦ
1332 4032 1674 4102 πατριάρχου
1711 4035 1906 4106 μακρῷ

310 4110 687 4182 γνησιώτερος
717 4117 846 4179 παῖς
885 4117 979 4170 καὶ
1008 4119 1198 4188 γέγονε
1230 4122 1324 4174 καὶ
1363 4122 1708 4194 ἐπεγνώσθη.
1752 4125 1908 4179 Οὕτω

311 4202 410 4254 καὶ
438 4206 468 4255 6
496 4201 818 4270 Ἀπόστολος
869 4209 986 4262 υίὺν
1049 4211 1277 4266 ἐκάλεσε
1326 4214 1416 4267 τὸν
1461 4215 1697 4286 Ἐλύμαν
1744 4217 1904 4270 τοῦ⁷¹

304 4293 563 4347 διαϐόλου
596 4336 614 4361 ,
655 4298 750 4352 καὶ
780 4300 807 4352 ό
863 4299 1098 4373 Κύριος*
1146 4303 1344 4373 ’Υμεῖς
1396 4305 1465 4358 ἐκ
1513 4307 1620 4360 τοῦ
1679 4309 1903 4377 πατρὸς

2017 3229 2122 3267 non
2173 3212 2276 3282 est)
2319 3212 2411 3266 sed
2460 3211 2527 3266 iis
2580 3211 2712 3281 ipsis
2755 3226 2893 3280 quos
2935 3209 3204 3264 fraudavi.
3250 3208 3421 3262 Hodie
3449 3210 3598 3264 salut

2015 3305 2134 3356 huic
2167 3303 2348 3356 domui
2373 3303 2514 3371 facta
2556 3310 2652 3367 est,
2693 3318 2752 3354 eo
2777 3301 2915 3370 quod
2941 3313 2990 3356 et
3016 3302 3127 3370 ipse
3152 3299 3297 3369 [ilius
3328 3301 3396 3353 sit
3427 3299 3598 3354 Abra-

2014 3395 2095 3448 ha:
2125 3404 2169 3447 ο.
2195 3393 2483 3460 Quomodo
2515 3391 2680 3462 igitur
2710 3407 2774 3445 ex
2804 3391 3080 3445 Abraham
3115 3391 3206 3446 ille
3233 3390 3326 3460 qui
3363 3406 3425 3446 ex
3458 3388 3597 3444 Ieri-

2014 3485 2116 3539 cho
2167 3495 2250 3540 est
2294 3485 2602 3539 Chananaza
2650 3483 2824 3538 urbe?
2872 3483 3015 3549 Quid
3046 3497 3337 3538 commune
3399 3481 3599 3536 habent

2013 3578 2305 3632 Abrahami
2337 3593 2530 3647 genus,
2561 3587 2614 3632 et
2646 3575 3120 3631 Chananaeorum?
3147 3585 3293 3630 certe
3333 3574 3597 3630 manifes-

2015 3681 2126 3725 tnm
2166 3679 2266 3734 est,
2337 3670 2481 3740 quod
2537 3671 2583 3724 si
2647 3685 2756 3724 non
2813 3667 3114 3723 secundum
3172 3682 3393 3722 carnem
3452 3666 3597 3723 ﬁlius

2015 3763 2246 3818 Abrahae
2286 3763 2476 3829 fuerit,
2503 3762 2597 3818 sed
2633 3761 2881 3817 moribus
2922 3769 2978 3815 et
3029 3760 3310 3830 operibus,
3343 3759 3594 3814 simulat-

2013 3870 2120 3927 que
2160 3854 2230 3909 ad
2274 3854 2549 3910 Christum
2600 3869 2660 3909 se
2694 3853 2946 3919 contulit,
2983 3852 3158 3907 multo
3209 3851 3384 3921 magis
3418 3851 3597 3921 legiti-

2011 3969 2164 4007 mum
2197 3951 2369 4006 lilium
2393 3960 2448 4007 et
2474 3951 2677 4007 factum
2713 3965 2856 4016 esse,
2900 3958 2954 4005 et
2982 3948 3280 4018 cognitum,
3308 3961 3471 4017 quam
3499 3947 3597 4017 qui

2011 4061 2078 4099 ex
2109 4045 2344 4099 Abrahae
2375 4044 2678 4099 visceribus
2737 4043 3080 4112 prodierunt.
3125 4040 3218 4096 Sic
3247 4040 3543 4110 Apostolus
3572 4039 3591 4078 ί

2013 4135 2258 4206 Elymam
2292 4136 2507 4190 vocavit
2525 4134 2694 4188 lilium
2717 4133 2951 4198 diaboli;
2984 4141 3039 4186 et
3061 4130 3224 4186 Iesus
3245 4131 3314 4185 ad
3333 4130 3552 4186 ιυάωοε
3579 4149 3593 4184 :

2025 4227 2126 4281 Vos
2157 4243 2221 4281 ea:
2261 4239 2412 4292 patre
2442 4239 2614 4282 vestro
2653 4225 2867 4279 diabolo
2912 4226 3038 4278 estis
3073 4235 3118 4279 ε.
3168 4223 3463 4279 Ζοεειιωιιε
3497 4223 3598 4294 igi-

2013 4329 2100 4371 tur
2131 4333 2256 4373 cum
2291 4317 2453 4372 ﬁdem
2488 4316 2723 4372 Abraha:
2751 4316 2997 4370 imitatus
3038 4323 3186 4371 esset
3214 4315 3597 4385 (quemadmo-

303 4385 420 4438 τοῦ
448 4386 732 4443 διαϐόλου
769 4391 934 4457 ἐστὲ,
966 4396 1092 4456 τοὺς
1121 4395 1406 4460 Ἰουδαίους
1451 4399 1495 4428 ⁷²
1521 4399 1762 4453 ἀνεῖπεν.
1795 4400 1904 4453 Καὶ

2015 4409 2139 4462 dum
2193 4408 2342 4462 enim
2389 4407 2480 4462 ille
2533 4406 2725 4477 jussus
2787 4405 3010 4476 reliquit
3060 4404 3320 4474 patriam,
3354 4405 3434 4461 sic
3492 4404 3595 4460 iste

303 4479 337 4530 6
367 4478 634 4548 Ζακχαῖος
664 4478 776 4546 οὖν,
812 4484 998 4557 ἐπειδὴ
1026 4485 1125 4556 τὴν
1168 4488 1419 4560 ’Λϐραὰμ
1446 4492 1756 4562 ἐμιμήσατο
1811 4494 1901 4545 πί-

307 4584 453 4622 στιν·
489 4572 566 4634 ώς
598 4573 708 4642 γὰρ
769 4575 977 4639 ἐκεῖνος
1026 4577 1248 4648 κληθεὶς
1303 4581 1484 4650 ἁρῆκε
1515 4583 1612 4653 τὴν
1643 4585 1901 4656 πατρίδα,

302 4660 458 4715 οὕτω
513 4665 609 4716 καὶ
661 4659 814 4729 οὗτος
845 4668 907 4720 τὸ
941 4668 1223 4726 τελωνεῖον
1268 4674 1362 4724 καὶ
1393 4673 1480 4728 τὸν
1513 4675 1724 4728 ἐκεῖθεν
1770 4694 1904 4730 κατ-

304 4751 467 4804 έλιπε
493 4753 539 4784 ⁷³
569 4754 817 4810 πλοῦτον.
848 4757 940 4812 Διδ
967 4759 1061 4812 καὶ
1083 4761 1317 4832 Χριστὸς
1345 4765 1378 4833 ἡ
1415 4763 1642 4834 ἀλήθεια
1674 4766 1900 4834 εἰκότως

300 4845 474 4899 αὐτὸν
499 4847 617 4900 υἱὸν
662 4849 920 4922 Ἀϐραὰμ
949 4828 1274 4926 ἀνεκήρυξε.
1365 4828 1378 4833 -
1503 4828 1515 4834 '
1859 4828 1877 4856 ’

309 4939 425 4998 Τοῦ
495 4943 685 4997 αὐτοῦ
737 4947 824 5010 είς
872 4947 1016 5072 τοὺὶ
1063 4947 1173 5028 δύο
1201 4948 1375 5014 υἱοὺς
1430 4949 1571 5017 τοὺς
1611 4956 1772 5021 παρὰ
1827 4954 1905 5016 τῷ

1017 5033 1190 5072 ουκα.

1017 5033 1190 5084 ουκα.

378 5103 607 5175 Πατέρα
643 5107 743 5175 μὲν
790 5108 824 5178 η
885 5109 1170 5182 παραϐολὴ
1197 5111 1291 5164 τὸν
1319 5111 1453 5165 Θεὸν
1503 5114 1598 5166 καὶ
1659 5116 1890 5185 ποιητὴν

2003 4501 2290 4562 telonium.
2338 4507 2392 4554 et
2419 4498 2493 4554 ibi
2535 4507 2721 4570 partas
2759 4497 2977 4554 divitias
3000 4496 3331 4566 Iabdicavit),
3388 4497 3596 4554 idcirco

2001 4594 2284 4655 Christus.
2339 4592 2433 4662 qui
2467 4601 2552 4648 est
2592 4592 2708 4662 ipsa
2748 4591 2975 4660 veritas,
3003 4591 3201 4647 merito
3233 4590 3389 4647 illum
3417 4591 3591 4648 lilium

1998 4687 2230 4741 Abraha:
2265 4685 2494 4742 vocavit.

2227 4947 2376 5003 Idem
2412 4949 2464 5002 in
2493 4947 2807 5018 parabolam
2844 4949 2907 5002 de
2931 4949 3044 5018 ﬁlio
3077 4951 3298 5021 prodigo
3333 4953 3379 5006 ⁸.

2078 5099 2348 5156 Parabola
2379 5099 2600 5157 Patrem
2636 5101 2806 5158 Deum
2836 5113 2890 5159 et
2920 5103 3187 5161 factorem
3209 5103 3456 5159 omnium
3492 5118 3590 5158 vo-

300 5195 460 5248 τοῦδε
489 5194 584 5249 τοῦ
617 5198 816 5261 παντὸς
841 5199 1120 5266 ὀνομάζει,
1148 5201 1242 5262 τὸν
1285 5202 1344 5255 δὲ
1376 5203 1749 5274 πρεσϐύτερον
1782 5205 1894 5262 υἱὸν

2015 5204 2113 5261 cat,
2165 5195 2308 5250 lilios
2369 5195 2632 5264 majorem
2683 5207 2850 5262 natu,
2895 5207 2948 5252 et
2997 5199 3286 5263 minorem,
3340 5196 3592 5250 homines

303 5288 401 5341 καὶ
433 5287 700 5360 νεώτερον
725 5289 1048 5361 ἀνθρώπους
1076 5291 1190 5356 δύο,
1213 5293 1304 5348 τὸν
1339 5293 1439 5363 μὲν
1465 5295 1884 5365 παραμείναντα

2000 5291 2160 5343 duos.
2221 5287 2378 5343 Illum
2435 5286 2656 5356 quidem
2701 5288 2882 5343 datam
2918 5289 3148 5360 gratiam
3202 5299 3256 5343 et
3302 5289 3593 5345 haeredita-

374 5445 406 5488 δ
437 5444 628 5514 Iosue,
655 5449 789 5516 ",1.
831 5459 852 5487 ο
885 5449 1017 5507 Luc.
1045 5467 1197 5518 xvm,
1234 5453 1256 5506 1
1294 5466 1446 5522 seqq.
1489 5451 1516 5491 ἀ
1547 5450 1682 5510 Luc.
1722 5469 1838 5521 κη,
1863 5451 1904 5507 8η

2015 5452 2142 5507 Ihid.
2178 5451 2229 5506 9.
2324 5450 2341 5487 ί
2371 5448 2663 5514 Joan.vnt,
2688 5450 2777 5505 ﬂ.
2824 5450 2846 5486 ε
2875 5449 3012 5506 Luc.
3059 5465 3146 5514 xv,
3180 5447 3234 5500 2.

1593 5637 1832 5704 VARI/1?.
1873 5636 2283 5694 LECTIONES.

359 5744 407 5779 "
434 5745 579 5802 ἔλθοι
608 5747 672 5804 Β.
751 5749 794 5783 ⁶⁹
819 5748 897 5819 τῷ
921 5763 1029 5806 om.
1063 5751 1123 5810 Β.
1204 5755 1248 5786 ⁷⁰
1282 5752 1496 5822 ἐγένετο
1527 5767 1637 5808 om.
1670 5751 1734 5808 A.
1813 5754 1854 5787 '“
1898 5753 1991 5808 τοῦ
2024 5767 2134 5809 om.
2165 5751 2223 5807 Β.
2279 5753 2321 5785 ⁷³
2347 5749 2651 5819 Ἰουδαίους,
2684 5749 2842 5814 ἰδίους
2876 5750 2936 5803 Λ.
3015 5751 3060 5782 ⁷³
3096 5749 3384 5805 κατέλειπε
3414 5763 3482 5822 pr
3521 5753 3588 5806 Δ.
