3922 6242
322 300 434 369 2η

1482 296 1747 356 ΡΗΟΤΙΙ
1786 290 2293 355 PATRIARCH/E
2326 295 2434 354 ΟΡ.

3494 290 3597 352 2Ιὲ

326 434 436 478 tem
482 426 990 480 conservante'm,et
1016 430 1367 487 nequaquam
1424 413 1750 481 Er-clesiatn,
1802 430 1907 472 nec

2034 416 2076 485 ςῇ
2107 413 2325 485 δοθείσῃ
2358 413 2541 483 χάριτι
2566 411 2661 465 καὶ
2676 409 2755 481 τῷ
2793 408 3140 464 ὲπιϐάλλοντι
3169 408 3318 478 αὐτῷ
3341 408 3443 479 τῆς
3469 408 3599 480 κλη-

324 510 770 567 communionem
790 506 1226 563 venerandorum
1253 514 1723 560 sacramentorum
1754 518 1910 574 prop‘

326 614 408 657 ter
442 602 565 654 vitae
597 600 869 653 luxuriam
923 604 1294 665 respuentem,
1352 593 1498 647 hunc
1524 607 1654 647 vero
1682 592 1911 661 juvenili

329 692 567 762 quodam
601 705 753 743 more
794 688 910 742 haec
951 687 1135 741 omnia
1175 692 1643 748 contemnentem,
1681 684 1914 752 ideoque

330 803 360 839 a
387 799 518 838 vero
557 783 719 836 Patre
751 781 1079 850 digressum,
1134 786 1189 832 et
1229 777 1354 831 data
1382 788 1614 829 munera
1638 774 1914 844 dissipan-

332 889 463 941 tem,
493 884 553 930 ut
578 874 852 929 luxuriosi
879 879 1308 927 consueverunt.
1343 869 1531 923 Portio
1566 867 1914 931 substantim,

331 984 453 1038 quae
481 967 571 1021 hic
598 965 954 1027 describitur,
982 978 1147 1033 quam
1180 978 1210 1016 a
1232 969 1385 1030 patre
1420 960 1558 1030 petit
1584 959 1793 1030 junior,
1827 967 1913 1013 est

332 1058 640 1126 baptismus
673 1064 727 1110 et
749 1052 1096 1123 participatio
1124 1049 1422 1105 venerandi
1450 1051 1702 1119 corporis
1732 1048 1919 1105 Domi-

334 1142 466 1202 nici.
523 1145 736 1200 Etenim
794 1144 950 1198 multi
982 1144 1208 1213 juvenes
1259 1143 1371 1195 haec
1414 1148 1606 1211 petunt
1668 1149 1723 1195 et
1772 1140 1920 1194 acci—

334 1238 514 1306 piunt,
552 1236 644 1289 sed
682 1235 1028 1304 quimentem
1056 1234 1260 1288 habent
1294 1233 1546 1297 senilem,
1578 1232 1782 1286 donum
1817 1231 1922 1286 hoc

336 1325 486 1378 omni
528 1325 807 1393 diligentia
855 1323 1196 1378 custodiunt.
1251 1322 1331 1376 Ex
1361 1336 1520 1391 aequo
1551 1321 1695 1375 enim
1732 1334 1923 1375 omnes

338 1426 551 1485 partem
602 1415 902 1484 accipiunt,
943 1414 1036 1469 sed
1093 1413 1480 1483 accipientium
1529 1428 1628 1482 pro
1657 1412 1925 1481 cujusque

339 1507 519 1561 studio
544 1507 836 1561 discrimen
869 1508 1245 1562 diversitatem
1273 1521 1491 1576 quoque
1508 1507 1773 1560 donorum
1804 1520 1923 1558 ma-

336 1596 514 1665 jorum
548 1597 629 1650 vel
660 1596 934 1651 minorum
986 1597 1148 1652 elIicit
1182 1616 1195 1651 :
1236 1597 1317 1651 vel
1344 1597 1568 1650 omnino
1610 1595 1843 1664 dissipat
1872 1605 1926 1650 et

340 1688 637 1741 consumit.
666 1696 727 1742 ut
758 1689 1033 1759 prodigus.
1070 1688 1220 1743 Hanc
1252 1689 1471 1759 quidem
1505 1690 1814 1757 portionem
1831 1703 1927 1757 pa-

2018 505 2271 576 ρονομίας
2297 546 2312 569 ,
2347 504 2447 558 καὶ
2477 502 2715 574 οὐδαμοῦ
2740 504 2841 572 τῆς
2862 500 3192 572 Ἐκκλησίας
3231 501 3357 554 οὐδὲ
3407 502 3509 572 τῆς
3559 502 3602 535 ⁷⁸

2015 596 2123 648 τῶν
2173 596 2457 667 ἀχράντων
2515 593 2830 665 μυστηρίων
2893 592 3181 657 κοινωνίας
3236 592 3327 646 διὰ
3371 594 3476 660 τῆς
3511 594 3600 646 τοῦ

2020 688 2136 759 βίου
2171 689 2411 750 ἀσωτίας
2437 670 2838 757 ἀφηνιάσᾶντα,
2861 686 2953 738 τὸν
2985 685 3042 738 δὲ
3072 686 3216 739 κατά
3250 687 3476 740 πάντων
3500 686 3603 740 τῶν

2017 781 2325 852 εἰρημένων
2356 780 2776 851 νεωτερίσαντα,
2801 778 2898 831 καὶ
2926 779 3014 832 διὰ
3044 778 3201 832 τοῦτο
3229 780 3325 833 καὶ
3350 779 3448 832 τοῦ
3480 779 3606 849 ἀλη-

2020 872 2169 925 θινοῦ
2198 871 2535 942 χωρισθέντα
2574 871 2793 941 Πατρὸς
2832 870 2929 923 καὶ
2960 870 3320 941 σπαθήσαντα
3357 872 3455 923 καὶ
3487 871 3603 923 δια-

2020 965 2319 1034 φθείραντα
2349 964 2447 1027 τάς
2483 964 2615 1034 παρ’
2636 962 2802 1018 αὐτοῦ
2835 963 3085 1025 δοθείσας
3122 962 3357 1033 δωρεὰς,
3391 964 3467 1026 ὡς
3495 962 3603 1016 εἰώ-

2022 1057 2185 1111 θεσαν
2216 1056 2476 1127 πράττειν
2497 1058 2546 1108 οί
2571 1057 2794 1110 ἄσωτοι.
2825 1055 3014 1108 Ἔστιν
3040 1054 3132 1107 οὖν
3162 1055 3205 1087 ⁷⁵
3234 1055 3294 1107 τὸ
3319 1055 3607 1108 ἐπιϐάλλον

2026 1149 2190 1220 μέρος
2217 1150 2317 1218 τῆς
2371 1146 2558 1211 οὐσίας
2581 1186 2595 1210 ,
2632 1147 2660 1200 6
2693 1146 2845 1218 παρά
2871 1147 2966 1199 τοῦ
3012 1145 3219 1215 πατρδς
3265 1142 3295 1197 6
3338 1145 3603 1217 νεώτερος

2024 1239 2141 1301 υίὸς
2176 1236 2444 1310 ἐπιζητεῖ,
2473 1238 2532 1290 τὸ
2560 1237 2845 1306 βάπτισμα
2872 1236 3018 1307 καὶὴ
3057 1236 3259 1307 μετοχὴ
3280 1236 3380 1289 τοῦ
3412 1238 3605 1307 ἀχράν-

2023 1346 2118 1383 του
2153 1329 2401 1399 σώματος
2424 1347 2438 1359 ·
2464 1329 2561 1382 καὶ
2589 1329 2699 1399 γὰρ
2724 1326 2909 1380 πολλοὶ
2930 1327 3025 1381 καὶ
3051 1326 3159 1379 τῶν
3193 1327 3481 1397 νεωτέρων
3522 1329 3609 1380 καὶ

2026 1419 2251 1490 ζητοῦσι
2283 1419 2461 1473 ταῦτα
2511 1420 2603 1472 καὶ
2628 1418 3016 1488 λαμϐάνουσιν.
3062 1416 3202 1470 Ἀλλ’
3228 1419 3277 1471 οἱ
3312 1417 3608 1488 πρεσϐυτι-

2027 1515 2123 1567 κὸν
2153 1514 2368 1584 ἔχοντες
2408 1512 2683 1582 φρόνημα,
2720 1512 2919 1564 ἐκεῖνοι
2946 1510 3039 1562 καὶ
3074 1512 3135 1562 τὸ
3160 1509 3335 1579 δῶρον
3364 1511 3424 1562 ἐν
3456 1510 3607 1578 ἀκρι-

2030 1606 2152 1677 ϐείᾳ
2181 1607 2561 1675 φυλάττουσιν.
2620 1604 2762 1656 Ἴσον
2797 1603 2895 1673 μὲν
2933 1598 3026 1655 οὖν
3057 1603 3176 1654 ἐστι
3229 1601 3291 1653 τὸ
3319 1601 3608 1655 ἐπιϐάλλον

2031 1698 2247 1766 ἑκάστῳ
2273 1713 2287 1727 ⁸
2325 1698 2359 1767 ἡ
2389 1695 2446 1749 δὲ
2478 1695 2587 1748 τῶν
2642 1693 3026 1764 λαμϐανόντων
3075 1693 3215 1747 κατὰ
3252 1695 3356 1765 τὴν
3382 1693 3610 1765 σπουδὴν

342 1779 526 1832 rabola
561 1778 786 1834 indicat.
836 1778 902 1833 In
937 1779 1281 1849 longinquam
1323 1794 1441 1832 vero
1470 1779 1731 1848 regionem
1761 1778 1927 1847 proﬁ-

2034 1754 2263 1842 ἑκάστου
2297 1754 2530 1860 διαφορά
2563 1754 2748 1857 ἐκείνη
2777 1787 2871 1840 καὶ
2898 1785 3079 1856 μεῖζον
3107 1786 3200 1838 καὶ
3233 1754 3461 1838 ἔλαττον
3488 1754 3610 1838 αὐτὸ

342 1870 492 1935 cisci,
523 1881 607 1925 est
636 1887 665 1924 a
699 1871 791 1925 Dei
835 1871 995 1926 donis
1022 1882 1077 1925 et
1118 1872 1404 1941 praeceptis
1431 1870 1590 1941 longe
1619 1871 1922 1925 discedere.

342 1957 637 2027 Dissipavit
664 1970 719 2015 et
744 1960 916 2015 Adam
950 1962 1336 2028 substantiam,
1370 1972 1423 2017 et
1447 1977 1666 2017 onmem
1692 1961 1926 2017 felicita-

341 2057 449 2099 tem
477 2048 672 2118 502a
710 2061 993 2119 paternam
1032 2052 1239 2116 amisit,
1296 2061 1351 2107 et
1395 2052 1657 2121 expulsus
1705 2055 1928 2124 regione

342 2140 504 2193 bonis
523 2142 855 2197 abundante.
893 2142 1165 2197 Acerbum
1190 2142 1311 2214 [fuit
1338 2143 1546 2212 juniori
1571 2161 1601 2199 a
1628 2154 1785 2215 patre
1807 2146 1926 2200 dis-

342 2231 557 2288 cedere.
614 2233 1061 2304 Dilapidationem
1128 2237 1270 2290 enim
1326 2237 1635 2308 prodigam,
1669 2247 1724 2293 et
1762 2238 1926 2292 luxu-

342 2324 507 2389 riam,
545 2333 598 2379 et
647 2326 923 2396 colloquia
970 2343 1155 2383 mores
1213 2332 1646 2398 corrumpentia,
1687 2331 1929 2400 parentis

343 2415 541 2469 oculus
568 2417 723 2486 pellit
754 2428 917 2488 atque
942 2419 1114 2488 ejicit.
1140 2419 1274 2474 Cum
1308 2434 1488 2476 autem
1512 2422 1730 2491 juvenis
1754 2423 1838 2478 Sui
1872 2423 1932 2477 [it

339 2506 503 2575 juris,
562 2523 663 2563 nec
714 2510 857 2565 ullus
909 2512 1066 2566 adest
1119 2513 1281 2568 tlmor
1324 2529 1425 2568 nec
1468 2516 1643 2584 pudor
1669 2515 1785 2585 (qui
1819 2516 1928 2570 duo

344 2597 526 2655 fortes
554 2610 686 2656 sunt
732 2602 1069 2660 lascivientis
1104 2605 1411 2674 juventutis
1441 2606 1744 2678 custodes),
1801 2617 1931 2664 tunc

344 2694 563 2748 tandem
621 2697 802 2750 omnia
835 2713 1054 2767 pessum
1104 2708 1256 2765 eunt,
1308 2710 1360 2755 et
1399 2716 1620 2756 sursum
1668 2702 1924 2756 deorsum

343 2795 658 2843 vertuntur.
696 2789 861 2845 Istius
890 2807 1019 2846 vero
1042 2792 1282 2861 regionis
1319 2808 1348 2847 a
1377 2792 1487 2848 Deo
1516 2803 1742 2849 semota:
1769 2804 1933 2865 atque

346 2877 623 2945 sepositas,
664 2879 841 2934 incola
896 2889 981 2935 est
1014 2881 1264 2937 diabolus
1306 2883 1443 2953 (16).
1486 2884 1707 2939 Etenim
1741 2901 1933 2955 pecca-

343 2976 525 3022 torum
581 2969 774 3026 civitas
822 2971 996 3027 civem
1050 2973 1210 3028 habet
1257 2985 1310 3030 et
1342 2975 1762 3045 gubernatorem
1817 2979 1933 3035 dia-

2030 1881 2176 1935 ποιεί
2212 1879 2358 1949 ἢκαὶ
2378 1878 2512 1941 ὅλως
2541 1876 2794 1940 σπαθίζει
2824 1876 2919 1928 καὶ
2946 1876 2989 1909 ⁷⁸
3018 1875 3299 1945 ὲκδαπανᾷ
3326 1876 3397 1938 ⁷⁷,
3430 1873 3609 1943 ὥσπερ

2029 1972 2058 2023 6
2092 1969 2319 2033 ἄσωτος.
2358 1968 2431 2020 Τὸ
2482 1967 2582 2037 μὲν
2629 1966 2918 2020 ἐπιϐάλλον
2950 1965 3097 2018 τοῦτ’
3148 1964 3215 2019 ἂν
3260 1964 3609 2030 αἰνίττοιτοὴ

2030 2060 2415 2134 παραϐολὴ,τὸ
2446 2059 2502 2114 δὲ
2528 2058 2766 2127 μακρὰν
2790 2057 3133 2125 ἀποδημίαν
3163 2057 3523 2111 στείλασθαι
3552 2054 3611 2109 τὸ

2024 2151 2449 2224 μακρυνθῆναι
2486 2151 2579 2204 καὶ
2614 2150 2720 2203 τῶν
2743 2148 2961 2220 δωρεῶν
2991 2148 3084 2201 καὶ
3110 2146 3219 2200 τῶν
3248 2147 3485 2200 ἐντολῶν
3525 2145 3610 2199 τοῦ

2030 2242 2189 2297 Θεοῦ.
2232 2241 2547 2308 Ἐσπάθησε
2585 2239 2680 2293 καὶ
2705 2237 2734 2288 6
2776 2236 2950 2305 Ἀδὰμ
3002 2235 3101 2306 τὴν
3130 2234 3344 2298 οὐσίαν,
3376 2234 3473 2285 καὶ
3511 2232 3609 2284 πά-

2034 2350 2132 2404 σης
2167 2334 2267 2403 τῆς
2314 2331 2589 2402 πατρικῆς
2633 2329 2896 2399 εὐπορίας
2927 2326 3186 2392 ἐξέπεσε,Δ
3208 2326 3308 2379 καὶ
3342 2322 3611 2394 ὑπερωρί-

2034 2424 2135 2495 σθη
2170 2424 2372 2494 χωρίου
2429 2420 2693 2491 ἀφθονίαν
2755 2417 3012 2489 βρύοντος
3079 2414 3326 2483 ἀγαθῶν.
3377 2412 3614 2467 Χαλεπὸν

2036 2514 2135 2585 μὲν
2167 2512 2269 2584 υίῷ
2302 2513 2555 2582 νεωτέρῳ
2578 2509 2916 2581 χωρισθῆναι
2956 2508 3184 2576 πατρός.
3213 2505 3477 2573 Δαπάνην
3514 2503 3611 2571 γὰρ

2031 2606 2242 2661 ἄσωτον
2276 2602 2374 2656 καὶ
2399 2598 2697 2654 ἀκολασίαν
2734 2599 2827 2651 καὶ
2874 2594 3096 2666 ὁμιλίας
3130 2592 3236 2663 ἢθη
3292 2589 3612 2661 φθειρούσας

2033 2699 2062 2751 6
2088 2697 2181 2751 τοῦ
2224 2693 2431 2765 πατρὸς
2453 2691 2668 2746 ἐλαύνει
2691 2690 2788 2743 καὶ
2818 2685 3115 2742 ἀποδιώκει
3144 2682 3611 2754 ὀφθαλμός.”οταν

2032 2790 2090 2845 δὲ
2129 2789 2215 2858 ἐφ’
2251 2787 2448 2857 ἑαυτῆς
2475 2785 2700 2855 γένηται
2731 2782 2919 2850 νεότης
2945 2820 2958 2844 ,
2991 2780 3085 2831 καὶ
3122 2778 3261 2849 μήτε
3291 2776 3459 2844 φόϐος
3482 2772 3612 2841 πάρ-

2033 2899 2152 2935 εστι
2184 2882 2325 2952 μήτε
2355 2877 2539 2941 αἰδὼς,
2569 2876 2663 2929 δύο
2700 2874 2939 2943 φύλακες
2972 2871 3182 2941 ἰσχυροὶ
3211 2866 3614 2939 ταραττομένης

2033 2977 2321 3047 νεότητος,
2353 2973 2476 3026 τότε
2514 2972 2601 3042 δὴ,
2635 2970 2758 3023 τότε
2817 2968 3023 3037 οἴχεται
3081 2964 3260 3017 πάντα
3295 2963 3393 3016 καὶ
3439 2956 3618 3013 ἀνατέ-

344 3058 555 3127 bolum,
591 3061 835 3131 undique
869 3074 1153 3133 cogentem
1181 3068 1456 3136 prodigos,
1486 3078 1541 3121 et
1577 3069 1631 3123 in
1658 3087 1821 3125 unam
1857 3073 1928 3125 ci-

2035 3084 2302 3140 τραπται.
2353 3066 2512 3117 Ἔστι
2542 3062 2598 3115 δὲ
2631 3060 2759 3132 [818
2784 3057 2890 3130 Η.]
2925 3058 3016 3110 καὶ
3046 3057 3073 3109 6
3106 3054 3335 3123 πολίτης
3374 3051 3480 3146 τῆς
3513 3063 3615 3146 *μα-

345 3149 570 3205 vitatem
605 3154 1070 3225 compingentem,
1094 3166 1147 3211 et
1184 3158 1417 3213 incitans
1444 3160 1566 3213 illos
1596 3161 1661 3214 ad
1684 3162 1930 3217 actiones

346 3251 556 3311 turpes,
588 3259 652 3299 ac
690 3245 882 3301 suibus
913 3247 1128 3319 dignas.
1154 3247 1366 3304 Etenim
1398 3251 1510 3321 agit
1543 3267 1758 3321 gregem
1799 3268 1929 3322 por-

348 3349 538 3389 corum
584 3338 692 3391 ritn
743 3340 1035 3405 viventem,
1062 3349 1115 3395 at
1171 3358 1299 3396 vero
1335 3358 1443 3396 non
1492 3353 1574 3397 est
1608 3355 1795 3413 pastor
1828 3346 1931 3398 lto-

347 3428 562 3481 minum
603 3430 812 3486 ratione
847 3434 1137 3498 utentium,
1161 3434 1622 3502 quemadmodum
1648 3435 1929 3503 Dominus,

348 3520 440 3585 qui
470 3521 703 3573 animant
742 3540 897 3576 suam
932 3526 1219 3593 posuitpro
1250 3527 1429 3581 ovibus
1456 3529 1567 3581 suis
1590 3530 1643 3582 ιι.
1677 3529 1933 3602 Magister

349 3608 519 3677 igitur
562 3626 854 3679 porcorum
911 3616 1077 3669 mittit
1114 3616 1377 3672 miserum
1411 3620 1665 3689 juvenem
1701 3623 1766 3677 ad
1802 3639 1932 3692 pas-

352 3701 584 3754 cendum
609 3718 828 3772 porcos,
853 3717 907 3759 et
933 3706 1058 3761 felix
1095 3724 1202 3762 non
1227 3720 1344 3764 erat
1385 3712 1464 3765 vel
1491 3727 1781 3780 porcorum
1816 3716 1933 3770 vic-

352 3801 435 3854 tu,
484 3794 779 3852 comedens
824 3798 1069 3868 siliquas.
1115 3799 1246 3856 Tale
1283 3803 1425 3856 enim
1476 3815 1760 3872 peccatum
1796 3818 1928 3862 est:

355 3885 422 3937 ad
446 3886 722 3942 modicum
753 3890 931 3957 dulce,
980 3894 1194 3949 nullum
1244 3906 1425 3951 tamen
1463 3900 1785 3955 alimentum
1837 3910 1933 3955 aut

353 3976 643 4031 utilitatem
699 3978 899 4036 ferens.
926 3982 1007 4037 Ad
1045 4000 1103 4040 se
1142 3986 1310 4056 igitur
1346 3989 1563 4045 rediens
1596 4006 1661 4045 ac
1711 3992 1936 4062 resipis-

352 4068 665 4138 cens(nam
712 4073 797 4125 sui
845 4088 1068 4143 compos
1117 4092 1223 4131 non
1280 4076 1476 4144 fuerat,
1512 4083 1938 4149 perturbationi-

353 4157 460 4212 bus
491 4174 683 4215 servus
732 4161 931 4228 factus,
976 4182 1039 4220 ac
1080 4170 1436 4239 mancipium,
1481 4183 1771 4243 menteque
1805 4176 1937 4230 alie-

353 4249 504 4319 nata)
545 4256 943 4311 mercenarium
976 4268 1097 4326 post
1136 4262 1552 4316 conversionem
1580 4275 1632 4317 et
1672 4267 1938 4334 ptenilen-

355 4343 511 4408 tiam,
567 4348 826 4415 prodigus
880 4352 1118 4420 seipsnm
1153 4354 1425 4420 nominat,
1462 4365 1515 4410 et
1544 4372 1736 4414 onmes
1791 4360 1931 4413 infa-

2040 3162 2179 3231 κράν
2224 3156 2618 3227 ἀπῳκισμένης
2648 3151 2782 3206 Θεοῦ
2844 3150 3030 3222 χώρας
3057 3148 3275 3217 ἐκείνης
3303 3148 3332 3200 6
3360 3143 3614 3203 διάϐολος.

2037 3252 2149 3306 Καὶ
2170 3251 2281 3321 γὰρ
2310 3248 2410 3319 τῆς
2440 3245 2714 3317 ἁμαρτίας
2749 3246 2781 3314 ἡ
2813 3243 2969 3305 πόλις
2995 3238 3211 3311 πρῶτον
3257 3238 3487 3307 πολίτην
3516 3234 3617 3304 ἔχει

2039 3345 2135 3397 καὶ
2174 3340 2432 3411 πολιστὴν
2456 3339 2546 3391 τὸν
2595 3336 2863 3400 διάϐολον,
2919 3330 3258 3402 πανταχόθεν
3333 3327 3617 3395 συνάγοντα

2041 3436 2252 3497 πάντας
2283 3433 2409 3496 τοὺς
2439 3429 2684 3492 ἀσώτους
2726 3426 2819 3480 καὶ
2847 3424 3189 3495 συμπολίτας
3231 3420 3551 3489 ποιούμενον
3577 3414 3615 3444 ⁷⁸

2041 3531 2134 3581 καὶ
2170 3529 2248 3589 είς
2284 3525 2513 3594 ἀτίμους
2566 3524 2661 3575 καὶ
2687 3518 2910 3579 συῶδεις
2942 3515 3390 3585 παραπέμποντα
3421 3512 3465 3543 ⁷⁸
3494 3508 3619 3594 rvpi:

2043 3622 2174 3686 ξεις.
2217 3586 2326 3675 Καὶ
2356 3586 2464 3687 χάρ
2499 3617 2591 3669 καὶ
2614 3612 2901 3685 χοιροόίων
2936 3610 3084 3662 ἐστὶν
3120 3607 3434 3677 ἀγελάρχης
3460 3647 3473 3669 ,
3515 3586 3618 3654 ἀλλ’

2041 3715 2162 3783 οὐχί
2191 3711 2395 3781 ποιμὴν
2438 3709 2675 3777 λογικῶν
2713 3705 3022 3777 προϐάτων,
3056 3702 3244 3770 ὥσπερ
3268 3704 3298 3753 ὁ
3335 3697 3613 3763 Δεσπότης,

2042 3809 2075 3860 ὁ
2109 3804 2286 3869 τιθεὶς
2315 3802 2429 3870 τὴν
2457 3799 2671 3869 ψυχὴν
2696 3798 2846 3864 ὑπὲρ
2880 3795 2985 3849 τοῦ
3028 3793 3313 3861 ποιμνίου
3345 3792 3392 3823 ⁸ο
3422 3784 3614 3841 αὑτοῦ.

2056 3891 2403 3947 Ἀποστέλλει
2430 3886 2521 3942 οὖν
2552 3889 2595 3919 ⁸¹
2624 3890 2651 3940 6
2684 3884 3065 3956 ἀρχισυὸώτης
3097 3882 3187 3935 τὸν
3236 3881 3422 3934 ἄθλιον
3452 3873 3616 3930 νεανί-

2047 4003 2175 4039 σκον
2216 3984 2432 4053 βόσκειν
2459 3979 2697 4050 χοίρους,
2735 3977 2830 4029 καὶ
2858 3972 2925 4046 ἦν
2956 3976 2984 4027 6
3025 3976 3171 4026 ποτε
3194 3973 3468 4042 εὐδαίμων
3502 3969 3619 4035 ὁμο-

2044 4077 2247 4136 δίαιτος
2279 4072 2389 4125 τῶν
2411 4069 2631 4141 χοίρων,
2669 4067 2864 4120 ἐσθίων
2921 4068 3172 4138 κεράτια.
3216 4063 3473 4117 Τοιοῦτον
3519 4056 3617 4126 γὰρ

2046 4167 2143 4221 καὶ
2181 4164 2484 4237 ὴὰμαρτία
2510 4202 2526 4227 ,
2580 4160 2714 4232 πρὸς
2752 4159 2933 4228 ὀλίγον
2985 4159 3086 4229 μὲν
3133 4158 3320 4226 ἡδεῖα,
3373 4154 3520 4208 οὐδὲν
3565 4148 3615 4200 δὲ

2046 4260 2311 4329 τρόφιμον
2337 4254 2456 4307 οὐδὲ
2490 4254 2758 4323 χρήσιμον
2792 4251 3061 4321 φέρουσα.
3094 4250 3188 4311 Εἰς
3220 4248 3415 4302 ἑαυτὸν
3464 4244 3518 4295 δὲ
3542 4239 3617 4329 ὲλέ

2049 4328 2156 4403 θῶν
2185 4367 2198 4379 ·
2237 4347 2462 4415 καὶγὰρ
2498 4347 2597 4398 οὐκ
2650 4341 2718 4414 ἦν
2752 4342 2973 4405 ἑαυτοῦ,
3008 4342 3222 4403 ἔκδοτος
3257 4336 3496 4408 γεγονὼς
3535 4328 3618 4384 καὶ

356 4434 481 4489 ιηίω
502 4440 897 4508 appellationes
927 4444 1030 4497 sibi
1063 4445 1295 4514 imponit
1321 4466 1334 4502 :
1372 4457 1431 4502 ut
1457 4464 1555 4504 nos
1582 4449 1928 4523 Evangelium

2044 4440 2394 4513 πεπραμένος
2417 4440 2463 4470 ⁸⁸
2491 4438 2605 4500 τοῖς
2632 4436 2829 4490 πάθεσι
2862 4436 2953 4488 καὶ
2976 4434 3085 4486 τῶν
3121 4432 3378 4501 ἐμφύτων
3418 4422 3617 4498 φρενῶν

359 4529 572 4593 doceat,
608 4532 695 4585 sic
725 4542 977 4601 Oportere
1011 4546 1303 4604 peccantes
1356 4539 1658 4606 humiliari,
1689 4552 1742 4596 et
1773 4545 1941 4597 corde

359 4634 421 4672 ac
468 4620 634 4673 verbo
682 4625 910 4677 conteri.
972 4626 1095 4679 Non
1165 4638 1416 4697 Oportere
1466 4633 1846 4700 ptenitentem,
1889 4646 1945 4689 et

359 4709 529 4761 lPeum
564 4709 782 4778 placare
825 4717 1156 4783 studentem,
1216 4720 1339 4775 ﬁxis
1367 4721 1568 4776 coelum
1599 4724 1773 4778 oculis
1798 4725 1943 4793 aspi-

2044 4532 2375 4605 ἐξεστηκὼς.
2409 4530 2575 4604 [1500
2601 4528 2696 4599 R.]
2734 4528 3019 4584 Μισθωτὸν
3067 4527 3124 4579 δὲ
3188 4526 3328 4595 μετὰ
3357 4524 3454 4592 τὴν
3501 4520 3612 4570 ἐπι-

2047 4628 2286 4698 στροφὴν
2337 4628 2432 4679 καὶ
2463 4625 2754 4695 μετάνοιαν
2790 4621 3049 4683 ὀᾶσωτος
3104 4618 3297 4672 ἑαυτὸν
3350 4608 3608 4683 ὀνομάζει,

2045 4724 2138 4777 καὶ
2167 4722 2344 4774 πάντα
2382 4719 2450 4771 τὰ
2480 4718 2577 4786 τῆς
2635 4714 2860 4784 ἀτιμίας
2906 4714 3167 4783 ὀνόματα,
3218 4711 3284 4763 ἵν’
3311 4711 3443 4780 ἡμῖν
3491 4703 3613 4754 ὐπο-

358 4814 485 4852 cere
528 4802 787 4870 parabola
813 4804 1006 4873 docet,
1060 4811 1151 4864 scd
1192 4813 1402 4879 pudore
1432 4815 1600 4870 animi
1634 4821 1928 4873 moestitian

2044 4812 2232 4884 γράψῃ
2253 4812 2297 4842 ⁸³
2326 4813 2354 4863 ὁ
2385 4808 2541 4876 λόγος
2575 4809 2721 4868 ὅπως
2770 4804 2878 4874 χρὴ
2906 4801 3301 4874 μετανοοῦντας
3346 4787 3612 4884 ταπεινοῦ-

358 4898 411 4942 et
442 4889 684 4946 dolorem
718 4892 1048 4963 signiﬁcare.
1075 4898 1206 4954 Vide
1232 4904 1508 4970 quomodo
1537 4905 1629 4959 Dei
1651 4906 1945 4961 bonitatem

359 4981 654 5038 describat.
702 4985 1025 5047 Venicntem
1078 4995 1220 5047 enim
1275 4996 1561 5065 prodigum
1621 5014 1730 5054 non
1782 5000 1945 5054 modo

435 5124 461 5161 ¹³
493 5124 655 5181 Joan.
689 5143 727 5191 ι,
761 5129 815 5187 2.

2049 4878 2179 4958 σθαι.
2204 4878 2296 4956 καὶ
2340 4902 2438 4969 τὴν
2470 4897 2699 4968 καρδίαν
2736 4896 2825 4948 διὰ
2857 4896 2906 4927 ⁸⁵
2956 4895 3063 4947 τῶν
3102 4894 3360 4964 ῥημάτων
3414 4878 3611 4951 συντρίο

2058 4997 2270 5050 ϐεσθαι.
2313 4995 2435 5045 Ὅτι
2470 4990 2546 5060 μὴ
2585 4989 2663 5042 δεῖ
2712 4988 2804 5041 τὸν
2857 4985 3220 5057 μετανοοῦντα
3274 4984 3367 5037 καὶ
3398 4969 3611 5041 ὲξιλεού-

1646 5224 1876 5278 γΑιιιΑε
1917 5223 2316 5280 LECTIONES.

436 5332 480 5363 “
505 5334 616 5408 fer");
665 5336 818 5404 ponit
857 5333 915 5389 Β.
994 5338 1039 5408 Ἀθ
1075 5336 1165 5389 οῦν
1199 5339 1290 5390 καὶ
1326 5338 1387 5390 Α.
1469 5338 1513 5408 Ἷδ
1539 5338 1632 5408 καὶ
1670 5354 1779 5391 om.
1815 5339 1878 5392 A.
1959 5340 2001 5369 ⁷⁷
2024 5338 2343 5392 ἐκδαπανῶν
2376 5338 2433 5389 Β.
2518 5339 2562 5371 ⁷⁸
2595 5338 2938 5407 ποιούμενον.
3018 5336 3522 5408 ⁷⁹ᾼπαραπέμπονῩσο
3555 5322 3607 5377 Β·

366 5400 1187 5480 ποιούμενος-ἶπαραπέμπων
1226 5425 1285 5470 ς.
1363 5409 1410 5438 ³⁰
1440 5406 1537 5477 τὴν
1568 5407 1746 5478 ψυχὴν
1776 5409 1916 5479 ὑπὲρ
1957 5410 2052 5460 τοῦ
2083 5408 2356 5480 ποιμνίου
2499 5426 2516 5480 εΔ
2560 5410 2699 5480 ὑπὲρ
2742 5400 2837 5480 τοῦ
2888 5406 3139 5480 ποιμνίου
3176 5400 3292 5480 ’τὴν
3319 5400 3514 5476 ’ψυχὴν
3554 5408 3607 5457 ς’-

364 5471 407 5503 "
440 5470 541 5544 οῦν
561 5474 607 5525 Α
639 5494 652 5528 :
684 5476 814 5542 γοῦν
836 5470 898 5540 ςξ
972 5470 1446 5548 8ίπεπροιγμένος
1584 5470 1771 5530 ’δέ’ῐνα
1791 5510 1858 5521 —-
1882 5470 2176 5549 ὐπογμάφῃ
2339 5480 2383 5510 ⁸⁸
2408 5478 2520 5551 διὰ]
2558 5480 2653 5532 καὶ
2668 5470 2743 5532 ’ὲκ
2766 5478 2826 5532 Β.
2857 5488 2909 5531 et
2933 5470 3078 5533 corr.
3110 5479 3173 5531 A.

1902 5601 2132 5657 ΝΟΤᾸΞ.

444 5694 557 5765 (16)
585 5695 791 5755 Civitas
817 5699 1021 5754 diaboli
1068 5716 1188 5770 qua:
1223 5709 1277 5755 et
1305 5718 1333 5754 ο
1369 5699 1426 5752 Β.
1463 5702 1771 5771 Augustino
1803 5701 1955 5757 libris
1998 5700 2061 5756 de
2086 5699 2308 5756 civitate
2346 5698 2439 5755 Dei
2476 5698 2663 5766 viginti
2705 5693 3057 5752 describitur.
