3922 6242
245 260 350 325 213

1344 278 1868 345 BIBLIOTHECA.
1908 310 1959 320 -
2001 284 2169 347 COD.
2212 288 2507 349 CCLXXI.

3413 288 3522 356 214

247 389 410 443 μενον
442 375 533 428 τὸν
554 376 695 433 Θεὸν
739 380 861 435 οὐδὲ
889 382 1079 449 ἀτενὲς
1109 386 1329 457 βλέπειν
1358 392 1437 454 είς
1458 393 1551 447 τὸν
1574 394 1822 465 οὐρανὸν,

1940 413 2050 454 non
2095 410 2400 471 aversatur,
2432 416 2534 457 nec
2578 401 2831 473 despicit,
2874 401 2969 459 sed
2996 401 3208 458 obviam
3245 403 3512 472 procedit,

245 466 280 534 ἡ
316 468 598 541 παραϐολὴ
633 471 894 541 διδάσκει,
931 477 1069 531 ἀλλὰ
1104 479 1183 550 τῷ
1210 480 1530 551 έρυθριῶντι
1568 484 1840 556 βλέμματι

245 555 308 647 τὸ
352 562 453 628 τῆς
488 559 668 632 ψυχῆς
706 567 949 636 κατηφὲς
976 568 1071 621 καὶ
1104 571 1554 641 ἀπαρρησίαστον
1587 555 1836 647 μηνύειν.

250 646 397 740 ῖρρα
421 649 477 702 δὲ
523 651 640 715 πῶς
684 656 783 726 τὴν
829 658 924 710 τοῦ
965 658 1102 713 Θεοῦ
1146 661 1440 733 διαγράφει
1494 646 1832 740 ἀγαθότητα.

256 738 589 809 Ἐρχόμενον
622 746 733 818 γὰρ
773 748 864 801 τὸν
893 748 1100 803 ἄσωτον
1133 752 1194 804 οὐ
1229 754 1395 821 μόνον
1426 756 1529 811 οὐκ
1578 738 1835 831 ἀποπέμσ

246 835 569 923 πεταιγούδὲ
611 842 849 909 παρορᾷ,
884 842 1020 897 ἀλλὰ
1057 846 1152 898 καὶ
1186 851 1570 919 προσυπαντᾷ,
1597 852 1691 905 καὶ
1710 852 1836 923 τρέ-

243 937 380 989 χων,
422 922 507 975 ἵνα
537 924 732 980 θᾶττον
768 931 1016 1003 ἀπολάϐῃ
1047 934 1139 987 τὸν
1169 935 1535 1005 πλανηθέντα.
1587 941 1698 995 Καὶ
1732 922 1830 995 πε-

244 1017 483 1083 ριχείται
516 1016 595 1087 τῷ
620 1020 896 1093 τραχήλῳ,
928 1024 1025 1076 καὶ
1086 1027 1500 1095 περιπλέκεται,
1554 1032 1647 1085 καὶ
1670 1034 1830 1106 ἑπιρ-

241 1106 335 1174 ρεῖ
369 1106 625 1179 δάκρυον,
658 1114 755 1165 καὶ
782 1114 1114 1181 ἀσπάζεται,
1147 1117 1247 1187 τῆς
1275 1119 1627 1190 καταλλαγῆς
1654 1123 1830 1188 διδοὺς

238 1194 306 1246 τὸ
342 1195 615 1266 σύμϐολον
642 1204 737 1254 καὶ
763 1204 862 1273 τῆς
892 1206 1200 1277 ἀμνηστίας
1230 1208 1341 1262 τῶν
1365 1210 1747 1280 προλαϐόντων
1772 1213 1833 1266 τὸ

236 1285 521 1356 ἐνέχυρον.
584 1292 751 1362 Στολὴ
797 1294 843 1347 δ’
874 1296 939 1349 ἂν
987 1298 1021 1368 ἡ
1062 1297 1251 1369 πρώτη
1299 1301 1385 1372 είη
1430 1303 1529 1356 οὐκ
1583 1304 1716 1358 αὐτὸ
1770 1306 1832 1358 τὸ

242 1373 538 1448 βάπτισμα
573 1381 670 1449 (ού
705 1383 812 1457 γὰρ
863 1380 975 1439 οἷόν
1011 1405 1071 1441 τε
1122 1380 1310 1461 τυχεῖν
1349 1392 1603 1465 δευτέρου
1641 1396 1831 1465 βαπτί-

248 1469 548 1536 σματος),
593 1471 768 1544 ἀλλ’ἢ
807 1477 997 1548 πρώτη
1054 1480 1212 1551 στολὴ
1258 1483 1351 1536 καὶ
1403 1486 1583 1555 χάρις,
1627 1486 1695 1557 ἢν
1731 1487 1828 1540 ἀπ’

242 1561 434 1631 ἀρχῆς
464 1566 693 1630 ἕκαστος
724 1569 832 1621 τῶν
867 1572 1074 1626 πιστῶν
1107 1574 1350 1627 ἐνδύεται
1377 1576 1467 1630 διὰ
1517 1576 1613 1630 τοῦ
1645 1578 1831 1647 βαπτί-

240 1668 481 1721 σματος.
528 1655 673 1709 Ἀντὶ
702 1659 811 1728 γὰρ
848 1660 949 1730 τῆς
975 1663 1064 1716 διὰ
1094 1664 1190 1717 τοῦ
1223 1664 1449 1735 λουτροῦ
1502 1669 1825 1737 παλιγγενε-

1939 497 1993 544 οι
2026 506 2270 557 currens,
2305 502 2359 547 ut
2381 493 2615 550 celerius
2648 503 2923 549 errantem
2953 495 3200 564 recipiat,
3225 504 3279 549 et
3303 495 3508 549 collum

1937 582 2305 651 amplectitur,
2345 592 2399 638 et
2423 584 2664 654 stringit,
2710 586 3129 655 lacrymansque
3172 585 3422 656 suscipit,
3458 595 3514 640 et

1937 672 2395 729 reconciliationis
2418 674 2556 730 dans
2600 674 2930 745 symbolum,
2971 687 3026 729 et
3083 675 3325 745 priorum
3376 675 3519 730 obli-

1934 760 2116 816 vionis
2168 761 2441 817 factorum
2498 765 2717 835 pignus.
2752 763 2936 819 Prima
2994 764 3177 834 itaque
3254 765 3392 821 stola
3434 772 3522 820 est

1934 865 2045 905 non
2065 851 2239 921 ipsum
2258 852 2526 923 baptisma
2559 858 2689 921 (non
2718 854 2861 908 enim
2889 855 3011 924 quis
3026 855 3323 910 secundum
3341 855 3520 926 bapti-

1937 956 2054 996 sma
2077 951 2254 1009 potest
2288 942 2577 1013 accipere),
2611 943 2703 997 sed
2730 943 2901 1014 gratia
2928 944 3016 998 Dei
3047 959 3210 1013 quam
3240 944 3295 999 in
3332 944 3515 1014 bapti-

1933 1047 2052 1089 sma
2071 1034 2269 1104 singuli
2292 1034 2581 1103 accipiunt.
2603 1033 2734 1088 Nam
2749 1049 2846 1104 pro
2866 1034 3083 1088 lavacro
3096 1033 3521 1104 regenerationis

1934 1126 2269 1197 regeneratin
2292 1127 2451 1181 datur
2467 1142 2497 1180 a
2515 1125 2626 1180 Deo
2636 1142 2733 1197 per
2746 1126 2938 1196 502b
2979 1126 3374 1195 paenitentiam,
3395 1140 3519 1197 quae

1932 1200 2409 1274 maculas'nostras
2452 1217 2706 1288 lacrymis
2734 1217 2947 1281 eluens,
2971 1231 3190 1271 rursum
3211 1216 3447 1272 mundos
3469 1225 3524 1270 et

1930 1326 2096 1381 puros
2136 1310 2331 1365 reddit.
2360 1309 2529 1364 Datur
2574 1309 2800 1379 prodigo
2828 1317 2950 1378 post
2966 1308 3159 1362 stolam
3181 1316 3234 1361 et
3264 1307 3524 1373 annulus,

1931 1404 2143 1473 signum
2165 1404 2516 1473 iutelligibilis
2532 1404 2960 1459 conﬁrmationis
2985 1402 3242 1471 Spiritus.
3268 1401 3337 1455 Ut
3366 1399 3515 1454 enim

1933 1495 1984 1547 in
2006 1492 2410 1561 regeneratione
2430 1506 2525 1561 per
2542 1491 2870 1559 baptismum
2885 1499 2940 1545 et
2954 1489 3091 1545 stola
3113 1497 3166 1543 et
3181 1486 3523 1544 conﬁrmatio

1930 1584 2058 1639 doni
2114 1584 2351 1653 Spiritus
2384 1585 2557 1639 sancti
2611 1584 2776 1637 datur
2799 1623 2814 1647 ,
2839 1582 2919 1638 sic
2942 1590 2996 1635 et
3021 1581 3074 1636 in
3107 1577 3524 1649 regeneratione

1931 1691 2029 1746 per
2051 1676 2449 1746 paenitentiam.
2473 1676 2831 1730 Adducuntur
2855 1683 2910 1729 et
2932 1672 3123 1739 calcei,
3146 1680 3207 1727 ut
3236 1669 3411 1741 possit
3439 1683 3525 1723 ca-

238 1742 373 1805 σίας
398 1746 434 1814 ἠ
458 1745 545 1799 διὰ
593 1750 881 1817 μετανοίας
905 1754 1035 1822 ἡμῖν
1061 1756 1212 1825 παρὰ
1238 1757 1375 1811 Θεοῦ
1413 1759 1679 1831 ἐχαρίσθη
1710 1762 1832 1815 ἁνα-

1939 1742 2353 1838 put'scrpentis
2406 1768 2637 1823 calcare.
2677 1765 2759 1820 Tu
2802 1767 2971 1832 enim,
3025 1764 3223 1834 inquit,
3275 1761 3524 1818 servabis

238 1837 525 1907 γέννησις,
549 1840 671 1910 ἥτις
688 1845 758 1895 τὰ
788 1844 1109 1913 μολύσματα
1153 1848 1308 1917 ἡμῶν
1348 1849 1425 1918 τῷ
1452 1850 1674 1922 δακρύῳ
1704 1853 1841 1906 πλύ-

239 1945 418 1981 νουσα
473 1931 637 1985 πάλιν
692 1934 965 2006 καθαροὺς
1024 1940 1334 2008 ἀποφαίνει,
1396 1943 1608 1997 Δίδοται
1657 1945 1714 1998 δὲ
1763 1947 1843 2018 τῷ

240 2018 453 2090 ἀσώτῳ
516 2023 655 2091 μετὰ
687 2025 787 2095 τὴν
827 2027 1017 2098 στολὴν
1059 2029 1153 2081 καὶ
1208 2029 1525 2097 δακτύλιος,
1574 2032 1840 2102 σύμϐολον

237 2110 351 2179 τῆς
382 2114 581 2184 νοητῆς
645 2118 939 2186 σφραγῖδος
992 2120 1088 2172 τοῦ
1124 2121 1461 2191 Πνεύματος.
1507 2124 1593 2188 Ὦς
1625 2126 1733 2195 γὰρ
1782 2130 1840 2181 ἐν

239 2203 311 2269 τῇ
344 2200 436 2253 διὰ
474 2202 569 2254 τοῦ
599 2202 976 2274 βαπτίσματος
1010 2210 1400 2283 παλιγγενεσία
1426 2215 1520 2266 καὶ
1542 2214 1701 2284 στολὴ
1728 2216 1840 2269 ’καὶ

1944 1869 2107 1929 caput
2167 1859 2306 1929 ejus,
2351 1859 2441 1913 ille
2498 1866 2653 1912 tuum
2712 1857 3052 1912 calcaneum.
3105 1854 3188 1908 Ad
3220 1861 3524 1922 utrumque

1942 1952 2088 2005 enim
2114 1951 2495 2005 calceamenta
2537 1949 2693 2004 utilia
2725 1957 2875 2012 sunt,
2908 1964 3033 2003 cum
3081 1946 3150 2000 ad
3186 1943 3519 2000 conculcan-

1940 2043 2071 2095 dum
2100 2042 2371 2111 serpentis
2388 2050 2574 2111 caput,
2599 2050 2715 2096 tum
2759 2050 2817 2095 ut
2857 2055 2951 2110 pes
2984 2037 3227 2093 laesionis
3257 2033 3516 2105 iniuriam

1940 2128 2182 2199 eﬁ‘ugiat.
2222 2128 2299 2184 Ne
2354 2131 2645 2186 contristet
2691 2131 2860 2200 patris
2905 2138 2958 2184 te
2986 2128 3227 2191 bonitas,
3266 2126 3313 2181 si
3341 2124 3517 2180 ﬁlium

1939 2226 2211 2272 errantem
2261 2218 2549 2288 suscipiat,
2597 2220 2692 2288 qui
2744 2218 3059 2274 misericors
3110 2226 3165 2272 et
3194 2230 3301 2270 non
3338 2213 3520 2283 rigido

242 2292 493 2359 σφραγὶς
547 2293 757 2363 δωρεᾶς
797 2298 845 2329 ⁸⁸
881 2299 1199 2370 Πνεύματος
1235 2303 1415 2371 ἁγίου,
1447 2304 1596 2358 οὕτω
1646 2307 1744 2359 καὶ
1778 2307 1832 2360 ὲν

1939 2307 2165 2377 iudicat,
2196 2309 2289 2362 sed
2326 2309 2559 2378 benigne
2583 2309 2803 2378 accipit.
2837 2308 2903 2362 Et
2933 2308 3051 2363 haec
3085 2305 3232 2377 quod
3260 2314 3414 2376 pater
3446 2302 3521 2363 sit

239 2384 311 2451 τῇ
349 2382 438 2435 διὰ
460 2385 556 2453 τῆς
587 2388 871 2455 μετανοίας
925 2391 1302 2464 ἁναγεννήσει.
1357 2397 1737 2467 Προσφέρεται
1777 2400 1832 2453 δὲ

1940 2400 2088 2462 facit.
2130 2400 2288 2470 quasi
2340 2400 2408 2454 ad
2442 2399 2875 2455 misericordiam
2909 2400 2960 2453 vi
2997 2396 3233 2469 quadam
3267 2393 3519 2450 trahere-

241 2474 343 2525 καὶ
396 2475 744 2547 ὑποδήματα,
778 2481 863 2534 ἵνα
910 2482 1134 2555 θαρρεῖν
1190 2486 1289 2559 ἔχῃ
1316 2489 1363 2519 ⁸⁸
1386 2487 1485 2558 τὴν
1510 2489 1602 2542 τοῦ
1659 2490 1837 2558 θφεως
1942 2497 2051 2546 tur.

240 2574 589 2626 καταπατεῖν
622 2577 882 2649 κεφαλήν.
914 2580 987 2633 Σὺ
1021 2581 1151 2651 γὰρ,
1186 2585 1339 2653 φησὶ,
1373 2586 1633 2655 τηρήσεις
1665 2584 1830 2638 αὑτοῦ
1872 2585 2133 2656 κεφαλὴν,
2203 2586 2453 2650 κάκεῖνος
2513 2587 2740 2657 τηρήσει
2772 2602 2866 2638 σου
2919 2584 3180 2654 πτέρναν.
3208 2580 3350 2651 Πρὸς
3386 2577 3517 2631 ἑκά·

238 2680 404 2734 τερον
438 2662 532 2719 οὖν
564 2669 835 2740 χρήσιμον
864 2672 935 2726 τὰ
962 2675 1308 2746 ὑποδήματα,
1335 2678 1429 2730 καὶ
1459 2682 1539 2741 είς
1568 2679 1629 2731 τὸ
1659 2680 1993 2731 καταπατεῖν
2016 2678 2115 2748 τὴν
2145 2680 2189 2711 ⁸⁷
2207 2679 2301 2733 τοῦ
2328 2680 2507 2749 ὄφεως
2538 2677 2780 2747 κεφαλὴν
2806 2679 2900 2731 καὶ
2961 2677 3041 2739 είς
3092 2674 3153 2726 τὸ
3217 2671 3317 2742 τὴν
3378 2671 3520 2722 ἐκεῖ·

238 2760 341 2814 θεν
377 2762 586 2835 βλάϐην
617 2767 717 2836 τὴν
755 2770 994 2841 πτέρναν
1029 2772 1334 2843 διαφυγεῖν.
1377 2775 1469 2845 Μὴ
1496 2774 1737 2828 λυπείτω
1768 2792 1828 2827 σε
1867 2776 1898 2843 ή
1931 2774 2026 2828 τοῦ
2058 2775 2266 2846 πατρὸς
2306 2775 2611 2845 ἀγαθότης,
2641 2775 2690 2826 εἰ
2725 2772 3046 2843 περιέχεται
3109 2766 3203 2823 τοῦ
3274 2765 3520 2835 δυσπρα-

237 2856 518 2925 γήσαντος
576 2861 785 2925 παιδός.
838 2862 897 2915 '0
955 2866 1122 2919 ἐλεῶν
1167 2868 1227 2921 ού
1260 2868 1466 2932 δικάζει
1499 2870 1637 2939 μετὰ
1668 2866 2136 2939 ἁκριϐείας,ἀλλὰ
2195 2868 2593 2941 φιλανθρώπως
2649 2867 2958 2939 χαρίζεται,
2986 2863 3082 2917 καὶ
3147 2861 3341 2923 ταῦτα.
3394 2859 3521 2913 ὅταν

238 2950 469 3023 ὑπάρχῃ
516 2954 714 3026 πατὴρ,
759 2956 948 3029 ὥσπερ
980 2961 1027 2994 ⁸⁸
1054 2963 1159 3016 τινὶ
1208 2963 1299 3036 βίᾳ
1348 2965 1482 3034 πρὸς
1507 2966 1599 3018 τὸν
1645 2959 1825 3016 οἶκτον
1865 2964 2174 3034 ἑλκόμενος.

241 3061 379 3130 [819
407 3064 621 3136 [1.]Τοῦ
650 3070 838 3145 αὐτοῦ
863 3074 946 3137 είς
971 3075 1085 3145 κτὸν
1110 3074 1336 3128 δοῦλον
1354 3074 1462 3129 τοῦ
1486 3076 1840 3145 ἑκατοντάρ-

567 3154 699 3204 χου,
734 3139 807 3192 ὃν
835 3144 867 3194 ό
894 3144 1110 3219 Κύριος
1130 3145 1556 3212 ἐθεράπευσεν.

315 3224 445 3276 Ὅτι
477 3226 537 3278 ὲν
560 3227 641 3297 τῷ
673 3232 902 3299 παρόντι
936 3233 1079 3304 λόγῳ
1114 3235 1369 3288 ὑπόθεσιν
1396 3238 1486 3287 τὸν
1516 3235 1703 3289 δοῦλον
1733 3237 1833 3291 λα-

237 3313 377 3379 ϐὼν,
412 3318 497 3379 είς
535 3321 860 3387 παραίνεσιν
891 3323 1096 3377 δούλων
1126 3326 1218 3378 καὶ
1263 3326 1539 3380 δεσποτῶν
1582 3327 1643 3380 τὸ
1675 3328 1829 3381 πλεῖ-

238 3421 371 3457 στον
408 3409 513 3476 τῆς
544 3410 781 3480 σπουδῆς
815 3413 1110 3480 ἀποτείνει,
1149 3414 1274 3476 τοὺς
1307 3414 1404 3485 μὲν
1434 3416 1701 3470 νουθετῶν
1731 3418 1827 3470 εὐ-

237 3495 454 3560 πειθῶς
492 3498 588 3551 καὶ
616 3500 819 3563 ἀδόλως
868 3504 1162 3573 ὑπηρετεῖν
1205 3508 1318 3569 τοῖς
1362 3507 1672 3570 δεσπόταις,
1703 3510 1829 3571 τοὺς

235 3589 295 3642 δὲ
329 3589 736 3660 φιλανθρώπως
771 3594 865 3647 καὶ
889 3596 1113 3665 ἡμέρως
1154 3598 1248 3649 καὶ
1283 3598 1361 3661 ὡς
1406 3600 1702 3669 ὁμοφύλοις
1735 3603 1831 3654 καὶ

237 3677 502 3747 ἀδελφοῖς
524 3682 827 3750 προσιέναι.
878 3684 937 3735 '0
966 3685 1127 3748 αὐτὸς
1167 3687 1275 3758 γὰρ
1307 3688 1475 3757 πηλὸς
1502 3691 1705 3760 ἀμφοῖν
1736 3692 1830 3745 καὶ

241 3770 277 3837 ἡ
313 3770 460 3838 αὐτῆ
490 3770 585 3822 τοῦ
618 3771 857 3825 πλάστου
890 3778 1036 3843 χεὶρ,
1068 3777 1158 3829 καὶ
1194 3777 1262 3831 τὰ
1305 3779 1442 3832 αὐτὰ
1474 3779 1609 3849 ἔργα
1642 3799 1701 3833 τε
1730 3800 1831 3850 φυ-

239 3860 380 3913 σικὰ
416 3861 467 3893 ⁸³)
496 3862 592 3914 καὶ
620 3864 765 3935 πάθη
800 3868 895 3919 καὶ
931 3868 993 3920 τὸ
1021 3868 1117 3937 τῆς
1141 3870 1488 3941 κατασκευῆς
1525 3874 1711 3942 σχῆμα
1740 3876 1832 3927 καὶ

238 3952 271 4017 ἡ
310 3950 502 4021 μορφὴ
537 3952 840 4022 θεωρεῖται.
877 3955 956 4007 Δι’
980 3954 1015 4009 ἃ
1039 3956 1335 4027 προσῆκεν,
1381 3962 1428 4011 εἰ
1461 3961 1537 4030 μή
1570 3978 1653 4024 τις
1674 3962 1831 4026 ἄλλος

234 4038 309 4112 ἦν
338 4042 481 4112 μηδὲ
509 4043 672 4111 νόμος
710 4045 873 4111 θεῖος,
907 4048 1031 4118 μηδ’
1054 4048 1293 4118 ἔμφυτος
1319 4050 1453 4121 πρὸς
1483 4052 1542 4104 τὸ
1576 4056 1832 4121 συγγενὲς

236 4136 397 4197 ἔλεος
430 4135 529 4187 καὶ
567 4137 776 4207 ἀγάπη,
813 4139 983 4208 ἐχρῆν
1017 4140 1319 4208 ἀδελφικῶς
1376 4143 1561 4207 αὐτοῖς
1594 4144 1689 4197 καὶ
1723 4165 1830 4199 πα-

236 4226 453 4298 τρικῶς
480 4228 903 4299 προσφέρεσθαι.
936 4232 1043 4284 Καὶ
1070 4235 1183 4296 τοῖς
1237 4236 1442 4304 ἰατροῖς
1465 4236 1521 4289 δὲ
1563 4239 1829 4307 παραίνε-

242 4334 333 4369 σιν
368 4316 780 4387 φιλανθρωπίας
816 4322 1066 4375 ποιεῖται.

315 4409 449 4460 ’Ὁτι
478 4408 712 4479 Σκύθην,
749 4412 905 4480 φησὶ,
956 4412 1151 4466 θᾶττόν
1181 4430 1239 4466 τε
1268 4414 1366 4485 τὴν
1412 4416 1691 4487 Ἑλληνίδα
1725 4436 1829 4488 μα-

242 4499 414 4551 θόντα
462 4494 622 4563 εἶδον,
658 4500 739 4563 είς
771 4503 1071 4571 μειρακίων
1101 4503 1316 4574 ήλικίαν
1369 4505 1495 4574 ἄρτι
1535 4507 1831 4577 παρελθόν-

240 4606 335 4643 ταο
368 4584 493 4643 εἶτα
515 4590 610 4643 τοῦ
640 4590 1000 4662 ὠνησαμένου
1029 4594 1293 4648 δεσπότου
1328 4596 1645 4667 μαθήμασιν
1682 4600 1831 4652 ἐλευ-

243 4680 457 4747 θερίοις
507 4681 674 4733 αὑτὸν
732 4680 1089 4746 ἐκδεδωκότος
1112 4685 1194 4749 ⁸ο,
1252 4685 1505 4737 τοσοῦτον
1552 4688 1829 4741 ἐπιδοῦναι

242 4772 460 4834 τούτοις
500 4774 592 4826 καὶ
616 4774 868 4841 γενέσθαι
927 4776 1069 4828 κατὰ
1126 4776 1301 4829 πολλὰ
1337 4778 1446 4829 τῶν
1489 4780 1829 4849 μαθημάτων

244 4862 578 4932 περιδέξιον,
619 4865 695 4928 ὼς
735 4866 830 4918 καὶ
860 4867 993 4939 παρ’
1052 4868 1278 4939 Ἕλλησι
1347 4872 1445 4923 καὶ
1499 4874 1651 4941 παρὰ
1696 4874 1829 4925 Ῥω-

248 4956 432 5025 μαίοις
462 4954 712 5026 λαμπρὸν
740 4958 995 5026 γενέσθαι
1022 4962 1115 5013 κα¹ι
1142 4961 1489 5031 περιϐόητον,
1519 4963 1705 5033 ἐπειδὴ
1738 4966 1833 5016 καὶ

245 5048 425 5117 νόμων
476 5047 633 5120 ὤφθη
690 5050 1024 5113 διδάσκαλος.
1071 5052 1128 5105 Ὀ
1172 5053 1217 5107 δ’
1272 5053 1623 5125 ὠνησάμενος
1664 5056 1832 5127 Σύρος

247 5133 335 5207 ῆν,
384 5139 718 5210 Ἀντιοχείας
756 5142 982 5213 πολίτης
1034 5144 1130 5196 καὶ
1190 5146 1591 5216 γραμματικῆς
1630 5148 1835 5200 παίδων

249 5233 582 5299 διδάσκαλος.
628 5236 891 5290 Γενέσθαι
942 5238 1000 5291 δὲ
1056 5238 1152 5293 καὶ
1203 5239 1450 5309 μαθητὴν
1496 5242 1688 5295 ἑαυτόν
1729 5259 1835 5310 φη·-

385 5395 520 5451 Luc.
554 5411 654 5462 vn,
685 5396 739 5448 2.

1942 3072 2197 3143 Ejusdem
2247 3077 2303 3128 in
2334 3090 2540 3129 servum
2570 3071 2912 3182 centurionis,
2935 3087 3087 3142 quem
3127 3068 3389 3127 Dominus
3428 3085 3522 3127 sa-

2612 3153 2756 3182 nnml
2821 3179 2833 3182 _

2612 3153 2756 3196 ηαυιι
2792 3153 2833 3194 ι.

2007 3233 2120 3290 llac
2168 3235 2435 3291 concione
2482 3242 2868 3304 argumentum
2913 3248 2943 3288 a
2987 3247 3147 3289 servo
3186 3246 3436 3301 capiens,
3462 3232 3519 3287 in

1933 3327 2215 3381 ltortandis
2249 3328 2423 3383 servis
2455 3342 2519 3383 ac
2558 3326 2798 3383 dominis
2820 3324 3068 3381 desudat.
3126 3324 3254 3380 lllos
3292 3337 3521 3379 monens

1933 3426 1993 3471 ut
2022 3428 2267 3487 prompte
2305 3416 2629 3490 sincereque
2674 3418 2915 3475 dominis
2962 3418 3205 3473 serviant
3240 3435 3255 3472 :
3296 3417 3395 3471 hos
3460 3423 3522 3470 ut

1934 3510 2235 3566 clementer
2276 3513 2624 3582 humanoque
2679 3528 2870 3568 servos
2929 3521 3184 3581 tanquam
3212 3510 3425 3566 sodales
3466 3516 3522 3564 el.

1935 3598 2133 3657 fratres
2184 3611 2441 3658 tractent.
2493 3603 2696 3658 Eadem
2740 3605 2883 3658 enim
2916 3605 3079 3658 ambo
3126 3612 3293 3669 terra,
3325 3603 3517 3658 eadem

1936 3687 2161 3743 artiﬁcis
2204 3689 2394 3744 dextra
2437 3692 2641 3745 conditi
2685 3699 2831 3756 sunt,
2866 3692 3054 3745 eadem
3104 3691 3321 3759 utrique
3351 3704 3519 3759 opera

1938 3787 2165 3845 natura,
2202 3781 2503 3851 eademque
2535 3780 2841 3851 patiuntur,
2880 3788 2935 3834 et
2980 3778 3392 3835 constitutionis
3422 3792 3519 3833 ea—

1934 3870 2056 3924 dem
2083 3870 2258 3926 l‘orma
2288 3881 2340 3928 et
2374 3874 2547 3942 ﬁgura
2586 3872 2642 3927 in
2670 3874 2918 3942 utrisque
2948 3881 3234 3942 apparent.
3262 3871 3520 3937 Quaresi

1938 3962 2083 4017 aliud
2132 3964 2263 4033 quid
2312 3965 2631 4035 praeciperet
2676 3966 2761 4019 lex
2804 3966 3007 4030 divina,
3058 3973 3113 4020 et
3147 3965 3367 4019 innatus
3390 3979 3516 4033 erga

1939 4053 2221 4119 proximos
2263 4071 2437 4120 amor,
2476 4056 2720 4111 fraterno
2752 4058 3094 4126 paternoque
3144 4071 3330 4110 amore
3364 4071 3517 4110 com-

1939 4144 2096 4211 plecti
2146 4144 2267 4200 illos
2309 4157 2604 4215 Oporteret.
2653 4146 2831 4201 Etiam
2881 4147 3123 4201 medicos
3157 4146 3221 4201 ad
3278 4147 3518 4201 clemen-

1938 4234 2066 4288 tiam
2102 4234 2370 4291 hortatur.

2005 4432 2149 4501 Vidi,
2186 4437 2385 4507 inquit,
2454 4437 2710 4509 Scytham
2754 4456 2929 4510 nuper
2973 4441 3399 4496 adolescentiam
3432 4443 3516 4496 iu-

1933 4546 2183 4600 gressum
2236 4531 2473 4588 celerius
2513 4533 2758 4587 Grtecam
2815 4533 3057 4604 linguam
3116 4533 3511 4588 addiscentem.

1935 4621 2141 4677 Deinde
2175 4639 2296 4677 cum
2336 4624 2594 4680 dominus
2638 4624 2961 4681 liberalibus
3010 4625 3162 4679 illum
3200 4623 3397 4680 studiis
3425 4625 3512 4678 in-

1936 4711 2218 4777 formaret,
2240 4724 2452 4768 tantum
2487 4714 2576 4771 ille
2602 4715 2853 4784 profecit,
2882 4727 2937 4771 et
2966 4731 3158 4771 omnes
3183 4725 3329 4771 artes
3360 4715 3516 4770 addi—

1868 4813 1908 4865 υ
1938 4804 2092 4867 dicit.
2128 4814 2186 4859 ut
2212 4816 2266 4859 et
2298 4806 2504 4863 Graecis
2534 4817 2587 4863 et
2617 4809 2881 4862 Romanis
2909 4808 3301 4863 inclaresceret
3334 4826 3347 4861 :
3388 4823 3513 4861 nam
3596 4807 3600 4811 ’

1932 4903 1984 4947 et
2035 4894 2524 4964 jurisprudentiam
2588 4896 2871 4967 professus
2920 4906 3022 4952 est.
3076 4897 3344 4952 Dominus
3388 4913 3516 4951 vero

1933 4987 2025 5054 qui
2058 4998 2267 5043 emerat
2297 4989 2467 5061 Syrus
2492 5000 2629 5057 erat,
2659 4990 2796 5045 civis
2828 4990 3227 5057 Antiochenus;
3259 4990 3353 5060 qui
3377 5001 3429 5043 et
3452 4988 3518 5041 |i~

1934 5074 2094 5130 beros
2133 5078 2550 5143 grammaticam
2595 5078 2841 5133 docebat.
2892 5078 3038 5144 Quin
3068 5078 3233 5133 etiam
3270 5076 3394 5145 pius
3430 5074 3519 5129 hic

1933 5166 2167 5235 scriptor
2200 5168 2451 5225 Asterius
2498 5184 2558 5225 se
2598 5169 2763 5239 hujus
2812 5168 3028 5241 Scytha:
3057 5167 3222 5237 empti
3269 5164 3518 5233 discipu-

1936 5252 2045 5325 lum
2075 5252 2245 5309 fuisse
2298 5256 2605 5325 proﬁtetur,
2662 5257 2753 5311 ubi
2814 5267 2909 5310 aut
2955 5255 3159 5325 quibus
3190 5253 3243 5305 in
3283 5248 3442 5321 503
3480 5265 3514 5302 α

1526 5515 1761 5575 VARle
1813 5518 2218 5581 LECTIONES.

315 5604 360 5637 ⁸⁸
383 5605 595 5676 δωρεᾶς
640 5621 750 5661 om.
796 5607 859 5663 A.

315 5607 360 5637 ⁸⁵
383 5607 595 5676 δωρεᾶς
640 5621 750 5661 om.
796 5607 859 5663 A.
964 5607 1009 5641 ⁸⁸
1036 5607 1134 5682 ἔχῃ
1167 5608 1209 5663 Β
1241 5629 1254 5665 :
1284 5610 1395 5683 ἔχοι
1430 5629 1488 5676 ς.

252 5670 474 5737 δωκότος
504 5675 573 5727 Α.

1588 5612 1635 5645 ⁸⁷
1664 5613 1762 5685 τὴν
1814 5628 1934 5685 post
1972 5619 2032 5671 τὸ
2078 5618 2200 5675 add.
2237 5620 2305 5673 A.

2405 5618 2449 5651 ⁸⁸
2472 5618 2712 5691 ὡσπερεί
2737 5636 2795 5682 ς,
2873 5612 3125 5683 ⁸⁹φυσικά
3145 5629 3201 5665 τε
3223 5630 3284 5678 ς.
3359 5616 3403 5647 ⁹⁰
3434 5611 3509 5669 δε·
