3912 6234
396 278 500 345 215

1545 269 1809 330 ΡΗΟΤΙΙ
1842 270 2345 334 PATRIARCH/E
2380 276 2487 336 CP.

3542 279 3649 344 216

397 386 597 446 studiis
626 400 735 440 non
773 382 1049 453 exprimit.
1087 378 1393 443 Tu‘etiam,
1425 378 1591 442 Deus,
1628 378 1844 444 ;Mosem
1877 392 1961 431 ex-

2080 395 2163 432 σιν
2212 382 2240 433 6
2275 382 2567 452 φιλάρετος
2628 401 2783 449 ουτος
2852 387 3129 460 Ἀστέριος
3181 390 3274 444 τοῦ
3323 392 3644 464 ἀργυρωνή-

397 479 597 544 sulem,
650 477 832 546 populi
856 476 1065 537 [ducem
1102 473 1445 526 constituens
1492 469 1650 535 facis,
1696 485 1806 523 non
1850 468 1964 537 jam

394 570 511 625 Noe
545 584 671 622 arca
706 576 918 620 vectum
955 579 1049 633 per
1079 562 1341 617 mundum
1374 562 1532 630 aquis
1555 562 1838 623 obrutum,
1871 559 1967 613 sed

395 662 692 731 imperiose
743 659 850 726 jam
905 671 1055 710 mare
1106 664 1504 717 transeuntem,
1548 663 1602 706 et
1633 667 1731 720 per
1768 650 1964 704 vadum

394 754 624 823 pedibus
671 749 1067 803 ambulantem.
1119 745 1269 800 Tuus
1313 746 1457 799 filius
1489 742 1792 812 discipulus
1837 740 1967 793 Elite

390 844 643 905 Elizaeus,
676 842 767 909 qui
818 855 1047 909 puerum
1111 836 1472 892 Sunamitidis
1509 850 1538 889 a
1560 834 1794 888 mortuis
1815 832 1965 887 exci-

394 935 546 991 tavit.
580 940 783 1002 etpost
816 940 1044 984 mortem
1071 930 1318 998 reliquiis
1348 928 1656 997 appositum
1690 934 1965 979 mortuum

306 1026 313 1033 ’
392 1025 698 1079 vivificaris.
745 1021 948 1075 Adhmc
982 1034 1109 1074 vero
1158 1019 1279 1073 ﬁdei
1316 1018 1509 1088 gratia,
1546 1026 1804 1085 tanquam
1842 1026 1965 1067 aro-

391 1116 558 1169 matis
591 1113 816 1183 spiritus
846 1111 1076 1175 durans,
1108 1110 1286 1164 fidelis
1327 1108 1639 1177 sepulcrum
1670 1104 1859 1159 sensit.

391 1228 483 1265 τον
516 1213 627 1271 τοῖς
655 1207 924 1275 λειψάνοις
959 1206 1047 1259 τὸν
1080 1204 1455 1274 παρατεθέντα
1485 1201 1678 1272 νεκρὸν
1748 1199 1973 1266 ζωώσας
2011 1217 2024 1230 ·

384 1300 783 1372 παραμείνασα
821 1296 1037 1362 ἐδόξαζε
1066 1296 1160 1349 τοῦ
1191 1296 1382 1350 πιστοῦ
1411 1296 1503 1349 καὶ
1552 1296 1642 1347 τὸν
1668 1293 1857 1361 τάφον.

726 1390 979 1465 Ejusdem
1016 1397 1079 1448 de
1101 1390 1346 1461 jejunio,
1391 1391 1635 1445 Itomilt'a.

462 1487 635 1541 Nemo
660 1528 674 1552 ,
709 1488 799 1556 qui
835 1485 1081 1539 convivia
1110 1493 1347 1539 sectatur
1370 1524 1384 1547 ,
1437 1480 1655 1536 virtutis
1697 1486 1782 1535 est
1810 1476 1973 1533 disci-

392 1580 576 1649 pulus.
621 1578 736 1632 Una
782 1577 1019 1630 ebrietas
1064 1588 1117 1631 et
1156 1586 1370 1646 patrem
1414 1576 1643 1629 honesta
1691 1581 1876 1635 veste,
1917 1578 1974 1624 et

391 1673 562 1727 ﬁlium
596 1673 843 1726 libertate
893 1669 1147 1738 privavit.
1187 1670 1418 1738 Propter
1449 1666 1653 1720 ventris
1699 1662 1971 1732 cupidita-

390 1773 499 1817 tem
532 1761 674 1815 Esau
702 1761 845 1815 lilius
869 1761 1021 1820 [Suae
1046 1762 1303 1815 damnum
1337 1756 1566 1824 accepit.
1591 1752 1814 1807 lnhians
1844 1763 1971 1819 pro-
2004 1782 2045 1836 Β

389 1864 509 1923 pter
539 1853 736 1909 famem
763 1855 899 1925 pulti
926 1895 940 1919 ,
992 1853 1148 1908 fratri
1203 1850 1561 1921 primogenita
1594 1843 1840 1899 vendidit
1868 1883 1883 1907 ,
1913 1849 1967 1894 et

388 1947 517 2001 inde
546 1948 716 2017 patris
749 1948 1181 2005 benedictionem
1219 1961 1328 1999 non
1366 1943 1574 1997 habuit.
1627 1939 1707 1993 Ne
1747 1938 1965 2005 frangas

385 2039 677 2110 jejunium,
707 2056 777 2095 ne
806 2040 949 2110 quod
971 2037 1308 2107 cauponibus
1350 2033 1443 2089 tibi
1471 2032 1697 2087 accidat.
1729 2027 1786 2081 Si
1821 2026 1966 2080 enim

390 2132 518 2203 quia
554 2131 680 2187 vino
710 2147 906 2202 aquam
937 2131 1241 2196 misceant,
1290 2126 1592 2197 puniuntur
1619 2163 1634 2187 ,
1692 2118 1967 2191 quomodo

389 2219 696 2275 austeritati
722 2218 915 2288 jejunii
955 2218 1120 2272 falsas
1158 2217 1451 2271 miscentes
1481 2211 1784 2279 voluptates
1826 2208 1971 2261 cibo-

387 2327 512 2366 rum
545 2326 760 2381 poenam
797 2310 1094 2381 effugient?
1130 2308 1403 2379 fugiamus
1434 2307 1788 2375 voluptatem.
1822 2299 1966 2354 Fieri

390 2404 536 2458 enim
569 2419 675 2457 non
708 2411 884 2474 potest
914 2401 1165 2456 eumdem
1210 2407 1264 2455 et
1309 2398 1477 2453 Deum
1503 2437 1518 2463 ,
1549 2404 1602 2451 et
1634 2395 1966 2462 voluptatem

389 2506 594 2547 amare.
622 2492 966 2563 Assyriorum
998 2492 1124 2545 olim
1155 2506 1268 2555 rex,
1300 2488 1393 2558 qui
1423 2486 1596 2541 ventri
1633 2484 1875 2548 vivebat,
1916 2489 1970 2534 et

387 2580 709 2649 voluptaria:
733 2580 853 2633 vitm
879 2619 893 2643 ,
930 2579 1073 2639 sicut
1102 2577 1203 2632 bos
1242 2575 1491 2646 praesepi,
1524 2574 1798 2644 alligatus.
1835 2568 1969 2622 Tres

386 2670 543 2740 pueri
572 2672 615 2710 ί·
651 2670 837 2727 vinum
878 2669 1155 2741 fugiebant
1191 2668 1396 2722 libandi
1437 2666 1632 2736 gratia,
1676 2672 1731 2718 et
1775 2674 1969 2749 carnes

384 2765 614 2826 propter
651 2757 919 2812 sacrificia
971 2774 985 2811 :
1036 2756 1209 2827 magis
1246 2766 1364 2810 erat
1404 2755 1511 2810 illis
1549 2753 1700 2808 cordi
1744 2751 1888 2805 Deus
1918 2759 1971 2805 et

386 2849 677 2918 pulchrum
711 2849 1022 2919 jejunium‘,
1058 2864 1222 2923 quam
1253 2849 1482 2904 deliciaz.
1514 2846 1589 2905 Da
1617 2860 1778 2901 aures
1810 2859 1969 2900 arca-

387 2953 589 2992 norum
618 2938 881 2995 doctrinae
904 2981 919 3006 ,
966 2949 1022 2994 et
1055 2940 1377 2995 obliviscere
1412 2938 1753 3001 deliciarum,
1788 2945 1848 2993 ut
1874 2951 1971 3006 po-

387 3029 553 3101 pulus
581 3045 812 3099 sequens
828 3030 1108 3087 Christum
1153 3032 1321 3088 verbo
1348 3040 1403 3087 et
1447 3046 1611 3106 opere
1650 3031 1966 3095 docentem,

2073 487 2165 523 του
2194 472 2384 525 τούτου
2418 474 2627 529 Σκύθου
2654 492 2669 510 ·
2702 476 2857 547 [1501
2891 477 2981 551 R.]
3015 480 3117 533 ποῦ
3144 480 3201 533 δὲ
3227 481 3645 553 διατρίϐοντοςῆ

2072 561 2217 625 τίνος
2248 563 2570 634 μαθήματος
2598 568 2658 619 οὐ
2690 568 2859 636 λέγει.
2895 571 2967 623 Σὺ
3025 573 3119 625 καὶ
3154 573 3245 625 τὸν
3301 574 3504 627 Μωσέα
3556 574 3649 625 τὸν

2075 653 2286 719 φυγάδα
2338 655 2573 725 ἄρχοντα
2606 658 2751 711 λαῶν
2782 662 2877 713 καὶ
2930 661 3117 731 δήμων
3147 664 3429 733 ἐποίησας,
3462 663 3647 716 οὐκέτι

2075 741 2213 795 κατὰ
2244 742 2334 795 τὸν
2370 745 2494 798 Νῶε
2525 748 2624 801 ἐπ’
2646 749 2924 818 ὀχήματος
2974 754 3371 823 περαιούμενον
3418 755 3647 822 πελαγι-

2078 832 2271 885 σθέντα
2296 835 2388 888 τὸν
2420 838 2644 908 κόσμον,
2662 840 2794 893 ἀλλὰ
2822 844 3166 907 Δεσποτικῶς
3195 846 3294 914 ἤδη
3325 845 3423 914 τὴν
3446 846 3649 898 θάλασ-

2076 938 2175 975 σαν
2208 924 2475 993 τέμνοντα
2522 930 2617 982 καὶ
2672 929 2971 993 πεζεύοντα
3004 933 3096 985 τὸν
3158 933 3337 1003 βυθόν.
3370 935 3467 995 Σὸς
3519 937 3647 999 παῖς

2075 1016 2169 1068 καὶ
2198 1016 2226 1067 6
2267 1017 2449 1071 Ἠλίου
2516 1021 2766 1093 μαθητὴς
2826 1025 3091 1087 Ἐλισαῖος
3138 1029 3203 1088 θλ,
3255 1030 3283 1080 6
3313 1029 3405 1081 καὶ
3463 1028 3645 1091 ζῶντα

2079 1107 2313 1173 ἀποδοὺς
2342 1110 2432 1163 τὸν
2460 1113 2506 1144 θ’
2536 1114 2702 1166 παῖδα
2733 1118 2797 1186 τῇ
2830 1117 3173 1186 Σωμανίτιδι,
3197 1121 3289 1173 καὶ
3316 1121 3451 1189 μετὰ
3487 1121 3647 1173 θάνα-

2068 1200 2147 1253 ἔτι
2187 1202 2296 1274 γὰρ
2313 1206 2346 1274 η
2363 1205 2460 1275 τῆς
2494 1207 2730 1272 πίστεως
2752 1210 2931 1280 χάρις,
2951 1210 3139 1282 ῶσπερ
3162 1215 3448 1283 ἀρώματος
3488 1216 3626 1287 πνοὴ

2121 1382 2236 1436 Τοῦ
2269 1384 2458 1437 αὐτοῦ
2478 1386 2566 1449 είς
2589 1388 2703 1453 τὴν
2726 1380 3128 1455 παρείσϐασιν
3153 1390 3271 1443 τῶν
3296 1396 3611 1459 νηστειῶν.

2143 1475 2333 1540 Οὐδεὶς
2382 1477 2637 1549 εὐωχίαις
2685 1480 2960 1549 σχολάζων
2988 1483 3191 1553 ἀρετῆς
3222 1485 3488 1556 μαθητής.
3534 1489 3648 1541 Μία

2074 1568 2211 1638 μέθη
2242 1568 2337 1621 καὶ
2362 1567 2455 1621 τὸν
2489 1570 2701 1639 πατέρα
2728 1571 2830 1639 τῆς
2859 1570 3166 1641 εὐπρεποῦς
3187 1574 3397 1641 σκέπης
3434 1577 3529 1628 καὶ
3558 1580 3648 1631 τὸν

2068 1658 2182 1713 υἱὸν
2237 1659 2551 1730 ἐλευθερίας
2616 1661 2951 1730 ἐγύμνωσεν.
2997 1663 3233 1733 Ἐϐλάϐη
3266 1665 3354 1719 διὰ
3403 1670 3648 1739 γαστέρα

2070 1748 2167 1802 καὶ
2199 1749 2227 1800 6
2259 1748 2631 1820 πρεσϐύτερος
2658 1753 2786 1813 παῖς
2806 1751 2900 1804 τοῦ
2928 1752 3111 1807 Ἰσαάκ
3142 1772 3155 1785 ’
3197 1760 3508 1827 περιχανὼν
3540 1762 3647 1830 γὰρ

2069 1843 2156 1896 διὰ
2184 1843 2563 1913 κατασχοῦσαν
2608 1847 2797 1897 πεῖναν
2843 1844 2920 1913 τῷ
2966 1847 3125 1916 φακῷ
3163 1850 3394 1903 ἀπέδοτο
3432 1852 3533 1921 μέν
3566 1854 3635 1904 τὰ

2072 1936 2416 2006 πρωτοτόκια
2459 1935 2536 2004 τῷ
2584 1936 2819 2005 ἀδελφῷ,
2882 1938 3093 1991 ἐκεῖθεν
3123 1940 3179 1991 δέ
3204 1938 3391 1994 λοιπὸν
3425 1943 3519 1993 καὶ
3549 1944 3646 2010 τὴν

2072 2028 2344 2097 πατρικὴν
2375 2028 2622 2095 εὐλογίαν
2661 2029 2899 2099 ἐκλάπη.
2923 2030 3016 2100 Μὴ
3040 2030 3225 2083 νόθευε
3260 2031 3357 2102 τὴν
3372 2034 3647 2102 ζνηστείαν

2071 2118 2158 2171 ἵνα
2191 2117 2265 2190 μὴ
2308 2118 2486 2189 πάθῃς
2518 2120 2588 2172 τὰ
2644 2121 2754 2174 τῶν
2785 2122 3069 2192 καπήλων.
3098 2125 3160 2176 Εἰ
3196 2125 3303 2195 γὰρ
3332 2127 3531 2179 ἐκεῖνοι
3570 2126 3647 2195 τῷ

2070 2210 2197 2278 οἴνῳ
2246 2211 2688 2280 παραμιγνύντες
2746 2211 2890 2283 ὕδωρ
2935 2213 3268 2281 κολάζονται,
3316 2217 3434 2279 πῶς
3479 2218 3530 2270 oi
3569 2218 3649 2288 τῷ

2070 2301 2329 2371 αὐστηρῷ
2351 2303 2450 2372 τῆς
2480 2304 2736 2371 νηστείας
2762 2305 2863 2367 τὰς
2892 2307 3289 2377 σεσοφισμένας
3313 2309 3647 2373 ἀπολαύσεις

2071 2394 2456 2462 ἐπεισάγοντες
2503 2396 2564 2447 τὸ
2609 2396 2957 2468 ἀτιμώρητον
3000 2398 3246 2464 ’ἐξουσιν;
3280 2400 3579 2471 Φεύγωμεν
3605 2404 3649 2433 ⁹³

2070 2487 2170 2556 τὴν
2200 2487 2512 2556 φιληδονίαν
2544 2504 2556 2518 ’
2586 2490 2866 2558 ἀμήχανον
2890 2490 3009 2561 ξγὰρ
3037 2491 3127 2544 τὸν
3166 2493 3329 2546 αὐτὸν
3360 2489 3498 2546 εἶναι
3530 2495 3652 2561 φιλ-

2071 2576 2255 2646 ήδονον
2294 2577 2389 2629 καὶ
2420 2577 2685 2646 φιλόθεον.
2734 2579 2792 2632 ’0
2824 2579 3075 2649 βασιλεύς
3116 2599 3247 2633 ποτε
3298 2582 3405 2634 τῶν
3448 2584 3647 2635 Ἀσσυ-

2073 2666 2204 2735 ρίων
2220 2666 2285 2732 9‘,
2306 2667 2509 2730 ἐκεῖνος
2527 2667 2652 2739 [8‘20
2674 2668 2764 2740 [1.]
2781 2672 2808 2723 6
2826 2670 3001 2723 πάντα
3021 2674 3085 2740 τῇ
3117 2675 3314 2742 γαστρὶ
3334 2674 3443 2736 ζῶν
3461 2674 3555 2725 καὶ
3572 2675 3650 2737 τῷ

2072 2758 2345 2828 τρυφῶντι
2391 2758 2513 2830 βίῳ,
2541 2762 2617 2823 ὡς
2665 2762 2843 2835 φάτνῃ
2885 2762 3031 2831 βοῦς,
3061 2764 3509 2834 προσδεδεμένος.
3538 2761 3650 2818 Ἦν

2071 2847 2129 2901 δὲ
2160 2850 2272 2911 τοῖς
2319 2852 2500 2920 τρισὶν
2536 2852 2700 2920 ἱεροῖς
2753 2853 2909 2906 παισὶ
2940 2855 3033 2907 καὶ
3062 2857 3090 2908 6
3117 2851 3256 2918 οἶνος
3294 2856 3530 2925 φευκτὸς
3562 2856 3653 2910 διὰ

2071 2937 2170 3006 τὴν
2201 2937 2433 3008 σπονδὴν
2455 2940 2547 2991 καὶ
2572 2940 2739 3010 κρέας
2770 2939 2914 2994 ἆπαν
2954 2940 3043 2993 διὰ
3078 2940 3173 3004 τὰς
3206 2940 3415 3004 θυσίας.
3441 2941 3551 2993 Καὶ
3583 2936 3654 3011 ἦν

2072 3026 2253 3090 αὐτοῖς
2278 3028 2370 3081 καὶ
2400 3027 2492 3080 τοῦ
2517 3029 2656 3099 ὑπὲρ
2679 3030 2801 3091 τοὺς
2825 3030 3152 3101 τρυφῶντας
3184 3031 3414 3094 κάλλους
3450 3032 3478 3083 6
3512 3028 3651 3091 Θεὸς

389 3121 482 3189 qui
533 3121 720 3176 relicta
779 3122 1154 3194 improborum
1227 3140 1540 3197 synagoga,
1598 3124 1653 3178 in
1712 3122 1961 3192 templum

2076 3119 2413 3191 ἐπιμελητὴς
2434 3121 2573 3189 καὶὴ
2604 3121 2827 3197 νηστεία
2855 3121 3208 3192 κομμώτρια.
3232 3123 3331 3186 Δὸς
3356 3122 3455 3191 τὴν
3478 3122 3651 3191 ἀκοὴν

388 3212 559 3266 venit.
584 3212 640 3267 Si
666 3212 844 3268 adhuc
870 3212 1117 3269 Judaicis
1140 3216 1393 3285 alligatus
1420 3214 1517 3279 sis,
1546 3214 1678 3283 quid
1708 3213 1804 3267 tibi
1839 3226 1967 3280 pro-

389 3301 512 3357 dest
535 3301 845 3373 jejunium?
873 3318 939 3358 an
965 3304 1072 3358 Nili
1100 3305 1408 3360 crocodilos
1435 3304 1637 3358 imitari
1669 3304 1751 3357 vis
1777 3302 1800 3355 ?
1829 3317 1968 3370 quos

389 3393 546 3457 aiunt
574 3395 749 3465 capita
779 3396 1061 3449 hominum
1091 3437 1105 3463 ,
1148 3402 1577 3465 quos-verarum
1603 3433 1618 3459 ,
1653 3392 1883 3457 deflere,
1916 3401 1970 3445 et

387 3493 738 3547 mortuorum
772 3485 1031 3554 reliquias
1064 3486 1372 3554 deplorare,
1402 3499 1509 3538 non
1544 3483 1670 3537 facti
1700 3482 1969 3551 poeniten—

386 3577 464 3640 tia
497 3576 782 3643 adductos,
819 3577 915 3631 sed
942 3575 1220 3641 dolentes,
1257 3586 1315 3630 ut
1344 3576 1480 3630 mihi
1504 3576 1757 3639 videtur,
1791 3574 1967 3643 ipsum

389 3674 555 3734 caput
580 3680 744 3720 carne
776 3680 997 3731 carere,
1029 3681 1193 3734 quam
1225 3666 1507 3721 devorent.
1538 3665 1813 3733 Jejnnium
1860 3679 1969 3732 pai—

387 3755 631 3826 dagogus
665 3764 747 3810 est
779 3756 929 3811 obesi
971 3757 1209 3829 ventris,
1258 3770 1322 3810 ac
1358 3756 1599 3813 decentis
1631 3753 1969 3809 habitudinis

390 3845 675 3916 magister.
694 3844 907 3900 Chorea
947 3846 1115 3899 animi
1146 3846 1386 3901 laetitiam
1414 3846 1674 3909 declarat,
1704 3853 1759 3900 ct
1787 3844 1969 3900 unius-

389 3936 658 4005 cujusque
682 3935 759 3989 rei
785 3934 1114 3990 excellentes
1142 3943 1269 3990 sunt
1300 3937 1482 4004 figurae
1507 3976 1521 4002 ,
1556 3951 1679 4006 quae
1708 3950 1772 3989 ex
1800 3949 1967 4004 appa-

387 4022 534 4078 renti
598 4022 779 4092 specie
836 4021 1153 4077 interiorem
1220 4021 1413 4101 5036
1471 4025 1669 4078 animae
1720 4023 1967 4077 habitum

387 4115 703 4185 ostendunt.
740 4112 877 4168 Cum
909 4114 1054 4169 enim
1089 4114 1259 4185 legem
1309 4116 1387 4183 a_d‘
1426 4131 1674 4181 normam
1718 4116 1967 4186 vitaejca-

391 4212 570 4281 piens,
603 4221 657 4266 et
687 4210 993 4264 ordinatam
1035 4210 1526 4281 constitutionem},
1551 4211 1746 4266 debeat
1776 4211 1969 4265 timere

391 4312 448 4357 et
480 4317 698 4372 pcenam
723 4317 790 4357 ex
820 4302 1288 4371 prtcvaricatione,
1315 4303 1437 4357 ideo
1461 4303 1600 4357 Deus
1621 4303 1745 4356 vita:
1767 4313 1968 4356 nostra:

390 4402 662 4464 praecepta
698 4392 1009 4456 hominibus
1053 4396 1254 4463 scripta
1299 4395 1554 4460 tradens,
1595 4394 1777 4450 statim
1826 4394 1968 4449 tuba:

2075 3214 2141 3283 τῇ
2202 3211 2434 3281 μαθήσει
2486 3212 2597 3266 τῶν
2649 3214 3066 3283 κεκρυμμένων,
3100 3213 3195 3267 καὶ
3241 3213 3654 3285 ἀμνημονήσεις

2075 3305 2303 3373 τροφῆς,
2333 3302 2409 3363 ὡς
2443 3304 2471 3355 6
2502 3303 2669 3372 δῆμος
2706 3305 2733 3356 6
2765 3304 2842 3373 τῷ
2888 3304 3060 3374 Ἰησοῦ
3095 3305 3357 3375 ἑπόμενος
3380 3304 3523 3373 λόγῳ
3556 3306 3654 3356 καὶ

2077 3391 2223 3461 ἔργῳ
2282 3392 2608 3446 παιδεύοντι.
2661 3393 2988 3447 Καταλιπὼν
3037 3394 3136 3466 τὴν
3186 3394 3504 3465 συναγωγὴν
3541 3394 3653 3446 τῶν

2078 3483 2524 3552 πονηρευομένων
2581 3483 2843 3553 πρόσελθε
2900 3487 2967 3555 τῇ
3032 3486 3330 3556 ἐκκλησίᾳ.
3369 3487 3430 3537 Ei
3466 3485 3512 3538 δ’
3570 3484 3654 3537 ἔτι

2077 3575 2187 3635 τοῖς
2229 3572 2540 3636 Ἰουδαϊκοῖς
2579 3574 2954 3644 προσδέδεσαι,
2988 3575 3042 3627 τί
3078 3592 3158 3629 σοι
3191 3576 3441 3643 βούλεται
3472 3576 3505 3643 ἡ
3553 3592 3653 3643 νη-

2079 3664 2231 3717 στεία
2255 3664 2288 3735 ἢ
2317 3664 2441 3726 τοὺς
2463 3663 2733 3734 Νειλῲους
2756 3666 3127 3736 κροκοδείλους
3151 3668 3433 3737 μιμεῖσθαι
3456 3668 3527 3732 ",
3555 3666 3655 3728 οὓς

2078 3772 2209 3824 φασι
2265 3756 2385 3817 ταῖς
2415 3756 2679 3824 κεφαλαῖς
2714 3756 3024 3827 ἐπιθρηνεῖν
3069 3757 3179 3811 τῶν
3228 3756 3532 3827 ἀνθρώπων
3574 3752 3654 3811 ὧν

2076 3846 2277 3915 ἔφαγον
2307 3848 2400 3901 καὶ⁵
2432 3846 2686 3919 δακρύειν
2714 3850 2806 3901 ἐπὶ
2834 3852 2945 3912 τοῖς
2974 3850 3246 3919 λειψάνοις
3292 3851 3397 3904 τῶν
3431 3850 3611 3918 φόνων
3634 3892 3651 3916 ,

2074 3938 2135 3992 οὐ
2166 3928 2455 4009 μετάνοιαν
2490 3941 2599 3993 τῶν
2635 3943 3018 4011 γεγενημένων
3064 3943 3461 4012 λαμϐάνοντας,
3514 3943 3655 3997 ἀλλὰ

2074 4028 2136 4083 τὸ
2184 4030 2425 4100 ἄσαρκον
2469 4030 2571 4100 τῆς
2614 4031 2874 4101 κεφαλῆς,
2914 4034 3039 4103 ἐμοὶ
3079 4033 3246 4099 δοκεῖ,
3286 4033 3653 4105 ὀδυρομένους

2074 4120 2149 4184 ὡς
2180 4122 2258 4183 εἰς
2296 4120 2499 4193 βρῶσιν
2519 4122 2619 4175 οὐκ
2654 4123 2979 4194 ἐπιτήδειον.
3007 4124 3250 4194 Νηστεία
3287 4125 3384 4196 μὲν
3426 4126 3653 4178 πυκνώ-

2076 4210 2212 4274 σεὼς
2264 4216 2400 4281 ἐστι,
2446 4213 2538 4265 καὶ
2593 4216 2826 4283 κοσμίας
2880 4218 3210 4287 καταστολῆς
3278 4217 3652 4270 ἐπιδείκνυται

2074 4304 2421 4371 παιδαγωγός
2448 4319 2461 4333 ⁸
2525 4306 2716 4375 χορεία
2740 4306 2796 4359 δὲ
2833 4308 2893 4360 τὸ
2930 4308 3325 4378 διακεχυμένον,
3352 4310 3653 4379 ἐρμηνεύει

2073 4397 2173 4466 τῆς
2216 4396 2414 4465 ψυχῆς.
2461 4397 2573 4449 Καὶ
2598 4397 2826 4450 ἑκάστου
2868 4400 3193 4470 πράγματος
3232 4399 3486 4469 ἐξαίρετά
3533 4402 3652 4453 ἐστι

388 4498 581 4540 vocem
629 4484 875 4552 addidit,
924 4485 978 4537 in
1019 4487 1236 4554 signum
1279 4484 1475 4539 futura:
1508 4486 1961 4548 resurrectionis,

2076 4487 2169 4540 καὶ
2206 4487 2275 4539 τὰ
2316 4490 2593 4557 σχήματα,
2639 4490 2705 4542 ἐκ
2737 4489 2833 4557 τῆς
2878 4489 3141 4561 αἰσθητῆς
3177 4491 3499 4558 ἐπιφανείας
3549 4492 3655 4558 τὴν

391 4584 451 4630 ιιι
479 4576 573 4642 qui
602 4586 871 4645 praecepta
901 4576 1227 4642 ediscerent,
1268 4591 1365 4646 per
1391 4577 1849 4639 resurrectionem
1878 4576 1968 4645 ju-

387 4667 593 4723 dicium
621 4669 1044 4739 prospicientes,
1080 4670 1333 4724 mandata
1368 4684 1481 4724 non
1521 4670 1965 4741 transgredienda

387 4761 749 4815 custodirent.

2074 4579 2305 4650 ἀόρατον
2332 4580 2429 4649 τῆς
2458 4579 2633 4650 ψυχῆς
2658 4580 2918 4649 δηλοῦντα
2947 4582 3278 4638 κατάστασιν
3309 4583 3376 4637 ⁸⁸.
3432 4582 3655 4653 Ἐπειδὴ

2073 4672 2180 4741 γὰρ
2211 4672 2239 4723 6
2267 4671 2434 4740 νόμον
2457 4672 2749 4741 λαμϐάνων
2779 4676 2859 4735 εἰς
2884 4673 3079 4726 κανόνα
3102 4673 3217 4743 βίου
3250 4673 3343 4726 καὶ
3387 4672 3655 4726 εὔτακτον

2076 4762 2352 4814 πολιτείαν
2393 4763 2599 4833 ὀφείλει
2640 4765 2938 4827 δεδοικέναι
2984 4766 3075 4817 καὶ
3108 4766 3202 4833 τὴν
3236 4766 3300 4817 ἐκ
3354 4764 3455 4834 τῆς
3509 4780 3656 4833 παρ-

387 4872 425 4907 α
451 4857 558 4925 toﬁ;
587 4852 879 4926 τιμωρίαν,
918 4853 1007 4906 διὰ
1055 4852 1211 4906 τοῦτο
1239 4857 1267 4908 ό
1296 4854 1431 4929 Θεὸς
1460 4854 1529 4907 τά
1549 4853 1647 4924 τῆς
1674 4853 1820 4925 ζωῆς
1842 4857 2001 4926 ἡμῶν
2040 4858 2480 4930 παραγγέλματα
2542 4859 2796 4931 ἐγγραφα
2828 4860 2873 4890 ⁸⁷
2898 4859 3202 4929 ἀνθρώποις
3228 4858 3531 4927 ἐκπέμπων
3561 4858 3654 4909 εύ-

389 4956 487 5021 θὺς
522 4954 826 5027 πρυσέθηκε
868 4953 959 5004 καὶ
988 4952 1087 5021 τὴν
1120 4952 1304 5023 φωνὴν
1334 4952 1433 5022 τῆς
1503 4951 1823 5019 σάλπιγγος,
1880 4952 2149 5024 σύμϐολον
2189 4955 2287 5024 τῆς
2334 4955 2399 5007 ἐκ
2447 4954 2657 5025 νεκρῶν
2710 4933 3104 5017 ἀναστάσεως,⁸
3131 4953 3216 5005 ἵνα
3279 4952 3330 5004 οί
3410 4950 3655 5021 μαθηταὶ

388 5047 497 5107 τῶν
578 5045 1014 5114 προσταγμάτων
1056 5044 1099 5075 ⁹“
1135 5044 1221 5098 διὰ
1291 5046 1387 5115 τῆς
1461 5045 1807 5111 ἀναστάσεως
1844 5044 1939 5114 τὴν
1973 5046 2152 5115 κρίσιν
2173 5046 2573 5116 προϐλέποντες
2633 5045 2940 5115 φυλάξωσιν
2998 5043 3331 5115 ἀπαράϐατα
3383 5044 3482 5114 τῆς
3504 5042 3652 5105 θείας

390 5140 708 5213 νομοθεσίας
744 5142 810 5194 τὰ
837 5141 1102 5211 δόγματα.
1906 5120 1911 5125 λ

468 5308 513 5343 ί’
553 5304 685 5357 Dan.
730 5318 768 5367 ι,
805 5303 889 5357 15.

1678 5420 1914 5475 νΑιιιιΕ
1966 5415 2374 5474 LECTIONES.

453 5584 493 5612 "
537 5582 833 5643 Ἐλισσαῖος
870 5581 931 5632 Α.
1008 5583 1050 5609 ν’
1082 5578 1194 5650 τὸν]
1220 5580 1317 5647 τὴν
1346 5579 1403 5633 Β.
1474 5580 1517 5610 ⁵³³
1544 5577 1816 5646 φεύγομεν
1850 5598 1906 5643 ς.
1979 5585 2023 5611 ⁹¹
2071 5581 2325 5649 ’Ᾱσυρίων
2349 5577 2409 5632 Α.
2487 5577 2530 5609 ³⁸
2557 5575 2904 5646 μιμεῖσθε.Β.
2981 5575 3025 5605 ’⁸
3058 5573 3387 5626 κατάστασιν
3420 5574 3463 5627 Λ
3495 5591 3506 5626 ;
3540 5571 3654 5627 διὰ·

404 5650 551 5706 θεαῖν
593 5669 652 5715 ς.
728 5652 772 5682 ⁸⁷
802 5652 1093 5721 ἐγγράφως
1129 5668 1185 5711 τ.
1228 5650 1273 5680 ⁵³⁸
1302 5650 1765 5721 προσταγμάτων]
1796 5652 2208 5721 πραγμάτωνΑ.
