3922 6242
232 264 343 326 217

413 382 528 437 Τοῦ
559 384 749 439 αὐτοῦ
776 387 864 450 είς
902 384 1009 439 τὸν
1036 384 1104 439 ἐκ
1139 384 1369 451 κοιλίας
1406 386 1662 454 τυφλόν.

308 476 413 546 ῘἹΙ
466 476 702 530 ἐνταῦθα
766 476 859 529 τοῦ
892 478 1169 548 ὀφθαλμοῦ
1235 477 1501 548 ἔκφρασις
1539 477 1631 529 καὶ
1664 478 1696 545 ἡ
1731 476 1826 544 τῆς

233 572 475 633 εἰκόνος,
522 573 557 640 ἢ
589 572 691 640 τῆς
722 572 885 638 άγίας
927 572 1219 641 Εὐφημίας
1256 570 1512 632 εἰκονίζει
1548 570 1644 638 τὴν
1693 586 1824 639 μορ-

236 664 371 732 φὴν,
407 662 606 733 πολλὴν
635 666 715 725 εἰς
742 663 939 726 κάλλος
963 664 1063 733 τὴν
1092 663 1412 731 συγγένειαν
1440 662 1616 731 φέρει,
1642 661 1718 723 ώς
1752 663 1825 732 μὴ

234 754 432 823 ἕτερον
477 756 573 807 καὶ
624 755 814 824 ἓτερον
855 755 968 808 ἀλλ’
1009 755 1170 808 αὑτὸν
1212 755 1256 786 ⁹⁹
1303 750 1442 807 εῖναι
1492 753 1826 823 δημιουργὸν

235 848 513 916 ἑκατέρας
561 849 900 917 ὲκερράσεως.
932 848 1160 902 Εὐσεϐεῖ
1198 848 1254 902 δὲ
1288 849 1537 917 φανερῶς
1562 846 1823 903 ἐνταῦθα,

234 942 487 1011 ἰσότιμον
508 942 581 1011 τῷ
609 944 783 1012 lia-cpi.
815 944 907 995 καὶ
935 942 1257 1011 προαιώνιον
1278 942 1367 994 τὸν
1388 940 1515 992 Υίὸν
1536 937 1823 1006 θεολογῶν,

231 1030 404 1102 [ΙὸΟιί
421 1032 511 1105 R.J
530 1033 668 1085 ὥστε
693 1034 791 1085 οὐκ
817 1032 881 1086 ἂν
908 1034 990 1103 εἴη
1013 1036 1038 1085 ὁ
1076 1033 1353 1103 Ἀρειανὸς
1384 1032 1413 1083 6
1434 1031 1528 1100 τὴν
1558 1032 1822 1099 ἕκφρασιν

227 1123 333 1191 τῆς
360 1124 573 1186 εἰκόνος
595 1123 795 1193 εὐφυΐα
825 1123 1000 1190 λόγων
1028 1121 1359 1193 ὑποϐαλῶ-Λ]
1413 1120 1634 1191 Ἐπειδὴ
1680 1120 1823 1187 λόγῳ

228 1213 623 1280 καταγγέλλων
638 1217 747 1275 τοῖς
766 1215 1037 1277 Ἰουδαίοις
1064 1214 1162 1284 τὴν
1184 1213 1484 1283 ἀλήθειανὸ
1507 1213 1697 1281 Σωτὴρ
1722 1212 1822 1263 οὐκ

225 1304 454 1357 ἔπειθεν
484 1306 749 1371 εὐσεϐεῖν,
792 1306 1080 1376 παρεστὼς
1110 1304 1398 1375 ἀπεκρύϐη
1436 1305 1529 1358 καὶ
1558 1302 1819 1371 φαινόμε-

224 1415 319 1459 νος
348 1398 451 1450 ούκ
482 1398 739 1452 ἐϐλέπετο
780 1402 820 1467 ³,
852 1401 939 1453 ἵνα
968 1402 1032 1452 ἐκ
1064 1400 1163 1469 τῆς
1192 1398 1446 1468 τοιαύτης
1482 1395 1648 1449 αὑτοῦ
1686 1395 1818 1449 θαυ-

227 1491 573 1559 ματουργεας
597 1490 796 1562 ἐλκύσῃ
838 1492 976 1561 πρὸς
1007 1490 1402 1557 συγκατάθεσιν
1431 1487 1525 1541 τοῦ
1576 1488 1656 1539 ὅτι
1723 1486 1818 1539 καὶ

222 1580 361 1642 Θεὸς
397 1582 693 1652 ἐτύγχανεν
724 1585 750 1635 ὀ
782 1584 856 1652 μὴ
883 1583 1237 1652 βλεπόμενος,
1267 1581 1359 1634 καὶ
1395 1581 1494 1634 οὐκ
1520 1580 1677 1642 ἄλλος
1702 1578 1816 1631 ἀλλ’

1406 262 1937 329 BIBLIOTHECA.
1968 287 2039 297 -·-
2068 260 2233 323 COD.
2264 262 2559 323 CCLXXI.

1868 384 1911 439 Α
2260 381 2510 447 Eiusdem
2540 384 2593 437 in
2621 399 2812 440 aecum
2845 404 2875 440 a
2912 390 3207 448 nolit-itala.

3406 275 3511 342 218

2004 478 2128 531 Haec
2169 476 2313 529 oculi
2340 477 2611 530 enarratio
2632 519 2645 540 ,
2679 490 2730 532 et
2752 484 2981 549 species,
3016 501 3137 555 quae
3168 487 3365 548 divinat
3394 494 3507 548 cle-

1928 571 2144 623 mentiae
2172 570 2397 623 termam
2433 571 2703 633 ostendit,
2734 588 2984 643 magnam
3019 576 3349 633 vicinitatem
3383 598 3505 637 cum

1927 663 2335 732 pulchritudine
2370 664 2568 727 habet,
2605 665 2731 733 quia
2784 682 2892 718 non
2930 669 3067 723 alius
3109 680 3163 724 et
3194 672 3364 737 alius,
3411 677 3505 729 sed

1929 756 2067 808 idem
2120 766 2335 810 creator
2378 758 2659 825 utriusque
2700 760 3076 826 explicationis
3108 771 3208 816 est.
3247 763 3375 819 Pius
3402 767 3505 820 hoc

1927 844 2048 898 loco
2074 846 2358 901 manifeste
2387 857 2471 902 est
2498 850 2762 915 aequalem
2799 851 3101 917 praedicans
3134 852 3280 909 Patri
3330 866 3381 910 et
3414 873 3508 912 co-

1924 950 2184 993 :eternum
2222 940 2441 995 Filium.
2476 940 2843 1007 Quamobrem
2870 943 3104 998 Arianus
3150 962 3255 999 non
3293 948 3382 1009 sit,
3413 951 3503 1018 qui

1930 1034 2348 1102 explicationem
2386 1034 2571 1103 figum
2594 1037 2881 1089 verborum
2918 1038 3195 1107 elegantia:
3225 1042 3500 1107 subjiciat.

1923 1126 2058 1177 (Iunt
2095 1123 2344 1179 Salvator
2367 1127 2649 1181 veritatem
2679 1127 2877 1183 Judaeis
2907 1130 3218 1197 enuntians,
3248 1133 3501 1201 pietatem

1924 1231 2027 1268 non
2056 1218 2364 1284 persuasit,
2410 1233 2655 1286 praesens
2695 1220 3002 1275 occultatus
3050 1231 3204 1287 erat,
3260 1235 3313 1275 et
3342 1240 3502 1291 appa-

1922 1321 2049 1361 rens
2086 1323 2196 1361 non
2228 1308 2515 1363 videbatur
2538 1347 2554 1372 ,
2604 1319 2659 1363 ut
2705 1311 2788 1364 his
2832 1312 3110 1366 miraculis
3146 1314 3381 1368 traheret
3409 1313 3505 1368 Ju-

1923 1398 2070 1452 daeos
2115 1406 2175 1452 ut
2218 1393 2582 1454 concederent
2622 1400 2772 1455 illum
2816 1402 2984 1456 Deum
3043 1419 3164 1458 esse
3220 1422 3342 1460 eum
3396 1422 3501 1459 non

1919 1488 2197 1543 videretur
2220 1530 2233 1553 ,
2288 1498 2342 1543 et
2373 1506 2478 1543 non
2511 1492 2676 1544 alium
2709 1536 2722 1557 ,
2777 1494 2867 1546 sed
2912 1510 3035 1547 eum
3076 1496 3167 1564 qui
3200 1512 3324 1550 cum
3357 1498 3503 1551 Mose

1925 1596 2195 1650 apparens
2222 1583 2436 1637 locutus
2465 1594 2565 1637 est.
2598 1582 2895 1638 Videbatur
2923 1588 3066 1638 enim
3105 1598 3234 1642 tunc
3270 1590 3408 1658 ignis
3447 1600 3500 1642 et

220 1674 251 1724 6
312 1674 453 1744 πρὸς
507 1674 749 1744 Μωῦσῆν
796 1676 817 1705 ⁸
863 1674 1040 1727 λαλῶν
1122 1675 1216 1727 καὶ
1275 1674 1349 1744 μὴ
1398 1675 1418 1705 ³
1471 1672 1794 1740 φαινόμενος

1926 1674 2097 1728 rubus
2127 1715 2142 1739 ,
2193 1684 2247 1728 et
2280 1690 2386 1728 non
2435 1676 2818 1743 loquebantur.
2854 1688 3229 1731 verumtamen
3267 1696 3365 1734 vox
3399 1698 3498 1735 au-

234 1764 485 1835 'iiwp:iito
523 1767 631 1837 γὰρ
687 1768 779 1821 καὶ
836 1768 955 1820 τότε
991 1767 1102 1837 πῦρ
1136 1767 1229 1819 καὶ
1286 1766 1479 1835 βάτος,
1529 1764 1813 1834 ἀμφότερα

218 1858 458 1923 ἄξωναο
513 1860 629 1912 ἀλλ’
675 1862 825 1930 ὅμως
876 1862 969 1914 καὶ
1021 1862 1172 1930 φωνὴ
1221 1859 1453 1928 ἠκούετο
1504 1859 1598 1910 καὶ
1654 1857 1812 1922 λόγος

220 1950 480 2003 ἐπαίδευε
550 1952 645 2005 καὶ
703 1953 962 2021 ἀσφαλῶς
1015 1953 1075 2004 τὸ
1125 1952 1316 2022 μέλλον
1377 1949 1805 2019 προηγορεύετο.

220 2045 333 2096 Καὶ
361 2044 468 2114 χρὴ
502 2044 628 2107 τοὺς
666 2044 792 2097 νοῦν
826 2046 1047 2115 ἔχοντας
1090 2047 1153 2098 ἐκ
1206 2045 1304 2113 τῆς
1349 2044 1671 2111 συγγενείας
1699 2041 1808 2094 τῶν

218 2136 571 2204 πραγμάτων
595 2136 858 2207 γνωρίσαι
911 2136 971 2189 τὺ
1023 2137 1337 2205 πρόσωπον.
1377 2136 1725 2203 Θεασάμενος
1749 2133 1806 2185 δὲ

216 2227 310 2279 τὸν
355 2228 561 2295 τυφλὸν
589 2228 617 2281 6
648 2229 838 2299 Σωτὴρ
868 2228 1021 2298 ἔστη,
1054 2230 1147 2281 καὶ
1182 2228 1319 2297 πρὸς
1356 2228 1455 2297 τὴν
1510 2226 1806 2295 θεραπείαν

214 2320 437 2388 ἕτοιμος
467 2316 556 2391 ἦν,
587 2320 883 2392 θεραπείαν
910 2322 1253 2390 ἀνθρωπίνης
1281 2321 1471 2385 σοφίας
1500 2319 1594 2373 καὶ
1614 2319 1807 2388 τέχνης

216 2412 529 2479 κρείττονα.
548 2413 784 2484 ’ἰατρικὴ
810 2412 907 2483 μὲν
932 2412 1038 2482 γὰρ
1062 2413 1156 2464 καὶ
1178 2414 1204 2464 6
1229 2411 1348 2464 κατ’
1372 2411 1540 2481 αὐτὴν
1560 2408 1678 2481 [821
1710 2406 1803 2479 Η]

213 2504 375 2570 λόγος
400 2504 629 2567 ἐκείνοις
666 2486 775 2557 τῶν
816 2506 1141 2574 νοσημάτων
1189 2503 1468 2557 ἐπιϐάλλει
1522 2504 1619 2572 τὴν
1674 2500 1808 2553 θεω-

216 2596 363 2665 ρίαν,
392 2597 495 2649 ὅσα
530 2597 628 2665 τῆς
661 2596 878 2664 φύσεως
909 2597 1293 2665 ἀπαρτισάσης
1326 2596 1390 2647 τὸ
1433 2595 1572 2660 ζῶον
1605 2594 1697 2648 καὶ
1726 2595 1806 2657 εἰς

212 2688 331 2756 φῶς
396 2688 827 2758 προαγαγούσης
880 2689 1093 2759 χρόνοις
1174 2688 1401 2759 ὕστερον
1458 2688 1602 2740 κατά
1653 2701 1802 2748 τινας

210 2781 573 2850 περιστάσεις
604 2782 1035 2853 Ιὲπισυμϐαίνει,
1071 2782 1171 2850 τῆς
1211 2781 1268 2833 δὲ
1318 2779 1698 2849 συντεχθείσης
1727 2778 1806 2849 τῷ

213 2870 434 2940 σώματι
482 2871 666 2944 λώϐης
702 2874 802 2925 οὐκ
856 2872 1251 2940 ἐπαγγέλλεται
1314 2871 1634 2941 θεραπείαν,
1690 2866 1804 2921 ἀλλ’

206 2965 327 3016 οὐδὲ
350 2964 574 3017 πάντων
621 2966 811 3017 παθῶν
842 2965 950 3017 τῶν
976 2967 1054 3027 είς
1079 2965 1204 3017 ὖστε
1216 2983 1305 3035 ρον
1348 2964 1754 3033 συμϐαινόντων
1783 2978 1800 2995 ο

206 3055 331 3109 οὔτε
382 3057 494 3127 γὰρ
522 3056 1067 3127 ἠκρωτηριασμένας
1088 3057 1110 3088 ⁸
1147 3058 1284 3127 μέλη
1329 3056 1659 3122 ἀνεσώσατο,
1683 3057 1795 3111 οὔτ’

206 3149 336 3202 ἄλλο
367 3149 823 3220 τιπαραπλήσιον
859 3149 1183 3218 θεραπεύειν
1216 3152 1553 3218 ἀναδέχεται.
1601 3152 1797 3223 Διόπερ

205 3240 253 3291 οἱ
311 3239 557 3309 μαθηταὶ
579 3240 639 3291 τὸ
678 3240 848 3302 πάθος
889 3242 1333 3312 κατελεήσαντες,
1378 3245 1472 3295 καὶ
1508 3243 1798 3313 βλέποντες

204 3329 495 3401 ἄνθρωπον
522 3332 621 3401 τῆς
652 3332 942 3401 καλλίστης
971 3334 1163 3403 ἡδονῆς
1193 3334 1283 3385 τοῦ
1327 3336 1503 3402 φωτὸς
1535 3336 1610 3406 μὴ
1665 3352 1793 3404 γευ-

206 3420 465 3490 σάμενον,
494 3423 591 3488 τὴν
625 3424 805 3476 αἰτίαν
837 3424 1215 3478 ἐπυνθάνοντο.
1262 3425 1401 3477 Ἀλλ’
1440 3427 1540 3478 οὐκ
1574 3428 1824 3498 ἐπιστη-.

208 3514 389 3581 μόνως
441 3515 721 3583 προσῆγον
764 3515 862 3585 τὴν
897 3514 1165 3584 ἐρώτησιν
1194 3533 1207 3546 ·
1247 3515 1369 3568 οὔτε
1412 3518 1519 3585 γάρ
1550 3517 1613 3570 ἂν
1654 3519 1796 3589 ὑπὲρ

202 3603 312 3657 τῶν
342 3604 599 3675 πατέρων
619 3645 633 3671 ,
681 3605 893 3669 οὐδενὸς
937 3606 1012 3659 ὢν
1059 3606 1265 3677 ἔνοχος,
1299 3610 1327 3661 ὁ
1359 3612 1491 3672 παῖς
1519 3611 1795 3678 κατεγνώ-

206 3696 332 3765 σθη,
354 3696 480 3750 οὔτε
512 3697 618 3768 μὴν
639 3698 783 3751 ἰδίων
808 3699 1296 3770 πλημμελημάτων
1326 3702 1352 3752 6
1390 3703 1557 3771 μήπω
1593 3704 1791 3774 προελ-

205 3788 313 3843 θὼν
343 3792 427 3854 είς
470 3792 562 3843 τὸν
606 3792 721 3862 βίον
762 3794 987 3846 ἀπέτισε
1022 3794 1200 3858 δίκας.
1243 3796 1315 3848 Τὸ
1346 3797 1537 3859 πάθος,
1570 3798 1735 3867 φησὶν
1766 3801 1793 3851 6

201 3882 461 3952 Χριστὸς,
490 3883 583 3935 τοῦ
615 3882 817 3950 τυφλοῦ
849 3885 944 3954 οὐχ
976 3886 1388 3956 ἁμαρτημάτων
1416 3888 1563 3940 ἐστὶν
1589 3888 1793 3941 ἀντίδο-

204 3990 305 4038 σις,
363 3974 482 4027 ἀλλ’
539 3975 823 4045 ὲτοιμασία
881 3977 1182 4047 μελλούσης
1223 3980 1535 4049 οἰκονομίας
1565 3979 1701 4033 ἄλλα
1736 4002 1789 4035 τε

200 4065 663 4138 διαπραττούσης,
702 4070 795 4122 καὶ
840 4071 987 4133 ὅπως
1022 4072 1049 4122 6
1098 4070 1339 4140 Κτίστης
1365 4071 1472 4123 τῶν
1497 4073 1629 4124 ὅλων
1658 4090 1757 4140 μετ

199 4158 297 4227 τὴν
330 4156 563 4228 πρώτην
592 4159 809 4229 ποίησιν
842 4160 975 4232 εὕρῃ
1010 4165 1101 4215 καὶ
1133 4162 1227 4215 νῦν
1252 4161 1347 4215 τοῦ
1376 4165 1395 4195 ³
1436 4162 1789 4232 δημιουργεῑι

196 4250 478 4320 ἀφορμὰς,
514 4252 579 4303 ὲκ
600 4250 655 4303 δὲ
691 4252 800 4305 τῶν
833 4253 1071 4322 μερικῶν
1098 4255 1189 4306 καὶ
1217 4254 1284 4306 τά
1322 4254 1554 4307 καθόλου
1588 4252 1791 4307 πιστώ-

1919 1765 2214 1831 diebatur,
2267 1778 2318 1819 et
2359 1766 2583 1819 verbum
2628 1768 2881 1820 monebat
2910 1809 2923 1831 ,
2978 1778 3032 1821 ct
3079 1769 3260 1823 futura
3311 1787 3501 1825 secure

1920 1857 2315 1911 denuntiabat:
2375 1867 2428 1912 et
2478 1867 2693 1927 oportet
2728 1860 2972 1913 homines
3022 1872 3200 1914 mente
3247 1864 3499 1931 prreditm

1914 1965 1979 2003 ex
2030 1947 2130 2002 hac
2180 1964 2357 2002 rerum
2414 1950 2726 2019 cognitione
2754 1950 2943 2003 faciem
2977 1967 3326 2021 cognoscere.
3382 1953 3500 2007 Sal-

1915 2050 2075 2096 vator
2130 2057 2260 2095 vero
2316 2042 2508 2096 videns
2559 2057 2758 2096 caecum
2798 2044 2968 2107 stetit,
3002 2051 3053 2096 et
3090 2045 3154 2097 ad
3194 2046 3496 2098 sanandum

1912 2141 2136 2203 paratus
2186 2132 2287 2185 fuit
2331 2139 2447 2186 arte
2495 2133 2677 2187 divina
2717 2148 2879 2201 supra
2928 2135 3207 2188 hominum
3249 2147 3492 2205 captum-

1916 2224 2181 2279 Medicina
2222 2226 2365 2278 enim
2402 2232 2454 2277 et
2486 2240 2667 2280 sermo
2690 2264 2706 2289 ,
2736 2225 2803 2279 de
2831 2227 3019 2280 eadem
3066 2227 3179 2296 ipsa
3223 2246 3280 2282 re
3316 2232 3497 2284 consi-

1918 2318 2259 2372 derationem
2302 2317 2620 2371 morborum
2657 2318 2766 2372 illis
2809 2322 3091 2389 proponit,
3132 2324 3223 2390 qui
3274 2324 3494 2387 morbi,

1921 2416 2213 2479 postquam
2248 2420 2443 2464 natura
2486 2408 2674 2463 foetum
2709 2408 3056 2476 formaverit,
3110 2413 3162 2466 in
3210 2414 3495 2483 lucemque

1914 2501 2272 2571 produxerit,
2331 2516 2461 2554 casu
2503 2501 2685 2569 aliquo
2727 2502 2945 2554 evenire
2994 2503 3217 2569 solent,
3261 2505 3354 2558 sed
3399 2506 3491 2573 qui

1919 2595 2135 2664 corpori
2165 2596 2541 2649 adnascuntur
2573 2593 2708 2646 naevi
2736 2631 2751 2657 ,
2807 2607 2993 2646 eorum
3027 2595 3351 2649 medicinam
3384 2611 3492 2649 non

1913 2688 2151 2743 ostendit
2182 2728 2197 2752 ,
2238 2702 2413 2757 neque
2444 2701 2687 2741 omnium
2716 2687 2807 2756 qui
2845 2694 2967 2756 post
3005 2687 3341 2755 contingunt.
3384 2686 3492 2742 Ne-

1914 2797 2022 2852 que
2067 2780 2210 2835 enim
2261 2779 2496 2834 mutilati
2534 2779 2779 2847 corporis
2834 2778 3077 2832 membra
3131 2786 3328 2843 sanat,
3391 2794 3493 2831 nec

1916 2874 2064 2929 aliud
2104 2874 2234 2945 quid
2266 2874 2445 2929 simile
2465 2873 2769 2927 curandum
2800 2872 3049 2940 suscipit.
3091 2872 3268 2937 Quare
3333 2871 3495 2925 disci-

1912 2966 2023 3035 puli
2067 2964 2547 3019 commiseratione
2592 2964 2761 3029 moli,
2810 2972 2865 3017 et
2916 2963 3163 3017 videntes
3214 2963 3488 3017 hominem

1910 3059 2275 3130 pulcherrima
2309 3056 2505 3128 504a
2547 3058 2669 3111 luce
2694 3072 2801 3110 non
2854 3055 3180 3126 perfruitum
3205 3096 3220 3121 ,
3263 3072 3487 3110 causam

1902 3168 2187 3225 rogarunt,
2219 3170 2317 3209 nec
2349 3153 2643 3222 prudenter
2669 3152 3096 3219 interrogarunt.
3126 3150 3309 3217 Neque
3338 3151 3483 3201 enim

1904 3264 2001 3319 pro
2033 3248 2282 3318 patribus
2320 3246 2526 3300 nullius
2562 3243 2735 3311 culpa:
2762 3257 2888 3295 reus
2918 3240 3061 3292 ﬁlius
3091 3240 3487 3293 condemnatus

1902 3350 1987 3397 est
2008 3382 2023 3403 ,
2053 3356 2154 3395 nec
2182 3354 2407 3394 suorum
2434 3344 2781 3407 peccatorum
2804 3374 2819 3398 ,
2850 3333 3169 3403 priusquam
3218 3331 3270 3383 in
3308 3331 3484 3383 lucem

1903 3436 2132 3506 prodeat
2161 3473 2176 3498 ,
2214 3446 2405 3503 pinnas
2431 3430 2599 3485 dedit.
2636 3428 2863 3483 Caecitas
2886 3466 2904 3493 ,
2958 3425 3340 3489 aitChristus,
3374 3439 3484 3477 non

1899 3537 2125 3596 propter
2160 3531 2381 3593 peccata
2426 3520 2655 3584 accidit,
2704 3520 2797 3573 sed
2853 3516 3182 3587 praeparatio
3224 3526 3307 3569 est
3351 3514 3487 3568 alte-

1899 3619 2014 3672 rius
2047 3616 2477 3686 dispensationis
2519 3615 2629 3668 alio
2681 3612 2994 3676 tendentis,
3051 3621 3215 3679 utque
3259 3609 3487 3662 Crcator

1898 3711 2281 3765 universorum
2330 3718 2457 3779 post
2490 3708 2721 3777 primam
2749 3705 3089 3759 creationem
3141 3701 3388 3755 inveniat
3431 3710 3487 3755 et

1892 3800 2003 3867 jam
2042 3800 2388 3855 occasionem
2422 3796 2682 3861 creandi,
2734 3804 2899 3865 atque
2940 3792 3172 3867 singulis
3223 3791 3481 3845 universa

1898 3886 2209 3942 conﬁrmet.
2245 3885 2460 3939 Partem
2488 3884 2762 3949 hominis,
2820 3891 2873 3936 et
2921 3890 3129 3950 partem
3177 3878 3487 3949 pulcherri-

1898 3995 2044 4035 mam
2091 3993 2199 4033 non
2234 3977 2359 4032 fecit
2393 3976 2555 4040 alius,
2601 3975 2707 4029 nisi
2740 3975 2831 4044 qui
2874 3973 3037 4043 primi
3079 3972 3217 4026 initii
3268 3971 3486 4040 generis

1895 4071 2229 4128 creationem
2260 4068 2676 4125 demonstravit.
2719 4068 2775 4121 In
2825 4067 2986 4120 oculo
3016 4065 3199 4134 exigui
3227 4062 3483 4121 membri.

1894 4174 1949 4220 et
1975 4166 2151 4237 partis
2178 4163 2693 4230 circumscriptione
2722 4200 2735 4223 ,
2771 4158 3198 4229 omnipotentem
3247 4157 3484 4209 variam-

1895 4275 2001 4330 que
2030 4258 2124 4314 Dei
2150 4256 2475 4328 sapientiam
2504 4256 2628 4309 licet
2654 4253 2858 4315 videre,
2893 4253 2946 4305 in
2975 4266 3082 4321 qua
3108 4259 3315 4303 tantum
3350 4250 3484 4302 artis

196 4359 383 4413 σηται.
461 4343 771 4412 Ἀνθρώπου
820 4346 1008 4416 μέρος,
1042 4348 1134 4398 καὶ
1168 4347 1332 4416 μέρος
1364 4346 1423 4399 τὸ
1473 4346 1778 4409 κάλλιστον,

1909 4352 2219 4408 istenditur.
2275 4348 2521 4402 Primum
2558 4346 2775 4420 quidem
2816 4352 3076 4399 venustas
3111 4342 3357 4412 quaedam
3408 4342 3483 4394 illi

194 4439 292 4490 οὐκ
351 4438 422 4491 ἂν
472 4438 727 4508 ἐποίησεν
776 4438 961 4501 ἄλλος,
1029 4440 1076 4491 εἰ
1111 4442 1183 4509 μή
1237 4456 1301 4508 γε
1344 4441 1372 4492 ό
1403 4440 1501 4509 τῆς
1560 4440 1781 4512 πρώτης

192 4531 376 4604 ἀρχῆς
407 4530 504 4584 τοῦ
558 4532 752 4599 γένους
789 4531 886 4603 τὴν
916 4532 1278 4602 δημιουργίαν
1318 4531 1779 4601 ἐπιδεδειγμένος.

204 4622 292 4676 Ἐν
333 4622 401 4696 δὴ
444 4621 525 4691 τῷ
570 4621 831 4699 ὀφθαλμῷ
878 4622 1073 4694 μικροῦ
1130 4624 1151 4653 ⁸
1208 4621 1399 4693 μορίου
1450 4622 1542 4675 καὶ
1589 4623 1784 4692 μέλους

193 4714 647 4785 περιγραφῇέτὴν
678 4714 1084 4784 παντοδύναμον
1115 4715 1206 4766 καὶ
1233 4713 1485 4784 ποικίλην
1508 4713 1601 4767 τοῦ
1646 4714 1781 4767 Θεοῦ

196 4808 391 4875 σοςρίαν
441 4807 558 4859 ἐστι
625 4807 978 4878 κατόψεσθαι,
1032 4810 1304 4878 τοσαύτην
1370 4806 1781 4875 ἐπιδειξαμένου

193 4897 287 4967 τὴν
320 4898 644 4973 φιλοτιμίαν
674 4899 770 4968 τῆς
802 4900 1017 4969 τέχνης.
1074 4900 1297 4969 Πρῶτον
1337 4899 1435 4968 μὲν
1473 4898 1583 4969 γὰρ
1633 4897 1784 4968 αὐτῷ

194 4988 355 5060 χάρις
382 5006 465 5051 τις
496 4989 838 5059 ἐπικέχυται,
874 4991 970 5044 καὶ
1020 4990 1169 5043 ἐστιν
1213 4990 1573 5053 ἁπαλώτατος
1596 5010 1656 5045 τε
1690 4994 1784 5046 καὶ

196 5079 457 5151 ἄσαρκος,
493 5081 569 5144 ώς
590 5081 656 5134 ἂν
684 5082 825 5135 εἴποι
856 5101 962 5145 τις,
994 5084 1052 5136 ὲν
1088 5083 1166 5154 τῷ
1190 5083 1449 5154 τρυφερῷ
1481 5082 1542 5136 τὸ
1565 5085 1785 5156 στερεὸν

196 5168 331 5237 ἔχων
391 5171 489 5223 καὶ
554 5171 613 5222 ἐν
663 5170 741 5241 τῷ
798 5171 1027 5243 μαλακῷ
1074 5173 1134 5225 τὸ
1199 5174 1584 5245 διατεταμένον
1616 5191 1630 5205 ⁸
1696 5197 1727 5230 γ

198 5260 472 5324 ποικίλαις
517 5262 822 5333 διήνθισται
861 5267 983 5327 ταῖς
1032 5266 1242 5334 χρόαις.
1311 5266 1384 5318 Τὸ
1422 5267 1553 5334 γοῦν
1613 5269 1717 5337 μέτ

196 5353 357 5406 αὑτοῦ
379 5355 485 5424 τὴν
518 5357 872 5427 περιγραφὴν
898 5356 1011 5426 ἔχει
1040 5357 1134 5410 τοῦ
1160 5358 1414 5427 μέλανος,
1451 5361 1545 5413 καὶ
1578 5361 1780 5428 ταύτην

1888 4442 2059 4498 indita
2089 4482 2104 4506 ,
2129 4454 2181 4496 et
2207 4440 2567 4494 mollissimus
2601 4445 2718 4503 est,
2746 4445 2801 4490 et
2830 4436 2948 4490 sine
2978 4449 3146 4488 carne
3173 4453 3185 4487 :
3235 4440 3289 4487 et
3324 4441 3382 4486 ut
3409 4431 3481 4486 ita

1886 4534 2088 4594 dicam,
2121 4532 2173 4585 in
2203 4530 2440 4585 delicato
2473 4530 2719 4583 membro
2752 4525 2997 4581 soliditas
3027 4533 3132 4589 est,
3166 4532 3221 4578 et
3249 4524 3304 4576 in
3333 4524 3479 4577 molli

1887 4627 2023 4682 ordo
2052 4626 2223 4680 variis
2251 4623 2527 4679 coloribus
2552 4618 2904 4688 distinguitur
2935 4657 2948 4670 .
2974 4615 3148 4671 Media
3179 4617 3323 4670 enim
3360 4630 3485 4684 pars

1888 4721 2041 4791 nigra
2069 4729 2192 4785 est,
2230 4730 2283 4773 et
2307 4718 2395 4771 illa
2423 4732 2531 4771 non
2562 4724 2671 4769 tota
2704 4712 2866 4767 unius
2902 4708 3142 4780 speciei,
3178 4707 3273 4762 sed
3310 4705 3483 4761 variis

1888 4810 2112 4866 circulis
2158 4809 2414 4879 colligata
2459 4814 2562 4861 est.
2608 4802 2845 4857 Medium
2892 4802 3070 4869 ipsum
3124 4804 3179 4852 et
3232 4807 3480 4851 centrum

1888 4902 2225 4975 profundum
2294 4910 2422 4965 est,
2491 4897 2732 4953 ambitus
2798 4894 3142 4948 extrinsecus
3192 4890 3396 4945 desinit
3424 4890 3480 4942 in

1887 4999 2123 5054 colorem
2198 4986 2398 5049 ﬂavum
2476 5006 2544 5047 ex
2611 4998 2785 5061 parte.
2848 4986 3009 5042 Hunc
3068 4993 3224 5039 extra
3287 4981 3481 5036 albedo

1888 5090 2173 5162 splendida
2201 5099 2254 5143 et
2282 5086 2463 5142 lucida
2499 5084 2704 5148 ambit,
2747 5098 2856 5136 non
2886 5080 3057 5136 solam
3092 5078 3299 5132 habens
3327 5073 3475 5127 albe-

1892 5182 2069 5237 llinem
2099 5219 2113 5243 ,
2154 5179 2247 5234 sed
2278 5179 2332 5231 in
2384 5177 2556 5231 vitrea
2598 5173 2833 5245 quadam
2865 5214 2878 5235 ,
2923 5169 3269 5237 radiantique
3302 5163 3476 5218 forma

1886 5274 2111 5345 factam.
2165 5270 2393 5325 Rubedo
2440 5267 2507 5323 ad
2564 5266 2824 5337 pupillam
2870 5264 3046 5333 jacet,
3098 5269 3157 5312 ut
3204 5254 3473 5327 nigrediui

1891 5377 2232 5423 venustatem
2262 5366 2509 5421 adderet.
2548 5361 2750 5415 Adhzec
2791 5358 2927 5411 adeo
2968 5351 3272 5423 pellucidus
3306 5358 3387 5404 est
3422 5356 3476 5403 et

1490 5505 1725 5563 VARIJE
1781 5509 2190 5568 LECTIONES.

264 5621 305 5653 δ’
336 5619 531 5719 autin!
551 5621 642 5673 im.
671 5622 761 5673 τὸν
796 5623 976 5677 αὑτὸν.

268 5693 293 5719 .I
368 5694 390 5719 Δ
564 5694 735 5719 ...υιΖ
776 5692 801 5719 ,\

1058 5625 1071 5657 ⁸
1109 5626 1408 5681 ἐϐλάπτετο
1436 5644 1515 5698 pr.
1550 5631 1611 5683 Α.

201 5692 312 5747 add.
357 5694 424 5746 Α.
507 5692 531 5719 ‘
562 5694 735 5761 μικρᾷ
768 5692 807 5743 Λ

1692 5634 1709 5662 ²
1732 5631 1935 5702 Μωσῆν
1970 5648 2028 5695 ς’.

2109 5632 2129 5661 ³
2174 5628 2249 5699 μὴ
2272 5626 2394 5681 add.
2426 5626 2490 5681 A.
2572 5613 3160 5691 δὴκρωτηριασμένους
3188 5612 3247 5670 Β.
3324 5614 3345 5646 ⁸
3379 5611 3473 5667 τοῦ
