3912 6234
451 200 560 266 219

1615 196 1893 258 ΡΠΟΤΙῙ
1907 194 2417 257 ΡΑΤΒῙΑΒΕΗᾹΞ
2456 201 2564 261 CP.

3620 218 3726 284 220

450 319 619 372 laevus
653 314 707 368 in
741 311 1123 383 spissitudine,
1161 317 1221 364 ut
1266 324 1449 364 rerum
1486 311 1789 366 vicinarum
1826 311 2031 365 formas

2137 311 2197 362 οὐ
2228 311 2400 364 διόλου
2428 314 2673 385 μονοειδῆ
2705 316 2838 369 ἀλλά
2882 319 3144 384 ποικίλοις
3167 322 3280 375 τισὶ
3337 323 3561 392 κύκλοις
3595 348 3724 384 συν-

451 408 747 477 suscipiat,
776 414 830 459 et
855 412 1112 472 tanquam
1137 402 1418 471 speculum
1450 403 1723 472 quoddam
1753 405 2029 473 egregium

449 502 798 556 characteres
840 502 1192 564 repraesentet
1236 513 1247 548 :
1301 505 1353 549 et
1391 495 1583 549 circuli
1626 496 1868 550 medium
1911 497 2032 551 ideo

453 595 618 663 κόρη,
653 593 755 645 hoc
781 598 863 644 est
894 588 1095 657 pupilla
1124 597 1373 650 vocatur,
1407 588 1531 657 quia
1561 603 1777 658 semper
1799 588 2030 642 formam

449 700 517 738 ex
558 684 785 736 adverso
847 680 1050 733 videnti
1086 678 1380 733 humanam
1449 679 1710 733 ostendit.
1770 680 2032 734 Homines

449 778 593 831 enim
628 784 821 829 mutuo
868 789 926 829 se
973 773 1325 842 inspieientes
1354 812 1368 837 ,
1419 781 1607 826 mutua
1657 772 1761 826 sibi
1814 774 2033 842 specula

449 872 605 926 ﬁunt.
632 869 815 936 Quare
860 869 1055 923 oculus
1101 870 1154 922 in
1200 871 1469 924 creaturis
1503 868 1863 923 admiratione
1902 882 2034 924 sane

449 960 649 1030 dignus
678 970 779 1013 est.
806 958 905 1014 llic
936 969 990 1013 et
1021 960 1188 1013 Deum
1217 960 1348 1013 mihi
1375 961 1781 1028 interpretatur.
1814 974 2031 1012 omnem

450 1067 788 1123 cognoscens
838 1062 1145 1107 creaturam
1174 1093 1189 1112 ,
1236 1062 1290 1105 et
1344 1068 1438 1121 per
1487 1053 1656 1122 ipsam
1712 1050 2032 1106 Creatorem

447 1142 714 1209 ostendit‘,
747 1152 803 1197 et
830 1159 860 1197 e
884 1143 1193 1197 visibilibus
1228 1143 1425 1197 anima)
1454 1143 1746 1197 invisibilia
1777 1142 2033 1211 explicat.

448 1237 555 1290 Per
591 1236 737 1290 hunc
773 1252 894 1290 eum
931 1236 1033 1289 alia
1076 1237 1245 1289 multa
1293 1236 1530 1289 intellexi
1564 1276 1579 1299 ,
1624 1245 1737 1290 tum
1788 1236 2031 1290 colorum

448 1329 767 1382 varietatem
813 1336 866 1380 et
921 1326 1113 1398 ξοωφ
1166 1327 1512 1381 tenebrarum
1553 1327 1886 1397 caliginem,
1918 1335 2032 1381 tum

449 1422 688 1490 denique
709 1420 848 1473 lucis
876 1421 1241 1489 splendorem.
1271 1419 1425 1484 Quod
1455 1420 1499 1474 si
1519 1420 1714 1474 oculus
1734 1435 1843 1473 non
1867 1427 2032 1483 esset,

450 1514 571 1569 sine
609 1521 742 1567 teste
770 1520 1018 1565 creatura
1059 1519 1404 1575 senesceret,
1442 1512 1660 1565 nemine
1690 1511 1907 1565 vidente
1940 1510 2033 1565 Dei

452 1604 819 1673 Sapientiam,
862 1612 916 1656 et
942 1601 1195 1656 virtutem
1243 1601 1296 1653 in
1338 1600 1428 1656 illa
1472 1610 1765 1655 servatam.
1804 1598 2032 1669 Propter

448 1691 555 1744 hoc
586 1689 749 1759 igitur
783 1689 1163 1744 admirandum
1198 1690 1483 1744 oculorum
1515 1691 1831 1760 opiﬁcium,
1864 1692 2027 1746 etiam

445 1798 626 1845 nunc,
661 1799 760 1852 pro
793 1797 849 1837 re
893 1792 1021 1836 nata
1044 1822 1059 1845 ,
1094 1784 1246 1837 visus
1277 1793 1362 1837 est
1390 1784 1709 1847 restitutus,
1746 1794 1805 1838 ut
1827 1785 2031 1853 cogita-

450 1875 626 1927 tiones
656 1889 847 1943 parum
871 1874 1124 1928 decentes
1140 1874 1207 1927 de
1225 1872 1538 1944 Unigenito,
1561 1891 1698 1945 quas
1725 1876 1881 1931 nobis
1901 1892 2030 1932 caro

450 1964 807 2035 ingeneravit,
825 1966 1186 2035 repellamus:
1216 1975 1271 2020 et
1301 1968 1673 2037 magnitudine
1695 1984 1885 2023 eorum
1910 1984 2033 2037 quae

448 2057 591 2112 facta
621 2068 769 2125 sunt,
801 2059 966 2113 animi
995 2059 1261 2129 abjeetam
1284 2075 1502 2115 omnem
1527 2076 1591 2115 ac
1617 2062 1775 2115 vilem
1813 2062 2030 2131 opinio-

450 2166 573 2205 nem
598 2152 957 2221 deponentes,
988 2168 1387 2223 cognoscamus
1420 2155 1583 2209 fictile
1607 2170 1670 2210 ac
1702 2157 1906 2211 luteum
1936 2172 2033 2212 vas

447 2245 669 2299 beatum
715 2246 936 2309 lumen,
992 2263 1057 2301 ac
1101 2247 1406 2301 divinitatis
1451 2248 1796 2317 splendorem
1844 2265 2034 2305 susce-

447 2336 619 2406 pisse,
653 2336 798 2390 unde
838 2337 929 2390 lux
962 2336 1155 2399 nobis,
1195 2346 1452 2406 tanquam
1489 2353 1519 2391 e
1560 2338 1821 2405 lucernis,
1858 2341 2034 2394 admi-

448 2427 734 2481 nistretur.
765 2426 1031 2481 Dominus
1061 2442 1189 2481 vero
1222 2444 1366 2482 nunc
1401 2429 1724 2483 medicinam
1760 2428 1890 2485 facit
1923 2445 2030 2485 non

448 2518 625 2573 solum
653 2520 849 2585 verbo,
893 2532 953 2574 ut
988 2520 1122 2574 alias
1153 2520 1353 2587 passim
1387 2560 1401 2583 ,
1448 2521 1539 2575 sed
1573 2532 1626 2577 et
1656 2536 1789 2582 ore.
1821 2539 1984 2577 manu
2014 2562 2030 2589 ,

446 2610 665 2679 aliaque
690 2613 1056 2681 providentia,
1086 2624 1148 2668 ut
1171 2631 1267 2683 per
1296 2617 1564 2685 plurimas
1598 2634 1684 2672 res
1716 2620 1873 2673 fidem
1907 2620 2034 2675 infi-

449 2703 666 2759 delibus
696 2704 929 2758 inderet.
972 2704 1131 2774 Spuit
1154 2748 1168 2771 ,
1199 2716 1253 2762 et
1283 2708 1456 2761 lutqu
1491 2707 1615 2763 facit
1642 2749 1658 2775 ,
1692 2718 1836 2764 terra
1868 2711 2034 2766 simul

451 2807 626 2857 usus,
683 2804 736 2845 ut
790 2794 935 2847 unde
976 2802 1147 2847 totum
1195 2795 1398 2849 animai
1437 2798 1506 2852 ab
1545 2798 1701 2853 initio
1745 2800 2032 2868 condidit,

448 2880 577 2935 inde
614 2891 667 2936 et
704 2892 887 2951 partes
925 2883 1041 2951 ejus
1085 2885 1327 2955 singulas
1373 2887 1546 2943 factas
1580 2905 1702 2945 esse
1740 2893 2032 2959 ostendat;

2137 402 2451 474 δεδεμένην,
2503 404 2598 458 τοῦ
2644 409 2870 478 κέντρου
2936 411 3034 480 μὲν
3061 412 3227 466 αὑτοῦ
3289 417 3386 470 καὶ
3454 421 3621 488 μέσου
3666 424 3725 476 τδ

2138 492 2433 565 βαθύτερον
2462 494 2698 566 ἔχοντος,
2727 500 2825 570 τῆς
2849 500 2907 553 δὲ
2938 503 3189 573 ἐξωτέρω
3212 510 3566 579 περιφερείας
3589 516 3726 583 πρὸς

2134 584 2236 654 τὴν
2268 583 2597 658 ξανθοτέραν
2620 590 2640 621 "
2682 591 2824 644 κατά
2861 593 3024 663 μέρος
3074 597 3457 672 ἀποληγούσης
3521 603 3719 674 βαφήν.

2140 681 2360 750 Ταύτην
2416 683 2616 749 ἔξωθεν
2686 687 2745 739 τὸ
2766 687 2958 741 λευκὸν
3016 692 3407 761 περιϐέϐληται
3466 695 3722 749 στιλπνὸν

2138 772 2231 824 καὶ
2267 772 2508 840 διαυγὲς.
2548 776 2649 828 οὐκ
2698 776 2939 848 ἄκρατον
2965 778 3087 849 ἕχον
3115 781 3213 851 τὴν
3251 782 3576 853 λευκότητα,
3601 785 3719 837 ἀλλ’

2135 864 2194 916 ἐν
2232 865 2672 935 κρυσταλλοειδεῖ
2711 885 2819 922 τινι
2866 871 2961 924 καὶ
3015 872 3380 945 διαυγαζούσῃ
3422 874 3445 905 ⁸
3487 894 3727 931 πεποιω-

2138 955 2285 1027 μένῳ
2311 956 2331 986 ⁹
2362 958 2428 1026 τῇ
2446 962 2627 1028 μορφῇ
2644 959 2705 1011 τὸ
2732 962 2962 1032 ἐρυθρὸν
2991 967 3169 1018 κεῖται
3220 968 3351 1036 περὶ
3375 967 3475 1037 τὴν
3527 969 3723 1039 κόρην,

2138 1050 2226 1102 ἴνα
2252 1048 2331 1120 τῷ
2365 1051 2545 1120 λευκῷ
2595 1052 2638 1083 ¹⁰
2690 1053 2784 1105 καὶ
2821 1053 2898 1121 τῷ
2931 1054 3121 1122 μέλανι
3156 1058 3368 1130 κεράσῃ
3403 1059 3500 1129 τήν
3533 1061 3718 1130 χάριν.

2147 1140 2270 1192 Ἐπὶ
2326 1138 2536 1203 τούτοις
2562 1140 2735 1204 οὕτως
2805 1142 2922 1195 ἐστὶ
2947 1144 3177 1215 διαυγὴς
3245 1150 3338 1200 καὶ
3357 1149 3499 1211 λεῖος
3547 1151 3604 1201 ἐν
3654 1154 3721 1222 τῇ

2139 1231 2435 1301 πυκνότητι
2463 1231 2605 1284 ὥστε
2627 1234 2721 1285 καὶ
2742 1233 2839 1296 τὰς
2870 1234 2978 1289 τῶν
3005 1236 3333 1304 ἐγγιζόντων
3358 1238 3724 1293 εἰδωλοποιεῖν

2139 1325 2352 1394 μορφὰς
2395 1325 2486 1378 καὶ
2524 1325 2688 1377 οἱονεὶ
2723 1326 3029 1399 κάτοπτρον
3076 1329 3303 1399 ἀκριϐὲς
3357 1332 3725 1385 ὲντυποῦσθαι

2140 1417 2267 1479 τοὺς
2293 1418 2675 1488 χαρακτῆρας.
2738 1418 2847 1471 Καὶ
2885 1420 2946 1472 τὸ
3006 1420 3169 1490 μέσον
3223 1422 3319 1474 τοῦ
3382 1422 3587 1476 κύκλου
3634 1424 3726 1477 διὰ

2137 1506 2295 1561 τοῦτο
2347 1508 2791 1579 προσηγόρευται
2829 1509 2986 1579 κόρη,
3024 1510 3100 1574 ὡς
3134 1512 3221 1565 ἀεὶ
3253 1513 3351 1583 τὴν
3378 1515 3599 1584 μορφήν
3646 1514 3729 1584 τῷ

2138 1601 2258 1652 κατ’
2309 1600 2534 1669 ἀντικρὺ
2594 1600 2845 1670 βλέποντι
2894 1601 3290 1672 παραδεικνύον
3342 1605 3723 1676 ἀνθρωπίνην*

2134 1694 2213 1755 είς
2257 1692 2517 1762 ἀλλήλους
2550 1693 2682 1762 γοῦν
2713 1694 2764 1746 οί
2815 1693 3094 1765 ἄνθρωποι
3137 1695 3428 1764 βλέποντες
3476 1698 3729 1768 ἀλλήλων

2134 1786 2374 1854 γίνονται
2399 1786 2702 1856 κάτοπτρα.
2753 1785 2920 1858 [1505
2945 1787 3037 1859 8.]
3071 1790 3359 1860 Θαύματος
3378 1790 3474 1845 οὖν
3510 1792 3547 1823 ¹¹
3575 1792 3729 1857 ἄξιος

2137 1880 2328 1940 ἐντοῖς
2382 1878 2676 1949 κτίσμασιν
2699 1880 2729 1931 ό
2758 1879 3060 1950 ὀφθαλμός.
3124 1877 3293 1945 Οὗτος
3339 1883 3434 1936 καὶ
3455 1884 3590 1938 Θεόν
3630 1902 3728 1956 μοι

2133 1973 2500 2045 διερμηνεύει,
2556 1974 2736 2026 πᾶσαν
2777 1973 3211 2042 καταμανθάνων
3263 1975 3362 2044 τὴν
3410 1977 3591 2029 κτίσιν
3628 1977 3727 2031 καὶ

2134 2069 2199 2123 δι’
2224 2069 2392 2138 αὐτῆς
2421 2069 2511 2122 τὸν
2540 2066 2790 2136 τεχνίτην
2839 2065 3146 2129 ἐπιδεικνὺς
3176 2067 3268 2119 καὶ
3301 2069 3363 2119 ἐκ
3418 2069 3527 2121 τῶν
3582 2071 3727 2138 ὀρωο

2138 2162 2314 2233 μένων
2340 2160 2659 2231 ἑρμηνεύων
2687 2161 2751 2230 τῇ
2800 2157 2947 2228 ψυχῇ
2978 2158 3047 2212 τά
3102 2159 3332 2227 ἀόρατα.
3375 2159 3474 2211 Διά
3533 2158 3728 2212 τοῦτον

2136 2254 2268 2308 ἄλλα
2306 2270 2366 2305 τε
2406 2252 2503 2321 τῆς
2544 2250 2772 2312 κτίσεως
2805 2247 3027 2317 ἔμαθον,
3092 2247 3189 2301 καλ⁵
3244 2249 3552 2318 χρωμάτων
3603 2266 3729 2302 ποι-

2135 2347 2291 2418 κίλην
2323 2345 2500 2415 βαφὴν
2530 2343 2756 2405 σκότους
2808 2357 2869 2393 τε
2924 2340 3222 2411 κατήφειαν
3257 2342 3352 2393 καὶ
3380 2339 3557 2410 φωτὸς
3586 2338 3729 2409 λαμ-

2137 2438 2362 2508 πηδόνα.
2403 2434 2530 2508 [822
2564 2432 2658 2505 IL]
2697 2433 2785 2496 Ὠς
2820 2432 2872 2485 εί
2908 2449 2971 2499 γε
3006 2432 3282 2503 ὀφθαλμὸς
3330 2431 3405 2502 μὴ
3463 2432 3507 2462 ¹⁹
3539 2431 3729 2501 ὑπῆρ-

2136 2548 2250 2601 χεν,
2283 2528 2601 2601 ἀμάρτυρος
2640 2525 2706 2578 ἂν
2739 2527 2771 2593 ή
2808 2524 2983 2586 κτίσις
3037 2524 3328 2592 ἐγήρασεν,
3358 2522 3574 2583 οὐδενὸς
3591 2522 3730 2574 καθ-

2135 2622 2371 2693 ορῶντος
2404 2619 2503 2689 τὴν
2532 2620 2590 2671 ἐν
2615 2618 2751 2687 αὐτῇ
2778 2616 3093 2685 σωζομένην
3112 2614 3206 2669 τοῦ
3233 2614 3367 2667 Θεοῦ
3402 2616 3598 2682 σοφίαν
3628 2615 3728 2668 καὶ

2134 2713 2382 2782 δύναμιν.
2434 2712 2532 2765 Διά
2579 2709 2785 2779 ταύτην
2834 2708 3014 2762 τοίνυν
3073 2708 3173 2777 τὴν
3248 2706 3570 2778 θαυμαστὴν
3616 2707 3729 2761 τῶν

2136 2805 2312 2875 ὄψεων
2366 2800 2713 2871 κατασκευὴν
2769 2798 3044 2869 ὀφθαλμοὶ
3104 2798 3202 2851 καὶ
3246 2797 3342 2851 νῦν
3388 2798 3729 2869 ἐκτίσθησαν

2138 2894 2494 2964 αὐτοσχέδιοι,
2527 2893 2615 2946 ἵνα
2641 2890 2739 2955 τὰς
2770 2891 3172 2961 μικροπρεπείς
3191 2891 3399 2952 ἐννοίας
3418 2890 3518 2952 τὰς
3538 2890 3605 2941 ἐκ
3628 2888 3732 2959 τῆς

448 2971 619 3026 saliva
669 2974 1075 3033 demonstrans.
1110 2977 1309 3031 virtute
1353 2979 1466 3033 oris
1497 2980 1616 3049 ejus
1663 2997 1761 3051 per
1804 2983 2028 3037 verbum

2138 2986 2339 3059 σαρκὸς
2368 2984 2723 3054 ἐγγινομένας
2749 2983 2883 3051 ἡμῖν
2926 2998 2990 3033 πε
3003 2982 3053 3050 pl.
3070 2980 3162 3034 τοῦ
3215 2979 3560 3044 Μονογενοῦς
3590 2980 3732 3033 ἀπο-

448 3064 632 3117 omnia
665 3080 785 3120 esse
819 3064 961 3121 facta
997 3084 1011 3121 :
1070 3065 1234 3121 Verbo
1262 3072 1401 3124 enim
1434 3070 1648 3127 Domini
1682 3074 1798 3128 caeli
1827 3077 2032 3145 firmati

444 3152 598 3207 suuti
633 3195 648 3219 ,
681 3165 787 3210 ete.
849 3156 905 3210 Si
932 3172 1063 3213 vero
1101 3168 1158 3213 et
1188 3159 1290 3214 hoc
1320 3162 1461 3215 scire
1494 3163 1649 3227 libet,
1684 3172 1745 3217 ut
1775 3166 2031 3220 detestari

448 3247 746 3303 assuefacit
790 3264 886 3304 eos
911 3290 925 3314 ,
969 3252 1061 3320 qui
1110 3252 1262 3307 illum
1290 3254 1453 3322 paulo
1491 3265 1614 3325 post
1651 3258 1827 3325 sputis
1858 3258 2033 3314 [ουδεὶ-

449 3339 587 3393 bunt
633 3355 647 3391 :
697 3341 798 3395 etsi
849 3340 1187 3397 furiosorum
1240 3346 1466 3399 audacia
1510 3346 1686 3417 major
1735 3348 1838 3403 fuit
1885 3350 2034 3405 omni

446 3432 788 3499 providentia
815 3472 830 3496 ,
870 3443 923 3487 et
952 3436 1311 3490 correctione.
1345 3438 1490 3493 Siloe
1520 3440 1751 3494 salutem
1792 3452 2031 3497 nostram

451 3537 550 3589 per
594 3538 766 3591 aquas
809 3525 1071 3591 inchoat,
1123 3544 1288 3597 quam
1333 3530 1480 3585 Siloe
1514 3532 1751 3587 emissus
1776 3535 2033 3591 omnibus

449 3612 699 3682 largitur.
729 3614 884 3671 'l‘unc
906 3618 1051 3671 enim
1080 3634 1207 3674 vere
1234 3620 1483 3677 videmus
1503 3664 1517 3687 ,
1559 3625 1777 3693 quando
1806 3629 2033 3698 mystica

454 3705 786 3759 mumlamur
812 3722 974 3777 aqua.
1006 3707 1151 3762 Nihil
1187 3714 1428 3781 ingratos
1462 3713 1679 3770 Judaros
1717 3718 1783 3771 ad
1832 3719 2033 3773 intelli-

451 3796 687 3862 gendum
714 3800 918 3866 traxit,
954 3817 1057 3855 non
1090 3804 1341 3867 verbum,
1376 3822 1483 3859 non
1516 3824 1703 3877 opera,
1728 3824 1835 3864 non
1872 3812 2036 3864 mira-

449 3888 596 3951 cula,
634 3888 730 3943 sed
756 3894 919 3944 etiam
950 3892 1063 3946 lucc
1090 3893 1207 3962 ipsa
1238 3910 1361 3964 qua:
1386 3898 1452 3951 ad
1485 3899 1712 3954 salutem
1745 3916 1839 3956 eos
1872 3918 2035 3956 voca-

447 3976 600 4041 bant,
632 3981 886 4036 onmibus
917 3984 1093 4038 modis
1128 3986 1427 4043 obscurare
1465 3990 1778 4046 nitebantur
1798 4033 1814 4059 ,
1848 3995 1951 4049 etsi
1981 3996 2034 4048 in

447 4070 788 4124 contrarium
821 4072 943 4129 illos
998 4077 1206 4131 malitia
1235 4077 1553 4149 impelleret.
1583 4081 1854 4149 Quantum
1889 4086 2034 4139 enim

446 4171 559 4212 non
618 4160 936 4229 credidere,
983 4174 1038 4219 et
1075 4166 1467 4234 interrogando
1526 4171 1795 4228 invertere
1851 4175 2036 4229 omnia

444 4251 624 4304 conati
652 4262 799 4316 sunt,
825 4263 976 4309 tanto
1000 4259 1173 4326 magis
1196 4261 1397 4315 veritas
1425 4262 1655 4318 invaluit
1680 4265 1853 4333 prima
1894 4268 2037 4335 ipso-

2135 3076 2375 3147 θώμεθα,
2398 3073 2492 3127 καὶ
2543 3073 2610 3143 τῇ
2672 3070 3046 3142 μεγαλουργίᾳ
3103 3068 3213 3122 τῶν
3269 3070 3573 3139 γινομένων
3630 3070 3733 3138 τῆς

2134 3166 2311 3237 ψυχῆς
2364 3165 2545 3217 πᾶσαν
2592 3161 2946 3224 ἐκϐάλλοντες
2999 3160 3263 3231 ταπεινήν
3325 3160 3603 3230 ὑπόληψιν
3637 3164 3733 3215 καὶ

2135 3254 2476 3328 χαμαίζηλον
2514 3251 2869 3323 γνωρίσωμεν
2914 3252 2996 3304 ὅτι
3054 3251 3115 3304 τὸ
3162 3252 3435 3322 μακάριον
3484 3253 3605 3321 φῶς
3636 3255 3735 3306 καὶ

2136 3349 2333 3411 κάλλος
2390 3347 2488 3414 τῆς
2528 3344 2779 3414 θεότητος
2831 3345 3152 3413 όστράκινον
3215 3344 3409 3406 σκεῦος
3487 3344 3732 3410 ἐδέξατο,

2134 3439 2415 3496 διακονοῦν
2458 3439 2587 3507 ήμῖν
2634 3437 2776 3489 κατὰ
2821 3437 2947 3498 τοὺς
2971 3436 3201 3505 λύχνους
3242 3439 3340 3505 τὴν
3372 3436 3729 3507 λαμπηδόνα.

2136 3533 2440 3603 Αύτουργεῖ
2466 3529 2523 3581 δέ
2555 3528 2652 3598 τὴν
2684 3528 2980 3599 θεραπείαν
3012 3528 3040 3579 ό
3072 3526 3274 3597 Κύριος
3312 3527 3407 3580 νῦν
3464 3528 3527 3580 οὺ
3586 3530 3736 3598 λόγῳ

2141 3626 2322 3697 μόνον,
2349 3622 2538 3692 ὥσπερ
2585 3619 2820 3690 ἀλλαχοῦ
2868 3618 3158 3689 πολλαχοῦ,
3204 3619 3340 3673 ἀλλά
3372 3620 3467 3671 καὶ
3500 3621 3737 3689 στόματι

2136 3717 2231 3771 καὶ
2254 3716 2397 3786 χειρὶ
2427 3715 2522 3767 καὶ
2549 3712 2680 3782 ἄλλῃ
2714 3711 2962 3781 προνοίᾳ,
2997 3711 3083 3763 ἵνα
3109 3711 3197 3763 διὰ
3220 3711 3429 3764 πολλῶν
3462 3714 3736 3783 πραγμά-

2136 3825 2245 3860 των
2272 3806 2370 3876 τὴν
2402 3805 2583 3857 πίστιν
2616 3806 2728 3866 τοῖς
2750 3803 2999 3864 ἀπίστοις
3034 3802 3420 3872 ἐνεργάσηται.
3475 3804 3647 3855 Πτύει
3678 3804 3737 3857 δὲ

2136 3900 2231 3953 καὶ
2262 3898 2429 3968 πηλὸν
2471 3898 2620 3949 ποιεῖ
2649 3898 2714 3966 τῇ
2758 3896 2857 3963 μὲν
2889 3898 2960 3965 γῇ
2990 3892 3397 3964 συγχρώμενος,
3435 3894 3503 3946 ἵν’
3528 3895 3657 3947 ὅθεν
3676 3897 3739 3947 τὸ

2137 3993 2258 4045 ὅλον
2287 3991 2407 4043 κατ’
2434 3970 2605 4059 ἀρχὰς
2635 3986 2879 4057 ἐπλάσθη
2923 3985 3079 4050 ζῶον,
3125 3987 3222 4039 καὶ
3264 3985 3325 4037 τὸ
3379 3986 3545 4057 μέρος
3580 3986 3739 4059 δείξῃ

2138 4084 2524 4152 πλαττόμενον,
2548 4080 2728 4149 Δσιάλῳ
2754 4078 2811 4130 δὲ
2846 4077 3122 4148 παριστῶν
3153 4077 3229 4140 ώς
3266 4080 3332 4146 τῇ
3374 4078 3604 4146 δυνάμει
3636 4079 3736 4130 τοῦ

2140 4176 2402 4244 στόματος
2426 4170 2591 4225 αὑτοῦ
2614 4173 2641 4223 ὁ
2664 4170 2821 4238 λόγος
2844 4171 3020 4223 πάντα
3044 4168 3374 4237 κατώρθωσε
3402 4186 3414 4199 ·
3458 4168 3543 4234 Td)
3567 4173 3739 4240 λόγῳ

2138 4267 2247 4338 γὰρ
2272 4266 2491 4333 Κυρίου
2538 4266 2593 4317 οὶ
2637 4263 2883 4330 οἰιρανοί
2912 4262 3400 4329 ἐστερεώθησαν,
3439 4264 3535 4316 καὶ
3579 4265 3733 4333 ἑξῆς.

444 4358 569 4396 rum
603 4347 894 4401 curiositas
927 4387 942 4412 ,
994 4363 1063 4402 an
1106 4350 1194 4405 hic
1245 4363 1390 4408 esset
1424 4356 1513 4410 ille
1546 4372 1755 4421 caecus;
1790 4361 2027 4414 secunda

2136 4358 2198 4411 Εἰ
2249 4357 2304 4410 δὲ
2330 4357 2423 4409 καὶ
2479 4354 2636 4407 τοῦτο
2689 4354 2920 4407 συνιδεῖν
2968 4354 3190 4418 ἐθέλοις,
3241 4354 3309 4406 ἵν’
3378 4354 3737 4407 εὐλαϐεῖσθαι

442 4449 513 4486 an
550 4449 578 4488 a
618 4438 898 4492 nativitate
939 4450 1140 4507 eamus;
1169 4442 1405 4499 fuisset?
1456 4447 1533 4503 Ac
1584 4458 1809 4504 sanatus
1852 4466 2031 4506 caacus

446 4527 786 4583 Salvatorem
839 4542 1024 4602 aperta
1058 4550 1189 4592 voce
1224 4539 1482 4607 pra-dicat
1511 4581 1526 4606 ,
1565 4554 1618 4595 et
1645 4544 2033 4597 remuneratio-

442 4620 529 4673 nis
562 4620 680 4675 loco
712 4622 1111 4680 confessionem
1143 4628 1311 4683 dedit.
1359 4631 1772 4687 lncreduiorum
1809 4642 2026 4704 patrum

442 4711 653 4766 similes
688 4711 802 4767 ﬁlii.
831 4713 1045 4771 Etenim
1078 4729 1332 4787 parentes
1361 4724 1523 4777 etiam
1569 4740 1599 4779 ο
1655 4726 1797 4779 bello
1835 4738 2029 4796 praeter

440 4817 593 4871 spem
656 4807 1140 4871 servabantur,et
1200 4812 1353 4866 danti
1408 4814 1638 4869 salutem
1697 4831 1803 4871 non
1835 4817 2026 4871 crede-

439 4895 574 4948 bant
618 4913 631 4948 :
672 4898 1055 4954 nutriebantur
1115 4903 1254 4958 cibis
1295 4915 1546 4959 naturam
1589 4907 1978 4973 superantibus
2007 4950 2021 4975 ,

438 4985 637 5057 505a
694 4999 747 5043 et
790 4992 961 5061 magis
1008 4993 1202 5065 ingrati
1256 5006 1412 5052 erant
1478 5014 1641 5066 quam
1692 5001 2018 5057 esurientes.

440 5079 533 5135 Sic
574 5081 818 5137 bseredes
880 5097 935 5141 et
989 5102 1087 5141 vos
1124 5096 1339 5157 patrum
1401 5090 1850 5157 ingratitudinis,
1895 5094 2020 5163 qui-

437 5169 543 5225 bus
591 5184 678 5228 est
722 5190 860 5246 opus
906 5178 1276 5247 correptione,
1309 5196 1415 5235 non
1447 5180 1613 5251 virga:
1667 5198 1889 5249 nucem,
1924 5186 2019 5240 sed

438 5261 650 5323 ferrem.

510 5369 522 5405 ι
567 5358 705 5414 Psal.
746 5358 991 5424 xxxn,6.

2130 4448 2529 4521 παρασκευάσῃ
2586 4447 2712 4509 τοὺς
2768 4446 3062 4516 μέλλοντας
3113 4447 3310 4518 μικρὸν
3345 4445 3575 4518 ὕστερον
3616 4452 3739 4511 τοῖς

2130 4541 2442 4612 πτύσμασιν
2496 4539 2659 4592 αὐτὸν
2694 4537 2936 4609 ὑϐρίζειν
2965 4538 3027 4603 ¹⁸,
3068 4540 3117 4591 εί
3152 4540 3244 4591 κα)⁸
3275 4539 3335 4590 τὸ
3374 4538 3484 4591 τῶν
3535 4557 3739 4608 μαινο-

2131 4632 2305 4703 μένων
2348 4632 2547 4702 θράσος
2614 4628 2796 4701 μεῖζον
2846 4624 2913 4700 ἦν
2970 4629 3064 4682 καὶ
3111 4629 3367 4698 προνοίας
3419 4631 3604 4701 πάσης
3634 4634 3742 4685 καὶ

2128 4722 2486 4795 διορθώσεως.
2536 4722 2596 4775 '0
2630 4721 2687 4774 δὲ
2738 4720 2961 4790 Σιλωὰμ
3004 4720 3104 4790 τὴν
3157 4720 3223 4773 δι’
3270 4721 3464 4784 ὓδατος
3513 4725 3656 4792 ἡμῖν
3692 4728 3741 4756 ’δ

2139 4816 2413 4885 σωτηρίαν
2440 4811 2877 4885 προοιμιάζεται,
2913 4813 2980 4883 ἢν
3022 4813 3187 4865 πᾶσιν
3231 4812 3272 4843 ¹¹⁵
3306 4814 3333 4865 ὁ
3375 4814 3739 4884 ἀπεσταλμέ-

2132 4926 2219 4970 vol,
2254 4906 2476 4975 Σιλωὰμ
2509 4905 2801 4975 ἐχαρίσατο
2833 4922 2846 4937 ·
2874 4904 2995 4956 τότε
3043 4904 3151 4973 γὰρ
3171 4903 3246 4967 ὡς
3275 4904 3493 4974 ἀληθῶς
3522 4903 3739 4973 βλέπο-

2134 5016 2253 5070 μεν,
2310 4998 2438 5049 ὃταν
2487 4996 2564 5065 τῷ
2610 4994 2856 5065 μυστικῷ
2890 4993 3272 5064 ξκαθαρθώμεν
3320 4993 3494 5047 ὕδατι.
3557 4996 3739 5049 Οὐδὲν

2130 5089 2254 5153 τοὺς
2306 5086 2630 5157 ἀγνώμονας
2687 5086 2782 5137 καὶ
2836 5084 3163 5161 ἀχαρίστους
3233 5085 3518 5151 Ἰουδαίους
3588 5083 3737 5156 ἦγεν

2126 5184 2206 5244 εἰς
2236 5178 2602 5248 συναίσθησιν,
2651 5179 2710 5230 οὐ
2769 5176 2945 5245 λόγος,
3000 5176 3061 5228 οὐ
3106 5176 3323 5247 πρᾶξις,
3376 5178 3437 5229 οὐ
3474 5178 3737 5249 θαυματ-

2122 5272 2466 5343 ουργήματα.
2497 5268 2657 5322 Ἀλλά
2689 5267 2780 5320 καὶ
2826 5265 2966 5319 αύτά
3027 5266 3200 5320 ταῦτα
3228 5267 3296 5321 τὰ
3317 5269 3357 5301 ¹⁸
3380 5270 3515 5339 πρὸς
3547 5288 3734 5343 σωτης

1737 5432 1976 5489 VARIAS
2030 5429 2438 5488 LECTIONES.

512 5523 539 5603 ’ί
563 5524 707 5578 κατὰ
747 5523 917 5603 μέρρς
944 5522 1268 5603 ξανθοτέρα]
1297 5545 1363 5603 ς..
1389 5597 1401 5603 _
1426 5529 1446 5558 ⁸
1476 5528 1888 5603 αὐγαᾹζούσῃς.
2016 5533 2383 5603 πεποιημένον
2416 5549 2474 5594 ς.

746 5595 788 5628 ¹⁹
816 5595 889 5664 μὴ
908 5602 961 5651 et
994 5595 1135 5653 infra
1165 5595 1257 5650 τοῦ
1302 5597 1425 5652 add.
1460 5598 1523 5653 A.
1564 5595 1636 5632 ’ίθ
1670 5595 1911 5673 ὑϐρίζειν
1934 5602 2091 5656 αὑτὸν
2129 5620 2187 5665 ς.

440 5593 575 5665 γοῦν
599 5610 661 5659 ς.

2586 5533 2628 5563 ¹⁰
2656 5530 2731 5601 τῷ
2764 5530 2940 5601 λευκῷ
2963 5532 3053 5585 καὶ
3086 5533 3209 5588 add.
3242 5531 3307 5586 Α.
3370 5600 3375 5601 γ
3418 5530 3459 5560 ¹¹
3502 5547 3597 5585 ουν
3632 5533 3671 5585 Α
3712 5546 3731 5583 :

2269 5604 2312 5634 η
2340 5604 2467 5672 ὑμῖν
2499 5620 2549 5666 ς,
2638 5602 2679 5633 ’⁵
2699 5602 2886 5675 πᾶσιν]
2918 5600 3081 5657 πάλιν
3106 5604 3171 5657 Α.
3253 5603 3295 5634 ⁸⁸
3326 5600 3394 5655 τὰ
3414 5614 3525 5656 aut.
3566 5620 3621 5673 p.
3654 5603 3729 5656 Α.
