3922 6242
159 291 258 354 921
1188 367 1193 375 .
1252 316 1778 389 BIBLIOTHECA.
1811 352 1878 362 ——
1909 327 2074 390 eoo.
2136 331 2431 395 CCLXXI.
3342 342 3448 405 εει

162 417 292 536 pia:
313 420 740 536 napaleo?wa
762 425 958 536 αὐτοὺς
987 433 1155 489 πᾶσιν
1214 436 1537 511 ἐπεχείρουν
1557 446 1777 517 τρόποις
1813 448 2100 518 ἀφανίζειν
2121 492 2136 518 ,
2167 455 2216 506 εἰ
2265 455 2307 485 ³⁷
2341 455 2434 506 καὶ
2498 456 2633 530 πρὸς
2681 459 2993 515 τούναντίον
3058 464 3243 529 αὐτοῖς
3291 483 3437 536 περι-

1419 510 1422 511 ν
1588 510 1600 517 .
1864 510 1875 518 .
1994 510 2010 516 -
2122 510 2133 518 .
2543 510 2554 530 ,
2615 510 2630 521 .
3059 510 3240 529 mm,
3299 510 3419 536 .--ιη

157 510 540 630 ’ἷεάπξῖορη
575 518 629 620 ,ἡ
685 523 1024 592 κακουργία·
1073 528 1184 598 ὅσῳ
1227 532 1337 604 γὰρ
1365 535 1630 603 ἠπίστουν
1680 541 1775 592 καὶ
1833 546 2289 614 προσερωτῶντες
2347 548 2672 618 ἀνατρέπειν
2711 554 3061 620 ἐσπούδαζον,
3124 557 3365 630 τοσούτῳ
3400 560 3443 598 ⁸⁸

157 602 664 720 ᾖον-ἔδεδοὶιοῦξο
724 615 756 682 ἡ
1355 629 1544 720 Δαὐτοῖς
1599 602 2099 708 πολυπραγμοσύνη
2128 679 2144 702 ,
2185 641 2234 692 εί
2268 602 2433 704 αὐτὸς
2479 602 2633 707 οὗτός
2683 647 2831 699 ἐστιν
2873 651 2900 702 ὀ
2930 602 3147 718 τῖυφλὸς,
3189 614 3441 720 δευτέρα,

159 694 302 813 ἐκ
334 698 566 813 γενετῆς
613 696 681 771 ἧν
714 704 936 772 τυφλός.
977 711 1084 762 Καὶ
1148 712 1176 762 ό
1238 694 1408 780 ἰαθεὶς
1472 718 1563 772 τὸν
1600 694 1832 796 Σωτῆρα
1867 694 2022 794 ἐϐόα,
2070 694 2162 782 καὶ
2210 733 2275 802 τῇ
2328 694 3440 813 ὸμᾶλογίέι’ἦνΠέᾱῷἶᾟῖζέδῖδᾏδῖξξ

158 789 384 908 ἰάσεως.
409 792 700 908 εἶλὲἷτίστων
733 803 984 871 πατέρων
1018 806 1193 873 ὅμοιοι
1241 811 1448 876 παῖδες.
1487 815 1598 868 Καὶ
1645 818 1752 889 γὰρ
1790 821 1884 874 καὶ
1913 822 1962 875 οἱ
2025 825 2276 890 τεκόντες
2308 830 2373 881 ἐκ
2410 830 2655 900 πολέμων
2686 789 2949 898 ἐσώξοντο
2999 840 3130 907 παρ’
3193 798 3438 908 ἐλπίδας,

156 885 253 1000 καὶ
285 886 369 956 τῷ
404 887 626 1000 διδόντιτ
644 892 745 962 τὴν
792 899 1064 1000 σωτηρίαν
1131 902 1418 970 ἠπίστουν.
1469 885 1791 976 Ἐτρέφοντο
1830 916 2058 983 τροφαῖς
2089 885 2553 988 ὑπερϐαινούσαιςι
2574 922 2672 993 τὴν
2711 885 2891 991 φύσιν,
2926 928 3020 980 καὶ
3083 885 3196 983 ζῶν
3242 885 3440 1000 ligo):-

153 978 361 1031 τόντων
408 979 575 1036 πλέον
597 977 736 1054 ἦσαν
782 987 1088 1057 ἀχάριστοι.
1121 993 1331 1056 Ὄντως
1378 995 1703 1068 κληρονόμοι
1743 1001 1838 1055 καὶ
1866 977 2162 1076 υμ-εῖςτῆς
2198 977 2332 1062 ⁸τῶν
2363 977 2641 1083 πατέρων.
2664 977 3073 1089 ἀγνωμοσύνης,

150 1076 430 1146 ηρυῖνης
471 1079 796 1134 ἐπιστασίαν
823 1083 958 1138 ἀλλά
987 1087 1215 1157 σιδηρᾶς
1260 1088 1574 1160 χρῄζοντες.

154 1189 276 1244 Τοῦ
306 1192 499 1246 αὐτοῦ
530 1195 577 1226 ⁸⁸
620 1199 708 1263 είς
754 1199 861 1336 ι’ὸέ
921 1202 1166 1281 ’ζὰειρον
1218 1210 1315 1260 καὶ
1381 1210 1497 1278 τὴν
1548 1216 1721 1284 αἱμοῤ

860 1284 1108 1326 υουσαν.

1851 1211 2106 1282 Ejusdem
2139 1216 2192 1269 in
2217 1215 2432 1272 Jairum
2453 1230 2569 1342 ,letb
2582 1223 2851 1278 mulierem
2874 1227 3148 1294 sanguinis
3175 1231 3434 1298 proﬂuvio

2505 1308 2534 1342 a
2577 1304 2836 1342 orantem-

860 1287 924 1323 00
933 1290 1108 1326 υσαν.

2485 1290 2836 1349 laborantem.

225 1354 570 1423 Δυσάγωγον
595 1358 655 1410 τὸ
699 1359 807 1412 τῶν
857 1363 1162 1434 ἀνθρώπων
1209 1369 1364 1437 γένος
1405 1375 1485 1436 εἰς
1518 1375 1721 1448 ἀρετὴν

1921 1374 2223 1432 Difﬁculter
2251 1379 2500 1436 homines
2532 1385 2597 1437 ad
2626 1385 2880 1441 virtutem
2910 1389 3224 1458 trahuntur,
3257 1401 3316 1447 ut
3339 1409 3436 1464 ap-

145 1444 227 1506 ὼς
255 1443 428 1510 ἔοικε,
460 1448 557 1500 καὶ
579 1451 752 1520 μικρὰ
773 1455 1056 1522 φροντίζον
1077 1459 1176 1529 τῆς
1199 1462 1261 1514 ἐκ
1288 1461 1462 1531 λόγων
1489 1443 1723 1523 διδασκα·

3097 1443 3224 1458 ηρ,
3340 1443 3402 1464 --τ

1845 1475 2021 1536 paret,
2051 1479 2104 1524 et
2149 1485 2338 1538 parum
2413 1485 2606 1528 curant
2651 1491 2713 1530 ea
2763 1494 2883 1547 quae
2932 1482 3098 1535 verbo
3141 1483 3429 1540 docentur.

143 1535 291 1598 λίας.
315 1537 421 1590 Διά
448 1539 608 1594 τοῦτο
633 1543 727 1596 καὶ
753 1544 782 1595 ό
803 1545 994 1619 Σωτὴρ
1015 1553 1364 1618 συγκαταϐὰς
1391 1559 1504 1621 τοῖς
1532 1559 1723 1630 ἀνθρώ

1845 1535 1972 1614 ideo
2013 1535 2272 1616 Salvator
2306 1564 2370 1618 ad
2409 1565 2662 1621 homines
2695 1535 2872 1640 fragili
2910 1579 2964 1626 et
3001 1574 3216 1627 mortali
3262 1591 3431 1631 carne

145 1643 279 1690 ποις
309 1628 478 1699 μέχρι
513 1631 611 1700 τῆς
639 1632 840 1706 θνητῆς
867 1639 961 1690 καὶ
991 1641 1260 1712 ἐπικήρου
1285 1647 1506 1714 σαρκὸς,
1534 1650 1610 1713 ὡς
1634 1628 1723 1704 sta;

1843 1653 2305 1720 condescendens,
2333 1659 2460 1727 quia
2496 1660 2628 1714 vidit
2652 1659 2756 1715 Jud
2773 1679 2882 1717 reos
2910 1666 3132 1730 surdos,
3167 1682 3256 1721 res
3303 1684 3430 1723 mu-

138 1721 276 1782 τοὺς
332 1721 624 1788 Ἰουδαίους
651 1728 788 1797 πρὸς
822 1731 948 1793 τοὺς
974 1729 1166 1800 λόγους
1208 1740 1578 1805 κωφεύοντας,
1615 1760 1723 1811 μετ⁴

1846 1743 2009 1808 tavit,
2051 1744 2256 1799 factum
2288 1721 2432 1802 facto
2466 1748 2638 1816 addit,
2685 1761 2741 1806 et
2779 1754 3104 1809 miraculum
3139 1757 3426 1823 miraculo,

147 1811 388 1876 ἐτάξατο
435 1816 570 1884 πρὸς
593 1820 661 1870 τά
683 1821 1007 1890 πράγματα,
1033 1825 1128 1878 καὶ
1152 1826 1450 1896 θεραπείαν
1479 1835 1715 1887 συνάπτε

1840 1843 1892 1889 et
1919 1834 2259 1890 divinitatem
2311 1854 2474 1907 quam
2517 1856 2626 1894 non
2678 1843 2999 1911 credebant,
3034 1846 3424 1904 beneﬁciorum

143 1905 426 1978 θεραπείᾳ
456 1909 552 1962 καὶ
608 1911 793 1982 θαῦμα
844 1915 1108 1987 θαύματι,
1145 1918 1308 1992 [1508
1359 1922 1452 1997 Β..]
1509 1930 1603 1982 καὶ
1639 1929 1723 2000 rip

1841 1926 2216 1996 experimento
2263 1930 2591 1986 conﬁrmare
2620 1935 2919 1989 contendit.
2949 1936 3150 1991 Verum
3170 1955 3258 1994 res
3287 1941 3428 1995 male

137 1997 564 2092 ἀπιστουμένην
583 2001 715 2074 [825
741 2005 835 2080 ﬂ.]
858 2008 1090 2084 θεότητα
1109 2019 1173 2086 τῇ
1191 2017 1358 2088 πείρᾳ
1383 2018 1493 2072 τῶν
1521 1997 1738 2092 εὐεργε-

136 2090 280 2146 σιῶν
313 2095 594 2166 ἐπεχείρει
625 2098 856 2168 βεϐαίαν
893 2109 1188 2178 παριστᾷν.

213 2185 314 2250 Εἰς
364 2186 536 2240 δεινὸν
591 2191 649 2243 δὲ
695 2193 772 2264 τῷ
822 2196 864 2225 ³⁸
905 2197 1184 2270 ἀνθρώπῳ
1239 2207 1616 2276 περιειστήκει
1672 2209 1733 2263 τὸ

136 2277 404 2369 πρᾶγμα,
447 2278 716 2353 θυγάτηρ,
755 2286 850 2338 καὶ
905 2289 1062 2361 μόνη,
1113 2291 1214 2362 τῆς
1249 2295 1429 2359 οίκίας
1474 2297 1726 2369 ἔρεισμα,

131 2367 235 2461 τού
292 2370 487 2438 γένους
519 2373 760 2447 διαδοχὴ,
818 2381 1088 2449 μέλλουσα
1139 2386 1402 2456 φέρεσθαι
1460 2389 1568 2461 πρὸ
1619 2367 1727 2445 τῶν

133 2460 408 2532 θαλάμων
440 2465 520 2528 είς
559 2467 819 2537 ἐκφορὰν,
852 2472 957 2541 πρὸ
986 2473 1088 2543 τῆς
1117 2477 1386 2542 παστάδος
1419 2460 1722 2550 είςίτάφον.

1840 2017 2046 2073 homini
2101 2022 2288 2076 cessit.
2327 2021 2486 2090 Filia,
2543 2040 2718 2093 eaque
2772 2029 2962 2092 unica,
2995 2031 3189 2086 domus
3223 2033 3426 2087 funda-

1837 2120 2102 2177 mentum,
2131 2111 2350 2169 familia:
2373 2115 2568 2179 hmrcs,
2594 2133 2718 2187 qua:
2743 2129 2868 2173 ante
2899 2122 3116 2189 nuptias
3153 2123 3424 2180 efferenda

1833 2208 1952 2254 erat
1985 2201 2039 2255 in
2074 2205 2369 2269 tumulum,
2394 2214 2447 2259 et
2471 2217 2594 2260 ante
2624 2218 2801 2263 terum
2833 2211 2884 2262 in
2915 2213 3224 2280 sepulcrum
3257 2233 3269 2267 :
3301 2230 3425 2269 mu-

1832 2298 1932 2352 lier
1991 2297 2240 2368 quaedam
2276 2299 2512 2369 graviter
2563 2302 2779 2357 inlirma
2827 2319 3086 2359 venarum
3142 2308 3426 2362 inordina-

1831 2389 2000 2453 tione,
2034 2397 2089 2444 et
2119 2405 2337 2444 omnem
2371 2393 2495 2446 vitae
2528 2394 2894 2449 substantiam
2927 2397 3280 2463 exhauriens,
3305 2415 3427 2468 quae

1837 2481 1963 2536 tabe
2000 2496 2224 2550 corpus,
2257 2491 2312 2537 et
2352 2493 2568 2554 propter
2603 2486 2846 2542 medicus
2895 2503 3026 2556 opes
3056 2490 3419 2558 consumpsit,

131 2552 282 2623 Γυνή
347 2569 436 2617 τις
469 2554 771 2610 ἁσθενοῦσα
815 2561 1072 2628 χαλεπῶς
1118 2564 1206 2617 διὰ
1236 2565 1450 2633 φλεϐῶν
1479 2543 1723 2636 ἀταξίαν,

1843 2589 2006 2628 unam
2050 2543 2116 2628 in-
2157 2543 2219 2629 re
2263 2543 2635 2646 dubia-spem
2686 2579 2840 2643 vidit,
2891 2543 2956 2632 ad
3008 2581 3211 2636 Christi
3257 2543 3424 2651 pedes

131 2646 234 2696 καὶ
269 2645 460 2698 πᾶσαν
493 2647 593 2716 τὴν
626 2647 863 2718 ζωτικὴν
896 2651 1030 2722 ὓλην
1096 2656 1403 2724 κενώσασα,
1443 2660 1537 2714 καὶ
1563 2661 1736 2716 δαπα-

131 2736 374 2806 νηθεῖσα
425 2739 611 2792 λοιπὸν
640 2743 704 2794 ἐκ
737 2744 836 2813 μὲν
861 2744 962 2814 τῆς
985 2732 1360 2816 τηκεδόνοςτδ
1399 2752 1579 2822 σῶμα,
1622 2758 1733 2818 τοῖς

132 2827 350 2897 ἰατροῖς
375 2827 437 2880 δὲ
462 2829 559 2899 τὴν
575 2830 836 2902 εὐπορίαν
857 2875 870 2898 ,
903 2834 1036 2904 μίαν
1054 2834 1193 2890 εἶδεν
1221 2841 1280 2892 ὲν
1302 2840 1533 2910 ἀπόροις
1545 2843 1734 2898 ἐλπίδα

127 2921 482 2988 προσπεσεῖν
525 2921 603 2992 τῷ
651 2925 865 2996 Κυρίῳ.
911 2927 969 2979 '0
1017 2927 1073 2981 δὲ
1107 2931 1314 3002 Κύριος
1343 2932 1452 2986 τῶν
1501 2933 1734 3002 ἀφώνων

125 3011 341 3080 ἢκουσε
376 3013 480 3082 τῆς
513 3015 778 3080 γυναικὸς
808 3017 1106 3087 λογισμῶν,
1135 3022 1227 3074 καὶ
1260 3024 1480 3076 σιωπῶν
1512 3025 1732 3078 σιωπῶ-

129 3117 236 3154 σαν
265 3102 480 3169 ίάσατο,
517 3104 709 3176 ἐπειδὴ
743 3107 836 3161 τοῦ
890 3112 1206 3182 κρασπέδου
1244 3115 1590 3185 προσήψατο.
1620 3119 1730 3172 Καὶ

124 3193 161 3262 ἡ
209 3193 312 3262 μὲν
343 3194 564 3264 ἐνόμιζε
602 3197 927 3266 κεκλοφέναι
964 3200 1063 3272 τὴν
1094 3202 1322 3274 δωρεὰν,
1356 3207 1384 3259 ό
1422 3207 1479 3258 δὲ
1510 3207 1726 3280 ἐκλὰπη

122 3284 232 3355 τὴν
253 3285 442 3354 χάριν.
477 3287 586 3339 Καὶ
609 3288 744 3351 τέως
785 3290 882 3358 μὲν
909 3292 1012 3345 οὐκ
1037 3293 1258 3348 ἐκλαλεῖ
1282 3296 1381 3366 τὴν
1405 3299 1725 3368 θεραπείαν,

125 3376 364 3446 ὕστερον
408 3377 466 3430 δὲ
512 3378 843 3448 δημοσιεύει.
881 3387 941 3436 οὐ
1002 3385 1296 3454 φιλοδοξῶν
1347 3388 1587 3458 (ἄπαγε’
1623 3391 1726 3444 ποῦ

124 3470 241 3537 γὰρ
282 3467 736 3540 θαυματουργίας
796 3474 1012 3544 πρόεισι
1064 3477 1393 3550 φιλοδοξία;)
1444 3480 1581 3533 ἀλλά
1632 3482 1727 3535 καὶ

123 3560 230 3630 τῆς
290 3563 556 3629 γυναικὸς
610 3565 710 3636 τὴν
743 3567 842 3636 τῆς
902 3569 1140 3633 πίστεως
1198 3572 1362 3624 πᾶσιν
1418 3574 1725 3638 ἐπιδεικνὺς

124 3652 467 3721 εὐκαρπίαν,
503 3657 732 3710 καὶτῶν
777 3660 1060 3729 παρόντων
1090 3663 1216 3726 τοὺς
1246 3663 1345 3733 μὲν
1373 3666 1454 3728 εἰς
1486 3665 1725 3734 θεογνω-

125 3745 256 3799 σίαν
280 3747 658 3816 ἐπιστρέφων,
685 3749 792 3800 τῶν
818 3749 875 3802 δὲ
925 3752 1024 3822 τὴν
1047 3753 1308 3807 ἀπόνοιαν
1343 3757 1439 3808 καὶ
1492 3755 1581 3809 διά
1613 3757 1722 3810 τῶν

119 3837 310 3907 ἔργων
337 3837 559 3890 καὶδιά
587 3839 699 3892 τῶν
736 3840 911 3910 λόγων
960 3845 1312 3911 στηλιτεύων.
1352 3843 1524 3912 Εἶδον,
1563 3849 1718 3919 φησὶ,

1840 2665 2140 2736 procidere.
2188 2665 2452 2724 Dominus
2503 2672 2788 2724 mulierem
2834 2687 2940 2725 non
2969 2673 3206 2743 cogitata
3235 2675 3423 2743 prolo-

1837 2763 2094 2824 quentem
2143 2754 2433 2816 intellexit,
2472 2764 2526 2810 et
2580 2757 2812 2811 tacendo
2862 2768 3130 2814 tacentem
3187 2761 3420 2828 sanavit,

1838 2859 1964 2897 cum
2003 2845 2280 2899 fimbriam
2345 2847 2657 2916 tetigisset:
2693 2858 2746 2902 et
2782 2849 2897 2904 hate
2943 2853 3167 2920 quidem
3213 2851 3421 2906 donum

1838 2935 2170 3003 surripuisse
2201 2937 2490 2990 videbatur
2521 2939 2627 2992 sibi
2660 2958 2672 2993 :
2703 2948 2760 2994 at
2796 2940 2885 2996 ille
2934 2943 3164 3012 gratiam
3197 2957 3420 3013 surrep-

1838 3035 1946 3079 tam
1979 3025 2196 3080 tolerat.
2232 3025 2299 3080 Et
2326 3028 2504 3096 primo
2535 3045 2596 3084 se
2621 3046 2848 3086 sanasse
2882 3048 2990 3086 non
3031 3033 3264 3097 dicebat,
3299 3043 3422 3087 tan-

1838 3117 1960 3169 dem
1995 3131 2126 3170 vero
2178 3119 2436 3188 evulgat,
2475 3134 2585 3174 non
2633 3136 2885 3189 quaerens
2931 3122 3156 3192 gloriam
3209 3123 3420 3192 (absit:

1837 3207 1927 3260 ubi
1961 3208 2105 3263 enim
2142 3210 2296 3278 prazit
2327 3210 2593 3264 miraculo
2633 3227 2769 3265 vana
2805 3213 3116 3282 gloriatio?)
3161 3215 3255 3270 sed
3305 3230 3423 3268 mu-

1835 3297 2229 3373 lieribusrﬁdei
2270 3297 2513 3354 fructum
2557 3301 2815 3355 omnibus
2862 3303 3168 3369 declarans,
3195 3313 3250 3358 et
3280 3320 3418 3373 pra:-

1837 3372 2083 3441 sentium'
2105 3389 2244 3444 alios
2276 3389 2498 3460 quidem
2533 3392 2601 3446 ad
2635 3391 2727 3448 Dei
2772 3395 3136 3465 cognitionem
3183 3372 3417 3453 conver-

1832 3485 1974 3540 tcns,
2003 3479 2236 3534 aliorum
2282 3496 2415 3537 vero
2477 3485 2778 3550 vesaniam,
2829 3502 2994 3557 opere
3025 3489 3419 3559 verboquepu-

1833 3566 1976 3623 blice
2030 3581 2273 3627 notans:
2316 3571 2452 3639 Vidi,
2500 3574 2711 3644 inquit,
2749 3592 2870 3632 eam
2901 3593 3022 3648 quaa
3069 3595 3099 3633 a
3144 3589 3292 3650 tergo
3330 3595 3418 3636 me

1829 3659 2005 3730 tetigit
2033 3677 2181 3734 :lnon
2207 3662 2353 3716 enim
2389 3663 2524 3718 mihi
2557 3666 2708 3720 solus
2747 3668 2941 3723 oculus
2979 3669 3072 3736 qui
3106 3669 3417 3740 superciliis

1829 3752 2038 3818 subest,
2079 3762 2133 3808 et
2173 3754 2447 3823 palpebris
2501 3758 2724 3828 tegitur,
2781 3761 2874 3814 sed
2925 3762 3087 3814 etiam
3131 3762 3271 3815 alius
3308 3770 3413 3825 est,

1831 3843 1925 3913 qui
1961 3853 2159 3898 terram
2184 3846 2348 3901 simul
2372 3856 2427 3902 et
2459 3864 2608 3904 mare
2633 3850 2896 3914 intuetur,
2924 3867 3255 3922 omnemque
3279 3853 3414 3907 adeo

119 3903 227 4001 sig-iv
263 3929 497 3983 ὄπισθεν
543 3903 862 4004 ἁψαμένην·
915 3937 976 3988 οὐ
1023 3903 1131 4007 γάρ
1181 3956 1271 4008 μοι
1320 3940 1480 4009 μόνος
1512 3903 1722 4004 ’διταῖς

1830 3944 2163 3990 creaturam.
2199 3935 2395 3991 Mulier
2453 3954 2564 4007 prae
2616 3940 2826 4008 pudore
2873 3942 3040 3996 tacite
3096 3943 3330 3997 accessit
3360 3953 3416 3997 et

119 4021 364 4092 ὀφρύσιν
399 4023 682 4094 ὀφθαλμὸς
715 4027 1132 4097 ὑποκαθήμενος
1169 4031 1260 4083 καλ¹
1291 4033 1402 4094 τοῖς
1427 4031 1721 4102 βλεφάροις

120 4115 498 4183 σκεπόμενος,
536 4115 672 4169 ἀλλὰ
703 4119 794 4170 καὶ
822 4119 1009 4189 ἕτερος
1040 4122 1067 4173 ό
1090 4121 1195 4190 γῆν
1223 4121 1360 4191 ὁμοῦ
1393 4121 1490 4175 καὶ
1518 4121 1720 4175 θάλατ-

117 4223 222 4258 ταν
258 4207 306 4236 ²¹
341 4207 664 4260 ἐποπτεύων
692 4210 788 4260 καὶ
817 4210 995 4262 κτίσιν
1020 4212 1118 4278 τὴν
1144 4210 1458 4279 σύμπασαν.
1493 4213 1624 4284 Σιγῇ
1658 4213 1716 4266 δὲ

118 4295 416 4365 apris-sisui
456 4299 489 4364 ἡ
534 4297 670 4366 γυνὴ
715 4297 782 4349 δι’
837 4299 1149 4366 εὐλάϐειαν,
1187 4301 1282 4352 καὶ
1324 4302 1384 4353 οὺ
1434 4301 1714 4357 λανθάνει.

128 4386 538 4454 Ἀναγινώσκει
591 4387 699 4458 γὰρ
729 4391 756 4441 ὁ
789 4390 919 4454 Θεὸς
974 4391 1069 4443 καὶ
1119 4393 1402 4460 σιγώντων
1437 4393 1597 4464 ήμῶν
1627 4395 1717 4446 τὸν

116 4479 358 4530 ἑκάστου
418 4478 566 4544 νοῦν,
619 4481 692 4543 ὼς
731 4483 891 4551 ἡμεῖς
923 4483 1126 4552 βιϐλίον
1181 4486 1585 4556 παρερχόμενοι
1646 4487 1736 4554 ’³η

116 4569 208 4621 Διὸ
264 4569 369 4622 καὶ
423 4570 524 4640 τῆς
571 4572 813 4636 Μωσέως
869 4573 1163 4645 σιωπώσης
1210 4577 1462 4647 γλώσσης
1512 4579 1572 4631 τὸ
1617 4579 1717 4650 τῆς

119 4663 358 4733 καρδίας
410 4662 645 4732 ἡκοῦετο
700 4664 967 4737 βούλημα.
1001 4667 1064 4720 Et
1129 4669 1228 4734 τὴν
1281 4670 1442 4739 χάριν
1493 4671 1521 4721 ό
1586 4671 1712 4735 δοὺς

117 4754 424 4823 ἐσιώπησε,
453 4757 595 4824 τάχα
627 4757 692 4808 ἂν
737 4757 844 4809 οὐδ’
872 4758 1010 4829 αὑτὴ
1044 4760 1143 4828 τὴν
1187 4760 1348 4830 χάριν
1399 4761 1432 4831 ἡ
1476 4760 1714 4814 λαϐοῦσα

123 4847 404 4917 ὠφελήθη,
458 4849 540 4911 εἰς
584 4849 873 4918 συντυχίαν
917 4851 974 4902 τὸ
1003 4851 1174 4920 δῶρον
1207 4851 1710 4921 αίχμαλωτίζουσα.

127 4940 291 4993 Τοῦτο
345 4943 410 4993 τὸ
463 4940 653 5010 θαῦμα
711 4939 853 4996 εἶδον
916 4944 1016 5012 μὲν
1076 4945 1307 5016 ἄπειρον
1368 4945 1596 5015 πλῆθος,
1652 4947 1714 4999 τὸ

129 5031 350 5103 Πνεῦμα
376 5033 434 5086 δὲ
458 5034 522 5087 τὸ
552 5035 706 5101 διγιον
734 5037 839 5106 πρὸ
860 5037 1071 5090 πολλῶν
1094 5037 1298 5104 γενεῶν
1320 5038 1408 5089 διὰ
1429 5039 1710 5108 Μαλαχίου

127 5123 544 5191 προεθέσπισεν.
565 5124 859 5178 Ἀνατελεῐ
882 5126 989 5195 γὰρ
1017 5127 1160 5196 ὑμῖν
1183 5127 1248 5192 ³⁸,
1269 5128 1426 5198 φησὶ,
1449 5128 1574 5194 τοῖς
1600 5147 1710 5198 φο-

127 5207 434 5278 ϐουμένοις
469 5210 538 5264 τὸ
565 5211 754 5282 ὄνομά
775 5232 894 5282 μου
920 5217 1130 5282 ’Ἥλιος
1157 5215 1572 5287 δικαιοσύνης,
1609 5219 1710 5273 καὶ

193 5406 219 5446 ί
251 5411 478 5467 Malach.
526 5429 600 5476 Iv,
626 5413 680 5466 2.

1828 4041 1939 4080 non
1973 4027 2226 4095 ignorata
2255 4043 2288 4082 a
2322 4026 2568 4086 Christo.
2595 4029 2759 4085 Novit
2781 4032 2926 4086 enim
2948 4032 3215 4090 Dominus
3253 4049 3412 4088 men-

1827 4125 1936 4170 tem
1968 4119 2404 4190 uniuscujusque
2441 4128 2718 4186 nostrum,
2747 4122 2915 4176 etiam
2940 4122 3192 4187 tacentis,
3221 4132 3281 4176 ut
3310 4138 3411 4178 nos

1825 4209 2018 4275 libros,
2070 4211 2312 4281 legentes
2364 4214 2639 4267 novimus.
2676 4212 2861 4278 Quare
2910 4225 2967 4268 et
3009 4214 3174 4268 Mosis
3225 4214 3409 4285 lingua

1823 4315 2056 4371 tacente,
2083 4308 2267 4361 cordis
2303 4308 2636 4364 voluntatem
2686 4309 2916 4364 audivit.
2963 4309 3020 4364 Si
3050 4311 3281 4380 gratiam
3311 4310 3406 4379 qui

1821 4397 1992 4461 dedit,
2019 4399 2301 4461 tacuisset,
2338 4397 2575 4455 fortasse
2627 4398 2704 4453 illi
2743 4411 2867 4468 “qua:
2896 4400 3126 4469 accepit,
3169 4401 3243 4454 nil
3276 4416 3408 4469 pro-

1822 4488 2038 4555 fuisset,
2078 4490 2286 4544 donum
2322 4490 2389 4544 ad
2417 4505 2604 4545 casum
2656 4490 2943 4546 fortuitum
2989 4491 3262 4548 referenti.
3293 4491 3408 4548 Hoc

1820 4579 1957 4634 vidit
1988 4579 2326 4650 {miraculum
2375 4581 2589 4636 inﬁnita
2638 4583 2952 4637 multitudo.
3005 4581 3246 4652 Spiritus
3278 4597 3407 4637 vero

1821 4678 2046 4726 sanctus
2089 4681 2214 4725 ante
2249 4674 2456 4726 multos
2485 4688 2660 4728 annos
2709 4689 2805 4743 per
2849 4672 3180 4728 hlalacbiam
3213 4673 3406 4743 505b

1818 4762 2150 4816 vaticinatus
2185 4770 2316 4816 est:
2368 4762 2606 4827 Orietur,
2664 4764 2865 4833 inquit,
2902 4765 3049 4818 vobis
3102 4765 3408 4819 timentibus

1818 4870 2004 4907 nomen
2042 4871 2213 4908 meum
2254 4854 2348 4909 Sol
2380 4857 2636 4924 justitiw,
2665 4866 2714 4909 et
2748 4859 2954 4910 sanitas
2987 4859 3045 4910 in
3081 4857 3186 4912 alis
3214 4858 3327 4926 ejus
3351 4859 3404 4912 ιι.

1820 4945 2001 4998 Solem
2032 4944 2264 5013 iustitia:
2292 4943 2587 5000 Dominum
2646 4962 2851 5001 vocans
2885 4965 2898 5003 :
2936 4947 3055 5002 alas
3096 4962 3226 5002 vero
3283 4946 3407 5000 ﬁm-

1821 5035 1995 5089 briam
2049 5039 2382 5093 vestimenti.
2422 5040 2706 5095 Discamus
2739 5041 2903 5110 hujus
2935 5040 3403 5096 sanatae"mulieris

1814 5129 2230 5197 gratitudinem.
2276 5130 2415 5186 Cum
2461 5133 2610 5185 enim
2643 5141 2793 5187 esset
2821 5148 2852 5187 e
2885 5133 3110 5188 civitate
3155 5129 3404 5186 Peneade

1814 5219 1920 5289 (est
1948 5231 2130 5276 autem
2163 5224 2268 5278 hoc
2299 5224 2619 5294 oppidulum
2662 5225 2987 5296 Palestina)
3021 5240 3171 5281 aenea
3218 5229 3400 5276 statua

1377 5561 1612 5617 VARIA‘J
1675 5561 1966 5620 LECTlON
1988 5567 2091 5620 ES.

129 5731 140 5741 _
197 5666 235 5697 "
263 5671 310 5722 εἰ
347 5685 456 5726 0m.
486 5670 553 5725 Α.
619 5669 675 5700 ἠ
704 5674 1084 5742 περιετρέπετο
1104 5694 1162 5739 ς.

129 5753 323 5796 manv
355 5758 418 5807 ς’.

1245 5677 1284 5757 έθ
1310 5679 1532 5733 τοσοῦτο
1555 5680 1613 5757 Βτ
1649 5753 1658 5757 Α
1690 5683 1736 5757 ἐξ
1754 5683 1847 5757 τοῦ
1881 5683 2469 5757 αὖτοῦ-κηρύττουσα
2501 5689 2688 5743 om.B.
2766 5689 2810 5721 ²²
2838 5685 2915 5756 τῷ
2937 5684 3061 5742 τιόὰ
3084 5685 3150 5740 Δ.
3225 5683 3274 5718 ³³
3290 5681 3389 5739 θά-

505 5743 550 5772 “
576 5743 996 5816 παρερχόμενοι]
1030 5748 1403 5818 περιεχόμενοι
1432 5753 1496 5804 Α.
1575 5745 1619 5784 έῖ
1640 5753 1847 5821 ἡμῖνΛ.
