3912 6234
493 236 601 299 223

1643 231 1904 296 Pl—IOTII
1931 226 2432 288 ΡΑΤΒῘΑΒΟΗᾸΕ
2472 228 2579 288 CP.

3628 223 3731 286 224

495 371 784 421 sanantem
814 357 1127 416 honoravit.
1156 353 1273 410 Hoc
1302 354 1504 409 donum
1548 347 1814 404 beneﬁcio
1846 358 1952 398 non
1983 339 2064 394 in-

2171 336 2418 404 ίάοἰςέν
2455 337 2585 400 ταῖς
2619 334 2906 404 πτέρυξιν
2931 332 3140 398 αὐτοῦ,
3175 331 3365 386 Ἥλιον
3399 331 3498 403 μὲν
3533 332 3736 386 δικαιο-

497 458 724 528 dignum
780 460 1000 524 putans,
1053 459 1108 505 et
1141 455 1321 504 statua
1371 445 1463 498 illa
1496 459 1588 512 per
1640 441 1843 533 multos
1900 446 2072 533 annos

498 525 717 604 duravit
745 547 814 600 ad
845 541 1291 612 redargutionem
1335 551 1525 591 eorum
1548 577 1563 600 ,
1602 532 1696 602 qui
1726 525 2074 597 evangelistis

495 637 840 694 mendacium
888 633 1164 689 ascribere
1208 629 1483 684 audebant
1517 644 1529 679 :
1560 633 1612 678 et
1641 629 1818 676 statua
1862 617 1926 672 ad
1975 629 2075 668 no-

492 741 605 786 stra
657 743 830 798 usque
883 739 1128 795 tempora
1168 731 1378 776 servata
1417 719 1630 782 fuisset,
1680 724 1741 768 ut
1782 721 2076 777 utrumque

494 823 840 881 ostenderet,
869 828 921 872 et
957 817 1048 869 Dei
1083 814 1434 874 miraculum,
1469 820 1524 864 et
1576 806 1822 862 mulieris
1858 811 2071 874 gratum

492 915 764 976 animum,
796 912 902 966 nisi
937 910 1272 965 Maximinus
1318 907 1426 970 illc,
1459 905 1562 974 'qui
1603 913 1729 957 ante
1761 895 2075 955 Constanti-

496 1021 627 1059 num
697 1003 982 1059 Romanus
1032 1002 1336 1069 imperator
1388 997 1508 1061 fuit,
1563 996 1763 1066 impius
1803 992 2074 1047 idolorum

497 1096 698 1160 cultor,
725 1103 778 1149 et
811 1094 1032 1150 Christo
1068 1092 1120 1144 iu
1154 1099 1331 1144 statua
1391 1088 1663 1152 invidens,
1708 1100 1916 1140 aeneam
1968 1091 2081 1136 sta-

497 1193 647 1236 tuam
699 1181 1029 1242 sustulisset,
1068 1181 1169 1233 etsi
1210 1179 1282 1230 rci
1318 1176 1472 1231 factae
1514 1175 1832 1231 memoriam
1867 1171 2083 1226 auferre

499 1289 608 1326 non
642 1273 837 1342 potuit.
874 1271 1014 1326 Ecce
1043 1271 1206 1340 igitur
1227 1279 1411 1323 statua
1438 1268 1655 1338 quidem
1698 1281 1802 1320 non
1837 1270 2081 1333 apparet,

500 1363 850 1432 Evangelium
875 1378 1005 1416 vero
1038 1360 1367 1414 miraculum
1400 1358 1530 1411 illud
1560 1358 1761 1426 ubique
1800 1353 2079 1424 praedicat,

500 1463 550 1507 ct
587 1453 996 1507 ha:morrhousa
1046 1452 1113 1506 ab
1165 1450 1376 1505 oriente
1429 1464 1603 1517 usque
1637 1448 1702 1501 ad
1748 1445 2082 1501 occidentem

504 1535 808 1587 celebratur
842 1553 856 1589 :
886 1543 941 1589 et
980 1535 1241 1589 laboravit
1278 1536 1334 1588 in
1378 1550 1602 1596 vanum,
1636 1535 1728 1604 qui
1782 1536 2066 1590 materiam

499 1636 662 1675 sensu
698 1623 1244 1692 comprehensibilem
1274 1625 1511 1678 sustulit.
1557 1622 1750 1679 Statua
1769 1625 1913 1680 enim
1946 1640 2066 1682 ere-

499 1722 583 1767 cta
609 1723 663 1769 ct
700 1730 989 1784 apparens,
1042 1717 1253 1771 tacebat
1298 1718 1538 1771 inanime
1583 1718 1828 1774 miraculi
1875 1735 2065 1774 monu-

499 1811 763 1868 mentum,
803 1805 894 1858 sed
922 1805 1064 1858 fama
1089 1822 1224 1874 opus
1257 1821 1377 1860 cum
1411 1807 1577 1861 verbo
1595 1823 1901 1872 assumens,
1933 1826 2069 1880 quo-

501 1894 632 1947 tidie
665 1896 823 1949 urbes
855 1905 910 1951 et
953 1897 1103 1952 vicos
1150 1901 1420 1967 percurrit
1497 1900 1818 1954 beneﬁcium
1853 1901 2067 1958 Domini

501 1983 892 2054 depra‘dicans.

2168 429 2332 497 σύνης
2356 429 2448 481 τὸν
2471 428 2674 498 Κύριον
2703 426 2905 492 καλῶν,
2930 425 3207 495 πτέρυγας
3231 423 3286 474 δὲ
3311 424 3380 476 τὰ
3399 423 3494 475 τοῦ
3523 425 3735 492 ἱματίου

2166 519 2451 590 κράσπεδα
2508 517 2914 588 καταμάθωμεν
2966 518 3064 586 τῆς
3105 514 3344 584 ἱαθείσης
3394 514 3651 580 γυναικὸς
3678 514 3740 566 τὸ

2168 611 2509 680 εὐχάριστον.
2551 609 2664 679 Τῆς
2721 609 2829 678 γὰρ
2865 608 3125 670 Πενεάδος
3171 607 3216 638 ³⁵
3262 602 3396 658 οὖσα
3463 605 3738 668 πολιτείας

2171 704 2416 775 (πολίχνη
2451 703 2505 756 δὲ
2537 702 2677 770 αὕτη
2710 701 2810 770 τῆς
2838 697 3222 768 Παλαιστίνης)
3255 698 3527 768 ἀγάλματι
3551 699 3740 768 χαλκῷ

2177 797 2268 848 τὸν
2319 795 2618 864 εὐεργέτην
2666 793 2914 861 ἐτίμησε,
2960 791 3116 843 τοῦτο
3167 790 3336 860 γέρας
3371 790 3470 842 οὐκ
3517 790 3740 854 ἀνάξιον

2169 886 2412 956 οἰηθεῖσαι
2447 885 2547 952 τῆς
2599 885 2838 953 χάριτος.
2874 884 2985 935 Kai
3025 882 3213 952 χρόνος
3245 881 3411 944 πολὺς
3443 882 3632 953 ἐτήρει
3679 883 3741 934 τὸ

2172 977 2380 1043 ξόανον,
2419 977 2496 1038 εἰς
2523 975 2741 1042 ἔλεγχον
2768 973 2970 1044 ἀκριϐῆ
2993 973 3102 1025 τῶν
3121 973 3180 1026 τὸ
3203 973 3398 1042 ψεῦδος
3414 971 3743 1042 τολμώντων

2173 1066 2524 1137 ἐπιφημίζειν
2559 1070 2671 1129 τοῖς
2709 1067 3135 1134 εὐαγγελισταῖς.
3188 1067 3296 1119 Καὶ
3339 1065 3491 1120 οὐδὲν
3536 1067 3741 1120 ἐκώλυε

2173 1159 2440 1223 σώζεσθαι
2498 1159 2587 1211 τὸν
2623 1159 2916 1229 ἀνδριάντα
2983 1158 3144 1228 μέχρι
3183 1158 3277 1210 νῦν
3326 1160 3419 1210 καὶ
3473 1157 3743 1210 δεικνύειν

2171 1252 2478 1322 ἀμφότερα,
2522 1249 2738 1303 καὶτοῦ
2789 1249 2920 1302 Θεοῦ
2967 1250 3026 1302 τὸ
3073 1249 3374 1318 Θαυμάσιον
3420 1248 3650 1317 καὶτῆς
3683 1245 3741 1302 εὖ

2171 1343 2453 1412 παθούσης
2482 1341 2544 1394 τὸ
2586 1343 2956 1412 χαριστήριον,
2990 1342 3038 1392 εί
3078 1341 3152 1410 μὴ
3179 1339 3502 1407 Μαξιμῖνος,
3537 1341 3745 1402 ἐκεῖνος

2169 1436 2197 1487 6
2232 1435 2337 1505 πρὸ
2376 1433 2469 1486 τοῦ
2503 1433 2912 1486 Κωνσταντίνου
2939 1435 3036 1501 τῆς
3078 1430 3363 1500 Ῥωμαίων
3392 1428 3561 1500 ἄρξας
3596 1430 3747 1498 βασις

2168 1525 2338 1588 λείας,
2371 1523 2507 1594 ἀνὴρ
2538 1522 2931 1593 εἰδωλολάτρης
2963 1521 3058 1573 καὶ
3101 1519 3362 1588 δυσσεϐὴς
3386 1515 3476 1589 ἦν,
3518 1520 3613 1572 καὶ
3643 1520 3744 1588 ζη-

2168 1616 2415 1669 λοτυπῶν
2444 1617 2502 1667 ἐν
2550 1614 2626 1683 τῷ
2655 1613 2932 1683 ἀγάλματι
2976 1611 3066 1664 τὸν
3105 1609 3338 1681 Χριστὸν
3374 1609 3618 1664 ἀνείλετο
3645 1609 3745 1676 τῆς

2175 1708 2430 1778 πολίχνης
2457 1706 2548 1759 τὸν
2596 1705 2816 1774 χαλκὸν,
2851 1704 2899 1757 εί
2951 1702 3045 1755 καὶ
3099 1702 3174 1773 μὴ
3214 1701 3311 1773 τὴν
3365 1702 3589 1770 μνήμην
3636 1701 3747 1752 τῶν

2172 1804 2510 1873 γενομένων·
2561 1800 2670 1853 ίδοὺ
2721 1800 2828 1869 γὰρ
2880 1796 3007 1868 [824
3054 1794 3146 1867 IL]
3196 1797 3223 1849 6
3282 1795 3379 1865 μὲν
3414 1792 3644 1862 ἀνδριὰς
3684 1794 3742 1844 οἰ

2173 1892 2444 1963 φαίνεται,
2475 1889 2537 1942 τὸ
2568 1887 2624 1941 δέ
2658 1885 2989 1954 Εὑαγγέλιον
3021 1884 3083 1936 τὸ
3111 1882 3295 1953 θαῦμα
3333 1881 3617 1950 πανταχοῦ
3650 1881 3734 1951 ﬂor;

2172 1989 2267 2039 καὶ
2300 1983 2586 2054 κηρύσσει,
2619 1980 2714 2033 καὶ
2744 1981 2778 2048 ή
2800 1977 3097 2047 αἱμόρρους
3140 1975 3233 2028 ἀπ’
3255 1974 3564 2043 ἀνίσχοντος
3591 1972 3745 2042 ἡλίου

501 2085 665 2156 μέχρι
702 2085 796 2140 καὶ
829 2084 1089 2155 δυομένου
1147 2084 1410 2148 λαλεῖται,
1459 2085 1552 2139 καὶ
1607 2085 1806 2157 συνέϐη
1844 2088 2071 2158 μάταιος
2107 2088 2266 2148 πόνος
2298 2083 2375 2153 τῷ
2423 2078 2736 2147 δυσσεϐεῖή
2801 2075 2897 2136 τῆς
2942 2072 3206 2143 αἰσθητῆς
3250 2070 3382 2140 ὕλης
3442 2070 3646 2138 κλοπή·
3691 2070 3749 2123 Ὀ

501 2176 604 2243 μὲν
635 2175 744 2247 γὰρ
780 2176 977 2247 χαλκὸς
1003 2177 1096 2229 καὶ
1126 2178 1297 2239 ἑστὼς
1339 2178 1434 2232 καὶ
1507 2180 1830 2249 φαινόμενος
1897 2184 2131 2247 ἐσιώπα,
2170 2179 2376 2247 ἄψυχον
2406 2175 2516 2228 τῶν
2546 2168 2864 2240 θαυμασίων
2891 2167 3222 2236 ὑπόμνημαο
3256 2166 3288 2234 ὴ
3319 2165 3375 2217 δέ
3409 2165 3568 2233 φήμη
3608 2162 3750 2232 μετὰ

495 2268 781 2339 τοῦλόγου
821 2273 1213 2344 παραλαϐοῦσα
1248 2275 1308 2326 τὸ
1339 2275 1502 2345 ἔργον
1571 2277 1694 2330 καθ’
1765 2278 1978 2349 ἡμέραν
2053 2277 2325 2348 διατρὲχει
2377 2273 2560 2334 πόλεις
2608 2269 2702 2324 καὶ
2757 2266 2971 2338 κώμας,
3025 2264 3116 2318 τὸν
3185 2263 3482 2334 εὐεργέτην
3539 2259 3742 2331 κηρύτο

498 2377 668 2416 τουσα
709 2363 775 2415 ³⁸.

1133 2465 1430 2524 CCLXXII.

493 2557 699 2615 Leontii
728 2559 955 2630 episcopi
995 2559 1231 2613 Arabissi
1269 2577 1439 2632 sermo
1481 2563 1546 2616 de
1573 2563 1855 2632 creatione,
1880 2573 1929 2620 et
1951 2563 2062 2619 La-

1051 2644 1180 2681 zaro
1227 2631 1480 2689 redivivo.

562 2716 692 2788 Legi
739 2719 885 2774 beati
939 2718 1148 2774 Leontii
1193 2721 1433 2790 episcopi
1481 2721 1725 2777 Arabissi
1753 2737 2060 2780 sermonem

490 2809 559 2865 de
587 2811 880 2878 creatione,
911 2819 966 2866 et
995 2809 1207 2870 Lazaro
1237 2812 1496 2867 redivivo.

561 2954 850 3048 Silentium
904 2978 1014 3018 non
1066 2980 1454 3043 opportunum,
1510 2981 1754 3038 audacia“:
1803 2990 2068 3048 orationis

2880 2463 3039 2516 ΣΟΒ.

2169 2561 2453 2616 Λεοντίου
2483 2556 2820 2610 ἐπισκόπου
2862 2554 3234 2621 Ἄραϐισσοῦ,
3268 2554 3336 2607 ἐκ
3366 2555 3474 2607 τοῦ
3516 2556 3606 2621 εἰς
3637 2555 3750 2622 τήν

2381 2629 2585 2681 κτίσιν
2623 2625 2830 2694 λόγου,
2857 2623 2956 2676 καί
2989 2626 3074 2689 είς
3106 2625 3213 2676 τὸν
3245 2623 3531 2691 Λάζαρον.

2246 2720 2408 2794 [I509
2472 2717 2566 2789 11.]
2617 2714 2956 2787 Ἀνεγνώσθη
3001 2714 3094 2767 τοῦ
3144 2715 3415 2786 μακαρίου
3465 2718 3748 2781 Λεοντίου,

2171 2811 2471 2863 ἐπισκόπου
2523 2805 2872 2880 ’Λραϐισσοῦ,
2905 2809 2969 2860 ἐκ
2994 2804 3088 2860 τοῦ
3135 2808 3215 2869 είς
3247 2806 3346 2876 τὴν
3376 2806 3553 2860 κτίσιν
3587 2808 3748 2877 λόγου

2173 2901 2266 2955 καὶ
2294 2903 2374 2963 είς
2412 2901 2504 2952 τὸν
2529 2900 2801 2970 Λάζαρον.

2245 2992 2318 3044 Τδ
2344 2990 2497 3058 παρὰ
2527 2991 2719 3061 καιρὸν
2771 2990 2982 3060 σιωπᾷν
3014 2989 3075 3042 τὸ
3119 2990 3249 3061 περὶ
3283 2993 3410 3052 τοὺς
3433 2992 3633 3062 λόγους
3664 3011 3754 3064 μι-

485 3044 666 3148 simile
708 3057 792 3104 est
817 3090 832 3115 ,
864 3061 918 3106 et
943 3058 1088 3123 quod
1125 3060 1286 3116 habet
1309 3065 1632 3135 vituperium
1665 3090 1727 3130 os
1760 3044 2064 3145 futile,

2174 3082 2352 3150 μεῖται
2404 3044 2751 3149 (inmensam).
2800 3078 2858 3130 ὃν
2915 3045 3030 3148 έχει
3085 3044 3306 3146 ψόγονὸ
3353 3044 3752 3152 τοῖςχείλεσιν

488 3137 652 3192 etiam
685 3152 925 3237 meretur
955 3163 1052 3215 per
1079 3153 1459 3224 negligentiam
1492 3169 1700 3220 tacens.
1729 3167 1933 3237 Optimi
1964 3172 2062 3227 im-

485 3231 749 3317 peratoris
783 3243 887 3296 est,
920 3252 1016 3304 per
1054 3242 1226 3298 victos
1285 3250 1524 3305 excitare
1569 3255 1634 3308 de
1673 3231 1916 3316 hostibus
1952 3273 2063 3317 tro-

483 3316 721 3406 phaeum,
753 3323 1022 3390 etquibus
1044 3328 1163 3382 telis
1195 3331 1367 3388 hostis
1391 3351 1525 3392 usus
1545 3350 1648 3406 est,
1690 3343 1878 3399 iisdem
1909 3316 2060 3406 illum

484 3404 813 3506 interﬁcere.
864 3411 941 3466 Ne
993 3414 1156 3483 igitur
1203 3430 1385 3477 tacens
1443 3404 1668 3494 peccare
1718 3433 1966 3506 dicatur,

486 3493 608 3594 festi
638 3498 744 3599 diei
768 3500 1055 3559 celebritas
1077 3493 1453 3569 taciturnitate
1469 3521 1682 3585 putrida
1704 3493 2058 3599 pericliteiur,

485 3584 586 3636 etsi
625 3588 852 3643 audacis
883 3591 1009 3646 facti
1041 3594 1111 3649 sit
1143 3596 1312 3654 labris
1354 3584 1584 3673 impuris
1625 3584 1839 3671 Domini

484 3687 668 3731 menta
704 3679 990 3750 attingere,
1020 3687 1318 3756 respiciens
1341 3699 1652 3763 praise-mia,
1673 3701 1934 3772 hymnum
1964 3726 2063 3765 au-

483 3766 669 3821 dacter
697 3785 913 3838 canam,
945 3774 1148 3845 reliqua
1172 3779 1422 3848 dignitati
1443 3766 1753 3854 permittam
1788 3798 2057 3856 miraculi.

483 3858 679 3914 Mortni
705 3863 850 3918 enim
900 3865 1080 3924 ferens
1133 3870 1404 3941 fcelorem,
1451 3889 1510 3933 ut
1539 3886 1774 3952 propria:
1804 3887 2058 3946 humani-

482 3952 612 4007 tatis
661 3953 859 4010 bonum
908 3960 1130 4016 odorem
1177 3967 1522 4036 ostenderet,
1588 3983 1642 4028 et
1693 3988 1936 4033 nostrum
1999 3997 2059 4038 os

479 4058 604 4098 cum
641 4045 836 4120 506a
865 4053 1114 4121 sepulcro
1154 4056 1343 4114 Lazari
1367 4067 1592 4132 aperiet,
1622 4071 1894 4127 mundans
1938 4075 2062 4131 vita;

481 4139 777 4205 maculam,
811 4151 869 4197 ut
893 4144 1040 4201 illius
1071 4159 1322 4206 mortem.
1345 4151 1460 4209 Vox
1492 4171 1663 4226 aquas
1685 4159 1942 4228 viviﬁcat,
1966 4181 2060 4234 pe-

479 4229 619 4322 perit
638 4237 802 4322 terra,
830 4243 884 4288 et
908 4235 1031 4290 sine
1055 4253 1352 4310 congressu
1385 4244 1496 4300 fetu
1541 4247 1759 4318 impleta
1786 4264 1890 4310 est.
1919 4229 2058 4322 Quid

479 4313 638 4414 dicis,
668 4333 701 4371 o
729 4321 1024 4378 haeretice?
1075 4325 1236 4385 Vides
1265 4347 1365 4400 pro
1413 4313 1758 4393 immissione
1808 4313 2055 4414 seminis,

2169 3171 2419 3236 ἄστεγος,
2450 3169 2638 3222 τοῦτον
2665 3169 3002 3239 ἀποφέρεται
3051 3170 3145 3222 καὶ
3180 3172 3208 3223 6
3249 3171 3317 3223 δι’
3341 3171 3501 3224 ὄκνου
3555 3174 3748 3242 σιγῶν.

2170 3259 2495 3330 Στρατηγῶν
2525 3261 2672 3311 ἐστιν
2702 3258 2943 3330 ἀρίστων
2970 3257 3057 3310 διὰ
3084 3258 3194 3310 τῶν
3223 3259 3569 3329 ἡττηθέντων
3601 3264 3750 3330 ἐγεί-

2173 3369 2286 3424 ρειν
2320 3353 2381 3405 τὸ
2410 3353 2550 3406 κατά
2585 3351 2678 3405 τοῦ
2721 3350 3016 3404 ἀντιπάλου
3061 3351 3343 3421 τρόπαιον,
3391 3355 3485 3404 καὶ
3515 3348 3599 3416 οἷς
3630 3354 3753 3405 ἐκέ-

2170 3461 2338 3514 χρητο
2362 3443 2571 3512 βέλεσιν
2601 3445 2628 3495 6
2647 3442 2924 3511 πολέμιος,
2942 3442 3153 3506 τούτοις
3179 3443 3423 3513 ἀναιρεῖν
3452 3446 3665 3497 ἐκεῖνον
3681 3447 3750 3498 ’⁷.

2170 3534 2288 3588 Ἵνα
2321 3531 2415 3589 οὖν
2450 3535 2524 3605 μὴ
2548 3533 2607 3587 τὸ
2635 3535 2793 3605 σιγᾷν
2845 3535 3114 3604 ἁμαρτεῖν
3142 3533 3389 3605 λογισθῇ,
3443 3534 3540 3588 καὶ
3566 3535 3752 3588 κινδυ-

2168 3626 2333 3698 νεύσῃ
2361 3627 2462 3695 τῆς
2485 3626 2680 3696 ἑορτῆς
2720 3625 2781 3678 τὸ
2817 3625 3011 3687 κάλλος
3037 3627 3094 3678 ἐν
3145 3625 3353 3698 σαπρία
3383 3627 3618 3696 σιωπῆς,
3649 3629 3754 3682 κᾶν

2166 3717 2435 3788 τολμηρὸν
2486 3718 2720 3788 χείλεσιν
2753 3717 3084 3785 ἀκαθάρτοις
3141 3718 3450 3770 Δεσποτικά
3495 3722 3755 3788 προϊέναι

2175 3807 2474 3878 μυστήρια,
2500 3806 2636 3875 πρὸς
2666 3805 2724 3858 τὸ
2755 3805 2927 3874 παρὸν
2960 3805 3172 3874 βλέπων
3215 3807 3626 3877 καταθάρῤήσω
3661 3809 3754 3862 τὸν

2170 3895 2359 3964 ὕμνον,
2388 3897 2449 3949 τὸ
2492 3897 2677 3950 λεῖπον
2703 3898 2784 3960 είς
2837 3897 2996 3961 ἀξίαν
3050 3898 3464 3951 καταπιστεύων
3495 3898 3575 3969 τῷ
3615 3900 3748 3952 θαύι

2170 4003 2330 4057 ματι·
2353 3988 2382 4039 6
2412 3987 2519 4058 γὰρ
2548 3989 2645 4058 τῆς
2663 3987 2757 4040 τοῦ
2787 3987 3038 4050 θανόντος
3065 3989 3434 4058 ἀνασχόμενος
3456 3990 3751 4056 δυσωδίας,

2168 4078 2257 4131 ἵνα
2278 4080 2375 4148 τῆς
2392 4079 2601 4140 οἰκείας
2628 4079 3037 4150 φιλανθρωπίας
3063 4079 3401 4152 ἐπιδείξηται
3431 4083 3493 4134 τὸ
3520 4083 3752 4149 εὐῶδες,
3801 4093 3812 4102 ’

2167 4172 2259 4221 καὶ
2290 4170 2348 4222 τὸ
2372 4170 2506 4238 ἐμὸν
2534 4170 2710 4240 στόμα
2737 4170 2817 4242 τῷ
2869 4171 3027 4241 τάφῳ
3075 4171 3438 4238 συνεξανοίξει
3465 4173 3752 4244 Λαζάρου,

2166 4261 2576 4332 περικαθαίρων
2633 4261 2728 4314 τού
2785 4261 2902 4332 βίου
2949 4263 3048 4333 τὴν
3089 4263 3136 4296 ³⁸
3191 4263 3384 4334 κηλῖδα
3423 4264 3500 4328 ὡς
3533 4265 3753 4320 ἐκείνου

2164 4352 2264 4421 τὴν
2297 4351 2588 4421 νέκρωσιν.
2629 4353 3034 4421 Ἐζωογόνειτά
3058 4352 3286 4424 ὖδαταή
3315 4356 3494 4424 φωνὴ,
3532 4357 3756 4410 ἔτικτεν

481 4401 646 4518 Xerbi
711 4412 1026 4468 mandatum
1076 4415 1315 4488 factum,
1375 4433 1429 4478 et
1479 4430 1756 4496 quomodo
1821 4401 2055 4490 dubium,

2171 4401 2505 4513 ς’ὲήρἀξζέαι
2554 4401 2843 4501 συνούσίας
2886 4447 3013 4501 ἄνευ
3057 4449 3086 4499 6
3119 4401 3345 4510 τοκετδέ
3382 4401 3752 4518 ἐπληθύνετο.

479 4497 616 4554 dicis
654 4502 907 4574 virgineae
937 4513 1308 4580 conceptionis
1344 4521 1705 4588 mysterium?
1734 4523 1866 4590 Quae
1915 4528 2060 4582 enim

474 4587 585 4657 jam
627 4591 746 4646 sine
797 4597 1006 4652 semine
1048 4615 1156 4654 non
1201 4604 1608 4675 concipiuntur,
1665 4587 1789 4666 cum
1838 4613 1926 4670 his
1956 4617 2062 4670 ali-

478 4679 696 4747 quando
755 4687 1034 4742 concurrit
1089 4705 1192 4745 vox
1244 4695 1487 4751 vocantis
1519 4699 1586 4752 ad
1635 4703 2058 4772 generationem,

479 4777 533 4822 et
558 4774 930 4843 conceptionis
965 4780 1184 4836 modum
1217 4787 1472 4856 przecepti
1513 4789 1596 4842 lex
1632 4791 1848 4846 imitata
1869 4802 1976 4858 est,
2006 4806 2062 4851 et

474 4871 582 4914 una
611 4878 740 4920 voce
765 4870 947 4925 omnia
981 4871 1260 4930 incarnata
1285 4887 1414 4932 sunt
1452 4897 1466 4934 :
1491 4890 1544 4936 ct
1563 4884 1655 4952 qui
1678 4894 1810 4941 tunc
1834 4898 2053 4944 creatu-

477 4967 594 5008 ram
631 4969 795 5012 carne
840 4959 1037 5030 induit,
1073 4975 1128 5020 et
1156 4980 1342 5023 semen
1369 4970 1490 5026 sine
1537 4975 1747 5030 semine
1798 4979 2054 5035 omnibus

475 5046 731 5116 contulit,
763 5051 853 5107 ille
886 5070 916 5108 a
945 5072 1147 5113 carnea
1175 5069 1318 5116 terra
1341 5078 1508 5120 carne
1531 5065 1779 5133 indutus,
1813 5072 1932 5127 sine
1965 5088 2055 5129 se-

475 5135 631 5234 mine
656 5139 959 5213 descendit,
988 5152 1157 5207 maris
1187 5155 1449 5219 radicem,
1480 5173 1643 5228 quam
1675 5176 1804 5218 caro
1825 5164 2043 5234 planta-

473 5225 571 5292 vit,
608 5228 744 5289 falce
775 5237 1028 5308 virgineze
1058 5245 1426 5314 generationis
1467 5252 1790 5319 prazcidens.
1817 5225 2046 5314 breator

2160 4533 2227 4587 Τί
2255 4535 2453 4602 λέγεις,
2495 4536 2773 4604 αἱρετικέ;
2821 4537 3039 4608 βλέπεις
3084 4538 3204 4592 ἀντὶ
3238 4539 3554 4612 καταϐολῆς
3581 4543 3760 4613 σπέρδ

2165 4643 2335 4696 ματος
2363 4627 2424 4679 τὸ
2452 4627 2544 4680 τοῦ
2587 4629 2764 4696 Λόγου
2796 4631 3080 4700 γινόμενον
3114 4631 3471 4702 πρόσταγμα,
3508 4635 3607 4686 καὶ
3630 4635 3759 4698 πῶς

2160 4717 2462 4786 ἀμφίϐολον
2518 4719 2699 4788 λέγεις
2761 4721 2865 4791 τῆς
2908 4722 3246 4793 παρθενικῆς
3303 4724 3623 4795 γεννήσεως
3691 4727 3760 4779 τὸ

2161 4810 2494 4879 μυστήριον;
2525 4811 2595 4864 "A
2621 4813 2729 4882 γὰρ
2758 4811 2855 4865 νῦν
2889 4812 3205 4882 σπέρματος
3236 4813 3366 4867 ἄνευ
3397 4816 3459 4868 οὐ
3493 4818 3540 4848 ’⁸
3564 4817 3757 4870 τίκτε-

2161 4914 2273 4962 ται,
2312 4900 2526 4967 τούτοις
2556 4903 2589 4972 ὴ
2623 4907 2776 4972 φωνὴ
2810 4906 2931 4956 τότε
2982 4905 3271 4976 συνέτρεχε
3312 4906 3408 4959 τοῦ
3445 4907 3753 4972 καλοῦντος

2160 4991 2296 5061 πρὸς
2327 4993 2604 5064 γέννησιν,
2648 4997 2741 5049 καὶ
2769 4997 3082 5067 συλλήψεως
3127 4999 3328 5068 τρόπον
3355 5000 3384 5051 ὁ
3419 5001 3521 5070 τῆς
3549 5001 3752 5054 κελεύ-

2162 5098 2300 5145 σεως
2327 5084 2579 5154 ἐμιμεῖτο
2608 5086 2792 5156 νόμος,
2829 5087 2924 5140 καὶ
2944 5087 3030 5140 διὰ
3060 5089 3189 5156 μιᾶς
3218 5087 3405 5158 φωνῆς
3434 5088 3753 5159 ἐσαρκοῦτο

2151 5170 2220 5225 τὰ
2255 5173 2453 5228 πάντα.
2504 5177 2615 5229 Kal.
2665 5178 2693 5229 6
2745 5177 2866 5230 τότε
2915 5177 3204 5249 σαρκώσας
3257 5180 3356 5248 τὴν
3406 5179 3592 5232 κτίσιν
3646 5181 3750 5232 καὶ

2157 5263 2360 5334 σπόρον
2405 5265 2661 5338 ἀσπόρως
2696 5269 3010 5339 χορηγήσας
3054 5272 3169 5332 τοῖς
3224 5273 3391 5323 πᾶσιν
3436 5272 3605 5336 αὐτὸς
3631 5271 3750 5324 ἀπὸ

1746 5431 1982 5491 VARUS
2026 5438 2433 5500 LECTIONES.

546 5509 589 5536 ³⁵
621 5509 916 5607 Παναιάδος
943 5512 1006 5566 Α.
1047 5514 1129 5593 ~’°
1155 5514 1596 5607 κηρύξουσαοοιῃ.
1628 5522 1682 5576 ll.
1743 5525 1785 5556 ²⁷
1806 5527 2049 5601 ἀναιρεῖν
2073 5532 2298 5607 ἐκεῖνον]

473 5591 580 5629 om.
608 5595 689 5646 pr.
729 5581 795 5648 Α,
829 5594 952 5638 ante
981 5581 1075 5636 τοῦ
1098 5581 1249 5653 ponit
1273 5582 1335 5639 Β.
1439 5590 1482 5621 ²⁹
1511 5589 1573 5642 οὐ
1601 5605 1713 5647 om.
1758 5594 1822 5651 Λ.

2329 5536 2628 5607 ἀναιρεῖνον
2665 5553 2746 5607 pr.
2789 5539 2852 5605 A,
2888 5538 3128 5611 ἀναιρεῖν
3155 5538 3316 5594 αὐτὸν
3341 5554 3489 5597 corr.
3569 5543 3614 5576 ’⁸
3637 5545 3745 5614 τὴν
