3922 6242
181 206 278 267 225

1150 203 1675 264 BIBLIOTHECA.
1706 230 1774 240 -
1805 205 1970 269 COD.
2031 206 2360 270 CCLXXII.

3319 211 3425 275 226

185 317 403 387 λογικῆς
436 316 746 387 σαρκωθεὶς
768 318 875 387 γῆς
920 315 1191 387 προῆλθεν
1234 320 1511 389 ἀσπὸρως,
1536 319 1635 391 τὴν
1664 320 1752 373 διὰ

1871 338 2068 391 ponens
2112 325 2391 381 hominem
2433 325 2488 380 in
2537 328 2831 396 paradiso,
2872 328 3049 387 colere
3092 337 3296 385 terram
3322 371 3339 396 ,
3372 341 3429 389 et

186 411 378 479 σαρκὸς
409 410 776 478 φυτευθεῖσαν
799 407 895 461 τοῦ
927 408 1159 463 θανάτου
1195 410 1349 480 ῥίζαν
1385 414 1451 482 τῇ
1501 410 1747 484 δρεπάνῃ

178 503 269 569 τῆς
294 499 630 570 παρθενικῆς
650 499 932 553 ἐκκόπτων
955 501 1281 570 γεννήσεως.
1326 502 1413 554 Ἐν
1433 503 1748 574 παραδείσῳ

180 592 401 661 θέμενος
447 591 478 643 ό
526 592 743 656 πλάσας
791 593 884 647 τὸν
931 594 1216 665 ἄνθρωπον
1275 594 1602 664 ἐργάζεσθαι
1652 597 1750 651 καὶ

178 684 472 751 φυλάττειν
500 685 856 754 προσέταξεν,
887 685 975 739 ἵνα
1016 685 1091 754 μὴ
1128 688 1194 756 τῇ
1225 685 1467 758 ῥᾳθυμίᾳ
1500 687 1750 752 δεδωκὼς

178 776 272 837 τῆς
326 773 580 836 ἐξουσίας
622 775 683 827 τὸ
734 775 951 844 ἕτοιμον
992 774 1302 844 ἀφύλακτος
1350 776 1573 846 γένηται
1614 778 1751 849 πρὸς

179 864 474 935 ἐπιϐουλὴν
502 865 596 917 τοῦ
620 865 819 935 ἐχθροῦ
856 868 922 931 ³ο,
953 866 1147 936 φθόνου
1186 868 1443 935 πρόσοδον
1475 869 1570 922 τοῦ
1613 870 1749 923 Θεοῦ

180 957 509 1024 ποιούμενος
538 956 608 1008 τὰ
655 956 990 1027 χαρίσματα.
1031 958 1216 1012 Ταῦτα
1267 956 1390 1010 ἰδὼν
1420 960 1449 1010 ὁ
1475 961 1587 1022 τοῖς
1612 962 1643 1027 ή
1654 977 1751 1030 με-

175 1051 360 1120 τέροις
402 1051 487 1103 ἀεὶ
521 1050 829 1119 βασκαίνων
868 1051 911 1082 ³²
962 1051 1147 1113 καλοῖς
1187 1051 1594 1119 ἀπροφάσιστον
1628 1053 1752 1106 καθ’

177 1142 338 1210 ἡμῶν
373 1141 574 1211 ἔχθραν
610 1140 971 1209 ἀνελάμϐανε.
1010 1140 1158 1193 Φιλεῖ
1181 1141 1289 1208 γὰρ
1321 1142 1428 1193 τῶν
1468 1142 1753 1211 βασκάνων

174 1234 205 1300 ἡ
228 1233 396 1299 φύσις
423 1232 681 1301 πολεμεῖν
701 1232 980 1297 ἀναιτίως,
1005 1233 1063 1299 ἐξ
1083 1232 1281 1301 ἑαυτῆς
1309 1234 1753 1304 σπερματίξουσα

176 1325 275 1393 τῆς
318 1325 518 1386 κακίας
549 1325 649 1395 τὴν
672 1325 823 1394 ὕλην,
858 1325 951 1377 καὶ
977 1325 1076 1395 τὴν
1106 1327 1248 1378 κατὰ
1272 1326 1544 1395 πρόφασιν
1575 1329 1752 1397 μάχην

176 1416 251 1478 ὡς
318 1416 650 1487 ἐφύϐριστον
694 1420 1078 1486 παραιτεῖται,
1135 1415 1262 1488 [825
1319 1416 1413 1488 Η.]
1474 1418 1755 1482 ἀσθενείας

172 1508 383 1576 ταύτην
421 1510 465 1540 ³⁸
488 1509 811 1578 λογιζομένη
850 1509 1115 1578 ὑπάρχειν
1140 1509 1381 1579 ἔλεγχον.

261 1600 474 1666 Ῥιφεὶς
505 1601 562 1652 δὲ
596 1600 703 1652 τῶν
734 1600 845 1653 ἄνω
871 1602 899 1652 ὁ
925 1601 1116 1670 ἐχθρὸς
1145 1601 1401 1670 ἐπολέμει
1439 1604 1551 1665 τοῖς
1585 1602 1752 1666 κάτω,

1854 427 2076 468 servare
2099 413 2283 484 jussit,
2321 431 2389 470 ne
2422 416 2651 486 ignaviae
2678 435 2736 473 se
2778 421 2981 475 dedens
3024 420 3089 475 ad
3121 420 3427 479 libertatem

1855 505 2019 561 nimis
2065 507 2344 575 proclivis,
2388 509 2627 563 hostium
2685 509 2899 565 insidiis
2941 520 3175 580 pateret,
3212 513 3429 568 invidiae

1851 612 2077 653 accessu
2130 599 2221 653 Dei
2277 600 2599 654 beneficium
2633 611 2995 657 commutatis.
3054 600 3180 659 Haec
3217 605 3425 671 videns,

1850 690 1945 758 qui
1979 691 2183 745 nostris
2205 692 2426 747 assidue
2449 691 2607 746 bonis
2642 692 2868 756 invidet,
2893 694 3300 750 inimicitiarum
3332 710 3429 750 oc-

1852 782 2129 836 casionem
2161 782 2288 836 hinc
2318 783 2571 852 sumpsit.
2593 782 2901 837 Invidorum
2934 785 3078 838 enim
3123 796 3316 840 natura
3345 798 3428 842 est

1851 889 2095 944 pugnare
2122 891 2245 930 cum
2278 876 2459 944 aliquo
2502 874 2649 928 nulla
2688 876 2754 929 tle
2778 890 2980 943 .causa,
3013 892 3079 929 ex
3114 892 3173 931 se
3208 877 3430 934 malitiae

1854 981 2038 1020 semen
2070 967 2350 1021 seminans
2382 984 2396 1019 :
2427 976 2479 1019 et
2500 980 2736 1035 pugnam
2774 974 3032 1035 tanquam
3063 969 3427 1022 contumelio-

1854 1071 1969 1111 sam
2012 1059 2169 1129 fugit,
2222 1075 2343 1128 quae
2378 1068 2524 1114 certa
2578 1060 2644 1113 de
2681 1074 2845 1113 causa
2898 1059 3114 1122 accidit,
3148 1067 3264 1112 rata
3314 1061 3429 1115 haec

1852 1164 1972 1203 esse
2018 1151 2406 1206 imbecillitatis
2449 1159 2848 1221 argumentum.
2897 1151 3158 1205 Inimicus
3214 1166 3244 1205 e
3288 1152 3428 1207 cmlo

1854 1239 2074 1307 lapsus,
2127 1251 2321 1295 contra
2381 1242 2629 1296 homines
2682 1242 2735 1295 in
2785 1252 2926 1297 terra
2976 1242 3180 1295 bellum
3237 1242 3425 1311 gerit:

1854 1342 1984 1401 post
2008 1347 2199 1386 casum
2229 1348 2453 1401 regnum
2486 1348 2843 1401 persequens,
2874 1334 3021 1401 quod
3073 1332 3250 1387 adhuc
3278 1342 3429 1387 stans

1858 1430 2043 1476 tenere
2110 1437 2217 1475 non
2271 1422 2461 1488 valuit,
2498 1431 2551 1476 et
2604 1433 2793 1477 contra
2841 1420 3007 1477 Evam
3048 1436 3198 1475 arma
3239 1424 3429 1486 movit,

1858 1509 2222 1589 fraudulentis
2264 1512 2409 1565 illam
2458 1512 2580 1566 telis
2626 1511 2947 1574 vulnerans,
2993 1522 3046 1564 et
3088 1511 3208 1564 sine
3246 1511 3435 1565 dolore

1858 1603 2169 1671 prostravit,
2221 1610 2478 1670 tanquam
2536 1602 2712 1671 gladio
2758 1603 2879 1671 ejus
2926 1601 3105 1655 verbis
3156 1611 3335 1665 utens,
3378 1608 3433 1656 et

176 1689 462 1757 βασιλείαν
505 1690 732 1742 ἐκδικῶν
769 1690 905 1758 μετὰ
953 1691 1180 1754 πτῶσιν,
1216 1692 1282 1760 ἣν
1329 1691 1472 1761 ἔχειν
1502 1692 1547 1729 ³³
1590 1693 1757 1757 ἐστὼς

1871 1694 1945 1748 sui
1968 1694 2118 1748 exitii
2147 1696 2529 1749 administram
2563 1695 2707 1748 illam
2732 1694 2975 1763 capiens.
3005 1692 3156 1747 Unde
3180 1708 3302 1747 cum
3336 1707 3436 1747 cte-

176 1780 277 1830 ούκ
310 1778 568 1846 ῆδύνατο.
620 1780 729 1832 Καὶ
794 1779 933 1832 κατά
977 1781 1076 1849 τῆς
1125 1780 1270 1844 Εὔας
1310 1783 1755 1853 ἐστρατοπέδευε,

178 1870 399 1939 βέλεσιν
431 1871 603 1941 αὐτὴν
653 1872 1027 1935 κατατοξεύων
1076 1873 1311 1941 ἀπάτης,
1356 1874 1451 1925 καὶ⁸
1498 1874 1760 1943 ἐπληττεν

179 1963 498 2025 ἀνωδύνως,
530 1963 604 2023 ὡς
637 1962 778 2029 ξίφει
809 1962 1088 2032 χρώμενος
1126 1965 1193 2033 τῇ
1232 1962 1447 2034 ἐκείνης
1482 1966 1758 2034 προθέσει,

178 2052 449 2118 κάκείνην
468 2051 758 2122 λαμϐάνων
775 2055 873 2123 τῆς
895 2053 1096 2115 οἰκείας
1118 2054 1448 2123 ἀναιρέσεως
1466 2056 1757 2125 ὑπουργόν.

180 2143 374 2205 Ὅθεν,
400 2144 591 2213 ἐπειδὴ
612 2144 709 2213 τὴν
746 2144 958 2213 σφαγὴν
986 2143 1323 2212 ἀναίμακτον
1354 2146 1618 2213 ἐπετέλει,
1642 2148 1762 2201 οὐδὲ

182 2238 458 2306 φονευτὴς
486 2238 787 2306 ἐνομίζετο,
816 2237 929 2289 ἀλλ’
963 2237 1037 2301 ὡς
1075 2239 1278 2305 ἀγαθὸς
1312 2240 1610 2310 σύμϐουλος
1640 2244 1761 2295 ἐπιδ

183 2328 432 2391 στεύετο,
465 2332 530 2398 τῇ
574 2330 875 2400 ἀπαλότητι
901 2330 947 2361 ³⁵
976 2330 1075 2399 τῆς
1117 2332 1391 2402 μαχαίρας
1438 2334 1765 2404 μαλακύνων

180 2421 249 2472 τὰ
294 2420 598 2489 τραύματα
631 2422 723 2473 καὶ
775 2421 1029 2487 γλυκεῖαν
1084 2422 1298 2485 δεικνὺς
1341 2425 1442 2492 τῆς
1476 2425 1767 2495 ἀλγηδόνος

181 2512 283 2580 τὴν
312 2510 589 2580 αἴσθησιν.
645 2513 707 2564 Ἠ
739 2511 795 2564 δὲ
829 2512 873 2543 ³⁵
906 2512 993 2565 διὰ
1027 2512 1208 2581 χειρὸς
1235 2514 1493 2577 ἁπειθοῦς
1527 2517 1769 2569 ἀποστα-

184 2605 313 2667 σίας
375 2603 664 2674 γράφουσα
708 2603 895 2673 νόμον,
930 2604 1131 2674 ἐτρύγα
1164 2606 1373 2675 καρπὸν
1398 2605 1768 2677 ὠραῖξόμενον

183 2693 510 2763 παραϐάσει
546 2695 637 2745 καὶ
671 2695 736 2763 τῇ
766 2693 809 2723 ³⁸
852 2694 1006 2763 ἀκμῇ
1042 2694 1436 2763 πεπαινόμενον
1485 2694 1579 2747 τοῦ
1604 2696 1770 2749 θανά-

181 2804 310 2840 του.
355 2785 471 2856 Τῆς
519 2784 663 2847 Εὔας
698 2784 987 2855 προπετῶς
1043 2786 1388 2855 γευσαμένης
1430 2786 1523 2840 τοῦ
1582 2787 1762 2853 ξύλου,

184 2880 360 2939 αὐτὸς
393 2877 485 2929 τὸν
520 2877 735 2944 ἐκείνης
773 2876 1098 2945 ὀρεγόμενος
1127 2874 1347 2945 ὄλεθρον
1393 2877 1635 2929 ἄπεπτον
1655 2871 1769 2946 εἶχε

183 2969 288 3036 τῆς
330 2966 529 3029 κακίας
561 2965 660 3035 τὴν
717 2964 939 3034 βρῶσιν,
976 2966 1069 3017 καὶ
1116 2963 1259 3033 λιμῷ
1320 2967 1418 3035 τῆς
1465 2965 1771 3035 τηκομένης
1798 3002 1843 3063 c

185 3061 534 3130 τρεφόμενος
586 3058 747 3129 [1512
780 3057 871 3129 IL]
905 3059 998 3110 καὶ
1047 3058 1144 3126 τὴν
1196 3056 1410 3126 ἐκείνης
1459 3056 1772 3127 ἐνδυόμενος

183 3150 502 3219 γύμνωσιν,
531 3148 842 3219 πορφυρίδα
883 3146 1165 3217 βασιλικὴν
1200 3146 1271 3199 τά
1306 3147 1404 3216 τῆς
1442 3149 1613 3217 συκῆς
1654 3148 1773 3200 ἐλο-

186 3244 383 3308 τίζετο
414 3241 610 3310 φύλλα.
646 3236 798 3292 Εἷδεν
827 3238 1034 3292 ἀνωθεν
1060 3238 1159 3308 τὴν
1187 3238 1399 3293 ἀδικίαν
1441 3240 1469 3291 ὁ
1499 3237 1649 3303 Θεὸς,
1681 3238 1774 3290 καὶ

189 3335 453 3406 παριδεῖν
513 3334 613 3386 οὐκ
657 3333 950 3403 ἠνέσχετο,
1005 3330 1104 3400 τὴν
1174 3329 1330 3400 ὓϐριν
1400 3329 1495 3383 τοῦ
1557 3331 1773 3401 πρώτου

187 3428 523 3495 πλάσματος
555 3424 751 3478 ἐαυτοῦ
795 3421 1165 3492 λογιζόμενος.
1195 3423 1304 3475 Καὶ
1361 3422 1578 3475 κάτεισι
1606 3422 1777 3474 εδικά-

193 3536 333 3581 σων,
365 3516 477 3569 κᾶν
533 3515 670 3585 πρὸς
700 3516 799 3584 τὴν
854 3513 1010 3583 δίκην
1056 3514 1155 3566 οὐκ
1202 3512 1466 3582 ἐθάρρουν
1518 3510 1689 3565 ἐλθεῖν
1725 3513 1774 3564 οἱ

190 3611 519 3673 ὑπεύθυνοι,
548 3608 778 3677 φυγάδες
802 3607 1073 3677 γινόμενοι
1102 3606 1196 3659 καὶ
1222 3607 1332 3668 τοῖς
1350 3603 1583 3671 φθάσασι
1604 3619 1775 3673 προσ-

189 3703 443 3761 τιθέντες
489 3699 581 3751 καὶ
616 3697 740 3751 ἄλλο
769 3695 1164 3766 πλημμέλημα.
1207 3694 1446 3765 Τοπικὴν
1478 3693 1779 3761 ἐλογίζοντο

188 3795 289 3847 τοῦ
320 3790 460 3843 Θεοῦ
491 3790 589 3859 τῆν
625 3788 931 3856 ἐπίσκεψιν,
958 3788 1131 3855 Ἀδὰμ
1167 3784 1286 3839 ποῦ
1310 3781 1398 3850 si;
1438 3785 1538 3838 οὐκ
1561 3785 1778 3854 ὀργιζο-

192 3885 370 3955 μένου
405 3880 520 3935 ἀλλ’
552 3879 825 3941 ἐλεοῦντος
853 3880 885 3948 ἡ
929 3881 1109 3947 φωνή’
1138 3879 1237 3929 οὐκ
1300 3877 1778 3945 ἀποστρεφομένου

188 3976 311 4029 ἀλλ’
349 3973 684 4042 ἐλεοῦντοςή
718 3971 928 4039 κλῆσις.
957 3968 1413 4039 Παρηλλαγμένον
1453 3966 1634 4035 βλέπω
1683 3967 1781 4034 τῆς

192 4066 489 4139 βασιλείας
536 4064 597 4115 τὸ
636 4066 839 4133 σχῆμα,
892 4060 1292 4130 ἐνηλλαγμένην
1346 4062 1444 4129 τῆς
1487 4058 1643 4122 ἀξίας
1686 4057 1782 4128 τὴν

190 4156 513 4226 τάξιν.Ποῦ
538 4151 743 4223 εί;τῆς
772 4151 975 4223 φωνῆς
995 4168 1113 4207 σου
1128 4151 1364 4218 ἥκουσα
1390 4150 1783 4218 περιπατοῦν-

186 4269 324 4316 τος,
359 4248 461 4301 καὶ
500 4248 778 4314 ἐκμύϐην.
821 4243 1062 4315 Ἤρκεσέ
1101 4261 1189 4313 μοι
1235 4242 1373 4311 πρὸς
1427 4241 1628 4294 δειλίαν
1676 4239 1784 4292 τῶν

1863 1786 1985 1841 dem
2020 1787 2361 1841 incruentam
2399 1776 2734 1855 perfecisset,
2771 1802 2948 1854 neque
2973 1786 3246 1839 homicida
3276 1793 3434 1853 puta-

1862 1876 2042 1943 batur,
2079 1879 2171 1931 sed
2203 1886 2263 1931 ut
2313 1877 2489 1931 bonus
2531 1876 2883 1931 consiliarius
2920 1875 3259 1938 credebatur,
3298 1875 3435 1929 sim-

1861 1968 2103 2036 plicitate
2136 1968 2297 2036 gladii
2326 1968 2547 2021 vulnera
2577 1966 2824 2021 molliora
2860 1966 3110 2029 reddens,
3146 1964 3431 2019 etdulcem

1862 2059 2065 2113 doloris
2094 2074 2319 2113 sensum
2367 2057 2653 2111 exhibens.
2709 2055 2828 2126 lpsa
2865 2070 2991 2109 vero
3032 2070 3195 2108 manu
3239 2062 3435 2107 contu-

1863 2149 2006 2204 maci
2036 2148 2362 2203 defectionis
2401 2148 2644 2203 scribens
2674 2147 2869 2216 legem,
2906 2146 3199 2216 acquisivit
3226 2160 3437 2215 praeva-

1864 2239 2092 2295 ricando
2124 2241 2226 2295 sibi
2256 2239 2543 2309 pulchrum
2577 2238 2836 2304 fructum,
2863 2245 2917 2291 et
2942 2236 3071 2291 ﬂore
3100 2238 3290 2291 mortis
3323 2252 3440 2290 ma-

1866 2341 2071 2387 turum.
2108 2331 2217 2385 Eva
2248 2340 2430 2385 autem
2464 2346 2586 2385 cum
2624 2339 2821 2383 temere
2856 2330 2922 2382 de
2961 2328 3105 2398 ligno
3141 2336 3434 2397 guSIasset,

1868 2422 1984 2493 ipse
2015 2422 2178 2491 hujus
2216 2430 2444 2475 mortem
2479 2430 2690 2490 petens,
2722 2420 2992 2475 incoctum
3020 2420 3224 2487 peccati
3254 2419 3435 2473 cibum

1869 2514 2078 2578 habuit,
2095 2522 2148 2567 et
2166 2512 2676 2581 fameliquescentis
2692 2510 2957 2575 nutritus,
2974 2510 3183 2564 etillius
3207 2511 3438 2564 induens

1870 2602 2193 2668 nuditatem,
2218 2617 2517 2671 purpuram
2545 2615 2666 2656 esse
2687 2602 2923 2670 regalem
2958 2600 3148 2671 506b
3184 2600 3317 2655 ﬁcus
3347 2599 3434 2654 fo-

1871 2693 1940 2747 lia
1970 2694 2375 2747 existimarunt.
2427 2691 2571 2746 Deus
2605 2707 2672 2746 ex
2713 2693 2820 2745 alto
2853 2701 3129 2761 peccatum
3179 2691 3437 2761 inspexit,

1871 2792 1924 2836 et
1946 2784 2239 2837 connivere
2270 2782 2467 2847 noluit,
2500 2782 2758 2851 injuriam
2781 2781 2970 2852 primae
2995 2791 3257 2835 creaturae
3282 2796 3439 2835 suam

1872 2888 1995 2928 esse
2028 2883 2202 2938 ratus,
2234 2883 2285 2927 et
2316 2874 2571 2943 judicans
2604 2872 2773 2937 venit,
2804 2887 3116 2941 quanquam
3149 2871 3227 2926 rei
3255 2875 3321 2925 ad
3352 2871 3442 2941 ju-

1876 2966 2079 3020 dicium
2103 2966 2285 3020 venire
2312 2981 2417 3019 non
2445 2966 2731 3027 auderent,
2756 2963 3044 3033 fugientes,
3073 2972 3124 3016 et
3151 2963 3319 3032 priori
3346 2963 3444 3018 de-

1874 3057 2002 3113 licto
2033 3058 2178 3111 aliud
2212 3056 2593 3125 adjungentes.
2626 3054 2948 3123 Cagitarunt
2974 3052 3068 3106 Dei
3104 3054 3446 3121 praesentiam

1876 3151 1997 3204 loco
2022 3164 2145 3204 esse
2194 3149 2698 3218 circumscriptam.
2731 3146 2902 3198 Adam
2932 3147 3020 3199 ubi
3042 3163 3096 3200 es
3121 3146 3144 3200 ἳ
3172 3145 3291 3200 Non
3319 3156 3448 3202 sunt

1876 3242 1991 3296 haec
2020 3241 2184 3295 verba
2226 3240 2375 3305 irati,
2426 3241 2518 3293 sed
2562 3237 2936 3293 misericordis
2972 3255 2983 3290 :
3014 3253 3120 3291 non
3156 3253 3258 3292 vox
3287 3252 3447 3304 repu-

1876 3331 2099 3397 diantis,
2155 3331 2249 3386 sed
2299 3330 2628 3386 miserentis.
2660 3329 2919 3383 Mutalam
2956 3329 3165 3397 imperii
3213 3329 3446 3383 formam

1878 3425 2055 3488 video,
2075 3424 2352 3494 dignitatis
2373 3424 2537 3477 alium
2557 3422 2825 3477 ordinem.
2851 3421 2952 3475 Ubi
2970 3438 3022 3475 es
3041 3422 3066 3474 2
3088 3421 3273 3475 Vocem
3299 3430 3446 3475 tuam

1881 3517 2058 3571 audivi
2075 3515 2395 3569 ambulantis
2409 3523 2458 3569 et
2474 3514 2723 3569 abscondi
2738 3530 2818 3567 me
2841 3511 2857 3550 1
2881 3532 2894 3568 :
2918 3522 2970 3566 et
2984 3529 3081 3567 cur
3100 3514 3342 3566 timerem
3359 3527 3448 3566 sa-

1879 3609 1949 3664 tis
1982 3618 2100 3663 erat
2118 3608 2199 3662 vel
2212 3606 2408 3677 pedum
2424 3616 2639 3661 tuorum
2657 3605 2934 3674 strepitus.
2957 3604 3275 3659 Tantienitn
3298 3603 3445 3673 judi-

1880 3701 1959 3756 cis
1972 3700 2155 3753 omnia
2171 3699 2481 3753 clamabant
2493 3698 2765 3763 membra,
2777 3708 2828 3750 et
2848 3713 2911 3750 cu
2921 3712 2970 3749 In
2993 3711 3102 3750 rem
3117 3712 3236 3750 cum
3252 3695 3342 3749 tali
3356 3711 3450 3749 reo

1881 3791 2083 3845 habeas
2102 3806 2207 3845 non
2230 3790 2403 3844 habeo
2421 3804 2599 3843 causa?
2622 3789 3206 3856 dicentlzelihertatem.
3223 3787 3451 3855 Suscipe

1884 3882 2132 3935 timorem
2188 3882 2283 3949 qui
2323 3889 2606 3949 peccatum
2656 3894 2836 3933 meum
2892 3888 3103 3947 purget,
3153 3887 3209 3932 et
3251 3878 3344 3945 qui
3378 3876 3453 3930 sit

1881 3984 2147 4043 patronus
2198 3983 2305 4028 tuae
2335 3974 2583 4042 justitiaa.
2620 3971 2850 4025 Vincere
2878 3981 2932 4025 te
2975 3970 3187 4025 ostendi
3238 3970 3452 4039 fugiens

1883 4067 2208 4122 sententiam
2258 4077 2403 4120 tuam
2434 4083 2449 4118 :
2482 4064 2710 4119 crimina
2754 4062 2882 4131 fuga
2932 4062 3131 4129 detexi,
3160 4061 3455 4115 ostendens

1886 4174 2126 4213 errorem
2155 4157 2368 4212 defendi
2420 4171 2530 4209 non
2577 4170 2756 4223 posse.
2804 4153 2995 4207 Mulier
3037 4167 3202 4221 quam
3254 4150 3452 4205 dedisti

1886 4248 2021 4301 mihi
2043 4247 2271 4312 sociam,
2303 4247 2450 4301 dedit
2474 4246 2606 4300 mihi
2636 4246 2888 4315 deligno,
2911 4252 2964 4299 et
2993 4244 3223 4299 comedi.
3257 4242 3456 4297 Habuit

189 4341 381 4396 ποδῶν
433 4341 468 4408 ἡ
510 4339 695 4407 φωνή’
736 4336 978 4389 τοιούτου
1021 4337 1131 4405 γὰρ
1175 4333 1430 4387 δικαστοῦ
1474 4334 1574 4386 ὅλα
1601 4333 1767 4403 φωνῆι

1888 4339 2205 4392 clementem
2229 4337 2490 4406 judicem,
2521 4345 2575 4391 et
2603 4337 2811 4391 invenit
2842 4350 3068 4391 causam
3094 4335 3454 4389 commisera-

187 4436 312 4506 ἔχει
374 4432 445 4484 τὰ
483 4431 644 4502 μέλη,
678 4432 806 4483 ὅταν
850 4428 986 4498 πρὸς
1029 4425 1330 4480 ὑπεύθυνον
1367 4424 1466 4496 ἔχῃ
1512 4424 1772 4480 τοιοῦτον.

190 4529 316 4579 Οὐκ
359 4523 471 4593 ἔχω
499 4522 811 4593 παρρησίαν
842 4520 1046 4589 φωνῆς.
1078 4518 1241 4584 Δέξαι
1271 4516 1361 4570 τὸν
1392 4517 1553 4585 φόϐον
1593 4518 1686 4570 καὶ
1720 4517 1779 4570 τὸ

191 4619 335 4687 ἐμὸν
368 4613 694 4684 βεϐαιοῦντα
733 4612 774 4643 ³⁷
807 4610 1186 4681 πλημμέλημα
1220 4608 1313 4661 καὶ
1361 4608 1459 4677 τῆς
1500 4607 1600 4677 σῆς
1627 4608 1777 4676 γινό-

198 4724 367 4777 μενον
416 4702 816 4773 δικαιοκρισίας
896 4702 1213 4769 συνήγορον.
1280 4698 1535 4751 Νικῶσαν
1604 4698 1780 4764 ἔδειξα

197 4795 585 4863 δραπετεύσας
634 4793 734 4863 τὴν
761 4792 968 4862 ψῆφον·
1006 4788 1380 4858 ἀπεγύμνωσα
1414 4791 1481 4859 τῇ
1529 4791 1671 4860 φυγῇ
1712 4789 1781 4843 τὰ

202 4888 558 4959 εγκλήματα,
590 4882 974 4953 ἁσυνηγόρητα
1022 4880 1199 4947 δείξας
1222 4879 1288 4932 τὰ
1332 4878 1668 4950 πταίσματα.
1714 4880 1784 4935 Ἠ

201 4981 383 5049 γυνὴ,
422 4977 506 5046 ἣν
540 4976 767 5041 ἔδωκάς
785 4991 904 5044 μοι,
928 4971 1082 5036 αὐτή
1126 4989 1228 5041 μοι
1264 4971 1467 5036 ἔδωκε,
1503 4972 1600 5025 καί
1634 4970 1781 5040 ἔφα-

205 5092 333 5143 τον.
380 5074 552 5142 Ἔσχε
587 5068 969 5140 φιλάνθρωπον
1010 5064 1293 5134 δικαστὴν,
1340 5066 1436 5119 καὶ
1478 5059 1603 5136 εὗρε
1646 5066 1783 5135 πρό-

206 5182 369 5231 φασιν
414 5162 701 5233 συμπαθῆ.
764 5160 886 5213 Ἐπὶ
932 5159 992 5211 τὸ
1043 5156 1266 5219 ἀσθενὲς
1306 5157 1640 5226 καταφεύγει
1683 5157 1784 5225 τῆς

209 5253 370 5320 Εῦας,
404 5252 691 5306 ύπεκλύων
715 5250 807 5304 τοῦ
846 5247 1099 5301 δικαστοῦ
1132 5246 1229 5316 τὴν
1268 5247 1539 5303 ἐπίτασιν.
1575 5249 1638 5300 Ὢ
1674 5266 1782 5318 μα-

286 5369 300 5406 ι
347 5368 484 5422 Gen.
524 5383 609 5432 ιιι,
644 5366 698 5421 9.
776 5366 942 5430 ibid.,
974 5364 1057 5417 Μ.

1888 4430 2036 4483 tione
2093 4428 2334 4495 dignam.
2397 4428 2479 4481 Ad
2530 4427 2971 4493 imbecillitatem;
3014 4425 3139 4480 Eva:
3186 4425 3452 4497 confugit,

1887 4521 2116 4574 audiens
2152 4519 2401 4588 judicem
2444 4520 2723 4589 inquirere
2752 4534 2888 4573 rem.
2919 4516 2963 4572 Ο
3000 4519 3287 4588 patientem
3310 4517 3454 4587 judi-

1890 4626 2005 4665 cem
2043 4613 2057 4665 ι
2097 4610 2353 4665 Permisit
2382 4626 2596 4665 omnem
2645 4625 2865 4665 causam
2899 4610 3095 4665 referri
3128 4610 3194 4663 ad
3230 4625 3456 4678 serpen-

1890 4712 2018 4767 tem,
2047 4712 2107 4757 ut
2134 4704 2308 4758 levius
2343 4711 2608 4758 statueret
2654 4702 2896 4772 deceptis
2930 4703 3135 4758 crimen
3174 4724 3187 4759 :
3222 4702 3453 4756 Maledi-

1891 4804 2005 4848 ctus
2045 4805 2099 4847 tu
2151 4795 2290 4847 inter
2342 4796 2520 4848 omnia
2568 4795 2846 4859 animalia,
2880 4803 2929 4847 et
2959 4795 3151 4847 bestias
3177 4803 3333 4849 terrae
3367 4802 3405 4825 "
3439 4814 3452 4849 :

1888 4894 1948 4940 ιιι
1976 4887 2067 4955 qui
2095 4886 2355 4940 adversus
2378 4900 2593 4939 omnem
2636 4894 2942 4939 creaturam
2975 4886 3155 4941 scelus
3187 4888 3409 4954 patrasti
3437 4905 3453 4941 :

1887 4977 2087 5032 coelum
2128 4976 2325 5047 injuria
2361 4976 2611 5039 aﬂ'ecisti,
2662 4976 2881 5031 invidia:
2924 4992 3133 5032 veneno
3167 4976 3399 5032 foedatus
3437 4995 3451 5030 :

1889 5069 2110 5137 angelos
2136 5077 2229 5122 tua
2253 5067 2557 5122 defectione
2574 5068 3204 5136 contristastif,.minuere
3230 5067 3455 5121 studt-ns

1887 5160 2169 5215 beatorum
2215 5175 2525 5222 numerum,
2555 5160 2780 5230 ignarus
2807 5160 3025 5216 sublato
3065 5159 3237 5228 pejori
3266 5172 3456 5212 succe-

1888 5251 2013 5307 dere
2040 5253 2258 5308 melius.
2283 5253 2504 5323 Augens
2539 5253 2751 5323 augebo
2780 5252 2997 5308 dolores
3039 5260 3185 5315 tuos,
3220 5258 3272 5305 et
3299 5249 3456 5304 dein-

1480 5455 1710 5510 VARUE
1768 5456 2171 5514 LECTIONES.

282 5558 323 5588 ³⁸
356 5557 447 5609 τοῦ
478 5555 687 5627 ἐχθροῦ
719 5555 921 5627 etab.

220 5626 471 5697 ἁπλότητι
501 5644 563 5689 ς.

1002 5553 1040 5584 ³¹
1074 5552 1382 5620 βασκαίνων
1406 5552 1491 5604 ἀεὶ
1514 5552 1577 5605 Α.
1655 5552 1700 5622 ³2
1731 5552 1934 5622 ταύτην
1964 5555 2004 5607 Α
2045 5572 2057 5607 :
2089 5554 2260 5607 ταῦτα
2295 5574 2355 5619 ς.

646 5626 689 5655 ⁵⁵
715 5624 792 5694 δὲ]
830 5623 893 5693 δὴ
914 5623 971 5677 Β.
1049 5624 1093 5653 ³⁸
1124 5626 1189 5692 τῇ
1232 5637 1344 5677 om.
1376 5625 1440 5676 A.
1519 5623 1561 5654 ³⁷
1597 5621 1915 5691 βεϐαιοῦντα
1936 5624 1979 5675 Α
2015 5641 2029 5677 :
2062 5625 2371 5679 δικαιοῦντα
2400 5643 2459 5689 ς.

2437 5557 2481 5590 ³³
2508 5556 2650 5628 ἔχειν
2684 5574 2795 5614 om.
2834 5558 2899 5611 A.
2977 5555 3020 5587 ³⁸
3042 5554 3339 5624 ἁπαλότητι
3368 5552 3408 5607 Β
3442 5572 3455 5606 z
