3912 6234
506 234 613 298 227

1667 224 1929 285 ΡΠΟΤΙΙ
1967 222 2086 283 PA']

2190 219 2473 279 'ARCHJE
2500 219 2608 280 cr.
3632 232 3718 298 27:3

509 370 660 425 ceps,
695 368 730 408 o
772 350 982 407 Domini
1022 345 1557 403 commiserationem
1593 344 1605 395 !
1658 341 1958 411 indignatio
1996 340 2086 393 hu-

2204 336 2483 408 κροθύμου
2514 334 2767 388 δικαστοῦ
2797 335 2808 387 l
2844 336 3056 405 ἀφῆκεν
3089 336 3208 392 ὃλον
3238 339 3319 403 εἰς
3346 339 3433 393 τόν
3464 342 3575 412 ὅφιν
3618 365 3719 401 συν-

511 445 823 501 manitatem
892 439 1345 510 supergrediens,
1385 436 1520 504 legis
1567 435 1785 488 dolores
1835 432 2093 487 terminat

509 546 565 592 et
590 536 844 605 gemitus,
862 542 920 586 ut
941 533 1025 585 his
1043 530 1387 583 invaleseens
1408 535 1635 579 mortem
1649 540 1712 578 ex
1732 522 2095 577 delectatione

510 639 693 690 exuat,
744 622 1150 678 multitudinem
1188 619 1415 673 humani
1445 617 1666 686 generis
1702 614 2089 669 comminatus.

508 718 854 773 Additionem
889 711 1259 768 successionis
1301 710 1575 780 promittit
1616 708 1832 769 dolens,
1862 716 2091 759 matrem

510 807 696 862 mundi
728 806 891 873 elegit
923 806 1120 866 iratus,
1169 800 1454 855 cadentem
1489 800 1709 852 trahens
1754 797 1805 849 in
1844 809 2092 863 progres-

510 912 656 954 sum.
710 894 775 947 In
817 892 1086 945 doloribus
1113 892 1284 958 paries
1317 888 1457 956 ﬁlios
1480 892 1507 922 ¹³
1538 904 1552 940 :
1584 902 1681 956 per
1710 893 1956 939 ventrem
1980 880 2086 939 do-

508 995 620 1050 cet,
637 1001 732 1055 per
753 998 915 1052 quem
944 982 995 1034 in
1018 981 1280 1034 mundum
1302 983 1467 1041 venit,
1488 978 1710 1031 vetitum
1728 976 1949 1044 capiens
1970 972 2085 1026 fru-

512 1090 686 1139 etum,
734 1078 849 1144 ipsa
899 1074 1155 1143 puniatur
1191 1082 1376 1141 partus
1414 1070 1732 1133 doloribus,
1781 1076 1838 1122 et
1878 1078 2090 1135 magnas

515 1168 831 1238 cupiditatis
858 1168 1115 1220 damnum
1143 1165 1338 1235 507a
1373 1162 1725 1225 contrahens,
1755 1168 1811 1215 et
1841 1158 2089 1212 multitu-

516 1261 698 1315 dinem
751 1259 968 1328 generis
1011 1271 1294 1326 opponens
1350 1255 1629 1323 serpenti,
1678 1261 1733 1306 et
1795 1250 2093 1320 permultos

517 1362 870 1423 prosternens
913 1352 1183 1406 laetantem
1231 1366 1325 1420 per
1359 1362 1552 1403 unum.
1592 1347 1781 1401 Parias
1824 1359 1949 1399 cum
1994 1344 2093 1397 do-

520 1445 635 1501 lore
682 1452 851 1505 caste,
884 1460 1009 1498 cum
1058 1440 1178 1497 laeta
1222 1440 1475 1511 peperisti
1525 1439 1646 1494 sine
1677 1439 1900 1497 damno,
1929 1447 1979 1489 et
2025 1432 2095 1488 ad

508 1534 675 1586 virum
701 1540 848 1582 tuum
887 1531 1150 1583 conversio
1194 1539 1309 1585 tua.
1340 1530 1625 1584 Subditam
1682 1527 1848 1581 Evam
1879 1527 2091 1580 Adamo

507 1623 658 1693 fecit.
721 1620 966 1673 Libertas
1010 1620 1156 1673 enim
1205 1621 1417 1674 inutilis
1444 1622 1510 1675 iis
1544 1622 1635 1689 qui
1666 1635 1760 1687 per
1805 1634 1863 1672 se
1897 1631 2089 1685 sapere

509 1715 782 1768 nesciunt.
799 1715 916 1783 Ipse
935 1714 1305 1767 dominabitur
1322 1714 1422 1777 tui,
1439 1714 1768 1782 habevirum
1785 1712 2087 1781 dominum,

506 1814 561 1860 et
591 1820 701 1859 non
733 1814 1059 1873 serpentem.
1094 1805 1298 1859 Deinde
1334 1794 1411 1858 ad
1448 1806 1726 1858 meliorem
1755 1805 1920 1857 vitam
1960 1818 2091 1856 con-

507 1913 687 1960 versa,
722 1899 860 1951 unde
891 1906 1108 1966 sumpta
1159 1897 1360 1951 venisti
1408 1898 1461 1950 in
1492 1898 1778 1950 mundum.
1815 1896 1887 1949 Et
1917 1894 2091 1949 Adam

507 1990 665 2053 dixit,
688 1997 795 2042 etc.
819 1987 967 2041 Nova
991 1989 1275 2042 clementia
1292 2004 1413 2057 qua:
1439 1990 1669 2057 priorem
1696 1999 1932 2056 superat.
1962 1988 2091 2040 Ani—

506 2097 631 2136 mus
688 2082 895 2150 paterni
935 2081 1127 2150 plenus
1174 2081 1410 2147 amoris,
1466 2081 1627 2133 mina:
1676 2080 1847 2149 plenae
1890 2094 2088 2133 conso-

504 2170 742 2225 lationis.
795 2170 1047 2239 Oportuit
1094 2170 1312 2239 quidem
1363 2178 1447 2231 te,
1501 2170 1706 2238 inquit,
1767 2169 1899 2222 mihi
1962 2170 2091 2221 obe-

505 2264 743 2318 dientem
780 2262 1028 2316 mulieris
1080 2262 1372 2316 consilium
1446 2276 1557 2315 non
1630 2261 1943 2324 attendisse,
1988 2274 2089 2313 nec

505 2356 700 2424 legem,
743 2370 903 2424 quant
949 2370 1067 2408 mea
1118 2369 1280 2407 manu
1333 2354 1550 2422 scripsi,
1586 2353 1770 2421 digitis
1823 2352 1947 2406 Evae
1996 2353 2088 2406 de-

505 2445 674 2499 lere:
718 2459 842 2498 eum
906 2458 1037 2498 vero
1107 2444 1454 2513 separatione
1513 2444 1789 2509 mulieris,
1854 2452 1907 2497 et
1964 2458 2087 2512 pec-

486 2532 632 2590 cato
683 2550 788 2589 non
845 2535 1135 2603 separeris,
1176 2536 1361 2604 accipe
1413 2536 1615 2605 legem,
1663 2551 1784 2604 qua:
1822 2536 1931 2589 tuis
1959 2550 2085 2604 pec-

504 2629 642 2681 catis
691 2625 987 2681 conveniat
1021 2643 1035 2679 :
1065 2625 1354 2679 maledicta
1386 2633 1553 2678 terra.
1606 2625 1777 2679 Adam
1820 2625 2082 2692 peccavit,

504 2725 649 2771 terra
700 2730 917 2784 poenam
972 2713 1110 2777 luit,
1164 2714 1289 2767 inde
1357 2715 1580 2781 incmpit
1624 2712 1892 2776 doctrina,
1941 2714 2087 2766 unde

505 2821 674 2861 causa
723 2804 930 2858 fraudis
954 2814 1136 2858 ortum
1187 2804 1359 2857 duxit.
1393 2804 1530 2857 Cum
1579 2804 1779 2873 plantis
1828 2803 2086 2872 deceptus

506 2913 630 2951 mea
660 2907 930 2966 praecepta
964 2894 1275 2965 neglexisti.
1308 2896 1540 2949 tribulos
1570 2904 1625 2949 et
1650 2897 1837 2965 spinas
1865 2896 2079 2950 habeat.

2196 429 2427 500 αχθῆναι
2476 428 2538 481 τὺ
2585 428 2778 488 αἴτιον,
2822 424 2908 481 ἵνα
2954 431 3285 501 κουφότερον
3312 437 3605 507 καταστήσῃ
3630 443 3721 503 τοῖς

2195 518 2627 572 ὲπιὸουλευθείσι
2663 520 2724 571 τὸ
2751 519 3023 589 ἔγκλημα.
3067 521 3520 591 Ἐπικατάρατος
3541 527 3613 580 σὺ
3627 530 3724 583 ἀπὸ

2194 611 2439 665 πάντων
2468 608 2587 663 τῶν
2609 609 2846 676 κτηνῶν
2875 610 2972 664 καὶ
2993 612 3111 665 ἀπὸ
3139 613 3382 667 πάντων
3405 615 3514 668 τῶν
3540 621 3724 686 θηρίων

2194 700 2298 769 τῆς
2332 700 2464 771 τῆς,
2497 702 2584 765 Ὠς
2609 702 2750 753 κατὰ
2779 701 2959 770 πάσης
3011 702 3244 767 ὲκζέσας
3276 705 3376 773 τὴν
3402 706 3602 760 ἀδικίαν
3644 711 3723 779 τῆς

2196 796 2450 859 κτίσεως.
2490 795 2765 864 (ιὺρανοὺς
2818 795 3131 867 ἐνύϐρισας,
3174 796 3253 866 τῷ
3292 796 3354 867 ἰῷ
3390 800 3629 869 ῥυπώσας
3649 802 3723 854 τοῦ

2198 888 2420 955 φθόνου.
2465 887 2757 955 Ἀγγέλους
2796 887 3073 958 ὲλύπησας
3092 891 3157 959 τῇ
3186 890 3510 962 ἀποστασία,
3528 894 3725 962 νομίζων

2194 978 2455 1033 ἐλαττοῦν
2478 980 2586 1032 τῶν
2630 980 2943 1050 ὐμνολόγων
2973 980 3033 1032 τὸ
3085 981 3302 1050 μέτρον,
3336 983 3434 1036 οὐκ
3481 984 3621 1048 εἰδὼς
3661 988 3725 1039 ὅτι

2191 1071 2270 1140 τῷ
2324 1070 2591 1141 χωρισμῷ
2639 1071 2731 1123 τοῦ
2767 1071 3007 1140 χείρονος
3059 1071 3349 1137 πλεονάζει
3385 1075 3441 1126 τὸ
3496 1079 3724 1145 κρεῖττον.

2194 1164 2526 1229 Πληθύνων·
2582 1162 2870 1229 πληθυνῶ
2908 1162 3016 1228 τὰς
3047 1164 3247 1229 λύπας
3279 1181 3417 1227 σου,
3464 1168 3551 1217 καὶ
3604 1166 3724 1236 ἑξῆς.

2192 1255 2364 1308 Βαϐαῖ
2411 1255 2509 1324 τῆς
2558 1254 2897 1323 Δεσποτικῆς
2949 1255 3334 1324 συμπαθείαςὲ
3376 1257 3727 1324 ’Δγανάκτησις

2192 1347 2604 1417 φιλανθρωπίαν
2629 1347 3032 1417 ὑπερϐαίνουσα
3072 1349 3239 1415 νόμου
3280 1348 3453 1411 λύπας
3479 1349 3633 1417 ὁρίζει
3653 1349 3727 1399 καὶ

2194 1440 2551 1506 στεναγμοὺς,
2601 1438 2686 1491 ἵνα
2718 1438 2945 1502 ταύταις
2990 1440 3405 1510 ἐγκαρτεροῦσα
3430 1441 3517 1493 τὸν
3548 1442 3605 1492 ὲκ
3647 1439 3726 1506 τῆς

2192 1532 2437 1602 τέρψεως
2462 1530 2800 1599 ἁποδύσηται
2832 1530 3080 1583 θάνατον.
3133 1531 3456 1600 Πλατύτητα
3500 1531 3614 1602 [826
3655 1528 3727 1599 IL]

2198 1622 2391 1686 γένους
2418 1620 2661 1673 ἀπειλῶν
2688 1620 3137 1689 εὐαγγελίζεται·
3168 1622 3487 1691 προσθήκην
3516 1620 3730 1688 διαδοχῆς

2202 1715 2548 1781 ὑπισχνεῖται
2572 1711 2939 1781 λυπούμενος·
2983 1712 3196 1783 μητέρα
3235 1713 3442 1782 κόσμου
3476 1712 3732 1781 χειροτονεῖ

2193 1802 2567 1874 ὀργιζόμενος,
2614 1805 2695 1866 είς
2750 1805 3036 1873 προκοπὴν
3094 1803 3244 1870 ἄγων
3290 1805 3391 1872 τὴν
3442 1803 3729 1855 πταίσασαν.

2204 1896 2301 1948 Ἑν
2326 1896 2549 1960 λύπαις
2578 1894 2720 1961 τέξῃ
2750 1893 2951 1947 τέκνα.
2985 1895 3084 1947 Διὰ
3117 1894 3356 1964 γαστρὸς
3412 1892 3657 1955 παιδεύει,
3679 1890 3730 1941 δι’

2190 1981 2258 2057 ἧς
2289 1985 2559 2056 προῆλθεν
2591 1986 2670 2046 εἰς
2703 1984 2934 2037 ὄλισθον.
2986 1984 3048 2037 Ἡ
3092 1985 3184 2037 τὸν
3212 1984 3585 2053 κεκωλυμένον
3623 1982 3731 2032 ὑπο-

2190 2078 2459 2147 δεξαμένη
2504 2077 2716 2147 καρπὸν
2755 2077 2895 2145 αὑτὴ
2936 2076 3281 2144 μαστιζέσθω
3325 2079 3439 2139 τοῖς
3486 2075 3576 2127 τοῦ
3600 2074 3731 2125 τόκου

2193 2171 2395 2232 πόνοις,
2446 2168 2539 2221 καὶ
2593 2169 2689 2237 τῆς
2722 2166 3029 2238 προπετοῦς
3080 2168 3378 2236 ἐπιθυμίας
3425 2171 3522 2237 τὴν
3561 2167 3732 2236 βλάὅην

2194 2259 2577 2323 συστέλλουσα,
2606 2261 2699 2311 καὶ
2728 2259 2828 2326 τὴν
2868 2257 3183 2327 πλατύτητα
3212 2257 3309 2310 τοῦ
3341 2258 3529 2325 γένους
3560 2259 3733 2309 ἀντιτι-

2190 2353 2343 2404 θεῖσα
2372 2350 2450 2421 τῷ
2478 2352 2620 2419 ὄφει,
2651 2351 2743 2403 καὶ
2777 2350 2863 2404 διὰ
2890 2350 3100 2403 πολλῶν
3147 2350 3560 2404 καταϐάλλουσα
3596 2350 3637 2380 ⁸⁸
3657 2349 3732 2399 τὸν

2189 2442 2257 2495 δι’
2286 2442 2404 2504 ἑνὸς
2430 2442 2877 2511 καυχησάμενον.
2908 2441 3238 2511 Λυπουμένη
3266 2441 3422 2495 τίκτε
3452 2440 3731 2511 σωφρόνως,

2189 2533 2377 2602 ἐπειδὴ
2411 2531 2676 2601 χαίρουσα
2702 2531 2927 2592 τέτοκας
2959 2530 3313 2600 ἀσυμφόρως.
3350 2532 3460 2586 Καὶ
3492 2531 3631 2598 πρὸς
3650 2530 3736 2583 τόν

2188 2623 2377 2690 ἄνδρα
2405 2637 2521 2676 σου
2560 2623 2598 2689 ἠ
2646 2620 3002 2689 ἀποστροφή
3062 2638 3200 2675 σου.
3265 2622 3608 2687 Ὑπεξούσιον
3656 2620 3733 2689 τὴν

2190 2713 2333 2765 Εὔαν
2386 2715 2525 2765 ποιεῖ
2574 2711 2652 2782 τῷ
2696 2712 2884 2782 ἀνδρί·
2938 2712 2999 2764 τὸ
3042 2712 3149 2781 γὰρ
3204 2714 3446 2784 ἄναρχον
3494 2711 3735 2779 ἀνωφελὲς

2186 2808 2298 2866 τοῖς
2329 2803 2387 2870 ἐξ
2436 2804 2645 2856 ἑαυτῶν
2693 2805 2989 2873 σωφρονεῖν
3014 2804 3115 2856 οὑκ
3163 2804 3386 2858 εἰδόσιν.
3430 2804 3538 2858 Kal
3582 2803 3733 2864 αὐτός

2186 2909 2303 2947 σου
2336 2894 2664 2961 κυριεύσει.
2719 2893 2886 2963 Δέχου
2930 2894 3021 2946 τὸν
3072 2894 3239 2965 ἄνδρα
3294 2896 3488 2962 κύριον
3545 2895 3631 2947 καὶ
3675 2891 3735 2960 μὴ

508 2986 850 3056 Sapientium
914 2984 1253 3038 medicorum
1305 2994 1408 3049 est,
1464 2986 1639 3040 morbi
1690 2987 1973 3040 materiam
2027 2987 2080 3040 in

2190 2984 2280 3037 τὸν
2312 2984 2435 3052 ὅφιν
2456 2984 2747 3051 δεσπότην,
2781 2983 2992 3036 ἐκεῖθεν
3022 2985 3368 3055 ὁδηγουμένη
3401 2985 3536 3057 πρὸς
3578 2983 3734 3052 κρείτ·

505 3080 759 3135 sanitatis
810 3076 1107 3132 remedium
1149 3086 1383 3141 mutare,
1420 3088 1475 3132 et
1523 3095 1645 3148 quae
1697 3095 1895 3133 nocere
1924 3089 2080 3148 puta-

507 3170 729 3234 bantur,
770 3170 921 3223 utilia
967 3184 1091 3224 essc
1135 3169 1513 3224 laborantibus
1565 3172 1877 3226 ostendere.
1912 3171 2079 3225 Bilida

506 3260 691 3328 lingua
727 3270 1067 3328 serpentum,
1121 3260 1331 3327 spinas,
1381 3271 1433 3314 et
1466 3262 1697 3316 tribulos
1747 3262 1978 3329 imitata,
2012 3278 2079 3317 ex

505 3366 616 3405 uno
647 3361 770 3405 ortu
823 3352 874 3403 in
927 3360 1039 3406 tres
1081 3351 1255 3406 divisa
1310 3352 1587 3407 stimulos.
1615 3354 1768 3408 Hanc
1811 3355 1878 3407 ad
1918 3370 2076 3425 opem

505 3444 741 3511 sumpsit
785 3442 1033 3507 invidus,
1090 3451 1352 3512 tanquam
1408 3453 1597 3496 contra
1622 3442 1943 3499 Trinitatem
1979 3462 2079 3514 pus

506 3543 797 3601 gnaturus,
848 3542 899 3585 et
930 3548 1025 3600 per
1065 3548 1234 3585 unam
1289 3533 1485 3587 Adami
1539 3536 1851 3604 imaginem,
1908 3547 2076 3590 totam

510 3621 768 3677 Deitatem
806 3624 1170 3678 calumnians.
1206 3624 1359 3680 Unde
1394 3626 1467 3679 illi
1518 3642 1716 3696 parens
1748 3628 1964 3683 rebellis
1992 3638 2077 3682 est

504 3715 641 3778 Deo,
668 3730 763 3783 per
792 3715 997 3769 similes
1044 3732 1129 3770 res
1159 3716 1359 3787 accipit
1400 3718 1731 3784 doctrinam,
1765 3730 1823 3773 ut
1856 3721 1923 3773 ab
1975 3721 2076 3775 hac

504 3807 897 3877 reprehensus,
917 3808 1157 3877 serpenti
1182 3810 1372 3862 merito
1398 3809 1728 3880 indignetur,
1761 3811 2075 3866 inimicitias

504 3913 631 3952 cum
657 3899 750 3952 illo
802 3907 1063 3967 perpetuo
1110 3914 1322 3968 gerens.
1355 3900 1500 3954 Vidit
1543 3911 1850 3956 creaturam
1881 3903 1947 3957 ad
1989 3917 2075 3958 re-

504 3990 672 4045 medii
704 3989 1143 4059 desperationem
1193 4001 1480 4059 asgrotare,
1515 4008 1624 4046 uno
1657 3994 1950 4063 impietatis
1976 3993 2075 4049 fte-

501 4085 630 4136 dere
668 4081 886 4145 victam,
935 4091 989 4134 et
1037 4082 1205 4135 alium
1249 4083 1472 4137 modum
1503 4099 1613 4137 non
1657 4098 1783 4138 esse
1815 4085 2070 4149 sanandi,

503 4173 608 4228 nisi
638 4173 706 4237 is,
739 4174 832 4242 qui
861 4188 984 4227 cum
1014 4182 1241 4228 naturas
1264 4176 1609 4243 providisset,
1648 4191 1712 4231 ac
1744 4177 2071 4244 voluntates,

504 4262 827 4315 medicinam
856 4262 1459 4333 adbibuissetaegrotis,
1492 4273 1621 4319 tunc
1652 4265 1870 4319 demum
1910 4268 2074 4320 sciret

2185 3094 2313 3129 τονα
2341 3076 2474 3146 βίον,
2503 3076 2625 3130 ὅθεν
2660 3075 2927 3144 ληφθεῖσα
2955 3074 3225 3146 προῆλθες
3273 3076 3354 3140 είς
3385 3079 3613 3145 γένεσιν.
3648 3072 3737 3127 Καὶ

2186 3168 2266 3233 τῷ
2331 3168 2513 3237 Ἀδὰμ
2566 3164 2760 3229 εἶπεν,
2800 3167 2895 3220 καὶ
2939 3168 3086 3237 ἑξῆς.
3139 3168 3305 3236 Ἄλλη
3359 3163 3733 3236 φιλανθρωπίας

2184 3261 2479 3325 ἀπόδειξις,
2501 3263 2599 3331 τῆς
2626 3260 2901 3331 προτέρας
2927 3262 3134 3314 νικῶσα
3177 3262 3267 3314 τὸν
3306 3263 3565 3317 ἔπαινον·
3596 3257 3736 3327 θυμὸς

2186 3356 2461 3425 πατρικῆς
2488 3356 2677 3423 γέμων
2707 3355 2964 3424 στοργῆς,
3003 3356 3203 3427 ἀπειλὴ
3237 3358 3551 3429 μιμουμένη
3584 3352 3738 3424 παρὰ·

2184 3446 2396 3515 κλησιν.
2442 3445 2590 3498 Ἔδει
2629 3446 2728 3515 μέν
2754 3463 2836 3513 σε,
2877 3447 3042 3517 φησὶν
3063 3488 3078 3511 ,
3113 3450 3235 3517 ἐμοὶ
3262 3449 3656 3520 πειθαρχοῦντα
3680 3444 3739 3515 μὴ

2182 3536 2439 3600 δέξασθαι
2495 3537 2752 3604 γυναικὸς
2807 3538 3143 3610 συμϐουλὴν,
3201 3542 3336 3611 μηδὲ
3375 3544 3471 3595 τὸν
3508 3541 3608 3594 ὑπὸ
3660 3538 3739 3604 τῆς

2184 3629 2327 3697 ἐμῆς
2380 3628 2561 3696 χειρὸς
2611 3628 2893 3699 γραφέντα
2923 3630 3088 3700 νόμον
3123 3631 3415 3696 δακτύλοις
3466 3629 3739 3698 ἀπαλεῖψαι

2183 3720 2281 3789 τῆς
2306 3718 2447 3781 Εὔας
2469 3736 2482 3750 ο
2514 3719 2633 3772 ἐπεὶ
2664 3720 2720 3772 δὲ
2761 3721 2942 3789 σχέσει
2973 3723 3196 3788 γυναίου
3224 3724 3457 3793 ἄσχετον
3486 3725 3633 3793 ἔσχες
3660 3718 3740 3772 τοῦ

2184 3810 2357 3863 κακοῦ
2389 3811 2487 3881 τὴν
2530 3811 2730 3883 ὁρμὴν,
2771 3813 2925 3882 δέχου
2962 3814 3127 3884 νόμον
3155 3818 3265 3877 τοῖς
3313 3819 3431 3880 σοῖς
3462 3815 3743 3886 ἁρμόζοντα

2183 3901 2542 3970 πταίσμασιν.
2642 3902 3111 3971 Ἐπικατάρατος
3165 3907 3204 3974 ἡ
3272 3906 3374 3976 γῆ.
3461 3909 3520 3959 '0
3592 3902 3743 3969 Ἀδὰμ

2181 3994 2419 4063 ἥμαρτε,
2446 3995 2541 4046 καὶ
2572 3995 2604 4064 ἡ
2628 3996 2697 4063 γῆ
2727 3995 2826 4065 τὴν
2857 3995 3017 4066 δίκην
3042 3999 3463 4067 εἰσπραττεται.
3487 3997 3643 4070 [151⁸5
3666 3990 3743 4062 8.]

2199 4084 2442 4138 Ἐκεῖθεν
2470 4086 2644 4156 ἀρχὴν
2670 4088 2885 4155 δέχεται
2943 4091 2975 4157 ἡ
3018 4089 3257 4153 παιδεία,
3306 4092 3435 4144 ὅθεν
3467 4092 3742 4155 ἐϐλάστησε

2181 4178 2281 4246 τῆς
2316 4178 2531 4247 ἀπάτης
2578 4180 2637 4231 τὸ
2676 4179 2866 4234 αἴτιον.
2919 4181 3135 4250 Ἐπειδὴ
3162 4186 3273 4246 τοῖς
3313 4189 3508 4254 φυτοῖς
3539 4178 3743 4253 ἑφαλλό-

2184 4287 2343 4340 μενος
2366 4269 2475 4323 τῶν
2512 4270 2663 4339 ἐμῶν
2724 4272 3138 4344 ἀπεσκίρτησας
3185 4276 3447 4342 ἐντολῶν,
3504 4275 3745 4335 ἀκάνθαις

504 4367 722 4415 sanare,
773 4368 899 4409 cum
946 4354 1201 4408 sanitatis
1239 4368 1411 4423 capax
1461 4356 1687 4409 omnino
1736 4366 1900 4413 esset.
1947 4358 2073 4412 ldeo

2190 4360 2271 4412 Ξσο
2296 4360 2338 4397 ³ο
2369 4360 2728 4429 συνεχόμενος
2745 4361 2838 4413 καὶ
2858 4363 3144 4433 τριϐόλοις.
3169 4367 3361 4433 Σοφῶν
3382 4370 3535 4421 ἐστιν
3569 4364 3745 4437 ἰατρῶν

502 4448 640 4502 dixit
667 4465 681 4502 :
721 4448 960 4513 Domine,
994 4449 1190 4502 inclina
1217 4450 1369 4503 caelos
1401 4461 1535 4515 mos,
1581 4462 1627 4505 et
1660 4453 1905 4506 descende
1937 4464 1985 4517 P,
2024 4466 2075 4506 et

2190 4451 2278 4519 τῆς
2316 4451 2473 4502 νόσου
2522 4450 2620 4521 τὴν
2673 4451 2805 4521 ὓλην
2856 4455 2935 4515 είς
2985 4456 3279 4527 φάρμακον
3333 4457 3748 4528 μετασκευάζειν

505 4540 724 4594 similia.
763 4541 1012 4596 Imitatus
1052 4553 1134 4599 est
1193 4544 1461 4598 Joannem
1520 4545 1763 4598 Lazarus
1804 4556 1854 4598 ιι.
1893 4546 1987 4599 llle
2022 4546 2074 4598 in

2190 4544 2391 4611 ὃγείας,
2474 4544 2569 4596 καὶ
2620 4543 2687 4596 τὰ
2762 4545 3096 4615 νομιζόμενα
3172 4549 3440 4619 βλάπτειν
3511 4546 3747 4618 ἐπωφελῆ

503 4642 692 4686 ventre
714 4635 905 4687 matris
934 4637 1248 4702 exsultavit,
1270 4652 1511 4690 errorem
1526 4637 1854 4691 dissolutum
1884 4638 1948 4690 iri
1976 4653 2075 4692 ex-

2190 4639 2447 4693 5εικνύειν
2499 4640 2613 4701 τοῖς
2653 4638 2937 4708 κάμνουσι.
2993 4642 3327 4713 Πολυσχιδὴς
3356 4648 3391 4718 ὴ
3452 4646 3550 4699 τοῦ
3592 4646 3752 4713 ὖφεως

504 4726 715 4779 sultans
754 4745 766 4779 :
801 4726 890 4779 hic
921 4726 972 4779 in
1003 4728 1238 4796 sepulcri
1270 4736 1423 4783 utero
1443 4744 1629 4782 eorum
1649 4730 1742 4797 qui
1772 4740 2073 4794 crrassent,

2190 4732 2426 4799 γλῶσσα,
2480 4732 2725 4793 ἀκάνθας
2780 4732 2875 4783 καὶ
2931 4732 3213 4803 τριϐόλους
3249 4739 3596 4809 μιμουμένη.
3654 4733 3751 4786 ἀπὸ

507 4815 698 4885 507!)
756 4820 1125 4873 reversionem
1172 4818 1589 4875 demonstravit.
1632 4819 1696 4873 Et
1746 4822 2070 4875 miraculum

2190 4825 2316 4892 μιᾶς
2357 4823 2495 4892 φυῆς
2551 4822 2631 4885 εἰς
2676 4823 2802 4893 τρία
2852 4822 3206 4895 διαιρουμένη
3262 4828 3492 4901 κέντρα.
3552 4827 3751 4891 Ταύτην

503 4907 771 4974 duplicem
820 4910 1009 4964 habuit
1039 4911 1257 4976 seriem,
1288 4921 1339 4963 et
1389 4913 1684 4979 potentiam
1732 4911 1947 4965 Domini
1974 4928 2072 4965 ex-

2190 4914 2370 4965 ἔλαϐεν
2408 4915 2488 4975 εἰς
2541 4915 2862 4983 συμμαχίαν
2908 4917 2936 4967 ὁ
2985 4916 3254 4985 βάσκανος
3300 4919 3380 4982 ὡς
3430 4921 3568 4991 πρὸς
3597 4916 3749 4981 αὐτὴν

502 4998 802 5065 tollentem,
869 5012 922 5054 et
968 5000 1281 5055 Iudaeorum
1330 5001 1569 5071 linguam
1623 5001 2068 5057 confundentem.

2190 5002 2493 5073 μαχόμενος
2518 5002 2616 5071 τὴν
2648 5004 2873 5072 Τριάδα,
2907 5007 3003 5057 καὶ
3022 5006 3110 5058 διὰ
3138 5009 3267 5075 μιᾶς
3291 5008 3389 5060 τοῦ
3427 5010 3601 5078 Ἀδὰμ
3622 5004 3749 5058 εἰκό·

500 5090 751 5147 Mortuus
784 5092 993 5159 obcdit,
1030 5102 1086 5147 et
1127 5093 1233 5147 vivi
1281 5109 1387 5148 non
1418 5095 1565 5148 item.
1605 5093 1800 5147 lnferis
1849 5094 2074 5148 maledi-

2190 5113 2263 5158 νος
2294 5095 2413 5147 ὅλον
2437 5093 2532 5163 τῆς
2552 5094 2803 5162 θεότητος
2834 5096 3130 5166 ἐνυϐρίζων
3154 5099 3214 5150 τὸ
3238 5100 3543 5170 πλήρωμα.
3574 5097 3749 5157 ⁰Οθεν,

501 5194 720 5249 xerunt,
775 5186 906 5254 quia
938 5184 1205 5240 Lazarum
1254 5185 1571 5240 reddebant.
1598 5184 2068 5241 Conviciabantur

2190 5181 2372 5252 ἐπειδὴ
2402 5182 2576 5255 ταύτῃ
2611 5185 2859 5250 πεισθεὶς
2896 5188 3111 5257 ἠπείθει
3141 5190 3281 5262 Θεῷ,
3310 5190 3406 5246 διὰ
3423 5193 3537 5246 τῶν
3564 5188 3753 5261 ὁμοίων

571 5383 601 5412 ³
634 5376 765 5432 Gen.
793 5397 870 5447 Ill,
900 5380 985 5436 16.
1052 5394 1077 5432 ρ
1106 5383 1249 5438 Psal.
1296 5401 1405 5451 xxv,
1436 5386 1490 5451 4,
1524 5386 1574 5439 5.
1653 5397 1679 5435 ει
1708 5386 1838 5440 Luc.
1872 5402 1912 5440 l.
1943 5386 2033 5454 M,
2067 5387 2157 5441 41.

1776 5521 2010 5578 VARI/Ii
2070 5524 2467 5582 LECTIONES.

573 5626 618 5658 ”
644 5628 768 5683 libri
796 5630 1193 5691 καταϐαλοῦσα.
1272 5638 1313 5668 ³9
1340 5635 1427 5689 ἔσο
1463 5638 1500 5689 Α
1531 5655 1542 5691 :
1574 5637 1711 5691 ἔστω
1739 5653 1789 5700 ς.
