3912 6234
216 262 323 326 2’29

1204 261 1729 323 BIBLIOTHECA.
1770 286 1839 298 --
1896 260 2061 321 COD.
2098 260 2465 322 CCLXXIII.

3377 263 3488 329 230

216 379 435 448 δέχεται
458 376 561 447 τὴν
610 377 881 441 παιδείαν,
928 377 1015 430 ἵνα
1044 375 1221 449 ταύτῃ
1265 375 1607 446 λυπούμενος
1641 374 1790 444 χαλει

1912 371 2156 437 Christo,
2189 390 2387 429 novam
2410 390 2440 429 a
2470 378 2702 432 mortuis
2734 375 3145 432 suscitationem
3179 374 3482 433 inducenti.

216 468 391 541 παίνῃ
415 466 495 537 τῷ
523 467 670 535 ὄφει,
699 466 1084 535 ἀκατόρθωτον
1118 466 1258 536 ἔχων
1290 466 1391 537 τὴν
1430 464 1567 536 πρὸς
1598 466 1805 517 ἐκεῖνον

217 558 427 629 φιλίαν.
475 557 715 611 Ἐὃλεπε
766 556 1030 610 νοσοῦσαν
1067 556 1173 630 ,τὴν
1220 556 1399 609 κτίσιν
1451 554 1669 618 ἀνίατα,
1724 555 1805 608 ἑνὶ

216 648 603 721 κρατουμένην
657 648 913 711 ἀσεϐείας
950 646 1275 717 συνθήματι,
1322 646 1418 701 καὶ
1459 646 1659 716 τρόπον
1702 646 1806 699 ούκ

217 738 365 795 εἶναι
400 740 744 813 διορθώσεως
771 740 982 811 ἕτερον,
1025 741 1073 791 εί
1104 738 1180 809 μὴ
1202 738 1416 807 φθάσας
1438 741 1467 791 6
1492 740 1684 808 φύσεις
1709 738 1804 793 καὶ

212 831 447 902 γνώμας
518 830 840 901 θεραπεύων
893 828 995 899 τὴν
1047 828 1291 899 ἰατρείαν
1350 829 1622 900 παράσχοι
1687 831 1802 893 τοῖς

210 925 514 994 κάμνουσι,
538 922 661 974 τότε
699 921 1025 991 θεραπεύειν
1068 920 1246 986 εἰδὼς,
1270 921 1399 974 ὅταν
1434 920 1562 989 ὅλην
1590 920 1728 990 λάϐῃ
1756 920 1802 951 ⁸ο

1908 465 2070 521 Pueri
2113 467 2346 537 hymnos
2369 468 2476 521 Deo
2501 467 2887 535 decantabant,
2914 470 3256 539 prophetiam
3292 471 3483 538 loque-

1908 558 2132 622 bantur,
2170 560 2418 613 eumdem
2448 570 2503 615 et
2536 576 2705 613 unum
2730 576 2854 616 esse
2889 562 2942 615 in
2968 562 3126 626 ctelo,
3156 570 3208 615 et
3236 561 3286 614 in
3315 571 3483 625 terra,

1910 659 1965 703 et
1999 650 2132 705 locis
2163 666 2270 704 non
2296 654 2576 721 \separari,
2628 668 2813 707 ramos
2858 654 3165 722 palmarum
3202 654 3481 715 tenebant,

1913 758 2023 796 non
2056 743 2287 811 palmas.
2324 742 2576 799 Nondum
2603 746 2752 799 enim
2799 746 2934 815 legis
2978 746 3317 800 sterilitatem
3347 761 3485 814 prae-

1910 836 2191 903 tergressi,
2229 838 2419 906 gratia:
2462 837 2805 892 dulcedinem
2834 847 3139 906 gustarunt.
3165 837 3301 891 Cum
3327 837 3484 893 Chri-

1911 936 2029 981 stus
2059 941 2303 982 amaram
2360 930 2632 999 serpentis
2676 929 2914 985 evellens
2945 931 3204 1001 plantam,
3236 931 3484 986 incorru-

209 1016 313 1085 τὴν
339 1016 526 1083 ὑγείαν
558 1015 783 1085 ήνότος.
816 1013 905 1066 Διὸ
931 1013 1143 1081 ἔλεγεν·
1168 1014 1363 1081 Κύριε,
1384 1013 1596 1068 κλῖνον
1626 1015 1790 1082 οὐρα·

1913 1020 2119 1088 ptionis
2152 1021 2417 1090 plantavit
2446 1022 2809 1078 dulcedinem.

208 1106 367 1172 γοὺς
396 1106 497 1159 καὶ
524 1104 847 1172 κατάϐηθι,
904 1102 1199 1156 καὶπολλὰ
1234 1102 1478 1157 τοιαῦτα.
1544 1106 1884 1176 Ἐμιμήσατο
1935 1109 2188 1179 Ἰωάννην
2233 1110 2263 1161 6
2311 1111 2559 1184 Λάζαρος
2629 1129 2643 1142 ·
2680 1115 2885 1175 ἐκεῖνος
2920 1114 2978 1166 ὲν
3040 1115 3105 1183 τῇ
3152 1113 3330 1183 κοιλίᾳ
3381 1113 3480 1180 τῆς

209 1198 490 1267 τεκούσης
557 1197 787 1266 ἐσκίρτα
850 1196 952 1266 τῆς
994 1197 1203 1265 πλάνης
1232 1198 1611 1267 ἀγαλλόμενος
1641 1199 1740 1268 τὴν
1768 1201 2084 1268 κατάλυσιν,
2115 1204 2209 1257 καὶ
2274 1196 2429 1268 οὗτος
2456 1205 2530 1268 ὠς
2555 1207 2613 1259 ἐν
2649 1207 2830 1277 μήτρᾳ
2862 1205 2939 1275 τῷ
2968 1206 3124 1275 τάφῳ
3153 1205 3261 1257 τῶν
3332 1204 3479 1255 πλα-

206 1291 489 1360 νηθέντων
535 1290 754 1359 ὲχόρευε
803 1291 902 1359 τὴν
965 1290 1282 1361 ἀνάκλησιν.
1332 1294 1442 1345 Καὶ
1491 1294 1685 1362 διπλῆν
1742 1289 1856 1362 εἶχε
1881 1295 2035 1360 τάξιν
2059 1296 2119 1348 τὸ
2147 1296 2352 1366 θαῦμα,
2383 1298 2477 1351 καὶ
2496 1298 2595 1367 τὴν
2630 1298 2965 1367 Δεσποτικὴν
3001 1296 3406 1367 μεγαλύνουσαν
3434 1294 3475 1324 ⁸⁸

206 1385 397 1453 χεῖρα,
438 1383 533 1437 κα)⁵
589 1382 689 1448 τὴν
744 1380 857 1433 τῶν
882 1379 1150 1452 Ἑϐραίων
1180 1384 1562 1450 ἀμϐλύνουσαν
1603 1386 1877 1454 γλῶσσαν.
1936 1387 1994 1441 'U
2049 1391 2241 1459 νεκρὸς
2294 1391 2628 1461 ὲπειθάρχει,
2675 1393 2767 1445 καὶ
2836 1394 2885 1444 oi
2937 1392 3135 1456 ζῶντες
3198 1389 3477 1458 ἠπείθουν.

221 1478 648 1546 Ἐὁλασφήμουν
712 1475 801 1527 τὸν
841 1472 963 1545 [827
1015 1474 1109 1547 H.]
1144 1476 1277 1548 ᾅδην
1329 1478 1404 1542 ὼς
1449 1480 1826 1550 προδεδωκότα
1866 1480 1955 1534 τὸν
2015 1483 2265 1553 Λάζαρον
2301 1523 2314 1545 ,
2373 1483 2673 1554 ἐλοιδόρουν
2718 1484 2808 1537 τὸν
2845 1485 3078 1555 Χριστὸν
3116 1483 3188 1543 ὡς
3238 1497 3483 1534 καινοτο-

211 1576 426 1645 μοῦντα
460 1574 559 1644 τὴν
614 1572 852 1641 ἔγερσιν.
906 1572 1198 1643 Θεολογίαν
1248 1569 1391 1645 εἶχεν
1430 1577 1458 1628 6
1492 1576 1599 1628 τῶν
1636 1575 1838 1630 παίδων
1876 1576 2042 1647 ὕμνος
2080 1595 2092 1607 ·
2133 1580 2471 1650 προφητείαν
2489 1578 2737 1632 ἐλάλουν
2761 1578 2855 1631 ἕνα
2876 1578 2968 1631 καὶ
3000 1577 3092 1629 τὸν
3129 1576 3289 1630 αὐτὸν
3334 1575 3481 1644 ὡμοι-

206 1671 409 1737 λόγουν
476 1670 586 1724 τῶν
627 1671 740 1724 ἄνω
805 1672 899 1725 καλ⁸
931 1671 1039 1724 τῶν
1089 1671 1274 1734 κάτω,
1319 1671 1412 1723 καὶ
1475 1671 1751 1740 χωρισμὸν
1811 1673 1910 1726 οὐκ
1980 1669 2123 1743 εἶχεν
2178 1675 2206 1727 6
2257 1674 2438 1737 τόπος.
2494 1676 2632 1728 Βάῖα
2674 1674 2716 1704 ⁸¹
2750 1672 3007 1740 φοινίκων
3072 1672 3354 1740 ἐκράτουν,
3414 1670 3478 1721 ού

208 1763 501 1832 φοίνικας’
522 1760 674 1814 οὔπω
696 1761 803 1833 γὰρ
861 1762 959 1833 τὴν
984 1761 1266 1832 ἀκαρπίαν
1313 1760 1675 1831 παρελθόντες
1705 1761 1799 1814 τοῦ
1857 1762 2021 1833 νόμου
2057 1765 2166 1817 τῶν
2193 1764 2294 1834 τῆς
2356 1765 2577 1835 χάριτος
2645 1763 3020 1830 ἀπεγεύσαντο
3050 1762 3475 1830 γλυκασμάτων,

205 1851 402 1921 ἐπειδὴ
442 1853 471 1902 ὁ
510 1850 558 1882 ⁸³
587 1852 824 1920 Χριστὸς
850 1850 1003 1904 οὔπω
1028 1852 1127 1920 τὴν
1186 1851 1391 1918 πικράν
1430 1850 1522 1903 τοῦ
1554 1851 1729 1919 ὄφεως
1787 1852 2171 1925 ἀναρῤιζὼσας
2223 1855 2446 1925 φυτείαν
2511 1856 2601 1909 τὸν
2656 1854 2757 1924 τῆς
2806 1853 3113 1924 ἀφθαρσίας
3164 1852 3477 1925 ὲγεώργησε

205 1944 552 2017 γλυκασμόν.

922 2050 1085 2109 ΣΟΓ’.

194 2143 599 2212 ,Θεοδωρήτου
654 2144 723 2196 ἐκ
770 2141 888 2195 τῶν
921 2149 961 2195 ε’
1012 2144 1211 2206 λόγων
1255 2144 1341 2206 είς
1374 2141 1479 2195 τὸν
1510 2141 1579 2194 ἐν
1604 2141 1794 2209 ἁγίοις

520 2272 523 2275 _
564 2212 856 2280 Ἰωάννην
882 2214 992 2265 τὸν
1012 2214 1464 2281 Χρυσόστομον.

307 2303 657 2374 Ἀνεγνώσθη
718 2305 782 2354 ὲκ
831 2304 940 2355 τῶν
992 2303 1085 2355 τοῦ
1136 2304 1407 2373 μακαρίου
1448 2303 1793 2371 Θεοδωρήτου

210 2400 411 2468 λόγων,
447 2397 539 2459 οὓς
568 2399 649 2459 είς
684 2396 775 2448 τὸν
818 2397 876 2447 ὲν
923 2394 1098 2463 ἁγίοις
1164 2395 1417 2463 Ἰωάννην
1447 2395 1537 2445 τὸν
1581 2390 1792 2460 Χρυσό-

212 2508 416 2562 στομον
453 2487 779 2551 συνετάξατο
801 2501 815 2515 ⁸
837 2481 911 2541 ὧν
938 2489 1097 2557 ἡμεῖς
1127 2486 1288 2537 πέντε
1308 2486 1442 2547 τέως
1473 2484 1703 2553 εἴδομεν,
1736 2483 1794 2548 ἐξ

209 2578 285 2638 ὧν
330 2583 428 2636 καί
464 2599 617 2645 τινας
644 2580 877 2648 ἐκλογὰς
906 2579 1002 2641 τὰς
1033 2578 1479 2647 ὑποτεταγμένας
1512 2592 1794 2646 παρεγρα-

208 2672 459 2745 ψάμεθα.

281 2765 413 2817 Ὅτι
447 2762 557 2815 τῶν
590 2761 751 2815 πέντε
776 2760 950 2828 λόγων
978 2759 1006 2810 6
1041 2757 1257 2829 πρῶτος
1282 2757 1439 2811 ἄλλον
1478 2756 1585 2827 πρὸ
1628 2755 1792 2810 αὑτοῦ

209 2856 362 2909 δοκεῖ
381 2852 725 2923 διαδέχεσθαι
738 2852 834 2921 ’δὴ
858 2852 1023 2922 μέρος
1040 2848 1204 2903 αὐτοῦ
1220 2846 1381 2902 εἶναι.
1404 2847 1550 2919 Πλὴν
1566 2849 1795 2919 διαλαμ-

211 2948 370 3002 ϐάνει
392 2946 518 3000 ὅθεν
534 2961 594 2996 τε
626 2943 962 3014 μετάκλητος
986 2942 1066 3005 είς
1089 2937 1653 2993 Κωνσταντινούπολιν
1666 2935 1793 3008 ἧκε,

211 3038 314 3091 καὶ
337 3037 491 3097 ὅπως
514 3034 683 3102 αὐτῆς
713 3032 1002 3102 ἀρχιερεὺς
1021 3030 1279 3097 κατέστη,
1305 3029 1402 3081 καὶ
1427 3027 1502 3091 ὼς
1519 3028 1617 3098 τὴν
1645 3029 1795 3095 ίερω-

211 3128 386 3197 σύνην
433 3128 529 3179 καὶ
585 3123 1002 3196 ἀρχιερωσύνην
1060 3122 1140 3184 είς
1192 3121 1284 3173 τὸν
1330 3120 1558 3190 ἀρχαῖον
1587 3120 1794 3188 κόσμον

211 3220 517 3286 ἐπανάγειν
551 3217 813 3286 ἐπειρᾶτο
853 3213 1057 3284 σπουδῇ
1116 3212 1303 3284 πάσῃ·
1367 3212 1463 3265 καὶ
1514 3210 1616 3263 ὅσα
1655 3210 1794 3280 πρὸς

208 3310 415 3363 Γαῖνᾶν
435 3307 598 3360 τοῦτο
622 3307 721 3375 μὲν
767 3308 795 3358 6
820 3306 1064 3372 γενναῖος
1102 3301 1475 3372 ἐπιστομίζων
1514 3299 1788 3370 Ἰωάννης,

2540 2057 2862 2112 CCLXXI".

1958 2146 2269 2201 Theodoreti
2312 2148 2369 2201 in
2428 2159 2669 2202 sanctum
2702 2148 3133 2219 Chrysostomum
3178 2148 3299 2202 libri
3339 2147 3403 2203 V.

1969 2299 2097 2370 Legi
2141 2317 2171 2356 e
2199 2301 2353 2357 libris
2383 2303 2556 2357 sancti
2584 2303 2909 2357 Theodoreti
2933 2344 2947 2368 ,
2976 2318 3116 2374 quos
3142 2304 3195 2358 in
3222 2314 3472 2360 sanctum

1895 2390 2163 2445 Joannem
2228 2392 2686 2465 Chrysostomum
2744 2396 3003 2464 scripsit,
3064 2411 3297 2465 quorum
3371 2412 3474 2452 nos

1894 2493 2108 2538 tantum
2147 2485 2391 2555 quinque
2431 2487 2603 2541 libros
2639 2486 2900 2555 vidimus,
2935 2488 3077 2542 unde
3102 2487 3219 2543 haec
3273 2503 3470 2545 excer-

1893 2579 2123 2648 psimus.

1969 2756 2189 2812 Primus
2233 2757 2395 2822 liber,
2434 2759 2598 2812 alium
2631 2774 2732 2829 pro
2771 2758 2864 2813 illo
2908 2760 3125 2816 videtur
3159 2759 3471 2827 admittere,

1897 2850 1984 2903 vel
2020 2858 2226 2919 partem
2272 2849 2421 2904 illius
2455 2865 2598 2914 esse,
2642 2851 2747 2907 nisi
2791 2853 2935 2922 quod
2977 2853 3159 2918 addat,
3193 2854 3473 2923 quomodo

1895 2950 2019 3009 post
2040 2950 2267 2995 vocatus
2304 2940 2837 3013 ConstantinOpolim
2897 2947 3142 3009 venerit,
3192 2956 3353 3015 utque
3382 2961 3475 3000 ar-

1895 3032 2275 3100 chiepiscopus
2317 3033 2388 3085 sit
2427 3034 2778 3098 constitutus,
2810 3044 2867 3090 et
2902 3036 3179 3105 quomodo
3218 3038 3473 3092 sacerdo-

1896 3123 2028 3176 tium
2054 3165 2068 3189 ,
2102 3135 2154 3177 et
2179 3139 2453 3178 summum
2488 3127 2852 3181 sacerdotium
2896 3129 3179 3197 antiquam
3224 3144 3472 3183 normam

1894 3215 2121 3269 omnino
2165 3230 2420 3268 revocare
2451 3215 2715 3271 niteretur
2743 3236 2757 3272 :
2786 3229 2840 3273 et
2876 3234 2996 3288 qua:
3030 3228 3215 3272 contra
3242 3219 3470 3273 Cainam

1893 3306 2144 3375 egregius
2197 3306 2287 3360 ille
2317 3305 2555 3363 Joannes
2596 3309 2825 3365 dixerit:
2869 3312 2972 3366 hoc
3018 3328 3150 3366 vero
3196 3328 3294 3383 pro
3321 3328 3473 3368 com-

206 3400 371 3455 τοῦτο
386 3400 445 3451 δὲ
466 3400 610 3468 ὑπὲρ
630 3398 737 3449 τῶν
765 3396 961 3449 κοινῶν
983 3396 1080 3464 τῆς
1108 3394 1387 3455 πολιτείας
1403 3391 1787 3462 διαπρεσϐευό-

1900 3396 2043 3445 muni
2078 3394 2388 3464 reipublicae
2416 3398 2633 3469 negotio
2669 3400 2906 3469 peregit,
2940 3409 2993 3455 ct
3029 3402 3101 3457 ob
3130 3381 3387 3457 inridiam
3414 3404 3469 3457 in

212 3506 380 3562 μενος
407 3489 762 3559 πραγμάτων
796 3484 1156 3555 διεπράξατοο
1192 3485 1285 3536 καὶ
1317 3484 1393 3545 ὡς
1423 3482 1619 3551 φθόνος
1642 3480 1791 3551 αύτῷ

208 3583 311 3651 τὴν
378 3580 685 3649 ὑπερορίαν
744 3577 1081 3648 ἐψηφίσατο·
1137 3575 1232 3628 καί
1290 3592 1412 3627 τινα
1464 3573 1574 3626 τῶν
1626 3573 1789 3645 μέχρι

205 3670 400 3732 τέλους
462 3668 691 3738 ἱστορῶν
750 3666 828 3737 τῷ
883 3664 1157 3736 θεσπεσίῳ
1185 3665 1340 3735 ἀνδρὶ
1392 3665 1790 3733 διηνυσμένων,

204 3762 275 3814 τά
323 3759 524 3825 nolui,
559 3760 758 3829 μᾶλλον
792 3759 848 3811 δὲ
877 3759 945 3812 τὰ
977 3758 1204 3811 πλεῖστα
1230 3757 1587 3828 παρατρέχει.
1652 3754 1713 3812 Ὀ
1734 3756 1791 3809 δὲ

206 3852 414 3921 ἑφεξῆς
465 3851 624 3918 λόγος
668 3849 921 3913 ἐπαίνους
966 3849 1116 3911 τινας
1155 3848 1521 3918 ὁλιγοστίχους
1566 3848 1663 3902 καὶ
1690 3849 1788 3902 αύ-

202 3942 293 4006 τὺς
358 3942 698 4010 ὀλιγόστιχος
731 3940 827 4005 ὢν,
873 3939 1231 4010 διαπεριίνει,
1279 3925 1579 4009 ἀρχόμενος
1636 3933 1737 3992 ὧδε
1766 3954 1782 3971 ·

202 4031 411 4088 Πάλιν
449 4032 601 4100 ἡμῖν
668 4030 950 4086 Ἰωάννου
990 4032 1056 4084 τὸ
1078 4030 1124 4062 ’⁵⁵
1169 4030 1588 4099 μνημόσυνον.
1642 4030 1701 4083 ’0
1730 4030 1787 4083 δὲ

205 4125 348 4195 μετά
395 4123 589 4176 τοῦτον
639 4123 930 4193 ἐγκωμίων
1007 4122 1103 4190 μὲν
1144 4122 1238 4174 καὶ
1273 4121 1435 4184 αὐτὸς
1489 4121 1786 4192 ὑπέρχεται

202 4218 428 4285 νόμους,
466 4213 631 4285 [1516
655 4214 748 4285 IL]
784 4215 1032 4284 διαφέρει
1075 4214 1137 4266 δὲ
1187 4214 1295 4266 τῶν
1351 4214 1457 4284 πρὸ
1500 4213 1663 4266 αὑτοῦ
1714 4216 1779 4283 τῇ

201 4310 439 4377 καλλονῇ
468 4308 577 4359 τῶν
607 4325 665 4360 τε
696 4308 957 4377 ῥημάτων
988 4308 1083 4359 καὶ
1110 4306 1222 4359 τῶν
1250 4307 1557 4375 νοημάτων.
1590 4306 1783 4376 Προοιο

206 4400 466 4469 μιάζεται
494 4399 548 4451 δὲ
567 4398 708 4450 οὕτω
733 4416 746 4429 ·
770 4400 1162 4467 Πολυστόμου
1177 4399 1291 4466 τὴν
1306 4397 1777 4465 παροῦσανςὺπό-

1890 3484 2143 3539 exsilium
2173 3487 2365 3557 pulsus
2391 3498 2493 3555 est,
2520 3500 2571 3543 et
2596 3490 2773 3561 aliqua
2800 3506 2989 3547 eorum
3016 3509 3192 3563 usque
3220 3494 3285 3548 ad
3308 3494 3470 3549 linem

1888 3593 2250 3648 prosequens,
2299 3596 2421 3650 qua:
2464 3583 2548 3635 vir
2602 3592 2823 3639 sanctus
2866 3584 3114 3653 perfecit.
3178 3585 3466 3641 Secundus

1889 3671 2028 3725 liber
2056 3672 2269 3740 aliquas
2294 3688 2493 3742 parvas
2522 3674 2731 3742 laudes,
2763 3693 3077 3747 quanquam
3100 3688 3152 3733 et
3186 3679 3300 3745 ipse
3335 3695 3473 3749 pau-

1895 3759 2138 3813 cioribus
2165 3762 2346 3815 brevis
2380 3763 2480 3829 sit,
2520 3763 2769 3836 adjungit
2795 3807 2810 3831 ,
2838 3767 2919 3821 sic
2948 3767 3244 3835 incipiens:
3272 3766 3471 3821 Iterum

1894 3854 2041 3907 nobis
2103 3854 2329 3910 Joannis
2389 3861 2665 3913 memoria.
2707 3860 2930 3917 Tertius
2981 3863 3145 3916 etiam
3209 3862 3471 3918 laudandi

1893 3946 2110 3999 modum
2144 3949 2376 4002 excedit.
2414 3948 2776 4020 Distinguitnr
2797 3953 2865 4006 ab
2896 3953 3018 4008 aliis
3048 3954 3202 4007 libris
3227 3954 3470 4024 pulchri-

1892 4036 2082 4091 tudine
2104 4040 2397 4094 verborum
2432 4051 2485 4094 et
2513 4044 2819 4097 nominum.
2844 4043 2911 4097 Et
2935 4046 3014 4099 sic
3039 4045 3265 4116 incipit:
3293 4046 3470 4117 Argu-

1893 4139 2125 4183 mentum
2148 4170 2162 4194 ,
2196 4132 2296 4185 viri
2324 4134 2699 4195 disertissimi.
2738 4136 2863 4188 tuba
2894 4136 3156 4205 indigens,
3192 4138 3246 4189 in
3275 4138 3466 4206 puerili

1896 4218 2077 4287 lingua
2100 4220 2259 4272 video
2286 4224 2603 4290 periclitari,
2622 4234 2669 4277 et
2696 4227 2851 4278 decus
2880 4226 3096 4295 pugilis,
3127 4227 3268 4281 mille
3284 4228 3463 4297 artifi-

1894 4313 1989 4363 ciis
2050 4313 2416 4381 descriptum,
2474 4332 2609 4369 nunc
2660 4318 2923 4372 imbecillo
2981 4320 3108 4371 mihi
3160 4322 3359 4388 artiﬁci
3395 4322 3470 4375 ad

1890 4400 2289 4458 describendum
2320 4407 2644 4474 impositum.
2686 4406 2800 4462 Hoc
2838 4418 2921 4462 est
2947 4413 3294 4478 prooemium.

200 4499 380 4549 θεσιν
419 4492 760 4562 σάλπιγγος
796 4493 1092 4561 δεομένην
1164 4493 1232 4546 ἐν
1279 4491 1526 4560 παιδικῇ
1558 4494 1676 4546 νῦν
1741 4492 1861 4560 ὁρῶ
1900 4497 2386 4554 κινδυνεύουσαν
2446 4501 2702 4572 γλώττῃ,
2755 4501 2853 4555 καί
2902 4503 3134 4571 κάλλος
3194 4504 3463 4573 ἀθλητοῦ

197 4591 444 4658 μυρίαις
505 4590 1011 4658 συγπραφόμενον
1080 4587 1318 4657 τέχναις
1392 4587 1641 4642 ἀσθενεῖ
1678 4588 1815 4653 νῦν,
1895 4588 1981 4658 εις
2035 4595 2274 4663 γραφὴν
2318 4597 2449 4665 ἐμοὶ
2500 4599 2741 4666 τεχνίτῃ
2788 4600 3202 4667 προκείμενον.
3256 4601 3329 4655 T6
3360 4602 3463 4673 μὲν

199 4681 494 4750 προοίμιον
520 4680 787 4733 τοιοῦτον.

273 4774 477 4837 Ἀλλος
506 4775 670 4827 αὑτὸν
721 4774 870 4827 ἕλκει
920 4775 1114 4845 βοηθὸν
1146 4775 1570 4846 ’άρπαζόμενος,
1627 4777 1782 4841 ἄλλος

1959 4778 2112 4832 Alius
2162 4778 2315 4832 illum
2369 4780 2587 4849 rapiens
2650 4780 2702 4835 in
2753 4781 3016 4835 auxilium
3063 4784 3264 4851 trahit,
3319 4785 3463 4841 alius

207 4869 366 4921 καλεῖ
424 4866 786 4936 δικαζόμενος
853 4868 1098 4920 σύνδικον
1127 4883 1141 4898 ⁸
1208 4866 1366 4929 ἄλλος
1409 4869 1608 4921 πεινῶν
1642 4870 1781 4941 ὑπὲρ

207 4959 415 5029 τροφῆς
469 4954 729 5021 ἱκετεύει,
786 4958 994 5029 γυμνὸς
1040 4959 1178 5029 ὑπὲρ
1231 4958 1569 5029 ἐνδύματοςο
1625 4960 1785 5022 ἄλλος

206 5051 370 5102 αὑτὸν
393 5051 615 5104 ἀποδύει
639 5068 653 5082 ο
688 5049 849 5113 ἄλλος
887 5051 1100 5104 πενθῶν
1121 5051 1201 5112 είς
1226 5051 1568 5121 παράκλησιν
1586 5051 1777 5103 δεῖται·

208 5139 421 5210 δεσμῶν
452 5141 645 5213 ἔτερος
692 5140 1035 5209 ἀπολυθῆναι
1093 5140 1212 5212 βοᾷ.
1248 5140 1439 5193 Ἐλκει
1488 5159 1573 5203 τις
1621 5140 1782 5193 αὐτὸν

207 5230 369 5295 ἄλλος
399 5234 535 5306 πρὸς
584 5233 762 5286 νόσων
787 5232 1075 5302 ἐπίσκεψιν
1100 5249 1115 5264 ·
1169 5232 1319 5298 ξένος
1342 5234 1485 5285 αἰτεῖ
1528 5232 1782 5300 καταγώ-

1883 4871 2165 4941 judicatus
2208 4881 2501 4941 patronum
2533 4884 2731 4937 vocat,
2767 4875 2906 4929 alius
2947 4874 3231 4932 famelicus
3272 4878 3455 4931 cibum

1886 4967 2027 5023 orat,
2053 4958 2232 5012 nudus
2264 4968 2492 5026 vestem,
2534 4962 2672 5015 alius
2698 4964 2850 5017 illum
2890 4963 3086 5036 508a
3118 4969 3287 5030 exuit,
3315 4968 3457 5020 alius

1884 5048 2075 5102 dolens
2139 5049 2571 5105 consolationem
2626 5054 2798 5121 petit,
2856 5054 2996 5110 alius
3066 5057 3264 5125 ligatus
3317 5056 3454 5108 solvi

1890 5140 2165 5206 postulat,
2195 5140 2335 5194 alius
2389 5141 2555 5196 trahit
2600 5143 2751 5197 illum
2784 5145 2853 5198 ad
2888 5147 3202 5200 morborum
3238 5147 3455 5213 inspec-

1888 5230 2117 5296 tionem,
2155 5231 2476 5301 peregrinus
2509 5235 2807 5306 hosriitium
2833 5237 3091 5307 eﬂlagitat
3115 5276 3128 5301 ,
3152 5236 3292 5290 alius
3334 5251 3454 5290 sese

1488 5450 1723 5507 VABIAS
1778 5450 2189 5508 LECT-IONES.

285 5564 328 5594 “
350 5564 494 5620 λάϐοι
524 5587 585 5632 ς.

228 5626 464 5691 Ἰωάννου
494 5626 562 5695 Av.

667 5567 712 5599 “
748 5566 1122 5637 μεγαλύνουσα
1155 5576 1210 5625 et
1238 5583 1395 5625 versu
1426 5583 1541 5637 seq.
1576 5566 1923 5637 ἀμϐλύνουσα
1945 5569 2010 5623 Α.
2082 5568 2125 5599 δ’
2150 5568 2275 5638 βαῖα
2299 5567 2360 5625 Β.
2423 5570 2468 5603 ⁸³
2498 5573 2525 5625 6
2552 5585 2661 5626 om.
2686 5571 2751 5624 A.
2823 5569 2867 5602 “
2901 5568 3147 5639 δέχεσθαι
3179 5585 3237 5631 ς’.

3316 5566 3456 5620 ευτδ
