3922 6242
430 253 529 318 231

1597 237 1855 297 ΡΗΟΤΙΙ
1884 234 2386 296 ΡΛΤΙὶΙΛΙὶΕΗίΕ
2411 237 2518 297 CP.

3567 233 3691 303 23%

430 375 631 429 sistens
669 366 909 424 debitum
939 363 1184 432 deplorat
1209 400 1224 424 ,
1273 358 1414 414 alius
1443 357 1707 418 arbitrum
1735 364 1787 407 et
1813 351 2000 422 pacili-

2119 364 2250 417 γιον·
2285 350 2473 420 ἕτερος
2503 349 2790 420 παραστάς
2817 349 2978 420 χρέος
3011 350 3262 419 ὀδύρεται
3293 369 3307 382 ο
3358 351 3516 416 ἄλλος
3573 354 3694 405 ἑπ-

427 473 667 522 catorem
729 457 1152 513 domesticarum
1214 451 1497 505 turbarum
1569 446 1798 502 accersit
1831 483 1847 504 ,
1897 456 1998 496 nec

429 569 621 612 servus
651 550 716 604 ad
749 549 914 602 alium
950 545 1114 616 l‘ugit,
1146 557 1387 598 amaram
1426 537 1637 594 Domini
1670 533 1998 603 indignatio-

429 661 554 700 nem
585 654 883 709 exponens.
910 635 1084 690 Vidua
1111 635 1338 688 clamat:
1373 630 1651 693 Miserere,
1684 626 1789 681 alia
1818 623 1998 709 vidui-

431 741 594 786 tatem
629 708 897 796 deplorat.
931 723 1117 776 Multa:
1159 736 1223 774 ac
1248 718 1414 772 variae
1459 714 1606 770 Patri
1634 755 1649 777 ,
1677 728 1735 767 re
1764 720 1891 765 nata
1943 708 1996 762 in

430 820 700 890 singulos,
727 831 825 888 pro
848 814 1081 884 singulis
1117 811 1487 865 mutationes:
1527 805 1735 875 rapitur
1762 802 1907 872 quis,
1947 807 2002 854 et

431 921 695 981 patronus
721 908 911 962 l’ater:
937 905 1109 958 fames
1134 909 1310 965 vexat,
1337 909 1390 954 et
1419 897 1656 952 nutritor
1681 910 1744 948 ex
1775 902 2001 961 patrono

431 1002 522 1056 ﬁt:
548 1001 746 1070 aliquis
777 1005 1000 1067 aegrotat
1021 1037 1036 1060 ,
1064 1001 1118 1049 et
1140 994 1195 1047 in
1223 991 1490 1046 medicum
1522 996 1672 1058 pater
1707 992 1945 1037 mutatur
1984 999 1998 1036 :

431 1071 621 1148 dolore
664 1090 862 1160 aliquis
913 1086 1173 1149 concidit,
1199 1093 1252 1138 et
1277 1079 1579 1136 nosocomii
1608 1084 1830 1131 curator
1857 1073 2003 1128 sola-

434 1186 568 1239 tium
622 1181 798 1235 aﬂert.
853 1178 911 1232 Si
959 1178 1205 1244 hospites
1264 1170 1534 1232 curandi,
1567 1167 1750 1222 omnia
1802 1164 2002 1226 factus,

434 1275 732 1343 benignum
765 1286 823 1324 se
852 1268 1097 1323 exhibet.
1132 1265 1197 1319 Et
1225 1263 1354 1333 quid
1390 1259 1600 1330 singula
1624 1256 1819 1311 attinet
1841 1293 1854 1315 ,
1882 1266 2006 1321 qua:

438 1382 536 1436 per
558 1379 774 1418 omnem
811 1362 929 1429 eius
959 1361 1123 1413 vitam
1153 1365 1300 1427 gesta
1335 1362 1498 1416 sunt,
1529 1345 2004 1405 commemorare?

438 1473 562 1510 cum
613 1455 679 1508 de
725 1454 844 1508 solo
891 1449 1196 1506 sacerdotio
1251 1445 1453 1500 referre
1517 1454 1802 1511 nequeam,
1857 1445 2006 1490 tanta

437 1548 687 1602 homines
739 1559 966 1614 operum
1025 1540 1348 1596 salutarium
1407 1535 1643 1589 varietas
1697 1529 2003 1600 supradicta

437 1656 545 1694 non
579 1639 817 1708 reliquit.
863 1635 906 1690 Ο
943 1634 1218 1705 egregium
1263 1639 1382 1698 post
1417 1637 1643 1680 mortem
1691 1623 1912 1677 ducem!

437 1733 648 1786 tristem
678 1703 841 1784 etiam
875 1703 1124 1779 hostibus
1158 1731 1278 1792 post
1307 1718 1642 1787 sepulturam
1674 1713 1898 1766 militem
1923 1711 1937 1762 ί
1965 1707 2008 1762 Ο
2042 1703 2083 1761 Β

438 1823 609 1892 lyram
649 1819 797 1872 omni
832 1815 1116 1870 harmonia
1156 1811 1435 1882 prmditatn
1461 1848 1475 1871 ,
1516 1814 1691 1859 morte
1717 1803 1825 1870 jam
1858 1801 2003 1854 solu-

439 1913 589 1966 tam!
627 1908 671 1963 Ο
706 1909 976 1962 theatrum
1012 1913 1164 1958 tanto
1207 1901 1430 1956 tibicine
1465 1895 1747 1951 orbatum!
1781 1893 1824 1946 Ο
1853 1892 2002 1944 salu-

438 2012 605 2054 tarem
662 2000 940 2052 hominum
982 2009 1237 2064 sagenam
1263 2035 1277 2059 ,
1323 1991 1376 2045 in
1413 1990 1608 2044 emlum
1674 1984 1920 2054 raptant!
1961 1982 2004 2034 Ο

437 2095 685 2146 arborem
737 2092 790 2143 in
834 2088 1032 2144 cmlum
1063 2086 1176 2156 jam
1201 2126 1215 2149 ,
1266 2093 1320 2138 et.
1367 2093 1570 2138 terram
1601 2087 1878 2132 extensam
1908 2115 1922 2137 ,
1954 2082 2008 2126 et

439 2184 565 2236 huic
589 2183 809 2251 quidem
835 2195 1052 2248 corpus,
1083 2178 1158 2231 illi
1177 2192 1305 2230 vero
1335 2176 1570 2229 animam
1592 2171 1892 2227 tradentem
1915 2168 1928 2220 !
1954 2165 2009 2218 ln

436 2275 728 2343 sepulchro
745 2271 1000 2326 Ecclesiae
1015 2285 1075 2324 os
1095 2268 1415 2323 conclusum
1431 2273 1532 2318 est.
1549 2261 1798 2327 Quantus
1809 2256 2012 2310 ocellus

436 2365 652 2435 pietatis
685 2364 966 2416 hominum
991 2370 1178 2427 raptus
1203 2359 1304 2412 est!
1331 2355 1449 2409 Non
1471 2364 1806 2413 mortuuses,
1828 2356 2012 2402 sancte

439 2456 715 2520 Pater,sed
737 2464 794 2508 ut
810 2454 889 2509 sol
903 2453 1172 2518 occidisti;
1187 2468 1293 2505 non
1309 2461 1358 2504 te
1372 2459 1429 2503 ut
1446 2456 1718 2501 mortuum
1737 2444 2006 2506 dolemus,

437 2553 530 2606 sed
553 2549 786 2604 ntnobis
808 2547 1188 2602 absconditum
1225 2562 1238 2598 :
1272 2560 1379 2598 non
1403 2553 1453 2595 te
1486 2551 1544 2594 ut
1577 2546 2011 2604 mortuutnquze-

435 2645 630 2708 rimus,
647 2641 738 2697 sed
759 2649 816 2694 ut
839 2641 892 2692 in
913 2639 1385 2694 cmloselevatum.
1403 2634 1494 2688 Sic
1514 2633 1626 2686 fere
1646 2627 2005 2683 tertiusliher.

2105 441 2278 509 όπτην
2302 441 2397 492 καὶ
2426 439 2754 510 διαλλάκτην
2781 440 2890 494 τῶν
2921 441 3042 493 κατ’
3065 439 3211 494 οἷκον
3257 444 3695 514 μεταπέμπεται

2110 531 2374 585 στάσεων.
2397 529 2535 586 Ούδὲ
2559 531 2743 594 δοῦλος
2770 532 2903 602 πρὸς
2926 533 3085 586 ἄλλον
3107 535 3457 604 καταφεύγει,
3483 537 3698 590 δεσπό-

2105 639 2199 676 του
2231 622 2436 692 πικρὰν
2486 622 2884 692 ὀλοφυρόμενος
2944 623 3340 693 ἀγανάκτησιν.
3378 627 3533 696 Χήρα
3580 629 3699 697 βοᾷ

2105 714 2188 777 τὸ,
2243 713 2497 784 Ἐλέησον
2519 731 2532 746 ·
2559 713 2691 782 άλλη
2722 715 2822 783 τὴν
2853 714 3114 784 ὀρφανίαν
3157 715 3425 786 ὀδύρεται.
3466 719 3699 788 Μυρίαι

2107 805 2186 875 τῷ
2211 805 2385 876 Πατρὶ
2408 805 2529 859 καθ’
2551 806 2794 878 ἑκάστην
2819 807 2954 877 πρὸς
2980 806 3247 871 ἑκάστους
3268 809 3407 878 ὑπὲρ
3435 810 3693 864 ἑκάστου

2106 894 2328 964 τροπαί.
2377 893 2708 965 Ἀρπάζεταί
2756 913 2858 958 τις,
2911 897 3005 950 καὶ
3055 900 3352 967 συνήγορος
3395 902 3422 953 ὁ
3451 901 3700 970 Πατήρ·

2110 989 2267 1058 λιμὸς
2293 988 2520 1058 ἐνοχλεῖ,
2543 989 2638 1042 καὶ
2691 988 2818 1060 [828
2850 989 2942 1061 H.]
2986 992 3220 1062 τροφεὺς
3260 994 3324 1046 ἐκ
3375 996 3703 1066 συνηγόρου

2110 1078 2352 1147 γίνεται’
2389 1081 2538 1131 νοσεῖ
2561 1096 2666 1141 τις,
2693 1081 2786 1133 καὶ
2820 1082 2900 1142 είς
2941 1081 3120 1150 ἰατρὸν
3147 1083 3176 1134 6
3217 1085 3449 1152 τροφεὺς
3505 1102 3709 1152 μετα.-

2119 1170 2394 1224 6άλλεται·
2427 1170 2612 1224 πένθει
2634 1187 2718 1233 τις
2749 1170 3161 1241 περιπέπτωκε,
3194 1174 3286 1224 καὶ
3323 1174 3351 1225 6
3383 1174 3702 1244 νοσοκόμος

2112 1259 2427 1330 εὑρίσκεται
2460 1261 2810 1331 παραμύθιον
2834 1277 2847 1290 ·
2888 1261 3052 1326 ξένων
3083 1262 3285 1332 ἐπέστη
3313 1265 3550 1332 φροντὶς,
3589 1266 3705 1317 καὶ

2113 1351 2384 1420 ξενοδόχος
2435 1354 2463 1404 6
2514 1353 2690 1406 πάντα
2747 1353 2985 1421 γεγονὼς
3033 1354 3429 1408 ἀναδείκνυται.
3478 1357 3594 1408 Καὶ
3643 1357 3706 1409 τι

2111 1443 2216 1514 χρὴ
2242 1443 2363 1496 καθ’
2394 1443 2622 1496 ἕκαστον
2653 1445 2831 1511 λέγειν
2850 1445 2930 1508 ⁸⁶;
2989 1446 3088 1497 ὅσα
3150 1445 3343 1514 χρόνου
3379 1447 3514 1516 μέρη
3575 1448 3696 1500 τὸν

2111 1535 2321 1589 ἐκείνου
2357 1535 2472 1604 βίον
2512 1535 2890 1606 διεμέτρησεν,
2924 1536 3009 1589 ἵνα
3051 1537 3124 1604 μὴ
3149 1536 3244 1606 τὴν
3269 1537 3706 1608 ἀρχιερωσύνην

2116 1629 2288 1698 μόνην
2313 1627 2474 1695 λέγω,
2513 1629 2748 1696 τοσαύτη
2783 1630 2908 1690 τοὺς
2931 1628 3254 1698 ἀνθρώπους
3284 1630 3456 1699 ἔργων
3496 1647 3704 1700 σωτη-

2113 1717 2244 1786 ρίων
2272 1717 2511 1769 ποικιλία
2543 1718 2810 1787 προϊοῦσα
2843 1717 2902 1768 ού
2934 1717 3193 1772 διέλιπεν.
3241 1719 3304 1770 Ὢ
3341 1721 3702 1787 στρατιώτου

2111 1808 2206 1860 καὶ
2236 1807 2375 1876 μετὰ
2421 1807 2680 1878 τελευτὴν
2733 1808 3033 1878 ἀριστέωςί
3069 1811 3132 1860 Ὢ
3166 1809 3406 1880 λυπηροῦ
3443 1812 3557 1872 τοῖς
3587 1812 3701 1880 ὲχ-

2112 1898 2260 1968 θροίς
2301 1899 2394 1951 καὶ
2447 1899 2584 1968 μετὰ
2637 1900 2807 1967 τάφον
2848 1901 3099 1953 όπλίτουί
3158 1899 3202 1952 ὣ
3241 1903 3622 1971 παναρμονίου
3650 1905 3700 1936 ’⁷

2111 1989 2280 2060 λύρας
2305 1989 2529 2060 τελευτῇ
2559 1989 2858 2059 λελυμένης
2889 1991 2902 2043 l
2948 1989 2993 2042 ὢ
3029 1991 3394 2062 δικαστηρίων
3421 1994 3704 2062 τηλικοῦ-

2111 2097 2200 2134 τον
2229 2082 2529 2151 ρυθμιστὴν
2555 2081 2985 2151 ἑζημιωμένωνί
3021 2082 3066 2135 ὣ
3097 2083 3362 2152 σωτηρίου
3407 2086 3518 2146 τοῖς
3584 2085 3704 2136 ἀν.

2111 2171 2350 2242 θρώποις
2399 2174 2479 2235 είς
2554 2171 2779 2241 οὐρανὸν
2833 2172 3279 2243 ἀναρπασθείσης
3328 2173 3604 2242 σαγήνης-ί
3650 2174 3704 2226 ὣ

2109 2262 2327 2332 δένδρου
2344 2263 2479 2332 πρὸς
2499 2263 2725 2332 οὐρανὸν
2746 2262 2837 2314 καὶ
2859 2263 2962 2332 γῆν
2987 2264 3354 2333 μερισθέντος,
3375 2266 3464 2317 καὶ
3484 2268 3548 2334 τῇ
3572 2267 3697 2334 μὲν

2110 2352 2171 2405 τὸ
2195 2351 2354 2421 σῶμα
2387 2351 2466 2422 τῷ
2500 2351 2674 2421 δὲτὴν
2717 2351 2896 2420 ψυχὴν
2936 2353 3311 2423 παρασχόντος
3341 2355 3353 2405 ί
3401 2356 3454 2405 ὲν
3511 2356 3698 2424 τάφῳ

2113 2443 2172 2494 τὸ
2199 2442 2298 2511 τῆς
2347 2443 2673 2509 Ἑκκλησίας
2711 2444 3126 2511 συγκέκλεισται
3158 2445 3350 2514 στόμα.
3371 2439 3492 2506 Ofe;
3523 2447 3705 2500 εὐσε-

2115 2533 2264 2596 ϐείας
2291 2534 2406 2599 ὲξ¹⁸⁸
2435 2533 2738 2603 ἀνθρώπων
2769 2535 3044 2604 ὀφθαλμὸς
3086 2535 3442 2605 ἀνηρπάσθηι
3483 2537 3545 2588 ού
3593 2538 3706 2590 τέ-

2116 2623 2337 2692 θνηκας,
2369 2619 2414 2676 ὧ
2458 2625 2694 2695 μακάριε
2722 2626 2926 2695 Πάτερ,
2953 2625 3070 2678 ἀλλ’
3105 2627 3180 2690 ὼς
3209 2629 3356 2698 ἥλιος
3387 2627 3527 2691 ἔδυς.
3567 2630 3705 2699 Οὐχ

437 2739 512 2801 ὼς
538 2736 903 2798 ἀποθανόντος
928 2733 1223 2802 ἀλγοῦμεν,
1269 2731 1382 2783 ἀλλ’
1446 2729 1522 2791 ὡς
1589 2727 1718 2796 ἡμῖν
1771 2719 2194 2792 κεκρυμμένου·
2224 2721 2322 2789 οὐχ
2351 2721 2423 2784 ὡς
2487 2723 2758 2776 τεθνεῶτα
2813 2721 3100 2793 ζητοῦμεν,
3130 2723 3242 2777 ἀλλ’
3286 2726 3358 2786 ὡς
3393 2725 3468 2787 εἰς
3515 2725 3709 2794 ούρα-

437 2831 561 2890 vo’a;
599 2827 963 2897 μεταστάντα.
1006 2823 1166 2876 Ἀλλὰ
1195 2820 1418 2875 τοιαῦτα
1450 2820 1546 2889 μὲν
1581 2818 1673 2871 καὶ
1708 2819 1736 2869 6
1768 2814 1949 2885 τρίτος
1964 2812 2005 2842 ⁵³
2045 2809 2220 2877 λόγος.

515 2921 816 2976 Laudantis
847 2928 1028 2988 partes
1075 2917 1187 2988 agit
1229 2925 1486 2982 quartus,
1542 2913 1799 2966 nimirum
1859 2908 2002 2978 quod

435 3021 685 3082 oporteat
719 3020 969 3080 parentes
999 3009 1199 3072 colere,
1248 3007 1463 3061 laudem
1515 3007 1756 3068 trahens,
1786 3003 1928 3056 unde
1958 3010 2012 3055 et

439 3106 553 3160 haec
608 3105 948 3173 deprompta.
1012 3099 1251 3155 Joannes
1290 3100 1485 3153 horum
1522 3109 1799 3166 pastorum
1846 3110 2006 3156 ntms,

437 3196 745 3249 intellectus
775 3193 892 3248 sine
923 3192 1154 3256 malitia,
1194 3205 1353 3244 mens
1387 3189 1625 3251 oculata,
1672 3185 2007 3255 Evangelicae

436 3286 788 3354 experientia:
827 3285 965 3338 liber
990 3323 1006 3348 ,
1075 3295 1200 3336 cera
1249 3279 1688 3334 commutabilior
1713 3317 1728 3340 ,
1788 3278 2008 3346 pelagus
2034 3303 2080 3367 C

437 3379 738 3446 gratiarum
763 3416 778 3440 ,
814 3383 1004 3429 contra
1046 3371 1204 3438 dolos
1235 3372 1472 3425 hostium
1507 3369 1794 3431 infractus.
1825 3369 2012 3422 Ecele-

437 3469 534 3523 size
565 3469 990 3521 nntnimentum.
1013 3462 1208 3516 Nullus
1228 3463 1376 3517 illum
1400 3463 1753 3533 hypocriseos
1790 3475 2016 3529 serpens

441 3558 618 3611 latuit.
671 3557 826 3612 Unde
875 3556 972 3610 tibi
1018 3556 1101 3608 vis
1149 3553 1501 3608 ostendamus
1557 3552 1824 3606 Joannem
1873 3550 2016 3606 cele-

439 3649 631 3703 brem?
661 3649 730 3701 ab
772 3646 1176 3717 hospitalitate?
1217 3644 1417 3714 Ecquis
1446 3644 1658 3699 Joanne
1685 3645 1856 3714 magis
1889 3642 2016 3698 hos-

441 3739 667 3809 pitalis?
698 3755 727 3793 a
750 3740 1015 3809 gravitate
1041 3739 1094 3792 in
1116 3739 1350 3792 honore?
1368 3737 1562 3807 Ecqua:
1584 3738 1732 3792 illum
1780 3747 2015 3804 potestas

441 3831 771 3899 prostravit?
825 3830 1018 3900 5086
1054 3832 1095 3882 A
1134 3831 1313 3885 studio
1345 3830 1397 3883 in
1429 3829 1771 3885 Eeclcsiam?
1811 3829 2012 3898 Cujus-

449 3938 573 3975 nam
596 3923 784 3976 estilla
806 3922 1392 3977 concinnamodulatio
1413 3922 1748 3976 Psahnorum
1783 3923 1836 3974 in
1871 3924 2013 3976 hanc

439 4029 616 4083 usque
631 4013 774 4068 diem
796 4013 1010 4083 publice
1038 4014 1282 4067 instituta
1307 4013 1328 4066 ?
1353 4013 1456 4066 Sed
1486 4014 1599 4067 haec
1629 4026 1823 4082 quarto
1847 4014 2008 4068 libro.

437 4104 642 4174 τίνοςή
685 4107 782 4174 τῆς
831 4103 1149 4174 ψαλμῳδίας
1201 4104 1310 4157 τῶν
1353 4104 1662 4174 δημοτικῶν
1706 4107 2002 4174 ταγμάτων
2042 4106 2204 4179 μέχρι
2231 4103 2325 4158 νῦν
2389 4101 2699 4172 εὐρυθμίας

438 4197 466 4246 6
495 4194 674 4261 λόγος.

510 4282 758 4350 Sequens
793 4283 932 4336 liber
983 4283 1202 4338 easdem
1256 4285 1426 4339 nectit
1469 4285 1694 4340 laudum
1728 4287 2004 4342 corollas:

436 4374 640 4427 clarius
681 4390 808 4429 vero
843 4377 1234 4446 cogitationum
1285 4392 1507 4430 suarum
1550 4377 1714 4446 jubar
1761 4379 2004 4445 exponit.

443 4466 705 4521 Videntur
756 4468 831 4520 illi
883 4483 1074 4522 omnes
1119 4468 1240 4521 libri
1288 4471 1550 4539 quinque,
1581 4480 1705 4538 post
1738 4471 2008 4526 reversio-

440 4571 561 4610 nem
586 4557 654 4610 ab
705 4557 898 4611 exsilio
933 4558 1244 4627 compositi.
1293 4557 1416 4614 llaec
1443 4575 1661 4630 quoque
1711 4561 1832 4631 ejus
1877 4562 2001 4615 libri

439 4645 744 4716 fragmenta
779 4659 927 4702 sunt.

510 4824 586 4878 Da
617 4825 775 4879 nobis
799 4864 814 4889 ,
841 4839 872 4879 ο
905 4823 1086 4891 Pater,
1117 4836 1365 4880 mutuam
1397 4825 1566 4898 lyram
1595 4837 1741 4882 tuam
1769 4840 1820 4882 et
1854 4839 2004 4884 tuum

438 4914 506 4967 ad
566 4923 714 4968 tuam
765 4913 982 4969 laudem
1025 4917 1262 4970 concede
1321 4917 1604 4985 plectrum.
1669 4919 1784 4974 Etsi
1862 4922 2007 4974 enim

439 5021 636 5060 manus
683 5014 894 5060 naturae
953 5007 1143 5061 solutae
1198 5008 1312 5078 lege
1366 5019 1534 5072 sunt,
1588 5011 1684 5064 sed
1753 5012 1866 5081 lyra
1916 5029 2009 5081 per

441 5112 659 5150 omnem
689 5105 890 5150 terram
932 5105 1090 5152 sonat
1141 5098 1286 5152 dono
1328 5099 1532 5168 gratiae.
1581 5099 1656 5154 Da
1689 5102 1843 5156 nobis
1867 5103 2011 5156 illam

445 5188 809 5242 inunortalem
838 5189 1102 5258 linguam.
1140 5190 1266 5245 Sola
1299 5193 1443 5245 enim
1473 5203 1565 5247 tua
1596 5193 1776 5263 lingua
1815 5211 1910 5263 par
1932 5205 2014 5250 est.

441 5279 508 5331 ad
547 5279 889 5333 enarrandas
933 5295 1022 5334 res
1067 5287 1208 5334 tuas.
1250 5281 1542 5352 Propterea
1581 5281 1820 5339 Joannes
1843 5284 2010 5340 Joan-

441 5382 562 5420 nem
614 5369 937 5434 antecessit,
984 5369 1152 5424 libere
1201 5370 1432 5440 loquens
1487 5373 1859 5428 mmulantem.
1911 5375 2012 5438 Qui

2198 2909 2663 2979 Ἑγκωμιαστικοῦ
2692 2916 2747 2969 δὲ
2781 2916 2950 2968 τύπον
2977 2915 3069 2966 καὶ
3117 2914 3146 2966 6
3196 2910 3451 2982 τέταρτος
3482 2911 3706 2964 διασώ-

2115 2999 2216 3065 ζει,
2257 3005 2320 3056 ὲκ
2345 3004 2436 3057 τοῦ
2463 3004 2572 3057 δεῖν
2591 3008 2755 3077 τιμᾷν
2787 3007 3030 3076 πατέρας
3071 3003 3178 3056 τῶν
3214 3003 3446 3057 ἐπαίνων
3502 3004 3707 3071 ἀπαρ-

2115 3095 2340 3163 χόμενος
2365 3113 2375 3126 ·
2405 3091 2464 3148 οῦ
2497 3099 2612 3151 ἐστι
2653 3100 2748 3152 καὶ
2793 3099 2985 3152 ταῦτα.
3021 3096 3238 3150 Τούτων
3273 3096 3378 3148 τῶν
3409 3094 3704 3164 ποιμένων

2115 3182 2192 3248 εἷς
2235 3188 2329 3240 καὶ
2361 3191 2388 3242 ὁ
2422 3189 2676 3260 Ἰωάννης
2706 3194 2738 3260 ἡ
2776 3190 2982 3254 ἄκακος
3017 3191 3253 3253 σύνεσις,
3284 3191 3312 3243 6
3359 3188 3704 3257 πολυόμμα-

2120 3296 2288 3348 ματος
2319 3281 2462 3346 νοῦς,
2512 3283 2610 3351 τῆς
2643 3283 3002 3350 εύαγγελικῆς
3030 3283 3321 3352 ἐμπειρίας
3349 3284 3379 3352 ἡ
3411 3281 3618 3350 βίῦλος,
3675 3285 3708 3336 6

2118 3373 2289 3443 κηροῦ
2314 3375 2446 3445 πρὸς
2479 3376 2772 3443 διαλλαγὰς
2803 3376 3257 3445 εύπλαστὸτερος,
3286 3375 3348 3428 τὸ
3397 3374 3533 3445 πρὸς
3565 3393 3687 3445 χα-

2123 3465 2208 3535 ρίσ
2220 3483 2364 3535 ματα
2389 3465 2644 3534 πέλαγος,
2676 3467 2704 3518 6
2728 3467 2866 3537 πρὸς
2912 3467 3096 3531 δόλους
3123 3465 3502 3536 πολεμούντων
3554 3468 3710 3521 άκέ-

2120 3574 2294 3627 ραιος,
2326 3557 2424 3626 τῆς
2458 3557 2780 3627 Ἐκκλησίας
2803 3559 2830 3609 6
2884 3557 3194 3628 περίϐολος.
3228 3558 3417 3620 Οὐδεὶς
3457 3557 3708 3626 ὑποκρί-

2119 3664 2254 3709 σεως
2331 3649 2493 3700 αὑτὸν
2545 3646 2890 3701 διελάνθανεν
2937 3649 3079 3716 ὄφις.
3136 3647 3307 3700 Πόθεν
3367 3664 3449 3699 σοι
3507 3646 3708 3716 βούλει

2117 3737 2438 3807 δείξωμεν⁸⁰
2472 3739 2561 3792 τὶν
2596 3739 2846 3809 Ἰωάννην
2877 3740 3208 3810 πολύτιμον;
3241 3741 3304 3792 ὲκ
3349 3739 3704 3807 φιλοξενίαςς

2125 3833 2217 3885 καὶ
2241 3832 2326 3890 τίς
2364 3831 2606 3883 Ἰωάννου
2632 3830 3048 3900 φιλοξενώτερος
3073 3849 3086 3895 ;
3138 3832 3202 3883 ὲκ
3231 3831 3331 3900 τῆς
3361 3833 3420 3885 ὲν
3455 3831 3708 3900 προστᾶ-

2119 3924 2257 3985 σίαις
2295 3922 2686 3994 στερῤότητος;
2731 3925 2823 3975 καὶ
2878 3923 2961 3984 τίς
3017 3923 3180 3976 αὐτὸν
3223 3923 3510 3975 δυναστεία
3557 3941 3706 3976 κατ-

2115 4015 2334 4086 ῄδεσενς
2387 4017 2450 4066 ὲκ
2499 4013 2599 4081 τῆς
2631 4015 2757 4082 περὶ
2805 4012 2903 4082 τὴν
2957 4013 3252 4081 ἐκκλησίαν
3293 4015 3566 4082 σπουδῆς;
3597 4017 3708 4069 καὶ

2781 4103 2944 4154 Ἀλλὰ
2982 4103 3206 4156 τοιαῦτα
3261 4103 3361 4173 μὲν
3421 4105 3514 4156 καὶ
3541 4099 3707 4167 οὗτος

2201 4285 2258 4339 Ὀ
2319 4285 2362 4337 δ’
2413 4283 2609 4354 ἐφεξῆς
2663 4285 2788 4347 τοὺς
2831 4283 3029 4346 αὐτοὺς
3088 4283 3186 4353 μὲν
3238 4285 3345 4336 τῶν
3399 4285 3705 4356 ἐγκωμίων

2119 4377 2310 4429 πλέκει
2357 4377 2685 4443 στεφάνους,
2747 4375 3127 4444 λαμπρότερον
3158 4375 3214 4427 δέ
3270 4392 3388 4438 πως
3443 4378 3545 4448 τὴν
3589 4379 3706 4432 τῶν

2117 4466 2404 4536 νοημάτων
2427 4465 2575 4533 ἰσχὺν
2599 4463 2962 4531 ἀπαγγέλλει.
2993 4465 3236 4518 Ἐοίκασι
3260 4465 3304 4517 δ’
3323 4459 3473 4518 οὗτοι
3492 4469 3704 4532 πάντες

2117 4559 2166 4610 οἱ
2197 4558 2358 4609 πέντε
2390 4555 2537 4624 λόγοι
2573 4557 2711 4625 μετὰ
2743 4557 2843 4624 τὴν
2873 4556 2981 4609 ἀπὸ
3026 4557 3121 4626 τῆς
3152 4558 3449 4628 ὑπερορίας
3497 4562 3706 4614 ἀνακο-

2121 4649 2278 4719 μιδὴν
2321 4647 2696 4717 συντετάχθαι.
2761 4647 2865 4699 Τοῦ
2923 4647 2978 4700 δὲ
3018 4648 3129 4716 νῦν,
3158 4649 3314 4716 λόγου
3353 4651 3520 4718 μέρος
3561 4654 3707 4706 εἰσιν

2042 4717 2086 4772 D
2118 4743 2172 4792 αἱ
2195 4740 2493 4808 περικοπαὶ
2516 4740 2624 4790 τῶν
2659 4739 3036 4808 ὑποκειμένων
3063 4740 3342 4810 ῥημάτων.

2189 4831 2346 4903 [1517
2377 4831 2468 4900 IL]
2502 4831 2719 4900 Χρῆσον
2749 4833 2901 4900 ἡμῖν,
2932 4827 2975 4884 ὧ
3013 4833 3213 4902 Πάτερ,
3242 4833 3339 4902 τὴν
3387 4833 3564 4904 λύραν
3599 4837 3702 4906 τὴν

2118 4925 2250 4989 σήνσ
2292 4923 2349 4973 τὸ
2395 4922 2484 4974 σὺν
2516 4924 2595 4982 εἰς
2643 4923 2740 4992 τὴν
2789 4920 2884 4991 σὴν
2943 4923 3219 4991 εὐφημίαν
3269 4923 3517 4976 δάνεισον
3565 4925 3703 4994 πλῆ-

2117 5031 2301 5082 κτρον.
2343 5014 2405 5065 Εἰ
2434 5016 2542 5085 γὰρ
2581 5014 2676 5068 καὶ
2705 5015 2760 5066 αί
2795 5017 2970 5084 χεῖρες
2991 5015 3260 5084 ἐλύθησαν
3289 5015 3369 5085 τῷ
3417 5017 3571 5087 νόμῳ
3599 5021 3703 5087 τῆς

2124 5107 2356 5175 φύσεως,
2419 5105 2530 5158 ἀλλ’
2589 5108 2622 5173 ἡ
2670 5105 2809 5176 λύρα
2867 5107 2955 5159 διὰ
2998 5107 3180 5176 πάσης
3215 5107 3312 5176 τῆς
3365 5109 3702 5177 οἰκουμένης

2123 5199 2247 5264 ἠχεῖ
2395 5195 2613 5266 δώρῳδί
2667 5197 2765 5266 τῆς
2788 5197 3030 5266 χάριτος.
3103 5197 3349 5266 Ἐγείνης
3409 5199 3545 5266 ἡμῖν
3603 5200 3701 5266 τῆς

2120 5288 2390 5340 ἀθανάτου
2418 5287 2663 5358 γλώττης
2700 5289 2926 5358 μετάδος
2951 5306 2964 5319 ·
2999 5290 3132 5358 μόνη
3164 5290 3272 5358 γὰρ
3304 5290 3336 5358 ἡ
3381 5288 3449 5358 σὴ
3480 5289 3697 5356 γλῶττα

2124 5377 2235 5428 τῶν
2269 5377 2377 5428 σῶν
2417 5378 2860 5448 κατορθωμάτων
2888 5380 3033 5446 ἀξία.
3077 5379 3174 5432 Διὰ
3224 5378 3398 5432 ταῦτα
3439 5381 3696 5449 Ἰωάννης

1706 5473 1795 5527 VA
1808 5472 1944 5528 ΒΙᾹΞ.
1997 5474 2401 5533 LECTlONES.

509 5555 555 5585 ιθ
578 5554 757 5622 λέγειν
788 5573 898 5612 om.
933 5561 998 5613 A.

438 5638 525 5686 τος
570 5643 627 5686 ς.
665 5626 817 5695 λόγος
833 5646 946 5692 om.
985 5632 1040 5684 Β.

1078 5563 1526 5638 δτμμποιναρμονίου
1555 5567 1595 5620 Β
1629 5585 1643 5622 :
1681 5567 2056 5638 παναρμονίας
2121 5588 2179 5633 ς’.

1125 5635 1167 5664 ‘°
1200 5634 1320 5687 libri
1365 5635 1626 5707 δείξομεν.
1701 5639 1743 5668 ⁸¹
1783 5634 1961 5708 δῶρῳ]
1998 5639 2140 5707 λόγῳ
2175 5646 2235 5694 ελ.

2258 5571 2303 5603 ⁸³
2326 5571 2552 5639 ὲξξιιάιι.
2587 5571 2650 5624 A.
2763 5574 2807 5606 ⁵ο
2831 5572 3010 5642 τρίτος
3053 5572 3092 5625 Β
3130 5591 3141 5626 :
3177 5572 3356 5643 τρίτος
3417 5571 3450 5641 ἢ
3503 5572 3693 5641 τέταρ-
