3922 6242
144 342 250 404 233

1198 349 1723 409 BIBLIOTHECA.
1753 374 1819 383 —
1855 348 2017 407 COD.
2047 347 2405 407 CCLXXIII.

3317 347 3423 409 234

162 458 425 528 Ἰωάννην
455 460 788 531 ἀπείληφεν,
814 461 842 513 6
870 462 1429 533 πεπαρῤησιασμένος
1454 463 1543 517 τὸν
1574 462 1745 531 ζηλω-

1853 472 2028 517 morte
2097 463 2479 532 reprehendit,
2531 462 2917 531 praedicantem
2978 472 3101 532 post
3150 476 3421 531 mortem,

156 552 273 621 τὴν,
300 552 330 603 6
357 553 505 620 μετά
556 551 788 606 θάνατον
819 553 1060 623 ἐλέγχων
1108 554 1197 606 τὸν
1236 554 1576 624 κηρύττοντά
1608 554 1749 625 μετά

155 644 415 706 θάνατον,
454 645 483 696 6
515 643 619 712 τῆς
657 645 866 715 ἐρήμου
918 644 1142 713 πολίτης
1185 645 1285 697 τὸν
1313 646 1497 716 πάσης
1529 645 1741 710 πόλεως

165 734 582 804 σωφρονιστήν.
612 733 739 805 [829
762 733 856 807 H.]
894 736 1078 804 Ἔχεις
1107 738 1203 788 καὶ
1232 735 1399 806 ἀλλην
1440 736 1579 807 πρὸς
1625 738 1752 801 τοὺς

155 826 501 890 ἀποστόλους
532 828 875 896 συγγένειαν.
907 828 1130 893 Πρῶτος
1182 828 1334 898 παρὰ
1384 831 1495 892 τοῖς
1542 830 1752 899 άμαξο-
1787 889 1798 897 ,

156 922 298 984 ϐίοις
328 921 571 985 Σκύθαις
623 921 991 992 θυσιαστήρια
1015 921 1220 990 ἔπηξας
1247 938 1261 953 ⁸
1299 923 1395 976 καὶ
1448 922 1603 992 μόλις
1636 923 1747 976 τῶν

155 1014 348 1067 ῖππων
386 1016 753 1084 ἀποπηδήσας
805 1016 834 1067 6
885 1014 1162 1086 βάρϐαρος
1214 1012 1387 1085 ἔμαθε
1429 1015 1559 1082 γόνυ
1611 1015 1753 1084 κάμ-

152 1124 317 1160 πτειν
344 1106 442 1159 καὶ
466 1108 549 1170 εἰς
582 1106 777 1176 ἔδαφος
829 1106 1212 1172 ὲξαπλοῢσθαι.
1244 1109 1355 1162 Καὶ
1391 1111 1419 1162 6
1474 1112 1589 1173 τοῖς
1639 1110 1748 1162 τῶν

156 1198 532 1268 αἰχμαλώτων
573 1198 805 1285 δάκρυσι
855 1199 929 1269 μὴ
959 1201 1347 1269 καμπτόμενος
1376 1200 1581 1270 ἔμαθεν
1607 1202 1750 1272 ὑπὲρ

158 1289 588 1359 ἁμαρτημάτων
615 1289 893 1360 δακρύειν.
927 1290 1036 1343 Ναὶ
1050 1291 1097 1323 ⁸⁸
1136 1290 1244 1361 μὴν
1272 1292 1481 1344 καὶτὸν
1527 1292 1749 1363 τοξότην

160 1382 388 1451 Πέρσην
449 1381 846 1444 ἀντετόξευσας
879 1381 957 1450 τῷ
1006 1382 1351 1454 κηρύγματι,
1387 1384 1482 1438 καὶ⁹
1533 1384 1749 1455 σιδηρο-

152 1473 462 1542 φοροῦντες
523 1474 933 1542 προσκυνοῦσιν
957 1476 1159 1528 ἐκεῖνοι
1184 1476 1275 1529 τὸν
1331 1476 1740 1547 σταυρωθέντα.

162 1567 464 1637 Ἑνξκησεν
493 1567 527 1638 ὴ
555 1567 623 1638 σὴ
652 1568 868 1636 γλῶττα
898 1569 1183 1623 Χαλδαίων
1233 1571 1327 1623 καὶ
1358 1571 1550 1641 μάγων
1597 1588 1746 1640 μαγ-

146 1662 520 1727 γανευτήρια,
550 1660 644 1711 καὶ
675 1660 707 1729 ἡ
754 1660 1144 1729 κεχερσωμένη
1173 1659 1377 1732 Περσὶς
1424 1660 1748 1731 εύκτηρίους

144 1751 341 1813 οἴκους
368 1750 732 1821 ἐϐλάστησεν.
762 1751 962 1805 Οὐκέτι
1011 1752 1113 1818 τῆς
1137 1751 1395 1815 εὐσεϐοῦς
1450 1752 1745 1822 θρησκείας

145 1841 222 1895 τὰ
260 1842 594 1905 Βαϐυλῶνος
625 1843 905 1915 ἀλλότρια.
957 1842 1145 1897 Ταῦτά
1174 1861 1235 1896 σε
1278 1846 1394 1906 τοῖς
1428 1843 1746 1907 ἀποστόλοις

150 1936 457 2001 συνέταξεν
477 1938 545 1991 ⁸³.
585 1938 706 1990 Ἔτι
735 1936 866 2006 παρ’
907 1938 1040 2006 ἡμῖν
1067 1936 1138 1990 τὰ
1182 1936 1473 2007 σπέρματα
1502 1935 1603 2005 τῆς
1648 1938 1747 2006 σῆς

149 2028 413 2099 γλώττης
445 2029 635 2081 ἀνθεῖ·
661 2028 765 2083 κᾶν
810 2029 1067 2101 Ἰωάννην
1099 2047 1183 2092 τις
1215 2029 1481 2101 ὀνομάσῃ,
1529 2028 1748 2092 πολὺς-ὁ

150 2118 293 2193 ἦχος
346 2120 710 2191 ἐκκρούεται.
781 2121 846 2174 Ἦ
884 2122 993 2191 γὰρ
1040 2120 1471 2190 ὲκκλησιαστικὴ
1515 2118 1654 2195 λύρα
1684 2120 1748 2173 τὸ

155 2216 392 2284 ἀρχαῖον
417 2213 699 2283 πλῆκτρον
742 2212 1122 2281 ἐπιγινώσκει,
1155 2214 1253 2267 καὶ
1307 2214 1430 2268 ἀντὶ⁸
1467 2213 1747 2267 δακτύλων

157 2306 423 2378 ἀρκοῦσιν
458 2308 515 2358 αἱ
546 2305 641 2358 τοῦ
669 2305 767 2359 σοῦ
814 2307 1079 2375 ὀνόματος
1110 2304 1388 2359 συλλαϐαί.
1415 2306 1681 2359 Ἔϐλεπεν
1696 2305 1745 2338 ⁵⁸

154 2400 189 2467 ἠ
254 2396 473 2466 βασιλὶς
513 2397 671 2455 πόλις
719 2396 790 2449 τὰ
848 2397 915 2448 ἐκ
972 2395 1163 2465 Σηρῶν
1188 2396 1236 2429 ⁵⁸
1304 2395 1747 2466 ὑφάσματα,καὶ

149 2489 446 2543 διέπτυεν·
480 2487 706 2559 ἐθεώρει
754 2486 881 2551 τοὺς
905 2488 964 2555 ἐξ
1012 2487 1193 2541 Ἰνδῶν
1230 2487 1433 2553 λίθους,
1473 2488 1567 2542 καὶ
1612 2505 1744 2541 κατ-

148 2582 379 2652 εφρόνει
400 2598 415 2610 ’
433 2581 558 2634 οὐδὲ
590 2581 691 2650 τῆς
718 2581 896 2652 Τύρου
924 2581 986 2633 τὸ
1015 2581 1283 2652 ἁλουργὲς
1314 2581 1486 2650 αὐτὴν
1517 2582 1745 2652 ἔτερπεν

155 2673 348 2738 ἄνθος,
381 2673 626 2744 Πηλίνην
658 2674 844 2727 ἐπόθει
877 2674 1148 2743 γλῶτταν.
1204 2674 1451 2729 ἀθάνατα
1491 2675 1745 2729 διδασκα-

146 2765 275 2828 λίας
323 2767 671 2835 προχέουσαν
718 2767 960 2835 νάματα.
1023 2761 1143 2819 Εἴδέ
1198 2783 1258 2819 σε
1311 2769 1405 2820 καὶ
1448 2769 1678 2835 Ἔφεσος
1708 2769 1741 2837 ή

146 2858 386 2929 ἀρχαία,
442 2861 538 2911 καὶ
585 2859 705 2914 νέον
769 2859 1026 2927 Ἰωάννην
1076 2862 1399 2931 προσεῖπεν.
1457 2856 1601 2925 Εἷδε,
1650 2863 1741 2914 καὶ

149 2950 528 3020 εὐαγγελικῆς
557 2951 886 3021 ὑπεμνήσθη
942 2951 1193 3023 βροντῆς.
1237 2952 1542 3017 Ἐντεῦθεν,
1599 2954 1739 3020 ἀγα-

150 3044 345 3112 πητοὶ,
377 3043 438 3095 τὸ
467 3043 646 3113 ῥεῦμα
696 3041 793 3097 τοῦ
847 3043 1009 3112 λόγου
1068 3043 1417 3114 τραχύνεταιο
1471 3042 1609 3097 ἀλλὰ
1664 3043 1738 3112 μὴ

148 3136 426 3207 φύγωμεν
463 3138 565 3206 τὴν
611 3137 951 3209 τραχύτητα,
1006 3138 1106 3208 τῆς
1137 3139 1364 3208 εἰρήνης
1408 3137 1596 3190 λοιπὸν
1626 3137 1738 3188 ὁδο-
1769 3161 1813 3223 C

148 3227 422 3299 ποιούσης
450 3228 533 3299 τῷ
563 3228 819 3299 ῥεύματι.
877 3232 941 3284 Εἰ
972 3232 1079 3302 γάρ
1135 3248 1189 3283 τι
1240 3230 1377 3300 πρὸς
1430 3229 1560 3291 τοὺς
1615 3229 1742 3292 σοὺς

149 3321 386 3385 ναύτας,
421 3317 469 3375 ὧ
496 3322 700 3394 Πάτερ,
730 3326 1083 3393 ἀγανακτεῖς,
1124 3325 1179 3377 εἴ
1211 3342 1263 3377 τι
1292 3324 1428 3395 πρὸς
1446 3323 1577 3387 τοὺς
1602 3340 1741 3390 συμ-

152 3415 537 3479 πεπλευκότας
560 3416 727 3487 λυπῇ,
756 3417 1010 3486 ἐννόησον
1043 3418 1123 3471 ὅτι
1148 3416 1354 3488 χειμὼν
1389 3419 1484 3470 καὶ
1534 3415 1744 3469 κλύδων

151 3507 249 3560 καὶ
278 3507 529 3560 θάλασσα
551 3506 895 3579 βρασσομένη
919 3512 1228 3579 ἠνάγκασεν
1253 3508 1453 3572 αὐτοὺς
1470 3508 1565 3561 καὶ
1581 3508 1743 3561 ἄκον-

149 3619 252 3665 τας
279 3602 378 3655 τὸν
413 3603 602 3655 Ἰωνᾶν
630 3603 930 3673 προσρῖψαι
983 3606 1097 3666 τοῖς
1129 3603 1392 3672 κύμασιν.
1436 3603 1551 3655 Οὐκ
1597 3602 1743 3655 ὲκεί-

151 3710 264 3747 νων
289 3696 473 3763 μῖσος,
499 3693 636 3746 ἀλλὰ
666 3693 757 3746 σὺν
778 3694 1083 3763 γυμνάσιον
1104 3694 1167 3745 τὸ
1196 3692 1431 3763 συμϐάψ
1462 3693 1565 3745 οὐκ
1592 3692 1744 3746 ὲκεί-

149 3801 264 3835 νων
287 3783 554 3852 πόλεμος,
590 3783 725 3836 ἀλλά
756 3784 846 3846 σὸς
864 3782 1014 3850 ἀγὼν
1040 3783 1107 3834 τὰ
1130 3784 1423 3852 γενόμενα.
1448 3783 1563 3835 Οὐκ
1596 3784 1743 3837 ἐκεῖ-

151 3889 236 3924 νοι
265 3874 371 3942 τῆς
421 3874 719 3944 ἀδελφικῆς
768 3874 1161 3944 ἀπηνέχθησαν
1209 3873 1415 3945 ψήφου,
1477 3874 1593 3927 ἀλλ’
1637 3872 1744 3926 ἔδει

150 3965 252 4018 καὶ
286 3964 350 4016 σὲ
382 3965 477 4016 τὸν
505 3964 721 4018 δίαυλον
760 3964 869 4017 τῶν
918 3964 1217 4036 μαρτύρων
1262 3965 1512 4036 δραμεῖν.
1550 3962 1746 4036 Ἀπόρ-

155 4056 324 4126 pr;qu
356 4073 441 4118 τις
466 4055 749 4126 οἰκονομία
780 4056 1083 4125 σκάμματά
1104 4055 1152 4087 ³⁸
1187 4072 1269 4108 σοι
1307 4057 1403 4107 καὶ
1428 4054 1676 4116 διαύλους
1699 4054 1743 4085 ⁸⁷

153 4148 486 4220 ηὐτρέπισε.
528 4148 752 4210 Πάντως
785 4148 987 4219 ἐρρέθη
1020 4149 1274 4218 καὶπερὶ
1327 4147 1422 4200 σοῦ
1463 4150 1601 4218 πρὸς
1654 4147 1745 4198 τὸν

154 4241 338 4293 κοινὸν
368 4241 663 4295 ἀντίπαλον
692 4242 792 4310 τῆς
825 4240 1270 4312 ἀνθρωπότητος·
1300 4238 1651 4307 Προσὲσχες
1672 4236 1746 4305 τῇ

154 4330 397 4398 διανοίῃ
427 4350 547 4386 σου
574 4335 723 4385 κατὰ
754 4331 863 4385 τοῦ
885 4330 1251 4400 θεράποντάς
1270 4349 1389 4400 μου
1436 4331 1745 4393 ’Iwciwov;

155 4427 250 4478 καὶ
269 4426 425 4494 ἑξῆς.
470 4425 859 4496 Ἐχρεωστεῖτο
882 4424 958 4494 τῷ
985 4422 1225 4493 λαμπρῷ
1271 4423 1367 4492 βίῳ
1407 4424 1504 4476 καὶ
1545 4425 1578 4491 ἡ
1606 4422 1747 4491 λαμ-

1854 557 2060 611 de’Serti
2101 555 2275 610 incola
2308 556 2476 611 totius
2510 555 2660 610 orbis
2689 556 3011 624 sapientem.
3048 554 3228 611 llabes
3259 558 3425 613 aliam

1855 659 1980 699 cum
2010 643 2277 713 apostolis
2311 643 2713 712 cognationem,
2754 644 2965 712 primus
2996 644 3137 712 apud
3168 644 3424 715 Scythas,

1850 740 1982 811 quid
2015 740 2163 808 quod
2207 740 2260 793 in
2288 735 2540 791 curribus
2572 734 2776 800 vivant,
2813 734 3120 789 hamaxobii
3144 736 3271 789 dicti
3300 752 3425 792 aras

1850 833 2095 893 crcxisti,
2124 840 2178 885 et
2208 831 2475 885 barbarus
2498 830 2586 884 vix
2616 830 2684 883 ab
2714 829 2872 898 equis
2897 828 3196 892 dissiliens,
3233 828 3427 883 didicit

1855 937 1994 991 genu
2026 921 2259 983 ﬂectere,
2294 928 2348 974 et
2390 920 2457 973 ad
2495 919 2868 989 pavimentum
2899 918 3197 981 incurvari,
3243 927 3299 972 et
3330 918 3426 988 qui

1853 1015 2197 1084 captivorum
2265 1012 2699 1090 Iacrymis_non
2754 1019 3026 1076 movetur,
3082 1010 3273 1066 didicit
3326 1026 3427 1081 pro

1852 1108 2094 1177 peccatis
2128 1106 2279 1160 ﬂere.
2310 1103 2453 1171 Quin
2483 1105 2649 1159 etiam
2675 1102 3035 1172 iaculatorem
3063 1102 3284 1157 Persam
3308 1104 3427 1159 vulo

1852 1214 2056 1253 nerans
2082 1199 2484 1270 prtedicatione,
2515 1207 2569 1250 et
2587 1194 2748 1249 ferrei
2775 1194 3084 1249 didicerunt
3101 1195 3426 1249 cruciﬁxum

1855 1285 2110 1340 adorare.
2143 1283 2285 1336 Vicit
2311 1294 2400 1335 tua
2435 1281 2619 1351 lingua
2640 1278 3026 1335 Chaldaeorum
3061 1287 3116 1332 et
3142 1276 3426 1346 Magorum

1849 1377 2212 1447 imposturas,
2246 1384 2302 1428 et
2336 1372 2628 1427 Persarum
2658 1371 2863 1425 inculta
2887 1371 3034 1425 natio
3072 1369 3273 1438 templa
3307 1384 3429 1438 ger-

1851 1468 2105 1522 minavit.
2155 1466 2271 1521 Non
2323 1466 2560 1535 amplius
2588 1462 2830 1533 Babylon
2879 1465 3133 1532 pietatem
3179 1468 3428 1515 aversata

1850 1567 1955 1615 est.
1986 1558 2113 1613 Haec
2149 1566 2199 1611 tc
2229 1557 2463 1612 similem
2498 1555 2760 1625 apostolis
2791 1554 3055 1617 fecerunt,
3082 1552 3261 1607 adhuc
3285 1549 3429 1621 apud

1853 1667 1955 1707 nos
1979 1651 2190 1706 semina
2222 1650 2420 1720 lingua:
2444 1649 2645 1719 vigent.
2672 1647 2903 1715 Quando
2935 1646 3202 1700 Joannem
3232 1644 3430 1714 aliquis

1860 1745 2154 1805 nominat.
2191 1737 2422 1815 magnus
2475 1757 2647 1797 sonus
2688 1741 3001 1797 exauditur.
3043 1738 3427 1794 Ecclesiast-ica

1778 1820 1822 1876 Β
1852 1837 1969 1906 lyra
1997 1836 2283 1906 antiquum
2335 1836 2600 1905 plectrum
2649 1834 2967 1903 cognoscit.
3014 1842 3071 1887 et
3112 1847 3211 1902 pro
3241 1830 3427 1903 digitis

1850 1928 2128 1985 suﬂiciunt
2187 1927 2409 1999 syllabae
2457 1926 2701 1983 nominis
2756 1926 2855 1980 tui.
2923 1924 3428 1995 Constantinopolis

1849 2021 1985 2077 vidit
2041 2022 2303 2094 Syrorum
2336 2019 2479 2083 vela,
2528 2028 2582 2074 et
2634 2020 2987 2089 contempsit.
3024 2017 3173 2072 Vidit
3212 2016 3426 2086 lapillos

1849 2113 2089 2174 Indicos,
2124 2123 2179 2167 et
2206 2111 2416 2174 irrisit,
2448 2126 2549 2167 nec
2579 2109 2709 2182 Tyri
2752 2112 2899 2164 illam
2932 2109 3086 2164 color
3117 2123 3426 2178 purpureus

1848 2204 2155 2260 delectavit.
2189 2204 2413 2259 Lutcam
2439 2203 2748 2274 concupivit
2770 2202 3036 2272 linguam,
3056 2216 3178 2270 quae
3201 2202 3428 2254 immor-

1848 2302 1985 2355 tales
2022 2299 2288 2353 doctrinm
2336 2297 2579 2367 liquores
2608 2294 2913 2350 distillavit.
2948 2294 3096 2348 Vidit
3121 2305 3171 2348 te
3200 2293 3425 2361 antiqua

1849 2390 2120 2459 Ephesus,
2146 2400 2201 2445 et
2245 2388 2512 2444 Joannem
2554 2404 2758 2443 novum
2807 2385 3333 2456 appellavit,vidit,
3372 2392 3427 2437 et

1846 2481 2141 2553 evangelici
2188 2480 2508 2537 recordatus
2542 2488 2628 2535 est
2658 2478 2916 2534 tonitrus.
2946 2476 3105 2541 Hinc,
3151 2491 3185 2529 ο
3217 2474 3423 2536 dilecti,

1848 2571 2029 2628 ﬂuxus
2057 2570 2260 2642 509a
2291 2570 2557 2626 orationis
2592 2585 2717 2624 cum
2756 2570 2961 2639 impetu
2992 2568 3187 2623 currit.
3216 2564 3322 2619 Sed
3357 2579 3426 2617 ne

1848 2664 2203 2735 asperitatem
2236 2662 2538 2734 fugiamus,
2570 2678 2704 2732 pace
2760 2662 2977 2715 tandem
3040 2658 3229 2713 ﬂuctui
3284 2657 3422 2710 viam

1848 2767 2147 2814 sternente.
2181 2757 2239 2815 Si
2278 2757 2408 2827 quid
2436 2756 2581 2811 enim
2615 2757 2683 2810 de
2712 2755 2820 2809 tuis
2850 2753 3056 2817 nautis,
3095 2751 3276 2814 Pater,
3296 2763 3427 2803 con-

1846 2853 2115 2925 quereris,
2150 2853 2195 2906 si
2242 2851 2372 2921 quid
2404 2860 2597 2907 contra
2641 2858 2762 2904 tuos
2808 2846 3235 2916 connavigantes
3281 2859 3425 2897 con—

1844 2947 2044 3010 tristat,
2108 2945 2347 3015 intellige
2401 2943 2617 3013 hyemis
2654 2948 3057 3011 tempestatem,
3089 2935 3383 3006 procellam
3407 2975 3421 2999 ,

1845 3048 1901 3094 et
1953 3053 2105 3093 mare
2150 3037 2520 3092 effervescens
2577 3034 2825 3104 coegisse
2894 3032 3019 3085 illos
3076 3029 3159 3081 vel
3222 3028 3425 3082 invitos

1846 3130 2040 3187 Jonam
2092 3130 2229 3184 mari
2266 3130 2614 3199 immergere.
2653 3125 2769 3181 Non
2817 3140 3008 3179 eorum
3064 3122 3252 3176 odium
3279 3159 3295 3181 ,
3331 3119 3427 3172 sed

1849 3238 1940 3282 tua
1973 3224 2335 3280 exercitatio:
2391 3236 2503 3277 non
2551 3235 2742 3276 eorum
2790 3234 2965 3279 arma,
3002 3216 3097 3271 58d
3132 3224 3221 3268 tua
3250 3220 3433 3266 certa-

1847 3319 1993 3371 mina
2024 3332 2086 3371 ea
2121 3330 2243 3385 qua:
2287 3314 2429 3369 facta
2461 3321 2613 3378 sunt,
2647 3328 2754 3367 non
2777 3311 2854 3366 illi
2881 3327 2909 3364 a
2941 3309 3183 3364 fraterna
3210 3315 3430 3361 senten-

1845 3412 1919 3466 tia
1942 3410 2151 3479 cxpulsi
2172 3419 2322 3471 sunt,
2344 3408 2437 3463 sed
2460 3406 2703 3477 oportuit
2724 3415 2777 3460 et
2800 3416 2852 3460 te
2872 3404 3107 3459 stadium
3127 3409 3427 3472 martyrum

1847 3518 2091 3558 Currere.
2148 3504 2366 3557 Arcana
2418 3501 2668 3570 qumdam
2712 3496 3086 3569 providentia,
3126 3500 3430 3549 scammata

1848 3597 1942 3650 tibi
1976 3596 2091 3666 (l7)
2131 3604 2187 3649 et
2226 3593 2548 3649 certaminis
2587 3592 2768 3646 locum
2802 3587 3151 3660 praeparavit.
3185 3584 3430 3640 Omnino

1848 3689 2053 3743 dictum
2069 3687 2229 3742 estde
2244 3696 2296 3741 te
2312 3696 2504 3741 contra
2521 3686 2804 3738 hominum
2821 3694 3170 3736 communem
3190 3678 3426 3733 hostem:

1851 3780 2108 3850 Nunquid
2134 3779 2485 3834 considerasti
2509 3791 2714 3830 servum
2744 3789 2917 3827 meum
2940 3770 3204 3826 Joannem
3241 3779 3285 3832 ι’,
3320 3778 3427 3821 etc.

1849 3872 2043 3927 Debuit
2079 3872 2240 3927 clarae
2280 3871 2405 3924 vitae
2454 3869 2601 3923 clara
2640 3868 2807 3921 etiam
2849 3879 2998 3917 mors
3050 3863 3197 3918 addi.
3249 3860 3430 3930 Oppii-

1849 3963 2035 4035 gnavit
2065 3963 2321 4017 diabolus
2351 3960 2473 4024 Job,
2507 3959 2785 4014 adversari
2810 3957 2972 4010 amici
2999 3955 3277 4009 nolebant.
3306 3953 3430 4006 Ideo

1847 4066 2037 4125 postea
2056 4055 2199 4111 Deus
2215 4069 2372 4123 opem
2392 4054 2514 4109 tulit
2533 4052 2728 4109 amicis
2756 4052 2879 4116 Job,
2902 4058 2956 4104 et
2972 4048 3163 4103 amicis
3187 4047 3429 4100 amicum

1846 4149 1950 4205 Job
1969 4149 2219 4203 reddidit.
2244 4146 2357 4202 Hoc
2376 4146 2541 4201 etiam
2561 4145 2731 4207 hunc,
2746 4153 2809 4197 ut
2825 4144 3002 4208 video,
3023 4142 3223 4195 factum
3242 4140 3293 4193 in
3313 4148 3430 4202 te,o

1849 4240 2317 4303 Pater,etdextras
2332 4238 2553 4292 Patrum
2567 4252 2690 4290 cum
2707 4236 2936 4289 invicem
2951 4232 3430 4302 copulatasanimo

1850 4335 2051 4403 cogito.
2068 4332 2407 4401 RecepitJob
2426 4331 2581 4400 plura
2597 4345 2760 4399 quam
2777 4328 2926 4396 prius
2944 4326 3156 4387 habuit,
3179 4323 3430 4391 recepisti

1848 4435 1902 4480 et
1918 4436 1975 4479 tu
1990 4440 2115 4479 cum
2132 4423 2374 4477 auctario
2389 4422 2616 4492 gloriam
2633 4422 2700 4474 ab
2716 4418 2972 4474 omnibus
2988 4413 3431 4486 majorem.Hanc

158 4517 277 4583 ςτρά
306 4517 563 4585 τελευτή.
598 4516 857 4570 Ἑπάλαιε
925 4517 1023 4587 μὲν
1057 4515 1135 4586 τῷ
1151 4516 1196 4548 ⁵³
1248 4514 1369 4568 Ἰὼϐ
1416 4516 1443 4567 ὁ
1473 4513 1739 4575 διάϐολος,

1851 4526 2158 4569 extremam
2192 4514 2459 4575 orationis
2486 4525 2693 4581 partem
2731 4509 3016 4579 inscriptio
3046 4510 3097 4562 in
3129 4507 3433 4577 apostolico

155 4606 384 4660 ἐδόκουν
406 4608 467 4660 δὲ
491 4609 859 4680 προσκρούειν
883 4609 931 4662 οἱ
960 4595 1138 4677 φίλοιο
1176 4607 1265 4660 διὰ
1307 4606 1466 4659 τοῦτο
1520 4606 1643 4658 ῦστε
1655 4623 1747 4677 ρον

153 4700 182 4750 6
212 4698 352 4761 Θεὸς
377 4698 593 4764 ἐξιᾶται
624 4701 747 4763 τοὺς
776 4700 986 4767 φίλους,
1020 4701 1113 4753 καὶ
1137 4702 1250 4762 τοῖς
1277 4699 1453 4768 φίλοις
1477 4697 1630 4766 φίλον
1658 4697 1749 4748 τὸν

167 4787 291 4840 Ἰὼϐ
320 4788 641 4845 ἀποδίδωσι.
660 4789 830 4843 Τοῦτο
871 4792 962 4843 καὶ
986 4791 1104 4854 νῦν,
1156 4788 1347 4859 ὥσπερ
1391 4787 1744 4855 αἰσθάνομαι,

157 4877 409 4945 γεγονὸς,
434 4870 483 4930 ὦ
512 4879 698 4951 Πάτερ
724 4896 739 4910 ·
777 4880 875 4934 καὶ
904 4880 1003 4943 τὰς
1026 4878 1206 4943 δεξιὰς
1232 4880 1340 4931 τῶν
1373 4879 1629 4946 Πατέρων
1650 4877 1748 4929 άλ-

161 4965 351 5038 λήλαις
380 4971 873 5040 συνεφαπτομένας
892 4972 1256 5041 φαντάζομαι.
1295 4967 1593 5022 Ἀπέλαϐεν
1629 4967 1751 5020 Ἰὼϐ

159 5060 715 5117 πολυπλασιασθέντα
765 5065 833 5117 τὰ
896 5065 1185 5134 κτῆμα-ια’
1238 5061 1514 5124 ἀπέλαϐες
1561 5060 1748 5113 καὶσὺ

163 5154 303 5219 μετά
333 5154 661 5225 προσθήκης
708 5156 809 5227 τὴν
857 5157 1009 5227 παρά
1057 5156 1276 5209 πάντων
1324 5155 1508 5224 τιμήν.
1543 5152 1746 5205 Τοῦτον

236 5298 257 5326 τ
292 5287 401 5345 Job
427 5306 471 5354 ι,
507 5288 561 5343 8.

1848 4605 2055 4674 templo
2099 4604 2339 4657 habitam
2368 4603 2659 4673 signiﬁcat.
2685 4600 3017 4656 Prommium
3051 4615 3179 4654 vero
3204 4598 3428 4661 indicat,

1856 4706 2151 4751 auctorem
2182 4703 2310 4765 post
2360 4695 2469 4749 alia
2505 4695 2621 4749 limo
2670 4694 2977 4763 scripsisse.
3014 4692 3105 4746 Sic
3127 4693 3270 4745 enim
3318 4693 3428 4745 ait:

1851 4786 2149 4858 Postquam
2187 4796 2235 4839 et
2279 4802 2371 4857 ego
2399 4786 2573 4840 dicere
2607 4786 2791 4838 ordine
2828 4784 3019 4849 debui,
3047 4800 3167 4837 cum
3196 4800 3288 4853 ego
3313 4799 3431 4835 cum

1855 4881 2058 4934 ca'teris
2091 4894 2362 4948 assurgere
2396 4878 2465 4930 ad
2511 4878 2792 4930 dicendum
2836 4893 3012 4947 cogor,
3040 4893 3158 4929 cum
3192 4885 3429 4945 oporteat

1856 4981 1907 5026 et
1942 4988 2021 5025 me
2046 4974 2231 5041 patria:
2259 4980 2307 5024 et
2333 4971 2457 5024 bene
2477 4971 2706 5039 precari,
2730 4982 2777 5024 et
2797 4970 2951 5023 multi
2977 4970 3213 5024 debitum
3250 4972 3432 5023 inexo-

1859 5062 2029 5117 rabile
2056 5074 2318 5133 petentes:
2348 5064 2490 5131 apud
2520 5079 2611 5115 nos
2642 5078 2760 5115 vero
2805 5060 2939 5115 nihil
2985 5062 3158 5115 simile
3197 5072 3429 5131 paterna:

1855 5156 2071 5208 virtutis
2096 5172 2114 5208 :
2157 5158 2227 5209 du
2259 5156 2429 5222 nobis,
2461 5173 2490 5209 ο
2516 5152 2774 5219 Joannes,
2795 5165 3036 5207 mutuam
3072 5155 3264 5221 lyram.

1432 5353 1665 5411 VARUE
1716 5355 2125 5412 LECTIONES.

278 5470 325 5499 δ’
358 5474 447 5507 ...εἴ
474 5475 503 5507 Α
547 5493 560 5505 .

278 5474 325 5499 δ’
358 5474 511 5527 ναίΛ
547 5493 561 5527 :
598 5474 690 5525 καί
716 5491 776 5537 ς.
874 5474 920 5504 ³³
947 5474 1230 5536 συνέταξεν
1256 5474 1298 5523 Α
1339 5490 1349 5522 :
1384 5485 1493 5521 συνι

176 5538 221 5571 ⁸⁸
263 5538 512 5607 σκάμμςι.
593 5546 639 5575 ⁸⁷
668 5543 882 5597 δίαυλον
913 5558 1061 5598 corr.
1089 5546 1157 5595 A.
1233 5540 1278 5570 ⁵⁸
1309 5540 1397 5591 τόν
1428 5540 1493 5592 Α.

874 5474 920 5504 ⁵³
947 5471 1230 5536 συνέταξεν
1256 5469 1298 5523 Α
1339 5490 1349 5522 :
1384 5468 1700 5535 συνέζευξεν
1729 5487 1790 5531 ς.

1896 5469 1942 5501 ⁸⁸
1974 5470 2398 5523 ἒϐλεπεν-Ιὶη.
2426 5469 2529 5523 ult.
2559 5471 2723 5540 τιμήν
2748 5485 2857 5523 om.
2902 5467 2959 5522 Β.
3053 5468 3097 5497 ⁸⁵
3143 5462 3330 5535 Συρῶν
3363 5481 3423 5527 ς.

1684 5606 1919 5664 NOTAE.

250 5701 367 5777 (l7)
391 5699 723 5777 Sca_mma_t_i_s
748 5716 932 5762 vocem
956 5723 1055 5777 pro
1079 5721 1256 5777 arena:
1274 5713 1415 5756 meta
1440 5711 1492 5756 et
1510 5703 1761 5777 palinstra

188 5768 410 5827 adhibet
474 5768 875 5835 Tertullianus,
943 5768 994 5828 ἐι
1064 5777 1123 5831 Β.
1194 5768 1576 5843 Hieronymus.
1630 5771 1764 5830 Vide

498 5864 766 5927 Ριτιιοι..
807 5867 923 5929 Gn.
961 5869 1119 5930 CIV.

1873 5706 2098 5759 laudum
2144 5704 2484 5773 Leopardum
2542 5705 2637 5757 lib.
2704 5723 2717 5759 ι
2765 5701 3062 5759 Miscellan.
3099 5702 3168 5755 9.2
3228 5713 3279 5757 ct
3340 5702 3428 5756 bic

1873 5776 2044 5831 Graeci
2077 5778 2404 5846 exemplaris
2434 5776 2664 5830 scholia.

3061 5876 3102 5932 ὅ
