3912 6234
489 295 594 356 235

1649 290 1906 349 PHOTII
1948 287 2448 347 PATRIARCH/E
2473 288 2579 347 ΟΡ.
3595 296 3685 353 236

489 414 581 461 τον
617 407 844 477 ἔσχατον
890 403 1046 473 λόγον
1096 404 1129 472 ή
1177 400 1459 473 ἐπιγραφὴ
1506 402 1562 454 ἐν
1607 402 1683 471 τῷ
1739 400 2073 469 ἁποστολεέῳ
2112 397 2364 468 εἰρῆσθαι
2426 399 2611 466 λέγει·
2649 399 2707 451 τὸ
2748 399 2803 452 δὲ
2850 398 3131 469 προοίμιον
3198 398 3569 463 αἰνίττεταιὼς
3609 403 3686 454 ἆλ-

489 501 596 553 λων
627 497 996 569 προειπόντων
1024 497 1053 548 ὁ
1085 494 1438 564 συγγραφεὺς
1468 492 1585 565 μετ’
1640 494 1883 554 ἐκείνους
1914 493 2243 562 δημηγορεῖ’
2283 490 2395 560 ἔχει
2424 492 2533 563 γὰρ
2567 492 2739 556 οὕτως
2764 508 2777 522 ο
2814 491 3047 559 Ἐπειδὴ
3080 490 3230 561 κάμὲ
3266 491 3410 559 πρὸς
3433 492 3492 545 τὸ
3522 493 3690 563 λέγειν

490 596 522 645 d
551 591 778 653 κύκλος
801 590 1151 656 ἀνίστησιν,
1185 586 1345 658 [1520
1374 584 1466 657 8.]
1489 586 1697 656 ἐπειδὴ
1720 587 1787 641 τὸ
1812 587 2093 655 σύνθημα
2130 583 2278 653 πρὸς
2335 584 2450 652 τὴν
2488 587 2701 655 κοινὴν
2724 586 2967 656 χορείαν
2987 585 3217 654 ἐγείρει,
3248 584 3447 653 ἐπειδὴ
3462 585 3549 639 δεῖ
3568 588 3692 655 κάμὲ

492 686 618 756 [850
675 683 769 755 ΙΙ.]
816 682 966 752 πρὸς
1003 683 1310 752 εὐφημίαν
1329 680 1629 750 πατρικὴν
1668 681 2163 750 ἀνακρούσασθαι
2221 679 2427 749 μέλος,
2460 681 2559 734 καὶ
2621 680 2839 735 πολλοὶ
2861 679 2977 749 μὲν
2997 681 3049 732 οὶ
3073 679 3140 731 τὸ
3172 679 3406 747 ὄφλημα
3436 679 3498 732 τὸ
3529 679 3690 748 ἀπαρ-

486 780 732 846 αίτητον
758 776 1230 842 ἀπαιτοῦντες-⁵9,
1283 779 1418 843 παρ’
1453 775 1599 844 ἡμῖν
1662 773 1729 827 δὲ
1794 773 1976 828 οὐδὲν
2014 774 2126 845 τῆς
2194 774 2484 845 πατρικῆς
2512 773 2847 844 ἐφάμιλλον
2900 769 3139 839 ἀρετῆς,
3203 769 3432 839 χρῆσον
3470 770 3614 841 ἡμῖν,
3657 771 3694 823 ὦ

486 869 670 937 πάτερ
714 869 973 937 Ἰωάννη,
998 869 1113 937 τὴν
1135 870 1329 939 λύραν
1349 867 1466 936 τὴν
1496 868 1638 934 σήν.

1117 982 1445 1039 CCLXXIV.

592 1078 821 1133 Joannis
859 1077 1223 1148 Chrysostomi
1254 1077 1309 1130 in
1339 1074 1437 1129 XL
1480 1082 1738 1146 martyres
1768 1074 1961 1128 oratio.

562 1241 970 1313 LegiJoannem
1015 1240 1401 1311 Chrystomum
1452 1241 1508 1293 in
1554 1238 1768 1293 laudem
1812 1237 1880 1290 40
1926 1252 2069 1291 mar-

493 1350 692 1409 tyrum.

565 1432 924 1485 Celebrantur
964 1437 1231 1500 martyres
1266 1444 1376 1482 non
1432 1438 1491 1481 ut
1522 1426 1620 1496 ipsi
1674 1426 1889 1480 laudem
1928 1425 2068 1480 acci-

498 1529 646 1593 piant
671 1567 684 1590 ,
718 1540 906 1577 verum
947 1533 1007 1577 ut
1056 1539 1155 1576 nos
1200 1538 1294 1591 per
1322 1538 1509 1575 eorum
1541 1519 1757 1573 laudem
1789 1518 1855 1571 ad
1888 1519 2069 1571 imita-

499 1620 702 1671 tionem
758 1617 1141 1671 incendamur.
1210 1615 1485 1670 Molestias
1543 1613 1687 1683 passi
1738 1625 1869 1666 sunt
1898 1614 1971 1681 pii
2012 1618 2068 1664 et

494 1713 688 1780 impii,
730 1710 825 1766 sed
883 1710 960 1763 illi
1009 1709 1075 1763 ad
1120 1708 1572 1763 exercitationem
1624 1691 1878 1775 iustitiae,
1911 1703 1966 1755 hi
2000 1701 2066 1755 ad

496 1805 700 1873 peccati
754 1801 1197 1871 castigationem.
1231 1799 1356 1853 Ideo
1398 1800 1676 1868 juslorum
1725 1795 1866 1849 mala
1910 1808 2066 1847 sacra

492 1896 773 1966 Scriptura
824 1894 1189 1947 tribuiationes
1254 1898 1445 1955 vocat,
1504 1887 1729 1959 509b,
1794 1885 2064 1939 malorum

490 1999 680 2044 contra
726 1989 1122 2058 castigationes.
1170 1984 1340 2039 Vestri
1367 1986 1505 2038 beati
1533 1983 1693 2046 oculi,
1719 1982 1841 2051 quia
1868 1978 2064 2042 vident,

493 2080 542 2133 id
583 2088 687 2138 est,
712 2078 843 2147 quia
893 2076 1224 2145 intelligunt.
1264 2073 1321 2125 Si
1352 2072 1495 2127 enim
1551 2072 1605 2125 in
1638 2068 1869 2124 videndo
1892 2066 2063 2122 felici-

489 2184 595 2234 tas,
626 2172 787 2225 etiam
817 2168 987 2224 Judaai
1012 2207 1027 2231 ,
1077 2168 1170 2237 qui
1211 2165 1543 2220 Salvatorem
1589 2161 1878 2226 viderunt,
1921 2157 2065 2214 beati

2877 966 3038 1021 ΣΟΔ’.

2184 1065 2467 1122 Ἰωάννου
2494 1062 2599 1116 τοῦ
2640 1063 3074 1130 Χρυσοστόμου
3103 1059 3170 1130 ἐκ
3198 1058 3301 1112 τοῦ
3332 1057 3603 1126 ἐγκωμίου
3629 1061 3697 1121 εἰς

2542 1129 2690 1197 τοὺς
2714 1132 2921 1201 ἁγίους
2946 1129 3003 1199 μ’
3030 1129 3354 1198 μάρτυρας.

2254 1225 2593 1295 Ἀνεγνώσθη
2648 1225 2893 1278 Ἰωάννου
2920 1224 2964 1254 ⁸⁸
2999 1221 3093 1275 τοῦ
3139 1222 3516 1291 Χρυοοστόμου
3545 1220 3601 1271 ἐκ
3621 1218 3697 1269 τοῦ

2172 1322 2453 1393 ἐγκωμίου
2487 1321 2581 1373 τοῦ
2606 1322 2686 1382 εἰς
2716 1320 2838 1381 τοὺς
2875 1317 3059 1385 ἁγίους
3094 1321 3146 1383 μ’
3190 1315 3489 1384 μάρτυρας.

2252 1413 2722 1482 Ἐγκωμιάζονται
2790 1409 3070 1481 μάρτυρες
3152 1406 3250 1474 οὐχ
3303 1405 3389 1458 ἵνα
3437 1403 3577 1456 αὐτοὶ
3627 1401 3700 1452 τὸν

2170 1507 2392 1561 ἔπαινον
2421 1506 2680 1569 λάϐωσιν,
2737 1502 2851 1555 ἀλλ’
2894 1501 2980 1553 ἵνα
3030 1500 3192 1569 ἡμεῖς
3243 1497 3331 1550 διὰ
3361 1496 3468 1548 τῶν
3497 1495 3701 1546 ἐπαίνων

2168 1598 2545 1668 διαναστῶμεν
2604 1595 2742 1667 πρὸς
2798 1593 2898 1663 τὴν
2946 1592 3197 1662 μίμησιν.
3268 1587 3575 1654 Ἐθλίὸησαν
3626 1584 3701 1636 καὶ

2169 1691 2368 1745 δίκαιοι
2392 1693 2485 1743 καὶ
2515 1690 2712 1753 ἄδικοι,
2740 1686 2855 1740 ἁλλ’
2892 1687 2941 1738 oi
2973 1683 3075 1754 μὲν
3105 1683 3185 1745 εἰς
3216 1681 3511 1751 γυμνάσιον
3528 1678 3701 1731 δικαιο-

2172 1786 2362 1857 σύνης,
2398 1788 2447 1838 οἱ
2472 1784 2530 1838 δὲ
2585 1786 2665 1846 εἰς
2711 1782 2931 1851 ἔλεγχον
2980 1776 3279 1849 ἁμαρτίας.
3310 1774 3409 1827 Διὰ
3462 1770 3604 1825 τοῦτο
3649 1769 3703 1822 τὰ

2172 1879 2271 1948 μὲν
2298 1877 2406 1929 τῶν
2432 1874 2654 1929 δικαίων
2686 1870 2832 1941 πάθη
2867 1870 3113 1937 θλίψεις
3136 1869 3170 1937 ή
3189 1868 3232 1898 ⁸⁸
3263 1864 3451 1937 Γραφὴ
3479 1859 3704 1922 καλεῖ,τὰ

2165 1971 2223 2023 δὲ
2251 1968 2359 2021 τῶν
2388 1964 2724 2036 ἁμαρτωλῶν
2764 1962 3082 2032 μάστιγας.
3114 1957 3406 2025 Μάκαριοι
3440 1956 3492 2007 οἱ
3517 1954 3704 2022 (5906:11-

2162 2062 2264 2132 μοί
2288 2061 2457 2131 ὑμῶν
2470 2060 2513 2092 ⁸³
2531 2059 2620 2112 ὅτι
2638 2059 2683 2090 ⁸³
2692 2057 3057 2122 βλέπουσιν,
3081 2052 3203 2107 ἀντὶ
3219 2051 3335 2114 τοῦ,
3360 2050 3442 2102 ὅτι
3465 2060 3706 2115 καταμαν-

2167 2156 2441 2208 θάνουσιν.
2474 2152 2537 2204 El
2572 2151 2681 2220 γὰρ
2737 2148 2847 2203 ἀπὸ
2885 2145 2977 2200 τοῦ
3027 2146 3159 2216 ὀρᾷν
3184 2140 3255 2215 ἦν
3288 2144 3318 2195 ὁ
3373 2134 3705 2212 μακαρισμὸς,

489 2263 743 2317 fuissent.
779 2259 884 2315 Sed
913 2231 1108 2312 videre-
1144 2258 1199 2311 in
1233 2270 1390 2311 sacra
1420 2253 1703 2322 Scriptura
1734 2261 1816 2305 est
1845 2247 1967 2318 capi
1998 2248 2063 2301 de

2169 2248 2262 2300 καὶ
2281 2247 2328 2299 oi
2357 2244 2598 2298 Ἰουδαῖοι
2625 2243 2716 2295 τὸν
2743 2241 2971 2309 Σωτῆρα
3000 2236 3303 2308 ὀφθαλμοῖς
3326 2231 3708 2297 ἰδόντεςὲμακα-

496 2354 825 2423 ἱιιιειιῑίςειιιὶ
854 2352 1021 2406 animi
1053 2351 1235 2416 oculo,
1273 2357 1327 2404 et
1362 2346 1792 2417 profunditatem
1814 2317 2063 2397 veritatis

2171 2337 2382 2409 ρίζοντο
2416 2338 2502 2391 ἄν.
2541 2336 2652 2389 Καὶ
2688 2334 2797 2404 γὰρ
2822 2332 2884 2385 τὸ
2911 2330 3171 2396 βλέπειν
3200 2326 3359 2397 παρὰ
3380 2327 3445 2395 τῇ
3466 2322 3637 2393 Γραφῇ
3661 2317 3709 2368 τὸ

488 2445 810 2514 intelligere.
844 2441 969 2497 Ideo
1004 2440 1306 2511 Prophetas
1332 2438 1459 2493 olim
1507 2436 1738 2490 videntes
1773 2441 2061 2488 vocarunt.

487 2536 656 2593 Beata
698 2535 955 2606 praedicat
998 2533 1250 2588 Salvator
1281 2532 1645 2587 instrumenta
1680 2526 1919 2591 virtutis,
1958 2522 2063 2578 etsi

486 2629 735 2700 corporis
761 2630 872 2683 sint
895 2669 910 2693 ,
945 2627 1136 2682 oculos
1184 2625 1320 2681 bene
1352 2622 1621 2687 videntes,
1652 2630 1706 2675 et
1741 2633 1906 2674 aures
1937 2632 2064 2672 cum

487 2726 820 2779 discretione
844 2716 1381 2787 audientes.0portet
1405 2714 1550 2770 enim
1576 2715 1885 2768 audientem
1909 2712 2068 2765 intel-

488 2817 710 2879 lexisse,
748 2821 803 2867 et
834 2811 1226 2880 intelligentem
1273 2808 1516 2872 audisse,
1544 2816 1609 2861 ut
1648 2807 1909 2875 scriptmn
1940 2813 2060 2858 est:

488 2907 652 2971 Audi,
685 2905 821 2973 ﬁlia,
847 2916 895 2957 et
919 2902 1052 2967 vide,
1071 2910 1119 2955 et
1151 2900 1351 2953 inclina
1382 2914 1564 2951 aurem
1595 2906 1759 2960 luam,
1780 2904 1807 2931 ιι
1834 2910 1932 2964 pro
1956 2894 2061 2959 his,

488 2999 849 3065 obtempera,
906 2991 1171 3060 intelligo.
1239 2984 1707 3053 Quemadmodum
1764 2983 2065 3036 ltausturus

487 3104 709 3158 aquam,
741 3087 808 3140 ad
841 3084 1077 3138 ﬁstulam
1110 3080 1435 3145 acclinatur,
1469 3078 1547 3133 sic
1580 3076 1798 3131 auditus
1822 3074 1957 3144 justi
1997 3072 2064 3127 ad

486 3181 684 3237 divinat
722 3179 854 3249 legis
883 3178 1085 3231 fluenta
1120 3190 1177 3229 se
1233 3172 1494 3227 inclinat:
1526 3169 1801 3225 Inclinabo
1835 3169 1973 3221 enim
2010 3169 2066 3219 in

484 3272 802 3343 parabolam
851 3282 1035 3322 aurem
1068 3274 1240 3319 'meam
1269 3273 1316 3316 ν.
1356 3262 1539 3329 Quare
1565 3259 1834 3314 inclinabo
1856 3259 1882 3310 ?
1927 3257 2063 3311 Cum

486 3365 667 3422 omnis
696 3378 836 3418 urna
895 3374 1093 3430 aquam
1150 3356 1393 3427 capiens,
1423 3354 1569 3423 capit
1619 3367 1679 3407 se
1728 3348 2062 3413 inclinanda,

487 3457 610 3511 ideo
637 3464 691 3509 et
729 3451 909 3509 omnis
938 3450 1088 3504 auris
1110 3448 1420 3518 suscipiens
1444 3444 1627 3498 ﬂuxus
1649 3442 1801 3497 verbi
1829 3439 1921 3494 Dei
1950 3480 1965 3505 ,
1997 3438 2065 3493 ad

489 3551 593 3602 hoc
626 3562 688 3601 se
742 3544 1008 3599 inclinare
1036 3540 1260 3595 dicitur.
1295 3536 1542 3591 Praedico
1576 3536 1732 3589 beata
1762 3541 2063 3602 martyrum

485 3641 678 3704 latera,
713 3651 837 3705 quae
870 3633 1091 3703 pietatis
1143 3630 1314 3685 robur
1356 3624 1777 3697 inexpugnabile
1806 3622 2061 3679 ostende-

484 3741 647 3795 runt,
678 3730 937 3800 pietatem
973 3740 1083 3779 non
1127 3722 1401 3778 amisisse.
1434 3720 1650 3774 Etenim
1686 3727 1747 3772 ut
1769 3716 2065 3787 plurimum

485 3822 734 3893 percussi
772 3827 902 3873 sunt
935 3819 1064 3872 totis
1094 3815 1288 3879 costis,
1330 3810 1781 3883 quandoquidem
1812 3825 1907 3880 per
1936 3825 2063 3863 cos-

487 3924 596 3966 tam
649 3919 930 3980 peccatum
989 3906 1237 3962 intravit.
1288 3903 1579 3959 Peccatum
1628 3901 1774 3956 enim
1830 3915 1940 3954 non
1983 3910 2067 3954 est

485 4004 693 4060 femina
721 4017 784 4058 x:
814 4003 932 4071 ipsa
962 4000 1165 4056 etenim
1200 3999 1366 4053 etiam
1398 3996 1493 4052 Dei
1522 4004 1775 4050 creatura
1804 4002 1887 4047 est
1910 4034 1925 4057 ,
1969 3992 2063 4046 sed

484 4103 613 4171 quia
665 4101 764 4170 per
792 4112 913 4151 eam
947 4092 1324 4165 praevaricatio
1350 4091 1494 4144 viam
1523 4086 1749 4142 invenit.
1774 4085 2065 4139 Poliuntur

484 4195 649 4263 igitur
676 4201 947 4260 martyres
975 4188 1029 4241 iu
1078 4185 1267 4253 ιοειίε,
1318 4182 1463 4237 unde
1499 4190 1779 4250 peccatum
1816 4179 2060 4247 irrepsit.

483 4288 606 4339 Ideo
665 4283 917 4337 Salvator
947 4282 1000 4333 in
1034 4280 1209 4332 latere
1250 4281 1464 4331 hastam
1506 4277 1769 4343 suscepit,
1810 4283 1858 4326 et
1903 4270 2063 4323 exivit

482 4379 697 4447 sanguis
734 4384 783 4429 et
830 4390 990 4445 aqua,
1026 4386 1136 4441 quo
1170 4371 1405 4425 mundus
1445 4368 1663 4422 ablutus
1703 4375 1808 4429 est,
1842 4373 1896 4419 et
1919 4365 2062 4417 anti-

481 4485 650 4538 quum
680 4467 879 4522 vulnus
903 4465 1212 4535 depulsum.
1229 4460 1700 4531 Quemadmodum
1721 4460 1865 4513 enim
1885 4456 2063 4526 justo-

483 4575 604 4613 rum
640 4558 885 4612 membra
922 4555 1239 4627 singillatim
1274 4553 1528 4607 laudibus
1569 4550 1939 4611 celebrantur,
1981 4548 2062 4601 sic

482 4665 536 4707 et
569 4652 857 4720 impiorum
898 4651 1146 4705 membra
1176 4645 1402 4702 infamia
1427 4650 1708 4707 notantur,
1741 4649 1797 4696 et
1824 4639 2063 4709 singilla-

483 4747 578 4799 tim
617 4744 858 4799 infelicia
898 4741 1372 4813 depraadicantur:
1418 4735 1544 4789 Non
1567 4735 1743 4789 veniat
1790 4733 1920 4786 mihi
1971 4747 2059 4801 pes

479 4838 759 4908 superbire,
789 4846 838 4891 et
885 4852 1076 4890 manus
1104 4831 1396 4903 peccatoris
1423 4845 1527 4882 non
1553 4835 1752 4881 moveat
1779 4843 1858 4880 me
1882 4835 1928 4880 ι.
1958 4824 2059 4879 Pes

476 4930 738 5000 superbia:
774 4929 864 4985 via
892 4937 977 4983 est
1021 4925 1200 4980 factus
1268 4920 1553 4992 superbiae,
1580 4934 1777 4976 manus
1817 4932 1950 4974 vero
1978 4927 2062 4975 est

2167 2431 2246 2502 τῷ
2274 2431 2448 2502 νοερῷ
2466 2430 2563 2501 τῆς
2594 2428 2773 2499 ψυχῆς
2798 2427 3009 2497 ὄμματι
3026 2418 3542 2491 καταλαμϐάνεσθαι
3566 2411 3708 2481 δηλοῖ,

2168 2527 2263 2581 καὶ
2291 2527 2351 2580 τὸ
2394 2526 2464 2580 τὰ
2505 2525 2641 2596 βάθη
2685 2522 2931 2595 καθορᾷν
2976 2518 3078 2590 τῆς
3130 2516 3416 2588 ἀληθείας.
3455 2510 3548 2565 Διά
3582 2504 3713 2559 τοῦτο

2168 2619 2262 2671 καὶ
2314 2618 2372 2670 ἐν
2427 2617 2539 2679 τοῖς
2570 2614 2817 2686 ἀρχαίοις
2876 2611 3006 2673 τοὺς
3063 2608 3357 2679 προφήτας
3401 2601 3712 2669 βλέποντας

2168 2708 2416 2762 ἐκάλουν.
2449 2685 2764 2776 Μακαρίζει
2792 2703 2973 2756 τοίνυν
3006 2701 3034 2754 ὁ
3086 2699 3281 2769 Σωτὴρ
3310 2696 3379 2750 τὰ
3405 2694 3599 2766 ὄργανα
3633 2685 3714 2754 τῆς

2169 2800 2390 2871 ἀρετῆς.
2419 2798 2522 2852 κᾶν
2547 2797 2643 2851 τοῦ
2676 2796 2928 2866 σώματος
2952 2789 3009 2868 ᾗ,
3054 2791 3377 2862 ὀφθαλμοὺς
3419 2785 3587 2846 καλῶς
3614 2779 3713 2851 βλέ-

2168 2910 2371 2957 ποντας
2429 2893 2527 2946 καὶ
2558 2885 2675 2945 ὦτα
2729 2886 3083 2957 διακριτικῶς
3128 2884 3429 2939 ἀκούοντα.
3498 2879 3583 2932 Δεῖ
3629 2872 3718 2941 γὰρ

2168 2984 2477 3040 ἀκούσαντα
2504 2983 2696 3053 νοῆσαι
2724 2982 2821 3034 καὶ
2839 2980 3114 3051 νοήσαντα
3140 2976 3484 3036 ὑπακοῦσαι,
3524 2965 3650 3023 κατὰ
3668 2962 3717 3014 τὺ

2168 3078 2577 3149 γεγραμμένον,
2631 3076 2954 3136 Ἄκουσον,
2993 3073 3274 3141 θύγατερ,
3338 3066 3438 3121 καὶ
3486 3063 3590 3125 ἴδε,
3634 3054 3717 3111 καὶ

2168 3171 2380 3225 κλῖνον
2429 3170 2496 3223 τὸ
2559 3164 2663 3231 οὖς
2722 3182 2862 3233 σου,
2922 3166 3043 3219 ἀντὶ
3097 3166 3193 3217 τοῦ
3228 3164 3539 3217 ὑπάκουσον
3566 3197 3580 3223 ,
3625 3154 3716 3219 νὸηο

2169 3284 2282 3320 σον.
2313 3265 2526 3334 Ὠσπερ
2555 3259 2823 3331 δεξαμενὴ
2855 3258 3055 3327 σωλῆνι
3096 3255 3498 3327 προσκέκλιται
3547 3248 3721 3319 ῥέοντι.

2166 3356 2340 3419 οὕτως
2389 3356 2423 3425 ἡ
2452 3354 2592 3421 ἀκοὴ
2643 3351 2737 3405 τοῦ
2788 3348 2998 3404 δικαίου
3030 3345 3441 3418 προσκέκλιται
3479 3340 3567 3394 τοῦ
3604 3335 3722 3389 θείου

2168 3449 2336 3518 νόμου
2369 3449 2483 3510 τοῖς
2528 3447 2783 3514 νάμασιν.
2820 3438 3017 3497 Κλινῶ
3045 3438 3156 3509 γὰρ
3186 3441 3280 3505 εις
3309 3430 3653 3505 παραϐολὴν
3671 3426 3724 3479 τὸ

2166 3535 2276 3605 οὖς
2289 3556 2427 3608 μου.
2462 3536 2561 3588 Διά
2581 3536 2633 3586 τί
2656 3531 2843 3588 κλινῶ
2867 3549 2883 3594 ;
2911 3530 3101 3601 ἐπειδὴ
3132 3528 3289 3584 πᾶσα
3314 3528 3474 3599 ὑδρία
3496 3519 3725 3608 δεχομένη

2177 3631 2322 3704 ὕδωρ
2349 3628 2657 3699 κεκλιμένῳ
2685 3626 2763 3697 τῷ
2798 3626 3040 3695 σχήματι
3068 3623 3313 3694 δέχεται,
3344 3622 3435 3675 διὰ
3476 3617 3624 3673 τοῦτο
3652 3607 3730 3663 καὶ

2182 3726 2331 3778 πᾶσα
2361 3721 2502 3793 ἀκοὴ
2546 3719 2813 3790 δεχομένη
2857 3716 2951 3770 τοῦ
2983 3716 3129 3770 Θείου
3181 3715 3349 3783 λόγου
3386 3714 3455 3767 τὰ
3489 3708 3726 3783 ῥεύματα.

2169 3812 2604 3887 προσκεκλίσθαι
2631 3810 2845 3872 τούτοις
2882 3809 3124 3876 λέγεται.
3170 3804 3493 3877 Μακαρίζω
3523 3800 3615 3863 τὰς
3639 3793 3731 3849 τῶν

2174 3886 2470 3981 μαρτύρων
2502 3904 2769 3975 πλευρὰς,
2804 3888 2991 3971 αἶ’τὴν
3026 3901 3130 3968 τῆς
3182 3897 3475 3959 εὐσεϐείας
3520 3886 3732 3958 πλευρὰν

2168 4004 2435 4073 ἀήττητον
2479 3998 2732 4067 ξεόμεναι
2778 3994 3008 4060 ἔδειξαν,
3068 3991 3169 4061 τὴν
3196 3991 3491 4044 εὐσέϐειαν
3521 3984 3591 4057 μὴ
3618 3982 3731 4035 ἁπο-

2171 4094 2448 4166 σμήξασαι
2474 4108 2486 4120 ·
2511 4092 2606 4143 καὶ¹
2639 4088 2747 4162 γὰρ
2768 4088 3097 4155 ἐπλὴττοντο
3122 4086 3200 4148 ὡς
3226 4085 3440 4137 ἐπίπαν
3472 4080 3566 4141 τὰς
3597 4075 3735 4127 πλευ-

2170 4186 2290 4256 ρὰς,
2333 4182 2521 4251 ἐπειδὴ
2580 4180 2688 4234 ἀπὸ
2750 4178 2994 4249 πλευρᾶς
3038 4176 3364 4249 ήὰμαρτία
3394 4174 3731 4240 ἐϐλάστησεν·

2180 4275 2454 4347 Ἀμαρτία
2505 4274 2561 4327 δὲ
2620 4273 2716 4342 οὐχ
2764 4273 2798 4341 ἡ
2834 4273 3004 4342 γυνή’
3040 4270 3176 4323 Θεοῦ
3238 4270 3353 4339 γὰρ
3401 4268 3624 4336 πλάσμα
3658 4257 3736 4312 καὶ

2166 4370 2305 4440 αὕτη
2332 4368 2378 4401 ⁸⁸
2395 4381 2411 4398 ⁸
2436 4367 2548 4420 ἀλλ’
2583 4367 2664 4420 ὅτι
2684 4366 2751 4418 δι’
2778 4364 2998 4436 ἐκείνης
3018 4363 3135 4417 ὁδὸν
3157 4356 3325 4433 εὗρεν
3353 4363 3389 4433 ἡ
3422 4354 3733 4429 παράϐασις-

2164 4463 2389 4516 Ξέονται
2429 4458 2522 4514 οὖν
2550 4462 2599 4514 οἱ
2635 4460 2913 4531 μάρτυρες
2959 4458 3061 4520 τὰς
3112 4457 3389 4528 πλευρὰς,
3416 4454 3477 4518 ἐξ
3513 4447 3586 4505 ὧν
3621 4442 3735 4508 Emi‘

2164 4571 2333 4622 γασεν
2348 4556 2383 4625 ἡ
2403 4552 2666 4624 ἁμαρτία.
2696 4550 2808 4604 Καὶ
2831 4552 2859 4602 ὁ
2875 4550 3066 4620 Σωτὴρ
3097 4548 3153 4601 δὲ
3185 4548 3281 4602 διὰ
3304 4546 3469 4601 τοῦτο
3501 4539 3635 4595 κατὰ
3651 4536 3735 4592 τὰς

2164 4647 2410 4718 πλευρὰς
2454 4643 2672 4709 ἐδέξατο
2720 4642 2818 4712 τὴν
2835 4642 2881 4673 ⁸⁸
2900 4641 3123 4711 λόγχην,
3156 4640 3260 4693 καὶ
3292 4638 3562 4707 ἐξῆλθεν
3593 4629 3737 4692 ὕδωρ

2164 4740 2265 4795 καὶ
2298 4735 2464 4809 αἷμα,
2496 4736 2592 4789 τοῦ
2624 4736 2830 4805 κόσμου
2880 4734 3178 4803 καθάρσιον
3230 4732 3332 4786 καὶ
3370 4731 3475 4800 τῆς
3524 4722 3738 4779 παλαιᾶς

2168 4832 2383 4901 ἐκείνης
2404 4829 2622 4899 πληγῆς
2642 4828 3020 4899 ἀλεξητήριον.
3053 4826 3271 4895 ’Ὥσπερ
3300 4824 3359 4877 δὲ
3382 4823 3525 4893 μέλη
3540 4815 3744 4872 δικαίων

2168 4920 2608 4993 ἐγκωμιάζονται
2650 4919 2791 4974 κατὰ
2829 4919 3017 4990 μέρος,
3048 4917 3190 4971 οὕτω
3221 4916 3327 4970 καὶ
3361 4915 3505 4987 μέλη
3551 4906 3744 4964 ἀσεϐῶν

477 5024 646 5088 actio,
702 5032 762 5077 ut
811 5037 992 5093 neque
1044 5019 1249 5074 factum
1299 5016 1549 5084 peccati,
1610 5028 1786 5083 neque
1866 5014 2057 5068 semita

2169 5013 2573 5085 στηλιτεύονται
2624 5012 2719 5066 καὶ
2771 5010 3154 5074 ταλανίζονται
3200 5008 3359 5062 κατὰ
3422 5007 3610 5078 μέρος.
3661 4996 3744 5063 Μὴ

478 5120 691 5174 accidat
744 5117 914 5182 mihi,
972 5129 1153 5185 neque
1194 5111 1470 5183 profectus
1523 5109 1581 5164 in
1631 5108 1896 5163 deterius.
1933 5105 2059 5161 Ideo

2169 5106 2387 5162 ἐλθέτω
2394 5124 2495 5176 μοι
2508 5106 2660 5173 ποὺς
2674 5104 3111 5175 ὑπερηφανίας,
3132 5101 3235 5155 καὶ
3248 5101 3391 5170 χεὶρ
3411 5088 3747 5169 ἁμαρτιαῑοῦ

477 5215 660 5270 Moses
691 5226 877 5267 aurem
922 5211 1172 5266 dextram
1213 5204 1517 5260 sacerdotis
1569 5202 1838 5273 sanguine
1870 5201 2058 5255 arietis

2169 5199 2249 5269 μὴ
2270 5200 2549 5267 σαλεύσῃ
2566 5197 2826 5269 με.Ποὺς
2838 5193 3259 5265 ὑπερηφανίας
3275 5195 3313 5265 ή
3330 5193 3457 5258 ὁδὸς
3482 5191 3581 5261 τῆς
3602 5189 3750 5251 ὑπερ·

1227 5319 1247 5353 τ
1282 5314 1464 5388 ιᾴῐίεε.
1501 5330 1633 5380 vtu,
1676 5315 1727 5388 ι
1744 5331 1863 5388 seq.
1961 5324 1990 5352 τι
2016 5315 2063 5370 Ρ;

2204 5331 2370 5381 xuv,
2418 5315 2505 5369 12.
2610 5322 2635 5351 ν
2668 5311 2811 5367 Psal.
2866 5324 3034 5366 mut
3066 5351 3081 5376 ,
3128 5309 3177 5363 5.
3220 5368 3239 5382 _
3285 5307 3551 5366 1‘Genes.
3621 5316 3674 5357 ιι.
3717 5290 3738 5342 1

1246 5368 1443 5441 {Psat'i
1467 5368 1633 5454 xxxv;
1667 5368 1861 5441 12;?"
2017 5368 2029 5370 ί

2208 5368 2290 5370 ηγν
2357 5368 2369 5381 ,
2424 5368 2427 5369 ν
3068 5368 3079 5376 ⁷
3220 5368 3239 5382 ι

1730 5501 1963 5561 νΑιιιιΕ
2004 5500 2412 5560 LECTIONES.

470 5698 521 5731 ω
546 5625 1045 5752 ⁴ἴξινιξριιριιιιξοῦντες
1084 5622 1149 5677 Α.
1230 5623 1276 5654 ⁸⁸
1324 5621 1571 5677 Ἰωάννου
1626 5636 1739 5679 om.
1784 5620 1845 5677 Β.
1926 5622 1968 5653 ⁸⁸
2004 5620 2060 5692 ἡ]
2116 5621 2267 5690 καὶὴ
2302 5619 2363 5673 Β.

555 5730 781 5768 διχνα“υο
809 5730 875 5752 ἢ.
981 5730 985 5733 Δ

553 5337 574 5364 ε
609 5322 801 5378 Matth.
848 5336 949 5376 xut
974 5360 989 5383 ,
1025 5321 1114 5373 16.

480 5410 600 5464 seq.
681 5404 709 5443 I
736 5394 895 5448 .loau.
923 5407 1041 5455 xu,
1074 5388 1165 5443 54.

2477 5620 2521 5650 δ’
2562 5615 2722 5688 ἡμῶν
2753 5617 2817 5671 Λ.
2924 5616 2969 5649 ⁸³
2999 5616 3080 5670 ὄτι
3110 5629 3216 5665 om.
3264 5606 3329 5661 B.
3446 5610 3493 5641 “
3530 5605 3664 5676 αὐτή
3690 5599 3744 5655 Β.
