3912 6234
234 313 339 376 237

1280 324 1802 387 BIBLIOTHECA.
1843 347 1910 358 -
1932 325 2094 385 COD.
2124 326 2462 386 CCLXXIV'.

3393 330 3498 393 238

238 426 496 497 ηφανίας,
527 427 656 501 χεὶρ
707 430 752 484 δ’
788 434 821 503 ἡ
856 431 1071 505 πρᾶξις,
1105 429 1214 487 οἷον
1244 439 1381 506 μήτε
1413 437 1609 507 πρᾶξις
1632 439 1814 508 ἁμαρ-

1935 458 2110 528 ungit,
2157 469 2206 513 et
2234 460 2482 529 pollicem
2526 476 2721 515 manus
2751 462 2870 533 ejus
2908 462 3134 527 dextrae,
3168 464 3418 521 similiter
3446 481 3501 522 et

236 521 361 584 τίας
411 523 549 591 μήτε
598 521 785 593 τρίϐος
826 526 1103 597 προσέλθῃ
1133 527 1178 557 ⁸⁸
1213 546 1325 598 μοι,
1361 530 1493 599 μηδὲ
1542 531 1815 600 προκοπή.

236 613 332 664 Διὸ
359 613 451 666 καὶ
482 614 729 684 Μωῦσῆς
763 616 853 680 οῦς
884 619 942 670 τὸ
957 618 999 649 ⁸⁷
1023 618 1195 683 δεξιὸν
1239 621 1331 673 τοῦ
1390 622 1580 691 ἱερέως
1619 622 1813 692 αἵματι

236 704 336 757 τοῦ
403 706 580 777 ἀμνοῦ
626 709 792 779 χρίει,
848 712 942 765 καὶ
999 713 1058 766 τὸ
1092 712 1260 783 ἄκρον
1308 715 1408 783 τῆς
1435 714 1614 778 δεξιᾶς
1638 715 1819 785 χειρὸς

235 798 337 851 καὶ
362 799 459 852 τοῦ
485 800 661 865 δεξιοῦ
687 802 869 867 ποδὸς,
901 803 961 856 τὸ
993 805 1093 873 μὲν
1119 806 1193 868 ὡς
1211 803 1337 878 [851
1369 806 1462 879 Η.]
1488 808 1694 878 δοχεῖον
1726 808 1817 860 τοῦ

236 890 389 944 θείου
445 892 604 963 λόγου
656 895 849 965 μέλλον
889 895 1129 959 ἔσεσθαι,
1184 898 1283 970 τὴν
1338 898 1396 952 δὲ
1442 900 1517 964 ὡς
1567 901 1820 971 πράξεως

233 984 566 1057 δηλωτικὴν,
601 989 691 1042 τὸν
719 989 855 1042 πόδα
884 990 940 1043 δὲ
971 991 1047 1055 ὡς
1082 991 1369 1062 προκοπῆς
1397 993 1499 1061 τῆς
1556 995 1644 1047 ἐπ’
1689 997 1819 1065 ἁρε-

232 1078 397 1147 τὴν⁶³
431 1081 527 1132 καὶ
562 1081 901 1146 τελειώσεως
953 1084 1245 1154 σύμὸολον.
1283 1087 1388 1140 Δύο
1436 1086 1731 1157 ἐργάζεται
1786 1089 1819 1159 ἡ

233 1172 393 1242 πηγὴ
426 1172 522 1225 τοῦ
552 1172 911 1243 Εὐαγγελίου,
935 1177 1188 1250 καθαίρει
1214 1180 1310 1234 καὶ
1345 1182 1578 1247 ποτίζευ
1611 1180 1820 1246 ποτίζει

236 1264 341 1332 μὲν
370 1263 474 1327 τὰς
518 1265 782 1335 διψώσας,
842 1269 1095 1340 καθαίρει
1140 1271 1197 1324 δὲ
1248 1271 1348 1335 τὰς
1389 1271 1649 1343 ῥυπώσας
1692 1273 1818 1345 [ψυ-

232 1353 449 1425 χάςβἾ.
486 1355 643 1428 [1521
675 1357 767 1429 3.]
806 1360 866 1411 '0
890 1362 1110 1429 μισθὸς
1127 1362 1173 1393 ⁷ο
1188 1362 1358 1430 ὑμῶν
1373 1363 1570 1429 πολὺς
1593 1365 1664 1418 ἐν
1698 1365 1821 1430 τοῖς

232 1446 541 1512 οὐρανοῖς.
589 1447 678 1501 Ἐν
723 1452 836 1513 τοῖς
881 1450 1235 1520 Εὐαγγελίοις
1271 1452 1416 1521 ἅπαξ
1467 1456 1705 1526 εἴρηται,
1746 1455 1823 1519 ὡς

230 1533 495 1597 ἐνταῦθα,
518 1537 553 1607 ἡ
589 1538 785 1604 πολὺς
824 1539 997 1611 φωνὴ,
1025 1542 1119 1595 καὶ
1152 1543 1210 1596 ὲν
1258 1546 1325 1614 τῇ
1373 1545 1643 1617 Παλαιᾷ⁷¹
1674 1547 1822 1609 ἅπαξ

232 1626 378 1694 πρὸς
408 1626 507 1681 τὸν
552 1630 825 1701 Ἀϐραὰμ,
860 1635 1003 1702 μετὰ
1052 1634 1153 1706 τὴν
1189 1636 1366 1707 κοπὴν
1406 1638 1514 1690 τῶν
1554 1638 1822 1708 βασιλέων

229 1718 330 1769 καὶ
380 1719 485 1788 τὴν
527 1720 827 1793 ἀνάρρυσιν
856 1726 967 1780 τῶν
1008 1728 1393 1798 αἰχμαλώτων,
1432 1731 1527 1783 καὶ
1573 1731 1713 1801 μετὰ
1760 1730 1821 1783 τὸ

234 1810 312 1881 μὴ
346 1810 758 1876 καταδέξασθαι
785 1818 975 1886 μισθὸν
1009 1818 1196 1873 λαϐεῖν
1220 1820 1331 1875 τῶν
1363 1822 1541 1876 πόνων
1590 1825 1681 1878 καὶ
1719 1828 1818 1894 τῆς

232 1904 380 1956 κατὰ
411 1903 525 1957 τῶν
578 1908 1106 1976 αἰχμαλωτισάντων
1134 1913 1313 1983 νίκης.
1367 1916 1501 1969 Τότε
1532 1918 1642 1990 γάρ
1686 1936 1819 1989 φησι
1868 1958 1873 1963 .

233 1995 372 2065 πρδς
407 1998 580 2051 αὐτὸν
609 2000 638 2052 6
663 2000 819 2067 Θεὸς,
849 2004 947 2070 Μὴ
976 2006 1185 2073 φοϐοῦ,
1236 2007 1486 2077 Ἀϐραάμ
1506 2026 1521 2041 ο
1548 2012 1580 2064 ὁ
1602 2014 1823 2080 μισθός

235 2101 357 2140 σου
409 2087 610 2155 πολὺς
653 2090 828 2145 ἔσται
877 2095 1134 2165 σφόδρα.
1177 2098 1337 2152 Κατὰ
1370 2099 1514 2164 λέξιν
1563 2102 1622 2155 δὲ
1675 2102 1822 2167 ἅπαξ

243 2179 344 2229 καὶ
378 2179 518 2249 ἅπαξ
545 2183 609 2235 τὸ
641 2185 839 2252 πολὺς
856 2187 902 2218 ⁷³
929 2190 1168 2261 εἴρηται,
1194 2193 1334 2246 κατὰ
1363 2194 1418 2246 δὲ
1446 2195 1508 2248 τὸ
1558 2201 1823 2268 σημαινό-

249 2290 412 2362 μενον
435 2276 524 2328 καὶ
546 2278 834 2343 πολλάκις.
854 2283 965 2335 Καὶ
990 2283 1099 2356 γὰρ
1122 2288 1151 2338 ό
1176 2286 1343 2341 Δαϐίδ
1374 2307 1539 2362 φησιν
1561 2292 1824 2347 ἀνταπό-

238 2361 415 2430 δοσις
434 2368 639 2436 πολλὴ
668 2371 790 2424 ἀντὶ
820 2372 913 2426 τοῦ
935 2375 1157 2443 μισθὸς
1183 2379 1400 2447 πολὺς,
1437 2361 1538 2435 καὶ
1565 2383 1820 2455 ἀλλαχοῦ.

240 2456 410 2509 Ὅταν
436 2458 493 2511 δὲ
524 2460 659 2525 Θεὸς
706 2464 838 2538 εἴπῃ
870 2467 1063 2535 πολὺς
1096 2472 1129 2523 ὀ
1145 2472 1391 2540 μισθὸς,
1441 2476 1699 2546 ἐννοήσας
1733 2480 1826 2532 τὸν

232 2551 717 2624 ἐπαγγελλόμενον
772 2558 944 2612 ἐννόει
997 2562 1093 2615 καὶ
1139 2563 1232 2618 τὸν
1286 2566 1495 2636 ἄφατον
1539 2569 1698 2638 λόγον
1731 2573 1825 2625 τοῦ

232 2646 460 2711 πολύς.
498 2646 664 2700 Ἀλλο
686 2650 794 2721 γάρ
822 2652 972 2706 ἐστιν
1025 2654 1201 2708 εἰπεῖν
1244 2657 1454 2732 ἀγρότῃ
1503 2662 1826 2730 πολὺν-,καὶ

233 2736 368 2789 ἄλλο
422 2739 657 2812 πολίτῃο
704 2742 890 2811 μεῖζον
933 2744 979 2797 δ’
1026 2748 1232 2817 ἀμφοῖν
1281 2752 1374 2805 τοῦ
1430 2756 1736 2826 στρατηγοῦ
1768 2757 1828 2809 τὸ

234 2829 377 2881 πολύ
405 2846 419 2860 ·
450 2831 515 2883 τὸ
559 2832 617 2884 δὲ
644 2835 818 2916 ’παρὰ
885 2836 963 2907 τῷ
1011 2838 1225 2907 βασιλεῖ
1256 2843 1391 2897 πολὺ
1435 2848 1833 2916 μυριοιίλάειιονΔ

232 2923 346 2975 τῶν
376 2925 533 2994 παρὰ
561 2925 744 2990 ἄλλοις
763 2943 776 2958 ·
805 2927 867 2981 τὸ
888 2928 944 2981 δὲ
965 2931 1113 3001 παρὰ
1141 2935 1260 3004 Θεῷ
1287 2937 1421 2989 πολὺ
1454 2939 1829 2993 ποσαπλάσιον

1924 547 2079 614 pedis
2100 560 2151 601 ο.
2180 548 2381 604 Aurem
2412 548 2634 619 quidem
2662 552 2818 619 quasi
2850 561 3231 622 suscepturum
3261 552 3498 610 Verbum
3572 596 3575 597 ν

1925 637 2165 693 Domini.
2188 639 2405 695 Manum
2428 641 2584 711 quasi
2603 656 2767 712 opera
2803 643 3057 699 ostendat
3082 661 3099 701 :
3122 646 3314 715 pedem
3339 663 3491 708 vero,

1922 729 2053 797 quia
2142 731 2540 803 progressionis
2626 741 2679 788 et
2756 733 3105 803 perfectionis
3154 736 3209 791 in
3302 740 3502 793 virtute

1923 821 2121 891 510a
2158 823 2370 894 signum
2398 831 2500 879 est.
2544 820 2662 879 Duo
2688 824 2808 879 fons
2838 824 3118 897 Evangelii
3152 840 3498 898 cooperatur,

1922 911 2179 979 mundat,
2209 923 2399 983 potum
2431 914 2667 983 praebet:
2714 924 2900 985 potum
2937 916 3157 986 quidem
3186 917 3500 974 sitientibus

1924 1003 2161 1072 prabet:
2217 1004 2445 1058 mundat
2502 1019 2632 1059 vero
2699 1005 2912 1060 animas
2961 1005 3247 1063 sordidas:
3302 1006 3502 1064 Mercec

1923 1102 2098 1146 vestra
2120 1095 2336 1163 copiosa
2359 1104 2435 1149 est
2474 1095 2531 1149 in
2566 1096 2709 1150 cretis
2736 1096 2763 1136 b
2784 1113 2795 1151 :
2819 1097 2871 1150 in
2897 1096 3195 1168 Evangelio
3227 1102 3397 1156 semel
3422 1102 3506 1156 di-

1924 1196 2096 1253 ctum,
2117 1195 2177 1241 ut
2200 1187 2287 1242 hic
2309 1198 2363 1243 et
2381 1203 2482 1244 vox
2511 1193 2740 1259 copiosa,
2771 1192 2898 1246 etin
2923 1193 3151 1263 antiquo
3182 1202 3506 1253 testamento

1922 1278 2234 1333 Abrahamo
2250 1280 2415 1336 semel
2433 1282 2573 1337 dicta
2596 1292 2995 1354 est,postquam
3018 1300 3172 1356 reges
3192 1288 3503 1356 occidisset,

1926 1369 2283 1440 captivosque
2317 1370 2639 1438 liberasset,
2675 1383 2879 1429 etcum
2908 1376 3217 1432 mercedem
3255 1379 3506 1449 accipere

1924 1460 2173 1515 laborum
2198 1504 2213 1529 ,
2260 1462 2635 1533 victoriaeque,
2676 1481 2841 1535 quam
2881 1466 2948 1520 de
2980 1468 3324 1537 capientibus
3357 1479 3508 1525 retu—

1924 1554 2082 1617 lerat,
2132 1555 2418 1611 noluisset.
2474 1556 2615 1611 Tum
2672 1559 2818 1612 cnim
2870 1558 2947 1614 ait
2988 1560 3067 1614 illi
3132 1561 3316 1618 Deus:
3377 1563 3508 1617 Noli

1926 1648 2127 1713 timere,
2165 1648 2457 1716 Abraham,
2488 1649 2616 1720 quia
2649 1667 2844 1705 merces
2887 1660 2980 1705 tua
3027 1670 3222 1724 magna
3261 1656 3505 1710 nimiscz

1926 1736 1992 1791 ad
2019 1737 2246 1793 verbum
2282 1738 2487 1805 semel,
2536 1748 2590 1794 et
2627 1740 2799 1794 semel
2839 1738 3095 1811 [merces
3137 1741 3265 1815 tua]
3297 1746 3510 1813 copicsa

1925 1830 2132 1884 dictum
2181 1842 2302 1899 est,
2339 1831 2431 1885 sed
2481 1832 2534 1885 in
2584 1832 2986 1902 significatione
3030 1836 3253 1905 sarpius.
3291 1835 3508 1890 Etenim

1924 1922 2057 1977 dicit
2089 1922 2282 1987 David,
2310 1923 2584 1979 retributio
2621 1925 2787 1978 multa
2806 1923 2856 1993 ἀ,
2889 1941 2990 1997 pro
3025 1944 3221 1982 merces
3272 1929 3507 1997 copiosa,

1924 2023 1976 2068 et
2018 2014 2180 2079 alibi,
2212 2033 2336 2071 cum
2368 2016 2504 2072 dicit
2539 2018 2704 2080 Deus,
2735 2020 2952 2088 capiosa
2992 2036 3211 2086 merces,
3256 2022 3511 2092 intelligit

1926 2108 2071 2176 quod
2116 2108 2321 2163 dictum
2371 2120 2491 2177 est,
2540 2110 2795 2184 intelligit
2825 2121 2880 2167 et
2912 2112 3190 2168 ineﬂ'abile
3237 2118 3505 2181 verbum,

1927 2202 2162 2270 copiosa.
2202 2201 2362 2256 Aliud
2393 2212 2478 2257 est
2519 2202 2662 2259 enim
2707 2204 2889 2261 dicere
2955 2204 3163 2261 rustico
3213 2208 3509 2275 copiosam,

1930 2293 2077 2347 aliud
2114 2295 2327 2349 urbano
2347 2335 2361 2360 ,
2400 2304 2636 2366 utroque
2666 2298 2850 2352 adhuc
2881 2297 3059 2368 majus
3088 2298 3214 2354 duci
3235 2301 3514 2355 exercitus

1928 2387 2241 2457 ecpiosum.
2271 2385 2426 2453 Quod
2454 2398 2639 2443 autem
2672 2404 2704 2443 a
2738 2404 2863 2459 rege
2900 2390 3289 2460 proﬁciscitur,
3327 2393 3514 2447 multis

1930 2480 2180 2551 partibus
2232 2481 2413 2535 adhuc
2462 2482 2640 2552 majus
2675 2491 2789 2546 est,
2848 2498 3015 2552 quam
3069 2484 3215 2554 quod
3269 2484 3515 2551 ahvaliis

1930 2579 2127 2634 datur:
2174 2580 2319 2650 quod
2353 2594 2485 2635 vero
2515 2596 2547 2635 a
2583 2579 2697 2635 Deo
2717 2581 2899 2643 datur,
2934 2580 3114 2636 adhuc
3148 2581 3402 2637 omnibus
3430 2591 3517 2636 est

1931 2671 2092 2740 longe
2160 2670 2487 2740 c0piosius,
2559 2686 2659 2725 nec
2700 2671 2959 2741 explicari
3026 2681 3227 2740 potest.
3280 2673 3514 2742 Copiosa

1934 2764 2102 2833 igitur
2137 2779 2351 2819 merces
2382 2772 2709 2834 martyrum,
2736 2764 2828 2832 qui
2868 2764 3020 2817 nullo
3045 2764 3168 2833 jure
3216 2765 3285 2818 ad
3325 2780 3515 2820 necem

1930 2858 2242 2925 rapiuntur,
2284 2857 2496 2927 quique
2527 2857 2598 2912 ob
2630 2856 2802 2911 Deum
2833 2869 3187 2924 accusantur,
3213 2858 3306 2929 qui
3347 2875 3520 2929 angu-

1933 2948 2192 3014 stiantur,
2224 2950 2428 3018 quique
2464 2950 2765 3004 humanam
2808 2950 3062 3019 gloriam,
3117 2959 3175 3004 ut
3214 2951 3516 3016 Abraham,

236 3017 305 3069 ἂν
365 3020 702 3088 συμπάντων
738 3024 847 3095 εἴη,
901 3026 1011 3078 οὐδ’
1061 3028 1177 3080 ἐστὶ
1234 3031 1418 3100 ῥητόν.
1464 3032 1641 3096 Πολὺς
1670 3029 1764 3087 οῦν
1802 3037 1824 3086 ό

1935 3040 2168 3094 calcant.
2204 3017 2349 3095 Nam,
2389 3042 2478 3096 ille
2530 3042 2750 3112 regibus
2794 3017 3114 3097 Comorrhae
3151 3052 3205 3097 et
3248 3042 3519 3098 Sodomo-

240 3110 438 3177 μισθὸς
464 3113 575 3167 τῶν
614 3115 934 3187 μαρτύρων,
954 3120 1062 3173 τῶν
1096 3121 1297 3186 ἀδίκως
1330 3124 1698 3196 διωκομένων,
1722 3127 1824 3180 τῶν

1938 3150 2059 3188 rum
2088 3149 2304 3188 omnem
2340 3110 2646 3204 equitatum
2691 3135 2971 3200 dantibus,
3000 3145 3056 3190 et
3099 3136 3205 3190 illis
3238 3137 3519 3190 honoran-

239 3210 774 3278 συκοφαντουμένων
799 3210 961 3264 ’ἑνεκα
1001 3212 1155 3275 Θεοῦ,
1191 3215 1301 3269 τῶν
1352 3216 1704 3286 θλιϐομένων,
1733 3221 1824 3273 καὶ

1938 3228 2105 3291 tibus,
2160 3236 2219 3281 ut
2284 3228 2419 3297 ipsis
2471 3237 2716 3283 servaret
2761 3228 3003 3297 captivos
3072 3244 3307 3298 pueros,
3356 3241 3521 3299 atque

235 3296 349 3347 τῶν
411 3297 765 3370 ἀνθρωπίνης
818 3303 975 3373 δόξης
1016 3300 1204 3376 ὥσπερ
1249 3310 1277 3361 6
1337 3310 1589 3380 Ἀϐραὰμ
1662 3330 1824 3367 κατα-

1941 3335 2164 3383 nxores,
2191 3322 2400 3389 respuit
2431 3334 2623 3373 eorum
2658 3319 2920 3374 honorem
2946 3361 2962 3386 ,
2995 3335 3103 3373 non
3153 3321 3380 3389 cupiens
3432 3320 3519 3374 sui

166 3440 171 3445 ,
236 3389 582 3444 πατούντων.
619 3394 729 3447 Καὶ
762 3396 870 3466 γὰρ
909 3400 1115 3462 ἐκεῖνος
1143 3401 1242 3472 τὴν
1269 3402 1434 3457 ἵππον
1464 3408 1645 3463 πᾶσαν
1663 3407 1824 3461 διδόν-

1942 3412 2147 3467 laboris
2207 3412 2511 3467 mercedem
2572 3412 2640 3466 ab
2692 3411 3013 3467 hominibus
3064 3412 3334 3482 accipere.
3394 3412 3519 3467 Ideo

236 3499 347 3535 των
368 3484 482 3539 τῶν
507 3488 607 3557 τῆς
624 3489 912 3561 Γομόρρας
940 3493 1032 3545 καὶ
1079 3494 1189 3550 τῶν
1239 3498 1490 3570 Σοδόμων
1536 3501 1823 3572 βασιλέων,

1938 3506 2139 3575 dignus
2165 3503 2271 3557 fuit
2302 3504 2495 3557 audire
2524 3519 2553 3557 a
2589 3503 2720 3567 Deo,
2756 3502 2958 3558 Merces
2988 3515 3079 3559 tua
3108 3505 3211 3574 fuit
3257 3507 3517 3575 copiosa'.

237 3578 333 3631 καὶ
354 3578 573 3644 τούτοις
595 3582 882 3651 τιμώντων
908 3587 1028 3641 ἀνθ’
1080 3582 1155 3643 ὧν
1218 3593 1402 3655 αὐτοῖς
1468 3596 1782 3652 ἀνεσώσατο
1818 3600 1926 3653 τῶν
1964 3598 2246 3666 γυναικῶν
2279 3597 2374 3649 καὶ
2425 3596 2630 3650 παίδων
2676 3595 2776 3665 τὴν
2821 3596 3224 3667 αἰχμαλωσίαν,
3272 3598 3521 3669 παρῃτή-

241 3684 377 3726 σατο
399 3675 501 3744 τὴν
527 3678 662 3746 παρ’
694 3679 875 3734 αὐτῶν
900 3679 1079 3748 δόξαν,
1140 3684 1215 3752 μὴ
1257 3683 1490 3753 θελήσας
1535 3690 1643 3743 τῶν
1704 3691 1849 3746 ἰδίων
1889 3692 2151 3762 καμάτων
2207 3690 2358 3759 παρὰ
2389 3688 2693 3760 ἀνθρώπων
2730 3690 2912 3743 λαϐεῖν
2954 3690 3081 3753 τοὺς
3131 3688 3380 3758 μισθούς.
3428 3689 3521 3743 Διὸ

240 3770 337 3822 καὶ
367 3770 581 3841 ἠξιώθη
604 3772 756 3843 παρὰ
780 3773 916 3826 Θεοῦ
956 3775 1187 3830 ἀκοῦσαι
1220 3779 1301 3831 ὅτι
1337 3779 1390 3831 '0
1402 3783 1621 3848 μισθός
1648 3798 1764 3837 σου
1789 3784 2003 3847 πόλυς.

308 3867 669 3935 Σφαιρωτήρ
696 3884 827 3938 φησι
853 3869 914 3921 τὸ
946 3872 1098 3940 παρὰ
1124 3875 1236 3936 τοῖς
1278 3873 1494 3937 πολλοῖς
1531 3875 1825 3945 λεγόμενον

2005 3875 2336 3946 Σφαιρωτὴρ
2412 3875 2591 3939 dicit,
2645 3889 2808 3942 quam
2874 3875 3069 3944 vulgus
3127 3874 3348 3945 ligulam
3415 3893 3515 3931 seu

237 3956 465 4027 λώριον,
508 3959 900 4029 σφαιρωτῆρα
939 3961 994 4013 δὲ
1028 3962 1284 4030 λέγεσθαι
1341 3964 1430 4018 διὰ
1471 3966 1532 4019 τὸ
1576 3967 1824 4030 πολλάκις

1935 3970 2224 4039 corrigiam
2256 3968 2494 4039 appellat
2528 3987 2541 4020 :
2576 3968 2940 4038 σφαιρωτῆρα
2984 3976 3167 4023 autem
3222 3969 3515 4032 nominari.

240 4050 563 4113 κυκλοειδές
604 4051 1021 4120 ἀπεργάζεσθαι
1061 4054 1122 4107 τὸ
1166 4055 1341 4125 δέρμα
1394 4057 1486 4109 τὸν
1547 4058 1838 4127 τεχνίτην,

1933 4061 2077 4131 quod
2109 4059 2312 4114 artifex
2347 4060 2561 4115 corium
2594 4059 2891 4113 rotundum
2924 4060 3190 4125 elaboret,
3234 4071 3287 4114 et
3315 4061 3396 4116 sic
3429 4078 3518 4116 sc-

242 4144 340 4196 καὶ
371 4143 518 4196 οῦτω
541 4144 787 4215 τέμνειν.
829 4145 988 4209 Τινὲς
1009 4146 1068 4199 δέ
1096 4165 1227 4215 φασι
1280 4150 1377 4220 τὴν
1424 4151 1617 4220 κλῆσιν
1649 4153 1824 4205 λαϐεῖν

1935 4165 2041 4207 cet.
2078 4152 2342 4207 Nonnulli
2368 4152 2561 4205 dicunt
2585 4165 2785 4204 nomen
2828 4150 2878 4204 ei
2912 4151 3145 4205 inditum
3180 4167 3325 4218 esse,
3385 4153 3515 4223 quia

240 4234 349 4287 ἀπὸ
372 4234 474 4287 τοῦ
508 4234 693 4307 σφυρὰ
722 4241 929 4309 τηρεῖν.

304 4330 651 4399 Κρινοῦσιν
700 4335 757 4386 οἱ
800 4332 1031 4387 δώδεκα
1066 4332 1173 4400 τὰς
1214 4333 1443 4387 δώδεκα
1476 4334 1677 4403 φυλὰς
1724 4333 1831 4387 τοῦ

242 4424 528 4493 Ἰσραήλ.
590 4426 785 4495 Κρινεῖ
834 4426 930 4479 καὶ
992 4426 1203 4490 Παῦλος
1252 4428 1352 4494 τὴν
1417 4427 1764 4496 οἰκουμένην,
1804 4428 1833 4477 6

229 4519 421 4590 κῆρυξ
452 4518 555 4588 τῆς
589 4518 939 4589 οἰκουμένης.
966 4520 1041 4572 Οὐ
1068 4519 1286 4582 Παῦλος
1313 4519 1371 4571 δὲ
1406 4522 1565 4585 μόνος
1586 4519 1650 4583 ⁷³,
1693 4518 1832 4571 ἀλλὰ

1942 4245 2097 4314 pedis
2124 4246 2296 4299 talum
2325 4251 2527 4299 servat.

2009 4335 2045 4389 ,1
2052 4338 2343 4389 udicabunt
2373 4337 2426 4388 Ιιὶ
2445 4336 2722 4389 duodecim
2754 4338 2923 4391 tribus
2960 4334 3133 4390 Israel
3166 4334 3184 4373 τ
3213 4353 3226 4391 :
3247 4335 3517 4405 iudicabit

1938 4436 1992 4481 et
2019 4425 2245 4490 Paulus,
2285 4426 2436 4481 orbis
2472 4443 2673 4496 praeco,
2707 4429 2919 4493 orbem,
2956 4437 3010 4482 et
3062 4427 3140 4482 illi
3201 4427 3295 4497 qui
3325 4428 3515 4482 eadem

1939 4532 2065 4572 cum
2102 4517 2273 4572 Paulo
2303 4518 2568 4572 sentiunt.
2591 4519 2730 4572 Audi
2763 4519 2910 4573 enim
2935 4518 3066 4588 quid
3100 4518 3189 4572 ille
3210 4519 3357 4571 dicat
3385 4534 3400 4572 :
3435 4520 3517 4570 An

231 4608 337 4662 καὶ
389 4610 442 4660 οἱ
486 4607 558 4660 τὰ
602 4608 815 4661 ἐκείνου
863 4608 1212 4679 φρονοῦντες.
1271 4610 1471 4661 Ἀκουε
1511 4607 1621 4678 γὰρ
1664 4608 1824 4661 αὐτοῦ

1939 4610 2155 4663 nescitis
2178 4646 2193 4671 ,
2251 4609 2378 4677 quia
2427 4610 2603 4664 sancti
2654 4610 2719 4663 de
2745 4610 2842 4662 hoc
2870 4609 3066 4662 mundo
3090 4609 3413 4677 judicabant
3437 4611 3461 4648 ε
3493 4610 3517 4661 ?

231 4699 519 4767 λέγοντος,
566 4700 690 4751 Οὐκ
711 4698 912 4751 οἴδατε
931 4698 977 4730 ⁷⁸
1014 4698 1105 4752 ὅτι
1148 4701 1204 4750 οὶ
1251 4696 1404 4762 ἅγιοι
1442 4698 1550 4750 τὸν·
1599 4699 1824 4767 κόσμον

1937 4712 1991 4755 et
2032 4703 2077 4755 si
2114 4702 2167 4754 in
2195 4673 2353 4755 vobis
2381 4701 2722 4772 iudicabitur
2755 4703 2996 4757 mundus
3023 4742 3037 4766 ,
3094 4702 3303 4770 indigni
3355 4702 3512 4767 estis,

232 4787 524 4857 κρινοῦσι
537 4805 558 4853 ;
595 4788 692 4841 καὶ
729 4789 779 4840 εἰ
814 4791 872 4841 ὲν
925 4788 1056 4858 ὑμῖν
1120 4788 1367 4857 κρίνεται
1390 4787 1418 4838 6
1454 4786 1681 4857 κόσμος,
1726 4789 1824 4840 dw-

237 4880 383 4946 ἁξιοί
409 4884 539 4934 ἐστε
565 4882 870 4952 κριτηρίων
892 4880 1209 4951 ἐλαχίστων.

318 4976 490 5028 Ἀλλο
519 4974 695 5039 ὲθνῷν
722 4975 1059 5044 ἐκδίκησις,
1089 4979 1185 5030 καί
1218 4976 1346 5030 ἄλλο
1379 4976 1524 5029 λαῶν
1570 4972 1826 5041 ἑλεγξις.

249 5065 317 5119 Ἥ
349 5068 453 5136 μὲν
500 5068 614 5137 γὰρ
641 5067 960 5135 ἐκδίκησις
1006 5069 1064 5120 ὲν
1108 5071 1222 5128 τοῖς
1268 5068 1602 5138 ἁπιστήσασι
1639 5080 1834 5118 παντε-

240 5158 378 5222 λῶς·
406 5160 573 5221 λαοὺς
601 5161 659 5213 δὲ
685 5162 812 5223 τοὺς
837 5161 911 5230 μὴ
943 5160 1277 5231 θελήσαντας
1315 5162 1394 5222 είς
1434 5160 1731 5225 ἐπίγνωσιν
1751 5156 1830 5208 έλ-

244 5250 379 5319 θεῖν,
403 5245 482 5305 ὧν
508 5254 605 5305 καὶ
632 5254 684 5305 oi
716 5253 965 5324 ὲλεγμοί·
998 5246 1181 5324 ἀφ’ὦν
1222 5251 1543 5319 ἐκδίκησιν
1574 5251 1676 5303 οὐκ
1715 5251 1829 5301 εἰσ·

308 5377 331 5404 ε
360 5365 537 5419 Levit.
561 5382 681 5430 vm,
701 5363 791 5419 22.
835 5365 865 5405 ιι
886 5364 1078 5419 Matth.
1106 5380 1194 5425 xv,
1221 5364 1309 5418 12.

259 5431 477 5491 ‘lCor.
514 5453 634 5501 vm,
675 5435 729 5489 3.
816 5432 845 5472 δ
872 5436 1005 5490 Luc.
1041 5452 1194 5501 xvm,
1235 5436 1289 5488 7.

1938 4795 2033 4865 qui
2072 4796 2137 4848 de
2168 4795 2412 4849 minimis
2440 4795 2721 4864 iudicetis.

2010 4969 2130 5023 Alia
2161 4976 2246 5023 est
2272 4967 2553 5036 ἐκδίκησις
2578 4966 2717 5020 ultio
2747 4965 3033 5035 gentilium
3066 4984 3078 5016 :
3111 4964 3216 5017 alia
3252 4978 3380 5016 vero
3417 4978 3512 5029 po-

1936 5062 2184 5132 pulorum
2204 5059 2412 5127 έλεγξις
2429 5060 2480 5112 h.
2502 5058 2812 5128 Ἑκδίκησις
2832 5056 2976 5111 enim
3007 5057 3059 5109 in
3079 5056 3147 5110 iis
3174 5057 3265 5123 qui
3291 5053 3514 5106 omnino

1941 5168 2050 5207 non
2087 5151 2476 5206 crediderunti
2511 5168 2522 5202 :
2556 5148 2747 5218 5106
2782 5149 3015 5217 populus
3041 5157 3222 5201 autem
3245 5144 3432 5196 nolens
3457 5142 3511 5194 in

1940 5258 2131 5300 eorum
2161 5241 2496 5311 agnitionem
2534 5242 2739 5306 venire,
2761 5240 2827 5294 de
2852 5240 3053 5311 quibus
3082 5245 3407 5306 arguuntur,
3426 5235 3514 5284 ὲκ-

1390 5374 1411 5400 ο
1435 5360 1633 5415 Genes.
1663 5375 1749 5420 xv,
1779 5361 1824 5410 1.

1956 5354 2099 5409 Psal.
2147 5368 2301 5418 xvm,
2334 5352 2420 5406 12.
2463 5362 2481 5380 ε
2505 5350 2641 5405 Gen.
2674 5366 2785 5414 xw,
2815 5350 2903 5405 23.
2986 5348 3006 5385 τ
3038 5346 3223 5401 Matth.
3277 5360 3387 5407 χιχ,
3417 5342 3511 5394 ‘28.

1379 5433 1396 5472 ί
1436 5432 1477 5484 ll
1512 5430 1658 5483 Petr.
1699 5446 1757 5493 ιι,
1788 5430 1872 5482 16.

1530 5546 1768 5601 γΑῐιιιΕ
1813 5542 2224 5599 LECTIONES.

356 5647 748 5725 οἱπροσέλθοιῌ
762 5652 821 5706 Β.
864 5722 874 5725 Α
900 5653 944 5683 ⁸⁷
964 5652 1027 5725 τὸ
1057 5650 1203 5725 add._
1223 5650 1465 5725 Baetrc.
1624 5644 1681 5725 ‘68
1744 5645 1877 5725 ᾀρετ

258 5735 361 5771 οηι.
391 5719 454 5771 Β.
483 5715 490 5716 ί
531 5720 576 5749 ⁷³
607 5721 665 5792 έν
689 5722 755 5791 τῇ
787 5722 1011 5792 παλαιᾷ,
1048 5724 1081 5791 ἡ
1116 5721 1319 5775 παλαιὰ
1350 5721 1413 5772 Λ.
1523 5719 1567 5748 ⁷³
1593 5715 1649 5768 τὸ
1675 5715 1837 5775 πολύς

256 5792 427 5841 οἴδατε
463 5794 573 5844 om.
603 5790 667 5841 Α.

1882 5644 1929 5764 λ

2682 5641 2725 5670 το
2750 5640 2778 5689 6
2831 5634 3019 5707 μισθός
3046 5662 3115 5707 -τ-
3147 5629 3516 5707 περιηχούσῃς

1938 5659 1999 5704 ς.
2081 5640 2125 5670 ⁵⁸
2157 5640 2337 5707 ψυχάς
2367 5656 2478 5693 om.
2516 5639 2580 5693 A.
2682 5641 2725 5670 το
2750 5640 2778 5689 6
2831 5639 3019 5707 μισθὸς
3046 5662 3115 5671 -
3147 5639 3513 5711 περιηχουσης

1964 5728 1977 5773 ;
2010 5712 2037 5763 6
2076 5710 2265 5773 μισθός
2318 5728 2410 5763 σου
2448 5711 2511 5763 τὸ
2560 5710 2724 5770 πολὺς
2758 5725 2816 5769 ς’.
2938 5705 2980 5735 ⁷³
3012 5704 3170 5773 μόνον
3202 5719 3260 5765 ς.
3339 5700 3383 5731 ’⁸
3412 5714 3513 5751 ουκ

1964 5728 1977 5777 ;
2010 5712 2037 5763 6
2076 5710 2265 5780 μισθός
2318 5728 2410 5763 σου
2448 5711 2511 5763 τὸ
2560 5710 2724 5770 πολὺς
2758 5725 2816 5769 ς’.
