3912 6234
458 334 563 399 239

1614 334 1877 394 PIIOTII
1917 332 2417 394 PATRIARCH/E
2449 337 2557 396 CP.
3578 347 3669 417 25,0

464 450 682 521 δίκῃσιν
716 464 826 505 non
861 449 1086 506 subibit.
1138 448 1365 507 Emetio
1410 451 1560 506 enim
1617 453 1856 508 hostium
1906 463 2025 508 est:

2145 452 2376 523 πράττει
2403 453 2458 525 (ή
2488 453 2597 524 γὰρ
2639 452 2926 524 εἴσπραξις
2961 453 3072 509 τῶν
3104 455 3356 528 ἐχθρῶν),
3401 460 3510 516 ἀλλ’
3535 466 3666 541 ἑλέγ.

456 545 774 616 redargutio
826 560 958 601 vero
1018 554 1245 614 peccata
1304 545 1756 616 reprehendentis
1810 545 2028 603 Domini

454 650 559 696 est.

524 732 719 786 Anima
752 730 884 801 justi
911 746 1039 787 cum
1077 732 1208 788 hinc
1230 732 1548 796 excesserit,
1573 732 1889 804 angelorum
1913 748 2030 789 ma-

456 821 615 874 nibus
645 830 921 890 portatur,
942 823 1042 892 qui
1066 821 1211 876 illam
1246 822 1299 877 in
1321 824 1524 895 regiam
1554 823 1743 877 urbem
1765 821 2023 890 referunt,

450 926 572 982 qua:
594 919 683 967 est
716 912 962 969 caelestis
996 911 1323 969 Jerusalem.

610 1091 678 1147 In
708 1092 1117 1148 decollationem
1146 1094 1323 1148 sancti
1346 1092 1577 1149 Joannis
1605 1093 1882 1164 Baptistae.

517 1184 646 1240 Ilaec
674 1185 853 1240 oratio
888 1182 1063 1239 sancti
1093 1183 1473 1256 Chrysostomi
1502 1186 1726 1241 nomine
1770 1186 2027 1242 inscribi—

451 1285 556 1343 tur,
594 1290 701 1331 non
726 1290 909 1330 tamen
936 1277 1067 1331 mihi
1092 1277 1213 1348 ejus
1244 1277 1475 1333 videtur.
1504 1278 1858 1349 Argumentis
1880 1281 2026 1333 enim

448 1368 720 1438 modoque
754 1370 1028 1424 scribendi
1070 1371 1305 1425 multum
1330 1387 1360 1426 a
1392 1370 1623 1442 reliquis
1668 1372 1789 1440 ejus
1818 1373 2026 1427 oratio-

448 1461 613 1516 nibus
640 1461 1037 1531 distinguitur,
1087 1463 1194 1517 nisi
1240 1462 1386 1531 quoi
1418 1463 1666 1532 quaedam
1706 1478 1774 1518 ex
1808 1463 1876 1519 iis
1919 1465 2029 1520 huc

447 1554 789 1623 rejiciantur.
820 1554 918 1610 Est
955 1565 1140 1610 autem
1170 1555 1343 1611 dietio
1374 1557 1512 1611 satis
1536 1555 1681 1620 vilis,
1715 1565 1770 1611 et
1812 1558 1880 1611 ab
1908 1556 2027 1627 ejus

446 1647 587 1717 Stylo
614 1646 790 1702 aliena
819 1646 864 1702 i.

519 1738 564 1793 0
597 1754 708 1793 rem
740 1741 973 1795 novam!
1007 1738 1248 1797 Joannes
1277 1741 1515 1797 animam
1540 1739 1772 1798 Herodis
1807 1742 2026 1813 ligatam

2131 560 2218 615 χει
2247 544 2323 608 ὡς
2350 546 2653 616 Δεσπότης,
2679 546 2748 600 τὰ
2779 546 3158 618 ἁμαρτήματα
3191 550 3512 623 ἀνακρίνων.

2205 721 2333 794 [852
2362 720 2456 794 Η.]
2500 722 2671 777 Ὅταν
2715 721 2906 795 ἐξέλθῃ
2948 722 3097 795 ψυχὴ
3155 723 3366 779 δικαίου
3424 727 3669 798 ἐντεῦθεν,

2131 816 2565 886 παραπέμπεται
2590 814 2680 869 διὰ
2706 815 2906 886 χειρῶν
2935 816 3208 884 ἀγγέλων,
3232 816 3325 870 καὶ
3364 821 3669 890 παριστῶσιν

2130 907 2302 977 αὐτὴν
2331 908 2388 963 ἐν
2413 909 2480 978 τῇ
2522 906 2755 977 βασιλίδι
2780 908 2954 975 πόλει,
2981 909 3105 978 ἣτις
3132 908 3282 963 ἐστὶν
3305 908 3463 982 ήᾶνω
3493 912 3669 983 Ἰερου-

2132 998 2266 1069 σαλή
2277 1017 2335 1070 μ.

2193 1094 2297 1159 Εἰς
2324 1091 2442 1160 τὴν
2461 1092 2780 1162 ἀποτομὴν
2819 1092 3104 1147 Ἰωάννου
3129 1094 3239 1149 τοῦ
3268 1099 3609 1155 Βαπτιστοῦ.

2210 1184 2608 1257 Ἐπιγράφεται
2649 1185 2749 1257 μὲν
2766 1186 2811 1219 ⁷⁸
2838 1185 2932 1238 τοῦ
2977 1186 3389 1258 Χρυσοστὸμου,
3440 1191 3533 1243 οὐκ
3565 1190 3671 1259 ἐμοὶ

2126 1274 2276 1327 δοκεῖ
2301 1274 2394 1327 δέ·
2419 1277 2534 1337 τοῖς
2562 1292 2623 1328 τε
2668 1274 2778 1345 γὰρ
2816 1275 3187 1347 ἐνθυμήμασι,
3224 1277 3319 1329 καὶ
3364 1281 3428 1348 τῇ
3448 1280 3489 1310 ’⁷⁸
3529 1279 3672 1349 πείρᾳ

2131 1366 2231 1435 τῆς
2264 1370 2483 1437 γραφῆς
2508 1368 2641 1421 πολὺ
2671 1368 2733 1422 τὸ
2763 1369 2942 1434 ἐνδεὲς
2981 1370 3090 1423 τῶν
3121 1369 3296 1422 ἄλλων
3335 1369 3495 1423 αὐτοῦ
3521 1368 3672 1435 λόγων

2128 1457 2488 1529 ἀποφέρεται.
2520 1459 2666 1529 Πλήν
2690 1476 2815 1513 τινα
2871 1460 2968 1515 καὶ
3002 1459 3063 1525 ἐξ
3100 1458 3264 1513 αὑτοῦ
3291 1458 3668 1529 παρεξεϐλήθη.

2134 1552 2291 1604 Ἔστι
2319 1552 2377 1604 δὲ
2407 1552 2571 1605 αὐτοῦ
2602 1552 2699 1608 καὶ
2719 1555 2755 1625 ή
2786 1553 2931 1621 λέξις
2962 1553 3158 1624 χυδαία
3209 1553 3307 1608 καὶ
3356 1553 3454 1624 τῆς
3490 1550 3673 1604 ἐκείνου

2134 1643 2609 1714 παραλλάττουσα.

2206 1736 2271 1788 Ὦ
2304 1736 2635 1807 πράγματος
2668 1734 2995 1791 ἁλλοκότουί
3048 1737 3306 1809 Ἰωάννης
3331 1737 3429 1809 τὴν
3481 1735 3675 1806 δεδεμέ-

450 1830 673 1885 vinculo
709 1831 959 1901 peccati,
1020 1831 1400 1904 redarguendo
1435 1832 1652 1889 solvere
1698 1831 1868 1888 voluit
1896 1849 1909 1886 :
1936 1832 2025 1886 ille

2133 1844 2228 1899 νην
2269 1826 2437 1883 αὐτοῦ
2482 1827 2661 1900 ψυχὴν
2710 1831 2777 1900 τῇ
2834 1832 2993 1901 σειρᾷ
3025 1829 3127 1898 τῆς
3155 1829 3430 1902 ἁμαρτίας
3474 1828 3553 1881 διὰ
3595 1824 3675 1880 τοῦ

448 1938 579 1978 vero
611 1922 911 1980 solventem
957 1923 1168 1997 ligavit.

445 2122 701 2193 Ejusdem
735 2124 907 2176 oratio
938 2122 1251 2177 inscribitur
1275 2121 1333 2176 in
1357 2122 1497 2175 idem
1521 2129 1923 2193 argumentum,
1972 2130 2023 2175 et
2074 2120 2077 2121 ⁷

838 2203 916 2247 est
948 2195 1160 2249 omnino
1195 2194 1366 2261 priori
1391 2191 1606 2245 similis.

514 2354 827 2410 Mandatum
859 2353 963 2410 fuit
989 2353 1216 2421 Judaeis,
1237 2369 1467 2410 uxorem
1495 2352 1685 2409 fratris
1714 2352 1835 2410 sine
1870 2352 2024 2422 prole
2078 2342 2113 2351 ”

441 2447 689 2504 defuncti
722 2449 956 2513 ducere,
988 2447 1283 2519 prohibitis
1327 2447 1534 2518 nuptiis
1567 2461 1693 2501 cum
1742 2445 2018 2517 gentibus,

439 2556 563 2611 qua:
595 2541 769 2598 solita:
817 2550 977 2596 erant
1030 2540 1100 2595 ad
1147 2540 1292 2596 idola
1339 2554 1565 2596 currere
1594 2538 1663 2594 li:
1700 2540 1807 2594 tale
1856 2539 2022 2608 igitur

442 2635 859 2689 matrimonium
897 2634 1305 2690 concedebatur
1328 2674 1344 2701 ,
1376 2642 1437 2689 ut
1484 2633 1827 2689 tolerabilius
1854 2646 2018 2701 quam

442 2725 771 2780 idololatria.
832 2723 1178 2794 Tripudiavit
1236 2724 1345 2780 tilia
1415 2722 2023 2795 Herodiadiszdignus

439 2816 583 2872 festo
612 2816 808 2881 honor,
835 2817 1130 2872 delectatio
1153 2816 1491 2872 celebritate.
1524 2815 1739 2870 Iuravit
1763 2814 1845 2870 illi
1865 2814 2022 2885 quid-

434 2909 568 2980 quid
592 2910 823 2978 petiisset
860 2906 878 2947 ι
918 2924 933 2960 :
969 2919 1025 2964 et
1050 2908 1183 2964 illud
1216 2908 1608 2978 turpitudinem
1636 2914 1829 2979 auget,
1867 2906 2023 2976 jura-

439 3008 689 3057 mentum
733 3001 1082 3056 indeﬁnitum
1108 3040 1124 3067 ,
1175 3007 1230 3056 et
1269 3001 1374 3056 hoc
1403 3008 1625 3070 propter
1653 2998 2020 3053 saltationem.

443 3093 703 3165 [legalem
738 3095 1126 3150 auctoritatem
1156 3094 1352 3165 puella:
1382 3094 1609 3163 pedibus
1649 3093 1850 3148 stultus
1891 3091 2023 3147 sub-

2058 1926 2059 1929 “
2128 1920 2356 1991 ἐλέγχου
2428 1920 2577 1973 λύειν
2648 1920 2946 1987 ἐϐούλετο,
3018 1922 3276 1985 κάκεῖνος
3341 1921 3433 1974 τὸν
3504 1918 3676 1972 λύοντα

2126 2013 2367 2084 ἐδέσμει.

2127 2124 2771 2211 [152.43.]'_Toi7nabtoﬁ
2807 2127 3192 2211 ἐπίγράφεται
3226 2086 3414 2211 λδγάς
3454 2126 3537 2211 είς
3578 2124 3675 2211 τὴν

2194 2194 2732 2265 αὐτὴν’ὑπόθεσιν,
2765 2198 2861 2252 καί
2887 2194 3200 2252 ἔάτίκατὰ
3241 2194 3441 2251 πάντα
3490 2194 3676 2265 ὁμοίως

2194 2268 2354 2338 ἔχων
2379 2266 2460 2332 τῷ
2486 2269 2601 2336 πρὸ
2629 2268 2838 2324 αὐτοῦ.

2207 2361 2486 2424 Ἰουδαίοις
2539 2362 2938 2432 ἐπιτέτραπται
2988 2363 3229 2431 γυναῖκα
3284 2361 3425 2433 μετὰ
3474 2358 3677 2412 θάνατον

2127 2453 2223 2507 καὶ
2250 2454 2456 2509 ἄπαιδα
2488 2453 2582 2508 τοῦ
2614 2454 2845 2524 ἀδελφοῦ
2874 2453 3127 2522 ἄγεσθαι,
3168 2454 3269 2525 τὴν
3304 2455 3439 2525 πρὸς
3478 2451 3545 2506 τὰ
3571 2450 3679 2519 ἔθνη

2125 2544 2351 2598 κωλύων
2379 2543 2835 2615 ὲπιγαμίαν,ἐθος
2865 2544 3091 2616 ἔχουσαν
3118 2548 3231 2608 τοῖς
3267 2543 3507 2606 εἰδώλοις
3525 2556 3678 2613 προσ-

2122 2637 2366 2707 τρέχεινο
2395 2637 2470 2699 ὡς
2531 2638 2859 2707 κουφότερον
2916 2633 3010 2691 οὖν
3067 2636 3167 2702 τῆς
3207 2632 3680 2706 είδωλολατρείαςδ

2122 2726 2367 2788 τοιοῦτος
2408 2728 2587 2799 γάμος
2632 2730 2748 2792 τοῖς
2788 2729 3069 2793 Ἰουδαίοις
3103 2730 3516 2800 ωγκεχώρητο.
3579 2726 3683 2791 Ὠρ-

2124 2818 2334 2889 χήσατο
2387 2820 2422 2889 ή
2470 2818 2720 2891 θυγάτηρ
2776 2820 2939 2891 τῆς⁷⁷
2989 2821 3353 2891 ⁸Ηρωδιάδος.
3410 2820 3555 2886 Ἀξία
3598 2815 3681 2884 τῆς

2125 2911 2319 2984 ἐορτῆς
2364 2913 2398 2983 ή
2428 2912 2590 2984 τιμὴ,
2639 2914 2674 2983 ή
2727 2912 2917 2983 τέρψις
2982 2913 3082 2983 τῆς
3126 2914 3515 2986 πανηγύρεως.
3566 2908 3681 2964 Μεθ’

2123 3003 2291 3073 ὅρκου
2346 3003 2701 3075 ὡμολόγησεν
2741 3005 2882 3075 αὐτῇ
2933 3005 2961 3057 ὅ
2999 3022 3050 3058 τι
3100 3004 3167 3058 ἂν
3216 3007 3542 3074 αἰτήσηταιο
3603 2997 3683 3053 καὶ

2123 3091 2282 3147 τοῦτο
2303 3094 2591 3164 προσθήκη
2612 3094 2719 3147 τῶν
2753 3092 2999 3164 αἰσχρῶν
3030 3094 3312 3167 βαρυτέρα
3333 3135 3348 3160 ,
3376 3096 3534 3165 ὅρκος
3583 3090 3684 3144 ἀδι-

435 3186 569 3257 jecit
598 3203 614 3242 :
649 3187 899 3259 permisit
934 3188 1142 3261 regiam
1179 3188 1500 3259 dignitatem
1529 3187 1880 3249 conculcari,
1915 3184 2019 3239 sub

2133 3186 2466 3257 5ριστος,καὶ
2490 3182 2643 3249 οὗτος
2663 3186 2730 3240 δι’
2753 3188 3003 3267 ὄρχησιν.
3041 3187 3153 3259 Τὴν
3185 3186 3471 3258 βασιλικὴν
3514 3183 3684 3237 αὐθεν-

434 3295 550 3350 qua
580 3294 641 3336 se
662 3283 979 3351 juramento
1012 3281 1363 3346 constrinxit,
1408 3279 1502 3348 qui
1552 3278 1851 3348 cupiditate
1877 3290 2022 3331 caeca

436 3383 635 3443 captus
662 3382 783 3427 erat
816 3390 832 3428 :
870 3372 1079 3427 invitus
1113 3382 1301 3442 postea
1334 3372 1530 3441 puellae
1559 3370 1719 3425 nutui
1748 3369 2024 3425 obsecuno

439 3466 609 3529 davit,
645 3464 778 3535 quin
828 3464 1014 3535 potius
1066 3464 1193 3519 Evze
1245 3464 1442 3519 iterum
1498 3463 1582 3517 vir
1621 3477 1748 3517 esca
1790 3463 2023 3533 capitur.

434 3555 684 3612 Audacia
721 3555 1003 3626 petitionis
1030 3571 1163 3611 sane
1214 3571 1434 3627 magna,
1482 3564 1665 3625 petere
1692 3553 1829 3626 justi
1862 3561 2025 3623 caput

442 3648 501 3703 in
538 3647 693 3703 disco
721 3688 739 3716 ,
779 3657 835 3705 et
853 3647 1045 3705 dolore
1074 3646 1330 3719 gaudium
1364 3655 1725 3710 commutare,
1776 3660 2023 3701 mensam

442 3739 757 3810 sepulcrum
782 3737 989 3795 facere.
1024 3738 1354 3804 Decebatne,
1383 3754 1416 3792 ο
1436 3738 1619 3805 miser,
1648 3741 1777 3793 dare
1799 3737 1855 3793 in
1887 3752 2026 3791 mer-

448 3831 637 3886 cedem
675 3830 1001 3901 tripudianti
1041 3831 1242 3885 caedem
1275 3830 1565 3897 nefariam,
1609 3840 1666 3885 et
1698 3838 1930 3885 mortem
1969 3829 2022 3883 in

442 3922 731 3978 ebrietatis
776 3921 1200 3978 delectationem
1259 3920 1497 3976 ail‘erre?
1544 3920 1924 3976 Juramentum
1974 3929 2026 3973 te

440 4015 739 4087 obstringit
772 4032 788 4070 :
820 4014 916 4071 sed
934 4015 1110 4071 credes
1145 4014 1417 4086 prohibet.
1456 4014 1889 4070 Promissionem
1936 4026 2024 4068 re-

441 4110 664 4180 poscit:
695 4109 790 4165 sed
849 4110 1117 4181 aequalem
1158 4109 1419 4179 tripudio.
1459 4108 1577 4163 Non
1615 4117 1700 4164 est
1740 4122 1866 4164 cum
1912 4106 2023 4163 vita

438 4202 680 4257 mundus
695 4201 1125 4273 comparandus.
1145 4200 1355 4256 Novum
1370 4208 1458 4257 est
1474 4200 1702 4255 lierodis
1717 4199 1983 4271 judicium
2006 4215 2022 4266 ;

442 4310 655 4360 mensa,
696 4295 962 4359 ebrietas,
994 4305 1049 4349 et
1081 4295 1377 4364 tripudium
1407 4294 1743 4366 judicarunt.
1776 4294 1821 4349 0
1858 4292 2024 4362 justi-

443 4385 577 4439 tiam
609 4384 801 4455 iniqua
825 4384 1118 4439 audentem
1151 4383 1165 4437 !
1204 4382 1406 4438 Sancte
1436 4396 1496 4436 se
1521 4381 1707 4453 jurare
1736 4380 1930 4451 ﬁngit,
1970 4387 2026 4435 et

437 4478 690 4533 occidere
717 4492 824 4532 non
849 4475 1143 4532 erubescit.
1180 4474 1397 4530 Utinam
1426 4485 1574 4529 recte
1621 4474 1940 4543 pcjerasset,
1966 4480 2023 4525 et

2045 4523 2100 4583 D

2125 3279 2250 3335 τίαν
2271 3279 2316 3312 ⁷⁸
2352 3281 2468 3344 τοῖς
2524 3279 2656 3333 ποσὶ
2699 3279 2803 3349 τῆς
2852 3280 3023 3350 κόρης
3061 3282 3090 3334 ὀ
3139 3280 3375 3351 μάταιος
3413 3276 3685 3342 ὑπέταξεν

2132 3369 2304 3423 ἔδωκε
2333 3369 2434 3441 τὴν
2461 3371 2558 3442 τῆς
2587 3370 2925 3441 βασιλείας⁷⁹
2950 3372 3110 3436 ἀξίαν
3134 3372 3452 3444 πατηθῆναι
3476 3388 3490 3403 ·
3520 3369 3604 3436 ὑφ’
3631 3359 3687 3438 ἧς

2127 3459 2297 3534 [γεδο]
2324 3462 2476 3533 ὅρκῳ
2500 3462 2693 3531 γέγονε
2741 3464 2963 3534 δέσμιος
2989 3464 3019 3517 ὁ
3046 3464 3147 3535 τῆς
3170 3465 3473 3536 ἐπιθυμίας
3510 3458 3690 3532 αἰχμά-

2126 3552 2318 3618 λωτος.
2355 3554 2541 3609 Ἀκων
2567 3554 2753 3609 λοιπὸν
2777 3556 2855 3627 τῷ
2887 3557 2988 3627 τῆς
3014 3557 3186 3628 κόρης
3227 3557 3550 3612 δεδούλωται
3587 3548 3691 3603 νεύ-

2129 3662 2287 3714 ματι,
2324 3646 2526 3715 μᾶλλον
2574 3648 2632 3700 δὲ
2663 3648 2742 3719 τῷ
2799 3649 2899 3719 τῆς
2942 3648 3087 3715 Εὔας
3130 3650 3298 3705 πάλιν
3348 3653 3378 3705 ὁ
3430 3634 3691 3718 άνθρωετος

2128 3738 2427 3793 ὑποπίπτει
2460 3740 2809 3811 δελεάσματι.
2861 3744 3047 3797 Δεινὺν
3075 3743 3136 3798 τὸ
3173 3745 3274 3815 τῆς
3301 3744 3569 3814 αίτήσεως
3589 3736 3693 3791 τόλ-

2135 3845 2320 3899 μημα,
2349 3831 2606 3902 κεφαλὴν
2646 3832 2859 3886 δικαίου
2885 3832 3071 3888 λαϐεῖν
3089 3834 3185 3887 ἐπὶ
3211 3837 3428 3899 πίνακι,
3455 3832 3546 3887 καὶ
3579 3829 3690 3897 τέρ-

2126 3918 2218 3988 ψει
2249 3921 2689 3988 ἀνταλλάξασθαι
2721 3923 2917 3988 πένθος
2932 3924 2976 3957 ⁸¹
3021 3925 3115 3979 καί
3151 3926 3327 3995 τάφον
3371 3922 3691 3990 καταστῆσαι

2127 4011 2228 4080 τὴν
2292 4013 2594 4083 τράπεζαν.
2659 4015 2993 4087 Ἔκθεσμον,
3042 4015 3220 4083 ἄθλιε,
3297 4016 3486 4071 δοῦναι
3552 4012 3693 4083 φόνον

2129 4103 2324 4171 μισθὸν
2364 4105 2471 4159 ἔδει
2528 4107 2596 4177 τῇ
2644 4106 2893 4178 ὀρχήσει,
2932 4109 3031 4161 καὶ
3064 4109 3299 4164 θάνατον
3344 4110 3487 4182 μέθῃ
3521 4103 3694 4176 τέρψιν

2127 4195 2456 4266 χαρίσασθαι
2479 4214 2493 4262 ;
2518 4199 2681 4268 ὅρκος
2704 4217 2761 4253 σε
2785 4201 3010 4271 κατέχει
3033 4218 3048 4234 ο
3083 4202 3199 4255 ἀλλ’
3227 4205 3257 4256 ὁ
3297 4203 3458 4272 φόνος
3490 4196 3692 4254 κωλύει.

2141 4284 2466 4355 Ὑπόσχεσιν
2505 4288 2758 4343 ἀπαιτεῖ·
2808 4290 2925 4344 ἀλλ’
2966 4291 3089 4363 ἴσην
3141 4293 3399 4364 ὀρχήσει,
3452 4291 3547 4361 οὐχ
3579 4281 3693 4358 ﬁs"

2127 4375 2384 4443 ἀντάξιος
2443 4378 2564 4442 οὐδ’,
2608 4381 2637 4433 ὁ
2687 4380 2913 4453 κόσμος.
2964 4382 3126 4440 Ξένον
3192 4385 3289 4438 τοῦ
3362 4383 3601 4455 Ἡρώδου
3642 4375 3693 4430 τδ

2129 4467 2516 4540 δικαστήριον·
2565 4473 2815 4542 τράπεζα
2865 4474 2961 4528 καὶ
2997 4475 3137 4547 μέθη
3196 4477 3295 4531 καὶ
3323 4477 3554 4549 ὄρχησις
3606 4468 3697 4522 ἐδί-

437 4581 549 4623 non
613 4568 801 4638 inique
839 4575 1028 4622 sancte
1075 4567 1337 4636 jurasset.
1404 4563 1450 4621 0
1507 4565 1819 4620 convivium
1883 4563 2019 4635 justi

2133 4558 2377 4624 καζεν⁸⁸.
2446 4563 2511 4615 Ὢ
2595 4564 2945 4638 δικαιοσύνης
3023 4567 3316 4640 τολμώσης
3388 4559 3694 4638 παράνομαί

436 4659 748 4715 admiscens
796 4661 1062 4715 mortem!
1102 4659 1146 4715 0
1180 4659 1496 4714 convivium
1545 4658 1680 4727 legis
1720 4659 2021 4713 observan-

436 4752 634 4807 tissimi
672 4768 956 4821 aspersum
991 4753 1294 4821 sanguine!

862 5037 1060 5108 511a
1087 5036 1344 5107 Ejusdem
1375 5037 1431 5091 in
1458 5037 1617 5092 idem.

506 5131 735 5188 Videtur
783 5132 902 5188 haec
947 5131 1124 5186 oratio
1185 5140 1421 5201 cognata
1472 5146 1596 5187 esse
1634 5132 2016 5205 Chrysostomi

434 5225 798 5292 orationibus,
831 5239 942 5281 non
966 5231 1149 5279 tamen
1180 5234 1283 5289 est,
1319 5237 1418 5278 nec
1441 5223 1857 5280 convenientem
1886 5241 2011 5281 cum

2127 4654 2377 4725 εὐορκεῖν
2405 4656 2783 4728 ὑποκρίνεται,
2812 4663 2909 4714 καὶ
2944 4662 3192 4731 φονεύειν
3221 4663 3325 4716 οὐκ
3374 4660 3694 4732 αίσχύνεται.

2125 4745 2255 4801 Εἴθε
2293 4748 2477 4811 καλῶς
2507 4748 2864 4821 ἐπιώρκησας
2891 4753 2988 4806 καὶ
3022 4752 3098 4822 μὴ
3148 4753 3491 4825 παρανόμως
3541 4747 3700 4817 εῢώρο

2129 4854 2326 4908 κησας.
2384 4840 2452 4893 Ὢ
2514 4841 2820 4911 συμπόσιον
2866 4844 3080 4898 δικαίου
3142 4845 3349 4916 κιρνῶν
3365 4847 3416 4878 ⁸⁸
3463 4845 3698 4899 θάνατον.

2132 4931 2200 4982 Ὢ
2255 4933 2562 5002 συμπόσιον
2619 4933 3002 5005 νομοφύλακας
3052 4937 3473 5009 οἰνοχοούμενον
3501 4936 3699 5007 αἵματιο

2346 5045 2457 5099 Τοῦ
2486 5047 2675 5102 αὑτοῦ
2704 5050 2791 5115 εὶς
2813 5050 2929 5116 τὴν
2952 5050 3149 5120 αὐτὴν
3170 5054 3493 5109 ὑπόθεσιν.

2203 5137 2386 5191 Ἕοικε
2434 5138 2480 5191 δ’
2527 5136 2681 5203 οὗτος
2728 5144 2756 5196 ὁ
2799 5143 2956 5212 λόγος
2999 5145 3270 5218 συγγενὴς
3301 5142 3446 5203 εῖναι
3488 5146 3594 5200 τῶν
3619 5138 3703 5196 τοῦ

2124 5230 2518 5301 Χρυσοατόμου
2577 5233 2771 5303 λόγων,
2835 5236 2937 5291 οὐκ
2992 5236 3121 5309 [855
3170 5237 3265 5310 [1.]
3311 5239 3432 5294 ἐστι
3464 5240 3561 5309 ﬁt,
3597 5235 3706 5291 οὐδὲ

475 5400 709 5460 ίΜειιΙι.
748 5421 872 5471 xiv;
902 5403 1071 5459 Marc.
1110 5421 1202 5471 v1;
1233 5404 1372 5461 Luc.
1401 5422 1484 5473 nt,
1520 5404 1615 5461 20.
1686 5402 1712 5442 ιι
1736 5406 1899 5461 Deut.
1935 5423 2025 5462 xm

2133 5410 2166 5466 ἰ.
2234 5407 2431 5468 1Marc.
2464 5430 2539 5479 v1,
2564 5414 2658 5470 24.

1741 5546 1978 5603 VARUE
2022 5548 2432 5610 LECTIONES.

508 5699 553 5733 ’⁸
578 5700 859 5783 ρὲν]δέΑ.
937 5702 1061 5791 τξτῇ
1097 5701 1221 5756 add.
1246 5702 1311 5757 A.
1396 5703 1450 5784 1"
1481 5702 1582 5775 τῆς
1613 5714 1739 5790 ante
1776 5705 1840 5757 Ἦ
1884 5744 1898 5759 .
1938 5721 2050 5762 om.
2091 5708 2157 5763 A.
2238 5712 2284 5743 ⁷⁸
2315 5713 2633 5768 αὑθεντείαν
2680 5718 2746 5773 Δ.
2830 5721 2875 5754 ⁷³
2931 5718 3197 5791 βασιλίδος
3227 5734 3291 5785 ς.
3331 5715 3385 5755 ⁸⁵
3436 5736 3496 5789 γε
3521 5732 3631 5776 om.
3662 5713 3704 5772 Α

520 5772 692 5836 τιαοος
724 5789 784 5835 ς.
860 5772 905 5804 δ’
931 5790 1032 5841 oux
1060 5767 1127 5841 ἦς
1155 5774 1200 5825 Α
1234 5790 1247 5829 :
1278 5773 1458 5841 ψυχης
1493 5791 1554 5838 ς.
1625 5776 1672 5809 ⁸³
1696 5722 1931 5841 εδίδαὲεν
1966 5794 2053 5841 pr.
2085 5781 2157 5835 A.
2235 5782 2281 5814 δ”
2305 5784 2532 5841 κιρνῶνΊ
2557 5787 2739 5841 κρίνον
2763 5790 2828 5841 Δ.

434 5776 477 5809 ⁸⁸
520 5757 700 5836 πάοοξ
724 5789 784 5835 ς.
860 5772 905 5804 δ’
931 5757 1127 5845 οὐχ”ἦς
1155 5774 1200 5825 Α
1234 5790 1247 5829 :
1278 5773 1458 5844 ψυχῆς
1493 5757 1579 5838 gr
1619 5757 1672 5809 ί⁸³
1693 5757 1837 5830 ἐδίδα

1874 5794 1931 5832 εν
1966 5794 2053 5849 pr.
2085 5781 2157 5835 A.
2235 5782 2281 5814 δ”
2305 5784 2532 5857 κιρνῶν]
2557 5787 2739 5855 κρίνον
2763 5790 2828 5843 Α.
