3922 6242
293 284 401 350 241

1340 296 1862 357 BIBLIOTHECA.
1884 323 1953 333 --
1977 298 2143 360 COD.
2182 300 2489 360 CCLXXV.

3433 302 3547 365 242

294 409 502 479 συνεχῆ
528 408 577 442 ⁸⁵
600 409 694 463 τὸν
725 408 848 463 νοῦν
876 411 1107 475 ἐκείνοις
1145 413 1574 484 ἐνδεικνύμενος,
1603 416 1788 486 ὥσπερ
1816 416 1864 468 οἱ

1979 417 2073 472 illis
2103 432 2322 472 sensum
2354 414 2574 487 prasfert
2605 434 2618 471 :
2648 417 3106 485 quemadmodum
3152 425 3205 471 et
3262 417 3366 473 illa:
3415 420 3537 475 dua:

294 499 394 553 δύο
458 500 656 554 ἐκεῖνοι
716 502 815 571 τὴν
874 502 1011 573 πρὸς
1055 503 1315 573 ἀλλήλους
1372 504 1556 575 σχέσιν
1618 505 1715 559 καὶ
1770 506 1869 559 ἀλ-

296 591 591 662 ληλουχίαν
631 592 1006 661 διασώζουσιν,
1054 594 1169 647 ἀλλ’
1207 596 1301 648 ἀπ’
1340 595 1517 666 ἀρχῆς
1552 597 1689 661 ἰδίας
1739 614 1871 670 προ-

294 685 543 754 έρχεται.

369 773 627 847 Ἰωάννην
654 778 1042 848 ἀνευφημήσω,
1078 778 1171 831 καὶ
1190 780 1288 850 τὴν
1310 778 1519 832 ἐκείνου
1552 779 1744 847 σοφίαν
1771 781 1874 834 πᾶ-

294 891 402 926 σαν
430 873 558 942 ὑμῖν
581 870 855 941 γνώριμον
884 871 1233 940 καταστήσω.
1258 870 1511 941 Ἰωάννην
1530 870 1621 924 τὸν
1644 872 1871 943 μερισά-

236 958 253 993 νδ
298 981 465 1035 μενον
496 962 634 1033 μετὰ
664 959 759 1015 τοῦ
782 962 994 1031 Πατρὸς
1020 960 1082 1014 τὸ
1108 962 1202 1015 τοῦ
1228 962 1565 1031 Μονογενοῦς
1586 964 1870 1035 κήρυγμα.

295 1056 416 1109 Καὶ
436 1056 542 1125 γὰρ
568 1056 597 1107 6
627 1054 746 1125 μὲν,
772 1048 961 1118 Οὗτός
984 1054 1173 1119 ἐστιν,
1202 1054 1408 1109 ἀνωθεν
1426 1055 1723 1128 ἐμαρτύρει
1740 1058 1810 1122 ⁸⁸,
1841 1061 1875 1113 δ

307 1147 447 1211 Υἱός
465 1163 585 1214 μου
623 1148 657 1200 ὁ
694 1145 1021 1214 ἀγαπητὸς,
1051 1147 1078 1199 6
1098 1145 1153 1199 δὲ
1177 1146 1438 1212 κάτωθεν,
1478 1147 1587 1201 Ἴδε
1616 1150 1649 1202 d
1673 1149 1872 1219 Ἀμνὸς

294 1240 410 1293 τοῦ
440 1239 610 1303 Θεοῦ,
642 1241 675 1292 ὁ
694 1239 877 1306 αἴρων
905 1238 1020 1307 τὴν
1038 1238 1329 1308 ἁμαρτίαν
1358 1240 1462 1294 τοῦ
1484 1241 1736 1311 κόσμου.
1764 1243 1873 1295 Καὶ

294 1332 327 1383 ὁ
362 1330 462 1398 μὲν
492 1329 682 1401 Πατὴρ
718 1330 806 1383 διὰ
841 1330 939 1400 τῆς
976 1331 1304 1400 περιστερᾶς
1336 1332 1428 1384 τὸν
1457 1332 1742 1403 ἀγαπητὸν
1772 1335 1873 1387 ὑπ-

296 1422 597 1486 εδείκνυεν,
622 1424 651 1474 ὁ
670 1422 727 1474 δὲ
753 1424 818 1491 τῇ
844 1421 991 1492 χειρὶ
1016 1421 1105 1473 τὸν
1130 1422 1228 1491 τῆς
1251 1422 1574 1493 οἰκουμένης
1596 1424 1874 1495 λυτρωτὴν

295 1510 637 1581 ἐνεφάνιζεν.
663 1512 863 1583 Ἐχρῆν
892 1513 1073 1581 φωνῆς
1095 1513 1443 1584 γεννηθείσης
1476 1516 1566 1569 τὸν
1592 1516 1761 1585 Λόγον
1783 1517 1875 1570 λυ-

299 1607 464 1676 θῆναι
490 1607 587 1659 τοῦ
617 1608 848 1679 Πατρός.
876 1608 1093 1681 Ἐπειδὴ
1123 1609 1231 1680 γὰρ
1250 1610 1349 1663 οὐκ
1377 1610 1696 1667 ἐπίστευσεν
1720 1613 1748 1665 6
1778 1616 1876 1668 Ζα-

296 1700 502 1771 χαρίας
540 1701 621 1753 ὅτι
660 1700 843 1754 λύεται
876 1700 975 1770 τῆς
1004 1701 1287 1755 Ἐλισάύετ
1314 1706 1347 1773 ὴ
1381 1705 1690 1774 στείρωσις,
1717 1708 1870 1779 ἐδέθη

294 1794 359 1845 τὸ
399 1793 636 1863 ὄργανον
675 1793 773 1863 τῆς
808 1792 1078 1865 γλώσσης,
1111 1795 1198 1848 ἵνα
1241 1794 1316 1867 μὴ
1347 1797 1585 1869 προέλθῃ
1628 1798 1784 1868 λόγος
1811 1799 1871 1867 ἐξ

294 1885 535 1939 ἀπίστου
570 1885 867 1955 στόματοςο
895 1886 1018 1939 ἐπεὶ
1039 1886 1084 1939 δ’
1106 1886 1293 1965 ἐλύετο
1322 1888 1355 1958 ή
1386 1889 1573 1960 στείρα
1608 1892 1702 1945 καὶ
1735 1910 1870 1961 προ-

292 1979 461 2048 ῆλθεν
483 1980 519 2047 ή
544 1978 716 2047 φωνὴ,
739 1978 900 2051 ἐλύθη
917 1979 1012 2033 καὶ
1034 1979 1177 2051 ἡτοῦ
1207 1981 1477 2052 Ζαχαρίου
1502 1981 1745 2050 γλῶσσα,
1775 1987 1870 2039 καὶ

294 2071 609 2142 προήρχετο
656 2072 686 2124 6
725 2071 906 2139 λόγος.
945 2073 1010 2125 Ὢ
1047 2071 1234 2142 φωνῆς
1262 2073 1488 2128 ἀεννάου
1522 2075 1569 2106 ⁸⁷
1602 2075 1697 2129 καὶ
1731 2081 1870 2146 μετά

299 2164 528 2219 θάνατον
558 2164 659 2236 τὴν
683 2164 1007 2237 οἰκουμένην
1037 2166 1429 2238 περιηχούσης.

1008 2281 1170 2335 ΣοΕ’.

308 2369 610 2446 Ἠᾳυχίου
653 2372 1063 2446 πρεσϐυτέρου
1103 2374 1526 2446 Ἰεροσολύμων
1543 2378 1632 2442 εὶς
1673 2377 1869 2431 Ἰάκω-

360 2443 474 2564 lit:-
507 2442 617 2495 τὸν
646 2441 914 2511 ἀδελφὸν
954 2444 1061 2498 τοῦ
1099 2441 1320 2513 κυρίου
1344 2488 1359 2512 ,
1386 2441 1484 2499 kal
1521 2441 1701 2501 Δαυῒδ
1738 2452 1866 2503 θεο-

363 2547 382 2564 .
451 2528 619 2578 τορα.

356 2602 706 2673 ’Δνεγνὼσθη
749 2603 1028 2674 Ἠσυχίου,
1053 2606 1423 2678 πρεσϐυτέρου
1457 2608 1864 2682 Ἰεροσολύμων,

285 2696 369 2757 εἰς
399 2694 662 2748 Ἰάκωϐον
704 2696 796 2750 τὸν
825 2696 1052 2767 ἀδελφὸν
1089 2698 1183 2752 τοῦ
1213 2700 1419 2772 Κυρίου
1452 2702 1545 2755 καὶ
1583 2703 1748 2758 Δαόὶδ
1776 2704 1866 2759 τὸν

285 2786 622 2856 θεοπάτορα.

361 2876 531 2952 [1525
552 2876 645 2949 IL]
677 2878 739 2931 Ei
760 2877 834 2949 μὴ
849 2878 1251 2935 ἐταπείνωσεν
1277 2881 1495 2937 ἑαυτὸν
1516 2883 1865 2955 γενόμενος,

288 2974 319 3026 ὁ
367 2973 564 3044 Σωτὴρ
593 2973 772 3042 ἡμῶν,
811 2972 1084 3041 ὑπήκοος
1114 2976 1294 3045 μέχρι
1337 2977 1620 3044 θανάτου,
1656 2979 1756 3032 οὐκ
1802 2979 1869 3033 ἂν

1972 508 2040 562 ab
2069 523 2129 562 se
2160 507 2390 563 invicem
2422 507 2651 562 diversae
2677 521 2786 562 non
2816 519 2966 575 sunt,
2992 508 3085 563 sed
3117 509 3339 579 proprio
3373 525 3538 563 exor-

1972 601 2063 656 dio
2096 601 2305 671 incipit.

2042 772 2305 830 Joannem
2360 774 2702 845 prmdicabo,
2762 784 2817 830 et
2851 776 2999 832 illius
3030 777 3353 846 sapientiam
3386 776 3544 832 v0bis

1973 865 2231 921 omnibus
2270 875 2451 921 notam
2484 866 2700 920 faciam.
2730 864 3018 932 Joannem,
3068 869 3161 937 qui
3206 867 3392 923 divisit
3415 884 3541 923 cum

1973 957 2134 1013 Patre
2184 957 2628 1029 praedicationem
2670 958 2968 1029 Unigeniti.
3008 959 3219 1014 Etenim
3269 960 3398 1016 ille:
3438 959 3542 1014 Hic

1973 1062 2052 1107 est
2081 1050 2253 1106 Filius
2281 1069 2425 1107 meus
2452 1052 2672 1105 dilectus
2709 1062 2770 1117 ω,
2804 1053 3041 1120 desuper
3069 1067 3099 1106 e
3136 1052 3277 1106 coelo
3308 1061 3542 1108 testatus

1974 1153 2080 1207 est,
2112 1145 2200 1199 hic
2238 1160 2369 1199 vero
2395 1143 2535 1199 infra
2566 1144 2618 1198 in
2660 1152 2801 1199 terra
2834 1162 2849 1198 :
2886 1143 3022 1199 Ecce
3068 1145 3247 1215 Agnus
3282 1145 3399 1210 Dei,
3450 1145 3542 1215 qui

1977 1237 2116 1290 tollit
2146 1247 2361 1305 peccata
2388 1238 2574 1292 mundi
2597 1247 2624 1276 ιι
2663 1252 2677 1289 :
2713 1246 2765 1291 et
2792 1236 2955 1291 Pater
2984 1252 3082 1307 per
3121 1236 3433 1291 columbam
3460 1236 3544 1290 di-

1975 1330 2177 1383 lectum
2206 1344 2365 1385 suum
2393 1329 2663 1395 ostendit,
2718 1328 2807 1383 ille
2839 1329 3010 1400 digito
3062 1328 3300 1383 ostendit
3351 1326 3545 1382 mundi

1974 1418 2412 1491 Redemptorem.
2446 1420 2697 1491 Oportuit
2718 1436 2852 1476 voce
2878 1420 3057 1493 genita
3094 1420 3319 1474 verbum
3365 1418 3546 1473 Patris

1976 1514 2111 1569 solvi
2138 1522 2184 1567 ο.
2219 1515 2356 1569 Dum
2384 1515 2529 1569 enim
2564 1514 2859 1570 Zacharias
2895 1529 3002 1569 non
3044 1514 3325 1578 crederet,
3368 1511 3545 1567 Elisa-

1976 1605 2152 1660 bethze
2181 1606 2518 1661 sterilitatem
2554 1606 2621 1659 iri
2644 1606 2904 1673 solutum,
2924 1615 3111 1679 mutus
3140 1603 3314 1659 factus
3342 1613 3447 1669 est,
3478 1618 3547 1659 ne

1976 1698 2313 1753 incredulum
2337 1715 2399 1754 os
2426 1699 2741 1770 loqueretur
2768 1706 3097 1769 :postquam
3122 1696 3300 1752 soluta
3331 1704 3415 1751 est
3437 1707 3545 1751 stc-

1974 1790 2170 1857 rilitas,
2206 1799 2260 1846 et
2300 1807 2406 1844 vox
2442 1789 2643 1860 prodiit
2673 1830 2688 1854 ,
2722 1791 2901 1844 soluta
2940 1795 3026 1844 est
3055 1787 3219 1842 etiam
3266 1786 3546 1841 Zachariae

1970 1882 2177 1957 lingua,
2212 1894 2268 1939 et
2320 1884 2541 1940 locutus
2575 1891 2679 1939 est.
2711 1881 2756 1938 0
2786 1898 2974 1939 vocem
3009 1892 3293 1948 aeternam,
3330 1887 3385 1937 et
3415 1886 3543 1953 post

1970 1986 2203 2033 mortem
2226 1978 2390 2033 etiam
2420 1978 2606 2034 orbem
2637 1986 2909 2032 terrarum
2948 1975 3251 2047 replentem
3285 1975 3299 2028 !

2638 2284 2938 2342 CCLXXV.

1971 2378 2265 2449 Hesychius
2320 2376 2833 2449 Hierosolymitonus
2883 2375 3171 2449 presbyter.
3220 2400 3291 2449 :-
3320 2368 3405 2449 _Iit
3445 2372 3544 2427 Ju-

2040 2443 2227 2503 cobum
2261 2450 2483 2519 fratrem
2512 2443 2762 2512 Domini,
2814 2443 3164 2501 etDavidem
3208 2443 3405 2500 Christi
3454 2457 3542 2511 pa-

2042 2530 2193 2574 trem.

2040 2612 2167 2679 Legi
2201 2610 2535 2683 Hesychium
2580 2608 2960 2679 presbyterum
3012 2604 3541 2674 Hierosolymorum,

1970 2700 2025 2754 in
2053 2698 2316 2755 Iacobum
2347 2698 2574 2754 fratrem
2604 2696 2840 2762 Domini,
2875 2703 2931 2751 et
2965 2695 3022 2749 in
3046 2694 3305 2750 Davidem
3335 2691 3546 2749 Christi

1968 2795 2178 2851 dictum
2209 2804 2444 2864 patrem.

1993 2946 1999 2954 ,
2040 2884 2153 2941 Nisi
2182 2884 2431 2941 Salvator
2458 2884 2788 2939 humiliassct
2820 2883 3158 2953 semetipsum
3181 2920 3197 2946 ,
3249 2881 3423 2952 factus
3453 2896 3548 2949 pro

1971 2977 2118 3030 nobis
2135 2976 2377 3030 obediens
2405 2990 2564 3045 usque
2599 2975 2669 3029 ad
2698 2984 2917 3029 mortem
2933 2984 2982 3041 Ρ,
3008 2989 3116 3028 non
3141 2972 3424 3027 domestici
3452 2985 3551 3025 co-

203 3125 212 3131 ν
287 3062 505 3116 οἰκέται
539 3064 819 3130 συγγενεῖς
856 3062 1243 3133 ἐχρημάτιζον,
1274 3066 1375 3119 οὐκ
1403 3064 1469 3119 ἂν
1498 3069 1527 3120 6
1556 3068 1728 3138 πηλὸς
1759 3086 1866 3121 πα-

1979 3068 2120 3139 gnati
2162 3068 2492 3134 dicerentur,
2529 3068 2833 3121 nonlutum
2884 3077 3041 3137 pater
3068 3056 3219 3135 liguﬁ
3248 3065 3548 3119 diceretur.

288 3152 398 3223 τὴρ
424 3152 521 3207 τοῦ
552 3155 839 3224 κεραμέως
860 3155 1097 3224 ἐλέγετο.
1127 3156 1216 3210 Ἐν
1239 3160 1306 3228 τῇ
1329 3158 1468 3211 Σιὼν
1494 3159 1593 3229 τὴν
1621 3160 1870 3230 Βηθλεέμ

287 3246 368 3308 ὡς
398 3246 683 3315 παροῦσαν
712 3247 1049 3318 ἀσπάζομαι,
1082 3250 1140 3304 ἐν
1165 3252 1231 3320 τῇ
1262 3250 1494 3323 θυγατρὶ
1524 3251 1625 3323 τὴν
1659 3254 1872 3323 μητέρα

291 3340 501 3410 βλέπω.
530 3340 622 3395 Ἐν
650 3340 733 3394 σοὶ
758 3340 1015 3412 δᾳδοῦχος
1038 3340 1213 3412 ἀστὴρ
1239 3336 1319 3406 εἷς
1348 3343 1587 3414 ἀνήφθη,
1614 3345 1673 3397 ἐν
1702 3344 1871 3417 ταύτῃ

288 3434 351 3487 δὲ
407 3432 614 3487 πολλοί.
647 3432 883 3498 Ἐκεῖνος
930 3433 1058 3497 τοὺς
1110 3434 1319 3504 μάγους
1375 3432 1678 3506 ὡδήγησεν,
1729 3435 1871 3509 αὕτη

292 3526 549 3597 Πάρθους
607 3527 705 3581 καὶ
741 3527 959 3598 Μήδους
1008 3526 1103 3579 καὶ
1161 3526 1455 3596 Ἐλαμίτας
1504 3529 1599 3581 καὶ
1644 3529 1773 3592 τοὺς
1815 3531 1875 3595 ἐξ

291 3618 467 3672 ὲθνῶν
499 3619 722 3673 πάντων
755 3618 834 3689 τῷ
875 3620 1016 3689 φωτὶ
1058 3619 1155 3690 τῆς
1187 3619 1479 3689 ἀστραπῆς
1523 3621 1871 3693 ἐδᾳδούχησε.

290 3711 368 3764 Σὺ
394 3711 538 3779 γάλα
554 3710 734 3775 ἐλκεις
756 3711 821 3764 ἐκ
847 3708 1078 3781 μασθῶν
1102 3711 1466 3783 παρθενικιῖη,
1488 3713 1627 3784 αὕτη
1656 3715 1874 3785 πνεῦμα

293 3804 360 3855 ἐκ
389 3801 607 3857 κόλπων
634 3804 861 3871 κατάγει
886 3802 1193 3874 πατρικῶν.
1233 3804 1305 3858 Σὺ
1345 3805 1437 3857 τὸν
1465 3806 1627 3877 ἄρτον
1656 3806 1874 3876 ἐςύμω-

290 3910 417 3957 σας,
449 3893 565 3947 ἀλλ’
596 3896 629 3963 ἡ
659 3893 798 3947 Σιὼν
843 3894 1054 3947 δεῖπνον
1106 3892 1344 3957 ἀνέδειξε
1369 3910 1383 3925 ο
1430 3895 1494 3947 σὺ
1544 3895 1639 3948 τὸν
1674 3897 1877 3967 μόσχον

292 3984 387 4037 ἐπὶ
414 3984 517 4054 τῆς
549 3986 755 4054 φάτνης
782 3985 1036 4055 ἔθρεψας,
1069 3984 1184 4038 ἀλλ’
1208 3986 1242 4056 ή
1277 3983 1415 4039 Σιὼν
1457 3987 1538 4049 εἰς
1571 3986 1661 4040 τὸν
1693 3986 1877 4058 βωμὸν

290 4076 542 4146 ἀνήγαγε
563 4093 579 4108 θ
607 4078 672 4130 σὺ
696 4078 788 4130 τὸν
807 4076 1013 4145 Ἰησοῦν
1037 4078 1094 4130 ὲν
1118 4079 1231 4139 τοῖς
1254 4077 1588 4145 σπαργάνοις
1609 4076 1873 4148 ἔκρυψας,

290 4166 435 4236 αὕτη
460 4166 518 4219 δὲ
545 4167 623 4237 τῷ
646 4168 817 4239 Θωμᾷ
837 4168 938 4237 τὴν
958 4168 1198 4239 πλευράν
1219 4167 1265 4199 ⁸⁸
1289 4167 1603 4239 βουληθέντι
1630 4169 1878 4241 ψηλαφῆ-

290 4274 385 4310 σαι
418 4257 706 4328 ἐγύμνωσε
730 4276 744 4289 ·
781 4260 845 4314 σὺ
868 4259 1138 4329 παρθένον
1173 4259 1319 4330 ἔχεις
1343 4260 1635 4315 τίκτουσαν
1668 4262 1877 4317 κεκλει-

285 4350 509 4417 σμένων
538 4350 647 4403 τῶν
672 4351 917 4421 ὀργάνων
946 4353 1043 4422 τῆς
1070 4352 1304 4421 φύσεως,
1330 4352 1472 4423 αὔτη
1501 4356 1749 4409 παστάδα
1776 4373 1871 4408 κε-

1975 3158 2033 3215 In
2072 3158 2200 3213 Sion
2226 3159 2501 3214 Bethleem
2533 3167 2592 3213 ut
2625 3173 2864 3228 praesens
2896 3166 2949 3212 te
2986 3159 3187 3223 saluto,
3214 3156 3267 3210 in
3296 3156 3403 3209 lilia
3444 3168 3554 3207 ma-

1976 3264 2113 3308 trem
2141 3253 2318 3308 video.
2361 3251 2416 3305 ln
2452 3260 2504 3307 te
2542 3250 2786 3307 taedifera
2816 3251 2972 3305 stella
2995 3265 3104 3304 una
3132 3248 3329 3312 eluxit,
3365 3246 3419 3300 in
3450 3247 3552 3301 hac

1974 3346 2180 3400 multae.
2228 3344 2319 3399 Illa
2365 3359 2556 3416 magos
2581 3342 2777 3409 duxit;
2829 3344 2947 3398 haec
2974 3341 3230 3406 Parthos,
3261 3350 3314 3394 et
3344 3338 3551 3403 Medos,

1975 3448 2030 3493 et
2054 3436 2336 3499 Elamitas,
2367 3444 2422 3490 et
2447 3450 2640 3490 omnes
2671 3443 2861 3505 gentes
2894 3433 3118 3489 luminis
3159 3431 3376 3503 fulgore
3420 3430 3554 3486 illu-

1976 3531 2187 3588 Stravit.
2220 3528 2303 3583 Tu
2320 3530 2402 3583 lac
2435 3528 2605 3582 trahis
2626 3542 2693 3582 ex
2711 3527 2973 3582 uberibus
2990 3526 3273 3596 virgineis,
3298 3525 3412 3580 lucc
3433 3522 3556 3593 Spi-

1975 3624 2141 3679 ritum
2168 3638 2234 3677 ex
2256 3624 2379 3678 sinu
2403 3621 2573 3677 trahit
2592 3629 2842 3691 paterno.
2862 3619 2942 3675 Tu
2964 3635 3161 3690 panem
3184 3616 3556 3681 fermentasti,

1977 3714 2073 3771 sed
2110 3713 2241 3768 Sion
2271 3728 2486 3769 cumam
2515 3713 2787 3769 ostendit.
2812 3711 2896 3766 Tu
2917 3712 3156 3766 vitulum
3180 3711 3235 3765 in
3255 3709 3533 3780 praesepio

1977 3804 2389 3868 nutrivisti,sed
2416 3802 2546 3859 Sion
2574 3803 2642 3859 ad
2668 3818 2820 3858 aram
2847 3803 3025 3857 duxit.
3050 3801 3132 3856 Tu
3156 3799 3344 3855 Jesum
3366 3798 3557 3854 fasciis

1978 3895 2276 3961 involvisti,
2324 3895 2442 3950 hac
2482 3896 2626 3951 latus
2656 3893 2884 3950 Thomae
2915 3893 3110 3964 5116
3145 3902 3437 3949 attrectare
3464 3908 3556 3945 vo-

1980 3988 2108 4042 lenti
2130 3988 2373 4043 nudavit.
2406 3986 2489 4042 Tu
2513 3988 2781 4058 virginem
2806 3987 2975 4041 babes
2998 3986 3325 4056 parientem,
3350 3984 3557 4040 clausis

1979 4091 2190 4134 natura:
2221 4080 2444 4150 organis
2474 4098 2489 4135 :
2517 4079 2635 4135 haec
2651 4079 2956 4133 thalamum
2993 4078 3195 4134 clausis
3224 4077 3383 4133 ostiis
3410 4077 3557 4131 intus

1981 4187 2243 4242 sponsum
2282 4180 2336 4227 et
2377 4171 2734 4242 accipientem
2788 4178 2844 4225 et
2898 4169 3215 4224 habentem.
3266 4168 3557 4234 Quomodo

1980 4263 2289 4335 praedicabo
2321 4280 2543 4320 servum
2575 4262 2800 4328 Christi,
2828 4270 2885 4316 et
2918 4261 3168 4326 fratrem,
3201 4276 3355 4315 nova:
3397 4256 3559 4315 Jeru-

1982 4357 2150 4413 salem
2180 4370 2460 4410 summum
2475 4355 2689 4418 ducem,
2705 4353 3053 4409 sacerdotum
3071 4352 3399 4423 principem,
3416 4367 3554 4421 apo-

283 4441 631 4511 κλεισμένων
660 4442 767 4495 τῶν
792 4444 971 4515 θυρῶν
1007 4444 1152 4499 ἔνδον
1181 4445 1273 4499 τὸν
1310 4446 1544 4516 νυμφίον
1571 4447 1871 4519 δεχομένην

1980 4449 2247 4506 stolorum
2268 4456 2451 4517 caput,
2469 4446 2525 4499 in
2540 4445 2812 4515 capitibus
2828 4445 3107 4509 verticem,
3126 4444 3183 4498 in
3212 4443 3558 4513 lampadibus

281 4534 385 4585 καὶ
437 4531 689 4603 ἔχουσαν.
737 4534 861 4599 Πῶς
910 4536 1243 4606 ἐγκωμιάσω
1293 4538 1384 4591 τὸν
1423 4538 1517 4590 τοῦ
1543 4539 1590 4571 ⁸³
1632 4539 1871 4610 Χριστοῦ

277 4623 475 4677 δοῦλον
501 4626 595 4678 καὶ
631 4625 879 4695 ἀδελφὸν,
906 4627 997 4680 τὸν
1025 4628 1127 4697 τῆς
1158 4630 1285 4693 νέας
1324 4630 1680 4702 Ἰερουσαλὴμ
1714 4635 1873 4703 ἀρχι-

282 4717 619 4786 στράτηγον,
639 4717 731 4771 τὸν
759 4718 868 4771 τῶν
905 4719 1097 4790 ἱερέων
1126 4721 1393 4791 ἡγεμόνα,
1426 4721 1534 4774 τῶν
1556 4723 1872 4779 ἀποστόλων

276 4811 379 4863 τὸν
408 4809 659 4881 ἔξαρχον,
686 4812 775 4865 τὸν
809 4814 867 4866 ἐν
890 4814 1155 4883 κεφαλαῖς
1185 4814 1450 4884 κορυφὴν,
1469 4813 1558 4866 τὸν
1580 4816 1638 4869 ἐν
1657 4814 1873 4885 λύχνοις

279 4902 743 4973 ύπερλάμποντα,
788 4904 882 4957 τὸν
927 4905 986 4958 ἐν
1022 4904 1244 4974 ἄστροις
1285 4904 1720 4975 ύπερφαίνοντα;
1765 4906 1867 4959 Πέ-

277 5006 414 5058 τρος
444 4991 769 5061 δημηγορεῖ,
794 4992 911 5046 ἀλλ’
939 4992 1193 5057 Ἰάκωϐος
1230 4994 1529 5064 νομοθετεῖ,
1564 4996 1655 5049 καὶ
1686 4996 1866 5064 ὀλίγαι

280 5079 460 5146 λέξεις
488 5081 551 5133 τὸ
577 5081 674 5134 τοῦ
701 5081 1014 5154 ζητήματος
1038 5084 1383 5139 συνέστειλαν
1412 5086 1664 5156 μέγεθος.
1718 5088 1868 5157 Ἐγὼ

282 5176 471 5240 κρίνω
513 5174 602 5244 μὴ
640 5174 1042 5245 παρενοχλεῖν
1082 5175 1207 5242 τοῖς
1240 5176 1359 5230 ἀπὸ
1383 5176 1503 5230 τῶν
1528 5177 1737 5245 ἐθνῶν,
1774 5180 1871 5233 καὶ

283 5265 440 5334 ἑξῆς.
494 5266 639 5335 Ἐγὼ
684 5267 875 5335 κρίνω,
906 5261 968 5322 οὗ
1012 5268 1113 5338 τὴν
1149 5266 1329 5338 κρίσιν
1372 5267 1583 5323 ἀθετεῖν
1621 5271 1683 5323 οὐ
1712 5270 1871 5342 θέμις

282 5356 409 5409 οὐδὲ
426 5355 473 5390 ⁸⁸
498 5358 782 5426 φαυλίζειν
806 5358 868 5412 τὸ
888 5358 1151 5429 ψήφισμα
1174 5374 1187 5387 ·
1223 5360 1282 5413 ἐν
1310 5359 1436 5430 ἐμοὶ
1458 5360 1568 5431 γὰρ
1596 5362 1625 5415 6
1649 5362 1869 5418 πάντων

1971 4539 2535 4611 supersplendentem,
2561 4546 2616 4592 et
2647 4538 2789 4591 inter
2814 4545 2964 4591 astra
2987 4536 3225 4589 maxime
3256 4535 3551 4591 illustrem.

1968 4630 2163 4687 Petrus
2205 4628 2483 4699 praadicat,
2538 4624 2778 4681 Jacobus
2812 4623 3071 4687 decernit,
3111 4633 3165 4677 et
3186 4638 3373 4693 paucae
3395 4636 3558 4678 voces

1969 4719 2403 4793 magnitudinem
2421 4716 2743 4790 quaestionis
2757 4713 3308 4786 comprehenderunt.
3330 4712 3445 4784 Ego
3456 4713 3553 4782 ju-

1969 4815 2086 4869 dico
2112 4829 2214 4868 non
2247 4811 2536 4883 inquietari
2577 4826 2665 4864 eos
2694 4809 2784 4879 qui
2811 4824 2875 4863 ex
2907 4804 3147 4877 gentibus
3177 4814 3556 4859 convertuntur

1974 4907 2043 4959 ad
2062 4906 2226 4960 Deum
2239 4915 2288 4971 ει,
2302 4914 2411 4959 etc.
2434 4904 2546 4974 Ego
2565 4902 2752 4972 judico
2768 4915 2915 4966 eum,
2932 4897 3373 4969 cujusjudicium
3390 4897 3557 4951 abro-

1977 5014 2104 5069 gare
2134 5014 2241 5052 non
2268 4997 2412 5059 licet,
2432 5010 2606 5066 neque
2627 4993 2926 5061 depravare
2943 4992 3181 5047 decreta.
3208 4990 3266 5042 ln
3291 5003 3379 5042 me
3402 4986 3551 5042 enim

1975 5091 2220 5145 omnium
2242 5089 2406 5160 iudex
2423 5088 2672 5143 vivorum
2702 5094 2757 5141 et
2777 5096 3118 5141 mortuorum
3149 5082 3391 5152 loquitur
3418 5092 3549 5132 meo

1975 5194 2204 5251 organo,
2239 5180 2331 5234 sed
2363 5176 2561 5232 artifex
2586 5192 2751 5246 supra
2767 5183 2872 5231 est.
2898 5174 3008 5245 Ego
3038 5175 3277 5243 linguam
3307 5169 3548 5239 praebeo,

1983 5275 2080 5328 sed
2128 5271 2280 5327 vocis
2329 5269 2512 5341 Opifex
2546 5284 2736 5324 vocem
2803 5267 3131 5337 suppeditat.
3171 5261 3406 5318 Attende
3438 5276 3550 5315 non

1977 5364 2211 5430 calamo,
2240 5366 2337 5420 sed
2367 5362 2665 5419 scribenti:
2692 5361 2905 5417 auditui
2928 5356 3239 5414 obedientia
3266 5353 3552 5419 succedat,

338 5481 383 5510 In
412 5468 605 5525 Matth.
638 5488 722 5538 Ill,
751 5472 841 5527 17.
917 5481 946 5510 η
973 5472 1133 5528 Joan.
1176 5491 1215 5538 ι,
1249 5474 1340 5529 ‘29.
1392 5482 1416 5510 ο
1456 5474 1591 5532 Luc.
1637 5491 1676 5542 ι,
1709 5477 1802 5532 9.0.

1979 5478 2169 5562 hilipp.
2197 5496 2258 5544 ll,
2302 5480 2433 5545 7,8.
2490 5490 2519 5530 (ι
2567 5480 2688 5534 Act.
2740 5492 2831 5538 xv,
2859 5476 2911 5529 4.

1609 5571 1848 5628 VARUS
1885 5574 2293 5632 LECTIONES.

357 5659 647 5730 “suvéxe'.
674 5661 739 5718 Α.

405 5664 647 5745 μσυνὲχει
674 5664 739 5718 Α.
844 5664 889 5697 ⁸⁸
924 5664 1221 5738 ἐμαρτύρει
1272 5666 1475 5723 ἀνωθεν
1512 5684 1573 5733 ς.

286 5730 335 5765 ’θ
370 5730 495 5783 οὗτε
514 5746 577 5795 ς.

1675 5666 1722 5700 ⁸⁷
1774 5669 1971 5728 ἀενάου
2003 5689 2064 5736 ς’.

2163 5672 2211 5706 ⁸⁸
2247 5671 2346 5744 τὴν
2375 5670 2614 5740 πλευρὰν
2646 5667 2725 5739 τῷ
2779 5666 2949 5736 Θωμᾷ
2977 5682 3035 5727 ς.
3143 5663 3187 5695 ⁸9
3217 5661 3310 5715 τοῦ
3333 5674 3443 5717 om.
3481 5656 3550 5713 Α.
