3922 6242
454 267 559 331 343

457 375 649 445 κριτὴς
685 378 779 431 καὶ
815 380 1024 452 νεκρῶν
1048 384 1141 463 καὶ
1166 384 1383 449 ζώντων
1450 392 1767 464 φθέγγεται.

455 460 585 542 [854
608 468 701 542 Η.]
726 473 968 544 παρέχω,
1004 460 1120 530 ἀλλθ
1150 482 1177 533 ὁ
1207 480 1534 555 δημιουργὸς
1554 460 1728 558 Λόγος

458 554 570 628 Τὴν
590 560 761 632 ἀκοὴν
787 564 999 639 ὑπακοὴ
1030 569 1075 600 ⁹¹
1110 554 1457 643 διαδεχέσθω.

1602 284 1867 349 ΡΗΟΤΙΙ
1905 290 2018 349 PA?

2122 292 2404 353 [ARCHIE
2432 297 2539 357 ΟΡ.
3582 319 3671 382 244

1831 396 1995 470 Ἐμὸν
2027 402 2089 455 τὸ
2125 402 2374 474 ὄργανον,
2396 408 2511 462 ἀλλ’
2538 412 2565 463 ὁ
2587 414 2832 484 τεχνίτης
2853 416 2989 486 ὑπὲρ
3016 418 3137 489 ἐμέ.
3159 422 3301 492 Ἐγὼ
3323 426 3423 497 τὴν
3444 429 3672 496 γλῶσσαν

1788 494 1879 547 τον
1936 496 2092 563 λόγον
2131 505 2373 569 χορηγεῖ.
2410 503 2499 574 Μὴ
2534 505 2610 576 τῷ
2648 507 2898 580 καλάμῳ,
2926 511 3004 582 τῷ
3032 512 3089 566 δὲ
3129 494 3393 586 γράφοντι
3433 494 3671 596 πρόσεχε.

492 676 720 734 Modesti
749 685 1128 794 archiepiscopi
1158 692 1650 794 Hierosolylmitani.
1684 737 1751 747 —
1792 704 1859 759 In
1890 725 1989 761 un.

875 768 1063 794 noronln
1120 776 1314 794 ρι-ιιιιιη.
1339 785 1422 794 η...
1451 773 1579 794 :-..--

2124 709 2434 765 Μοδέστου
2454 712 2499 742 θ’
2518 712 2995 794 ἀρχιεπισκόπρυ
3028 718 3465 791 Ἰεροσολύμων
3485 728 3567 792 είς
3584 729 3673 794 τὰς

872 768 1063 825 guenta
1094 762 1314 830 ferentes
1338 762 1603 827 mulieres.

526 840 830 912 Septimum
863 864 1178 918 numerum,
1214 865 1268 910 et
1296 858 1363 913 de
1390 860 1586 918 virtute
1614 874 1669 920 et
1707 868 1776 922 de
1801 880 2023 937 peccato

455 930 509 987 in
551 931 838 1004 Scriptura
888 952 1174 1011 acceptum
1210 946 1525 1008 invenimus
1561 965 1606 1010 ι’.
1638 930 1830 1014 Merito
1860 959 2024 1030 igitur

454 1022 614 1094 elegit
642 1024 866 1083 Mariam
915 1030 1285 1104 Magdalenam
1320 1039 1591 1110 Salvator,
1613 1063 1644 1102 e
1686 1065 1795 1118 qua
1817 1022 2023 1121 septem

454 1113 724 1172 daemonia
755 1120 940 1191 ejecit,
978 1134 1038 1182 ut
1072 1128 1373 1200 principem
1413 1138 1622 1204 peccati
1650 1113 1747 1211 per
1780 1113 1927 1197 illam
1955 1144 2024 1199 ab

454 1200 774 1263 hominibus
802 1213 1115 1281 expelleret.
1142 1216 1398 1277 Historia:
1414 1200 1636 1280 tradunt
1652 1200 2021 1299 hlagdalenam

456 1291 599 1353 hanc
629 1296 897 1367 virginem
930 1303 1123 1373 fuisse,
1156 1318 1213 1364 et
1254 1315 1580 1383 martyrium
1618 1318 1781 1389 hujus
1811 1337 2024 1378 memo-

454 1390 608 1436 ratur
637 1402 652 1439 :
692 1388 781 1442 ubi
809 1390 1033 1462 dicitur,
1074 1410 1297 1469 propter
1334 1420 1602 1461 summam
1631 1388 1777 1468 illius
1807 1414 2026 1485 virgini-

455 1478 645 1537 tatem,
678 1483 733 1530 et
762 1479 1076 1552 puritatem,
1110 1487 1259 1543 illam
1304 1500 1563 1563 tanquam
1598 1498 1796 1554 vitrum
1826 1478 2021 1572 purum

456 1564 753 1625 tortoribus
778 1568 949 1635 visam
990 1588 1132 1630 esse.
1162 1575 1293 1635 Post
1308 1582 1763 1644 obdormitionem
1791 1594 2023 1649 sanctis-

452 1652 607 1710 simae
629 1657 864 1715 dominae
893 1674 1098 1723 nostra:
1113 1668 1356 1740 Deiparae
1382 1676 1627 1745 profecta
1644 1691 1726 1735 est
1746 1680 2021 1752 Ephesum

452 1744 520 1799 ad
549 1746 806 1805 dilectum
857 1753 1188 1827 discipulum
1221 1779 1235 1815 :
1274 1765 1367 1819 ubi
1390 1744 1627 1823 cursum
1664 1774 2021 1841 apostolicum

450 1849 550 1915 per
583 1842 909 1913 martyrium
941 1852 1328 1919 unguentifera
1355 1856 1525 1913 Maria
1550 1861 1799 1928 perfecit,
1834 1866 2022 1923 nolens

450 1928 518 1982 ad
543 1940 846 1989 extremum
879 1953 1055 2007 usque
1077 1943 1332 2012 spiritum
1366 1960 1396 1999 a
1426 1947 1585 2005 beato
1610 1949 1821 2009 Joanne
1853 1970 2018 2010 evan-

2698 786 3099 854 μυροφόρους.

2194 870 2299 923 Τδν
2345 870 2572 942 ἕϐδομον
2597 873 2647 905 ’⁸
2695 873 2927 943 ἀριθμὸν
2966 878 3063 930 καὶ
3104 880 3197 933 ἐπὶ
3230 884 3333 951 τῆς
3373 883 3570 955 ἀρετῆς
3595 891 3674 942 καὶ
3734 916 3735 921 η

2123 963 2217 1014 ἐπὶ
2247 963 2347 1034 τῆς
2374 964 2573 1028 κακίας
2603 965 2930 1037 εὑρίσκομεν
2958 970 3058 1041 τὴν
3080 971 3304 1045 Γραφὴν
3336 978 3675 1050 παραλαμϐά-
3734 968 3739 977 λ

2124 1071 2339 1108 νουσαν.
2372 1056 2610 1119 Εἰκότως
2647 1056 2738 1111 οὖν
2767 1057 2865 1128 τὴν
2888 1060 3107 1131 Μαρίαν
3138 1064 3427 1133 ἐκλέγεται
3455 1070 3551 1138 τὴν
3572 1072 3676 1125 Μα-

2123 1146 2391 1217 γδαληνὴν
2420 1149 2449 1201 ό
2470 1146 2680 1220 Σωτὴρ,
2710 1148 2803 1219 ἀφ’
2822 1144 2891 1220 ἦς
2917 1151 3234 1225 ἐκϐεϐλήκει
3256 1155 3512 1226 δαιμόνια
3531 1162 3672 1227 ἑπτὰ,

2127 1237 2214 1291 ἵνα
2258 1239 2348 1291 τὸν
2386 1238 2622 1310 ἄρχοντα
2658 1241 2759 1311 τῆς
2792 1242 2989 1308 κακίας
3019 1245 3085 1299 δι’
3113 1247 3282 1318 αὐτῆς
3323 1249 3567 1323 ἀπελάσῃ
3591 1256 3677 1324 τῆς

2125 1329 2469 1402 ἀνθρωπίνης
2496 1332 2730 1401 φύσεως.
2775 1334 2920 1402 ”Οτι,
2971 1337 3159 1408 φησὶν,
3213 1342 3269 1393 αἱ
3316 1341 3547 1412 ἱστορίαι
3592 1347 3675 1416 τὴν

2124 1420 2488 1493 Μαγδαληνὴν
2524 1424 2726 1495 ταύτην
2765 1425 2853 1479 διὰ
2885 1426 3001 1496 βίου
3049 1429 3321 1499 παρθένον
3364 1431 3673 1488 διδάσκουσι.

2124 1513 2233 1566 Καὶ
2267 1514 2567 1584 μαρτύριον
2598 1516 2654 1569 δὲ
2687 1518 2855 1589 αὐτῆς
2879 1519 3119 1590 φέρεται,
3162 1524 3220 1576 ἐν
3262 1516 3309 1591 ᾧ
3352 1523 3566 1594 λέγεται
3602 1526 3675 1581 διὰ

2123 1604 2223 1674 τὴν
2258 1606 2432 1677 ἄκραν
2458 1608 2631 1679 αὐτῆς
2655 1610 2949 1679 παρθενίαν
2979 1613 3075 1666 καὶ
3112 1614 3465 1687 καθαρότητα
3494 1618 3564 1681 ὡς
3590 1618 3673 1672 ὖα-

2124 1696 2214 1749 λον
2244 1697 2293 1729 ⁹¹⁵
2338 1698 2510 1769 αὐτὴν
2550 1699 2788 1771 καθαρὸν
2823 1705 2945 1766 ταῖς
2984 1701 3338 1773 βασανισταῖς
3387 1708 3670 1778 φαίνεσθαι.

2129 1788 2271 1854 Ὅτι,
2302 1790 2456 1856 φησὶ,
2494 1790 2631 1859 μετά
2667 1791 2764 1862 τὴν
2801 1793 3056 1864 κοίμησιν
3085 1797 3185 1867 τῆς
3220 1798 3518 1870 Δεσποίνης
3541 1801 3674 1870 ἡμῶν

2123 1879 2384 1934 Θεοτόκου
2414 1883 2739 1950 πορευθεῖσα
2780 1887 2860 1949 είς
2893 1889 3125 1956 Ἔφεσον
3162 1890 3303 1961 πρὸς
3344 1892 3439 1944 τὸν
3474 1894 3672 1963 ἠγαπη-

2126 1970 2286 2039 μένον
2316 1971 2584 2044 μαθητὴν,
2631 1975 2807 2027 ἐκεῖσε
2846 1976 2939 2029 τὸν
2971 1978 3169 2048 δρόμον
3210 1980 3303 2033 τὸν
3344 1982 3673 2036 ἀποστολικὸν

450 2022 664 2091 gelista,
687 2035 741 2081 et
759 2028 972 2099 virgine
1011 2036 1275 2103 separari.
1308 2036 1798 2111 Quemadmodum,
1824 2046 2018 2116 inquit,

2122 2022 2211 2114 διὰ
2237 2022 2331 2115 τού
2686 2068 2719 2134 ἡ
2748 2022 3053 2137 μυροφόρός
3070 2022 3265 2139 ⁶ἸίῙαρία
3289 2071 3583 2137 ἐτελείωσε,
3612 2070 3672 2141 μὴ

447 2115 703 2186 princeps
744 2123 1121 2189 apostolorum
1165 2128 1234 2182 ab
1269 2130 1535 2187 immobili
1567 2136 1671 2190 fide
1719 2115 2021 2208 quamha-

446 2205 569 2262 buit
598 2207 655 2264 in
687 2221 899 2281 petram
917 2214 1219 2287 Christum,
1248 2222 1442 2280 Petrus
1470 2205 1771 2297 appellatus
1792 2240 1878 2286 est
1898 2271 1913 2298 ,
1943 2232 2022 2288 sic

447 2311 503 2354 et
527 2300 620 2356 illa
654 2304 905 2377 princeps
935 2309 1334 2382 discipularum
1365 2318 1436 2373 ob
1462 2321 1754 2390 puritatem
1788 2333 1843 2380 et
1867 2339 2022 2380 amo-

446 2406 713 2465 rem,quo
729 2396 1011 2457 Christum
1039 2408 1326 2476 complexa
1355 2420 1459 2476 est,
1486 2412 1557 2467 ab
1580 2413 1701 2484 ipso
1741 2419 2019 2474 nominata

447 2495 552 2553 est,
589 2491 678 2545 cui
707 2491 851 2547 idem
871 2493 976 2550 fuit
997 2512 1219 2567 nomen,
1250 2504 1393 2571 quod
1418 2504 1509 2560 Dei
1533 2508 1719 2563 matri.
1751 2508 2021 2576 Quemad-

446 2577 675 2636 modum
696 2580 993 2642 Dominum
1023 2587 1421 2661 discipulorum
1440 2596 1645 2654 chorus
1666 2612 1889 2659 secutus
1914 2614 2015 2671 est,

446 2672 529 2727 sic
553 2672 753 2744 512a
777 2677 1059 2734 Dominam
1083 2691 1137 2736 et
1167 2683 1392 2740 Matrem
1413 2687 1631 2744 Domini
1666 2695 1871 2751 chorus
1929 2697 2019 2752 di-

445 2763 802 2833 Icipularum.
830 2767 1010 2825 Mirati
1054 2773 1202 2829 enim
1229 2777 1527 2847 aliquando
1558 2783 1808 2854 discipuli
1840 2800 2015 2855 erant,

445 2855 589 2923 quod
621 2871 745 2911 cum
789 2857 994 2916 femina
1028 2862 1347 2933 loqueretur
1379 2878 1401 2905 ³
1435 2888 1447 2923 :
1490 2871 1620 2927 hinc
1650 2884 1800 2944 patet
1829 2877 2016 2933 Domi-

446 2962 579 3006 num
602 2963 729 3014 cum
756 2952 1082 3010 mulieribus
1105 2962 1441 3016 consortium
1471 2979 1579 3018 non
1608 2966 1886 3025 habuisse.
1911 2969 2017 3026 Sed

422 3060 426 3068 -
446 3046 622 3094 matre
654 3039 868 3099 Domini
891 3049 1264 3117 evangelicum
1285 3068 1508 3111 cursum
1534 3073 1641 3113 una
1660 3075 1784 3115 cum
1801 3061 1941 3118 Filio
1964 3073 2020 3119 et

443 3126 701 3199 Creatore
718 3138 1047 3206 complente,
1072 3151 1125 3197 et
1152 3142 1284 3213 ipsae
1307 3146 1453 3203 illam
1479 3161 1702 3215 secutae,
1730 3161 2015 3214 communi

442 3216 678 3285 Domino
707 3234 762 3281 et
787 3225 1070 3300 discipulis
1095 3233 1163 3289 de
1186 3234 1546 3298 facultatibus
1582 3244 1697 3301 suis
1742 3248 1798 3302 in
1852 3252 2016 3309 rebus

441 3317 770 3381 necessariis
808 3322 1214 3383 ministrabant.

2126 2152 2400 2223 θελήσασα
2442 2155 2602 2227 μέχρι
2632 2158 2729 2227 τῆς
2757 2157 3012 2228 τελευτῆς
3050 2161 3387 2232 χωρισθῆναι
3428 2162 3519 2215 τοῦ
3552 2179 3671 2230 παρ·

2124 2243 2279 2297 θένου
2310 2245 2403 2298 καὶ
2438 2247 2837 2315 Εὐαγγελιστοῦ
2866 2251 3140 2306 Ἰωάννου.
3166 2253 3406 2325 Ὥσπερ,
3445 2254 3615 2324 φησὶν,
3642 2257 3667 2324 ἡ

2124 2336 2346 2407 ἀπαρχὴ
2388 2336 2495 2393 τῶν
2533 2340 2849 2395 ἀποστόλων
2890 2344 3097 2414 Πέτρος
3134 2345 3432 2418 ὠνομάσθη
3478 2347 3560 2401 διὰ
3588 2347 3671 2417 τὴν

2082 2452 2089 2463 ι
2122 2414 2416 2483 ἀσάλευτον
2446 2430 2649 2496 πίστιν,
2669 2434 2737 2504 ἢν
2763 2430 2911 2505 εἶχεν
2941 2437 3031 2489 ἐπὶ
3062 2414 3298 2507 Χριστόν
3336 2414 3435 2509 τὴν
3470 2414 3669 2508 πέτραν.

2121 2519 2263 2573 οὕτω
2288 2522 2382 2575 καὶ
2411 2522 2547 2595 αὕτη
2572 2525 2618 2557 9"
2644 2526 2885 2597 ἀρχηγὸς
2927 2529 3036 2583 τῶν
3066 2530 3389 2601 μαθητριῶν
3428 2531 3669 2600 γενομένη

2120 2611 2207 2665 διὰ
2236 2614 2337 2685 τὴν
2366 2615 2710 2689 καθαρότητα
2742 2620 2788 2653 ⁹⁶
2819 2622 2988 2691 αὐτῆς
3018 2624 3112 2675 καὶ
3138 2623 3230 2677 τὸν
3261 2624 3428 2678 πόθον
3462 2623 3517 2676 ὃν
3548 2618 3670 2692 εἶχεν

2121 2705 2202 2768 εἰς
2227 2706 2390 2760 αὑτὸν
2419 2709 2608 2779 Μαρία
2639 2711 2946 2783 ὁμωνύμως
2970 2715 3034 2783 τῇ
3066 2714 3237 2785 μητρὶ
3271 2716 3425 2783 παρά
3456 2712 3541 2767 τοῦ
3574 2713 3667 2764 Σω-

2119 2800 2283 2872 τῆρος
2308 2804 2758 2875 προσηγόρευται.
2794 2806 3001 2878 Ὠσπερ
3021 2808 3098 2879 τῷ
3120 2809 3369 2880 Δεσπότῃ
3388 2808 3492 2861 τῶν
3523 2806 3670 2877 μαθη-

2117 2894 2227 2948 τῶν
2256 2897 2539 2965 ἠκολούθει
2563 2901 2592 2951 ό
2619 2901 2797 2972 χορὸς,
2831 2902 2973 2956 οὕτω
3004 2907 3068 2975 τῇ
3098 2906 3367 2978 Δεσποίνῃ
3401 2905 3490 2959 καὶ
3511 2904 3669 2975 Μητρὶ

2118 2985 2211 3039 τοῦ
2246 2990 2453 3059 Κυρίου
2497 2990 2609 3044 τῶν
2641 2993 3100 3065 μαθητευομένων
3138 2998 3415 3065 γυναικῶν
3452 2999 3479 3049 ὁ
3511 2996 3666 3067 χορός·

2118 3078 2461 3150 Ἐθαύμαςον
2514 3084 2642 3155 γὰρ,
2691 3086 2845 3156 φησὶ,
2886 3087 3017 3140 ποτὲ
3065 3089 3115 3140 οἱ
3164 3089 3407 3161 μαθηταὶ
3442 3090 3521 3143 ὅτι
3554 3086 3668 3159 μετά

2116 3171 2376 3236 γυναικὸς
2414 3173 2614 3241 ἐλάλει,
2655 3175 2814 3246 δῆλον
2841 3177 2916 3241 ὡς
2942 3178 3041 3231 οὐκ
3069 3178 3237 3250 οὔσης
3270 3181 3526 3249 τοιαύτης
3561 3195 3667 3230 συν-

2117 3259 2309 3331 ηθείας
2338 3263 2415 3335 τῷ
2444 3265 2661 3337 Κυρίῳ,
2693 3267 2828 3323 ἀλλὰ
2856 3269 2948 3324 τὸν
2978 3270 3336 3340 εὐαγγελικὸν
3364 3272 3555 3343 δρόμον
3583 3269 3664 3338 τῆς

2116 3352 2344 3424 Μητρὸς
2396 3355 2488 3409 τοῦ
2542 3358 2813 3412 Δεσπότου
2870 3362 3304 3433 συνεξανυούσης
3342 3363 3422 3435 τῷ
3450 3364 3558 3433 Υίῷ
3590 3363 3667 3415 καὶ

438 3412 788 3485 Δημιουργῷ.
843 3417 1007 3489 [1528
1036 3418 1131 3493 IL]
1186 3425 1296 3478 Kal
1329 3422 1488 3483 αὗται
1532 3436 2018 3496 συνακολουθοῦσαι
2041 3412 2209 3518 αὐτῇ·
2242 3412 2338 3519 τῷ⁷
2385 3451 2549 3523 κοινῷ
2588 3454 2834 3526 ᾼεσπότη
2879 3456 2944 3510 ὲκ
2972 3412 3081 3512 rga“
3105 3412 3462 3530 gﬁap‘xéwly
3498 3412 3551 3511 ἐξ
3574 3456 3667 3515 τοῖς

440 3502 870 3530 annumin“--.
907 3513 1011 3530 __.,.,
1121 3514 1147 3530 η
1264 3518 1285 3530 ..
1341 3519 1365 3530 -
1479 3521 1491 3530 .

437 3502 758 3571 ἀναγκαίοις
780 3510 875 3562 καὶ
903 3513 1013 3574 τοῖς
1039 3514 1313 3586 μαθηταῖς
1335 3519 1637 3591 διηκόνουν.

509 3596 641 3667 Legi
671 3600 917 3669 ejusdem
947 3606 1253 3664 orationem
1282 3627 1404 3681 quae
1442 3614 1761 3674 inscribitur
1791 3642 1803 3672 :
1832 3621 2008 3678 Enco-
2038 3634 2082 3692 (ζ

439 3692 609 3748 mium
662 3692 722 3751 in
768 3694 1208 3762 obdormitioncm
1251 3702 1493 3773 Deiparw
1537 3706 1789 3780 Virginis.
1831 3712 2014 3786 LOnga

437 3779 659 3849 quidem
682 3794 766 3844 est
794 3788 991 3854 oratio,
1024 3790 1119 3847 sed
1158 3793 1292 3849 nihil
1318 3779 1718 3870 necessarium,
1743 3820 1845 3862 nec
1872 3779 2013 3877 prte-

437 3870 651 3933 cedenti
686 3875 817 3945 quid
849 3876 1121 3951 familiare
1150 3898 1554 3960 cognatumque
1582 3892 1833 3952 offerens.

434 4047 664 4108 Modesti
714 4055 1184 4130 Hierosolymitani
1216 4067 1687 4140 archiepiscopi.—
1718 4074 1785 4128 In
1811 4075 2012 4133 Occur-

1153 4152 1291 4190 sum.

502 4214 659 4272 Anna
688 4234 812 4291 cum
849 4223 969 4278 viro
1000 4235 1209 4296 septem
1244 4232 1764 4318 annos,Sabb.atum
1796 4240 2008 4305 colens,

430 4308 688 4385 precibus
750 4324 807 4367 et
849 4314 1079 4385 jejuniis
1110 4320 1417 4389 adhaerens,
1453 4308 1731 4401 octoginta
1774 4341 2012 4399 quatuor

431 4412 608 4468 annos
631 4416 757 4467 cum
783 4408 1139 4477 exegisset“,
1164 4428 1385 4469 carnem
1408 4432 1438 4472 e
1466 4427 1704 4489 quatuor
1721 4422 2008 4479 elementis

427 4493 795 4562 compositam
824 4498 1067 4570 vincens,
1104 4514 1159 4568 et
1194 4517 1430 4565 mentem
1464 4513 1744 4569 mundans
1778 4515 1847 4573 ad
1876 4530 2007 4571 san-

427 4585 502 4649 cti
538 4585 778 4655 Spiritus
805 4596 1197 4665 receptionem,
1229 4610 1284 4655 et
1310 4606 1658 4675 generalibus
1684 4606 1872 4681 [vulgo
1893 4624 2007 4665 car-

424 4677 703 4736 dinalibus
722 4682 909 4758 dictis]
926 4703 985 4743 se
1015 4690 1187 4759 ipsam
1214 4694 1509 4752 virtutibus
1527 4677 1827 4766 exornans,
1849 4709 2004 4756 octo-

426 4771 698 4842 gesimum
737 4792 943 4847 annum
969 4794 1259 4855 postquam
1292 4792 1554 4858 excessit,
1592 4791 1649 4846 in
1680 4794 1886 4864 templo
1921 4795 2005 4865 in-

424 4864 575 4918 venit
600 4864 771 4923 futuri
807 4876 1069 4944 temporis
1100 4876 1468 4951 Salvatorem,
1525 4887 1675 4943 ulnis
1707 4898 1999 4957 gestatum.

2202 3630 2540 3701 Ἀνεγνὼσθη
2591 3631 2686 3684 τοῦ
2741 3634 2907 3685 αὑτοῦ
2954 3633 3271 3706 ἐπιγραφὴν
3313 3633 3452 3705 ἔχων
3483 3629 3664 3701 Ἐγκώ-

2116 3736 2259 3789 mor
2300 3722 2388 3787 είς
2420 3721 2536 3789 τὴν
2579 3720 2866 3790 κοιμησιν
2907 3722 3016 3791 τῆς
3047 3724 3349 3794 παναγίας
3377 3723 3661 3819 Θεοτόκου;

2120 3811 2449 3882 Πολύστιχος
2479 3812 2576 3882 μέν
2609 3814 2640 3867 ὁ
2665 3813 2841 3881 λόγος,
2873 3812 3024 3866 οὐδὲν
3055 3813 3100 3866 δ’
3127 3813 3427 3882 ἀναγκαῖον
3448 3812 3562 3865 οὐδὲ
3584 3811 3662 3862 τοῦ

2118 3903 2612 3972 προγεγραμμένου
2648 3903 2807 3971 λόγου
2837 3905 3035 3958 οἰκεῖον
3059 3902 3107 3937 ’⁷
3146 3906 3241 3957 καὶ
3275 3904 3530 3975 συγγενὲς
3563 3903 3662 3955 ἑπι-

2117 3992 2292 4060 δεδειγ
2299 3992 2479 4062 μένος.

2116 4083 2427 4140 Μοδέστου
2453 4086 2931 4159 ἀρχιεπιστκόπου
2963 4090 3392 4159 Ἱεροσολύμων
3416 4089 3483 4143 ἐκ
3514 4083 3608 4139 τοῦ
3624 4081 3661 4113 ³⁸

2575 4160 2661 4223 εἰς
2675 4157 2789 4225 τὴν
2833 4157 3231 4227 Ὑπαπαντήν.

2184 4250 2293 4302 Καὶ
2324 4250 2357 4320 ὴ
2386 4249 2477 4302 τὸν
2512 4248 2882 4318 ἐϐδομήκοντα
2911 4251 3105 4319 χρόνον
3137 4249 3511 4305 σαϐϐατίσασα
3543 4241 3660 4315 μετᾶ

2112 4341 2304 4411 ἀνδρὸς
2337 4342 2864 4412 Ἀννα,προσευχαῖς
2900 4342 2997 4394 ml
3036 4342 3313 4411 νηστείαις
3348 4351 3658 4413 προσκαρτε-

2118 4434 2308 4503 ροῦσα,
2348 4433 2679 4504 ὀγδοήκοντα
2720 4434 2816 4488 καὶ
2845 4434 3126 4506 τεσσάρων
3164 4434 3302 4488 ἐτῶν
3344 4434 3655 4503 ὑπάρχουσα.

2110 4526 2210 4596 τὴν
2233 4527 2299 4580 ἐκ
2322 4525 2432 4579 τῶν
2459 4526 2741 4598 τεσσάρων
2766 4526 3045 4595 στοιχείων
3071 4526 3341 4597 νικήσασα
3372 4525 3559 4595 σάρκα,
3579 4516 3658 4577 καὶ

2110 4619 2201 4672 τὸν
2230 4618 2356 4672 νοῦν
2376 4618 2665 4689 καθάρασα
2689 4619 2825 4689 πρὸς
2855 4620 3125 4690 ὑποδοχὴν
3156 4619 3470 4690 Πνεύματος
3501 4613 3655 4682 ἁγίους

2110 4711 2206 4773 καὶ
2244 4715 2363 4779 ταῖς
2403 4714 2647 4781 γενικαῖς
2690 4711 2888 4780 ἑαυτὴν
2926 4713 3151 4783 ἀρεταῖς
3195 4710 3654 4812 κατακοσμήσασξιν

2106 4803 2199 4863 τὸν
2232 4803 2330 4873 τῆς
2354 4802 2769 4874 ὀγδοηκοντάδος
2801 4804 3117 4875 παρέδραμε
3150 4804 3194 4837 ⁸³
3224 4802 3432 4874 καιρὸν,
3466 4797 3553 4852 καὶ
3577 4797 3655 4845 εὓ-

2111 4913 2202 4966 ρεν
2241 4897 2299 4948 ἐν
2325 4895 2404 4966 τῷ
2424 4895 2538 4965 ναῷ
2577 4895 2667 4949 τὸν
2708 4896 2940 4967 Σωτῆρα
2971 4896 3066 4949 τοῦ
3093 4895 3378 4965 μέλλοντος
3409 4891 3587 4949 αἰῶνος
3605 4886 3655 4935 έν

422 4948 619 5021 Merito
638 4954 725 5021 lex
747 4968 804 5013 ut
826 4974 1048 5018 causam
1073 4970 1353 5035 peccantis
1371 4948 1689 5043 voluptatis,
1707 4948 1853 5043 lilias
1876 4978 1998 5040 Evm

2122 4948 2387 5055 ἰγκάλαιέ
2404 4948 2990 5060 βασταζόμενον.ϊ835
3018 4948 3109 5059 [Li
3127 4987 3363 5049 Εἰκότως
3400 4985 3472 5047 ὡς
3498 4976 3653 5034 αἰτίας

382 5037 391 5079 ῖ
418 5046 587 5120 jussit
623 5049 819 5108 aﬂerre
845 5070 944 5125 pro
981 5061 1363 5129 purificatione
1397 5081 1497 5136 par
1528 5077 1803 5123 turturum
1826 5113 1844 5145 ,
1911 5072 1995 5126 vel

2925 5037 3047 5139 ⁷τὰς
3076 5037 3380 5147 θυγατέρας
3407 5075 3499 5142 τῆς
3533 5064 3651 5125 Εὔας

494 5240 518 5269 τ
558 5231 690 5305 Luc.
727 5254 845 5309 vin,
869 5241 923 5313 2.
1015 5252 1038 5280 ι
1069 5241 1327 5317 Joan.1_v,
1364 5245 1456 5315 27.
1533 5250 1729 5305 S‘Luc.
1766 5268 1826 5315 ιι,
1860 5252 1946 5305 16.

1736 5429 1969 5487 mum;
2005 5431 2410 5501 LECTIQNES.

483 5598 529 5629 οι
567 5600 814 5674 ὑπακοήν
837 5608 902 5659 Α.
939 5608 983 5638 οι
1011 5609 1283 5663 Μοδέστου
1307 5641 1374 5652 -
1398 5614 1560 5682 σαρκί
1591 5632 1701 5672 om,
1741 5619 1793 5673 Β,
1867 5622 1912 5653 9³
1939 5622 2184 5693 ἓδδθμονς
2223 5625 2335 5678 imo
2356 5624 2517 5679 ἑπτά,
2593 5626 2637 5658 οι
2668 5624 2820 5709 ὒελῼν
2847 5623 2910 5679 ρ,
2944 5629 3034 5709 nos
3052 5626 3190 5699 αὐτή
3214 5646 3273 5695 ς..
3348 5625 3391 5658 οι
3412 5607 3636 5683 καθαριὸ.

488 5684 551 5709 τη
585 5672 616 5709 Δ
718 5676 763 5707 97
790 5677 989 5709 nim-7A..
1015 5696 1072 5709 ρ,-
1107 5680 1200 5709 υκε
1227 5699 1263 5709 ι.
1362 5685 1408 5709 nn
1444 5685 1504 5709 ι..
1535 5687 1621 5709 --τ
1661 5707 1678 5709 _
1792 5692 1829 5709 μ
1944 5692 1989 5709 Λα
2142 5694 2187 5709 η.
2341 5696 2353 5709 .
2431 5694 2445 5709 ι
2565 5697 2577 5709 .
2615 5698 2627 5709 .

417 5683 553 5750 mm
579 5672 642 5725 Α,
718 5672 989 5735 afﬁrm,
1015 5696 1074 5733 τε
1107 5680 1200 5733 καί
1226 5699 1286 5745 ς,
1362 5685 1408 5717 ³⁸
1443 5672 1507 5738 ἐκ
1534 5677 1625 5740 τοῦ
1654 5707 1761 5746 om.
1790 5692 1853 5747 (ὲ.
1944 5692 2018 5729 ⁹⁰λ

2122 5672 2517 5766 ῐέὲρᾶᾞέῖλῗ
2564 5697 2579 5728 ι
2612 5672 2915 5766 miliaxle
2940 5698 3001 5752 ρ.
