3922 6242
268 265 385 328 2ίὸ

1282 272 1818 337 εΒΙΒΙᾸΟΤΗΕΟΑ.
1841 296 1907 307 -
1939 272 2100 332 COD.
2157 273 2497 333 CCLXXVI.

3429 270 3533 333 246

270 371 613 443 προσφέρειν
673 374 702 425 ὁ
757 373 920 443 νόμος
982 377 1315 446 προσέταξεν
1371 379 1512 446 ὑπὲρ
1551 378 1645 432 τοῦ
1690 378 1859 433 καθα-

1968 378 2097 434 duos
2129 379 2312 448 pullos
2357 379 2734 434 columbarum
2776 378 2845 433 ad
2899 376 3339 433 sacrificandum.
3393 379 3535 449 Lege

270 465 478 535 ρισμοῦ
539 464 721 518 αὐτῶν
781 466 879 537 τὴν
965 466 1158 521 θυσίαν
1232 470 1341 523 τῶν
1411 470 1507 523 δύο
1580 470 1861 539 τρυγόνων

265 556 307 624 ἦ
337 557 361 587 ⁹
414 555 509 609 δύο
580 556 882 622 νεοσσοὺς³
950 560 1293 630 περιστερῶν
1322 601 1337 625 ,
1400 561 1689 632 δηλοῦντος
1763 559 1858 614 τοῦ

268 649 444 717 νόμου
528 648 613 701 ὅτι
669 649 751 701 δεῖ
808 650 900 703 τὸν
974 653 1413 723 προσερχόμενον
1461 653 1607 725 meo.
1686 654 1860 708 καθα-

271 738 464 808 ρεύειν
510 740 607 794 καὶ
646 741 793 813 ψυχῇ
816 744 909 796 καὶ
961 742 1172 813 σώματι
1217 746 1311 798 καὶ
1341 745 1580 810 ἀκακίας
1620 746 1860 817 ἔχεσθαι.

280 832 345 885 '0
368 834 611 902 Χριστὸς
644 835 943 906 πληρωτὴς
983 836 1149 901 ἐστιν,
1201 838 1301 891 οὐκ
1360 837 1644 907 ὀφειλέτης
1670 838 1860 908 νόμουο

268 925 367 989 εἰς
401 923 635 979 πτῶσιν
674 927 744 981 δὲ
772 927 869 981 καὶ
901 927 1248 984 ἀνάστασιν
1277 929 1486 995 κεῖται,
1518 930 1726 985 πτῶσιν
1762 931 1860 1001 μὲν

267 1018 379 1087 τῆς
395 1018 711 1088 ’ἁμαρτίας,
735 1018 1022 1092 ἀνέγερσιν
1060 1018 1117 1072 δὲ
1136 1018 1237 1088 τῆς
1259 1020 1628 1091 δικαιοσύνης,
1659 1019 1754 1074 καὶ
1781 1022 1862 1084 είς

278 1113 517 1181 σημεῖον
559 1112 974 1182 ἀντιλεγόμενον
1019 1114 1133 1173 τοῖς
1180 1112 1550 1183 κυριοκτόνοις
1588 1108 1897 1176 Ἰουδαίοις

270 1207 391 1264 τοῖς
420 1204 673 1272 λέγουσιν
697 1246 712 1271 ,
742 1208 813 1259 Ei
852 1206 982 1272 Υἱὸς
1015 1202 1194 1260 εἷτοῦ
1225 1206 1396 1271 Θεοῦ,
1428 1206 1711 1273 κατάϐηθι
1747 1206 1865 1261 ἀπὸ

267 1294 384 1348 τὀῦ
420 1296 713 1364 σταυροῦ,
754 1297 854 1350 καὶ
885 1297 1251 1367 πιστεύομέν
1274 1297 1296 1329 ⁸
1337 1314 1456 1353 σοι.
1488 1300 1619 1364 Καὶ,
1653 1298 1769 1353 Σοῦ
1800 1298 1867 1351 δὲ

266 1385 469 1455 αὐτῆς
516 1386 631 1456 τὴν
685 1388 903 1459 ψυχὴν
946 1389 1320 1465 διελεύσεται
1366 1391 1656 1459 ῥομφαία,
1701 1390 1865 1455 ὅπως

268 1478 353 1532 ἂν
370 1481 391 1511 ⁵
425 1480 946 1549 ἀποκαλυφθῶσιν
962 1482 1029 1555 ἐκ
1056 1482 1305 1537 πολλῶν
1330 1482 1588 1551 καρδιῶν
1608 1481 1865 1551 διαλογι-

1963 472 2174 527 scilicet
2207 471 2545 543 signiﬁcante
2570 472 2614 538 ί,
2660 487 2787 527 eum
2822 471 2918 543 qui
2973 472 3039 526 ad
3071 472 3240 526 Deum
3287 473 3532 536 accedat,

1964 565 2160 621 debere
2197 573 2249 619 et
2274 566 2520 619 animum
2552 574 2606 620 et
2640 580 2843 635 corpus
2870 565 2940 619 ab
2963 565 3113 620 omni
3142 572 3368 635 peccato
3398 566 3532 620 libe-

1963 671 2085 709 rum
2134 656 2354 711 habere.
2383 656 2634 712 Christus
2666 656 2840 727 legem
2882 658 3070 727 implet
3098 669 3148 724 υ,
3180 673 3292 713 non
3318 658 3534 713 debitor

1964 757 2048 804 est
2080 749 2237 820 legis,
2265 750 2323 803 in
2351 750 2563 803 ruinam
2592 760 2640 804 et
2675 751 3108 806 resurrectionem
3130 750 3417 804 multorum
3440 767 3534 819 po-

1965 844 2100 898 situs
2126 852 2275 898 est'.
2315 842 2374 897 In
2420 842 2634 897 ruinam
2668 843 2914 912 peccati,
2970 842 3025 897 in
3071 842 3533 898 resurrectionem

1954 934 2202 1004 iustitiae,
2233 943 2289 990 et
2316 934 2369 988 in
2402 934 2645 1005 signum,
2678 933 2767 988 cui
2790 931 2986 997 Judaei,
3017 934 3113 1003 qui
3142 933 3422 989 Christum
3449 950 3535 988 oc-

1961 1024 2228 1091 ciderunt,
2269 1024 2723 1082 contradixerunt
2768 1041 2781 1078 :
2828 1022 2887 1077 Si
2920 1033 2976 1076 tu
3005 1040 3057 1076 es
3090 1022 3267 1078 Filius
3296 1022 3417 1090 Dei,
3446 1024 3535 1077 de-

1960 1118 2144 1172 scende
2169 1118 2232 1173 de
2264 1134 2436 1184 cruce,
2460 1124 2507 1169 et
2538 1117 2805 1171 credemus
2841 1113 2938 1167 tibi
2968 1128 3017 1166 ι.
3045 1115 3114 1169 Ει
3146 1132 3159 1167 :
3187 1114 3534 1184 Tuamipsius

1965 1212 2199 1265 animam
2222 1211 2567 1281 pertransibit
2600 1209 2836 1281 gladius,
2869 1217 2926 1262 ut
2949 1210 3243 1262 revelentur
3263 1223 3329 1260 ea;
3354 1208 3535 1265 multis

1967 1301 2213 1356 cordibus
2253 1304 2595 1374 cogitationes
2627 1310 2678 1358 1.
2712 1299 2849 1367 Quia
2882 1309 3052 1355 mater
3100 1315 3193 1367 es,
3246 1316 3368 1369 qua:
3411 1315 3539 1354 vere

1958 1392 2268 1459 patiebatur
2292 1394 2540 1448 dolorem
2584 1394 2774 1448 matris
2820 1408 2921 1463 pro
2967 1391 3131 1457 Filio,
3168 1399 3222 1446 et
3259 1389 3390 1456 Deo,
3439 1406 3538 1459 pro

1954 1483 2113 1539 nobis
2140 1500 2306 1538 carne
2334 1500 2518 1553 passo.

268 1571 446 1639 σμοὶ,
483 1571 566 1624 ὃτί
590 1573 775 1643 μήτηρ
809 1567 863 1625 εἴ
889 1572 1030 1626 κατὰ
1058 1574 1317 1647 ἀλήθειαν
1347 1575 1633 1645 πάσχουσα
1661 1574 1730 1628 τὰ
1800 1571 2004 1643 μητρὸς
2062 1575 2201 1647 ὑπὲρ
2265 1576 2359 1631 τοῦ
2394 1579 2414 1610 ⁸
2441 1576 2631 1630 τέκνου
2670 1576 2767 1630 καὶ
2801 1577 2938 1632 Θεοῦ
2964 1577 3060 1652 τοῦ
3099 1577 3365 1641 παθόντος
3390 1576 3536 1646 ὑπὲρ

270 1668 305 1734 ἡ
315 1667 440 1735 μῶν
471 1666 657 1739 σαρκί.

982 1787 1159 1840 EOG”.

982 1788 1063 1838 ΣΟ
1146 1825 1159 1840 .

276 1876 396 1930 Τοῦ
420 1877 724 1945 μακαρίου
759 1878 980 1933 Νείλου
1006 1788 1194 1945 δεῖτὸ
1224 1877 1442 1947 Πάσχα
1479 1877 1663 1946 λόγος
1698 1876 1855 1946 πρῶ-

1005 1966 1127 2013 τος.

359 2039 712 2110 Ἀνεγνώσθη
748 2039 841 2093 τοῦ
888 2042 1160 2111 μακαρίου
1201 2040 1400 2095 Νείλου
1434 2042 1499 2094 ὲκ
1538 2040 1631 2094 τοῦ
1678 2043 1758 2104 εἰς
1796 2041 1858 2095 τὸ

276 2132 473 2202 Πάσχα
528 2132 690 2200 λόγου
749 2132 996 2203 πρώτου·
1050 2126 1110 2186 οὗ
1165 2135 1199 2203 ἡ
1251 2134 1415 2204 ἀρχὴ,
1445 2134 1858 2200 Ἀναστάσεως

282 2208 483 2290 λόγοις
534 2220 653 2289 τὴν
712 2222 825 2291 τῆς
883 2223 1276 2291 ἀναστάσεως
1316 2222 1548 2292 ἡμέραν
1598 2223 1855 2293 τιμήσω-

278 2331 416 2380 μεν.

348 2406 511 2474 Ψυχή
542 2406 624 2467 τίς
658 2407 773 2459 ὲστι
803 2405 1029 2476 δευτέρα
1057 2410 1172 2471 τοῖς
1203 2407 1515 2480 ἀνθρώποις
1548 2411 1580 2478 ἡ
1615 2410 1853 2462 ἀνάστα-

273 2512 387 2559 σις,
419 2496 559 2565 πρὸς
588 2496 688 2560 τὰς
728 2497 829 2567 τῆς
858 2498 1061 2567 ἀρετῆς
1088 2498 1431 2570 διεγείρουσα
1461 2499 1707 2571 πράξεις.
1736 2501 1857 2555 Κᾶν

269 2587 483 2657 ταύτην
516 2588 623 2641 τῶν
657 2588 963 2660 ἀνθρώπων
990 2590 1207 2662 ἀνέλῃς,
1238 2591 1431 2663 νεκρὸν
1461 2593 1596 2663 πρὸς
1631 2593 1858 2662 πράξεις

270 2682 483 2750 ἀρετῆς
529 2682 850 2753 ἀπειργάσω
901 2682 961 2735 τὸ
986 2681 1166 2755 σῶμα.
1224 2684 1312 2748 Ὠς
1356 2680 1449 2739 οὖν
1484 2685 1625 2755 ὑπὲρ
1652 2683 1859 2755 βλάϐης

270 2773 466 2843 κοινῆς
496 2774 632 2844 πρὸς
667 2774 763 2827 τὸν
795 2774 937 2845 ὑπὲρ
977 2775 1075 2844 τῆς
1122 2776 1474 2841 ἀναστάσεως
1509 2777 1859 2848 όπλισώμεθα

270 2864 548 2934 πόλεμον,
589 2866 718 2937 ὅλην
769 2865 1023 2931 λαϐόντες
1065 2869 1197 2939 ἡμῖν
1240 2869 1705 2941 συνοπλιςομένην
1760 2869 1859 2941 τὴν

271 2955 479 3009 κτίσιν.
535 2957 945 3027 Ἐπιστρατεύει
988 2958 1096 3029 γὰρ
1143 2959 1371 3032 οὐρανὸς
1415 2960 1532 3031 μεθ’
1559 2961 1718 3032 ἡμῶν
1747 2964 1859 3025 τοῖς

274 3046 531 3109 ἀπίστοις
550 3062 564 3075 ⁸
590 3047 648 3099 ὃν
668 3049 778 3119 γὰρ
801 3048 860 3113 ἐξ
873 3050 1220 3114 ἀναστάσεως
1235 3052 1510 3121 Δεσπότην
1537 3052 1769 3117 ἐδέξατο,
1792 3055 1857 3122 τῇ

2625 1779 2952 1835 CCLXXVI.

2200 1872 2388 1928 Sancti
2427 1870 2567 1937 Nili,
2594 1873 2765 1925 oratio
2792 1872 2965 1939 prima
3001 1872 3054 1923 in
3080 1869 3286 1924 Pacha.

2036 2054 2165 2125 Legi
2210 2055 2444 2124 primam
2481 2053 2785 2107 orationem
2838 2051 3013 2107 sancti
3066 2049 3169 2104 Nili
3218 2050 3271 2103 in
3306 2049 3536 2116 Pascha,

1963 2145 2122 2214 cujus
2154 2144 2255 2198 hoc
2285 2142 2535 2197 initium:
2564 2141 2982 2196 Resurrectionis
3011 2139 3177 2195 verbis
3198 2144 3540 2195 resurrectio-

1964 2240 2046 2292 nis
2074 2236 2214 2290 diem
2245 2235 2635 2291 honorabimus.

2035 2408 2227 2479 512b
2286 2408 2496 2463 Animae
2555 2416 2637 2462 est
2688 2407 2971 2476 quaedam,
3020 2407 3189 2463 altera
3254 2408 3541 2464 hominum

1965 2497 2290 2552 resurrectio
2316 2540 2331 2563 ,
2369 2497 2436 2552 ad
2487 2497 2739 2552 virtutem
2779 2497 3045 2573 excitans,
3077 2508 3133 2553 et
3186 2498 3231 2553 si
3274 2499 3424 2553 illam
3473 2501 3542 2554 ab

1967 2589 2275 2645 hominibus
2325 2589 2660 2652 sustuleris,
2704 2598 2980 2644 mortuum
3030 2591 3096 2644 ad
3158 2590 3401 2647 actiones
3431 2592 3548 2646 vir-

1966 2690 2141 2737 tutum
2165 2696 2362 2751 corpus
2385 2680 2710 2737 reddideris.
2742 2682 2911 2752 Igitur
2938 2682 3099 2752 quasi
3127 2698 3225 2751 pro
3261 2684 3542 2737 communi

1965 2774 2274 2831 calamitate
2298 2773 2365 2828 ad
2379 2773 2577 2829 bellum
2608 2789 2709 2844 pro
2734 2776 3139 2831 resurrectione
3160 2776 3539 2847 accingamur,

1966 2882 2186 2922 omnem
2221 2875 2535 2923 creaturam
2600 2868 2762 2923 nobis
2824 2878 3092 2923 armatam
3156 2868 3543 2939 adjungentes.

1966 2958 2180 3029 Pugnat
2229 2960 2374 3015 enim
2426 2960 2717 3015 nobiscum
2753 2962 2952 3016 caelum
2985 2971 3179 3017 contra
3212 2962 3543 3016 incredulos.

1967 3048 2142 3117 Quem
2177 3051 2322 3106 enim
2353 3066 2385 3105 e
2410 3054 2814 3108 resurrectione
2843 3052 3135 3108 Dominum
3171 3052 3436 3122 suscepit,
3466 3054 3548 3105 vi-

273 3138 380 3207 τῆς
408 3138 757 3203 ἀναστάσεως
789 3140 977 3210 βλέπει
1002 3142 1295 3196 συναθετού
1305 3161 1464 3212 μενον
1493 3144 1639 3216 δόξῃ.
1664 3146 1860 3198 Κοινω·

1968 3140 2056 3196 det
2088 3142 2516 3197 resurrectionis
2546 3143 2715 3212 gloria
2742 3143 2967 3212 privari.
2996 3143 3177 3205 ,Terra
3216 3160 3439 3215 quoque
3479 3146 3545 3201 ad

274 3231 433 3297 νήσει
470 3230 765 3301 προθύμως
789 3233 921 3302 ἡμῖν
944 3233 965 3264 ⁷
993 3233 1086 3285 τοῦ
1116 3233 1352 3302 πολέμου
1386 3235 1478 3287 καὶ
1510 3238 1579 3304 γῆ
1604 3233 1657 3267 ⁸⁸
1698 3252 1859 3289 συκο-

274 3320 660 3390 φαντουμένην
704 3320 812 3389 γὰρ
843 3321 944 3392 τὴν
975 3323 1271 3377 ἀνάστασιν
1299 3319 1461 3390 οἶδεν,
1494 3325 1587 3395 ἀφ’
1614 3318 1689 3379 ὧν
1736 3327 1865 3378 πολ-

274 3411 439 3474 λάκις
468 3412 697 3482 νεκροὺς
741 3413 833 3466 ὑπ’
866 3414 1033 3484 αὐτῆς
1081 3416 1334 3489 ἀφῃρέθη
1362 3417 1403 3471 θ.
1439 3418 1537 3471 Διά
1574 3417 1733 3472 τοῦτο
1768 3420 1864 3472 καὶ

277 3502 492 3565 Παῦλος
538 3502 630 3556 τὸν
685 3504 784 3574 τῆς
822 3505 1172 3570 ἀναστάσεως
1201 3510 1267 3579 τῇ
1302 3508 1479 3562 κτίσει
1519 3509 1862 3581 περιτίθησιν

275 3594 489 3662 ἐρωτα’
551 3594 625 3649 Ἦ
659 3595 769 3664 γὰρ
806 3597 1178 3666 ἀπαραδοκία
1228 3598 1338 3668 τῆς
1386 3601 1660 3666 κτίσεως,
1704 3602 1857 3672 φησὶ,

277 3686 397 3754 τὴν
422 3687 817 3758 ἀποκάλυψιν
833 3689 953 3745 τῶν
972 3691 1120 3747 υἱῶν
1138 3693 1246 3747 τοῦ
1275 3694 1422 3749 Θεοῦ
1446 3694 1858 3764 ἀπεκδέχεται.

278 3780 547 3850 Καθάπερ
584 3781 692 3852 γὰρ
742 3782 895 3847 πόλις
932 3785 1214 3855 βασιλικῆς
1256 3786 1549 3857 ἐπιδημίας
1590 3787 1858 3858 δεξαμένη

279 3871 627 3941 προδρόμους
670 3873 807 3943 πρὸς
849 3875 949 3946 τὴν
988 3876 1205 3946 ἐκείνης
1236 3877 1330 3947 ὅλη
1370 3877 1672 3946 παρουσίαν
1700 3879 1861 3932 ἐπτέ-

282 3978 477 4030 ρωται,
503 3962 644 4015 οὕτω
677 3964 769 4017 καὶ
794 3964 895 4035 τῆς
927 3966 1274 4030 ἀναστάσεως
1307 3967 1496 4039 ὥσπερ
1527 3969 1672 4033 τινὸς
1704 3969 1862 4039 βασι-

277 4054 421 4117 λίδος
464 4056 531 4124 τῇ
574 4056 747 4109 κτίσει
779 4060 1258 4130 προκηρυχθείσης
1291 4060 1386 4131 ὅλη
1419 4059 1554 4131 πρὸς
1582 4061 1681 4131 τὴν
1719 4062 1861 4114 ὲκεί-

276 4164 376 4215 νης
410 4149 713 4217 παρουσίαν
757 4151 1136 4209 συντέτακται.
1175 4155 1285 4205 Καὶ
1324 4153 1400 4224 μὴ
1441 4153 1730 4225 θαυμάσῃς
1769 4155 1861 4207 τὸν

277 4238 381 4307 τῆς
418 4239 770 4313 ἀναστάσεως
805 4244 1123 4313 ἐγκείμενον
1162 4246 1228 4313 τῇ
1269 4243 1445 4297 κτίσει
1477 4244 1862 4314 διδασκόμενος

279 4330 448 4383 πόθον
468 4346 482 4362 ’
516 4330 678 4402 [1529
701 4332 770 4405 R]
812 4335 1008 4403 τροφὸς
1036 4335 1144 4405 γάρ
1172 4353 1252 4397 τις
1281 4334 1389 4391 τῶν
1425 4334 1727 4406 ἀνθρώπων
1756 4336 1861 4387 ὑπ-

281 4420 530 4490 άρχουσα
554 4422 776 4475 σπεύδει
804 4422 904 4496 τὴν
934 4425 1365 4493 ὲπαγγελθεῖσαν
1397 4426 1525 4479 ίδεῖν
1558 4426 1858 4496 βασιλείαν.

278 4513 392 4565 Καὶ
424 4513 488 4565 τὸ
542 4513 709 4584 βραδὺ
745 4518 857 4569 τῶν
903 4517 1203 4588 μελλόντων
1228 4519 1329 4572 οὐκ
1368 4519 1548 4572 ἐκλύει
1583 4522 1649 4590 τῇ
1682 4518 1866 4589 τροφῷ

276 4602 377 4667 τὰς
405 4603 628 4669 ἐλπίδας
654 4624 667 4636 ·
700 4606 814 4677 ἔχει
843 4608 951 4680 γὰρ
980 4609 1069 4667 ἀεὶ
1099 4609 1326 4663 συνόντα
1361 4611 1498 4680 αὐτῇ
1524 4609 1593 4663 τὰ
1621 4611 1718 4675 τῆς
1743 4612 1866 4665 ἀνα-

278 4696 531 4760 στάσεως
591 4699 899 4769 σπέρματα,
947 4695 1022 4754 ὧν
1067 4702 1194 4766 τοὺς
1242 4699 1474 4764 κόκκους
1521 4700 1863 4756 ἀναδείκνυσι

277 4786 514 4850 ζῶντας,
559 4789 657 4855 τῆς
690 4790 800 4843 τῶν
837 4791 1045 4862 νεκρῶν
1079 4792 1347 4859 σωμάτων
1387 4790 1657 4861 ὲγέρσεως
1689 4793 1746 4845 έν
1777 4810 1865 4862 μισ

277 4878 431 4946 κροῖς
471 4878 601 4947 ἡμῖν
621 4878 973 4948 βεϐαιοῦντας
1003 4881 1101 4943 τάς
1133 4880 1377 4943 ἐλπίδας.
1411 4880 1718 4934 ϐάπτονται
1756 4882 1864 4955 μὲν

277 4970 386 5038 γάρ
413 4970 474 5021 ἐν
503 4969 664 5040 αὐτῇ,
695 4969 770 5034 ὡς
798 4971 1036 5044 ὁρῶμεν,
1061 4973 1170 5026 τῶν
1207 4973 1543 5042 σπερμάτων
1572 4973 1614 5005 ¹⁰
1650 4974 1697 5027 οἱ
1732 4973 1862 5026 κόκ-

277 5076 385 5125 κοι,
412 5061 523 5115 τῶν
550 5062 802 5116 αὐλάκων
853 5063 973 5117 ἀντὶ
1014 5065 1202 5133 τάφων
1238 5066 1539 5134 γινομένων
1572 5066 1682 5128 τοῖς
1714 5080 1856 5119 σπα-

343 5268 359 5302 ι
392 5265 573 5322 Lerit.
616 5282 717 5333 xu,
753 5267 804 5321 7.
853 5274 881 5303 ιι
910 5266 1100 5324 Matth.
1135 5282 1187 5332 ν,
1225 5267 1311 5322 l7.
1392 5278 1415 5304 '
1453 5266 1585 5323 Luc.
1613 5284 1673 5334 ll,
1711 5268 1803 5324 5i.

1896 5277 1920 5303 ι
1949 5267 2141 5323 Matth.
2186 5284 2319 5335 xvu,
2350 5270 2457 5339 40.,

1966 3231 2168 3287 bellum
2196 3230 2481 3285 nobiscum
2507 3240 2716 3300 parata.
2743 3231 3050 3286 Viditenim
3084 3234 3547 3289 resurrectionem

1965 3322 2368 3391 blasphemari,
2425 3334 2518 3391 per
2546 3338 2711 3390 quam
2773 3322 2976 3391 sacpius
3028 3324 3132 3394 ipsi
3174 3326 3379 3381 mortui
3419 3336 3547 3381 sunt

1967 3412 2242 3483 praerepti.
2292 3412 2416 3467 Ideo
2449 3422 2502 3467 et
2530 3412 2731 3469 Paulus
2761 3421 3031 3475 creatura:
3073 3430 3317 3471 amorem
3353 3416 3546 3471 tribuit

1965 3506 2418 3562 resurrectionis:
2446 3504 2589 3558 Nam
2617 3508 2940 3576 exspectatio
2966 3546 2981 3570 ,
3037 3507 3235 3576 inquit,
3270 3518 3547 3574 creaturae,

1965 3597 2333 3652 reuelationem
2358 3596 2597 3665 filiorum
2632 3594 2727 3649 Dei
2778 3605 3047 3665 exspectat
3083 3606 3129 3651 τ.
3177 3595 3547 3663 Quemadmo-

1965 3690 2095 3744 dum
2132 3689 2276 3743 enim
2303 3688 2498 3742 civitas
2526 3687 2659 3758 regii
2713 3689 2988 3743 adventus
3012 3688 3283 3759 recipiens
3307 3705 3547 3759 praecur-

1964 3796 2140 3847 sores,
2203 3780 2269 3836 ad
2323 3780 2444 3850 ejus
2485 3780 2834 3848 praesentiam
2867 3789 2980 3834 tota
3019 3795 3078 3835 se
3108 3790 3382 3851 praeparat
3416 3826 3433 3849 ,
3469 3783 3547 3838 sic

1964 3872 2373 3929 resurrectione
2397 3880 2656 3941 tanquam
2681 3871 2869 3942 regina
2888 3872 3096 3941 aliqua,
3120 3880 3388 3928 creaturae
3414 3890 3551 3943 prze-t

1964 3963 2237 4027 nuntiata,
2259 3970 2374 4017 tota
2393 3962 2459 4016 ad
2476 3961 2626 4017 illius
2643 3961 2990 4030 praesentiam
3012 3976 3071 4017 se
3088 3965 3452 4033 comparavit.
3487 3964 3546 4019 Et

1963 4073 2031 4114 ne
2044 4057 2255 4112 mireris
2266 4064 2549 4112 creaturas
2562 4054 2736 4125 ipsam
2752 4056 3206 4112 resurrectionem
3218 4057 3546 4115 desiderare.

1962 4154 2059 4207 Est
2104 4153 2249 4205 enim
2278 4149 2617 4220 :hominibus
2646 4147 2819 4203 instar
2877 4149 3127 4214 nutricis,
3156 4164 3277 4217 qua:
3323 4149 3546 4205 festinat

1962 4242 2297 4312 promissum
2355 4255 2589 4309 regnum
2633 4240 2844 4304 videre,
2879 4250 2934 4294 et
2968 4238 3280 4294 futurorum
3316 4241 3550 4296 tarditas

1963 4350 2071 4388 non
2104 4332 2354 4390 dissolvit
2376 4347 2529 4402 spem
2560 4332 2810 4387 nutricis.
2835 4329 3011 4387 Habet
3043 4332 3188 4386 enim
3214 4331 3268 4385 in
3304 4348 3363 4387 se
3399 4348 3543 4388 sem-

1966 4440 2064 4494 per
2099 4423 2308 4480 semina
2348 4422 2791 4488 resurrectionis,
2829 4438 3067 4493 quorum
3118 4439 3285 4495 grana
3310 4425 3545 4480 ostendit

1899 4497 1942 4551 D
1972 4516 2237 4578 viventes,
2268 4525 2609 4569 mortuorum
2637 4514 3059 4572 resurrectionis
3082 4514 3135 4567 in
3165 4516 3352 4586 parvis
3396 4531 3545 4585 spem

1972 4607 2129 4663 nobis
2158 4607 2559 4662 conﬁrmantia.
2598 4605 2950 4675 Sepeliuntur
2978 4607 3031 4659 in
3066 4606 3180 4672 illa,
3213 4614 3271 4660 ut
3301 4607 3545 4663 videmus

1972 4695 2242 4750 seminum
2274 4708 2462 4765 grana,
2495 4709 2619 4748 cum
2661 4694 2795 4749 sulci
2833 4695 2942 4749 sint
2963 4694 3099 4749 satis
3128 4710 3225 4764 pro
3258 4695 3545 4765 sepulcris.

1973 4786 2094 4856 Ipsa
2126 4801 2278 4851 vero,
2303 4786 2605 4841 seminibus
2628 4787 2890 4856 acceptis,
2912 4786 3155 4843 imitatur
3172 4796 3544 4856 monumenta,

1973 4888 2028 4935 et
2060 4878 2350 4949 putrefacit
2382 4894 2635 4949 granum,
2667 4887 2728 4933 ut
2760 4879 2937 4949 ipsum
2976 4880 3284 4949 sepulcrum
3325 4897 3543 4951 corpus,

1969 4980 2024 5027 et
2078 4969 2355 5041 accipiens
2405 4970 2612 5034 vivum,
2670 4980 2945 5027 mortuum
2999 4970 3197 5036 reddit,
3225 4979 3279 5024 et
3308 4970 3555 5031 medium

1965 5062 2122 5133 grani
2150 5061 2309 5132 plane
2339 5059 2708 5131 putrefaciens
2743 5061 3049 5126 corculum,
3074 5060 3235 5117 etiam
3270 5060 3403 5131 ipsis
3438 5060 3541 5114 for-

1555 5469 1795 5525 VARle
1828 5467 2230 5526 LECTIONES.

385 5629 492 5700 ³.ἢῖ
517 5630 611 5687 καί
639 5631 745 5682 AC.
825 5630 844 5661 ³
878 5628 1109 5682 νεοσσῶν
1136 5626 1195 5681 C.
1274 5630 1293 5660 “
1326 5626 1646 5696 πιστεύομέν
1671 5626 1756 5700 ᾼΟ
1788 5645 1808 5700 :_
1836 5626 2197 5700 πιστεύσομέν
2234 5644 2291 5700 ς.
2365 5627 2391 5700 7⁵
2413 5625 2478 5700 ἂν
2512 5642 2633 5700 οιηᾷ
2658 5628 2717 5680 Α,
2799 5627 2817 5657 δ
2859 5626 2943 5678 τοῦ
2983 5640 3089 5680 om.
3134 5626 3190 5682 C.
3272 5627 3289 5656 ⁷
3323 5628 3453 5697 ἡμῖν
3481 5645 3537 5692 ς.

282 5698 303 5730 ⁸
328 5703 393 5772 γῆ
444 5697 491 5754 Ᾱ
522 5723 529 5729 ·
566 5704 599 5771 ἡ
633 5702 706 5772 γῆ
736 5718 794 5765 τ.
874 5705 891 5732 ³
920 5700 1167 5773 ἀφῃρέθη
1220 5701 1309 5752 ὑπ’
1344 5700 1509 5771 αὐτῆς
1536 5715 1594 5761 ς.
1676 5697 1717 5728 ¹⁰
1744 5697 1851 5749 τῶν
1888 5697 2213 5770 σπερμάτων
2243 5698 2317 5761 ὡς
2354 5697 2568 5769 ὁρῶμεν
2600 5697 2658 5751 Β.

2534 5278 2563 5318 1
2594 5269 2727 5325 Luc.
2763 5285 2822 5333 ιι,
2858 5268 2979 5336 55.,
3032 5279 3053 5305 ι
3091 5267 3248 5322 Rom.
3287 5279 3402 5330 vm,
3452 5262 3539 5318 l9.
3634 5286 3638 5290 ~
