3922 6242
160 284 265 350 ξε)

1188 294 1719 361 BIBLIOTHECA.
1755 323 1827 336 ·-
1861 297 2025 360 COD.
2064 299 2441 366 CCLXXVL

3326 300 3434 365 250

169 403 406 470 γίνονται
435 402 539 471 τῆς
577 401 686 456 τῶν
716 402 926 475 νεκρῶν
955 403 1305 473 ἁναϐιώσεως
1350 409 1745 481 ἐναργέστατον

1863 410 2031 465 mima
2082 413 2199 467 sola
2256 412 2751 469 remunerationem
2776 412 2973 485 5136
3007 411 3275 467 bonorum
3303 428 3436 482 cpe-

163 494 457 565 σύμϐολον.
486 492 651 567 [1552
680 495 775 569 3.]
805 497 1038 562 Ἀδικεῖς
1078 499 1177 571 τὴν
1197 501 1376 572 ψυχὴν
1416 502 1746 573 συνηγορίας

162 590 542 660 προσχήματι,
561 590 658 642 καὶ
676 591 745 659 τῇ
772 591 910 661 πρὸς
934 590 997 644 τὸ
1021 590 1183 659 σῶμα
1208 594 1356 665 μάχῃ
1385 593 1506 647 κατ’
1530 595 1745 667 ἐκείνης

161 678 388 752 ὁπλίζῃ.
430 679 542 743 Τὰς
578 682 687 749 γὰρ
715 680 825 734 τῶν
852 683 1242 753 πραττομένων
1271 685 1505 755 ἁμοιόὰς
1542 685 1618 757 μὴ
1647 703 1748 756 με·

166 771 337 841 ρίζων
377 773 445 842 τῇ
490 771 638 842 ψυχῇ
682 773 778 826 κα)⁸
809 774 909 843 τὴν
934 775 1033 844 τῆς
1066 777 1266 845 σαρκὸς
1288 777 1365 840 ὡς
1396 779 1531 850 μόνῃ
1568 781 1750 853 πλημ-

166 862 411 935 μελούσῃ
437 864 708 934 τιμωρίαν
742 866 1081 935 συνεισάγεις
1112 868 1174 922 ³⁷.
1212 869 1274 921 Εἰ
1294 868 1401 941 γὰρ
1439 870 1619 942 ψυχῆς
1646 873 1748 942 μόο

163 970 267 1024 νης
314 954 374 1006 αἱ
425 952 553 1025 [857
586 953 678 1025 Η.]
728 955 836 1009 τῶν
886 956 1065 1010 πόνων
1099 960 1194 1011 καὶ
1242 959 1749 1032 ἀνδραγαθημάτων

164 1043 420 1113 ἀμοι6αὶ,
457 1044 620 1113 δῆλον
653 1046 736 1099 ὅτι
777 1047 871 1099 καὶ
917 1041 993 1101 ὧν
1027 1048 1275 1118 ἥμαρτεν
1304 1052 1349 1119 Ὶὸ
1378 1050 1667 1123 ἅνθρωπος
1691 1052 1749 1105 αί

162 1135 455 1204 τιμωρίαι.
502 1136 643 1189 Ἀλλ’
668 1135 769 1207 ὅρα
799 1137 874 1208 μὴ
902 1138 1115 1208 σώματι
1144 1142 1240 1193 καὶ
1268 1141 1415 1213 ψυχῇ
1444 1142 1673 1214 καθίζῃς
1703 1143 1749 1176 η

165 1226 292 1278 κατ’
320 1227 573 1295 ἀλλήλων
595 1229 896 1299 κριτήριον.
932 1230 1099 1300 Σῶμα
1130 1232 1228 1300 μὲν
1246 1233 1357 1303 γὰρ
1392 1235 1618 1300 εἰκότως
1652 1254 1752 1291 καο

166 1318 505 1389 ταεοήσεται
553 1318 753 1390 ψυχῆς,
806 1321 915 1373 τῶν
954 1323 1394 1392 κατορθωμάτων
1432 1325 1598 1378 αὐτοῦ
1653 1327 1752 1391 τὰς

164 1408 337 1479 τιμὰς
368 1410 745 1481 ἀρπαζούσης,
769 1411 916 1483 ψυχὴ
948 1412 994 1464 δ’
1013 1412 1078 1465 αὖ
1109 1412 1381 1483 σώματος,
1413 1417 1514 1479 τὰς
1540 1416 1751 1485 ὀφειλο-

170 1503 343 1571 μένας
371 1503 593 1573 πληγὰς
610 1503 800 1574 ἐκείνῳ
819 1505 952 1575 μόνη
980 1505 1421 1576 είσπραττομένη
1445 1508 1510 1561 ¹⁹.
1534 1508 1753 1562 Μᾶλλον

164 1594 209 1646 δ’
261 1594 529 1663 ἑκάτερον
580 1594 759 1648 αὐτῶν
790 1597 1113 1667 παροξύνεις
1143 1597 1286 1652 κατὰ
1326 1599 1421 1653 τοῦ
1446 1601 1660 1671 κριτοῦ,
1691 1602 1752 1655 τὸ

168 1689 293 1756 μὲν,
325 1682 411 1749 οἷς
435 1688 556 1740 δέον
585 1688 728 1758 ἔχειν
755 1690 990 1761 ἀμοιϐὰς
1007 1683 1084 1743 ὧν
1108 1692 1418 1763 ἐστέρηται,
1445 1694 1542 1764 τὴν
1570 1695 1648 1759 δὲ,
1679 1688 1754 1749 ὧν

165 1779 264 1849 οὐχ
299 1779 577 1845 ὑπαίτιος,
600 1779 719 1833 δέον
746 1781 870 1851 μηδ’
892 1781 1212 1837 εὐθύνεσθαι
1233 1778 1315 1848 οἷς
1340 1786 1749 1856 εἰσπράττεται.

168 1872 394 1942 Σώματί
429 1890 498 1942 με
533 1872 793 1943 συνῆψας,
827 1869 872 1927 ὦ
900 1876 1163 1941 Δέσποτα,
1188 1878 1287 1948 τὴν
1316 1878 1628 1950 ἀσώματον,
1661 1880 1755 1935 καὶ

171 1964 307 2035 μόνῃ
333 1964 436 2026 τὰς
464 1964 556 2017 ἐπὶ
578 1968 677 2035 τῆς
708 1968 808 2035 γῆς
840 1968 940 2020 οὐκ
978 1969 1306 2033 ἐπίστευσας
1355 1971 1604 2041 πράξεις,
1660 1975 1756 2028 καὶ

170 2057 320 2125 παρᾶ
345 2056 519 2124 μόνης
543 2057 796 2122 ἀπαιτεῖς
816 2060 914 2123 τὰς
942 2059 1193 2125 εὐθύνας.
1235 2062 1345 2116 Καὶ
1374 2063 1568 2135 δίδωμι
1599 2064 1755 2129 δίκας

172 2140 247 2199 ὧν
276 2149 335 2201 αἱ
357 2148 589 2217 πράξεις
617 2149 711 2203 τοῦ
763 2151 1037 2221 σώματος,
1081 2154 1274 2225 μέθης,
1318 2157 1597 2227 πορνείας,
1650 2174 1757 2227 γα-

178 2239 564 2311 στριμαργίας.
608 2240 717 2294 Ποῦ
748 2242 856 2312 γὰρ
885 2242 1057 2297 ταῦτα
1088 2245 1267 2317 ψυχῆς
1286 2285 1301 2311 ,
1340 2246 1529 2318 ῶσπερ
1560 2248 1757 2316 φθόνος

176 2336 388 2407 τυχὸνῆ
415 2335 578 2408 δόξης
598 2337 857 2401 ἀσέϐειας
887 2337 1075 2411 ῶσπερ
1104 2340 1214 2412 γὰρ
1241 2342 1302 2395 οὐ
1340 2341 1593 2413 σώματος
1622 2342 1756 2397 ταῦ-

170 2440 257 2487 sa,
286 2427 462 2491 οὕτως
496 2428 607 2481 οὐδ’
627 2430 813 2482 ἐκεῖνα
839 2429 1041 2499 ψυχῆς,
1078 2433 1126 2484 εί
1170 2432 1269 2485 καὶ
1309 2434 1479 2503 χωρὶς
1523 2434 1754 2507 θατέρου

166 2517 400 2589 θάτερον
430 2520 601 2589 ἀργὸν
627 2521 765 2591 πρὸς
787 2523 1042 2591 ἑκάτερα.
1073 2523 1146 2575 Τὸ
1172 2523 1331 2595 σῶμα
1356 2526 1403 2579 δ’
1428 2525 1495 2579 ἂν
1524 2526 1661 2581 ἄλλα
1696 2544 1757 2582 τε

167 2611 298 2679 φαίη
343 2610 558 2676 δίκαια,
598 2612 693 2665 καὶ
722 2613 796 2675 ὡς
846 2612 955 2681 ἐγὼ
1000 2613 1101 2685 τὴν
1156 2616 1296 2686 ὑπὲρ
1346 2616 1443 2671 σοῦ
1472 2617 1752 2690 τελευτὴν,

164 2701 279 2755 ἀλλ’
305 2703 411 2771 οὐχ
439 2704 473 2771 ἡ
520 2701 665 2775 ψυχὴ
704 2703 935 2773 δέχεται.
968 2705 1102 2758 Οὐδὲ
1148 2706 1258 2778 γὰρ
1283 2708 1546 2778 πέφυκεν.
1591 2709 1755 2780 Ἐμὸν

166 2792 225 2844 τὸ
282 2793 475 2846 πονεῖν
528 2793 615 2846 διὰ
650 2796 776 2857 τοὺς
832 2796 958 2858 σούς
991 2796 1189 2865 νόμους
1221 2799 1516 2868 νηστείαις,
1577 2802 1753 2873 ἀγρυ-

167 2883 354 2946 πνίαις
377 2901 394 2929 ν
425 2884 517 2938 διὰ
566 2885 677 2939 τῶν
699 2885 847 2955 ὲμῶν
880 2886 1058 2947 μελῶν
1111 2889 1144 2957 ὴ
1177 2888 1461 2955 παρθενία.
1510 2892 1635 2957 Πῶς
1663 2893 1756 2947 οὖν

166 2974 265 3026 οὐκ
290 2974 505 3032 ἄδικον.
529 2975 679 3045 ἐμῶν
699 2975 809 3027 τῶν
838 2974 1014 3029 ἄθλων
1036 2975 1227 3042 ὄντων,
1248 2978 1348 3048 τὴν
1377 2979 1554 3050 ψυχὴν
1587 2985 1757 3053 χωρὶς

1846 503 2371 573 rum,laborumque
2403 505 2619 571 habeat,
2643 515 2790 576 patet
2814 507 2977 560 etiam
3008 520 3198 560 eorum
3230 504 3433 575 quibus

1846 596 2012 651 homo
2075 598 2342 668 peccavit,
2376 613 2594 668 poenam
2664 600 2837 655 solam
2874 613 2998 653 esse
3020 598 3299 654 daturam.
3326 595 3433 651 Sed

1847 689 1971 744 vide
2017 704 2086 743 ne
2131 705 2334 759 corpus
2377 701 2431 745 et
2469 692 2707 745 animam
2735 690 2998 747 adversus
3033 706 3154 746 sese
3197 690 3434 745 invicem

1849 776 1905 832 in
1947 776 2221 847 judicium
2254 793 2434 833 voces.
2462 777 2660 834 Merito
2682 780 2828 833 enim
2866 794 3068 849 corpus
3099 794 3221 833 cum
3253 778 3433 832 anima

1847 870 2234 941 expostularet,
2265 872 2310 927 si
2344 873 2582 928 honores
2615 882 2762 928 recte
2799 872 3069 928 factorum
3094 874 3200 929 sibi
3226 872 3436 927 adime-

1849 970 1976 1045 ret}
2009 964 2300 1034 animaque
2324 965 2570 1020 vicissim
2602 979 2727 1021 cum
2752 980 2999 1035 corpore,
3032 967 3077 1020 si
3114 964 3328 1020 debitas
3359 963 3435 1018 illi

1850 1068 2043 1124 poenas
2078 1070 2137 1111 se
2178 1057 2357 1111 solum
2397 1057 2606 1112 videret
2656 1059 2933 1113 sustinere
2978 1069 3253 1129 oportere.
3292 1056 3437 1123 Quin

1850 1145 2033 1215 potius
2095 1156 2391 1218 utrumque
2440 1156 2630 1203 contra
2679 1148 2920 1219 iudicem
2966 1149 3165 1203 incitas
3199 1162 3439 1217 :corpus

1851 1238 2094 1308 quidem,
2119 1239 2244 1309 quia
2273 1240 2657 1307 retributione,
2680 1257 2844 1315 quam
2888 1254 3152 1308 meretur,
3170 1243 3436 1313 privatur;

1852 1330 2093 1385 animam
2116 1346 2266 1395 vero,
2296 1333 2439 1403 quod
2458 1349 2648 1388 eorum
2679 1350 2914 1404 quorum
2950 1350 3060 1388 non
3082 1344 3164 1388 est
3195 1333 3441 1396 conscia,

1851 1436 2027 1491 paenae
2079 1424 2147 1477 ab
2197 1439 2259 1479 ea
2305 1426 2618 1494 exigantur.
2672 1423 2955 1494 Copulasti
2992 1440 3099 1490 me,
3133 1440 3167 1480 o
3195 1423 3440 1486 Domine,

1853 1514 2070 1583 corpori
2115 1515 2520 1585 incorpoream,
2545 1524 2599 1570 et
2630 1516 2732 1572 soli
2765 1516 2902 1571 mihi
2933 1531 3022 1571 res
3055 1524 3303 1570 terrenas
3335 1532 3444 1569 non

1854 1607 2202 1673 commisisti,
2233 1617 2289 1663 et
2327 1624 2358 1662 a
2388 1622 2475 1663 me
2506 1608 2623 1663 sola
2662 1624 2884 1679 pcenam
2914 1608 3113 1679 exigis,
3137 1618 3192 1662 et
3228 1607 3299 1662 do
3326 1622 3442 1676 poe-

1784 1722 1828 1777 B
1857 1714 1956 1755 nas
1986 1715 2204 1768 eorum,
2236 1701 2435 1771 quibus
2467 1716 2668 1770 corpus
2696 1702 2963 1771 peccavit,
2989 1700 3295 1765 ebrietatis,
3328 1697 3445 1753 for—

1858 1792 2349 1861 nicationis,gu|:e.
2368 1791 2473 1848 Ubi
2502 1792 2648 1845 enim
2682 1801 2812 1847 sunt
2839 1792 2956 1846 haec
2978 1791 3177 1845 anima:
3198 1790 3444 1861 propria,

1859 1897 1917 1941 ut
1947 1884 2146 1940 invidia
2177 1884 2341 1949 forte,
2368 1883 2454 1938 vel
2485 1882 2756 1938 haeresis?
2784 1874 3256 1949 QuemadmOdum
3298 1881 3447 1935 enim

1859 1980 1975 2033 b:ec
2016 1991 2124 2031 non
2157 1985 2285 2031 sunt
2317 1976 2587 2045 corporis,
2637 1975 2717 2030 sic
2756 1989 2932 2043 neque
2973 1973 3063 2027 illa
3092 1972 3310 2035 anima),
3343 1971 3449 2024 etsi

1858 2072 2089 2126 alterum
2143 2071 2261 2125 sine
2307 2070 2481 2123 altero
2525 2069 2590 2122 ad
2647 2077 2882 2138 utraque
2935 2066 3201 2135 ineptum.
3237 2062 3450 2132 Corpus

1857 2179 1987 2219 vero
2028 2179 2153 2217 cum
2207 2163 2311 2216 alia
2352 2178 2450 2231 pro
2480 2178 2539 2216 se
2576 2160 2724 2217 dicat
2753 2161 2898 2231 justa
2920 2202 2935 2227 ,
2975 2169 3112 2221 tum,
3145 2173 3247 2226 ego
3271 2172 3367 2226 pro
3401 2166 3452 2209 te

1859 2261 2091 2307 mortem
2142 2251 2369 2321 oppetii,
2411 2265 2518 2303 non
2573 2251 2777 2303 anima.
2805 2247 2922 2302 Non
2968 2248 3115 2301 enim
3145 2262 3328 2300 meum
3368 2253 3453 2298 est

1855 2345 2108 2400 laborare
2128 2344 2197 2399 ob
2224 2345 2368 2414 leges
2387 2356 2510 2397 tuas
2530 2342 2773 2412 jejuniis,
2794 2351 2849 2396 et
2880 2341 3103 2411 vigiliis.
3139 2338 3243 2393 Per
3274 2354 3449 2391 mem-

1855 2439 1961 2494 bra
1994 2452 2113 2492 mea
2159 2436 2466 2507 virginitas.
2491 2433 2779 2500 Quomodo
2811 2434 2978 2504 igitur
3036 2447 3143 2486 non
3180 2431 3452 2499 iniquum,

1857 2544 1980 2584 cum
2014 2542 2133 2582 mea
2179 2528 2289 2581 sint
2321 2528 2647 2590 certamina,
2687 2525 2927 2579 animam
2990 2523 3109 2577 sine
3161 2536 3249 2575 me
3296 2535 3456 2574 coro-

1857 2637 1984 2676 nam
2040 2619 2310 2689 accipere.
2345 2618 2478 2684 Quae
2537 2626 2623 2672 est
2679 2616 2949 2672 sententia
2983 2630 3177 2671 eorum
3223 2611 3458 2682 judieii?

1856 2713 2165 2769 Communis
2211 2728 2431 2778 merces,
2462 2721 2511 2765 et
2558 2711 2855 2766 communis
2897 2724 3073 2779 paena,
3123 2707 3250 2777 quia
3296 2706 3460 2758 etiam

1858 2804 2096 2873 utrisque
2126 2802 2430 2856 communia
2462 2816 2620 2870 opera
2649 2798 3237 2869 fuerunt.Quanquam
3278 2795 3331 2847 in
3356 2793 3460 2847 ali-

1860 2898 2064 2968 quibus
2094 2895 2448 2952 contentione
2490 2908 2660 2949 unum
2697 2900 2920 2963 superat
2950 2892 3184 2946 alterum
3224 2908 3237 2944 :
3267 2897 3324 2943 et
3353 2887 3460 2942 sibi

1862 2990 2097 3045 invicem
2153 2990 2449 3059 conjuncta
2498 2988 2674 3043 fuisse
2723 2986 2792 3040 ab
2849 2986 3009 3040 initio
3053 2983 3120 3038 ad
3141 2993 3465 3036 communes

162 3065 304 3137 ὲμοῦ
338 3067 647 3135 λαμϐάνειν
670 3070 741 3121 τὰ
759 3069 1003 3133 έπαθλας
1028 3069 1112 3133 τίς
1142 3068 1295 3134 λύσις
1336 3072 1518 3127 αὐτῶν
1551 3076 1651 3145 τῆς
1679 3075 1758 3129 δί-

1867 3082 2084 3138 labores
2123 3083 2445 3149 obeundas,
2505 3079 2906 3144 conﬁtendum,
2954 3083 3009 3129 et
3056 3074 3378 3135 sciendum,
3409 3078 3466 3125 et

163 3175 271 3229 κης
296 3177 313 3226 ;
348 3160 567 3223 Κοινὸς
594 3164 627 3214 ό
648 3161 892 3230 μισθὸς,
945 3161 1143 3216 κοιναί
1166 3165 1226 3216 al
1258 3165 1483 3228 ποιναί,
1513 3165 1602 3221 ὅτι
1632 3186 1757 3221 κοι-

162 3251 267 3304 ναὶ
301 3249 511 3303 αὐτῶν
540 3254 599 3306 αἱ
630 3251 897 3319 πράξεις,
922 3253 1028 3305 κᾶν
1061 3254 1148 3305 ἐπ’
1178 3255 1335 3308 ἐνίων
1368 3256 1429 3308 τὸ
1457 3256 1644 3329 ἕτερον
1669 3258 1761 3313 τοῦ

166 3342 559 3413 συγκρίματος
589 3345 884 3418 πλεονεκτῇ
936 3349 982 3381 ὀ
1011 3348 1104 3402 τοῦ
1149 3350 1366 3419 ἐτέρου,
1396 3352 1490 3403 καὶ
1535 3352 1636 3420 τὴν
1668 3370 1763 3407 συ-

1870 3175 2007 3242 fore,
2042 3184 2100 3230 ut
2152 3189 2475 3229 communes
2528 3187 2799 3236 coronas,
2841 3179 2996 3240 parta
3024 3167 3255 3221 victoria
3314 3163 3462 3217 acci-

1872 3268 2043 3337 piant,
2094 3278 2148 3323 et
2185 3268 2239 3323 in
2292 3268 2494 3337 quibus
2549 3272 2869 3337 peccarunt,
2914 3274 3241 3344 communes
3273 3270 3467 3327 ρωπος

1870 3361 2042 3414 luant.

166 3437 500 3506 ζευχθεῖσαν
524 3437 618 3489 ἀπ’
640 3438 815 3508 ἀρχῆς
847 3442 927 3504 εἰς
959 3443 1177 3504 κοινοὺς
1222 3442 1421 3505 πόνους
1453 3440 1621 3497 δυάδα
1640 3445 1721 3498 δεῖ
1745 3447 1785 3478 ²¹
1834 3450 2121 3520 ὁμολογεῖν
2155 3450 2249 3504 καὶ
2282 3451 2484 3505 εἰδέναι
2530 3448 2729 3504 κοινῶν
2757 3449 2853 3503 καὶ
2871 3448 2981 3501 τῶν
3015 3446 3297 3516 στεφάνων
3334 3443 3469 3497 ἀπο-

163 3526 361 3617 λαύειν
390 3528 478 3597 ἐφ’
508 3524 590 3593 οἷς
645 3532 918 3601 νενίκηκε,
966 3534 1063 3587 καὶ
1096 3535 1177 3597 είς
1229 3532 1416 3598 κοινὰς
1447 3534 2036 3613 ἀπάγεσθαιτιμωρίας
2061 3534 2137 3597 ὧν
2162 3541 2611 3614 ἐπλημμέλησεν.

173 3737 299 3792 Τοῦ
335 3737 549 3805 αὑτοῦ,
597 3738 667 3793 ἐκ
707 3737 813 3794 τοῦ
852 3741 938 3807 εὶς
980 3740 1048 3795 τὸ
1096 3742 1315 3812 Πάσχα
1350 3746 1539 3814 λόγου
1570 3744 1775 3799 δευτέ-

869 3850 986 3901 ρου
1013 3834 1084 3887 ιι.

261 3969 597 4031 Ἀνάστασις
613 3967 710 4037 τῆς
733 3966 826 4022 τοῦ
847 3967 1054 4038 Κυρίου
1080 3968 1340 4040 προνοίας
1361 3968 1425 4022 τὸ
1449 3969 1768 4039 κεφάλαιον·

2167 3750 2421 3822 Ejusdem
2460 3749 2629 3804 altera
2660 3746 2834 3802 oratio
2864 3746 2919 3800 in
2950 3743 3182 3799 Pascha.

1951 3976 2304 4033 Resurrectio
2352 3984 2440 4031 est
2483 3984 2649 4045 caput
2680 3969 3036 4044 providentiae
3072 3965 3289 4021 Domini
3332 3979 3441 4021 :ca

168 4064 274 4119 τοῦ
305 4060 609 4130 κεφαλαίου
640 4060 695 4114 δὲ
722 4060 868 4132 ψυχὴ
924 4062 1364 4131 μνημονεύουσα,
1408 4062 1507 4117 καὶ
1543 4065 1611 4133 τῇ
1643 4063 1758 4135 περῖ

1880 4071 2010 4144 pitis
2051 4084 2183 4125 vero
2213 4068 2397 4123 anima
2447 4082 2679 4130 memor,
2722 4074 2776 4119 et
2817 4063 3024 4134 gratias
3052 4074 3218 4130 agens
3247 4056 3440 4112 benefa

170 4154 273 4210 τὸν
302 4153 607 4223 εὐεργέτην
633 4152 958 4225 εὐχαριστίᾳ
1002 4153 1245 4218 συζῶσα,
1295 4154 1417 4218 ταῖς
1451 4152 1546 4208 τοῦ
1575 4154 1758 4225 ὲχθροῐ

1882 4159 2044 4223 ctori,
2076 4156 2286 4211 inimici
2323 4154 2534 4225 laqueis
2576 4154 2698 4223 capi
2744 4168 2855 4205 non
2891 4157 3091 4221 potest.
3125 4145 3374 4201 Ascende
3407 4144 3476 4197 ad

170 4243 499 4305 δυσάλωτος
544 4242 755 4311 γίνεται
805 4243 1028 4311 πάγαις.
1070 4244 1327 4316 Ἀνάῦηθι
1377 4245 1515 4315 πρὸς
1543 4244 1644 4316 τὴν
1669 4245 1758 4300 τῶι

1885 4252 2237 4320 antiquorum
2270 4248 2555 4313 historias,
2581 4254 2634 4299 et
2664 4244 2877 4299 videbis
2900 4237 3327 4296 resurrectionis
3377 4236 3479 4289 ad-

172 4336 499 4409 ἀνθρώπιον
526 4336 912 4407 ἀρχαιολογίαν
941 4336 1009 4401 ³³,
1039 4338 1133 4390 καὶ
1155 4338 1255 4408 τὴν
1291 4336 1395 4408 τῆς
1423 4339 1778 4404 ἀναστάσεως

174 4425 567 4497 σκιαγραφίαν
594 4427 872 4496 εὑρήσεις.
916 4427 982 4479 Ἦ
1010 4427 1108 4497 μὲν
1133 4426 1242 4496 γὰρ
1272 4427 1383 4480 τῶν
1427 4428 1645 4497 ἀλόγων
1675 4428 1779 4498 φύ-

175 4538 268 4583 σις
305 4519 554 4589 ἔμψυχος
583 4518 1065 4589 δεδημιούργηται,
1095 4518 1175 4589 τῷ
1208 4517 1422 4588 σώματι
1467 4520 1569 4591 τῆς
1597 4519 1780 4591 ψυχῆς

178 4610 863 4680 ωγκατασκευασθείσηςο
890 4608 1095 4680 ἄψυχος
1118 4609 1174 4662 δὲ
1195 4609 1225 4662 ὀ
1260 4608 1432 4680 Ἀδὰμ
1463 4610 1635 4680 πηλοῦ
1660 4611 1779 4663 δια-

178 4702 531 4764 πλασθέντος
584 4702 961 4773 μεμόρφωται,
1000 4698 1119 4755 εἶτα.
1167 4702 1201 4771 ἡ
1231 4700 1380 4772 ψυχὴ
1409 4701 1488 4772 τῷ
1530 4703 1782 4773 ἐμφυσή-

184 4810 325 4863 ματι
345 4792 709 4862 μεμόρφωται
730 4795 794 4858 ’⁵,
820 4792 1021 4863 μᾶλλον
1048 4792 1104 4846 δὲ
1133 4792 1350 4863 ἀληθῶς
1375 4794 1569 4857 εἰπεῖν,
1602 4796 1784 4846 ἐπεισο

186 4886 413 4952 ἀγεται,
442 4885 539 4937 καὶ
566 4883 665 4955 τὴν
689 4886 754 4937 ἐκ
782 4883 990 4955 νεκρῶν
1017 4884 1219 4948 εὐθέως
1247 4886 1277 4938 ὁ
1314 4885 1565 4953 πλάστης
1597 4901 1782 4954 προοι-

1885 4338 2310 4395 umbrationem.
2377 4334 2672 4389 Brutorum
2747 4332 2894 4386 enim
2968 4337 3165 4383 natura
3236 4325 3478 4380 animata

1883 4445 2066 4491 creata
2098 4442 2202 4497 est,
2232 4433 2418 4486 anima
2444 4445 2571 4485 cum
2596 4442 2829 4498 corpore
2862 4420 3476 4481 simulcondita.Adam

1883 4538 2067 4583 autem
2119 4526 2239 4582 sine
2294 4523 2482 4579 anima
2540 4536 2573 4577 e
2635 4521 2751 4575 luto
2818 4517 2972 4572 ﬁctili
3044 4514 3312 4569 formatus
3373 4519 3479 4575 est,

1884 4619 2081 4676 deinde
2137 4620 2321 4673 anima
2399 4614 2755 4686 inspiratione
2830 4610 3063 4664 formata
3094 4608 3239 4671 estb,
3310 4605 3477 4674 quin,

1886 4726 1947 4768 ut
2009 4711 2192 4766 verius
2268 4710 2507 4779 loquar,
2597 4704 2988 4774 superinducta
3042 4707 3145 4755 est.
3206 4697 3273 4752 Et
3332 4710 3482 4750 mor-

1887 4810 2107 4855 tuorum
2156 4786 2580 4853 resurrectionis
2640 4794 2871 4848 Creator
2944 4788 3305 4860 primordium
3374 4794 3485 4839 sta-

1894 4892 1994 4945 tim
2054 4889 2204 4944 fecit.
2228 4886 2351 4942 Non
2410 4886 2557 4941 enim
2613 4900 2644 4939 e
2703 4882 2877 4939 solida
2939 4880 3338 4951 protoplastum
3404 4876 3484 4930 l‘e-

192 4976 460 5046 μιάζεται
482 4975 723 5046 ἔγερσιν.
748 4977 861 5030 Καὶ
893 4976 938 5007 ’⁸
968 4976 1074 5029 οὐδ’
1100 4977 1166 5029 ὲκ
1192 4977 1421 5048 στερεᾶς
1445 4976 1537 5029 τὸν
1566 4975 1758 5046 πρωτό

1892 4980 1967 5034 cit
2020 4980 2281 5044 materia,
2323 4978 2417 5033 sed
2451 4974 2649 5047 514a
2708 4981 2871 5027 terrae
2928 4971 3205 5041 pulverem
3241 4967 3298 5022 in
3374 4966 3487 5019 for-

192 5070 440 5120 πλαστον
495 5066 806 5138 συντίθησιν
831 5066 986 5136 ὕλης,
1042 5066 1180 5120 ἀλλὰ
1208 5066 1307 5135 τῆς
1329 5067 1434 5137 γῆς
1466 5066 1527 5119 τὸ
1551 5065 1753 5136 χνοῶδε

1890 5086 2039 5125 mam
2099 5070 2360 5135 adduxit,
2422 5069 2621 5121 tollens
2691 5064 2761 5118 ab
2831 5062 2987 5117 initio
3061 5059 3342 5114 hominum
3399 5054 3487 5107 in-

194 5158 460 5227 χαλκεύει
499 5159 638 5231 πρὸς
671 5160 972 5230 μόρφωσιν,
1003 5160 1208 5213 πείθων
1242 5161 1307 5213 ὲκ
1353 5159 1656 5229 προοιμίων
1692 5156 1758 5209 τὸε

1893 5161 2231 5225 ﬁdelitatem,
2274 5158 2405 5230 quia
2445 5157 2551 5213 etsi
2601 5155 2783 5226 pulvis
2833 5153 2906 5209 sit
2964 5159 3217 5207 mortuus
3267 5156 3321 5200 et
3380 5145 3489 5196 im-

196 5253 431 5306 ἄπιστον
451 5252 556 5320 ὅτι,
583 5252 689 5306 κᾶν
708 5251 835 5323 χοῦς
925 5253 1121 5324 νεκρὸς
1150 5253 1245 5307 καὶ
1271 5251 1548 5324 ἀκίνητος,
1589 5254 1717 5325 ῥᾷον
1751 5269 1758 5280 ·

1895 5253 2151 5317 mobilis,
2214 5252 2376 5307 facile
2447 5249 2633 5321 anima
2685 5262 2974 5317 resurgere
3031 5242 3198 5309 facit,
3245 5246 3299 5293 et
3364 5233 3491 5290 nul-

274 5412 306 5454 δ
339 5412 479 5468 Gen.
520 5428 584 5477 ιι,
613 5413 671 5467 7.

1475 5548 1713 5605 VARUE
1746 5548 1925 5605 LECT
1943 5549 2170 5606 IONES.

288 5724 331 5803 ιτ
358 5728 609 5803 εἰσάγεις¹
632 5742 671 5788 ς
716 5795 727 5803 _
748 5725 790 5756 ³⁸
831 5724 1074 5803 καθίζεις
1101 5725 1166 5778 Δ.
1270 5727 1312 5757 ¹⁹
1339 5721 1689 5803 πραττομένη
1720 5721 1792 5803 ᾖ..
1895 5723 1944 5803 βο
1976 5723 2292 5775 πλεονεκτεῖ
2318 5737 2403 5803 ς.⁹
2470 5720 2513 5803 ’ξ
2539 5718 2653 5803 δεῖν
2859 5715 2905 5746 ”
2931 5711 3188 5784 δευτέρου
3237 5708 3400 5781 λόγου
3428 5726 3491 5775 ς.

214 5797 263 5829 ⁸⁸
302 5786 679 5870 ἀρχαιογονίοιν
702 5795 765 5851 Α.
845 5798 889 5828 ³⁸⁵
924 5786 1282 5866 μεμόρφωται
1304 5786 1501 5867 μᾶλλον
1536 5786 1587 5847 δὲ
1621 5786 1832 5859 ἀληθῶς
1864 5794 2037 5848 εἰπεῖν
2068 5808 2179 5852 om.
2209 5794 2275 5848 Α.
2359 5792 2403 5831 2³
2429 5790 2521 5844 καὶ
2553 5786 2677 5843 add.
2708 5788 2775 5841 Α.
