3912 6234
494 276 597 347 251

1645 276 1911 339 ΡΗΟΤΙΙ
1945 269 2452 340 PATRIARCHIE
2484 281 2598 341 (ΣΡ.

3613 285 3697 348 252

490 383 795 440 lutnferens
825 383 1115 453 vestigium
1153 381 1558 448 viviﬁcationis,
1626 398 1727 438 nec
1766 384 2067 454 accipiens,

2178 385 2318 456 ψυχὴ
2345 386 2481 457 πρὸς
2502 383 2799 440 ἀνάστασιν
2823 385 2946 454 ἄγει
2975 384 3068 438 καὶ
3095 382 3158 437 τὺ
3189 384 3306 453 μηδ’
3334 366 3460 454 ῐχνη
3482 387 3604 457 μήτε
3626 391 3700 445 λα-

493 478 817 548 participem
902 476 1081 529 reddit
1163 476 1343 530 vitalis
1433 475 1864 544 conjunctionis.
1957 475 2078 531 Non

494 570 642 624 enim
693 567 1048 637 corruptibile
1081 580 1284 647 corpus
1323 565 1475 631 fecit,
1521 566 1619 622 sed
1662 578 1909 639 tempore
1936 584 2079 640 quo-

494 667 621 714 dam
674 658 932 713 solutioni
986 658 1189 725 tradit,
1242 659 1591 715 vitiositatetn
1653 664 1799 717 vasis
1823 678 1890 718 ex
1950 678 2079 733 pec-

495 761 618 805 cato
668 766 905 821 purgans
952 766 1015 806 ac
1077 766 1303 817 sanans,
1356 762 1409 807 et
1472 751 1837 823 putrefactum
1870 757 2077 824 peccati

496 841 827 894 mortalitate
892 841 1208 909 inveniens,
1266 844 1458 899 mortis
1510 843 1735 901 fornace
1811 846 2078 913 dissolvit,

498 939 557 985 et
592 931 682 985 ubi
714 932 902 997 solvit,
926 949 1022 987 vas
1046 934 1414 1003 putrefactum
1446 937 1512 992 de
1538 953 1678 993 novo
1721 937 1942 1003 format,
1980 953 2080 995 nec

512 1023 824 1089 admireris,
865 1028 1021 1093 quasi
1055 1026 1306 1083 altiorem
1333 1038 1494 1097 captu
1526 1039 1872 1084 mortuorum
1902 1028 2078 1085 refor-

500 1117 819 1171 mationem.
854 1117 896 1170 T
938 1128 1031 1173 nta
1059 1121 1203 1174 enim
1237 1136 1327 1175 ars
1354 1131 1438 1177 est
1469 1122 1678 1178 lictoris
1710 1122 1763 1177 in
1796 1123 2072 1194 tingendo,

500 1214 560 1257 ut
613 1203 773 1257 etiam
826 1223 983 1276 aquae
1031 1220 1284 1264 naturam
1328 1211 1381 1264 in
1445 1213 1742 1267 simulacra
1795 1212 1849 1266 iu
1890 1222 2078 1268 ventre

499 1292 720 1360 formet,
757 1296 857 1351 hoc
884 1299 1015 1352 mihi
1052 1300 1227 1370 magis
1278 1303 1596 1357 mirandum
1629 1304 1862 1370 videtur,
1908 1319 2074 1375 quam

504 1387 625 1455 ipsa
656 1394 1005 1448 resurrectio.
1044 1395 1120 1448 lbi
1155 1396 1299 1450 enim
1350 1412 1381 1452 e
1415 1398 1637 1467 pulvere
1680 1408 1930 1454 mortuus
1968 1399 2077 1453 for-

502 1488 707 1542 matur,
736 1489 789 1535 et
816 1482 1013 1551 figulus
1038 1502 1129 1540 vas
1157 1504 1187 1541 e
1210 1496 1353 1541 terra
1384 1489 1605 1554 format,
1634 1491 1838 1546 nostris
1861 1490 2076 1563 artibus

509 1569 711 1623 similia
770 1586 1172 1643 repraesentans
1234 1595 1248 1631 :
1299 1578 1388 1633 hic
1446 1594 1577 1633 vero
1628 1583 1776 1635 nuda
1828 1582 2074 1650 quaedam

502 1668 651 1728 gutta
684 1660 953 1719 factorum
984 1676 1069 1720 cst
1100 1667 1300 1732 lutum,
1331 1679 1386 1722 et
1420 1683 1450 1722 e
1476 1677 1626 1737 gutta
1658 1669 1716 1723 fit
1742 1670 1949 1724 animal
1987 1686 2075 1724 ra-

2182 474 2274 529 δὸν
2316 476 2453 546 μήτε
2477 475 2642 544 φέρον
2676 473 2942 539 ξωώσεως
2986 473 3240 529 κοινωνὸν
3267 476 3489 529 ποιεῖται
3517 478 3698 549 ζωηφό.

2183 583 2275 636 ρου
2304 564 2677 635 συμϐιώσεως.
2719 566 2794 620 Οὐ
2817 566 2926 636 γὰρ
2953 565 3159 637 φθορᾶς
3202 565 3264 619 τὸ
3298 566 3453 637 σῶμα
3485 568 3699 623 διέπλασε

2179 658 2580 729 παρανάλωμα,
2609 657 2745 713 ἀλλά
2774 657 2953 730 χρόνῳ
2978 658 3087 711 τινὶ
3108 657 3259 711 λύσει
3276 658 3606 729 παραδίδωσι,
3623 661 3700 731 τὴν

2179 752 2243 805 ἐκ
2254 751 2351 821 τῆς
2372 750 2497 822 [838
2519 749 2611 822 H.]
2629 750 2903 822 ἁμαρτίας
2919 749 3010 804 τοῦ
3032 750 3256 813 σκεύους
3281 748 3543 817 καθαίρων
3564 752 3702 803 τεκαὶ

2181 838 2476 910 ἐξιώμενος
2493 841 2737 895 κάκωσιν
2758 856 2772 871 ο
2786 841 2882 893 καὶ
2902 841 2969 911 τῇ
2988 838 3139 911 παρὰ
3164 842 3259 909 τῆς
3279 839 3539 909 ἁμαρτίας
3559 839 3702 909 εὑρὼν

2186 931 2596 1002 σεσαθρωμένον
2646 930 2930 1000 θνητότητι
2953 968 2970 995 ,
3011 928 3092 1000 τῷ
3131 928 3224 982 τοῦ
3257 928 3476 982 Θανάτου
3504 929 3583 982 δια
3609 930 3702 981 λύει

2176 1025 2529 1097 χωνευτηρίῳ
2550 1065 2567 1092 ,
2615 1024 2783 1096 [1555
2809 1022 2901 1095 R.]
2934 1022 3029 1078 καὶ
3055 1023 3223 1084 λύσας
3256 1021 3390 1091 πρὸς
3418 1022 3702 1075 νεόπλαστον

2179 1115 2372 1179 σκεῦος
2408 1116 2469 1169 τὸ
2519 1115 2795 1186 σαθρωθὲν
2823 1114 3175 1169 ἀναπλάττει.
3227 1113 3336 1165 Καὶ
3370 1112 3440 1184 μὴ
3461 1112 3703 1182 θαυμάσῃς

2179 1205 2253 1268 ώς
2283 1205 2563 1277 λογισμῶν
2596 1205 2880 1277 άνωτέραν
2909 1204 3007 1275 τὴν
3036 1204 3144 1258 τῶν
3170 1204 3377 1275 νεκρῶν
3409 1202 3704 1272 ἀναχάλκευ-

2180 1311 2263 1345 σιν
2284 1310 2297 1324 ·
2328 1293 2564 1363 τοσαύτη
2594 1293 2703 1364 γὰρ
2731 1294 2869 1365 πρὸς
2891 1289 3362 1363 άγαλματοποιίαν
3394 1291 3427 1361 ὴ
3458 1290 3604 1361 τέχνη
3629 1290 3703 1342 τοῦ

2178 1385 2436 1449 πλάστου,
2477 1385 2552 1447 ὡς
2582 1385 2676 1438 καὶ
2701 1384 2861 1454 φύσιν
2891 1383 3079 1448 ὓδατος
3113 1384 3192 1447 εἰς
3224 1382 3535 1452 ἀνδριάντας
3558 1383 3606 1434 ἐν
3624 1398 3704 1448 γα-

2179 1478 2303 1547 στρὶ
2331 1477 2701 1533 διαπλάττειν.
2723 1476 2892 1530 Τοῦτό
2920 1495 3011 1547 μοι
3042 1474 3468 1547 παραδοξότερον
3488 1473 3574 1526 τοῦ
3605 1474 3705 1542 περὶ

2178 1566 2277 1636 τὴν
2312 1568 2609 1621 ἀνάστασιν
2630 1568 2929 1639 θαύματος.
2975 1568 3125 1621 Ἐκεῖ
3158 1567 3256 1637 μὲν
3286 1567 3393 1636 γὰρ
3416 1566 3477 1618 ὲκ
3510 1564 3617 1635 χοὸς
3638 1580 3706 1616 νε-

2179 1660 2311 1730 κρὸς
2337 1661 2748 1731 πηλουργεῖται,
2782 1662 2875 1715 καὶ
2904 1661 2966 1713 τὸ
3000 1662 3193 1724 σκεῦος
3220 1662 3248 1713 ὁ
3270 1658 3534 1730 κεραμεὺς
3553 1659 3608 1709 ὲκ
3628 1656 3707 1723 τῆς

503 1758 653 1812 tione
698 1759 1010 1828 praeditum.
1066 1758 1109 1814 0
1138 1770 1312 1815 artem
1357 1777 1419 1816 ex
1457 1776 1593 1831 aqua
1635 1763 1931 1817 simulacra
1958 1761 2074 1816 for-

2179 1753 2283 1823 γῆς
2307 1754 2659 1820 ἀναπλάττει,
2696 1754 2966 1824 σύμφωνά
2986 1770 3106 1815 πως
3135 1754 3256 1814 ταῖς
3278 1753 3404 1822 παρ’
3430 1750 3555 1820 ἡμῖν
3575 1748 3708 1801 ὲνδει·

500 1862 685 1901 mans.
717 1847 783 1900 Et
816 1863 921 1901 non
956 1849 1060 1901 hoc
1091 1849 1267 1903 solum
1294 1850 1495 1903 mirum
1540 1860 1641 1917 est,
1670 1867 1869 1921 aquam
1906 1852 2075 1922 sculpi

501 1942 558 1995 in
624 1942 931 1996 animarum
966 1943 1346 2009 simulacrum,
1383 1945 1476 2000 sed
1515 1945 1665 2001 intus
1703 1945 1931 2001 formari
1979 1947 2079 2001 llu-

500 2042 700 2088 ctuans
759 2048 969 2089 semen.
1014 2035 1248 2104 Sanguis
1300 2037 1445 2091 enim
1499 2038 1739 2108 undique
1809 2039 2078 2103 bulliens,

502 2140 689 2179 semen
724 2126 835 2180 huc
865 2135 1027 2196 atque
1056 2127 1185 2182 illuc
1218 2137 1418 2184 nutans
1444 2138 1500 2184 et
1529 2145 1670 2199 aegre
1700 2129 1899 2185 ‘stabile
1926 2128 2074 2197 facit,

500 2226 555 2270 et
590 2217 695 2271 illis
729 2217 1051 2274 decumanis
1086 2220 1353 2290 agitatum
1399 2220 1677 2286 ﬂuctibus,
1712 2222 1951 2276 animata
1997 2230 2079 2275 ta-

501 2325 630 2363 men
689 2320 867 2365 statua
920 2312 1224 2380 pcrlicitur.
1281 2312 1324 2368 Ο
1370 2313 1634 2382 pictorem
1693 2314 1745 2367 in
1791 2312 2077 2369 ﬂuctuanti

506 2401 679 2457 linteo
726 2418 917 2458 secure
966 2407 1301 2473 pingentcm.
1350 2403 1585 2473 Sanguis
1623 2404 1765 2459 enim
1816 2416 2076 2475 tanquam

500 2490 735 2548 linteum
756 2494 1003 2563 subjacet
1034 2494 1266 2549 formato
1294 2495 1452 2549 fetui.
1498 2494 1611 2550 Hoc
1631 2497 1887 2551 Salomon
1912 2498 2077 2552 etiam

504 2600 629 2639 eum
676 2594 906 2656 stupore
956 2588 1255 2653 admirans,
1298 2587 1365 2641 In
1404 2599 1600 2654 ventre,
1644 2590 1844 2659 inquit,
1887 2592 2077 2645 matris

501 2678 764 2748 ﬁguratus
797 2696 913 2734 sum
939 2697 1085 2745 caro,
1116 2681 1293 2734 decem
1332 2683 1591 2735 mensium
1624 2692 1854 2751 tempore
1885 2700 2079 2753 coagu-

500 2769 643 2823 latus
699 2787 818 2824 sum
863 2772 918 2824 in
951 2772 1208 2841 sanguine
1232 2783 1281 2825 ο.
1330 2772 1555 2828 Femina
1610 2774 1758 2829 enim
1819 2784 2076 2844 tanquam

504 2860 733 2928 pictoris
762 2859 976 2915 olIicina
1008 2864 1284 2931 proposita
1317 2873 1420 2927 est,
1454 2865 1701 2919 colorum
1751 2880 1881 2919 vero
1909 2876 2078 2919 mate-

498 2951 640 3005 riam
695 2953 783 3006 vir
828 2954 997 3009 addit.
1053 2953 1148 3009 Est
1178 2971 1307 3009 vero
1333 2956 1459 3025 quis
1488 2957 1666 3026 pictor
1699 2961 1753 3010 in
1789 2965 1962 3024 utero,
2009 2972 2077 3012 ex

500 3058 614 3097 uno
637 3041 818 3096 colore
847 3058 876 3097 e
909 3044 1094 3099 multis
1116 3048 1475 3115 compositam
1504 3047 1731 3117 pingens
1758 3048 2073 3116 imaginem.
2103 3079 2148 3139 ο

498 3128 604 3183 Sed
651 3130 928 3198 quomodo
971 3146 1001 3187 e
1051 3132 1320 3187 feculento
1388 3134 1595 3189 semine
1656 3134 1831 3188 oculis
1870 3134 2077 3189 addidit

494 3220 766 3290 eleganter
815 3222 1097 3292 pupillam,
1151 3225 1426 3293 quomodo
1480 3239 1511 3279 e
1570 3226 1874 3279 substantia
1928 3225 2071 3281 ﬂuxa

496 3324 626 3364 ossa
664 3311 953 3365 condidit?
993 3312 1272 3381 quomodo
1310 3328 1372 3368 ex
1410 3313 1589 3367 soluto
1638 3313 1847 3368 semine
1881 3330 2076 3370 nervos

494 3397 812 3466 compegit?
842 3399 1117 3467 quomodo
1151 3400 1435 3471 sanguinis
1467 3400 1686 3455 carnales
1735 3416 1901 3456 venas
1947 3402 2076 3457 des-

497 3484 737 3552 culpsit?
796 3488 1077 3554 quomodo
1139 3487 1350 3541 cerebri
1423 3502 1476 3540 tn
1534 3488 1714 3556 capite
1769 3489 2073 3543 custodiam

493 3575 716 3629 ossibus
738 3576 976 3643 aptavit?
994 3577 1265 3643 quomodo
1312 3576 1456 3632 fetus
1494 3577 1550 3631 in
1573 3578 1807 3633 obscura
1830 3578 2075 3648 depictus

502 3665 741 3731 ofﬁcina,
795 3675 981 3735 aptum
1015 3668 1388 3723 membrorum
1440 3671 1604 3724 situm
1662 3672 1912 3742 accepit?
1965 3670 2073 3728 Sed

500 3768 760 3827 tanquam
813 3759 966 3814 radio
1012 3775 1228 3829 uterum
1268 3760 1460 3834 5141)
1495 3763 1825 3828 illustrante,
1872 3766 2076 3835 cuique

504 3850 645 3916 parti
697 3851 976 3919 pr0prium
1028 3853 1397 3907 membrorum
1430 3854 1612 3909 locum
1658 3856 1839 3924 pictor
1885 3857 2075 3913 distri—

506 3939 627 3993 buit
663 3958 677 3994 :
710 3941 949 3996 Amictus
990 3944 1130 3997 enim
1178 3946 1375 3999 lumine
1406 3949 1538 4000 sicut
1579 3950 1884 4003 vestimento
1907 3949 1958 4016 ά,
1991 3960 2076 4006 est

499 4028 749 4084 occultus
799 4029 1007 4086 fetuum
1055 4033 1252 4101 pictor.
1290 4034 1460 4099 Quem
1505 4035 1673 4091 David
1710 4039 1951 4093 celebrat
1995 4040 2075 4093 di-

495 4118 670 4173 cendo
706 4137 719 4173 :
754 4118 875 4173 Non
904 4123 1229 4177 abscondisti
1257 4142 1313 4179 os
1346 4142 1521 4180 meum
1557 4145 1590 4181 α
1621 4138 1687 4194 te,
1717 4130 1857 4200 quod
1901 4112 2074 4200 fecisti

495 4212 550 4263 in
591 4214 855 4267 occultae.
892 4214 1045 4270 lianc
1074 4231 1105 4269 c
1134 4227 1285 4286 gutta
1317 4220 1563 4289 cOgitans
1597 4221 1818 4277 ﬁctilem
1873 4233 2071 4289 artem,

496 4312 744 4371 respectu
781 4306 1022 4375 ﬁgmenti
1047 4322 1077 4361 e
1105 4317 1248 4361 terra
1282 4325 1388 4364 non
1416 4311 1657 4382 ambigo.
1680 4311 1905 4379 Quoties
1926 4316 2071 4369 enim

2180 1846 2279 1899 κνύ
2291 1863 2452 1917 μενος
2479 1845 2713 1916 τέχναις
2743 1844 2978 1899 ἐνταῦθα
3007 1843 3065 1897 δὲ
3086 1843 3268 1914 γυμνή
3296 1860 3379 1906 τις
3410 1837 3606 1907 σταγὼν
3623 1837 3708 1890 τῶν

2178 1938 2564 2009 πλαττομένων
2589 1938 2798 2006 γίνεται
2827 1938 3016 2009 πηλὸς,
3041 1936 3137 1991 καὶ
3166 1935 3382 2003 λογικὸν
3409 1937 3470 1987 ὲκ
3495 1930 3709 1998 σταγόνος

2184 2031 2489 2086 συντίθεται
2541 2029 2748 2096 ζώδιον.
2799 2031 2863 2082 Ὢ
2900 2029 3099 2100 τέχνης
3128 2028 3187 2096 ἐξ
3222 2028 3412 2091 ὓδατος
3443 2022 3709 2093 γλυφούσης

2178 2125 2495 2192 ἀγάλμαται
2522 2125 2613 2177 καὶ
2634 2124 2696 2178 οὐ
2724 2122 2882 2177 τοῦτο
2931 2122 3091 2193 μόνον
3112 2120 3410 2191 παρέχεται
3431 2117 3489 2171 τὸ
3513 2112 3708 2184 παράδο-

2179 2217 2288 2283 ξον,
2321 2219 2401 2270 ὃτι
2431 2216 2625 2284 γλύφει
2652 2215 2712 2267 τὸ
2746 2213 2888 2283 ὕδωρ
2924 2215 3000 2276 εἰς
3035 2212 3277 2283 ἔμψυχον
3300 2210 3501 2278 ξόανον,
3529 2204 3627 2260 ἀλλ’
3648 2205 3710 2257 ὅτι

2184 2310 2279 2363 καὶ
2304 2310 2727 2379 κυματουμένην
2776 2307 2875 2377 τὴν
2904 2305 3068 2376 γονὴν
3094 2304 3245 2358 ἔνδον
3281 2299 3590 2356 τεκτονεύει.
3640 2295 3711 2349 Al-

2181 2401 2366 2472 μάτων
2417 2402 2526 2473 γὰρ
2577 2399 2842 2454 πάντοθεν
2878 2396 3343 2470 περιϐράσσοντες
3380 2397 3426 2427 ²⁶
3463 2390 3710 2464 χείμαρῤοι

2179 2492 2510 2564 περιῤῥεπὲς
2537 2492 2750 2545 ποιοῦσι
2777 2490 2837 2544 τὸ
2874 2489 3080 2561 σπαρὲν
3105 2490 3201 2543 καὶ
3220 2486 3619 2556 δυσστήρικτον’
3639 2479 3712 2532 καὶ

2178 2587 2242 2654 τῇ
2280 2584 2517 2654 τοσαύτῃ
2562 2581 2969 2652 ναυαγούμενον
3020 2580 3289 2651 τρικυμία
3320 2578 3412 2631 καὶ
3453 2574 3579 2646 ζάλῃ
3605 2570 3712 2639 πρὸς

2178 2674 2417 2744 ἔμψυχον
2469 2675 2618 2743 ὅμως
2640 2672 3035 2744 ξάπαρτίζεται
3064 2670 3380 2739 ἀνδριάντα.
3413 2668 3475 2719 Ὢ
3502 2659 3711 2735 γραφέως

2178 2767 2271 2818 ἐπὶ
2327 2765 2697 2835 σαλευομένης
2739 2764 2975 2827 σινδόνος
3021 2762 3284 2831 ἀσφαλῶς
3308 2752 3709 2830 ζωγραφοῦντοςι

2176 2855 2238 2909 τὸ
2266 2856 2375 2926 γὰρ
2427 2849 2567 2925 αἷμα
2607 2852 2719 2907 οἷον
2767 2853 2961 2907 σινδὼν
2991 2870 3075 2916 τις
3100 2851 3387 2905 ὑπόκειται
3415 2851 3479 2920 τῇ
3512 2858 3711 2918 μορφου-

2181 2948 2317 3019 μένῃ
2343 2950 2497 3019 γονῇ.
2530 2947 2701 3001 Τοῦτο
2745 2946 2842 3001 καὶ
2872 2944 3126 3017 Σολομὼν
3183 2942 3601 3015 ἐκπληττόμενος
3624 2935 3713 2987 ἕλε-

2177 3056 2293 3108 γεν,
2325 3039 2423 3093 Ἑν
2452 3039 2652 3106 κοιλίᾳ
2685 3038 2913 3109 μητρὸς
2960 3037 3240 3106 ἐγλύφην
3294 3033 3469 3103 σὰρξ,
3501 3030 3715 3097 δεκαμηο

2177 3132 2344 3197 νιαίῳ
2369 3133 2581 3201 παγεὶς
2614 3130 2683 3183 ἐν
2718 3130 2939 3199 αἵματι.
2975 3129 3277 3200 Πρόκειται
3309 3128 3406 3197 μὲν
3446 3123 3615 3190 ὥσπερ
3639 3119 3717 3181 ζω-

2176 3224 2439 3294 γραφεῖόν
2467 3241 2525 3278 τι
2547 3222 2609 3276 τὸ
2643 3221 2799 3293 θῆλυ,
2834 3221 2939 3274 τῶν
2965 3219 3281 3291 χρωμάτων
3306 3218 3363 3271 δὲ
3393 3218 3486 3286 τὴν
3519 3212 3633 3280 ὕλην
3672 3204 3718 3257 τὸ

2176 3316 2344 3386 ἄρρεν
2374 3312 2678 3368 ὲ’πιδιίιλλετη
2713 3313 2965 3383 Κάθηται
2989 3312 3033 3342 ’⁷
3061 3310 3118 3363 δέ
3147 3327 3234 3373 τις
3268 3310 3327 3363 ὲν
3353 3311 3419 3379 τῇ
3449 3306 3613 3377 μήτρα
3638 3299 3718 3362 ξω·

2174 3406 2408 3477 γράφος,
2464 3405 2526 3469 ἒξ
2585 3404 2706 3468 ἐνὸς
2754 3403 3044 3474 χρώματος
3073 3400 3470 3455 πολυσύνθετον
3496 3406 3717 3450 καταποι-

2176 3497 2375 3552 κὶλλων
2427 3496 2633 3551 εἰκόνα.
2677 3494 2801 3560 Πῶς
2851 3494 2913 3559 ἐξ
2967 3492 3222 3556 ἱλυώδους
3261 3491 3425 3561 γονῆς
3468 3479 3720 3556 ὀφθαλμοῖς

2175 3587 2717 3659 ὲνηγλάῖσε.κόρην;
2782 3585 2903 3649 πῶς
2949 3585 3013 3637 ἐκ
3074 3583 3314 3653 ροώδους
3347 3579 3528 3673 οὐσίας
3573 3567 3717 3673 ὀστῶν

2177 3676 2516 3747 συνεπήξατο
2543 3675 2613 3746 φύ
2624 3691 2740 3742 σιν;
2768 3673 2887 3736 πῶς
2913 3674 2978 3727 ὲκ
2999 3672 3309 3742 λελυμένης
3330 3669 3530 3739 σπορᾶς
3554 3669 3721 3730 νεύρων

2175 3770 2479 3841 ὲστερέωσε
2526 3768 2718 3835 τόνον;
2776 3766 2893 3829 πῶς
2928 3766 3178 3835 αἱμάτων
3232 3763 3480 3833 σωλῆνας
3508 3751 3721 3821 διέτλυψε

2173 3862 2273 3925 τὰς
2304 3860 2543 3931 φλέϐαςς
2575 3859 2693 3923 πῶς
2746 3859 2843 3921 τὰς
2887 3857 2996 3910 τῶν
3028 3856 3231 3909 ὀστέων
3268 3852 3550 3923 ἐγκεφάλῳ
3579 3847 3618 3881 ’⁸
3651 3859 3723 3896 πε·

2179 3955 2445 4024 ριήρμοσε
2499 3951 2709 4022 θήκας;
2742 3948 2860 4010 πῶς
2888 3950 2946 4001 ὲν
2995 3948 3230 4016 ὰφεγγεί
3255 3947 3317 3999 τὸ
3336 3946 3527 4037 βρέφος
3554 3931 3725 4037 γραφό-

2180 4063 2338 4115 μενον
2361 4044 2696 4113 ζωγραφείῳ
2729 4040 3075 4110 ἀσυγχύτους
3093 4040 3192 4101 τάς
3222 4039 3340 4093 τῶν
3386 4035 3558 4106 μελῶν
3593 4031 3723 4082 ἀπεί-

2175 4136 2312 4206 ληφε
2332 4135 2654 4199 τοποθεσίας
2674 4152 2688 4200 ;
2709 4132 2823 4187 ἀλλ’
2856 4133 3045 4202 ὥσπερ
3073 4132 3296 4193 ὰκτίνός
3316 4146 3460 4191 τινος
3478 4127 3569 4195 τὴν
3591 4119 3725 4189 νηδὺν

2176 4226 2605 4296 ὲναυγαζούσης,
2634 4225 2735 4294 τὴν
2759 4224 2965 4277 οἰκείαν
2992 4223 3212 4294 ἑκάστῳ
3230 4221 3341 4274 τῶν
3371 4220 3543 4291 μελῶν
3568 4215 3593 4266 ὁ
3612 4225 3725 4281 γραπ-

2177 4320 2313 4391 φεὺς
2371 4318 2663 4372 ἀποδίδωσι
2703 4315 2922 4387 χώραν’
2987 4314 3052 4368 Ὃ
3115 4314 3230 4385 γὰρ
3271 4311 3726 4375 ἀναϐαλλόμενος

494 4395 652 4447 video
683 4396 944 4450 artificem
972 4414 1037 4452 ex
1072 4415 1213 4468 aqua
1239 4401 1564 4457 condentem
1586 4414 1846 4472 statuam,
1875 4408 2073 4464 melius

2178 4412 2305 4482 ερῶς
2333 4412 2413 4478 ὡς
2435 4410 2670 4480 ἱμάτιον
2691 4410 2962 4481 κρυφαῖος
2991 4408 3204 4476 γίνεται
3229 4407 3341 4462 τῶν
3376 4403 3619 4477 ἐμϐρύων
3641 4397 3727 4459 ζωο

496 4486 647 4539 illum
682 4497 894 4544 statuas
919 4499 1119 4544 eterra
1152 4492 1316 4547 credo
1350 4492 1554 4551 facere.
1588 4494 2063 4561 Quemadmodum

495 4578 639 4631 enim
669 4579 717 4634 si
747 4580 873 4649 quis
906 4581 960 4635 in
983 4597 1125 4650 aqua
1158 4584 1330 4654 pingit
1357 4584 1585 4651 litteras,
1614 4595 1667 4640 ct
1695 4586 1868 4644 lineas
1894 4588 2065 4658 ducit,

495 4669 635 4723 idem
654 4671 849 4727 melius
875 4671 930 4726 in
958 4689 1082 4728 cera
1101 4690 1195 4730 eas
1216 4675 1548 4743 efforinabit,
1577 4678 1659 4733 sic
1675 4677 1827 4733 ﬂuxo
1858 4684 2069 4736 semine

494 4763 723 4833 pingens
771 4773 825 4819 et
873 4767 1128 4836 sculpens
1166 4771 1447 4836 membra,
1502 4770 1716 4827 facilius
1764 4773 1819 4826 iu
1865 4781 2069 4829 terram

494 4854 873 4909 membrorum
900 4856 1103 4927 ﬁguras
1122 4860 1331 4931 pinget,
1361 4871 1413 4916 et
1437 4862 1715 4928 formabit,
1749 4874 1803 4918 et
1827 4865 1920 4934 qui
1947 4875 2074 4921 ante

495 4944 669 4999 ullum
689 4946 911 5005 virtutis
940 4951 1197 5005 meritum
1224 4954 1305 5008 sic
1340 4953 1587 5023 corporis
1620 4955 1673 5009 in
1699 4965 1856 5011 utero
1883 4972 2073 5012 curam

493 5037 697 5108 gessit,
744 5048 872 5110 post
923 5056 1062 5111 opus
1094 5044 1315 5100 virtutis
1355 5048 1631 5117 quomodo
1662 5058 1862 5103 terram
1894 5049 2074 5107 disso-

497 5128 669 5183 lutam
719 5130 839 5187 sine
881 5133 1090 5189 honore
1134 5136 1440 5207 relinquet?
1470 5136 1727 5194 lnterime
1761 5155 1983 5210 corpus,
2020 5151 2073 5197 et

493 5227 803 5275 creaturam
838 5223 1109 5280 occideris
1138 5242 1151 5279 :
1184 5242 1293 5281 non
1313 5227 1420 5282 erit
1448 5229 1607 5286 navis
1643 5230 1761 5285 sine
1791 5233 2070 5299 manibus,

570 5411 593 5441 ο
632 5403 760 5473 Sap.
808 5420 906 5472 vn,
943 5408 993 5462 1.
1068 5406 1096 5447 ά
1124 5407 1267 5464 Psal.
1310 5426 1425 5477 Clll,
1457 5412 1512 5466 2.

2173 4505 2511 4575 γράφος.Ὃν
2542 4502 2635 4556 καὶ
2663 4501 2823 4553 Δαὸὶδ
2843 4500 3184 4571 δημοσιεύων
3215 4500 3368 4554 ὲϐόα⁶
3402 4500 3522 4552 Οὐκ
3540 4489 3728 4584 ἑκρύίίη

2176 4596 2243 4651 τὸ
2272 4595 2497 4650 ὀστοῦν
2546 4612 2665 4663 μου
2699 4592 2820 4648 ἀπὸ
2858 4592 2997 4657 σοῦ,
3030 4591 3061 4645 ὃ
3096 4592 3396 4658 ἐποίησας
3441 4587 3510 4641 ἐν
3537 4594 3729 4652 κρυφη·

2178 4687 2397 4758 Ταύτην
2424 4688 2525 4758 τὴν
2546 4688 2610 4740 ὲκ
2649 4685 2908 4755 σταγόνος
2928 4684 3275 4755 λογιζόμενος
3304 4678 3600 4747 πλαστικὴν
3622 4671 3734 4741 πρὸς

2179 4779 2280 4848 τὴν
2304 4781 2372 4831 ὲκ
2406 4779 2508 4847 γῆς
2540 4776 3011 4847 ἀγαλματοποιίαν
3062 4776 3122 4828 ού
3173 4774 3529 4847 διαφέρομαι.
3588 4766 3734 4815 ’Ὅταν

2180 4872 2289 4940 γὰρ
2326 4870 2420 4923 ῐδω
2467 4869 2718 4939 τεχνίτην
2775 4868 2835 4933 ἐξ
2892 4868 3081 4930 ὓδατος
3106 4867 3461 4937 πηγνύμενον
3501 4862 3654 4930 ξόανα
3677 4854 3733 4913 ¹⁹ς

2176 4959 2434 5030 ὀξύτερον
2466 4959 2629 5012 αὑτὸν
2660 4959 2789 5021 τοὺς
2821 4960 2887 5011 ὲκ
2913 4958 3016 5027 γῆς
3043 4956 3414 5010 ἀναπλάττειν
3433 4947 3735 5021 ζάνδριάντας

2177 5050 2439 5105 πιστεύω.
2470 5051 2683 5122 ’Ὠσπερ
2717 5050 2828 5121 γάρ
2850 5048 2901 5103 εῑ
2930 5066 3014 5112 τις
3035 5048 3119 5116 ἐφ’
3142 5046 3335 5110 ὓδατος
3357 5047 3555 5116 γράφει
3576 5035 3733 5107 γράμ-

2181 5160 2327 5213 ματα
2365 5142 2462 5196 καὶ
2486 5141 2750 5213 γραμμὰς
2779 5140 3129 5209 ὲγκολάπτει,
3153 5133 3311 5201 οὗτος
3340 5137 3441 5199 τὰς
3486 5134 3562 5194 εἰς
3590 5122 3735 5195 κηρδν

2179 5234 2568 5309 εὐχερέστερον
2600 5232 2951 5304 ὲγχαράττει,
2995 5230 3168 5295 οὕτως
3218 5234 3246 5285 ὁ
3278 5232 3348 5301 τῇ
3411 5224 3594 5299 ῥοώδει
3622 5216 3731 5287 γονῇ

1595 5425 1617 5453 ο
1650 5411 1799 5470 Psal.
1847 5417 2171 5484 cxx1tx,l4.

1795 5552 2023 5607 νΑιιιΑε
2066 5554 2469 5610 [ΕΟΤΙΟΝΕΞ.

570 5682 616 5717 ²⁴
635 5685 1063 5758 περιόράσαντες
1101 5688 1167 5747 Α.
1282 5694 1323 5723 ²⁷
1358 5693 1590 5764 κάθηται
1629 5696 1668 5749 Α
1703 5715 1714 5751 ;
1748 5697 1973 5767 ἧνθηται
2006 5714 2062 5762 :7.

2162 5700 2203 5730 ³⁸
2236 5699 2435 5753 ὀστέων
2468 5699 2522 5751 ὲν
2554 5701 2671 5767 ἐγκ.
2706 5698 2767 5752 A.
2888 5702 2929 5732 ²⁹
2966 5700 3148 5764 ξόανον
3196 5698 3260 5750 Α.
