3922 6242
168 298 274 361 253

1232 300 1756 363 BIBLIOTHECA.
1780 327 1849 338 -
1881 299 2045 362 COD.
2081 298 2422 362 CCLXXVI.

3334 301 3442 366 25-1

171 408 553 478 καταγράφων
603 411 699 464 καὶ
732 408 1044 479 διαγλύφων
1069 410 1138 465 τὰ
1186 410 1323 481 μέλη
1367 413 1497 481 ῥᾷον
1526 413 1605 474 είς
1631 410 1760 481 χοῦν

1866 424 2044 481 neque
2073 410 2381 480 navigabile
2418 409 2524 464 erit
2556 424 2729 477 mare,
2757 425 2990 482 corpore
3017 419 3254 470 mortuo.
3292 414 3439 472 Mille

172 500 303 562 τοὺς
332 499 443 552 τῶν
495 499 679 571 μελῶν
715 500 1125 571 ὲγκαταγράψει
1177 518 1238 554 τε
1266 502 1361 555 καὶ
1389 501 1761 573 διαμορφὼσει

174 574 563 662 χαρακτῆρας.
593 591 705 645 Καὶ
730 594 758 644 ὁ
779 592 885 662 πρὸ
908 595 1008 661 τῆς
1045 593 1245 662 ἀρετῆς
1274 591 1417 646 οὕτω
1446 591 1539 644 τοῦ
1574 592 1761 661 σώμαο

173 700 268 744 τος
288 682 594 752 φροντίσας
620 683 682 734 ὲν
712 680 840 753 [839
873 681 966 754 H.]
998 682 1183 752 Ινηδύῖ,
1210 683 1348 753 μετὰ
1377 686 1475 754 τὴν
1500 683 1763 751 ἐργασίαν

174 774 279 842 τῆς
303 773 511 843 ἀρετῆς
562 772 685 837 πῶς
717 774 784 827 ἄν
809 775 888 838 εἰς
914 774 1021 844 γῆν
1056 774 1312 844 διαρρυὲν
1348 774 1543 845 ἄτιμον
1595 791 1764 828 κατα-

171 864 340 935 λείψῃ
364 864 410 896 ³³
438 881 454 929 ;
482 864 641 919 ἄνελε
673 864 719 896 ³¹
751 865 813 918 τὺ
836 866 1013 936 σῶμα,
1049 866 1144 919 καὶ
1169 864 1269 936 τὴν
1308 865 1483 919 κτίσιν
1522 865 1762 936 ὲνέκρω-

176 975 300 1021 σας.
333 959 450 1013 Οὐκ
483 959 637 1012 ἔσται
662 959 847 1012 πλοῖον
876 959 1074 1030 χειρῶν
1099 959 1201 1012 οὐκ
1229 958 1405 1012 οὐσῶν
1434 959 1501 1023 δ’,
1524 960 1585 1012 οὐ
1618 959 1765 1014 πλω-

172 1050 267 1103 τὸν
298 1050 546 1118 πέλαγος
582 1049 834 1121 σώματος
857 1050 1166 1120 οἰχομένων
1198 1051 1267 1103 τὰ
1292 1051 1461 1121 μυρία
1488 1052 1617 1122 γένη
1652 1052 1762 1106 τῶν

172 1142 339 1209 ζώων
367 1147 571 1217 μάτην,
593 1145 718 1199 οὔτε
749 1146 953 1218 τροφῆς
985 1144 1045 1210 ἐξ
1088 1145 1266 1199 αὐτῶν
1304 1145 1427 1199 οὔτε
1466 1146 1765 1217 θεραπείας

173 1237 349 1308 ἄλλης
376 1236 459 1307 τῷ
494 1237 712 1307 σώματι
734 1237 1164 1310 χορηγουμένης.
1192 1238 1392 1308 Τέχναι
1414 1238 1471 1291 δὲ
1497 1239 1623 1303 ποῦ,
1656 1239 1763 1291 σώε-

178 1347 355 1399 ματος
393 1330 497 1382 οὐκ
518 1328 670 1391 ὄντος
693 1347 708 1395 ;
734 1324 874 1399 ὧραι
895 1328 952 1382 δὲ
978 1330 1071 1382 καὶ
1094 1329 1304 1401 καιρῶν
1331 1328 1580 1384 εὔτακτοι
1603 1347 1767 1401 μετα-

174 1421 336 1474 6ολαὶ
361 1422 460 1474 καὶ
485 1421 745 1493 οὐρανίας
768 1422 1043 1492 κινήσεως
1064 1420 1305 1491 ᾶρῤητος
1338 1420 1499 1489 σοφία
1520 1421 1641 1473 τίνα
1698 1420 1765 1474 ἂν

175 1515 463 1584 παράσχοι
503 1514 720 1583 χρείαν,
748 1510 847 1583 τῆς
878 1511 1199 1582 σωματικῆς
1223 1510 1439 1579 φύσεως
1471 1510 1532 1564 οὐ
1571 1509 1767 1579 παρού-

175 1624 316 1678 σης;
349 1608 444 1659 καὶ
477 1607 621 1660 πόσα
647 1607 715 1661 ἄν
765 1624 850 1669 τις
897 1606 1059 1678 ἕτερα
1102 1606 1406 1676 θεωρήσοι;
1458 1605 1623 1658 πόθεν
1672 1600 1764 1658 οὖν

174 1697 326 1768 εὕρω
371 1697 435 1749 τὸ
485 1696 646 1767 σῶμα
693 1696 798 1749 τῶν
844 1696 1147 1766 μελλόντων
1195 1693 1421 1764 δωρεῶν
1453 1694 1689 1760 ἀνάξιον,
1720 1687 1764 1761 ᾧ

1863 503 2183 557 animalium
2232 517 2433 571 genera
2489 501 2696 557 frustra
2755 516 2936 567 erunt,
3008 521 3207 576 neque
3258 510 3439 562 nutri-

1862 604 2107 649 mentum
2125 609 2190 649 ex
2219 594 2327 649 illis
2352 603 2520 662 esset,
2547 610 2724 663 neque
2752 596 2899 651 aliud
2924 597 3169 653 alimenti
3195 600 3443 655 ministe-

1862 686 2029 740 rium.
2058 686 2218 740 Artes
2248 700 2378 740 vero
2406 685 2495 739 ubi
2526 696 2713 752 erunt,
2740 702 2969 756 corpore
2987 704 3096 743 non
3119 691 3439 746 exsistente?

1864 778 2026 834 Horae
2054 794 2186 834 vero
2233 788 2288 833 et
2335 787 2644 849 temporum
2694 781 2961 836 ordinatae
3002 784 3354 848 mutationes,
3388 793 3442 839 et

1864 870 2161 925 ineﬂabilis
2176 870 2416 926 caelestis
2437 881 2619 926 motus
2642 872 2929 941 sapientia,
2956 887 3119 941 quam
3142 874 3434 929 utilitatem

1864 962 2189 1031 praeberent,
2230 961 2276 1015 si
2307 975 2542 1025 corpora
2569 978 2676 1016 non
2708 963 2923 1017 essent?
2948 961 3012 1016 Et
3031 973 3163 1033 quot
3187 964 3287 1018 alia
3315 967 3440 1035 quis

1865 1056 2266 1111 considerarit?
2297 1056 2452 1113 Unde
2501 1056 2666 1127 igitur
2705 1058 2976 1113 inveniam
3009 1074 3208 1130 corpus
3238 1059 3438 1115 futuris

1865 1147 2350 1218 donisindignum,
2379 1148 2467 1202 cui
2493 1157 2703 1203 tantum
2728 1150 2796 1203 ab
2828 1150 3086 1205 omnibus
3113 1166 3437 1205 concessum

1867 1238 2131 1293 honorem
2180 1239 2375 1294 video!
2420 1238 2611 1293 Utrum
2659 1240 2986 1296 existimatis
3032 1242 3201 1295 Deum
3248 1256 3440 1309 corpus

1866 1331 2012 1399 quod
2064 1330 2243 1398 pisces
2298 1331 2659 1386 comederunt
2703 1332 2951 1387 invenire
2987 1348 3096 1386 non
3141 1333 3344 1401 posse?
3389 1342 3443 1385 et

1865 1418 2140 1489 quomodo
2181 1418 2275 1488 qui
2320 1406 2562 1472 inﬁnitas
2590 1419 2948 1488 cogitationes
2980 1419 3146 1472 animi
3183 1418 3439 1487 agitatas,

1870 1511 2150 1566 immistas
2184 1519 2238 1565 et
2273 1510 2616 1575 inconfusas,
2652 1511 2819 1566 habet
2867 1511 3135 1580 cognitas,
3188 1518 3440 1563 naturam

1866 1620 2159 1674 corporum
2193 1605 2414 1659 mistam
2464 1621 2571 1659 non
2608 1605 2809 1674 poterit
2850 1605 3198 1659 discernere?
3242 1603 3442 1657 Facitis

1868 1696 2131 1750 nimirum
2183 1696 2519 1751 divinitatem
2576 1695 2897 1751 inferiorem
2957 1696 3162 1750 nostris
3206 1695 3437 1748 artibus.

171 1788 450 1859 τοσαύτην
496 1789 608 1859 ὁρῶ
676 1788 763 1842 διὰ
822 1791 1040 1843 πάντων
1110 1786 1499 1858 δεδωρημένην
1560 1788 1760 1855 τιμήν;

1866 1786 1974 1842 Nos
2008 1789 2150 1842 enim
2191 1805 2222 1843 e
2268 1799 2423 1845 terra:
2464 1806 2629 1844 arena
2674 1790 2901 1854 vitrum,
2936 1806 3131 1843 aurum
3186 1786 3439 1857 (exempli

177 1880 344 1953 [1556
390 1878 486 1952 8.]
535 1881 651 1934 ἀλλ’
686 1876 797 1951 ἆρα
821 1882 977 1949 ὑμεῖς
1013 1880 1376 1951 ίχθυόὸρωτον
1426 1876 1762 1933 ὑποπτεύετε

178 1970 340 2040 σῶμα
374 1973 471 2025 τὸν
535 1971 666 2024 Θεὸν
716 1973 985 2043 ζητοῦντα.
1015 1972 1090 2044 μὴ
1121 1972 1413 2042 εὐρήσειν;
1463 1969 1699 2032 καὶπῶς
1736 1971 1765 2022 ὁ

180 2065 413 2134 μυρίους
460 2066 519 2117 ἐν
572 2064 718 2134 ψυχῇ
763 2064 1059 2134 λογισμοὺς
1117 2063 1521 2133 στρεφομένους
1558 2061 1635 2132 τῷ
1664 2062 1765 2131 τῆς

180 2157 438 2225 γνώσεως
464 2157 608 2227 ἔχων
640 2159 860 2227 ἀμιγεῖς
888 2158 982 2210 καὶ
1006 2157 1350 2227 ἀσυγχύτους
1374 2159 1609 2226 ταμιείῳ
1666 2156 1765 2225 τὴν

182 2242 295 2295 τῶν
350 2243 611 2312 σωμάτων
673 2248 929 2314 μιγεῖσαν
953 2245 1052 2297 οὐκ
1089 2245 1422 2315 ἀναλήψεται
1482 2244 1764 2314 διακρίνας

181 2334 377 2402 quau;
433 2335 822 2406 ἀσθενέστερον
868 2336 930 2390 τὸ
980 2337 1133 2391 Θεῖον
1169 2340 1270 2409 τῆς
1309 2337 1438 2405 παρ’
1478 2340 1611 2408 ἡμῖν
1644 2338 1765 2390 ἁνα-

176 2425 445 2478 πλάττετε
468 2428 685 2499 τέχνης.
717 2429 827 2482 Καὶ
854 2430 965 2501 γὰρ
995 2432 1153 2501 ἡμεῖς
1180 2432 1243 2484 ἐκ
1269 2429 1503 2499 γεώδους
1533 2429 1763 2500 ψάμμου

174 2518 271 2571 καὶ
306 2517 465 2573 ὕελον
495 2522 591 2572 καὶ
619 2521 820 2591 χρυσὸν
860 2522 930 2592 (εί
959 2522 1136 2592 τύχοι)
1169 2522 1263 2575 καὶ
1286 2521 1488 2593 χαλκὸν
1518 2520 1613 2575 καὶ
1657 2520 1759 2591 ἄρ-

172 2627 341 2680 γυρον
398 2614 537 2681 πυρὶ
587 2612 789 2680 δόντες,
846 2614 915 2668 τὰ
964 2614 1163 2668 λιθίδια
1191 2614 1548 2685 διακρίνομέν
1582 2615 1763 2669 τεκαὶ

172 2704 574 2776 ἁποθλίὸομεν,
615 2707 783 2775 μηδὲν
818 2706 998 2759 αὐτῶν
1031 2706 1413 2778 καθορώμενον
1461 2708 1517 2760 ὲν
1556 2710 1623 2777 τῇ
1666 2706 1761 2759 τοῦ

169 2798 320 2851 λίθου
350 2799 519 2868 φύσει
541 2816 554 2828 ·
592 2801 686 2852 καὶ⁸
714 2795 856 2853 οἶνον
880 2800 1032 2854 ὕδατι
1056 2801 1327 2872 κραθέντα
1358 2801 1518 2854 πάλιν
1547 2799 1762 2870 διακρί-

173 2906 355 2952 νοντες
382 2891 466 2952 είς
493 2889 592 2961 τὴν
616 2890 752 2944 ἰδίαν
784 2893 945 2961 φύσιν
972 2892 1433 2962 ἀποκαθιστῶμεν
1472 2893 1754 2961 ἑκάτερον.

182 2980 348 3034 Ἀλλὰ
376 2982 490 3051 γὰρ
511 2982 545 3051 ή
575 2980 670 3035 τοῦ
694 2981 829 3035 Θεοῦ
864 2982 1093 3052 δύναμις
1141 2983 1235 3037 καὶ
1283 2983 1444 3053 σοφία
1476 2983 1763 3054 ὰνεπινοή-

168 3090 285 3138 τοις
306 3075 535 3145 μέτροις
562 3076 662 3147 τῆς
695 3075 1042 3147 ἀνθρωπίνης
1103 3078 1197 3130 καὶ
1230 3078 1429 3147 τέχνης
1486 3077 1581 3130 καὶ
1642 3092 1759 3130 συν·

1867 1880 2085 1950 gratia),
2105 1895 2201 1946 aes,
2250 1892 2558 1951 argentum,
2585 1880 2694 1951 igni
2724 1881 2937 1942 dantes,
2971 1880 3256 1949 scrupulos
3288 1893 3443 1947 sepa-

1868 1987 2079 2039 ramus,
2113 1983 2167 2028 et
2195 1974 2514 2040 deterimus,
2544 1974 2764 2029 tametsi
2797 1974 2933 2027 nihil
2967 1974 3164 2027 horum
3217 1971 3272 2023 in
3299 1970 3441 2039 lapi-

1866 2062 1952 2118 dis
1982 2071 2179 2117 natura
2211 2064 2544 2133 apparuerit,
2604 2072 2657 2117 et
2705 2063 2889 2117 vinum
2936 2076 3092 2131 aqua;
3132 2060 3441 2113 immistum

1866 2155 2063 2209 iterum
2090 2155 2144 2208 in
2163 2154 2438 2224 propriam
2464 2166 2713 2209 naturam
2734 2155 3128 2219 discernentes,
3149 2161 3444 2220 utrumque

1865 2247 2232 2302 restituimus.
2263 2246 2368 2302 Sed
2404 2247 2497 2302 Dei
2533 2256 2772 2317 potestas
2808 2256 2862 2302 et
2902 2246 3168 2316 sapientia
3214 2246 3443 2299 inlinitis

1866 2340 2043 2394 modis
2075 2340 2369 2394 humanam
2402 2349 2574 2395 artem
2609 2350 2663 2395 et
2699 2341 3033 2394 intellectum
3066 2340 3356 2403 excedens,
3389 2346 3444 2390 et

1867 2434 2249 2488 universorum
2319 2443 2571 2487 naturam
2632 2435 2686 2487 in
2741 2449 2801 2489 se
2863 2432 3333 2502 comprehenderis
3390 2439 3445 2484 et

1865 2528 2176 2593 continens,
2220 2535 2274 2581 et
2316 2528 2521 2580 variam
2564 2527 2814 2597 corporis
2868 2526 3349 2596 compositionem,
3388 2531 3445 2576 et

1864 2618 2178 2673 mistionem
2233 2619 2288 2672 in
2334 2629 2544 2673 naturae
2582 2619 2958 2688 promptuario
2987 2632 3176 2687 puram
3216 2628 3443 2669 conser-

1865 2716 1976 2763 vat.
2016 2708 2137 2764 Non
2166 2710 2311 2764 enim
2344 2718 2499 2763 extra
2529 2719 2780 2764 naturam
2816 2708 3015 2779 515a
3044 2709 3097 2762 in
3168 2715 3440 2770 creatura,

1865 2803 2115 2872 corporis
2141 2811 2336 2856 natura
2362 2811 2465 2866 est,
2500 2802 2602 2857 etsi
2631 2816 2726 2871 per
2758 2801 2907 2855 mille
2942 2808 3145 2854 mortes
3182 2798 3313 2851 ﬂuat
3347 2810 3439 2850 so-

1865 2894 2000 2949 luta.
2027 2894 2154 2948 Ideo
2176 2894 2230 2947 in
2263 2894 2536 2963 propriam
2564 2892 2726 2946 facile
2754 2891 2991 2945 formam
3042 2888 3357 2949 revertitur,
3390 2894 3445 2939 et

1865 2986 1935 3040 de
1982 2984 2191 3040 honore
2224 2984 2535 3053 participat,
2577 2984 2732 3053 cujus
2764 2983 2910 3037 illam
2954 2980 3272 3052 participem
3323 2977 3441 3032 ﬁeri

1866 3076 2130 3147 oportuit,
2170 3091 2297 3129 cum
2331 3076 2497 3130 etiam
2537 3091 2645 3130 una
2670 3074 2983 3130 certaverit.

167 3170 345 3235 έσεως
399 3170 769 3240 ὑπερέχουσα,
819 3172 912 3225 καὶ
941 3172 1039 3240 τὴν
1067 3170 1175 3225 τῶν
1204 3169 1342 3223 ὅλων
1389 3171 1575 3224 οὐσίαν
1623 3171 1681 3223 ὲν
1711 3170 1757 3201 ³³
1796 3170 1964 3240 ἑαυτῇ
2003 3166 2343 3221 συλλαϐοῦσα
2409 3169 2503 3222 καὶ
2562 3169 2912 3239 περιέχουσα,
2938 3165 3032 3219 καὶ
3060 3166 3159 3235 τὴν
3188 3162 3450 3236 πολύτρο-

167 3278 269 3316 πον
307 3262 418 3315 τῶν
455 3263 727 3331 σωμάτων
758 3262 1045 3335 σύγκρισιν
1078 3264 1122 3297 ³⁵
1155 3265 1250 3318 καὶ
1274 3264 1420 3334 μίξιν
1443 3265 1500 3316 ἐν
1526 3264 1636 3325 τοῖς
1662 3263 1762 3332 τῆς
1800 3262 2016 3333 φύσεως
2078 3262 2306 3334 εὐκρινῆ
2345 3264 2600 3333 συντηρεῖ
2623 3260 2911 3331 ταμιείοις.
2939 3259 3014 3313 Οὐ
3045 3257 3153 3326 γὰρ
3202 3256 3305 3323 ἔξω
3346 3257 3444 3324 τῆς

166 3361 228 3411 ἓν
260 3360 328 3427 τῇ
366 3357 544 3409 κτίσει
578 3356 791 3425 φύσεως
814 3361 847 3430 ἡ
874 3360 967 3412 τοῦ
995 3359 1246 3431 σώματος
1277 3360 1439 3430 φύσις
1460 3402 1475 3426 ,
1524 3360 1628 3413 κᾶν
1676 3359 1764 3414 διὰ
1799 3360 2013 3429 μυρίων
2036 3358 2135 3430 ῥέῃ
2169 3358 2406 3429 λυομένη
2447 3357 2715 3411 θανάτων.
2757 3358 2848 3409 Διὸ
2901 3356 3039 3428 πρὸς
3072 3354 3170 3425 τὴν
3237 3352 3444 3406 οἰκείαν

166 3449 411 3511 εὐκόλως
445 3449 781 3518 ἐπανάγεται
816 3450 1051 3522 μορφὴν,
1109 3450 1205 3503 καὶ
1262 3453 1510 3504 κοινωνεῖ
1548 3451 1656 3505 τῶν
1694 3451 1894 3521 τιμῶν,
1950 3443 2026 3505 ὧν
2083 3451 2221 3521 αὐτῇ
2286 3450 2331 3481 ³⁵
2367 3451 2660 3520 μετασχεῖν
2701 3448 2810 3502 ἔδει
2870 3447 3319 3518 συνδιενεγκούσῃ
3348 3444 3441 3499 καὶ

160 3543 292 3603 τούς
324 3539 547 3604 ἄθλους.

168 3654 285 3710 Τοῦ
318 3654 513 3709 αὐτοῦ
538 3654 607 3709 ἐκ
642 3655 750 3709 τοῦ
806 3658 892 3721 εὶς
937 3655 1053 3723 τὴν
1077 3656 1415 3724 Ἀνάληψιν
1462 3663 1513 3710 α’
1540 3657 1748 3728 λόγου.

1917 3655 2175 3726 Ejusdem
2216 3653 2436 3710 humilia
2479 3655 2656 3722 prima
2695 3655 2759 3708 de
2801 3652 3000 3709 Christi
3047 3655 3369 3711 ascensione.

748 3749 817 3802 Τὸ
846 3749 1179 3817 προοίμιον.

239 3842 335 3906 Εἰς
365 3842 603 3912 οὐρανὸν
628 3842 728 3912 μὲν
752 3842 846 3895 καὶ
873 3842 979 3912 γῆν
1012 3843 1044 3912 ἡ
1070 3842 1170 3911 τῆς
1218 3843 1453 3905 κτίσεως
1484 3841 1753 3911 διαμεμέο

161 3953 355 4005 ρισται
384 3934 571 4003 φύσις,
607 3935 709 3987 οὐκ
747 3935 813 4005 ἐᾷ
837 3933 893 3987 δέ
935 3951 1002 4004 με
1025 3935 1125 4004 τὴν
1163 3934 1432 4005 διαίρεσιν
1465 3934 1687 4005 βλέπειν
1720 3936 1756 4006 ή

158 4024 461 4093 συνάψασα
523 4025 765 4097 σήμερον
798 4024 897 4095 τὴν
942 4024 1118 4077 κτίσιν
1171 4025 1351 4095 χάρις.
1377 4025 1474 4089 Τίς
1523 4026 1633 4097 γὰρ
1691 4025 1757 4079 ἂν

157 4118 310 4171 εἴποι
342 4116 535 4169 λοιπὸν
576 4115 815 4187 οὐρανὸν,
855 4116 949 4168 καὶ
1002 4118 1104 4186 γῆν
1129 4116 1444 4188 διῃρῆσθαι,
1474 4117 1571 4171 καὶ
1605 4116 1755 4169 κάτω

156 4212 263 4280 τῆς
282 4209 511 4279 φύσεως
530 4208 631 4277 τῆς
665 4210 804 4278 ἐμῆς
852 4210 948 4262 καὶ
978 4209 1089 4262 ἄνω
1123 4208 1223 4279 τῆς
1253 4210 1395 4280 ἐμῆς
1430 4208 1755 4279 βασιλευού-

159 4322 258 4376 an;
285 4322 304 4371 ;
336 4303 478 4355 ἀλλὰ
520 4304 671 4356 κάτω
716 4301 814 4371 μὲν
841 4300 921 4354 ἔτι
962 4305 1028 4372 τῇ
1062 4302 1239 4373 φθορᾷ
1292 4302 1710 4373 τυραννούμεθα
1739 4318 1753 4332 ⁸

158 4395 293 4448 ὅταν
344 4394 407 4446 δὲ
457 4393 539 4455 είς
581 4392 809 4463 οὐρανὸν
850 4392 1265 4463 ἀναϐλέψωμεν,
1315 4393 1415 4464 τὴν
1461 4394 1668 4465 φθορὰν
1723 4396 1758 4465 ἡ

159 4486 332 4553 φύσις
387 4483 734 4539 ἀποτίθεται.
766 4482 965 4535 Βλέπει
1010 4482 1118 4553 γὰρ
1160 4482 1275 4536 ἄνω
1316 4483 1416 4553 τὴν
1449 4483 1559 4536 τῶν
1609 4484 1758 4538 κάτω

158 4575 383 4648 νεκρῶν
458 4575 831 4646 ἀναστάσιμον
901 4575 1076 4645 ῥίζαν.
1140 4575 1206 4627 Ὢ
1255 4574 1483 4647 κέρδους
1554 4575 1758 4646 ζημίας

158 4667 532 4741 προελθόντος
556 4669 569 4722 ί
599 4667 1014 4737 κατενεχθέντες
1046 4665 1296 4738 ᾔρθημεν
1318 4669 1401 4731 είς
1428 4668 1561 4737 ὕψος
1596 4686 1612 4701 ⁸
1648 4670 1757 4723 ὠσ-

160 4763 352 4824 θέντες
375 4762 461 4823 εἰς
487 4760 717 4831 οὐρανὸν
743 4760 1141 4830 ἁνηνέχθημεν·
1163 4759 1272 4812 έσω
1298 4761 1392 4814 τοῦ
1424 4762 1757 4832 παραδείσου

166 4854 478 4926 πληγέντες
518 4851 623 4917 ἔξω
652 4853 754 4922 τὴν
792 4852 1089 4922 θεραπείαν
1123 4852 1464 4924 εὑρήκαμεν.
1501 4853 1610 4908 Ποῦ
1650 4871 1755 4918 σοι,

170 4944 605 5011 καταποντιστὰ,
638 4946 699 5000 τὸ
753 4944 1155 5018 κακούργημα;
1187 4947 1246 5000 ὃν
1300 4946 1510 5017 ἔπηξας
1536 4947 1615 5017 τῷ
1657 4965 1758 5001 κυ-

2482 3748 2823 3804 Ρι·οωηιὶαηι.

1934 3844 1993 3899 ln
2022 3843 2224 3899 malum
2259 3853 2314 3899 et
2334 3850 2537 3898 terram
2578 3852 2849 3897 creaturae
2880 3851 3075 3897 natura
3099 3840 3275 3896 divisa
3307 3850 3390 3895 est
3425 3858 3441 3900 :

1864 3951 1975 3992 non
2028 3936 2296 4006 permittit
2338 3950 2425 3991 me
2478 3936 2804 3991 divisionem
2856 3935 3040 3989 videre
3077 3934 3272 4005 gratia,
3323 3951 3445 4003 qua:

1866 4028 2032 4085 hodie
2096 4037 2404 4084 creaturam
2487 4031 2793 4083 connectit.
2859 4026 3121 4093 Quisnam
3187 4028 3445 4095 deinceps

1864 4121 2085 4189 dixerit,
2116 4120 2314 4175 cmlum
2346 4128 2401 4175 et
2428 4128 2628 4174 terram
2666 4120 2839 4174 divisa
2872 4134 3015 4185 esse,
3047 4134 3172 4173 cum
3201 4133 3366 4187 supra
3391 4128 3446 4173 et

1866 4213 2007 4268 inl'ra
2038 4223 2233 4267 natura
2269 4228 2393 4268 mea
2420 4213 2641 4283 regnet?
2678 4210 2782 4266 Sed
2808 4212 2947 4266 infra
2979 4213 3193 4282 quidem
3224 4227 3446 4280 corrup-

1866 4304 2013 4358 tione
2034 4305 2213 4358 adhuc
2244 4304 2565 4374 premimur.
2597 4304 2827 4370 Quando
2847 4318 2977 4359 vero
3002 4305 3056 4358 in
3081 4305 3280 4358 caelum
3310 4319 3446 4357 ocu-

1866 4394 1948 4449 los
2001 4394 2417 4457 convertimus,
2487 4393 2892 4463 corruptionem
2957 4402 3149 4447 natura
3198 4394 3441 4463 deponit.

1868 4484 2028 4539 Videt
2062 4489 2209 4541 enim
2250 4501 2416 4555 supra
2459 4500 2651 4541 eorum
2693 4487 2786 4556 qui
2838 4485 2979 4540 infra
3017 4486 3219 4540 mortui
3258 4501 3447 4540 resur-

1867 4577 2127 4632 rectionis
2154 4578 2399 4632 radicem
2445 4578 2803 4648 (Christum):
2838 4594 2871 4632 o
2901 4579 3112 4633 lucrum
3166 4594 3197 4633 e
3248 4579 3446 4633 damno

1865 4671 2226 4739 proveniensj
2254 4672 2530 4725 Deorsum
2561 4669 2713 4725 missi
2763 4669 3009 4724 tollimur
3042 4670 3096 4723 in
3126 4671 3318 4735 altum,
3347 4684 3445 4723 ex-

1867 4760 2008 4830 pulsi
2040 4760 2094 4813 in
2128 4758 2325 4813 malum
2353 4759 2687 4814 reducimur.
2726 4759 2871 4814 Intra
2904 4759 3220 4828 paradisum
3256 4759 3448 4814 vulne-

1869 4854 1995 4918 rati,
2050 4862 2207 4907 extra
2259 4852 2413 4906 illum
2461 4852 2767 4907 remedium
2814 4852 3145 4907 invenimus.
3193 4851 3297 4909 Ubi
3351 4853 3448 4908 tibi

1870 4946 2066 5014 pirata,
2110 4943 2442 4999 maleﬁcium
2497 4944 2615 4999 est?
2668 4944 2815 4998 Crux
2876 4959 3043 5013 quam
3094 4944 3444 5014 gubernatori

172 5038 698 5112 δερνήτῃοσταυρὸν,
737 5040 929 5108 γέγονε
952 5043 1018 5109 τῇ
1064 5039 1381 5111 ναυαγούσῃ
1430 5040 1594 5109 φύσει
1650 5058 1759 5110 πη-

1866 5036 2052 5102 Πτίδιί,
2083 5037 2315 5091 vertitur
2343 5046 2556 5091 natura;
2594 5035 2874 5105 naufraga:
2910 5038 2965 5090 in
2999 5037 3218 5091 clavum
3262 5036 3442 5098 navis,

172 5128 352 5182 δὰλιον
379 5173 394 5194 ,
446 5130 543 5183 καὶ
592 5131 731 5201 πρὸς
777 5130 1063 5202 οὐρανίους
1108 5130 1343 5195 οίακίζει
1392 5131 1619 5201 λιμένας
1666 5151 1763 5187 κυ-

177 5215 542 5287 μαινομένους
591 5217 636 5250 ³⁸
681 5220 832 5288 ἡμᾶς
891 5219 984 5273 καὶ
1043 5219 1496 5291 ἀποκαθίστησιν.
1546 5222 1760 5292 Ὠσπερ

178 5305 304 5377 [840
336 5306 435 5382 H.]
466 5308 657 5363 αἰτῶν
695 5310 951 5382 μαθητῶν
978 5313 1042 5366 ὲκ
1085 5312 1186 5382 τῆς
1210 5312 1313 5382 γῆς
1343 5313 1483 5384 πρὸς
1522 5315 1753 5385 οὐρανὸν

1840 5130 2007 5199 .etzad
2039 5129 2315 5183 caelestem
2350 5142 2453 5184 nos
2503 5137 2723 5198 portum
2781 5128 3107 5184 ﬂuctuantes
3158 5127 3328 5190 ducit,
3384 5142 3448 5180 ac

1870 5223 2038 5278 sistit.
2074 5222 2554 5289 Quemadmodum
2604 5223 2977 5290 apostolorum
3025 5221 3171 5276 oculi
3216 5235 3247 5274 e
3300 5229 3447 5272 terra

1867 5317 1933 5371 ad
1988 5317 2186 5371 cmlum
2237 5317 2439 5373 sublati
2490 5326 2667 5383 erant,
2717 5333 2883 5373 carne
2931 5316 3190 5388 paulatim
3228 5328 3448 5369 sursum

1454 5491 1694 5547 VARle
1730 5492 2025 5549 LECTION
2037 5494 2137 5549 ES.

252 5669 295 5700 ’θ
320 5668 638 5735 καταλείψει
680 5668 743 5720 Λ.
846 5670 889 5700 ³¹
926 5668 1078 5720 am;
1105 5700 1169 5707 —
1200 5669 1394 5731 ἄθλους
1428 5687 1536 5727 om.
1578 5672 1635 5725 Β.

1741 5676 1783 5703 ³³
1808 5675 1981 5728 οὐσῶν
2020 5674 2062 5728 A
2094 5693 2102 5730 :
2141 5676 2309 5732 ὄντων
2343 5694 2402 5741 ς.

188 5738 229 5770 υ
258 5741 415 5811 αὐτῇ,
450 5739 583 5792 αὐτὸ
614 5740 673 5792 Δ.
755 5739 798 5770 ³⁸
833 5740 1282 5810 κυμαινομένουςι
1305 5744 1746 5812 κυδερνωὶλένθυί
1776 5746 1834 5800 Α*

2510 5677 2551 5711 δ’
2577 5678 2633 5730 ὲν
2666 5692 2776 5733 om.
2799 5677 2862 5730 A.
2979 5676 3023 5707 ³³⁵
3058 5672 3361 5747 σύγκρασιν
3390 5690 3449 5741 ςε
