3912 6234
156 335 248 401 257

1170 317 1697 385 BIBLIOTHECA.
1722 338 1791 351 -
1824 309 1990 373 COD.
2019 307 2395 370 CCLXXVII-

3312 296 3421 360 258

158 449 371 527 γραφία
403 447 465 502 δὲ
491 446 591 500 καὶ
622 457 976 516 προτυπωσις
1006 438 1196 494 τούτου
1227 439 1262 509 ἠ
1300 437 1439 506 πρὸς
1468 434 1567 505 τὴν
1597 430 1748 486 θείαν

1865 427 2114 483 credulus
2150 445 2163 480 ε
2207 434 2335 479 ante
2372 422 2586 477 locutus
2636 429 2722 476 est
2760 432 3005 489 serpens,
3041 415 3208 487 Virgo
3254 415 3423 486 parit.

162 523 349 601 είκόνα
388 540 489 610 τῆς
519 540 663 608 ἐμῆς
693 532 1052 606 δημιουργίας
1083 530 1378 600 καταϐολή.
1412 525 1678 597 Ἐμελλεν
1694 523 1740 555 ⁸⁸

161 640 282 715 δινος
338 634 523 688 λαλεῖν
556 647 573 662 ·
612 630 703 682 ἴνα
765 626 955 699 μηδεὶς
1010 626 1223 694 ἀπιστῇ
1268 622 1335 688 ⁸³³,
1375 620 1744 694 προελάλησεν

162 709 309 799 δφις.
364 723 643 795 Παρθένος
673 718 849 773 τίκτει
877 734 891 748 ·
930 718 1016 771 ἵνα
1041 717 1115 786 μή
1151 732 1231 768 σοι
1255 713 1404 779 ξένον
1436 711 1644 782 δειχθῇ,
1664 709 1747 763 τί·

164 837 289 875 κτει
332 812 702 885 προφθάσασα
743 810 954 880 στεῖρα.
997 805 1264 879 Ἐμελλεν
1307 803 1478 872 Ἀδὰμ
1514 801 1746 856 Θανάτου

164 906 453 963 τίκτεσθαι
498 904 766 977 κρείττων
794 902 930 955 οιῖνα
975 899 1051 972 μὴ
1097 902 1280 971 κάμῃς
1334 894 1610 965 ἐπιζητῶν
1656 912 1749 947 πι-

169 1001 422 1065 στεῦσαι,
452 1001 481 1051 ὁ
525 996 745 1068 πρῶτος
785 995 956 1065 Ἀδὰμ
993 995 1090 1057 τάς
1119 992 1206 1047 ἐπ’
1230 988 1500 1061 ἀθανασίᾳ
1539 987 1752 1058 δέχεται

162 1098 406 1166 ψήφους.
420 1091 535 1145 Καὶ
548 1091 641 1143 τὸν
666 1087 839 1159 Ἑνὼχ
851 1087 1017 1158 ἔχεις,
1038 1086 1127 1139 ναὶ
1146 1085 1211 1157 δὴ
1230 1084 1326 1138 καὶ
1346 1080 1677 1151 τδνῇΗλίαν,
1694 1081 1755 1132 τὸ

166 1187 269 1254 τῆς
299 1183 604 1243 ἀθανασίας
635 1176 1115 1248 σκιά-,αραφοῦντας
1141 1175 1436 1246 μυστήριον
1468 1189 1485 1203 ο
1533 1171 1753 1242 κατέχει

167 1280 279 1345 γὰρ
323 1273 549 1336 τούτους
579 1271 608 1323 ό
639 1268 889 1339 Πλάστης
915 1270 972 1319 ὲν
1003 1267 1238 1337 σώματι,
1267 1261 1614 1334 ψυχαγωγῶν
1652 1261 1750 1331 τὴν

178 1369 464 1436 ἐξόριστον
496 1363 678 1432 φύσιν,
703 1360 778 1424 ὡς
811 1360 904 1414 καὶ
954 1359 1095 1430 μετά
1131 1358 1230 1428 τὴν
1259 1357 1547 1428 ὑπερόριον
1573 1355 1751 1425 φυγὴν

172 1460 342 1513 πάλιν
393 1460 475 1520 είς
506 1457 605 1526 τὴν
639 1453 905 1507 ἀθάνατον
961 1449 1302 1518 ὲπαναγάγοι
1357 1446 1757 1502 πολιτείαν..Ἦ

169 1552 261 1606 διὰ
284 1548 622 1608 πταίσαντος
656 1546 869 1617 Πατρδς
906 1541 1304 1597 ἐπεισελθοῦσα
1337 1539 1598 1617 θνητόιτης
1627 1538 1761 1591 ἀνα-

178 1644 467 1716 μαρτήτου
490 1607 679 1702 παιδὸς
697 1607 1040 1702 είς-διάλυσιν
1076 1634 1244 1688 ἐδεῖτο
1264 1634 1361 1703 τῆς
1388 1607 1676 1704 τίμὶυρεας,
1698 1630 1759 1684 ὃν

173 1732 474 1803 ἀναμένειν
505 1732 541 1800 ἡ
564 1728 724 1798 φύσις
749 1727 835 1781 διά
859 1744 918 1779 τε
959 1724 1132 1795 Ἑνὼχ
1163 1724 1260 1778 καὶ
1300 1723 1481 1778 Ἠλίου
1508 1722 1761 1776 διδασκοσ

1854 519 1935 576 Ne
1961 518 2059 575 tibi
2094 532 2298 573 novum
2344 515 2615 579 videatur,
2662 512 2805 584 parit
2837 527 2961 582 quae
3010 522 3171 564 antea
3221 507 3425 564 sterilis

1855 612 1985 680 fuit,
2030 610 2327 682 pariendus
2365 616 2485 662 erat
2532 606 2777 661 Adamus
2811 612 2989 658 morte
3036 601 3305 670 superior,
3357 612 3427 653 ne

1854 703 2154 776 quaerendo
2182 710 2241 756 ut
2274 699 2465 756 credas
2494 696 2835 767 defatigeris.
2869 694 3086 750 Primus
3118 693 3291 746 Adam
3327 706 3425 746 ac-

1856 797 1987 868 cipit
2014 794 2339 851 sententiam
2368 792 2437 847 de
2468 789 2879 846 immortalitate
2905 796 2993 843 :et
3018 787 3209 843 Enoch
3237 785 3428 849 habes,

1857 899 1912 945 et
1938 888 2132 951 Eliam,
2163 886 2256 956 qui
2284 882 2711 939 immortalitatis
2733 880 3052 951 mysterium
3079 878 3427 932 adumbrant.

1858 981 2084 1038 Creator
2113 979 2256 1033 enim
2291 977 2394 1033 hos
2417 975 2595 1030 adhuc
2633 981 2783 1028 tenet
2812 972 2866 1025 in
2896 985 3149 1039 corpore,
3177 980 3429 1024 naturam

1860 1074 2201 1129 exsulantem
2254 1070 2569 1133 consolans,
2633 1066 2726 1135 qui
2781 1064 2945 1119 etiam
3006 1070 3132 1132 post
3176 1061 3431 1116 exsilium

1864 1164 2058 1218 iterum
2089 1160 2489 1215 immortalitati
2537 1157 2608 1212 sit
2660 1156 2808 1209 illam
2856 1152 3234 1207 restituturus.
3266 1147 3431 1217 Lapsi

1864 1254 2108 1326 parentis
2142 1268 2263 1323 qua:
2290 1250 2510 1320 irrepsit
2535 1246 2858 1311 mortalitas,
2893 1258 3004 1296 non
3035 1239 3314 1310 peccantis
3343 1236 3441 1290 lilii

1869 1347 1924 1401 in
1959 1345 2287 1401 solutionem
2312 1342 2523 1410 indiget
2575 1338 2772 1410 516a
2814 1335 3104 1405 supplicio,
3141 1345 3303 1401 quem
3346 1343 3441 1381 ex-

1869 1450 2114 1508 spectare
2131 1448 2320 1491 natura
2339 1451 2435 1506 per
2456 1433 2668 1495 Enoch,
2684 1440 2736 1484 et
2757 1429 2927 1483 Eliam
2946 1434 3105 1481 antea
3133 1419 3440 1478 consuevit.

1873 1531 1951 1587 Te
1984 1533 2197 1586 volente
2251 1543 2355 1583 non
2408 1526 2644 1581 moritur
2690 1521 2957 1585 mortalis,
3016 1526 3077 1572 ut
3128 1513 3338 1576 Enoch,
3390 1519 3444 1566 et

1871 1626 2017 1681 Elias
2046 1638 2133 1679 me
2158 1623 2377 1684 docent,
2420 1627 2472 1673 et
2519 1634 2615 1688 per
2648 1616 2771 1671 illos
2811 1608 3274 1668 resurrectionem
3316 1618 3444 1673 spe-

1870 1732 2082 1780 ramus,
2120 1718 2245 1785 quia
2280 1712 2524 1767 nondum
2577 1708 2777 1764 mortui
2826 1714 2974 1760 sunt.
3029 1700 3260 1755 Mortuis
3290 1710 3444 1760 vero,

179 1790 314 1895 μένη
362 1790 733 1892 προειθίξετο.
764 1818 886 1871 Ὅτι
938 1815 1033 1870 σοῦ
1063 1790 1433 1886 ιβουληθέντος
1478 1815 1578 1867 οὒκ
1623 1815 1760 1867 ἀπο-

1867 1824 2029 1879 quam
2090 1820 2280 1876 quaeso
2330 1804 2609 1874 praebeant
2652 1796 3116 1868 exspectationem
3169 1802 3448 1845 resurrec-

181 1916 410 1986 θνήσκει
470 1911 687 1982 θνητὸς,
730 1909 902 1979 Ἑνώχ
934 1925 1000 1980 με
1053 1909 1148 1961 κα)⁵
1191 1907 1379 1971 Ἠλίας
1426 1906 1759 1971 διδάσκουσι,

179 2008 275 2060 καὶ
305 2005 509 2074 γένοιτ’
544 2001 611 2055 ἂν
645 2002 715 2055 δι’
746 1998 926 2054 αὐτῶν
963 1998 1260 2059 ἀθανασίας
1289 1996 1443 2060 ἐλπὶς
1467 1999 1581 2060 τοῖς
1608 1994 1762 2049 οὔπω

184 2097 401 2166 θανάτῳ
438 2093 913 2165 προσομιλήσασιν
935 2106 951 2122 ·
985 2092 1197 2160 νεκροῖς
1236 2088 1295 2141 δὲ
1320 2089 1441 2142 τίνα
1493 2087 1560 2141 ἂν
1590 2085 1768 2158 παρά-

194 2206 374 2260 σχοιεν
406 2190 455 2241 οἱ
482 2188 651 2259 μήπω
699 2184 952 2248 θανόντες
1004 2182 1334 2255 προσδοκίαν
1374 2179 1762 2247 ἀναδιώσεως;

193 2280 314 2333 ἀλλ’
340 2280 433 2332 ὲάν
459 2296 537 2341 τις
572 2280 638 2330 ἐκ
660 2275 871 2346 νεκρῶν
894 2275 1131 2339 ἀναστὰς
1162 2276 1221 2327 ὲν
1242 2271 1459 2344 οὐρανῷ
1486 2271 1764 2347 βασιλεύῃ,

188 2364 346 2433 οὗτος
365 2369 441 2438 τῷ
473 2366 593 2439 ἐμῷ
621 2368 786 2420 παντὶ
817 2368 966 2434 γένει
995 2365 1056 2418 τὸ
1081 2365 1181 2434 τῆς
1206 2364 1504 2428 ἀθανασίας
1526 2363 1769 2433 ἀναμφί-

186 2460 341 2512 6ολον
368 2458 546 2529 δῶρον
568 2456 893 2528 παρέχεται.
923 2455 1022 2509 Διὰ
1042 2455 1202 2509 τοῦτο
1236 2454 1461 2508 πλάττει
1491 2456 1557 2526 τῇ
1608 2452 1769 2523 φύσει

184 2552 322 2615 Θεδς
351 2550 659 2613 ἀθανασίας
688 2551 753 2602 ἐκ
794 2549 896 2619 τῆς
933 2546 1149 2617 φύσεως
1199 2546 1516 2619 πρόσωπον,
1543 2545 1636 2599 καὶ
1665 2544 1772 2598 δεί-

185 2663 378 2699 κνυσιν
440 2644 588 2714 ὑπὲρ
607 2642 770 2713 φύσιν
808 2644 871 2695 ὲκ
914 2642 1013 2711 τῆς
1041 2639 1255 2709 φύσεως
1304 2638 1617 2709 προστάτην
1672 2636 1775 2703 τῆς

1864 1903 2038 1959 tionis
2068 1900 2106 1956 ii
2138 1900 2230 1970 qui
2278 1899 2518 1953 nondum
2554 1893 2756 1949 mortui
2793 1888 2957 1945 sunt?
3005 1885 3111 1941 Sed
3157 1884 3205 1939 si
3250 1883 3375 1954 quis
3416 1895 3449 1933 a

1868 1995 2105 2050 mortuis
2129 1993 2398 2047 excitatus
2432 1989 2485 2042 in
2525 1986 2666 2042 coelo
2698 1990 2909 2054 regnat,
2940 1979 3030 2035 ille
3059 1975 3316 2031 omnibus
3348 1973 3451 2026 ho-

1867 2088 2115 2143 minibus
2137 2094 2346 2141 certum
2376 2078 2807 2136 immortalitatis
2838 2071 3164 2129 beneﬁcium
3188 2069 3299 2122 dat.
3327 2066 3455 2119 ldeo

1870 2194 2083 2243 natura:
2105 2181 2305 2235 format
2332 2176 2478 2230 Deus
2504 2167 2932 2228 immortalitatis
2949 2181 2979 2218 e
2999 2170 3193 2218 natura
3224 2158 3417 2213 faciem
3437 2197 3453 2221 ,

1871 2274 2172 2335 etostendit
2196 2286 2361 2342 supra
2412 2276 2665 2323 naturam
2711 2270 2906 2316 natura
2938 2274 2969 2313 e
3000 2266 3211 2311 natura;
3239 2253 3453 2306 ducem.

1873 2370 1977 2440 Qui
1996 2378 2224 2425 mortem
2249 2361 2505 2434 gustavit,
2525 2360 2577 2413 in
2602 2357 2740 2412 coelo
2761 2370 2790 2408 a
2813 2350 3044 2407 mortuis
3064 2346 3380 2405 collocatur,
3399 2349 3461 2394 ut

1873 2481 1905 2522 e
1926 2464 2086 2520 terris
2119 2468 2313 2515 natura
2343 2456 2409 2510 ad
2441 2468 2566 2508 eum
2597 2449 2689 2522 qui
2716 2449 2769 2502 in
2814 2445 2967 2501 caelis
3012 2451 3097 2497 cst
3136 2435 3459 2507 respiciens,

1874 2556 2016 2614 nihil
2046 2554 2113 2609 de
2164 2547 2579 2606 immortalitate
2606 2538 2913 2603 addubitet,
2946 2534 3138 2589 videns
3181 2542 3364 2601 regem
3402 2526 3462 2580 in

1876 2660 2141 2708 aeternum
2179 2644 2233 2698 in
2265 2639 2420 2697 caelis
2450 2655 2481 2693 e
2508 2651 2567 2691 se
2599 2643 2787 2689 natum
2815 2642 3066 2699 regnare.
3107 2622 3243 2690 Quis
3274 2630 3465 2691 poten-

185 2739 426 2809 φύσεως.
491 2737 553 2791 '0
602 2736 836 2790 θανάτου
898 2734 1237 2803 γευσάμενος
1288 2735 1348 2785 ἐν
1407 2731 1655 2803 οὐρανοῖς
1712 2731 1760 2782 ἐ)

1880 2745 1986 2800 tias
2012 2737 2230 2797 Domini
2265 2731 2584 2791 enarrabit?
2612 2729 2829 2798 Regnat
2866 2737 2991 2779 cum
3041 2716 3330 2773 divinitate
3362 2727 3465 2766 na-

186 2831 403 2904 νεκρῶν
451 2829 844 2900 ὲνθρονίζεται,
873 2827 947 2891 ὡς
983 2825 1048 2879 ἂν
1087 2824 1329 2879 κάτωθεν
1359 2825 1393 2895 ἡ
1427 2823 1587 2892 φύσις
1640 2823 1760 2893 πρὸς

1880 2847 2023 2898 tura,
2053 2846 2177 2902 qua:
2225 2827 2379 2897 prius
2428 2824 2501 2899 in‘
2533 2819 2787 2891 paradiso
2839 2829 2940 2869 nec
2989 2810 3233 2865 divinam
3277 2816 3466 2859 vocem

186 2902 381 2979 τὸν-ὲν
445 2924 696 2995 οὐρανοῖς
745 2920 1064 2984 ἀτενίζουσα
1120 2916 1283 2989 [1540
1314 2915 1410 2988 11.]
1455 2914 1622 2986 μηδὲν
1667 2916 1757 2967 ἐπι

1885 2927 2078 2991 audire
2103 2920 2393 2986 sustinuit,
2425 2916 2520 2972 sed
2553 2928 2665 2985 prae
2696 2912 2895 2965 timore
2918 2906 3076 2977 fugit,
3107 2911 3162 2957 et
3206 2912 3329 2955 sese
3372 2902 3470 2951 oc-

190 3019 429 3090 διστάζῃ
476 2990 530 3048 δέ
558 3018 624 3087 τῇ
651 3013 940 3084 ἀθανασίᾳ,
974 3011 1068 3064 τὸν
1098 3009 1158 3075 ἐξ
1189 3009 1356 3077 αὐτῆς
1388 3007 1575 3070 ἀϊδίως
1605 3010 1665 3060 ὲν
1692 3006 1760 3060 οὐκ

1886 3018 2137 3075 cultavit.
2162 3014 2207 3070 Ο
2240 3013 2336 3067 Dei
2389 3025 2518 3080 erga
2565 3022 2653 3062 me
2691 3000 3024 3065 bonitatem}
3058 2996 3177 3051 Non
3218 2990 3472 3048 meminit

190 3114 377 3183 ρανοίς
400 3086 702 3179 -.βλέπουσα
737 3102 1110 3177 βασιλεύοντα.
1131 3102 1228 3166 Τίς
1250 3101 1469 3171 λαλήσει
1499 3100 1599 3162 τὰς
1619 3099 1760 3151 δυναι

1890 3105 2374 3181 transgressionis,
2420 3116 2531 3155 non
2570 3095 2894 3154 recordatur
2934 3089 3101 3161 pacti,
3150 3086 3297 3156 quod
3344 3098 3471 3138 cum

2285 3196 2294 3199 -
2542 3190 2553 3199 .
2598 3189 2610 3199 .
2815 3185 2827 3195 .
2910 3197 2930 3199 η
2972 3177 3259 3199 .,.__,,_m
3297 3173 3441 3199 μω,

190 3173 378 3263 στείας
423 3173 684 3271 kuplou;
733 3173 1130 3267 Συμϐασιλεύει
1162 3195 1206 3228 ⁸⁵
1261 3193 1488 3266 Θεότητι
1548 3191 1710 3261 φύσις
1748 3195 1760 3243 1‘

1894 3173 2151 3270 serpente
2191 3196 2396 3250 malum
2434 3189 2764 3261 pepigimus,
2815 3177 3262 3252 ingratitudinem
3297 3173 3474 3228 homi-

189 3295 326 3364 πρὶν
362 3294 424 3345 ἐν
459 3263 776 3362 παραδείσῳ
808 3263 942 3358 μηδὲ
968 3289 1070 3358 τῆς
1098 3284 1248 3347 θείας
1272 3263 1457 3355 φωνῆς
1487 3282 1585 3354 τὴν
1611 3282 1760 3353 ἀκοὴε

1891 3308 2021 3348 num
2065 3305 2177 3344 non
2229 3292 2468 3357 reputat,
2522 3281 2736 3350 lapsum
2785 3284 2994 3329 natura
3036 3284 3146 3324 non
3176 3263 3471 3326 erubescit,

194 3354 495 3453 στέγουσα,
527 3354 665 3435 ἀλλά
784 3354 933 3449 φόόῳ
963 3354 1374 3449 δραπετεύουσα
1420 3376 1515 3429 καὶ
1542 3391 1760 3445 κρυπτοι

1894 3385 1989 3443 sed
2018 3385 2074 3438 in
2107 3354 2367 3437 barathro
2399 3372 2592 3429 mortis
2612 3370 2911 3441 iacentem,
2944 3363 2998 3417 in
3022 3360 3155 3431 ipsis
3179 3354 3476 3426 impietatis

198 3447 360 3547 μένη.
392 3478 461 3528 ’Ὦ
486 3478 585 3544 τῆς
616 3447 749 3544 περί
784 3447 884 3543 ἐμὲ
906 3447 1289 3543 χρηστότητος
1315 3472 1328 3525 l
1356 3470 1415 3522 οὐ
1451 3467 1759 3539 μνημονεύε

1894 3476 2071 3549 adytis
2104 3468 2500 3542 complectitur
2526 3459 2986 3520 inenarrabilibus
3016 3451 3222 3509 amoris
3246 3447 3476 3511 divitiis,

194 3571 290 3636 τῆς
341 3555 734 3638 παραϐάσεως,
756 3534 830 3617 οὐ.
857 3534 1195 3635 μνησίκακεῖ⁷
1216 3561 1312 3615 τοῦ
1343 3534 1480 3634 πρὸς
1513 3534 1606 3613 τόν
1661 3561 1760 3630 δφιε

1894 3534 2138 3626 et'illam
2166 3581 2233 3620 ex
2265 3561 2568 3617 inferorum
2606 3552 2975 3627 penetralibus
3022 3534 3343 3609 retrahens,
3367 3554 3479 3596 una

198 3658 576 3731 συνθήματος,
602 3657 697 3710 τοῦ
727 3658 919 3724 γένους
940 3658 1039 3726 τὴν
1064 3653 1455 3725 ἀγνωμοσύνην
1484 3656 1545 3707 οὐ
1574 3653 1760 3723 λογίζε

1882 3678 2008 3717 cum
2072 3658 2357 3715 divinitate
2430 3668 2527 3709 sua
2580 3648 2808 3703 Creator
2871 3653 3176 3698 creaturam
3218 3638 3476 3704 elevans,

194 3770 309 3820 ται,
336 3728 439 3824 τὴν
464 3752 673 3805 πτῶσιν
697 3752 797 3804 οὐκ
823 3748 1137 3821 ἐπῃσχύνθη
1158 3748 1255 3819 τῆς
1277 3748 1490 3817 φύσεως
1514 3764 1529 3780 ο
1564 3748 1680 3803 ἀλλ’
1726 3750 1760 3802 ὲ·

1879 3765 2107 3825 paterno
2129 3749 2273 3807 sinui
2293 3744 2569 3817 imposuit.
2596 3741 2721 3796 ldeo
2746 3739 2950 3794 Paulus
2969 3737 3168 3789 clamat
3190 3728 3483 3785 :Conresu~

196 3846 384 3910 αὐτοῖς
428 3847 545 3907 τοῖς
588 3843 685 3898 τοῦ
716 3842 946 3898 θανάτου
990 3840 1250 3912 κειμένης
1298 3841 1344 3873 ⁸⁸
1386 3840 1700 3913 βαράθροις,
1725 3849 1760 3899 ὲκ

1881 3846 2113 3908 scitavit,
2135 3852 2185 3897 et
2211 3841 2486 3896 consedere
2512 3853 2607 3892 nos
2629 3836 2754 3906 fecit
2791 3833 2844 3887 in
2868 3828 3160 3885 caelestibus
3180 3824 3230 3879 ιι.

197 3939 387 4003 αὒτῡῖς
482 3939 596 4000 τοῖς
648 3936 749 4005 τῆς
808 3934 1062 3997 ἀσεϐείας
1111 3934 1326 3998 ἀδύτοις
1372 3936 1791 4007 περιδράττεται
1824 3941 2027 4010 ταύτης
2054 3939 2276 4011 ἀρρήτῳ
2328 3930 2736 4005 φιλανθρωπίας
2766 3927 3001 3995 πλούτῳ,
3044 3922 3140 3976 καὶ
3167 3921 3276 3973 τῶν
3292 3916 3478 3988 μυχῶν

197 4030 407 4099 ταύτην
430 4029 755 4088 ἀνασπάσας
776 4025 871 4079 τοῦ
899 4026 1027 4099 ᾆδον
1052 4028 1146 4082 καὶ
1168 4028 1214 4061 ⁸⁷
1238 4028 1628 4099 συνανυψὼσας
1653 4033 1817 4087 αὑτοῦ
1832 4038 1900 4105 τῇ
1934 4033 2148 4103 θεότητι
2190 4026 2565 4097 πλαστουργὺς
2592 4025 2620 4077 ὁ
2653 4018 3111 4088 πλαστούργημα,
3140 4015 3250 4075 τοῖς
3280 4028 3483 4081 πατρι-

200 4128 316 4189 κοῖς
340 4124 570 4186 κόλποις
598 4122 865 4190 ἐνίδρυσε·
896 4123 995 4205 Alﬁ
1035 4122 1194 4175 τοῦτο
1214 4123 1310 4175 καὶ
1338 4123 1550 4188 Παῦλος
1566 4126 1696 4179 ἐϐόα
1716 4142 1729 4157 ο
1749 4128 2074 4200 Συνήγειρε
2118 4126 2216 4181 καί
2237 4121 2644 4178 συνεκάθισεν
2662 4112 2820 4184 ἡμᾶς
2843 4115 2914 4168 ἐν
2929 4112 3054 4178 τοῖς
3082 4109 3481 4177 ἐπουρανίοις.

916 4213 1077 4267 ΣΟΖ’.

2480 4207 2828 4267 CCLXXVII.

210 4309 320 4363 Τοῦ
354 4304 795 4375 Χρυσοστόμου
830 4304 899 4357 ἐκ
940 4303 1049 4382 τῆς
1094 4304 1228 4382 περὶ
1258 4305 1368 4360 τοῦ
1396 4308 1569 4376 ἁγίου
1602 4309 1760 4363 Πνεύ

1898 4313 2173 4382 Excerpta
2224 4323 2290 4363 ea:
2349 4304 2657 4382 Homjlia_1
2725 4298 2951 4353 Joannis
3011 4294 3370 4367 Chrysost’omi
3417 4295 3481 4347 de

717 4391 905 4442 ματος
929 4380 980 4427 a'
1009 4377 1270 4445 ὁμιλίας.
1443 4374 1451 4376 “

2079 4374 2089 4382 ’
2467 4374 2672 4443 Spiritu
2703 4381 2908 4425 sancto.

285 4465 642 4535 Ἀνεγνὼσθη
690 4465 782 4518 τοῦ
812 4465 1201 4535 Χρυσοστόμου
1254 4467 1320 4520 ἐκ
1352 4466 1452 4537 τῆς
1508 4469 1637 4539 περὶ
1693 4472 1760 4522 το²

1969 4472 2095 4543 Legi
2137 4470 2368 4541 primam
2415 4466 2709 4521 Homiliam
2743 4459 3120 4534 Chrysostomi
3164 4458 3232 4513 de
3278 4457 3484 4527 Spiritu

205 4562 365 4628 ἁγίου
386 4559 707 4627 Πνεύματος
737 4562 961 4627 πρώτης
994 4558 1227 4628 ὁμιλίας,
1255 4553 1323 4631 ἧς
1350 4558 1395 4590 ⁸⁸
1423 4560 1639 4631 ἡάρχὴ,
1666 4561 1760 4613 Χθὲ

1865 4568 1888 4625 )
1915 4575 2127 4629 sancto,
2156 4562 2315 4631 cujus
2347 4560 2453 4615 hoc
2477 4558 2692 4613 initium
2723 4574 2738 4610 :
2770 4553 2897 4609 Heri
2934 4551 3115 4616 nobis,
3147 4565 3180 4605 ο
3215 4559 3487 4604 amatores

206 4656 361 4725 ἡμῖν,
397 4647 445 4705 ὦ
478 4652 811 4721 φιλόχριστοι
840 4652 908 4717 ⁸⁹,
933 4652 982 4704 οί
1022 4650 1399 4722 ψευδόχριστοι
1446 4651 1538 4720 ἀφ’
1589 4651 1760 4705 ἑαυτῶ

1911 4654 2143 4719 Christi,
2198 4648 2602 4723 pseudochristi
2655 4662 2685 4701 a
2734 4643 3047 4715 semetipsis
3087 4642 3485 4712 loquebantur,

206 4746 459 4806 ὲλάλουν,
482 4744 585 4797 οὐκ
612 4747 678 4796 ὲκ
704 4743 892 4812 νόμον,
923 4742 1023 4796 οὐκ
1081 4744 1145 4796 ὲκ
1185 4742 1501 4813 προφητῶν,
1529 4743 1643 4798 ἀλλ’
1698 4746 1760 4799 ἅτ

1912 4764 2021 4803 non
2060 4761 2125 4801 ex
2154 4744 2293 4817 lege,
2328 4758 2434 4797 non
2466 4756 2534 4796 ex
2577 4737 2883 4809 prophetis,
2917 4734 3009 4790 sed
3055 4749 3087 4788 a
3134 4733 3359 4803 proprio
3385 4745 3487 4786 suo

211 4838 302 4907 τῆς
358 4837 503 4900 ιδίας
544 4834 771 4905 γνώμης
817 4839 910 4888 καὶ
982 4835 1179 4906 ὁρμῆς.
1222 4835 1281 4890 '0
1336 4836 1394 4891 δὲ
1461 4838 1650 4909 Σωτὴρ
1707 4839 1760 4891 οἱ

1912 4839 2096 4893 animo
2122 4852 2188 4893 ac
2222 4836 2429 4905 impetu
2463 4852 2474 4887 :
2506 4830 2760 4886 Salvator
2795 4837 2978 4883 autem
3030 4840 3138 4880 non
3184 4825 3411 4880 recessit
3453 4837 3487 4877 a

216 4930 426 5000 ἀπέστη
477 4928 670 4999 νόμου,
719 4928 820 4981 οὐκ
862 4928 1288 4997 ὲγκαταλέλοιπε
1346 4931 1657 5002 προφήτας,
1692 4931 1759 4984 ἀλ

1912 4930 2054 4999 lege,
2087 4944 2198 4983 non
2231 4926 2453 4997 reliquit
2496 4924 2808 4995 prophetas,
2860 4919 2955 4975 sed
2988 4918 3125 4973 dixit
3172 4931 3316 4971 nunc
3363 4915 3487 4985 qui-

216 5020 366 5089 ἒλεγε
390 5019 492 5073 νῦν
518 5020 642 5089 μὲν,
670 5019 880 5086 Καλῶς
901 5016 1071 5074 εἶπεν
1101 5020 1360 5087 Ἡσαΐας,
1394 5022 1487 5075 νῦν
1502 5022 1581 5088 δὲ,
1608 5023 1690 5077 Οὐ
1712 5041 1760 5092 γε

1910 5020 2034 5075 dem
2057 5037 2071 5073 :
2099 5018 2239 5072 Bene
2258 5015 2585 5087 prophetavit
2611 5012 2788 5067 Isaias
2818 5012 2834 5053 ί
2862 5028 2877 5078 ;
2903 5026 3049 5066 nunc
3071 5024 3232 5064 vero:
3264 5005 3388 5060 Non
3408 5013 3485 5059 est

220 5126 471 5180 γραπται
509 5114 583 5167 ὲν
613 5112 696 5178 τῷ
738 5115 900 5183 νόμῳ
945 5115 1132 5183 ὑμῶν,
1174 5116 1269 5169 καὶ
1329 5116 1501 5187 μυρία
1549 5116 1760 5171 τοιαῦτε

1910 5114 1965 5166 in
1989 5113 2099 5183 lege
2120 5120 2294 5167 vestra
2315 5109 2573 5178 scriptum
2598 5106 2643 5161 i.
2674 5115 2728 5161 et
2751 5105 2880 5160 talia
2905 5104 3139 5159 infinita.
3160 5101 3294 5156 Cum
3321 5099 3486 5165 igitur

232 5198 381 5254 Ἐπεὶ
427 5202 525 5256 οὖν
551 5202 604 5256 οί
652 5203 902 5267 ἐλθόντες
929 5205 1037 5276 πρὸ
1078 5202 1342 5273 Χριστοῦ,
1367 5206 1463 5259 καὶ
1490 5205 1552 5259 τὸ
1590 5206 1760 5260 ὲκείνο

1912 5206 2006 5275 qui
2039 5210 2307 5260 venerunt
2332 5210 2460 5255 ante
2490 5198 2795 5263 Christum,
2836 5206 2892 5251 et
2936 5196 3083 5250 illius
3116 5205 3311 5246 nomen
3348 5188 3486 5243 falso

224 5293 537 5392 περιθέντες
569 5295 802 5392 -ὲαυτοίς
846 5295 1166 5364 κακούργως
1202 5292 1329 5365 [842
1367 5293 1464 5367 H.]
1485 5295 1674 5366 ὄνομα,
1704 5298 1760 5350 ού

1914 5295 2017 5351 sihi
2070 5295 2473 5364 imposuerunt,
2524 5307 2636 5347 non
2687 5306 2717 5344 e
2757 5304 2912 5345 sacra
2950 5288 3255 5355 Scriptura,
3292 5283 3386 5337 sed
3416 5297 3485 5335 ex

227 5381 327 5435 ἀπὸ
343 5384 456 5438 τῶν
473 5385 636 5457 ἱερῶν
657 5385 695 5436 Γ
702 5384 912 5455 ραφῶν,
932 5384 1046 5437 ἀλλ’
1069 5386 1133 5437 ὲκ
1157 5384 1255 5453 τῆς
1282 5383 1419 5447 ἰδίας
1452 5385 1711 5451 ἀπονοίας
1738 5406 1760 5441 τ

1899 5388 2138 5465 propria
2170 5385 2426 5442 vecordia
2490 5398 2734 5440 errorem
2774 5381 3110 5453 proferrent,
3154 5376 3288 5432 dicit
3320 5374 3485 5430 Chri-

295 5475 552 5553 llEphesi.
580 5493 643 5541 ιι,
676 5478 732 5532 6.
815 5474 833 5513 ί
867 5475 1055 5529 Matth.
1089 5490 1178 5540 xv,
1207 5474 1262 5531 7.
1343 5471 1357 5523 i
1407 5472 1563 5531 Joan.
1595 5492 1715 5541 vm,
1747 5477 1834 5533 17.

1533 5568 1770 5626 νΑιιιΑρ]
1807 5566 2211 5642 moriones.

294 5663 340 5695 “
368 5664 607 5736 ἔμελλον
645 5683 740 5736 ςη
811 5662 858 5736 εξ
880 5663 1121 5736 ἀπιστεῖ.
1193 5660 1620 5736 -ξζὲπιδιστάξῃ
1645 5681 1706 5727 ς.
1808 5664 1853 5695 ιδ
1888 5655 2304 5736 συμϐασιλεύει]
2345 5650 2783 5727 συμδουλεύειΛ.
2862 5646 2907 5679 ⁵⁸
2935 5643 3193 5715 κειμένης
3210 5658 3356 5701 corr.
3391 5643 3480 5698 A:

238 5722 487 5805 κειμένοις
516 5755 578 5802 ς’.
654 5722 675 5730 ⁷
694 5734 741 5769 ⁸⁷
770 5732 865 5787 καὶ
893 5730 1019 5788 add.
1047 5733 1113 5785 A.
1190 5729 1235 5762 ⁸⁸
1257 5722 1344 5799 ἧς.
1421 5734 1465 5772 ⁴⁹
1490 5722 1760 5804 φιλόρχιστ

1865 5722 1972 5790 >ιῐι.’
1996 5735 2060 5786 A.
