3922 6242
519 324 625 388 259

1668 321 1930 382 ΡΗΟΤΙὶ
1959 323 2458 382 PATRIARCHIE
2492 323 2598 382 ΟΡ.

3660 318 3763 384 260

520 449 638 496 stus
675 458 688 493 :
735 437 846 510 Ego
889 455 921 491 a
970 454 1049 492 me
1092 439 1206 507 ipso
1241 454 1341 490 non
1373 437 1624 507 loquork,
1659 448 1717 494 ut
1763 439 1859 493 illi.
1894 438 2029 494 Nam
2061 455 2080 492 a

2197 441 2294 509 τῆς
2321 441 2528 510 πλάνης
2559 435 2975 509 προύϐάλλοντο,
3009 435 3156 505 λέγει
3190 435 3217 488 ὁ
3245 437 3460 506 Σωτήρ·
3496 433 3644 504 Ἐγὼ
3668 436 3762 489 ἀπ’

520 532 701 601 seipso
733 529 1112 600 516bloqui,
1141 537 1226 585 est
1259 537 1411 584 extra
1438 544 1626 584 sacras
1658 529 1890 586 Litteras
1916 531 2085 601 loqui,

521 623 649 691 quia
705 635 835 675 vero
891 636 922 675 a
983 623 1163 691 seipso
1216 621 1405 691 loqui,
1449 623 1987 691 pscudochristorum
2037 631 2089 676 et

522 712 1126 782 pseudoprophetarum
1159 722 1261 778 est,
1295 713 1427 768 dicit
1459 713 1601 768 Deus
1630 729 1726 782 per
1767 713 2086 783 prophetam

519 801 893 857 Ezechielem:
929 800 1055 855 Non
1101 803 1225 855 misi
1268 802 1409 868 illos,
1449 819 1480 856 a
1512 803 1697 872 seipsis
1744 802 1908 856 locuti
1942 812 2086 875 sunt,

513 906 562 946 et
585 893 648 946 de
679 892 833 948 corde
854 909 949 946 suo
981 893 1164 946 dicunt
1190 892 1232 948 1.
1256 893 1579 965 Quiaigitur
1603 894 2088 964 pseudoprophetae

514 999 546 1039 a
603 985 801 1054 seipsis
835 984 1006 1038 locuti
1053 993 1208 1048 sunt,
1256 985 1402 1039 illam
1454 985 1820 1055 suspicionem
1872 984 2085 1038 amoliri

512 1073 704 1126 volens
751 1089 766 1125 :
809 1056 1246 1142 (blasphemabat
1297 1073 1444 1127 enim
1500 1073 1714 1140 ingrata
1769 1071 2085 1127 Judaeorum

515 1165 686 1228 natio,
719 1173 773 1218 et
805 1162 1069 1217 mundum
1105 1164 1158 1217 in
1193 1179 1431 1218 errorem
1465 1165 1733 1234 trahebat)
1764 1165 1886 1220 ideo
1914 1164 2082 1218 dixit:

519 1253 630 1322 Ego
657 1270 689 1305 a
723 1269 801 1306 me
836 1254 948 1320 ipso
973 1269 1075 1306 non
1105 1254 1295 1325 loquor
1317 1263 1378 1321 ",
1414 1255 1508 1310 sed
1541 1271 1571 1308 a
1605 1256 1721 1325 lege
1761 1271 1823 1309 ac
1850 1257 2087 1326 prophe-

515 1346 582 1400 tis
615 1364 626 1398 :
666 1343 860 1399 Omnia
884 1360 1208 1414 quazcunque
1231 1346 1410 1399 audivi
1427 1364 1458 1399 a
1482 1346 1645 1400 Patre
1666 1356 1840 1412 meo",
1865 1348 1917 1400 in
1951 1348 2084 1417 lege,

513 1436 565 1488 in
616 1436 912 1505 prophetis,
960 1435 1036 1506 (in
1079 1451 1313 1505 persona
1356 1439 1539 1493 carnis
1581 1439 1692 1492 haec
1726 1439 1878 1503 dicit,
1931 1448 1984 1493 et
2017 1439 2084 1492 ad

515 1527 736 1594 impiam
767 1527 1138 1596 suspicionem
1164 1528 1480 1600 tollendam)
1510 1544 1599 1582 vos
1617 1546 1735 1582 vero
1765 1545 2085 1599 qurecunque

511 1618 738 1671 audistis
764 1634 794 1670 a
818 1628 968 1688 patre
1003 1630 1169 1672 vestro
1211 1620 1426 1673 diabolo
1459 1628 1524 1674 °:
1564 1622 1658 1674 lilii
1701 1624 1846 1676 enim
1901 1632 2084 1691 pater-

511 1724 637 1762 nam
691 1709 1064 1764 hmreditatem
1106 1712 1436 1781 suscipiunt,
1481 1720 1536 1766 et
1579 1711 1700 1767 ideo
1745 1728 1934 1767 eorum
1971 1713 2082 1767 hae-

2193 531 2455 601 ἐμαυτοῦ
2515 533 2586 584 οὐ
2635 529 2825 592 λαλῶ,
2869 529 3057 600 ὥσπερ
3111 530 3342 582 ἐκεῖνοι·
3394 527 3457 581 τὸ
3519 528 3634 597 γὰρ
3678 530 3763 595 ἀφ’

2191 623 2384 675 ἑαυτοῦ
2448 622 2628 675 λαλεῖν
2660 622 2720 674 τὸ
2751 621 2854 686 ἔξω
2891 621 3000 674 τῶν
3035 620 3194 690 ἱερῶν
3223 621 3460 690 Γραφῶν
3495 620 3620 672 ἐστι
3674 620 3762 673 λα-

2188 709 2320 762 λεῖν.
2379 709 2502 761 Ὀτι
2539 709 2596 760 δὲ
2646 710 2708 761 τὸ
2763 709 2855 776 ἀφ’
2901 707 3097 762 ἑαυτοῦ
3136 707 3314 762 λαλεῖν
3363 707 3766 777 ψευδοχρίστων

2189 800 2304 852 ἐστὶ
2334 801 2428 852 καὶ
2448 798 2931 869 ψευδοπροφητῶν,
2957 798 3103 868 λέγει
3126 799 3213 852 διὰ
3237 798 3330 851 τοῦ
3354 801 3645 870 προφήτου
3682 798 3767 850 Ἱε-

2189 890 2376 961 ζεκιὴλ
2393 893 2422 944 ὁ
2444 890 2573 953 Θεός
2598 905 2614 922 ο
2645 892 2765 943 οὐκ
2793 889 3121 943 ἀπέστειλα
3148 887 3393 955 αὐτοὺς,
3414 879 3767 957 ἀρ’ἐαυτῶιι·

2189 981 2501 1049 ἐλάλησαν
2523 1022 2540 1045 ,
2583 981 2652 1035 ἐκ
2707 978 2817 1049 τῆς
2861 980 3108 1049 καρδίας
3136 979 3336 1035 αὐτῶν
3377 978 3760 1048 φθέγγονται.

2200 1073 2354 1127 Ἐπεὶ
2381 1069 2474 1126 οῦν
2501 1075 2549 1126 οἱ
2587 1073 3032 1143 ψευδοπροφῆται
3056 1072 3149 1140 ἀφ’
3185 1071 3393 1126 ἑαυτῶν
3437 1072 3764 1140 ἐκήρυττον,

2185 1162 2388 1232 ταύτην
2433 1163 2796 1233 ἀποδυόμενος
2856 1162 2954 1232 τὴν
3005 1162 3259 1215 ὑπόνοιαν
3319 1160 3576 1230 (καὶγὰρ
3617 1157 3767 1213 ἐδυσ-

2187 1255 2361 1322 φήμει
2383 1253 2444 1305 τὸ
2477 1255 2771 1322 ἀχάριστον
2805 1253 2913 1305 τῶν
2946 1252 3214 1305 Ἰουδαίων
3277 1250 3428 1314 ἔθνος
3472 1250 3686 1304 πλάνον
3726 1248 3766 1280 ⁸⁵

2185 1345 2348 1398 αὑτὸν
2406 1345 2591 1408 ",ual.
2638 1345 2845 1415 πλανᾷν
2891 1345 2980 1398 τὸν
3029 1343 3254 1414 κόσμον)
3310 1343 3398 1396 διὰ⁵
3440 1343 3615 1395 τοῦτο
3657 1343 3766 1394 ἕλευ

2185 1453 2300 1504 γεν’
2348 1437 2495 1506 Ἐγὼ
2531 1438 2632 1491 ἀπ’
2674 1437 2934 1506 ἐμαυτοῦ
2995 1439 3066 1491 οὐ
3129 1436 3336 1502 λαλῶ,
3374 1435 3494 1487 ἀλλ’
3523 1435 3641 1487 ἀπὸ
3687 1435 3765 1485 νό-

2187 1542 2312 1594 μου,
2347 1526 2454 1578 ἀπὸ
2507 1526 2614 1578 τῶν
2665 1526 2982 1596 προφητῶν,
3018 1527 3160 1579 ’Ἑσα
3200 1524 3445 1593 ἤκουσα
3507 1523 3676 1591 παρὰ
3727 1525 3766 1554 δ’

2182 1617 2290 1670 τοῦ
2315 1617 2542 1685 Πατρός
2579 1618 2636 1670 ἐν
2663 1617 2837 1687 νόμῳ,
2871 1621 2928 1670 ὲν
2986 1619 3296 1688 προφήταις
3470 1614 3765 1686 προσώπου

2182 1709 2238 1760 δὲ
2267 1710 2365 1778 τῆς
2418 1709 2618 1780 σαρκὸς
2665 1710 2836 1762 ταῦτα
2883 1710 3050 1776 λέγει,
3084 1709 3178 1761 καὶ
3231 1711 3310 1772 εἰς
3365 1703 3621 1760 διάλυσιν
3677 1707 3768 1774 τῆς

508 1800 668 1854 redes
697 1800 854 1864 ﬁunt,
884 1810 944 1856 ut
995 1802 1133 1857 idem
1181 1804 1270 1857 hic
1302 1819 1425 1858 esse
1472 1803 1740 1869 videatur,
1784 1814 1838 1860 et
1889 1804 2080 1860 eodem

2183 1800 2548 1870 δυσσεϐούσης
2589 1800 2869 1869 ὑπονοίας)
2904 1814 2920 1830 ⁸
2944 1799 3114 1869 ὑμεῖς
3166 1799 3252 1861 δὲ,
3294 1796 3411 1850 ὅσα
3460 1797 3768 1864 ἠκούσατε

506 1892 749 1946 recidere
772 1907 836 1946 ex
870 1893 1050 1960 seipso
1082 1894 1253 1963 loqui,
1291 1903 1345 1948 et
1370 1895 1518 1964 loqui
1548 1909 1614 1949 ex
1648 1906 1802 1965 patre
1825 1912 1926 1950 suo
1966 1897 2083 1952 dia-

509 1982 654 2035 bolo.
710 1981 1181 2048 Quemadmodum
1238 1985 1491 2041 Christus
1532 1989 1755 2043 veniens
1801 1988 1974 2059 legem
2028 1999 2083 2044 et

507 2074 797 2143 prophetas
823 2077 1086 2145 implevit,
1116 2077 1197 2132 sic
1226 2087 1280 2132 et
1303 2077 1542 2148 Spiritus
1582 2089 1808 2134 sanctus
1839 2077 2082 2152 Evange-

508 2166 637 2221 lium
667 2168 930 2237 implevit.
965 2169 1221 2224 Christus
1253 2171 1477 2227 veniens
1505 2172 1851 2226 conﬁrmavit
1874 2188 1935 2226 ea
1961 2187 2084 2242 qua:

506 2267 635 2311 sunt
665 2273 695 2311 a
723 2258 881 2312 Patre
913 2260 965 2313 in
998 2259 1115 2330 lege
1141 2269 1195 2315 et
1227 2264 1507 2332 prophetis
1530 2264 1697 2317 dicta.
1725 2263 1848 2318 Ideo
1867 2273 1920 2319 et
1947 2263 2083 2318 Pau-

507 2351 590 2404 lus
633 2351 770 2404 dixit
801 2369 816 2406 :
851 2351 1006 2407 Finis
1041 2354 1171 2424 legis
1211 2353 1457 2410 Christus
1483 2365 1533 2410 P.
1568 2355 1805 2425 Spiritus
1857 2368 2081 2412 sanctus

504 2443 751 2507 veniens,
791 2441 1144 2515 Evangelium
1173 2445 1439 2514 implevit.
1470 2446 1824 2517 Quaecunque
1850 2459 1981 2502 sunt
2022 2448 2078 2502 in

503 2530 708 2586 Christi
755 2531 1026 2597 doctrina,
1083 2531 1320 2602 Spiritus
1376 2534 1586 2602 implet,
1632 2550 1972 2604 quaecunque
2022 2536 2078 2591 in

503 2621 641 2691 lege,
675 2620 950 2676 Christus.
1011 2619 1130 2676 Non
1181 2623 1325 2692 quod
1371 2621 1534 2677 Pater
1581 2624 1654 2678 sit
1704 2624 2076 2693 imperfectus,

503 2715 596 2768 sed
625 2715 768 2783 quod
796 2715 868 2769 sit
897 2715 1187 2783 interpres,
1215 2725 1271 2767 et
1294 2712 1563 2784 perfector
1582 2729 1775 2769 eorum
1804 2731 1925 2783 quae
1951 2726 2079 2769 sunt

505 2806 700 2860 Patris.
759 2805 851 2861 Sic
899 2806 1140 2876 Spiritus
1196 2815 1419 2861 sanctus
1460 2807 1695 2877 explicat
1738 2816 1791 2861 et
1842 2808 2080 2862 illustrat

502 2913 668 2968 opera
697 2897 842 2951 Filii.
868 2898 1080 2952 Etenim
1117 2897 1194 2952 ait
1226 2914 1241 2952 :
1276 2898 1461 2951 Adhuc
1506 2899 1674 2952 multa
1723 2897 1888 2952 habeo
1935 2899 2076 2953 vobis

502 2988 698 3052 dicere,
749 2987 839 3041 sed
870 3005 972 3040 non
1015 2988 1232 3057 potestis
1262 2997 1475 3054 portare
1504 2989 1657 3041 modo
1688 3006 1702 3042 :
1739 3005 1856 3040 cum
1899 2997 2077 3041 autent

503 3081 698 3133 venerit
739 3078 973 3149 Spiritus
1017 3090 1257 3146 sanctus,
1297 3081 1498 3134 docebit
1563 3099 1648 3134 vos
1692 3098 1897 3136 omnem
1941 3083 2080 3135 veri—

2183 1891 2343 1958 παρὰ
2383 1892 2489 1945 τοῦ
2530 1891 2754 1959 πατρὸς
2800 1889 2966 1958 ὑμῶν
3006 1889 3113 1944 τοῦ
3169 1889 3472 1942 διαϐόλου.
3521 1885 3613 1941 Τά
3667 1887 3767 1956 γὰρ

2183 1982 2277 2034 τοῦ
2310 1981 2513 2052 πατρὸς
2550 1981 2748 2052 κλῆρος
2787 1981 2834 2012 ⁵³
2877 1981 3085 2050 γίνεται
3137 1983 3249 2042 τοῖς
3294 1979 3452 2029 παισὶ
3483 2017 3498 2044 ,
3531 1977 3635 2029 καὶ
3687 1976 3767 2027 διὰ

2183 2071 2343 2123 τοῦτο
2389 2071 2459 2124 τὰ
2487 2073 2694 2124 ἐκείνου
2725 2072 2932 2140 γίνεται
2965 2071 3073 2123 τῶν
3129 2065 3509 2139 κληρονόμων,
3538 2068 3624 2131 ὡς
3660 2068 3764 2121 [σον

2182 2161 2416 2217 ἐνταῦθα
2447 2162 2785 2232 καθορᾶσθαι
2825 2159 2919 2216 καὶ
2965 2163 3042 2225 εἰς
3087 2160 3281 2214 ταύτὸν
3313 2159 3559 2211 συνιέναι
3609 2160 3670 2212 τὸ
3710 2161 3762 2224 ἐξ

2183 2254 2366 2308 αὐτῶν
2397 2253 2443 2286 ⁵⁸
2468 2252 2649 2307 λαλεῖν
2684 2253 2773 2307 καὶ
2808 2253 2852 2286 ⁵³
2883 2253 2944 2306 τὸ
2973 2255 3037 2305 ἐκ
3061 2255 3151 2306 τοῦ
3184 2251 3393 2322 πατρὸς
3430 2251 3624 2304 αὐτῶν
3675 2252 3762 2302 τοῦ

2183 2346 2431 2400 διαϐόλου
2481 2345 2688 2401 λαλεῖν.
2721 2347 2934 2416 Ὥσπερ
2982 2346 3011 2399 ό
3043 2344 3278 2416 Χριστὸς
3322 2342 3495 2396 ἐλθὼν
3544 2343 3764 2408 ἐγένετο

2184 2439 2462 2508 πλήρωμα
2528 2438 2692 2508 νόμου
2765 2439 2861 2492 καὶ
2926 2437 3222 2508 προφητῶν
3259 2475 3275 2501 ,
3328 2434 3474 2488 οὕτω
3541 2435 3644 2487 καὶ
3711 2437 3766 2485 το

2184 2528 2409 2599 Πνεῦμα
2448 2527 2724 2600 πλήρωμα
2769 2527 2862 2581 τοῦ
2914 2527 3267 2596 Εὐαγγελίιέυ.
3310 2524 3544 2598 Χριστὸς
3595 2524 3766 2578 ἐλθὼν

2183 2621 2484 2674 ἐϐεϐαίωσε
2516 2621 2584 2672 τὰ
2607 2621 2755 2689 παρά
2781 2619 2876 2672 τοῦ
2907 2616 3119 2689 Πατρὸς
3142 2619 3199 2670 ὲν
3224 2614 3306 2688 τῷ
3323 2618 3472 2688 νόμῳ
3497 2617 3766 2688 εἰρημένα

2182 2712 2277 2765 καὶ
2323 2708 2630 2782 προφήταις
2662 2727 2675 2740 ·
2709 2701 2791 2764 διὸ
2850 2710 2947 2763 καὶ
2994 2710 3143 2778 λέγει
3186 2709 3422 2774 Παῦλος,
3465 2709 3766 2776 Πλήρωμα

2180 2807 2370 2873 νόμου
2421 2807 2698 2872 Χριστός.
2765 2803 2838 2856 Τὸ
2898 2804 3125 2873 Πνεῦμα
3189 2802 3250 2854 τὸ
3326 2804 3482 2870 ἆγιον
3536 2801 3765 2853 ἐπελθὸν

2183 2897 2471 2967 ἐπλήρωσε
2511 2897 2580 2948 τά
2621 2895 2718 2948 τοῦ
2762 2896 2807 2928 ⁸⁸
2850 2895 3181 2964 Εὐαγγελίου
3211 2911 3226 2925 ”
3260 2894 3359 2947 ὅσα
3409 2894 3558 2946 ἐστὶν
3605 2897 3664 2946 ἐν
3699 2896 3763 2962 τῇ

2183 2987 2276 3040 τοῦ
2319 2987 2555 3058 Χριστοῦ
2581 2987 2896 3058 διδασκαλίᾳ
2960 2987 3020 3040 τὸ
3070 2985 3294 3056 Πνεῦμα
3323 2985 3539 3056 πληροῖ,
3567 2987 3672 3038 ὅσα
3708 2987 3765 3038 ἐν

2179 3080 2246 3148 τῇ
2277 3079 2368 3132 τοῦ
2393 3079 2580 3148 νόμον,
2615 3078 2642 3130 ὁ
2675 3078 2930 3148 Χριστὸς,
2966 3079 3063 3148 οὐχ
3092 3078 3168 3140 ὡς
3216 3077 3438 3139 ἀτελοῦς
3475 3076 3631 3138 ὄντος
3671 3077 3763 3128 τοῦ

500 3178 662 3222 tatem
684 3179 734 3232 ιι,
763 3178 918 3224 etc.a
948 3165 1006 3224 se
1037 3171 1155 3240 ipso
1182 3185 1291 3224 non
1325 3171 1585 3241 loquitur,
1626 3188 1733 3227 non
1769 3174 1912 3227 enim
1947 3189 2080 3242 eon-

2184 3171 2418 3242 Πατρός,
2455 3171 2569 3223 ἀλλ’
2601 3171 2674 3234 ὡς
2705 3171 3042 3242 ἑρμηνευτὴς
3063 3171 3171 3224 τῶν
3200 3169 3295 3223 τοῦ
3325 3169 3537 3240 Harpe;
3564 3171 3661 3222 καὶ
3679 3187 3764 3222 τε·

501 3261 719 3316 tradicit
770 3261 927 3328 Filio,
986 3265 1079 3316 sed
1138 3279 1304 3332 opera
1349 3262 1470 3318 Filii
1525 3265 1738 3334 implet,
1793 3277 1852 3318 ut
1909 3244 2080 3320 Filius

502 3353 698 3408 Patris.
763 3355 822 3407 lu
856 3355 955 3409 hac
991 3354 1216 3409 homilia
1264 3355 1319 3410 in
1355 3356 1459 3410 ﬁne
1504 3357 1756 3411 invenies
1804 3357 2080 3428 Chrysos-

503 3455 709 3500 tomum
759 3445 964 3507 dicere,
1025 3447 1341 3500 missionem
1412 3463 1588 3516 neque
1641 3447 1841 3500 Filium
1903 3463 2080 3518 neque

501 3539 770 3606 Spiritum
827 3537 1096 3591 minorem
1149 3537 1331 3592 facere
1397 3538 1580 3593 Patre.
1635 3540 1790 3604 Quod
1851 3550 1904 3594 et
1963 3542 2079 3610 ipse

500 3626 661 3680 Pater
693 3628 943 3682 mittatur
973 3645 1002 3681 a
1039 3627 1267 3698 Spiritu,
1299 3639 1353 3684 et
1399 3646 1429 3684 a
1471 3630 1634 3694 Filio,
1677 3633 1809 3686 dicit
1842 3633 1926 3688 his
1959 3649 2081 3687 ver-

503 3717 588 3772 bis
620 3734 633 3770 :
680 3717 736 3770 Si
773 3717 866 3771 tibi
903 3720 1197 3772 ostendero
1230 3717 1514 3772 Factorem
1537 3719 1659 3773 coeli
1691 3729 1745 3773 et
1770 3727 1930 3773 terrae
1957 3721 2080 3774 mis-

500 3826 620 3865 sum
649 3826 769 3864 esse
814 3826 843 3864 a
877 3810 1094 3880 Spiritu
1135 3821 1190 3865 et
1222 3811 1384 3875 Filio,
1417 3813 1546 3881 quid
1587 3811 1796 3867 facies?
1827 3813 1912 3866 vel
1942 3828 2077 3884 nega

500 3900 808 3964 Christum,
836 3911 890 3956 et
918 3901 1038 3955 dele
1066 3900 1400 3972 Scripturas,
1424 3897 1514 3954 'vel
1538 3916 1729 3955 servus
1762 3901 2077 3971 Scripturae,

505 3993 770 4048 submitte
803 4001 854 4046 te
887 3991 1213 4063 Scripturis.
1249 3993 1314 4048 Et
1337 3994 1429 4047 ubi
1459 3993 1681 4058 dicitur,
1715 3994 1908 4062 inquit,
1943 3995 2078 4048 hoc?

500 4086 638 4138 Audi
710 4086 879 4140 Deum
961 4102 1058 4156 per
1133 4085 1332 4156 517a
1411 4088 1732 4156 prophetam
1807 4088 2078 4142 dicentem

501 4175 698 4229 Isaiam
729 4192 742 4230 :
771 4175 914 4229 Audi
953 4193 1056 4243 me,
1085 4174 1283 4241 Israel,
1313 4191 1464 4246 quem
1493 4193 1586 4246 ego
1632 4193 1754 4230 voco
1783 4188 1828 4241 τ,
1854 4189 1910 4232 et
1951 4194 2076 4234 cum

506 4269 778 4339 integrum
808 4270 990 4324 locum
1019 4285 1265 4339 eousque
1295 4271 1650 4339 protulisset:
1685 4269 1751 4324 Et
1774 4288 1910 4326 nunc
1935 4271 2076 4326 Deus

500 4362 646 4413 misit
683 4377 763 4415 me
792 4372 841 4416 et
877 4359 1113 4430 Spiritus
1145 4363 1261 4432 ejus
1294 4374 1339 4429 ο,
1371 4364 1658 4418 conﬁrmat
1703 4364 1921 4420 Patrem
1961 4365 2078 4427 huic,

502 4452 707 4516 dicere,
741 4467 808 4506 ex
848 4453 1127 4522 praedictis
1157 4454 1493 4510 conﬁrmans
1521 4455 1661 4510 hanc
1685 4458 1987 4512 orationem
2022 4467 2076 4512 et

502 4549 752 4595 statuens
783 4559 797 4596 :
825 4543 1032 4597 clarum
1065 4552 1150 4599 est
1178 4543 1396 4600 Patrem
1427 4561 1575 4600 nunc
1617 4548 1788 4618 loqui,
1833 4557 1888 4604 et
1931 4550 2074 4604 mitti

500 4644 557 4682 se
581 4644 612 4683 a
640 4630 844 4698 Spiritu
875 4639 930 4685 et
951 4630 1111 4686 Filio.

2181 3266 2427 3334 λειωτής.
2451 3261 2604 3335 [1511
2635 3263 2728 3335 IL]
2768 3264 2926 3318 Οὕτω
2952 3265 3009 3318 δὲ
3048 3265 3142 3318 καὶ
3171 3264 3217 3296 ³⁷
3246 3264 3307 3317 τὸ
3366 3263 3596 3330 Πνεῦμα
3650 3263 3763 3316 δια-

2183 3361 2346 3426 σαφεῖ
2388 3357 2434 3388 ⁸⁸
2470 3358 2560 3410 καὶ
2586 3358 2864 3428 διατρανοῖ
2892 3358 2962 3409 τὰ
2989 3357 3083 3410 τοῦ
3133 3355 3262 3409 Υίοῦ
3296 3371 3312 3387 ·
3341 3356 3434 3408 καὶ
3454 3356 3564 3426 γάρ
3605 3370 3756 3424 φησί’

2182 3440 2529 3518 Πολλὰέχω
2547 3448 2689 3517 ὑμῖν·
2707 3448 2941 3513 λαλεῖν,
2974 3447 3199 3502 ἀλλ’οὺ
3230 3447 3500 3499 δύνασθε
3536 3444 3763 3509 εϐαστά-

2183 3542 2300 3602 ζειν
2339 3541 2488 3608 ἄρτι.
2516 3541 2702 3594 ’Ὅταν
2745 3539 2813 3592 δὲ
2861 3540 3009 3607 ἔλθῃ
3061 3539 3126 3592 τὸ
3165 3537 3409 3606 Πνεῦμα
3449 3537 3514 3589 ab
3569 3537 3763 3606 ἅγιον,

2182 3633 2472 3702 ὁδηγήσει
2505 3632 2660 3701 ὑμᾶς
2709 3634 2795 3697 εἰς
2857 3631 3067 3685 πᾶσαν
3148 3631 3265 3696 τὴν
3311 3630 3629 3697 ἀλήθειαν,
3675 3635 3766 3680 καὶ

2181 3724 2328 3796 ἑξῆς.
2355 3726 2478 3777 Ὅτι
2508 3723 2598 3792 ἀφ’
2621 3723 2816 3776 ἑαυτοῦ
2847 3724 2907 3775 οὑ
2930 3723 3101 3775 λαλεῖ-
3131 3723 3190 3775 οὐ
3211 3722 3318 3792 γὰρ
3339 3720 3766 3788 ἀντιφθέγγεται

2179 3818 2257 3888 τῷ
2287 3817 2423 3886 Υἱῷ,
2457 3816 2572 3870 ἀλλ’
2605 3816 2908 3884 ἀναπληροῖ
2930 3815 2997 3867 τὰ
3043 3814 3136 3867 τοῦ
3181 3814 3336 3877 Tim),
3363 3814 3486 3865 καθ’
3518 3813 3575 3864 ὃν
3640 3814 3764 3881 τρέ-

2181 3926 2282 3962 πον
2304 3911 2331 3962 ὁ
2365 3909 2494 3972 Υἱὸς
2526 3908 2594 3960 τὰ
2615 3908 2708 3961 τοῦ
2737 3908 2969 3978 Πατρός.
3001 3907 3123 3959 Ὀτι
3153 3907 3198 3938 ⁵³
3233 3908 3289 3958 ὲν
3323 3906 3498 3975 τούτῳ
3519 3905 3598 3974 τῷ
3624 3905 3765 3972 λόγῳ

2178 4005 2442 4075 εὑρήσεις·
2475 4005 2612 4076 πρὸς
2639 4003 2716 4075 τῷ
2744 4005 2911 4067 τέλει,
2945 4003 3254 4066 δεικνύντος
3306 4003 3397 4056 τοῦ
3443 4001 3763 4072 Χρυσοστό·

2182 4111 2285 4164 μου
2330 4096 2411 4147 ὅτι
2452 4095 2484 4163 ἡ
2549 4095 2822 4164 ἀποστολὴ
2870 4093 2992 4146 οὔτε
3022 4094 3112 4146 τὸν
3143 4093 3267 4147 Υἱὸν
3294 4092 3417 4145 οὔτε
3443 4095 3508 4145 τὸ
3538 4094 3762 4160 Πνεῦμα

2176 4185 2384 4238 ἐλάττω
2419 4185 2563 4237 ποιεῖ
2598 4184 2692 4237 τοῦ
2720 4184 2952 4254 Πατρός.
2984 4183 3107 4236 Ὅτι
3139 4183 3234 4235 καὶ
3273 4182 3433 4244 αὐτὸς
3483 4182 3512 4232 ό
3571 4180 3760 4248 Πατὴρ

2177 4275 2566 4330 ἀποστέλλεται
2623 4278 2777 4348 παρά
2829 4276 2923 4329 τοῦ
2966 4276 3284 4346 Πνεῦματος
3326 4276 3420 4327 καὶ
3454 4274 3610 4344 παρά
3667 4273 3759 4325 τοῦ

2176 4368 2350 4435 Υἱοῦ,
2396 4369 2544 4436 λέγει
2597 4369 2789 4432 αὐταῖς
2835 4368 3046 4432 λέξεσιν
3095 4382 3110 4394 ⁶
3143 4369 3267 4421 Ἐάν
3319 4384 3399 4418 σοι
3452 4365 3616 4430 δείξω
3672 4364 3762 4416 τὸν

2179 4462 2408 4532 ποιητὴν
2441 4459 2673 4531 οὐρανοῦ
2717 4461 2812 4514 καὶ
2839 4464 2943 4532 γῆς
2970 4459 3434 4530 ἀποστελλόμενον
3465 4457 3623 4528 παρά
3668 4456 3760 4509 τοῦ

2182 4552 2501 4623 Πνεῦματος
2529 4554 2624 4605 καὶ
2647 4552 2800 4625 παρά
2853 4553 2948 4606 τοῦ
2990 4551 3142 4618 Υἱοῦ,
3172 4551 3225 4604 τί
3256 4554 3429 4612 ποιεῖς
3462 4569 3475 4617 ;
3503 4551 3536 4619 ἢ
3590 4550 3762 4620 ἄρνη-

2183 4659 2272 4694 σαι
2296 4642 2386 4695 τὸν
2412 4643 2648 4713 Χριστὸν
2673 4644 2768 4696 καὶ
2797 4643 3096 4711 ἀπάλειψον
3121 4643 3221 4705 τὰς
3254 4642 3499 4711 Γραφάς,
3519 4639 3553 4709 ἢ
3577 4640 3765 4701 δοῦλος

497 4716 574 4770 ὢν
596 4719 702 4771 τῶν
764 4720 998 4791 Γραφῶν
1042 4721 1343 4776 ὑποτάττου
1401 4726 1521 4787 ταῖς
1571 4725 1835 4794 Γραφαῖς.
1900 4727 2009 4781 Καὶ
2057 4731 2160 4785 ποῦ
2198 4732 2408 4806 (φησὶν)
2463 4733 2680 4804 εἴρηται
2729 4734 2927 4799 τοῦτο;
2985 4736 3149 4788 ἄκουε
3193 4734 3286 4786 τοῦ
3337 4733 3474 4785 Θεοῦ
3523 4732 3615 4785 διὰ
3673 4731 3766 4783 τοῦ

500 4814 778 4886 προφήτου
801 4812 1049 4882 λέγοντος
1077 4816 1320 4870 Ἡσαΐου·
1349 4817 1554 4872 Ἀκουέ
1592 4837 1710 4889 μου
1736 4821 1780 4851 ⁶⁰
1819 4821 2077 4890 Ἰσραὴλ,
2121 4823 2194 4878 ὃν
2253 4827 2368 4896 ἐγὼ
2416 4828 2600 4883 καλῶ.
2669 4829 2780 4881 Καὶ
2840 4829 2968 4900 ὅλην
3024 4829 3122 4898 τὴν
3167 4827 3471 4898 περικοπὴν
3530 4827 3766 4887 ἐκτιθεὶς

499 4904 593 4956 τοῦ
626 4907 826 4975 χωρίου
861 4906 1023 4977 μέχρι
1047 4906 1279 4974 τοῦ,Καὶ
1306 4908 1422 4962 νῦν
1451 4909 1667 4976 Κύριος
1699 4909 2020 4966 ἀπέστειλέ
2040 4930 2118 4982 με
2192 4915 2292 4968 καὶ
2327 4917 2392 4970 τὸ
2439 4917 2681 4988 Πνεῐιμα
2708 4918 2917 4982 αὑτοῦ,
2965 4917 3355 4989 διισχυρίζεται
3401 4917 3494 4968 τὸν
3549 4917 3767 4986 Πατέρα

498 4996 674 5050 ταῦτα
704 4999 900 5060 εἰπεῖν,
937 5001 1002 5052 ἐκ
1035 4998 1145 5052 τῶν
1191 5001 1652 5070 προτεταγμένων
1708 5003 1942 5072 βεϐαιῶν
1985 5006 2077 5059 τὸν
2117 5009 2295 5077 λόγον,
2327 5011 2422 5064 καὶ
2499 5011 2773 5064 καθιστῶν
2818 5010 2974 5079 δῆλον
3010 5011 3088 5075 ὡς
3149 5015 3178 5064 ό
3233 5011 3422 5083 Πατὴρ
3472 5012 3560 5065 εἴη
3595 5011 3694 5065 νῦν
3739 5010 3765 5058 ὁ

501 5090 674 5159 λέγων
711 5091 806 5145 καὶ
829 5092 1293 5164 ἀποστελλόμενος
1330 5096 1483 5164 παρὰ
1510 5112 1570 5148 τε
1620 5096 1715 5149 τοῦ
1756 5097 2075 5168 Πνεῦματος
2115 5105 2206 5155 καὶ
2243 5103 2338 5156 τοῦ
2368 5104 2522 5159 Υἱοῦ.

577 5229 789 5309 ξιῦουη.
827 5249 882 5297 x,
1087 5231 1336 5309 1_Ezech.
1365 5235 1575 5309 xm,_(_i.
1637 5244 1675 5266 ¹·
1703 5234 1860 5309 Joan.
1887 5253 2009 5309 xlv,
2042 5241 2080 5294 ll

2201 5249 2228 5277 ιι
2267 5241 2426 5298 Joan.
2458 5261 2544 5309 xv,
2578 5245 2664 5300 l5.

503 5310 534 5350 ιι
569 5299 729 5356 Joan.
759 5319 871 5368 xw,
908 5304 996 5358 1‘2.
1076 5314 1098 5341 ι’
1128 5305 1231 5358 lsa.
1262 5319 1452 5369 xtvm,
1492 5305 1575 5358 12.
1655 5315 1675 5342 ε
1711 5307 1840 5360 ibid.
1873 5308 1959 5360 16.

1812 5445 2047 5500 νΑιιιΑι
2089 5444 2488 5506 LECTIONES.

581 5559 626 5645 ’ξ
659 5560 874 5645 πλαν-ῶν
903 5576 990 5645 pr.
1179 5563 1241 5645 ιξ¹
1277 5562 1440 5641 αῦτὸν
1473 5565 1599 5645 add.
1630 5568 1694 5624 Δ.
1762 5637 1786 5645 _
1811 5569 1855 5600 "
1890 5567 2063 5645 παρὰ]
2097 5569 2204 5645 ἀπό
2244 5571 2310 5645 Α..
2423 5560 2717 5645 ⁵³-γίνεται
2741 5573 2938 5645 κλῆρος
3118 5571 3165 5602 ⁸⁸
3191 5570 3396 5645 ἑαυτῶν
3431 5587 3493 5634 ς’.

510 5629 838 5712 βοειιλαλεῑν
861 5629 1077 5712 add;‘B.
1112 5679 1153 5712 ,λ
1177 5630 1223 5712 '_°
1260 5633 1356 5712 τοῦ
1391 5644 1520 5692 aute
1551 5637 1788 5709 Χριστοῦ
1838 5655 1948 5695 om.
1974 5629 2063 5695 'A.‘
2116 5641 2186 5712 ,ξ’
2216 5642 2310 5694 καὶ
2337 5651 2460 5712 post
2485 5629 2542 5695 δὲ
2591 5644 2715 5699 add.
2745 5644 2808 5697 Λ.
2831 5629 2864 5645 ”
2918 5629 2963 5675 δε
2986 5643 3244 5710 διαταφοῖ
3284 5645 3349 5695 Α.

511 5701 807 5755 σπούδασον
829 5717 938 5756 om.
973 5701 1032 5754 Β.
1111 5702 1154 5733 ⁶⁰
1187 5702 1322 5767 ἐμοῦ
1364 5720 1425 5766 ς.
1605 5701 1618 5709 ’

2743 5255 2769 5282 °
2800 5244 2957 5301 Joan.
2996 5261 3117 5310 vm,
3196 5244 3284 5299 Η.
3363 5254 3389 5295 P
3423 5243 3585 5298 Rom.
3620 5258 3680 5308 ι,
3713 5243 3759 5295 4.

3603 5571 3653 5603 ³⁵
3673 5571 3760 5625 καὶ

3439 5642 3758 5695 "51th—-
