3922 6242
217 323 304 386 ΞΒῙ
1240 325 1761 387 BIBLIOTHECA.
1790 352 1858 364 -
1890 325 2055 385 COD.
2093 321 2500 385 CCLXXVII.‘

3368 320 3475 386 262

216 441 341 512 {845
369 440 472 565 IL;
503 442 614 496 Τοῦ
651 442 841 496 αὐτοῦ
864 441 952 495 ὅτι
975 442 1020 474 ⁸¹
1072 460 1090 493 ι
1134 444 1392 510 Χριστὸς
1431 442 1727 509 ἀνατολὴ,
1768 463 1785 493 ι

278 512 381 565 καί
418 528 448 565 ε
475 532 507 565 c
530 513 627 565 τὸ.
670 530 689 563 ι
740 513 939 565 Ἀνέϐη
967 514 1067 565 καὶ
1105 517 1348 565 κατέϐη.
1381 534 1400 565 ι
1435 514 1535 565 καὶ
1592 513 1679 565 ὅτι
1727 513 1790 565 τὸ

1901 440 2155 511 Ejusdem
2205 456 2270 493 ex
2309 441 2585 494 oratione:
2628 459 2647 490 ι
2682 438 2955 494 Christum
2993 456 3105 493 esse
3140 442 3393 495 orientem
3428 445 3475 508 ⁸,

1971 522 2019 565 et
2056 514 2110 563 in
2152 511 2287 563 illud
2329 526 2347 565 ε
2384 530 2402 560 ε
2432 511 2703 563 Descendit
2728 522 2775 563 et
2822 512 3055 564 ascendit
3080 523 3105 549 ιι
3143 529 3155 563 ;
3186 530 3205 563 ι
3258 523 3307 565 et
3341 514 3475 565 quod

278 512 381 565 καί
418 512 507 577 εἷς
530 513 627 576 τὸ,
670 530 689 563 ι
740 513 939 579 Ἀνέϐη
967 514 1067 566 καὶ
1105 517 1348 579 κατέϐη,
1381 534 1400 565 ι
1435 514 1535 567 καί
1592 513 1679 566 ὅτι
1727 513 1792 566 τὸ

275 582 527 651 Πνεῦμα
547 582 615 635 τὸ
646 581 817 651 ἅγιον
843 582 1265 650 παντοκράτωρ
1297 585 1489 636 ἐστιν.

281 675 413 728 Ὀτι
447 676 475 727 6
507 673 640 737 Θεὸς
662 675 860 742 Λόγος,
890 676 1054 744 φησιν
1096 674 1371 744 Ἰωάννης,
1402 676 1495 728 τὸν
1532 675 1795 746 βραχίονα

210 768 290 829 εἰς
346 766 452 836 τὴν
503 765 818 836 οἰκονομίαν
872 765 1236 836 ἐκλαμϐάνων
1264 766 1360 819 τοῦ
1393 767 1644 838 Σωτῆρος
1701 769 1797 821 καὶ

216 859 305 929 τὴν
338 856 509 911 αὑτοῦ
539 858 795 929 θεότητα.
833 857 1035 922 Πολλὰ,
1088 859 1243 929 φησὶ,
1281 860 1486 929 σημεῖα
1526 861 1793 929 ποιήσαν-

207 968 297 1012 τος
324 950 422 1003 τοῦ
464 950 639 1019 Ἰησοῦ
659 950 761 1003 οὐκ
782 950 1108 1003 ἐπίστευσαν
1140 953 1218 1013 είς
1242 950 1405 1004 αὐτὸν
1437 952 1486 1004 οἱ
1528 950 1793 1018 Ἰουδαῖοι,

205 1042 294 1093 ἶνα
312 1041 581 1110 πληρωθῇ
620 1042 681 1093 τὸ
717 1040 881 1110 ῥηθὲν
906 1041 1011 1093 ὑπὸ
1052 1041 1295 1092 Ἠσαίου⁸
1323 1041 1518 1108 Κύριε,
1551 1042 1641 1101 τίς
1665 1042 1795 1095 ἐπί-

204 1148 438 1186 στευσε
481 1131 554 1201 τῇ
598 1131 755 1201 ἀκοῇ
798 1131 1002 1202 madv;
1046 1134 1145 1185 καὶ
1191 1136 1223 1187 ό
1257 1133 1530 1203 βραχίων
1574 1136 1795 1202 Κυρίου

204 1226 324 1276 τίνι
370 1224 814 1291 ἀπεκαλύφθη;
861 1222 1025 1286 αὐτὸς
1076 1223 1253 1275 τοίνυν
1286 1224 1381 1276 καὶ
1436 1224 1793 1297 δικαιοσύνη’

202 1315 424 1383 ἐγγίζει
450 1315 559 1384 γὰρ
593 1316 625 1385 ἡ
657 1315 974 1385 δικαιοσύνη
1021 1333 1122 1385 μου
1162 1313 1598 1385 παραγενέσθαι,
1630 1319 1795 1383 αὐτὸς

204 1408 298 1458 καὶ
346 1407 564 1475 Σωτὴρ,
633 1406 795 1469 αὐτὸς
844 1409 937 1459 καὶ
981 1407 1239 1478 βραχίων.
1295 1408 1395 1461 Διὰ
1430 1408 1589 1462 τοῦτο
1626 1410 1721 1463 καὶ
1769 1414 1797 1464 6

206 1498 429 1559 Παῦλος
461 1498 778 1568 περιλαϐὼν
819 1499 1036 1553 ἅπαντα
1068 1502 1148 1561 εἰς
1198 1498 1255 1551 ἓν
1289 1500 1573 1570 ἀναφέρει,
1597 1501 1791 1570 λέγων,

208 1594 316 1656 Ὃς
346 1590 605 1659 ἐγενήθη
634 1592 779 1661 ἡμῖν
818 1592 936 1646 ἀπὸ
966 1592 1113 1645 Θεοῦ
1144 1591 1329 1659 σοφία
1358 1593 1458 1645 καὶ
1503 1593 1795 1663 ἁγιασμὸς

202 1683 300 1733 καὶ
323 1682 769 1750 ἀπολύτρωσις.
794 1682 975 1751 Οὗτος
998 1686 1143 1755 ἡμῖν
1160 1688 1468 1743 ἀνέτειλεν
1483 1687 1795 1753 ἀνατολὴν

1971 522 2019 565 et
2056 514 2110 563 in
2152 511 2287 563 illud
2329 526 2347 567 :
2384 530 2402 560 ε
2432 511 2703 563 Descendit
2728 522 2775 563 et
2822 512 3055 564 ascendit
3080 523 3105 549 ιι
3143 529 3155 563 ;
3186 530 3205 563 ι
3258 523 3307 566 et
3341 514 3480 581 quod

1969 582 2201 650 Spiritus
2235 591 2447 633 sanctus
2480 582 2550 633 sit
2578 582 2926 648 omnipotens.

1972 673 2116 728 Deus
2149 671 2414 736 Verbum,
2452 672 2527 725 ait
2552 671 2811 735 Joannes,
2840 672 3125 727 brachium
3161 672 3229 729 de
3257 672 3483 743 dispen-

1897 767 2110 821 satione
2136 765 2461 829 Salvatoris,
2492 773 2545 820 et
2568 764 2810 834 ejusdem
2848 766 3051 821 deitate
3086 766 3477 836 interpretans.

1896 860 2093 925 Multa,
2140 858 2342 927 inquit,
2386 858 2543 927 signa
2572 857 2814 911 faciente
2853 856 2908 910 in
2953 858 3156 925 populo
3182 856 3335 922 lesu,
3371 871 3481 911 non

1897 952 2254 1007 crediderunt
2276 953 2330 1006 in
2364 967 2491 1006 eum
2516 949 2713 1015 Judaei,
2744 959 2803 1004 ut
2829 950 3149 1021 impleretur
3174 952 3321 1021 quod
3344 950 3483 1004 dixit

1898 1044 2069 1098 Isaias
2104 1062 2117 1098 :
2157 1044 2401 1109 Domine,
2420 1045 2538 1113 quis
2568 1043 2795 1095 credidit
2826 1042 3033 1095 auditui
3061 1052 3260 1107 nostro,
3289 1052 3337 1096 et
3358 1043 3481 1094 bra-

1898 1135 2073 1187 chium
2106 1133 2303 1188 Deicui
2322 1134 2610 1188 revelatum
2638 1144 2714 1188 est
2733 1134 2805 1187 V?
2833 1134 2952 1202 Ipse
2978 1134 3145 1204 igitur
3170 1134 3333 1187 etiam
3363 1133 3480 1201 jus-

1900 1226 2019 1279 titia
2046 1239 2060 1278 :
2094 1227 2499 1296 appropinquat
2522 1225 2893 1294 enimjustitia
2920 1240 3036 1278 tinea
3058 1223 3339 1287 accedere,
3364 1224 3481 1291 ipse

1900 1317 2171 1383 Salvator,
2235 1319 2351 1387 ipse
2409 1318 2732 1372 brachium:
2788 1319 2912 1372 ideo
2962 1327 3017 1371 et
3048 1316 3249 1372 Paulus
3294 1316 3481 1371 omnia

1899 1410 2388 1478 comprehendens,
2420 1410 2487 1463 ad
2518 1426 2690 1463 unum
2724 1408 2913 1474 refert,
2964 1409 3153 1462 dicens
3202 1407 3341 1471 :Qui
3396 1406 3482 1474 fa-

1900 1512 2015 1554 ctus
2048 1512 2125 1555 est
2157 1503 2302 1555 nobis
2347 1503 2604 1570 sapientia
2631 1520 2661 1554 a
2691 1502 2818 1566 Deo,
2846 1510 2898 1555 et
2922 1501 3132 1567 iustitia
3160 1508 3210 1552 et
3242 1498 3483 1565 sancti/i-

1898 1594 2059 1656 catio,
2096 1602 2144 1646 et
2174 1593 2480 1661 redemptio,
2520 1594 2609 1646 ille
2650 1594 2799 1645 nobis
2837 1592 3059 1661 protulit
3088 1602 3331 1644 exortum
3388 1590 3481 1657 ju-

1903 1688 2090 1740 stitia’.
2128 1685 2258 1739 Ecce
2290 1687 2449 1750 enim,
2483 1687 2673 1755 inquit.
2704 1686 2971 1753 proferam
2993 1682 3477 1751 exortumjustitia:

202 1771 454 1825 δικαίαν
470 1790 485 1802 ο
519 1774 647 1827 ιδοὺ
669 1776 802 1845 γὰρ,
835 1778 1047 1845 φησιν,
1070 1778 1342 1834 ἀνατελῶ
1356 1781 1436 1844 τῷ
1460 1780 1605 1846 οἴκῳ
1621 1781 1790 1833 Δαϐὶδ

1901 1778 2082 1831 domui
2114 1777 2287 1831 David
2322 1792 2370 1831 ι.
2398 1778 2517 1846 Ipse
2539 1787 2592 1831 et
2614 1777 2927 1845 rexjustus.
2959 1773 3108 1829 Unus
3133 1775 3301 1845 igitur
3325 1788 3481 1827 exor-

202 1864 523 1933 ἁνατολὴν
576 1867 835 1921 δικαίαν.
885 1871 997 1923 Καὶ
1040 1870 1292 1940 βασιλεὺς
1315 1873 1358 1902 θ’
1396 1872 1621 1934 δίκαιος.
1676 1872 1792 1924 Μία

204 1952 307 2020 μὲν
339 1950 435 2005 οὖν
490 1955 522 2024 ἡ
564 1955 821 2028 ἀνατολὴ,
875 1958 1069 2013 πολλαὶ
1118 1960 1177 2013 δὲ
1236 1961 1405 2030 αὐτῆς
1447 1963 1504 2013 αἱ
1550 1962 1788 2027 ἀκτῖνες,

204 2044 645 2114 φιλανθρωπίας,
676 2048 891 2113 ἰάσεως,
924 2052 1169 2122 εἰρήνης,
1195 2051 1545 2123 δικαιοσύνης
1575 2053 1790 2116 ἀκτῖνες

200 2137 549 2206 καὶ-μυρίων
599 2138 800 2195 ἄλλων.
835 2142 928 2193 Διὸ
966 2144 1061 2196 καὶ
1115 2146 1142 2196 6
1198 2144 1363 2197 Δαὸὶδ
1406 2146 1793 2215 προθεσπίζων

204 2224 364 2299 ᾖξεν·
389 2228 682 2282 Ἁνατελεῐ
703 2230 773 2283 ἐν
803 2232 933 2298 ταῖς
949 2233 1195 2302 ἡμέραις
1216 2234 1404 2289 αὐτοῦ
1436 2236 1791 2306 δικαιοσύνη

202 2319 311 2371 καὶ
349 2320 584 2388 πλῆθος
621 2323 890 2392 εἰρήνης,
938 2326 1051 2392 ἕως
1072 2324 1143 2384 οὗ
1192 2329 1589 2399 ἀνταναιρεθῇ
1618 2332 1656 2399 ἠ
1686 2346 1790 2384 σε·

195 2408 392 2475 λήνη.
419 2410 569 2481 Αὕτη
601 2413 732 2480 γοῦν
765 2415 798 2484 ὴ
835 2416 1072 2487 ἀνατολὴ
1107 2417 1167 2482 ἐξ
1213 2417 1384 2488 ὕψους
1424 2420 1667 2474 ἀνέτειλε
1697 2422 1792 2475 καὶ

200 2502 313 2552 ἀπὸ
340 2506 443 2570 τῆς
470 2506 578 2573 γῆς
608 2520 621 2533 ·
666 2504 727 2569 ἐξ
748 2504 916 2575 ὕψους
953 2510 1051 2577 μὲν
1078 2510 1221 2565 κατά
1260 2512 1360 2583 τὴν
1401 2511 1654 2586 θεότητα,
1683 2515 1792 2569 ἀπὸ

200 2594 305 2661 γῆς
332 2593 565 2648 δὲακατά
595 2596 695 2669 τὴν
728 2601 1063 2671 οἰκονομίαν.

203 2703 536 2785 Τοῦκιὺτοῦ
556 2706 629 2785 εκ
655 2704 759 2785 τοῦ
786 2713 873 2785 είς
899 2712 1014 2779 τὴν
1044 2713 1504 2785 ἐνανθρώπησιν
1540 2718 1649 2773 τοῦ
1668 2725 1788 2775 Κυ-

261 2774 410 2855 pici;
457 2775 627 2855 ἡμῶν
678 2774 871 2855 Ἰησοῦ
918 2774 1506 2855 Χριᾼστοῦδκαίότι
1553 2774 1791 2855 ἑκάστῳ

270 2845 522 2911 κλίματι
548 2845 976 2918 ἐφεστήκασιν
992 2852 1257 2923 ἄγγελοι.

287 2935 637 2993 Ἐδούλευσεν
662 2943 696 3013 ἡ
730 2943 908 3008 κτίσις
937 2946 1016 3016 τῷ
1043 2948 1318 3021 ἀνθρώπῳ
1346 2950 1468 3022 [οὐχ
1498 2951 1575 3016 ὡς
1604 2954 1789 3026 ἀξίῳ].

194 3026 356 3093 ἥλιος
384 3032 479 3082 καὶ
504 3033 701 3105 σελήνη
732 3037 823 3088 καὶ
845 3037 890 3068 ⁸³
919 3037 1095 3109 ἄστρα
1129 3041 1225 3094 καὶ
1252 3042 1497 3099 θάλασσα
1518 3046 1564 3076 ⁸⁸
1598 3047 1690 3097 καὶ
1719 3047 1790 3116 γῆ

1898 1882 1985 1924 tus
2017 1870 2157 1941 [sive
2192 1868 2424 1942 oriens],
2455 1869 2613 1923 multi
2645 1869 2763 1938 ejus
2790 1868 3014 1921 fuerunt
3035 1867 3196 1934 radii,
3222 1868 3481 1921 humani-

1900 1960 2049 2024 tatis,
2094 1960 2419 2026 curationis,
2471 1959 2642 2028 pacis,
2679 1959 2923 2028 justitiae,
2970 1958 3108 2011 radii
3139 1956 3477 2010 inlinitorum

1898 2055 2154 2109 aliorum.
2187 2054 2312 2109 Ideo
2358 2066 2412 2109 et
2476 2054 2643 2109 David
2682 2054 2987 2123 prazvidens
3031 2053 3231 2109 cecinit
3274 2070 3287 2106 :
3331 2052 3481 2105 Orie-

1901 2156 1988 2199 tur
2009 2148 2063 2199 in
2093 2146 2275 2199 diebus
2301 2152 2415 2215 ejus
2439 2146 2657 2215 justitia
2681 2155 2728 2199 et
2754 2147 3085 2199 abundantia
3115 2147 3285 2216 pacis,
3316 2144 3480 2199 donec

1899 2240 2178 2308 auferatur
2200 2239 2328 2292 luna
2351 2249 2400 2292 γ.
2432 2238 2531 2293 llic
2558 2240 2723 2308 igitur
2754 2241 2939 2295 oriens
2963 2255 3029 2294 ex
3057 2240 3167 2294 alto
3192 2250 3346 2293 ortus
3372 2246 3476 2300 est,

1897 2336 1952 2382 et
1976 2344 2007 2382 e
2036 2339 2177 2381 terra
2201 2346 2213 2381 :
2243 2343 2309 2381 ex
2334 2328 2444 2382 alto
2472 2330 2716 2398 quidem,
2744 2328 3046 2383 secundum
3087 2328 3341 2384 deitatem
3368 2345 3382 2381 :
3412 2344 3480 2382 ex

1898 2425 2044 2471 terra
2071 2431 2221 2483 vero,
2247 2417 2549 2471 secundum
2600 2418 3089 2486 dispensationem.

1902 2724 2153 2795 Ejusdem
2204 2728 2259 2780 in
2297 2724 2509 2778 Domini
2550 2725 2973 2778 incarnationem
3015 2724 3139 2779 Jesu
3181 2723 3379 2778 Christi
3428 2734 3476 2779 et

2073 2797 2211 2865 quod
2243 2796 2467 2866 singulis
2499 2796 2796 2866 regionibus
2832 2796 3047 2866 angelus
3093 2796 3296 2865 prwsit.

1969 2952 2204 3009 Servivit
2240 2962 2493 3009 creatura
2548 2954 2780 3020 homini,
2839 2955 2920 3009 sol
2987 2964 3041 3009 et
3101 2955 3250 3018 luna,
3293 2954 3473 3014 stella.

1897 3061 2069 3111 mare,
2106 3057 2271 3112 terra,
2304 3056 2359 3102 et
2395 3061 2739 3116 qumcunque
2778 3048 2831 3100 in
2859 3046 2941 3102 eis
2987 3056 3135 3113 sunt,
3190 3063 3296 3101 non
3346 3063 3477 3101 vero

198 3118 300 3211 καὶ
331 3119 487 3211 “ra-sv
524 3123 732 3187 αὐτοῖς,
769 3128 866 3197 οὺχ
924 3129 1000 3193 ὼς
1047 3131 1185 3201 ἀξίῳ
1215 3133 1273 3185 δὲ
1306 3134 1423 3204 (καὶ
1464 3137 1573 3207 γὰρ
1608 3154 1788 3207 παρα-

1901 3146 1956 3191 ut
1982 3137 2146 3207 digno
2184 3138 2405 3208 (etenim
2444 3139 2834 3208 prmvaricator
2849 3148 2901 3192 ct
2923 3155 3049 3192 reus
3077 3136 3201 3208 fuit)
3240 3139 3333 3193 sed
3366 3137 3477 3191 Deo

196 3205 379 3275 ϐάτης
409 3204 480 3279 ἦν
509 3213 605 3265 καὶ
662 3216 965 3287 ὑπόδικος),
1000 3220 1138 3274 ἀλλά
1175 3224 1270 3277 τοῦ
1329 3224 1462 3277 Θεοῦ
1517 3204 1790 3282 δουλεύειν

1901 3229 2118 3299 iubente
2143 3230 2189 3283 ei
2220 3231 2461 3285 servire:
2492 3247 2558 3284 ne
2580 3246 2676 3300 per
2707 3231 2891 3285 omnia
2925 3230 3104 3300 imago
3131 3230 3333 3299 injuria
3362 3230 3468 3283 alli-

195 3301 633 3393 προστάξαντος,
664 3310 738 3371 ὼς
761 3308 826 3363 ἂν
875 3315 950 3383 μὴ
1010 3314 1305 3388 ἐξυϐρισθῇ
1366 3318 1457 3371 διὰ
1507 3320 1789 3393 πάντωνῆ

194 3391 393 3456 εἰκὼν,
424 3397 475 3446 εί
516 3397 610 3449 καὶ
660 3400 897 3471 παρέϐη.
930 3404 1119 3474 Πάσης
1163 3406 1345 3459 τοίνυν
1397 3408 1498 3477 τῆς
1553 3391 1788 3474 κτίσεως

196 3486 611 3558 στασιαζούσης
640 3491 669 3541 6
696 3491 827 3555 Θεὸς
850 3494 1063 3549 κελεύει
1092 3500 1158 3568 τῇ
1191 3498 1369 3551 κτίσει
1417 3500 1493 3571 μὴ
1532 3502 1788 3573 ἁφηνιᾷν,

194 3578 341 3631 ἀ).λά
368 3581 635 3650 παρέχειν
681 3584 780 3653 μὲν
826 3586 918 3640 τὸν
975 3588 1128 3658 ἥλιον
1167 3590 1267 3659 τὴν
1321 3591 1515 3644 ἑαυτοῦ
1569 3594 1787 3661 ἀκτῖνα,

194 3672 299 3740 τὴν
334 3673 439 3741 γῆν
464 3672 508 3704 ⁸⁵
538 3676 665 3737 τοὺς
711 3680 984 3748 καρποὺς,
1028 3681 1192 3752 [liii-1
1227 3682 1318 3753 8.]
1364 3683 1462 3753 τὴν
1512 3683 1790 3738 θάλασσαν

199 3764 398 3831 ἰχθύας
425 3765 471 3796 ⁸⁵
536 3767 633 3820 καὶ
693 3768 793 3831 τὰς
853 3772 1126 3843 ἐμπορίας
1150 3774 1215 3839 ⁵⁷,
1258 3774 1353 3827 καὶ
1403 3776 1632 3829 ἕκαστον
1680 3776 1790 3830 τῶν

194 3856 531 3926 κτισμάτων
557 3859 658 3927 τὴν
682 3858 744 3926 ἐξ
769 3861 981 3916 ἑαυτῶν
1016 3866 1207 3935 χρείαν
1239 3868 1332 3920 καὶ
1360 3867 1633 3938 ὠφέλειαν
1672 3874 1785 3935 τοῖς

194 3947 537 4019 ἀνθρώποις.
596 3950 816 4023 Ταύτην
867 3957 1208 4027 ἀπογυμνῶν
1258 3959 1637 4025 ὁἌπὸστολος
1691 3963 1789 4031 τὴν

196 4036 417 4092 ἔννοιαν
444 4042 667 4109 φάσκει⁸
713 4044 774 4099 Ἠ
798 4046 907 4115 γὰρ
929 4048 1378 4117 ἀποκαραδοκία
1402 4052 1514 4121 τῆς
1536 4055 1790 4120 κτίσεως

192 4129 316 4196 τὴν
341 4131 744 4202 ἀποκάλυψιν
764 4136 885 4190 τῶν
921 4140 1067 4192 υἱῶν
1104 4140 1213 4195 τοῦ
1261 4144 1410 4198 Θεοῦ
1461 4146 1789 4214 ἀπεκδέχε-

193 4235 316 4283 ται.
350 4218 427 4288 Τῇ
454 4221 563 4289 γὰρ
584 4227 936 4294 ματαιότητι
962 4228 1001 4294 ἡ
1029 4230 1227 4296 κτίσις
1273 4233 1541 4303 ὑπετάγη
1567 4235 1633 4301 ⁸⁸,
1674 4239 1788 4305 οὐχ

191 4309 455 4375 ἑκοῦσα,
478 4313 639 4367 ἀλλὰ
662 4315 759 4368 διὰ
779 4320 886 4370 τὸν
912 4321 1320 4389 ὑποτάξαντα,
1356 4325 1449 4377 ἐπ’
1476 4326 1675 4380 ἐλπίδι
1699 4328 1788 4382 ὅτι

192 4402 292 4454 καὶ
317 4404 477 4487 αὑτὴ
497 4406 535 4473 ἡ
567 4408 765 4475 κτίσις
795 4410 1338 4480 ἐλευθερωθήσεται
1361 4417 1482 4471 ἀπὸ
1512 4417 1622 4487 τῆς
1650 4420 1788 4474 δου-

190 4495 371 4557 λείας
400 4494 513 4561 τῆς
531 4499 759 4567 φθορᾶς
800 4505 889 4568 είς
931 4505 1046 4573 τὴν
1073 4507 1420 4577 ἐλευθερίαν
1451 4511 1564 4580 τῆς
1600 4512 1788 4582 δόξης

192 4582 317 4635 τῶν
344 4583 578 4640 τέκνων
620 4591 725 4645 τοῦ
759 4594 927 4648 Θεοῦ.
981 4592 1105 4650 Οἷον
1138 4600 1208 4652 τί
1242 4600 1421 4670 λέγω;
1473 4602 1549 4666 ὡς
1595 4598 1734 4659 εἶδεν
1758 4606 1787 4658 6

190 4674 332 4740 Θεὸς
366 4676 465 4729 τὸν
501 4679 790 4749 ἄνθρωπον
818 4687 1123 4741 ἐκπεσόντα
1162 4692 1257 4744 καὶ
1298 4693 1402 4762 τὴν
1447 4694 1625 4748 κτίσιν
1655 4698 1787 4751 ἀνα-

190 4769 468 4822 νεύουσαν
499 4772 636 4841 πρὸς
691 4774 1000 4848 ὑπηρεσίαν
1041 4781 1135 4834 τοῦ
1168 4784 1575 4857 ἡμαρτηκότος,
1602 4784 1786 4859 ἐχαλί-

190 4877 369 4912 νωσεν
396 4861 571 4934 αὐτὴν
603 4866 703 4920 καὶ
738 4871 814 4939 μὴ
862 4870 1145 4940 θέλουσαν,
1192 4878 1289 4930 καὶ
1325 4878 1612 4934 ἐκέλευσεν
1672 4882 1779 4935 ὐπ-

190 4954 415 5046 ηρετεῖν
443 4952 517 5016 ὡς
549 4961 840 5029 πρότερον,
880 4963 1046 5034 ἡνίκα
1081 4967 1143 5019 τὸ
1181 4967 1457 5038 βασιλικὸν
1480 4973 1658 5046 ἑαυτῷ
1690 4977 1786 5028 καὶ

190 5042 424 5113 ἀρχικὸν
451 5049 553 5117 τὴν
585 5052 809 5124 ἐντολὴν
834 5056 1125 5125 φυλάττων
1187 5062 1541 5129 συνδιέσωζεν
1566 5107 1581 5131 ,
1616 5042 1785 5139 ᾗσχύ-

1894 3334 2142 3391 ceretur;
2185 3323 2313 3378 licet
2343 3323 2506 3378 homo
2538 3322 2931 3393 praevaricatus
2960 3323 3147 3378 fuerit.
3176 3322 3336 3377 Omni
3374 3324 3474 3394 igi-

1892 3424 1984 3470 tur
2012 3425 2263 3471 creatura
2294 3416 2612 3481 rcbellante,
2645 3414 2789 3471 Deus
2820 3423 3085 3470 creatura:
3119 3416 3343 3468 mandat
3366 3430 3472 3467 non

1893 3520 2220 3575 repugnare,
2248 3505 2340 3559 sed
2374 3505 2615 3575 praebere
2645 3504 2867 3573 quidem
2899 3505 3071 3560 solem
3106 3504 3288 3559 radios
3319 3520 3474 3567 suos.

1893 3609 2044 3647 mare
2083 3594 2262 3663 pisces
2290 3603 2344 3648 et
2384 3596 2831 3664 negotiationem,
2882 3602 2935 3647 et
2974 3594 3220 3661 singulas
3260 3602 3475 3647 creatu-

1891 3700 2002 3750 ras,
2048 3686 2337 3740 utilitatem
2393 3702 2547 3741 suam
2608 3696 2661 3741 et
2730 3685 3079 3741 commodum
3131 3685 3467 3739 hominibus.

1893 3776 2090 3848 517b
2128 3776 2287 3832 llunc
2345 3794 2570 3833 sensum
2617 3780 2918 3849 Apostolus
2986 3778 3270 3849 explicans
3313 3778 3469 3831 dicit:

1894 3868 2039 3922 Nam
2077 3872 2399 3940 exspectatio
2420 3880 2680 3924 creatum
2718 3870 3087 3924 reuelationem
3117 3870 3351 3938 ﬁliorum
3375 3867 3472 3921 Dei

1892 3974 2182 4032 exspectat.
2228 3962 2467 4017 Vanitati
2520 3964 2662 4017 enim
2695 3973 2943 4016 creatura
2966 3962 3204 4031 subjecta
3234 3972 3332 4025 est,
3360 3979 3462 4015 non

1892 4054 2089 4119 volens,
2125 4056 2216 4108 sed
2251 4067 2466 4124 propter
2500 4071 2620 4107 eum
2652 4056 2743 4124 qui
2783 4054 3006 4122 subjecit
3048 4070 3165 4107 eum
3190 4055 3247 4105 in
3276 4069 3391 4122 spe,
3417 4065 3465 4105 et

1892 4145 2009 4212 ipsa
2035 4155 2281 4197 creatura
2325 4143 2639 4196 liberabitur
2680 4161 2711 4195 α
2738 4144 2993 4196 servitute
3034 4144 3389 4211 corruptionis
3418 4143 3471 4194 in

1892 4238 2190 4290 libertatem
2220 4237 2407 4306 gloria:
2438 4237 2672 4304 ﬁliorum
2716 4235 2811 4287 Dei
2848 4244 2894 4290 κ.
2926 4233 3050 4288 Haec
3073 4250 3138 4289 eo
3176 4235 3469 4303 pertinent,

1892 4328 2054 4381 scivit
2083 4326 2228 4381 Deus
2258 4328 2536 4381 hominem
2585 4326 2891 4395 lapsurum,
2916 4335 2970 4379 et
3008 4336 3311 4380 creaturam
3350 4340 3470 4393 pec-

1893 4420 2096 4476 catoris
2131 4421 2425 4490 imperium
2458 4422 2905 4484 detrectaturam,
2931 4419 3133 4473 idcirco
3167 4418 3469 4473 reiraanavit

1813 4490 1867 4550 D
1892 4530 2035 4578 eam,
2068 4523 2122 4568 et
2150 4514 2315 4568 etiam
2352 4514 2651 4578 nolentem,
2680 4514 2951 4583 jussilque
3010 4527 3200 4581 parere
3227 4552 3240 4576 ,
3275 4521 3333 4565 ut
3369 4527 3470 4564 ειη--

1889 4616 1996 4671 tea,
2039 4607 2168 4660 dum
2205 4606 2311 4676 legi
2349 4608 2610 4676 parendo,
2658 4604 2839 4676 regale
2877 4620 2941 4659 ac
2979 4619 3256 4659 summum
3302 4605 3470 4684 impe-

1887 4702 2031 4754 rium
2088 4701 2359 4755 servabat.
2405 4699 2651 4755 Pudebat
2696 4699 2840 4754 enim
2885 4708 3196 4754 creaturam
3233 4698 3470 4752 obnoxio

1893 4794 2134 4861 peccatis
2175 4792 2399 4848 domino
2447 4808 2507 4849 se
2560 4792 2778 4862 subjici,
2835 4800 2890 4848 et
2940 4793 3146 4848 servire
3183 4791 3254 4857 ei,
3306 4807 3468 4861 quem

1896 4898 2118 4938 servum
2175 4885 2385 4954 peccati
2438 4900 2559 4939 esse
2618 4884 2850 4952 videret,
2887 4887 2981 4939 sed
3029 4884 3258 4939 Creator
3306 4884 3468 4952 jussit

1896 4980 2357 5045 transgressorem
2401 4989 2509 5028 non
2556 4974 2847 5044 abnegare,
2882 4975 2975 5029 sed
2998 4976 3283 5029 ostendere
3319 4990 3465 5028 com—

1893 5066 2076 5119 munis
2134 5065 2348 5121 Domini
2388 5067 2711 5121 immensam
2765 5067 3014 5136 gratiam,
3050 5075 3104 5120 et
3134 5067 3349 5121 ﬁrmum
3376 5064 3465 5117 be-

269 5249 286 5281 ί
322 5247 456 5305 Luc.
485 5254 630 5324 1,,78.
703 5265 731 5293 ιι
762 5256 963 5330 Ephes.
990 5276 1062 5328 IV,
1093 5264 1145 5318 9.
1225 5274 1251 5301 ν
1314 5266 1419 5321 lsa.
1464 5283 1581 5331 Lm,
1616 5273 1663 5322 l.
1763 5279 1788 5306 ι

1901 5273 1993 5327 lor.
2044 5288 2081 5324 ι.
2128 5272 2217 5327 50.
2296 5272 2491 5327 Ipsal.
2537 5287 2688 5338 Lxxl,
2721 5270 2776 5325 7.
2865 5280 2889 5307 ι
2938 5268 3097 5324 Rom.
3143 5282 3261 5330 vm,
3291 5264 3380 5318 ΞΟ.

1498 5471 1731 5527 νΑιιιΑῑ
1788 5472 2195 5531 LEC'l’IONES.

264 5610 405 5666 ’ίότι
435 5617 482 5671 Δ
542 5632 557 5668 :
594 5617 659 5668 ἐκ
687 5616 781 5669 τοῦ
810 5619 892 5671 ὃτι
916 5638 976 5684 ς’.

268 5700 300 5733 I.
344 5684 410 5735 Α.
493 5686 540 5718 ⁸⁸
567 5686 669 5735 τὴν
696 5687 801 5735 γῆν
824 5693 948 5735 τοὺς
972 5711 976 5719 ι

196 5694 300 5733 mn.
344 5694 410 5737 Α.

195 5765 270 5817 pr.
298 5753 379 5831 Δ.⁸

1085 5626 1128 5655 ⁸³
1166 5623 1256 5677 καὶ
1300 5624 1611 5693 βασιλεύσει

1688 5629 1908 5683 ασιλεύς
1948 5633 2011 5683 Δ.

542 5632 557 5668 :
594 5627 659 5668 εκ
687 5634 781 5698 του
810 5627 892 5671 ὃτι
916 5638 976 5684 ς.
1085 5627 1128 5655 σι
1166 5627 1256 5677 καὶ
1300 5627 1611 5693 βασιλεύσει
1652 5627 1908 5713 βασιλεὺς

493 5686 540 5718 ss
567 5686 669 5759 τὴν
696 5704 801 5758 γην
824 5693 948 5754 τοὺς
972 5697 1220 5763 καρπούς
1261 5698 1387 5752 add,
1419 5698 1486 5752 Α.
1525 5699 1623 5767 τὴν
1647 5699 1701 5750 ὑὲ
1717 5700 1833 5754 οάλ,
1862 5718 1921 5763 ς.

3010 5640 3055 5671 ⁸⁵
3088 5641 3181 5692 καὶ
3220 5640 3461 5693 θάλασσα

2997 5712 3043 5742 ⁸⁸
3070 5712 3313 5781 ὑπετάγη
3348 5727 3458 5767 θυι.

2111 5630 2276 5707 ξ³μκαὶ
2301 5643 2429 5690 ante
2458 5635 2633 5707 ἄστρα
2674 5636 2799 5694 add.
2832 5640 2897 5692 Α.

2030 5701 2072 5732 δ’*
2108 5701 2259 5770 ἰχθῦς
2286 5720 2346 5765 ς.
2448 5708 2489 5737 ⁶⁷
2510 5701 2808 5778 ὲρὶπορείας
2834 5713 2899 5761 Α.
