3912 6234
421 336 528 401 263
1573 323 1833 385 PHOTlI
1874 324 2376 388 PATRIARCH/E
2417 332 2518 395 CP.‘

3589 317 3698 382 264

426 448 705 506 netieium.
747 445 1081 503 Promittens
1133 442 1300 500 etiam
1334 449 1621 507 creaturae,
1675 450 1935 496 renovato
1961 449 2017 496 et

2137 459 2241 496 νετο
2267 443 2383 515 γάρ
2414 450 2447 516 ὴ
2511 446 2687 510 κτίσις
2743 446 2832 499 τὸν
2879 443 3229 514 αἰχμάλωτον
3266 443 3333 512 τῇ
3379 437 3696 510 παραϐάσει

427 544 662 598 liberato
702 548 962 608 corrupto
1010 544 1064 591 et
1100 537 1319 606 captivo
1362 535 1605 592 homine.
1642 532 1809 587 etiam
1840 534 2014 602 ipsam

2137 538 2324 607 (dptov
2376 538 2804 611 ἐπιγράφεσθαι,
2839 538 2936 590 καὶ
2966 536 3320 606 ἐξυπηρετεῖν
3364 530 3537 601 αὐτῷ,
3592 532 3695 597 τῆς

430 644 751 689 renovatum
787 630 878 697 iri,
908 629 1068 701 quasi
1096 628 1335 683 diceret:
1364 625 1573 681 Cecidit
1597 625 1800 694 imago,
1831 632 1885 677 et
1919 640 2016 694 per

439 726 649 795 lapsum
678 724 907 789 interiit,
966 729 1021 775 et
1040 735 1136 791 per
1165 717 1590 773 inobedientiam
1616 716 1893 785 corruptio
1909 726 2012 772 est.

438 816 631 870 Patere
686 814 894 868 servire
937 811 1293 880 corruptione
1348 817 1631 878 corrupto,
1666 810 1748 875 {ut
1795 807 2017 878 quando

434 906 614 975 ipsum
644 913 929 965 renovato,
979 918 1156 956 meam
1192 902 1507 969 imaginem,
1535 908 1851 969 corruptum
1910 899 2014 953 ho-

434 998 661 1059 minem,
689 995 922 1051 cumillo
945 1003 998 1048 et
1030 1003 1079 1047 te
1098 1002 1405 1047 creaturam
1436 1006 1713 1055 renovem,
1752 998 1806 1045 et
1828 990 2013 1045 eadem

435 1106 542 1158 qua
576 1090 666 1143 ille
706 1088 966 1143 afﬂictam
1018 1085 1261 1148 miseria,
1295 1100 1418 1139 cum
1455 1083 1629 1153 gloria
1670 1082 2013 1137 resuscitcm.

437 1179 579 1247 Quid
610 1188 694 1235 est
724 1181 851 1242 hoc,
881 1179 1122 1233 hominis
1150 1176 1433 1231 dominum
1459 1174 1647 1245 fugere
1670 1174 2023 1231 creaturam?

437 1274 578 1327 Dicit
618 1273 763 1327 enim
791 1290 804 1326 :
860 1270 1099 1324 Vanitati
1129 1270 1363 1337 subjecta
1390 1276 1467 1322 est
1492 1277 1761 1330 creatura,
1793 1281 1897 1318 non
1918 1285 2022 1323 ωυ-

438 1367 549 1418 lens
573 1380 591 1417 :
625 1365 712 1418 cui
742 1363 1011 1418 vanitati?
1056 1365 1099 1415 A
1155 1377 1265 1430 quo
1297 1361 1441 1415 enim
1497 1368 1740 1428 tempore
1786 1361 1951 1416 homo
1989 1377 2021 1417 a

442 1458 555 1512 Deo
580 1456 818 1521 deﬂexit,
844 1457 1059 1510 vanitas
1086 1463 1335 1511 vocatur.
1370 1452 1509 1506 Audi
1536 1460 1827 1508 canentem
1860 1452 2023 1507 Davi-

443 1550 565 1603 dem
591 1566 604 1602 :
652 1546 1021 1601 Verumtamen
1050 1546 1294 1599 universa
1315 1544 1543 1607 vanitas,
1578 1545 1749 1599 amnis
1770 1544 1922 1599 homo
1946 1544 2024 1598 vi-

441 1654 559 1691 vens
583 1649 632 1690 α.
665 1635 856 1691 Omnis
882 1636 1046 1689 homo
1081 1650 1257 1689 vanus
1286 1642 1370 1688 est
1404 1632 1575 1689 Deum
1603 1634 1942 1706 relinquens,
1967 1642 2023 1689 et

440 1730 733 1784 vanitatem
773 1746 1031 1799 sequens.

2120 626 2400 697 ἁμαρτιας
2440 631 2602 684 αὐτὸν
2638 630 2765 702 [8M
2796 628 2888 700 [1.]
2918 628 3103 698 ὁρῶσα
3139 625 3325 679 δοῦλον
3361 623 3693 692 γενόμενον·

2117 718 2234 774 ἀλλ’
2259 721 2550 776 ἐκέλευσεν
2590 723 2620 775 6
2658 722 2884 791 κτίστης
2928 720 3003 790 μὴ
3026 716 3368 789 ἐξαρνεῖσθαι
3391 715 3484 768 τὸν
3516 730 3699 782 παρα-

2119 810 2316 883 ϐάτην,
2364 814 2479 868 ἀλλ’
2520 814 2890 868 ἐπιδεικνύναι
2934 811 3028 865 τοῦ
3060 810 3241 864 κοινοῦ
3294 807 3565 861 Δεσπὸτου
3598 804 3700 874 τὴν

2116 903 2354 965 ἇςεοθονον
2400 905 2561 978 χάριν
2604 906 2787 959 καὶτὸ
2823 907 2923 976 τῆς
2973 902 3298 973 εὐεργεσίας
3336 898 3697 969 ἀμετάθετον,

2120 992 2594 1066 ἐπαγγειλάμενος
2622 998 2717 1050 καὶ
2756 998 2823 1066 τῇ
2854 995 3029 1049 κτίσει
3058 996 3142 1047 ὅτι
3172 1009 3298 1063 περ,
3343 989 3703 1050 ἀνακαινιζο-

2126 1088 2291 1156 μένου
2318 1088 2415 1140 καὶ
2446 1085 2915 1159 ἐλευθερουμένου’
2929 1087 3023 1139 τοῦ
3045 1085 3344 1155 φθαρέντος
3369 1084 3462 1135 καὶ
3498 1082 3705 1149 αἰχμα-

2122 1179 2479 1245 λωτισθέντος
2509 1181 2609 1234 ἀνθ
2625 1166 2839 1253 ρῶτῖου,
2870 1178 3387 1245 ἀνακαινισθήσεται
3417 1173 3512 1226 καὶ
3541 1172 3705 1240 αὐτὴ,

2122 1272 2199 1336 ὡς
2236 1272 2301 1326 ἂν
2336 1274 2387 1326 εί
2424 1273 2649 1341 ἔλεγεν*
2692 1273 2928 1327 Ἔπεσεν
2982 1273 3017 1342 ἡ
3068 1267 3230 1323 εἰκὼν
3290 1268 3381 1321 καὶ
3432 1265 3707 1333 ὠλίσθησε

2122 1365 2210 1419 διὰ
2259 1365 2359 1434 τὴν
2410 1366 2719 1437 παράϐασιν
2777 1365 2871 1419 καὶ
2927 1364 3206 1433 φθείρεται
3252 1360 3340 1413 διὰ
3383 1358 3482 1427 τὴν
3522 1373 3708 1425 παρα-

2122 1460 2275 1528 κοήν.
2299 1458 2563 1529 Ἀνάσχου
2602 1458 2887 1512 δουλεῦσαι
2923 1459 2989 1528 τῇ
3028 1455 3123 1509 τοῦ
3163 1453 3463 1525 φθαρέντος
3502 1450 3707 1520 φθορᾷ.

2124 1551 2231 1615 ἵνα,
2270 1550 2400 1605 ὅταν
2434 1553 2596 1605 αὑτὸν
2635 1552 3001 1616 ἀνακαινίζω,
3040 1549 3139 1620 τὴν
3177 1547 3315 1619 ἐμὴν
3354 1546 3535 1599 εἰκόνα
3560 1583 3574 1607 ν
3616 1543 3710 1594 τὸν

2124 1643 2400 1714 φθαρέντα
2438 1644 2756 1716 ἄνθρωπον,
2811 1644 2908 1696 σὺν
2946 1643 3129 1712 αὐτῷ,
3168 1640 3265 1695 καὶ
3301 1640 3360 1692 σὲ
3395 1639 3493 1705 τὴν
3530 1637 3710 1688 κτίσιν

2124 1729 2460 1783 ἀνακαινίσω
2499 1731 2593 1785 καὶ
2634 1732 2921 1799 σύνθρονον
2959 1730 3122 1784 αὐτοῦ
3157 1731 3255 1799 τῆς
3275 1730 3318 1761 ’θ
3355 1727 3515 1796 ὅοξης
3552 1724 3713 1793 ποιή-

443 1842 540 1878 σω.
579 1822 1081 1892 Συγκατεσπάσθης
1118 1820 1282 1877 αὑτοῦ
1298 1821 1343 1854 ⁷⁰
1380 1824 1445 1892 τῇ
1485 1819 1855 1892 ταλαιπωρίᾳ,
1898 1822 2280 1891 συναναστήσῃ
2302 1822 2346 1852 ⁷¹
2384 1825 2450 1894 τῇ
2490 1822 2637 1897 δόξῃ.
2678 1823 2743 1874 Τί
2780 1822 2837 1875 δέ
2875 1822 2993 1875 ἐστι
3029 1823 3089 1874 τὸ
3127 1822 3226 1892 τὴν
3266 1820 3443 1873 κτίσιν
3481 1816 3712 1886 φεύγειν

441 1917 541 1988 τὴν
576 1916 671 1969 τοῦ
710 1915 999 1985 ἀνθρώπου
1040 1914 1393 1979 δεσποτείαν;
1434 1914 1583 1981 λέγει
1621 1912 1766 1981 γάρ·
1814 1910 1893 1979 Τῇ
1926 1913 2277 1979 ματαιότητι
2313 1914 2351 1983 ἡ
2392 1916 2590 1981 κτίσις
2627 1916 2739 1984 οὐχ
2777 1914 3007 1968 ἑκοῦσα
3022 1915 3066 1945 ⁷³
3104 1912 3392 1981 ὑπετάγη.
3426 1910 3563 1979 Ποία
3603 1926 3713 1977 μα-

447 2011 720 2081 ταιὸτητι;
753 2010 843 2078 ἀφ’
874 2003 936 2063 οὗ
974 2009 1041 2063 ἃν
1079 2010 1326 2080 ἐκτραπῇ
1365 2011 1393 2062 6
1432 2008 1718 2079 ἄνθρωπος
1753 2007 1848 2061 τοῦ
1882 2006 2046 2072 Θεοῦ,
2094 2010 2393 2080 ματαιότης
2436 2010 2705 2066 καλεῖται.
2735 2012 3003 2065 Ἀκουσον
3042 2008 3332 2080 ψάλλοντος
3371 2006 3467 2059 τοῦ
3507 2003 3712 2057 Δαϐίδο

444 2101 619 2168 Πλὴν
654 2102 733 2155 τὰ
767 2100 1091 2170 σύμπαντα
1124 2104 1487 2169 ματαιότης,
1526 2098 1647 2167 πᾶς
1684 2098 1998 2168 ἅνθρωπος
2036 2098 2166 2158 ζῶν.
2222 2102 2339 2166 Πᾶς
2377 2103 2664 2175 ἄνθρωπος
2714 2104 2943 2175 μάταιός
2982 2106 3131 2157 ἐστιν
3169 2106 3197 2156 ὁ
3232 2103 3323 2155 τὸν
3366 2099 3498 2153 Θεὸν
3548 2113 3716 2151 κατα-

445 2195 733 2264 λιμπάνων
770 2195 865 2249 καὶ
901 2195 970 2249 τά
1011 2196 1216 2266 μάταια
1258 2196 1630 2265 μεταδιώκων.

518 2284 817 2340 Constituit
848 2284 995 2341 Deus
1047 2286 1270 2355 angelos
1301 2286 1601 2341 secundum
1630 2287 1845 2341 climata
1886 2284 2035 2338 orbis

2214 2284 2485 2355 Ἐστησεν
2514 2285 2542 2337 6
2580 2286 2712 2350 Θεὸς
2762 2287 3031 2356 ἀγγέλους
3071 2288 3211 2340 κατὰ
3238 2286 3307 2340 τά
3340 2285 3582 2355 κλίματα
3613 2285 3714 2354 τῆς

449 2378 693 2431 universi
721 2378 1001 2439 custodes.
1033 2386 1092 2432 ut
1124 2376 1270 2447 quod
1302 2388 1356 2432 et
1382 2377 1559 2434 Moses
1587 2379 1720 2433 dicit
1750 2377 1884 2449 (l9).
1915 2376 2030 2431 siu—

2137 2376 2457 2447 οίκουμένης
2495 2378 2590 2431 ἕνα
2613 2378 2844 2433 ἕκαστον
2881 2380 3284 2452 ἐπιτροπεύειν,
3315 2379 3389 2440 ὠς
3420 2378 3515 2431 καὶ
3545 2380 3709 2432 Μωῦ-

450 2470 563 2541 guli
614 2468 859 2540 singulas
896 2481 1085 2539 gentes
1135 2480 1373 2525 servent.
1420 2470 1725 2526 Constituit
1769 2484 1923 2535 vero,
1971 2476 2033 2523 ut

2137 2467 2234 2536 σῆς
2266 2466 2437 2536 λέγει,
2471 2470 2591 2532 ἐνὸς
2622 2471 2853 2524 ἑκάστου
2889 2470 3073 2534 ἔθνους
3096 2487 3110 2501 ο
3143 2471 3340 2539 ἔστησε
3376 2469 3467 2533 δέ,
3503 2472 3591 2521 ἳνα
3618 2471 3718 2537 τὴν

450 2562 783 2616 iuanimatas
818 2572 1102 2617 creaturas
1142 2562 1392 2625 irtenent.
1415 2564 1608 2630 solem,
1632 2574 1686 2617 et
1732 2564 1938 2627 lunam,
1980 2568 2034 2615 et

2137 2560 2337 2630 ἄψυχον
2363 2561 2541 2614 κτίσιν
2566 2562 3122 2633 χαλινώσωσιν,ἦλιον
3140 2563 3232 2614 καὶ
3256 2561 3481 2632 σελήνην
3510 2561 3606 2612 καὶ
3624 2558 3719 2611 Θά-

455 2669 626 2718 mare,
657 2663 714 2708 et
740 2664 967 2719 terram,
997 2664 1051 2710 et
1090 2671 1427 2726 quaecunque
1454 2657 1506 2710 in
1543 2656 1609 2711 iis
1641 2664 1791 2720 sunt,
1822 2654 1886 2709 ad
1920 2669 2033 2709 ser-

451 2746 711 2800 viendum
743 2746 1027 2800 hominum
1072 2748 1219 2801 usui.
1257 2747 1497 2802 Rursum
1539 2746 1713 2815 angeli
1760 2745 2036 2814 angeban-

452 2848 543 2891 tur
577 2838 879 2893 servientes
913 2838 1179 2908 indignis,
1213 2848 1268 2892 et
1298 2854 1473 2907 poenae
1505 2836 1757 2892 obnoxiis
1790 2836 2032 2891 homini-

454 2929 596 2984 bus:
635 2928 939 2999 przesertim
973 2929 1207 2984 videndo
1245 2930 1369 2985 illos
1424 2929 1724 2984 maximum
1770 2928 2034 2981 honorem

455 3018 643 3081 idolis,
682 3020 776 3073 uni
803 3018 914 3074 Deo
946 3018 1213 3085 debitum,
1250 3019 1449 3092 518a
1474 3020 1756 3076 exhibere.
1801 3017 2040 3073 Protulit

456 3116 601 3161 terra
651 3107 858 3172 vinum,
897 3116 951 3163 et
999 3124 1112 3163 arae
1151 3109 1443 3165 libationes
1490 3108 1853 3179 accipiebant,
1901 3106 2041 3160 alios

456 3197 670 3253 fructus
694 3199 855 3254 idolis
897 3199 1318 3254 consecrabant.
1371 3199 1499 3253 ldeo
1528 3199 1703 3269 angeli
1736 3206 1864 3253 sunt
1898 3197 2037 3250 indi-

455 3289 630 3360 gnati,
663 3290 914 3346 videntes
944 3306 1008 3345 ea
1042 3306 1165 3360 quae
1195 3306 1300 3346 non
1328 3299 1476 3356 sunt,
1515 3291 1618 3345 coli
1656 3292 1776 3345 loco
1797 3290 1917 3359 ejus
1941 3288 2035 3358 qui

455 3393 559 3437 est.
588 3383 726 3437 llinc
753 3392 807 3435 et
837 3382 945 3435 alia
975 3384 1229 3451 quaestio,
1264 3398 1388 3451 quae
1416 3384 1482 3436 ad
1505 3381 1835 3451 Prophetam
1869 3380 2041 3435 relata

457 3486 578 3530 est:
620 3474 773 3529 Venit
806 3476 874 3528 ad
908 3474 1085 3540 illum,
1122 3475 1318 3545 inquit,
1349 3475 1577 3545 Angelus
1614 3474 1850 3539 Gabriel,
1882 3484 1930 3527 et
1960 3474 2046 3525 di-

456 3567 526 3620 cit
558 3566 641 3620 ei:
683 3564 897 3629 Daniel,
933 3581 1077 3618 serve
1111 3564 1230 3630 Dei,
1262 3581 1326 3619 ex
1361 3567 1447 3619 die
1482 3568 1656 3634 primo
1680 3582 1781 3637 qua
1821 3565 2045 3634 posuisti

2134 2652 2335 2706 λασσαν
2360 2653 2453 2705 καὶ
2474 2654 2576 2722 γῆν
2599 2654 2691 2706 καὶ
2708 2654 2775 2706 τὰ
2802 2656 2859 2707 ἐν
2879 2654 3082 2717 αὐτοῖς,
3105 2654 3395 2723 ὑπηρετεῖν
3415 2654 3481 2720 τῇ
3506 2650 3604 2702 τοῦ
3628 2651 3721 2702 ἀνί

2138 2746 2359 2816 θρώπου
2373 2747 2693 2800 ἀπολαύσει.
2714 2747 2884 2801 Πάλιν
2902 2748 2951 2799 οἱ
2970 2748 3190 2815 ἄγγελοι
3209 2745 3499 2816 ἐτρύχοντο
3521 2745 3631 2811 ὐπη
3643 2759 3721 2809 ρει

2138 2836 2393 2906 τούμενοι
2417 2837 2661 2902 ἀναξίοις
2687 2839 2782 2893 καὶ
2812 2839 2967 2907 δίκης
3006 2839 3211 2908 ἐνόχοις
3240 2836 3575 2906 ἀνθρώποις,
3618 2834 3722 2903 μά-

2137 2928 2293 2981 λιστα
2313 2929 2546 3000 δρῶντες
2583 2931 2779 2994 αὐτοὺς
2797 2931 2907 3000 ’τὴν
2947 2928 3285 2999 Δεσποτικὴν
3306 2928 3463 2992 ἀξίαν
3494 2929 3609 2989 τοῖς
3640 2926 3719 2977 εἰ·

2138 3021 2328 3087 δώλοις
2350 3024 2688 3086 ἀνάπτοντας
2706 3024 2801 3078 καὶ
2817 3021 3194 3095 ἁνιεροῦντας.
3223 3021 3507 3091 Ἔφερενή
3540 3018 3613 3087 γῆ
3630 3018 3721 3070 τὸν

2141 3110 2305 3177 οἶνον,
2345 3116 2441 3168 καὶ
2499 3117 2547 3169 οἱ
2610 3114 2785 3185 βωμοὶ
2848 3114 2948 3178 τάς
2993 3112 3226 3175 σπονδάς
3280 3112 3547 3180 ἐδέχοντο,
3594 3110 3721 3169 τοὺς

2142 3203 2337 3268 ἄλλους
2381 3207 2628 3276 καρποὺς
2682 3207 2777 3259 καὶ
2813 3207 2926 3268 τοῖς
2963 3202 3203 3265 εἰδώλοις
3238 3201 3566 3255 ἀνετίθεντο.
3621 3198 3720 3250 Διὰ

2142 3295 2301 3349 τοῦτο
2328 3296 2658 3368 ἐδυσφόρουν
2687 3299 2739 3351 οἱ
2794 3297 3038 3365 ἄγγελοι,
3084 3296 3155 3348 τὰ
3208 3295 3283 3365 μὴ
3325 3293 3455 3347 ὄντα
3481 3292 3722 3363 ὁρῶντες

2144 3388 2265 3441 ἀντὶ
2290 3388 2384 3440 τοῦ
2415 3388 2569 3452 ὄντος
2614 3389 2903 3459 τιμώμενα
2931 3429 2945 3442 .
2999 3386 3282 3441 Ἐντεῦθεν
3309 3386 3352 3417 ⁷³
3388 3386 3483 3437 καὶ
3517 3384 3580 3435 τὸ
3607 3383 3725 3435 ἓτε-

2151 3494 2242 3547 ρον
2280 3478 2523 3549 ζήτημα,
2579 3478 2640 3530 τὸ
2677 3481 2757 3542 είς
2808 3478 2900 3532 τὸν
2944 3480 3229 3549 προφήτην
3273 3475 3720 3546 ἀναφερόμενον*

2149 3564 2336 3622 Ἦλθε
2358 3569 2507 3637 πρὸς
2531 3571 2737 3635 αὐτὸν,
2769 3571 2952 3639 φησὶν,
2978 3573 3010 3623 ό
3029 3570 3282 3639 ἅγγελος
3302 3565 3594 3633 Γαϐριὴλ,
3627 3566 3727 3616 καὶ

460 3669 551 3706 cor
592 3661 741 3705 tuum
776 3652 844 3704 ad
876 3652 1300 3721 intelligendum,
1340 3663 1397 3705 ut
1434 3632 1775 3723 tevafﬂige—res
1804 3632 1858 3705 in
1893 3670 2035 3705 cons-

2149 3657 2310 3725 λέγει
2334 3632 2494 3724 αύτῷ
2514 3675 2527 3690 ·
2559 3632 2792 3725 Δανιῆλ
2892 3632 3269 3725 δοῦλονςυτοῦγ
3301 3632 3471 3723 Θεοῦ,
3510 3656 3614 3725 ἀφ’
3649 3652 3719 3724 ἧς

460 3755 614 3814 pectu
640 3745 730 3797 Dei
768 3748 866 3805 tui,
895 3748 1150 3798 exaudita
1180 3755 1302 3799 sunt
1338 3746 1492 3800 verba
1514 3756 1625 3812 tua,
1644 3756 1693 3801 et
1713 3749 1906 3800 missus
1928 3761 2046 3801 sum

462 3847 525 3895 ιιι
547 3837 670 3895 haec.
694 3837 789 3893 tibi
802 3838 1137 3893 enuntiarem.
1174 3837 1425 3907 Princeps
1460 3850 1635 3893 autem
1679 3841 1825 3909 regni
1857 3839 2048 3895 Persa-

464 3950 583 3987 runt
625 3935 821 3988 restitit
869 3932 1021 3995 mihi,
1063 3933 1167 3985 nisi
1194 3932 1423 3985 Michael
1457 3933 1696 3999 princeps
1721 3934 1888 4003 gentis
1932 3950 2047 3987 ves-

465 4040 562 4085 tra:
590 4032 812 4083 venisset
835 4030 891 4083 in
913 4029 1241 4099 adjutorium
1271 4046 1441 4081 meum
1469 4030 1518 4084 δ.
1546 4030 2044 4084 Dubitaveritenim

464 4125 688 4194 aliquis,
721 4125 768 4180 si
798 4123 998 4178 Persia:
1042 4124 1269 4194 angelus
1308 4122 1606 4193 praesidens
1650 4138 1679 4176 a
1724 4123 1836 4177 Deo
1897 4125 2047 4179 ordi-

472 4226 631 4271 natus
677 4217 765 4271 sit.
812 4215 869 4271 Si
902 4230 1032 4270 vero
1070 4226 1125 4270 et
1164 4214 1383 4270 Gabriel
1408 4230 1438 4268 a
1472 4214 1580 4268 Deo
1607 4217 1806 4270 missus
1844 4225 1948 4279 est,
1986 4225 2048 4271 ut

466 4308 725 4377 populum
774 4307 941 4362 Israel
990 4322 1020 4359 e
1057 4308 1372 4377 captivitate
1430 4309 1725 4361 educeret:
1772 4308 2048 4377 quomodo

466 4401 517 4456 ei
560 4399 850 4455 Persarum
907 4401 1163 4469 princeps
1210 4400 1516 4454 restiterit?
1568 4399 1643 4453 Ea
1694 4401 1924 4469 quaestio
1969 4402 2049 4455 sic

468 4492 607 4546 solvi
644 4502 839 4561 potest.
871 4491 1108 4547 Mundus
1135 4490 1442 4546 idololatria
1471 4492 1664 4562 plenus
1712 4492 1834 4556 fuit,
1872 4493 2048 4561 angeli

470 4586 726 4655 gentibus
781 4584 1018 4655 praefecti
1073 4584 1498 4656 indignabantur
1546 4595 1601 4639 et
1648 4583 2046 4655 afﬂigebautur.

468 4677 660 4732 Daniel
685 4693 815 4732 vero
840 4679 1091 4747 captivus
1136 4694 1259 4733 cum
1291 4679 1410 4733 suis
1443 4679 1845 4733 eoutribulibus
1880 4679 2051 4750 Baby—

468 4772 653 4826 lonem
680 4771 898 4835 ductus,
921 4770 1014 4826 Dei
1040 4772 1407 4840 cognitionem
1432 4771 1776 4840 przedicavit:
1802 4772 2051 4825 similiter

473 4870 530 4917 et
561 4873 670 4917 tres
696 4865 874 4933 pueri,
902 4863 1105 4931 quibus
1137 4863 1277 4933 ignis
1310 4872 1573 4931 tanquam
1600 4862 1787 4917 Suavis
1818 4878 1949 4917 aura
1975 4879 2053 4917 re-

2145 3748 2372 3817 ’ἡμέρας
2399 3750 2656 3818 προέθου
2692 3752 2963 3805 κακῶσαι
2990 3752 3105 3820 τὴν
3137 3751 3353 3820 ψυχήν
3379 3764 3496 3803 σου
3519 3750 3727 3801 ἔναντι

2148 3844 2391 3911 Κυρίου,
2434 3845 2807 3910 εἰσηκούσθη
2834 3846 2870 3913 ἡ
2914 3843 3127 3912 δέησίς
3157 3857 3296 3907 σου,
3324 3840 3425 3894 καὶ
3462 3840 3729 3894 ἀπεστά-

2146 3939 2266 4001 λην
2291 3936 2649 4004 ἀπαγγεῖλαί
2683 3950 2783 3989 σοι
2812 3937 2883 3989 τὰ
2928 3934 3170 4004 ῥήματα
3218 3934 3424 3987 ταῦτα.
3479 3934 3637 3986 Ἀλλ’
3697 3932 3729 3983 ὁ

2150 4027 2353 4096 ἀρχων
2377 4026 2488 4095 τῆς
2505 4029 2827 4092 βασιλείας
2849 4026 3096 4095 Περσῶν
3117 4025 3377 4091 ἀντέστη
3405 4041 3532 4093 μοι,
3560 4025 3613 4075 εί
3642 4022 3725 4089 μὴ

2147 4124 2395 4194 Μιχαὴλ
2423 4128 2456 4178 ό
2488 4126 2691 4194 ἄρχων
2741 4124 2848 4177 τοῦ
2890 4124 3106 4188 ἔθνους
3141 4121 3306 4191 ὑμῶν
3330 4121 3375 4151 ⁷⁸
3424 4117 3615 4189 ἦλθεν
3643 4119 3727 4181 εἰς

2144 4218 2464 4285 βοήθειαν.
2505 4218 2833 4287 Ἀπορήσειε
2864 4216 2973 4286 γὰρ
3002 4216 3067 4270 ἄν
3095 4232 3201 4277 τις,
3236 4216 3284 4266 εἰ
3315 4216 3343 4266 ὁ
3377 4213 3473 4281 τῆς
3526 4210 3725 4279 Περσί-

2149 4311 2239 4372 δος
2264 4309 2643 4381 ἐπιτροπεύων
2689 4308 2920 4376 ἄγγελος
2955 4306 3104 4377 παρὰ
3154 4301 3728 4373 Θεοῦ,ἐπιτροπεύειν

2149 4399 2433 4461 τέτακται,
2484 4397 2746 4460 ὡσαύτως
2770 4398 2829 4450 δὲ
2854 4397 2900 4428 ⁷⁵
2927 4399 3022 4450 καὶ
3054 4397 3083 4448 6
3118 4395 3359 4465 Γαϐριὴλ
3392 4392 3727 4460 ἀνακομίσαι

2150 4492 2242 4545 τὸν
2259 4491 2478 4561 Ἰσραὴλ
2504 4490 2604 4558 τῆς
2631 4490 3007 4559 αἰχμαλωσίας
3035 4488 3185 4558 παρὰ
3202 4486 3337 4539 Θεοῦ
3363 4483 3725 4543 ἀπέσταλται,

2154 4581 2274 4645 πῶς
2312 4579 2461 4649 αὐτῷ
2492 4581 2601 4633 τῶν
2648 4580 2871 4651 Περσῶν
2895 4581 2923 4631 6
2960 4580 3143 4649 ἄρχων
3188 4578 3510 4638 ἀνθίστατο;
3542 4574 3729 4639 λυθείη

2149 4673 2196 4726 δ’
2232 4673 2299 4726 ἂν
2358 4673 2416 4725 τὸ
2446 4672 2875 4742 διαπορούμενον
2918 4664 3039 4723 ὦδε.
3087 4670 3143 4721 ’0
3186 4669 3390 4736 κόσμος
3441 4663 3731 4718 εἰδωλολα-

2152 4765 2344 4835 τρείας
2364 4765 2411 4795 ⁷⁸
2464 4764 2844 4833 ἐπεπλήρωτο,
2900 4760 3066 4833 [1545
3095 4758 3188 4831 IL}
3219 4760 3268 4811 οί
3322 4759 3380 4811 δὲ
3428 4753 3731 4823 ἀγγελοιοὶ

2156 4856 2466 4925 ἐφεστῶτες
2515 4855 2626 4907 τῶν
2674 4854 2843 4907 ἐθνῶν
2896 4853 3240 4924 ἠγανάκτουν
3287 4851 3383 4902 καὶ
3431 4847 3729 4900 ἐθλίϐοντο.

469 4954 805 5025 frigeratioui
831 4955 948 5009 fuit.
982 4954 1107 5008 Ideo
1129 4964 1184 5007 et
1204 4954 1406 5007 multos
1427 4954 1495 5006 ab
1527 4953 1830 5007 idololatria
1853 4955 1917 5008 ad
1940 4956 2035 5024 pie-

2152 4948 2513 5019 Λίχμάλωτος
2576 4948 2633 5001 δὲ
2708 4945 2905 5015 Δανιὴλ
2954 4947 3032 5009 εἰς
3088 4940 3389 4995 Βαϐυλῶνα
3442 4939 3584 5006 μετά
3623 4936 3730 4988 τῶν

472 5055 644 5100 tatem
678 5047 1064 5100 traduxerunt.
1105 5044 1347 5114 Angelus
1387 5044 1550 5113 igitur
1577 5043 1867 5097 Persarum
1896 5046 2048 5099 laita-

470 5142 557 5189 tus
590 5141 693 5198 est,
728 5134 920 5187 videns
947 5132 1000 5184 in
1035 5146 1133 5185 sua
1167 5130 1391 5199 regione
1418 5144 1515 5197 pro
1560 5130 1719 5184 idolis
1751 5129 1919 5184 Deum
1955 5148 2049 5187 co-

541 5283 566 5311 ι
601 5269 747 5325 Psal.
777 5281 1005 5329 xxxviii,
1038 5266 1091 5321 8.
1169 5265 1198 5304 ιι
1230 5265 1363 5319 Dan.
1398 5281 1454 5329 χ,
1492 5266 1555 5318 l4
1583 5278 1736 5333 seqq.

2154 5041 2444 5110 ὁμοφύλων
2503 5040 2770 5110 ἀπαχθεὶς
2829 5037 2925 5108 τὴν
3001 5036 3332 5102 οεογνωσίαν
3387 5034 3726 5102 ἐκήρυττεν·

2156 5133 2421 5195 ὡσαύτως
2458 5134 2553 5185 καὶ
2581 5134 2631 5185 οἱ
2663 5134 2813 5201 τρεῖς
2838 5129 3043 5192 παῖδες,
3066 5128 3159 5190 οὓς
3188 5127 3250 5179 τὸ
3279 5126 3390 5195 πῦρ
3420 5126 3504 5186 εἰς
3542 5124 3728 5192 ἱλαρὰς

1752 5332 1911 5386 VARI
1932 5332 1986 5386 3E
2026 5333 2437 5391 LECTIONES.

544 5459 586 5487 δ’
633 5460 752 5528 τῆς.
831 5461 875 5490 ⁷ο
904 5457 1067 5511 αὑτοῦ
1127 5455 1251 5508 add.
1297 5454 1361 5506 A.
1442 5453 1483 5482 ’⁷⁸
1513 5454 1902 5528 συναναστῄσω
1943 5468 2003 5528 ς.

470 5526 534 5580 Α.
614 5531 657 5560 ⁷⁸
689 5525 860 5611 ’ἡμῶν
888 5529 953 5582 Α.
1057 5528 1100 5557 ⁷⁸
1133 5525 1190 5578 δέ
1228 5540 1340 5578 οιιι.
1371 5525 1436 5576 Α.

1534 5523 1581 5552 ⁷⁸
1607 5539 1632 5573 ε
1630 5520 2020 5589 ⁴ᾖδιυλολοιτρίτιις
2051 5540 2112 5585 ς.

2122 5454 2168 5484 ⁷²
2194 5452 2396 5509 ἑκοῦσα
2428 5472 2541 5511 om.
2574 5473 2657 5528 pr.
2694 5458 2758 5510 A.
2837 5458 2883 5489 ”
2916 5452 3185 5524 ἐντεῦθεν]
3218 5452 3471 5505 ἐντεῦθεν
3508 5450 3727 5517 λέγεται

564 5682 571 5687 ,
1989 5635 2197 5693 NOT/E

542 5737 655 5809 (ιο)
682 5733 749 5790 Ut
772 5734 914 5790 LXX
950 5734 1149 5790 habent
1176 5731 1335 5788 Deut.
1362 5748 1499 5800 xx",
1536 5732 1587 5786 8.
1656 5730 1809 5802 Vulg.
1834 5732 1950 5786 sic:
1978 5691 2275 5793 Constituit
2328 5740 2589 5795 terminos
2634 5739 2982 5809 populorum,
3041 5733 3193 5803 juxta
3264 5746 3553 5787 numerum
3592 5728 3731 5785 ﬁliov

470 5820 591 5861 tum
622 5808 805 5861 Israel.
