3912 6234
228 336 340 401 265

1236 324 1764 390 BIBLIOTHECA.
1805 347 1873 359 -
1905 317 2076 378 (101).
2139 315 2516 377 CCLXXVII.

3394 315 3507 380 266

228 453 408 524 αὖρας
429 449 532 522 τὴν
557 446 866 520 καυστικὴν
893 446 1124 515 δύναμιν
1147 445 1386 516 ἁμεῖψαν
1423 443 1688 514 ἀνέψυχε.
1724 438 1816 494 Διδ

1943 435 1986 490 1.
2025 431 2622 488 Nabuchodonosor-em
2653 445 2763 484 non
2789 429 2899 500 jam
2924 429 2990 484 ad
3025 427 3187 485 idolis
3217 428 3507 486 immolan-

235 549 334 602 καὶ
363 543 601 605 πολλοὺς
647 543 752 612 τῆς
785 541 1072 609 είδωλικῆς
1129 540 1576 610 μεταστήσαντες
1610 536 1818 604 πλάνης

235 635 514 690 θεοσεϐεῖν
569 630 825 705 [84511.]
878 627 1302 701 παρεσκεύασαν
1328 630 1392 683 ⁷⁷.
1461 630 1522 682 '0
1572 621 1667 681 οῦν
1721 627 1822 696 τῆς

237 725 417 797 ἀρχῆς
478 723 589 775 τῶν
645 721 872 792 Περσῶν
943 718 1262 790 ἐφεστηκὼς
1327 717 1560 787 ἄγγελος
1605 716 1822 786 ἔχαιρεν

235 819 386 889 ὁρῶν
420 817 476 869 ἐν
505 818 620 878 τοῖς
653 813 820 868 αὐτοῦ
864 814 1054 882 μέρεσι
1092 812 1184 866 τὸν
1215 811 1346 864 Θεὸν
1379 809 1502 864 ἀντὶ
1531 808 1640 861 τῶν
1673 807 1824 860 εἰδώ-

235 910 350 963 λων
378 906 802 978 λατρευόμενον.
836 905 938 957 Τὸν
992 902 1466 973 Ναϐουχοδονόσορ
1499 901 1669 970 ἐώρα,
1702 898 1826 953 ἀντὶ

237 1003 340 1056 τοῦ
373 999 818 1067 καταναγκάζειν
849 997 998 1050 θύειν
1025 996 1266 1059 εἰδώλοις
1295 995 1388 1049 καὶ
1416 995 1673 1066 ἐσχάταις
1698 992 1825 1056 τοὺς

239 1097 323 1166 μὴ
380 1093 740 1162 πειθομένους
795 1090 1122 1144 ὑποϐάλλειν
1167 1089 1482 1159 τιμωρίαις,
1555 1085 1825 1157 λαμπρῶς

238 1186 605 1255 θεολογοῦντα
649 1187 745 1238 καὶ
790 1184 1016 1253 λέγοντα
1034 1184 1080 1214 ⁷⁸
1108 1201 1121 1214 ⁸
1151 1183 1395 1252 Σιδρὰχ,
1428 1184 1631 1250 Μισὰχ
1653 1181 1700 1212 ⁷⁹
1724 1179 1826 1234 καὶ

249 1277 590 1348 Ἀϐδεναγώ
617 1280 671 1331 οἱ
709 1277 917 1331 δοῦλοι
944 1275 1051 1330 τοῦ
1075 1275 1224 1330 Θεοῦ
1268 1276 1375 1328 τοῦ
1411 1273 1706 1342 Ὑψίστου
1733 1272 1828 1326 καὶ

237 1374 420 1427 πολλὰ
445 1372 694 1425 τοιαῦτα.
737 1372 888 1424 Ἐπεὶ
914 1366 1010 1424 οὖν
1043 1371 1072 1423 ὁ
1107 1369 1378 1441 μακάριος
1427 1367 1626 1438 Δανιὴλ
1657 1365 1828 1420 ἐδεῖτο

234 1468 338 1522 τοῦ
368 1465 533 1531 Θεοῦ,
567 1464 966 1536 πληρωθέντων
991 1463 1102 1516 τῶν
1132 1465 1509 1533 ἐϐδομήκοντα
1551 1461 1690 1516 ἐτῶν
1719 1459 1828 1515 τῶν

237 1562 340 1614 ἐπὶ
369 1562 441 1630 τῇ
483 1558 831 1630 αἰχμαλωσίᾳ
870 1557 1251 1628 διορισθέντων
1274 1557 1344 1620 ⁸ο,
1405 1556 1703 1626 ἀναγαγεῖν
1728 1554 1830 1623 τῆς

239 1651 631 1722 αίχμαλωσίας
678 1649 773 1702 τὸν
843 1648 1080 1716 Ἰσραὴλ,
1143 1647 1423 1718 ἀπεστάλη
1475 1647 1533 1702 δὲ
1587 1644 1830 1718 Γαϐριὴλ

243 1742 493 1814 μηνῦσαι
523 1740 673 1810 αὐτῷ
694 1741 794 1811 τὴν
808 1739 1126 1813 ἀνάρρυσιν,
1141 1739 1460 1794 ἀνθίσταται
1490 1739 1566 1810 τῷ
1588 1738 1830 1809 Γαϐριὴλ

1925 527 2060 583 dum
2089 538 2305 594 cogere,
2345 537 2520 594 neque
2547 521 2754 577 ultimis
2786 521 3073 591 suppliciis
3111 535 3221 576 non
3249 530 3508 591 parentes

1925 616 2200 685 subjicere
2242 614 2407 669 vidit:
2456 613 2552 669 sed
2597 612 2746 667 clare
2810 615 2976 668 Deum
3019 611 3403 682 praedicantem
3451 619 3509 666 et

1926 707 2197 766 dicentem
2228 723 2242 761 :
2279 705 2532 770 Sidrach,
2559 703 2787 768 Misach,
2819 714 2867 758 et
2902 703 3188 772 Abdenago
3219 704 3354 757 servi
3382 713 3508 756 sunt

1931 801 2028 855 Dei
2061 801 2306 854 altissimi
2335 811 2383 863 ο,
2435 800 2674 869 taliaque
2705 798 2900 852 multa.
2949 795 3086 852 Cum
3120 796 3286 866 igitur
3318 795 3510 850 beatus

1930 890 2119 946 Daniel
2154 899 2360 960 peteret
2390 905 2422 944 a
2471 888 2601 954 Deo,
2661 887 2903 956 impletis
2959 887 3304 957 septuaginta
3351 885 3513 941 annis

1928 982 2232 1055 captivitati
2268 980 2622 1051 praescriptis,
2671 987 2732 1034 ut
2769 993 2801 1034 e
2830 978 3143 1048 captivitate
3184 977 3348 1032 lsrael
3374 976 3510 1032 edu-

1929 1082 2154 1134 ceretur
2179 1113 2196 1140 ,
2224 1073 2429 1128 missus
2468 1079 2552 1126 est
2579 1069 2820 1134 Gabriel,
2855 1069 2950 1139 qui
2988 1067 3196 1122 Danieli
3229 1068 3514 1123 liberatio-

1929 1185 2055 1226 nem
2101 1166 2479 1237 signiﬁcaret.
2514 1163 2717 1220 restitit
2771 1162 3006 1217 Gabrieli
3061 1161 3252 1217 dolens
3281 1161 3513 1230 angelus

1932 1263 2248 1323 Persarum,
2275 1258 2404 1329 quia
2434 1258 2633 1312 iterum
2675 1267 2821 1310 terra
2853 1254 2942 1310 cui
2974 1262 3224 1324 praterat,
3274 1251 3514 1306 doctori-

1929 1357 2035 1411 bus
2065 1352 2286 1424 pietatis
2318 1352 2446 1406 hinc
2477 1349 2698 1416 ablatis,
2741 1348 2806 1404 ad
2841 1348 3128 1418 pristinam
3177 1345 3514 1416 impietatem

1930 1456 1984 1503 et
2015 1461 2258 1500 errorem
2299 1457 2590 1499 reversura
2615 1449 2787 1498 esset.
2816 1439 3042 1495 Restitit
3077 1438 3247 1510 igitur
3280 1451 3388 1492 non
3417 1451 3516 1507 pu-

1932 1537 2174 1610 gnando,
2233 1538 2327 1592 sed
2358 1534 2507 1605 justa
2555 1532 2830 1602 dicendo;
2856 1530 2990 1598 Quas
3041 1531 3270 1595 reditus,
3315 1526 3519 1598 inquit;

1931 1628 2252 1686 festinatio?
2285 1627 2562 1697 propriam
2587 1625 2844 1679 habitans
2871 1623 3102 1694 patriam
3129 1620 3319 1686 Israel,
3350 1621 3516 1676 rebus

1933 1722 2188 1778 secundis
2219 1719 2440 1790 518b,
2472 1718 2674 1788 saepius
2709 1716 2778 1771 ad
2811 1714 3176 1770 idololatriam
3219 1727 3518 1769 conversus

239 1801 270 1887 δ
302 1801 406 1904 τῆς
454 1801 960 1904 Περσικῆξάρχῆς·
993 1801 1317 1902 ἐπιστάτης,
1352 1801 1720 1902 λυπούμενος⁷
1744 1801 1828 1884 ὅτι

1943 1826 2052 1871 est:
2083 1830 2231 1870 nunc
2257 1829 2386 1868 vero
2411 1813 2500 1883 pie
2530 1812 2697 1875 vivit,
2733 1809 3014 1882 regionem
3041 1808 3274 1863 alienam
3294 1806 3514 1862 inhabi-

243 1926 413 1980 πάλιν
441 1926 474 1995 ἡ
505 1923 579 1994 γῆ
602 1919 670 1996 ἦς
701 1923 1009 1989 ἐπεστάτει,
1037 1923 1146 1978 τῶν
1181 1922 1520 1978 διδασκάλων
1547 1922 1648 1993 τῆς
1672 1922 1829 1976 εὐσε-

251 2018 409 2081 ϐείας
459 2016 672 2070 ἐκεῖθεν
725 2014 1223 2086 ἀνακομισθέντων,
1268 2015 1350 2076 εἰς
1410 2015 1512 2083 τὴν
1557 2013 1832 2086 προτέραν

251 2109 660 2180 ἐπαναστρέψει
692 2109 946 2162 ἀσέϐειαν
994 2109 1091 2162 καλ⁵
1121 2108 1353 2180 πλάνην.
1401 2106 1718 2162 Ἀνθίστατο
1776 2107 1833 2160 δέ

258 2204 318 2258 οὐ
351 2205 652 2274 μαχόμενος
679 2202 815 2256 ἀλλὰ
854 2201 1383 2271 δικαιολογούμενος,
1421 2220 1441 2253 ι
1477 2200 1632 2270 Τίςὴ
1664 2218 1833 2254 σπου·

258 2297 322 2365 δὴ
352 2313 370 2345 ι
399 2295 569 2363 λέγων
607 2314 626 2345 ι
662 2295 767 2364 τῆς
805 2293 1028 2357 ἀνόδους
1055 2293 1156 2362 τὴν
1185 2293 1394 2347 οἰκείαν
1427 2293 1596 2347 οἰκῶν
1633 2293 1834 2364 πατρί-

252 2387 316 2440 δα
342 2389 371 2440 ὁ
415 2383 633 2458 Ἰσραὴλ
682 2388 776 2440 καὶ
817 2387 1072 2441 εὐπαθῶν
1109 2388 1189 2450 είς
1224 2386 1673 2457 είδωλολατρείαν
1704 2385 1836 2439 πολ-

249 2481 413 2546 λάκις
447 2481 709 2547 ἐξώλισθε
735 2497 749 2511 ·
783 2481 878 2535 νῦν
905 2482 962 2534 δὲ
981 2478 1241 2552 καθαρῶς
1274 2481 1509 2546 εὐσεϐεῖ,
1547 2481 1648 2552 τὴν
1679 2480 1837 2533 ἀλλο-

248 2575 413 2646 τρίαν
447 2575 754 2645 παροικῶν,
797 2575 890 2627 καὶ
946 2575 1047 2627 οὐκ
1107 2573 1323 2626 εὐσεϐεῖ
1353 2573 1533 2643 μόνον,
1577 2573 1716 2626 ἀλλά
1744 2573 1839 2626 καὶ

247 2668 563 2739 ὐπεραθλεῖ
588 2671 690 2739 τῆς
732 2666 1034 2732 εὐσεϐείας,
1069 2666 1300 2729 πολλοὺς
1344 2667 1452 2719 τῶν
1481 2663 1838 2734 πεπλανήμέο

247 2778 362 2813 νων
388 2760 532 2831 πρὸς
563 2760 654 2812 τὸν
709 2759 961 2830 ἀληθινὸν
1017 2759 1408 2829 ἐπιστρέφουσι
1430 2759 1472 2791 ⁸¹
1522 2758 1674 2812 Θεόν.
1709 2759 1840 2812 ’Ὀτε

245 2853 349 2908 οὖν
383 2855 481 2907 καὶ
511 2856 626 2917 τοῖς
646 2853 745 2926 τὴν
773 2854 932 2924 χάριν
963 2853 1276 2924 δεχομένοις
1319 2853 1472 2906 οὐδὲν
1496 2852 1638 2906 κατά
1661 2851 1842 2922 ψυχὴν

246 2946 710 3018 λυσιτελέστερον
765 2945 1142 3010 ἐπακολουθεῖ,
1179 2947 1276 2998 καὶ
1308 2946 1434 3008 τοὺς
1488 2944 1734 2998 εὐσεϐεῖν
1774 2946 1840 2998 δι’

247 3039 463 3101 αὐτοὺς
491 3038 838 3109 ἀρξαμένους
889 3038 950 3090 τὸ
1025 3037 1249 3108 ἔσχατον
1284 3038 1454 3091 κακὸν
1491 3039 1524 3108 ﬁ
1555 3037 1844 3090 δυσσέϐεια

249 3133 427 3188 πάλιν
463 3133 815 3204 ὑποχειρίους
845 3136 1008 3195 ποιεῖ,
1061 3133 1227 3187 πόσον
1265 3129 1332 3202 ἦν
1378 3133 1602 3202 ἄμεινον
1633 3133 1844 3185 καὶτὸν
1873 3147 1916 3204 C

258 3227 495 3298 Ἰσραὴλ
523 3227 662 3290 τέως
688 3228 786 3297 τῆς
815 3226 1194 3297 αἰχμαλωσίας
1227 3227 1301 3296 μὴ
1333 3226 1634 3295 ἀναγαγεῖν
1651 3225 1718 3290 θ’,
1754 3229 1848 3278 καὶ

245 3320 389 3383 τοὺς
420 3319 553 3391 άρτι
586 3318 725 3390 πρὸς
754 3318 816 3372 τὸ
855 3318 971 3388 φῶς
1016 3317 1427 3388 ἀναϐλέψαντας
1464 3317 1563 3387 τῆς
1615 3317 1849 3385 θεογνω-

250 3413 388 3476 σίας
426 3413 488 3465 ἐν
541 3413 608 3482 τῇ
642 3413 781 3482 αὐτῇ
833 3411 1120 3482 συντηρεῖν
1179 3410 1467 3479 εὐσεϐείας
1511 3409 1848 3479 ἀπεστάλην,

249 3505 393 3576 φῇς.
426 3503 523 3557 τὸν
554 3503 682 3556 λαὸν
707 3503 1162 3572 ἀποκαταστῆσαι
1192 3504 1257 3574 τῇ
1298 3501 1542 3572 πατρίδι.
1579 3502 1717 3574 Ποία
1748 3520 1852 3556 πα-

248 3595 446 3667 τρίδις
497 3594 567 3663 ἣν
613 3592 890 3656 οἰκοῦντες
936 3593 1181 3662 ἐμίαινον
1234 3593 1484 3656 κνίσσαις
1513 3592 1578 3658 ⁸³,
1632 3591 1853 3662 δαίμοσι

253 3686 511 3749 θύοντες,
544 3686 642 3738 καὶ
691 3684 1130 3754 εἰδωλομανίαις.
1195 3683 1270 3738 Οὐ
1334 3681 1508 3736 ταῦτα
1561 3683 1857 3752 κατηγορεῖ

249 3777 443 3843 λέγων
475 3774 755 3846 Ἱερεμίας
775 3791 791 3806 ο
828 3775 994 3829 Κατὰ
1035 3775 1286 3843 ἀριθμὸν
1326 3772 1447 3827 τῶν
1474 3773 1714 3828 πόλεών
1736 3789 1854 3827 σου

252 3866 431 3940 ἦσαν
459 3870 514 3922 οἱ
540 3867 665 3923 θεοί
717 3883 856 3934 σου,
921 3868 1150 3922 Ἰούδαο
1187 3866 1288 3920 καί
1338 3867 1490 3920 κατὰ
1522 3865 1593 3918 τὰ
1619 3865 1858 3935 ἂμφοδα

264 3959 696 4031 Ἰερουσαλὴμ
735 3959 909 4024 ἔθυες
946 3957 1026 4024 τῷ
1049 3956 1253 4025 Βάαλ;
1304 3959 1521 4028 μυρίοις
1554 3957 1675 4010 τότε
1708 3957 1858 4023 παρά

254 4053 393 4107 θεοῦ
437 4050 866 4122 περιεκλύζοντο
920 4051 1167 4118 ἀγαθοῖς,
1223 4051 1318 4103 καὶ
1377 4051 1476 4120 τῆς
1532 4049 1730 4112 κακίας
1764 4048 1859 4102 καὶ

255 4145 533 4207 ἀσεϐείας
595 4144 697 4196 οὐκ
759 4141 1072 4213 ἀνεχώρουν
1106 4160 1119 4173 ο
1183 4141 1354 4213 μυρία
1389 4141 1483 4194 νῦν
1529 4141 1860 4211 ὑπομένουσι

255 4238 444 4303 κακὰ,
472 4236 573 4290 καὶ
631 4235 727 4289 τοῦ
777 4235 915 4289 Θεοῦ
969 4236 1070 4289 οὐκ
1121 4235 1468 4304 ἀφίστανται.
1501 4236 1567 4288 Τί
1609 4235 1728 4287 ποτ’
1767 4229 1861 4287 οὖν

256 4331 429 4384 ἔσται
461 4328 524 4381 τὸ
549 4327 654 4396 τῆς
679 4327 938 4380 ἐπανόδου
975 4327 1202 4397 κέρδος;
1234 4322 1302 4397 ἦν
1322 4326 1505 4379 τοίνυν
1533 4327 1566 4396 ἡ
1609 4323 1861 4378 ἀντίστα-

258 4441 351 4487 σις
379 4423 448 4476 οὐ
483 4420 662 4474 κακοῦ
713 4419 849 4490 πρὸς
904 4419 1136 4485 ἀγαθόν’
1175 4419 1235 4471 οὐ
1284 4420 1392 4487 γάρ
1424 4413 1576 4471 εἶπεν
1605 4419 1860 4488 ἐμάχετο,

1933 1916 2078 1973 tans,
2111 1917 2164 1961 et
2191 1920 2302 1960 non
2338 1905 2502 1958 modo
2528 1903 2616 1973 pie
2642 1902 2801 1966 vivit,
2845 1901 2938 1957 sed
2970 1899 3136 1955 etiam
3166 1913 3266 1968 pro
3317 1897 3520 1968 pietate

1933 2006 2164 2068 pugnat,
2199 1999 2518 2065 multosque
2545 2002 2796 2049 errantes
2831 1991 2899 2046 ad
2932 2005 3123 2044 verum
3167 1988 3340 2043 Deum
3382 2001 3520 2041 con-

1937 2093 2122 2146 vertit.
2173 2088 2406 2156 Quando
2461 2087 2630 2158 igitur
2682 2095 2736 2142 et
2789 2084 3021 2156 gratiam
3090 2081 3520 2154 suscipientibus

1936 2183 2076 2238 nihil
2129 2181 2433 2238 secundum
2486 2179 2727 2234 animam
2777 2187 2862 2234 est
2920 2177 3112 2233 utilius
3158 2175 3426 2241 futurum,
3464 2186 3520 2230 et

1937 2280 2029 2349 qui
2075 2277 2331 2349 pietatem
2365 2290 2463 2346 per
2512 2274 2636 2329 illos
2679 2273 2860 2329 colere
2888 2273 3248 2342 incmperant,
3277 2271 3333 2325 in
3369 2285 3520 2325 sum-

1939 2388 2090 2426 mum
2127 2371 2352 2432 malum,
2383 2367 2564 2440 qualis
2600 2366 2852 2437 impietas
2885 2373 2988 2427 est,
3028 2365 3226 2420 iterum
3269 2373 3398 2419 sunt
3438 2363 3520 2416 la-

1940 2464 2132 2536 psuri;
2177 2468 2387 2533 quanto
2427 2459 2623 2515 melius
2663 2460 2767 2513 erit
2813 2457 2978 2512 Israel
3002 2473 3034 2512 e
3060 2456 3372 2527 captivitate
3408 2469 3519 2509 non

1940 2559 2222 2621 reducere,
2275 2564 2330 2609 et
2369 2552 2437 2607 ad
2468 2551 2724 2623 pietatem
2767 2564 3042 2614 reversos,
3086 2550 3140 2602 in
3178 2548 3293 2618 ipsa
3322 2547 3524 2616 pietate

1941 2642 2312 2704 conservare?
2343 2640 2565 2705 Missus,
2604 2638 2812 2709 inquis,
2853 2652 2974 2693 sum
3005 2637 3074 2691 ad
3123 2634 3522 2690 restituendum

1950 2737 2208 2807 populum
2243 2734 2296 2788 in
2328 2732 2560 2801 patriam
2587 2747 2602 2785 :
2629 2730 2681 2784 in
2708 2743 2874 2799 quam
2914 2726 3147 2796 patriam
3180 2726 3203 2778 ?
3243 2740 3409 2795 quam
3441 2725 3524 2779 in-

1947 2830 2253 2884 habitantes
2288 2825 2658 2886 fmdaverunt,
2691 2821 3032 2878 daemonibus
3056 2818 3446 2884 sacriﬁcantes,
3471 2826 3529 2873 et

1947 2917 2126 2971 idolis.
2160 2913 2276 2968 Non
2305 2915 2420 2968 haec
2444 2921 2670 2968 accusat
2689 2909 2992 2966 Jeremias:
3022 2908 3321 2965 Secundum
3345 2923 3528 2962 nume-

1949 3024 2064 3061 rum
2099 3006 2373 3060 ciuitatum
2422 3015 2635 3057 tuarum
2675 3010 2826 3056 erant
2881 3001 2957 3054 dii
2990 3002 3090 3065 tui,
3131 2999 3302 3064 Iuda,
3329 3009 3378 3055 et
3410 2997 3528 3070 (20)

1952 3098 2239 3154 secundum
2279 3112 2556 3150 numerum
2575 3095 2782 3148 viarum
2808 3102 3045 3159 tuarum,
3073 3091 3396 3158 Jerusalem,
3434 3073 3542 3164 po;

1952 3191 2109 3247 suisti
2138 3205 2263 3244 aras
2293 3186 2621 3256 confusionis
2655 3185 2723 3238 ad
2753 3184 3027 3238 libandum
3055 3183 3190 3238 Baal
3214 3183 3267 3238 ά.
3295 3183 3531 3240 lnﬁnitis

1952 3292 2083 3339 tunc
2111 3297 2141 3336 a
2175 3281 2285 3337 Deo
2331 3278 2706 3334 efﬁciebantur
2746 3275 2927 3340 bonis,
2957 3283 3012 3330 et
3036 3289 3068 3329 a
3098 3273 3307 3330 malitia
3335 3274 3532 3344 impie-

1959 3386 2178 3445 tateque
2229 3388 2338 3428 non
2402 3377 2769 3426 recesserunt.
2835 3365 3007 3421 Multa
3068 3381 3216 3422 nunc
3262 3368 3534 3423 sustinent

1955 3469 2120 3530 mala,
2151 3476 2206 3522 et
2233 3482 2264 3520 a
2298 3465 2409 3519 Deo
2451 3478 2561 3519 non
2599 3462 2878 3517 recedunt.
2916 3458 3070 3526 Quod
3102 3459 3271 3531 igitur
3322 3459 3535 3516 reditus

1955 3563 2058 3614 erit
2089 3556 2570 3613 emolumentum?
2617 3553 2748 3608 Erat
2793 3554 2961 3624 igitur
2994 3552 3175 3622 angeli
3231 3551 3530 3614 contentio,

1956 3669 2065 3708 non
2099 3651 2223 3705 mali
2269 3650 2545 3704 adversus
2598 3647 2804 3700 bonum
2853 3645 2986 3715 (non
3029 3643 3174 3699 enim
3212 3643 3350 3698 dixit
3382 3643 3532 3699 Scri-

1957 3754 2136 3814 ptura,
2165 3741 2448 3812 pugnavit,
2487 3737 2603 3801 sed,
2645 3735 2859 3790 restitit.
2900 3733 3113 3789 Etenim
3157 3749 3300 3804 saepe
3331 3735 3537 3790 resistit

1954 3837 2138 3906 justus
2185 3835 2350 3897 bono,
2401 3840 2461 3884 ut
2509 3845 2652 3898 saepe
2693 3828 2794 3897 legi
2836 3827 3150 3890 clementia,
3210 3835 3264 3882 et
3293 3826 3534 3882 vicissim

1959 3927 2264 3984 clementiae
2292 3925 2398 3980 lex.
2430 3922 2538 3978 Lex
2584 3933 2900 3992 peccantem
2948 3921 3202 3992 castigat,
3247 3919 3537 3976 clementia

1961 4034 2092 4076 vero
2141 4017 2287 4088 regis
2315 4030 2445 4084 erga
2497 4023 2810 4083 peccantem
2845 4011 3325 4066 commiseratione
3368 4025 3539 4082 saepe-

1961 4123 2194 4167 numero
2221 4115 2490 4170 movetur,
2527 4115 2582 4158 et
2611 4117 2640 4156 a
2670 4100 2848 4172 pugnis
2877 4101 3092 4158 liberat.
3121 4099 3222 4156 Hic
3247 4099 3417 4170 igitur
3434 4115 3538 4170 pu-

1967 4218 2073 4274 gna
2099 4216 2209 4256 non
2236 4193 2538 4254 adversarii
2564 4203 2757 4250 contra
2786 4192 3186 4257 adversarium,
3211 4191 3304 4246 sed
3319 4191 3541 4261 cognati

1963 4303 2157 4351 contra
2188 4298 2503 4361 cognatum,
2522 4301 2702 4357 neque
2722 4285 2866 4341 enim
2885 4283 3108 4356 justitia
3137 4292 3291 4338 extra
3320 4282 3540 4337 bonita-

1964 4397 2095 4451 tem,
2113 4397 2290 4453 neque
2309 4380 2524 4437 bonitas
2548 4379 2751 4448 absque
2765 4378 2974 4448 justitia
2992 4375 3282 4432 invenitur.
3303 4373 3532 4429 Creatu-

255 4515 383 4568 ἀλλ’
425 4512 881 4566 ἁνθίστατο.Καὶ
909 4511 1020 4582 γάρ
1072 4513 1190 4564 ἐστι
1240 4511 1500 4574 πολλάκις
1545 4511 1839 4564 ἀντίστασις

1967 4516 2024 4556 ra
2044 4499 2259 4570 ,inquit,
2279 4496 2553 4552 utdictum
2571 4494 2904 4558 est,moleste
2918 4493 3121 4549 ferente
3133 4499 3187 4547 et
3203 4490 3539 4560 indignante,

259 4606 491 4660 δικαίου
522 4603 663 4674 πρὸς
699 4604 924 4671 ἀγαθόν,
955 4602 1032 4666 ὡς
1061 4603 1385 4658 ἀνθίσταται
1417 4604 1682 4669 πολλάκις
1711 4605 1839 4675 νόμιγ

1974 4596 2117 4666 quod
2144 4593 2317 4647 invita
2342 4588 2733 4658 trausgressori
2757 4586 2984 4656 praebuit
3012 4600 3194 4646 usum,
3217 4594 3269 4638 et
3294 4583 3538 4644 servivit,

258 4696 672 4768 φιλανθρωπία
716 4697 811 4748 καὶ
847 4694 1232 4766 φιλανθρωπίᾳ
1263 4697 1446 4766 νόμος.
1493 4695 1552 4750 Ὀ
1586 4697 1750 4766 νόμος
1772 4697 1839 4750 τὸ·

1969 4703 2023 4748 et
2045 4691 2251 4762 angelis
2278 4686 2672 4754 dolentibusjob
2695 4684 2976 4738 hominum
3001 4680 3468 4752 ingratitudinem,
3489 4688 3547 4735 et

263 4788 687 4859 ἁμαρτήσαντα
719 4784 935 4848 κολάζει
956 4797 970 4810 ·
1004 4785 1386 4857 φιλανθρωπία
1417 4787 1678 4850 πολλάκις
1709 4788 1835 4857 βασι

1976 4795 2094 4840 toto
2112 4779 2314 4836 mundo
2339 4776 2496 4831 malis
2516 4775 2718 4830 afﬂicto
2741 4782 2959 4844 propter
2984 4770 3404 4827 inobedientiam
3426 4775 3441 4841 (
3462 4769 3548 4823 Vi-

263 4879 422 4939 λέως
476 4877 572 4927 τὸν
633 4875 1024 4943 ἁμαρτήσαντος
1082 4875 1222 4930 ἐλεεῖ
1282 4877 1377 4930 καὶ
1404 4877 1704 4950 ἐξαρπάζει
1768 4881 1835 4949 τῆ

1973 4876 2121 4929 derat
2144 4871 2302 4933 enim,
2317 4867 2661 4940 inquit,Deus
2678 4876 2874 4920 terram
2898 4880 3006 4918 esse
3027 4871 3362 4932 corruptam:
3379 4863 3549 4914 omnis

264 4964 585 5034 τιμωρίας.
621 4957 752 5015 Ὧδε
785 4962 879 5015 οὖν
904 4965 937 5033 ἡ
965 4965 1115 5034 μάχη
1143 4966 1244 5018 οὐκ
1279 4967 1520 5020 ἐναντίου
1549 4969 1686 5039 πρὸς
1715 4971 1839 5022 ἐναν

1976 4967 2166 5036 quippe
2195 4979 2322 5017 raro
2351 4971 2657 5030 corruperat
2688 4960 2829 5013 viam
2851 4975 3001 5012 suam
3027 4961 3096 5028 ev),
3122 4975 3226 5012 non
3259 4968 3373 5012 emi
3393 4970 3547 5009 cfea-

269 5058 420 5119 τίον,
455 5055 594 5110 ἀλλά
624 5055 925 5123 συγγενοῦς
971 5057 1109 5126 πρὸς
1163 5059 1422 5126 συγγενές
1451 5075 1464 5088 ·
1499 5058 1622 5113 οὐτε
1655 5062 1763 5132 γὰρ
1809 5079 1839 5114 τ

1981 5069 2102 5114 tura
2136 5056 2278 5121 talis,
2305 5055 2522 5125 qualem
2548 5053 2703 5108 initio
2723 5067 2842 5107 eam
2869 5052 3012 5107 Deus
3028 5061 3261 5106 crearat.
3291 5050 3405 5103 Non
3433 5054 3550 5100 erat

275 5150 504 5204 δίκαιον
545 5149 651 5215 ἐξω
682 5149 1042 5220 ἀγαθὸτητος,
1070 5151 1198 5204 οὐτε
1221 5152 1282 5204 τὸ
1305 5153 1511 5220 ἀγαθὸν
1538 5154 1643 5220 ἔξω
1665 5155 1839 5207 δικαιο

1985 5151 2155 5206 stellis
2181 5148 2403 5217 coelum,
2424 5156 2483 5201 ut
2513 5158 2691 5216 antea,
2719 5147 3006 5216 splendens
3035 5146 3153 5200 sine
3180 5142 3285 5197 ulla
3315 5139 3550 5192 macula.

363 5296 391 5323 ε
433 5284 658 5355 Damni,
699 5287 787 5341 49.
865 5287 890 5326 ά
917 5286 1119 5342 Jerem.
1155 5306 1214 5352 ιι,
1246 5290 1315 5343 28
1338 5303 1390 5346 et
1419 5308 1496 5354 χι,
1528 5293 1614 5347 15.
1697 5306 1721 5330 ε
1760 5293 1836 5348 Ge

1943 5330 1956 5344 .
1992 5306 2066 5355 vr,
2102 5288 2190 5342 1‘2.

1589 5407 1828 5463 VAlilAﬂ
1867 5401 2278 5462 LECTIONES.

371 5499 420 5572 ’ίτ
449 5497 986 5572 παρε-σκεύασανῄἐπέ
1021 5500 1238 5572 αὐτῆςὸ
1260 5520 1320 5566 ς.
1399 5500 1443 5532 ⁷⁸
1457 5501 1552 5555 καὶ
1579 5501 1806 5568 λέγοντα
1839 5517 1955 5572 om.
2079 5499 2125 5572 "_°
2155 5491 2363 5572 Σεδρὰχ
2391 5491 2572 5547 Μισάκ
2601 5489 2906 5558 Ἀϐδεναγὼ
2938 5487 3002 5541 Α.
3045 5487 3090 5517 ⁸⁰
3116 5479 3463 5554 δωρηθέντων
3483 5479 3556 5534 Α.

292 5573 340 5604 ιι
373 5566 766 5639 ἐπιστρέιρουσι
803 5570 992 5638 quidni
1023 5566 1410 5644 ἐπιστρέφωνῖ
1481 5573 1525 5605 ⁸¹
1562 5566 1783 5640 ἀνάγειν
1811 5589 1872 5636 ς.
1941 5571 1986 5601 ⁸³
2018 5568 2230 5630 κνίσαις
2253 5566 2319 5618 A-

1815 5659 2050 5715 ΝΟΤίΕ.

383 5759 496 5827 (ἳθλ
519 5751 711 5820 Graece
754 5759 838 5811 hic
899 5769 1020 5812 est:
1055 5760 1104 5809 in
1140 5757 1291 5810 biviis
1324 5756 1623 5811 Jerusalem
1648 5755 1992 5825 sacriﬁcabas
2020 5750 2176 5806 Baal.

592 5852 866 5911 Parum“
921 5850 1038 5910 (in.
1089 5847 1247 5908 CIV.
3216 5826 3254 5892 ,9
