3912 6234
471 325 578 389 267
1612 322 1878 384 ΡΗΟἹἸΙ
1917 324 2016 384 ΡΑ¹

2123 323 2424 386 [ARCH/E
2459 325 2572 386 CP.
3579 332 3667 393 268

469 434 589 488 Non
617 434 781 488 dabat
807 441 973 497 terra,
1008 442 1067 487 ut
1088 430 1266 502 prius,
1293 429 1507 485 fructus
1543 446 1728 500 puros,
1745 447 1846 489 nec
1874 447 2014 487 mare

2123 435 2318 506 _66V’QC
2373 436 2707 507 εὑρίσκεται.
2772 437 2892 489 Ὂτι
2951 435 3048 506 τῆς
3102 435 3328 500 κτίσεως
3379 438 3567 509 (φησὶν)
3606 442 3668 505 ὡς

469 541 571 580 nec
607 525 784 594 aliqua
813 525 918 578 alia
951 532 1222 579 creatura.
1253 523 1645 577 Praevaricator
1665 525 1810 578 enim
1847 524 1900 577 in
1917 539 2014 578 ean

2142 527 2468 595 προείρηται
2520 525 2892 595 διακειμένης.
2948 527 3044 578 καὶ
3094 526 3494 596 ἀγανακτούσης
3533 529 3606 594 ἐφ’
3633 525 3669 596 ᾧ

465 619 768 686 ingressus,
822 615 1213 669 contaminavit
1271 629 1334 668 ac
1383 614 1606 669 fmdavit
1649 617 1854 681 omnia,
1897 615 2010 670 blas

2146 617 2242 670 καὶ
2279 616 2488 670 ἄκουσα
2519 616 2598 687 τῷ
2647 616 2944 688 παραϐάτῃ
2974 619 3200 686 παρεῖχε
3257 617 3353 686 τὴν
3395 620 3568 688 χρείαν
3594 623 3669 672 καὶ

469 710 702 778 pbemiis
743 709 852 762 Deo
901 709 1114 771 invisis,
1151 708 1516 777 turpibusque
1554 707 1752 778 519a
1785 709 2012 762 vocibus

2144 709 2491 780 ὲξυπηρέτει,
2533 710 2628 762 καὶ
2672 708 2922 777 ἀγγέλων
2978 707 3295 778 ἀχθομένων
3352 710 3441 760 ἐπὶ
3491 713 3549 779 τῇ
3593 711 3668 763 τοῦ

465 811 522 854 et
575 801 835 864 caedibus,
887 816 1038 853 tnarc
1085 801 1274 869 piratis
1306 809 1361 854 et
1393 801 1724 865 latronibus,
1765 801 1946 855 fontes
1984 817 2010 855 e

2145 798 2608 866 εύεργετουμένου
2639 798 3024 869 ἀγνωμοσύνῃ,
3067 799 3159 851 καὶ
3203 798 3322 850 ὅλου
3369 799 3670 863 κακωθέντος

466 893 661 948 ﬂuvios
709 894 867 948 idolis
928 907 984 947 et
1035 894 1285 964 nymphis
1343 893 1650 961 statuisque
1685 894 2011 963 complendo

2143 887 2239 940 τοῦ
2271 887 2400 958 [846
2433 886 2526 958 1L]
2559 889 2768 958 κόσμου
2798 889 2887 942 διὰ
2916 889 3016 950 τὰς
3057 890 3400 958 παρανομίας
3441 890 3546 955 (καὶ
3583 892 3670 961 γὰρ

465 1000 658 1038 omnes
704 1000 791 1037 res
841 984 1091 1038 conditas
1145 984 1196 1035 in
1245 984 1375 1038 deos
1421 983 1670 1038 homines
1700 981 2010 1038 formabant

2145 976 2302 1047 Εἵδε,
2327 1000 2398 1052 φη
2408 983 2512 1048 σὶν,
2533 984 2564 1035 ό
2587 983 2729 1046 Θεὸς
2745 980 2860 1048 τὴν
2875 980 3006 1050 γῆν,
3025 980 3123 1034 καὶ
3144 977 3223 1050 ἦν
3243 981 3670 1050 κατεφθαρμένῃ,

464 1075 608 1129 Nihil
660 1085 842 1129 autem
894 1075 974 1128 sic
1019 1084 1326 1128 creaturam
1363 1075 1598 1129 maculat
1651 1084 1707 1128 et
1740 1074 2009 1128 adulterat

2144 1070 2233 1124 ὅτι
2271 1071 2618 1140 κατέφθειρε
2681 1070 2851 1126 πᾶσα
2894 1071 3052 1140 σὰρξ
3096 1071 3212 1138 τὴν·
3267 1071 3408 1124 ὁδὸν
3458 1071 3671 1143 αὐτῆς),

463 1183 629 1236 quam
667 1167 714 1221 si
765 1169 816 1219 in
868 1166 1029 1220 deum
1065 1168 1350 1220 conlletnr.
1382 1165 1505 1221 Ideo
1549 1167 1800 1220 Salvator
1843 1167 2008 1220 mund

2145 1162 2307 1234 [1548
2337 1164 2429 1234 IL]
2463 1163 2562 1217 οὐκ
2590 1159 2658 1234 ἦν
2689 1165 2721 1234 ἡ
2754 1164 2930 1227 κτίσις
2975 1164 3097 1218 οἵαν
3133 1164 3432 1234 ὑπέστησεν
3474 1165 3622 1233 αὐτὴν
3636 1165 3674 1194 ⁸⁸

460 1259 612 1313 venit
642 1259 696 1312 in
747 1258 893 1311 illam
941 1273 1037 1328 per
1076 1273 1319 1321 carnem,
1353 1267 1406 1312 et
1435 1257 1684 1312 eamdem
1711 1257 1779 1311 ab
1809 1257 2002 1311 infiniti

2145 1257 2174 1308 6
2214 1255 2346 1317 Θεὸς
2381 1256 2478 1309 ἀπ’
2523 1257 2697 1326 ἀρχῆς
2718 1272 2733 1286 °
2762 1257 2862 1309 οὐκ
2905 1251 2973 1326 ἦν
3004 1257 3116 1320 τοῖς
3159 1256 3372 1325 ἄστροις
3403 1257 3429 1308 6
3457 1255 3671 1325 οὐρανὸς,

461 1350 572 1406 illis
604 1349 832 1403 maculis
864 1348 1178 1403 mundatam
1225 1349 1526 1413 renovavit,
1563 1358 1620 1402 et
1649 1365 1680 1403 a
1710 1349 1867 1418 longe
1897 1347 2006 1403 dilli

2142 1347 2218 1411 ὡς
2235 1348 2297 1400 τὸ
2315 1348 2466 1417 πρὶν,
2504 1348 2633 1401 ἄνευ
2657 1348 2803 1411 τινὸς
2833 1348 3141 1418 μιάσματος
3183 1347 3642 1417 καταλαμπόμενος
3661 1363 3673 1378 ·

462 1440 749 1495 cilioribus
789 1439 999 1508 morbis
1027 1448 1081 1493 et
1118 1438 1519 1502 affectionibus,
1567 1454 1731 1510 quam
1771 1455 2007 1509 corpore:

2141 1439 2243 1492 ούκ
2266 1435 2336 1509 ἦν
2357 1441 2390 1509 ἡ
2439 1441 2510 1508 γῆ
2529 1441 2656 1500 τοὺς
2685 1441 2934 1508 καρποὺς
2953 1438 3320 1508 ίάμολύντους,
3345 1439 3419 1502 ὼς
3451 1440 3506 1491 τὸ
3545 1440 3671 1508 πρὶν,

461 1533 815 1601 corruptione
862 1531 1134 1597 liberavit,
1190 1541 1416 1586 renovat
1481 1533 1868 1602 per,primum
1914 1534 2004 1586 "ad

2140 1532 2461 1585 ἀναδιδοῦσα
2483 1549 2497 1562 ·
2530 1531 2592 1585 οὐ
2627 1532 2894 1596 θάλασσα,
2926 1532 3027 1584 οὐκ
3048 1532 3176 1587 ἄλλο
3197 1549 3251 1584 τι
3279 1531 3384 1584 τῶν
3414 1533 3468 1584 ὲν
3492 1533 3554 1600 τῇ
3577 1529 3671 1582 κτί-

461 1634 683 1680 ventum
737 1633 1067 1685 creaturam,
1113 1632 1172 1678 ut
1205 1623 1389 1679 discas
1439 1627 1690 1679 eumdem
1747 1640 1892 1690 esse,
1937 1640 2006 1694 qu

2145 1640 2248 1676 σει.
2287 1621 2346 1675 '0
2378 1622 2488 1692 γὰρ
2522 1621 2850 1692 παραϐάτης
2879 1621 3136 1675 εἰσελθὼν
3170 1622 3228 1674 ὲν
3253 1622 3386 1691 αὐτῇ
3415 1619 3672 1688 κατεμίανε

462 1732 582 1770 eam
637 1716 695 1768 in
742 1713 1012 1782 principio
1057 1714 1283 1768 creavit.
1323 1713 1440 1768 Non
1491 1715 1637 1768 enim
1669 1715 1901 1770 alterius
1948 1730 2007 1769 es

2143 1717 2238 1768 καὶ
2290 1714 2624 1770 ἀνεθόλωσεν
2649 1715 2696 1746 ⁸⁵
2766 1715 2985 1768 ἅπαντα
3020 1716 3142 1777 ταῖς
3173 1712 3551 1783 βλασφημίαις,
3577 1712 3673 1772 ταῖς

463 1821 672 1870 creare,
699 1813 753 1858 et
779 1805 1006 1859 alterius
1036 1816 1352 1874 corruptam
1391 1805 1724 1870 instaurare,
1756 1807 1848 1862 sed
1884 1808 2006 1876 ejus

2143 1807 2432 1877 θεομάχοις
2472 1806 2569 1860 καὶ
2599 1808 2851 1878 αἰσχραῖς
2878 1808 3107 1875 φωναῖς,
3159 1807 3281 1869 ταῖς
3333 1803 3636 1874 μιαιφονίαις
3657 1817 3669 1831 ·

459 1899 583 1954 dem
614 1907 908 1967 utrumque
932 1905 1017 1951 est
1042 1896 1323 1965 sapientiae
1350 1905 1403 1951 et
1431 1898 1588 1953 artis.
1615 1897 1859 1952 Renovat
1883 1914 2004 1953 crea

2142 1902 2252 1962 τοῖς
2280 1901 2567 1969 πειραταῖς
2598 1900 2694 1953 καὶ
2729 1899 2954 1972 λῃσταῖς
3005 1897 3103 1968 τὴν
3135 1898 3402 1951 θάλατταν
3425 1913 3440 1926 ο
3472 1897 3561 1958 τὰς
3585 1911 3675 1962 πη-

461 1998 645 2044 turam
689 1987 859 2059 priori
900 1987 1160 2050 adventu,
1213 1997 1273 2041 ut
1325 1989 1518 2043 credas
1573 1991 1813 2043 secundo
1867 1991 2006 2044 etiau

2141 1992 2245 2060 γὰς
2285 1993 2380 2044 καὶ
2424 1991 2706 2062 ποταμοὺς
2767 1993 2889 2054 ταῖς
2943 1989 3426 2061 είδωλολατρείαις,
3471 1987 3675 2056 νύμφαις

463 2082 699 2136 adventu
733 2095 852 2135 eam
901 2081 1271 2134 instauratum
1319 2081 1408 2147 iri,
1442 2091 1495 2136 et
1528 2090 1582 2136 te
1611 2091 1736 2138 ante
1766 2082 1913 2137 illam
1947 2099 2008 2137 re

2147 2083 2244 2137 καὶ
2294 2082 2547 2154 δαίμοσιν
2595 2084 2932 2147 ἀνάπτοντες
2971 2084 3129 2138 αὐτά.
3182 2084 3338 2137 Πᾶσα
3365 2084 3470 2146 τοῖς
3493 2078 3673 2150 ἀνθρὼ-

460 2185 719 2230 novatum
749 2175 802 2229 in
833 2174 1916 2244 incorruptibilitatem,perturbationum
1943 2190 2005 2229 va

2145 2195 2267 2242 ποις
2325 2180 2358 2249 ὴ
2414 2178 2592 2242 κτίσις
2650 2178 2732 2241 είς
2779 2177 2936 2240 θεοὺς
2993 2175 3399 2230 ἀνεπλάττετο·
3449 2172 3587 2226 οὐδὲν
3630 2168 3675 2221 δὲ

461 2267 747 2330 cuitatem,
792 2273 847 2319 et
886 2265 1217 2320 ineffabilem
1271 2265 1755 2334 pulchritudinem.
1797 2264 1854 2319 Si
1886 2266 2006 2320 enin

2141 2269 2321 2323 κτίσιν
2349 2268 2493 2323 οὕτω
2536 2269 2741 2340 μιαίνει
2773 2270 2870 2323 καὶ
2913 2268 3224 2338 κιϐδηλεύει
3253 2269 3328 2331 ὡς
3363 2267 3422 2319 τὸ
3449 2265 3675 2319 θεοποιεῖ-

459 2357 682 2427 quando
703 2356 892 2413 volens
925 2359 981 2411 in
1022 2357 1342 2411 inﬁrmitate
1375 2357 1555 2412 carnis
1584 2368 1702 2411 erat
1733 2358 1786 2411 in
1819 2358 2004 2412 sudori

2143 2362 2267 2416 σθαι
2297 2362 2492 2431 αὑτήν.
2543 2339 2645 2414 Διά
2692 2361 2865 2414 ταῦτα
2886 2361 2934 2393 ⁸⁸
2983 2360 3239 2429 εἰσῆλθεν
3367 2357 3543 2426 Σωτὴρ
3598 2352 3674 2406 τοῦ

457 2450 584 2517 bus,
614 2450 670 2504 in
694 2449 1000 2517 doloribus,
1036 2452 1256 2522 quando
1286 2451 1541 2507 seductor
1568 2461 1623 2506 et
1656 2451 2000 2506 Samaritanu

2141 2454 2348 2523 κόσμου
2378 2453 2466 2507 διὸ
2505 2453 2704 2523 σαρκὸς
2731 2456 2789 2506 ἐν
2817 2453 2976 2524 αὐτῇ,
3008 2454 3104 2506 καὶ
3136 2452 3344 2521 ταύτην
3368 2453 3470 2503 τῶν
3503 2446 3675 2519 μυρίων

456 2544 779 2606 vocabatur,
811 2553 1117 2600 creaturam
1146 2545 1214 2601 ab
1247 2545 1331 2600 his
1384 2545 1660 2614 tantisque
1687 2554 1742 2600 et
1798 2545 1998 2598 maxim

2139 2544 2350 2598 τούτων
2404 2545 2724 2609 ἀπαλλάξας
2809 2545 3135 2614 μιασμάτων
3195 2531 3517 2604 ἀνεκαίνισε,
3564 2537 3674 2590 πολὺ

455 2632 732 2689 diuturnis
783 2635 1012 2701 morbis,
1065 2645 1121 2691 et
1168 2635 1402 2690 maculis
1459 2635 1760 2697 mundavit,
1801 2635 2000 2704 quandi

2140 2638 2539 2708 χαλεπωτέρων
2575 2637 2608 2708 ἢ
2655 2637 2976 2708 σωματικῆς
3013 2636 3314 2708 διαφθορᾶς
3343 2630 3675 2702 ἐλευθερώσας

456 2727 636 2780 veniet
660 2726 828 2797 judex
855 2729 1103 2782 vivorum
1138 2737 1194 2782 et
1223 2741 1586 2788 mortuorum,
1614 2725 1834 2796 quando
1865 2741 2001 2794 auge

2142 2729 2311 2795 αὐτὴν
2340 2729 2636 2783 κακώσεων
2671 2730 2766 2782 καὶ
2815 2729 3027 2784 παθῶν.
3073 2728 3441 2791 Ἀνακαινίζει
3492 2725 3569 2778 διὰ
3596 2721 3675 2790 τῆς

459 2819 634 2872 lorum
659 2819 888 2875 inﬁnitis
909 2821 1249 2891 myriadibus
1270 2821 1525 2890 Stipatus,
1550 2819 1770 2888 quando
1786 2820 2004 2873 omniuu

2141 2821 2369 2891 πρώτης
2397 2820 2703 2891 παρουσίας
2732 2821 2831 2890 τὴν
2877 2821 3075 2882 κτίσιν,
3109 2821 3200 2873 ἵνα
3233 2820 3406 2891 μάθῃς
3435 2820 3511 2871 ὅτι
3542 2812 3675 2872 αὑτός

458 2909 781 2966 Dominator
802 2922 855 2969 et
885 2913 1171 2979 Dominus,
1190 2915 1410 2985 quando
1431 2915 1612 2969 omnia
1645 2916 1869 2970 horrore
1899 2929 2001 2968 con

2140 2911 2288 2963 ἐστιν
2317 2913 2344 2964 6
2365 2912 2461 2963 καὶ
2478 2909 2572 2962 ἀπ’
2602 2911 2777 2981 ἀρχῆς
2827 2911 2997 2981 αὐτὴν
3032 2912 3444 2982 δημιουργήσας
3471 2925 3484 2938 ο
3509 2907 3564 2960 ού
3588 2903 3674 2972 γὰρ

457 3003 732 3057 cutientur
759 3011 814 3059 et
843 3014 1097 3072 tremeat,
1144 3007 1423 3077 quomodo
1453 3008 1684 3062 mutatio
1721 3006 2002 3076 corruptio

2140 3001 2301 3055 ἄλλου
2335 3002 2436 3071 μὲν
2469 3001 2696 3070 κτίζειν,
2729 3003 2890 3057 ἄλλου
2917 3004 2974 3056 δὲ
3007 3004 3398 3074 διαφθαρεῖσαν
3430 2997 3675 3054 ἀνακαινί-

457 3094 546 3149 nis
583 3094 634 3147 in
665 3095 1096 3166 incorruptibile,
1130 3113 1240 3152 non
1286 3099 1534 3154 videatur
1567 3113 1731 3168 quam
1773 3095 2002 3152 facillim

2140 3094 2275 3160 ζειν,
2313 3095 2449 3149 ἀλλά
2493 3097 2593 3164 τῆς
2618 3097 2790 3165 αὐτῆς
2825 3097 3086 3168 ἑκάτερον
3121 3097 3318 3167 σοφίας
3356 3095 3448 3149 καὶ
3491 3092 3671 3161 τέχνης·

457 3195 820 3243 consecutura
843 3229 859 3255 ,
897 3191 1004 3246 "eo
1040 3192 1242 3262 digna?

2153 3188 2515 3252 Ἀνακαινίζει
2564 3189 2663 3259 τὴν
2709 3190 2887 3242 κτίσιν
2934 3190 3076 3243 κατά
3109 3189 3213 3258 τὴν
3258 3187 3476 3259 πρώτην
3517 3182 3675 3248 ἐπιδη-

459 3279 610 3349 μίαν,
638 3280 725 3334 ἵνα
757 3282 998 3353 μηδεμία
1017 3301 1100 3338 σοι
1131 3285 1280 3357 χώρα
1304 3285 1640 3356 καταλειφθῇ
1659 3285 1919 3346 ἀπιστίας
1953 3282 2028 3344 ὼς
2059 3281 2203 3334 κατὰ
2225 3282 2323 3351 τὴν
2351 3281 2612 3346 δευτέραν
2648 3281 2952 3351 παρουσίαν
2999 3282 3061 3334 οὐ
3122 3282 3551 3351 καινισθήσεται,
3601 3272 3677 3326 καὶ

457 3369 524 3422 σὺ
577 3373 684 3442 πρὸ
740 3375 914 3444 αὐτῆς
966 3377 1047 3440 είς
1103 3377 1436 3448 ἀφθαρσίαν,
1479 3382 1559 3442 εἰς
1612 3377 1902 3440 ἀπάθειαν,
1951 3376 2032 3437 είς
2064 3375 2271 3443 ἄφατον
2299 3373 2588 3444 καλλονήν.
2611 3374 2675 3425 Εἰ
2737 3374 2867 3443 γὰρ,
2914 3376 3004 3428 ὅτε
3043 3371 3110 3445 ἦν
3159 3373 3300 3428 ἑκὼν
3349 3377 3405 3426 ὲν
3450 3367 3674 3436 ἀσθενείᾳ

455 3465 682 3533 σαρκὸς,
717 3468 776 3520 ὲν
805 3467 1045 3537 ἱδρῶσιν,
1078 3470 1138 3522 ὲν
1170 3470 1399 3524 πάθεσιν
1434 3473 1464 3525 6
1517 3471 1777 3542 Χριστὸς,
1825 3469 1915 3522 ὅτε
1978 3467 2179 3530 πλάνος
2225 3468 2320 3520 καὶ
2367 3468 2718 3539 Σαμαρείτης
2764 3470 3210 3536 ἐσυκοφαντεῖτο,
3238 3467 3335 3538 τὴν
3385 3466 3551 3519 κτίσιν
3574 3459 3678 3514 ἑκά·

455 3557 591 3628 θαρε
612 3558 722 3611 τῶν
746 3561 1036 3626 τοσούτων,
1063 3563 1158 3615 καὶ
1181 3564 1519 3634 τηλικούτων
1567 3565 1662 3618 καὶ
1720 3561 2241 3633 πολυχρονιωτάτων
2271 3560 2462 3615 παθῶν
2513 3562 2608 3615 καὶ
2644 3562 2991 3631 μιασμάτων,
3039 3561 3170 3614 ὅταν
3219 3561 3296 3624 ὡς
3340 3558 3526 3630 κριτὴς
3566 3553 3678 3618 ζών-

452 3665 564 3702 των
589 3651 973 3722 παραγένηται
1029 3653 1125 3706 καὶ
1167 3655 1400 3726 νεκρῶν,
1455 3657 1584 3710 ὅταν
1646 3654 1906 3726 μυριάσιν
1969 3650 2220 3721 ἀγγέλων
2282 3651 2752 3722 δορυφορούμενος
2785 3653 3084 3722 τάγμασιν,
3109 3654 3240 3706 ὅταν
3273 3653 3486 3706 πάντων
3516 3643 3678 3700 δεσπό-

453 3741 565 3806 ζων
612 3743 708 3794 καὶ
758 3742 987 3811 Κύριος,
1034 3744 1164 3798 ὅταν
1217 3744 1395 3799 πάντα
1439 3745 1641 3816 φρίσσῃ
1697 3744 1793 3797 καὶ
1830 3742 2033 3816 τρέμῃ,
2073 3742 2192 3805 πῶς
2225 3743 2259 3812 ἡ
2325 3743 2390 3795 ὲκ
2445 3741 2654 3813 φθορᾶς
2685 3744 2766 3806 είς
2822 3743 3136 3814 ἀφθαρσίαν
3165 3741 3437 3814 μεταϐολὴ
3475 3740 3532 3792 οὐ
3575 3737 3626 3789 τὸ
3642 3733 3677 3764 ³⁷

455 3833 654 3903 ῥᾷστον
686 3833 885 3904 ἔχουσα
906 3833 953 3866 ⁸⁸
996 3836 1300 3906 καθορᾶται
1355 3837 1451 3890 καὶ
1494 3837 1555 3889 τὸ
1586 3836 1881 3890 ἀκόλουθον
1932 3835 2027 3888 καὶ
2067 3835 2411 3906 θεοπρεπές;

526 3927 687 3982 Venit
715 3926 968 3982 Salvator
995 3927 1416 3997 praedicentibns
1451 3928 1751 3998 prophetis,
1797 3943 1862 3981 ne
1909 3925 2034 3995 quis

2206 3925 2329 3978 Ὅτι
2362 3927 2722 3996 παραγίνεται
2759 3925 2786 3977 ὁ
2831 3925 3021 3995 Σωτὴρ
3065 3923 3546 3995 προκηρυττόντων
3587 3915 3677 3968 τῶν

449 4027 623 4090 putet,
662 4033 773 4088 quo
815 4019 976 4074 modo
1005 4019 1171 4074 homo
1192 4035 1222 4073 a
1249 4019 1424 4089 primo
1453 4020 1734 4089 proposito
1749 4027 1802 4074 et
1821 4018 1994 4073 auxili

2131 4017 2427 4086 προφητῶν
2455 4061 2470 4083 ,
2523 4018 2610 4071 ἵνα
2656 4019 2843 4087 μήτις
2885 4016 3082 4086 νομίσῃ
3140 4016 3223 4069 ὃτι
3262 4013 3386 4068 καθ’
3417 4013 3474 4065 ὃν
3505 4007 3676 4079 τρόπον

450 4112 739 4172 abet-rans,
787 4111 933 4166 aliud
989 4113 1301 4182 arripuerit,
1343 4114 1533 4169 eodem
1570 4113 1842 4183 agendum
1904 4127 1993 4167 ess

2136 4109 2412 4180 ἅνθρωπος
2438 4111 2537 4181 τῆς
2556 4109 2821 4181 προτέρας
2837 4109 3150 4180 διαμαρτὼν
3179 4108 3434 4178 ἐπιϐολῆς
3464 4106 3550 4158 καὶ
3577 4101 3629 4170 βο
3649 4125 3681 4165 ,-

449 4202 585 4258 Deo.
606 4203 686 4259 Ne
720 4204 886 4274 igitur
916 4206 1041 4275 quis
1077 4207 1178 4261 hoc
1205 4216 1384 4276 putet,
1427 4207 1592 4278 longo
1627 4207 1695 4261 ab
1729 4207 1858 4262 hinc
1888 4215 1994 4260 tem

2131 4203 2278 4266 θείας
2332 4203 2425 4255 ἐπὶ
2462 4204 2718 4272 δευτέραν
2746 4203 2988 4273 ἔρχεται,
3023 4203 3166 4256 οὕτω
3212 4205 3308 4257 καὶ
3349 4203 3376 4254 6
3404 4200 3549 4260 Θεός.
3581 4195 3676 4246 Ἵνα

448 4311 583 4365 pore
642 4298 921 4367 prophetae
975 4298 1126 4352 illius
1167 4300 1462 4354 adventum
1510 4301 1901 4368 praedixerunt,
1965 4316 1993 4354 u

2130 4297 2220 4351 οὖν
2247 4299 2321 4369 μή
2380 4316 2462 4361 τις
2511 4298 2788 4368 ὑπονοήσῃ
2819 4298 3000 4362 τοῦτο,
3057 4297 3266 4352 ἄνωθεν
3320 4295 3598 4366 προέλεγον
3635 4286 3675 4338 οἱ

451 4387 806 4442 ostenderent
861 4386 1034 4442 Deum
1083 4404 1191 4444 non
1231 4392 1544 4446 meditando
1583 4392 1830 4447 invenire
1869 4406 1991 4446 com

2133 4390 2410 4461 προφῆται
2461 4387 2559 4458 τὴν
2615 4390 2925 4459 παρουσίαν
2969 4389 3158 4454 αὑτοῦ,
3222 4390 3312 4442 ἵνα
3354 4387 3588 4450 δείξωσιν
3609 4381 3676 4429 ὅτι

447 4481 699 4546 modum,
743 4480 836 4536 sed
877 4498 915 4536 a
960 4481 1232 4554 principio
1279 4485 1462 4540 omnia
1502 4485 1840 4555 praevidisse.
1887 4483 1992 4539 Nan

2131 4481 2261 4545 Θεὸς
2289 4483 2355 4549 ,ού
2389 4483 2756 4554 σκεπτόμενος
2789 4481 3030 4553 εὑρίσκει
3054 4481 3114 4534 τὸ
3147 4482 3445 4551 συμφέρον,
3475 4475 3579 4529 ἀλλ’
3597 4467 3676 4524 ἀπ’

448 4587 550 4626 nos
581 4571 802 4640 quidem
840 4572 1092 4629 homines
1144 4574 1495 4641 meditamur,
1526 4591 1592 4630 ac
1616 4577 1664 4630 si
1705 4576 1875 4646 priori
1928 4591 1991 4631 co

2134 4573 2307 4642 ἀρχῆς
2363 4574 2610 4644 προ-εἶδεν
2669 4573 2903 4628 ἅπαντα.
2948 4573 3139 4642 Ἡμεῖς
3199 4573 3299 4641 μὲν
3353 4571 3455 4640 γὰρ
3500 4568 3546 4619 οί
3603 4565 3679 4616 άν-

444 4670 578 4716 natu
632 4660 982 4726 frusuemur,
1012 4665 1079 4718 ad
1121 4665 1286 4720 alium
1316 4667 1639 4725 accedimus.
1699 4667 1846 4724 Deus
1890 4683 1989 4723 veri

2134 4663 2336 4733 θρωποι
2354 4666 2719 4736 σκεπτόμεθα,
2751 4667 2846 4720 καὶ
2867 4666 2962 4718 ἐὰν
2989 4668 3352 4736 ἀποτύχωμεν
3367 4663 3464 4732 τῆς
3485 4655 3679 4730 πρώτης

450 4768 557 4806 non
600 4753 703 4816 sic,
749 4753 844 4808 sed
888 4753 1035 4838 dedit
1064 4755 1258 4825 legem,
1311 4760 1627 4828 prophetas,
1661 4768 1716 4813 et
1764 4769 1885 4826 post
1930 4759 1995 4812 ill:

2132 4755 2361 4826 πείρας,
2413 4759 2498 4827 ἐφ’
2549 4759 2742 4829 ἑτέραν
2791 4757 3186 4827 μεταϐαίνομεν
3218 4774 3233 4790 ’
3263 4759 3291 4810 ὁ
3322 4752 3545 4823 δὲλυεὸς
3592 4747 3677 4812 οὐχ

445 4842 820 4914 Evangelium,
851 4861 960 4901 non
981 4857 1244 4918 tempore,
1264 4851 1411 4919 quod
1433 4861 1579 4906 esset
1602 4851 1752 4914 utile,
1777 4851 1990 4906 discens

2132 4848 2318 4914 manna
2343 4850 2455 4904 ἀλλ’
2499 4851 2666 4904 ἔδωκε
2695 4852 2751 4905 νδ
2764 4869 2884 4922 μον,
2915 4854 3223 4922 προφήτας,
3252 4851 3345 4904 καὶ
3376 4847 3506 4920 μετά
3528 4840 3677 4895 ταῦτα

449 4949 638 4988 verum
663 4935 733 4990 ab
767 4936 924 4992 initio
953 4938 1162 5005 videns,
1197 4955 1312 4995 itan
1341 4942 1499 4997 aliter
1526 4945 1767 5012 potuisse
1795 4952 1994 4998 creatu‘

2128 4940 2187 4992 τὸ
2236 4942 2571 5010 Εὑαγγέλιον
2627 4943 2689 4996 οὐ
2731 4943 2992 5013 χρόνῳίτὸ
3032 4943 3313 5012 συμφέρον
3347 4931 3673 5010 μεταμαθὼν,

446 5043 589 5094 ram,
610 5037 664 5084 et
693 5027 746 5081 in
775 5045 836 5085 ea
861 5031 1136 5087 hominem
1170 5034 1308 5098 ﬁeri,
1342 5049 1442 5090 nec
1469 5051 1633 5090 manu
1667 5036 1812 5101 duci,
1848 5055 1987 5107 nequ

2131 5032 2218 5085 ἀπ’
2243 5035 2421 5104 ἀρχῆς
2445 5036 2512 5089 δὲ
2535 5035 2690 5099 εἰδὼς
2749 5039 2825 5099 ῶς
2873 5038 2971 5107 ούχ
3026 5032 3136 5089 οἷόν
3184 5052 3242 5087 τε
3275 5034 3450 5095 ἄλλως
3482 5026 3546 5098 ἦν
3591 5021 3676 5091 τὴν

447 5121 879 5191 incorruptionis
912 5122 1231 5192 dignitatem
1284 5126 1548 5197 recipere,
1579 5127 1686 5181 nisi
1719 5143 1784 5183 eo
1834 5131 1992 5184 modo

2128 5126 2302 5179 κτίσιν
2339 5130 2432 5181 καὶ
2458 5131 2546 5182 τὸν
2575 5132 2633 5183 ὲν
2660 5131 2797 5202 αὐτῇ
2822 5131 3109 5202 ἄνθρωπον
3135 5127 3261 5182 οὔτε
3302 5122 3548 5196 γενέσθαι
3569 5115 3673 5170 οὗτε

444 5231 554 5286 quo
612 5216 903 5272 ineﬂabilis
940 5218 1275 5287 providentia
1314 5228 1367 5274 et
1427 5221 1740 5275 humanitas
1794 5222 1983 5292 dispen

2128 5219 2634 5291 παιδαγωγηθῆναι,
2686 5201 2811 5276 οὔτε
2851 5201 3037 5293 τὸτῆς
3103 5217 3414 5291 ἀφθαρσίας
3448 5212 3566 5287 [δη
3592 5201 3673 5274 Ηο]

440 5308 604 5362 sevit.
2126 5309 2344 5379 ἀξίωμα
2369 5312 2677 5378 ἀναλαϐεῖν,
2704 5317 2752 5366 εί
2813 5315 2888 5384 μὴ
2937 5313 3055 5366 καθ’
3077 5313 3135 5364 ὃν
3168 5310 3368 5381 τρόπον
3415 5309 3448 5376 ή
3493 5304 3676 5371 ἄφθιτος

2127 5403 2352 5471 πρόνοια
2387 5406 2479 5460 καὶ
2505 5407 2881 5478 φιλανθρωπία
2906 5405 3276 5477 ᾠκονόμησενο

1740 5564 1974 5620 νΑῐὶΙιΕ
2035 5569 2440 5626 LECTIONES.

515 5671 561 5749 ξδ
590 5671 778 5758 «iure
804 5673 988 5758 ῗῦτοῖξ
1023 5689 1102 5756 ρξ’.
1136 5673 1224 5758 Δ..
1299 5676 1344 5758 ξδ
1377 5677 1711 5758 ἀνεθόλωσεν
1734 5682 1778 5734 Α
1815 5702 1827 5735 :
1859 5684 2199 5758 ἀνεθάλωσεν
2229 5689 2449 5747 ΙΙωεςΙι.
2484 5702 2533 5746 et
2559 5689 2759 5746 Gcncv.
2814 5691 3230 5746 ἀπεπαὶαίωσεν
3264 5687 3426 5743 Roth.
3524 5679 3565 5711 “
3593 5670 3670 5727 διά

441 5743 610 5796 ταῦτα
654 5756 767 5797 oni.
801 5743 867 5798 Α.
946 5743 988 5776 ⁸⁷
1019 5744 1077 5796 ού
1098 5744 1238 5798 κατά
1264 5747 1323 5799 τὸ
1353 5765 1415 5811 ς.
1492 5750 1536 5783 ⁸⁸
1563 5749 1761 5822 ἔχουσα
1791 5769 1902 5809 om.
1936 5756 2000 5811 A.
