3922 6242
268 374 379 438 209

1251 366 1771 428 BIBLIOTHECA.
1798 390 1868 404 -
1902 368 2063 429 COD.
2101 369 2477 434 CCLXXVII.

3432 381 3542 446 270

343 484 471 537 Ὀτι
498 478 687 549 φασίν,
744 498 765 532 ι
815 479 879 533 Et
933 476 1169 551 προῄδει
1203 477 1637 549 ἁμαρτῆσαιτὸν
1694 476 1856 548 ’Λδάμ

2039 481 2231 553 5191)
2272 503 2291 535 ι
2330 484 2408 549 Si,
2453 483 2646 553 inquit,
2685 474 2826 542 Deus
2864 486 3108 554 praevidit
3136 487 3308 543 Adam
3346 505 3539 561 pecca-

270 552 305 631 ό
329 576 462 638 Θεὸς
483 614 499 641 ,
530 574 585 627 τί
604 574 701 627 καὶ
723 573 1045 643 προήγαγεν
1074 572 1234 624 αὐτόν
1258 589 1274 637 ;
1306 571 1399 623 καὶ
1424 570 1617 623 πολλαὶ
1640 569 1737 640 μέν
1757 571 1863 623 είσι

273 669 374 723 καὶ
404 665 677 734 πάγκαλοι
702 665 857 717 τοῦδε
890 663 983 716 τοῦ
1037 664 1391 733 ἀπορήματος
1419 662 1695 724 ἐπιλύσεις
1728 662 1797 726 ⁸⁵,
1836 680 1855 713 θ

270 764 427 832 λέγει
450 763 494 814 δ’
544 760 637 815 οῦν
691 761 787 815 καὶ
818 762 846 813 6
888 759 1144 828 θεόσοφος
1203 759 1453 826 Ἰωάννης
1498 758 1524 807 ό
1558 759 1858 828 Χρυσόστο-

272 874 379 926 μσς
449 856 530 908 ὅτι
578 853 642 907 οὐ
686 852 846 905 τοῦτο
900 852 1056 922 μόνον
1109 851 1251 920 φημὶ
1289 850 1371 902 ὃτι
1431 849 1688 919 προῄδει,
1738 851 1861 903 ἀλλ’

267 950 354 1003 ὅτι
404 950 500 1001 καὶ
548 946 787 999 πεσόντα
840 945 1135 1013 ἀναστήσει
1180 941 1477 1027 αύτὸνλδιά
1502 942 1601 1011 τῆς
1643 943 1850 993 οἰκονο-

270 1041 428 1111 μίας.
492 1038 601 1093 Καὶ
669 1039 729 1091 ού
795 1035 1010 1108 πρῶτον
1060 1032 1169 1088 εἶδε
1206 1035 1304 1105 τὴν
1361 1034 1591 1098 πτῶσιν,
1663 1034 1712 1085 εί
1782 1032 1858 1103 μὴ

265 1132 651 1205 προεπενόησε
725 1130 822 1201 τὴν
868 1130 1185 1184 ἀνάστασιν.
1242 1128 1396 1199 ’ῌδει
1455 1128 1535 1180 ὅτι
1584 1127 1852 1198 πεσεῖται,

268 1225 413 1279 ἀλλά
445 1222 791 1295 προαπὲθετο
822 1222 883 1276 τὸ
912 1222 959 1255 9°
992 1222 1092 1292 τῆς
1127 1220 1479 1282 ἀναστάσεως
1518 1218 1812 1289 φάρμακον
1836 1235 1849 1246 ·

266 1318 367 1372 καὶ
429 1314 819 1385 συνεχώρησεν
877 1316 959 1378 εἰς
1017 1315 1215 1382 πεῖραν
1272 1311 1445 1364 ἐλθεῖν
1488 1310 1721 1364 θανάτου
1766 1310 1856 1362 τὸν

265 1407 583 1476 ἄνθρωπον,
630 1405 793 1478 [1549
822 1404 915 1475 11.]
956 1405 1043 1458 ἵνα.
1078 1404 1238 1474 μάθοι
1266 1403 1408 1467 τίνος
1436 1404 1533 1473 μὲν
1588 1400 1851 1455 ἀπολαύει

263 1497 336 1550 δι’
356 1496 572 1561 ἑαυτὸν,
622 1495 767 1558 τίνος
808 1494 865 1547 δὲ
895 1498 963 1565 τῇ
990 1494 1084 1547 τοῦ
1112 1493 1415 1556 πλάσαντος
1455 1492 1659 1563 χάριτι.
1697 1491 1854 1563 ’ᾙδει

262 1588 614 1658 πεσούμενον
677 1588 771 1641 τὸν
827 1586 1028 1657 Ἀδάμ·
1102 1585 1216 1640 ἀλλ’
1280 1586 1507 1639 ἔϐλεπεν
1568 1584 1628 1649 ἐξ
1687 1583 1852 1638 αὐτοῦ

259 1679 736 1750 προελευσόμενον
772 1678 863 1731 τὸν
904 1678 1091 1743 Ἀϐελ,
1146 1679 1238 1731 τὸν
1284 1676 1469 1743 Ἐνὼς,
1518 1677 1611 1730 τὸν
1657 1676 1849 1746 Ἑνὼχ,

255 1772 355 1824 τὸν
409 1768 563 1830 Νῶε,
616 1768 708 1821 τὸν
767 1768 972 1834 Ἠλίαν,
1012 1770 1138 1831 τοὺς
1180 1770 1485 1839 προφήτας,
1540 1768 1665 1828 τοὺς
1717 1766 1850 1819 θαυ-

1971 585 2178 641 turum,
2202 592 2372 645 quare
2399 591 2523 630 eum
2550 576 2841 643 produxit?
2860 578 2926 632 Et
2948 580 3132 635 multa:
3157 590 3304 648 sunt,
3334 592 3388 637 et
3415 599 3541 653 per-

1971 669 2211 741 pulchra:
2277 669 2438 739 hujus
2499 670 2651 724 dubii
2706 671 3026 728 solutiones.
3066 692 3086 725 υ
3150 672 3289 729 Dicit
3351 675 3540 748 itaque

1969 762 2391 831 Chrysostomus
2418 782 2429 814 :
2458 761 2575 814 Non
2606 762 2709 817 hoc
2738 764 2913 816 solum
2934 765 3042 828 aio,
3072 767 3215 836 quod
3243 769 3536 835 pr:cscivit,

1969 853 2063 907 sed
2098 853 2261 906 etiam
2299 853 2444 922 quod
2490 854 2702 922 lapsum
2734 854 3008 907 hominem
3044 872 3144 924 per
3168 856 3538 926 dispensatio—

1968 960 2091 997 nem
2132 953 2486 1011 reparaturus
2510 952 2673 999 esset.
2705 944 2773 998 Et
2790 960 2895 998 non
2928 946 3104 1014 primo
3134 948 3349 1015 quidem
3382 948 3540 1003 scivit

1966 1031 2203 1100 lapsum,
2258 1031 2363 1085 nisi
2412 1034 2577 1086 etiam
2626 1032 2985 1100 praescivisset
3056 1037 3535 1091 resurrectionem.

1968 1122 2184 1178 Sciebat
2205 1139 2329 1178 eum
2346 1124 2653 1193 lapsurum,
2677 1123 2772 1179 sed
2801 1125 3254 1179 resurrectionem
3279 1136 3537 1197 tanquam

1964 1217 2261 1272 remedium
2296 1217 2640 1287 praeparavit,
2670 1226 2726 1273 et
2766 1216 3015 1287 permisit
3044 1218 3319 1273 hominem
3362 1235 3540 1289 usque

1969 1312 2033 1364 ad
2088 1310 2387 1380 periculum
2436 1309 2632 1365 mortis
2664 1310 2970 1380 pervenire,
3010 1318 3072 1363 ut
3110 1309 3364 1375 disceret,
3403 1311 3537 1380 quid

1964 1419 2063 1459 sua
2091 1403 2249 1473 culpa
2277 1414 2671 1472 consequatur,
2710 1414 2765 1457 et
2816 1403 2949 1473 quid
2979 1418 3077 1473 per
3101 1401 3379 1459 Creatoris
3412 1419 3539 1474 gra-

1963 1495 2115 1549 tiam.
2166 1494 2339 1548 Scivit
2400 1491 2515 1547 fore
2568 1502 2629 1546 ut
2684 1493 2855 1546 Adam
2897 1493 3135 1557 caderet,
3175 1493 3269 1547 sed
3308 1491 3445 1547 vidit
3472 1508 3542 1547 ex

1962 1588 2055 1643 illo
2102 1588 2443 1657 proditurum
2500 1584 2657 1651 Abel,
2707 1583 2874 1648 Enos,
2921 1582 3131 1648 Enoch,
3158 1582 3291 1652 Noe,
3340 1584 3537 1651 Eliam,

1962 1681 2277 1752 prophetas,
2323 1680 2676 1734 admirandos
2716 1679 3011 1747 apostolos,
3064 1678 3403 1734 nobilitatem
3438 1694 3541 1734 na-

1958 1785 2114 1838 tum,
2146 1773 2283 1828 vidit
2322 1781 2623 1843 martyrum
2657 1771 2850 1835 nubes,
2874 1772 3137 1827 divinitus
3172 1780 3373 1841 motas,
3422 1773 3541 1843 pie-

262 1863 509 1933 μαστοὺς
568 1862 918 1926 ἀποστόλους,
948 1862 1049 1931 τὴν
1081 1860 1361 1929 εὐγένειαν
1386 1861 1484 1929 τῆς
1511 1861 1746 1928 φύσεως,
1781 1859 1853 1912 τὰ

1966 1873 2121 1920 tatem
2173 1863 2463 1919 distillare.
2500 1861 2644 1917 Vidit
2683 1864 2825 1917 haec:
2855 1872 2910 1918 et
2960 1865 3051 1919 ubi
3103 1872 3221 1918 erat
3255 1866 3536 1927 honestas,

260 1952 563 2023 θεοκίνητα
593 1951 701 2005 τῶν
736 1952 1028 2022 μαρτύρων
1058 1952 1149 2004 καὶ
1170 1950 1437 2015 στάζοντα
1454 1952 1552 2019 τὴν
1573 1951 1855 2005 εὐσέϐειαν

261 2045 429 2113 νέφη.
488 2044 728 2097 Ἕόλεπε
782 2043 976 2110 ταῦτα,
1017 2044 1112 2096 καὶ
1159 2042 1264 2096 ποῦ
1319 2038 1388 2114 ἦν
1422 2043 1587 2096 καλὸν
1612 2084 1628 2107 ,
1668 2044 1770 2097 ποῦ
1799 2045 1856 2097 δὲ

261 2136 495 2201 δίκαιον,
529 2138 632 2190 ποῦ
670 2138 728 2189 δὲ
771 2137 1095 2209 θεοπρεπὲς,
1149 2135 1285 2208 [Eva]
1342 2137 1473 2189 διότι
1512 2136 1736 2206 ἔμελλεν
1776 2133 1854 2199 εἷς

267 2230 555 2300 ἄνθρωπος
609 2230 967 2300 ἁμαρτάνειν,
1010 2229 1201 2282 τοῦτον
1256 2229 1330 2298 μὴ
1379 2230 1607 2297 ἀγαγεῖν
1668 2229 1732 2279 ἐκ
1780 2228 1856 2298 μὴ

264 2323 455 2387 ὄντων,
482 2323 577 2375 καὶ
604 2322 873 2374 τοσούτων
905 2320 1135 2389 ἀνδρῶν,
1175 2314 1250 2374 ὧν
1278 2319 1399 2373 οὐδὲ
1430 2318 1552 2374 καθ’
1586 2319 1680 2372 ἕνα
1708 2317 1856 2383 ἄξιος

256 2415 287 2466 ό
324 2415 567 2484 κόσμος,
621 2414 797 2485 φορὰν
841 2413 1135 2482 ἀνακόψαι,
1184 2414 1280 2466 καὶ
1314 2412 1529 2484 θερίσαι
1558 2412 1856 2485 πρόρριζον

252 2508 362 2573 τὴν
391 2506 666 2579 τοσαύτην
713 2506 808 2560 τοῦ
855 2506 1044 2575 γένους
1094 2506 1385 2576 βλάστησιν
1427 2506 1521 2558 καὶ
1569 2506 1853 2578 καλλονὴν,

254 2600 360 2653 καὶ
411 2601 533 2653 κατ’
561 2600 733 2671 αὐτῆς
777 2598 1066 2668 ἐπαφιέναι
1098 2601 1197 2668 τὴν
1227 2598 1466 2669 ἐκτομὴν
1514 2598 1610 2651 καὶ
1660 2599 1853 2670 ὀργὴν,

253 2688 357 2745 καὶ
388 2691 514 2745 τότε
541 2690 636 2745 τοῦ
689 2690 788 2761 τὴν
838 2692 1114 2762 ἁμαρτίαν
1158 2690 1383 2760 ὕστερον
1425 2692 1685 2759 ἑλομένου
1730 2691 1856 2746 οῦτε

253 2784 608 2855 ἁμαρτόντος
670 2784 795 2839 οὗτε
874 2785 1144 2856 ἁμαρτεῖν
1217 2784 1676 2855 μεμελετηκότος,
1760 2785 1856 2839 ἆτε

258 2878 438 2948 μήπω
489 2877 625 2949 μηδὲ
695 2877 1042 2947 ύφεστῶτος;
1099 2877 1149 2929 εί
1200 2876 1308 2947 γὰρ
1365 2876 1659 2947 σωφρόνων
1713 2877 1860 2930 ἐστὶν

255 2965 479 3037 ἀνδρῶν
511 2968 571 3020 τὸ
600 2966 972 3037 μελετήσαντα
1011 2967 1111 3037 μὲν
1143 2966 1459 3037 ἀμαρτῆσαι
1493 2966 1569 3037 μὴ
1610 2967 1860 3038 ἁμαρτή-

258 3074 438 3111 σαντα
482 3057 540 3110 δὲ
580 3057 656 3129 μὴ
709 3058 1058 3129 εἰσπράττειν
1092 3057 1322 3121 εὐθύνας
1351 3057 1788 3127 ἁμαρτημάτων.
1821 3053 1857 3128 ἦ

256 3168 368 3204 που
393 3168 457 3219 γε
489 3150 553 3204 ἂν
602 3154 689 3221 εἴη
720 3151 853 3205 Θεοῦ
878 3152 969 3204 τὸν
1006 3150 1141 3221 μηδέ
1189 3151 1567 3220 μελετήσαντα
1610 3148 1854 3220 ἐξαμαρ-

1960 1957 2051 2012 ubi
2086 1957 2319 2027 iustitia,
2353 1956 2441 2010 ubi
2467 1955 2693 2027 dignum
2717 1971 2858 2025 opus
2889 1956 3041 2010 Deo?
3070 1956 3366 2027 Propterea
3391 1962 3537 2029 quod

1959 2064 2102 2104 unus
2139 2057 2258 2103 erat
2302 2056 2650 2119 peccaturus,
2683 2048 2879 2103 ideone
2910 2064 2977 2102 ex
3020 2050 3191 2105 nihilo
3232 2051 3383 2105 illum
3411 2068 3538 2122 pro-

1958 2139 2159 2192 ducere
2196 2153 2307 2192 non
2346 2138 2574 2193 debuit?
2602 2148 2656 2193 et
2699 2147 2782 2193 tot
2824 2140 3130 2205 hominum,
3168 2158 3404 2211 quorum
3436 2160 3537 2198 nec

1960 2246 2071 2286 uno
2121 2231 2321 2300 dignus
2380 2239 2499 2285 erat
2554 2230 2813 2296 mundus,
2850 2232 3088 2287 fructum
3151 2245 3454 2304 amputare,
3480 2246 3539 2291 et

1959 2325 2238 2378 demetere
2264 2323 2532 2378 radicitus
2559 2332 2769 2378 tantum
2800 2338 3022 2394 germen
3057 2329 3273 2398 generis
3308 2328 3535 2383 humani

1957 2422 2012 2469 et
2036 2415 2244 2480 florem,
2276 2422 2331 2471 et
2360 2421 2550 2469 contra
2579 2413 2712 2467 illud
2747 2414 3051 2469 subornare
3072 2416 3209 2470 iram
3234 2433 3297 2473 ac
3318 2417 3536 2487 falcem,

1961 2504 2263 2574 przesertim
2307 2519 2431 2558 cum
2482 2511 2605 2573 post
2645 2512 2990 2573 peccaturus,
3034 2513 3148 2559 tum
3204 2522 3382 2577 neque
3411 2523 3537 2578 pec—

1958 2597 2122 2661 carit,
2180 2611 2357 2666 neque
2418 2610 2648 2665 peccare
2707 2597 2981 2664 cogitarit,
3042 2598 3244 2667 quippe
3291 2600 3539 2654 nondum

1958 2689 2275 2745 exsistens?
2308 2689 2365 2744 Si
2396 2692 2543 2744 enim
2579 2689 2905 2758 prudentum
2938 2690 3183 2745 virorum
3206 2699 3292 2746 est
3333 2706 3441 2745 non
3469 2692 3542 2746 ab

1959 2799 2024 2839 eo
2053 2798 2248 2854 poenas
2300 2784 2543 2851 exigere,
2596 2782 2689 2852 qui
2723 2797 2950 2852 peccare
2983 2782 3204 2852 quidem
3256 2784 3535 2854 cogitarit.

1960 2877 2204 2932 nondum
2230 2885 2411 2930 tamen
2451 2877 2713 2945 peccarit,
2752 2876 3029 2945 quomodo
3061 2874 3158 2930 Dei
3188 2876 3422 2932 essetab
3448 2892 3537 2941 eo,

1959 2970 2052 3039 qui
2083 2984 2150 3023 ne
2174 2969 2466 3024 meditatus
2504 2969 2722 3038 quidem
2774 2971 2845 3024 sit
2890 2986 3135 3039 peccare,
3178 2987 3369 3041 preuas
3409 2987 3537 3042 pec-

1960 3069 2207 3115 catorum
2264 3058 2504 3128 exigere,
2557 3062 2861 3128 praesertim
2910 3076 3035 3116 cum
3082 3078 3246 3130 grave
3314 3064 3539 3132 quidem

1962 3160 2094 3205 tunc
2116 3158 2261 3205 esset
2289 3158 2575 3219 peccatum
2612 3152 2911 3218 (quomodo
2938 3152 3082 3206 enim
3116 3168 3224 3206 non
3257 3169 3420 3223 grave
3448 3169 3538 3207 re-

253 3244 427 3312 τῆσαι
450 3241 550 3303 τὰς
584 3242 694 3296 τῶν
720 3244 1119 3313 ἡμαρτηκότων
1142 3243 1395 3295 ἀπαιτεῖν
1423 3240 1596 3304 δίκας,
1619 3245 1713 3294 καὶ
1734 3243 1856 3294 τότε

1966 3242 2211 3310 linquere
2257 3240 2471 3294 Domini
2520 3241 3027 3312 przeceptum),non
3061 3257 3192 3296 vero
3240 3244 3544 3298 incurabile

255 3332 506 3404 χαλεποῦ
546 3333 645 3405 μὲν
690 3334 843 3397 ὄντος
882 3334 975 3387 τοῦ
1019 3334 1421 3406 ἁμαρτήματος
1460 3332 1604 3403 (πῶς
1642 3333 1751 3403 γὰρ
1792 3334 1855 3386 ού

257 3426 507 3496 χαλεπὸν
536 3427 794 3497 ἀθέτησις
813 3428 1141 3495 δεσποτικῆς
1173 3428 1424 3498 ὲντολῆς;
1460 3426 1478 3497 )
1511 3426 1613 3480 οὐκ
1635 3427 1856 3481 ἀνιάτου

256 3518 319 3572 δὲ
353 3520 641 3589 ἐσομένου,
678 3524 745 3591 τῇ
784 3521 976 3593 ἀφάτῳ
1015 3520 1399 3592 φιλανθρωπία
1424 3518 1519 3572 τοῦ
1553 3519 1858 3582 πλάσαντος

258 3613 360 3666 καὶ
384 3614 482 3665 τοῦ
511 3614 939 3684 πρωτοπλάστου
972 3616 1052 3677 είς
1083 3615 1181 3685 τὴν
1202 3614 1439 3684 ἀρχαίαν
1481 3610 1855 3680 ἐπανάγεσθαι

262 3706 557 3777 μέλλοντος
612 3707 914 3775 εὐγένειαν.
961 3708 1124 3759 Ὥστε
1161 3708 1209 3759 εί
1273 3707 1348 3775 μὴ
1406 3705 1671 3777 προῆκτο,
1723 3703 1857 3758 διότι

262 3800 500 3869 ἔμελλεν
522 3801 790 3871 ἁμαρτεῖν
820 3804 847 3855 6
876 3802 1193 3871 ἀρχέγονος,
1222 3800 1493 3853 ἐδείκνυτο
1525 3799 1591 3852 ἂν
1623 3798 1684 3851 τὸ
1714 3797 1858 3851 θεῖον

1966 3328 2224 3384 ineffabili
2265 3327 2580 3384 Conditoris
2620 3330 2944 3394 clementiae,
2985 3332 3223 3400 primum
3263 3332 3542 3389 hominem

1964 3423 2031 3478 ad
2061 3423 2353 3493 pristinam
2403 3423 2712 3477 revocaturi
2738 3424 3052 3493 dignitatem
3078 3423 3101 3476 ?
3132 3425 3321 3495 Itaque
3358 3425 3404 3481 si
3430 3440 3540 3480 non

1963 3514 2265 3585 productus
2313 3512 2511 3568 fuisset
2548 3513 2758 3582 primus
2804 3528 3000 3583 parens
3034 3514 3181 3583 quod
3211 3522 3542 3584 peccaturus

1964 3612 2105 3669 erat,
2134 3602 2437 3657 eiiiceretur
2471 3601 2641 3657 Deum
2674 3603 2867 3672 punire
2913 3602 3157 3657 nondum
3198 3612 3540 3673 peccantem,

1967 3705 2020 3750 et
2042 3696 2350 3765 posteriore
2390 3694 2674 3747 vocatione
2693 3703 2746 3748 et
2782 3694 2955 3749 salute
2986 3696 3233 3763 privare:
3262 3705 3315 3750 et
3334 3705 3546 3751 creatu-

1965 3804 2082 3845 ram
2118 3797 2199 3841 tot
2220 3788 2492 3857 tantisque
2527 3787 2660 3842 viris
2684 3788 2874 3842 orbam
2906 3788 3219 3844 ostendere.

260 3897 359 3947 τὸν
405 3896 576 3966 μήπω
610 3896 1005 3967 ἀμαρτήσαντα
1047 3890 1296 3958 κολάζον,
1349 3891 1445 3964 καὶ
1500 3890 1598 3960 τῆς
1630 3889 1856 3958 ὓστερον
1884 3880 2234 3950 ἀνακλήσεως
2287 3877 2383 3932 καὶ
2445 3877 2719 3948 σωτηρίας
2742 3877 3098 3947 ἀποστεροῦν,
3132 3878 3228 3931 καὶ
3273 3875 3543 3931 τοσούτων

262 3990 484 4062 ἀνδρῶν
541 3988 722 4042 καλῶν
769 4004 829 4040 τε
871 3987 966 4041 καὶ
1006 3984 1225 4054 ἀγαθῶν
1286 3983 1493 4055 ἔρημον
1532 3981 1633 4052 τὴν
1683 3979 1857 4032 κτίσιν
1892 3976 2212 4043 ἀποφαῖνον.

337 4126 466 4178 Ὀτι
480 4123 575 4178 τοῦ
590 4123 735 4177 θείου
753 4123 964 4177 Παύλου
983 4122 1245 4184 εἰπόντος·
1263 4120 1637 4188 Πρωτότοκος
1656 4115 1862 4182 πάσης

268 4220 531 4283 κτίσεως
588 4220 636 4270 οἱ
708 4218 995 4288 αἱρετικοὶ,
1045 4217 1200 4286 φησὶ,
1244 4215 1320 4285 μὴ
1374 4216 1669 4283 νοήσαντες
1733 4208 1863 4279 περὶ

266 4310 434 4369 ποίας
472 4309 706 4372 κτίσεως
735 4309 905 4377 λέγει,
936 4308 1015 4371 είς
1039 4307 1246 4377 κτίσμα
1273 4308 1365 4360 τὸν
1398 4305 1524 4357 Υἱὺν
1558 4305 1607 4356 οἱ
1647 4302 1865 4371 ἀνόητοι

264 4400 725 4465 καταϐιϐἀςουσι.
773 4400 936 4470 Διττὴ
965 4400 1021 4452 δέ
1055 4402 1088 4469 ή
1113 4398 1290 4461 κτίσις
1323 4415 1336 4428 ·
1371 4400 1404 4468 ή
1440 4398 1537 4467 μὲν
1565 4396 1672 4465 γάρ
1717 4396 1864 4447 ἐστιν

2033 4111 2173 4167 Cum
2223 4111 2367 4165 dicat
2415 4110 2610 4164 beatus
2648 4108 2894 4163 Paulus:
2931 4107 3317 4179 Primogenitus
3373 4110 3544 4162 omnis

1962 4214 2219 4259 creatura:
2253 4202 2299 4266 τ,
2338 4202 2603 4265 haeretici,
2637 4201 2834 4271 inquit.
2871 4216 2980 4255 non
3056 4200 3422 4270 intelligentes
3476 4200 3546 4256 de

1963 4314 2070 4367 qua
2102 4307 2351 4352 creatura
2400 4296 2680 4365 loquatur,
2714 4294 2779 4348 ad
2814 4302 3124 4349 creaturam
3177 4292 3377 4347 Filium
3440 4293 3545 4363 ipsi

1964 4390 2286 4459 insipientes
2340 4387 2605 4442 referunt.
2663 4386 2871 4457 Duplex
2928 4388 3071 4440 enim
3109 4394 3193 4441 est
3246 4395 3544 4448 creatura,

264 4495 300 4562 ή
332 4492 705 4562 γεγενημένη,
740 4492 773 4560 ἡ
818 4491 875 4543 δὲ
904 4493 937 4559 ἡ
995 4489 1495 4559 ἀνακαινιςομένη⁹
1544 4486 1705 4550 αὐτὸς
1752 4484 1856 4554 γὰρ

1967 4496 2073 4535 una
2098 4481 2319 4551 quidem
2352 4479 2516 4544 facta,
2548 4480 2717 4533 altera
2754 4488 3033 4532 renovata.
3076 4476 3280 4532 Paulus
3310 4493 3550 4547 namque

266 4584 433 4638 πάλιν
468 4582 677 4643 Παῦλος
713 4582 839 4653 βοᾷ·
875 4581 948 4635 El
967 4600 1055 4645 τις
1084 4582 1152 4633 ἐν
1178 4576 1409 4648 Χριστῷ
1440 4578 1615 4644 καινὴ
1642 4578 1859 4639 κτίσις.

268 4677 391 4729 ’Ίνα
411 4676 469 4728 δὲ
495 4674 764 4743 λαμπρῶς
792 4676 833 4705 ⁹¹
865 4672 1109 4744 ἐπιδείξῃ
1136 4672 1221 4725 ὅτι
1258 4672 1354 4741 τῆς
1384 4668 1863 4737 ἀνακαινισθείσης

266 4769 507 4829 κτίσεως
577 4766 727 4834 λέγει
784 4766 1129 4836 πρωτότοκον
1192 4766 1285 4819 τὸν
1350 4764 1606 4835 Χριστὸν,
1667 4763 1864 4829 ἐπάγει

269 4862 658 4929 Πρωτότοκος
718 4858 789 4911 ἐκ
839 4856 1069 4925 νεκρῶν
1094 4897 1109 4922 ,
1160 4858 1262 4911 ἵνα
1299 4856 1545 4927 γένηται
1591 4855 1662 4909 ἐν
1712 4854 1863 4909 πᾶσι

270 4952 596 5021 πρωτεύων
613 4964 626 4976 ·
652 4950 948 5019 πρωτεύων
977 4949 1087 5001 τῶν
1107 4948 1626 5015 ἀνακαινιζομένων,
1648 4946 1755 4999 τῶν
1784 4947 1863 5009 εἰς

270 5042 584 5113 ἀφθαρσίαν
601 5043 765 5097 καλου
774 5043 971 5114 μένων,
985 5041 1093 5094 τῶν
1113 5043 1178 5094 ἐκ
1195 5042 1404 5112 νεκρῶν
1418 5041 1780 5110 ἐγειρομένων
1794 5041 1861 5103 θ’,

274 5133 402 5205 [848
454 5136 521 5188 ll.
552 5133 570 5205 ]
607 5132 904 5205 πρωτεύων
933 5133 993 5186 οὐ
1030 5132 1173 5186 κατά
1214 5133 1313 5203 τὴν
1360 5132 1593 5201 θεότητα
1627 5131 1862 5203 (ἄπαγε’

275 5225 432 5297 ῦϐρις
452 5227 564 5296 γάρ
588 5225 710 5297 Θεῴ
738 5226 798 5278 τὸ
825 5224 1109 5278 καλεῖσθαι
1140 5224 1358 5295 πρῶτον
1391 5224 1502 5277 τῶν
1525 5222 1841 5293 κτισμάτων

354 5425 371 5463 ¹
408 5426 630 5481 Coloss.
670 5424 825 5492 ι,15.

928 5426 953 5463 ε
986 5423 1007 5478 l
1036 5422 1166 5479 Cor.
1199 5438 1253 5488 γ,
1289 5421 1377 5476 17.
1453 5422 1481 5460 h
1510 5420 1722 5475 Coloss.
1758 5438 1794 5482 I,
1837 5418 1923 5472 18.

1968 4574 2162 4629 iterum
2215 4575 2417 4629 clamat
2442 4587 2457 4626 :
2487 4572 2550 4627 Si
2579 4589 2685 4644 qua
2726 4573 2783 4625 in
2813 4571 3021 4626 Christo
3050 4588 3183 4625 nova
3213 4581 3458 4625 creatura
3497 4572 3545 4622 ε.

1970 4668 2148 4739 thue
2178 4667 2467 4723 manifeste
2519 4667 2716 4738 520a
2758 4666 3007 4720 ostendat
3050 4681 3109 4721 se
3162 4666 3344 4719 dicere
3382 4663 3545 4718 Chri~

1968 4769 2114 4815 stum
2140 4775 2261 4815 esse
2287 4759 2715 4829 primogenitum
2752 4766 3015 4811 creatura:
3046 4764 3343 4819 renovatm,
3363 4755 3544 4808 addit:

1971 4853 2364 4924 Primogenitus
2386 4868 2450 4907 ea:
2472 4853 2719 4913 mortuis,
2737 4862 2793 4903 ut
2813 4849 2963 4903 sit’in
2986 4849 3225 4903 omnibus
3256 4850 3454 4916 primus
3474 4847 3498 4885 ιι
3531 4866 3545 4900 ;

1972 4949 2181 5017 primus
2234 4955 2654 5009 reuovatorum,
2703 4946 2769 4998 ad
2810 4944 3279 5011 incorruptionem
3322 4950 3546 4994 vocato-

1974 5056 2121 5104 rum,
2153 5056 2215 5094 ex
2247 5039 2479 5095 mortuis
2502 5039 2974 5101 resuscitatorum,
3003 5046 3056 5088 et
3082 5034 3545 5090 suscitamlorum.

1978 5134 2195 5188 Primus
2240 5146 2351 5186 non
2397 5130 2703 5188 secundum
2750 5129 3003 5183 deitatem
3046 5130 3063 5195 (
3097 5141 3267 5194 apage
3310 5126 3548 5177 icontu-

1982 5223 2144 5277 melia
2182 5220 2329 5275 enim
2388 5228 2473 5275 est
2524 5218 2580 5273 in
2616 5217 2810 5282 Deum,
2868 5216 3052 5269 vocari
3108 5214 3258 5267 illum
3310 5210 3549 5280 primum

1594 5624 1830 5680 VARle
1862 5622 2275 5680 LECTIONES.

383 5790 432 5821 "
460 5787 749 5855 ἀπολύσεις
778 5788 844 5845 Α.
949 5790 994 5824 ⁹⁰
1030 5791 1089 5846 τὸ
1141 5792 1293 5847 libris
1329 5792 1499 5847 deest.

1604 5790 1644 5820 ⁹¹
1676 5787 1924 5859 λαμπρὴν
1960 5804 2018 5848 ς.

2128 5786 2171 5816 ⁹²
2205 5780 2571 5853 ἐγειρομένων
2626 5779 2717 5830 καὶ
2771 5772 3103 5846 περωμὲνων
3130 5789 3304 5843 πρωτ.
3336 5788 3398 5834 ις.
