3922 6242
469 382 567 448 271
1509 385 1515 389 ’
1627 378 1892 443 ΡΗΟΤΙΙ
1915 380 2018 441 PA'

2137 380 2423 442 ZABCH/E
2460 381 2568 441 CP.
3598 390 3686 455 ετξ

469 503 865 556 creaturarum,
896 491 988 558 qui
1029 489 1286 546 inefl‘abili
1316 491 1504 555 verbo,
1540 497 1596 546 et
1623 490 2010 561 ineomprchen

2146 489 2203 554 6;
2251 492 2478 563 ἀρρήτῳ
2529 491 2671 562 λόγῳ
2715 492 2807 545 καὶ
2851 493 3189 566 ἀνεπινοήτῳ
3238 495 3478 570 ὑπεροχῇ
3532 503 3688 572 πάσης

470 591 618 645 sibili
657 587 974 642 excellentia
1019 598 1184 654 super
1229 600 1422 640 omnes
1472 593 1757 639 creaturas
1791 584 2010 638 ascendi

2145 583 2522 653 ὑπερήρτηται
2550 585 2643 635 καὶ
2680 585 3033 655 ὑπερίδρυται
3079 587 3342 658 φύσεως),
3386 591 3520 646 ἀλλὰ
3562 613 3688 665 πρω-

470 682 770 750 sedetque).
811 679 903 733 sed
963 679 1174 746 primus
1224 687 1309 732 est
1373 677 1674 732 secundum
1729 675 2012 729 humanita

2144 673 2291 725 τεύει
2345 673 2488 726 κατὰ
2517 690 2580 741 γε
2625 673 2724 745 τὴν
2775 674 3205 747 ἁνθρωπότητα,
3260 680 3503 751 ἀρχηγὸς
3557 687 3688 754 ἡμῶν

469 779 599 830 tem,
628 769 877 836 princeps
907 765 1084 820 factus
1128 767 1548 821 resurrectionis
1591 777 1810 831 nostraa,
1840 773 1894 818 et
1918 780 2018 819 mut

2143 764 2383 831 γεγονὼς
2443 765 2544 835 τῆς
2580 766 2930 830 ἀναστάσεως
2976 770 3071 821 καὶ
3104 755 3230 839 ’τῆς
3277 773 3346 825 ἐκ
3391 773 3588 844 φθορᾶς
3625 779 3688 840 είς

469 858 696 912 talionis
720 871 784 909 ex
809 857 1166 926 corruptione
1195 857 1249 911 in
1279 857 1770 925 incorruptionem.
1808 854 1863 908 Si
1892 854 2018 908 enin

2144 856 2456 924 ἀφθαρσίαν
2512 859 3062 927 μεταστοιχειώσεως.
3113 862 3175 914 Εἰ
3238 863 3348 934 γὰρ
3391 865 3486 917 καὶ
3533 867 3688 930 Ἠλίας

468 951 612 1004 Elias
653 948 820 1003 filium
854 950 1029 1003 vidua:
1060 949 1334 1010 excitavit,
1370 958 1424 1003 et
1453 948 1684 1004 Elisaeus
1727 948 1904 1001 filium
1945 947 2016 1000 Su

2143 947 2234 1001 τὸν
2273 948 2386 1000 υἱὸν
2423 951 2520 1018 τῆς
2551 950 2726 1019 χήρας
2757 950 2967 1020 ἤγειρε,
3007 953 3102 1004 καὶ
3154 953 3460 1019 Ἐλισσαῖος
3491 957 3576 1010 τὸν
3609 960 3689 1028 τῆς

468 1041 769 1105 namitidis,
803 1050 856 1093 et
909 1040 1160 1094 Salvator
1201 1040 1553 1109 quatriduum
1593 1038 1857 1092 Lazarum
1883 1035 2017 1090 ‘exci

2144 1041 2528 1110 Σωμανίτιδος,
2565 1042 2658 1094 καὶ
2709 1042 2869 1104 αὐτὸς
2924 1044 2953 1094 6
3013 1045 3200 1116 Σωτὴρ
3259 1051 3573 1118 τεταρταῖον
3616 1051 3690 1102 τὸν

469 1133 635 1198 tavit;
671 1133 765 1187 sed
801 1147 962 1186 nemo
989 1147 1178 1188 eorum
1207 1133 1273 1186 ad
1306 1133 1788 1200 incorruptionem,
1830 1139 1884 1184 et
1937 1130 2018 1182 im

2144 1136 2418 1206 Λάζαρον,
2456 1133 2809 1205 ἐξανέστησεν
2859 1137 2926 1201 9³,
2995 1138 3110 1190 ἀλλ’
3154 1139 3334 1204 οὐδεὶς
3391 1142 3567 1196 αὐτῶν
3625 1147 3689 1207 εἰς

467 1225 852 1280 mortalitatem
893 1228 1161 1280 excitatus
1191 1237 1294 1281 est.
1337 1228 1534 1280 lterum
1586 1227 1729 1281 enim
1756 1241 1850 1280 eos
1880 1240 2016 1278 mors

2144 1227 2448 1296 ἀφθαρσίαν
2509 1227 2603 1278 καὶ
2666 1225 2967 1284 ἀθανασίαν
3032 1229 3296 1298 ἐξανέστη
3327 1247 3342 1262 ο
3394 1232 3554 1284 πάλιν
3602 1237 3689 1304 γὰρ

467 1329 657 1388 postea
693 1321 986 1388 oppressit.
1021 1318 1267 1373 Christus
1297 1334 1429 1373 vero
1455 1335 1685 1389 surgens
1713 1333 1743 1372 e
1775 1317 2013 1371 mortuis

2144 1315 2366 1370 αύτῶνό
2391 1317 2620 1381 θάνατος
2642 1320 2944 1390 ἐκυρίευσε.
2982 1322 3216 1391 Χριστὸς
3268 1323 3326 1376 δὲ
3373 1326 3600 1390 ἀναστὰς
3639 1330 3689 1380 ἐκ

460 1427 577 1487 non
617 1412 852 1480 amplius
910 1413 1158 1475 moritur,
1208 1426 1308 1465 nec
1352 1427 1505 1465 mors
1542 1411 1773 1480 amplius
1806 1409 1880 1462 illi
1938 1409 2007 1461 do

2146 1408 2353 1476 νεκρῶν
2403 1409 2584 1462 ούκέτι
2630 1411 2967 1487 ἀποθνήσκει
3004 1431 3029 1478 ο,
3051 1414 3278 1476 Θάνατος
3318 1419 3484 1470 αὐτοῦ
3530 1421 3689 1472 οὐκέτι

469 1503 744 1566 minatur,
801 1503 897 1558 sed
948 1519 1125 1573 neque
1181 1503 1288 1556 illis
1355 1519 1494 1573 quos
1544 1503 1599 1556 in
1650 1501 1896 1556 secundo
1940 1515 2018 1552 ειη

2146 1499 2410 1568 κυριεύει.
2451 1501 2592 1554 Ἀλλ’
2615 1502 2745 1558 ,οὐδὲ
2778 1503 3024 1568 ἐκείνων,
3053 1505 3144 1569 οὓς
3163 1507 3309 1561 κατὰ
3337 1507 3435 1579 τὴν
3463 1510 3688 1582 δευτέραν

469 1596 701 1649 adventu
748 1595 1023 1650 excitabit.
1055 1593 1100 1650 Ο
1144 1596 1341 1650 malam
1375 1605 1428 1650 et
1465 1596 1772 1650 dementem
1803 1601 2018 1647 vestrau

2146 1591 2310 1644 αὑτοῦ
2347 1593 2645 1664 παρουσίαν
2683 1594 2996 1664 ἀναστήσει.
3035 1597 3097 1648 Ὢ
3130 1599 3310 1668 κακῆς
3344 1600 3438 1652 καὶ
3489 1602 3689 1671 ἄφρονος

467 1688 814 1756 opinionem!
852 1687 1008 1743 Venit
1058 1687 1306 1742 Christus
1347 1687 1414 1741 ad
1475 1702 1576 1760 nos
1633 1707 1656 1753 :_
1687 1688 1834 1742 dedit
1880 1687 2016 1741 nobi:

2148 1683 2301 1752 ὑμῶν
2355 1685 2404 1762 9f
2440 1685 2706 1756 γνώμηςὲ
2759 1681 2924 1756 ἦλθεν
2982 1687 3012 1740 6
3059 1689 3295 1760 Χριστὸς
3354 1692 3496 1762 πρὸς
3547 1687 3684 1763 ἡμᾶς,

405 1789 412 1796 ’
471 1781 731 1851 Spiritum
768 1796 924 1834 suum
959 1790 1230 1842 sanctum,
1256 1790 1310 1835 et
1343 1781 1642 1849 assumpsit
1688 1795 1889 1849 corpus
1939 1795 1954 1832 ι

2147 1777 2347 1831 ἔδωκεν
2395 1781 2528 1849 ἡμῖν
2581 1779 2642 1832 τὸ
2699 1779 2866 1854 αὑτοῦ
2921 1781 3169 1850 Πνεῦμα,
3220 1785 3311 1837 καὶ
3377 1785 3597 1838 ἀνέλαϐε
3640 1789 3688 1839 τὸ

469 1880 736 1937 strum,et
763 1880 1078 1926 contractus
1107 1873 1400 1941 praecessit,
1431 1883 1483 1926 ct
1519 1872 1753 1926 induens
1795 1879 2017 1925 nostra"

2142 1870 2410 1941 ἡμέτερον
2450 1869 2624 1941 σῶμα,
2671 1873 2766 1925 καὶ
2803 1872 2864 1926 τὸ
2917 1873 3269 1952 συνάλλαγμα
3320 1877 3571 1947 προῆλθε,
3615 1879 3687 1932 καὶ

469 1961 863 2014 humanitatem
902 1961 1165 2014 exaltavit'
1192 1961 1362 2024 illam,
1387 1970 1442 2015 et
1473 1959 1757 2015 constituit
1787 1960 1936 2013 illam
1985 1959 2018 2012 il

2143 1963 2322 2016 λαϐὼν
2347 1965 2507 2034 ἡμῶν
2535 1965 2598 2019 τὸ
2626 1966 2856 2036 φύραμα
2880 1967 3163 2036 ἀνύψωσεν
3203 1969 3336 2020 αὐτὸ
3358 1970 3687 2024 καὶίὲκάθισεν

469 2052 688 2108 dextera
741 2051 961 2106 Patris:
1007 2063 1062 2106 et
1095 2053 1425 2122 ingratitndo
1475 2051 1798 2108 beneficium
1839 2061 2018 2107 contu

2141 2057 2198 2108 ἐν
2225 2055 2375 2125 δεξιᾷ
2402 2056 2493 2108 τοῦ
2526 2057 2736 2128 Πατρός
2757 2074 2771 2089 ο
2801 2059 2967 2128 καὶιή
3020 2059 3386 2129 ἀγνωμοσύνη
3418 2061 3512 2130 τὴν
3548 2062 3688 2131 ,εὐερ-

471 2143 630 2197 melia
675 2143 859 2197 allicit.
891 2142 1112 2212 Accepit
1146 2159 1174 2196 a
1230 2143 1388 2196 nobis
1438 2142 1750 2212 figmentum
1773 2184 1786 2207 ,
1829 2151 1884 2196 et
1913 2157 2020 2194 con-

2141 2145 2334 2212 γεσίαν
2383 2145 2614 2217 ὑϐρίζει..
2656 2147 2858 2201 Ἐλαϐε
2911 2148 3039 2218 παρ’
3086 2148 3242 2216 ἡμῶν
3277 2148 3340 2200 τὸ
3373 2149 3586 2217 πλάσμα
3611 2152 3686 2201 καὶ

469 2235 645 2290 stituit
677 2234 822 2288 illud
870 2235 926 2304 in
965 2233 1183 2288 dextera
1215 2233 1410 2288 Patris.
1461 2233 1790 2303 Accepimus
1847 2233 1914 2286 ab
1949 2231 2018 2286 illi

2143 2236 2394 2289 ἐκάθισεν
2439 2240 2503 2290 ἐκ
2555 2235 2746 2304 δεξιῶν
2786 2238 2878 2292 τοῦ
2941 2239 3150 2310 Πατρός
3177 2254 3194 2273 ⁸
3257 2240 3425 2312 [1559.
3458 2239 3546 2310 R.]
3584 2240 3684 2293 ἐλά·

469 2325 756 2396 Spiritum,
788 2336 840 2381 et
867 2327 1122 2395 injuriam
1158 2325 1389 2380 facimus
1413 2367 1427 2390 ,
1474 2325 1526 2378 in
1575 2333 1950 2380 creaturarum
1987 2343 2017 2379 ε

2143 2329 2310 2398 ϐομεν
2365 2329 2424 2396 ἐξ
2457 2330 2646 2385 ,αὐτοῦ
2696 2331 2758 2384 τὸ
2813 2330 3083 2401 Πνεῦμακ
3127 2331 3222 2385 καὶ
3286 2333 3602 2403 ὑϐρίζομεν,
3642 2333 3686 2383 ὲν

471 2436 750 2476 servorum
780 2419 1024 2474 ordinem
1059 2421 1208 2474 illum
1244 2420 1567 2488 redigentes.

2146 2421 2403 2491 κτίσμασι
2433 2423 2525 2475 καὶ
2559 2423 2766 2487 δούλοις
2786 2423 2918 2477 αὐτὸ
2955 2425 2999 2454 9"
3033 2423 3447 2492 καταλέγοντες.

539 2510 737 2566 Petitio
787 2511 1006 2580 quidem
1057 2511 1294 2574 dicitur,
1338 2514 1558 2580 quando
1615 2508 1786 2564 Deum
1843 2509 2044 2580 aliquis

2217 2514 2338 2568 ’Ότι
2373 2514 2524 2585 φησὶ,
2563 2515 2750 2585 δέησις
2798 2516 2894 2584 μὲν
2920 2515 3158 2581 λέγεται,
3191 2517 3322 2569 ὅταν
3351 2526 3439 2579 τις
3459 2517 3544 2569 τὸν
3581 2515 3686 2568 Θεὸν

470 2615 650 2674 rogat,
685 2605 759 2659 rei
789 2605 1074 2675 cujusdam
1115 2605 1286 2673 gratia
1311 2623 1343 2682 ;¹
1378 2603 1618 2673 precatio
1649 2619 1778 2658 vero
1822 2604 2019 2672 quandi

2145 2606 2288 2670 ἀξιοῖ
2310 2608 2389 2669 είς
2416 2608 2670 2676 πρᾶγμα,
2697 2607 2972 2678 προσευχὴ
3003 2607 3080 2670 δὲ,
3112 2608 3240 2660 ὅταν
3257 2608 3416 2678 ’ὑμνῇ
3449 2608 3536 2660 τὸν
3559 2607 3685 2668 Θεὸν,

472 2697 596 2766 quis
626 2711 724 2766 pro
751 2694 990 2764 acceptis
1020 2695 1298 2750 beneficiis
1326 2695 1529 2766 gratias
1561 2691 1670 2766 agit'
1701 2693 1832 2749 Deo.
1866 2695 2021 2748 Inter.

2146 2698 2465 2768 εὐχαριστία
2495 2698 2572 2764 δὲ,
2610 2699 2737 2751 ὅταν
2765 2715 2850 2761 τις
2877 2698 3018 2768 ὑπὲρ
3038 2693 3118 2752 ’ὧν
3152 2699 3326 2752 ἔπαθε
3357 2699 3512 2770 χάριν
3555 2697 3684 2751 ἀνθο-

471 2789 651 2844 cessio
679 2805 829 2855 vero,
868 2773 1252 2858 quando'quis
1277 2796 1466 2841 contra
1501 2788 1719 2856 iniquos
1745 2787 1953 2842 accedit
1978 2803 2020 2840 at

2151 2791 2352 2860 μολογῇ
2387 2790 2465 2860 τῷ
2494 2789 2632 2859 Θεῷ,
2662 2779 2881 2859 ἐντυχία
2897 2790 2975 2855 δὲ,
3005 2791 3134 2844 ὅταν
3158 2808 3241 2853 τις
3261 2793 3414 2844 κατὰ
3446 2790 3548 2843 τῶν
3593 2789 3684 2841 ἀδι-

474 2880 666 2944 Deum,
702 2896 900 2935 vocans
930 2879 1080 2932 illum
1111 2879 1179 2932 ad
1217 2879 1500 2932 ultionem.
1537 2875 1876 2932 intercedere
1914 2893 2023 2932 ven

2149 2881 2388 2934 κούντων
2423 2881 2722 2952 ἐντυγχάνῃ
2759 2881 2836 2950 τῷ
2870 2881 3011 2951 Θεῷ,
3047 2881 3524 2952 προσκαλούμενος
3551 2880 3684 2934 αὐτὸν

477 2981 712 3032 nonest,
741 2971 937 3041 inquit,
969 2971 1298 3040 supplicare,
1357 2968 1453 3024 sed
1482 2969 1846 3039 interrogare,
1877 2979 1931 3024 et
1963 2985 2026 3021 rc-

2148 2972 2228 3033 είς
2277 2969 2575 3041 ἐκδίκησιν.
2639 2970 2763 3022 ’Ὁτι
2806 2969 2861 3022 δὲ
2921 2970 2984 3022 τὸ
3041 2972 3394 3038 ἐντυγχάνειν
3454 2971 3548 3022 οὐκ
3591 2968 3683 3021 ἔστι

477 3079 736 3130 Sponsum
777 3062 1040 3131 accipere.
1090 3059 1230 3114 Dicit
1267 3059 1409 3113 Deus
1435 3059 1500 3112 ad
1538 3058 1708 3113 Eliam
1757 3075 1788 3112 ι·
1815 3059 1958 3123 Quid
1990 3069 2026 3112 ιι

2150 3062 2358 3132 (φησὶν)
2376 3061 2636 3116 ἱκετεύειν
2658 3061 2775 3114 ἀλλ’
2795 3062 3004 3130 ἐρωτᾷν
3021 3061 3114 3113 καὶ
3141 3063 3434 3132 ἀπόκρισιν
3449 3060 3683 3130 δέχεσθαι.

477 3157 580 3214 hic,
611 3153 770 3208 Elia?
798 3153 1090 3223 respondet
1131 3152 1394 3223 propheta
1443 3151 1811 3222 interrogatus
1848 3170 1860 3204 :
1922 3149 2026 3206 Ζει.

2151 3153 2298 3220 λέγει
2341 3155 2370 3206 6
2420 3153 2551 3216 Θεὸς
2613 3152 2750 3223 πρὸς
2803 3137 2916 3205 τὸν.
2945 3153 3168 3206 Ἦλίαν·
3217 3155 3277 3206 Τί
3345 3153 3427 3206 σὺ
3464 3150 3684 3222 ἐνταῦθα

477 3246 677 3299 zelatus
719 3261 833 3298 sum
856 3261 950 3314 pro
982 3243 1204 3296 Domino
1232 3243 1580 3304 exercituum,
1602 3243 1731 3310 quia
1758 3241 2021 3311 derelique

2165 3245 2365 3308 Ἡλίω
2399 3244 2752 3313 ἀποκρίνεται
2778 3242 3070 3313 ἐρωτηθεὶς
3100 3245 3127 3295 ὀ
3161 3245 3448 3314 προφήτης
3475 3259 3487 3271 ·
3509 3239 3685 3307 Ζηλῶν

477 3348 600 3391 runt
619 3348 822 3405 portent
865 3335 1074 3388 Domini
1105 3335 1206 3404 ﬁlii
1245 3333 1418 3388 Israel
1444 3335 1490 3398 ί,
1525 3343 1654 3388 etc:
1683 3331 1804 3387 Non
1851 3343 1934 3387 est
1965 3334 2026 3386 hi«

2150 3335 2416 3402 ἐζήλωκα
2441 3336 2639 3404 Κυρίῳ
2683 3335 3138 3403 παντοκράτορι,
3195 3334 3284 3387 ὅτι
3332 3333 3686 3404 ἐγκατέλιπον

477 3431 688 3501 petitio,
717 3429 810 3483 sed
855 3427 1209 3494 interrogatio
1235 3436 1288 3480 et
1327 3425 1634 3494 responsio,
1677 3435 1733 3479 et
1782 3425 2026 3479 interces‘

2151 3445 2225 3481 σε
2245 3429 2298 3481 οἱ
2319 3427 2435 3482 υἱοὶ
2468 3429 2727 3495 Ἰσραὴλ,
2761 3429 2855 3479 καὶ
2885 3425 3166 3492 ἐξῆς.’Καὶ
3193 3427 3295 3478 οὐκ
3319 3426 3464 3479 ἐστιν
3489 3421 3683 3477 ἐνταῦθα

479 3522 564 3576 sio
601 3521 705 3591 [vel
765 3516 1149 3588 interpellatio]
1193 3517 1251 3570 lit
1296 3532 1363 3571 ex
1396 3525 1652 3584 utquue.
1693 3514 1758 3570 Et
1807 3516 1948 3569 unde
1997 3515 2028 3568 ii

2153 3522 2358 3591 δέησις,
2389 3521 2504 3573 ἀλλ’
2523 3521 2790 3590 ἐρώτησις
2811 3522 2905 3574 καὶ
2937 3521 3228 3591 ἀπόκρισις
3250 3535 3267 3549 ·
3309 3521 3403 3574 καὶ
3426 3519 3599 3588 γέγονε
3639 3513 3685 3566 τὸ

480 3615 872 3671 manifestum?
903 3613 1130 3667 Paulum
1161 3613 1426 3667 dicentem
1454 3615 1578 3667 audi
1616 3629 1628 3663 :
1654 3614 1736 3666 Αη
1755 3613 1970 3666 nescitis
1995 3612 2029 3663 ia

2153 3613 2212 3676 ἐξ
2264 3614 2464 3682 ἀμφοῖν
2527 3613 2785 3677 ἔντευξις.
2845 3613 2954 3665 Καὶ
3021 3613 3185 3666 πόθεν
3245 3613 3437 3682 δῆλον;
3506 3610 3684 3664 Παύλου

482 3708 608 3761 Elia
636 3705 760 3776 quid
789 3706 916 3759 dicit
945 3704 1242 3772 Scriptura,
1272 3703 1716 3774 quemadmodum
1741 3703 2031 3773 interpella.

2152 3703 2399 3768 λέγοντος
2447 3703 2673 3756 ἄκουσον
2706 3719 2718 3732 ο
2781 3705 2901 3756 Οὐκ
2947 3704 3245 3773 ἀνέγνωτε
3295 3705 3367 3757 ἐν
3416 3704 3566 3766 Ἠλίᾳ
3623 3697 3685 3760 τῷ

480 3801 650 3854 Deum
675 3799 952 3852 adversum
991 3796 1160 3851 Israel
1203 3797 1254 3850 i?
1310 3796 1478 3868 Igitur
1529 3798 1748 3867 ὲντυχία
1802 3813 1910 3852 non
1970 3813 2028 3851 es

2151 3795 2424 3865 προφήτῃ
2456 3795 2509 3848 τί
2524 3795 2682 3864 λέγει
2703 3795 2740 3860 ἠ
2770 3795 2997 3864 γιραφτπ
3022 3797 3101 3860 ὡς
3124 3794 3474 3864 ἐντυγχάνει
3495 3792 3567 3857 τῷ
3590 3787 3685 3851 Θεῷ

477 3893 682 3964 δέησις.
731 3890 838 3945 Sed
903 3890 1018 3945 hmc
1065 3890 1506 3960 Chrysostomus.
1535 3889 1760 3960 Oportet
1800 3903 1928 3943 vero
1955 3889 2020 3943 ad

2154 3887 2302 3940 κατὰ
2341 3888 2448 3941 τοῦ
2499 3887 2759 3954 Ἰσραήλ.
2813 3887 3021 3939 υύκοῦν
3074 3889 3106 3956 ἡ
3160 3888 3410 3958 ἐντυχία
3471 3886 3561 3938 οὐκ
3594 3882 3685 3933 ἐστι

483 3987 592 4039 huc
631 3983 884 4038 subtilius
924 3982 1257 4037 differentias
1285 3983 1578 4048 [dictorum
1633 3983 1826 4053 5201»
1875 3985 2032 4037 nomi-

2155 3981 2383 4048 δέησις.
2430 3968 2798 4033 animum
2823 3980 2922 4049 μὲν
2949 3982 2977 4032 6
3020 3981 3426 4050 Χρυσόστομος.
3449 3980 3535 4031 Δεῖ
3559 3976 3595 4026 δ’
3612 3971 3684 4025 οὖν

484 4089 612 4128 num
642 4073 992 4144 perpendere,
1016 4082 1071 4127 et
1095 4072 1462 4134 considerare,
1487 4080 1545 4125 ut
1573 4087 1680 4125 non
1707 4073 1882 4127 solum
1919 4073 2033 4126 sati:

2154 4073 2233 4126 ἔτι
2273 4073 2776 4142 λεπτομερέστερον
2813 4073 2910 4134 τὰς
2951 4072 3214 4140 διαφορὰς
3264 4073 3375 4124 τῶν
3419 4067 3683 4140 εἰρημένων

484 4166 676 4220 idonea
717 4165 828 4220 sint
861 4180 982 4234 qua:
1029 4163 1172 4234 plebi
1227 4164 1515 4229 dicantur;
1575 4163 1666 4218 sed
1727 4172 1783 4218 et
1831 4178 2033 4222 eorum.

2155 4165 2432 4235 ὀνομάτων
2486 4164 2882 4232 διασκέψασθαι
2913 4165 3006 4215 καὶ
3038 4163 3430 4233 ὲπιθεωρῆσαι,
3472 4161 3598 4212 ὥστε
3628 4153 3684 4222 μὴ

482 4257 577 4327 qui
603 4273 697 4312 eas
723 4271 885 4312 voces
912 4256 1096 4310 volent
1123 4255 1304 4309 acrius
1350 4265 1626 4319 excutere,
1669 4255 2031 4325 reprehensio

2154 4257 2232 4327 τῷ
2257 4257 2449 4327 πλήθει
2485 4256 2642 4324 μόνον
2697 4256 2858 4308 ἱκανὰ
2884 4252 3022 4307 εἶναι
3048 4255 3323 4321 λέγεσθαι,
3343 4253 3476 4307 ἀλλὰ
3496 4251 3578 4303 καὶ
3596 4248 3683 4306 τοῖς

485 4362 609 4402 nem
648 4357 703 4402 et
723 4347 975 4418 iniuriam
1004 4346 1283 4417 effugiant.
1870 4365 1872 4367 ’

2153 4350 2451 4420 δεινότερον
2476 4347 2897 4412 διακωδωνίζειν
2917 4347 3089 4400 ταῦτα
3107 4347 3450 4417 βουλομένοις
3468 4342 3682 4399 ἀνάλωτα

2156 4443 2250 4496 καὶ
2279 4441 2662 4511 ἀνεπηρέαστα
2686 4441 2980 4510 διαμένειν.

485 4543 570 4600 Ex
589 4545 857 4622 oratione,
885 4547 1038 4622 quod‘
1074 4546 1277 4613 antiqui
1316 4553 1365 4596 et
1402 4546 1520 4622 novi
1554 4543 1870 4622 Testamenti
1915 4561 2034 4596 umu

2169 4556 2268 4617 Ἐκ
2309 4554 2415 4608 τοῦ
2467 4555 2675 4622 έὶόγου,
2721 4553 2810 4606 ὅτι
2849 4551 3110 4618 παλαιᾶς
3151 4553 3250 4605 καὶ
3276 4549 3486 4622 καινῆς
3502 4549 3545 4579 ⁹⁶
3584 4543 3684 4618 διας

555 4618 622 4669 sit
651 4616 937 4693 legislator,
956 4625 1002 4693 et
1017 4615 1074 4668 in
1102 4626 1262 4669 vestes
1276 4615 1602 4668 sacerdotum
1627 4613 1824 4686 (Exodi
1860 4617 2050 4684 xxvnt)

2223 4613 2413 4693 θήκης
2429 4620 2516 4689 εἷς
2540 4613 2962 4693 όννομοθὲτης·
3003 4613 3101 4674 κ(ιῖ
3137 4625 3225 4688 είς
3260 4624 3326 4675 τὸ
3356 4613 3571 4686 ἔνδυμα
3600 4613 3685 4665 τοῦ

549 4697 603 4740 et
640 4687 704 4738 de
730 4689 1050 4752 paenitentia.

2223 4687 2456 4763 ἱερέως-ο
2492 4687 2598 4746 ίκαὶ
2636 4687 2767 4760 περὶ
2797 4687 3135 4761 μετανοίας.

553 4782 642 4834 Ait
675 4781 872 4836 Paulus
903 4779 1064 4856 :Nou
1089 4782 1226 4834 enim
1250 4779 1493 4834 erubesco
1537 4779 1906 4850 Evangefium,
1955 4781 2050 4848 ju-

2225 4787 2346 4839 ’Ὀτι
2381 4787 2544 4854 φησὶν
2568 4786 2597 4838 6
2637 4783 2868 4847 Παῦλος,
2907 4784 2990 4836 Οὐ
3027 4783 3137 4851 γὰρ
3181 4781 3599 4850 ἐπαισχύνομαι
3635 4766 3687 4821 τὸ

485 4875 634 4928 stitia
665 4875 802 4928 enim
851 4873 948 4926 Dei
977 4873 1030 4927 in
1078 4889 1138 4927 eo
1178 4871 1440 4926 revelatur
1467 4870 1518 4927 ι.
1558 4871 1844 4937 Quomodo
1895 4873 2034 4942 igitu

2158 4877 2550 4947 Εὐαγγέλιον·
2587 4875 2939 4942 δικαιοσύνη
2970 4875 3079 4944 γὰρ
3114 4875 3263 4928 Θεοῦ
3299 4875 3368 4928 ἐν
3396 4867 3546 4932 αὐτῷ
3565 4865 3685 4956 ἀξιοῖ

481 4967 691 5036 iustitia
743 4967 835 5021 Dei
890 4968 946 5021 in
1007 4967 1099 5021 illo
1163 4967 1480 5021 revelatur?
1549 4968 1879 5036 quomodo?
1931 4982 2030 5021 cun

2158 4970 2543 5023 καλύπτεται.
2604 4968 2728 5031 Πῶς
2786 4967 2879 5020 οὖν
2920 4965 3239 5034 δικαιοσύνη
3289 4962 3422 5017 Θεοῦ
3474 4962 3528 5011 ὲν
3568 4953 3687 5015 αὐτῷ

486 5058 660 5125 prima
692 5058 776 5112 lex
805 5056 1006 5113 ludatis
1039 5057 1169 5112 solis
1197 5057 1324 5111 data
1369 5058 1459 5121 sit,
1498 5057 1625 5112 licet
1671 5057 1761 5111 alii
1807 5057 2035 5111 Itoni-ine:

2160 5059 2644 5127 ἀποκαλύπτεται;
2730 5059 2887 5126 stuic;
2952 5058 3142 5128 ἐπειδὴ
3192 5059 3221 5110 6
3284 5055 3490 5137 πρῶτος
3555 5045 3687 5137 νόμμος

485 5150 729 5218 ejusdem
764 5152 1092 5207 exsisterent
1139 5160 1344 5205 natura}
1385 5161 1440 5207 et
1495 5142 1744 5221 originis,
1818 5149 2034 5218 Evange

2173 5150 2448 5213 Ἰουδαίοις
2489 5151 2670 5220 μόνοις
2708 5151 2935 5215 ἐδέδοτο,
2989 5150 3082 5203 καὶ
3113 5149 3238 5221 [8l9
3273 5133 3339 5202 II.
3373 5146 3393 5220 ]
3423 5143 3524 5198 τῶν
3546 5133 3685 5221 ἄλλων

488 5242 620 5296 lium
651 5258 780 5298 vero
825 5243 1079 5298 omnibus
1130 5243 1408 5312 aequaliter
1447 5243 1730 5312 gentibus,
1774 5242 1966 5297 merito
2005 5243 2037 5295 i1

2161 5238 2466 5307 ἀνθρώπων
2489 5217 2593 5310 τῆς
2642 5240 2812 5311 αὐτῆς
2857 5217 3209 5311 ὑπαρχόντων
3251 5217 3584 5309 δημιουργίας
3611 5217 3685 5325 κξὶ

490 5335 584 5390 illo
613 5335 823 5404 iustitia
871 5334 964 5388 Dei
1024 5336 1311 5401 revelatur,
1342 5346 1395 5390 et
1423 5335 1650 5404 justitim
1703 5333 2039 5404 Evangeliun

2166 5330 2401 5399 φύσεως,
2445 5332 2508 5385 τὸ
2549 5333 2605 5385 δὲ
2655 5333 2989 5400 Εὑαγγέλιον
3048 5334 3215 5387 πᾶσιν
3275 5328 3540 5402 όμοτίμως
3597 5325 3685 5370 τοις

568 5489 588 5529 ί
617 5489 683 5544 Ill
704 5490 837 5563 Reg.
871 5491 1093 5555 XIX,10.
1130 5477 1154 5540 ἰ
1195 5491 1350 5544 Rom.
1374 5505 1450 5553 tu,
1485 5491 1536 5544 3.
1606 5491 1631 5529 ιι
1660 5489 1818 5544 Rom.
1853 5505 1889 5553 ι,
1925 5487 2010 5552 l6,
2047 5487 2138 5539 l7.

1746 5643 1978 5700 νΑιιιᾹῖ
2022 5641 2425 5698 LECTIONES.

597 5762 644 5798 ”
679 5764 1130 5834 συνεξανέστησεν
1157 5762 1220 5814 Α.
1289 5762 1330 5792 ⁵³³
1350 5760 1506 5830 ἡμῶν
1541 5762 1602 5814 Α.
1675 5759 1717 5790 ⁵⁵
1747 5757 1877 5810 αὐτὸ
1907 5757 2015 5811 imo
2045 5755 2225 5810 αὐτόν.
2293 5758 2359 5828 ,⁸⁸
2390 5756 2482 5810 καὶ
2517 5756 2704 5825 καινῆς
2728 5755 2854 5812 add.
2890 5754 2978 5819 A.,
3003 5753 3072 5809 al.
3101 5769 3213 5808 om.
