3912 6234
251 233 362 294 2‘73

1091 284 1093 286 .
1188 204 1234 308 θ’
1289 225 1824 286 BIBLIOTIIECA.
1862 251 1931 259 —-
1970 211 2134 286 con;
2165 225 2542 287 CCLxxvu.

3418 223 3526 286 2'74

251 343 572 414 ὁμοφυέσιν,
608 341 832 418 είκότως
879 339 939 391 ἐν
985 337 1136 408 αὐτῷ
1161 338 1477 410 δικαιοσύνη
1507 338 1642 392 Θεοῦ
1700 341 1836 392 ἀπο·

1967 348 2182 393 ocatur.
2237 341 2335 392 -ln
2391 339 2554 393 veteri
2619 339 2781 409 igitur
2841 337 3191 393 Testamento
3241 351 3347 390 non
3400 346 3522 390 erat

253 425 612 501 καλύπτεται,
651 435 745 487 καὶ
782 433 1028 486 καλεῖται
1081 427 1433 502 δικαιοσύνης
1478 431 1839 500 Εὑαγγὲλιον.

266 527 356 578 Ἐν
415 509 594 578 τοίνυν
640 521 707 594 τῇ
760 522 970 592 παλαιᾷ
1015 505 1250 593 διαθήκῃ
1299 521 1399 575 οὐκ
1452 517 1520 592 ἦν
1551 522 1584 590 ἡ
1648 520 1839 590 κλῆσις

250 618 438 671 δικαία
471 633 484 646 ³
524 617 588 670 οὐ
619 616 726 685 γὰρ
753 614 954 683 ὁμοίως
979 613 1189 680 πάντας
1220 612 1403 665 ἐκάλει
1437 613 1530 665 καὶ
1583 611 1838 679 ἐφώτιζε,

238 709 382 770 ’τοὺς
427 707 714 769 Ἰουδαίους
755 706 811 758 δὲ
859 705 1075 774 μόνους.
1107 705 1220 756 Οὐκ
1276 699 1345 774 ἧν
1371 702 1463 756 οὖν
1493 696 1679 756 δικαία
1724 701 1840 756 ἀλλ’

250 785 596 869 οἰκονομικὴ,
628 795 1234 867 προπαρασκευάζουσα
1258 794 1376 847 ὁδὸν
1406 796 1470 864 τῇ
1500 793 1846 863 δικαιοσύνῃ

256 893 336 944 Οὐ
393 891 540 959 λέγω
580 888 783 959 ταύτην
843 887 1058 940 δικαίαν
1109 886 1369 956 κάκείνην
1444 887 1664 953 ἄδικον,
1723 885 1841 939 ἀλλ’

255 981 479 1050 ἐκείνην
528 980 646 1032 ὁδὸν
695 979 897 1048 ταύτης
951 978 1046 1031 καὶ
1110 975 1565 1047 προκατασκευὴν
1617 975 1843 1046 ταύτης.

272 1073 694 1144 Ύπελάμϐανον
739 1073 787 1125 οἱ
836 1072 1082 1124 Ἰουδαῖοι
1138 1071 1219 1123 ὅτι
1278 1071 1374 1124 καὶ
1418 1069 1480 1123 τὸ
1515 1070 1845 1138 Εὐαγγέλιον

256 1165 450 1227 αὐτοῖς
481 1149 794 1234 δοθήσεται
849 1165 1029 1232 μόνοις
1052 1164 1120 1227 ⁵³⁷,
1169 1163 1359 1234 ὥσπερ
1407 1163 1502 1216 καὶ
1549 1163 1577 1213 6
1637 1164 1802 1232 νόμος
1832 1180 1846 1195 ·

255 1259 428 1328 ἐξέϐη
480 1258 535 1310 δὲ
571 1259 700 1328 παρ’
731 1257 1014 1326 ὲλπίδαςή
1073 1255 1389 1326 προσδοκία.
1419 1256 1510 1308 Διὸ
1557 1255 1652 1309 καὶ
1683 1256 1849 1308 Δαϐὶό

253 1349 436 1415 λέγει·
466 1341 895 1415 ⁵Υπελάϐομεν,
915 1350 947 1399 ό
969 1348 1135 1422 Θεὸς,
1153 1347 1220 1398 τὸ
1234 1345 1414 1412 ¹ἔλεός
1438 1363 1541 1399 σου
1564 1347 1636 1399 ἐν
1681 1346 1851 1422 μέσῳ

257 1441 372 1493 τοῦ
405 1439 562 1493 λαοῦ
589 1457 727 1505 σου,
750 1438 1075 1492 εἶτα·Κατὰ
1111 1437 1178 1490 τὸ
1211 1437 1399 1506 ὄνομα
1433 1428 1574 1504 σου,
1606 1438 1834 1504 ὀ-Θεὸς,

1945 431 2341 502 vocatiojusla,
2374 449 2479 484 non
2524 437 2670 486 enim
2713 431 2966 485 similiter
2987 446 3180 484 omnes
3217 429 3446 482 vocabat
3473 439 3527 482 et

1893 582 1895 586 ,
1944 524 2306 586 illuminabat,
2325 525 2415 578 sed
2451 523 2851 578 solosJutlaeos.
2889 521 3004 576 Non
3037 531 3155 576 erat
3178 521 3526 591 igiturjusta,

1945 615 2039 670 sed
2065 615 2397 683 dispensatio
2430 630 2742 682 praeparans
2767 613 3167 682 viamjustitiat.
3213 611 3334 666 Non
3407 613 3532 666 dico

1945 704 2087 761 hanc
2117 705 2347 774 justam,
2382 705 2526 758 illam
2579 721 2723 759 vero
2750 706 3030 774 injustam,
3084 705 3175 758 sed
3211 706 3355 758 illam
3388 707 3531 759 viam

1943 797 2111 866 hujus
2138 809 2191 850 et
2215 797 2689 867 praeparationem.
2723 795 2992 850 Putabant
3018 795 3188 850 Judaei
3238 796 3352 851 sibi
3383 795 3520 850 solis

1942 889 2104 944 etiam
2130 888 2476 958 Evangelium
2499 888 2682 943 datum
2711 888 2796 952 iri,
2817 887 3279 957 quemadmodum
3316 889 3488 955 legem
3515 884 3532 932 ἱ

1945 982 2040 1038 sed.
2069 983 2401 1050 exspectatio
2433 992 2626 1051 praeter
2670 995 2819 1050 spem
2840 981 3042 1036 evenit.
3066 980 3193 1035 Ideo
3216 979 3439 1034 etDavid
3454 979 3536 1034 di-

1929 1077 2024 1129 .cit
2060 1096 2074 1130 :
2104 1074 2463 1144 Suscepimus,
2489 1075 2731 1138 Domine,
2760 1073 3151 1128 misericordias
3172 1074 3226 1126 in
3252 1074 3421 1126 medio
3437 1088 3536 1141 po-

1952 1165 2066 1234 puli
2089 1166 2205 1218 tui:
2224 1164 2421 1219 deinde
2445 1182 2458 1218 :
2484 1162 2781 1218 Secundum
2810 1180 2997 1217 nomen
3016 1169 3184 1229 tuum,
3209 1164 3364 1227 Deus,
3389 1165 3466 1217 sic
3487 1173 3536 1217 et

1914 1320 1919 1326 π
1953 1256 2070 1309 laus
2099 1259 2222 1320 tua,
2248 1271 2356 1310 non
2386 1257 2561 1310 solum
2599 1258 2650 1310 in
2699 1256 2876 1310 medio
2903 1258 3084 1325 populi
3125 1257 3224 1319 tui,
3253 1257 3345 1310 sed
3375 1255 3538 1310 etiam

1953 1350 2008 1401 in
2031 1349 2160 1416 ﬁnes
2192 1359 2364 1411 τεῖναι,
2403 1359 2456 1404 et
2508 1358 2565 1402 ut
2593 1350 2846 1403 ostendat
2876 1350 3020 1416 quod
3069 1348 3310 1402 misereri
3350 1347 3539 1402 ﬁnium

1947 1431 2339 1510 terraejustitite
2361 1440 2638 1504 sit,addit:
2660 1438 2881 1492 Justitia
2892 1439 3045 1506 plena
3061 1448 3135 1491 est
3154 1439 3371 1492 dextera
3385 1436 3537 1490 ικαὶ.

232 1535 426 1587 -οΰτω
477 1534 578 1586 καὶ
622 1532 660 1598 ἡ
734 1531 972 1596 αῖνεσίς
998 1546 1136 1594 σου,
1202 1529 1322 1600 οὐχὶ
1353 1531 1412 1584 ἐν
1476 1531 1628 1600 μέσῳ
1671 1531 1765 1584 τοῦ
1798 1531 1924 1584 λαοῦ
1958 1549 2052 1585 σου
2109 1534 2288 1602 μόνον,
2318 1533 2432 1586 ἀλλ’
2486 1533 2587 1586 ἐπὶ
2628 1533 2700 1585 τὰ
2745 1533 2972 1600 πέρατα
3001 1532 3110 1601 τῆς
3139 1531 3269 1601 γῆς.
3317 1532 3427 1585 Καὶ
3454 1531 3543 1585 ἵνα

260 1629 416 1700 δείξῃ
445 1629 527 1682 ὅτι
553 1629 614 1680 τὸ
643 1628 862 1698 ἐλεῆσαι
919 1627 987 1681 τά
1015 1628 1228 1718 πέρατα
1269 1629 1370 1698 τῆς
1395 1630 1498 1700 γῆς
1535 1630 1880 1700 δικαιοσύνης
1914 1632 2082 1698 ἐστὶν,
2128 1633 2325 1700 ἐπάγει
2360 1649 2375 1664 ·
2409 1631 2808 1696 Δικαιοσύνης
2845 1629 3082 1698 πλήρης
3123 1631 3161 1695 ’ἡ
3197 1627 3365 1693 δεξιὰ
3403 1643 3544 1684 σου.

348 1723 405 1773 '0
428 1724 666 1789 Κύριος,
688 1722 871 1793 φησίν,
888 1723 934 1755 ’⁸
963 1723 1344 1797 ἐϐασίλευσε.
1371 1725 1515 1787 Πῶς,
1534 1723 1599 1801 'Q
1629 1727 1843 1794 Κύριος

2020 1727 2276 1781 Dominus
2340 1727 2597 1795 regnarit,
2648 1726 3232 1794 inquitm:Quomodo
3286 1723 3545 1778 Dominus

261 1817 714 1881 ἑϐασίλευσενς
769 1811 857 1885 ἆρ’
908 1816 984 1879 ὡς
1039 1817 1352 1884 πρόσφατον
1398 1817 1579 1870 λαϐὼν
1634 1819 1694 1871 τὸ
1756 1822 1854 1889 τῆς

265 1908 550 1977 βασιλείας
579 1891 828 1976 aetum;
869 1909 916 1960 εί
950 1907 1195 1979 μὲν-γὰρ’
1215 1902 1370 1960 εἶπεν
1415 1898 1477 1961 Ὃ
1507 1903 1722 1977 Κύριοςέ
1741 1912 1854 1975 βα-

266 2001 524 2059 σιλεύει,
548 1999 646 2070 τὴν
679 2000 849 2052 ἀΐδιον
889 1998 1054 2061 αὐτοῦ
1105 1999 1440 2070 ἡρμήνευενί
1466 2001 1511 2032 ⁰⁹
1562 2001 1812 2065 ἐξουσίαν
1838 2019 1852 2034 ο

271 2091 439 2144 εἰπὼν
467 2090 525 2142 δὲ
561 2090 929 2144 ἐϐασίλευσε
949 2090 1047 2160 τὴν
1081 2090 1170 2142 διὰ
1205 2090 1405 2160 σαρκὸς
1434 2075 1604 2144 ἀὐτοῦ
1653 2095 1857 2146 οἰκονο-

283 2171 408 2253 μίαν
437 2187 610 2251 λέγει,
644 2184 712 2238 δι’
755 2180 824 2256 ἦς
858 2187 888 2252 ἡ
916 2173 1094 2253 ’φύσις
1135 2183 1293 2253 ἡμῶν
1350 2179 1450 2261 τὴν
1477 2185 1858 2252 ,ἐπικράτειαν

279 2275 370 2327 τοῦ
397 2274 662 2339 διαϐόλου,
700 2275 801 2343 τῆς
834 2275 1128 2344 ἁμαρτίας,
1160 2273 1252 2328 τοῦ
1285 2267 1521 2329 θανάτου
1557 2277 1856 2329 ἀποσεισά-

279 2360 437 2436 αένη,
461 2368 683 2434 ἐπέγνω
719 2367 965 2436 πλάστην
994 2369 1083 2420 τὸν
1118 2369 1194 2432 ὡς
1230 2367 1448 2440 ἀληθῶς
1484 2367 1732 2437 βασιλέα,
1767 2369 1857 2422 τὸν

270 2463 508 2533 χορηγὸν
537 2465 636 2531 τῆς
681 2462 1011 2530 ἀφθαρσίας,
1040 2463 1138 2529 τῆς
1177 2463 1554 2524 ἀναστάσεως.
1612 2463 1857 2532 Εὐαγγέ-

268 2554 482 2617 λίζεται
514 2554 694 2605 τοίνυν
719 2554 746 2604 ὁ
776 2552 940 2606 Δαϐἰδ
983 2557 1093 2616 τοῖς
1123 2554 1224 2605 ὑπὸ
1267 2553 1368 2622 τῆς
1424 2551 1721 2622 ἁμαρτίας,
1757 2553 1887 2606 ὑπὸ.

255 2645 361 2719 ¹τοῦ
393 2646 655 2711 θανάτου,
690 2647 794 2698 ὑπὸ
822 2646 914 2699 τοῦ
935 2635 1177 2698 διαϐόλου
1207 2646 1373 2698 πάλαι
1398 2645 1860 2717 βασιλευομένοις,

268 2733 441 2812 [1553
469 2737 563 2810 IL]
594 2740 675 2791 ὅτι
705 2741 734 2791 6
754 2736 916 2805 ζυγὸς
947 2739 1144 2798 ἐνεῖνος
1177 2737 1588 2807 συντέτριπται,
1622 2739 1684 2790 τὸ
1723 2739 1861 2807 κρά-

263 2851 358 2896 τος
414 2832 661 2898 λέλυται,
709 2831 803 2883 καὶ
841 2829 1113 2899 βασιλεύει
1170 2828 1386 2883 πάντων
1434 2833 1466 2884 6
1498 2830 1723 2902 Κύριος.
1777 2831 1865 2892 Ὠς

266 2928 365 2979 καὶ
396 2913 563 2987 αὐτὸς
589 2924 728 2992 μετὰ
748 2922 846 2992 τὴν
871 2920 1164 2974 ἀνάστασιν
1188 2921 1312 2992 ἔφη·
1341 2917 1554 2991 Ἐδόθη
1572 2941 1672 2991 μοι
1688 2923 1864 2992 πᾶσα

268 3017 537 3080 ἐξουσία
575 3016 644 3067 ὲν
662 3012 895 3081 οὐρανῷ
915 3013 1013 3066 καὶ
1033 3014 1129 3065 ἐπὶ
1163 3006 1296 3082 γῆς.
1318 3015 1452 3082 Πρὶν
1475 3015 1529 3066 δὲ
1549 3015 1864 3067 ἐϐασίλευεν

1957 1822 2191 1890 regnavit
2214 1822 2239 1874 ?
2256 1836 2324 1874 an
2349 1821 2509 1891 quasi
2541 1835 2736 1873 novam
2759 1820 2980 1887 capiens
3004 1818 3325 1886 dignitatem
3358 1818 3547 1888 regni?

1958 1929 2086 1979 nam
2148 1914 2194 1968 si
2267 1914 2560 1975 dixisset,
2637 1913 2891 1965 Dominus
2979 1920 3202 1982 regnat,
3285 1922 3542 1966 aeternam

1962 2005 2170 2058 Domini
2211 1992 2534 2073 potestatem
2589 2004 2960 2058 ostendisset:
2994 2004 3180 2057 dicens
3235 2017 3407 2056 vero:
3462 2019 3546 2056 re-

1959 2098 2163 2171 gnavit,
2193 2097 2660 2166 dispensationem
2692 2111 2788 2166 per
2818 2101 3039 2150 carnem
3066 2096 3219 2158 dicit,
3252 2111 3347 2164 per
3379 2111 3542 2165 aliam

1961 2197 2154 2244 natura
2185 2197 2371 2244 nostra
2391 2187 2524 2257 jugo
2549 2189 2772 2252 diaboli,
2807 2187 3030 2256 peccati,
3056 2187 3251 2242 mortis
3284 2202 3542 2248 excusso,

1958 2272 2261 2354 creatorem
2314 2281 2593 2350 cognovit,
2648 2290 2706 2334 ut
2742 2295 2932 2333 verum
2983 2295 3186 2348 regem,
3223 2278 3544 2348 largitorem

1967 2371 2414 2440 incorruptionis,
2452 2371 2896 2425 resurrectionis.
2939 2368 3200 2423 Nuntium
3236 2369 3410 2447 igitur
3455 2368 3544 2421 la:-

1963 2474 2076 2517 tum
2117 2462 2272 2516 θίγοι-ι
2316 2461 2484 2516 David
2525 2461 2592 2515 iis
2619 2504 2634 2527 ,
2685 2461 2779 2531 qui
2827 2476 2856 2513 a
2905 2470 3152 2530 peccato,
3204 2467 3398 2523 morte,
3424 2458 3543 2512 dia-

1961 2556 2085 2609 bolo
2112 2555 2241 2607 olim
2274 2555 2626 2623 regebantur,
2665 2552 2810 2620 quod
2830 2551 3020 2622 jugum
3054 2552 3190 2604 illud
3223 2552 3543 2612 contritum,

1963 2651 2249 2718 imperium
2277 2648 2517 2702 solutum
2551 2647 2639 2711 sit,
2671 2654 2726 2700 et
2762 2646 3019 2698 omnibus
3070 2644 3330 2697 Dominus
3368 2641 3544 2695 domi-

1965 2748 2147 2800 netur,
2179 2747 2238 2789 ut
2269 2723 2409 2804 ipse,
2435 2747 2656 2804 quoque
2700 2741 2822 2802 post
2868 2731 3324 2784 resurrectionem
3365 2727 3504 2780 dixit
3531 2744 3544 2780 :

1963 2825 2102 2878 Data
2135 2835 2208 2877 est
2242 2810 2372 2876 mihi
2402 2823 2571 2876 euntis
2619 2827 2853 2890 potestas
2894 2821 2948 2871 in
2997 2819 3124 2871 ειείο
3156 2827 3201 2869 et
3241 2818 3308 2874 ,in
3347 2823 3545 2880 terra",

1965 2913 2117 2981 prius
2142 2927 2272 2965 vero
2301 2899 2580 2963 dominata
2619 2918 2702 2963 est
2727 2908 2886 2962 nobis
2911 2922 3056 2961 mors
3087 2905 3306 2975 521a,
3338 2913 3392 2957 et
3414 2899 3539 2971 pec-

1969 3014 2173 3059 catum.
2228 3003 2484 3071 Regnavit
2535 3002 2679 3054 enim
2748 3015 2889 3052 mors
2946 2997 3012 3050 ab
3057 2998 3229 3049 Adam
3275 3011 3438 3064 usque
3478 2994 3548 3046 ad

271 3106 455 3177 ἡμῶν
474 3108 502 3158 6
544 3104 768 3166 θάνατος
798 3103 898 3156 ’καὶ
926 3105 959 3172 ἡ
989 3103 1232 3172 ἁμαρτία
1253 3106 1657 3157 ’ἐϐασίλευσε
1686 3107 1794 3177 γὰρ
1813 3110 1857 3158 μό

1967 3094 2235 3164 Μομεειιο,
2261 3103 2317 3146 et
2347 3103 2561 3146 caetera.
2593 3091 2657 3143 Et
2687 3090 2951 3144 Dominus
2976 3089 3043 3142 de
3066 3087 3285 3140 diabolo
3314 3103 3330 3142 :
3359 3085 3419 3139 Si
3448 3083 3551 3138 Sa-

271 3197 541 3260 θὰνατος
560 3195 679 3248 ἀπὸ
723 3185 905 3261 Ἀδὰμ
926 3194 1104 3261 μέχρι
1131 3193 1428 3258 Μωῦσέως
1471 3195 1564 3246 καὶ
1599 3193 1744 3263 ἑξῆς,
1783 3194 1861 3246 κα¹

1981 3197 2134 3241 tonas
2183 3186 2447 3240 Satanam
2483 3184 2685 3252 ejiciat,
2724 3183 2950 3234 divisum
2999 3189 3076 3233 est
3125 3195 3342 3248 regnum
3382 3178 3549 3247 ejusl’.

270 3289 298 3340 6
328 3288 532 3355 Σωτὴρ
561 3304 629 3338 πε
641 3286 691 3356 pi
717 3285 810 3338 τοῦ
841 3285 1122 3348 διαϐόλουέ
1163 3284 1272 3339 Καὶ
1300 3287 1349 3338 εὶ
1374 3278 1419 3338 ὅ
1438 3284 1711 3350 Σατανᾶς
1769 3286 1861 3338 τὸν

1977 3277 2162 3347 Itaque
2193 3279 2437 3345 regnavit
2466 3284 2593 3328 ante
2637 3273 2926 3327 adventum
2969 3269 3165 3324 Citriin
3193 3284 3353 3335 super
3383 3281 3555 3336 genus

273 3375 565 3432 Σατανᾶν
593 3375 895 3437 ἐκϐάλλει,
942 3374 1230 3443 ἐμερίσθη
1263 3375 1302 3441 ἡ
1331 3374 1622 3437 βασιλεία
1665 3374 1872 3427 αὑτοῦ.

188 3495 190 3498 ·
277 3470 452 3521 Ὥστε
502 3466 784 3518 ἐϐασίλευε
815 3465 833 3496 ‘
868 3466 972 3535 πρὸ
1000 3467 1099 3534 τῆς
1150 3456 1450 3540 ἐπιδημίας
1488 3465 1582 3517 τοῦ
1638 3467 1875 3533 Χριστοῦ

273 3561 376 3615 τοῦ
414 3561 609 3628 γένους
642 3561 802 3629 ἡμῶν
830 3561 866 3610 ’ὁ
893 3559 1158 3625 Σατανᾶς.
1208 3558 1367 3610 Ἀλλὰ
1400 3559 1494 3610 καὶ
1517 3560 1559 3631 ’ἠ
1607 3559 1870 3628 ἁμαρτία.

277 3657 451 3722 Λέγει
477 3641 592 3722 γὰρ
625 3652 788 3725 πάλιν
836 3653 865 3704 6
899 3653 920 3683 ¹
955 3651 1185 3714 Παῦλος·
1240 3653 1465 3718 Ὥσπερ
1500 3651 1608 3718 γὰρ
1668 3652 1871 3704 ἐϐασί-

274 3751 515 3799 λευσεν
565 3745 605 3811 ἡ
655 3743 910 3811 ἁμαρτία
942 3742 1011 3795 ἐν
1039 3742 1121 3808 τῷ
1149 3741 1344 3809 θνητῷ
1402 3743 1572 3810 ἡμῶν
1598 3741 1872 3814 ξσώματι,

276 3838 442 3890 οὕτω
491 3835 592 3887 καὶ
642 3836 680 3903 ἡ
718 3833 891 3903 χάρις
932 3835 1297 3898 βασιλεύσει
1339 3832 1437 3886 διὰ
1480 3833 1760 3902 Χριστοῦ.
1815 3834 1874 3886 '0

279 3929 496 3999 Κύριος
575 3927 913 3979 ἐϐασίλευσε·
986 3926 1264 3978 πέπαυται
1327 3926 1427 3994 τῆς
1479 3925 1757 3996 ἁμαρτίας
1811 3925 1875 3978 τὸ

1979 3370 2277 3422 humanum
2310 3365 2580 3427 diabolus,
2610 3365 2727 3417 imo
2776 3371 2830 3416 et
2863 3370 3169 3430 peccatum.
3223 3358 3362 3412 Dicit
3407 3358 3553 3411 enim

1980 3461 2174 3514 iterum
2239 3457 2443 3512 Paulus
2480 3473 2494 3509 :
2524 3455 2974 3521 Quemadmodum
3025 3452 3256 3519 regnavit
3283 3459 3552 3518 peccatum

1978 3556 2031 3605 in
2059 3551 2272 3605 mortali
2306 3562 2484 3604 nostro
2523 3563 2757 3616 corpore,
2793 3549 2870 3600 sic
2903 3556 2951 3600 et
2980 3547 3153 3615 gratia
3199 3543 3437 3613 regnabit
3466 3557 3559 3610 per

1978 3646 2249 3700 Clu-istum
2289 3655 2336 3696 (ι.
2371 3644 2621 3696 Dominus
2663 3646 2898 3712 regnavit
2945 3633 3118 3710 (linita
3167 3646 3250 3689 est
3334 3636 3556 3688 victoria

1977 3738 2199 3801 diaboli,
2241 3737 2467 3806 peccati,
2509 3748 2564 3790 et
2617 3723 2850 3803 mortis),
2884 3733 3104 3786 exsultet
3131 3730 3298 3798 igitur
3339 3736 3555 3780 terrar:

1989 3840 2184 3882 natura
2214 3819 2506 3897 terrigena,
2537 3827 2668 3880 olim
2703 3837 2916 3886 errans,
2953 3834 3096 3874 nunc
3128 3833 3254 3871 vero
3295 3817 3558 3885 gloriosa,

1913 3985 1915 3987 1
1975 3925 2104 3978 olim
2135 3925 2186 3976 iu
2219 3925 2505 3993 sepulcris,
2539 3939 2684 3977 nune
2709 3923 2763 3976 in
2795 3924 3027 3977 tbronis.

276 3996 514 4088 κράτος,
542 4021 638 4072 τοῦ
674 4021 937 4081 θανάτου,
961 4019 1054 4073 τοῦ
1083 4020 1353 4073 διαϐόλου.
1397 4015 1632 4075 Οὐκοῦν·
1678 4022 2091 4089 Ἀγαλλιάσθω
2128 4023 2166 4089 ἡ
2207 4020 2326 4088 -γῆ,
2383 4021 2416 4090 ἡ
2467 4020 2628 4089 φύσις
2688 4022 2722 4090 ή
2779 4007 3051 4090 γηγενὴς,
3078 4021 3113 4090 ἡ
3169 3996 3313 4071 ποτὲ.
3349 4015 3562 4070 πλανω·

278 4121 452 4190 μένη,
495 4116 593 4169 νῦν
657 4115 717 4169 δὲ
763 4117 1116 4186 δοξαζομένη,
1174 4119 1207 4187 ἡ
1259 4111 1392 4169 ποτὲ
1442 4117 1500 4168 ὲν
1533 4116 1747 4184 τάφοις,
1781 4115 1876 4171 νῦν
1908 4116 2010 4188 Ιδὲ]
2041 4118 2100 4170 ἐν
2139 4117 2368 4187 θρόνοις.

353 4211 484 4262 ὐτι
521 4208 710 4279 φησὶν,
751 4209 1067 4278 οἰκονομίας
1093 4205 1162 4279 ἦν
1186 4210 1255 4262 τὰ
1306 4208 1536 4262 πλεῖστα
1561 4210 1670 4262 τῶν
1706 4212 1765 4262 ἐν
1803 4212 1872 4280 τῇ

274 4305 496 4373 παλαιᾷ
519 4345 534 4368 ,
560 4302 679 4355 ἀλλ’
711 4303 813 4355 οὐκ
838 4303 1131 4372 ἀρεσκείας
1160 4302 1296 4354 Θεοῦ
1325 4303 1418 4356 καὶ
1449 4301 1876 4373 προηγουμένης

275 4394 563 4460 εὐδοκίας,
623 4393 719 4446 καὶ
747 4393 906 4446 τύποι
936 4393 1048 4447 τῶν
1081 4392 1388 4462 μελλόντων
1420 4394 1518 4446 καὶ
1549 4395 1721 4470 σκιαὶ
1759 4394 1876 4447 ἀλλ’

273 4488 382 4540 οὐκ
416 4487 560 4539 αὐτὰ
605 4473 680 4539 τά
726 4472 1046 4556 πράγματα.
1092 4485 1202 4538 Καὶ
1228 4483 1376 4538 ἔστιν
1416 4485 1544 4538 ἰδεῖν
1573 4487 1660 4538 ἐπ’
1691 4487 1874 4541 αὐτῶν

275 4579 430 4632 ἄλλα
465 4577 568 4647 μὲν
600 4579 667 4630 τὰ
699 4560 1152 4648 sinuamine.
1181 4576 1239 4629 δὲ
1271 4575 1340 4629 τὰ
1369 4579 1639 4647 νοήματα.
1659 4572 1787 4631 Οίον
1811 4567 1871 4630 te

278 4673 512 4736 πάντως
538 4671 672 4733 Θεὸς
699 4671 1041 4724 ἀναπαύεται
1073 4671 1313 4740 ὑακίνθῳ
1342 4669 1472 4741 [850
1496 4668 1590 4740 ΙΙ.]
1622 4670 1719 4741 καί
1741 4687 1874 4739 πορ-

277 4765 445 4834 φύρα
492 4764 592 4815 καὶ
628 4763 820 4833 κὸκμῳ
864 4764 957 4815 καὶ
994 4762 1175 4832 βύσσῳ
1210 4764 1364 4832 (Θεὸς
1393 4762 1503 4833 γὰρ
1547 4761 1736 4832 ψυχῶν
1774 4762 1879 4815 ἁπ-

284 4858 440 4908 αιτεῖ
466 4855 840 4924 καθαρότητα,
871 4857 932 4908 οὐ
966 4857 1235 4925 σωμάτων
1265 4855 1402 4925 ἄνθη
1436 4857 1529 4908 καὶ
1554 4855 1875 4925 λαμπρότη-

280 4964 389 5010 τας
407 4947 474 5016 ³),
513 4946 712 5000 ἀλλ’ὲν
763 4950 885 5009 ταῖς
933 4951 1271 5017 σωματικαῖς
1299 4947 1617 5018 φαιδρότησι
1665 4948 1766 5017 τὴν
1805 4949 1882 5002 εἰ-

284 5039 426 5090 κόνα
463 5037 573 5091 τῶν
602 5039 815 5108 ἀρετῶν
851 5041 1166 5111 διαγράφει.
1223 5040 1286 5091 Εἰ
1333 5040 1443 5110 γὰρ
1487 5043 1607 5102 ταῖς
1668 5040 1883 5104 στολαῖς

285 5131 534 5191 ἐκείναις
564 5131 641 5194 ὡς
663 5131 880 5201 ἀληθῶς
912 5132 1236 5191 ἀνεπαύετο.
1259 5131 1378 5194 πῶς
1397 5131 1488 5184 τὸν
1508 5131 1752 5200 Μωῡσῆν
1777 5131 1886 5200 πρὸ

1906 4531 1953 4586 D

1991 4259 1995 4262 _
2055 4209 2490 4280 Dispensationis
2513 4219 2670 4264 erant
2685 4210 2825 4279 pluri
2835 4225 2918 4263 ma
2935 4212 2988 4262 in
3003 4208 3170 4262 veteri
3187 4207 3560 4260 Testamento-

1983 4318 2091 4357 non
2123 4290 2305 4356 autem
2337 4303 2472 4357 satis
2519 4301 2631 4356 Deo
2667 4303 2975 4372 placebant,
3024 4315 3207 4354 rerum
3243 4298 3557 4352 futurarum

1983 4396 2193 4465 ﬁgura,
2220 4394 2534 4459 etumbrae,
2569 4395 2662 4448 sed
2699 4409 2805 4448 non
2838 4409 2924 4448 res
2974 4394 3122 4462 ipsa),
3155 4402 3209 4446 et
3261 4401 3345 4444 est
3377 4388 3564 4442 videre

1983 4487 2038 4540 in
2077 4487 2186 4540 illis
2220 4487 2355 4540 alias
2395 4486 2617 4556 quidem
2674 4488 2896 4556 liguras,
2931 4485 3066 4538 alias
3115 4499 3245 4537 vero
3296 4481 3564 4535 notiones.

1983 4579 2165 4633 Veluti
2206 4594 2313 4632 non
2345 4579 2573 4633 omnino
2616 4578 2836 4648 placent
2880 4575 2990 4631 Deo
3035 4575 3387 4646 hyacinthus,
3435 4587 3568 4640 pur-

1985 4687 2140 4741 pura,
2170 4681 2224 4726 et
2249 4686 2469 4737 corcus,
2507 4679 2561 4725 et
2596 4671 2794 4741 byssus
2824 4668 2990 4738 (Deus
3020 4670 3165 4722 enim
3191 4663 3564 4736 requiritani-

1987 4778 2198 4818 marum
2226 4764 2540 4834 puritatem,
2569 4781 2676 4818 non
2702 4764 2943 4832 corporis
2960 4762 3144 4816 ﬂorent
3171 4771 3265 4815 aut
3286 4761 3562 4828 nitorem).

1988 4857 2093 4911 Sed
2122 4871 2387 4927 corporea
2421 4857 2690 4925 elegantia
2732 4857 3022 4927 imaginem
3064 4856 3327 4908 virtutum
3374 4849 3566 4920 depin—

1987 4949 2085 5019 git.
2122 4948 2178 5003 Si
2211 4951 2356 5005 enim
2386 4965 2511 5004 vere
2539 4950 2692 5004 stolis
2718 4950 2825 5004 illis
2857 4949 3263 5018 acquiesccbat,
3289 4940 3566 5014 quomodo

1990 5040 2174 5097 Mosen
2230 5053 2358 5097 ante
2388 5043 2568 5097 Aaron
2605 5059 2711 5096 non
2770 5041 2969 5105 induit,
3019 5041 3113 5095 sed
3146 5055 3252 5108 qua
3306 5037 3422 5105 ipse
3453 5048 3562 5086 non

1991 5132 2342 5197 vestiebatur,
2381 5131 2528 5185 illam
2559 5131 2937 5185 sacerdotibus
2966 5126 3260 5184 attribuit?
3290 5123 3357 5177 Et
3386 5121 3565 5176 Moses

290 5222 392 5275 τοῦ
435 5223 649 5292 Ἀαρὼν
676 5225 780 5277 οὑκ
805 5225 1076 5291 ἐνέδυσεν,
1095 5224 1210 5278 ἀλλ’
1241 5226 1307 5296 ἣν
1337 5226 1546 5286 ἐκεῖνος
1573 5224 1684 5277 σῦκ’
1703 5223 1855 5276 ὲνεδύ

1971 5225 2216 5299 quidem
2267 5242 2410 5296 aqua
2491 5226 2710 5281 ablutus
2755 5241 2864 5279 non
2910 5233 3014 5287 est,
3065 5220 3160 5275 sed
3198 5215 3350 5270 lavit.
3388 5212 3562 5279 Quam

374 5337 395 5377 ι
425 5339 569 5394 Psal.
604 5357 771 5407 XLVII,
806 5341 996 5403 10,“.

1072 5354 1111 5382 ω
1141 5340 1286 5395 Psal.
1312 5355 1461 5408 nux,
1492 5342 1721 5412 i;xcv1,
1755 5341 1781 5394 1

294 5416 322 5457 'l
359 5408 523 5464 Rom.
562 5428 613 5478 ν,
658 5412 752 5466 21.

838 5422 860 5449 ι’
898 5411 1045 5467 l’sal.
1086 5428 1229 5478 acvu,
1263 5412 1318 5466 1.

1882 5351 1908 5380 η
1941 5342 2132 5428 Matth.
2162 5360 2352 5412 xxviii,
2388 5342 2473 5398 i8.

2562 5359 2583 5380 ο
2611 5341 2769 5397 Rom.
2801 5358 2854 5408 ν,
2887 5341 2972 5395 Η.
3049 5349 3076 5388 P
3109 5334 3301 5390 Matth.
3335 5344 3438 5396 xu,
3470 5328 3561 5382 26.

1638 5531 1872 5586 VARl/E
1913 5527 2319 5586 LECTIONES.

365 5617 412 5652 "
454 5618 661 5694 μόνοις]
687 5623 780 5675 καὶ
805 5621 984 5694 μόνοις
1018 5625 1082 5678 Α.
1125 5626 1172 5659 ’⁸
1198 5628 1365 5697 φησίν
1394 5644 1506 5684 om.
1540 5632 1606 5682 Λ.
1649 5629 1692 5660 99
1725 5627 2070 5697 ἡρμήνευσεν
2103 5645 2162 5691 ς.
2208 5629 2222 5658 ¹
2257 5625 2573 5680 ἐϐασίλευσε
2604 5641 2666 5689 ς.
2708 5622 2729 5654 ³
2755 5618 2925 5674 6add.
2956 5618 3018 5671 A.
3063 5617 3083 5648 ³
3111 5616 3470 5686 Ααμπρϐτητα
3496 5618 3562 5666 Λ.
