3912 6234
395 261 500 325 275

1559 275 1837 344 ΙΡΗΟΤΙΙ
1867 284 2371 347 ΡΑΤΒΙΑΒΕΗίΈ
2403 288 2513 349 CP.

3542 295 3654 360 276

293 381 301 390 ‘
395 375 470 430 ob
523 389 670 431 rem.
712 384 773 432 ut
795 378 998 446 discas,
1029 397 1141 438 non
1193 384 1309 442 haec
1358 386 1468 444 Deo
1502 392 1715 460 potiora
1745 410 1888 460 esse,
1924 405 1967 451 et

2083 415 2238 464 σατο,
2262 398 2464 470 ταύτην
2495 399 2622 463 τοὺς
2651 398 2833 470 ῐερέας
2851 399 3095 472 ἠμφίασε
3116 417 3132 468 ;
3154 401 3250 457 καὶ
3277 401 3518 475 Μωῦσῆς
3546 406 3652 474 μὲν

383 465 639 536 perfecto
666 469 733 524 ad
760 471 846 526 sui
875 482 1126 528 ornatum
1167 476 1422 535 sufﬁcere
1459 481 1738 551 virtutem,
1773 496 1826 542 et
1856 488 1973 543 haec

397 556 570 616 fuisse
614 570 798 632 typum
839 565 1074 632 virtutis,
1101 583 1211 623 non
1249 570 1424 640 ipsam
1457 575 1733 632 virtutem.

472 816 529 870 ln
559 818 753 886 capite,
784 820 983 890 inquit,
1033 821 1242 880 ferebat
1293 830 1533 897 pontifex
1580 834 1797 901 tiaram,
1843 840 1971 907 quia

394 918 558 977 caput
599 911 858 966 omnibus
885 913 1225 984 designatum
1260 924 1510 989 oportuit
1557 927 1734 994 capite
1768 929 1968 984 habere

395 1009 744 1071 potestatem,
778 1011 832 1056 et
858 1004 1021 1071 scire,
1068 1010 1212 1076 quod
1263 1021 1478 1068 creatus
1507 1021 1668 1086 caput
1709 1019 1968 1088 aliorum,

391 1101 450 1146 et
477 1092 593 1162 ipse
619 1093 724 1148 sub
750 1095 930 1164 capite
962 1097 1032 1151 sit
1058 1103 1335 1156 communi
1372 1107 1617 1161 omnium
1659 1107 1892 1167 Domino
1917 1121 1971 1168 et

380 1181 662 1252 principe.
687 1184 952 1242 Absoluta
985 1189 1130 1242 enim
1163 1194 1492 1265 auctoritas;
1521 1213 1622 1253 nec
1647 1201 1970 1272 cujusquam

393 1275 642 1345 subjecta
676 1278 928 1348 imperio,
967 1282 1323 1342 intolerabilis
1353 1297 1438 1342 est
1471 1299 1525 1344 et
1547 1290 1802 1350 diliicilis.
1850 1295 2003 1351 Ideo.

392 1368 449 1422 in
493 1369 610 1439 lege
641 1372 848 1441 gratiae,
882 1374 974 1442 qui
1018 1377 1303 1443 pontiﬁces
1331 1383 1552 1437 maximi
1608 1396 1756 1450 sunt,
1790 1387 1969 1442 Evan-

393 1460 595 1529 gelium
660 1464 716 1516 in
765 1465 940 1533 capite
984 1469 1285 1538 recipiunt,
1313 1482 1370 1526 ut
1412 1474 1634 1538 .electus
1688 1477 1967 1550 intelligat,

393 1553 540 1623 quod
575 1571 754 1611 veram
810 1557 1087 1631 Evangelii
1129 1564 1320 1618 tiaram
1367 1569 1622 1638 accipiat,
1663 1580 1716 1625 et
1756 1576 1968 1628 tametsi

393 1643 623 1700 aliorum
682 1659 846 1718 caput
886 1653 1274 1720 constituatur,
1324 1657 1534 1728 legibus
1565 1671 1744 1717 tamen
1779 1665 1967 1720 iisdem

2075 490 2175 543 οὐκ
2200 489 2430 560 ὲλούσθη
2455 489 2628 557 ὕδατι,
2660 490 2756 544 καὶ
2792 491 2965 545 ἔλουε.
2997 492 3098 546 Διὰ
3129 495 3217 560 τί;
3250 493 3336 548 ἵνα
3364 495 3543 567 μάθῃς
3563 497 3649 548 ὅτι

2071 580 2173 634 ούκ
2203 575 2270 651 ἦν
2292 578 2466 633 ταῦτα
2495 577 2884 652 προηγούμενα
2929 582 3006 651 τῷ
3050 582 3189 654 Θεῷ,
3224 584 3304 637 ὅτι
3347 585 3426 656 τῷ
3457 585 3650 656 τελείῳ

2073 672 2209 743 πρὸς
2233 672 2438 741 κόσμον
2468 673 2630 741 ἀρκεῖ
2654 673 2686 742 ἡ
2719 672 2907 745 ἀρετὴ,
2935 673 3033 726 καὶ
3063 675 3144 728 ὅτι
3174 675 3346 730 ταῦτα
3371 678 3544 742 τύπος
3579 674 3652 750 ῆν

2071 762 2168 832 τῆς
2198 761 2420 833 ἀρετῆς,
2453 761 2567 814 ἀλλ’
2595 761 2696 815 οὐκ
2721 764 2912 832 ἀρετή.

2145 876 2267 929 Ὅτι
2300 878 2394 929 ἐπὶ
2420 877 2522 946 τῆς
2548 878 2792 948 κεφαλῆς
2813 917 2828 942 ,
2857 878 3042 949 φησὶν,
3071 879 3267 951 ἔφερεν
3295 883 3323 934 6
3353 882 3649 954 ἀρχιερεὺς

2070 988 2286 1059 τιάραν,
2313 988 2446 1042 διότι
2477 989 2568 1042 τὸν
2597 990 3077 1062 προχειριζόμενον
3125 993 3380 1047 ἁπάντων
3403 997 3649 1068 κεφαλὴν

2072 1080 2214 1134 κατὰ
2244 1079 2343 1148 τῆς
2363 1080 2386 1111 δ
2421 1081 2664 1150 κεφαλῆς
2693 1083 2836 1153 ἔχειν
2863 1084 2961 1153 τὴν
2997 1083 3248 1150 ἐξουσίαν
3283 1087 3409 1154 ἔδει,
3442 1089 3538 1153 καὶ
3577 1092 3648 1142 εί-

2070 1172 2219 1225 δέναι
2244 1173 2326 1226 ὅτι
2359 1174 2600 1244 κεφαλὴν
2621 1175 2732 1229 τῶν
2761 1175 2937 1230 ἄλλων
2961 1177 3400 1249 προόαλλόμενος
3427 1183 3522 1235 καὶ
3545 1182 3646 1233 αύ-

2072 1265 2163 1328 τὸς
2189 1266 2295 1318 ὑπὸ
2321 1267 2560 1336 κεφαλήν
2590 1269 2706 1321 ἐστι
2739 1268 2834 1322 τὸν
2872 1270 3053 1324 κοινὸν
3085 1271 3339 1325 ἁπάντων
3370 1273 3651 1343 Δεσπότην

2073 1357 2171 1410 καὶ
2231 1356 2581 1431 ἐξουσιαστήν
2608 1376 2621 1390 ·
2653 1360 3029 1432 ἀπολελυμένη
3080 1363 3189 1433 γὰρ
3229 1362 3511 1418 αὐθέντεια
3550 1367 3651 1419 καὶ

2071 1452 2376 1520 αὐτόνομος
2405 1452 2681 1524 άφόρητός
2709 1457 2826 1508 ἐστι
2850 1455 2944 1508 καὶ
2971 1456 3203 1527 χαλεπή.
3240 1456 3338 1510 Διὰ
3365 1456 3524 1510 τοῦτο
3551 1457 3650 1511 καὶ

2072 1545 2131 1595 ὲν
2156 1547 2222 1615 τῇ
2247 1544 2429 1615 χάριτι
2459 1547 2509 1598 οἱ
2539 1547 2953 1618 ἁρχιερατεύειν
2979 1548 3290 1618 τελούμενοι
3310 1548 3370 1601 τὸ
3395 1549 3648 1617 Εὐαγγέ-

2074 1634 2186 1686 λιον
2240 1634 2334 1686 ἐπὶ
2362 1635 2606 1705 κεφαλῆς
2634 1636 2900 1707 δέχονται,
2945 1638 3031 1692 ἵνα
3070 1638 3217 1711 μάθῃ
3248 1641 3275 1692 6
3303 1639 3648 1710 χειροτονού-

394 1732 736 1802 subjiciatur,
770 1747 822 1793 et
854 1737 976 1792 aliis
1002 1740 1284 1808 imperanti
1320 1745 1400 1799 lex
1429 1747 1676 1816 imperet.
1705 1751 1808 1807 Sed
1834 1755 1967 1809 tiara

2077 1742 2238 1796 μενος
2261 1728 2344 1781 ὃτι
2367 1730 2465 1799 τὴν
2496 1729 2756 1800 ἀληθινὴν
2783 1730 2877 1783 τοῦ
2910 1731 3242 1800 Εὐαγγελίου
3284 1733 3478 1803 τιάραν
3506 1732 3651 1803 λαμ-

390 1834 714 1892 pmestatem
766 1827 1105 1898 designabat,
1139 1849 1302 1903 quam
1338 1838 1454 1907 ipse
1483 1839 1537 1894 in
1586 1844 1842 1912 populum
1872 1847 1971 1901 ha-

390 1916 574 1980 bebat,
600 1927 651 1973 et
680 1935 786 1988 qua
821 1921 911 1977 ille
952 1923 1061 1979 Deo
1099 1929 1404 1986 tenebatur.
1441 1933 1621 1989 Aurea
1657 1953 1784 1992 vero
1817 1940 1972 1997 brac-

392 2015 500 2070 tea,
553 2009 605 2062 in
633 2025 742 2080 qua
775 2011 868 2066 Dei
922 2029 1118 2072 nomen
1156 2031 1438 2077 exaratum
1489 2035 1628 2086 erat,
1677 2028 1870 2100 5211)
1913 2033 1968 2086 in

389 2111 609 2168 pectore
636 2113 774 2170 erat,
806 2108 1105 2164 custodiam
1125 2111 1417 2183 designans
1440 2120 1826 2188 cogitationum
1850 2141 1971 2181 cor-

391 2189 500 2254 dis,
533 2196 760 2259 etquod
809 2208 1054 2267 oporteat
1084 2203 1182 2256 has
1209 2215 1398 2274 aptare
1446 2209 1515 2263 ad
1550 2209 1644 2265 Dei
1680 2223 1872 2270 nutum
1916 2227 1971 2273 et

388 2279 614 2340 referre.
654 2283 711 2339 In
744 2286 988 2346 humeris
1027 2303 1183 2348 erant
1231 2301 1504 2369 smaragdi
1551 2301 1678 2369 duo,
1734 2321 1968 2376 quorum

388 2373 527 2428 alter
583 2376 710 2431 hinc
751 2395 844 2433 sex
899 2383 1092 2452 tribus,
1152 2389 1376 2444 totidem
1433 2393 1570 2447 alter
1632 2373 1964 2456 continebat.

387 2465 559 2522 Erant
611 2479 796 2526 autem
849 2485 1009 2546 typus
1056 2490 1310 2548 aspectus
1353 2488 1705 2545 sacerdotalis
1743 2509 1756 2544 :
1805 2494 1970 2550 habet

387 2560 535 2616 enim
566 2567 892 2636 smaragdus
919 2578 972 2624 et
995 2571 1321 2629 viriditatem
1352 2580 1646 2650 egregiam,
1679 2594 1732 2639 et
1763 2586 1964 2642 claram

391 2653 709 2722 puritatem,
749 2661 920 2715 instar
954 2666 1160 2733 speculi
1197 2669 1436 2727 radians.
1494 2671 1708 2731 Etenim
1753 2688 1968 2749 oportet

387 2748 725 2804 sacerdotem
775 2761 829 2807 et
860 2755 946 2822 pia
999 2759 1393 2817 exercitatione
1439 2765 1682 2822 sobrium
1731 2748 1874 2834 esse,
1913 2783 1967 2828 et

385 2838 552 2892 vitam
595 2841 824 2898 subditis
874 2860 1029 2900 suam
1069 2858 1328 2920 tanquam
1367 2858 1651 2924 speculum
1704 2861 1960 2918 virtutum

385 2932 698 2989 ostendere.
733 2934 860 2990 Erat
913 2954 1044 2994 vero
1084 2941 1137 2994 in
1194 2942 1461 3011 humeris,
1505 2950 1651 3017 quod
1687 2954 1962 3009 actionum

386 3023 605 3092 signum
639 3036 743 3091 est,
782 3031 1124 3100 smaragdus.
1160 3034 1403 3092 Actionis
1429 3041 1573 3093 enim
1619 3045 1857 3112 potentia
1895 3048 1963 3102 ab

2075 1819 2248 1885 6άνει,
2290 1820 2384 1872 καὶ
2428 1821 2509 1873 ὅτι
2556 1822 2604 1873 εἰ
2662 1821 2758 1874 καὶ
2804 1822 2911 1874 τῶν
2941 1822 3115 1876 ἄλλων
3153 1823 3519 1894 ἱερουργεῖται
3555 1841 3651 1876 κε-

2076 1907 2241 1978 φαλὴ,
2263 1909 2375 1962 ἀλλ’
2406 1904 2499 1961 οὖν
2533 1911 2627 1963 καὶ
2661 1911 2825 1972 αὐτὸς
2855 1911 2959 1963 ὑπὸ
2981 1911 3206 1974 τούτους
3237 1911 3384 1964 τελεῖ
3405 1911 3534 1974 τοὺς
3561 1911 3653 1965 v6-

2077 2019 2232 2071 μους,
2285 2000 2523 2054 καὶτῶν
2550 2001 2724 2056 ἄλλων
2770 2003 2988 2074 κρατῶν
3016 2002 3093 2073 τῷ
3140 2003 3291 2073 νόμῳ
3338 2007 3645 2074 κρατεῖται.

2087 2095 2227 2148 Ἀλλ’
2253 2097 2285 2166 ἡ
2318 2097 2415 2167 μὲν
2446 2098 2611 2170 τιάρα
2635 2098 2734 2169 τὴν
2765 2100 3016 2166 ἐξουσίαν
3049 2099 3272 2167 ὲτύπου,
3303 2101 3370 2170 ἥν
3392 2117 3454 2153 τε
3484 2100 3651 2163 αὐτὸς

2087 2183 2200 2258 εἶχε
2224 2188 2317 2241 τοῦ
2340 2189 2469 2242 λαοῦ
2504 2191 2598 2243 καὶ
2627 2191 2718 2261 ὑφ’
2747 2191 2814 2262 ἣν
2844 2191 3009 2255 αὐτὸς
3043 2191 3337 2262 ἀνεφέρετο
3362 2192 3453 2246 τοῦ
3485 2191 3648 2245 Θεοῦ.

2080 2279 2154 2330 Τὸ
2178 2279 2234 2332 δὲ
2266 2281 2494 2335 πέταλον
2519 2282 2580 2335 τὸ
2605 2285 2858 2353 χρυσοῦν,
2882 2285 2939 2336 ἐν
2957 2277 3001 2351 ᾧ
3019 2283 3079 2336 τὸ
3105 2283 3277 2354 ὄνομα
3305 2282 3652 2343 ὲκεκόλαπτο

2073 2367 2166 2420 τοῦ
2214 2368 2371 2432 Θεοῦ,
2402 2371 2651 2424 ἐπέκειτο
2686 2372 2788 2442 μὲν
2816 2373 2895 2442 τῷ
2932 2372 3139 2443 στήθει,
3184 2372 3433 2443 φυλακῆς
3473 2373 3518 2425 δ’
3549 2375 3652 2426 έπ-

2069 2464 2183 2546 εῖχε
2223 2460 2394 2514 τύπον
2447 2462 2556 2516 τῶν
2589 2463 2647 2516 ἐν
2702 2464 2902 2535 καρδίᾳ
2943 2465 3280 2534 κινημάτων,
3323 2464 3419 2516 καὶ
3453 2463 3529 2528 ὡς
3566 2463 3654 2516 δεῖ

2074 2556 2245 2608 ταῦτα
2281 2555 2750 2628 καταρῤυθμίζειν
2769 2557 2790 2587 ⁵
2811 2560 2877 2628 τῇ
2906 2557 3045 2626 πρὸς
3067 2558 3127 2610 τὸ
3155 2556 3310 2610 Θεῖον
3338 2555 3518 2609 νεύσει
3547 2556 3648 2610 καὶ

2073 2649 2341 2718 ἀναφορᾷ.
2385 2649 2508 2700 Ἐπὶ
2555 2649 2610 2702 δὲ
2637 2650 2743 2702 τῶν
2799 2649 2965 2720 ὤμων
3002 2649 3317 2720 σμαράγδου
3350 2648 3492 2703 λίθοι
3530 2648 3647 2710 δύο,

2075 2737 2290 2808 ἔχοντες
2316 2737 2415 2800 τὰς
2460 2737 2517 2804 ἓξ
2543 2739 2714 2808 φυλὰς
2740 2740 2986 2794 ἐντεῦθεν
3013 2742 3106 2796 καὶ
3137 2742 3234 2805 τὰς
3273 2741 3331 2806 ἒξ
3358 2739 3608 2793 ἐντεῦθεν
3626 2754 3646 2772 ο

2068 2824 2229 2884 Οὗτοι
2253 2830 2309 2884 δὲ
2341 2831 2611 2903 σύμϐολον
2630 2829 2771 2904 ἦσαν
2794 2833 2894 2904 τῆς
2914 2833 3089 2904 ὅψεως
3109 2837 3209 2904 τῆς
3229 2831 3652 2903 ἀρχιερατικῆς.

2071 2924 2224 2994 Ἔχει
2258 2926 2366 2997 γάρ
2411 2927 2445 2995 ἡ
2488 2926 2582 2978 τοῦ
2623 2925 2938 2998 σμαράγδου
2963 2927 3144 2996 ψῆφος
3187 2927 3282 2980 καὶ
3328 2925 3652 2996 χλωρότητα

2067 3017 2318 3088 εὐπρεπῆ
2359 3018 2454 3072 καὶ
2487 3018 2837 3090 καθαρότητα
2868 3021 3099 3089 διαυγῆ,
3156 3019 3467 3088 κατόπτρου
3494 3017 3676 3083 δύναοτ

386 3114 631 3172 humeris
656 3117 946 3188 dependet.
973 3121 1096 3179 Ideo
1117 3135 1169 3180 et
1203 3127 1344 3184 Deus
1365 3130 1431 3184 ad
1455 3110 1756 3189 Jerusalem
1786 3137 1966 3208 loqui-

2075 3127 2167 3178 μιν
2199 3110 2573 3180 ὑποφαίνουσα
2593 3129 2608 3142 '
2637 3113 2732 3166 καὶ
2749 3111 2857 3182 γάρ
2886 3113 2968 3166 δεῖ
2990 3113 3082 3165 τὸν
3109 3111 3260 3182 ἱερέα
3285 3110 3649 3208 καὶῄάσκήσει

386 3215 476 3260 tur
499 3225 518 3263 ι
546 3207 726 3281 Dirige
754 3225 846 3264 cor
871 3224 1018 3266 tuum
1053 3216 1108 3268 in
1129 3218 1267 3271 viam
1299 3228 1518 3289 rectam,
1559 3223 1742 3294 infqua
1780 3227 1966 3282 ambu-

388 3303 535 3369 laati,
587 3303 702 3373 ﬁlia
729 3323 879 3378 vaga,
905 3311 1031 3379 quia
1075 3315 1268 3367 creavit
1305 3315 1558 3373 Dominus
1593 3337 1782 3374 novum
1813 3340 1969 3394 super

389 3407 640 3451 terramS.
679 3400 888 3455 Etenim
951 3419 1149 3459 manus
1199 3417 1254 3460 et
1289 3409 1545 3466 humeros
1581 3413 1648 3466 ad
1697 3415 1966 3470 actionem

389 3486 671 3558 Scriptura
694 3491 1092 3557 accommodat,
1123 3504 1182 3548 ut
1213 3497 1433 3564 quando
1463 3499 1530 3552 de
1555 3498 1754 3555 Davide
1794 3501 1970 3572 loqui-

387 3590 505 3634 tur:
528 3579 593 3633 Et
620 3583 672 3634 in
702 3583 1050 3638 intellectibus
1075 3602 1326 3640 manuum
1347 3605 1566 3642 suarum
1585 3591 1803 3646 deduxit
1825 3595 1964 3648 eos‘.

387 3673 610 3728 Inerant
651 3690 779 3728 vero
818 3675 960 3745 logio
989 3677 1042 3730 in
1073 3687 1293 3747 pectore
1315 3681 1601 3736 duodecim
1631 3684 1794 3737 etiam
1831 3685 1968 3754 lapi-

387 3766 485 3821 des
515 3767 778 3836 impositi,
813 3771 908 3839 qui
947 3769 1216 3826 duodecin
1254 3773 1432 3829 tribus
1473 3775 1874 3846 signiﬁcabant.
1901 3777 1968 3832 Et

388 3857 532 3919 vide,
569 3873 732 3926 supra
755 3858 998 3928 quidem,
1030 3870 1084 3915 et
1110 3861 1162 3914 in
1205 3863 1449 3920 humeris
1491 3880 1598 3919 una
1629 3876 1743 3920 erat
1773 3877 1966 3923 natura

386 3947 631 4016 lapidum
661 3951 1004 4021 smaragdus,
1041 3950 1180 4005 infra
1220 3968 1349 4008 vero
1380 3964 1436 4010 et
1481 3957 1536 4011 in
1587 3970 1802 4026 pectore
1829 3959 1966 4014 duo-

386 4037 584 4093 decim.
641 4038 760 4106 Quo
819 4041 1158 4113 signiﬁcatur
1202 4063 1216 4098 :
1264 4054 1424 4102 antea
1487 4050 1705 4118 quidem
1757 4052 1826 4106 ab
1858 4069 1967 4109 una

388 4146 582 4186 omnes
617 4133 888 4201 prodiisse
926 4145 1121 4191 natura
1159 4153 1489 4208 :progressu
1521 4157 1650 4196 vero
1679 4147 1964 4214 temporis,

385 4217 618 4273 diversis
669 4221 1020 4289 opinionibus
1069 4225 1276 4282 divisos
1307 4242 1450 4294 esse,
1501 4241 1557 4284 et
1605 4231 1710 4286 hoc
1745 4234 1964 4302 quidem

388 4309 578 4364 tribuit
625 4313 890 4380 opinioni,
939 4316 1070 4370 illud
1118 4333 1246 4373 vero
1287 4328 1519 4375 natum.
1560 4321 1704 4376 infra
1729 4339 1859 4380 vero
1910 4325 1965 4379 in

385 4402 600 4456 limbria
633 4406 931 4462 sacerdotis
970 4411 1319 4477 qure'dicitur
1347 4429 1465 4480 ora,
1520 4431 1683 4472 aurea
1716 4419 1880 4486 mala,
1913 4432 1966 4475 et

2073 3201 2266 3270 νήφειν
2295 3201 2498 3254 καὶτὸν
2529 3202 2642 3273 βίον
2663 3204 2777 3266 τοῖς
2808 3204 2898 3257 ὑπ’
2929 3203 3092 3256 αὑτὸν
3119 3202 3308 3274 ὥσπερ
3338 3202 3651 3272 κάτοπτρον

2071 3297 2354 3369 παρέχειν.
2387 3301 2512 3352 Ἐπὶ
2552 3301 2660 3354 τῶν
2699 3299 2864 3369 ὤμων
2910 3301 2968 3354 δὲ
3006 3302 3040 3372 ἡ
3090 3298 3424 3370 σμάραγδος,
3460 3296 3652 3367 ἐπειδὴ

2071 3391 2322 3461 πράξεώς
2344 3393 2462 3445 ἐστι
2497 3395 2724 3463 σημεῖον
2743 3411 2756 3424 ·
2785 3395 2819 3464 ή
2843 3393 2951 3465 γὰρ
2979 3391 3256 3466 πρακτικὴ
3286 3390 3517 3461 δύναμις
3536 3388 3651 3442 τῶν

2071 3483 2238 3551 ὤμων
2273 3483 2528 3553 ἤρτηται.
2574 3483 2737 3555 [1556
2763 3484 2857 3557 IL]
2899 3485 2990 3538 Διὸ
3023 3491 3118 3537 καὶ
3147 3486 3172 3536 6
3199 3483 3328 3547 Θεὸς
3379 3483 3517 3554 πρὸς
3549 3481 3652 3551 τὴν

2080 3575 2435 3646 Ἰερουσαλὴμ
2463 3576 2644 3643 λέγει’
2685 3577 2795 3643 Θὲς
2826 3578 2940 3647 τὴν
2973 3577 3224 3645 καρδίαν
3267 3590 3382 3630 σου
3405 3575 3504 3628 ἐπὶ
3531 3573 3653 3628 τῶν

2069 3663 2242 3734 ὤμων
2273 3679 2412 3731 σου,
2448 3667 2700 3735 θύγατερ
2731 3668 3090 3736 ἡτιμωμένη,
3135 3668 3224 3721 ὅτι
3266 3668 3486 3735 Κύριος
3522 3667 3653 3719 κτί-

2069 3757 2147 3820 ζει
2179 3772 2254 3810 σε
2285 3760 2372 3824 εὶς
2405 3760 2726 3827 σωτηρίαν.
2756 3762 2867 3814 Καὶ
2904 3761 3011 3833 γὰρ
3044 3761 3142 3824 τὰς
3183 3763 3369 3830 χεῖρας
3399 3761 3496 3812 καὶ
3524 3760 3653 3820 τοὺς

2068 3847 2256 3920 ὤμους
2285 3851 2365 3913 εἰς
2390 3849 2617 3920 πράξεις
2639 3853 2672 3922 ἡ
2701 3851 2890 3922 γραφὴ
2911 3851 3200 3922 λαμϐάνει,
3220 3852 3293 3915 ὡς
3319 3852 3448 3904 ὅταν
3472 3850 3610 3923 λέγῃ
3628 3850 3651 3881 ⁶

2071 3946 2315 4018 περὶτοῦ
2349 3947 2533 4000 Δαυίδ·
2566 3947 2676 4002 Καὶ
2709 3947 2778 4000 ἐν
2809 3946 2941 4010 ταῖς
2970 3947 3268 4000 συνέσεσι
3295 3943 3413 3996 τῶν
3433 3941 3654 4043 χειρῶῖ⁴

2067 4040 2256 4102 αὐτοῦ
2286 4039 2606 4111 ὡδήγησεν
2626 4041 2872 4105 αὐτούς.
2903 4039 3133 4108 Ἐνῆσαν
3157 4037 3212 4090 δὲ
3237 4036 3314 4106 τῷ
3347 4034 3546 4103 λογείῳ
3571 4034 3652 4102 τῷ

2067 4131 2162 4185 ἐπὶ
2190 4131 2284 4185 τοῦ
2319 4132 2548 4203 στήθους
2583 4133 2678 4184 καὶ
2711 4135 2758 4185 οἱ
2797 4131 3006 4183 δώδεκα
3053 4128 3189 4182 λίθοι
3219 4126 3650 4196 ὲνηρμοσμένοι,

2067 4223 2166 4287 τὰς
2192 4223 2401 4276 δώδεκα
2433 4223 2606 4292 φυλάς
2650 4222 3065 4292 ὑποδηλοῦντες.
3098 4220 3210 4272 Καὶ
3237 4219 3360 4288 ὅρα,
3391 4218 3504 4271 άνω
3553 4215 3652 4284 μὲν

2066 4317 2164 4370 καὶ¹
2209 4316 2435 4370 ἐπὶτῶν
2469 4314 2636 4385 ὤμων
2665 4315 2765 4385 μία
2796 4311 2864 4385 ῆν
2893 4313 3054 4382 φύσις
3099 4312 3208 4365 τῶν
3246 4310 3412 4364 λίθων
3443 4310 3472 4361 ὁ
3505 4306 3652 4376 σμά-

2077 4409 2292 4480 ραγδος,
2325 4409 2476 4462 κάτω
2498 4409 2554 4461 δὲ
2587 4409 2683 4462 καὶ
2716 4408 2812 4461 ἐπὶ
2839 4407 2936 4460 τοῦ
2969 4405 3200 4477 στήθους
3221 4405 3272 4456 οἱ
3296 4401 3529 4466 δώδεκα,
3568 4401 3654 4453 αἱ-

386 4495 608 4562 punica,
639 4509 691 4552 et
731 4504 1068 4571 campanulae
1105 4506 1530 4576 dependebant“.
1558 4511 1623 4567 Et
1665 4515 1962 4583 quomodo,

2074 4501 2384 4570 νιττομένου
2423 4500 2518 4554 τοῦ
2565 4499 2726 4569 λόγου
2761 4500 2843 4553 ὅτι
2895 4497 3103 4552 ἄνωθεν
3144 4495 3277 4565 μὲντ
3311 4495 3549 4554 ἅπαντες
3588 4492 3652 4544 ἐκ

390 4585 528 4655 haec,
559 4590 734 4658 prima
771 4594 980 4650 ratione
1003 4596 1112 4653 Deo
1143 4601 1493 4672 ut'diximus,
1525 4605 1835 4674 placerent?
1862 4607 1965 4664 Sed

387 4679 443 4733 in
484 4683 683 4736 vestitu
714 4696 769 4738 et
797 4685 984 4743 habitu
1019 4693 1319 4750 sacerdotis
1354 4696 1581 4752 virtutes
1611 4699 1836 4764 elIinxit,
1878 4703 1965 4755 in-

385 4767 467 4822 fra
513 4769 674 4826 ﬂores
713 4782 767 4828 et
816 4774 1052 4845 fructus,
1095 4782 1357 4838 virtutum
1418 4801 1604 4856 opera,
1655 4790 1960 4858 cuiusmodi

387 4870 517 4916 sunt
540 4863 906 4936 eleemosyna,
936 4869 1152 4938 justitia
1202 4884 1255 4930 et
1301 4876 1634 4948 immanitas,
1670 4891 1724 4934 et
1759 4883 1965 4937 chorus

384 4951 724 5022 reliquarum
751 4955 887 5026 ipsis
915 4959 1179 5016 afﬁnium.

2077 4592 2242 4668 μιᾶς⁸
2269 4592 2610 4664 προήλθομεν
2644 4591 2883 4659 φύσεως,
2918 4589 3203 4688 προϊόντος
3240 4585 3295 4688 δέ
3328 4583 3420 4688 τοῦ
3456 4583 3648 4688 χρόνον

2067 4688 2349 4758 διαφόροις
2395 4685 2646 4756 γνώμαις
2673 4682 3046 4754 ὲμερῑσθημεν
3067 4695 3081 4709 ο
3119 4677 3214 4780 καὶ
3241 4676 3301 4730 τὸ
3332 4675 3651 4780 μένδίδωσι

2070 4785 2137 4854 τῇ
2187 4781 2382 4852 γνώμῃ
2405 4820 2418 4842 ,
2451 4779 2514 4831 τὸ
2546 4776 2686 4849 [851
2720 4775 2830 4846 Η.]
2873 4775 2931 4828 δὲ
2982 4775 3048 4845 τῇ
3103 4772 3282 4842 φύσει.
3332 4767 3470 4821 Ὑπὸ
3502 4767 3559 4818 δὲ
3590 4767 3652 4816 τὸ

2070 4876 2375 4950 κράσπεδον
2406 4872 2500 4926 τοῦ
2550 4872 2736 4943 ἱερέως
2763 4911 2779 4936 ,
2831 4870 2891 4922 τὸ
2945 4866 3239 4966 λεγόμενον
3272 4861 3451 4966 λώμαῖ
3482 4859 3642 4966 ἄνθη,

2080 4970 2201 5038 ῥόαι
2239 4967 2332 5020 καὶ
2376 4966 2585 5036 ῥοῖσκοι
2628 4963 2818 5033 χρυσοῖ
2859 4961 2953 5013 καὶ
3003 4957 3252 5018 κώδωνες
3292 4953 3648 5023 ἀπῃώρηντο.

386 5045 500 5098 Καὶ
550 5046 669 5110 πῶς
709 5048 776 5102 ἂν
822 5051 909 5122 εἴη
956 5055 1075 5126 Θεῷ
1123 5058 1296 5113 ταῦτα
1343 5063 1483 5116 κατὰ
1539 5065 1752 5133 πρῶτον
1800 5065 1957 5135 λόγον
1989 5068 2329 5139 άρέσκοντα;
2391 5061 2502 5116 ἀλλ’
2571 5063 2628 5113 ὲν
2658 5057 2736 5127 τῷ
2803 5055 3045 5124 σχήματι
3077 5067 3172 5103 του
3200 5045 3649 5170 ξερέωςιξετηκιν

389 5140 809 5170 :5....-..rr-_n_.
864 5149 959 5170 -L,
1029 5154 1039 5170 μ
1168 5156 1179 5170 ρ
1290 5160 1366 5170 ...
1495 5161 1517 5170 ..
1561 5161 1580 5170 -
1730 5165 1740 5170 -
1963 5165 1974 5170 -
2057 5166 2066 5170 ,
2170 5162 2194 5170 ..
2281 5163 2292 5170 .
2414 5159 2439 5170 ..
2693 5153 2756 5170 nl
2860 5169 2914 5170 κη
2984 5147 3136 5170 ειμι.
3228 5159 3348 5170 --.η
3473 5159 3607 5170 ...αλ

388 5140 813 5207 ἐξεικονίζεσθαι
861 5149 962 5212 τὰς
1017 5154 1237 5223 ἀρετάς.
1289 5160 1454 5212 Κάτω
1488 5161 1622 5231 ἄνθη
1658 5165 1752 5218 καλ⁸
1783 5165 1986 5235 καρποὶ
2015 5166 2082 5217 τά
2127 5162 2237 5216 τῶν
2270 5159 2480 5232 ἀρετῶν
2520 5149 2942 5226 κατορθώματα,
2981 5147 3139 5202 ἅτινά
3199 5147 3348 5197 ἔστιν
3407 5141 3648 5216 ἐλεημο-

390 5240 523 5310 σύνη
556 5246 651 5295 καὶ
675 5245 992 5320 δικαιοσύνη
1045 5255 1136 5306 καὶ
1190 5256 1568 5327 φιλανθρωπία
1598 5261 1692 5312 καὶ
1723 5262 1832 5313 τῶν
1870 5262 2043 5314 ἄλλων
2071 5264 2100 5314 6
2129 5259 2408 5328 σύστοιχος
2437 5257 2664 5318 αὑταϊς⁹
2699 5255 2877 5326 χορός.

465 5411 484 5433 τ’
520 5399 717 5455 Jerrm.
754 5421 902 5458 χχιιι.
933 5407 1024 5464 22.
1107 5411 1121 5444 ί
1151 5407 1296 5464 Psal.
1328 5412 1646 5478 Lxxv1i,'7?..

1739 5423 1765 5448 υ
1788 5414 1956 5469 Exod.
1994 5428 2186 5477 XXVIII,
2222 5413 2452 5482 Mseqq.

1667 5525 1905 5580 VARI/li
1955 5526 2363 5583 LECTIONES.

457 5627 641 5701 Pacarii
671 5631 768 5699 τῆς
798 5633 843 5685 Α
874 5653 884 5666 ·
918 5637 1006 5689 καὶ
1037 5638 1176 5692 κατὰ
1206 5656 1266 5701 ς.

367 5696 413 5753 ..⁸
444 5698 629 5764 αὑταῖς
652 5696 760 5753 om.
793 5703 833 5755 Α

1350 5639 1369 5671 ⁵
1403 5637 1575 5694 ταῦτα
1605 5640 1698 5694 καὶ
1728 5643 1963 5713 καταρρ.
1998 5660 2056 5707 ς’,
2121 5644 2141 5674 θ
2170 5642 2315 5711 λέγει
2347 5659 2406 5706 ς.

2498 5643 2518 5673 "
2547 5640 2646 5712 μὲν
2679 5656 2790 5698 om.
2837 5643 2901 5695 Α.
2995 5640 3016 5674 ⁸
3042 5642 3106 5695 ὲκ
3141 5643 3267 5712 μιᾶς
3315 5639 3557 5702 ἅπαντες
3583 5654 3640 5702 ς.
