3922 6242
215 288 322 350 2'77
1261 283 1785 345 BlBLlOTHECA.
1828 303 1895 313 -
1935 278 2098 338 COD.
2135 271 2511 334 CCLXXVU.
3356 263 3458 324 9.78

293 397 421 451 Ὀτι
457 396 622 465 φησὶ,
653 396 729 468 μὴ
760 395 1061 465 μετάϐαλλε
1081 397 1123 427 ¹⁰
1159 397 1377 465 ῥήματα
1405 393 1540 446 Θεοῦ
1575 391 1795 457 ζῶντος.
1826 394 1861 451 Α

1973 383 2026 438 Ν
2029 401 2094 438 οη
2115 382 2507 451 ηιαιαὺᾶδζυενὸα
2525 381 2618 435 Dei
2639 379 2850 435 viviVJn
2868 379 3082 436 Patrem
3111 388 3164 432 et
3186 377 3380 431 Filium
3416 383 3472 429 et

230 492 326 553 Εἰς
359 489 585 558 Πατέρα.
616 489 712 541 καὶ
739 488 866 539 Υἱὸν
887 488 979 540 καὶ
1008 487 1164 554 ἅγιον
1193 487 1415 556 Πνεῦμα
1441 485 1796 555 ἐϐαπτίσθης’

1973 475 2172 530 tiritum
2210 484 2457 530 sanctum
2487 474 2795 544 baptizatus
2823 489 2904 539 es,
2923 473 3050 543 quid
3081 471 3224 526 tollis
3253 469 3473 524 nomina

228 579 283 632 τί
322 581 568 647 ἀναιρεῖς
593 578 663 631 τὰ
697 578 938 646 ὀνόματα
969 577 1038 630 τὰ
1072 579 1270 644 ζῶντα,
1296 578 1391 630 καὶ
1417 577 1655 644 εἰσάγεις
1683 577 1802 631 ὀνό-

1973 575 2124 632 va,et
2156 565 2454 621 introducis
2485 567 2705 619 nomina
2733 566 3120 634 cogitationum
3139 558 3476 623 tuarum,di-

239 682 394 734 ματα
420 664 722 732 λογισμῶν,
767 664 1013 734 γέννημα
1037 665 1210 732 λέγων
1245 667 1338 719 καὶ
1380 667 1672 735 ἀγέννητον
1711 665 1807 719 καὶ

1978 676 2041 714 ns
2067 678 2080 713 :
2107 658 2431 728 ingenitum,
2451 657 2713 728 genitum,
2736 672 2947 726 semper
2969 656 3260 716 exsistens,
3283 661 3335 705 et
3363 665 3472 702 non
3510 719 3512 722 τ
3550 694 3554 700 .

233 757 523 822 γεννητὸν,
570 756 632 808 ὃν
679 756 768 808 ἀεὶ
805 758 900 808 καὶ
940 755 1013 826 μὴ
1042 756 1100 808 ὃν
1133 756 1217 808 ἀεί
1247 774 1262 822 ;
1296 757 1512 810 Τούτων
1557 757 1808 827 ἀνέχεται

1977 765 2127 819 mper
2150 747 2430 803 existens?
2460 747 2676 802 Deusne
2705 747 2818 800 haec
2843 746 3022 800 inania
3063 745 3220 798 verba
3253 739 3476 796 toleret?

233 847 370 909 Θεὸς
392 847 500 899 τῶν
534 846 778 917 ματαίων
809 849 1101 918 ρημάτων;
1135 848 1190 900 ἓν
1213 849 1366 917 ῥῆμα
1393 849 1477 902 ἵνα
1501 850 1808 923 μεταϐάλῃ,

1973 860 2094 899 num
2129 845 2348 898 verbum
2400 852 2460 897 ut
2506 851 2759 907 mutaret,
2794 842 3060 911 prepheta
3106 841 3235 893 olim
3267 839 3334 892 de
3370 836 3481 889 vita

235 941 532 1009 προφήτης
564 939 694 991 ποτὲ
732 938 1105 992 ἐκινδύνευσεν
1149 940 1468 994 ἀπολέσθαι.
1506 940 1616 994 Καὶ
1647 939 1811 1010 βλέπε

1973 933 2252 989 :riclitatus
2299 942 2402 986 est.
2454 932 2522 986 Et
2571 932 2693 986 vide
2739 930 3042 1000 emphasim
3078 927 3261 998 exigui
3303 924 3480 980 verbi.

239 1033 492 1101 ῥήματος
521 1031 718 1100 μικροῦ
744 1030 1152 1103 ἀκριϐολογίαν.
1179 1031 1259 1084 Τὰ
1292 1034 1511 1102 ῥήματα
1540 1032 1649 1085 τῶν
1675 1049 1812 1102 προ-

1973 1030 2094 1079 erha
2139 1024 2525 1094 prephetarum
2566 1031 2832 1076 vocarunt
2866 1021 3085 1090 quidam
3112 1035 3204 1088 per
3228 1019 3486 1088 ignoran-

236 1122 431 1191 φητῶν
467 1139 609 1184 τινες
638 1123 864 1174 ἐκάλουν
897 1123 1000 1174 ὑπὸ
1056 1122 1312 1191 ἀπειρίας
1343 1121 1548 1192 λῆμμα
1574 1125 1814 1192 Κυρίου.

1973 1133 2052 1171 am
2082 1116 2298 1169 Domini
2344 1132 2493 1168 onus.
2535 1115 2673 1168 Dicit
2707 1114 2966 1167 Dominus
2996 1127 3091 1182 per
3127 1111 3322 1165 Isaiam
3364 1126 3377 1162 :
3428 1106 3486 1160 Si

235 1215 408 1282 Λέγει
435 1216 462 1267 6
491 1215 622 1273 Θεὸς
647 1215 735 1268 διὰ
765 1216 1010 1268 Ἠσαῖουο
1062 1218 1200 1269 Ἐὰν
1222 1216 1493 1284 ἐρωτήσῃ
1516 1232 1590 1269 σε
1615 1219 1648 1269 ό
1669 1217 1819 1281 λαὸς

1973 1209 2086 1260 titur
2118 1208 2514 1276 interrogaverit
2563 1215 2610 1259 te
2658 1205 2883 1274 populus
2945 1205 3062 1268 iste,
3105 1204 3182 1255 vel
3233 1200 3487 1270 propheta

237 1306 279 1372 ἢ
317 1311 353 1359 ὀ
403 1306 595 1373 ἱερεὺς
625 1307 663 1374 ἢ
717 1309 747 1359 ὁ
786 1307 1119 1380 προφήτης,
1155 1310 1254 1361 καὶ
1291 1308 1432 1376 εἴπῃ
1459 1323 1558 1361 σοι
1585 1325 1598 1338 ⁸
1635 1309 1695 1361 Τί
1752 1309 1820 1362 τὸ

1973 1308 2018 1350 ιιι
2057 1299 2300 1351 sacerdos
2335 1299 2509 1350 dicens
2540 1315 2552 1349 :
2578 1296 2728 1361 Quod
2757 1307 2834 1350 est
2870 1312 2998 1350 onus
3047 1294 3261 1346 Domini
3307 1291 3488 1345 ?dices

237 1396 494 1466 λῆμμα;
527 1397 658 1450 εἰπὲ
690 1377 895 1464 αὐτοῖς
933 1399 1023 1451 ὅτι
1070 1400 1135 1452 τὸ
1161 1400 1369 1468 λῆμμα
1397 1402 1620 1468 Κυρίου
1656 1405 1823 1470 ὑμεῖς

1973 1386 2001 1436 ιι
2029 1402 2115 1438 eos
2147 1384 2331 1447 :Quia
2381 1401 2469 1437 vos
2493 1383 2706 1436 Domini
2754 1400 2884 1435 onus
2910 1383 3105 1452 522a
3136 1381 3281 1435 estis.
3313 1375 3490 1445 Proji-

235 1487 406 1540 ἐστέ.
455 1488 734 1556 Λήιῦοομαι
772 1491 880 1556 γὰρ
930 1487 1081 1556 ὑμᾶς
1124 1489 1461 1562 [λῆμμα¹¹]
1518 1494 1618 1545 καὶ
1658 1494 1825 1560 ράξω

1973 1478 2068 1528 Eum
2099 1477 2286 1545 quippe
2342 1492 2449 1540 vos,
2497 1486 2546 1528 et
2598 1475 2913 1544 relinquam,
2955 1491 3018 1526 ne
3066 1474 3258 1526 dicatis
3306 1483 3494 1523 onusx.

247 1577 439 1648 ὑμᾶς,
484 1579 587 1631 ἵνα
627 1578 714 1647 μὴ
750 1580 965 1647 λέγητε
1001 1580 1228 1650 λῆμμα.
1270 1582 1364 1632 Ἓν
1410 1582 1564 1650 ῥῆμα
1616 1583 1702 1635 ἵνα
1753 1585 1826 1654 μὴ

1973 1567 2112 1622 {num
2165 1569 2386 1622 verbum
2427 1585 2494 1621 ne
2545 1576 2804 1631 mutetur,
2851 1568 3087 1619 minatur
3146 1564 3288 1618 Deus
3316 1582 3329 1617 :
3355 1571 3408 1616 et
3439 1572 3496 1615 tu

255 1666 608 1737 μεταποιηθῇ
629 1707 643 1730 ,
676 1668 890 1721 ἀπειλεί
918 1671 946 1721 ὁ
974 1671 1104 1732 Θεός
1124 1687 1137 1700 ·
1187 1671 1283 1722 καὶ
1326 1673 1390 1724 σὺ
1425 1671 1717 1743 ὁλόκληρον
1745 1653 1830 1728 ὃοέ

1973 1670 2102 1713 )tam
2136 1661 2436 1713 doctrinam
2471 1666 2832 1721 conuuutans,
2867 1667 3025 1711 outas
3058 1665 3109 1710 te
3145 1671 3342 1710 manus
3389 1653 3494 1706 Do-

250 1759 490 1827 γμάτων
539 1759 822 1829 ἀκρίϐειαν
881 1761 1220 1832 διαστρέφων
1265 1764 1506 1833 νομίζεις
1547 1766 1829 1836 διαφυγεῖν

1973 1751 2064 1806 ιίιιὶ
2103 1749 2484 1821 eliugiturum?

243 1851 348 1912 τὰς
378 1849 479 1902 τοῦ
509 1849 647 1903 Θεοῦ
669 1852 869 1920 ,χεῖρας
890 1867 907 1916 ;

267 1985 367 2038 Ἐκ
395 1986 504 2069 ξοςῦ
537 1987 630 2069 εἰς
652 1985 738 2050 τὸ,
777 2005 796 2036 ι
842 1987 1144 2069 ᾏρθεεῒρνοι
1247 1989 1420 2069 χάρις
1457 2009 1577 2069 μου
1599 2007 1611 2022 ·
1643 1993 1682 2060 ἡ
1722 1993 1834 2062 γὰρ

1973 1996 2192 2069 .‘jusdem
2218 1997 2273 2050 in
2306 1996 2480 2050 illud:
2519 1994 2778 2069 i‘Suf/icit
2818 1995 3130 2069 tibi_giratia
3162 2010 3299 2058 mea,
3340 1994 3503 2047 virtus

404 2055 664 2123 δύναμίς
696 2074 816 2124 μου
845 2057 915 2110 ἐν
938 2055 1222 2127 ἀσθενείᾲ
1247 2055 1605 2117 τελειοῦται.
1643 2083 1662 2114 ›

334 2147 460 2199 "Uti.
491 2144 622 2217 ἦλθε
652 2151 810 2218 (φησὶ
829 2150 894 2220 1⁸)
947 2151 1096 2221 παρὰ
1145 2151 1236 2204 τοῦ
1283 2154 1495 2223 Πατρὺς
1537 2155 1567 2207 ὁ
1603 2155 1836 2225 Χριστὸς

266 2240 404 2307 πρὸς
444 2243 572 2302 τοὺς
609 2240 930 2312 ἀνθρώπους
956 2245 1336 2318 πρεσϐευτής·
1381 2247 1598 2318 ἐσφάγη
1644 2251 1672 2301 ὁ
1709 2266 1843 2318 πρε-

268 2329 498 2400 σϐευτής
520 2347 533 2360 ·
569 2332 664 2384 καὶ
703 2333 826 2384 τότε
878 2334 1101 2401 γέγονεν
1132 2337 1164 2404 ἡ
1192 2337 1410 2406 εἰρήνη.
1451 2337 1590 2389 Ἀλλ’
1617 2339 1667 2389 οἰ
1708 2339 1843 2408 πρέ-

262 2421 416 2485 σϐεις
470 2425 756 2492 ἐρχόμενοι
790 2425 884 2477 καὶ
924 2425 1073 2496 δῶρα
1109 2427 1334 2496 φέρουσι
1368 2429 1463 2481 καὶ
1509 2429 1660 2499 δῶρα
1699 2430 1840 2500 λαμ-

261 2513 516 2567 ϐάνουσι.
545 2517 700 2567 Ποῖον
728 2511 820 2568 οὖν
850 2512 951 2588 ἧκε
979 2519 1161 2585 φέρων
1188 2519 1379 2590 δῶρον,
1410 2520 1505 2573 καὶ
1537 2523 1688 2574 ποῖον
1713 2524 1844 2575 ἀντ-

260 2605 462 2670 έλαϐες
504 2608 805 2679 παράδοξον
834 2612 893 2662 τὸ
936 2611 1130 2682 δῶρον,
1174 2613 1250 2675 ὡς
1289 2615 1381 2666 καὶ
1433 2616 1459 2666 6
1502 2614 1844 2684 πρεσϐευτὴς

263 2699 600 2770 παράδοξος.
649 2702 722 2754 Τὸ
751 2698 892 2772 αἷμα
923 2704 1090 2756 αὑτοῦ
1139 2705 1323 2775 φέρων
1373 2702 1503 2776 ἦλθε
1556 2707 1750 2775 δῶρον,
1781 2709 1844 2760 τὸ

265 2791 434 2861 σῶμα
464 2793 628 2846 αὑτοῦ
663 2795 846 2865 φέρων
885 2792 1016 2865 ἦλθε
1067 2797 1261 2868 δῶρον.
1301 2800 1410 2852 Kal.
1441 2800 1495 2851 τί
1528 2800 1658 2870 παρ’
1707 2799 1844 2870 ἐμοῦ

262 2883 434 2936 ἔλασε
471 2884 678 2954 δῶρον;
715 2887 918 2940 πίστιν.
951 2889 1060 2940 Καὶ
1108 2889 1159 2940 τί
1213 2891 1328 2942 ἀντ’
1375 2891 1544 2960 αὐτῆς
1582 2909 1671 2961 μοι
1711 2909 1850 2961 παρ-

267 2974 438 3042 έσχες
483 2975 663 3044 χάριν.
705 2978 1035 3032 Ἐπίστευσα
1089 2978 1222 3047 ἐγὼ,
1269 2983 1565 3051 ἐχαρίσατο
1615 2986 1847 3049 ἐκεῖνος,

2231 2068 2369 2122 enim
2393 2069 2447 2120 in
2475 2066 2782 2135 inﬁrmitate
2810 2067 3136 2134 per/iciturY.
3185 2083 3204 2114 ι

2009 2161 2173 2216 Venit
2230 2177 2262 2216 a
2331 2163 2492 2214 Patre
2552 2159 2806 2213 Christus
2852 2157 2921 2212 ad
2980 2157 3229 2211 homines
3296 2156 3510 2226 legatus

1943 2253 2236 2325 [mactatus
2269 2253 2475 2322 legatus
2525 2247 2628 2322 est]
2662 2261 2716 2304 et
2771 2257 2900 2303 tunc
2955 2263 3142 2317 pacem
3198 2245 3347 2300 fecit.
3404 2244 3512 2300 Sed

1943 2345 2100 2413 legati
2141 2345 2443 2407 venientes,
2477 2353 2529 2396 et
2560 2343 2699 2395 dona
2731 2341 2933 2403 ferunt,
2955 2347 3010 2393 et
3040 2340 3181 2394 dona
3214 2338 3508 2405 accipiunt.

1945 2438 2097 2504 Quod
2130 2436 2292 2506 igitur
2324 2437 2524 2488 donum
2558 2434 2701 2495 tulit,
2743 2442 2796 2485 et
2844 2435 2988 2500 quod
3026 2429 3275 2500 accepit?
3302 2427 3512 2482 Novum

1945 2531 2171 2594 donum,
2207 2528 2332 2598 quia
2364 2537 2418 2581 et
2459 2543 2632 2581 novus
2667 2527 2898 2592 legatus.
2930 2524 3082 2577 Tulit
3112 2525 3270 2578 nobis
3309 2523 3512 2576 donum

1947 2638 2143 2690 corpus
2183 2633 2237 2675 et
2267 2620 2586 2690 sanguinem
2645 2635 2802 2674 suum
2833 2639 2845 2672 :
2876 2628 2929 2673 et
2985 2618 3110 2688 quid
3161 2634 3192 2671 a
3247 2632 3333 2670 me
3366 2631 3521 2669 accr-

1947 2715 2061 2783 pit?
2098 2713 2304 2767 Fidem.
2331 2713 2394 2766 Et
2437 2712 2565 2781 quid
2595 2729 2697 2781 pro
2722 2712 2818 2765 illa
2848 2711 2981 2765 mihi
3025 2709 3215 2764 dedit?
3254 2707 3522 2762 Gratiam.

1947 2807 2160 2860 Credidi
2201 2820 2340 2874 ego,
2406 2805 2503 2858 ille
2547 2805 2776 2874 gratiam
2829 2802 2995 2867 dedit,
3054 2800 3228 2856 soluta
3274 2810 3356 2850 est
3396 2797 3520 2866 [’ira,

1950 2895 2026 2966 et]
2057 2896 2264 2950 odium.
2288 2895 2423 2949 Cum
2473 2893 2624 2947 venit
2665 2893 2872 2961 legat-us
2905 2891 2971 2944 ad
3010 2890 3248 2958 aliquam
3281 2896 3517 2957 gentem,

1952 3004 2060 3042 non
2092 2988 2344 3056 dignatur
2380 3002 2505 3041 cum
2554 2986 2739 3053 aliquo
2783 2998 3023 3053 paupere
3071 2991 3166 3036 aut
3191 2981 3402 3050 plebeio
3449 2979 3525 3029 lo-

267 3064 506 3176 éitu'epr'l]
535 3066 724 3137 ἔχθρα.
759 3067 817 3120 Ὃ
840 3070 1183 3142 πρεσϐευτὴς
1212 3074 1340 3126 ὅταν
1371 3073 1498 3144 ἔλθῃ
1521 3075 1656 3145 πρὸς
1675 3075 1846 3140 ἔθνος,

1973 3081 2069 3149 μιῇ,
2106 3079 2201 3132 sed
2242 3078 2425 3133 statim
2465 3077 2531 3130 ad
2567 3091 2745 3145 regem
2770 3075 2998 3129 accedit.
3027 3071 3128 3128 llic
3157 3086 3288 3126 vero
3317 3071 3525 3139 legatus

267 3159 376 3210 οὐκ
396 3158 541 3222 ἁξιοί
567 3161 674 3212 τινὶ
705 3162 814 3215 τῶν
847 3165 1124 3234 ἀγοραίων
1149 3166 1183 3237 ἢ
1210 3169 1456 3236 πενήτων
1479 3167 1849 3237 διαλεχθῆναι,

270 3249 396 3302 ἀλλ’
432 3251 595 3314 εὐθὺς
631 3253 710 3324 τῷ
742 3254 951 3322 βασιλεῖ
995 3258 1300 3328 πρόσεισιν.
1331 3252 1500 3323 Οὗτος
1542 3260 1600 3313 δὲ
1648 3263 1677 3312 ὁ
1728 3278 1858 3332 πρε-

275 3342 515 3414 σϐευτὴς
544 3341 698 3415 ἦλθε,
731 3349 824 3400 καὶ
856 3349 1058 3413 εὐθέως
1095 3351 1273 3423 πόρνῃ
1300 3353 1396 3406 καὶ
1433 3353 1606 3424 λῃστῇ
1638 3355 1733 3407 καὶ
1771 3371 1860 3406 τε-

272 3432 422 3502 λώνῃ
467 3436 561 3486 καὶ
604 3438 800 3506 μάγοις
844 3439 1138 3511 διειλέχοη.
1179 3439 1332 3505 Εἶδες
1359 3443 1697 3514 πρεσϐευτοῦ
1738 3442 1861 3512 φιλ-

275 3528 640 3600 ανθρωπίαν;
687 3534 749 3586 οὐ
781 3535 888 3606 γὰρ
926 3538 1062 3607 πρὸς
1109 3537 1205 3590 ἕνα
1238 3538 1332 3590 καὶ
1381 3538 1638 3607 δεύτερον
1672 3534 1860 3610 ἦλθεν,

1953 3188 2078 3227 cum
2115 3173 2282 3237 venit,
2329 3171 2512 3226 statim
2557 3185 2680 3222 cum
2719 3168 3022 3230 meretrice,
3051 3167 3278 3230 latrone,
3323 3163 3529 3216 tclona-

1955 3265 2060 3328 rio,
2094 3275 2147 3318 et
2177 3263 2349 3332 magis
2379 3264 2595 3316 locutus
2615 3258 2890 3314 est.\’idcs
2914 3257 3074 3324 legati
3101 3255 3482 3325 benignitatem
3508 3251 3534 3304 ?

1956 3355 2072 3408 Non
2112 3354 2260 3408 enim
2296 3353 2362 3407 ad
2395 3367 2562 3406 unum
2593 3359 2647 3405 et
2674 3351 2905 3404 alterum
2946 3347 3126 3412 venit,
3149 3346 3244 3400 sed
3285 3345 3350 3398 ad
3379 3357 3530 3398 com-

1959 3461 2179 3500 munem
2246 3454 2494 3497 naturam
2534 3483 2550 3508 ,
2593 3452 2648 3496 et
2690 3441 2837 3495 venit
2898 3456 3063 3496 carne
3116 3453 3238 3493 mea
3287 3437 3532 3500 indutus,

1961 3554 2030 3592 ne
2062 3553 2193 3608 pura
2226 3537 2507 3592 divinitate
2539 3534 2808 3590 accedens
2833 3533 3062 3587 bestiam
3098 3539 3318 3584 terreat.

275 3622 418 3676 ἀλλά
444 3625 584 3694 πρὸς
605 3627 702 3697 τὴν
733 3630 919 3700 κοινὴν
947 3632 1108 3698 φύσιν
1129 3649 1141 3662 ³
1176 3634 1271 3687 καὶ
1293 3630 1425 3705 ἦλθε
1451 3635 1512 3687 τὸ
1541 3634 1674 3704 ἐμὸν
1700 3622 2166 3705 περιϐεϐλημένος
2229 3632 2466 3703 ἱμάτιον,
2525 3631 2612 3685 ἵνα
2670 3630 2746 3701 μὴ
2787 3631 2970 3700 γυμνῇ
3001 3630 3069 3699 τῇ
3097 3626 3313 3695 θεότητι
3355 3639 3539 3695 παρα-

279 3715 577 3784 γενόμενος
604 3719 818 3796 φοϐήσῃ
847 3723 946 3793 τὴν
979 3723 1174 3795 Θήραν.

295 3862 400 3914 Ἐκ
433 3862 540 3915 τοῦ
568 3863 609 3894 ⁸³
639 3864 726 3929 εἰς
748 3863 814 3915 τὸ
836 3864 1027 3930 ῥητὸν
1050 3866 1155 3919 τοῦ
1192 3865 1590 3930 Ἀποστόλου,
1626 3884 1644 3916 ι
1681 3865 1748 3919 El
1772 3883 1864 3930 τις

355 3933 428 4005 έν
467 3932 720 4005 Χριστῷ,
763 3934 941 4000 καινὴ
976 3936 1171 4000 κτίσις
1197 3953 1212 3968 ο
1259 3937 1333 3988 τὰ
1365 3936 1584 4004 ἀρχαῖα
1629 3935 1862 4005 παρῆλ-

359 4003 488 4068 θεν,
521 4003 649 4056 ἰδοὺ
679 4005 887 4071 γέγονε
911 4005 1087 4058 καινὰ
1119 4006 1193 4059 τὰ
1221 4003 1449 4058 πάντα
1468 4003 1494 4057 ⁷»

359 4093 487 4146 Ὅτι
516 4096 680 4161 φασὶν
705 4097 754 4147 οἱ
783 4097 1088 4166 έλληνισταὶ
1114 4101 1206 4151 καὶ
1235 4100 1295 4152 τὸ
1323 4101 1609 4164 ἰουδαΐζον,
1637 4099 1702 4152 Τί
1731 4118 1869 4170 κομι

283 4183 457 4245 στάζει
506 4185 717 4249 Παῦλος
746 4186 917 4254 λέγων
943 4204 957 4217 ο
999 4191 1075 4241 Τὰ
1116 4190 1336 4258 ἀρχαῖα
1379 4189 1714 4259 παρῆλθεν,
1739 4191 1867 4245 ἰδοὺ

287 4275 460 4347 [1557
488 4276 580 4347 3.]
609 4277 817 4347 γέγονε
845 4281 1023 4333 καινὰ
1068 4281 1142 4334 τὰ
1185 4280 1385 4334 πάντα
1410 4301 1423 4314 ·
1447 4283 1504 4335 εἴ
1531 4299 1620 4348 τις
1643 4284 1870 4350 ὲνΧρι-

285 4367 440 4434 στῷ,
474 4367 604 4440 [852
634 4367 727 4440 Η.]
755 4373 932 4440 καινὴ
970 4373 1186 4438 κτίσις.
1232 4373 1374 4440 Ἐγὼ
1401 4374 1528 4445 γὰρ,
1561 4375 1716 4444 φησὶ,
1745 4392 1870 4427 καιο

289 4457 386 4510 νὺν
417 4458 571 4511 οὐδὲν
602 4458 802 4528 βλέπω.
839 4463 912 4514 0')
944 4462 1054 4532 γὰρ
1083 4461 1230 4532 ἔχεις
1252 4464 1592 4535 ὀφθαλμοὺς,
1642 4464 1729 4518 ἵνα
1755 4467 1871 4537 ἴδῃς

282 4548 492 4603 ταῦτα.
530 4550 718 4620 Δεῦρο,
749 4553 843 4606 καὶ
872 4555 1083 4624 ποιήσω
1120 4572 1202 4607 σοι
1227 4555 1561 4623 ὀφθαλμούς.
1581 4558 1692 4610 Kal.
1712 4558 1870 4628 ὁρᾷς,

293 4644 398 4696 καὶ
427 4645 493 4696 σὺ
523 4648 696 4708 ποιεῖς
724 4646 1073 4716 ὀφθαλμούς;
1100 4649 1206 4704 ναί.
1239 4651 1348 4702 Καὶ
1407 4650 1755 4719 Δημιουργὺς
1792 4645 1878 4716 ei;

292 4733 397 4784 καὶ
430 4734 594 4787 πάνυ.
640 4735 712 4788 Σὺ
757 4736 1150 4806 ἀπονενόησαι;
1195 4739 1339 4807 οὐχί.
1387 4737 1600 4792 Οὐκοῦν
1650 4738 1878 4809 ποίησον

289 4827 615 4896 ὀφθαλμοὺς
645 4827 738 4880 τοῦ
763 4828 1048 4898 σώματος;
1080 4831 1201 4896 οὐκ,
1244 4831 1381 4884 ἀλλᾶ
1427 4831 1489 4883 τὸ
1536 4830 1744 4900 μεῖζον,
1781 4830 1882 4900 τῆς

290 4920 557 4983 διανοίας.
575 4921 686 4974 Καὶ
708 4926 880 4986 ποιεῖς
910 4941 999 4993 μοι
1021 4924 1333 4994 ὀφθαλμούς
1354 4942 1368 4990 ;
1395 4925 1651 4995 μάλιστα.
1673 4925 1748 4977 Οὐ
1771 4924 1880 4995 γὰρ

295 5012 448 5083 Exin;
481 5014 623 5084 οὐχί.
657 5015 728 5068 Σὺ
761 5016 817 5069 δὲ
849 5017 1025 5087 ἔχεις;
1057 5016 1162 5072 ναί.
1198 5017 1319 5081 Πῶς
1347 5035 1361 5084 ;
1392 5017 1514 5070 εἰπέ
1553 5034 1665 5087 μοι.
1713 5017 1882 5070 Ὅταν

299 5107 553 5178 ἀπέλθῃς
582 5107 664 5170 εἰς
688 5107 834 5174 ναὸν,
859 5110 954 5162 καὶ
985 5109 1100 5180 ἴδῃς
1126 5110 1244 5162 ἐκεῖ
1271 5109 1456 5172 ξόανον
1480 5110 1708 5178 γυμνὸν,
1737 5107 1883 5161 λίθον

302 5199 656 5267 ἄφωνον,καὶ
684 5201 845 5270 εἴπῃς
866 5195 1021 5264 οὗτος
1045 5200 1221 5264 ὁΘεός
1243 5201 1410 5265 ἐστιν,
1438 5198 1548 5269 ἆρα
1574 5199 1888 5269 ὀφθαλμοὺς

1971 3865 2056 3918 Ex
2082 3865 2265 3918 eadem
2317 3860 2540 3913 homilia
2591 3859 2646 3911 in
2692 3857 2892 3910 dictum
2941 3849 3179 3920 Apostoli
3217 3863 3235 3902 :
3275 3868 3294 3899 ι
3337 3849 3397 3904 Si
3439 3869 3546 3921 qua

2039 3951 2162 4001 ergo
2187 3935 2243 3986 in
2271 3931 2482 3986 Christo
2513 3941 2920 4001 novacreatura
2943 3940 2964 3979 :
2997 3931 3170 3977 vetera
3194 3921 3543 3988 transierunt,

2041 3998 2157 4058 ecce
2197 4005 2342 4072 facta
2370 4010 2491 4054 sunt
2523 3998 2700 4052 omnia
2728 4012 2861 4050 nova
2898 4004 2975 4048 ⁸.»

2046 4092 2218 4149 Ιιιιικί
2249 4103 2304 4147 et
2325 4102 2512 4162 gentes
2560 4090 2749 4142 dicunt
2798 4105 2813 4142 :
2849 4087 3010 4153 Quid;
3051 4087 3317 4156 gloriatur
3348 4082 3548 4136 Paulus

1978 4187 2165 4243 dicens
2203 4203 2218 4239 :
2265 4182 2446 4236 Vetera
2477 4179 2820 4240 transierunt,
2875 4191 2990 4228 ecce
3033 4174 3180 4243 facta
3227 4178 3350 4224 sunt
3373 4171 3552 4223 omnia

1980 4294 2134 4334 nova.
2170 4275 2346 4343 Siqua
2365 4275 2421 4325 in
2461 4269 2672 4325 Christo
2731 4283 2864 4320 nova
2914 4274 3182 4319 creatura.
3237 4263 3346 4333 Ego
3399 4276 3548 4321 vero,

1982 4367 2178 4436 inquit,
2209 4364 2344 4418 nihil
2375 4377 2574 4416 novum
2611 4359 2788 4413 video.
2819 4355 2937 4410 Non
2983 4356 3126 4410 enim
3169 4354 3336 4407 habes
3363 4353 3556 4405 oculos

1982 4470 2043 4514 ut
2067 4459 2253 4513 videas
2287 4457 2420 4510 haec.
2463 4451 2675 4507 Accede
2701 4451 2831 4514 huc,
2873 4457 2928 4503 et
2971 4447 3163 4501 faciam
3201 4445 3295 4499 tibi
3341 4444 3552 4498 oculos.

1980 4551 2049 4606 Et
2076 4548 2248 4611 vides,
2287 4555 2342 4600 et
2386 4554 2444 4599 tu
2482 4541 2615 4597 facis
2658 4540 2849 4594 oculos
2889 4538 2912 4591 ?
2966 4541 3063 4591 tta.
3119 4535 3184 4590 Et
3221 4543 3436 4590 creator
3461 4533 3559 4586 es?

1983 4639 2228 4696 omnino.
2275 4635 2428 4690 Tune
2470 4634 2696 4688 demens
2723 4632 2830 4687 es?
2871 4642 3240 4700 nequaquam.
3277 4624 3444 4696 Igitur
3478 4624 3559 4676 la-

1983 4733 2096 4789 cies
2143 4728 2334 4784 oculos
2379 4724 2664 4795 corporis?
2711 4736 3076 4792 nequaquam,
3127 4718 3222 4772 sed
3248 4715 3432 4785 majus
3457 4713 3560 4767 ali-

1985 4823 2340 4897 quid,oculos
2367 4823 2588 4874 mentis.
2623 4817 2688 4872 Et
2721 4816 2855 4871 lacis
2885 4814 3019 4867 mihi
3049 4810 3281 4868 oculos?
3311 4808 3410 4863 Ita.
3439 4806 3557 4860 Non

1987 4921 2133 4975 enim
2185 4912 2797 4981 habeo?Nequaquam.
2858 4907 2936 4960 Tu
2989 4919 3115 4960 vero
3190 4900 3404 4956 habes?
3459 4898 3557 4951 Ita.

1990 5009 2323 5082 Quomodo?
2359 5008 2449 5062 die
2501 5003 2656 5060 mihi.
2688 5001 2824 5057 Cum
2877 4998 3098 5054 veneris
3155 4996 3208 5050 in
3277 4990 3561 5060 templum,

1991 5104 2302 5169 nudamque
2359 5098 2431 5152 ibi
2493 5104 2729 5150 statuam
2766 5089 2996 5153 videris,
3045 5086 3275 5155 lapidem
3325 5089 3559 5140 mutum,

2001 5209 2056 5252 et
2087 5167 2314 5257 dixeris,
2344 5191 2432 5246 llle
2462 5188 2606 5242 Deus
2665 5198 2769 5247 est,
2808 5199 2876 5236 an
2941 5180 3132 5235 oculos
3204 5175 3368 5229 habes
3397 5171 3419 5222 ?
3445 5167 3562 5220 Non

305 5259 486 5360 ἒέειςς
628 5293 735 5361 γάρ
766 5259 959 5362 έξελός
989 5259 1041 5346 τι
1069 5292 1178 5346 τῶν
1200 5259 1408 5357 έξωθεν
1431 5259 1854 5360 ὀιιτθαλμῶνίτῶ

1994 5289 2139 5342 enim
2171 5285 2378 5340 utilitas
2409 5282 2594 5350 aliqua
2647 5278 2932 5334 oculorum
2981 5279 3357 5326 externorum,
3388 5261 3433 5315 si
3475 5259 3568 5311 in-

381 5459 410 5476 '
452 5449 611 5504 Deut.
636 5465 711 5514 tv,
743 5450 798 5505 2.
837 5463 863 5490 ι
899 5448 1035 5514 lmo,
1064 5447 1264 5503 Jercm.
1305 5463 1457 5512 xxui,
1496 5448 1584 5509 '55,
1639 5444 1726 5499 5-4.
1781 5452 1809 5491 Y
1841 5442 1884 5497 ll
1923 5441 2049 5496 Cor.
2087 5456 2184 5503 xu,
2217 5439 2270 5492 9.
2310 5447 2332 5474 κ
2364 5437 2409 5490 ll
2447 5434 2576 5491 Cor.
2634 5432 2803 5495 v.17.

1588 5557 1822 5613 VARle
1861 5555 2271 5612 LECTIONES.

433 5681 475 5712 ιθ
507 5680 780 5753 μετάϐαλε
811 5699 869 5744 ς.
978 5681 1016 5711 ¹¹
1053 5680 1242 5751 λῆμμα
1269 5693 1379 5733 om.
1415 5678 1475 5730 A.

1587 5675 1627 5704 "
1657 5672 1791 5743 φησί
1820 5672 1980 5744 vulgo
2032 5676 2154 5738 post
2198 5665 2402 5737 πατρὸς
2434 5671 2662 5733 ponunt.

2766 5658 2903 5729 ”_éx
2931 5653 3022 5706 τοῦ
3057 5651 3219 5706 αὐτοῦ
3254 5650 3329 5710 εἰς
3364 5665 3425 5711 ς.
