3912 6234
321 249 430 314 279

1511 254 1776 324 ΡΗΟΤῙΙ
1809 257 2316 322 PATBIARCHIE
2357 258 2466 318 CP.

3476 238 3592 306 280

325 372 463 428 terni
497 372 752 442 caligant.
781 373 944 431 Vides
967 392 1107 447 opus
1142 391 1289 444 esse,
1321 389 1379 434 ut
1412 379 1610 436 faciam
1643 380 1740 435 tibi
1769 395 1906 435 ocu-

2021 377 2222 433 ἓνδοθεν
2256 374 2711 448 πεπηρωμένωνς
2755 370 2888 441 ὁρᾷς
2928 368 3012 422 ὅτι
3063 365 3254 437 χρείαν
3302 363 3448 435 ἔχεις
3495 363 3588 416 ίνα

323 466 430 532 los,
459 476 520 523 ut
545 467 732 525 videas
763 469 997 539 lapidem
1034 484 1157 525 esse
1187 471 1442 541 lapidem,
1467 481 1519 526 et
1547 472 1754 543 lignum
1783 487 1905 530 esse

327 557 561 630 lignum,
595 561 865 616 Oculosne
893 561 1058 618 habes
1108 563 1328 633 quando
1388 564 1539 620 vides
1594 564 1824 636 lignum,
1852 577 1908 622 et

329 654 570 707 adoras?
606 653 770 719 Atqui
827 668 928 722 ego
975 653 1018 708 si
1071 655 1346 724 accipiens
1395 656 1737 719 comburam,
1771 675 1902 713 num

328 746 498 800 babes
529 745 720 816 5226
751 747 961 812 oculos,
995 747 1047 800 id
1090 747 1278 813 deum,
1317 746 1467 817 quod
1519 759 1770 804 exustum
1799 758 1902 814 est,

327 839 569 893 vocans?
614 839 843 904 Quando
898 836 1124 894 affectus
1176 849 1231 894 et
1292 839 1406 911 (2|)
1462 841 1904 909 perturbationes

327 929 460 985 deos
489 945 608 985 esse
636 931 798 998 dicis,
831 932 1092 987 oculosue
1125 933 1290 987 habes
1314 933 1336 985 ?
1365 933 1565 988 Ebrius
1604 941 1686 987 est
1716 934 1901 1000 homo,

325 1029 382 1074 et
410 1021 824 1091 circumagitur,
867 1031 919 1076 et
959 1022 1236 1087 irridetur,
1270 1030 1324 1077 et
1349 1038 1418 1077 ex
1451 1025 1674 1078 homine
1704 1023 1763 1078 iit
1807 1024 1904 1078 be-

329 1113 455 1167 stia.
505 1111 587 1166 Tu
637 1129 765 1168 vero
815 1113 1000 1168 dicis:
1055 1113 1302 1168 Ebrietas
1349 1115 1486 1169 deus
1518 1115 1766 1170 Bacchus
1795 1124 1899 1170 est.

329 1203 561 1258 Furtum
599 1205 734 1259 deus
763 1204 1086 1260 Mercurius.
1138 1204 1370 1260 Videsne
1399 1206 1642 1277 indigere
1676 1217 1727 1261 te
1766 1222 1902 1262 ocu-

329 1295 445 1350 lis?
470 1295 600 1366 Lex.
632 1296 858 1351 allectus
891 1297 1068 1366 punit,
1105 1307 1159 1352 et
1191 1299 1288 1354 hos
1321 1307 1372 1352 te
1405 1300 1537 1354 deos
1577 1298 1756 1354 facere
1798 1317 1904 1356 non

338 1385 532 1443 vides?
565 1385 621 1442 Si
653 1400 832 1442 autem
863 1391 966 1455 vis,
999 1391 1236 1456 attende,
1277 1393 1551 1460 quomodo
1602 1391 1741 1447 facta
1797 1395 1908 1448 sint

335 1478 521 1533 omnia
549 1493 707 1533 nova.
745 1479 948 1534 Dicitur
999 1481 1052 1532 in
1099 1480 1383 1550 Scriptura
1435 1484 1639 1536 ereatio
1676 1500 1782 1537 non
1814 1500 1906 1537 so—

333 1573 446 1626 lum
478 1587 508 1626 e
537 1572 708 1626 nihilo
757 1573 811 1625 in
866 1573 1072 1642 aliquid
1113 1574 1418 1642 productio,
1481 1576 1575 1628 sed
1617 1575 1778 1629 etiam
1842 1590 1906 1628 ex

332 1664 519 1733 aliquo
546 1664 599 1717 in
633 1665 827 1719 melius
858 1665 1188 1719 immutatio.
1230 1667 1446 1721 Creavit
1486 1665 1628 1723 Deus
1682 1668 1904 1735 oculum,

334 1756 439 1812 hoc
466 1763 572 1822 est,
605 1771 636 1812 e
666 1757 833 1810 nihilo
857 1758 1001 1812 fecit.
1039 1760 1198 1813 (ἐι-(τοι
1226 1770 1278 1814 et
1306 1759 1526 1829 quando
1559 1760 1764 1814 malum
1805 1761 1907 1815 ho-

333 1848 534 1903 minem
563 1849 770 1905 bonum
813 1851 1010 1904 reddit.
1059 1850 1158 1920 llic
1205 1852 1570 1907 vero'creatio
1609 1864 1691 1908 est
1723 1869 1908 1909 rerum

331 1939 564 1994 mutatio
595 1939 647 1994 in
678 1940 895 1995 melius.
919 1940 986 1995 Et
1011 1942 1136 1995 audi
1169 1941 1429 1996 Davidem
1454 1942 1748 1998 dicentem.
1769 1942 1906 1998 Cum

330 2033 475 2086 enim
507 2042 626 2087 erat
659 2032 795 2102 ipse,
829 2045 882 2088 et
905 2049 1003 2088 cor
1032 2034 1151 2102 ejus
1179 2043 1449 2098 creatum,
1485 2037 1740 2091 sordibus
1780 2052 1909 2090 vero

333 2123 584 2178 adulterii
609 2136 660 2178 et
689 2127 853 2180 caedis
894 2125 1230 2181 maculatum
1265 2137 1368 2196 est,
1405 2137 1459 2181 et
1490 2129 1557 2183 ad
1600 2129 1911 2199 corruptio-

335 2230 457 2270 nem
496 2213 805 2284 l‘erebatur,’
845 2229 1107 2287 provocat
1166 2221 1332 2274 Deum
1363 2221 1551 2276 dicens
1580 2242 1593 2276 :
1624 2220 1730 2276 Cor
1759 2239 1913 2275 mun-

332 2314 460 2364 dum
491 2326 612 2364 crea
671 2312 724 2366 in
757 2328 860 2379 me,
896 2312 1034 2367 Deus
1061 2326 1109 2368 ει.
1159 2314 1276 2369 Νοη
1309 2318 1455 2385 quod
1499 2318 1651 2386 prius
1679 2332 1773 2372 cor
1803 2334 1911 2371 nnn

331 2403 609 2466 habuerit,
637 2419 738 2460 nec
771 2405 839 2458 de
868 2406 1050 2460 cordis
1078 2407 1387 2463 substantia
1428 2409 1692 2479 loquitur,
1722 2411 1819 2464 sed
1847 2410 1914 2464 de

333 2495 544 2552 meliori
577 2497 698 2565 ejus
725 2495 1062 2553 conditione.
1096 2496 1237 2554 Ecce
1265 2501 1432 2570 igitur
1456 2503 1663 2557 creatio
1690 2502 1913 2564 dicitur,

332 2602 442 2642 non
476 2590 652 2644 solum
681 2606 874 2647 eorum
915 2607 1039 2662 qua:
1073 2607 1104 2647 e
1139 2593 1315 2648 nihilo
1343 2595 1610 2664 producta
1638 2606 1789 2659 sunt,
1821 2598 1916 2650 sed

331 2679 495 2734 etiam
561 2693 836 2752 corruptae
891 2695 1102 2739 naturae
1161 2685 1214 2738 in
1276 2686 1474 2741 melius
1538 2688 1790 2740 mutatio.
1827 2687 1920 2742 Sic

333 2781 551 2827 creatur
594 2777 802 2829 munda
852 2777 966 2842 ipsa
1028 2777 1322 2843 adultera;
1366 2779 1447 2832 sic
1477 2779 1795 2833 misericors
1822 2781 1916 2848 qui

335 2877 496 2921 antea
523 2877 707 2937 raptor
731 2884 746 2934 ;
773 2869 854 2923 sic
883 2877 1126 2921 mutatur
1155 2868 1209 2921 in
1236 2883 1393 2922 ovem
1426 2868 1611 2938 lupus,
1635 2870 1686 2921 in
1708 2869 1921 2923 colum-

338 2959 461 3011 bam
494 2959 676 3014 vultur
701 2977 714 3013 :
735 2961 932 3030 duplex
961 2961 1326 3022 creationeo
1347 2973 1401 3016 et
1426 2945 1702 3016 lavacrum
1720 2962 1922 3018 creatio

2008 470 2219 541 ποιήσω
2237 485 2318 521 σοι
2345 462 2832 537 ὀφθαλμοὺς,ὧστε
2856 461 2948 515 τὸν
2971 459 3119 514 λίθον
3167 475 3228 511 σε
3258 457 3384 512 ίδεῖν
3410 455 3585 520 λίθον,

2008 564 2103 617 καὶ
2127 563 2188 617 τὸ
2212 561 2366 627 ξύλον
2389 560 2563 625 ξύλον.
2580 557 2925 628 Ὃφθαλμοὺς
2956 555 3119 626 ἔχεις,
3137 553 3263 606 ὅταν
3287 550 3402 620 ἴδῃς
3426 545 3590 614 ξύλον

2007 656 2103 709 καὶ
2125 655 2516 726 προσκυνήσῃς
2537 669 2551 718 ;
2579 654 2706 707 ὅταν
2736 649 2919 703 λαϐὼν
2941 649 2985 680 ¹⁸
3013 646 3145 700 αὐτὸ
3167 644 3278 713 ἐγὼ
3299 643 3342 674 ¹⁵
3370 640 3587 705 καύσω,

2009 745 2118 818 ἆρα
2161 747 2305 818 ἔχεις
2337 746 2651 816 ὀφθαλμοὺς
2681 743 2741 796 τὸ
2773 741 3063 810 καιόμενον
3097 738 3218 791 Θεὸν
3255 734 3540 805 ὀνομάζων
3570 750 3588 800 ;

2007 839 2136 892 ὅταν
2166 841 2234 893 τὰ
2264 838 2411 909 πάθη
2440 837 2714 906 θεοποιῇς,
2764 832 3076 902 ὀφθαλμοὺς
3115 829 3295 900 Εχειςς
3331 826 3522 898 μεθύει
3560 825 3592 877 ὁ

2007 931 2292 1002 ἄνθρωπος
2319 932 2415 985 καὶ
2444 929 2802 1002 περιφέρεται
2841 926 2933 980 καὶ
2965 924 3335 993 καταγελᾶται
3363 921 3457 975 καὶ
3496 919 3596 988 γί-

2009 1039 2159 1076 νεται
2190 1022 2309 1074 ἀντὶ
2341 1019 2630 1092 ἀνθρώπου
2667 1019 2856 1087 ἄλογος
2879 1035 2894 1050 ο
2935 1017 2998 1070 σὺ
3036 1016 3093 1068 δὲ
3141 1015 3322 1084 λέγεις
3359 1014 3392 1083 ή
3447 1012 3592 1083 μέθη

2010 1115 2132 1178 Θεὸς
2165 1116 2194 1168 6
2233 1114 2507 1175 Διόνυσος,
2537 1115 2570 1182 ἡ
2602 1112 2779 1181 κλοπὴ
2808 1110 2929 1173 θεὸς
2957 1111 2986 1162 ὁ
3030 1109 3260 1178 Ἑρμῆς.
3306 1107 3470 1177 Ὁρᾷς
3506 1107 3594 1159 ὅτι

2007 1207 2166 1277 χρεία
2202 1223 2283 1259 σοι
2313 1205 2646 1276 ὀφθαλμῶνς
2681 1205 2708 1256 6
2742 1203 2904 1273 νόμος
2931 1204 2998 1257 τὰ
3038 1202 3184 1272 πάθη
3221 1200 3462 1264 κολάζει,
3495 1199 3596 1252 καὶ

2011 1303 2075 1356 σὺ
2101 1299 2277 1354 ταῦτα
2305 1298 2569 1352 Θεοποιῶν
2603 1299 2702 1351 οὐκ
2731 1296 2984 1368 αἰσθάνῃ.
3015 1298 3077 1349 El
3127 1295 3306 1366 βούλει
3335 1293 3415 1359 δὲ,
3455 1292 3592 1363 πρό-

2009 1414 2157 1466 σχες,
2183 1396 2332 1458 ὅπως
2359 1395 2550 1461 γέγονε
2583 1391 2762 1445 πάντα
2790 1390 2972 1444 καινά.
3005 1389 3203 1452 Κτίσις
3233 1390 3289 1441 ὲν
3310 1390 3376 1458 τῇ
3396 1386 3592 1456 Γραφῇ

2008 1491 2284 1560 λέγεται¹⁶
2318 1489 2378 1542 οὐ
2419 1488 2580 1559 μόνον
2617 1489 2650 1556 ἡ
2678 1489 2742 1540 ὲκ
2773 1485 2868 1538 τοῦ
2916 1485 2990 1555 μὴ
3031 1484 3184 1546 ὄντος
3231 1485 3314 1544 εἰς
3347 1481 3410 1534 τὸ
3447 1476 3595 1532 εἶναι

2010 1582 2402 1655 παραγωγὴίτ,
2423 1579 2559 1634 ἀλλά
2585 1581 2679 1633 καὶ
2708 1581 2742 1648 ἡ
2767 1581 2831 1631 ὲκ
2855 1578 2949 1631 τοῦ
2982 1577 3134 1639 ὄντος
3166 1576 3260 1628 ἐπὶ
3288 1574 3349 1626 τὸ
3377 1573 3594 1643 βέλτιον

2016 1674 2308 1747 μεταϐολή.
2343 1675 2599 1726 Ἐκτισεν
2629 1672 2657 1723 6
2693 1671 2824 1730 Θεὸς
2848 1670 2940 1723 τὸν
2978 1669 3230 1738 οὐρανὸν,
3259 1665 3406 1719 τοῦτ’
3440 1663 3594 1718 ἔστιν

2012 1772 2076 1823 ἐκ
2107 1768 2202 1821 τοῦ
2245 1765 2318 1837 μὴ
2354 1765 2509 1828 ὄντος
2553 1762 2922 1834 ὲργάσασθαιέ
2964 1761 3158 1824 Κτίζει
3205 1762 3301 1812 καὶ
3343 1759 3473 1811 ὅταν
3497 1755 3595 1809 τὸν

2011 1861 2247 1930 πονηρὸν
2276 1859 2564 1928 ἄνθρωπον
2603 1855 2769 1908 καλὸν
2812 1854 3228 1924 ἀπεργάσηται·
3257 1848 3493 1902 ἐνταῦθα
3529 1847 3596 1899 τὸ

2012 1952 2215 2015 κτίζειν
2244 1949 2586 2020 πραγμάτων
2629 1947 2774 2000 ἐστὶν
2806 1947 2897 1998 ἐπὶ
2929 1945 2991 1997 τὸ
3043 1944 3254 2014 βέλτιον
3293 1939 3595 2011 μεταϐολή.

2013 2046 2122 2096 Καὶ
2165 2043 2395 2096 ἄκουσον
2429 2041 2525 2094 τοῦ
2579 2038 2742 2092 Δαϐὶδ
2770 2037 3044 2104 λέγοντος.
3086 2032 3307 2103 Ἐπειδὴ
3357 2031 3466 2098 γὰρ
3518 2024 3593 2099 ἦν

2013 2137 2174 2200 αὐτὸς
2205 2136 2300 2189 καὶ
2342 2137 2376 2205 ή
2405 2133 2603 2203 καρδία
2631 2129 2794 2185 αὐτοῦ
2826 2127 3125 2195 ἐκτισμένη
3149 2167 3162 2188 ,
3200 2121 3495 2196 ὲρῤυπὼϐη
3535 2120 3598 2172 δὲ

2012 2233 2079 2302 τῇ
2106 2228 2322 2301 μοιχείᾳ
2348 2227 2444 2280 καὶ
2479 2224 2559 2295 τῷ
2592 2224 2736 2293 φόνῳ
2784 2222 2880 2275 καὶ
2930 2221 3071 2291 πρὸς
3117 2217 3325 2286 φθορὰν
3355 2212 3600 2281 κατεφὲο

2019 2337 2159 2391 ρετο,
2193 2316 2504 2387 παρακαλεῖ
2524 2315 2616 2367 τὸν
2637 2313 2772 2366 Θεὸν
2799 2313 2892 2365 καὶ
2923 2312 3094 2379 λέγει·
3131 2307 3391 2376 Καρδίαν
3411 2307 3601 2358 καθα-

2013 2415 2130 2481 ρὰν
2154 2410 2371 2464 κτίσον
2399 2408 2469 2461 ἐν
2499 2405 2629 2475 ἐμοὶ
2661 2408 2691 2458 o'
2720 2407 2886 2468 Θεός.
2920 2405 3030 2473 Οὐχ
3075 2404 3158 2456 ὅτι
3193 2399 3458 2470 πρότερον
3497 2395 3602 2448 οὑν.

2019 2503 2131 2576 εἶχε
2166 2503 2416 2574 καρδίαν,
2447 2500 2568 2554 οὐδὲ
2608 2499 2738 2569 περὶ
2768 2496 2868 2566 τῆς
2900 2493 3089 2556 οὐσίας
3119 2493 3217 2561 τῆς
3246 2487 3471 2560 καρδίας
3506 2485 3603 2538 λὲο

2020 2617 2130 2670 γει,
2158 2597 2296 2652 ἀλλὰ
2345 2596 2474 2663 περὶ
2508 2592 2609 2661 τῆς
2644 2589 2956 2660 κοσμούσης
2988 2585 3158 2656 αὐτὴν
3191 2578 3606 2678 ἀρίστης-πολιῑ

2019 2691 2194 2751 τείας.
2233 2686 2367 2740 Ἰδοὺ
2403 2683 2586 2736 τοίνυν
2617 2682 2798 2743 κτίσις
2827 2680 3050 2748 λέγεται
3081 2676 3140 2729 οὐ
3176 2675 3336 2744 μόνον
3359 2673 3392 2742 ἡ
3416 2670 3479 2722 ἐκ
3503 2670 3604 2721 τοῦ

2027 2782 2100 2852 μὴ
2131 2780 2284 2841 ὄντος
2311 2780 2391 2840 εἰς
2417 2777 2478 2828 τὸ
2505 2773 2643 2828 εἶναι
2670 2770 2999 2843 παραγωγὴ,
3036 2766 3174 2822 ἀλλὰ
3202 2765 3296 2819 καὶ
3330 2763 3365 2834 ή
3384 2761 3484 2832 τῆς
3507 2759 3607 2852 οὐ·

2027 2851 2149 2937 σίας
2182 2869 2580 2940 διαφθαρείσης
2621 2868 2702 2929 είς
2749 2864 2810 2918 τὸ
2859 2863 3071 2934 βέλτιον
3103 2855 3401 2928 μεταϐολή.
3447 2851 3612 2905 Οὕτω

2025 2963 2271 3028 κτίζεται
2299 2961 2530 3030 σώφρων
2563 2959 2597 3028 ή
2623 2957 2820 3027 πόρνη,
2843 2953 3016 3015 οὕτως
3046 2949 3298 3019 ἐλεήμων
3326 2948 3353 2998 6
3387 2940 3610 3013 ἅρπαξο

336 3051 556 3118 dicitur,
581 3052 877 3118 lavacrum,
897 3053 1142 3122 inquam,
1167 3055 1596 3124 regenerationis
1623 3072 1634 3107 :
1667 3054 1917 3112 Exuentei

2031 3058 2173 3111 οὕτω
2201 3052 2596 3126 μεταϐάλλεται
2627 3049 2708 3110 εἰς
2729 3045 3000 3116 πρόϐατον
3029 3045 3058 3096 6
3077 3041 3242 3102 λύκος
3271 3037 3367 3091 καὶ
3396 3038 3425 3088 6
3450 3033 3612 3104 ἱέραξ

337 3143 506 3207 enim,
540 3143 958 3213 inquit,veterem
991 3145 1274 3213 hominem,
1305 3155 1354 3201 et
1407 3148 1682 3203 induentes
1741 3166 1930 3204 novum

337 3249 455 3287 eum
467 3234 556 3302 qui
574 3243 852 3288 renovatur
880 3237 1164 3290 secundum
1179 3238 1460 3307 imaginem
1477 3239 1612 3307 ejus,
1625 3241 1712 3308 qui
1733 3241 1931 3294 creavit

339 3323 490 3376 illum
516 3324 566 3379 ι).
609 3324 770 3380 Vides
817 3326 982 3396 igitur
1024 3343 1223 3382 novam
1255 3345 1378 3384 esse
1418 3341 1749 3385 creaturam.
1789 3331 1930 3397 Quid

340 3417 487 3471 enim
519 3419 651 3471 mihi
681 3419 930 3488 prodest,
967 3421 1011 3474 si
1044 3421 1136 3474 liat
1171 3421 1372 3474 coelum
1422 3439 1648 3486 novum,
1686 3433 1738 3476 et
1783 3433 1927 3478 terra

343 3523 505 3573 nova,
573 3525 674 3578 ego
718 3526 845 3564 vero
893 3511 949 3564 in
1008 3513 1250 3580 peccatis
1310 3514 1446 3568 meis
1494 3515 1933 3571 inveterascam?

344 3599 556 3655 Caelum
589 3600 786 3657 domus
808 3609 911 3668 est,
945 3617 1044 3672 ego
1085 3619 1215 3658 vero
1266 3603 1454 3660 habito
1492 3607 1547 3660 in
1577 3622 1643 3662 ea
1672 3617 1928 3678 aegrotus.

349 3690 655 3761 Siquando
689 3693 932 3748 medicus
980 3695 1035 3747 in
1068 3695 1290 3750 domum
1345 3697 1534 3766 aegroti
1585 3701 1816 3767 veniret,
1879 3709 1934 3756 et

348 3783 495 3838 nulla
525 3785 702 3838 morbi
735 3785 948 3840 ratione
1007 3787 1213 3856 habita,
1260 3789 1527 3845 inalbaret
1573 3793 1834 3861 parietes,
1877 3803 1931 3848 et

348 3890 486 3930 auro
555 3877 835 3947 laquearia
900 3879 1262 3947 incrustaret,
1330 3897 1513 3937 nonne
1568 3883 1782 3938 diceres
1831 3885 1930 3940 illi:

348 3967 500 4023 Bone
548 3969 651 4034 vir,
689 3984 821 4024 cura
876 3981 1163 4040 aegrotum,
1209 3973 1340 4042 quid
1398 3973 1622 4029 domum
1654 3979 1934 4034 exornas?

349 4061 561 4132 Adjuva
625 4063 1062 4120 decumbentem.
1129 4065 1382 4121 Christus
1456 4070 1606 4123 venit
1668 4070 1725 4124 in
1789 4070 1935 4126 hunc

352 4155 643 4220 mundum,
681 4157 736 4210 in
807 4173 918 4228 quo
979 4158 1396 4215 decumbentem
1450 4171 1702 4216 naturam
1753 4180 1931 4218 meam

351 4249 583 4313 invenit,
619 4259 676 4304 et
708 4260 1086 4320 aegrotantem,
1112 4261 1168 4306 et
1195 4253 1264 4308 ad
1292 4269 1412 4309 eam
1438 4256 1740 4311 sanandam
1771 4273 1935 4312 omne

352 4342 500 4397 subit
523 4353 820 4409 certamen,
873 4354 927 4397 et
957 4354 1183 4400 renovat
1239 4347 1623 4418 instauratque
1657 4361 1930 4404 naturam.

2031 3152 2111 3211 είς
2143 3145 2497 3218 περιστεράν.
2554 3141 2658 3193 Δύο
2689 3139 2924 3200 κτίσεις·
2962 3133 3053 3189 διὰ
3082 3132 3242 3186 τοῦτο
3275 3130 3372 3184 καὶ
3399 3127 3460 3181 τὸ
3481 3126 3612 3178 λον-

2028 3242 2158 3312 τρὸν
2189 3240 2398 3308 κτίσμα
2430 3237 2682 3304 λέγεται,
2701 3233 2764 3284 τὸ
2788 3229 3014 3300 λουτρὸν
3040 3226 3184 3294 λέγω
3216 3225 3314 3293 τῆς
3346 3221 3617 3312 παλιγγε-

2030 3309 2240 3394 νεσίας·
2273 3327 2763 3396 Ἀποδυσάμι-νοι,
2785 3323 2896 3392 γάρ
2921 3337 3074 3390 φησι,
3091 3318 3200 3371 τὸν
3226 3312 3488 3369 παλαιὸν
3513 3309 3619 3364 ἆν-

2033 3432 2290 3495 θρωπον,
2327 3417 2796 3488 ἐνδυσάμενοι¹⁸
2845 3413 2969 3468 δὲ¹⁹
2999 3413 3108 3466 τὸν
3134 3409 3298 3471 νέον,
3335 3408 3446 3460 τὸν
3469 3404 3620 3458 ἀνα-

2033 3520 2411 3592 γεννώμενον
2452 3514 2582 3569 κατ’
2627 3514 2834 3567 εἰκόνα
2877 3508 2997 3564 ποῦ’
3031 3506 3366 3568 Κτίσαντος
3404 3498 3617 3592 αὐτόν.

2044 3589 2208 3682 Ὄρᾷς
2235 3604 2329 3662 οὖν
2350 3609 2377 3660 ὅ
2404 3623 2456 3658 τι
2489 3604 2605 3657 ἐστὶ
2639 3602 2799 3672 καινὴ
2831 3601 3030 3662 κτίσις.
3056 3598 3122 3650 Τί
3143 3596 3252 3666 γάρ
3286 3610 3376 3664 μοι
3399 3589 3617 3682 ὄφελος,

2034 3707 2129 3760 ἐὰν
2156 3681 2385 3773 γένηται
2439 3699 2669 3771 οὐρανὸς
2702 3694 2890 3758 καινὸς
2933 3692 3030 3745 καὶ
3061 3691 3133 3761 γῆ
3178 3687 3340 3756 καινὴ
3367 3725 3380 3748 ,
3417 3681 3531 3751 ἐγὼ
3562 3681 3622 3735 δὲ

2032 3800 2150 3860 ταῖς
2177 3793 2474 3866 ἁμαρτίαις
2505 3787 2899 3856 πεπαλαίωμαι
2921 3801 2936 3851 ;
2963 3784 2992 3835 6
3013 3780 3243 3851 οὐρανὸς
3263 3773 3412 3838 οῐκός
3442 3777 3616 3835 ἐστιν,

2035 3889 2147 3959 ἐγὼ
2179 3889 2238 3944 δὲ
2263 3885 2617 3954 διαιτώμενος
2638 3880 2682 3912 ²⁰
2709 3883 2766 3933 ὲν
2796 3877 2945 3947 αύτῷ
2987 3875 3083 3929 καὶ
3127 3869 3321 3928 νοσῶν.
3364 3867 3495 3920 Ἐὰν
3534 3867 3622 3918 ἱα-

2033 3955 2162 4054 τρὸς
2197 3984 2276 4045 είς
2303 3981 2404 4049 τὴν
2445 3977 2622 4031 οίκίαν
2651 3971 2748 4026 τοῦ
2785 3966 3197 4044 ἀρρωστοῦντας
3228 3959 3482 4054 εἰσέλθοι,
3521 3955 3621 4054 καὶ

2033 4048 2127 4130 τοῦ
2162 4075 2260 4146 μὲν
2291 4048 2552 4141 οὐδεμίαν
2611 4065 2869 4137 πρόνοιαν
2895 4059 3073 4123 λάϐοι,
3106 4053 3367 4124 λευκαίνῃ
3395 4051 3453 4104 δὲ
3491 4048 3623 4146 τοὺς

2033 4136 2248 4240 τοίχους
2297 4165 2392 4218 καὶ¹
2422 4136 2795 4232 ⁷χριισογραφῇ
2842 4157 2930 4208 τὸν
2959 4153 3180 4242 ὅροιρον,
3215 4147 3316 4199 οὐκ
3349 4144 3437 4242 ᾑᾶν
3466 4136 3624 4242 εἶπες

2035 4226 2186 4330 αὖτιζὸ
2213 4226 2243 4289 ο-
2265 4258 2595 4320 Ἄνθρωπε,
2644 4245 3000 4311 ἁνὰστησον
3038 4239 3146 4293 τὸν
3185 4231 3526 4330 νοσοῦντας
3567 4226 3626 4279 τί

2035 4321 2380 4420 τὴν-οὶκίαν
2405 4337 2798 4403 καλλωπίζεις
2819 4354 2837 4400 ;
2877 4333 3199 4400 βοήθησον
3238 4321 3623 4420 τᾷικειμένιρ.

353 4433 497 4497 Quid
547 4433 714 4502 igitur
768 4434 1040 4488 medicum
1095 4442 1152 4488 tu
1206 4411 1583 4507 reprehendis,
1643 4441 1772 4510 quia
1823 4459 1917 4496 nor

2041 4411 2152 4498 ιςξιι
2185 4443 2212 4492 6
2237 4435 2616 4508 Χριστὸς
2643 4431 2739 4503 Η.]
2759 4426 3008 4497 είσῆλοεν
3040 4425 3118 4485 είς
3145 4421 3236 4474 τὸν
3270 4417 3480 4510 κόσμον

353 4524 550 4596 523α
581 4526 672 4580 illa
704 4526 852 4593 facit,
880 4528 1159 4585 Christum
1209 4548 1338 4587 vero
1370 4536 1746 4603 reprehendis,
1786 4539 1932 4605 quod

352 4619 471 4674 haec
505 4620 709 4674 faciat?
738 4621 828 4676 Sic
860 4625 1195 4679 transierunt
1231 4628 1481 4698 antiqua,
1523 4629 1604 4683 sic
1630 4629 1771 4685 facta
1804 4642 1934 4686 sunt

353 4729 495 4767 nova
521 4714 728 4779 omnia,
760 4715 838 4768 sic
871 4729 1011 4770 nova
1036 4727 1311 4785 creatura,
1343 4727 1399 4774 et
1426 4719 1534 4774 alia
1570 4720 1740 4775 multa
1770 4721 1926 4775 simi-

353 4809 428 4865 lia
456 4813 581 4880 quis
614 4819 916 4865 coacervet.

2038 4558 2152 4605 τον,
2184 4539 2240 4590 ἐν
2267 4530 2309 4603 ᾧ
2334 4529 2741 4599 κατακειμένην
2771 4517 2898 4594 εὗρε
2929 4520 3029 4590 τὴν
3084 4517 3247 4585 φύσιν
3280 4527 3382 4582 μου
3414 4505 3536 4578 [καὶ
3553 4500 3622 4573 ¹¹]

2038 4631 2328 4685 νοσοῦσαν·
2373 4621 2634 4693 καὶπρὸς
2695 4617 2794 4687 τὴν
2842 4611 3141 4684 θεραπείαν
3184 4604 3357 4672 αὐτῆς
3404 4599 3626 4693 απαντα

2035 4723 2250 4791 δέχεται
2282 4717 2374 4770 τὸν
2406 4712 2615 4783 ἀγῶνα,
2646 4709 2741 4762 καὶ
2773 4700 3114 4764 ἁνακαινίζει
3147 4695 3242 4749 καὶ
3267 4690 3493 4762 ἁνορθοῖ
3526 4686 3628 4756 τὴν

2035 4781 2218 4886 φύσιν.
2239 4810 2303 4862 Τί
2320 4805 2413 4862 οὖν
2434 4781 2524 4859 τὸν
2550 4801 2734 4872 ἰατρὸν
2755 4798 2946 4869 μέμφῃ
2968 4794 3049 4846 ὅτι
3090 4789 3165 4860 μὴ
3176 4785 3380 4886 ’ταῦτα’
3399 4781 3625 4886 misi":

354 4910 446 4962 τὸν
474 4871 718 4979 ’Χριστὸν
761 4901 817 4954 δὲ
857 4901 1022 4955 πάλιν
1072 4903 1176 4956 ὑπὸ
1208 4905 1400 4975 μῶμον
1464 4910 1640 4972 ποιεῖς
1678 4909 1759 4961 ὃτι
1810 4909 1981 4964 ταῦτα
2047 4871 2221 4972 ποιεί;
2279 4903 2422 4956 οὓτω
2469 4895 2715 4968 παρῆλθε
2762 4889 2833 4943 τὰ
2878 4887 3103 4956 ἀρχαῖα,
3142 4879 3286 4933 οὕτω
3318 4876 3515 4945 γέγονε
3561 4871 3630 4925 τὰ

357 5002 537 5058 πάντα
564 5001 748 5068 καινὰ,
783 5000 927 5056 οὕτω
955 5001 1116 5072 καινὴ
1166 5001 1363 5065 κτίσις.
1406 4999 1517 5054 Καὶ
1550 5001 1721 5072 μυρία
1750 5001 1816 5055 ἄν
1841 5020 1925 5065 τις
1953 5001 2176 5054 τοιαῦτα
2207 4991 2533 5064 ἐπισυνάψῃ.

429 5113 455 5141 ε
482 5098 626 5155 Psal.
657 5115 710 5164 L,
735 5100 817 5154 12.
900 5099 929 5138 b
958 5098 1170 5155 Coloss.
1194 5112 1277 5163 ιιι,
1307 5097 1361 5164 9,
1386 5096 1475 5151 10.

1626 5162 1860 5220 VARIA'I
1913 5156 2320 5216 LECTIONES.

433 5267 479 5298 ¹¹⁵
513 5267 717 5330 λαϐὼν]
749 5269 843 5320 καὶ
866 5265 1046 5319 λαϐὼν
1080 5267 1144 5318 Α.
1223 5265 1269 5297 ¹⁵
1301 5262 1411 5330 ἐγὼ
1443 5261 1575 5315 αὐτὸ
1603 5279 1662 5325 ς.
1709 5261 1753 5290 ’³
1780 5259 2113 5324 λέγεταικαὶ
2138 5255 2199 5330 ού
2225 5255 2290 5306 Α.
2367 5251 2413 5330 ξ’
2438 5242 2768 5330 παραγωγὴ]
2793 5232 3367 5330 ίοῒῑθξεξέξρξξῖωὲὴ·

362 5306 1157 5410 capeQZEZJéUEEMQWéoﬁ-I
1186 5337 1246 5387 Λ.
1301 5306 1688 5386 ’ίθἙέὖὶιμἏ
1767 5331 1813 5362 ³ο
1835 5306 1892 5382 δὲ
1915 5333 1943 5382 ὁ
1971 5328 2325 5394 διαιτώμενος
2353 5323 2418 5375 Α.
2480 5306 2643 5370 ἰ’καὶ
2668 5329 2794 5370 ante
2817 5309 3080 5367 νοσοῦσαν
3119 5322 3230 5362 om.
3260 5306 3327 5358 A.

359 5408 533 5462 ἐποίει
559 5408 622 5463 Ᾱ.

3412 5229 3457 5260 ¹⁸
3479 5227 3630 5282 ἐνδυ-

3383 5302 3430 5333 ²³
3463 5291 3627 5364 ποιεί]

1892 5461 2119 5516 NOTAE.

541 5575 653 5646 (‘21)
682 5573 898 5644 Virgil.,
925 5569 1142 5626 .lEneid.
1181 5566 1386 5646 libg‘rx,
1416 5562 1700 5646 γοιεΛὸΙιἲ

1244 5622 1383 5687 Diue
1426 5635 1569 5686 hunc
1613 5632 1860 5686 ardorem
1895 5625 2165 5684 mentibus
2187 5622 2415 5680 addunt,

1146 5705 1394 5763 Euriale?
1425 5705 1504 5759 An
1537 5720 1634 5758 sua
1659 5702 1855 5772 cuique
1882 5699 2017 5756 deus
2045 5700 2105 5753 lit
2133 5695 2248 5750 dira
2274 5689 2507 5761 cupido?
