3912 6234
173 245 269 312 9.81

1205 260 1743 327 BIBLIO’I‘HECA.
1775 293 1843 304 -—
1882 268 2046 329 COD.
2078 270 2458 332 CCLXXVII.

3355 275 3467 342 282

191 364 346 426 (1560
369 365 464 440 3.]
509 369 616 424 Ἐκ
640 373 750 453 τοᾷ
777 375 928 453 μετᾲ
958 374 1064 453 τὰς
1094 375 1412 453 Καιὰνὸας
1434 378 1510 448 τῇ
1534 380 1581 412 ’³
1609 378 1776 449 ἐξῆςο

1893 382 1965 437 Ex
2020 383 2242 438 ltomilia
2304 395 2423 439 oost
2470 385 2757 441 Catendas.
2800 399 2925 453 etc.,
2968 399 3018 443 et
3048 401 3233 445 contra
3283 393 3477 450 ebrios.

641 443 739 496 καὶ
772 445 923 498 κατὰ
944 447 1314 513 μεθυόντων.
1389 443 1396 444 ί
1478 443 1504 448 “’
1655 443 1666 504 ξ

264 533 326 587 Ὀ
349 532 534 585 τοίνυν
573 535 809 602 Χριστὸς
842 537 909 590 τὰ
938 536 1140 608 ἄπειρα
1183 538 1363 611 πλήθη
1398 541 1654 605 ἑστιάσας
1683 542 1775 596 ἐπὶ

187 625 282 695 τῆς
306 625 542 695 ἐρήμου,
573 627 674 678 οὐκ
701 627 794 679 ἐπὶ
827 626 1032 698 σκηνὴν
1066 630 1160 680 καὶ
1192 628 1360 683 ὕπνον
1387 632 1586 696 αὐτοὺς
1612 633 1775 702 ἐπεμ-

187 717 304 786 ψεν,
338 717 454 770 ἀλλ’
491 718 585 770 ἐπὶ
617 719 785 770 θείων
815 720 1080 790 ἀκρόασιν
1106 722 1334 774 ἐκάλεσε
1365 723 1582 790 λογίων.
1613 723 1772 778 Οὕτω

188 811 281 860 καὶ
303 811 469 880 ἡμεῖς
496 810 764 880 ποιῶμεν,
791 813 886 864 καὶ
911 812 1164 866 τοσοῦτον
1183 813 1227 845 ³⁵
1249 813 1519 884 ὲθίσωμεν
1547 814 1776 877 ἑαυτοὺς

187 903 389 956 ἐσθίειν
410 943 424 966 ,
461 904 585 956 ὅσον
633 905 768 972 πρὸς
799 906 859 958 τὸ
894 905 992 976 ζῇν
1024 899 1202 974 μόνον,
1246 908 1343 976 οὐχ
1372 909 1494 960 ὅσον
1528 908 1776 961 διασπᾶ-

187 997 310 1049 σθαι
349 998 446 1050 καὶ
484 996 837 1067 βαρύνεσθαι.
876 998 950 1050 UO
994 1000 1100 1069 γὰρ
1150 999 1239 1052 διὰ
1283 999 1442 1052 τοῦτο
1474 1000 1776 1069 ἐγενόμεθα

186 1089 277 1141 καὶ
308 1086 522 1157 ζῶμεν,
560 1089 647 1141 ἵνα
671 1089 935 1159 φάγωμεν
959 1095 1053 1142 καὶ
1083 1091 1314 1159 πίωμεν,
1350 1091 1486 1143 ἀλλὰ
1509 1090 1596 1143 διὰ
1621 1090 1778 1143 10610

185 1180 467 1247 ἐσθίομεν,
508 1180 596 1232 ἵνα
635 1180 838 1250 ζῶμεν.
872 1181 945 1233 Οὐ
975 1181 1035 1233 τὸ
1058 1181 1156 1249 ζῇν
1182 1182 1272 1234 διὰ
1302 1182 1363 1234 τὸ
1391 1185 1608 1251 φαγεῖν,
1642 1184 1777 1235 ἀλλὰ

187 1270 269 1322 διὰ.
302 1273 364 1322 τὺ
395 1273 499 1342 ζῇν
525 1271 586 1324 τὸ
619 1276 813 1341 φαγεῖν
835 1274 1058 1342 γέγονεν
1087 1274 1144 1337 ἐξ
1166 1275 1362 1345 ἀρχῆς.
1407 1273 1598 1344 Ἡμεῖς
1622 1275 1677 1328 δὲ
1703 1276 1779 1339 ὡς

186 1367 272 1420 διὰ
299 1366 464 1420 τοῦτο
487 1366 734 1430 ἐλθόντες
762 1367 841 1429 εἰς
870 1367 961 1419 τὸν
991 1367 1216 1436 κόσμον,
1250 1365 1423 1430 οὕτως
1450 1370 1663 1421 ἅπαντα
1697 1369 1778 1432 εἰς

185 1460 350 1512 τοῦτο
375 1459 880 1528 καταναλίσκομεν.

198 1574 299 1626 Ἐκ
334 1572 448 1626 τοῦ
481 1574 572 1636 εις
601 1571 664 1625 τὸ
689 1569 880 1639 ῥητὸν
896 1570 1003 1624 τοῦ
1045 1571 1410 1625 Ἀποστόλου
1436 1591 1451 1622 ι
1471 1571 1610 1638 Περὶ
1634 1571 1702 1624 δὲ
1727 1573 1775 1603 ’⁵

250 1643 375 1696 τῶν
427 1642 879 1710 κεκοιμημένων
941 1644 1012 1693 οὺ
1070 1643 1222 1696 θέλω
1283 1640 1440 1710 ὑμᾶς
1497 1643 1776 1709 ἀγνοεῖν,

252 1713 515 1795 (melici
537 1752 554 1776 ,
584 1714 684 1767 ἵνα
711 1713 797 1782 μὴ
831 1711 1115 1780 λυπῆσθε
1157 1713 1237 1778 ὡς
1275 1713 1373 1765 καὶ
1414 1716 1468 1766 οἱ
1506 1715 1732 1779 λοιποὶ,
1755 1733 1772 1764 ι
1807 1735 1856 1795 Β

250 1784 354 1837 καὶ
385 1783 562 1850 ἑξῆς.

251 1877 321 1931 Τί
354 1879 422 1948 δή
457 1893 614 1940 ποτε,
636 1877 765 1930 ᾶταν
792 1875 892 1945 μὲν
915 1876 1042 1946 περὶ
1067 1875 1158 1928 τοῦ
1187 1874 1426 1945 Χριστοῦ
1457 1874 1774 1943 διαλέγηται

184 1971 452 2034 Παῦλος,
477 1969 745 2023 θάνατον
778 1969 934 2024 καλεί
963 1969 1057 2022 τὸν
1105 1969 1316 2020 ἐκείνου
1358 1967 1583 2021 θάνατον
1603 2008 1617 2032 ,
1649 1969 1778 2020 ὅταν

181 2063 242 2115 δὲ
267 2066 398 2132 περὶ
428 2063 530 2131 τῆς
563 2061 841 2131 ἡμετέρας
863 2060 1143 2130 τελευτῆς,
1173 2061 1460 2128 κοίμησιν
1482 2059 1653 2128 αὐτὴν
1683 2061 1778 2112 καὶ

186 2155 250 2206 οὐ
305 2152 571 2206 θάνατον
605 2149 899 2222 ὸνομάζει;
953 2152 1047 2204 καὶ
1078 2151 1186 2220 γὰρ
1225 2152 1284 2202 ὲν
1324 2150 1402 2220 τῷ
1451 2149 1598 2220 αὐτῷ
1636 2149 1780 2218 λόγῳ

188 2246 378 2315 τρίτον
415 2243 677 2315 μνησθεὶς
714 2243 816 2314 τῆς
852 2243 1110 2312 τελευτῆς
1143 2241 1251 2295 τῶν
1283 2241 1588 2313 ἀνθρώπων
1627 2242 1780 2294 οὐδα-

186 2337 299 2408 μοῦ
324 2337 590 2390 θάνατον
621 2337 793 2403 λέγει,
823 2335 958 2389 ἀλλά
984 2337 1269 2404 κοίμησιν
1305 2334 1403 2404 τὴν
1431 2335 1780 2404 ἀναχώρησιν

180 2429 470 2498 ὀνομάζει.
515 2430 592 2482 Οὐ
641 2429 751 2498 γὰρ
801 2428 1097 2499 παρέργως
1145 2426 1320 2497 ταύτῃ
1370 2427 1634 2496 κέχρηται
1671 2424 1780 2477 τῶν

180 2524 388 2588 λέξεων
415 2527 484 2594 τῇ
511 2525 559 2555 ’⁸
576 2526 979 2594 παρατηρήσει,
1012 2523 1148 2577 ἀλλά
1175 2523 1339 2592 σοφόν
1367 2540 1421 2576 τι
1438 2523 1482 2553 ³⁷
1512 2523 1606 2575 καὶ
1639 2522 1782 2592 μέγα

179 2616 617 2681 κατασκευάζει.
667 2616 792 2669 Ἐπὶ
829 2616 926 2686 μὲν
968 2611 1062 2668 οὖν
1093 2615 1188 2667 τοῦ
1228 2612 1467 2685 Χριστοῦ
1515 2613 1783 2668 θάνατον

178 2713 361 2774 καλεῖ,
398 2711 492 2763 ἴνα
538 2711 601 2762 τὸ
639 2709 817 2773 πάθος
848 2708 1189 2777 πιστώσηται
1213 2747 1229 2768 ,
1261 2709 1354 2760 ἐπὶ
1385 2708 1442 2760 δὲ
1470 2708 1630 2778 ἡμῶν
1660 2707 1784 2760 κοίο

175 2818 398 2871 μησεν,
435 2801 528 2855 ἶνα
569 2802 668 2873 τὴν
709 2801 905 2872 ὀδύνην
938 2801 1429 2872 παραμυθήσηται.
1467 2799 1640 2852 Ἔνθα
1686 2800 1785 2870 μὲν

179 2896 293 2964 γὰρ
335 2891 744 2965 προεχώρησεν
789 2895 822 2964 ἡ
870 2892 1200 2956 ἀνάστασις,
1239 2892 1458 2964 θαρρῶν
1493 2893 1651 2946 καλεί
1685 2893 1785 2946 θά-

177 3005 343 3040 νατον
366 3004 380 3017 ·
417 2987 554 3040 ἔνθα
585 2987 642 3040 δὲ
673 2989 730 3040 ὲν
759 2987 972 3039 ἐλπίσιν
996 2985 1074 3039 ἔτι
1107 2986 1284 3056 μένει,
1317 2986 1578 3056 κοίμησιν
1607 2987 1782 3053 καλεῖ,

1945 538 2199 594 Christus
2228 556 2477 610 magnam
2528 543 2936 599 multitudinem
2972 546 3025 600 in
3071 547 3292 602 deserto
3337 564 3474 604 con-

1875 631 2019 685 vivio
2046 632 2323 701 excipiens
2346 643 2394 699 ο,
2426 649 2532 687 non
2563 636 2684 689 illos
2725 638 2790 690 ad
2817 639 3110 693 tentorium
3139 649 3193 693 ct
3220 657 3476 697 somnum

1878 725 2046 790 misit,
2073 724 2165 778 sed
2201 726 2265 778 ad
2305 725 2486 780 divina
2543 728 2705 781 verba
2731 730 3000 783 audienda
3030 733 3262 786 vocavit.
3301 733 3390 788 Sic
3423 743 3480 791 et

1878 830 1979 869 nos
2032 813 2319 881 faciamus,
2363 825 2417 871 et
2479 826 2690 872 tantum
2725 835 2825 873 nos
2857 821 3030 875 edere
3057 840 3474 892 assuescamus,

1877 898 2140 979 quantum
2170 910 2234 963 ad
2265 911 2432 964 vitam
2475 913 2732 966 tuendam
2784 914 3006 980 snllicit,
3046 932 3154 970 non
3198 929 3468 986 quantum

1878 1014 2073 1058 noceat
2100 1014 2152 1058 ct
2191 1015 2402 1074 gravet.
2457 1003 2576 1059 Non
2615 1006 2761 1060 enim
2797 1007 3006 1062 ideirco
3047 1012 3166 1063 nati
3199 1027 3392 1067 sntnus
3423 1023 3477 1067 et

1879 1100 2132 1163 vivimus,
2169 1109 2226 1153 ut
2254 1099 2482 1154 edamus
2519 1111 2572 1153 et
2604 1101 2880 1166 bibamus,
2932 1102 3026 1156 sed
3071 1103 3196 1157 ideo
3225 1105 3466 1168 edimus,

1880 1201 1941 1246 ut
1972 1192 2235 1245 vivamus.
2262 1191 2380 1245 Non
2416 1193 2523 1246 vita
2554 1202 2776 1262 propter
2804 1193 3010 1254 cibum,
3040 1196 3134 1250 sed
3161 1195 3316 1250 cibus
3343 1212 3476 1265 pro—

1881 1295 1998 1354 pter
2057 1283 2222 1337 vitam
2272 1285 2343 1338 ab
2394 1284 2552 1338 initio
2624 1285 2802 1340 factus
2843 1298 2948 1343 est.
2981 1285 3091 1342 Nos
3155 1303 3284 1342 vero
3314 1291 3475 1353 quasi

1881 1376 2002 1430 ideo
2033 1376 2085 1428 in
2121 1375 2383 1430 mundum
2415 1392 2550 1430 vene
2566 1377 2764 1443 ritnus,
2791 1378 2870 1432 sic
2901 1379 3087 1431 omnia
3122 1379 3176 1432 in
3210 1394 3330 1432 eam
3363 1393 3475 1433 rem

1883 1469 2268 1522 consumimus
2280 1510 2292 1522 .

1881 1559 1949 1613 In
1979 1560 2179 1611 dictum
2225 1559 2468 1632 Apostoli
2515 1574 2533 1612 :
2575 1580 2593 1612 (
2638 1559 2905 1614 Nolumus
2958 1578 3061 1632 quos
3114 1564 3362 1632 ignorare
3414 1562 3482 1615 de

1951 1631 2348 1738 dor-rationalibus,
2389 1641 2446 1684 ut
2472 1648 2576 1685 non
2609 1631 3049 1699 constristemini,
3103 1633 3239 1687 sicut
3295 1645 3344 1686 et
3379 1649 3478 1687 ca:-

1959 1713 2052 1738 ΙΩΡΩ
2156 1719 2173 1738 I
2201 1713 2280 1738 011⁸

1957 1713 2054 1754 tert
2070 1713 2120 1765 ιι,
2155 1719 2173 1752 ι
2201 1713 2301 1754 etc.

1950 1875 2133 1943 Quare
2159 1878 2397 1945 Paulus,
2427 1893 2555 1933 cum
2579 1878 2647 1934 de
2676 1878 2901 1935 Christo
2927 1880 3194 1951 loquitur,
3224 1895 3461 1940 mortem

1881 1971 2057 2042 ipsius
2089 1984 2250 2027 vocat
2288 1981 2510 2026 mortem
2528 1983 2576 2038 α,
2605 1989 2732 2028 cum
2791 1990 2922 2030 vero
2958 1976 3026 2030 de
3079 1985 3269 2031 nostra
3302 1987 3482 2034 morte

1879 2063 2043 2117 verba
2081 2063 2230 2126 facit,
2260 2063 2630 2117 dormitionem
2653 2065 2828 2127 illam,
2854 2077 2909 2120 et
2958 2083 3066 2121 non
3116 2079 3339 2122 mortem
3378 2086 3477 2140 ap-

1881 2156 2091 2229 pellatf
2124 2155 2147 2208 ‘2
2184 2155 2320 2209 Nam
2366 2156 2421 2209 in
2455 2156 2643 2210 eadem
2699 2159 2953 2213 oratione
3007 2170 3092 2214 ter
3139 2163 3475 2218 mentionem

1882 2250 2077 2305 mortis
2131 2249 2413 2302 hominum
2469 2249 2675 2305 faciens
2738 2267 3018 2320 nunquam
3068 2263 3291 2306 ntortem
3321 2255 3478 2320 dicit,

1883 2341 1977 2397 sed
2043 2339 2418 2393 dormitionem
2487 2339 2771 2394 decessum
2835 2340 3103 2396 nominat.
3163 2342 3281 2396 Non
3337 2345 3485 2400 enim

1883 2445 2088 2490 temere
2118 2434 2204 2488 his
2236 2449 2369 2489 usus
2400 2433 2580 2489 verbis
2617 2434 2936 2503 Apostolus,
2997 2436 3090 2490 sed
3147 2451 3403 2505 magnum
3430 2450 3484 2492 et

1885 2529 2104 2599 sapiens
2131 2529 2391 2598 quiddam
2432 2538 2724 2598 praeparat.
2775 2528 2835 2582 In
2883 2529 3106 2584 Christo
3139 2529 3308 2601 igitur
3335 2545 3485 2584 mor-

1888 2632 1992 2676 tem
2021 2630 2204 2686 vocat,
2242 2632 2300 2676 ut
2328 2620 2514 2691 passio
2555 2621 2836 2686 credatur,
2889 2621 2945 2674 in
2985 2621 3144 2677 nobis
3191 2638 3322 2677 vero
3361 2625 3485 2675 dor-

1885 2714 2179 2778 mitionem,
2229 2724 2288 2766 ut
2339 2713 2581 2766 dolorem
2633 2713 2978 2767 consoletur.
3020 2710 3120 2767 Ubi
3157 2713 3303 2768 enim
3337 2729 3477 2781 prae-

1885 2804 2054 2860 cessit
2111 2804 2464 2871 resurrectio,
2516 2803 2802 2858 coniidens
2854 2812 3014 2858 vocat
3065 2815 3345 2858 mortem:
3378 2805 3475 2858 ubi

1886 2914 2018 2953 vero
2053 2899 2106 2952 in
2133 2913 2228 2966 spe
2275 2897 2457 2952 adhuc
2492 2905 2700 2961 manet,
2736 2897 3120 2952 dormitionem
3150 2898 3387 2968 appellat
3429 2901 3476 2953 l5:

1889 3003 1942 3046 et
1967 2991 2070 3046 hac
2099 2991 2464 3060 appellatione
2504 3006 2606 3045 nos
2649 2991 2946 3045 consolans
2976 2991 3030 3043 in
3060 2991 3258 3045 bonam
3306 2988 3480 3062 [vine]

182 3080 286 3132 xc".
315 3079 412 3132 δ’ιά
441 3079 652 3148 ταύτης
681 3077 1180 3148 παραμυθούμενος
1210 3080 1356 3147 ἡμᾶς
1390 3079 1489 3146 τῆς
1525 3095 1785 3148 προσηγο·

1900 3100 2050 3154 spem
2084 3084 2264 3153 erigit.
2300 3082 2588 3137 Dormiens
2615 3083 2765 3136 enim
2797 3082 3024 3136 omnino
3053 3093 3321 3152 resurget,
3355 3097 3480 3137 cum

180 3172 343 3241 ρίας,
377 3173 476 3223 καὶ
505 3172 752 3241 χρηστὰς
787 3171 1008 3234 ἐλπίδας
1045 3172 1341 3223 ὑποτείνων
1376 3173 1531 3240 ἡμῖν.
1579 3173 1638 3223 '0
1677 3171 1788 3242 γὰρ

178 3266 542 3334 κοιμώμενος
579 3265 945 3332 ἀναστήσεται
988 3264 1207 3326 πάντως
1237 3304 1253 3329 ,
1283 3265 1405 3316 ἐπεὶ
1435 3265 1530 3316 καὶ
1565 3263 1793 3328 θάνατος

180 3359 342 3410 οὐδὲν
372 3357 570 3426 ἕτερόν
597 3359 746 3409 ἐστιν
776 3356 809 3427 ἢ
841 3355 1236 3427 μακροχρόνιος
1266 3355 1455 3417 ὕπνος.

187 3471 302 3524 Τοῦ
327 3468 520 3523 αὑτοῦ
541 3469 974 3538 Χρυσοστόμου
1003 3469 1072 3521 ἐκ
1089 3468 1193 3522 τοῦ
1214 3470 1348 3537 περὶ
1368 3471 1700 3536 Met-avolat;
1722 3469 1786 3524 ’⁸.

253 3563 459 3617 Μάννα
504 3561 694 3632 ἢσθιον
735 3561 785 3613 οἱ
841 3560 1104 3622 Ἰουδαῖοι,
1146 3561 1245 3613 καὶ
1291 3562 1361 3614 τὰ
1411 3563 1469 3614 ἐν
1526 3561 1794 3632 Αἰγύπτῳ

183 3655 461 3724 κρόμμυα
521 3653 863 3724 ἐπεζήτουν·
921 3652 1095 3718 οὕτως
1157 3654 1385 3726 αἰσχρὸν
1439 3657 1471 3725 ἡ
1533 3654 1793 3726 συνήθεια

183 3750 434 3819 πρᾶγμα
462 3750 555 3800 καὶ
585 3749 866 3801 κάκιστον.
900 3747 1022 3800 Κᾶν
1052 3749 1132 3810 εἰς
1175 3747 1306 3800 δέκα
1339 3749 1555 3818 ἡμέρας
1593 3765 1794 3818 κατορ-

185 3841 402 3913 θώσῃς,
429 3843 535 3894 κᾶν
557 3841 638 3904 εἰς
655 3840 850 3904 εἴκοσι,
882 3839 987 3893 κᾶν
1009 3841 1088 3902 εἰς
1107 3839 1430 3910 τριάκοντα,
1453 3841 1552 3894 οὐκ
1569 3841 1788 3908 ἀγαπῶ,

186 3932 250 3984 οὗ
279 3932 446 4002 χάριν
474 3930 603 4000 ἔχω,
634 3931 692 3983 ού
725 3929 1178 4001 περιπτύσσομαὶ
1214 3946 1274 3982 σε
1301 3945 1316 3994 ;
1346 3929 1523 3982 Μόνον
1557 3929 1631 4001 μὴ
1657 3931 1792 3982 ἀποο

189 4024 382 4094 κάμῃς
404 4066 418 4085 ,
457 4023 574 4076 ἀλλ’
604 4024 868 4093 αἰσχύνου
910 4023 1004 4076 καὶ
1047 4023 1450 4090 καταγίνωσκε.
1483 4021 1652 4074 Πάλιν
1685 4021 1794 4074 διε-

190 4117 395 4187 λέχθην
420 4119 468 4148 ²⁹
502 4117 636 4189 περὶ
676 4117 922 4189 ἀγάπης·
965 4118 1236 4188 ἤκουσας,
1262 4117 1533 4186 ἀπῆλθες,
1569 4117 1663 4170 καὶ
1689 4116 1792 4186 ἦρ-

195 4226 379 4271 πασας
403 4225 417 4239 ·
449 4209 551 4262 οὐκ
596 4209 854 4275 ἐπεδείξω
893 4209 982 4262 διὰ
1013 4207 1123 4261 τῶν
1154 4208 1332 4279 ἔργων
1364 4207 1457 4260 τὸν
1490 4208 1666 4275 λόγον.
1698 4207 1790 4276 Μὴ

199 4300 498 4368 αἰσχυνθῇς
522 4297 685 4352 πάλιν
708 4297 968 4352 εἰσελθεῖν
994 4297 1122 4370 [854
1143 4297 1236 4369 Η.]
1256 4299 1334 4362 εἰς
1353 4299 1453 4367 τὴν
1471 4297 1786 4368 ἐκκλησίαν.

1898 3194 2044 3234 mors
2085 3177 2222 3232 nihil
2250 3177 2324 3233 sit
2353 3175 2528 3242 aliud,
2567 3190 2735 3246 quam
2765 3175 3066 3231 diuturnus
3112 3191 3370 3231 somnus.

2094 3473 2178 3529 Ex
2198 3474 2418 3528 homilia
2449 3471 2816 3543 Chrysostomi
2845 3471 2912 3526 de
2935 3468 3282 3524 Pwnitentia.

1961 3569 2329 3626 Comederunt
2357 3565 2525 3621 ,ιυᾶωί
2571 3581 2772 3619 manna
2792 3566 2843 3628 ιι,
2872 3572 2927 3618 et
2983 3579 3141 3632 cepas
3199 3560 3484 3632 Egyptias

1892 3662 2208 3734 quaerebant
2252 3675 2266 3710 :
2314 3659 2450 3713 adeo
2499 3658 2677 3728 turpis
2713 3673 2804 3711 res
2833 3666 2916 3712 est
2947 3655 3306 3718 consuetudo,
3350 3653 3484 3722 quin

1894 3753 2154 3824 pessima.
2209 3751 2362 3805 Licet
2412 3765 2508 3821 per
2552 3751 2737 3804 decem
2779 3749 2899 3804 dies
2929 3748 3190 3818 praeclare
3220 3757 3270 3800 te
3301 3760 3481 3816 geras,

1893 3846 2017 3900 licet
2043 3860 2139 3914 per
2182 3843 2400 3914 viginti,
2461 3857 2558 3911 per
2595 3842 2840 3911 triginta,
2871 3855 2978 3894 non
3024 3840 3337 3909 acquiesco,
3373 3855 3482 3892 non

1891 3938 2120 4009 gratiam
2155 3937 2348 4000 habeo,
2387 3949 2493 3986 non
2526 3942 2576 3988 te
2611 3933 2948 4001 complector
2988 3950 3001 3984 :
3036 3933 3199 3985 modo
3231 3947 3298 3985 ne
3324 3931 3480 3985 defa-

1894 4030 2100 4098 tigeris,
2153 4028 2249 4083 sed
2307 4025 2647 4102 suﬂ‘undaris
2702 4025 2950 4095 pudore,
3010 4035 3172 4094 teque
3227 4037 3478 4077 accuses.

1892 4125 2094 4175 lterum
2132 4121 2198 4174 de
2227 4119 2489 4173 charitate
2521 4116 2921 4180 disseruimus;
2980 4114 3204 4179 audisti,
3260 4111 3479 4173 abiisti,

1891 4211 2142 4281 rapuisti,
2170 4223 2275 4263 non
2303 4208 2562 4276 operibus
2595 4204 2786 4275 523b
2816 4220 3123 4260 sermonem
3154 4201 3484 4260 ostendisti:

1892 4319 1960 4358 ne
1987 4303 2184 4357 iterum
2237 4298 2446 4370 ingredi
2503 4297 2799 4352 Ecelesiam
2855 4298 3170 4357 erubescas,
3221 4293 3485 4348 crnhesce

201 4388 469 4458 Αἰσχύνου
511 4389 864 4459 ἁμαρτάνων,
919 4389 993 4460 μὴ
1039 4390 1300 4460 αἰσχύνου
1338 4389 1636 4460 μετανοῶν.
1683 4388 1785 4442 Δύο

1893 4410 2142 4467 peccare,
2205 4409 2313 4446 non
2370 4390 2633 4444 erubesce
2670 4389 2955 4458 poenitere.
3009 4387 3127 4440 Duo
3191 4387 3303 4440 haec
3331 4391 3480 4449 sunt,

202 4479 373 4534 ταῦτα
419 4483 592 4544 ἐστιν,
623 4480 869 4551 ἁμαρτία
900 4484 994 4534 καὶ
1030 4481 1323 4551 μετάνοια,
1369 4480 1592 4552 τραῦμα
1627 4479 1726 4550 μὲν
1753 4482 1787 4551 ἠ

209 4573 468 4644 ἁμαρτία,
499 4574 793 4644 φάρμακον
817 4573 862 4626 δ’
894 4573 927 4644 ἡ
960 4576 1241 4643 μετάνοια.
1285 4574 1374 4626 Ἐν
1404 4572 1483 4643 τῷ
1509 4571 1787 4643 τραύματι

211 4664 478 4730 σηπεδὼν,
503 4666 561 4716 ἐν
587 4663 664 4734 τῷ
688 4665 967 4734 φαρμάκῳ
988 4665 1089 4732 τῆς
1109 4666 1400 4736 σηπεδόνος
1425 4663 1785 4734 καθαρισμός.

224 4754 302 4806 Ἑν
325 4759 391 4826 τῇ
421 4754 671 4826 ἁμαρτία
693 4756 916 4821 ὄνειδος,
941 4758 1136 4824 γέλως·
1167 4760 1223 4809 ὲν
1250 4760 1316 4828 τῇ
1345 4757 1604 4828 μετανοίᾳ
1631 4755 1790 4809 ἔπαι-

221 4863 313 4910 νος,
345 4849 634 4920 παρρησία
667 4849 733 4916 ³ο,
766 4850 1068 4920 ἐλευθερία.
1125 4850 1266 4903 Ἀλλ’
1301 4851 1650 4922 ἀντιστρέφει
1687 4851 1787 4920 τὴν

227 4941 355 5005 ταξιν
394 4944 421 4994 ὀ
464 4943 731 5006 Σατανᾶς.
779 4943 876 4994 καὶ
905 4943 1090 4995 δίδωσι
1120 4947 1234 5007 τοῖς
1267 4945 1608 5014 πειθομένοις
1639 4943 1789 5014 αὐτῷ

229 5030 278 5082 ὲν
298 5034 389 5100 μὲν
410 5036 475 5106 τῇ
504 5033 754 5104 ἁμαρτίᾳ
779 5032 878 5104 τὴν
907 5033 1243 5105 παρρησίαν,
1267 5035 1326 5087 ὲν
1353 5035 1406 5088 δὲ
1434 5038 1499 5106 τῇ
1529 5036 1790 5105 μετανοίᾳ

227 5121 309 5192 τὴν
335 5127 617 5198 αἰσχύνην.
648 5127 719 5178 Σὺ
750 5125 806 5178 δὲ
841 5124 916 5195 μὴ
943 5124 1173 5194 πεισθῇς
1202 5125 1371 5196 αὐτῷ,
1406 5126 1520 5180 ἀλλ’
1549 5127 1788 5197 ἑκατέρᾳ.

235 5219 405 5285 πράξει
436 5221 499 5273 τὸ
531 5221 732 5272 οἰκεῖον
768 5217 1143 5288 ἀπονέμεσθαι
1179 5219 1502 5276 σπούδασον.

287 5344 307 5371 ε
338 5334 498 5390 Matii.
523 5351 636 5394 xlv,
660 5335 750 5389 15.
874 5334 901 5374 ἀ
930 5334 949 5388 l
982 5333 1176 5388 Thess.
1203 5351 1276 5402 tv,
1318 5337 1402 5390 15.

232 5405 480 5470 miti-15.
563 5409 590 5446 ιι
623 5404 798 5462 Exod.
829 5422 939 5474 xw,
962 5409 996 5463 5
1021 5420 1174 5475 seqq.

1515 5347 1539 5376 θ
1571 5335 1731 5390 Rom.
1766 5350 1843 5399 γι,
1877 5333 1930 5389 5.

1897 4496 2180 4557 peccatum
2218 4493 2271 4538 et
2293 4482 2648 4554 poenitentia:
2681 4480 2880 4533 vulnus
2913 4478 3135 4548 quidem
3173 4486 3478 4546 peccatum,

1897 4580 2193 4637 remedium
2233 4575 2554 4646 pmnitentia
2582 4593 2594 4627 :
2626 4575 2678 4626 in
2717 4571 2944 4625 vulnere
2979 4570 3238 4639 putredo;
3295 4570 3348 4620 in
3378 4582 3490 4635 poeo

1896 4676 2124 4730 nitentia
2151 4669 2455 4741 putredinis
2487 4666 2773 4721 mundatio
2808 4686 2821 4717 ι
2859 4663 2912 4716 in
2953 4673 3178 4731 peccato
3222 4660 3483 4730 probrum

1896 4778 1949 4822 et
1985 4765 2209 4828 derisio,
2239 4763 2291 4815 in
2322 4758 2643 4830 ptenitentia
2691 4758 2835 4819 laus,
2889 4765 2954 4809 et
2983 4755 3206 4809 libertas
3239 4753 3482 4819 dicendi,

1896 4875 1961 4913 ac
1987 4874 2016 4912 e
2051 4857 2313 4912 servitute
2367 4850 2634 4907 Iiberatio.
2681 4847 2786 4903 Sed
2828 4849 3063 4902 Satanas
3090 4846 3339 4900 ordinem
3373 4848 3482 4898 im-

1897 4959 2092 5014 mutat,
2121 4949 2322 5017 datque
2356 4947 2419 4998 iis
2443 4943 2537 5012 qui
2566 4941 2642 4996 illi
2670 4941 2953 5004 obedinnt,
2984 4941 3036 4993 in
3064 4951 3284 5009 peccato
3315 4938 3485 4990 licen-

1900 5040 2051 5104 tiam,
2087 5039 2141 5091 in
2181 5034 2505 5107 poenitentia
2540 5032 2824 5101 pudorem.
2867 5028 2974 5083 Tu.
3002 5044 3135 5083 vero
3191 5045 3257 5081 ne
3289 5027 3484 5082 credas

1899 5131 2000 5197 illi,
2031 5131 2126 5186 sed
2159 5130 2378 5197 utrique
2405 5124 2609 5180 actioni
2651 5138 2814 5177 suum
2842 5122 3090 5176 tribucre
3120 5120 3300 5176 stude.

2071 5329 2091 5370 ί
2122 5330 2289 5385 lCor.
2317 5345 2393 5396 χι,
2420 5327 2527 5394 5ος
2573 5340 2663 5396 xv,
2693 5324 2748 5392 6,
2779 5324 2867 5390 18,
2905 5323 2994 5387 20,
3020 5321 3108 5376 51.
3214 5315 3483 5410 sllThess-

1528 5494 1758 5552 VARUS;
1792 5486 2196 5548 LECTIONES.

316 5593 356 5625 ’³
380 5597 444 5665 τῇ
471 5595 514 5648 Α
550 5617 562 5651 :
593 5596 690 5648 καὶ
722 5613 784 5660 ς.
839 5664 842 5665 ν
890 5593 937 5665 ’,⁸
964 5592 1190 5665 τοσοῦτο
1213 5613 1275 5660 ς.
1320 5664 1323 5665 ν
1353 5595 1398 5626 ³³
1431 5591 1492 5644 δὲ
1533 5605 1645 5665 om.
1705 5589 1770 5665 Αἶ

1884 5587 1930 5619 ³⁸
1958 5587 2026 5655 τῇ
2087 5583 2208 5636 add.
2270 5581 2350 5655 _A.
2423 5581 2468 5655 ξτ
2497 5575 2893 5655 τιῌξοειιλίερςε
2947 5573 3068 5628 libri
3095 5587 3175 5655 τεῇ.
3377 5567 3484 5655 T06

231 5691 284 5741 :—
311 5637 1188 5741 μετὲνοῖαίςῖάνῖγνώσθη*εἶτ-οξ
1207 5637 1339 5737 τῖἑρι
1374 5637 1664 5736 μετανοίας
1840 5637 2390 5727 αὑτούχρυσοστόμου
2415 5651 2480 5705 A.
2549 5650 2594 5684 “
2624 5637 2926 5718 διειλέχθην
2965 5661 3026 5708 ς.
3095 5641 3163 5714 ,³⁸³
3203 5637 3484 5709 παρρησία

231 5729 414 5800 ἔπαινος
442 5736 509 5792 Α.
