3912 6234
491 261 598 325 283

1624 261 1851 324 ΡΗΟΤΙ
1860 263 1888 322 Ι
1927 261 2430 324 ΡΑΤΒΙΑΒΟΗᾹΞ
2479 265 2588 325 CP.

3631 261 3740 324 284

504 375 650 430 Visio
689 393 850 443 quam
903 377 1031 431 vidit
1071 375 1249 431 Isaias
1299 385 1489 428 contra
1540 374 1786 429 Judaeum
1823 385 1872 430 et
1904 372 2030 427 Jeru

2134 407 2141 429 ι
2171 371 2420 438 Ὅρασις
2446 374 2485 404 ³³
2523 374 2604 442 ἢν
2631 371 2792 428 εἶδεν
2841 374 3080 440 Ἡσαΐας
3124 374 3272 429 κατὰ
3312 374 3595 442 Ἰουδαίας
3632 379 3733 431 καὶ

1195 446 1376 500 salem.

565 535 659 590 Dic
714 536 979 591 visionem
1041 551 1203 606 quam
1255 535 1459 590 vidisti.
1499 533 1618 604 ipse
1663 543 1844 589 autem
1879 534 2060 591 dicit:

2644 444 2793 498 κατὰ
2834 444 3245 514 Ἰερουσαλήμ.

2234 534 2368 587 Εἰπὲ
2389 535 2486 605 τὴν
2510 536 2698 604 ὅρασιν
2723 536 2790 606 ἢν
2814 533 2971 599 εἶδες.
3007 537 3065 588 '0
3088 537 3145 589 δὲ
3175 537 3320 605 λέγει
3353 538 3592 602 Ἄκουε,
3622 539 3732 592 οὐ·

491 624 700 684 Audite.
728 627 925 690 caeli,et
947 628 1161 681 auribus
1191 628 1592 697 percipe,'terra,
1615 628 1860 698 quoniam
1885 627 2030 682 Domi

2154 624 2332 691 ρανὲ,
2388 626 2485 679 καὶ
2534 624 2838 690 ἐνωτίζου,
2883 626 2983 695 τῆ,
3017 627 3105 681 ὅτι
3143 629 3360 696 Κύριος
3397 628 3729 694 ἐλάλησεν.

492 720 825 771 uuslocutus
853 721 995 771 esti.
1055 721 1170 772 Alia
1226 719 1549 788 promisisti.
1631 720 1736 772 alia
1795 720 2057 787 loqueris.

491 809 780 878 Incipiens,
812 811 993 865 dixisti
1031 831 1046 866 :
1086 813 1223 866 Visio
1249 829 1404 880 super
1447 810 1692 865 Judaeum
1740 821 1789 864 et
1837 810 2059 865 Jerusa-

489 899 591 952 lem
617 916 635 952 :
675 909 730 953 et
759 901 956 956 omissa
1015 903 1346 964 narratione,
1397 917 1518 955 cum
1549 911 1690 954 terra
1732 911 1786 955 ct
1815 902 1952 955 casio
1980 903 2060 954 lo-

489 991 698 1057 queris.
729 988 990 1045 Homines
1022 991 1304 1060 relinquis,
1330 1002 1383 1046 et
1415 1007 1537 1046 cum
1571 993 1748 1046 brutis
1775 994 2058 1049 clementis

488 1082 750 1150 loqueris.
815 1082 909 1143 Ita,
963 1082 1172 1150 inquit;
1240 1099 1362 1136 cum
1416 1085 1667 1140 homines
1713 1087 1847 1154 ipsis
1881 1085 2056 1139 brutis

485 1173 660 1241 magis
703 1173 809 1227 sint
845 1173 970 1228 facti
1003 1176 1436 1240 irrationabiles,
1466 1186 1521 1231 et
1557 1194 1662 1231 non
1693 1178 1815 1232 ideo
1853 1180 2051 1247 solum,

485 1265 580 1319 sed
608 1266 768 1319 etiam
798 1268 925 1336 quia
957 1267 1130 1323 Moses
1147 1269 1410 1324 ducturus
1441 1270 1559 1324 illos
1595 1271 1646 1323 in
1676 1271 2054 1339 promissionis

483 1369 707 1423 terram,
748 1371 799 1412 et
825 1362 1125 1429 przevidens
1161 1362 1362 1426 futura,
1396 1364 1474 1416 sic
1516 1365 1590 1416 ait
1619 1382 1632 1417 :
1665 1366 1826 1430 Audi,
1845 1366 2050 1433 cwlum,

483 1457 535 1501 et
581 1448 768 1517 loquar
798 1467 818 1514 ;
845 1453 1069 1512 attende,
1110 1461 1268 1516 terra,
1300 1453 1452 1507 verba
1484 1455 1590 1507 oris
1644 1458 1743 1509 mei
1774 1456 1820 1509 κ.
1859 1455 1901 1508 Τ
1905 1466 2052 1510 estor

481 1539 659 1602 vobis,
697 1541 873 1610 inquit
897 1541 1094 1605 Moses,
1127 1542 1323 1606 Judaei,
1348 1547 1548 1599 cmlum
1579 1555 1632 1600 et
1667 1556 1890 1609 terram,
1921 1550 2046 1617 quia

477 1643 602 1683 cum
647 1631 904 1686 veneritis
952 1631 1005 1686 in
1038 1642 1236 1687 terram
1268 1635 1670 1702 promissionis,
1719 1646 1773 1690 et
1805 1637 2044 1705 relique-

2165 714 2333 768 ’Λλλα
2383 717 2691 787 ἐπηγγείλω
2725 718 2818 771 καὶ
2856 718 2990 771 ἄλλα
3037 719 3235 786 λέγεις.
3283 718 3605 788 Ἀρχόμενος
3646 714 3726 771 εῖ-

2161 822 2261 868 πες
2281 821 2296 835 ο
2327 806 2578 873 Ὅρασις
2606 807 2757 860 κατὰ
2803 809 3096 873 Ἰουδαίας
3127 810 3224 861 καὶ
3259 808 3407 861 κατὰ
3449 808 3600 878 [1561
3628 808 3726 878 [LI

2170 897 2585 967 Ἰερουσαλήμ,
2627 901 2720 951 καὶ
2749 900 2909 967 ἀφεὶς
2941 900 3039 968 τὴν
3083 901 3338 970 διήγησιν
3378 900 3588 970 οὐρανῷ
3629 901 3726 952 καὶ

2158 995 2226 1061 γῇ
2255 993 2496 1063 διαλέγῃ.
2545 993 2790 1062 Ἀφῆκας
2813 992 2937 1053 τοὺς
2967 992 3304 1060 ἀνθρώπους,
3331 993 3427 1045 καὶ
3457 994 3569 1054 τοῖς
3596 991 3725 1044 ἁλό-

2157 1100 2274 1151 γοις
2305 1085 2586 1153 στοιχείοις
2618 1083 2998 1155 προσδιαλέγῃ.
3033 1083 3159 1147 Ναὶ,
3192 1085 3376 1153 φησὶν,
3402 1083 3585 1154 ἐπειδὴ
3613 1085 3724 1136 τῶν

2157 1174 2366 1242 ἀλόγων
2396 1177 2727 1246 ἀλογώτεροι
2758 1176 3043 1244 γεγόνασιν
3073 1177 3118 1227 οἱ
3147 1175 3373 1244 λογικοί.
3405 1178 3513 1229 Καὶ
3542 1177 3604 1229 οὐ
3635 1177 3724 1229 διὰ

2153 1267 2313 1320 τοῦτο
2341 1267 2524 1334 μόνον,
2553 1268 2692 1320 ἀλλὰ
2718 1268 2812 1320 καὶ
2847 1267 2978 1319 διότι
3021 1266 3230 1337 μέλλων
3262 1269 3290 1318 ό
3319 1268 3558 1336 Μωῦσῆς
3604 1269 3720 1320 εἱσ-

2155 1359 2311 1427 ἁγειν
2326 1360 2524 1422 αὐτοὺς
2545 1362 2624 1422 είς
2649 1359 2747 1429 τὴν
2760 1360 2862 1428 γῆν
2874 1359 2971 1428 τῆς
2994 1359 3344 1428 ἐπαγγελίας,
3362 1359 3456 1412 καὶ
3471 1359 3722 1429 προορῶν

2149 1451 2217 1504 τὰ
2249 1451 2505 1520 μέλλοντα
2534 1449 2772 1514 ἔσεσθαι,
2797 1449 2937 1502 οὕτω
2981 1449 3096 1512 πῶς
3135 1467 3299 1517 φησιν
3347 1452 3572 1515 Ἄκουε,
3621 1454 3722 1504 οὐν

2143 1541 2312 1609 ρανὲ,
2352 1543 2447 1594 καὶ
2469 1541 2742 1607 λαλήσω·
2773 1541 3116 1610 προσεχέτω
3139 1541 3176 1607 ή
3206 1542 3249 1572 ³²
3286 1539 3361 1609 γῆ
3384 1540 3624 1608 ῥήματα
3652 1541 3718 1594 ἐκ

2149 1633 2445 1700 στόματός
2489 1650 2628 1701 μου.
2667 1631 3120 1701 Διαμαρτύρομαι
3155 1632 3317 1700 ὑμῖν,
3353 1633 3542 1702 φησὶν,
3584 1633 3717 1685 Ἰουι

474 1722 598 1776 ritis
634 1722 799 1776 Deum
826 1734 1087 1786 vestrum,
1128 1725 1180 1778 in
1203 1742 1391 1781 omnes
1422 1737 1609 1796 gentes
1636 1729 2030 1798 dispergcmini.

2149 1721 2305 1787 δαίοι,
2336 1721 2426 1774 τὸν
2454 1723 2679 1793 οὐρανὸν
2708 1723 2803 1775 καὶ
2829 1722 2928 1790 τὴν
2972 1722 3098 1792 γῆν,
3127 1724 3154 1774 ὁ
3196 1724 3462 1793 Μωῦσῆς,
3497 1725 3582 1776 ὅτι
3619 1725 3720 1776 ἐὰν

473 1811 634 1866 Venit
661 1813 826 1881 igitur
858 1814 1044 1876 lsaias,
1079 1815 1239 1868 minae
1267 1825 1421 1869 erant
1446 1826 1758 1872 cessaturae.
1797 1819 1912 1873 Non
1947 1835 2039 1889 po-

470 1903 576 1956 tuit
597 1919 796 1958 vocare
819 1905 1046 1969 Moscm,
1075 1907 1186 1975 jam
1219 1917 1518 1974 mortuum,
1539 1927 1638 1965 nec
1665 1913 1754 1981 qui
1790 1913 2039 1984 aliquan-

468 1989 541 2044 do
578 1991 942 2047 audiverunt:
969 1995 1234 2049 elementa
1268 1999 1482 2052 tandem
1525 2010 1702 2064 vocat,
1723 2017 1842 2070 qua:
1870 2004 2033 2056 etiam

469 2082 524 2136 in
559 2083 932 2138 testimonium
985 2087 1116 2156 ipsis
1156 2088 1333 2144 Moses
1369 2102 1612 2154 vocarat,
1642 2105 2032 2164 etqnanqnam

466 2171 559 2228 ille
599 2176 773 2242 p0tuit
817 2175 1085 2232 Aaronem
1123 2180 1287 2234 etiam
1325 2197 1522 2238 vocare
1550 2185 1601 2237 in
1640 2187 2031 2256 testimonium,

464 2277 520 2322 et
541 2267 675 2321 alios
706 2270 927 2337 multos,
959 2275 1051 2325 sed
1086 2273 1211 2327 Ideo
1247 2274 1494 2346 (diceret)
1529 2277 1649 2333 illos
1677 2294 1785 2332 non
1817 2283 2030 2345 vocavi,

460 2361 900 2430 quandoquidem
954 2363 1029 2416 illi
1081 2376 1240 2419 erant
1311 2368 1583 2431 morituri,
1641 2386 1817 2438 neque
1845 2372 2030 2426 testari

459 2460 730 2519 poterant.
786 2451 922 2506 Cum
976 2471 1102 2511 vero
1163 2457 1328 2510 Israel
1368 2460 1753 2526 prazvaricatus
1785 2461 1875 2526 sit,
1909 2464 2031 2518 ideo

459 2541 638 2596 adhuc
693 2543 945 2599 durantia
995 2547 1260 2600 elementa
1311 2551 1508 2603 merito
1559 2551 1612 2605 in
1655 2555 2026 2608 testimonium

456 2649 614 2688 voco.
671 2635 764 2689 Sic
816 2646 870 2690 et
931 2638 1098 2692 isaias
1154 2639 1304 2702 facit.
1371 2657 1481 2695 non
1520 2645 1682 2696 modo
1716 2658 2027 2713 propterea

455 2739 579 2793 qua:
607 2726 865 2789 diximus,
902 2729 994 2782 sed
1025 2729 1191 2783 etiam
1226 2741 1513 2800 postquam
1566 2748 1688 2786 cum
1720 2732 1921 2790 Judaeis
1951 2737 2028 2788 lo-

455 2829 640 2883 cutus,
695 2817 827 2874 vidit
855 2817 977 2874 illos
1021 2820 1122 2875 sibi
1157 2837 1264 2874 non
1319 2824 1617 2887 attendere,
1665 2825 1728 2876 ad
1760 2826 2024 2879 elementa

454 2925 515 2965 se
539 2913 826 2978 convertit,
897 2922 952 2967 et
981 2921 1143 2969 testes
1174 2914 1274 2969 sibi
1308 2917 1541 2970 assumit
1571 2935 1584 2970 :
1637 2916 1795 2982 Audi,
1815 2919 2022 2972 cwlum.

455 2999 537 3054 Tu
563 3002 707 3056 enim
737 3018 934 3057 manna
962 3005 1164 3072 pluisti.
1201 3005 1411 3060 lnclina
1458 3023 1638 3061 aurem
1661 3017 1828 3070 tuam,
1859 3021 2020 3062 terra.

453 3088 536 3145 Tu
566 3091 708 3145 enim
751 3092 946 3164 525a
979 3096 1289 3150 coturnices
1334 3097 1527 3152 dedisti
1553 3099 1602 3152 ιι.
1637 3099 1777 3154 Audi
1815 3102 2019 3166 caelum,

453 3198 577 3237 nam
614 3183 721 3238 illis
769 3200 834 3239 ea
869 3201 990 3255 quae
1033 3202 1196 3256 supra
1253 3199 1499 3243 naturam
1531 3191 1748 3247 dedisti.
1789 3193 2021 3248 Sursum

452 3272 719 3338 mansisti,
745 3276 1019 3343 quomodo
1048 3286 1099 3331 te
1130 3277 1269 3332 Deus
1297 3281 1551 3346 lirmavit,
1577 3292 1631 3336 et
1659 3283 2021 3338 imitationem

451 3379 591 3418 arcae
619 3381 727 3419 non
773 3367 1091 3436 despexisti.
1120 3371 1367 3436 Attende,
1395 3382 1558 3437 terra,
1605 3383 1662 3428 tu
1705 3376 1848 3428 enim
1881 3377 2020 3433 infra

449 3470 595 3517 cras,
642 3465 698 3509 et
747 3472 990 3512 mensam
1046 3459 1157 3514 illis
1205 3463 1390 3516 subito
1435 3464 1764 3532 apposuisti.
1814 3466 1940 3520 ideo
1969 3476 2022 3520 ct

447 3546 591 3599 alius
634 3546 899 3614 prepheta
931 3547 943 3586 ¹
977 3549 1165 3606 videns
1190 3567 1369 3622 regem
1403 3553 1787 3621 insanientem,
1813 3559 2016 3612 idolum

447 3639 742 3703 colentem,
792 3638 1072 3710 Deumque
1110 3646 1459 3702 contumeliis
1503 3646 1849 3715 allicientem,
1879 3651 2018 3708 alios

447 3731 707 3788 timentes
740 3751 753 3787 :
790 3735 997 3790 nullum
1025 3736 1220 3790 borum
1239 3738 1559 3808 alloquitur,
1593 3742 1686 3796 sed
1717 3758 2018 3800 conversus

445 3822 569 3877 ait:
612 3822 772 3888 Audi,
827 3824 1018 3892 altare,
1068 3827 1196 3881 audi
1243 3845 1342 3884 me.
1367 3829 1481 3885 Cur
1521 3832 1691 3900 lapidi
1732 3834 2018 3903 loqueris?

443 3922 611 3976 certe,
647 3913 843 3983 inquit,
872 3930 996 3970 cum
1038 3917 1220 3972 minus
1261 3935 1425 3989 quam
1476 3922 1613 3992 lapis
1642 3939 1732 3977 rex
1763 3926 1967 3980 sentiat
1996 3944 2010 3981 :

443 4003 605 4070 Audi,
628 4005 832 4061 altare:
853 4007 980 4062 llrec
1007 4010 1135 4062 dicit
1152 4009 1430 4077 Dominus,
1469 4022 1524 4067 et
1567 4015 1750 4070 statim
1776 4017 2012 4072 divisum

440 4103 526 4150 est
567 4097 758 4162 altare,
793 4105 847 4152 et
894 4098 1151 4166 fractum,
1195 4112 1252 4156 et
1303 4103 1496 4159 effudit
1530 4105 1792 4162 hostiam.
1837 4109 2012 4164 llomo

438 4198 624 4242 autem
648 4203 756 4243 non
797 4189 1026 4247 audivit.
1064 4194 1171 4248 Sed
1195 4210 1292 4250 rex
1317 4212 1538 4251 manum
1557 4214 1711 4253 suam
1745 4202 2009 4266 extendit,

438 4279 666 4347 cupiens
698 4281 1019 4350 prOpbetam
1047 4286 1528 4354 comprehendere.
1556 4287 1696 4346 Deus
1718 4306 1849 4346 vero
1880 4293 2010 4362 quid

2141 1813 2419 1882 εἰσέλθητε
2449 1815 2528 1876 είς
2560 1813 2659 1883 τὴν
2706 1815 2810 1884 γῆν
2851 1814 2952 1884 τῆς
2984 1814 3317 1882 ἐπαγγελίας
3355 1815 3451 1868 καὶ
3479 1816 3716 1883 ἔγκατα·

2141 1903 2334 1972 λίπητε
2365 1905 2568 1975 Κύριον
2596 1906 2688 1958 τὸν
2713 1906 2866 1970 Θεὸν,
2891 1906 3412 1976 διασκεδασθήσεσθε
3434 1907 3513 1969 είς
3537 1907 3715 1960 πάντα

2137 1995 2207 2048 τὰ
2238 1995 2387 2066 ἔθνη.
2435 1992 2608 2049 Ἦλθε
2639 1997 2820 2050 τοίνυν
2867 1998 3128 2060 Ἠσαῖαςο
3167 1997 3393 2066 ἔμελλεν
3435 1999 3718 2068 ἡοάπειλὴ

2137 2089 2523 2158 περατοῖωθαι.
2558 2091 2672 2142 Οὐκ
2701 2089 2922 2142 ἐδύνατο
2943 2090 2988 2120 ³³
3015 2091 3200 2142 καλεῖν
3224 2089 3462 2142 Μωῦσέα
3486 2089 3580 2141 τὸν
3609 2090 3712 2159 ἥδη

2133 2179 2453 2248 τεθνηκότα,
2489 2179 2610 2232 οὐδὲ
2653 2180 2779 2240 τοὺς
2821 2181 2944 2232 τότε
2973 2180 3018 2212 ³⁸
3050 2180 3382 2249 ἀκηκοότας·
3425 2179 3614 2232 λοιπὸν
3645 2181 3716 2232 τὰ

2134 2274 2370 2341 στοιχεῖα
2400 2273 2572 2334 καλεῖ,
2609 2271 2753 2340 ἅπερ
2781 2272 3282 2342 διαμαρτυρόμενος
3313 2272 3497 2333 αὐτοῖς
3527 2273 3713 2324 ἐκάλει

2133 2365 2228 2416 καὶ
2271 2366 2299 2417 ό
2329 2365 2588 2433 Μωῦσῆς.
2632 2363 2826 2416 Καίτοι
2870 2381 2933 2431 γε
2967 2366 3173 2427 ἐκεῖνος
3223 2364 3447 2416 καὶτὸν
3495 2363 3715 2435 Ἀαρὼν

2131 2452 2358 2506 ἐδύνατο
2385 2457 2429 2486 ³⁵
2463 2454 2648 2506 καλεῖν
2674 2455 2753 2514 εἰς
2783 2453 3089 2522 μαρτυρίαν
3121 2453 3216 2505 καὶ
3241 2453 3469 2514 πολλοὺς
3493 2453 3709 2514 ἄλλους·

2130 2545 2268 2598 ἀλλὰ
2293 2545 2382 2597 διὰ
2428 2545 2622 2608 τοῦτο,
2656 2546 2790 2612 φαίη
2838 2546 2924 2609 ἂν,
2967 2545 3068 2596 οὐκ
3115 2544 3348 2598 ἐκάλεσα
3385 2544 3612 2606 τούτους
3641 2544 3711 2605 ³⁸,

2129 2637 2316 2706 ἐπειδή
2347 2655 2451 2707 περ
2473 2637 2700 2706 ἔμελλον
2728 2639 2922 2689 ἐκεῖνοι
2952 2637 3207 2706 τελευτᾷν
3229 2637 3322 2689 καὶ
3350 2636 3424 2705 μὴ
3450 2637 3709 2706 παρεῖναι

2133 2729 2443 2798 μάρτυρες,
2507 2727 2726 2780 ἐπειδὰν
2788 2730 2868 2789 είς
2937 2728 3286 2798 παρανομίαν
3346 2726 3622 2790 ἐξέκλινεν
3680 2729 3714 2779 ό

2140 2821 2389 2890 Ἰσραήλ⁶
2422 2819 2502 2872 διὸ
2535 2819 2603 2871 τὰ
2637 2819 2867 2889 μένοντα
2908 2823 3143 2890 στοιχεῖα
3174 2819 3398 2882 εἰκότως
3432 2821 3514 2881 είς
3558 2837 3709 2890 μαρ-

2126 2912 2316 2984 τυρίαν
2346 2911 2518 2965 καλῶ.
2547 2911 2702 2964 Οὕτω
2731 2913 2825 2965 καὶ
2866 2911 3090 2974 Ἡσαΐας
3121 2915 3286 2976 ποιεῖ,
3313 2911 3374 2964 οὐ
3406 2911 3495 2964 διὰ
3524 2913 3596 2965 τὰ
3629 2915 3707 2965 εί-

2129 3023 2194 3073 ρη
2207 3004 2340 3070 μένα
2371 3003 2552 3072 μόνον,
2582 3003 2718 3055 ἀλλὰ
2749 3003 2842 3055 καὶ
2871 3004 3060 3074 ἐπειδὴ
3092 3003 3396 3071 διαλεχθεὶς
3418 3006 3532 3067 τοῖς
3572 3004 3708 3056 Ἰου-

2126 3097 2294 3159 δαίοις
2326 3089 2484 3165 εὗρεν
2528 3096 2722 3158 αὐτοὺς
2741 3097 2783 3127 ³⁷
2821 3095 2895 3165 μὴ
2939 3095 3234 3157 ἀκούοντας
3267 3095 3454 3155 αὐτοῦ,
3502 3096 3597 3148 ἐπὶ
3637 3095 3707 3148 τὰ

2127 3191 2364 3258 στοιχεῖα
2399 3188 2688 3257 στρέφεται
2712 3190 2805 3240 καὶ
2835 3188 3124 3258 μάρτυρας
3150 3186 3570 3258 παραλαμϐάνει
3600 3188 3704 3238 αὐ-

2123 3280 2241 3336 τοῦ.
2288 3283 2527 3346 Ἀκουε,
2571 3280 2809 3347 οὐρανέ,
2848 3280 2911 3332 σὺ
2957 3281 3065 3348 γὰρ
3093 3279 3154 3333 τὸ
3191 3280 3364 3349 μάννα
3411 3280 3656 3350 ἤνεγκας
3687 3296 3703 3310 °

2135 3372 2443 3434 Ἕνωτίζου
2465 3411 2480 3434 ,
2518 3371 2615 3440 γῆ,
2655 3373 2718 3424 σὺ
2757 3372 2865 3441 γὰρ
2893 3371 2990 3441 τὴν
3020 3371 3436 3441 όρτυγομήτραν
3465 3370 3700 3434 ἔδωκας.

2126 3469 2365 3530 Ἀκουε,
2400 3463 2621 3532 οὐρανέ
2641 3505 2657 3528 ,
2680 3463 2748 3516 τὰ
2773 3466 2883 3532 γὰρ
2920 3464 3063 3533 ὑπὲρ
3101 3464 3262 3531 φύσιν
3291 3463 3472 3525 αὐτοῖς
3506 3463 3705 3534 ἐχορή.

2119 3573 2298 3626 γησας
2318 3574 2331 3585 ·
2366 3555 2478 3608 ἄνω
2512 3554 2633 3608 καθ’
2663 3555 2721 3606 ὃν
2751 3554 2950 3626 τρόπον
2982 3553 3318 3624 ἐστερεώθης
3351 3552 3562 3622 ἔμενες,
3609 3554 3704 3605 καὶ

2122 3649 2352 3718 μίμησιν
2397 3649 2494 3718 οὐχ
2539 3647 2823 3718 ὑπερεῖδες
2868 3647 3094 3710 ἅλωνος.
3151 3645 3473 3708 Ἐνιοτίζου,
3508 3645 3608 3715 ’νῆ’
3639 3647 3704 3700 σὺ

2117 3741 2226 3810 γὰρ
2255 3739 2403 3792 κάτω
2441 3736 2530 3810 ἧς,
2583 3740 2677 3793 καὶ
2711 3739 2989 3810 τράπεζαν
3019 3739 3203 3800 αὐτοῖς
3239 3737 3552 3806 παρετίθεις
3603 3739 3703 3790 αὺ-

2116 3831 2414 3900 τοσχέδιον.
2447 3832 2547 3884 Διὰ
2578 3831 2738 3884 τοῦτο
2771 3831 2868 3883 καὶ¹
2896 3830 3084 3900 ἐτερος
3115 3831 3402 3899 προφήτης
3431 3830 3577 3899 ὁρῶν
3608 3830 3702 3883 τὸν

2117 3923 2342 3992 βασιλέα
2379 3923 2726 3992 μαινόμενον,
2769 3922 2828 3975 τὸ
2873 3921 3092 3975 εἴδωλον
3135 3921 3570 3992 λατρευόμενον,
3607 3923 3703 3974 τὸν

2115 4015 2246 4066 Θεὸν
2273 4013 2625 4085 ὑϐριζόμενον
2644 4051 2660 4074 ,
2690 4014 2817 4075 τοὺς
2849 4012 3041 4074 ἄλλους
3071 4012 3398 4082 ἐπτηχότας,
3432 4010 3572 4082 πρὸς
3606 4012 3701 4062 οὖ-

2114 4105 2238 4158 δένα
2283 4104 2490 4158 τούτων
2537 4106 2773 4157 ποιεῖται
2819 4104 2911 4156 τὸν
2944 4103 3101 4171 λόγον
3122 4143 3136 4169 ,
3170 4103 3286 4155 ἀλλ’
3315 4104 3697 4172 ἀποστραφεὶς

2117 4197 2440 4259 Ἄκουσον,
2471 4193 2657 4263 φησὶν,
2683 4191 3147 4260 Θυσιαστήριον,
3172 4193 3444 4246 ἄκουσόν
3458 4210 3602 4261 μου.
3634 4191 3700 4244 Τί

2113 4283 2205 4340 οὖν
2226 4287 2357 4356 λίθῳ
2382 4286 2603 4355 διαλέγῃ
2626 4285 2670 4316 ³⁸
2693 4301 2707 4352 ;
2735 4285 2844 4349 ναὶ,
2865 4285 3052 4354 φησὶν,
3074 4284 3427 4353 ἐπειδὴ-λίθου
3439 4285 3700 4350 ἀναισθηο

435 4366 596 4423 fecit?
639 4370 856 4427 Manum
903 4373 1023 4444 ejus
1083 4376 1329 4444 arefecit,
1370 4394 1480 4432 non
1534 4392 1721 4436 autem
1783 4383 2011 4439 arefecit

2134 4381 2328 4449 πότερος
2354 4381 2381 4430 ὁ
2413 4377 2686 4446 βασιλεύς.
2715 4378 3030 4440 Ἄκουσον,
3065 4376 3523 4443 θυσιαστήριον,
3556 4375 3700 4428 τάδε

435 4475 657 4514 manum
701 4478 733 4515 a
764 4465 1053 4535 principio,
1097 4478 1159 4522 ut
1187 4469 1302 4534 {ille
1341 4481 1565 4541 ruptura
1618 4473 1810 4543 lapidis
1856 4475 2008 4530 lieret

433 4552 772 4620 prudentior.
811 4555 1028 4625 Cupivit
1054 4561 1198 4615 enim
1233 4577 1356 4616 eum
1383 4564 1505 4619 sine
1527 4567 1886 4636 castigatione
1914 4583 2004 4621 sa-

433 4659 566 4712 pere
607 4647 808 4711 :Cum,
857 4650 1056 4720 inquit,
1093 4654 1356 4710 discissus
1385 4658 1457 4712 sit
1505 4657 1666 4727 lapis,
1707 4668 1762 4714 ct
1806 4673 1861 4714 tu
1895 4676 2004 4715 non

431 4739 738 4796 emendaris
771 4751 844 4807 te,
868 4742 1075 4813 justam
1110 4746 1162 4799 in
1199 4755 1252 4802 te
1276 4747 1415 4802 iram
1441 4761 1724 4806 converto.

2112 4473 2273 4540 λέγει
2307 4471 2555 4536 Κύριος·
2590 4469 2686 4522 καὶ
2718 4469 2917 4532 εὐθέως
2947 4468 3174 4538 ἐσχίσθη
3210 4469 3268 4521 τὸ
3307 4468 3699 4537 θυσιαστήριον

2109 4563 2204 4613 καὶ
2246 4559 2452 4631 ἐρράγη
2487 4558 2614 4630 [855
2648 4557 2742 4629 IL]
2779 4559 2874 4610 καὶ
2915 4559 3098 4628 ἐξέχεε
3125 4559 3224 4630 τὴν
3271 4557 3486 4612 θυσίαν.
3529 4558 3589 4611 Ὀ
3639 4559 3697 4611 δὲ

2108 4652 2204 4707 ἄνθ
2216 4667 2394 4722 ρωπος
2423 4652 2523 4703 οὐκ
2553 4651 2804 4720 ἤκουσεν,
2835 4650 2949 4702 ἀλλ’
2976 4650 3209 4702 ἐκτείνει
3236 4648 3335 4716 τὴν
3362 4651 3521 4719 χεῖρα
3543 4651 3572 4702 ὁ
3604 4651 3697 4718 βα-

2109 4747 2288 4806 σιλεὺς
2311 4744 2400 4796 τὸν
2427 4744 2713 4812 προφήτην
2737 4743 2982 4811 ἁρπάσαι
3004 4743 3348 4812 βουλόμενος.
3399 4743 3456 4795 '0
3483 4743 3541 4796 δέ
3561 4744 3697 4806 Θεὸς

2105 4837 2158 4887 τί
2189 4837 2362 4898 ποιεῖ;
2399 4834 2692 4902 Ἐξήρανεν
2726 4835 2890 4886 αὐτοῦ
2920 4833 3018 4900 τὴν
3045 4837 3225 4903 χεῖρα.
3258 4835 3334 4886 υὺ
3367 4835 3412 4865 ³³
3443 4835 3695 4904 ξηραίνει

427 4909 484 4963 δὲ
506 4911 669 4966 αὐτοῦ
698 4915 756 4980 ἐξ
795 4915 968 4984 ἀρχῆς
1000 4915 1100 4987 τὴν
1128 4920 1287 4989 χεῖρα
1309 4917 1375 4984 ⁸⁰,
1420 4919 1509 4972 ἵνα
1541 4921 1583 4953 ⁶¹
1610 4922 1686 4991 τῷ
1716 4923 1813 4976 τοῦ
1857 4925 2008 4980 λίθου
2040 4929 2203 4983 πάθει
2230 4926 2670 4996 σωφρονέστερος
2730 4925 2956 4993 γένηται
3013 4925 3078 4978 δ’.
3126 4925 3412 4978 Ἐϐούλετο
3454 4926 3565 4994 γὰρ
3591 4925 3693 4976 αὑ-

429 5005 520 5058 τὸν
563 5007 691 5060 ἄνευ
733 5008 832 5078 τῆς
870 5013 951 5074 εἰς
999 5011 1162 5064 αὐτὸν
1211 5011 1486 5076 κολάσεως
1531 5019 2005 5091 σωιρρονισθῆναιο
2038 5021 2154 5074 ἀλλ’
2180 5019 2387 5090 ἐπειδὴ,
2443 5019 2630 5087 φησὶν,
2661 5018 2690 5070 ό
2722 5017 2870 5081 λίθος
2916 5018 3164 5088 ἐσχίσθη,
3197 5021 3291 5073 καὶ
3345 5019 3410 5071 σὺ
3437 5018 3498 5070 οὐ
3526 5018 3686 5087 διωρ-

429 5103 631 5174 θώθης,
668 5105 761 5158 ἐπὶ
787 5105 848 5158 σὲ
873 5107 973 5178 τὴν
1004 5107 1216 5162 δικαίαν
1237 5110 1409 5180 ὀργὴν
1437 5111 1775 5183 ἐπιστρέφω.

505 5283 520 5323 ί
549 5282 655 5340 lsa.
681 5302 720 5350 ι,
741 5285 795 5340 2.
893 5285 907 5336 ἱ
937 5287 1094 5344 Deut.
1120 5305 1292 5357 xxxii,
1324 5293 1375 5346 1.
1454 5293 1479 5332 ι
1516 5290 1691 5346 Exod.
1731 5294 1946 5358 “1,15,
1979 5293 2030 5349 li

2149 5291 2163 5330 ι
2193 5287 2260 5343 lll
2284 5289 2414 5358 Reg.
2447 5305 2565 5358 xm,
2595 5290 2630 5343 Ξ).
2653 5305 2804 5360 seqq.

1776 5445 2010 5502 VARIAS
2047 5447 2451 5503 LECTIONES.

3097 5556 3142 5588 ³⁸
3191 5557 3319 5620 τούς
3355 5572 3488 5610 ποτε
3542 5575 3602 5620 ς.

504 5555 547 5586 ³⁸
606 5553 868 5676 Ὄρασιςξ
909 5556 1004 5610 τοῦ
1057 5560 1430 5629 χρυσοστόμου
1487 5561 1566 5622 εἰς
1618 5561 1678 5612 τὸ
1735 5562 1926 5631 ὅρασις
1957 5561 2018 5614 Β.
2094 5562 2198 5633 υὴ
2249 5578 2358 5616 om.
2417 5560 2479 5614 Β.
2550 5559 2594 5592 ³³
2649 5559 2878 5625 ἠδύνατο
2935 5576 2995 5624 ς’.
3097 5556 3142 5588 ⁸⁸
3191 5557 3319 5620 τούς
3355 5572 3488 5610 ποτε
3542 5575 3602 5620 ς·

507 5623 738 5698 ἠᾷύνατο
774 5642 843 5698 κα
885 5626 977 5678 τὸν
1018 5627 1227 5695 ’Λαρὼν
1257 5647 1318 5692 ς.
1360 5630 1404 5662 ³⁸
1431 5631 1676 5698 τούτους]
1711 5631 1934 5694 τούτους
1973 5633 2056 5694 εἰς
2076 5632 2382 5698 μαρτυρίαν
2418 5631 2474 5683 ll.
2555 5627 2599 5659 ³⁷
2628 5630 2823 5693 αὐτοὺς
2853 5643 2966 5683 om.
3000 5629 3064 5684 Α.
3143 5627 3188 5659 ³⁸
3219 5627 3588 5698 προσδιαλέγη
3611 5644 3642 5691 ς·

433 5624 480 5702 ξξ
507 5623 738 5702 ἠᾷύνατο
774 5623 868 5702 καὶ
885 5626 977 5678 τὸν
1018 5623 1227 5702 ’Λαρὼν
1257 5623 1404 5702 gf"
1431 5631 1676 5702 τούτους]
1711 5623 1934 5702 τούτους
1973 5633 2056 5694 εἰς
2076 5623 2382 5702 μαρτυρίαν
2418 5631 2474 5683 Ιῖ.
2555 5627 2599 5659 ³⁷
2628 5623 2823 5693 αὖτοὺς
2853 5623 2966 5683 om.
3000 5629 3064 5684 Α.

436 5693 481 5728 θ’
511 5693 594 5748 οὐ.
667 5695 712 5727 ⁵ο
746 5697 903 5766 χεῖρα
933 5711 1042 5751 om.
1087 5693 1150 5752 Α.
1228 5701 1267 5730 ⁸¹
1302 5701 1409 5754 ἶνα,
1488 5702 1530 5732 ⁶²
1559 5693 1800 5773 γένηται]
1827 5693 1925 5755 δτι
1945 5693 2106 5773 ειη-ἔ
2131 5693 2347 5772 ἐλίένὲἓο
2377 5702 2435 5754 Β.
