3912 6234
165 230 268 294 285

1160 245 1680 307 BIBLIOTHECA.
1709 272 1779 284 -
1814 248 1976 310 COD.
2028 252 2405 314 CCLXXVII.

3302 255 3409 318 286

175 345 288 435 Ἐκ,
306 344 591 435 τοῦθ’-εὶς
627 347 735 402 τὸν
757 349 1138 435 ἄσωτρνὲλκαὶ
1165 355 1256 434 sic~
1276 354 1621 435 μετάνοιαν,
1645 355 1733 409 καὶ

1848 358 1932 412 Ea:
1959 362 2198 435 oratione
2225 363 2281 435 in
2312 363 2608 435 prodigum,
2635 363 2691 416 in
2723 364 3099 432 panitentiam,
3132 364 3184 418 in
3207 364 3407 435 lignum

231 417 331 501 εις.
369 416 438 501 τό
466 416 669 501 Erigor:
704 422 976 501 Violator-
993 421 1039 453 “
1068 416 1412 477 xaloii'xai
1449 416 1741 494 πονηροῦ,

232 485 333 537 καὶ
364 489 454 550 εις
491 485 599 539 τὸν
631 485 894 556 λῃστήν,

235 575 363 627 Ὅτι
390 576 451 629 τὺ
476 578 666 646 τάγμα
690 581 796 633 τῶν
824 583 1048 635 δικαίων
1082 586 1142 637 οὐ
1176 584 1425 654 βούλεται
1471 588 1553 650 είς
1583 587 1745 640 ἑαυτὸ

163 666 414 734 ἁρπάσαι
444 670 544 738 τὴν
576 670 821 734 ἐξουσίαν
853 673 961 725 τῶν
1001 675 1334 745 κτισμάτων,
1366 675 1481 730 ἀλλ’
1514 676 1619 729 ὑπὸ
1641 677 1743 747 τὴν

161 756 256 808 τοῦ
284 760 495 828 πατρὸς
516 761 776 829 πρόνοιαν
798 764 939 816 Θέλει
962 767 1175 818 κεῖσθαι
1196 767 1265 819 τὰ
1284 768 1382 837 τῆς
1407 767 1740 835 οἰκονομίας.

161 850 257 901 Διὸ
292 851 389 902 καὶ
425 853 461 920 ἡ
490 853 773 925 παραϐολὴ
815 856 905 908 τὸν
948 857 1210 927 νεώτερον
1239 859 1478 926 εἰσάγει,
1510 859 1743 912 λαϐόντα

160 940 261 1009 τὴν
308 941 590 1011 Πατρικὴν
638 945 844 1007 οὐσίαν,
891 947 970 1009 είς
1016 947 1197 1018 χώραν
1238 949 1590 1019 ἀποδημῆσαι
1637 966 1743 1015 μα-

160 1033 330 1100 κράν.
365 1033 441 1085 Τὸ
469 1033 526 1086 δὲ
556 1037 733 1105 μῆκος
768 1038 825 1088 οὑ
862 1039 1093 1101 σταδίοις
1123 1039 1426 1105 διετείνετο,
1460 1040 1593 1093 ἀλλὰ
1623 1040 1743 1109 τρό-

158 1142 291 1187 ποις
326 1125 687 1190 ὲξετοπίζετο·
724 1131 816 1182 καὶ
845 1130 952 1201 γάρ
983 1133 1011 1183 6
1050 1133 1381 1201 ἁμαρτάνων
1414 1132 1631 1203 μακρὰν
1662 1132 1743 1200 γί-

159 1233 320 1270 νεται
348 1217 487 1270 Θεοῦ
534 1220 592 1271 οὐ
634 1220 782 1290 τόπῳ
822 1222 957 1274 ἀλλὰ
983 1222 1191 1293 τρόπῳ.
1220 1222 1413 1276 Λαϐὼν
1440 1223 1497 1276 δὲ
1521 1224 1619 1294 τὴν
1648 1224 1740 1275 οὐ·

162 1305 290 1359 σίαν
334 1306 435 1376 τὴν
464 1309 739 1378 πατρικὴν
775 1310 1053 1363 ἀπώλεσεν
1098 1312 1301 1379 αὐτὴν,
1344 1312 1567 1375 ἀσώτως
1608 1312 1735 1375 ζῶν.

162 1393 406 1447 Ἔλαϐεν
442 1394 593 1463 ἥλιον
629 1398 706 1458 εἰς
739 1398 1057 1463 ἀπόλαυσιν,
1082 1402 1174 1452 καὶ
1202 1400 1261 1452 τὸ
1287 1400 1459 1470 δῶρον
1505 1400 1580 1464 ὡς
1620 1401 1739 1455 Θεὸν

160 1485 597 1557 προσεκύνησεν.
656 1488 854 1541 Ἔλαϐε
896 1489 1078 1559 πηγὰς
1118 1493 1197 1553 εἰς
1235 1492 1481 1562 τρυφὴν,
1534 1491 1628 1545 καὶ
1678 1492 1739 1545 τὸ

158 1576 337 1648 δῶρον
376 1577 744 1649 ἐθεοποίησεν.
796 1580 1053 1651 Ἰἰγνόησε
1077 1583 1167 1637 τὸν
1199 1584 1569 1653 χαρισάμενον
1595 1623 1611 1649 ,
1642 1585 1738 1638 καὶ

156 1671 215 1724 τι
237 1671 493 1741 χάρισμα
516 1672 928 1743 ὑπερεδὸξασεν.
959 1672 1237 1748 [15641ὶ.]
1268 1678 1339 1729 'H
1367 1678 1505 1748 αὐτὴ
1536 1679 1732 1745 κτίσις,

156 1761 271 1815 ἀλλ’
305 1763 366 1814 οὺ
412 1764 579 1815 πᾶσιν
624 1764 823 1833 ὁμοίως
866 1765 1138 1836 ὁρωμένη.
1174 1767 1423 1838 Πατρικὴ
1470 1769 1503 1839 ἡ
1538 1768 1728 1820 οὐσία·

160 1854 272 1907 ἀλλ’
302 1859 331 1908 ό
377 1856 481 1925 μὲν
526 1855 707 1919 καλῶς
747 1858 907 1928 αὐτῇ,
961 1861 989 1911 6
1034 1858 1091 1911 δὲ
1141 1858 1327 1922 κακῶς
1359 1861 1729 1930 ἀπεχρήσατο.

160 1947 356 2017 Τάγμα
397 1947 561 2000 τοῦτο
589 1950 838 2013 κάκεῖνο,
872 1951 921 2002 εἰ
961 1953 1054 2005 καὶ
1086 1950 1362 2022 διάφορον.
1409 1951 1468 2005 '0
1500 1952 1731 2023 εὐσεϐὴς

160 2038 219 2091 τὸ
253 2038 449 2101 κάλλος
478 2040 582 2109 ὁρᾷ
616 2039 708 2092 τοῦ
730 2038 983 2112 οὐρανοῦ,
1012 2042 1105 2093 καὶ
1135 2042 1243 2094 ἀπὸ
1271 2042 1366 2096 τοῦ
1388 2043 1617 2107 κάλλους
1642 2044 1732 2096 τὸν

163 2130 484 2200 δημιουργὸν
537 2134 784 2202 ἁνυμνεῖ·
852 2134 1114 2201 Ὂψιομαι
1179 2134 1309 2205 γὰρ,
1368 2136 1542 2205 φησὶ,
1589 2135 1733 2201 τοὺς

170 2220 472 2288 οὐρανοὺς,
502 2222 649 2288 ἔργα
685 2221 802 2275 τῶν
845 2221 1158 2277 δακτύλων
1188 2237 1324 2277 σου.
1358 2220 1507 2276 Εἴδεν
1545 2226 1572 2277 6
1603 2225 1731 2276 ἀσε-

168 2316 280 2385 ϐἡς,
312 2316 407 2368 καὶ
436 2316 570 2385 πρὸς
607 2315 706 2384 μὲν
734 2316 822 2368 τὸν
854 2315 1091 2383 Κτίστην
1125 2316 1223 2386 τὴν
1248 2316 1485 2379 διάνοιαν
1518 2317 1579 2369 οὺ
1619 2316 1729 2368 διε-

162 2408 398 2472 ϐίϐασεν,
433 2409 799 2478 ἐναπομείνας
828 2408 883 2461 δὲ
909 2408 986 2479 τῷ
1014 2408 1202 2461 κάλλει
1230 2408 1324 2461 τοῦ
1354 2409 1583 2478 οὐρανοῦ
1611 2408 1731 2461 θεὸν

158 2500 467 2568 ὲφαντάσθη
496 2499 558 2552 τὸ
579 2498 989 2569 δημιούργημα.
1034 2501 1090 2553 'O
1122 2499 1351 2568 εὐσεϐὴς
1392 2500 1488 2569 οὐχ
1519 2499 1730 2570 ὑϐρίζει

158 2592 248 2661 τὴν
282 2593 502 2656 κτίσιν,
535 2592 669 2645 ἀλλὰ
704 2591 780 2662 τῷ
813 2593 1058 2663 Δεσπότῃ
1099 2591 1196 2662 τὴν
1230 2591 1599 2663 προσκύνησιν
1631 2610 1731 2645 τα·-

158 2684 426 2753 μιεὺεται.
466 2683 618 2752 Τιμᾷ
645 2683 743 2750 τὴν
769 2682 947 2735 κτίσιν
971 2724 985 2748 ,
1016 2682 1128 2735 ἀλλ’
1161 2682 1235 2745 ὼς
1274 2682 1559 2751 ὁμόδουλον
1578 2726 1592 2749 ,
1628 2683 1729 2735 οὐκ

156 2776 399 2845 ἀφαιρῶν
444 2775 502 2827 δὲ
545 2774 605 2827 τὸ
650 2773 813 2836 σέϐας
854 2772 947 2826 τοῦ
987 2774 1271 2835 κτίσαντος
1309 2775 1601 2845 περιάπτει
1649 2773 1728 2844 τῷ

156 2870 434 2939 κτίσματι.
478 2867 726 2920 Ἐπαινεῖ
756 2866 817 2919 τὸ
867 2866 1237 2936 φιλοτέχνημα
1263 2908 1278 2933 ,
1315 2866 1428 2919 ἀλλ’
1460 2867 1580 2935 οὐχὶ
1628 2867 1728 2935 τὴν

154 2959 239 3013 τοῦ
260 2959 515 3029 τεχνίτου
542 2958 698 3021 δόξαν
728 2957 807 3019 εἰς
836 2957 1011 3008 ἐκεῖνο
1040 2955 1403 3024 περιίστησιν.
1441 2954 1499 3007 Ὀ
1526 2956 1582 3007 δὲ
1606 2954 1729 3007 δυσ-

154 3052 308 3123 σεϐὴς
338 3050 537 3113 κακῶς
560 3049 604 3080 ⁸⁸
629 3050 730 3119 μὲν
756 3044 883 3115 εἶδε,
909 3048 1096 3112 κακῶς
1124 3047 1179 3100 δὲ
1208 3047 1606 3120 προσεκύνησε,
1636 3046 1726 3099 καὶ
1752 3067 1797 3129 C

152 3148 327 3199 πᾶσαν
356 3144 462 3214 τὴν
488 3141 642 3207 τάξιν
673 3141 987 3211 ἀνέτρεψεν.

155 3260 277 3313 Ὀτι
308 3257 618 3325 ὃμὰκοντα
653 3254 951 3325 πολλάκις
968 3254 1005 3321 ἡ
1033 3252 1245 3321 Γραφὴ
1270 3251 1447 3325 καλεῖ
1472 3252 1580 3305 τὸν
1602 3250 1730 3306 διά-

545 3328 745 3390 ϐολον,
778 3323 872 3392 καί
902 3323 1041 3392 ὅφιν
1062 3323 1340 3377 σκολιόν.

215 3421 305 3474 Διὸ
336 3419 439 3474 καὶ.
465 3420 493 3471 ὁ
528 3418 717 3486 Σωτήρ
750 3432 913 3486 φησιν
935 3433 949 3446 ο
982 3414 1373 3469 ἰδοὺνδέδωκα
1394 3414 1536 3484 ὑμῖν
1558 3414 1733 3479 ἐξου-

151 3514 286 3567 σίαν
316 3509 539 3564 πατεῖν
566 3507 766 3562 ἐπάνω
799 3507 995 3577 ὄφεων
1020 3507 1118 3561 καὶ
1148 3506 1477 3575 σκορπίων.
1508 3508 1617 3559 Καὶ
1645 3507 1733 3560 ἵνα

153 3606 223 3675 μὴ
244 3604 312 3657 τὰ
342 3604 591 3673 ’ἑρποντα
622 3599 919 3672 ὑπολάϐῃς,
956 3599 1207 3670 ἐπήγαγε
1230 3614 1243 3627 ο
1268 3596 1379 3652 Καὶ
1402 3597 1497 3650 ἐπὶ
1526 3595 1733 3652 πᾶσαν

150 3697 259 3763 τὴν
291 3696 559 3763 δύναμιν
592 3693 700 3746 τοῦ
736 3691 974 3761 ἐχθροῦ.
1012 3691 1238 3760 Δράκων
1284 3690 1376 3743 καὶ
1408 3689 1531 3757 ὄφις
1562 3691 1589 3741 ὁ
1619 3689 1733 3742 διά-

150 3789 299 3851 ϐολος
333 3788 439 3857 οὐχ
472 3787 547 3848 ὼς
579 3786 702 3856 ῥίζα
742 3785 961 3849 κακίας,
992 3784 1067 3847 ὦς
1111 3800 1274 3852 φασιν
1318 3783 1369 3834 οἱ
1400 3782 1732 3850 Μανιχαῖοι,

146 3882 258 3935 ἀλλ’
290 3881 365 3943 ὼς
386 3880 695 3952 ,κατάρχων
722 3877 831 3931 τῶν
862 3876 1151 3947 δαιμονίων
1177 3875 1223 3907 ⁸⁸
1249 3875 1343 3928 καὶ
1369 3874 1608 3945 ἀρχηγὸς
1640 3874 1733 3926 αὐ-

144 3977 256 4038 τοῖς
285 3974 387 4044 τῆς
426 3970 754 4033 ἐκπτώσεως
787 3968 1026 4039 γεγονώς
1046 3969 1112 4023 ⁸⁷.

158 4089 259 4142 Ἐκ
298 4086 413 4140 τοῦ
467 4080 889 4154 παραινετικοῦ
923 4081 1119 4203 [loyce
1138 4079 1184 4111 ’⁵⁸
1233 4078 1340 4132 τοῦ
1382 4078 1515 4146 περὶ
1557 4094 1734 4147 μετα-

844 4168 917 4203 νο
945 4168 1039 4203 ac.

844 4168 1039 4205 νοιας.

844 4172 982 4205 rata
1025 4189 1039 4202 .

214 4248 346 4321 [856
384 4245 431 4300 Il
458 4245 478 4319 ]
506 4244 613 4297 Τοῦ
644 4246 887 4306 εἰπόντος
912 4261 926 4275 ·
962 4172 1203 4297 ιὲαθελῶ
1231 4260 1345 4307 μου
1367 4240 1473 4307 τὰς
1503 4238 1732 4306 ἀποθή-

149 4360 275 4409 κας,
307 4342 410 4395 καὶ
437 4337 713 4409 μείζονας
738 4336 1134 4405 οἰκοδομήσω,
1159 4336 1349 4387 τούτου
1375 4334 1473 4403 τὴν
1504 4333 1567 4385 ὲκ
1595 4331 1730 4385 Θεοῦ

2055 433 2292 485 scientia:
2322 433 2444 485 boni
2488 444 2536 486 et
2580 435 2731 501 mali,
2764 436 2890 488 etin
2919 436 3195 490 latronem.

1913 586 2119 655 Agmen
2145 585 2420 654 justorum
2457 601 2568 640 non
2617 588 2731 642 vult
2762 589 2814 642 in
2846 605 2905 644 se
2947 606 3137 660 rapere
3166 599 3410 661 potesta-

1844 685 1951 731 tem
1983 686 2380 743 creaturarum,
2406 678 2497 732 sed
2518 693 2639 747 qua:
2667 688 2795 733 sunt
2822 681 3272 749 dispensationis,
3306 680 3413 736 Pa-

1844 770 1942 823 tris
1974 770 2333 837 providentia:
2355 769 2603 839 subjecta
2632 785 2775 825 esse.
2808 770 2933 825 ldeo
2957 773 3119 825 etiam
3153 773 3409 841 parabola

1838 862 2113 931 juniorem
2175 863 2489 925 introducit,
2537 871 2759 930 accepta
2792 872 3015 931 paterna
3068 865 3411 929 haereditate,

1840 952 2287 1023 proficiscentem
2308 952 2359 1004 in
2394 952 2675 1021 regionem
2698 952 3047 1022 longinquam
3064 962 3128 1007 ω.
3156 955 3263 1008 Sed
3285 955 3408 1011 lon-

1842 1043 2029 1113 gitudo
2067 1043 2258 1098 stadiis
2290 1058 2397 1097 non
2436 1043 2854 1106 determinatur,
2887 1046 2981 1098 sed
3020 1045 3266 1101 moribus
3299 1047 3407 1100 cir-

1842 1135 2250 1190 cumscribitur.
2279 1134 2488 1187 Etenim
2516 1147 2768 1203 peccator
2791 1150 2903 1189 non
2936 1144 3051 1189 tam
3077 1136 3198 1191 loco
3227 1151 3406 1191 remo-

1841 1235 1930 1281 tus
1956 1236 2078 1290 ,est,
2106 1240 2268 1293 quam
2316 1223 2587 1277 moribus.
2623 1225 2860 1293 Accepta
2910 1224 3093 1294 itaque
3134 1225 3277 1279 bona
3311 1241 3413 1295 pa-

1843 1328 1994 1372 terna
2044 1317 2273 1385 perdidit
2310 1318 2533 1386 prodige
2572 1316 2819 1370 vivendo.
2855 1317 3078 1387 Accepit
3136 1321 3305 1373 solem
3338 1319 3414 1373 ad-

1840 1408 2285 1479 perfruitiouem,
2319 1418 2373 1462 et
2399 1410 2602 1463 donum
2651 1419 2707 1462 ut
2740 1409 2903 1462 deum
2946 1409 3213 1463 adoravit.
3238 1409 3408 1465 Acce-

1838 1499 1917 1567 pit
1950 1496 2127 1552 fontes
2155 1498 2219 1551 ad
2242 1497 2485 1562 delicias,
2525 1507 2582 1551 et
2617 1497 2821 1551 denunt
2869 1498 3028 1552 deum
3062 1499 3210 1553 fecit.
3251 1498 3409 1569 Igno-

1838 1592 1980 1644 ravit
2032 1589 2348 1654 donanbcm,
2387 1600 2439 1643 et
2485 1590 2693 1643 donum
2738 1604 2903 1658 supra
2953 1590 3174 1644 modum
3214 1591 3405 1647 coluit.

1841 1682 2039 1736 Eadem
2093 1695 2364 1745 creatura,
2411 1681 2503 1735 sed
2555 1697 2659 1734 non
2705 1682 2963 1736 omnibus
3003 1683 3193 1736 eodem
3244 1683 3417 1738 modo.

1836 1774 2153 1843 conspicua.
2196 1762 2789 1828 Paterna‘substantia
2846 1773 2939 1827 ille
2986 1775 3206 1842 quidem
3258 1783 3419 1829 recte

1834 1882 1967 1920 usus
1992 1877 2095 1931 est,
2153 1866 2241 1919 hic
2281 1882 2413 1920 vero
2443 1866 2669 1921 abusus.
2707 1862 2852 1918 Ordo
2875 1876 3057 1920 autem
3103 1866 3281 1946 hicet
3308 1866 3403 1932 ibi,

1832 1960 2049 2014 tametsi
2077 1959 2346 2014 diversus.
2397 1956 2529 2014 Pius
2571 1960 3032 2029 pulchritudinem
3076 1960 3221 2015 videt
3258 1962 3405 2025 caeli,

1831 2062 1887 2106 et
1921 2054 2044 2106 inde
2081 2052 2396 2107 Creatorem
2429 2054 2617 2107 laudat
2645 2071 2659 2106 :
2698 2053 2887 2107 Videbo
2910 2054 3049 2107 enim
3079 2054 3231 2107 caelos
3249 2070 3413 2122 opera

1831 2146 2117 2214 digitorum
2137 2133 2454 2199 tuorum’m".
2487 2144 2633 2199 Vidit
2664 2146 2881 2211 impius,
2912 2144 3056 2198 etad
3086 2144 3403 2199 Creatorem

1832 2252 2054 2292 sensum
2086 2252 2194 2289 non
2245 2235 2556 2289 convertit:
2595 2234 2686 2288 sed
2734 2231 2898 2304 524
2926 2232 2954 2283 b
2995 2235 3299 2301 persistens
3351 2233 3413 2286 in

1832 2327 2237 2398 pulchritudine
2287 2326 2413 2380 (ιωιὶ
2446 2366 2461 2390 ,
2499 2336 2802 2379 creaturam
2846 2340 2967 2380 esse
3007 2327 3167 2379 deum
3215 2324 3408 2394 imagi-

1831 2430 1996 2475 natus
2042 2428 2144 2474 est.
2185 2419 2314 2474 Pius
2352 2434 2464 2473 non
2494 2418 2750 2486 injuriam
2800 2417 2932 2470 facit
2985 2426 3270 2480 creaturae,
3309 2415 3409 2469 sed

1832 2511 2063 2566 Domino
2114 2511 2486 2565 adorationcm
2528 2510 2739 2569 tribuit.
2776 2507 3021 2562 Honorat
3066 2519 3404 2571 creaturam,

1832 2604 1924 2659 sed
1944 2614 1995 2657 ut
2019 2617 2363 2665 conservam,
2389 2617 2495 2654 non
2522 2599 2775 2654 auferens
2804 2608 2985 2652 autem
3011 2597 3213 2652 cultant
3240 2596 3412 2650 Crea-

1832 2697 1958 2762 tori,
1990 2702 2494 2764 prmstatcreatura:
2534 2710 2546 2745 :
2581 2690 2768 2743 laudat
2801 2689 3114 2753 artificium,
3144 2687 3237 2742 sed
3270 2686 3407 2740 arti-

1830 2788 1947 2842 ficis
1987 2786 2217 2856 gloriam
2271 2784 2348 2837 illi
2394 2798 2503 2836 non
2552 2781 2842 2846 attribuit;
2873 2779 3075 2847 impius
3112 2792 3241 2831 vero
3269 2777 3405 2831 bene

1829 2879 2050 2948 quidem
2074 2877 2230 2942 vidit,
2256 2875 2352 2931 sed
2383 2875 2523 2930 male
2546 2873 2818 2936 adoravit,
2840 2884 2895 2926 et
2916 2886 3134 2926 omnem
3153 2868 3403 2925 ordinem

1831 2971 2070 3025 invertit.

1832 3255 1982 3327 Swpe
2012 3254 2291 3325 Scriptura
2317 3252 2587 3307 diabolum
2614 3260 2761 3304 vocat
2812 3250 3093 3303 draconem
3110 3254 3158 3299 et
3186 3260 3402 3318 serpen-

2384 3340 2485 3377 tem
2513 3333 2825 3375 ιονικοειιηι.

1904 3418 2032 3473 Ideo
2066 3426 2120 3472 ct
2144 3415 2392 3470 Salvator
2414 3415 2548 3469 dicit
2620 3411 2754 3466 Ecce
2778 3412 2899 3465 dedi
2925 3411 3065 3465 vobis
3092 3417 3404 3479 potestatem

1832 3508 2140 3564 ambulandi
2188 3524 2345 3577 super
2383 3519 2665 3559 servantes.
2707 3514 2756 3557 et
2805 3504 3101 3571 scorpiones
3142 3512 3190 3554 ιι.
3227 3502 3292 3555 Et
3336 3516 3404 3555 nc

1834 3601 2044 3669 reptilia
2061 3601 2355 3669 intelligas,
2374 3597 2607 3667 subjecit
2627 3614 2641 3651 :
2666 3595 2733 3649 Et
2758 3611 2912 3663 super
2936 3610 3139 3647 onmem
3156 3593 3404 3645 virtutem

1831 3693 2036 3745 inimici
2069 3698 2115 3743 ο.
2142 3690 2401 3744 Diabolus
2450 3690 2615 3743 draco
2646 3697 2701 3742 et
2742 3702 2967 3756 serpens
3003 3694 3105 3748 est,
3137 3700 3245 3737 non
3279 3691 3403 3735 tan-

1833 3802 1997 3855 quam
2030 3785 2156 3839 mali
2192 3784 2368 3846 radix,
2396 3791 2455 3837 ut
2481 3782 2767 3835 Maniclizzei
2809 3780 3019 3845 dicunt,
3056 3780 3150 3833 sed
3176 3789 3232 3832 ut
3255 3776 3406 3847 prin—

1832 3892 1959 3946 ceps
2012 3878 2341 3939 damiouum,
2390 3882 2446 3927 et
2476 3883 2668 3927 auctor
2697 3869 2804 3925 illis
2842 3869 3021 3925 factus
3060 3868 3404 3923 defectionis.

2134 4077 2219 4131 Ea:
2252 4075 2620 4131 adhortatione
2640 4072 2708 4125 ad
2738 4070 3122 4141 paenitentiam.

1905 4236 1982 4291 De
2007 4235 2099 4290 illo
2124 4232 2217 4304 qui
2246 4232 2385 4287 dixit
2431 4249 2444 4284 :
2477 4229 2757 4283 Destruam
2807 4229 2993 4280 horrea
3030 4242 3163 4291 mea,
3211 4235 3258 4278 et
3294 4242 3409 4277 ma-

1827 4331 1954 4400 jora
1989 4328 2185 4398 faciam
2211 4336 2259 4391 P,
2313 4322 2641 4379 sententiam
2675 4336 2701 4373 a
2733 4319 2842 4373 Deo
2869 4319 3058 4384 latam,
3095 4319 3148 4370 in
3202 4331 3407 4370 memo-

150 4433 539 4503 ἐπενεχθεῖσαν
569 4431 843 4498 άπόφασιν
890 4430 967 4490 είς
1005 4429 1223 4496 μνήμην
1243 4467 1258 4491 ,
1291 4424 1567 4494 ἄνθρωποι
1588 4461 1604 4485 ,
1633 4422 1729 4474 λα-

1841 4425 1994 4484 riam,
2029 4419 2301 4483 homines,
2334 4423 2657 4470 revocantes
2684 4412 2807 4483 iipsi
2841 4412 3015 4477 vobis,
3054 4410 3258 4480 aperite
3286 4409 3408 4463 the-

151 4526 332 4588 ϐόντες
355 4524 607 4589 ἀνοίξατε
630 4524 755 4583 τοὺς
780 4520 1087 4591 θησαυροὺς
1114 4521 1142 4571 ὑ
1152 4519 1290 4588 μῶν,
1323 4519 1414 4571 καὶ
1434 4517 1551 4568 δότε
1579 4515 1728 4585 ἐλεη-

1841 4528 2012 4568 ιιιιτοε
2054 4521 2285 4574 vestros,
2339 4518 2394 4562 et
2434 4507 2559 4561 date
2607 4508 3024 4577 elcemosynas;
3061 4505 3220 4559 facile
3252 4504 3410 4560 vobis

153 4619 416 4688 μοσύνην.
450 4616 721 4683 Ποιήσατε
749 4613 961 4673 ἑαυτοῖς
989 4611 1262 4680 Θησαυρὸν
1294 4610 1644 4661 ἀνέκλειπτον
1668 4608 1724 4660 ὲν

1845 4607 2106 4660 hesauros
2142 4604 2518 4658 indeficientes
2557 4602 2610 4655 in
2636 4602 2797 4663 cceio,
2850 4608 2908 4653 ut
2939 4599 3196 4653 Dominus
3228 4597 3402 4667 jubet.

149 4710 223 4781 τῷ
250 4707 506 4778 οὐρανῷ,
558 4705 740 4768 καθὼς
792 4702 1123 4774 προστάσσει
1168 4705 1197 4754 6
1253 4697 1488 4770 Κύριοςο
1536 4700 1584 4751 οἱ
1634 4699 1724 4752 τὸν

1841 4697 1910 4767 [ui
1932 4696 2115 4749 futiles
2132 4695 2346 4750 divitias
2367 4710 2397 4748 e
2415 4693 2625 4749 fmnore
2646 4703 2700 4748 et
2716 4691 2981 4761 injustitia
3003 4689 3275 4761 colligitis,
3299 4688 3410 4741 Fa-

157 4800 462 4869 ἒμπαίκτην
507 4793 736 4848 πλοῦτον
779 4795 843 4845 ὲκ
871 4793 1030 4846 τόκου
1066 4793 1157 4845 καὶ
1194 4791 1253 4855 ἐξ
1294 4789 1505 4852 ἀδικίας
1540 4787 1727 4840 συλλέ-

166 4888 360 4954 ξιντεςο
393 4887 698 4954 Ποιήσατε
731 4884 964 4951 ἑαυτοῖς
992 4885 1209 4953 φίλους
1226 4884 1294 4937 ἐκ
1321 4881 1425 4935 τοῦ
1454 4878 1728 4950 μαμωνᾶ,

166 4982 336 5043 καθὼς
363 4982 392 5033 ὁ
426 4978 705 5048 Δεσπότης
733 4977 1189 5046 παρακελεύεταν
1229 4977 1357 5030 Ἵνα
1395 4975 1542 5027 ὅταν
1572 4973 1733 5028 ἐκλι-

1835 4790 1935 4843 ciie
1964 4787 2107 4841 vobis
2136 4790 2331 4841 amicos
2362 4789 2426 4841 de
2464 4803 2787 4850 mammona,
2818 4793 2877 4839 ut
2916 4783 3184 4839 Dominus
3231 4784 3407 4851 impe-

1836 4891 1940 4947 rat,
1974 4890 2032 4935 ut
2055 4897 2174 4935 cum
2204 4897 2289 4934 vos
2325 4879 2725 4951 dereliquerint,
2765 4879 3018 4947 recipiant
3050 4894 3138 4932 vos
3171 4878 3225 4930 in
3256 4885 3410 4931 teter-

1840 4996 1909 5033 na
1938 4978 2280 5031 tabernacula
2303 4985 2330 5026 τι

163 5089 324 5141 πητε,
349 5073 632 5138 δέξωνται
658 5068 810 5138 ὑμᾶς
837 5074 923 5138 εις
944 5073 1054 5134 τὰς
1081 5070 1358 5135 αἰωνίους
1387 5068 1642 5135 σκηνάς.

232 5283 271 5310 ιιι
293 5274 416 5330 Luc.
451 5292 543 5342 xv,
578 5276 827 5344 12,5eqq.
903 5272 977 5309 ω*
996 5270 1141 5327 Psal.
1162 5272 1348 5338 “11,4.
1427 5280 1456 5308 η
1488 5267 1622 5323 Luc.
1644 5270 1733 5331 1,1

1886 5272 1913 5300 ο
1950 5265 2081 5321 ibid.
2160 5263 2455 5333 rLucgu,
2487 5261 2573 5318 18.
2646 5270 2675 5311 ει
2704 5257 2837 5315 Luc.
2878 5272 2992 5325 xvi,
3019 5256 3073 5313 9.

1428 5424 1664 5480 VARLE
1701 5422 2111 5480 LECTIONES.

271 5573 316 5606 “
340 5576 404 5630 ὲκ
426 5574 544 5629 τοῦ.
622 5574 669 5605 ιδ
699 5572 760 5624 τὺ
785 5584 894 5626 om.
926 5571 992 5624 A.
1038 5640 1041 5641 ν
1069 5570 1114 5602 ⁸⁸
1142 5568 1326 5632 κακῶς
1356 5568 1437 5641 δὲ]
1465 5569 1525 5622 οὐ
1552 5568 1737 5632 κακῶς
1762 5567 1819 5622 δὲ
1840 5584 1923 5639 pr.
1943 5569 2010 5635 Α,
2038 5568 2098 5623 οὐ
2137 5566 2315 5633 καλῶς
2339 5564 2396 5621 δὲ
2418 5563 2491 5641 δὲ,
2522 5580 2647 5623 corr
2742 5559 3080 5633 ⁸⁶φδιαμόνων
3108 5573 3170 5621 ς.
3245 5552 3291 5587 ⁸⁷
3320 5572 3411 5624 γε·

178 5644 333 5710 γιονώς
356 5662 466 5701 om.
496 5645 560 5698 B.
662 5641 824 5696 ’δετοῦ
866 5652 988 5713 post
1032 5640 1191 5710 λόγου
1228 5655 1339 5695 om.
1375 5640 1439 5694 A.
