  <div class='ocr_page' id='page_1' title='image "/cluster/home/n/w/nwhite01/storage/ocr_20150623/104 pt.4/mdp.39015061931229/153.png"; bbox 0 0 3922 6242; ppageno 0'>
   <div class='ocr_carea' id='block_1_1' title="bbox 471 261 578 328">
    <p class='ocr_par' dir='ltr' id='par_1_1' title="bbox 471 261 578 328">
     <span class='ocr_line' id='line_1_1' title="bbox 471 261 578 328; baseline -0.009 -1"><span class='ocrx_word' id='word_1_1' title='bbox 471 261 578 328; x_wconf 81' lang='lat'><strong>287</strong></span> 
     </span>
    </p>
   </div>
   <div class='ocr_carea' id='block_1_2' title="bbox 1611 254 2583 341">
    <p class='ocr_par' dir='ltr' id='par_1_2' title="bbox 1611 254 2583 341">
     <span class='ocr_line' id='line_1_2' title="bbox 1611 254 2583 341; baseline -0.005 -20"><span class='ocrx_word' id='word_1_2' title='bbox 1611 259 1875 321; x_wconf 82' lang='lat' dir='ltr'><strong>PHO’I‘II</strong></span> <span class='ocrx_word' id='word_1_3' title='bbox 1916 254 2422 338; x_wconf 70' lang='lat' dir='ltr'><strong>PATRIABCH/E</strong></span> <span class='ocrx_word' id='word_1_4' title='bbox 2445 254 2449 260; x_wconf 90' lang='grc'>·</span> <span class='ocrx_word' id='word_1_5' title='bbox 2469 257 2583 341; x_wconf 71' lang='grc' dir='ltr'><strong>οι).⁸</strong></span> 
     </span>
    </p>
   </div>
   <div class='ocr_carea' id='block_1_3' title="bbox 3655 254 3778 318">
    <p class='ocr_par' dir='ltr' id='par_1_3' title="bbox 3655 254 3778 318">
     <span class='ocr_line' id='line_1_3' title="bbox 3655 254 3778 318; baseline 0 -2"><span class='ocrx_word' id='word_1_6' title='bbox 3655 254 3778 318; x_wconf 69' lang='lat'><strong>2-38</strong></span> 
     </span>
    </p>
   </div>
   <div class='ocr_carea' id='block_1_4' title="bbox 479 359 2077 446">
    <p class='ocr_par' dir='ltr' id='par_1_4' title="bbox 479 359 2055 446">
     <span class='ocr_line' id='line_1_4' title="bbox 479 359 2055 446; baseline -0.004 -15"><span class='ocrx_word' id='word_1_7' title='bbox 479 374 568 432; x_wconf 68' lang='lat' dir='ltr'><strong>Ea:</strong></span> <span class='ocrx_word' id='word_1_8' title='bbox 622 374 862 430; x_wconf 80' lang='lat' dir='ltr'><strong>oratione</strong></span> <span class='ocrx_word' id='word_1_9' title='bbox 911 371 1516 446; x_wconf 54' lang='lat' dir='ltr'><strong>ittterrwmotumﬁﬂ),</strong></span> <span class='ocrx_word' id='word_1_10' title='bbox 1559 381 1608 428; x_wconf 87' lang='lat' dir='ltr'><strong>et</strong></span> <span class='ocrx_word' id='word_1_11' title='bbox 1665 359 1954 441; x_wconf 76' lang='lat' dir='ltr'><strong>Lazarum,</strong></span> <span class='ocrx_word' id='word_1_12' title='bbox 2006 381 2055 426; x_wconf 89' lang='lat' dir='ltr'><strong>et</strong></span> 
     </span>
    </p>
   </div>
   <div class='ocr_carea' id='block_1_5' title="bbox 2190 359 3772 446">
    <p class='ocr_par' dir='ltr' id='par_1_5' title="bbox 2246 363 3772 446">
     <span class='ocr_line' id='line_1_5' title="bbox 2246 363 3772 446; baseline -0.003 -24"><span class='ocrx_word' id='word_1_13' title='bbox 2246 371 2348 442; x_wconf 74' lang='grc' dir='ltr'>Ἐκ</span> <span class='ocrx_word' id='word_1_14' title='bbox 2384 368 2611 434; x_wconf 44' lang='grc' dir='ltr'>τοῦ-εὶς</span> <span class='ocrx_word' id='word_1_15' title='bbox 2639 383 2746 420; x_wconf 80' lang='grc' dir='ltr'>τον</span> <span class='ocrx_word' id='word_1_16' title='bbox 2775 367 3068 446; x_wconf 53' lang='grc' dir='ltr'><strong>(ζετο-μάν.Δ</strong></span> <span class='ocrx_word' id='word_1_17' title='bbox 3094 365 3202 446; x_wconf 61' lang='grc' dir='ltr'><strong>Καὶ</strong></span> <span class='ocrx_word' id='word_1_18' title='bbox 3228 367 3314 430; x_wconf 81' lang='grc' dir='ltr'>εἰς</span> <span class='ocrx_word' id='word_1_19' title='bbox 3340 365 3385 396; x_wconf 66' lang='grc' dir='ltr'>δ’</span> <span class='ocrx_word' id='word_1_20' title='bbox 3429 363 3541 417; x_wconf 78' lang='grc' dir='ltr'><strong>τὸν</strong></span> <span class='ocrx_word' id='word_1_21' title='bbox 3574 366 3772 425; x_wconf 66' lang='lat' dir='ltr'><strong>Adfu-</strong></span> 
     </span>
    </p>
   </div>
   <div class='ocr_carea' id='block_1_6' title="bbox 1139 443 1373 498">
    <p class='ocr_par' dir='ltr' id='par_1_6' title="bbox 1139 443 1373 498">
     <span class='ocr_line' id='line_1_6' title="bbox 1139 443 1373 498; baseline 0.004 -2"><span class='ocrx_word' id='word_1_22' title='bbox 1139 443 1373 498; x_wconf 77' lang='lat' dir='ltr'><strong>divitem.</strong></span> 
     </span>
    </p>
   </div>
   <div class='ocr_carea' id='block_1_7' title="bbox 549 531 2052 597">
    <p class='ocr_par' dir='ltr' id='par_1_7' title="bbox 549 531 2052 597">
     <span class='ocr_line' id='line_1_7' title="bbox 549 531 2052 597; baseline -0.003 -9"><span class='ocrx_word' id='word_1_23' title='bbox 549 533 668 588; x_wconf 88' lang='lat' dir='ltr'><strong>Non</strong></span> <span class='ocrx_word' id='word_1_24' title='bbox 698 547 855 588; x_wconf 89' lang='lat' dir='ltr'><strong>cesso</strong></span> <span class='ocrx_word' id='word_1_25' title='bbox 881 531 1082 597; x_wconf 92' lang='lat' dir='ltr'><strong>dicere,</strong></span> <span class='ocrx_word' id='word_1_26' title='bbox 1107 531 1211 586; x_wconf 85' lang='lat' dir='ltr'><strong>etsi</strong></span> <span class='ocrx_word' id='word_1_27' title='bbox 1232 547 1339 585; x_wconf 88' lang='lat' dir='ltr'><strong>non</strong></span> <span class='ocrx_word' id='word_1_28' title='bbox 1371 533 1586 587; x_wconf 86' lang='lat' dir='ltr'><strong>audiar.</strong></span> <span class='ocrx_word' id='word_1_29' title='bbox 1637 531 1883 587; x_wconf 84' lang='lat' dir='ltr'><strong>Medicus</strong></span> <span class='ocrx_word' id='word_1_30' title='bbox 1908 547 2052 597; x_wconf 92' lang='lat' dir='ltr'><strong>sum,</strong></span> 
     </span>
    </p>
   </div>
   <div class='ocr_carea' id='block_1_8' title="bbox 478 625 2056 694">
    <p class='ocr_par' dir='ltr' id='par_1_8' title="bbox 478 625 2056 694">
     <span class='ocr_line' id='line_1_8' title="bbox 478 625 2056 694; baseline -0.003 -12"><span class='ocrx_word' id='word_1_31' title='bbox 478 627 875 682; x_wconf 88' lang='lat' dir='ltr'><strong>medicamenta</strong></span> <span class='ocrx_word' id='word_1_32' title='bbox 915 638 1152 693; x_wconf 86' lang='lat' dir='ltr'><strong>appono.</strong></span> <span class='ocrx_word' id='word_1_33' title='bbox 1185 633 1486 694; x_wconf 71' lang='lat' dir='ltr'><strong>praeceptor</strong></span> <span class='ocrx_word' id='word_1_34' title='bbox 1506 640 1649 688; x_wconf 90' lang='lat' dir='ltr'><strong>sum,</strong></span> <span class='ocrx_word' id='word_1_35' title='bbox 1673 639 1905 679; x_wconf 88' lang='lat' dir='ltr'><strong>monere</strong></span> <span class='ocrx_word' id='word_1_36' title='bbox 1936 625 2056 693; x_wconf 81' lang='lat' dir='ltr'><strong>jus-</strong></span> 
     </span>
    </p>
   </div>
   <div class='ocr_carea' id='block_1_9' title="bbox 478 701 2057 782">
    <p class='ocr_par' dir='ltr' id='par_1_9' title="bbox 478 701 2057 782">
     <span class='ocr_line' id='line_1_9' title="bbox 478 701 2057 782; baseline -0.006 -7"><span class='ocrx_word' id='word_1_37' title='bbox 478 735 573 775; x_wconf 79' lang='lat' dir='ltr'><strong>sus</strong></span> <span class='ocrx_word' id='word_1_38' title='bbox 604 733 748 773; x_wconf 90' lang='lat' dir='ltr'><strong>sum.</strong></span> <span class='ocrx_word' id='word_1_39' title='bbox 803 715 865 769; x_wconf 88' lang='lat' dir='ltr'><strong>Et</strong></span> <span class='ocrx_word' id='word_1_40' title='bbox 896 730 1060 769; x_wconf 86' lang='lat' dir='ltr'><strong>nemo</strong></span> <span class='ocrx_word' id='word_1_41' title='bbox 1083 731 1142 770; x_wconf 91' lang='lat' dir='ltr'><strong>se</strong></span> <span class='ocrx_word' id='word_1_42' title='bbox 1182 701 1484 770; x_wconf 85' lang='lat' dir='ltr'><strong>emendat?</strong></span> <span class='ocrx_word' id='word_1_43' title='bbox 1517 716 1652 782; x_wconf 83' lang='lat' dir='ltr'><strong>Quid</strong></span> <span class='ocrx_word' id='word_1_44' title='bbox 1691 717 1792 770; x_wconf 93' lang='lat' dir='ltr'><strong>hoc</strong></span> <span class='ocrx_word' id='word_1_45' title='bbox 1825 715 1900 770; x_wconf 87' lang='lat' dir='ltr'><strong>rei</strong></span> <span class='ocrx_word' id='word_1_46' title='bbox 1933 713 2057 769; x_wconf 88' lang='lat' dir='ltr'><strong>est?</strong></span> 
     </span>
    </p>
   </div>
   <div class='ocr_carea' id='block_1_10' title="bbox 477 805 2058 876">
    <p class='ocr_par' dir='ltr' id='par_1_10' title="bbox 477 805 2058 876">
     <span class='ocr_line' id='line_1_10' title="bbox 477 805 2058 876; baseline -0.003 -14"><span class='ocrx_word' id='word_1_47' title='bbox 477 808 572 862; x_wconf 85' lang='lat' dir='ltr'><strong>sed</strong></span> <span class='ocrx_word' id='word_1_48' title='bbox 603 822 703 876; x_wconf 79' lang='lat' dir='ltr'><strong>ego</strong></span> <span class='ocrx_word' id='word_1_49' title='bbox 733 806 1090 860; x_wconf 79' lang='lat' dir='ltr'><strong>nihilominus</strong></span> <span class='ocrx_word' id='word_1_50' title='bbox 1126 806 1432 860; x_wconf 77' lang='lat' dir='ltr'><strong>mercedem</strong></span> <span class='ocrx_word' id='word_1_51' title='bbox 1464 806 1696 875; x_wconf 89' lang='lat' dir='ltr'><strong>accipio,</strong></span> <span class='ocrx_word' id='word_1_52' title='bbox 1731 815 1787 859; x_wconf 90' lang='lat' dir='ltr'><strong>et</strong></span> <span class='ocrx_word' id='word_1_53' title='bbox 1824 806 1926 859; x_wconf 91' lang='lat' dir='ltr'><strong>hoc</strong></span> <span class='ocrx_word' id='word_1_54' title='bbox 1971 805 2058 858; x_wconf 86' lang='lat' dir='ltr'><strong>in-</strong></span> 
     </span>
    </p>
   </div>
   <div class='ocr_carea' id='block_1_11' title="bbox 477 887 2058 966">
    <p class='ocr_par' dir='ltr' id='par_1_11' title="bbox 477 887 2058 966">
     <span class='ocr_line' id='line_1_11' title="bbox 477 887 2058 966; baseline -0.001 -13"><span class='ocrx_word' id='word_1_55' title='bbox 477 899 812 954; x_wconf 86' lang='lat' dir='ltr'><strong>credibiliter</strong></span> <span class='ocrx_word' id='word_1_56' title='bbox 861 898 994 952; x_wconf 82' lang='lat' dir='ltr'><strong>dixi.</strong></span> <span class='ocrx_word' id='word_1_57' title='bbox 1049 897 1190 950; x_wconf 85' lang='lat' dir='ltr'><strong>Fieri</strong></span> <span class='ocrx_word' id='word_1_58' title='bbox 1230 898 1377 950; x_wconf 91' lang='lat' dir='ltr'><strong>enim</strong></span> <span class='ocrx_word' id='word_1_59' title='bbox 1439 913 1549 951; x_wconf 90' lang='lat' dir='ltr'><strong>non</strong></span> <span class='ocrx_word' id='word_1_60' title='bbox 1604 908 1780 966; x_wconf 90' lang='lat' dir='ltr'><strong>potest</strong></span> <span class='ocrx_word' id='word_1_61' title='bbox 1820 897 1876 951; x_wconf 89' lang='lat' dir='ltr'><strong>in</strong></span> <span class='ocrx_word' id='word_1_62' title='bbox 1908 887 2058 951; x_wconf 82' lang='lat' dir='ltr'><strong>tanta</strong></span> 
     </span>
    </p>
   </div>
   <div class='ocr_carea' id='block_1_12' title="bbox 477 990 1820 1049">
    <p class='ocr_par' dir='ltr' id='par_1_12' title="bbox 477 990 1820 1049">
     <span class='ocr_line' id='line_1_12' title="bbox 477 990 1820 1049; baseline -0.005 0"><span class='ocrx_word' id='word_1_63' title='bbox 477 994 766 1049; x_wconf 82' lang='lat' dir='ltr'><strong>hominum</strong></span> <span class='ocrx_word' id='word_1_64' title='bbox 802 990 1154 1045; x_wconf 87' lang='lat' dir='ltr'><strong>multitudine</strong></span> <span class='ocrx_word' id='word_1_65' title='bbox 1180 1000 1239 1044; x_wconf 92' lang='lat' dir='ltr'><strong>ut</strong></span> <span class='ocrx_word' id='word_1_66' title='bbox 1268 1005 1431 1044; x_wconf 87' lang='lat' dir='ltr'><strong>nemo</strong></span> <span class='ocrx_word' id='word_1_67' title='bbox 1461 1005 1520 1045; x_wconf 89' lang='lat' dir='ltr'><strong>se</strong></span> <span class='ocrx_word' id='word_1_68' title='bbox 1544 991 1820 1044; x_wconf 87' lang='lat' dir='ltr'><strong>emendet.</strong></span> 
     </span>
    </p>
   </div>
   <div class='ocr_carea' id='block_1_13' title="bbox 545 1079 2060 1150">
    <p class='ocr_par' dir='ltr' id='par_1_13' title="bbox 545 1079 2060 1150">
     <span class='ocr_line' id='line_1_13' title="bbox 545 1079 2060 1150; baseline -0.002 -13"><span class='ocrx_word' id='word_1_69' title='bbox 545 1084 748 1149; x_wconf 74' lang='lat' dir='ltr'><strong>Audio,</strong></span> <span class='ocrx_word' id='word_1_70' title='bbox 795 1083 995 1150; x_wconf 87' lang='lat' dir='ltr'><strong>inquit,</strong></span> <span class='ocrx_word' id='word_1_71' title='bbox 1045 1082 1098 1134; x_wconf 93' lang='lat' dir='ltr'><strong>in</strong></span> <span class='ocrx_word' id='word_1_72' title='bbox 1133 1081 1270 1144; x_wconf 85' lang='lat' dir='ltr'><strong>dies,</strong></span> <span class='ocrx_word' id='word_1_73' title='bbox 1316 1089 1370 1134; x_wconf 89' lang='lat' dir='ltr'><strong>et</strong></span> <span class='ocrx_word' id='word_1_74' title='bbox 1417 1095 1524 1134; x_wconf 91' lang='lat' dir='ltr'><strong>non</strong></span> <span class='ocrx_word' id='word_1_75' title='bbox 1559 1079 1726 1134; x_wconf 81' lang='lat' dir='ltr'><strong>facio.</strong></span> <span class='ocrx_word' id='word_1_76' title='bbox 1767 1079 1928 1144; x_wconf 77' lang='lat' dir='ltr'><strong>Audi,</strong></span> <span class='ocrx_word' id='word_1_77' title='bbox 1956 1079 2060 1134; x_wconf 86' lang='lat' dir='ltr'><strong>etsi</strong></span> 
     </span>
    </p>
   </div>
   <div class='ocr_carea' id='block_1_14' title="bbox 477 1171 2061 1240">
    <p class='ocr_par' dir='ltr' id='par_1_14' title="bbox 477 1171 2061 1240">
     <span class='ocr_line' id='line_1_14' title="bbox 477 1171 2061 1240; baseline -0.003 -8"><span class='ocrx_word' id='word_1_78' title='bbox 477 1192 590 1232; x_wconf 85' lang='lat' dir='ltr'><strong>non</strong></span> <span class='ocrx_word' id='word_1_79' title='bbox 620 1175 813 1231; x_wconf 85' lang='lat' dir='ltr'><strong>facias.</strong></span> <span class='ocrx_word' id='word_1_80' title='bbox 845 1176 924 1229; x_wconf 83' lang='lat' dir='ltr'><strong>Ex</strong></span> <span class='ocrx_word' id='word_1_81' title='bbox 965 1174 1251 1229; x_wconf 83' lang='lat' dir='ltr'><strong>auditione</strong></span> <span class='ocrx_word' id='word_1_82' title='bbox 1297 1172 1447 1227; x_wconf 91' lang='lat' dir='ltr'><strong>enim</strong></span> <span class='ocrx_word' id='word_1_83' title='bbox 1476 1171 1694 1240; x_wconf 78' lang='lat' dir='ltr'><strong>factum</strong></span> <span class='ocrx_word' id='word_1_84' title='bbox 1723 1175 1922 1239; x_wconf 87' lang='lat' dir='ltr'><strong>oritur,</strong></span> <span class='ocrx_word' id='word_1_85' title='bbox 1958 1175 2061 1229; x_wconf 85' lang='lat' dir='ltr'><strong>etsi</strong></span> 
     </span>
    </p>
   </div>
   <div class='ocr_carea' id='block_1_15' title="bbox 481 1265 2060 1336">
    <p class='ocr_par' dir='ltr' id='par_1_15' title="bbox 481 1265 2060 1336">
     <span class='ocr_line' id='line_1_15' title="bbox 481 1265 2060 1336; baseline -0.003 -11"><span class='ocrx_word' id='word_1_86' title='bbox 481 1285 592 1325; x_wconf 85' lang='lat' dir='ltr'><strong>non</strong></span> <span class='ocrx_word' id='word_1_87' title='bbox 625 1268 813 1331; x_wconf 86' lang='lat' dir='ltr'><strong>facias,</strong></span> <span class='ocrx_word' id='word_1_88' title='bbox 844 1265 1085 1336; x_wconf 87' lang='lat' dir='ltr'><strong>pudelies</strong></span> <span class='ocrx_word' id='word_1_89' title='bbox 1111 1266 1183 1320; x_wconf 89' lang='lat' dir='ltr'><strong>ob</strong></span> <span class='ocrx_word' id='word_1_90' title='bbox 1227 1276 1514 1334; x_wconf 83' lang='lat' dir='ltr'><strong>peccatum</strong></span> <span class='ocrx_word' id='word_1_91' title='bbox 1553 1304 1568 1329; x_wconf 87' lang='lat'><strong>,</strong></span> <span class='ocrx_word' id='word_1_92' title='bbox 1602 1265 1703 1320; x_wconf 83' lang='lat' dir='ltr'><strong>etsi</strong></span> <span class='ocrx_word' id='word_1_93' title='bbox 1730 1281 1840 1319; x_wconf 92' lang='lat' dir='ltr'><strong>non</strong></span> <span class='ocrx_word' id='word_1_94' title='bbox 1870 1265 2060 1332; x_wconf 81' lang='lat' dir='ltr'><strong>facias,</strong></span> 
     </span>
    </p>
   </div>
   <div class='ocr_carea' id='block_1_16' title="bbox 480 1350 2066 1433">
    <p class='ocr_par' dir='ltr' id='par_1_16' title="bbox 480 1350 2066 1433">
     <span class='ocr_line' id='line_1_16' title="bbox 480 1350 2066 1433; baseline -0.001 -17"><span class='ocrx_word' id='word_1_95' title='bbox 480 1371 664 1417; x_wconf 87' lang='lat' dir='ltr'><strong>mutas</strong></span> <span class='ocrx_word' id='word_1_96' title='bbox 717 1350 1080 1423; x_wconf 80' lang='lat' dir='ltr'><strong>sententiam,</strong></span> <span class='ocrx_word' id='word_1_97' title='bbox 1125 1359 1228 1423; x_wconf 83' lang='lat' dir='ltr'><strong>etsi</strong></span> <span class='ocrx_word' id='word_1_98' title='bbox 1277 1373 1387 1412; x_wconf 90' lang='lat' dir='ltr'><strong>non</strong></span> <span class='ocrx_word' id='word_1_99' title='bbox 1455 1357 1666 1424; x_wconf 80' lang='lat' dir='ltr'><strong>facias,</strong></span> <span class='ocrx_word' id='word_1_100' title='bbox 1696 1358 2066 1433; x_wconf 81' lang='lat' dir='ltr'><strong>condemnas</strong></span> 
     </span>
    </p>
   </div>
   <div class='ocr_carea' id='block_1_17' title="bbox 480 1451 2064 1522">
    <p class='ocr_par' dir='ltr' id='par_1_17' title="bbox 480 1451 2064 1522">
     <span class='ocr_line' id='line_1_17' title="bbox 480 1451 2064 1522; baseline -0.002 -15"><span class='ocrx_word' id='word_1_101' title='bbox 480 1463 537 1508; x_wconf 92' lang='lat' dir='ltr'><strong>te</strong></span> <span class='ocrx_word' id='word_1_102' title='bbox 568 1454 770 1522; x_wconf 86' lang='lat' dir='ltr'><strong>ipsum,</strong></span> <span class='ocrx_word' id='word_1_103' title='bbox 793 1456 936 1522; x_wconf 89' lang='lat' dir='ltr'><strong>quod</strong></span> <span class='ocrx_word' id='word_1_104' title='bbox 966 1468 1072 1506; x_wconf 90' lang='lat' dir='ltr'><strong>non</strong></span> <span class='ocrx_word' id='word_1_105' title='bbox 1105 1451 1295 1505; x_wconf 88' lang='lat' dir='ltr'><strong>facias.</strong></span> <span class='ocrx_word' id='word_1_106' title='bbox 1321 1453 1598 1506; x_wconf 85' lang='lat' dir='ltr'><strong>Accusare</strong></span> <span class='ocrx_word' id='word_1_107' title='bbox 1624 1451 1770 1506; x_wconf 90' lang='lat' dir='ltr'><strong>enim</strong></span> <span class='ocrx_word' id='word_1_108' title='bbox 1804 1467 1884 1514; x_wconf 90' lang='lat' dir='ltr'><strong>se,</strong></span> <span class='ocrx_word' id='word_1_109' title='bbox 1913 1453 2064 1521; x_wconf 88' lang='lat' dir='ltr'><strong>prin-</strong></span> 
     </span>
    </p>
   </div>
   <div class='ocr_carea' id='block_1_18' title="bbox 481 1538 2065 1612">
    <p class='ocr_par' dir='ltr' id='par_1_18' title="bbox 481 1538 2065 1612">
     <span class='ocr_line' id='line_1_18' title="bbox 481 1538 2065 1612; baseline -0.003 -15"><span class='ocrx_word' id='word_1_110' title='bbox 481 1543 685 1612; x_wconf 87' lang='lat' dir='ltr'><strong>cipium</strong></span> <span class='ocrx_word' id='word_1_111' title='bbox 723 1549 808 1595; x_wconf 89' lang='lat' dir='ltr'><strong>est</strong></span> <span class='ocrx_word' id='word_1_112' title='bbox 844 1539 1262 1594; x_wconf 81' lang='lat' dir='ltr'><strong>emendationis.</strong></span> <span class='ocrx_word' id='word_1_113' title='bbox 1299 1539 1528 1604; x_wconf 81' lang='lat' dir='ltr'><strong>Quando</strong></span> <span class='ocrx_word' id='word_1_114' title='bbox 1580 1539 1748 1604; x_wconf 85' lang='lat' dir='ltr'><strong>dicis,</strong></span> <span class='ocrx_word' id='word_1_115' title='bbox 1797 1538 1894 1594; x_wconf 87' lang='lat' dir='ltr'><strong>Hei</strong></span> <span class='ocrx_word' id='word_1_116' title='bbox 1932 1540 2065 1594; x_wconf 91' lang='lat' dir='ltr'><strong>mihi</strong></span> 
     </span>
    </p>
   </div>
   <div class='ocr_carea' id='block_1_19' title="bbox 481 1630 2067 1698">
    <p class='ocr_par' dir='ltr' id='par_1_19' title="bbox 481 1630 2067 1698">
     <span class='ocr_line' id='line_1_19' title="bbox 481 1630 2067 1698; baseline -0.001 -12"><span class='ocrx_word' id='word_1_117' title='bbox 481 1633 688 1695; x_wconf 80' lang='lat' dir='ltr'><strong>audivi,</strong></span> <span class='ocrx_word' id='word_1_118' title='bbox 735 1642 789 1685; x_wconf 91' lang='lat' dir='ltr'><strong>et</strong></span> <span class='ocrx_word' id='word_1_119' title='bbox 844 1647 952 1684; x_wconf 90' lang='lat' dir='ltr'><strong>non</strong></span> <span class='ocrx_word' id='word_1_120' title='bbox 987 1631 1147 1696; x_wconf 79' lang='lat' dir='ltr'><strong>facio,</strong></span> <span class='ocrx_word' id='word_1_121' title='bbox 1195 1630 1353 1697; x_wconf 87' lang='lat' dir='ltr'><strong>illud,</strong></span> <span class='ocrx_word' id='word_1_122' title='bbox 1402 1630 1499 1686; x_wconf 85' lang='lat' dir='ltr'><strong>Hei</strong></span> <span class='ocrx_word' id='word_1_123' title='bbox 1541 1631 1702 1698; x_wconf 86' lang='lat' dir='ltr'><strong>mihi,</strong></span> <span class='ocrx_word' id='word_1_124' title='bbox 1739 1633 1954 1687; x_wconf 90' lang='lat' dir='ltr'><strong>initium</strong></span> <span class='ocrx_word' id='word_1_125' title='bbox 1983 1641 2067 1687; x_wconf 91' lang='lat' dir='ltr'><strong>est</strong></span> 
     </span>
    </p>
   </div>
   <div class='ocr_carea' id='block_1_20' title="bbox 481 1722 1497 1788">
    <p class='ocr_par' dir='ltr' id='par_1_20' title="bbox 481 1722 1497 1788">
     <span class='ocr_line' id='line_1_20' title="bbox 481 1722 1497 1788; baseline -0.002 -10"><span class='ocrx_word' id='word_1_126' title='bbox 481 1725 808 1778; x_wconf 79' lang='lat' dir='ltr'><strong>mutationis</strong></span> <span class='ocrx_word' id='word_1_127' title='bbox 844 1724 897 1775; x_wconf 90' lang='lat' dir='ltr'><strong>in</strong></span> <span class='ocrx_word' id='word_1_128' title='bbox 939 1722 1157 1776; x_wconf 87' lang='lat' dir='ltr'><strong>melius.</strong></span> <span class='ocrx_word' id='word_1_129' title='bbox 1492 1783 1497 1788; x_wconf 52' lang='grc'><strong>,</strong></span> 
     </span>
    </p>
   </div>
   <div class='ocr_carea' id='block_1_21' title="bbox 481 1813 2070 1886">
    <p class='ocr_par' dir='ltr' id='par_1_21' title="bbox 481 1813 2070 1886">
     <span class='ocr_line' id='line_1_21' title="bbox 481 1813 2070 1886; baseline 0.001 -18"><span class='ocrx_word' id='word_1_130' title='bbox 481 1814 680 1886; x_wconf 77' lang='grc' dir='ltr'><strong>525α</strong></span> <span class='ocrx_word' id='word_1_131' title='bbox 731 1815 793 1868; x_wconf 82' lang='lat' dir='ltr'><strong>In</strong></span> <span class='ocrx_word' id='word_1_132' title='bbox 827 1814 963 1867; x_wconf 83' lang='lat' dir='ltr'><strong>illud</strong></span> <span class='ocrx_word' id='word_1_133' title='bbox 999 1815 1202 1868; x_wconf 81' lang='lat' dir='ltr'><strong>dictum</strong></span> <span class='ocrx_word' id='word_1_134' title='bbox 1226 1829 1245 1867; x_wconf 90' lang='lat'><strong><em>:</em></strong></span> <span class='ocrx_word' id='word_1_135' title='bbox 1280 1833 1298 1865; x_wconf 78' lang='grc' dir='ltr'><strong>ι</strong></span> <span class='ocrx_word' id='word_1_136' title='bbox 1332 1813 1487 1869; x_wconf 79' lang='lat' dir='ltr'><strong>Mitte</strong></span> <span class='ocrx_word' id='word_1_137' title='bbox 1537 1815 1805 1869; x_wconf 73' lang='lat' dir='ltr'><strong>Lazarum</strong></span> <span class='ocrx_word' id='word_1_138' title='bbox 1833 1817 1929 1879; x_wconf 78' lang='grc' dir='ltr'>τ,ἰ</span> <span class='ocrx_word' id='word_1_139' title='bbox 1970 1825 2070 1870; x_wconf 81' lang='lat' dir='ltr'><strong>etc.</strong></span> 
     </span>
    </p>
   </div>
   <div class='ocr_carea' id='block_1_22' title="bbox 556 1907 2142 1978">
    <p class='ocr_par' dir='ltr' id='par_1_22' title="bbox 556 1907 2142 1978">
     <span class='ocr_line' id='line_1_22' title="bbox 556 1907 2142 1978; baseline 0.001 -18"><span class='ocrx_word' id='word_1_140' title='bbox 556 1907 622 1960; x_wconf 83' lang='lat' dir='ltr'><strong>Et</strong></span> <span class='ocrx_word' id='word_1_141' title='bbox 651 1907 740 1961; x_wconf 86' lang='lat' dir='ltr'><strong>ubi</strong></span> <span class='ocrx_word' id='word_1_142' title='bbox 780 1923 927 1961; x_wconf 92' lang='lat' dir='ltr'><strong>nunc</strong></span> <span class='ocrx_word' id='word_1_143' title='bbox 976 1917 1103 1960; x_wconf 87' lang='lat' dir='ltr'><strong>sunt</strong></span> <span class='ocrx_word' id='word_1_144' title='bbox 1135 1907 1776 1978; x_wconf 70' lang='lat' dir='ltr'><strong>pincernaatui,tapetes,</strong></span> <span class='ocrx_word' id='word_1_145' title='bbox 1802 1919 1856 1962; x_wconf 89' lang='lat' dir='ltr'><strong>et</strong></span> <span class='ocrx_word' id='word_1_146' title='bbox 1885 1909 2077 1963; x_wconf 88' lang='lat' dir='ltr'><strong>adula-</strong></span> <span class='ocrx_word' id='word_1_147' title='bbox 2139 1925 2142 1928; x_wconf 54' lang='grc' dir='ltr'><em>ί</em></span> 
     </span>
    </p>
   </div>
   <div class='ocr_carea' id='block_1_23' title="bbox 485 1999 2073 2070">
    <p class='ocr_par' dir='ltr' id='par_1_23' title="bbox 485 1999 2073 2070">
     <span class='ocr_line' id='line_1_23' title="bbox 485 1999 2073 2070; baseline 0 -15"><span class='ocrx_word' id='word_1_148' title='bbox 485 2001 663 2055; x_wconf 85' lang='lat' dir='ltr'><strong>tores?</strong></span> <span class='ocrx_word' id='word_1_149' title='bbox 715 1999 807 2054; x_wconf 89' lang='lat' dir='ltr'><strong>ubi</strong></span> <span class='ocrx_word' id='word_1_150' title='bbox 855 2014 1002 2053; x_wconf 83' lang='lat' dir='ltr'><strong>nunc</strong></span> <span class='ocrx_word' id='word_1_151' title='bbox 1048 2001 1382 2069; x_wconf 80' lang='lat' dir='ltr'><strong>arrogantia,</strong></span> <span class='ocrx_word' id='word_1_152' title='bbox 1439 2009 1497 2054; x_wconf 89' lang='lat' dir='ltr'><strong>et</strong></span> <span class='ocrx_word' id='word_1_153' title='bbox 1531 2001 1834 2070; x_wconf 78' lang='lat' dir='ltr'><strong>phantasiae</strong></span> <span class='ocrx_word' id='word_1_154' title='bbox 1865 2001 1889 2054; x_wconf 70' lang='grc' dir='ltr'><strong>’ἶ</strong></span> <span class='ocrx_word' id='word_1_155' title='bbox 1924 2001 2073 2056; x_wconf 84' lang='lat' dir='ltr'><strong>Folia</strong></span> 
     </span>
    </p>
   </div>
   <div class='ocr_carea' id='block_1_24' title="bbox 484 2091 2073 2163">
    <p class='ocr_par' dir='ltr' id='par_1_24' title="bbox 484 2091 2073 2163">
     <span class='ocr_line' id='line_1_24' title="bbox 484 2091 2073 2163; baseline 0.003 -19"><span class='ocrx_word' id='word_1_156' title='bbox 484 2093 726 2157; x_wconf 87' lang='lat' dir='ltr'><strong>fuerunt,</strong></span> <span class='ocrx_word' id='word_1_157' title='bbox 785 2091 1058 2161; x_wconf 75' lang='lat' dir='ltr'><strong>etlhiems</strong></span> <span class='ocrx_word' id='word_1_158' title='bbox 1117 2091 1365 2156; x_wconf 85' lang='lat' dir='ltr'><strong>abstulit,</strong></span> <span class='ocrx_word' id='word_1_159' title='bbox 1417 2095 1716 2162; x_wconf 86' lang='lat' dir='ltr'><strong>omniaque</strong></span> <span class='ocrx_word' id='word_1_160' title='bbox 1770 2095 2073 2163; x_wconf 86' lang='lat' dir='ltr'><strong>perierunt.</strong></span> 
     </span>
    </p>
   </div>
   <div class='ocr_carea' id='block_1_25' title="bbox 487 2182 2078 2250">
    <p class='ocr_par' dir='ltr' id='par_1_25' title="bbox 487 2182 2078 2250">
     <span class='ocr_line' id='line_1_25' title="bbox 487 2182 2078 2250; baseline 0.001 -14"><span class='ocrx_word' id='word_1_161' title='bbox 487 2182 776 2236; x_wconf 88' lang='lat' dir='ltr'><strong>Somnium</strong></span> <span class='ocrx_word' id='word_1_162' title='bbox 803 2193 941 2247; x_wconf 89' lang='lat' dir='ltr'><strong>erat,</strong></span> <span class='ocrx_word' id='word_1_163' title='bbox 967 2191 1021 2237; x_wconf 91' lang='lat' dir='ltr'><strong>et</strong></span> <span class='ocrx_word' id='word_1_164' title='bbox 1055 2190 1211 2238; x_wconf 91' lang='lat' dir='ltr'><strong>ortus</strong></span> <span class='ocrx_word' id='word_1_165' title='bbox 1238 2191 1321 2238; x_wconf 83' lang='lat' dir='ltr'><strong>est</strong></span> <span class='ocrx_word' id='word_1_166' title='bbox 1350 2184 1490 2250; x_wconf 88' lang='lat' dir='ltr'><strong>dies,</strong></span> <span class='ocrx_word' id='word_1_167' title='bbox 1522 2194 1576 2239; x_wconf 89' lang='lat' dir='ltr'><strong>et</strong></span> <span class='ocrx_word' id='word_1_168' title='bbox 1606 2189 1886 2241; x_wconf 87' lang='lat' dir='ltr'><strong>somnium</strong></span> <span class='ocrx_word' id='word_1_169' title='bbox 1912 2186 2078 2240; x_wconf 80' lang='lat' dir='ltr'><strong>dissi-</strong></span> 
     </span>
    </p>
   </div>
   <div class='ocr_carea' id='block_1_26' title="bbox 485 2285 697 2346">
    <p class='ocr_par' dir='ltr' id='par_1_26' title="bbox 485 2285 697 2346">
     <span class='ocr_line' id='line_1_26' title="bbox 485 2285 697 2346; baseline -0.005 -18"><span class='ocrx_word' id='word_1_170' title='bbox 485 2291 551 2346; x_wconf 85' lang='lat' dir='ltr'><strong>pa</strong></span> <span class='ocrx_word' id='word_1_171' title='bbox 562 2285 697 2329; x_wconf 83' lang='lat' dir='ltr'><strong>tum.</strong></span> 
     </span>
    </p>
   </div>
   <div class='ocr_carea' id='block_1_27' title="bbox 558 2368 2077 2440">
    <p class='ocr_par' dir='ltr' id='par_1_27' title="bbox 558 2368 2077 2440">
     <span class='ocr_line' id='line_1_27' title="bbox 558 2368 2077 2440; baseline 0.006 -18"><span class='ocrx_word' id='word_1_172' title='bbox 558 2368 685 2424; x_wconf 81' lang='lat' dir='ltr'><strong>Ideo</strong></span> <span class='ocrx_word' id='word_1_173' title='bbox 714 2385 844 2426; x_wconf 89' lang='lat' dir='ltr'><strong>vero</strong></span> <span class='ocrx_word' id='word_1_174' title='bbox 863 2386 970 2425; x_wconf 92' lang='lat' dir='ltr'><strong>non</strong></span> <span class='ocrx_word' id='word_1_175' title='bbox 992 2370 1126 2436; x_wconf 84' lang='lat' dir='ltr'><strong>Noe,</strong></span> <span class='ocrx_word' id='word_1_176' title='bbox 1154 2371 1236 2426; x_wconf 85' lang='lat' dir='ltr'><strong>vel</strong></span> <span class='ocrx_word' id='word_1_177' title='bbox 1259 2370 1449 2438; x_wconf 88' lang='lat' dir='ltr'><strong>Jacob,</strong></span> <span class='ocrx_word' id='word_1_178' title='bbox 1477 2374 1559 2428; x_wconf 86' lang='lat' dir='ltr'><strong>vel</strong></span> <span class='ocrx_word' id='word_1_179' title='bbox 1581 2372 1752 2440; x_wconf 87' lang='lat' dir='ltr'><strong>Isaac,</strong></span> <span class='ocrx_word' id='word_1_180' title='bbox 1784 2376 1878 2430; x_wconf 89' lang='lat' dir='ltr'><strong>sed</strong></span> <span class='ocrx_word' id='word_1_181' title='bbox 1902 2378 2077 2431; x_wconf 78' lang='lat' dir='ltr'><strong>Abra-</strong></span> 
     </span>
    </p>
   </div>
   <div class='ocr_carea' id='block_1_28' title="bbox 487 2462 2077 2538">
    <p class='ocr_par' dir='ltr' id='par_1_28' title="bbox 487 2462 2077 2538">
     <span class='ocr_line' id='line_1_28' title="bbox 487 2462 2077 2538; baseline 0.005 -25"><span class='ocrx_word' id='word_1_182' title='bbox 487 2463 612 2515; x_wconf 86' lang='lat' dir='ltr'><strong>ham</strong></span> <span class='ocrx_word' id='word_1_183' title='bbox 649 2462 801 2517; x_wconf 87' lang='lat' dir='ltr'><strong>dives</strong></span> <span class='ocrx_word' id='word_1_184' title='bbox 843 2462 1014 2516; x_wconf 83' lang='lat' dir='ltr'><strong>videt.</strong></span> <span class='ocrx_word' id='word_1_185' title='bbox 1053 2462 1274 2528; x_wconf 85' lang='lat' dir='ltr'><strong>Quare?</strong></span> <span class='ocrx_word' id='word_1_186' title='bbox 1315 2465 1443 2532; x_wconf 85' lang='lat' dir='ltr'><strong>quia</strong></span> <span class='ocrx_word' id='word_1_187' title='bbox 1477 2465 1754 2519; x_wconf 78' lang='lat' dir='ltr'><strong>Abraham</strong></span> <span class='ocrx_word' id='word_1_188' title='bbox 1804 2467 2077 2538; x_wconf 78' lang='lat' dir='ltr'><strong>benignus</strong></span> 
     </span>
    </p>
   </div>
   <div class='ocr_carea' id='block_1_29' title="bbox 487 2553 2079 2628">
    <p class='ocr_par' dir='ltr' id='par_1_29' title="bbox 487 2553 2079 2628">
     <span class='ocr_line' id='line_1_29' title="bbox 487 2553 2079 2628; baseline 0.004 -21"><span class='ocrx_word' id='word_1_189' title='bbox 487 2553 543 2607; x_wconf 83' lang='lat' dir='ltr'><strong>in</strong></span> <span class='ocrx_word' id='word_1_190' title='bbox 583 2556 899 2624; x_wconf 79' lang='lat' dir='ltr'><strong>peregrinos</strong></span> <span class='ocrx_word' id='word_1_191' title='bbox 931 2555 1132 2619; x_wconf 87' lang='lat' dir='ltr'><strong>fuerat,</strong></span> <span class='ocrx_word' id='word_1_192' title='bbox 1166 2566 1219 2609; x_wconf 91' lang='lat' dir='ltr'><strong>et</strong></span> <span class='ocrx_word' id='word_1_193' title='bbox 1250 2555 1400 2611; x_wconf 89' lang='lat' dir='ltr'><strong>illius</strong></span> <span class='ocrx_word' id='word_1_194' title='bbox 1438 2557 1862 2612; x_wconf 88' lang='lat' dir='ltr'><strong>inhumanitatis</strong></span> <span class='ocrx_word' id='word_1_195' title='bbox 1902 2559 2079 2628; x_wconf 83' lang='lat' dir='ltr'><strong>major</strong></span> 
     </span>
    </p>
   </div>
   <div class='ocr_carea' id='block_1_30' title="bbox 487 2644 1514 2716">
    <p class='ocr_par' dir='ltr' id='par_1_30' title="bbox 487 2644 1514 2716">
     <span class='ocr_line' id='line_1_30' title="bbox 487 2644 1514 2716; baseline 0.005 -20"><span class='ocrx_word' id='word_1_196' title='bbox 487 2651 573 2696; x_wconf 85' lang='lat' dir='ltr'><strong>est</strong></span> <span class='ocrx_word' id='word_1_197' title='bbox 603 2644 883 2700; x_wconf 84' lang='lat' dir='ltr'><strong>accusatio</strong></span> <span class='ocrx_word' id='word_1_198' title='bbox 947 2645 1110 2715; x_wconf 83' lang='lat' dir='ltr'><strong>hujus</strong></span> <span class='ocrx_word' id='word_1_199' title='bbox 1145 2646 1514 2716; x_wconf 83' lang='lat' dir='ltr'><strong>hospitalitas.</strong></span> 
     </span>
    </p>
   </div>
   <div class='ocr_carea' id='block_1_31' title="bbox 491 2810 2080 2898">
    <p class='ocr_par' dir='ltr' id='par_1_31' title="bbox 491 2810 2080 2898">
     <span class='ocr_line' id='line_1_31' title="bbox 491 2810 2080 2898; baseline 0.006 -21"><span class='ocrx_word' id='word_1_200' title='bbox 491 2820 578 2877; x_wconf 79' lang='lat' dir='ltr'><strong>Ea:</strong></span> <span class='ocrx_word' id='word_1_201' title='bbox 617 2822 838 2877; x_wconf 81' lang='lat' dir='ltr'><strong>Itomilt&#39;a</strong></span> <span class='ocrx_word' id='word_1_202' title='bbox 884 2839 898 2852; x_wconf 83' lang='lat'><strong><em>°</em></strong></span> <span class='ocrx_word' id='word_1_203' title='bbox 932 2827 1052 2878; x_wconf 87' lang='lat' dir='ltr'><strong>Non</strong></span> <span class='ocrx_word' id='word_1_204' title='bbox 1100 2825 1230 2879; x_wconf 84' lang='lat' dir='ltr'><strong>adeo</strong></span> <span class='ocrx_word' id='word_1_205' title='bbox 1265 2810 1610 2881; x_wconf 19' lang='lat' dir='ltr'><strong>ivehemenler</strong></span> <span class='ocrx_word' id='word_1_206' title='bbox 1641 2827 1911 2898; x_wconf 81' lang='lat' dir='ltr'><strong>deﬂendos</strong></span> <span class='ocrx_word' id='word_1_207' title='bbox 1966 2849 2080 2887; x_wconf 76' lang='lat' dir='ltr'><strong>esse</strong></span> 
     </span>
    </p>
   </div>
   <div class='ocr_carea' id='block_1_32' title="bbox 1149 2907 1410 2952">
    <p class='ocr_par' dir='ltr' id='par_1_32' title="bbox 1149 2907 1410 2952">
     <span class='ocr_line' id='line_1_32' title="bbox 1149 2907 1410 2952; baseline 0.015 -4"><span class='ocrx_word' id='word_1_208' title='bbox 1149 2907 1410 2952; x_wconf 75' lang='lat' dir='ltr'><strong>mortuos.</strong></span> 
     </span>
    </p>
   </div>
   <div class='ocr_carea' id='block_1_33' title="bbox 564 2985 2079 3058">
    <p class='ocr_par' dir='ltr' id='par_1_33' title="bbox 564 2985 2079 3058">
     <span class='ocr_line' id='line_1_33' title="bbox 564 2985 2079 3058; baseline 0.009 -20"><span class='ocrx_word' id='word_1_209' title='bbox 564 2985 734 3050; x_wconf 87' lang='lat' dir='ltr'><strong>Mors,</strong></span> <span class='ocrx_word' id='word_1_210' title='bbox 765 3003 1137 3042; x_wconf 84' lang='lat' dir='ltr'><strong>aerumnarum</strong></span> <span class='ocrx_word' id='word_1_211' title='bbox 1169 2990 1392 3044; x_wconf 90' lang='lat' dir='ltr'><strong>solutio.</strong></span> <span class='ocrx_word' id='word_1_212' title='bbox 1446 2989 1564 3046; x_wconf 84' lang='lat' dir='ltr'><strong>Nisi</strong></span> <span class='ocrx_word' id='word_1_213' title='bbox 1599 3008 1750 3048; x_wconf 92' lang='lat' dir='ltr'><strong>mors</strong></span> <span class='ocrx_word' id='word_1_214' title='bbox 1779 3003 1945 3058; x_wconf 89' lang='lat' dir='ltr'><strong>esset,</strong></span> <span class='ocrx_word' id='word_1_215' title='bbox 1980 3011 2079 3054; x_wconf 86' lang='lat' dir='ltr'><strong>nos</strong></span> 
     </span>
    </p>
   </div>
   <div class='ocr_carea' id='block_1_34' title="bbox 2563 437 3314 505">
    <p class='ocr_par' dir='ltr' id='par_1_34' title="bbox 2563 437 3314 505">
     <span class='ocr_line' id='line_1_34' title="bbox 2563 437 3314 505; baseline -0.003 -14"><span class='ocrx_word' id='word_1_216' title='bbox 2563 455 2679 505; x_wconf 84' lang='grc' dir='ltr'>ρον</span> <span class='ocrx_word' id='word_1_217' title='bbox 2716 438 2814 489; x_wconf 77' lang='grc' dir='ltr'>καὶ</span> <span class='ocrx_word' id='word_1_218' title='bbox 2851 437 2955 489; x_wconf 78' lang='grc' dir='ltr'><strong>τὸν</strong></span> <span class='ocrx_word' id='word_1_219' title='bbox 2987 437 3314 489; x_wconf 69' lang='grc' dir='ltr'>πλούσιον.</span> 
     </span>
    </p>
   </div>
   <div class='ocr_carea' id='block_1_35' title="bbox 2228 527 3771 598">
    <p class='ocr_par' dir='ltr' id='par_1_35' title="bbox 2228 527 3771 598">
     <span class='ocr_line' id='line_1_35' title="bbox 2228 527 3771 598; baseline -0.005 -14"><span class='ocrx_word' id='word_1_220' title='bbox 2228 533 2302 584; x_wconf 88' lang='grc' dir='ltr'>Ού</span> <span class='ocrx_word' id='word_1_221' title='bbox 2337 529 2582 598; x_wconf 75' lang='grc' dir='ltr'><strong>παύομαι</strong></span> <span class='ocrx_word' id='word_1_222' title='bbox 2629 530 2805 596; x_wconf 80' lang='grc' dir='ltr'>λέγων</span> <span class='ocrx_word' id='word_1_223' title='bbox 2847 528 2957 596; x_wconf 81' lang='grc' dir='ltr'><strong>ἐγὼ</strong></span> <span class='ocrx_word' id='word_1_224' title='bbox 2980 569 2994 592; x_wconf 93' lang='grc'><strong>,</strong></span> <span class='ocrx_word' id='word_1_225' title='bbox 3028 527 3132 580; x_wconf 78' lang='grc' dir='ltr'><strong>κᾶν</strong></span> <span class='ocrx_word' id='word_1_226' title='bbox 3169 527 3360 598; x_wconf 74' lang='grc' dir='ltr'>μηδεὶς</span> <span class='ocrx_word' id='word_1_227' title='bbox 3396 529 3432 597; x_wconf 33' lang='grc' dir='ltr'><strong>’ὀ</strong></span> <span class='ocrx_word' id='word_1_228' title='bbox 3459 527 3509 559; x_wconf 81' lang='grc'><strong>⁵⁸</strong></span> <span class='ocrx_word' id='word_1_229' title='bbox 3541 527 3771 579; x_wconf 72' lang='grc' dir='ltr'>ἀκούων</span> 
     </span>
    </p>
   </div>
   <div class='ocr_carea' id='block_1_36' title="bbox 2158 605 3774 697">
    <p class='ocr_par' dir='ltr' id='par_1_36' title="bbox 2158 605 3774 697">
     <span class='ocr_line' id='line_1_36' title="bbox 2158 605 3774 697; baseline -0.006 -23"><span class='ocrx_word' id='word_1_230' title='bbox 2158 615 2215 697; x_wconf 79' lang='grc' dir='ltr'>ᾖ.</span> <span class='ocrx_word' id='word_1_231' title='bbox 2261 605 2472 693; x_wconf 81' lang='grc' dir='ltr'>Ἶατρός</span> <span class='ocrx_word' id='word_1_232' title='bbox 2499 623 2636 692; x_wconf 87' lang='grc' dir='ltr'>εἰμι,</span> <span class='ocrx_word' id='word_1_233' title='bbox 2666 619 2736 672; x_wconf 82' lang='grc' dir='ltr'>τὰ</span> <span class='ocrx_word' id='word_1_234' title='bbox 2776 621 3044 689; x_wconf 76' lang='grc' dir='ltr'>φάρμακα</span> <span class='ocrx_word' id='word_1_235' title='bbox 3075 619 3362 686; x_wconf 75' lang='grc' dir='ltr'><strong>ἐπιτίθημι</strong></span> <span class='ocrx_word' id='word_1_236' title='bbox 3383 633 3398 646; x_wconf 85' lang='lat'><strong><em>°</em></strong></span> <span class='ocrx_word' id='word_1_237' title='bbox 3434 618 3774 678; x_wconf 69' lang='grc' dir='ltr'>διδάσκαλός</span> 
     </span>
    </p>
   </div>
   <div class='ocr_carea' id='block_1_37' title="bbox 2159 707 3772 787">
    <p class='ocr_par' dir='ltr' id='par_1_37' title="bbox 2159 707 3772 783">
     <span class='ocr_line' id='line_1_37' title="bbox 2159 707 3772 783; baseline -0.006 -18"><span class='ocrx_word' id='word_1_238' title='bbox 2159 714 2296 783; x_wconf 83' lang='grc' dir='ltr'>εἰμι,</span> <span class='ocrx_word' id='word_1_239' title='bbox 2332 713 2618 781; x_wconf 86' lang='grc' dir='ltr'>παραινεῖν</span> <span class='ocrx_word' id='word_1_240' title='bbox 2646 708 2993 778; x_wconf 82' lang='grc' dir='ltr'>ὲκελεύσθην.</span> <span class='ocrx_word' id='word_1_241' title='bbox 3019 708 3225 761; x_wconf 82' lang='grc' dir='ltr'>Οὐδένα</span> <span class='ocrx_word' id='word_1_242' title='bbox 3275 707 3611 776; x_wconf 74' lang='grc' dir='ltr'>διορθοῦμαι</span> <span class='ocrx_word' id='word_1_243' title='bbox 3634 725 3649 770; x_wconf 85' lang='grc'>;</span> <span class='ocrx_word' id='word_1_244' title='bbox 3676 711 3772 757; x_wconf 64' lang='grc' dir='ltr'><strong>καὶ</strong></span> 
     </span>
    </p>
   </div>
   <div class='ocr_carea' id='block_1_38' title="bbox 2159 784 3774 868">
    <p class='ocr_par' dir='ltr' id='par_1_38' title="bbox 2159 784 3774 868">
     <span class='ocr_line' id='line_1_38' title="bbox 2159 784 3774 868; baseline -0.003 -15"><span class='ocrx_word' id='word_1_245' title='bbox 2159 802 2210 853; x_wconf 85' lang='grc' dir='ltr'>τί</span> <span class='ocrx_word' id='word_1_246' title='bbox 2235 784 2428 867; x_wconf 65' lang='grc' dir='ltr'>τοῦτος</span> <span class='ocrx_word' id='word_1_247' title='bbox 2466 800 2579 852; x_wconf 78' lang='grc' dir='ltr'>ἀλλ’</span> <span class='ocrx_word' id='word_1_248' title='bbox 2607 797 2717 866; x_wconf 78' lang='grc' dir='ltr'><strong>ἐγὼ</strong></span> <span class='ocrx_word' id='word_1_249' title='bbox 2760 799 2850 850; x_wconf 75' lang='grc' dir='ltr'><strong>τὸν</strong></span> <span class='ocrx_word' id='word_1_250' title='bbox 2883 796 3072 868; x_wconf 79' lang='grc' dir='ltr'>μισθὸν</span> <span class='ocrx_word' id='word_1_251' title='bbox 3113 798 3244 866; x_wconf 74' lang='grc' dir='ltr'>ἔχω.</span> <span class='ocrx_word' id='word_1_252' title='bbox 3289 799 3401 851; x_wconf 78' lang='grc' dir='ltr'>Καὶ</span> <span class='ocrx_word' id='word_1_253' title='bbox 3430 797 3600 850; x_wconf 76' lang='grc' dir='ltr'>τοῦτο</span> <span class='ocrx_word' id='word_1_254' title='bbox 3642 784 3774 848; x_wconf 72' lang='grc' dir='ltr'>καθ’</span> 
     </span>
    </p>
   </div>
   <div class='ocr_carea' id='block_1_39' title="bbox 2161 888 3782 963">
    <p class='ocr_par' dir='ltr' id='par_1_39' title="bbox 2161 888 3782 963">
     <span class='ocr_line' id='line_1_39' title="bbox 2161 888 3782 963; baseline -0.003 -18"><span class='ocrx_word' id='word_1_255' title='bbox 2161 893 2468 963; x_wconf 73' lang='grc' dir='ltr'>ὑπερϐολὴν</span> <span class='ocrx_word' id='word_1_256' title='bbox 2504 888 2679 944; x_wconf 80' lang='grc' dir='ltr'>εἷπον·</span> <span class='ocrx_word' id='word_1_257' title='bbox 2715 890 2998 960; x_wconf 82' lang='grc' dir='ltr'>ἀμήχανον</span> <span class='ocrx_word' id='word_1_258' title='bbox 3023 891 3069 921; x_wconf 68' lang='grc'><strong>⁵⁸</strong></span> <span class='ocrx_word' id='word_1_259' title='bbox 3097 890 3207 958; x_wconf 80' lang='grc' dir='ltr'>γὰρ</span> <span class='ocrx_word' id='word_1_260' title='bbox 3250 893 3308 943; x_wconf 82' lang='grc' dir='ltr'><strong>ὲν</strong></span> <span class='ocrx_word' id='word_1_261' title='bbox 3339 891 3590 960; x_wconf 83' lang='grc' dir='ltr'>τοσούτῳ</span> <span class='ocrx_word' id='word_1_262' title='bbox 3629 889 3782 959; x_wconf 76' lang='grc' dir='ltr'>πλή-</span> 
     </span>
    </p>
   </div>
   <div class='ocr_carea' id='block_1_40' title="bbox 2164 983 2930 1058">
    <p class='ocr_par' dir='ltr' id='par_1_40' title="bbox 2164 983 2930 1058">
     <span class='ocr_line' id='line_1_40' title="bbox 2164 983 2930 1058; baseline -0.004 -18"><span class='ocrx_word' id='word_1_263' title='bbox 2164 988 2247 1040; x_wconf 88' lang='grc' dir='ltr'><strong>θει</strong></span> <span class='ocrx_word' id='word_1_264' title='bbox 2283 988 2358 1058; x_wconf 85' lang='grc' dir='ltr'><strong>μὴ</strong></span> <span class='ocrx_word' id='word_1_265' title='bbox 2393 983 2750 1057; x_wconf 80' lang='grc' dir='ltr'>διορθωθῆναί</span> <span class='ocrx_word' id='word_1_266' title='bbox 2785 1001 2930 1038; x_wconf 87' lang='grc' dir='ltr'>τινα.</span> 
     </span>
    </p>
   </div>
   <div class='ocr_carea' id='block_1_41' title="bbox 2245 1068 3773 1149">
    <p class='ocr_par' dir='ltr' id='par_1_41' title="bbox 2245 1068 3773 1149">
     <span class='ocr_line' id='line_1_41' title="bbox 2245 1068 3773 1149; baseline -0.004 -16"><span class='ocrx_word' id='word_1_267' title='bbox 2245 1079 2475 1145; x_wconf 85' lang='grc' dir='ltr'>Ἀκούω,</span> <span class='ocrx_word' id='word_1_268' title='bbox 2503 1068 2654 1149; x_wconf 77' lang='grc' dir='ltr'>φησὶ,</span> <span class='ocrx_word' id='word_1_269' title='bbox 2682 1076 2806 1130; x_wconf 79' lang='grc' dir='ltr'>καθ’</span> <span class='ocrx_word' id='word_1_270' title='bbox 2833 1077 3073 1147; x_wconf 79' lang='grc' dir='ltr'>ἡμέραν,</span> <span class='ocrx_word' id='word_1_271' title='bbox 3111 1076 3206 1129; x_wconf 70' lang='grc' dir='ltr'><strong>καὶ</strong></span> <span class='ocrx_word' id='word_1_272' title='bbox 3235 1076 3296 1128; x_wconf 85' lang='grc' dir='ltr'><strong>ού</strong></span> <span class='ocrx_word' id='word_1_273' title='bbox 3327 1076 3488 1131; x_wconf 81' lang='grc' dir='ltr'>ποιῶ.</span> <span class='ocrx_word' id='word_1_274' title='bbox 3525 1077 3773 1141; x_wconf 72' lang='grc' dir='ltr'>Ἄκουε,</span> 
     </span>
    </p>
   </div>
   <div class='ocr_carea' id='block_1_42' title="bbox 2163 1167 3772 1245">
    <p class='ocr_par' dir='ltr' id='par_1_42' title="bbox 2163 1167 3772 1245">
     <span class='ocr_line' id='line_1_42' title="bbox 2163 1167 3772 1245; baseline -0.004 -18"><span class='ocrx_word' id='word_1_275' title='bbox 2163 1174 2267 1228; x_wconf 80' lang='grc' dir='ltr'><strong>κᾶν</strong></span> <span class='ocrx_word' id='word_1_276' title='bbox 2303 1173 2376 1245; x_wconf 82' lang='grc' dir='ltr'>μὴ</span> <span class='ocrx_word' id='word_1_277' title='bbox 2411 1174 2571 1242; x_wconf 82' lang='grc' dir='ltr'><strong>ποιῇς</strong></span> <span class='ocrx_word' id='word_1_278' title='bbox 2592 1187 2606 1201; x_wconf 80' lang='grc'><strong><em>⁸</em></strong></span> <span class='ocrx_word' id='word_1_279' title='bbox 2641 1172 2707 1221; x_wconf 81' lang='grc' dir='ltr'><strong>ἐκ</strong></span> <span class='ocrx_word' id='word_1_280' title='bbox 2745 1170 2855 1240; x_wconf 78' lang='grc' dir='ltr'>γὰρ</span> <span class='ocrx_word' id='word_1_281' title='bbox 2901 1169 2997 1221; x_wconf 84' lang='grc' dir='ltr'><strong>τοῦ</strong></span> <span class='ocrx_word' id='word_1_282' title='bbox 3029 1167 3253 1221; x_wconf 82' lang='grc' dir='ltr'>ἀκούειν</span> <span class='ocrx_word' id='word_1_283' title='bbox 3282 1170 3376 1222; x_wconf 76' lang='grc' dir='ltr'>καὶ</span> <span class='ocrx_word' id='word_1_284' title='bbox 3402 1169 3463 1220; x_wconf 74' lang='grc' dir='ltr'>τὸ</span> <span class='ocrx_word' id='word_1_285' title='bbox 3493 1185 3772 1236; x_wconf 75' lang='grc' dir='ltr'>πραττειν</span> 
     </span>
    </p>
   </div>
   <div class='ocr_carea' id='block_1_43' title="bbox 2165 1260 3771 1335">
    <p class='ocr_par' dir='ltr' id='par_1_43' title="bbox 2165 1260 3771 1335">
     <span class='ocr_line' id='line_1_43' title="bbox 2165 1260 3771 1335; baseline -0.002 -19"><span class='ocrx_word' id='word_1_286' title='bbox 2165 1263 2526 1335; x_wconf 82' lang='grc' dir='ltr'>περιγίνεται.</span> <span class='ocrx_word' id='word_1_287' title='bbox 2559 1261 2682 1314; x_wconf 77' lang='grc' dir='ltr'><strong>Κᾶν</strong></span> <span class='ocrx_word' id='word_1_288' title='bbox 2711 1260 2785 1331; x_wconf 82' lang='grc' dir='ltr'>μὴ</span> <span class='ocrx_word' id='word_1_289' title='bbox 2815 1263 2975 1330; x_wconf 83' lang='grc' dir='ltr'>ποιῇς</span> <span class='ocrx_word' id='word_1_290' title='bbox 2995 1262 3062 1323; x_wconf 77' lang='grc'><strong>⁵³,</strong></span> <span class='ocrx_word' id='word_1_291' title='bbox 3095 1260 3328 1330; x_wconf 68' lang='grc' dir='ltr'>αἰσχύνη</span> <span class='ocrx_word' id='word_1_292' title='bbox 3363 1261 3458 1312; x_wconf 77' lang='grc' dir='ltr'>ἐπὶ</span> <span class='ocrx_word' id='word_1_293' title='bbox 3478 1265 3540 1330; x_wconf 83' lang='grc' dir='ltr'>τῇ</span> <span class='ocrx_word' id='word_1_294' title='bbox 3581 1265 3771 1330; x_wconf 81' lang='grc' dir='ltr'>ἀμαρ-</span> 
     </span>
    </p>
   </div>
   <div class='ocr_carea' id='block_1_44' title="bbox 2165 1353 3771 1428">
    <p class='ocr_par' dir='ltr' id='par_1_44' title="bbox 2165 1353 3771 1428">
     <span class='ocr_line' id='line_1_44' title="bbox 2165 1353 3771 1428; baseline -0.015 -17"><span class='ocrx_word' id='word_1_295' title='bbox 2165 1358 2293 1428; x_wconf 74' lang='grc' dir='ltr'>τίᾳο</span> <span class='ocrx_word' id='word_1_296' title='bbox 2330 1355 2432 1410; x_wconf 78' lang='grc' dir='ltr'>κᾶν</span> <span class='ocrx_word' id='word_1_297' title='bbox 2469 1355 2542 1426; x_wconf 85' lang='grc' dir='ltr'>μὴ</span> <span class='ocrx_word' id='word_1_298' title='bbox 2588 1357 2783 1424; x_wconf 83' lang='grc' dir='ltr'>ποιῇς,</span> <span class='ocrx_word' id='word_1_299' title='bbox 2825 1353 3154 1425; x_wconf 74' lang='grc' dir='ltr'>,μεταϐάλλῃ</span> <span class='ocrx_word' id='word_1_300' title='bbox 3177 1355 3224 1385; x_wconf 80' lang='grc'><strong>⁸³</strong></span> <span class='ocrx_word' id='word_1_301' title='bbox 3277 1357 3376 1425; x_wconf 69' lang='grc' dir='ltr'>τὴν</span> <span class='ocrx_word' id='word_1_302' title='bbox 3429 1356 3676 1425; x_wconf 67' lang='grc' dir='ltr'>γνώμην</span> <span class='ocrx_word' id='word_1_303' title='bbox 3705 1355 3771 1388; x_wconf 68' lang='lat' dir='ltr'><strong>st.</strong></span> 
     </span>
    </p>
   </div>
   <div class='ocr_carea' id='block_1_45' title="bbox 2167 1444 3777 1518">
    <p class='ocr_par' dir='ltr' id='par_1_45' title="bbox 2167 1444 3777 1518">
     <span class='ocr_line' id='line_1_45' title="bbox 2167 1444 3777 1518; baseline 0 -16"><span class='ocrx_word' id='word_1_304' title='bbox 2167 1448 2272 1502; x_wconf 83' lang='grc' dir='ltr'>κᾶν</span> <span class='ocrx_word' id='word_1_305' title='bbox 2298 1447 2374 1518; x_wconf 85' lang='grc' dir='ltr'>μὴ</span> <span class='ocrx_word' id='word_1_306' title='bbox 2399 1447 2580 1516; x_wconf 83' lang='grc' dir='ltr'>ποιῇς,</span> <span class='ocrx_word' id='word_1_307' title='bbox 2609 1444 2997 1509; x_wconf 77' lang='grc' dir='ltr'>καταδικάζεις</span> <span class='ocrx_word' id='word_1_308' title='bbox 3033 1447 3226 1498; x_wconf 74' lang='grc' dir='ltr'>ἑαυτὸν</span> <span class='ocrx_word' id='word_1_309' title='bbox 3253 1447 3336 1498; x_wconf 86' lang='grc' dir='ltr'>ὅτι</span> <span class='ocrx_word' id='word_1_310' title='bbox 3368 1447 3428 1506; x_wconf 83' lang='grc' dir='ltr'><strong>οὐ</strong></span> <span class='ocrx_word' id='word_1_311' title='bbox 3455 1449 3666 1509; x_wconf 82' lang='grc' dir='ltr'>ποιεῖς.</span> <span class='ocrx_word' id='word_1_312' title='bbox 3702 1447 3777 1502; x_wconf 66' lang='grc' dir='ltr'><strong>Τὸ</strong></span> 
     </span>
    </p>
   </div>
   <div class='ocr_carea' id='block_1_46' title="bbox 2166 1537 3776 1612">
    <p class='ocr_par' dir='ltr' id='par_1_46' title="bbox 2166 1537 3776 1612">
     <span class='ocr_line' id='line_1_46' title="bbox 2166 1537 3776 1612; baseline -0.001 -19"><span class='ocrx_word' id='word_1_313' title='bbox 2166 1540 2223 1593; x_wconf 78' lang='grc' dir='ltr'>δὲ</span> <span class='ocrx_word' id='word_1_314' title='bbox 2257 1540 2584 1609; x_wconf 84' lang='grc' dir='ltr'>κατηγορεῖν</span> <span class='ocrx_word' id='word_1_315' title='bbox 2604 1537 2799 1590; x_wconf 76' lang='grc' dir='ltr'>ἑαυτοῦ</span> <span class='ocrx_word' id='word_1_316' title='bbox 2823 1537 2966 1608; x_wconf 85' lang='grc' dir='ltr'>ἁρχὴ</span> <span class='ocrx_word' id='word_1_317' title='bbox 3016 1537 3375 1607; x_wconf 79' lang='grc' dir='ltr'><strong>διορθώσεως.</strong></span> <span class='ocrx_word' id='word_1_318' title='bbox 3399 1538 3574 1593; x_wconf 82' lang='grc' dir='ltr'>Ὅταν</span> <span class='ocrx_word' id='word_1_319' title='bbox 3606 1541 3776 1612; x_wconf 74' lang='grc' dir='ltr'>εἴπῃς</span> 
     </span>
    </p>
   </div>
   <div class='ocr_carea' id='block_1_47' title="bbox 2169 1631 3780 1704">
    <p class='ocr_par' dir='ltr' id='par_1_47' title="bbox 2169 1631 3780 1704">
     <span class='ocr_line' id='line_1_47' title="bbox 2169 1631 3780 1704; baseline -0.001 -18"><span class='ocrx_word' id='word_1_320' title='bbox 2169 1632 2344 1702; x_wconf 57' lang='grc' dir='ltr'>Οἴμοι,</span> <span class='ocrx_word' id='word_1_321' title='bbox 2408 1631 2640 1702; x_wconf 75' lang='grc' dir='ltr'>ἥκουσα,</span> <span class='ocrx_word' id='word_1_322' title='bbox 2684 1631 2779 1682; x_wconf 66' lang='grc' dir='ltr'><strong>καὶ¹</strong></span> <span class='ocrx_word' id='word_1_323' title='bbox 2824 1632 2887 1683; x_wconf 85' lang='grc' dir='ltr'><strong>ού</strong></span> <span class='ocrx_word' id='word_1_324' title='bbox 2938 1631 3092 1693; x_wconf 84' lang='grc' dir='ltr'>ποιῶ,</span> <span class='ocrx_word' id='word_1_325' title='bbox 3138 1631 3211 1700; x_wconf 35' lang='grc' dir='ltr'><strong>τὸ,</strong></span> <span class='ocrx_word' id='word_1_326' title='bbox 3255 1632 3416 1702; x_wconf 82' lang='grc' dir='ltr'>Οἵμοι</span> <span class='ocrx_word' id='word_1_327' title='bbox 3479 1633 3780 1704; x_wconf 72' lang='grc' dir='ltr'>προοίμιόν</span> 
     </span>
    </p>
   </div>
   <div class='ocr_carea' id='block_1_48' title="bbox 2098 1719 3243 1795">
    <p class='ocr_par' dir='ltr' id='par_1_48' title="bbox 2098 1719 3243 1795">
     <span class='ocr_line' id='line_1_48' title="bbox 2098 1719 3243 1795; baseline -0.002 -17"><span class='ocrx_word' id='word_1_328' title='bbox 2098 1719 2148 1778; x_wconf 90' lang='grc' dir='ltr'><strong>Β</strong></span> <span class='ocrx_word' id='word_1_329' title='bbox 2176 1727 2296 1778; x_wconf 76' lang='grc' dir='ltr'>ἐστι</span> <span class='ocrx_word' id='word_1_330' title='bbox 2327 1725 2426 1795; x_wconf 80' lang='grc' dir='ltr'>τῆς</span> <span class='ocrx_word' id='word_1_331' title='bbox 2462 1723 2556 1776; x_wconf 79' lang='grc' dir='ltr'><strong>ἐπὶ</strong></span> <span class='ocrx_word' id='word_1_332' title='bbox 2582 1723 2644 1776; x_wconf 86' lang='grc' dir='ltr'><strong>τὸ</strong></span> <span class='ocrx_word' id='word_1_333' title='bbox 2681 1722 2886 1793; x_wconf 83' lang='grc' dir='ltr'>βέλτιον</span> <span class='ocrx_word' id='word_1_334' title='bbox 2919 1724 3243 1793; x_wconf 70' lang='grc' dir='ltr'>μεταϐολῆς.</span> 
     </span>
    </p>
   </div>
   <div class='ocr_carea' id='block_1_49' title="bbox 2459 1808 3477 1886">
    <p class='ocr_par' dir='ltr' id='par_1_49' title="bbox 2459 1808 3477 1886">
     <span class='ocr_line' id='line_1_49' title="bbox 2459 1808 3477 1886; baseline 0.003 -17"><span class='ocrx_word' id='word_1_335' title='bbox 2459 1817 2710 1886; x_wconf 73' lang='grc' dir='ltr'>Πέμψον</span> <span class='ocrx_word' id='word_1_336' title='bbox 2743 1817 2796 1877; x_wconf 69' lang='grc'><strong>⁵⁵,</strong></span> <span class='ocrx_word' id='word_1_337' title='bbox 2820 1808 3090 1882; x_wconf 73' lang='grc' dir='ltr'>Λάζαρον</span> <span class='ocrx_word' id='word_1_338' title='bbox 3120 1818 3212 1870; x_wconf 80' lang='grc' dir='ltr'>καὶ</span> <span class='ocrx_word' id='word_1_339' title='bbox 3251 1817 3378 1884; x_wconf 77' lang='grc' dir='ltr'><strong>ἑξῆς</strong></span> <span class='ocrx_word' id='word_1_340' title='bbox 3411 1815 3477 1872; x_wconf 75' lang='grc'><strong>⁵⁸.</strong></span> 
     </span>
    </p>
   </div>
   <div class='ocr_carea' id='block_1_50' title="bbox 2243 1907 3780 1976">
    <p class='ocr_par' dir='ltr' id='par_1_50' title="bbox 2243 1907 3780 1976">
     <span class='ocr_line' id='line_1_50' title="bbox 2243 1907 3780 1976; baseline -0.001 -13"><span class='ocrx_word' id='word_1_341' title='bbox 2243 1909 2357 1963; x_wconf 70' lang='grc' dir='ltr'>Καὶ</span> <span class='ocrx_word' id='word_1_342' title='bbox 2399 1907 2506 1961; x_wconf 82' lang='grc' dir='ltr'>ποῦ</span> <span class='ocrx_word' id='word_1_343' title='bbox 2538 1907 2634 1961; x_wconf 83' lang='grc' dir='ltr'><strong>νῦν</strong></span> <span class='ocrx_word' id='word_1_344' title='bbox 2679 1908 2728 1960; x_wconf 84' lang='grc' dir='ltr'>οἱ</span> <span class='ocrx_word' id='word_1_345' title='bbox 2749 1907 2977 1976; x_wconf 78' lang='grc' dir='ltr'>οἰνοχόοι</span> <span class='ocrx_word' id='word_1_346' title='bbox 3012 1924 3130 1970; x_wconf 88' lang='grc' dir='ltr'>σου,</span> <span class='ocrx_word' id='word_1_347' title='bbox 3177 1908 3228 1958; x_wconf 82' lang='grc' dir='ltr'>οἱ</span> <span class='ocrx_word' id='word_1_348' title='bbox 3263 1910 3527 1973; x_wconf 81' lang='grc' dir='ltr'><strong>τάπητες,</strong></span> <span class='ocrx_word' id='word_1_349' title='bbox 3562 1911 3622 1961; x_wconf 83' lang='grc' dir='ltr'><strong>οἱ</strong></span> <span class='ocrx_word' id='word_1_350' title='bbox 3670 1927 3780 1963; x_wconf 83' lang='grc' dir='ltr'>πα-</span> 
     </span>
    </p>
   </div>
   <div class='ocr_carea' id='block_1_51' title="bbox 2178 2000 3775 2075">
    <p class='ocr_par' dir='ltr' id='par_1_51' title="bbox 2178 2000 3775 2075">
     <span class='ocr_line' id='line_1_51' title="bbox 2178 2000 3775 2075; baseline 0.001 -20"><span class='ocrx_word' id='word_1_351' title='bbox 2178 2003 2410 2073; x_wconf 82' lang='grc' dir='ltr'>ράσιτοι,</span> <span class='ocrx_word' id='word_1_352' title='bbox 2449 2003 2500 2060; x_wconf 75' lang='grc' dir='ltr'>οἱ</span> <span class='ocrx_word' id='word_1_353' title='bbox 2540 2001 2803 2075; x_wconf 52' lang='grc' dir='ltr'>κόλακες</span> <span class='ocrx_word' id='word_1_354' title='bbox 2837 2000 2940 2054; x_wconf 79' lang='grc' dir='ltr'>ποῦ</span> <span class='ocrx_word' id='word_1_355' title='bbox 2972 2003 3000 2053; x_wconf 87' lang='grc' dir='ltr'>ὁ</span> <span class='ocrx_word' id='word_1_356' title='bbox 3033 2001 3223 2070; x_wconf 74' lang='grc' dir='ltr'>τύφοςς</span> <span class='ocrx_word' id='word_1_357' title='bbox 3260 2002 3416 2073; x_wconf 84' lang='grc' dir='ltr'>ποῦἡ</span> <span class='ocrx_word' id='word_1_358' title='bbox 3447 2005 3775 2070; x_wconf 69' lang='grc' dir='ltr'>φαντασίας</span> 
     </span>
    </p>
   </div>
   <div class='ocr_carea' id='block_1_52' title="bbox 2173 2079 3776 2167">
    <p class='ocr_par' dir='ltr' id='par_1_52' title="bbox 2173 2092 3776 2167">
     <span class='ocr_line' id='line_1_52' title="bbox 2173 2092 3776 2167; baseline 0.001 -17"><span class='ocrx_word' id='word_1_359' title='bbox 2173 2098 2352 2150; x_wconf 83' lang='grc' dir='ltr'>Φύλλα</span> <span class='ocrx_word' id='word_1_360' title='bbox 2385 2093 2474 2167; x_wconf 81' lang='grc' dir='ltr'>ἦν,</span> <span class='ocrx_word' id='word_1_361' title='bbox 2518 2098 2609 2149; x_wconf 75' lang='grc' dir='ltr'><strong>καὶ</strong></span> <span class='ocrx_word' id='word_1_362' title='bbox 2639 2095 2848 2166; x_wconf 83' lang='grc' dir='ltr'>χειμὼν</span> <span class='ocrx_word' id='word_1_363' title='bbox 2883 2092 3182 2161; x_wconf 71' lang='grc' dir='ltr'>κατέλαϐε,</span> <span class='ocrx_word' id='word_1_364' title='bbox 3207 2097 3302 2149; x_wconf 73' lang='grc' dir='ltr'><strong>καὶ</strong></span> <span class='ocrx_word' id='word_1_365' title='bbox 3339 2097 3516 2151; x_wconf 74' lang='grc' dir='ltr'>πάντα</span> <span class='ocrx_word' id='word_1_366' title='bbox 3549 2099 3776 2152; x_wconf 69' lang='grc' dir='ltr'>ἀπώλε-</span> 
     </span>
    </p>
   </div>
   <div class='ocr_carea' id='block_1_53' title="bbox 2173 2186 3776 2265">
    <p class='ocr_par' dir='ltr' id='par_1_53' title="bbox 2173 2186 3776 2265">
     <span class='ocr_line' id='line_1_53' title="bbox 2173 2186 3776 2265; baseline 0.003 -22"><span class='ocrx_word' id='word_1_367' title='bbox 2173 2209 2254 2244; x_wconf 86' lang='grc' dir='ltr'>το·</span> <span class='ocrx_word' id='word_1_368' title='bbox 2283 2191 2416 2260; x_wconf 80' lang='grc' dir='ltr'>ὖναρ</span> <span class='ocrx_word' id='word_1_369' title='bbox 2453 2186 2542 2262; x_wconf 77' lang='grc' dir='ltr'>ἦν,</span> <span class='ocrx_word' id='word_1_370' title='bbox 2573 2193 2668 2244; x_wconf 80' lang='grc' dir='ltr'><strong>καὶ</strong></span> <span class='ocrx_word' id='word_1_371' title='bbox 2700 2191 2886 2265; x_wconf 78' lang='grc' dir='ltr'>ἡμέρα.</span> <span class='ocrx_word' id='word_1_372' title='bbox 2911 2190 3126 2260; x_wconf 81' lang='grc' dir='ltr'>γέγονε,</span> <span class='ocrx_word' id='word_1_373' title='bbox 3177 2193 3277 2245; x_wconf 79' lang='grc' dir='ltr'><strong>καὶ</strong></span> <span class='ocrx_word' id='word_1_374' title='bbox 3306 2193 3367 2245; x_wconf 81' lang='grc' dir='ltr'><strong>τὸ</strong></span> <span class='ocrx_word' id='word_1_375' title='bbox 3410 2193 3542 2263; x_wconf 69' lang='grc' dir='ltr'>ὄναρ</span> <span class='ocrx_word' id='word_1_376' title='bbox 3588 2193 3776 2249; x_wconf 78' lang='grc' dir='ltr'>διαλέ-</span> 
     </span>
    </p>
   </div>
   <div class='ocr_carea' id='block_1_54' title="bbox 2174 2284 3157 2336">
    <p class='ocr_par' dir='ltr' id='par_1_54' title="bbox 2174 2284 3157 2336">
     <span class='ocr_line' id='line_1_54' title="bbox 2174 2284 3157 2336; baseline 0.001 -2"><span class='ocrx_word' id='word_1_377' title='bbox 2174 2285 2352 2336; x_wconf 83' lang='grc' dir='ltr'>λυται.</span> <span class='ocrx_word' id='word_1_378' title='bbox 3154 2284 3157 2285; x_wconf 53' lang='grc'><strong><em>⁷</em></strong></span> 
     </span>
    </p>
   </div>
   <div class='ocr_carea' id='block_1_55' title="bbox 2185 2371 3780 2448">
    <p class='ocr_par' dir='ltr' id='par_1_55' title="bbox 2185 2371 3780 2448">
     <span class='ocr_line' id='line_1_55' title="bbox 2185 2371 3780 2448; baseline 0.002 -21"><span class='ocrx_word' id='word_1_379' title='bbox 2185 2385 2189 2390; x_wconf 80' lang='grc'><em>”</em></span> <span class='ocrx_word' id='word_1_380' title='bbox 2249 2376 2346 2428; x_wconf 83' lang='grc' dir='ltr'><strong>Διὰ</strong></span> <span class='ocrx_word' id='word_1_381' title='bbox 2385 2375 2438 2427; x_wconf 80' lang='grc' dir='ltr'><strong>τί</strong></span> <span class='ocrx_word' id='word_1_382' title='bbox 2489 2375 2535 2406; x_wconf 83' lang='grc'><strong>⁵⁷</strong></span> <span class='ocrx_word' id='word_1_383' title='bbox 2570 2375 2626 2428; x_wconf 80' lang='grc' dir='ltr'><strong>δὲ</strong></span> <span class='ocrx_word' id='word_1_384' title='bbox 2684 2371 2746 2428; x_wconf 86' lang='grc' dir='ltr'><strong>ού</strong></span> <span class='ocrx_word' id='word_1_385' title='bbox 2797 2376 2896 2429; x_wconf 78' lang='grc' dir='ltr'>’τὸν</span> <span class='ocrx_word' id='word_1_386' title='bbox 2951 2376 3076 2429; x_wconf 84' lang='grc' dir='ltr'><strong>Νῶε</strong></span> <span class='ocrx_word' id='word_1_387' title='bbox 3123 2377 3156 2447; x_wconf 80' lang='grc' dir='ltr'><strong>ἦ</strong></span> <span class='ocrx_word' id='word_1_388' title='bbox 3214 2377 3306 2430; x_wconf 70' lang='grc' dir='ltr'>τὸν</span> <span class='ocrx_word' id='word_1_389' title='bbox 3349 2377 3546 2430; x_wconf 80' lang='grc' dir='ltr'>Ἰακὼὸ</span> <span class='ocrx_word' id='word_1_390' title='bbox 3691 2377 3780 2432; x_wconf 69' lang='grc' dir='ltr'>τὲν</span> 
     </span>
    </p>
   </div>
   <div class='ocr_carea' id='block_1_56' title="bbox 2189 2463 3778 2541">
    <p class='ocr_par' dir='ltr' id='par_1_56' title="bbox 2189 2463 3778 2541">
     <span class='ocr_line' id='line_1_56' title="bbox 2189 2463 3778 2541; baseline 0.003 -22"><span class='ocrx_word' id='word_1_391' title='bbox 2189 2467 2394 2530; x_wconf 81' lang='grc' dir='ltr'>Ἰσαὰκ,</span> <span class='ocrx_word' id='word_1_392' title='bbox 2426 2466 2560 2519; x_wconf 86' lang='grc' dir='ltr'>ἀλλὰ</span> <span class='ocrx_word' id='word_1_393' title='bbox 2586 2463 2959 2538; x_wconf 72' lang='grc' dir='ltr'>τὸνἋϐραὰμ</span> <span class='ocrx_word' id='word_1_394' title='bbox 2977 2469 3005 2520; x_wconf 90' lang='grc' dir='ltr'>ὁ</span> <span class='ocrx_word' id='word_1_395' title='bbox 3039 2468 3292 2533; x_wconf 81' lang='grc' dir='ltr'>πλούσιος</span> <span class='ocrx_word' id='word_1_396' title='bbox 3323 2470 3426 2540; x_wconf 78' lang='grc' dir='ltr'><strong>ὁρᾷ</strong></span> <span class='ocrx_word' id='word_1_397' title='bbox 3447 2487 3460 2534; x_wconf 91' lang='grc'><strong>;</strong></span> <span class='ocrx_word' id='word_1_398' title='bbox 3485 2469 3666 2541; x_wconf 70' lang='grc'>[1565</span> <span class='ocrx_word' id='word_1_399' title='bbox 3687 2470 3778 2538; x_wconf 68' lang='grc'><strong>8.]</strong></span> 
     </span>
    </p>
   </div>
   <div class='ocr_carea' id='block_1_57' title="bbox 2176 2553 3779 2630">
    <p class='ocr_par' dir='ltr' id='par_1_57' title="bbox 2176 2553 3779 2630">
     <span class='ocr_line' id='line_1_57' title="bbox 2176 2553 3779 2630; baseline -0.001 -20"><span class='ocrx_word' id='word_1_400' title='bbox 2176 2557 2276 2610; x_wconf 70' lang='grc' dir='ltr'><strong>Διὰ</strong></span> <span class='ocrx_word' id='word_1_401' title='bbox 2309 2557 2396 2622; x_wconf 79' lang='grc' dir='ltr'><strong>τξ;</strong></span> <span class='ocrx_word' id='word_1_402' title='bbox 2445 2555 2665 2627; x_wconf 76' lang='grc' dir='ltr'>Ἐπειδὴ</span> <span class='ocrx_word' id='word_1_403' title='bbox 2710 2555 2985 2626; x_wconf 74' lang='grc' dir='ltr'>φιλόξενος</span> <span class='ocrx_word' id='word_1_404' title='bbox 3032 2553 3101 2628; x_wconf 84' lang='grc' dir='ltr'>ἦν</span> <span class='ocrx_word' id='word_1_405' title='bbox 3153 2559 3182 2610; x_wconf 86' lang='grc' dir='ltr'>ὁ</span> <span class='ocrx_word' id='word_1_406' title='bbox 3218 2559 3493 2630; x_wconf 73' lang='grc' dir='ltr'>Ἀϐραὰμ,</span> <span class='ocrx_word' id='word_1_407' title='bbox 3530 2560 3639 2611; x_wconf 77' lang='grc' dir='ltr'><strong>καὶ</strong></span> <span class='ocrx_word' id='word_1_408' title='bbox 3686 2559 3779 2628; x_wconf 79' lang='grc' dir='ltr'>τῆς</span> 
     </span>
    </p>
   </div>
   <div class='ocr_carea' id='block_1_58' title="bbox 2180 2639 3780 2722">
    <p class='ocr_par' dir='ltr' id='par_1_58' title="bbox 2180 2639 3780 2722">
     <span class='ocr_line' id='line_1_58' title="bbox 2180 2639 3780 2722; baseline 0.002 -20"><span class='ocrx_word' id='word_1_409' title='bbox 2180 2649 2584 2719; x_wconf 74' lang='grc' dir='ltr'>ἀπανθρωπίας</span> <span class='ocrx_word' id='word_1_410' title='bbox 2617 2649 2811 2710; x_wconf 83' lang='grc' dir='ltr'>τούτου</span> <span class='ocrx_word' id='word_1_411' title='bbox 2873 2650 3078 2720; x_wconf 72' lang='grc' dir='ltr'>μείζων</span> <span class='ocrx_word' id='word_1_412' title='bbox 3127 2639 3338 2719; x_wconf 77' lang='grc' dir='ltr'>γίνεται</span> <span class='ocrx_word' id='word_1_413' title='bbox 3381 2654 3707 2722; x_wconf 69' lang='grc' dir='ltr'>κατηγορία</span> <span class='ocrx_word' id='word_1_414' title='bbox 3751 2655 3780 2722; x_wconf 87' lang='grc' dir='ltr'><strong>ἠ</strong></span> 
     </span>
    </p>
   </div>
   <div class='ocr_carea' id='block_1_59' title="bbox 2178 2740 2719 2818">
    <p class='ocr_par' dir='ltr' id='par_1_59' title="bbox 2178 2740 2719 2810">
     <span class='ocr_line' id='line_1_59' title="bbox 2178 2740 2719 2810; baseline 0.004 -17"><span class='ocrx_word' id='word_1_415' title='bbox 2178 2743 2388 2794; x_wconf 77' lang='grc' dir='ltr'>ἐκείνου</span> <span class='ocrx_word' id='word_1_416' title='bbox 2421 2740 2719 2810; x_wconf 79' lang='grc' dir='ltr'>φιλοξενία.</span> 
     </span>
    </p>
   </div>
   <div class='ocr_carea' id='block_1_60' title="bbox 2260 2825 3780 2904">
    <p class='ocr_par' dir='ltr' id='par_1_60' title="bbox 2260 2825 3780 2904">
     <span class='ocr_line' id='line_1_60' title="bbox 2260 2825 3780 2904; baseline 0.003 -19"><span class='ocrx_word' id='word_1_417' title='bbox 2260 2832 2363 2885; x_wconf 81' lang='grc' dir='ltr'>Ἐκ</span> <span class='ocrx_word' id='word_1_418' title='bbox 2407 2833 2514 2886; x_wconf 86' lang='grc' dir='ltr'>τοῦ</span> <span class='ocrx_word' id='word_1_419' title='bbox 2584 2834 2629 2864; x_wconf 79' lang='grc'><strong>⁵⁸</strong></span> <span class='ocrx_word' id='word_1_420' title='bbox 2655 2831 2753 2901; x_wconf 77' lang='grc' dir='ltr'><strong>Μὴ</strong></span> <span class='ocrx_word' id='word_1_421' title='bbox 2792 2825 2975 2904; x_wconf 21' lang='grc' dir='ltr'>οὕτωῖ</span> <span class='ocrx_word' id='word_1_422' title='bbox 3001 2833 3280 2902; x_wconf 61' lang='grc' dir='ltr'>σφοδρῶς</span> <span class='ocrx_word' id='word_1_423' title='bbox 3335 2835 3576 2904; x_wconf 66' lang='grc' dir='ltr'>θρηνεῖν</span> <span class='ocrx_word' id='word_1_424' title='bbox 3643 2836 3780 2904; x_wconf 79' lang='grc' dir='ltr'>τοὺς</span> 
     </span>
    </p>
   </div>
   <div class='ocr_carea' id='block_1_61' title="bbox 2727 2903 3454 2970">
    <p class='ocr_par' dir='ltr' id='par_1_61' title="bbox 2727 2903 3454 2970">
     <span class='ocr_line' id='line_1_61' title="bbox 2727 2903 3454 2970; baseline -0.001 -13"><span class='ocrx_word' id='word_1_425' title='bbox 2727 2903 3154 2970; x_wconf 73' lang='grc' dir='ltr'>τελευτῶντας.</span> <span class='ocrx_word' id='word_1_426' title='bbox 3368 2903 3372 2904; x_wconf 21' lang='grc' dir='ltr'><em>ν</em></span> <span class='ocrx_word' id='word_1_427' title='bbox 3449 2915 3454 2925; x_wconf 85' lang='grc'><strong>”</strong></span> 
     </span>
    </p>
   </div>
   <div class='ocr_carea' id='block_1_62' title="bbox 2255 2991 3780 3069">
    <p class='ocr_par' dir='ltr' id='par_1_62' title="bbox 2255 2991 3780 3069">
     <span class='ocr_line' id='line_1_62' title="bbox 2255 2991 3780 3069; baseline 0.003 -23"><span class='ocrx_word' id='word_1_428' title='bbox 2255 2997 2498 3058; x_wconf 80' lang='grc' dir='ltr'>Θάνατος</span> <span class='ocrx_word' id='word_1_429' title='bbox 2528 2995 2814 3065; x_wconf 86' lang='grc' dir='ltr'>μεριμνῶν</span> <span class='ocrx_word' id='word_1_430' title='bbox 2849 2995 3021 3059; x_wconf 78' lang='grc' dir='ltr'>λύσις.</span> <span class='ocrx_word' id='word_1_431' title='bbox 3052 2997 3115 3048; x_wconf 89' lang='grc' dir='ltr'>Εἰ</span> <span class='ocrx_word' id='word_1_432' title='bbox 3154 2994 3230 3067; x_wconf 82' lang='grc' dir='ltr'>μὴ</span> <span class='ocrx_word' id='word_1_433' title='bbox 3258 2996 3486 3060; x_wconf 82' lang='grc' dir='ltr'>θάνατος</span> <span class='ocrx_word' id='word_1_434' title='bbox 3511 2991 3608 3069; x_wconf 75' lang='grc' dir='ltr'><strong>ἦν,</strong></span> <span class='ocrx_word' id='word_1_435' title='bbox 3652 2998 3780 3052; x_wconf 78' lang='grc' dir='ltr'>ἑαυ-</span> 
     </span>
    </p>
   </div>
   <div class='ocr_carea' id='block_1_63' title="bbox 492 3074 2077 3157">
    <p class='ocr_par' dir='ltr' id='par_1_63' title="bbox 492 3078 2077 3156">
     <span class='ocr_line' id='line_1_63' title="bbox 492 3078 2077 3156; baseline 0.006 -24"><span class='ocrx_word' id='word_1_436' title='bbox 492 3078 642 3148; x_wconf 77' lang='lat' dir='ltr'><strong>ipsos</strong></span> <span class='ocrx_word' id='word_1_437' title='bbox 696 3080 1036 3134; x_wconf 85' lang='lat' dir='ltr'><strong>edercmus:</strong></span> <span class='ocrx_word' id='word_1_438' title='bbox 1077 3083 1186 3137; x_wconf 88' lang='lat' dir='ltr'><strong>nisi</strong></span> <span class='ocrx_word' id='word_1_439' title='bbox 1245 3084 1585 3152; x_wconf 70' lang='lat' dir='ltr'><strong>punirentur,</strong></span> <span class='ocrx_word' id='word_1_440' title='bbox 1650 3101 1996 3156; x_wconf 86' lang='lat' dir='ltr'><strong>nequaquam</strong></span> <span class='ocrx_word' id='word_1_441' title='bbox 2049 3103 2077 3142; x_wconf 88' lang='lat' dir='ltr'><strong>a</strong></span> 
     </span>
    </p>
   </div>
   <div class='ocr_carea' id='block_1_64' title="bbox 2190 3074 3778 3157">
    <p class='ocr_par' dir='ltr' id='par_1_64' title="bbox 2190 3083 3778 3157">
     <span class='ocr_line' id='line_1_64' title="bbox 2190 3083 3778 3157; baseline -0.001 -16"><span class='ocrx_word' id='word_1_442' title='bbox 2190 3089 2311 3150; x_wconf 80' lang='grc' dir='ltr'>τοὺς</span> <span class='ocrx_word' id='word_1_443' title='bbox 2347 3088 2414 3141; x_wconf 84' lang='grc' dir='ltr'><strong>ἂν</strong></span> <span class='ocrx_word' id='word_1_444' title='bbox 2466 3083 2858 3157; x_wconf 74' lang='grc' dir='ltr'>κατησθίομενο</span> <span class='ocrx_word' id='word_1_445' title='bbox 2910 3088 3068 3157; x_wconf 85' lang='grc' dir='ltr'>εἰμὴ</span> <span class='ocrx_word' id='word_1_446' title='bbox 3117 3089 3338 3140; x_wconf 76' lang='grc' dir='ltr'>κόλασιν</span> <span class='ocrx_word' id='word_1_447' title='bbox 3387 3089 3778 3157; x_wconf 78' lang='grc' dir='ltr'>ὲξεδεχόμεθα,</span> 
     </span>
    </p>
   </div>
   <div class='ocr_carea' id='block_1_65' title="bbox 491 3170 2082 3246">
    <p class='ocr_par' dir='ltr' id='par_1_65' title="bbox 491 3170 2082 3246">
     <span class='ocr_line' id='line_1_65' title="bbox 491 3170 2082 3246; baseline 0.005 -24"><span class='ocrx_word' id='word_1_448' title='bbox 491 3170 654 3224; x_wconf 86' lang='lat' dir='ltr'><strong>malis</strong></span> <span class='ocrx_word' id='word_1_449' title='bbox 704 3185 1070 3226; x_wconf 76' lang='lat' dir='ltr'><strong>cess:iremus.</strong></span> <span class='ocrx_word' id='word_1_450' title='bbox 1131 3171 1296 3228; x_wconf 81' lang='lat' dir='ltr'><strong>Vides</strong></span> <span class='ocrx_word' id='word_1_451' title='bbox 1364 3173 1585 3229; x_wconf 88' lang='lat' dir='ltr'><strong>Domini</strong></span> <span class='ocrx_word' id='word_1_452' title='bbox 1650 3177 2082 3246; x_wconf 81' lang='lat' dir='ltr'><strong>benignitatem?</strong></span> 
     </span>
    </p>
   </div>
   <div class='ocr_carea' id='block_1_66' title="bbox 490 3266 2086 3342">
    <p class='ocr_par' dir='ltr' id='par_1_66' title="bbox 490 3266 2086 3342">
     <span class='ocr_line' id='line_1_66' title="bbox 490 3266 2086 3342; baseline 0.006 -26"><span class='ocrx_word' id='word_1_453' title='bbox 490 3277 710 3331; x_wconf 67' lang='lat' dir='ltr'><strong>pinnam</strong></span> <span class='ocrx_word' id='word_1_454' title='bbox 736 3279 801 3317; x_wconf 61' lang='lat' dir='ltr'><strong>ei;</strong></span> <span class='ocrx_word' id='word_1_455' title='bbox 833 3266 1280 3332; x_wconf 35' lang='lat' dir='ltr'><strong>prmiaaricationc</strong></span> <span class='ocrx_word' id='word_1_456' title='bbox 1317 3269 1367 3321; x_wconf 92' lang='lat' dir='ltr'><strong>in</strong></span> <span class='ocrx_word' id='word_1_457' title='bbox 1393 3269 1586 3324; x_wconf 92' lang='lat' dir='ltr'><strong>salutis</strong></span> <span class='ocrx_word' id='word_1_458' title='bbox 1617 3285 1809 3325; x_wconf 87' lang='lat' dir='ltr'><strong>ansam</strong></span> <span class='ocrx_word' id='word_1_459' title='bbox 1849 3287 2086 3342; x_wconf 85' lang='lat' dir='ltr'><strong>conver-</strong></span> 
     </span>
    </p>
   </div>
   <div class='ocr_carea' id='block_1_67' title="bbox 495 3355 2081 3431">
    <p class='ocr_par' dir='ltr' id='par_1_67' title="bbox 495 3355 2081 3431">
     <span class='ocr_line' id='line_1_67' title="bbox 495 3355 2081 3431; baseline 0.008 -24"><span class='ocrx_word' id='word_1_460' title='bbox 495 3356 577 3408; x_wconf 88' lang='lat' dir='ltr'><strong>tit.</strong></span> <span class='ocrx_word' id='word_1_461' title='bbox 619 3355 675 3408; x_wconf 70' lang='grc' dir='ltr'><strong>δί</strong></span> <span class='ocrx_word' id='word_1_462' title='bbox 731 3355 898 3425; x_wconf 72' lang='lat' dir='ltr'><strong>igitur</strong></span> <span class='ocrx_word' id='word_1_463' title='bbox 945 3356 1131 3425; x_wconf 83' lang='lat' dir='ltr'><strong>justus</strong></span> <span class='ocrx_word' id='word_1_464' title='bbox 1163 3368 1249 3425; x_wconf 81' lang='lat' dir='ltr'><strong>est</strong></span> <span class='ocrx_word' id='word_1_465' title='bbox 1303 3359 1398 3428; x_wconf 89' lang='lat' dir='ltr'><strong>qui</strong></span> <span class='ocrx_word' id='word_1_466' title='bbox 1444 3371 1698 3417; x_wconf 87' lang='lat' dir='ltr'><strong>mortuus</strong></span> <span class='ocrx_word' id='word_1_467' title='bbox 1745 3373 1850 3430; x_wconf 80' lang='lat' dir='ltr'><strong>est,</strong></span> <span class='ocrx_word' id='word_1_468' title='bbox 1883 3364 2081 3431; x_wconf 81' lang='lat' dir='ltr'><strong>gaude,</strong></span> 
     </span>
    </p>
   </div>
   <div class='ocr_carea' id='block_1_68' title="bbox 493 3448 2082 3520">
    <p class='ocr_par' dir='ltr' id='par_1_68' title="bbox 493 3448 2082 3520">
     <span class='ocr_line' id='line_1_68' title="bbox 493 3448 2082 3520; baseline 0.007 -21"><span class='ocrx_word' id='word_1_469' title='bbox 493 3449 622 3515; x_wconf 90' lang='lat' dir='ltr'><strong>quia</strong></span> <span class='ocrx_word' id='word_1_470' title='bbox 660 3463 784 3500; x_wconf 89' lang='lat' dir='ltr'><strong>cum</strong></span> <span class='ocrx_word' id='word_1_471' title='bbox 841 3448 1039 3501; x_wconf 89' lang='lat' dir='ltr'><strong>Iiducia</strong></span> <span class='ocrx_word' id='word_1_472' title='bbox 1071 3450 1137 3502; x_wconf 90' lang='lat' dir='ltr'><strong>ad</strong></span> <span class='ocrx_word' id='word_1_473' title='bbox 1167 3449 1463 3504; x_wconf 87' lang='lat' dir='ltr'><strong>Dominum</strong></span> <span class='ocrx_word' id='word_1_474' title='bbox 1509 3452 1789 3520; x_wconf 87' lang='lat' dir='ltr'><strong>profectus</strong></span> <span class='ocrx_word' id='word_1_475' title='bbox 1827 3463 1938 3510; x_wconf 84' lang='lat' dir='ltr'><strong>est.</strong></span> <span class='ocrx_word' id='word_1_476' title='bbox 1986 3456 2082 3510; x_wconf 89' lang='lat' dir='ltr'><strong>Sin</strong></span> 
     </span>
    </p>
   </div>
   <div class='ocr_carea' id='block_1_69' title="bbox 495 3540 2088 3614">
    <p class='ocr_par' dir='ltr' id='par_1_69' title="bbox 495 3540 2088 3614">
     <span class='ocr_line' id='line_1_69' title="bbox 495 3540 2088 3614; baseline 0.008 -25"><span class='ocrx_word' id='word_1_477' title='bbox 495 3547 773 3608; x_wconf 81' lang='lat' dir='ltr'><strong>peccator,</strong></span> <span class='ocrx_word' id='word_1_478' title='bbox 818 3555 885 3593; x_wconf 88' lang='lat' dir='ltr'><strong>ne</strong></span> <span class='ocrx_word' id='word_1_479' title='bbox 913 3540 1100 3594; x_wconf 85' lang='lat' dir='ltr'><strong>doleas</strong></span> <span class='ocrx_word' id='word_1_480' title='bbox 1128 3556 1141 3592; x_wconf 91' lang='lat'>:</span> <span class='ocrx_word' id='word_1_481' title='bbox 1177 3541 1422 3610; x_wconf 84' lang='lat' dir='ltr'><strong>lucratus</strong></span> <span class='ocrx_word' id='word_1_482' title='bbox 1449 3554 1558 3605; x_wconf 87' lang='lat' dir='ltr'><strong>est,</strong></span> <span class='ocrx_word' id='word_1_483' title='bbox 1592 3546 1738 3614; x_wconf 91' lang='lat' dir='ltr'><strong>quod</strong></span> <span class='ocrx_word' id='word_1_484' title='bbox 1770 3547 2088 3602; x_wconf 88' lang='lat' dir='ltr'><strong>accumula-</strong></span> 
     </span>
    </p>
   </div>
   <div class='ocr_carea' id='block_1_70' title="bbox 497 3630 1426 3702">
    <p class='ocr_par' dir='ltr' id='par_1_70' title="bbox 497 3630 1426 3702">
     <span class='ocr_line' id='line_1_70' title="bbox 497 3630 1426 3702; baseline 0.006 -19"><span class='ocrx_word' id='word_1_485' title='bbox 497 3630 647 3684; x_wconf 88' lang='lat' dir='ltr'><strong>tione</strong></span> <span class='ocrx_word' id='word_1_486' title='bbox 680 3640 1030 3700; x_wconf 86' lang='lat' dir='ltr'><strong>peccatorum</strong></span> <span class='ocrx_word' id='word_1_487' title='bbox 1063 3634 1310 3702; x_wconf 87' lang='lat' dir='ltr'><strong>privatus</strong></span> <span class='ocrx_word' id='word_1_488' title='bbox 1336 3637 1426 3688; x_wconf 86' lang='lat' dir='ltr'><strong>sit.</strong></span> 
     </span>
    </p>
   </div>
   <div class='ocr_carea' id='block_1_71' title="bbox 571 3815 2090 3896">
    <p class='ocr_par' dir='ltr' id='par_1_71' title="bbox 571 3815 2090 3896">
     <span class='ocr_line' id='line_1_71' title="bbox 571 3815 2090 3896; baseline 0.009 -27"><span class='ocrx_word' id='word_1_489' title='bbox 571 3815 630 3869; x_wconf 87' lang='lat' dir='ltr'><strong>In</strong></span> <span class='ocrx_word' id='word_1_490' title='bbox 662 3817 889 3885; x_wconf 89' lang='lat' dir='ltr'><strong>epistola</strong></span> <span class='ocrx_word' id='word_1_491' title='bbox 921 3817 987 3870; x_wconf 91' lang='lat' dir='ltr'><strong>ad</strong></span> <span class='ocrx_word' id='word_1_492' title='bbox 1031 3818 1318 3889; x_wconf 66' lang='lat' dir='ltr'><strong>(Syriacum</strong></span> <span class='ocrx_word' id='word_1_493' title='bbox 1370 3821 1711 3894; x_wconf 83' lang='lat' dir='ltr'><strong>episcopum,</strong></span> <span class='ocrx_word' id='word_1_494' title='bbox 1756 3841 1917 3896; x_wconf 89' lang='lat' dir='ltr'><strong>quam</strong></span> <span class='ocrx_word' id='word_1_495' title='bbox 1955 3827 2090 3882; x_wconf 90' lang='lat' dir='ltr'><strong>scri-</strong></span> 
     </span>
    </p>
   </div>
   <div class='ocr_carea' id='block_1_72' title="bbox 499 3909 2089 3986">
    <p class='ocr_par' dir='ltr' id='par_1_72' title="bbox 499 3909 2089 3986">
     <span class='ocr_line' id='line_1_72' title="bbox 499 3909 2089 3986; baseline 0.008 -24"><span class='ocrx_word' id='word_1_496' title='bbox 499 3909 624 3978; x_wconf 76' lang='lat' dir='ltr'><strong>psit&quot;</strong></span> <span class='ocrx_word' id='word_1_497' title='bbox 643 3918 767 3977; x_wconf 89' lang='lat' dir='ltr'><strong>post</strong></span> <span class='ocrx_word' id='word_1_498' title='bbox 811 3910 1109 3964; x_wconf 87' lang='lat' dir='ltr'><strong>secundum</strong></span> <span class='ocrx_word' id='word_1_499' title='bbox 1145 3912 1633 3986; x_wconf 79' lang='lat' dir='ltr'><strong>exsilium,pungit</strong></span> <span class='ocrx_word' id='word_1_500' title='bbox 1659 3918 1968 3986; x_wconf 83' lang='lat' dir='ltr'><strong>Arsacium,</strong></span> <span class='ocrx_word' id='word_1_501' title='bbox 1990 3937 2089 3975; x_wconf 85' lang='lat' dir='ltr'><strong>vo-</strong></span> 
     </span>
    </p>
   </div>
   <div class='ocr_carea' id='block_1_73' title="bbox 499 4000 2089 4080">
    <p class='ocr_par' dir='ltr' id='par_1_73' title="bbox 499 4000 2089 4080">
     <span class='ocr_line' id='line_1_73' title="bbox 499 4000 2089 4080; baseline 0.007 -24"><span class='ocrx_word' id='word_1_502' title='bbox 499 4016 631 4056; x_wconf 89' lang='lat' dir='ltr'><strong>cans</strong></span> <span class='ocrx_word' id='word_1_503' title='bbox 666 4000 812 4068; x_wconf 70' lang='lat' dir='ltr'><strong>illum</strong></span> <span class='ocrx_word' id='word_1_504' title='bbox 855 4001 1108 4066; x_wconf 85' lang='lat' dir='ltr'><strong>delirum,</strong></span> <span class='ocrx_word' id='word_1_505' title='bbox 1145 4012 1199 4056; x_wconf 90' lang='lat' dir='ltr'><strong>et</strong></span> <span class='ocrx_word' id='word_1_506' title='bbox 1223 4004 1560 4060; x_wconf 88' lang='lat' dir='ltr'><strong>adulterum.</strong></span> <span class='ocrx_word' id='word_1_507' title='bbox 1601 4006 1941 4079; x_wconf 87' lang='lat' dir='ltr'><strong>Laudalque</strong></span> <span class='ocrx_word' id='word_1_508' title='bbox 1970 4028 2089 4080; x_wconf 90' lang='lat' dir='ltr'><strong>eos,</strong></span> 
     </span>
    </p>
   </div>
   <div class='ocr_carea' id='block_1_74' title="bbox 499 4094 2094 4175">
    <p class='ocr_par' dir='ltr' id='par_1_74' title="bbox 499 4094 2094 4175">
     <span class='ocr_line' id='line_1_74' title="bbox 499 4094 2094 4175; baseline 0.009 -29"><span class='ocrx_word' id='word_1_509' title='bbox 499 4094 592 4164; x_wconf 89' lang='lat' dir='ltr'><strong>qui</strong></span> <span class='ocrx_word' id='word_1_510' title='bbox 630 4095 774 4149; x_wconf 89' lang='lat' dir='ltr'><strong>illius</strong></span> <span class='ocrx_word' id='word_1_511' title='bbox 807 4095 1226 4150; x_wconf 78' lang='lat' dir='ltr'><strong>familiaritatem</strong></span> <span class='ocrx_word' id='word_1_512' title='bbox 1265 4110 1614 4166; x_wconf 86' lang='lat' dir='ltr'><strong>aversantur,</strong></span> <span class='ocrx_word' id='word_1_513' title='bbox 1645 4111 1703 4156; x_wconf 87' lang='lat' dir='ltr'><strong>ut</strong></span> <span class='ocrx_word' id='word_1_514' title='bbox 1743 4105 1844 4173; x_wconf 69' lang='lat' dir='ltr'><strong>qui‘</strong></span> <span class='ocrx_word' id='word_1_515' title='bbox 1870 4117 2094 4175; x_wconf 89' lang='lat' dir='ltr'><strong>propter</strong></span> 
     </span>
    </p>
   </div>
   <div class='ocr_carea' id='block_1_75' title="bbox 500 4187 2094 4267">
    <p class='ocr_par' dir='ltr' id='par_1_75' title="bbox 500 4187 2094 4267">
     <span class='ocr_line' id='line_1_75' title="bbox 500 4187 2094 4267; baseline 0.008 -26"><span class='ocrx_word' id='word_1_516' title='bbox 500 4187 696 4251; x_wconf 86' lang='lat' dir='ltr'><strong>Deum,</strong></span> <span class='ocrx_word' id='word_1_517' title='bbox 727 4198 778 4242; x_wconf 87' lang='lat' dir='ltr'><strong>et</strong></span> <span class='ocrx_word' id='word_1_518' title='bbox 827 4189 1156 4258; x_wconf 87' lang='lat' dir='ltr'><strong>impietatem</strong></span> <span class='ocrx_word' id='word_1_519' title='bbox 1203 4191 1257 4244; x_wconf 90' lang='lat' dir='ltr'><strong>in</strong></span> <span class='ocrx_word' id='word_1_520' title='bbox 1311 4194 1794 4267; x_wconf 85' lang='lat' dir='ltr'><strong>archiepiscopum</strong></span> <span class='ocrx_word' id='word_1_521' title='bbox 1827 4212 1987 4251; x_wconf 90' lang='lat' dir='ltr'><strong>suum</strong></span> <span class='ocrx_word' id='word_1_522' title='bbox 2025 4199 2094 4253; x_wconf 88' lang='lat' dir='ltr'><strong>ab</strong></span> 
     </span>
    </p>
   </div>
   <div class='ocr_carea' id='block_1_76' title="bbox 500 4270 2088 4356">
    <p class='ocr_par' dir='ltr' id='par_1_76' title="bbox 500 4270 2088 4356">
     <span class='ocr_line' id='line_1_76' title="bbox 500 4270 2088 4356; baseline 0.004 -21"><span class='ocrx_word' id='word_1_523' title='bbox 500 4280 593 4335; x_wconf 80' lang='lat' dir='ltr'><strong>illo</strong></span> <span class='ocrx_word' id='word_1_524' title='bbox 643 4281 938 4336; x_wconf 86' lang='lat' dir='ltr'><strong>declinent.</strong></span> <span class='ocrx_word' id='word_1_525' title='bbox 981 4280 1247 4344; x_wconf 80' lang='lat' dir='ltr'><strong>Quamvis</strong></span> <span class='ocrx_word' id='word_1_526' title='bbox 1288 4287 1342 4337; x_wconf 81' lang='lat' dir='ltr'><strong>in</strong></span> <span class='ocrx_word' id='word_1_527' title='bbox 1397 4285 1521 4340; x_wconf 89' lang='lat' dir='ltr'><strong>aliis</strong></span> <span class='ocrx_word' id='word_1_528' title='bbox 1569 4270 1822 4340; x_wconf 83' lang='lat' dir='ltr'><strong>videatur</strong></span> <span class='ocrx_word' id='word_1_529' title='bbox 1853 4288 2088 4356; x_wconf 89' lang='lat' dir='ltr'><strong>hortari,</strong></span> 
     </span>
    </p>
   </div>
   <div class='ocr_carea' id='block_1_77' title="bbox 501 4375 2092 4454">
    <p class='ocr_par' dir='ltr' id='par_1_77' title="bbox 501 4375 2092 4454">
     <span class='ocr_line' id='line_1_77' title="bbox 501 4375 2092 4454; baseline 0.005 -24"><span class='ocrx_word' id='word_1_530' title='bbox 501 4375 662 4433; x_wconf 84' lang='lat' dir='ltr'><strong>ncab</strong></span> <span class='ocrx_word' id='word_1_531' title='bbox 726 4375 968 4430; x_wconf 88' lang='lat' dir='ltr'><strong>Ecclesia</strong></span> <span class='ocrx_word' id='word_1_532' title='bbox 1025 4378 1303 4432; x_wconf 82' lang='lat' dir='ltr'><strong>recedant.</strong></span> <span class='ocrx_word' id='word_1_533' title='bbox 1345 4377 1401 4433; x_wconf 89' lang='lat' dir='ltr'><strong>Id</strong></span> <span class='ocrx_word' id='word_1_534' title='bbox 1438 4389 1622 4434; x_wconf 89' lang='lat' dir='ltr'><strong>autem</strong></span> <span class='ocrx_word' id='word_1_535' title='bbox 1659 4391 1868 4452; x_wconf 89' lang='lat' dir='ltr'><strong>postea,</strong></span> <span class='ocrx_word' id='word_1_536' title='bbox 1904 4394 1962 4438; x_wconf 90' lang='lat' dir='ltr'><strong>ut</strong></span> <span class='ocrx_word' id='word_1_537' title='bbox 1994 4399 2092 4454; x_wconf 86' lang='lat' dir='ltr'><strong>ap-</strong></span> 
     </span>
    </p>
   </div>
   <div class='ocr_carea' id='block_1_78' title="bbox 500 4466 2082 4545">
    <p class='ocr_par' dir='ltr' id='par_1_78' title="bbox 500 4466 2082 4545">
     <span class='ocr_line' id='line_1_78' title="bbox 500 4466 2082 4545; baseline 0.007 -24"><span class='ocrx_word' id='word_1_538' title='bbox 500 4479 677 4539; x_wconf 89' lang='lat' dir='ltr'><strong>paret,</strong></span> <span class='ocrx_word' id='word_1_539' title='bbox 734 4469 928 4535; x_wconf 86' lang='lat' dir='ltr'><strong>voluit,</strong></span> <span class='ocrx_word' id='word_1_540' title='bbox 961 4484 1085 4523; x_wconf 89' lang='lat' dir='ltr'><strong>cum</strong></span> <span class='ocrx_word' id='word_1_541' title='bbox 1146 4469 1204 4534; x_wconf 92' lang='lat' dir='ltr'><strong>ii,</strong></span> <span class='ocrx_word' id='word_1_542' title='bbox 1235 4471 1329 4541; x_wconf 92' lang='lat' dir='ltr'><strong>qui</strong></span> <span class='ocrx_word' id='word_1_543' title='bbox 1398 4471 1544 4527; x_wconf 89' lang='lat' dir='ltr'><strong>hunc</strong></span> <span class='ocrx_word' id='word_1_544' title='bbox 1575 4466 1782 4542; x_wconf 84' lang='lat' dir='ltr'><strong>injuste</strong></span> <span class='ocrx_word' id='word_1_545' title='bbox 1806 4475 2082 4545; x_wconf 73' lang='lat' dir='ltr'><strong>eiecerant</strong></span> 
     </span>
    </p>
   </div>
   <div class='ocr_carea' id='block_1_79' title="bbox 508 4562 2092 4632">
    <p class='ocr_par' dir='ltr' id='par_1_79' title="bbox 508 4562 2092 4632">
     <span class='ocr_line' id='line_1_79' title="bbox 508 4562 2092 4632; baseline 0.006 -15"><span class='ocrx_word' id='word_1_546' title='bbox 508 4562 649 4617; x_wconf 90' lang='lat' dir='ltr'><strong>facto</strong></span> <span class='ocrx_word' id='word_1_547' title='bbox 693 4579 801 4616; x_wconf 89' lang='lat' dir='ltr'><strong>non</strong></span> <span class='ocrx_word' id='word_1_548' title='bbox 854 4563 1248 4632; x_wconf 81' lang='lat' dir='ltr'><strong>acquieverint,</strong></span> <span class='ocrx_word' id='word_1_549' title='bbox 1305 4564 1401 4620; x_wconf 89' lang='lat' dir='ltr'><strong>sed</strong></span> <span class='ocrx_word' id='word_1_550' title='bbox 1457 4566 1632 4621; x_wconf 88' lang='lat' dir='ltr'><strong>moliti</strong></span> <span class='ocrx_word' id='word_1_551' title='bbox 1673 4568 1838 4623; x_wconf 88' lang='lat' dir='ltr'><strong>etiam</strong></span> <span class='ocrx_word' id='word_1_552' title='bbox 1883 4569 2092 4627; x_wconf 90' lang='lat' dir='ltr'><strong>fuerint</strong></span> 
     </span>
    </p>
   </div>
   <div class='ocr_carea' id='block_1_80' title="bbox 512 4656 2090 4735">
    <p class='ocr_par' dir='ltr' id='par_1_80' title="bbox 512 4656 2090 4735">
     <span class='ocr_line' id='line_1_80' title="bbox 512 4656 2090 4735; baseline 0.007 -26"><span class='ocrx_word' id='word_1_553' title='bbox 512 4656 801 4726; x_wconf 79' lang='lat' dir='ltr'><strong>impetum,</strong></span> <span class='ocrx_word' id='word_1_554' title='bbox 840 4657 1090 4724; x_wconf 89' lang='lat' dir='ltr'><strong>insidias,</strong></span> <span class='ocrx_word' id='word_1_555' title='bbox 1129 4667 1183 4712; x_wconf 89' lang='lat' dir='ltr'><strong>et</strong></span> <span class='ocrx_word' id='word_1_556' title='bbox 1211 4657 1465 4714; x_wconf 73' lang='lat' dir='ltr'><strong>exsilium</strong></span> <span class='ocrx_word' id='word_1_557' title='bbox 1503 4660 1592 4727; x_wconf 89' lang='lat' dir='ltr'><strong>iis,</strong></span> <span class='ocrx_word' id='word_1_558' title='bbox 1619 4662 1714 4732; x_wconf 91' lang='lat' dir='ltr'><strong>qui</strong></span> <span class='ocrx_word' id='word_1_559' title='bbox 1739 4663 1844 4735; x_wconf 89' lang='lat' dir='ltr'><strong>ipsi</strong></span> <span class='ocrx_word' id='word_1_560' title='bbox 1883 4665 2090 4722; x_wconf 88' lang='lat' dir='ltr'><strong>addicti</strong></span> 
     </span>
    </p>
   </div>
   <div class='ocr_carea' id='block_1_81' title="bbox 503 4759 704 4804">
    <p class='ocr_par' dir='ltr' id='par_1_81' title="bbox 503 4759 704 4804">
     <span class='ocr_line' id='line_1_81' title="bbox 503 4759 704 4804; baseline -0.01 0"><span class='ocrx_word' id='word_1_561' title='bbox 503 4759 704 4804; x_wconf 73' lang='lat' dir='ltr'><strong>CSSCM.</strong></span> 
     </span>
    </p>
   </div>
   <div class='ocr_carea' id='block_1_82' title="bbox 588 4922 1048 4991">
    <p class='ocr_par' dir='ltr' id='par_1_82' title="bbox 588 4922 1048 4991">
     <span class='ocr_line' id='line_1_82' title="bbox 588 4922 1048 4991; baseline 0.004 -14"><span class='ocrx_word' id='word_1_562' title='bbox 588 4933 610 4960; x_wconf 76' lang='grc' dir='ltr'><strong><em>τ</em></strong></span> <span class='ocrx_word' id='word_1_563' title='bbox 636 4923 768 4980; x_wconf 88' lang='lat' dir='ltr'><strong>Luc.</strong></span> <span class='ocrx_word' id='word_1_564' title='bbox 807 4940 920 4991; x_wconf 72' lang='lat' dir='ltr'><strong>xvr,</strong></span> <span class='ocrx_word' id='word_1_565' title='bbox 955 4922 1048 4979; x_wconf 68' lang='grc'><strong>24.</strong></span> 
     </span>
    </p>
   </div>
   <div class='ocr_carea' id='block_1_83' title="bbox 2185 3175 3779 3253">
    <p class='ocr_par' dir='ltr' id='par_1_83' title="bbox 2185 3175 3779 3253">
     <span class='ocr_line' id='line_1_83' title="bbox 2185 3175 3779 3253; baseline -0.001 -18"><span class='ocrx_word' id='word_1_566' title='bbox 2185 3182 2438 3253; x_wconf 79' lang='grc' dir='ltr'>οὐδαμῶς</span> <span class='ocrx_word' id='word_1_567' title='bbox 2466 3179 2574 3234; x_wconf 83' lang='grc' dir='ltr'>τῶν</span> <span class='ocrx_word' id='word_1_568' title='bbox 2606 3181 2793 3234; x_wconf 83' lang='grc' dir='ltr'>κακῶν</span> <span class='ocrx_word' id='word_1_569' title='bbox 2841 3181 3162 3250; x_wconf 84' lang='grc' dir='ltr'>ὲπαυόμεθα</span> <span class='ocrx_word' id='word_1_570' title='bbox 3193 3183 3265 3234; x_wconf 64' lang='grc'><strong>⁵³.</strong></span> <span class='ocrx_word' id='word_1_571' title='bbox 3303 3175 3455 3244; x_wconf 79' lang='grc' dir='ltr'>Εἶδες</span> <span class='ocrx_word' id='word_1_572' title='bbox 3495 3182 3779 3233; x_wconf 75' lang='grc' dir='ltr'>Δεσπότου</span> 
     </span>
    </p>
   </div>
   <div class='ocr_carea' id='block_1_84' title="bbox 2189 3269 3780 3343">
    <p class='ocr_par' dir='ltr' id='par_1_84' title="bbox 2189 3269 3780 3343">
     <span class='ocr_line' id='line_1_84' title="bbox 2189 3269 3780 3343; baseline -0.004 -17"><span class='ocrx_word' id='word_1_573' title='bbox 2189 3273 2643 3343; x_wconf 78' lang='grc' dir='ltr'>φιλανθρωπίαν;</span> <span class='ocrx_word' id='word_1_574' title='bbox 2677 3272 2738 3323; x_wconf 84' lang='grc' dir='ltr'><strong>τὸ</strong></span> <span class='ocrx_word' id='word_1_575' title='bbox 2788 3272 2852 3323; x_wconf 80' lang='grc' dir='ltr'><strong>ἐκ</strong></span> <span class='ocrx_word' id='word_1_576' title='bbox 2896 3270 3265 3340; x_wconf 78' lang='grc' dir='ltr'>παραϐάσεως</span> <span class='ocrx_word' id='word_1_577' title='bbox 3295 3269 3567 3337; x_wconf 76' lang='grc' dir='ltr'>ἐπιτίμιον</span> <span class='ocrx_word' id='word_1_578' title='bbox 3603 3272 3780 3340; x_wconf 75' lang='grc' dir='ltr'>ἀφορ-</span> 
     </span>
    </p>
   </div>
   <div class='ocr_carea' id='block_1_85' title="bbox 2191 3359 3780 3437">
    <p class='ocr_par' dir='ltr' id='par_1_85' title="bbox 2191 3359 3780 3437">
     <span class='ocr_line' id='line_1_85' title="bbox 2191 3359 3780 3437; baseline -0.003 -19"><span class='ocrx_word' id='word_1_579' title='bbox 2191 3367 2297 3437; x_wconf 85' lang='grc' dir='ltr'><strong>μὴν</strong></span> <span class='ocrx_word' id='word_1_580' title='bbox 2331 3366 2604 3436; x_wconf 81' lang='grc' dir='ltr'>σωτηρίας</span> <span class='ocrx_word' id='word_1_581' title='bbox 2637 3364 3038 3432; x_wconf 78' lang='grc' dir='ltr'>ἀπειργάσατο.</span> <span class='ocrx_word' id='word_1_582' title='bbox 3074 3362 3134 3414; x_wconf 85' lang='grc' dir='ltr'>Εἰ</span> <span class='ocrx_word' id='word_1_583' title='bbox 3160 3365 3259 3431; x_wconf 79' lang='grc' dir='ltr'><strong>μὲν</strong></span> <span class='ocrx_word' id='word_1_584' title='bbox 3287 3359 3380 3414; x_wconf 70' lang='grc' dir='ltr'><strong>οὖν</strong></span> <span class='ocrx_word' id='word_1_585' title='bbox 3397 3362 3609 3425; x_wconf 83' lang='grc' dir='ltr'>δίκαιός</span> <span class='ocrx_word' id='word_1_586' title='bbox 3634 3365 3780 3415; x_wconf 83' lang='grc' dir='ltr'>ἐστιν</span> 
     </span>
    </p>
   </div>
   <div class='ocr_carea' id='block_1_86' title="bbox 2187 3452 3771 3524">
    <p class='ocr_par' dir='ltr' id='par_1_86' title="bbox 2187 3452 3771 3524">
     <span class='ocr_line' id='line_1_86' title="bbox 2187 3452 3771 3524; baseline -0.003 -15"><span class='ocrx_word' id='word_1_587' title='bbox 2187 3455 2547 3522; x_wconf 83' lang='grc' dir='ltr'>ὁάποθανὼν,</span> <span class='ocrx_word' id='word_1_588' title='bbox 2589 3457 2771 3524; x_wconf 60' lang='grc' dir='ltr'>χαῖρε,</span> <span class='ocrx_word' id='word_1_589' title='bbox 2812 3454 2947 3506; x_wconf 69' lang='grc' dir='ltr'>διότι</span> <span class='ocrx_word' id='word_1_590' title='bbox 2998 3453 3216 3523; x_wconf 63' lang='grc' dir='ltr'>θαρρῶν</span> <span class='ocrx_word' id='word_1_591' title='bbox 3250 3453 3388 3522; x_wconf 76' lang='grc' dir='ltr'>πρὸς</span> <span class='ocrx_word' id='word_1_592' title='bbox 3418 3452 3508 3505; x_wconf 78' lang='grc' dir='ltr'>τὸν</span> <span class='ocrx_word' id='word_1_593' title='bbox 3555 3455 3771 3506; x_wconf 73' lang='grc' dir='ltr'>Δεσπό-</span> 
     </span>
    </p>
   </div>
   <div class='ocr_carea' id='block_1_87' title="bbox 2186 3525 3780 3617">
    <p class='ocr_par' dir='ltr' id='par_1_87' title="bbox 2186 3544 3780 3617">
     <span class='ocr_line' id='line_1_87' title="bbox 2186 3544 3780 3617; baseline -0.003 -16"><span class='ocrx_word' id='word_1_594' title='bbox 2186 3567 2288 3617; x_wconf 87' lang='grc' dir='ltr'><strong>την</strong></span> <span class='ocrx_word' id='word_1_595' title='bbox 2311 3547 2623 3617; x_wconf 85' lang='grc' dir='ltr'>πορεύεται·</span> <span class='ocrx_word' id='word_1_596' title='bbox 2658 3549 2706 3599; x_wconf 77' lang='grc' dir='ltr'><strong>εἰ</strong></span> <span class='ocrx_word' id='word_1_597' title='bbox 2752 3546 2807 3598; x_wconf 81' lang='grc' dir='ltr'><strong>δὲ</strong></span> <span class='ocrx_word' id='word_1_598' title='bbox 2841 3545 3186 3616; x_wconf 70' lang='grc' dir='ltr'>ἁμαρτωλὸς,</span> <span class='ocrx_word' id='word_1_599' title='bbox 3249 3544 3325 3615; x_wconf 81' lang='grc' dir='ltr'>μὴ</span> <span class='ocrx_word' id='word_1_600' title='bbox 3372 3545 3543 3597; x_wconf 82' lang='grc' dir='ltr'>λυποῦ</span> <span class='ocrx_word' id='word_1_601' title='bbox 3571 3563 3584 3576; x_wconf 89' lang='grc'><strong>·</strong></span> <span class='ocrx_word' id='word_1_602' title='bbox 3625 3547 3780 3615; x_wconf 78' lang='grc' dir='ltr'>ἐκέρ-</span> 
     </span>
    </p>
   </div>
   <div class='ocr_carea' id='block_1_88' title="bbox 2188 3636 3779 3710">
    <p class='ocr_par' dir='ltr' id='par_1_88' title="bbox 2188 3636 3779 3710">
     <span class='ocr_line' id='line_1_88' title="bbox 2188 3636 3779 3710; baseline -0.003 -16"><span class='ocrx_word' id='word_1_603' title='bbox 2188 3641 2351 3708; x_wconf 80' lang='grc' dir='ltr'>δησεν</span> <span class='ocrx_word' id='word_1_604' title='bbox 2379 3636 2460 3704; x_wconf 77' lang='grc' dir='ltr'>οἷς</span> <span class='ocrx_word' id='word_1_605' title='bbox 2495 3641 2540 3693; x_wconf 63' lang='grc'><strong>⁵9</strong></span> <span class='ocrx_word' id='word_1_606' title='bbox 2567 3640 2666 3710; x_wconf 79' lang='grc' dir='ltr'>τὴν</span> <span class='ocrx_word' id='word_1_607' title='bbox 2695 3637 3013 3710; x_wconf 81' lang='grc' dir='ltr'>προσθήκην</span> <span class='ocrx_word' id='word_1_608' title='bbox 3043 3637 3155 3690; x_wconf 80' lang='grc' dir='ltr'><strong>τῶν</strong></span> <span class='ocrx_word' id='word_1_609' title='bbox 3186 3638 3603 3708; x_wconf 83' lang='grc' dir='ltr'>ἁμαρτημάτων</span> <span class='ocrx_word' id='word_1_610' title='bbox 3639 3639 3779 3710; x_wconf 75' lang='grc' dir='ltr'><strong>ἀφῄ-</strong></span> 
     </span>
    </p>
   </div>
   <div class='ocr_carea' id='block_1_89' title="bbox 2193 3751 3156 3804">
    <p class='ocr_par' dir='ltr' id='par_1_89' title="bbox 2193 3751 3156 3804">
     <span class='ocr_line' id='line_1_89' title="bbox 2193 3751 3156 3804; baseline 0.001 -19"><span class='ocrx_word' id='word_1_611' title='bbox 2193 3751 2375 3804; x_wconf 89' lang='grc' dir='ltr'>ρηται.</span> <span class='ocrx_word' id='word_1_612' title='bbox 2829 3768 2831 3770; x_wconf 91' lang='grc'><strong>-</strong></span> <span class='ocrx_word' id='word_1_613' title='bbox 3149 3789 3156 3797; x_wconf 26' lang='grc' dir='ltr'><strong><em>ί</em></strong></span> 
     </span>
    </p>
   </div>
   <div class='ocr_carea' id='block_1_90' title="bbox 2268 3809 3780 3898">
    <p class='ocr_par' dir='ltr' id='par_1_90' title="bbox 2268 3809 3780 3898">
     <span class='ocr_line' id='line_1_90' title="bbox 2268 3809 3780 3898; baseline -0.002 -21"><span class='ocrx_word' id='word_1_614' title='bbox 2268 3826 2391 3878; x_wconf 86' lang='grc' dir='ltr'>Ὅτι</span> <span class='ocrx_word' id='word_1_615' title='bbox 2424 3824 2464 3854; x_wconf 84' lang='grc'><strong>⁶¹</strong></span> <span class='ocrx_word' id='word_1_616' title='bbox 2516 3826 2573 3876; x_wconf 81' lang='grc' dir='ltr'>ὲν</span> <span class='ocrx_word' id='word_1_617' title='bbox 2604 3825 2669 3894; x_wconf 79' lang='grc' dir='ltr'>τῇ</span> <span class='ocrx_word' id='word_1_618' title='bbox 2714 3809 2852 3898; x_wconf 67' lang='grc' dir='ltr'>πρὸς</span> <span class='ocrx_word' id='word_1_619' title='bbox 2882 3825 2975 3876; x_wconf 75' lang='grc' dir='ltr'><strong>τὸν</strong></span> <span class='ocrx_word' id='word_1_620' title='bbox 3014 3823 3312 3876; x_wconf 77' lang='grc' dir='ltr'>ἐπίσκοπον</span> <span class='ocrx_word' id='word_1_621' title='bbox 3341 3821 3627 3891; x_wconf 66' lang='grc' dir='ltr'>κυριακὸν</span> <span class='ocrx_word' id='word_1_622' title='bbox 3663 3823 3780 3874; x_wconf 79' lang='grc' dir='ltr'>ἐπι-</span> 
     </span>
    </p>
   </div>
   <div class='ocr_carea' id='block_1_91' title="bbox 2195 3911 3780 3985">
    <p class='ocr_par' dir='ltr' id='par_1_91' title="bbox 2195 3911 3780 3985">
     <span class='ocr_line' id='line_1_91' title="bbox 2195 3911 3780 3985; baseline -0.003 -16"><span class='ocrx_word' id='word_1_623' title='bbox 2195 3917 2380 3985; x_wconf 81' lang='grc' dir='ltr'>στολῇ,</span> <span class='ocrx_word' id='word_1_624' title='bbox 2412 3915 2480 3985; x_wconf 81' lang='grc' dir='ltr'><strong>ἣν</strong></span> <span class='ocrx_word' id='word_1_625' title='bbox 2509 3914 2615 3966; x_wconf 85' lang='grc' dir='ltr'>ἀπὸ</span> <span class='ocrx_word' id='word_1_626' title='bbox 2641 3913 2742 3981; x_wconf 83' lang='grc' dir='ltr'>τῆς</span> <span class='ocrx_word' id='word_1_627' title='bbox 2768 3914 3029 3982; x_wconf 83' lang='grc' dir='ltr'>δευτέρας</span> <span class='ocrx_word' id='word_1_628' title='bbox 3060 3911 3370 3980; x_wconf 67' lang='grc' dir='ltr'>ἐξέπεμψεν</span> <span class='ocrx_word' id='word_1_629' title='bbox 3396 3911 3638 3983; x_wconf 71' lang='grc' dir='ltr'>ἐξορίαε,</span> <span class='ocrx_word' id='word_1_630' title='bbox 3673 3930 3780 3964; x_wconf 80' lang='grc' dir='ltr'>κα-</span> 
     </span>
    </p>
   </div>
   <div class='ocr_carea' id='block_1_92' title="bbox 2194 4002 3780 4075">
    <p class='ocr_par' dir='ltr' id='par_1_92' title="bbox 2194 4002 3780 4075">
     <span class='ocr_line' id='line_1_92' title="bbox 2194 4002 3780 4075; baseline -0.003 -16"><span class='ocrx_word' id='word_1_631' title='bbox 2194 4006 2464 4059; x_wconf 79' lang='grc' dir='ltr'>θάπτεται</span> <span class='ocrx_word' id='word_1_632' title='bbox 2513 4003 2613 4075; x_wconf 83' lang='grc' dir='ltr'><strong>μὲν</strong></span> <span class='ocrx_word' id='word_1_633' title='bbox 2653 4002 2746 4056; x_wconf 84' lang='grc' dir='ltr'><strong>τοῦ</strong></span> <span class='ocrx_word' id='word_1_634' title='bbox 2789 4003 3106 4073; x_wconf 79' lang='grc' dir='ltr'>Ἀρσακίου,</span> <span class='ocrx_word' id='word_1_635' title='bbox 3137 4003 3302 4072; x_wconf 77' lang='grc' dir='ltr'>λῆρον</span> <span class='ocrx_word' id='word_1_636' title='bbox 3343 4002 3508 4055; x_wconf 80' lang='grc' dir='ltr'>αὑτὸν</span> <span class='ocrx_word' id='word_1_637' title='bbox 3535 4003 3631 4054; x_wconf 82' lang='grc' dir='ltr'><strong>καὶ</strong></span> <span class='ocrx_word' id='word_1_638' title='bbox 3663 4020 3780 4072; x_wconf 82' lang='grc' dir='ltr'>μοιο</span> 
     </span>
    </p>
   </div>
   <div class='ocr_carea' id='block_1_93' title="bbox 2194 4093 3780 4170">
    <p class='ocr_par' dir='ltr' id='par_1_93' title="bbox 2194 4093 3780 4170">
     <span class='ocr_line' id='line_1_93' title="bbox 2194 4093 3780 4170; baseline -0.003 -21"><span class='ocrx_word' id='word_1_639' title='bbox 2194 4099 2288 4170; x_wconf 86' lang='grc' dir='ltr'>χὸν</span> <span class='ocrx_word' id='word_1_640' title='bbox 2323 4098 2543 4162; x_wconf 82' lang='grc' dir='ltr'>καλῶν,</span> <span class='ocrx_word' id='word_1_641' title='bbox 2592 4099 2808 4150; x_wconf 78' lang='grc' dir='ltr'>ἐπαινεῖ</span> <span class='ocrx_word' id='word_1_642' title='bbox 2855 4097 2911 4150; x_wconf 80' lang='grc' dir='ltr'>δὲ</span> <span class='ocrx_word' id='word_1_643' title='bbox 2958 4096 3085 4157; x_wconf 80' lang='grc' dir='ltr'>τοὺς</span> <span class='ocrx_word' id='word_1_644' title='bbox 3128 4093 3647 4164; x_wconf 74' lang='grc' dir='ltr'>ἀποστρεφομένους</span> <span class='ocrx_word' id='word_1_645' title='bbox 3692 4095 3780 4163; x_wconf 77' lang='grc' dir='ltr'>τὴν</span> 
     </span>
    </p>
   </div>
   <div class='ocr_carea' id='block_1_94' title="bbox 2196 4186 3780 4256">
    <p class='ocr_par' dir='ltr' id='par_1_94' title="bbox 2196 4186 3780 4256">
     <span class='ocr_line' id='line_1_94' title="bbox 2196 4186 3780 4256; baseline -0.005 -11"><span class='ocrx_word' id='word_1_646' title='bbox 2196 4192 2363 4246; x_wconf 78' lang='grc' dir='ltr'>αὑτοῦ</span> <span class='ocrx_word' id='word_1_647' title='bbox 2415 4191 2736 4256; x_wconf 83' lang='grc' dir='ltr'>κοινωνίαν,</span> <span class='ocrx_word' id='word_1_648' title='bbox 2764 4189 2841 4253; x_wconf 83' lang='grc' dir='ltr'>ὡς</span> <span class='ocrx_word' id='word_1_649' title='bbox 2891 4189 2980 4241; x_wconf 80' lang='grc' dir='ltr'>διὰ</span> <span class='ocrx_word' id='word_1_650' title='bbox 3025 4187 3298 4240; x_wconf 54' lang='grc' dir='ltr'>Θεὺννκαὶ</span> <span class='ocrx_word' id='word_1_651' title='bbox 3345 4187 3406 4239; x_wconf 87' lang='grc' dir='ltr'>τὸ</span> <span class='ocrx_word' id='word_1_652' title='bbox 3439 4189 3519 4248; x_wconf 85' lang='grc' dir='ltr'>εἰς</span> <span class='ocrx_word' id='word_1_653' title='bbox 3557 4186 3652 4238; x_wconf 73' lang='grc' dir='ltr'>τὸν</span> <span class='ocrx_word' id='word_1_654' title='bbox 3690 4190 3780 4256; x_wconf 82' lang='grc' dir='ltr'>ἁρ-</span> 
     </span>
    </p>
   </div>
   <div class='ocr_carea' id='block_1_95' title="bbox 2197 4272 3779 4357">
    <p class='ocr_par' dir='ltr' id='par_1_95' title="bbox 2197 4272 3779 4357">
     <span class='ocr_line' id='line_1_95' title="bbox 2197 4272 3779 4357; baseline -0.003 -21"><span class='ocrx_word' id='word_1_655' title='bbox 2197 4302 2280 4357; x_wconf 83' lang='grc' dir='ltr'>χιε</span> <span class='ocrx_word' id='word_1_656' title='bbox 2290 4285 2385 4354; x_wconf 84' lang='grc' dir='ltr'><strong>ρέα</strong></span> <span class='ocrx_word' id='word_1_657' title='bbox 2411 4282 2592 4335; x_wconf 84' lang='grc' dir='ltr'>αὐτῶν</span> <span class='ocrx_word' id='word_1_658' title='bbox 2617 4273 2858 4352; x_wconf 81' lang='grc' dir='ltr'>ἀδίκημα</span> <span class='ocrx_word' id='word_1_659' title='bbox 2884 4281 2982 4351; x_wconf 85' lang='grc' dir='ltr'><strong>τὴν</strong></span> <span class='ocrx_word' id='word_1_660' title='bbox 3011 4272 3364 4349; x_wconf 79' lang='grc' dir='ltr'>ἀποστροφὴν</span> <span class='ocrx_word' id='word_1_661' title='bbox 3396 4278 3583 4331; x_wconf 79' lang='grc' dir='ltr'>αὐτῶν</span> <span class='ocrx_word' id='word_1_662' title='bbox 3605 4297 3779 4332; x_wconf 78' lang='grc' dir='ltr'>ποιον-</span> 
     </span>
    </p>
   </div>
   <div class='ocr_carea' id='block_1_96' title="bbox 2202 4369 3782 4450">
    <p class='ocr_par' dir='ltr' id='par_1_96' title="bbox 2202 4369 3782 4450">
     <span class='ocr_line' id='line_1_96' title="bbox 2202 4369 3782 4450; baseline -0.004 -20"><span class='ocrx_word' id='word_1_663' title='bbox 2202 4379 2420 4446; x_wconf 78' lang='grc' dir='ltr'>μὲνους.</span> <span class='ocrx_word' id='word_1_664' title='bbox 2463 4377 2591 4450; x_wconf 77' lang='grc'><strong>[857</strong></span> <span class='ocrx_word' id='word_1_665' title='bbox 2625 4369 2948 4448; x_wconf 65' lang='grc' dir='ltr'>Η.]’Καίτοι</span> <span class='ocrx_word' id='word_1_666' title='bbox 2981 4392 3045 4444; x_wconf 86' lang='grc' dir='ltr'><strong>γε</strong></span> <span class='ocrx_word' id='word_1_667' title='bbox 3075 4376 3132 4427; x_wconf 80' lang='grc' dir='ltr'>ὲν</span> <span class='ocrx_word' id='word_1_668' title='bbox 3160 4373 3343 4434; x_wconf 83' lang='grc' dir='ltr'>ἄλλοις</span> <span class='ocrx_word' id='word_1_669' title='bbox 3374 4373 3632 4440; x_wconf 82' lang='grc' dir='ltr'>φαίνεται</span> <span class='ocrx_word' id='word_1_670' title='bbox 3685 4390 3782 4424; x_wconf 82' lang='grc' dir='ltr'>πα-</span> 
     </span>
    </p>
   </div>
   <div class='ocr_carea' id='block_1_97' title="bbox 2195 4462 3782 4541">
    <p class='ocr_par' dir='ltr' id='par_1_97' title="bbox 2195 4462 3782 4541">
     <span class='ocr_line' id='line_1_97' title="bbox 2195 4462 3782 4541; baseline -0.005 -19"><span class='ocrx_word' id='word_1_671' title='bbox 2195 4470 2394 4541; x_wconf 83' lang='grc' dir='ltr'>ραινῶν</span> <span class='ocrx_word' id='word_1_672' title='bbox 2422 4471 2494 4540; x_wconf 82' lang='grc' dir='ltr'>μὴ</span> <span class='ocrx_word' id='word_1_673' title='bbox 2511 4468 2842 4538; x_wconf 82' lang='grc' dir='ltr'>ἀφίστασθαι</span> <span class='ocrx_word' id='word_1_674' title='bbox 2868 4467 2976 4520; x_wconf 77' lang='grc' dir='ltr'><strong>ἀπὸ</strong></span> <span class='ocrx_word' id='word_1_675' title='bbox 2997 4466 3096 4536; x_wconf 81' lang='grc' dir='ltr'><strong>τῆς</strong></span> <span class='ocrx_word' id='word_1_676' title='bbox 3129 4463 3490 4534; x_wconf 77' lang='grc' dir='ltr'>Ἐκκλησίας.</span> <span class='ocrx_word' id='word_1_677' title='bbox 3525 4464 3620 4526; x_wconf 74' lang='grc' dir='ltr'><strong>Εἰς</strong></span> <span class='ocrx_word' id='word_1_678' title='bbox 3636 4462 3782 4514; x_wconf 80' lang='grc' dir='ltr'>τοῦτο</span> 
     </span>
    </p>
   </div>
   <div class='ocr_carea' id='block_1_98' title="bbox 2161 4557 3783 4633">
    <p class='ocr_par' dir='ltr' id='par_1_98' title="bbox 2161 4557 3783 4633">
     <span class='ocr_line' id='line_1_98' title="bbox 2161 4557 3783 4633; baseline -0.004 -18"><span class='ocrx_word' id='word_1_679' title='bbox 2161 4611 2164 4616; x_wconf 85' lang='grc'><strong>.</strong></span> <span class='ocrx_word' id='word_1_680' title='bbox 2191 4562 2249 4616; x_wconf 76' lang='grc' dir='ltr'>δὲ</span> <span class='ocrx_word' id='word_1_681' title='bbox 2274 4561 2500 4632; x_wconf 79' lang='grc' dir='ltr'>ὕστερον</span> <span class='ocrx_word' id='word_1_682' title='bbox 2528 4562 2625 4633; x_wconf 85' lang='grc' dir='ltr'><strong>(ὡς</strong></span> <span class='ocrx_word' id='word_1_683' title='bbox 2670 4559 2840 4630; x_wconf 76' lang='grc' dir='ltr'>ἔοικε)</span> <span class='ocrx_word' id='word_1_684' title='bbox 2877 4560 3134 4630; x_wconf 81' lang='grc' dir='ltr'>μετέστη,</span> <span class='ocrx_word' id='word_1_685' title='bbox 3170 4559 3358 4629; x_wconf 79' lang='grc' dir='ltr'>ἐπειδὴ</span> <span class='ocrx_word' id='word_1_686' title='bbox 3393 4560 3487 4610; x_wconf 68' lang='grc' dir='ltr'><strong>καὶ</strong></span> <span class='ocrx_word' id='word_1_687' title='bbox 3517 4561 3568 4610; x_wconf 82' lang='grc' dir='ltr'>οἱ</span> <span class='ocrx_word' id='word_1_688' title='bbox 3598 4557 3783 4610; x_wconf 77' lang='grc' dir='ltr'>τοῦτον</span> 
     </span>
    </p>
   </div>
   <div class='ocr_carea' id='block_1_99' title="bbox 2195 4648 3784 4722">
    <p class='ocr_par' dir='ltr' id='par_1_99' title="bbox 2195 4648 3784 4722">
     <span class='ocr_line' id='line_1_99' title="bbox 2195 4648 3784 4722; baseline -0.006 -13"><span class='ocrx_word' id='word_1_689' title='bbox 2195 4655 2397 4718; x_wconf 85' lang='grc' dir='ltr'>ἀδίκως</span> <span class='ocrx_word' id='word_1_690' title='bbox 2426 4654 2749 4716; x_wconf 77' lang='grc' dir='ltr'>ἐκϐαλόντες</span> <span class='ocrx_word' id='word_1_691' title='bbox 2778 4654 2824 4716; x_wconf 59' lang='grc' dir='ltr'>σε</span> <span class='ocrx_word' id='word_1_692' title='bbox 2871 4648 2971 4722; x_wconf 75' lang='grc' dir='ltr'>οὐχ</span> <span class='ocrx_word' id='word_1_693' title='bbox 3013 4648 3095 4715; x_wconf 79' lang='grc' dir='ltr'>οἷς</span> <span class='ocrx_word' id='word_1_694' title='bbox 3127 4651 3374 4722; x_wconf 78' lang='grc' dir='ltr'>ἔπραξαν</span> <span class='ocrx_word' id='word_1_695' title='bbox 3421 4652 3492 4715; x_wconf 66' lang='grc'><strong>⁸³,</strong></span> <span class='ocrx_word' id='word_1_696' title='bbox 3528 4652 3668 4704; x_wconf 68' lang='grc' dir='ltr'>ἀλλὰ.</span> <span class='ocrx_word' id='word_1_697' title='bbox 3699 4648 3784 4703; x_wconf 75' lang='grc' dir='ltr'><strong>καὶ</strong></span> 
     </span>
    </p>
   </div>
   <div class='ocr_carea' id='block_1_100' title="bbox 2192 4743 3783 4817">
    <p class='ocr_par' dir='ltr' id='par_1_100' title="bbox 2192 4743 3783 4817">
     <span class='ocr_line' id='line_1_100' title="bbox 2192 4743 3783 4817; baseline -0.003 -18"><span class='ocrx_word' id='word_1_698' title='bbox 2192 4748 2540 4817; x_wconf 77' lang='grc' dir='ltr'>καταδρομὰς</span> <span class='ocrx_word' id='word_1_699' title='bbox 2568 4747 2661 4800; x_wconf 79' lang='grc' dir='ltr'>καὶ</span> <span class='ocrx_word' id='word_1_700' title='bbox 2711 4744 3006 4807; x_wconf 76' lang='grc' dir='ltr'>ἐπιϐουλὰς</span> <span class='ocrx_word' id='word_1_701' title='bbox 3039 4743 3180 4796; x_wconf 83' lang='grc' dir='ltr'><strong>κατὰ</strong></span> <span class='ocrx_word' id='word_1_702' title='bbox 3198 4745 3309 4796; x_wconf 84' lang='grc' dir='ltr'><strong>τῶν</strong></span> <span class='ocrx_word' id='word_1_703' title='bbox 3348 4744 3500 4813; x_wconf 77' lang='grc' dir='ltr'>αὐτῷ</span> <span class='ocrx_word' id='word_1_704' title='bbox 3537 4745 3585 4775; x_wconf 71' lang='grc'><strong>⁸⁸</strong></span> <span class='ocrx_word' id='word_1_705' title='bbox 3620 4760 3783 4814; x_wconf 74' lang='grc' dir='ltr'>προτ-</span> 
     </span>
    </p>
   </div>
   <div class='ocr_carea' id='block_1_101' title="bbox 2190 4822 3583 4911">
    <p class='ocr_par' dir='ltr' id='par_1_101' title="bbox 2190 4822 3583 4911">
     <span class='ocr_line' id='line_1_101' title="bbox 2190 4822 3583 4911; baseline -0.002 -17"><span class='ocrx_word' id='word_1_706' title='bbox 2190 4843 2569 4910; x_wconf 84' lang='grc' dir='ltr'>ἀνακειμένων</span> <span class='ocrx_word' id='word_1_707' title='bbox 2592 4838 2686 4893; x_wconf 72' lang='grc' dir='ltr'>καὶ</span> <span class='ocrx_word' id='word_1_708' title='bbox 2717 4822 3021 4911; x_wconf 77' lang='grc' dir='ltr'>ὑπερορίας</span> <span class='ocrx_word' id='word_1_709' title='bbox 3055 4836 3583 4908; x_wconf 76' lang='grc' dir='ltr'>ὲπα).αμήσαντο·⁶⁸.</span> 
     </span>
    </p>
   </div>
   <div class='ocr_carea' id='block_1_102' title="bbox 1768 5079 2456 5140">
    <p class='ocr_par' dir='ltr' id='par_1_102' title="bbox 1768 5079 2456 5140">
     <span class='ocr_line' id='line_1_102' title="bbox 1768 5079 2456 5140; baseline 0.006 -4"><span class='ocrx_word' id='word_1_710' title='bbox 1768 5079 2006 5136; x_wconf 67' lang='lat' dir='ltr'><strong>VARIAE</strong></span> <span class='ocrx_word' id='word_1_711' title='bbox 2044 5080 2456 5140; x_wconf 78' lang='lat' dir='ltr'><strong>LECTIUNES.</strong></span> 
     </span>
    </p>
   </div>
   <div class='ocr_carea' id='block_1_103' title="bbox 613 5198 2111 5266">
    <p class='ocr_par' dir='ltr' id='par_1_103' title="bbox 613 5198 2111 5266">
     <span class='ocr_line' id='line_1_103' title="bbox 613 5198 2111 5266; baseline -0.002 -11"><span class='ocrx_word' id='word_1_712' title='bbox 613 5204 663 5236; x_wconf 74' lang='grc' dir='ltr'>’θ</span> <span class='ocrx_word' id='word_1_713' title='bbox 693 5205 774 5266; x_wconf 74' lang='grc' dir='ltr'><strong>εἰς</strong></span> <span class='ocrx_word' id='word_1_714' title='bbox 825 5211 951 5258; x_wconf 87' lang='lat' dir='ltr'><strong>ante</strong></span> <span class='ocrx_word' id='word_1_715' title='bbox 977 5202 1070 5254; x_wconf 82' lang='grc' dir='ltr'><strong>τὸν</strong></span> <span class='ocrx_word' id='word_1_716' title='bbox 1119 5201 1210 5254; x_wconf 85' lang='grc' dir='ltr'><strong>πλ.</strong></span> <span class='ocrx_word' id='word_1_717' title='bbox 1240 5199 1402 5256; x_wconf 88' lang='lat' dir='ltr'><strong>omisi</strong></span> <span class='ocrx_word' id='word_1_718' title='bbox 1433 5214 1558 5253; x_wconf 88' lang='lat' dir='ltr'><strong>eum</strong></span> <span class='ocrx_word' id='word_1_719' title='bbox 1590 5198 1652 5252; x_wconf 85' lang='grc' dir='ltr'>Β.</span> <span class='ocrx_word' id='word_1_720' title='bbox 1751 5201 1796 5232; x_wconf 76' lang='grc' dir='ltr'><strong>⁸ο</strong></span> <span class='ocrx_word' id='word_1_721' title='bbox 1823 5201 1851 5254; x_wconf 87' lang='grc' dir='ltr'>ὁ</span> <span class='ocrx_word' id='word_1_722' title='bbox 1889 5199 2015 5252; x_wconf 86' lang='lat' dir='ltr'><strong>add.</strong></span> <span class='ocrx_word' id='word_1_723' title='bbox 2048 5199 2111 5253; x_wconf 84' lang='lat' dir='ltr'><strong>A.</strong></span> 
     </span>
    </p>
   </div>
   <div class='ocr_carea' id='block_1_104' title="bbox 509 5269 1950 5344">
    <p class='ocr_par' dir='ltr' id='par_1_104' title="bbox 509 5269 1950 5344">
     <span class='ocr_line' id='line_1_104' title="bbox 509 5269 1950 5344; baseline -0.005 -15"><span class='ocrx_word' id='word_1_724' title='bbox 509 5285 610 5329; x_wconf 86' lang='lat' dir='ltr'><strong>ter.</strong></span> <span class='ocrx_word' id='word_1_725' title='bbox 647 5275 773 5328; x_wconf 81' lang='grc' dir='ltr'><strong>κᾶν.</strong></span> <span class='ocrx_word' id='word_1_726' title='bbox 848 5273 894 5305; x_wconf 80' lang='grc'><strong>⁸³</strong></span> <span class='ocrx_word' id='word_1_727' title='bbox 927 5271 1253 5344; x_wconf 72' lang='grc' dir='ltr'>μεταϐάλλει</span> <span class='ocrx_word' id='word_1_728' title='bbox 1278 5290 1341 5336; x_wconf 79' lang='grc' dir='ltr'><strong>ς.</strong></span> <span class='ocrx_word' id='word_1_729' title='bbox 1379 5342 1386 5344; x_wconf 93' lang='lat'>_</span> <span class='ocrx_word' id='word_1_730' title='bbox 1415 5271 1464 5303; x_wconf 74' lang='lat'><strong>“</strong></span> <span class='ocrx_word' id='word_1_731' title='bbox 1480 5269 1714 5344; x_wconf 66' lang='grc' dir='ltr'>χνώμην</span> <span class='ocrx_word' id='word_1_732' title='bbox 1742 5285 1853 5344; x_wconf 75' lang='lat' dir='ltr'><strong>oni.</strong></span> 
     </span>
    </p>
   </div>
   <div class='ocr_carea' id='block_1_105' title="bbox 507 5340 1644 5412">
    <p class='ocr_par' dir='ltr' id='par_1_105' title="bbox 507 5340 1644 5412">
     <span class='ocr_line' id='line_1_105' title="bbox 507 5340 1644 5412; baseline -0.003 -14"><span class='ocrx_word' id='word_1_733' title='bbox 507 5346 556 5379; x_wconf 78' lang='grc'><strong>⁵⁸</strong></span> <span class='ocrx_word' id='word_1_734' title='bbox 590 5348 670 5406; x_wconf 78' lang='grc' dir='ltr'>εἰς</span> <span class='ocrx_word' id='word_1_735' title='bbox 694 5346 754 5398; x_wconf 85' lang='grc' dir='ltr'><strong>τὸ</strong></span> <span class='ocrx_word' id='word_1_736' title='bbox 778 5345 904 5399; x_wconf 88' lang='lat' dir='ltr'><strong>add.</strong></span> <span class='ocrx_word' id='word_1_737' title='bbox 928 5340 1004 5397; x_wconf 70' lang='grc' dir='ltr'>Ἀ.</span> <span class='ocrx_word' id='word_1_738' title='bbox 1104 5343 1150 5375; x_wconf 70' lang='grc'><strong>⁸⁸</strong></span> <span class='ocrx_word' id='word_1_739' title='bbox 1181 5340 1541 5412; x_wconf 73' lang='grc' dir='ltr'>ἐπαυσάμεθα</span> <span class='ocrx_word' id='word_1_740' title='bbox 1584 5359 1644 5405; x_wconf 82' lang='grc' dir='ltr'>ς’.</span> 
     </span>
    </p>
   </div>
   <div class='ocr_carea' id='block_1_106' title="bbox 513 5413 1639 5486">
    <p class='ocr_par' dir='ltr' id='par_1_106' title="bbox 513 5413 1639 5486">
     <span class='ocr_line' id='line_1_106' title="bbox 513 5413 1639 5486; baseline -0.007 -14"><span class='ocrx_word' id='word_1_741' title='bbox 513 5415 560 5448; x_wconf 65' lang='grc'><strong>⁸⁸</strong></span> <span class='ocrx_word' id='word_1_742' title='bbox 584 5415 733 5486; x_wconf 83' lang='grc' dir='ltr'>αὐτῷ</span> <span class='ocrx_word' id='word_1_743' title='bbox 766 5433 906 5471; x_wconf 88' lang='lat' dir='ltr'><strong>corr.</strong></span> <span class='ocrx_word' id='word_1_744' title='bbox 943 5415 1009 5471; x_wconf 82' lang='lat' dir='ltr'><strong>A.</strong></span> <span class='ocrx_word' id='word_1_745' title='bbox 1041 5413 1223 5467; x_wconf 82' lang='grc' dir='ltr'>αὐτῶν</span> <span class='ocrx_word' id='word_1_746' title='bbox 1252 5429 1337 5483; x_wconf 90' lang='lat' dir='ltr'><strong>pr.</strong></span> <span class='ocrx_word' id='word_1_747' title='bbox 1367 5414 1549 5476; x_wconf 81' lang='grc' dir='ltr'>αὐτοῖς</span> <span class='ocrx_word' id='word_1_748' title='bbox 1577 5429 1639 5474; x_wconf 79' lang='grc' dir='ltr'><strong>ς.</strong></span> 
     </span>
    </p>
   </div>
   <div class='ocr_carea' id='block_1_107' title="bbox 2027 5271 3176 5342">
    <p class='ocr_par' dir='ltr' id='par_1_107' title="bbox 2027 5271 3176 5342">
     <span class='ocr_line' id='line_1_107' title="bbox 2027 5271 3176 5342; baseline 0.005 -20"><span class='ocrx_word' id='word_1_749' title='bbox 2027 5271 2072 5301; x_wconf 82' lang='grc'>⁸⁸</span> <span class='ocrx_word' id='word_1_750' title='bbox 2100 5271 2190 5334; x_wconf 67' lang='lat' dir='ltr'><strong>EE;</strong></span> <span class='ocrx_word' id='word_1_751' title='bbox 2215 5275 2277 5342; x_wconf 65' lang='grc' dir='ltr'>τὸ</span> <span class='ocrx_word' id='word_1_752' title='bbox 2305 5274 2522 5342; x_wconf 70' lang='grc' dir='ltr'>πέμψον</span> <span class='ocrx_word' id='word_1_753' title='bbox 2549 5291 2609 5337; x_wconf 84' lang='grc' dir='ltr'><strong>ς.</strong></span> <span class='ocrx_word' id='word_1_754' title='bbox 2669 5275 2716 5306; x_wconf 75' lang='grc'><strong>⁸⁸</strong></span> <span class='ocrx_word' id='word_1_755' title='bbox 2750 5276 2844 5326; x_wconf 74' lang='grc' dir='ltr'><strong>καὶ</strong></span> <span class='ocrx_word' id='word_1_756' title='bbox 2865 5275 2940 5331; x_wconf 71' lang='grc' dir='ltr'><strong>τὰ,</strong></span> <span class='ocrx_word' id='word_1_757' title='bbox 2961 5274 3088 5342; x_wconf 76' lang='grc' dir='ltr'><strong>ἑξῆς</strong></span> <span class='ocrx_word' id='word_1_758' title='bbox 3115 5292 3176 5339; x_wconf 85' lang='grc' dir='ltr'><strong>ς.</strong></span> 
     </span>
    </p>
   </div>
   <div class='ocr_carea' id='block_1_108' title="bbox 1749 5336 2361 5409">
    <p class='ocr_par' dir='ltr' id='par_1_108' title="bbox 1749 5336 2361 5409">
     <span class='ocr_line' id='line_1_108' title="bbox 1749 5336 2361 5409; baseline 0.013 -19"><span class='ocrx_word' id='word_1_759' title='bbox 1749 5342 1794 5371; x_wconf 72' lang='grc'><strong>⁶⁰</strong></span> <span class='ocrx_word' id='word_1_760' title='bbox 1824 5340 2006 5409; x_wconf 79' lang='grc' dir='ltr'>ἐκέρδ.</span> <span class='ocrx_word' id='word_1_761' title='bbox 2070 5342 2154 5409; x_wconf 69' lang='grc' dir='ltr'><strong>ἐφ’</strong></span> <span class='ocrx_word' id='word_1_762' title='bbox 2193 5336 2273 5404; x_wconf 72' lang='grc' dir='ltr'>οἷς</span> <span class='ocrx_word' id='word_1_763' title='bbox 2303 5361 2361 5407; x_wconf 80' lang='grc' dir='ltr'><strong>ς.</strong></span> 
     </span>
    </p>
   </div>
   <div class='ocr_carea' id='block_1_109' title="bbox 1715 5408 2456 5482">
    <p class='ocr_par' dir='ltr' id='par_1_109' title="bbox 1715 5408 2456 5482">
     <span class='ocr_line' id='line_1_109' title="bbox 1715 5408 2456 5482; baseline 0.011 -20"><span class='ocrx_word' id='word_1_764' title='bbox 1715 5411 1760 5442; x_wconf 74' lang='grc'><strong>⁸⁸</strong></span> <span class='ocrx_word' id='word_1_765' title='bbox 1792 5408 2221 5482; x_wconf 78' lang='grc' dir='ltr'>ἐπαλαμήσαντο</span> <span class='ocrx_word' id='word_1_766' title='bbox 2247 5430 2358 5468; x_wconf 81' lang='lat' dir='ltr'><strong>oui.</strong></span> <span class='ocrx_word' id='word_1_767' title='bbox 2394 5415 2456 5470; x_wconf 79' lang='grc' dir='ltr'><strong>Β.</strong></span> 
     </span>
    </p>
   </div>
   <div class='ocr_carea' id='block_1_110' title="bbox 3223 5197 3780 5264">
    <p class='ocr_par' dir='ltr' id='par_1_110' title="bbox 3223 5197 3780 5264">
     <span class='ocr_line' id='line_1_110' title="bbox 3223 5197 3780 5264; baseline -0.009 -11"><span class='ocrx_word' id='word_1_768' title='bbox 3223 5202 3268 5234; x_wconf 74' lang='grc' dir='ltr'><strong>δ’</strong></span> <span class='ocrx_word' id='word_1_769' title='bbox 3299 5202 3474 5262; x_wconf 84' lang='grc' dir='ltr'>ποιεῖς</span> <span class='ocrx_word' id='word_1_770' title='bbox 3516 5217 3579 5262; x_wconf 76' lang='grc' dir='ltr'><strong>ς.</strong></span> <span class='ocrx_word' id='word_1_771' title='bbox 3635 5197 3780 5264; x_wconf 82' lang='lat' dir='ltr'><strong>idque</strong></span> 
     </span>
    </p>
   </div>
   <div class='ocr_carea' id='block_1_111' title="bbox 3286 5267 3775 5328">
    <p class='ocr_par' dir='ltr' id='par_1_111' title="bbox 3286 5267 3775 5328">
     <span class='ocr_line' id='line_1_111' title="bbox 3286 5267 3775 5328; baseline -0.014 -6"><span class='ocrx_word' id='word_1_772' title='bbox 3286 5273 3330 5304; x_wconf 78' lang='grc'><strong>⁵⁷</strong></span> <span class='ocrx_word' id='word_1_773' title='bbox 3363 5271 3416 5323; x_wconf 83' lang='grc' dir='ltr'><strong>τί</strong></span> <span class='ocrx_word' id='word_1_774' title='bbox 3439 5273 3481 5322; x_wconf 76' lang='grc' dir='ltr'>Α</span> <span class='ocrx_word' id='word_1_775' title='bbox 3513 5288 3526 5322; x_wconf 93' lang='lat'>:</span> <span class='ocrx_word' id='word_1_776' title='bbox 3556 5267 3710 5322; x_wconf 78' lang='grc' dir='ltr'>τοῦτο</span> <span class='ocrx_word' id='word_1_777' title='bbox 3725 5283 3775 5328; x_wconf 84' lang='grc' dir='ltr'><strong>ς.</strong></span> 
     </span>
    </p>
   </div>
   <div class='ocr_carea' id='block_1_112' title="bbox 3396 5338 3775 5403">
    <p class='ocr_par' dir='ltr' id='par_1_112' title="bbox 3396 5338 3775 5403">
     <span class='ocr_line' id='line_1_112' title="bbox 3396 5338 3775 5403; baseline -0.021 -10"><span class='ocrx_word' id='word_1_778' title='bbox 3396 5340 3440 5372; x_wconf 77' lang='grc'>⁸³</span> <span class='ocrx_word' id='word_1_779' title='bbox 3472 5338 3693 5403; x_wconf 79' lang='grc' dir='ltr'>ἓστεξαν</span> <span class='ocrx_word' id='word_1_780' title='bbox 3720 5338 3775 5388; x_wconf 83' lang='grc' dir='ltr'>Λ.</span> 
     </span>
    </p>
   </div>
   <div class='ocr_carea' id='block_1_113' title="bbox 2190 5201 3065 5271">
    <p class='ocr_par' dir='ltr' id='par_1_113' title="bbox 2190 5201 3065 5271">
     <span class='ocr_line' id='line_1_113' title="bbox 2190 5201 3065 5271; baseline 0.007 -20"><span class='ocrx_word' id='word_1_781' title='bbox 2190 5201 2231 5232; x_wconf 73' lang='grc'>⁸³</span> <span class='ocrx_word' id='word_1_782' title='bbox 2260 5201 2545 5271; x_wconf 80' lang='grc' dir='ltr'>ἀμήχανον</span> <span class='ocrx_word' id='word_1_783' title='bbox 2599 5205 2638 5256; x_wconf 79' lang='grc' dir='ltr'><strong>Α</strong></span> <span class='ocrx_word' id='word_1_784' title='bbox 2673 5222 2686 5256; x_wconf 93' lang='lat'>:</span> <span class='ocrx_word' id='word_1_785' title='bbox 2717 5203 2978 5256; x_wconf 83' lang='grc' dir='ltr'>ἀδύνατον</span> <span class='ocrx_word' id='word_1_786' title='bbox 3005 5221 3065 5266; x_wconf 79' lang='grc' dir='ltr'><strong>ς.</strong></span> 
     </span>
    </p>
   </div>
   <div class='ocr_carea' id='block_1_114' title="bbox 2459 5344 3262 5409">
    <p class='ocr_par' dir='ltr' id='par_1_114' title="bbox 2459 5344 3262 5409">
     <span class='ocr_line' id='line_1_114' title="bbox 2459 5344 3262 5409; baseline 0.001 -12"><span class='ocrx_word' id='word_1_787' title='bbox 2459 5344 2502 5374; x_wconf 71' lang='grc'><strong>⁸³</strong></span> <span class='ocrx_word' id='word_1_788' title='bbox 2532 5345 2635 5398; x_wconf 78' lang='grc' dir='ltr'>ὅτι.</span> <span class='ocrx_word' id='word_1_789' title='bbox 2737 5347 2781 5376; x_wconf 82' lang='grc'><strong>⁶²</strong></span> <span class='ocrx_word' id='word_1_790' title='bbox 2813 5344 3169 5409; x_wconf 72' lang='grc' dir='ltr'>ἐκϐάλλοντες</span> <span class='ocrx_word' id='word_1_791' title='bbox 3200 5362 3262 5408; x_wconf 74' lang='grc' dir='ltr'><strong>ς.</strong></span> 
     </span>
    </p>
   </div>
   <div class='ocr_carea' id='block_1_115' title="bbox 2041 5522 2272 5579">
    <p class='ocr_par' dir='ltr' id='par_1_115' title="bbox 2041 5522 2272 5579">
     <span class='ocr_line' id='line_1_115' title="bbox 2041 5522 2272 5579; baseline 0.009 -2"><span class='ocrx_word' id='word_1_792' title='bbox 2041 5522 2272 5579; x_wconf 71' lang='grc' dir='ltr'><strong>ΝΟΤᾸΞ.</strong></span> 
     </span>
    </p>
   </div>
   <div class='ocr_carea' id='block_1_116' title="bbox 593 5616 3773 5696">
    <p class='ocr_par' dir='ltr' id='par_1_116' title="bbox 593 5616 3773 5696">
     <span class='ocr_line' id='line_1_116' title="bbox 593 5616 3773 5696; baseline -0.001 -20"><span class='ocrx_word' id='word_1_793' title='bbox 593 5621 1013 5696; x_wconf 74' lang='lat' dir='ltr'><strong>(9.2)lntegram</strong></span> <span class='ocrx_word' id='word_1_794' title='bbox 1059 5622 1202 5679; x_wconf 86' lang='lat' dir='ltr'><strong>hanc</strong></span> <span class='ocrx_word' id='word_1_795' title='bbox 1239 5623 1306 5678; x_wconf 84' lang='lat' dir='ltr'><strong>de</strong></span> <span class='ocrx_word' id='word_1_796' title='bbox 1363 5630 1672 5678; x_wconf 77' lang='lat' dir='ltr'><strong>terrzemotu</strong></span> <span class='ocrx_word' id='word_1_797' title='bbox 1729 5617 2048 5674; x_wconf 84' lang='lat' dir='ltr'><strong>concionem</strong></span> <span class='ocrx_word' id='word_1_798' title='bbox 2109 5620 2383 5689; x_wconf 71' lang='lat' dir='ltr'><strong>cvulgavit</strong></span> <span class='ocrx_word' id='word_1_799' title='bbox 2442 5620 2502 5675; x_wconf 76' lang='grc' dir='ltr'><strong>Ι).</strong></span> <span class='ocrx_word' id='word_1_800' title='bbox 2535 5618 2736 5689; x_wconf 84' lang='lat' dir='ltr'><strong>Fronto</strong></span> <span class='ocrx_word' id='word_1_801' title='bbox 2766 5619 2995 5676; x_wconf 75' lang='lat' dir='ltr'><strong>Ducazus</strong></span> <span class='ocrx_word' id='word_1_802' title='bbox 3027 5617 3218 5675; x_wconf 90' lang='lat' dir='ltr'><strong>societ.</strong></span> <span class='ocrx_word' id='word_1_803' title='bbox 3253 5617 3406 5684; x_wconf 79' lang='lat' dir='ltr'><strong>Jesu,</strong></span> <span class='ocrx_word' id='word_1_804' title='bbox 3469 5616 3773 5689; x_wconf 49' lang='lat' dir='ltr'><strong>Burdigala;</strong></span> 
     </span>
    </p>
   </div>
   <div class='ocr_carea' id='block_1_117' title="bbox 517 5695 855 5752">
    <p class='ocr_par' dir='ltr' id='par_1_117' title="bbox 517 5695 855 5752">
     <span class='ocr_line' id='line_1_117' title="bbox 517 5695 855 5752; baseline -0.012 0"><span class='ocrx_word' id='word_1_805' title='bbox 517 5711 664 5752; x_wconf 87' lang='lat' dir='ltr'><strong>anno</strong></span> <span class='ocrx_word' id='word_1_806' title='bbox 702 5695 855 5749; x_wconf 70' lang='grc' dir='ltr'>ιῡυι.</span> 
     </span>
    </p>
   </div>
  </div>
