3922 6242
139 350 242 417 289
1169 353 1697 416 BIBLIOTHECA.
1738 375 1808 387 —
1839 351 2004 412 COD.
2045 349 2462 412 CCLXXVIII.

878 463 1050 517 zona
1174 504 1176 506 τ
1785 469 1836 530 Α

167 550 576 623 Θεοφράστοῧ
600 553 740 625 Περὶ
765 553 1398 624 τῶνμεταϐαλλόντων
1427 555 1532 620 τὰς
1559 555 1767 625 χρόας.

3337 345 3448 411 290

2472 457 2846 515 CCLXXVIII'.

1880 550 2226 620 Theophrasti
2274 549 2652 622 Fragmentum
2691 551 2754 604 de
2782 549 3121 616 animalibus,
3151 564 3267 620 qua:
3303 549 3448 602 colo-

2126 634 2128 638 '
2483 637 2592 674 rem
2621 631 2848 675 mutant.

1946 715 2076 786 Legi
2124 729 2189 782 ex
2243 711 2606 783 Theophrasti
2647 712 2791 767 li'hro
2855 713 2922 768 de
2953 711 3286 767 animalibus
3331 724 3453 780 qua:

1874 809 2111 863 colorem
2157 816 2370 862 mutant
2399 806 2534 876 (25).

1946 899 2156 966 Quibus
2169 915 2296 952 vero
2318 906 2566 954 mutatur
2583 898 2757 960 color,
2774 905 2821 951 et
2848 897 3242 967 plautis,locis,
3264 896 3456 966 lapidi-

1875 991 2000 1056 bus,
2055 991 2259 1066 quibus
2295 1005 2354 1043 se
2379 990 2676 1059 applicant,
2701 989 2898 1044 similis
2937 991 3200 1052 redditur,
3226 988 3456 1058 polypus

1875 1093 2022 1145 sunt,
2042 1083 2538 1146 etchamaeleon,et
2569 1079 2680 1136 fera
2715 1081 2988 1146 tarander,
3016 1096 3138 1150 qua:
3161 1084 3300 1149 apud
3323 1079 3455 1149 Scy-

1874 1177 1999 1232 thas
2022 1176 2104 1229 vel
2164 1175 2445 1229 Sarmatas
2472 1175 2623 1227 nasci
2651 1172 2844 1227 fertur.
2875 1172 3113 1227 Mutatur
3143 1173 3456 1242 igitur-cha-

1875 1269 2098 1324 madeon
2124 1269 2176 1322 in
2209 1285 2399 1323 omnes
2422 1268 2652 1332 colores,
2677 1277 3037 1337 praeterquam
3080 1267 3134 1320 in
3164 1267 3371 1328 album,
3405 1276 3459 1318 et

1873 1363 2122 1426 rubrum,
2139 1369 2192 1416 et
2211 1377 2316 1417 non
2337 1361 2515 1417 solum
2531 1361 2599 1416 ad
2621 1361 2899 1429 subjectos
2931 1360 3160 1420 colores,
3179 1359 3272 1413 sed
3294 1358 3456 1411 etiam

1873 1455 1993 1523 ipse
2016 1453 2068 1506 iu
2097 1469 2176 1518 se,
2203 1455 2248 1508 si
2273 1454 2397 1522 quis
2411 1453 2584 1508 solum
2609 1453 2788 1521 ipsum
2810 1452 3067 1524 tetigerit,
3086 1440 3279 1522 525b
3309 1449 3460 1505 colo-

1875 1560 1990 1599 rem
2023 1544 2516 1599 mutat.’l‘arander
2541 1543 2759 1613 quidem
2779 1543 3153 1613 magnitudine
3173 1541 3326 1596 bovis
3352 1550 3460 1607 est,

228 708 587 778 ’Λνεγνὼσθη
619 718 683 762 ὲκ
705 709 812 762 τῶν
848 709 1195 780 Θεοφράστου
1229 707 1358 759 πεοὶ
1403 704 1510 758 τῶν
1535 705 1581 735 ⁸⁸
1609 721 1775 775 μετα-

167 804 480 857 ϐαλλόντων
516 803 622 865 τὰς
657 802 850 873 χρόας.
1164 807 1166 810 ’

231 896 361 946 Ὅτι
384 895 488 956 τὰς
521 895 694 964 χρόας
732 892 1192 962 μεταϐαλλόμενοι
1218 891 1311 943 καὶ
1349 891 1768 962 ἐξομοιούμενοι

169 989 352 1056 φυτοῖς
385 986 488 1039 καὶ
529 987 719 1047 τόποις
745 986 838 1037 καὶ
867 984 1055 1049 λίθοις,
1082 979 1161 1046 οἷς
1185 982 1250 1036 ἂν
1275 983 1642 1053 πλησιάσωσι,
1679 1000 1774 1034 πο-

165 1079 372 1142 λύπους
411 1079 534 1130 ἐστὶ
570 1079 663 1130 καὶ
695 1076 1008 1146 χαμαιλέων
1039 1077 1134 1128 καὶ
1177 1075 1238 1126 τὸ
1277 1074 1466 1147 θηρίον
1510 1077 1538 1127 ὁ
1579 1075 1772 1145 τάραν-

165 1173 271 1234 δος.
296 1169 326 1222 ὃ
354 1173 419 1223 ὲν
447 1169 686 1231 Σκύθαις
728 1168 891 1238 φασὶν
926 1167 958 1236 ἢ
990 1167 1308 1236 Σαρμάταις
1339 1165 1609 1234 γίνεσθαι.
1655 1165 1771 1218 Με-

169 1263 436 1316 ταϐάλλει
472 1261 519 1313 δ’
559 1265 586 1314 ὀ
644 1259 959 1331 χαμαιλέων
1014 1261 1096 1321 εἰς
1147 1259 1324 1319 πάντα
1357 1257 1427 1310 τὰ
1478 1257 1767 1328 χρώματα,

171 1358 308 1428 πλὴν
344 1357 453 1427 τὴν
507 1356 588 1417 εἰς
623 1355 684 1406 τὸ
713 1353 904 1405 λευκὸν
949 1352 1044 1403 καὶ
1089 1351 1150 1403 τὸ
1175 1350 1422 1422 ’ἐρυθρὸν
1462 1350 1771 1418 οῦδέχεται

165 1452 514 1525 μεταϐολήνο
549 1451 643 1502 καὶ
672 1451 733 1502 οὐ
766 1448 898 1520 πρὸς
935 1448 1004 1500 τὰ
1035 1446 1416 1518 παρακείμενα
1439 1445 1600 1515 μόνον
1628 1443 1772 1514 χρώ·

175 1564 322 1617 ματα
372 1543 735 1614 μεταϐάλλει,
769 1541 903 1593 ἀλλὰ
952 1541 1049 1592 καὶ
1078 1540 1240 1601 αὐτὸς
1272 1537 1394 1591 καθ’
1431 1537 1646 1598 ἑαυτὸν,
1677 1537 1772 1590 ἐάν

163 1659 251 1703 τις
283 1641 459 1708 μόνον
497 1637 706 1706 ἅψηται
758 1633 921 1686 αὑτοῦ
942 1674 959 1700 ,
987 1633 1051 1685 τὸ
1079 1632 1277 1706 χρῶμα
1319 1631 1668 1702 μεταϐάλλει.
1713 1630 1771 1684 'U

1896 1636 2074 1691 similis
2095 1639 2266 1706 figura
2283 1649 2466 1697 cervo,
2486 1635 2590 1690 nisi
2613 1634 2756 1704 quod
2787 1635 2966 1698 latior,
2984 1644 3242 1702 tanquam
3270 1648 3302 1688 e
3320 1633 3461 1687 duo-

169 1733 225 1786 δὲ
261 1731 544 1802 ταρὰνδος
608 1729 668 1782 τὸ
717 1725 1098 1796 μὲνμέγεθός
1143 1725 1259 1776 ἐστι
1305 1723 1447 1776 κατὰ
1508 1723 1665 1794 βοῦν,
1709 1722 1770 1774 τὸ

1896 1744 1995 1781 ἰιηι
2023 1741 2311 1781 cervorum
2351 1726 2539 1794 figuris
2565 1726 2929 1796 compositus;
2962 1725 3122 1780 biﬁda
3162 1734 3245 1780 est
3269 1725 3320 1780 ei
3356 1741 3459 1781 un-

175 1827 482 1896 πρόσωπον
503 1819 566 1875 ’δὲ
590 1822 773 1891 ὅμοιος
804 1819 1006 1889 ἐλάφῳ,
1029 1817 1166 1888 πλὴν
1197 1817 1553 1886 πλατύτερος,
1574 1817 1778 1869 ὡσανεὶ

1896 1821 2030 1890 gula,
2058 1827 2339 1874 et‘cornu.
2377 1817 2553 1873 Habet
2586 1834 2712 1873 vero
2741 1819 2842 1873 hoc
2875 1832 3057 1872 ramos
3085 1827 3144 1870 ut
3173 1831 3460 1872 cervorum

175 1919 240 1971 ὲκ
269 1915 369 1970 δύο
401 1913 769 1982 συγκείμενος
800 1911 1066 1981 ὲλαφείων
1105 1909 1440 1981 προσώπων.
1475 1909 1705 1979 Δίχηλον
1736 1909 1780 1940 ⁸⁷

175 2009 232 2061 δέ
254 2010 376 2060 ἐστι
411 2007 511 2060 καὶ
533 2005 894 2076 κερασψόρον.
929 2005 1082 2073 Ἔχει
1113 2002 1168 2055 δὲ
1200 2003 1261 2054 τὸ
1311 2002 1480 2071 κέρας
1526 2000 1779 2069 ἁποιρυά-

179 2101 277 2161 δας
314 2099 514 2168 ὥσπερ
540 2098 601 2149 τὸ
631 2097 854 2164 ἐλάττου,
887 2095 984 2148 καὶ
1013 2094 1281 2164 τριχωτόν
1312 2095 1358 2125 ⁸⁸
1387 2095 1503 2146 ἐστι
1533 2094 1600 2145 δι’
1635 2095 1779 2147 ὅλου·

192 2192 328 2262 περὶ
384 2191 491 2259 γὰρ
551 2189 611 2240 τὸ
651 2188 847 2240 ὀστοῦν
907 2187 1176 2258 δέρματός
1226 2187 1342 2239 ἐστι
1396 2187 1681 2258 περίτασις
1712 2187 1778 2251 ⁸ο,

191 2284 317 2337 ὅθεν
352 2283 660 2350 ἠέκιρυσις.
698 2281 771 2333 Τὸ
823 2281 880 2333 δὲ
917 2281 1093 2350 δέρμα
1123 2279 1200 2350 τῷ
1247 2279 1411 2350 πάχει
1438 2279 1782 2332 δακτυλιαίὀν

189 2373 364 2437 ἐστιν,
421 2373 645 2442 ἰσχυρὸν
684 2371 741 2424 δὲ
798 2371 1026 2441 σφόδρα·
1078 2371 1158 2423 διὸ
1215 2370 1309 2422 καὶ
1363 2373 1488 2432 τοὺς
1527 2370 1784 2441 θώρακας

185 2465 556 2532 ὲξαυάζοντες
587 2466 723 2518 αὐτὸ
753 2463 1033 2517 ποιοῦνται
1079 2463 1145 2516 το.
1185 2463 1419 2517 Σπάνιον
1454 2464 1510 2516 δὲ
1552 2464 1611 2516 τὸ
1645 2464 1784 2527 ζῶον

187 2561 284 2612 καὶ
298 2559 554 2626 ὀλιγάκις
576 2558 924 2626 φαινόμενον.
943 2557 1055 2608 Θαυ
1065 2573 1177 2626 μασ
1188 2556 1252 2626 τὴ
1276 2555 1321 2608 δ’
1341 2557 1372 2625 ἡ
1395 2554 1668 2624 μεταϐολὴ
1687 2557 1784 2608 καὶ

188 2648 365 2715 ἐγγὺς
399 2646 682 2708 ἀπιστίας.
717 2647 841 2709 Τοῖς
875 2645 975 2716 μὲν
1000 2647 1108 2715 γαρ
1140 2646 1319 2709 ἄλλοις
1349 2647 1406 2697 ὲν
1435 2644 1513 2714 τῷ
1553 2645 1786 2716 δέρματι

187 2741 410 2809 γίνεται
465 2741 500 2810 ἡ
548 2740 844 2810 μεταϐολὴ,
883 2739 1277 2810 ἀλλοιουμένης
1316 2739 1414 2809 τῆς
1439 2740 1589 2802 ἐντὸς
1624 2739 1785 2807 ὑγρό-

184 2849 378 2901 τητος,
418 2833 530 2884 εἴτε
570 2832 915 2902 αἱματώδους
947 2832 979 2902 ἢ
1012 2832 1104 2884 καί
1138 2849 1281 2894 τινος
1322 2831 1490 2900 ἄλλης
1532 2831 1788 2900 τοιαύτης

183 2924 388 2996 οὔσης,
447 2923 591 2977 ὥστε
644 2924 888 2994 φανερὰν
945 2919 1086 2976 εἶναι
1140 2923 1238 2992 τὴν
1272 2923 1699 2992 συμπάθειαν·ὴ
1732 2923 1787 2975 δὲ

187 3015 402 3088 τριχῶν
437 3015 735 3086 μεταϐολὴ,
771 3016 954 3086 ξηρῶν
993 3032 1050 3066 τε
1099 3014 1275 3066 οὺσῶν
1327 3014 1369 3043 ’⁷⁸
1416 3014 1511 3066 καὶ
1541 3014 1790 3083 ἀπηρτη-

190 3109 380 3178 μένων
429 3109 524 3162 καὶ
577 3107 774 3178 ἀθρόον
828 3107 890 3159 οὐ
931 3106 1252 3174 πεφυκυιῶν
1281 3104 1648 3169 ἀλλοιοῦσθαι,
1682 3123 1788 3158 πα-

191 3200 428 3271 ράδοξος
466 3199 685 3269 ἀληθῶς
714 3199 807 3252 καὶ
842 3198 1127 3263 ἀπίθανος,
1172 3197 1410 3266 μάλιστα
1451 3195 1590 3266 πρὸς
1622 3195 1792 3248 πολλὰ

1885 1927 2113 1978 cornua,
2141 1921 2194 1965 et
2222 1910 2450 1966 omnino
2481 1909 2716 1979 pilosum
2749 1917 2856 1963 est.
2883 1907 3023 1963 Ossa
3061 1909 3194 1978 tegit
3237 1917 3460 1963 extensa

1887 2003 2052 2069 cutis,
2090 2002 2231 2076 unde
2261 2001 2354 2071 pili
2379 2000 2858 2056 exsistunt.Pellis
2887 2001 3116 2071 digitum
3151 1998 3322 2055 densa
3353 2009 3460 2061 est,

1884 2094 2181 2149 admodum
2205 2095 2364 2161 dura,
2395 2093 2517 2148 ideo
2538 2101 2592 2147 et
2639 2109 2758 2148 eam
2794 2102 3064 2162 aptantes,
3089 2107 3188 2162 pro
3238 2093 3465 2148 thorace

1885 2187 2108 2242 militari
2134 2196 2395 2242 utuntur.
2426 2185 2573 2242 Raro
2623 2187 2726 2241 hoc
2785 2185 2991 2241 animal
3030 2186 3244 2240 videtur
3276 2204 3290 2239 :
3324 2187 3464 2240 mira

1885 2279 2006 2348 ejus
2031 2290 2115 2334 est
2136 2279 2393 2343 mutatio,
2442 2289 2496 2334 et
2531 2294 2669 2350 pene
2701 2279 3057 2334 incredibilis.
3089 2281 3206 2335 Alia
3241 2280 3464 2350 quidem

1885 2372 2139 2424 animalia
2169 2371 2221 2424 in
2251 2372 2391 2440 pelle
2422 2379 2727 2434 mutantur,
2757 2381 2964 2425 mutato
2990 2371 3204 2426 interno
3237 2374 3468 2427 humore

1887 2464 1970 2518 vel
1996 2464 2320 2534 sanguineo,
2353 2464 2434 2516 vel
2470 2464 2600 2528 alio,
2629 2473 2686 2518 ut
2715 2463 3004 2520 manifesta
3034 2465 3108 2520 sit
3133 2465 3464 2535 sympathia,

1889 2554 1996 2609 hoc
2023 2565 2140 2625 est,
2161 2565 2371 2610 naturae
2417 2572 2742 2611 consensus.
2775 2555 3020 2610 Pilorum
3054 2573 3186 2611 vero
3212 2558 3469 2620 mutatio,

1889 2663 2013 2702 cum
2044 2649 2181 2701 aridi
2214 2649 2323 2703 sint
2364 2635 2426 2700 ac
2464 2649 2786 2717 pendentes,
2817 2658 2870 2702 et
2925 2647 3239 2718 frequenter
3270 2649 3467 2703 mutari

1890 2753 1998 2790 non
2037 2738 2270 2800 soleant,
2305 2737 2532 2790 omnino
2564 2738 2882 2791 admiranda
2906 2746 2961 2791 et
3000 2739 3334 2795 incredibilis
3363 2750 3469 2801 est,

1891 2829 2128 2883 maxime
2152 2845 2273 2884 cum
2315 2829 2465 2884 varie
2495 2829 2584 2883 illa
2617 2830 2728 2883 fiat.
2752 2828 3096 2886 Chamaeleou
3121 2841 3299 2886 autem
3332 2832 3471 2887 vidc-

1893 2928 1981 2972 tur
1997 2919 2236 2973 anhelitu
2257 2920 2470 2974 colores
2498 2930 2740 2986 mutare;
2767 2929 2849 2975 est
2877 2923 3023 2975 enim
3059 2932 3252 2976 natura
3276 2921 3472 2977 flatuo-

1892 3027 2008 3067 sus.
2046 3015 2445 3082 Argumentum
2481 3029 2608 3067 vero
2644 3015 3020 3084 respiratiouis
3055 3015 3331 3085 pulmonis
3359 3030 3477 3069 ma—

1895 3102 2126 3173 gnitudo
2157 3111 2238 3156 est
2277 3121 2290 3156 :
2328 3119 2464 3172 pene
2500 3105 2644 3158 enim
2678 3121 2772 3174 per
2825 3114 2998 3160 totmn
3049 3123 3248 3176 corpus
3279 3105 3478 3161 dill'un-

1902 3197 2072 3250 ditur.
2109 3194 2282 3248 Simul
2307 3211 2434 3250 vero
2475 3205 2531 3249 et
2553 3196 2798 3250 elevatur
2821 3196 3109 3252 manifeste
3133 3209 3189 3252 et
3236 3197 3474 3254 inflatur.

191 3293 620 3363 ποικιλλομένη.
670 3292 728 3350 Ὀ
762 3293 817 3344 δὲ
843 3291 1158 3362 χαμαιλέων
1181 3292 1226 3322 τ’
1258 3291 1406 3343 δοκεῖ
1445 3289 1523 3360 τῷ
1577 3289 1847 3360 πνεύματι
1912 3291 2084 3343 ποιεῖν
2154 3290 2252 3352 τὰς
2297 3287 2602 3358 μεταϐολάς
2633 3303 2648 3318 ·
2694 3291 3065 3360 πνευματικὸν
3131 3291 3240 3361 γὰρ
3296 3289 3474 3359 φύσει.

192 3386 440 3455 Σημεῖον
492 3384 548 3435 δὲ
579 3383 638 3436 τὺ
668 3383 764 3436 τοῦ
803 3381 1106 3453 πνεύμονος
1169 3370 1418 3454 μέγεθος
1451 3372 1638 3452 σχεδὸν
1667 3383 1775 3454 γὰρ
1803 3383 1870 3436 δι’
1915 3383 2039 3436 ὅλου
2070 3380 2164 3434 τοῦ
2218 3380 2470 3452 σώματος
2521 3381 2764 3434 τέταται.
2799 3381 2952 3451 ’Λμα
2991 3382 3086 3436 καὶ
3127 3383 3480 3454 ἐξαιρόμενος

225 3477 398 3538 αὐτὸς
432 3476 528 3528 καὶ
571 3474 891 3546 φυσώμενος
919 3476 962 3506 ⁷³
994 3475 1153 3544 δῆλός
1188 3477 1357 3528 ἐστιν.

197 3586 421 3663 [1566.]
463 3590 564 3642 Ἐκ
597 3589 707 3643 τοῦ
740 3589 875 3657 περὶ
895 3589 1296 3656 παραλύσεως
1321 3589 1365 3620 ’⁷⁵
1387 3591 1791 3660 Θεοφράστου.

275 3683 408 3734 Ὀτι
442 3681 546 3732 ὑπὸ
574 3679 950 3748 καταψύξεως,
991 3679 1177 3748 φησιν,
1211 3679 1286 3742 ὡς
1320 3681 1486 3751 κοινῷ
1515 3681 1660 3752 λόγῳ
1691 3683 1797 3750 φά-

199 3792 320 3838 ναι,
353 3773 455 3841 τὴν
488 3772 795 3842 παράλυσιν
835 3772 1084 3840 γίνεσθαι
1121 3774 1214 3824 καὶ
1244 3773 1447 3843 ταύτην
1473 3776 1520 3826 οἰ
1559 3776 1656 3844 μὲν
1693 3775 1798 3827 ὑπὸ

199 3865 528 3933 πνεύματος
573 3863 970 3933 (πνευματικὸν
993 3863 1103 3932 γὰρ
1133 3863 1194 3916 τὺ
1226 3865 1443 3934 πάθος),
1473 3867 1522 3918 οἱ
1551 3866 1606 3919 δὲ
1631 3866 1800 3918 ἐκλεί-

198 3959 300 4029 ψει
345 3958 444 4011 καὶ
483 3958 736 4028 στερήσει
771 3957 862 4010 τοῦ
893 3961 1225 4026 πνεύματοςσ
1253 3961 1411 4012 τοῦτο
1431 3959 1542 4030 γὰρ
1571 3957 1710 4013 εἶναι
1740 3959 1801 4012 τὸ

201 4049 308 4119 τὴν
358 4049 675 4119 θερμότητα
732 4049 824 4101 καὶ
880 4049 978 4115 τὴν
1021 4050 1236 4118 κίνησιν
1291 4050 1427 4114 ὅλως
1487 4051 1673 4104 ποιοῦν
1728 4053 1797 4106 ’⁵.

225 4139 554 4208 Ἀκινησίας
615 4138 672 4192 δὲ
732 4138 1021 4208 γινομένης
1077 4139 1379 4208 κατάψυξις
1445 4143 1656 4208 γίνεται
1705 4139 1798 4194 τοῦ

203 4231 468 4300 αἵματος,
515 4231 549 4299 ἢ
587 4230 774 4293 ἁπλῶς
810 4233 986 4283 εἰπεῖν
1024 4231 1126 4300 τῆς
1159 4218 1479 4302 ὑγρότητος.
1515 4234 1612 4286 Διὰ
1641 4234 1802 4287 τοῦτο

205 4323 322 4393 γὰρ
371 4322 469 4374 καὶ
507 4323 540 4392 η
571 4321 746 4392 νάρκη
779 4323 990 4390 γίνεται
1037 4324 1094 4376 ὲν
1120 4325 1166 4353 ⁷⁸
1189 4326 1302 4387 τοῖς
1331 4326 1489 4378 ποσὶν
1531 4325 1563 4396 ἢ
1615 4326 1711 4379 καὶ
1745 4327 1802 4378 ἐν

205 4419 321 4477 τοῖς
346 4413 463 4468 ἄνω
493 4413 738 4484 μέρεσιν,
776 4415 902 4467 ὅταν
950 4415 1360 4469 ἁποπιεσθῶσιν
1387 4418 1498 4470 ἀπὸ
1534 4418 1804 4488 καθέδρας

204 4510 242 4580 ἦ
269 4508 435 4564 ἄλλου
458 4509 604 4570 τινος
623 4507 665 4538 ⁷⁷
687 4506 812 4578 [858
841 4507 934 4579 ιι]
955 4509 1181 4578 τρόπου.
1204 4509 1339 4562 Τότε
1364 4510 1472 4579 γὰρ
1502 4510 1806 4580 διαλαμϐά-

206 4617 295 4654 νει
319 4603 387 4671 τῇ
406 4599 591 4651 πιὲσει
610 4599 670 4651 τὸ
687 4597 926 4670 πνεῦμα,
949 4601 1044 4652 καὶ
1070 4601 1130 4652 οὺ
1157 4601 1461 4671 δυναμένην
1484 4601 1580 4669 τὴν
1599 4603 1804 4656 οἰκείαν

205 4689 431 4759 κίνησιν
486 4686 757 4740 κινεῖσθαι
796 4689 980 4755 ἵστησι
1015 4688 1108 4740 καὶ
1158 4687 1432 4757 ἀποψύχει
1465 4688 1526 4740 τὸ
1565 4682 1725 4758 αἷμα.

527 4777 629 4831 Ἐκ
663 4779 770 4832 τοῦ
820 4771 866 4811 ⁷⁸
891 4779 1024 4846 περὶ
1076 4780 1508 4847 λειποψυχίας.

2139 3589 2224 3644 Ea:
2255 3590 2490 3660 ejusdem
2510 3591 2575 3644 de
2609 3590 2925 3643 resolutione
2949 3606 3227 3643 nervorum

1971 3680 2111 3737 Dicit
2173 3683 2567 3738 resolutionem
2627 3695 2923 3735 nervorum
2981 3698 3013 3734 e
3069 3679 3386 3750 frigiditate,
3421 3690 3480 3736 ut

1900 3789 2094 3828 omnes
2153 3776 2416 3839 sentiunt,
2453 3775 2587 3828 oriri
2658 3791 2671 3826 :
2705 3783 2759 3828 et
2816 3774 2908 3827 alii
2944 3775 3162 3843 quidem
3190 3791 3220 3828 a
3254 3775 3476 3844 spiritu,

1903 3868 2012 3938 (est
2037 3869 2183 3922 enim
2214 3869 2440 3922 morbus
2457 3868 2884 3938 pulmonarius),
2920 3869 3010 3921 alii
3041 3867 3251 3922 defectu
3288 3880 3341 3923 et
3369 3870 3480 3938 pri-

1902 3961 2121 4015 vatione
2162 3961 2406 4030 Spiritus.
2453 3959 2611 4014 lluuc
2659 3963 2807 4014 enim
2853 3977 2998 4023 esse,
3035 3965 3127 4030 qui
3154 3962 3392 4016 calorem
3425 3971 3481 4016 et

1903 4062 2111 4106 motum
2141 4052 2367 4106 omnino
2399 4052 2582 4107 faciat.
2613 4052 2747 4106 Cum
2790 4064 2970 4106 autem
3003 4065 3183 4106 motus
3215 4069 3318 4106 non
3373 4063 3479 4117 est,

1903 4144 2172 4214 frigiditas
2191 4155 2274 4197 est
2328 4145 2631 4211 sanguinis,
2656 4145 2756 4208 vel,
2789 4153 2846 4197 ut
2876 4144 3064 4212 paucis
3099 4145 3480 4214 perstringunt,

1899 4233 2178 4289 humoris.
2249 4233 2374 4288 Ideo
2436 4236 2488 4288 in
2550 4235 2779 4304 pedibus
2836 4235 3012 4288 oritur
3042 4235 3288 4302 torpedo,
3312 4237 3390 4287 vel
3425 4237 3477 4290 in

1904 4325 2152 4393 partibus
2215 4323 2614 4394 superioribus,
2648 4325 2870 4393 quando
2894 4340 2923 4378 a
2951 4325 3079 4378 sede
3111 4325 3323 4394 expulsi
3365 4325 3484 4380 fue-

1905 4417 2036 4476 rint,
2081 4415 2164 4468 vel
2213 4415 2323 4469 alio
2373 4418 2534 4470 modo
2565 4434 2577 4468 :
2611 4425 2740 4470 tunc
2771 4417 2914 4469 enim
2951 4416 3161 4469 diducit
3203 4431 3484 4484 compres-

1905 4508 2062 4560 sione
2099 4507 2375 4576 spiritum,
2404 4516 2458 4560 ct
2489 4519 2637 4560 motu
2679 4509 2900 4577 proprio
2942 4509 3206 4578 privatur,
3235 4509 3378 4564 sistit
3429 4519 3484 4564 et

1896 4597 2193 4669 refrigerat
2223 4601 2567 4668 sanguinem.

2278 4778 2532 4848 Ejusdem
2561 4780 2624 4834 de
2653 4782 2818 4834 animi
2843 4782 3095 4850 deliquio.

283 4875 415 4928 Ὅτι
443 4875 478 4945 ἡ
506 4873 833 4942 λειποψυχία
869 4873 1131 4942 στέρησις
1158 4873 1190 4943 ἢ
1226 4873 1528 4940 κατάψυξις
1549 4871 1644 4925 τοῦ
1676 4871 1785 4942 θερι

1975 4870 2158 4924 Animi
2191 4871 2492 4942 deliquium
2528 4874 2760 4942 privatio
2789 4885 2868 4927 est
2903 4875 3124 4936 caloris,
3161 4875 3241 4928 vel
3277 4875 3485 4943 frigidi-

213 4963 318 5033 μοῦ
344 4967 478 5035 περὶ⁷
502 4965 596 5017 τὸν
625 4962 1058 5018 ἀναπνευστικδν
1086 4963 1270 5018 τόπον.
1298 4963 1468 5020 Τοῦτο
1485 4963 1539 5016 δὲ
1563 4962 1801 5032 συμϐαί-

212 5071 292 5109 νει
315 5056 352 5127 ἢ
381 5057 490 5109 ὑπὸ
519 5056 614 5109 τοῦ
638 5055 850 5127 ψυχροῦ
871 5057 912 5088 ⁷⁸
943 5055 977 5127 ἦ
1005 5057 1100 5109 καὶ
1124 5055 1216 5107 ὑπ’
1246 5055 1412 5108 αὐτοῦ
1439 5054 1534 5109 τοῦ
1569 5055 1797 5124 θερμοῦ·

215 5148 274 5202 τὸ
321 5149 432 5219 γὰρ
467 5148 631 5201 πλέον
663 5149 774 5218 πῦρ
803 5149 1020 5218 ἀναιρεῖ
1057 5147 1118 5202 τὸ
1147 5146 1390 5200 ἔλαττον.
1436 5149 1726 5218 Μαρτυρεί
1743 5148 1800 5200 δὲ

1909 4964 2035 5019 tatis
2057 4964 2196 5018 circa
2221 4967 2559 5034 pulmonem,
2592 4965 2641 5018 id
2675 4966 2838 5018 etiam
2873 4967 3226 5035 contingitab
3259 4967 3375 5034 ipso
3390 4982 3484 5018 ca-

1908 5057 2046 5112 lore.
2098 5057 2270 5127 Major
2307 5060 2453 5112 enitn
2509 5059 2650 5128 ignis
2699 5060 2838 5113 tollit
2872 5060 3161 5120 minorem,
3210 5059 3260 5112 id
3323 5075 3486 5127 expe-

1912 5147 2108 5202 rientia
2145 5157 2398 5204 testatur.
2455 5148 2590 5204 Nam
2622 5151 2690 5204 ab
2740 5161 2873 5206 aestu
2937 5153 3264 5221 pratfocautc
3293 5162 3347 5204 et
3375 5152 3482 5205 alio

1502 5238 1732 5294 VARIIE
1761 5239 2173 5295 LECTIONES.

325 5336 376 5368 “
403 5335 669 5406 περὶτῶν
697 5336 824 5391 add.
858 5336 923 5390 A.
1001 5335 1045 5366 "’
1081 5333 1340 5405 διχηλοῦν
1370 5337 1433 5389 Α.

221 5407 407 5458 ἰῶνται
470 5424 528 5470 ς.

218 5477 259 5506 ⁷³
291 5476 648 5547 φυσσὼμενος
698 5495 760 5541 ς.

218 5547 262 5577 ⁷⁸
290 5549 366 5600 tv!
399 5565 514 5600 om.
559 5547 618 5600 Β.
727 5548 760 5578 π

219 5616 385 5670 αὐτοῦ
415 5635 475 5683 ς.
556 5619 602 5648 ⁷⁹
622 5617 657 5687 ἢ
685 5617 792 5669 ὑπὸ
813 5617 909 5677 τοῦ
931 5616 1141 5687 ψυχροῦ
1167 5616 1291 5670 add.
1323 5621 1386 5672 A.

1513 5336 1558 5407 φ
1586 5335 1923 5407 τριχώτατον
1960 5335 2025 5390 Α.

629 5409 672 5438 ⁷⁸
710 5407 886 5459 οὐσῶν
932 5437 1002 5446 —
1030 5407 1347 5473 πεφυκυιῶν
1390 5407 1431 5458 Β
1475 5424 1488 5460 :
1516 5405 1687 5459 ὄντων
1715 5436 1785 5446 -
1813 5407 2137 5476 πεφυκότων
2165 5427 2224 5472 ς.

885 5476 928 5506 ⁷⁸
985 5480 1111 5550 περὶ
1177 5476 1914 5550 παραλύσεωςγθεοφράστου
1947 5479 1992 5530 Α
2027 5497 2038 5530 :
2071 5478 2260 5550 αὑτοῦ
2305 5476 2434 5548 περὶ
2479 5476 2862 5550 παραλύσεως
2912 5499 2971 5545 ς.

727 5548 776 5620 ⁷⁷-
797 5545 1072 5620 ἄλλωτινὶ
1115 5546 1304 5620 τρόπῳ
1328 5545 1837 5616 δειιιιεὶιιει·ιιδ.ηυὶ
1869 5564 1994 5602 mox
2048 5549 2107 5601 τὸ
2138 5545 2435 5620 πνεῦμαίὸ
2469 5551 2531 5603 οὐ
2577 5545 2890 5620 δυνάμενον.

2104 5337 2148 5369 ⁶⁹
2183 5338 2470 5410 περίτασις
2500 5339 2585 5392 A:
2624 5339 2874 5410 ἐπίτασις
2912 5359 2973 5404 ς.
3184 5337 3480 5403 ποιοῦνται,

2322 5411 2368 5440 τ’
2401 5409 2736 5481 χαμαιλέων]
2778 5411 3050 5470 πολύπους
3148 5417 3200 5461 et
3229 5424 3370 5481 corr.
3415 5415 3478 5464 Α.

2705 5479 2862 5543 ibam;
2912 5499 2971 5545 ς.
3084 5479 3128 5507 ⁷⁵
3195 5480 3360 5531 ποιῶν
3417 5500 3477 5545 ς.

2995 5548 3040 5580 ⁷⁸
3067 5551 3132 5602 ἐκ
3159 5549 3252 5601 τοῦ
3272 5554 3316 5603 Α
3343 5567 3354 5580 ·
3386 5553 3481 5605 τοῦ

1773 5709 1999 5766 NOT/E.

313 5805 407 5871 ‘25)
437 5801 585 5881 Inter
609 5818 772 5875 opera
792 5797 1156 5874 Theophrasti
1179 5819 1371 5874 nupcr-
1396 5805 1598 5860 editum
1634 5803 1892 5861 Francof.
1925 5805 2066 5876 apud
2116 5805 2424 5862 chhclos.
