3912 6234
435 324 538 391 291

1611 321 1875 384 ΡΗΟΤΙΙ
1904 321 2416 386 ΡΑΤΗΙΑΗΟΗίΕ
2443 323 2554 386 CP.

3595 323 3701 384 292

437 443 642 507 calore,
671 448 726 494 et
758 438 995 493 maxime
1019 436 1380 502 condensato,
1411 451 1537 493 cum
1561 438 1680 493 haec
1706 454 1808 493 nos
1835 439 2020 509 oppri-

2128 446 2218 493 καὶ
2248 442 2281 511 ἠ
2315 444 2502 508 πεῖρα.
2541 422 2676 494 Ὑπὸ
2696 441 2806 512 γὰρ
2827 441 3052 510 πνίγους
3084 442 3117 513 ἦ
3151 441 3316 512 ἄλλης
3345 442 3581 513 Θέρμης,
3609 448 3700 494 καὶ

439 543 616 596 mum,
643 533 825 585 animo
839 531 1122 586 deficimus
1144 530 1409 602 et526a
1438 531 1734 601 deliquium
1761 532 2018 602 patimur.

446 623 827 690 Exstinguitur
852 636 981 675 vero
1005 621 1142 691 quod
1155 621 1223 674 «in
1254 623 1409 678 nobis
1432 623 1779 692 frigiditatem
1807 638 1913 677 non
1937 639 2022 676 re-

444 714 592 793 cipit.
623 713 895 767 Fortassis
919 727 1050 766 vero
1080 713 1498 782 respirationem
1535 715 1761 769 omnino
1786 714 2020 770 suﬂ‘oca-

441 808 519 859 tio
551 806 792 874 impedit.
823 805 967 860 unde
993 813 1048 860 et
1103 805 1292 873 πνίγος
1333 807 1668 861 nominatur.
1708 807 2022 862 Suﬂ‘ocatur

441 902 610 964 cnim,
646 901 728 952 vel
754 899 1022 953 sutl‘ocato
1057 900 1251 954 similis
1275 909 1359 954 est
1389 901 1456 966 is,
1489 900 1582 969 qui
1611 901 1880 970 respirare
1913 916 2021 954 non

440 1001 642 1060 potest.
691 990 950 1046 Testatur
995 992 1048 1046 id
1092 991 1335 1048 defectus
1390 993 1559 1046 animi
1593 993 1646 1046 in
1693 994 1924 1059 balneis,
1956 1008 2022 1048 ac

442 1082 769 1137 fotionibus.
829 1082 1177 1138 Manifestum
1211 1084 1356 1136 enim
1405 1093 1490 1139 est
1517 1084 1757 1154 deliquia
1802 1085 1891 1138 illa
1928 1099 2020 1138 ca-

442 1172 579 1236 lore,
606 1186 661 1226 et
684 1185 900 1243 propter
921 1176 1160 1228 calorem
1209 1174 1349 1238 fieri,
1384 1175 1765 1244 exstingueute
1793 1186 2020 1230 externo

442 1265 627 1320 calore
659 1265 954 1319 internum.
988 1265 1074 1320 Fit
1097 1281 1228 1320 vero
1259 1268 1428 1321 animi
1456 1267 1729 1333 defeetns,
1761 1269 2021 1325 deiicien-

446 1357 592 1411 tibus
635 1357 741 1421 his,
772 1357 824 1411 in
877 1358 1078 1427 quibus
1109 1358 1258 1414 calor
1314 1361 1580 1425 nascitur,
1618 1371 1678 1416 ut
1729 1363 2016 1432 sanguine,

443 1450 530 1504 vel
556 1451 878 1520 simpliciter
909 1451 1144 1506 naturali
1179 1453 1429 1506 humore.
1465 1451 1936 1518 Quemadmodum
1965 1457 2017 1509 in

445 1539 731 1609 sanguinis
771 1540 941 1603 ﬂuxu,
987 1549 1042 1594 et
1100 1550 1317 1594 uterum
1378 1543 1716 1612 gestantibus
1776 1543 2022 1598 videmus

445 1630 614 1684 animi
640 1629 973 1684 defectiones
1003 1649 1016 1683 :
1057 1629 1150 1684 sed
1175 1638 1398 1699 propter
1449 1631 1667 1686 labores
1693 1632 1856 1686 etiam
1886 1631 2020 1685 tiunt

443 1720 704 1790 deliquia.
761 1719 1000 1775 Nimium
1061 1720 1225 1773 etiam
1286 1720 1441 1775 aﬂ‘ert
1472 1721 1640 1774 animi
1673 1721 2016 1790 deliquium:

442 1913 499 1958 et
522 1901 920 1972 refrigerationi
949 1903 1157 1957 aditum
1200 1905 1537 1959 intercludit.
1577 1905 1866 1972 Propterea
1904 1906 2018 1974 ple-

443 2010 680 2064 rumque
701 1996 792 2062 qui
832 1993 1103 2058 lavantur,
1132 1995 1301 2047 animi
1337 1994 1635 2063 deliquium
1672 2010 1778 2047 non
1803 1993 2021 2064 patiun-

444 2095 554 2150 tur,
583 2085 918 2154 l'reqnentins
959 2100 1087 2139 vero
1132 2086 1501 2155 quiescentes,
1563 2087 1689 2154 quia
1735 2087 2018 2139 humorem

446 2177 650 2233 factum
684 2192 715 2231 a
739 2177 1127 2247 liquefactione
1155 2193 1342 2232 eorum
1368 2178 1462 2248 qui
1485 2179 1757 2242 lavantur,
1781 2177 2019 2232 calidum

445 2286 570 2327 esse
602 2272 869 2341 contingit
933 2289 946 2326 :
1005 2286 1196 2324 eorum
1245 2286 1374 2325 vero
1438 2272 1535 2341 qui
1589 2271 1863 2334 lavarunt,
1920 2269 2020 2324 fri-

447 2362 657 2432 gidum.
710 2360 966 2432 Frigidus
1020 2376 1152 2414 vero
1182 2377 1307 2415 cum
1341 2363 1411 2414 sit
1444 2361 1665 2427 humor,
1695 2362 1937 2415 incidens
1964 2361 2018 2414 in

446 2455 600 2508 locus
624 2453 919 2522 principes,
955 2452 1128 2523 gignit
1161 2451 1330 2505 animi
1365 2451 1687 2521 deliquium,
1715 2454 1820 2508 nisi
1855 2452 2020 2523 spiri-

449 2556 541 2600 tus
572 2545 826 2599 remissio
886 2557 1012 2598 ante
1039 2543 1326 2597 dissolvat.
1360 2542 1484 2598 ldeo
1514 2546 1794 2599 continere
1829 2545 2021 2614 iubent

446 2640 500 2695 in
578 2639 830 2708 deliquiis
915 2639 1192 2707 spiritum.
1246 2634 1507 2690 Prohibet
1553 2637 1698 2691 enim
1738 2638 2022 2691 continens

445 2731 600 2785 exire
648 2729 933 2784 calorem:
971 2728 1241 2781 remissus
1298 2742 1427 2782 vero
1464 2728 1681 2797 ingerit.
1711 2729 2022 2798 Aspcrgens

447 2837 588 2892 aqua
618 2823 801 2876 animo
823 2821 1222 2891 delinquentes,
1255 2823 1585 2876 concludens
1607 2836 1789 2891 poros,
1821 2832 1874 2876 et
1889 2836 2022 2876 con-

447 2912 688 2966 densans
724 2921 955 2976 meatus,
987 2921 1042 2967 et
1098 2928 1300 2983 cogens
1348 2913 1497 2966 intus
1523 2913 1760 2966 calorem
1793 2911 2024 2982 (resistit

446 3004 618 3072 enim)
641 3003 887 3073 adjuvat.
913 3005 1184 3059 Gaudium
1215 3019 1278 3059 ac
1305 3020 1507 3059 mmror
1532 3004 1697 3058 etiam
1729 3005 1897 3058 animi
1926 3004 2021 3058 de-

447 3095 680 3166 liquium
718 3109 1001 3165 generant.
1037 3096 1165 3151 Per\
1197 3109 1492 3167 utrumque
1539 3097 1686 3152 enim
1729 3096 2019 3150 humornm

448 3188 604 3256 copia
657 3189 921 3242 nascitur.
960 3188 1234 3243 Gaudium
1282 3192 1500 3258 quidem
1535 3187 1934 3257 liquefaciendo
1963 3201 2027 3241 ac

446 3281 729 3336 dilatando
763 3301 777 3337 :
809 3299 1012 3339 maeror
1069 3299 1198 3337 vero
1256 3283 1608 3337 coarctando.
1658 3282 1796 3336 Cum
1844 3290 2024 3335 autem

447 3369 515 3423 ad
549 3371 824 3439 pulmonis
860 3373 1048 3426 sedem
1086 3372 1284 3426 humor
1314 3371 1645 3442 pervenerit,
1683 3371 1813 3424 hinc
1856 3370 2025 3425 animi

449 3461 749 3532 deliquium
783 3464 1040 3532 patimur.

918 3641 1167 3711 Ejusdem
1196 3644 1270 3698 de.
1295 3645 1566 3715 vertigine.

525 3733 830 3803 Vertigines
855 3744 1003 3798 sunt,
1039 3736 1259 3805 quando
1284 3737 1496 3791 alienus
1523 3736 1748 3805 spiritus
1779 3751 1832 3789 ιη
1862 3745 2024 3805 caput

447 3827 618 3891 venit,
653 3827 734 3880 vel
765 3825 1079 3880 redundans
1113 3829 1327 3891 humor,
1371 3827 1449 3881 vel
1507 3828 1576 3882 ab
1633 3828 1816 3898 aliquo
1846 3829 2022 3881 nutri-

449 3928 656 3983 mento,
690 3926 800 3972 uta
835 3919 982 3983 vino,
1009 3919 1090 3972 vel
1114 3919 1182 3972 ab
1216 3919 1399 3988 aliquo
1434 3919 1541 3972 alio
1559 3935 1745 3974 succo.
1775 3919 1855 3974 Ad
1886 3920 2020 3984 haec,

448 4025 573 4064 eum
605 4011 729 4080 quis
759 4012 988 4066 moverit
1019 4021 1182 4082 caput
1209 4013 1262 4066 in
1291 4015 1497 4066 orbem.
1539 4013 1718 4066 Locus
1744 4013 1889 4066 enim
1914 4014 2023 4066 cir-

447 4118 572 4157 cum
617 4105 900 4157 cerebrum
939 4105 1196 4158 humidus
1232 4119 1355 4158 cum
1386 4105 1478 4169 sit,
1506 4105 1548 4158 si
1583 4106 1887 4172 susceperit
1915 4105 2020 4157 ali—

446 4192 577 4262 quid
609 4194 874 4258 alienum,
905 4194 1028 4263 plus
1069 4210 1226 4263 aequo
1255 4196 1590 4248 transeundo
1619 4195 1723 4247 vim
1758 4193 1940 4257 infert,
1969 4203 2022 4248 et

447 4285 514 4337 ad
547 4299 714 4340 venas
741 4287 906 4354 agitat
933 4286 1166 4354 priorem
1201 4285 1484 4339 humorem
1538 4286 1590 4338 in
1627 4301 1839 4355 gyrum.
1883 4287 2018 4339 Cum

447 4385 626 4430 autem
659 4377 885 4446 agitatio
909 4378 980 4430 sit
1009 4377 1179 4431 instar
1201 4377 1432 4431 turbinis
1451 4419 1465 4442 ,
1496 4387 1550 4431 et
1605 4376 2018 4448 humurgszeb

448 4482 556 4520 non
656 4469 727 4521 sit
829 4468 1119 4522 admodum
1202 4469 1426 4533 densus,
1494 4470 1586 4522 sed
1657 4472 1708 4522 in
1759 4472 2019 4524 c0ntinu0

449 4569 622 4624 motu,
667 4560 836 4613 altero
893 4560 1210 4629 accipiente,
1264 4561 1433 4614 altero
1481 4561 1767 4614 deficiente
1816 4562 1885 4614 ob
1943 4562 2030 4614 in-

448 4653 809 4720 aequalitatem
848 4654 1123 4721 ponderis,
1151 4653 1404 4707 similiter
1434 4653 1748 4721 vertiginem
1773 4655 1944 4723 parit.
1981 4665 2034 4708 et

449 4759 591 4814 saepe
620 4747 931 4815 prosternit.

2056 4519 2110 4578 D

2130 531 2372 602 μάλιστα
2401 533 2632 601 πολλῆς,
2652 533 2851 604 ἁθρόον
2882 534 3088 586 τούτων
3115 535 3542 604 προσπεσόντων
3567 535 3701 602 ἡμῖν

2122 624 2429 694 ὲκλυόμεθα
2457 627 2550 678 καὶ
2583 625 3044 696 λειποθυμοῦμεν·
3077 627 3552 697 καταμαραίνεται
3593 625 3702 695 γὰρ

2120 715 2182 768 τὺ
2223 717 2282 770 ἐν
2307 718 2442 786 ἡμῖν
2478 717 2526 749 ⁸⁰
2573 716 2876 786 κατάψυξιν
2907 718 2967 770 οὐ
3001 714 3298 788 λαμϐάνον.
3329 718 3481 786 Τάχα
3513 716 3574 770 δὲ
3607 717 3704 770 καὶ

2120 807 2220 878 τὴν
2252 809 2529 880 ἀναπνοὴν
2575 809 2711 872 ὅλως
2758 809 2818 862 τὸ
2855 813 3046 877 πνῖγος
3110 808 3330 862 κωλύει.
3385 803 3549 862 Ὅθεν
3606 809 3705 862 καὶ

2121 897 2334 968 πνῖγος
2365 898 2683 970 ὠνομάσθη·
2719 898 2969 968 πνίγεται
3017 898 3126 968 γὰρ
3175 898 3207 970 ἢ
3243 899 3337 952 καὶ
3385 897 3703 967 πνιγομένῳ

2121 988 2307 1056 ὅμοιός
2339 989 2488 1042 ὲστιν
2521 991 2551 1042 ὁ
2588 989 2663 1059 μὴ
2689 989 2987 1058 δυνάμενος
3009 989 3290 1042 ἀναπνεῖν.
3325 987 3618 1059 Μαρτυρεῖ
3644 990 3704 1041 δὲ

2122 1082 2218 1136 καὶ
2243 1085 2276 1154 ἡ
2303 1083 2391 1136 διὰ
2423 1082 2532 1136 τῶν
2567 1082 2809 1152 λουτρῶν
2837 1083 2932 1136 καὶ
2963 1081 3072 1135 τῶν
3104 1082 3417 1154 πυριάσεων
3458 1081 3701 1144 ἔκλυσις·

2121 1175 2278 1245 δῆλον
2309 1175 2416 1247 γὰρ
2457 1175 2531 1239 ὼς
2579 1177 2634 1228 αἱ
2674 1173 2923 1229 τοιαῦται
2973 1172 3224 1236 ἐκλύσεις
3255 1175 3333 1245 τῷ
3380 1172 3570 1244 θερμῷ
3608 1176 3704 1226 καὶ

2121 1269 2210 1322 διὰ
2269 1268 2330 1321 τὸ
2364 1267 2567 1339 θερμὸν
2619 1266 2881 1336 γίνονται,
2925 1267 3286 1338 μαραίνοντος
3346 1265 3440 1320 τοῦ
3501 1266 3704 1332 ἔξωθεν

2122 1354 2325 1426 θερμοῦ
2355 1355 2416 1409 τὸ
2442 1357 2499 1408 ὲν
2537 1357 2668 1426 ἡμῖν
2697 1355 2996 1426 σύμφυτον.
3043 1355 3260 1409 Γίνεται
3291 1355 3346 1409 δὲ
3374 1355 3705 1425 λειποψυχία

2123 1447 2362 1500 καὶτῶν
2412 1448 2471 1501 ἐν
2517 1442 2612 1512 οἷς,
2635 1447 2879 1516 πέφυκεν
2922 1449 2955 1518 ὴ
3011 1448 3284 1518 θερμότης
3341 1448 3702 1513 ἐκλιπόντων,

2120 1531 2232 1590 οἷον
2293 1537 2521 1607 αἵματος
2589 1537 2622 1607 ἢ
2675 1537 2778 1607 τῆς
2843 1537 3079 1607 φυσικῆς
3128 1535 3314 1600 ἁπλῶς
3364 1538 3701 1608 ὑγρότητος,

2121 1625 2310 1697 ὥσπερ
2342 1629 2400 1680 ἐν
2437 1629 2558 1691 ταῖς
2610 1629 3007 1701 αἱμοῤῥαγίαις
3057 1627 3152 1680 καὶ
3194 1630 3251 1682 ὲν
3278 1633 3402 1693 ταῖς
3447 1629 3552 1698 τῆς
3610 1646 3705 1696 γα-

2087 1724 2098 1734 '
2124 1720 2281 1780 στρὺς
2314 1722 2509 1780 φοραῖς
2537 1720 2754 1780 ὁρῶμεν
2806 1718 3288 1780 λειποψυχοῦντας.
3334 1722 3444 1774 Καὶ
3491 1721 3582 1774 διὰ
3620 1723 3708 1774 πό-

443 1720 704 1790 deliquia.
761 1720 1000 1775 Nimium
1061 1720 1225 1773 etiam
1286 1720 1441 1775 aﬂ‘ert
1472 1721 1640 1774 animi
1673 1721 2016 1790 deliquium:

443 1826 570 1867 nam
601 1820 657 1865 et
697 1811 879 1866 minus
913 1811 1189 1876 tabefacit,
1216 1820 1270 1866 et
1305 1813 1722 1882 respirationem
1768 1813 2015 1883 impedit,

2128 1720 2281 1790 στρὺς
2314 1722 2509 1791 φοραῖς
2537 1720 2754 1790 όρῶμεν
2806 1720 3268 1790 λειποψυχοῦντας

2128 1831 2244 1876 νους
2271 1813 2327 1866 δὲ
2369 1814 2611 1881 γίνονται
2645 1811 2916 1876 ἐκλύσεις.
2965 1812 3087 1865 Ὀτι
3123 1813 3185 1864 τὸ
3211 1812 3255 1843 ⁸¹

2121 1831 2244 1876 νους
2271 1813 2327 1866 δὲ
2369 1814 2611 1881 γίνονται
2645 1811 2916 1876 ἐκλύσεις.
2965 1812 3087 1865 Ὀτι
3123 1813 3185 1864 τὸ
3211 1812 3255 1843 ⁸¹
3299 1813 3461 1866 πλέον
3505 1813 3707 1884 θερμὸν

2123 1903 2482 1973 λειποψυχίαν
2510 1905 2656 1956 ποιεῖ
2697 1904 2793 1957 καὶ
2820 1903 2896 1967 ὼς
2943 1903 3207 1974 μαραῖνον
3233 1903 3293 1956 τὸ
3331 1901 3578 1964 ἔλαττον,
3615 1903 3710 1954 καὶ

2124 1996 2200 2058 ὡς
2236 1995 2444 2049 κωλῦον
2477 1995 2576 2065 τὴν
2626 1994 2926 2063 ἀναπνοὴν,
2981 1994 3074 2047 καὶ
3109 1992 3185 2046 ἔτι
3217 1993 3400 2063 ὡς’μὴ
3439 2010 3706 2062 παραχω-

2129 2089 2254 2159 ροῦν
2287 2091 2355 2159 τῇ
2395 2086 2695 2157 καταψύξει
2724 2085 2948 2139 εἴσοδον.
2989 2085 3112 2139 Ὅτι
3150 2084 3236 2138 διὰ
3291 2084 3449 2138 τοῦτο
3493 2086 3570 2149 ὡς
3617 2084 3710 2136 ἐπὶ

2123 2179 2184 2230 τὺ
2223 2177 2357 2230 πολὺ
2387 2177 2636 2246 λυόμενοι
2674 2176 2772 2244 μὲν
2805 2175 2866 2227 οὑ
2908 2175 3316 2246 λειποψυχοῦσι,
3360 2175 3710 2244 παυσάμενοι

2124 2269 2182 2322 δὲ
2219 2269 2441 2340 μᾶλλον,
2467 2269 2601 2322 διότι
2629 2267 2726 2338 τὴν
2752 2267 3028 2338 ὑγρότητα
3071 2267 3170 2338 τὴν
3199 2266 3494 2337 γινομένην
3523 2267 3637 2321 ἀπὸ
3665 2267 3708 2299 ⁸³

2124 2364 2220 2430 τῆς
2249 2359 2553 2431 συντήξεως
2573 2360 2881 2430 λουομένων
2923 2360 3022 2430 μὲν
3053 2358 3262 2430 θερμὴν
3292 2353 3431 2412 εἶναι
3468 2358 3711 2428 συμϐαί-

2125 2471 2227 2521 νει,
2267 2452 2613 2522 λουσαμένων
2663 2451 2719 2504 δὲ
2756 2450 3059 2522 ψύχεσθαι·
3101 2451 3288 2522 ψυχρά
3331 2450 3389 2502 δὲ
3430 2448 3571 2503 οὖσα
3616 2452 3712 2505 καὶ

2126 2544 2478 2615 ἐμπίπτουσα
2504 2543 2718 2614 κυρίοις
2742 2543 2929 2606 τόποις
2960 2545 3106 2596 ποιεῖ
3123 2541 3503 2613 λειποψυχίαν.
3539 2543 3605 2595 Et
3639 2542 3713 2613 μὴ

2127 2639 2236 2707 ἄρα
2261 2639 2354 2690 καὶ
2376 2639 2408 2706 ἠ
2435 2637 2620 2698 ἄνεσις
2638 2635 2776 2706 αὑτὴ
2799 2635 2844 2667 ⁸³
2867 2635 2961 2688 τοῦ
2989 2633 3300 2705 πνεύματος
3316 2633 3619 2705 προεκλύει
3643 2636 3712 2692 ⁸⁸.

2127 2729 2271 2780 Διότι
2303 2728 2394 2780 καὶ
2429 2726 2474 2758 ⁸
2506 2725 2759 2795 κατέχειν
2810 2723 3125 2777 κελεύουσιν
3178 2724 3237 2776 ἐν
3290 2725 3410 2786 ταῖς
3455 2722 3715 2792 λειποψυο

2128 2819 2274 2890 χίαις
2309 2818 2368 2870 τὸ
2403 2817 2638 2886 πνεῦμα·
2681 2815 2880 2869 κωλύει
2916 2815 3024 2886 γὰρ
3065 2817 3092 2868 ὁ
3134 2814 3381 2885 κατέχων
3413 2814 3622 2882 ἐξιέναι
3657 2815 3715 2866 τὸ

2133 2910 2356 2980 Θερμὸν,
2380 2911 2407 2962 ὁ
2444 2909 2489 2960 δ’
2535 2909 2708 2972 ἀνιεὶς
2750 2907 3048 2961 ἐνδίδωσιν.
3088 2907 3208 2960 Ὅτι
3241 2908 3269 2960 ό
3311 2906 3514 2976 ῥαίνων
3559 2905 3715 2960 ὕδατι

2127 3003 2253 3064 τοὺς
2317 2998 2818 3070 λειποψυχοῦντας,
2896 2993 3263 3069 συμφράττων
3338 2999 3432 3051 καὶ
3491 2998 3715 3051 πυκνῶν

2127 3097 2254 3160 τοὺς
2293 3099 2516 3168 πόρους,
2563 3095 2660 3150 καὶ⁵
2703 3095 3070 3165 συναθροίζων
3094 3095 3246 3158 ἐντὸς
3273 3095 3335 3148 τὸ
3358 3095 3563 3167 θερμὸν
3601 3095 3716 3167 (ἀν-

2129 3189 2535 3258 τιπεριίσταται
2562 3187 2690 3258 γὰρ)
2721 3187 2923 3256 ὠφελεί
2955 3189 3024 3242 ⁸⁸.
3065 3189 3185 3242 Ὅτι
3218 3188 3401 3258 ἡδοναὶ
3426 3191 3520 3242 καὶ
3547 3190 3716 3244 λῦπαι

2130 3281 2348 3335 ποιοῦσι
2400 3281 2778 3352 λειποψυχίαν.
2831 3281 2942 3335 Καὶ
2993 3283 3100 3353 γὰρ
3163 3283 3471 3354 ἀμφότεραι
3511 3283 3714 3354 πλῆθος

2128 3372 2428 3443 ὑγρότητος
2455 3373 2775 3440 ἐπάγουσιν,
2798 3373 2830 3443 ἡ
2869 3372 2968 3442 μὲν
2999 3373 3160 3444 ἡδονὴ
3196 3375 3273 3444 τῷ
3300 3377 3594 3446 συντήκειν
3618 3378 3714 3429 καὶ

2126 3465 2353 3536 διαχεῖν.
2381 3468 2412 3535 ὴ
2437 3465 2580 3536 λύπη
2611 3465 2668 3518 δὲ
2693 3467 2771 3535 τῷ
2803 3466 3090 3536 πηγνύειν.
3109 3468 3276 3522 Ὅταν
3295 3464 3440 3540 οὖνὴ
3471 3471 3714 3542 ὑγρότης

2127 3560 2232 3630 ῥυῇ
2259 3558 2396 3630 πρὸς
2423 3558 2516 3611 τὸν
2548 3559 2918 3627 πνευματικὸν
2949 3560 3135 3622 τόπον,
3170 3564 3316 3614 ποιεῖ
3333 3561 3712 3633 λειποψυχεῖν.

2519 3653 2616 3705 Ἐκ
2645 3651 2690 3684 ⁸⁷
2724 3651 2831 3706 τοῦ
2868 3652 2999 3720 περὶ
3047 3654 3309 3722 ἰλίγγων.

2195 3744 2319 3797 ’Ότι
2345 3744 2395 3797 οἱ
2431 3743 2632 3812 ἵλιγγοι
2661 3744 2924 3811 γίνονται,
2961 3746 3090 3797 ὅταν
3145 3745 3366 3816 πνεῦμα
3417 3746 3710 3819 ἀλλότριον

2126 3835 2206 3898 είς
2236 3835 2336 3905 τὴν
2375 3833 2618 3904 κεφαλὴν
2653 3833 2784 3904 ἔλθῃ
2829 3833 2862 3904 ἢ
2902 3835 3138 3904 ὑγρότης
3175 3837 3711 3908 περιττωματικὴ,ἢ

2129 3925 2237 3979 ἀπό
2279 3942 2425 3988 τινος
2479 3924 2707 3995 τροφῆς,
2757 3924 2832 3987 ὡς
2875 3925 2984 3977 ἀπὸ
3030 3925 3121 3978 τοῦ
3172 3928 3337 3989 οἴνου,
3369 3928 3402 3997 ἢ
3432 3928 3543 3980 ἀπό
3568 3945 3713 3990 τινος

2125 4017 2285 4072 ἄλλου
2313 4015 2510 4088 χυμοῦ·
2546 4015 2625 4068 ἔτι
2669 4016 2724 4068 δὲ
2766 4017 2861 4069 καὶ
2894 4017 3023 4069 ὅταν
3058 4035 3142 4082 τις
3179 4022 3302 4090 κινῇ
3335 4018 3433 4089 τὴν
3467 4019 3713 4091 κεφαλὴν

2127 4109 2196 4163 κύ
2211 4110 2343 4178 κλῳ.
2383 4107 2442 4162 Ὀ
2469 4109 2577 4177 γὰρ
2602 4107 2764 4170 τόπος
2799 4105 2926 4179 [859
2959 4106 3048 4179 Η.]
3085 4111 3112 4161 ό
3140 4110 3267 4180 περὶ
3287 4110 3377 4163 τὸν
3405 4111 3712 4179 ἐγκέφαλον

2123 4203 2287 4271 ὑγρὸς
2317 4201 2415 4265 ὢν,
2435 4202 2559 4253 ὅταν
2591 4199 2876 4270 δέξηταίτι
2895 4200 3111 4252 πλέον⁸⁸
3145 4200 3441 4273 ἀλλότριον,
3464 4202 3712 4274 [1569Ιὶ]

2122 4295 2182 4347 τὸ
2215 4294 2269 4346 δὲ
2296 4293 2551 4362 βιάζηται
2568 4290 2616 4323 δ’
2644 4290 3047 4359 διαδυόμενον⁹⁰
3062 4291 3198 4360 πρὸς
3214 4281 3314 4354 ¹τὰς
3341 4293 3567 4360 φλέϐας,
3585 4295 3716 4349 ὼθεῖ

2121 4382 2310 4452 κύκλῳ
2349 4381 2415 4433 τὸ
2471 4380 2827 4450 προϋπάρχον
2861 4381 3046 4450 ὑγρόν.
3094 4382 3273 4450 Οῦσης
3303 4383 3359 4435 δὲ
3407 4378 3522 4437 οἷον
3565 4386 3713 4455 δίνης

2133 4475 2232 4544 τῆς
2271 4476 2463 4544 φορᾶς,
2504 4475 2596 4526 καὶ
2649 4473 2741 4524 τοῦ
2787 4471 2956 4543 ὑγροῦ
2996 4472 3070 4542 μὴ
3117 4474 3396 4543 συνεχοῦς,
3427 4477 3624 4530 ἁλλ’ἑν
3646 4480 3711 4546 τῇ

2137 4567 2350 4637 κινήσει
2377 4565 2471 4618 τοῦ
2507 4566 2550 4596 ⁹¹
2586 4565 2683 4635 μὲν
2714 4562 3190 4632 προλαμϐάνοντος
3230 4566 3275 4596 θ’
3314 4566 3408 4618 τοῦ
3453 4566 3512 4619 δὲ
3559 4569 3715 4620 ὑστε-

2143 4657 2361 4729 ροῦντος
2397 4658 2485 4711 διὰ
2541 4657 2602 4710 τὸ
2639 4657 2714 4726 μὴ
2761 4657 3069 4726 ἱσορροπεῖν
3103 4657 3326 4726 ὁμοίως,
3361 4658 3452 4710 τόν
3502 4660 3715 4728 ἴλιγγον

2144 4754 2286 4802 ποιεῖ
2331 4751 2426 4801 καὶ
2461 4748 2790 4802 καταϐάλλει
2831 4745 3089 4810 πολλάκις
3119 4749 3183 4800 ⁹³.

1365 4842 1542 4905 Quare
1587 4843 1752 4894 cruda
1778 4857 1872 4894 ora
1916 4857 2020 4894 non
2063 4843 2390 4894 circumvcrti
2429 4842 2646 4907 possint.

518 4929 630 4985 Ova
647 4931 812 4985 cruda
839 4932 1184 4987 circumverti
1211 4933 1330 4986 ideo
1363 4951 1469 4988 non
1503 4944 1753 5004 possunt,
1785 4943 1845 4987 ut
1865 4943 2020 4987 cocta

445 5024 644 5094 partim
670 5025 799 5093 quia
837 5025 906 5078 ab
947 5026 1176 5080 humore
1213 5027 1491 5094 inaequali,
1536 5035 1590 5080 et
1625 5041 1728 5080 non
1771 5027 2017 5094 ejusdem

448 5116 702 5183 ponderis
759 5127 1182 5185 prosternuntur
1231 5137 1245 5171 :
1295 5119 1492 5186 partim
1554 5133 1703 5182 vero,
1751 5118 1876 5186 quia
1910 5133 2017 5170 non

446 5205 648 5260 habent
678 5207 1011 5261 Substratum
1036 5208 1184 5277 quod
1208 5208 1518 5276 dejiciatur,
1560 5222 1683 5262 cum
1723 5222 1892 5260 unum
1943 5207 2016 5260 sit

443 5307 499 5352 et
535 5299 854 5353 continuum
890 5300 1054 5353 intus.
1106 5298 1184 5352 Ex
1227 5299 1328 5353 hac
1367 5297 1801 5352 consideratione
1859 5298 2026 5351 solvi-

446 5398 538 5444 tur
569 5390 698 5456 hoc,
751 5404 927 5460 quare
981 5389 1035 5443 iu
1063 5390 1211 5444 circo
1243 5389 1429 5459 agitati
1482 5389 1797 5459 vertiginem
1838 5388 2030 5454 capitis

2215 4935 2337 4987 Ὀτι
2407 4934 2473 4986 τὰ
2539 4934 2666 5004 ὠμὰ
2725 4935 2807 4988 ὼὰ
2878 4937 2966 4989 διὰ
3031 4936 3190 4989 τοῦτο
3260 4936 3322 4986 οὑ
3379 4936 3611 4988 δινεῖται
3644 4935 3710 4998 ’⁵,

2125 5023 2313 5093 ὥσπερ
2339 5026 2408 5077 τά
2443 5023 2582 5092 ἐφθὰ
2616 5028 2681 5090 ⁵³⁸,
2725 5026 2858 5078 διότι
2901 5028 2969 5079 τά
3039 5027 3137 5096 μὲν
3204 5025 3309 5077 ὑπὸ
3381 5027 3480 5094 τῆς
3546 5026 3710 5096 ὑγρό-

2137 5131 2302 5182 τητος
2335 5114 2624 5183 ἀνωμάλου
2676 5117 2768 5166 καὶ
2797 5116 2896 5168 οὑκ
2928 5117 3220 5187 ἰσορρόπου
3263 5113 3430 5183 οὔσης
3471 5116 3706 5184 σφάλλε-

2129 5223 2239 5270 ται,
2276 5203 2346 5257 τὰ
2387 5205 2430 5257 δ’
2457 5202 2516 5256 οὒ
2548 5206 2615 5266 ⁸⁵,
2643 5205 2731 5257 διὰ
2763 5205 2823 5257 τὸ
2872 5205 2947 5276 μὴ
2999 5207 3142 5275 ἔχειν
3201 5203 3261 5256 τὸ
3302 5202 3538 5270 σφάλλον
3589 5206 3709 5271 ὑφι-

2135 5298 2398 5366 στάμενον
2432 5295 2548 5359 ἐνὸς
2577 5296 2727 5358 ὄντος
2762 5299 2855 5348 καὶ
2885 5295 3144 5366 συνεχοῦς
3176 5295 3271 5346 τοῦ
3299 5295 3472 5356 ἐντός.
3521 5294 3618 5347 Ἐκ
3651 5293 3706 5345 δὲ

2132 5391 2230 5458 τῆς
2275 5389 2442 5458 αὑτῆς
2477 5387 2709 5458 θεωρίας
2743 5387 3030 5442 ὲπιλύεται
3073 5386 3170 5439 καὶ
3206 5385 3267 5438 τὸ
3293 5384 3395 5468 διὰ.
3425 5385 3479 5437 τί
3521 5384 3707 5453 κύκλῳ

1737 5481 1971 5538 γΑιιιίΕ
2013 5482 2420 5539 LECTIONES.

515 5580 561 5612 ⁸ο
582 5581 641 5633 ἐν
668 5579 1040 5651 ἡμῖν]ϐερμὸν
1074 5581 1224 5635 addit
1250 5580 1635 5637 Schneiderus.
1672 5579 1715 5612 ⁸¹
1747 5579 1806 5631 τὸ
1833 5595 1943 5651 om.
1967 5580 2012 5633 A
2045 5599 2058 5635 :
2093 5582 2233 5636 idem
2263 5581 2388 5634 add.
2417 5579 2512 5650 θερ

905 5598 1040 5653 ρμον
1074 5598 1224 5635 auutt
1250 5598 1635 5637 bennetuerus.
1672 5598 1715 5612 υ·
1747 5598 1806 5631 το
1833 5598 1943 5633 om.
1967 5598 2012 5633 Α
2045 5599 2058 5635 :
2093 5598 2168 5636 iac

905 5670 939 5706 '.
1013 5651 1060 5682 ⁸⁸
1092 5653 1188 5704 καὶ
1218 5654 1340 5705 add.
1369 5654 1436 5705 A.
1511 5651 1556 5683 “
1583 5651 1690 5720 γὰρ
1714 5649 1917 5720 ὠφελεῖ
1960 5667 2070 5704 om.
2102 5653 2168 5704 Α.

444 5651 490 5683 ⁸⁵
517 5650 842 5720 προσεκλύει
877 5650 939 5714 ς.

2519 5581 2617 5651 μὸν
2645 5588 2699 5634 et
2723 5579 2921 5651 16,;15.
2967 5578 3012 5610 θ’
3037 5574 3166 5646 ἀπὸ]
3192 5575 3344 5651 ὲκμᾼ.
3386 5575 3433 5606 ⁸³
3463 5574 3605 5642 αὕτη
3643 5592 3701 5651 ς,

2267 5652 2310 5682 θ’
2344 5654 2407 5704 ὲκ
2433 5645 2638 5704 Αἶτοῦ
2672 5649 2834 5701 αὑτοῦ
2865 5651 2929 5701 ὲκ
2977 5665 3036 5711 ς.
3076 5645 3198 5714 post
3241 5645 3463 5712 ἰλίγγων
3513 5660 3637 5698 cum
3669 5645 3707 5695 Β

444 5715 574 5793 misi
622 5720 808 5793 λόγουἶ
835 5792 840 5793 ν
869 5723 916 5752 ⁸⁸
946 5721 1130 5793 πλέον]
1156 5762 1172 5786 ,
1199 5723 1341 5788 apud
1371 5715 1806 5788 Theopltra'stutii
1853 5722 2102 5793 ⁸πνεῦμα.
2127 5792 2132 5793 ν
2179 5722 2221 5754 ⁸9
2251 5721 2492 5793 βιάζεται
2521 5738 2580 5783 ς.
2629 5723 2698 5793 ,θομ
2718 5720 2853 5793 διςιδἶ
2883 5717 2983 5793 Δκαί
3008 5718 3140 5785 πρὸς
3159 5731 3226 5793 ς.
3269 5718 3344 5793 _"
3374 5715 3516 5793 τοῦ],
3543 5715 3606 5766 τὸ
3639 5717 3703 5766 Α.

443 5792 487 5826 θ’
525 5791 1032 5859 προσλαμϐάνοντος
1083 5786 1144 5854 ςί.
1219 5786 1263 5825 "3
1281 5804 1396 5861 post
1415 5786 1673 5852 πολλάκις
1696 5808 1818 5845 cum
1847 5790 1888 5842 Β
1913 5786 2070 5844 omisi
2102 5786 2312 5844 titulum
2345 5807 2357 5842 :
2393 5791 2487 5842 Διά
2516 5792 2649 5843 etei
2671 5790 2797 5861 ὠμὰ
2825 5788 2906 5861 ὠά
2932 5789 2991 5840 οὑ
3025 5788 3399 5861 περιδινείται.
3476 5786 3523 5817 ⁸⁸
3553 5801 3707 5857 περι·-

447 5857 670 5918 δινεῖται
701 5857 760 5926 ε’·
803 5864 848 5894 ”
879 5861 1066 5933 ὥσπερ
1087 5861 1153 5915 τὰ
1181 5857 1318 5932 ἐφθᾶ
1359 5874 1410 5920 ει
1439 5863 1491 5929 5›
1523 5863 1618 5933 τῆς
1649 5863 1772 5918 add.
1806 5864 1868 5916 Λ.
1930 5864 1974 5896 νο
2005 5863 2046 5916 δ’
2077 5863 2134 5916 οὑ
2169 5862 2531 5917 Scluncidcrus
2562 5872 2680 5931 host
2713 5860 3003 5912 Furianum
3030 5874 3042 5921 ;
3066 5857 3127 5908 δὲ
3159 5871 3216 5916 ς.
