3922 6242
176 292 300 358 ἓθ3

1167 295 1692 359 BlBLIOTHECA.
1726 276 1795 335 9-
1828 299 1992 362 COD.
2026 302 2438 365 CCLXXVIII.

3342 311 3448 374 294

185 405 634 480 περιπατοῦντες
684 407 978 477 ίλιγγιῶσι,
1015 408 1111 461 καὶ
1153 409 1239 461 δτι
1269 408 1491 478 μᾶλλον,
1524 407 1618 460 ἐὰν
1651 408 1696 440 ⁸⁷
1725 410 1780 462 ὲν

1887 413 2190 481 patiuntur,
2214 423 2268 469 et
2298 415 2473 484 magis
2503 416 2547 469 si
2579 415 2633 470 in
2667 432 2833 486 parve
2866 419 3037 474 circo.
3079 419 3145 475 Et
3171 421 3348 477 adhuc
3401 425 3449 478 si

185 500 439 552 ἐλάττονι
484 499 696 568 κύκλῳ,
737 501 829 553 καὶ
860 500 939 553 ἔτι
972 500 1066 553 ἐὰν
1098 501 1292 553 θᾶττον
1337 502 1520 561 θέωσι,
1551 501 1646 553 καὶ
1671 501 1772 561 ὅτι,

184 593 232 640 εἰ
304 591 445 658 μετὰ
488 591 724 656 πολλῶν,
779 593 979 661 μᾶλλον
1035 593 1067 662 ἢ
1107 593 1278 662 μόνοι,
1330 596 1423 646 καὶ
1472 595 1560 646 διὰ
1590 595 1642 645 τί
1689 595 1776 647 ἐπ’

183 683 463 753 ἀριστερὰ
505 685 551 715 ⁸⁸
585 684 801 747 θέοντες
831 685 1030 755 μᾶλλον
1058 685 1090 755 ἢ
1143 686 1236 737 ἐπὶ
1269 685 1418 750 δεξιά
1455 688 1523 740 ’⁸.
1555 688 1779 741 Πάντων

187 775 302 840 γὰρ
332 774 543 826 τούτων
576 775 668 827 καὶ
698 774 808 828 τῶν
855 776 1056 845 ὁμοίων
1082 775 1406 846 προείρηται
1443 779 1476 846 ἡ
1509 778 1678 832 αἰτία.
1715 778 1778 830 Εἰ

186 867 301 933 γάρ
346 867 376 915 ὁ
412 867 624 933 ῖλιγγος
667 867 898 934 γίνεται,
938 869 1031 921 ἐάν
1062 885 1146 930 τις
1182 870 1238 920 ὲν
1284 868 1360 937 τῷ
1389 869 1539 940 αὐτῷ
1569 869 1780 941 στρέφῃ

185 958 292 1021 τὴν
330 956 601 1026 κεφαλὴν,
635 957 791 1026 δῆλον
827 959 902 1022 ὡς
941 960 994 1012 ετ
1041 977 1125 1022 τις
1177 961 1344 1027 ἐγγὺς
1406 960 1597 1012 τούτου
1626 961 1781 1031 στρέ-

179 1065 368 1116 φοιτο,
421 1050 654 1118 τάχιστα
708 1051 801 1103 καὶ
861 1051 1098 1120 μάλιστα
1144 1051 1252 1103 τῶν
1301 1049 1476 1103 ἄλλων
1507 1049 1772 1122 ἰλιγγιῴη.

202 1140 537 1207 Ἐγγυτάτω
585 1140 642 1192 δὲ
688 1143 716 1194 ὁ
755 1143 813 1194 ἐν
867 1142 1110 1194 ἐλάττονι
1162 1141 1346 1210 κύκλῳ
1381 1142 1630 1210 στρέφων
1680 1140 1780 1211 τὴν

178 1232 460 1300 κεφαλὴν,
493 1232 588 1284 καὶ
621 1232 744 1285 ὅσον
775 1233 840 1286 ἂν
871 1233 1085 1298 θᾶττον,
1117 1233 1336 1302 μᾶλλον.
1371 1232 1570 1302 Διόπερ
1606 1233 1700 1285 καὶ
1730 1234 1779 1284 οξ

187 1321 412 1382 θέοντες
438 1321 550 1373 τῶν
594 1321 1047 1391 περιπατούντων
1088 1323 1289 1392 μᾶλλον
1339 1321 1630 1389 ἰλιγγιώσι,
1685 1321 1780 1373 καὶ

187 1415 240 1466 οἱ
273 1415 491 1482 ταχέως
535 1414 647 1464 τῶν
689 1414 958 1483 βραδέως·
1006 1413 1186 1466 θέουσι
1241 1414 1349 1482 γὰρ
1398 1412 1780 1481 ἐγκεκλικότες

187 1505 332 1575 πρὸς
391 1505 454 1556 τὸ
499 1504 725 1574 κέντρον
783 1502 1013 1575 [μᾶλλον
1052 1504 1070 1536 ³
1109 1502 1456 1574 ἰλιγγιῶσιν].
1504 1505 1568 1556 υἱ
1605 1502 1650 1555 δ’
1691 1503 1779 1554 ἐπ’

186 1596 466 1665 ἀριστερὰ
496 1595 712 1657 θέοντες
747 1595 857 1648 τῶν
885 1595 979 1647 ἐπὶ
1005 1593 1155 1659 δεξιά
1193 1596 1214 1625 ¹
1247 1595 1470 1666 μᾶλλον,
1504 1595 1636 1649 διότι
1657 1595 1781 1660 ὀξυ-

182 1688 360 1758 τέραν
411 1687 616 1753 γωνίαν
685 1685 896 1738 ποιοῦσι
941 1686 1076 1756 πρὸς
1125 1684 1214 1738 τὸν
1273 1685 1491 1740 κύκλον·
1525 1686 1782 1758 ἐμϐριθέ-

1880 504 2129 557 celeriter
2156 514 2404 570 currant,
2432 515 2486 560 et
2507 509 2677 575 quod,
2696 510 2741 562 si
2774 526 2896 564 cum
2925 511 3068 574 aliis,
3087 514 3262 584 magis
3283 530 3447 583 quam

1880 593 2002 645 soli.
2041 592 2106 645 Et
2140 609 2312 662 quare
2345 597 2398 648 in
2433 595 2710 650 sinistram
2737 609 3043 665 currentes,
3082 605 3261 671 potius
3285 619 3448 671 quam

1880 680 1934 734 in
1967 681 2242 736 dextram.
2269 683 2525 738 Omnium
2552 687 2691 739 enim
2711 688 2905 742 horum
2928 701 2979 743 et
3005 693 3265 746 similium
3286 709 3454 748 causa

1880 773 2024 828 dieta
2055 786 2158 830 est.
2189 774 2244 829 Si
2270 779 2414 830 enim
2453 779 2661 848 vertigo
2696 781 2771 842 fit,
2827 782 2872 834 si
2901 785 3026 851 quis
3049 785 3240 838 eodem
3272 797 3454 840 verte-

1880 865 1950 917 rit
1999 876 2184 933 caput,
2223 868 2572 922 manufestum
2609 881 2689 924 est
2717 873 2860 940 quod
2889 873 2936 926 si
2965 876 3089 942 quis
3113 877 3268 944 juxta
3307 878 3454 933 hunc

1880 955 2133 1010 similiter
2158 969 2421 1026 vertatur,
2449 961 2738 1015 celerrime
2778 973 2831 1016 et
2879 965 3118 1021 maxime
3157 978 3281 1022 ante
3312 970 3451 1026 alios

1880 1049 2198 1120 vertiginem
2229 1054 2490 1121 patiatur.
2542 1053 2798 1109 Proxime
2847 1072 2976 1110 vero
3019 1059 3197 1128 quiin
3240 1062 3454 1117 minore

1881 1143 2086 1204 circulo
2105 1154 2267 1212 caput
2302 1145 2482 1211 vertit,
2513 1155 2565 1200 et
2591 1163 2698 1215 quo
2732 1148 2983 1215 celerius,
3021 1165 3086 1205 eo
3107 1153 3300 1222 magis.
3332 1153 3456 1209 ldeo

1879 1241 1933 1286 et
1972 1242 2258 1288 currentes
2306 1237 2481 1304 magis
2515 1252 2678 1304 quam
2734 1239 3078 1294 ambulantes
3131 1243 3453 1313 vertiginem

1879 1325 2184 1392 patiuntur,
2213 1334 2266 1379 et
2301 1328 2392 1396 qui
2423 1329 2652 1383 celerius
2685 1331 2857 1398 magis
2913 1347 3078 1401 quam
3129 1335 3220 1402 qui
3252 1337 3459 1389 tardius

1883 1413 2137 1475 (currunt
2163 1418 2305 1470 enim
2336 1418 2662 1474 inclinantes
2689 1421 2754 1474 ad
2774 1431 3070 1490 centrum).
3100 1421 3204 1488 Qui
3241 1440 3369 1478 vero
3398 1425 3455 1479 in

1881 1504 2159 1558 sinistram
2191 1518 2440 1572 currunt,
2477 1509 2659 1578 potius
2711 1525 2876 1579 quam
2908 1512 2943 1564 ii
2975 1512 3066 1580 qui
3102 1513 3156 1566 in
3187 1515 3456 1579 dextram,

1881 1597 2026 1665 quod
2092 1599 2392 1653 acutiorem
2459 1601 2719 1672 angulum
2776 1602 2981 1656 faciant
3035 1604 3101 1657 ad
3165 1605 3455 1660 circulum.

1882 1687 2146 1743 Graviora
2176 1691 2321 1743 enim
2368 1706 2490 1744 cum
2543 1693 2652 1745 sint
2677 1693 2888 1758 dextra,
2922 1696 3094 1764 magis
3132 1696 3195 1750 ad
3229 1697 3458 1751 interio-

181 1795 366 1848 στερα
396 1777 507 1847 γάρ
537 1777 666 1830 ὄντα
703 1777 772 1831 τὰ
795 1778 948 1842 δεξιὰ
980 1778 1369 1850 προσϐιάζεται
1407 1779 1606 1850 μᾶλλον
1630 1781 1780 1845 ἐντὸς

1883 1796 1996 1834 rem
2024 1789 2233 1848 partem
2263 1784 2312 1836 vi
2342 1784 2592 1848 tendunt,
2617 1793 2837 1854 propter
2871 1786 3299 1840 imbecillitatem
3332 1803 3459 1856 par-

185 1869 277 1922 διὰ
307 1868 411 1937 τὴν
436 1867 725 1921 ἀσθένειαν
755 1868 864 1921 τῶν
894 1871 1221 1940 ἀριστερῶν.
1253 1873 1363 1924 Καὶ
1395 1873 1440 1923 εἰ
1477 1871 1617 1942 μετὰ
1649 1873 1781 1924 πολ-

185 1958 298 2013 λῶν
335 1959 550 2024 θέουσι,
607 1958 809 2029 μᾶλλον
849 1959 881 2028 ἢ
948 1962 1121 2030 μόνοι,
1155 1961 1293 2013 διότι
1325 1961 1459 2032 πρὸς
1494 1964 1561 2032 τῇ
1595 1962 1782 2033 κύκλῳ

186 2053 475 2123 περιφορᾷ
518 2051 616 2104 xui.
652 2053 687 2121 ή
716 2051 838 2120 ὄψις
875 2052 1292 2122 προσϐάλλουσα
1323 2055 1436 2115 τοῖς
1481 2053 1683 2118 θέουσι,
1706 2055 1781 2123 μὴ

194 2143 430 2212 συνεχὴς
481 2141 640 2206 οὖσα,
682 2144 824 2194 ποιεῖ
864 2141 988 2194 τινὰ
1028 2141 1243 2211 κίνησιν
1289 2143 1346 2194 έν
1374 2141 1452 2209 τῷ
1491 2143 1781 2210 ἐγκεφάλῳ

197 2234 297 2286 καί
339 2235 603 2304 ταραχήν·
635 2233 718 2286 διδ
750 2235 770 2265 ³
806 2233 1076 2302 ίλιγγὶῶσι
1121 2234 1344 2303 μᾶλλον,
1373 2234 1461 2287 διὰ
1499 2233 1561 2287 τὸ
1587 2233 1782 2305 διπλῆν

193 2326 290 2378 τὸν
331 2325 637 2394 ἐγκέφαλον
667 2325 993 2394 ὑφίστασθαι
1042 2325 1277 2396 κίνησιν,
1308 2327 1410 2397 τήν
1449 2343 1510 2379 τε
1540 2327 1648 2380 ἀπὸ
1682 2327 1780 2398 τῆς

191 2418 628 2489 περιδινήσεως,
663 2418 758 2469 καὶ
785 2417 853 2486 ἣν
889 2420 922 2487 ἡ
947 2415 1070 2486 ὄψις
1105 2418 1354 2472 παθοῦσα
1385 2418 1462 2489 τῷ
1491 2419 1782 2488 ἐγκεφάλῳ

187 2508 587 2577 παρέπεμψεν.
632 2509 755 2560 Ὀτι
801 2507 858 2560 δὲ
908 2508 1003 2560 διὰ
1056 2508 1156 2579 τὴν
1206 2510 1304 2579 τῆς
1360 2510 1534 2580 ὄψεως
1566 2511 1780 2580 κίνησιν

189 2601 479 2669 ῖλιγγιῶσι
535 2599 819 2664 πολλάκις,
849 2599 1079 2669 φανερὸν
1113 2603 1178 2655 ἐκ
1203 2602 1434 2655 πολλῶν.
1464 2602 1531 2655 υἶ
1571 2621 1630 2655 τε
1673 2603 1781 2674 γὰρ

186 2693 458 2753 πλέοντες
497 2691 691 2744 θᾶττον
727 2693 822 2744 καὶ
869 2690 1066 2761 μᾶλλον
1126 2691 1149 2722 ⁴
1185 2693 1509 2762 ίλιγγιῶσιν,
1562 2695 1781 2747 ἐπειδὰν

185 2787 304 2847 τοῖς
334 2783 583 2853 κύμασιν
619 2781 988 2851 ἐμϐλέψωσιν,
1024 2782 1118 2834 καὶ
1156 2785 1204 2836 οἱ
1237 2784 1334 2846 τὰς
1375 2783 1579 2855 αἰώρας
1607 2787 1702 2838 καὶ
1733 2788 1781 2838 οί

186 2877 321 2938 τοὺς
367 2875 392 2906 ⁸
440 2875 670 2946 τροχοὺς
716 2873 1049 2944 θεωροῦντες
1078 2874 1216 2944 ταχὺ
1246 2877 1584 2931 σκοτοῦνται.
1633 2877 1782 2946 Ἰλιγ-

188 2967 358 3035 γιῶσι
390 2966 450 3018 δὲ
481 2967 576 3019 καὶ
603 2967 653 3018 ol
694 2965 829 3035 πρὸς
855 2965 923 3017 τὰ
951 2963 1130 3034 ὑψηλὰ
1170 2968 1264 3018 xui.
1289 2967 1504 3035 μεγάλα
1530 2967 1622 3020 καὶ
1646 2968 1783 3022 ἀπό-

187 3076 336 3128 τομα
378 3056 805 3119 ἀποϐλέποντες,
847 3055 934 3108 διὰ
982 3055 1042 3108 τὸ
1079 3055 1398 3125 συμϐαίνειν
1430 3058 1647 3128 μακρὰν
1677 3075 1784 3111 τει-

187 3150 433 3218 νομένην
484 3147 728 3200 σείεσθαι
776 3147 867 3200 καὶ
906 3145 1292 3216 κραδαίνεσθαι
1330 3146 1428 3216 τὴν
1469 3147 1610 3216 διψιψ
1642 3165 1782 3200 σειο-

197 3243 344 3312 μένη
403 3241 460 3294 δὲ
506 3240 603 3293 καὶ
650 3238 1052 3309 κραδαινομένη
1118 3239 1374 3310 ταράττει
1420 3241 1516 3293 καὶ
1549 3243 1690 3293 κινεῖ
1713 3241 1781 3292 τὰ

183 3335 368 3397 ἐντός.
407 3333 534 3395 Τοῖς
566 3331 610 3384 δ’
641 3333 752 3385 ἄνω
806 3325 1099 3400 βλέπουσιν
1153 3330 1212 3382 ού
1267 3331 1553 3400 συμϐαίνει
1577 3332 1636 3384 τὸ
1670 3331 1782 3385 πά·-

193 3426 309 3492 θος,
361 3424 454 3476 διὰ
493 3423 554 3475 τὸ
600 3422 674 3493 μὴ
709 3421 1020 3475 ἀποτείνειν
1059 3423 1278 3492 μακρὰν
1323 3421 1438 3474 ἀλλ’
1473 3423 1778 3493 ἀποτέμνε-

185 3521 325 3572 σθαι
357 3518 379 3548 ⁸
406 3515 488 3587 τῷ
531 3516 693 3584 φωτί.
741 3515 987 3568 Γίνονται
1029 3515 1230 3584 ίλιγγοι
1263 3516 1357 3569 καὶ
1387 3517 1514 3568 ὅταν
1543 3515 1782 3586 βλέπωσι

197 3609 446 3678 συνεχῶς
473 3609 569 3660 καὶ
604 3606 1004 3669 ὲνατενίζωσιν.
1040 3607 1105 3659 Ὃ
1133 3606 1227 3659 καὶ⁵
1253 3606 1615 3677 διαπορείται,
1636 3607 1690 3659 τί
1714 3608 1777 3678 δή

184 3719 328 3756 ποτε
353 3701 374 3732 "
410 3700 594 3769 κύκλῳ
619 3699 945 3769 κινουμένης
982 3699 1080 3768 τῆς
1111 3697 1288 3768 ὅψεως
1336 3699 1431 3752 καὶ
1467 3699 1784 3770 ἠρεμούσης

186 3792 256 3845 τὺ
275 3789 413 3844 αὐτὸ
446 3789 617 3851 πάθος
646 3788 960 3857 συμϐαίνει.
983 3789 1056 3840 Τὸ
1073 3789 1118 3841 δ’
1138 3788 1309 3842 αἴτιον
1333 3789 1433 3858 τῆς
1462 3788 1560 3858 μὲν
1593 3789 1778 3861 κύκλῳ

189 3883 375 3952 φορᾶς
411 3879 538 3953 [860
570 3878 664 3950 H.]
699 3881 951 3949 εἴρηται·
990 3879 1079 3932 διὰ
1115 3879 1166 3931 τί
1206 3879 1262 3932 δὲ
1311 3880 1371 3932 ὲν
1399 3883 1464 3951 τῇ
1500 3881 1782 3934 ἐπιστάσει

182 3975 294 4028 καὶ
321 3973 406 4044 τῷ
434 3971 716 4042 ἁτενισμῷ
742 3972 802 4024 τὸ
830 3971 962 4025 αὐτὸ
978 3971 1266 4041 συμϐαίνει
1293 3972 1461 4034 πάθος
1479 3972 1523 4038 ⁸;
1558 3972 1688 4026 διότι
1713 3973 1784 4027 τὰ

187 4069 256 4122 ἐν
305 4067 377 4136 τῇ
428 4065 643 4134 κινήσει
694 4063 977 4133 σωζόμενα
1004 4063 1037 4132 ἡ
1063 4063 1250 4125 στάσις
1281 4062 1534 4132 διίστησι.
1572 4064 1784 4134 Στάσης

185 4152 291 4210 οὖν
312 4156 418 4225 τῆς
441 4153 640 4224 ὅψεως,
675 4153 864 4206 καὶτὰ
891 4152 1025 4205 ἄλλα
1063 4152 1263 4221 συνεχῆ
1300 4152 1371 4205 τὰ
1410 4154 1468 4205 έν
1515 4152 1593 4223 τῷ
1620 4157 1778 4221 ἐγκε-

183 4245 352 4316 φάλῳ
387 4245 624 4297 ἵσταται.
672 4242 961 4312 Ἱστάμενα
1003 4242 1080 4309 δὲ,
1119 4241 1525 4294 συνδιίσταται⁹
1557 4244 1652 4295 καὶ
1681 4261 1784 4312 χω-

190 4336 415 4408 ρίζεται
458 4336 528 4388 τὰ
560 4333 750 4405 βαρέα,
802 4333 897 4386 καὶ
940 4333 1336 4403 καταϐαρύνει,
1379 4335 1472 4386 καὶ
1517 4336 1660 4386 ποιεῖ
1688 4333 1782 4386 τὸν

1881 1872 2014 1925 tium
2044 1875 2416 1937 sinistrarum,
2459 1884 2514 1928 et
2549 1876 2594 1929 si
2630 1891 2754 1929 cum
2792 1876 2980 1931 multis
3008 1888 3255 1944 currunt,
3286 1879 3458 1948 magis

1879 1980 2042 2033 quam
2080 1969 2173 2034 qui
2221 1967 2324 2020 soli
2363 1984 2375 2020 :
2419 1978 2707 2037 propterea
2759 1969 2905 2038 quod
2951 1969 3018 2024 ad
3064 1970 3460 2026 circumferen-

1880 2057 2010 2108 tiam
2072 2057 2268 2111 circuli
2321 2069 2578 2127 aspectus
2625 2061 2891 2115 accedens
2945 2062 3297 2117 currentibus
3349 2078 3458 2118 non

1880 2147 2197 2209 continuus,
2229 2146 2363 2202 facit
2393 2149 2632 2218 aliquem
2664 2160 2871 2204 motum
2907 2160 2960 2205 et
2987 2152 3354 2206 turbationem
3401 2168 3457 2206 ιιι

1881 2237 2127 2290 cerebro.
2167 2237 2288 2293 Ideo
2317 2241 2640 2310 vertiginem
2673 2244 2847 2312 magis
2881 2243 3182 2312 patiuntur,
3221 2259 3286 2298 eo
3310 2245 3460 2314 quod

1883 2326 2175 2397 dupliciter
2222 2341 2505 2386 moveatur
2554 2333 2866 2400 cerebrum,
2915 2336 3111 2404 partim
3163 2336 3461 2406 agitatione

1883 2418 1936 2470 in
1962 2434 2179 2488 gyrum,
2209 2422 2405 2489 partim
2431 2433 2654 2492 aspectu
2688 2424 2740 2476 in
2767 2426 3050 2478 cerebrum
3071 2426 3271 2483 delato.
3303 2426 3460 2493 Quod

1881 2518 2064 2562 autem
2138 2521 2362 2580 propter
2441 2515 2730 2568 OCUlOI'UIII
2815 2525 3023 2570 motum
3107 2533 3251 2586 5113p!)
3337 2533 3461 2572 ver-

1882 2601 2107 2671 tigincm
2164 2604 2320 2657 multi
2386 2605 2683 2673 patiantur,
2737 2621 2804 2659 ex
2848 2609 3035 2662 multis
3085 2618 3254 2678 patet.
3291 2608 3462 2663 Navi-

1883 2701 2070 2762 gantes
2092 2694 2236 2747 enim
2261 2696 2495 2750 celerius
2525 2707 2579 2750 et
2605 2697 2779 2766 magis
2802 2699 3127 2770 vertiginem
3153 2702 3457 2770 patiuntur,

1883 2799 2007 2838 cum
2035 2783 2236 2839 ﬂuctus
2264 2786 2564 2854 intuentur,
2606 2797 2660 2842 et
2689 2790 3016 2858 agitationes
3043 2803 3096 2845 et
3125 2793 3348 2848 trochos
3379 2794 3461 2847 vi-

1883 2874 2092 2939 dentes,
2127 2878 2310 2928 statim
2345 2878 2596 2932 tenebras
2621 2883 2924 2947 patiuntur.
2955 2880 3287 2952 Vertigincm
3319 2898 3459 2954 quo-

1884 2980 1989 3034 que
2017 2967 2297 3035 patiuntur
2346 2970 2402 3033 ii,
2454 2970 2548 3038 qui
2598 2972 2868 3039 profunda
2913 2974 3204 3028 admodum
3230 2985 3285 3030 et
3315 2992 3459 3046 prae.

1887 3066 2043 3126 rupta
2099 3060 2394 3128 aspiciunt,
2447 3065 2598 3131 quod
2657 3066 2939 3134 contingat
2993 3068 3188 3121 oculos
3241 3068 3460 3137 longius

1885 3157 2141 3203 extensos
2174 3153 2376 3206 moveri
2408 3163 2468 3205 et
2496 3154 2687 3222 agitari
2717 3172 2729 3208 :
2763 3157 2906 3208 oculi
2935 3173 3060 3210 vero
3091 3159 3222 3211 moti
3252 3169 3306 3212 et
3338 3157 3457 3228 agi-

1887 3241 1982 3294 tati
2018 3241 2312 3295 turbantet
2347 3253 2568 3297 movent
2607 3245 2891 3307 interiora;
2923 3246 3015 3314 qui
3040 3261 3168 3299 vero
3223 3262 3460 3314 superna

1886 3334 2180 3401 aspiciunt,
2215 3333 2318 3389 hoc
2347 3352 2453 3388 non
2491 3337 2775 3405 contingit,
2815 3337 2941 3406 quia
2980 3353 3087 3390 non
3124 3338 3280 3408 longe
3309 3341 3461 3408 aspi-

1884 3427 2056 3485 ciunt,
2091 3427 2183 3480 sed
2214 3421 2444 3480 'lntnine
2495 3428 2886 3496 impediuntur.
2921 3428 3087 3482 Fiunt
3140 3431 3458 3501 vertigines,

1883 3517 2102 3586 quando
2129 3519 2390 3572 continuo
2415 3535 2526 3573 rem
2553 3536 2714 3573 unam
2745 3521 2940 3589 527a
2999 3521 3293 3590 aspiciunt.
3324 3521 3460 3577 Illud

1887 3615 2068 3661 autem
2115 3609 2344 3662 dubium
2405 3619 2511 3673 est,
2541 3626 2641 3663 cur
2681 3612 2958 3664 interdum
2999 3613 3158 3666 oculo
3191 3613 3244 3665 in
3271 3613 3460 3667 orbem

1885 3699 2112 3768 agitato,
2149 3708 2202 3753 et
2230 3702 2546 3768 quiescente
2575 3703 2714 3755 idem
2747 3719 2847 3757 usu
2890 3703 3300 3758 veniat?Causa
3329 3718 3461 3760 vero

1885 3795 2068 3840 motus
2131 3786 2280 3840 illius
2316 3789 2376 3840 in
2411 3789 2638 3851 circulo,
2673 3791 2816 3842 dicta
2850 3801 2955 3844 est.
2985 3791 3096 3844 Cur
3128 3806 3256 3846 vero
3290 3792 3345 3846 in
3376 3801 3462 3846 at—

1885 3878 2131 3932 tentione
2187 3888 2240 3932 et
2272 3879 2326 3931 in
2354 3883 2620 3934 continuo
2648 3891 2873 3951 aspectu
2926 3883 3027 3936 iste
3061 3883 3215 3936 dolor
3245 3885 3465 3940 contin-

1883 3969 2016 4040 gat?
2048 3969 2195 4038 quod
2229 3986 2352 4038 quae
2375 3971 2426 4023 in
2455 3981 2600 4026 motu
2627 3972 2774 4025 salva
2809 3982 2985 4036 erant,
3016 3975 3176 4028 Statio
3211 3990 3273 4029 ac
3304 3982 3462 4046 quies

1884 4063 2072 4132 agitat.
2113 4062 2397 4116 Stantibus
2442 4063 2608 4130 igitur
2631 4063 2825 4128 oculis,
2866 4075 2921 4118 et
2976 4066 3082 4118 alia
3116 4068 3464 4123 continenter

1884 4150 1939 4205 in
1962 4153 2190 4205 cerebro
2222 4162 2389 4206 stant.
2419 4152 2630 4206 Stantia
2667 4169 2794 4206 vero
2843 4155 3178 4218 dividuntur,
3222 4169 3278 4210 et
3305 4173 3460 4226 sepa-

1884 4254 2074 4296 rantur
2111 4245 2314 4312 gravia,
2354 4252 2408 4297 et
2440 4255 2739 4311 gravantur
2766 4254 2819 4298 et
2849 4244 3059 4299 faciunt
3111 4247 3458 4316 vertiginem.

1886 4334 1949 4388 Et
1979 4351 2175 4390 cursus
2210 4335 2263 4388 in
2293 4351 2483 4405 gyrum
2521 4345 2739 4404 separat
2764 4336 2948 4405 gravia
2986 4353 3014 4390 a
3045 4337 3276 4392 levibus.
3309 4338 3461 4396 Facit

182 4431 435 4498 Ιλιγγον.
491 4429 600 4480 Καὶ
632 4428 667 4498 ἡ
699 4426 883 4496 κύκλῳ
922 4425 1063 4496 φορά
1112 4425 1170 4478 δὲ
1220 4425 1456 4496 διίστησι
1485 4425 1556 4478 τὰ
1605 4425 1779 4496 βαρέα

1886 4445 2014 4483 vero
2041 4430 2327 4484 oculorum
2357 4429 2617 4483 demissio
2647 4431 2809 4484 etiam
2834 4432 3147 4502 vertigines.
3181 4431 3316 4488 Nam
3363 4436 3459 4489 de—

185 4523 291 4576 καὶ
325 4522 403 4574 τὰ
430 4519 629 4587 κοῦφα.
660 4521 812 4572 Ποιεί
843 4519 900 4571 δὲ
934 4519 1026 4571 καὶ
1055 4518 1116 4571 τὸ
1146 4517 1371 4570 κύπτειν
1394 4517 1654 4585 ἰλίγγους’
1687 4521 1782 4572 καὶ

185 4617 303 4687 γὰρ
330 4617 394 4667 ὲν
413 4613 495 4681 τῷ
531 4613 758 4666 κύπτειν
787 4609 1081 4682 χωρίζεται
1121 4609 1192 4662 τὰ
1225 4609 1397 4680 βαρέα
1427 4611 1524 4664 καὶ
1554 4610 1623 4663 τὰ
1653 4610 1781 4664 έλα-

186 4708 331 4777 φρὰ,
367 4704 438 4757 τά
473 4704 571 4774 μὲν
604 4703 739 4766 ἄνω,
793 4703 860 4755 τὰ
904 4703 961 4756 δὲ
996 4703 1167 4756 κάτω*
1219 4703 1298 4754 δεῖ
1343 4703 1402 4755 δὲ
1451 4703 1567 4772 ἅμα
1613 4699 1776 4766 εἶναι,

188 4796 363 4870 [1572
397 4793 492 4867 11.]
523 4793 774 4864 καθάπερ
809 4793 1026 4864 ἐλέχθη.
1078 4794 1229 4845 Ποιεί
1280 4793 1338 4845 δὲ
1381 4794 1442 4845 τὸ
1474 4794 1644 4855 πάθος
1685 4795 1776 4846 καὶ¹

193 4886 488 4958 πλησμονὴ
523 4885 619 4939 καὶ
660 4884 860 4948 ἔνδεια,
896 4887 929 4956 ή
969 4885 1067 4954 μὲν
1099 4884 1275 4938 ἔνδεια
1310 4883 1582 4954 σύντηξιν,
1637 4885 1669 4954 ἡ
1719 4886 1777 4938 δὲ

190 4978 490 5050 πλησμονὴ
523 4978 852 5048 περίττωσιν
891 4976 1142 5038 ποιοῦσα,
1180 4976 1322 5030 ὥστε
1354 4977 1583 5048 πλήρεις
1626 4977 1777 5045 γίνε-

191 5075 321 5129 σθαι
351 5075 394 5107 ¹⁰
430 5073 559 5136 τοὺς
585 5074 809 5143 πόρους.
855 5070 1107 5123 Ἀνιοῦσα
1131 5069 1240 5141 γὰρ
1272 5071 1404 5140 παρ’
1439 5069 1577 5122 αὐτὰ
1611 5071 1652 5101 ¹¹
1685 5071 1780 5123 καὶ

194 5165 545 5229 καταϐαίνει,
601 5166 697 5219 καὶ
719 5164 952 5233 διίστησι
982 5161 1080 5224 τὰς
1108 5162 1410 5231 περιόδους·
1444 5162 1582 5231 ὅπερ
1622 5161 1773 5213 ἐστὶν

195 5259 425 5328 ἴλιγγος.
465 5259 590 5311 Ὀτι
619 5257 712 5310 καὶ
741 5255 796 5308 αἱ
848 5254 1008 5324 μέθαι
1054 5254 1149 5305 καὶ
1200 5255 1256 5305 αἱ
1304 5255 1642 5326 φαρμακεῖαι
1695 5253 1789 5304 καὶ

196 5352 264 5404 τά
293 5350 663 5421 παραπλήσια
712 5345 958 5400 ποιοῦσιν
1000 5344 1262 5412 ἰλίγγους·
1315 5346 1348 5412 ὴ
1403 5345 1512 5415 γὰρ
1554 5343 1789 5414 ὑγρότης

1885 4521 2146 4574 missione
2207 4520 2493 4574 oculorum
2547 4532 2877 4587 separantur
2927 4525 3109 4592 gravia
3153 4539 3183 4576 a
3229 4525 3457 4579 levibus.

1882 4609 2009 4664 Haec
2058 4609 2278 4679 quidem
2313 4625 2552 4673 sursum,
2602 4610 2692 4664 illa
2727 4626 2857 4664 vero
2897 4612 3149 4665 deorsum
3185 4612 3456 4667 feruntur.

1881 4700 2114 4770 Oportet
2144 4715 2274 4754 vero
2306 4699 2469 4754 simul
2505 4715 2648 4767 esse,
2672 4710 2730 4753 ut
2762 4702 2964 4755 dictum
2990 4711 3092 4756 est.
3134 4703 3462 4775 Vertigincm

1879 4811 2095 4866 quoque
2107 4795 2259 4849 all'ert
2273 4795 2602 4850 abundantia
2617 4806 2670 4850 et
2689 4796 3308 4868 indigentiaJndigentia
3331 4817 3466 4853 con-

1879 4889 2268 4956 sumptionem.
2287 4887 2620 4941 abundantia
2649 4887 3077 4956 superﬂuitatcm
3099 4888 3247 4952 facit,
3274 4898 3332 4943 ut
3361 4891 3459 4957 ple-

1880 4979 1934 5030 ni
1964 4978 2071 5031 sint
2094 4975 2231 5044 pori.
2260 4974 2387 5029 Ilaec
2427 4977 2571 5029 enim
2608 4977 2697 5030 ubi
2723 4977 2993 5040 ascendit,
3023 4979 3460 5040 moxdescendit,

1889 5080 1944 5125 et
1995 5070 2186 5124 dividit
2251 5070 2711 5125 circuitnszliinc
2770 5072 2998 5141 vertigo.
3053 5072 3353 5126 Ebrietates
3411 5080 3466 5123 et

1891 5161 2236 5222 veneﬁcium,
2263 5169 2317 5214 et
2343 5160 2448 5213 alia
2472 5159 2693 5220 similia,
2724 5161 3021 5230 vertigines
3070 5162 3296 5216 faciunt.
3351 5157 3466 5211 llu-

1894 5266 2014 5303 mor
2069 5252 2213 5304 enim
2293 5250 2515 5304 aliunde
2577 5249 2847 5315 incidens,
2904 5250 3242 5304 turbationes
3293 5259 3463 5302 creat.

1897 5341 2114 5393 Stantes
2162 5341 2335 5411 magis
2396 5357 2562 5411 quam
2627 5337 2880 5397 sedentes
2904 5342 3219 5411 vertiginem
3249 5339 3466 5410 patiun-

1493 5479 1723 5536 VARIAE
1763 5478 2166 5534 LECTIONES.

267 5604 312 5634 ³⁷
330 5603 427 5654 ἐὰν
451 5616 566 5654 om.
601 5599 661 5653 Β.
693 5601 741 5632 ’⁸
771 5600 1062 5670 ἀριστερᾷε
1089 5599 1135 5633 ⁸⁸
1153 5595 1310 5670 δεξιᾷ
1331 5611 1400 5670 ς.

207 5672 396 5725 θᾶττον
416 5672 476 5727 Β.
531 5671 615 5724 ⁵οἱ
642 5665 1103 5731 alite—.bagatidA.
1147 5665 1572 5734 ⁶ὑποτέμνεσθαι
1590 5666 1646 5719 Β.
1721 5667 1740 5696 ⁷
1777 5683 1903 5718 ποτε
1935 5670 2128 5719 Αιπου
2157 5685 2217 5730 ς.

1818 5737 1857 5767 ¹¹
1888 5737 1981 5790 καὶ
2000 5735 2273 5808 postuma
2297 5751 2404 5790 οιιι.
2425 5735 2487 5789 Α.

204 5744 244 5772 ¹⁸
260 5742 503 5810 γίνεσθαι
530 5740 1134 5812 apud‘Tlieopbrastum
1151 5747 1233 5795 cst
1259 5756 1271 5793 :
1294 5738 1382 5792 hic
1404 5735 1653 5805 γενέσθαι
1679 5751 1736 5798 ς.

1486 5593 1503 5625 ¹
1529 5593 1750 5665 μᾶλλον]
1769 5595 1847 5647 διὸ
1876 5594 2147 5665 μᾶλλονΒ.
2207 5597 2226 5626 ¹
2259 5595 2352 5665 ἐπὶ
2380 5597 2448 5646 τὰ
2471 5592 2623 5658 δεξιὰ
2740 5664 2747 5665 7
2775 5593 2796 5625 ³
2825 5593 2957 5647 διότι
2982 5611 3043 5657 ς.
3106 5593 3128 5624 ⁸
3155 5592 3355 5660 μᾶλλον
3373 5595 3466 5646 καὶ

2293 5664 2314 5696 ⁸
2345 5665 2514 5727 πάθος
2545 5663 2830 5729 συμϐαίνει
2857 5682 2918 5727 ς.
2997 5667 3016 5694 ⁸
3052 5666 3365 5717 συνίσταται
3401 5667 3464 5715 Λ.

2586 5735 2897 5805 "dilargita
2926 5733 3464 5807 ap.'l‘ltcophrastutn
