3912 6234
446 279 554 346 9.95

1613 277 1879 338 PHOTII
1912 276 2457 342 ..PATRIARCH/E
2490 277 2601 338 CP.

3619 277 3728 343 296

444 401 558 448 tur.
593 387 729 444 Nam
756 388 1156 459 quicscentium
1178 388 1381 443 humor
1406 386 1463 440 in
1492 387 1672 455 capite
1695 387 1876 456 magis
1899 402 2031 442 con-

2141 389 2170 456 ἡ
2221 385 2609 457 ἀλλοτρίωςξ¹³
2661 385 3016 456 ἐμπίπτουσα
3070 392 3214 441 ποιεῖ
3267 389 3363 460 τὴν
3451 395 3724 462 ταραχήν.

449 483 614 538 sistit.
649 481 879 556 Quando
922 497 1050 536 vero
1082 482 1245 536 iidem
1293 488 1603 544 moventur,
1638 479 1836 534 humor
1867 481 2030 536 dissi-

448 586 632 647 patur,
666 574 791 629 etin
829 589 993 628 unam
1017 583 1226 644 partem
1260 573 1506 630 incidens
1535 573 1855 642 vertiginem
1879 572 2028 628 facit.

874 850 1129 920 Ejusdem
1164 850 1228 905 de
1263 851 1598 906 lassitudine.
1634 916 1650 925 _

518 943 1006 1007 Descendentium,
1042 944 1164 998 loco
1231 943 1473 1007 declivi,
1543 943 1748 998 femora
1801 944 2033 999 maxime

445 1038 742 1100 lassantur,
799 1037 1211 1091 ascendentium
1243 1047 1434 1090 contra
1475 1037 1620 1091 tibia:
1655 1054 1667 1088 :
1705 1037 1832 1106 quia
1862 1037 1913 1089 in
1945 1052 2034 1092 as-

447 1146 612 1185 censu
645 1131 799 1183 labor
827 1139 912 1183 est
938 1129 1189 1183 elevandi
1233 1129 1483 1198 corporis
1531 1145 1692 1184 onus.
1735 1129 1833 1182 Cui
1871 1130 2033 1194 igitur

447 1235 590 1274 onus
621 1220 908 1283 incumbit,
951 1229 1003 1273 et
1024 1236 1053 1273 a
1097 1236 1205 1288 quo
1235 1221 1464 1284 tollitur,
1491 1220 1608 1288 ejus
1647 1220 1920 1275 maximus
1950 1229 2034 1274 est

449 1311 623 1366 labor.
671 1314 739 1365 At
771 1312 823 1365 in
876 1313 1266 1366 descendendo
1323 1312 1478 1366 labor
1519 1312 1616 1376 ﬁt,
1661 1314 1790 1382 quia
1834 1328 2032 1382 corpus

449 1405 674 1467 decidit,
708 1413 762 1458 et
785 1413 978 1458 contra
1008 1415 1256 1458 naturam
1291 1414 1562 1475 portatur.
1599 1404 1946 1475 Quapropter
1975 1405 2028 1458 in

448 1497 594 1566 quod
642 1497 814 1565 magis
848 1496 1038 1551 incidit
1077 1498 1317 1565 pondus,
1352 1497 1481 1551 huic
1509 1498 1781 1551 maximus
1813 1512 2031 1567 quoque

448 1598 532 1644 est
568 1588 738 1641 labor.
771 1587 969 1642 Verum
1001 1600 1058 1641 ut
1089 1589 1238 1642 tibia:
1272 1589 1658 1643 descendendo
1681 1589 1854 1658 magis
1881 1589 2032 1642 labo-

447 1691 598 1738 rant.
627 1681 704 1734 sic
732 1680 935 1734 femora
957 1681 1009 1734 in
1037 1681 1408 1737 ascendendo.
1433 1682 1586 1746 Quod
1614 1691 1794 1737 autem
1844 1680 2032 1751 gravia

447 1774 703 1828 deorsum
743 1772 1311 1832 ferantur.dillici|ins
1369 1783 1451 1829 est
1497 1775 1813 1839 ascendere,
1865 1787 2030 1842 quam

449 1862 806 1917 descendere.
852 1861 1137 1918 Molestius
1167 1874 1251 1918 est
1276 1863 1504 1917 brachio
1537 1879 1634 1934 per
1668 1879 1901 1917 vacuum
1951 1862 2035 1933 ja-

448 1972 573 2010 cere
629 1954 893 2024 lapidem,
935 1956 1020 2009 vel
1067 1955 1212 2008 aliud
1263 1957 1394 2024 quid
1449 1972 1634 2024 grave,
1673 1955 1802 2025 quia
1856 1956 2030 2025 magis

446 2049 725 2102 convellit.
750 2047 867 2100 Non
898 2047 1042 2100 enim
1077 2048 1348 2102 incumbit
1369 2047 2029 2119 alicui,quemadmodum

449 2141 542 2209 qui
571 2141 723 2210 jacit,
756 2139 982 2209 ponderi
1012 2140 1159 2210 quod
1213 2140 1265 2194 iu
1293 2156 1454 2194 manu
1489 2151 1593 2195 est.

520 2324 781 2392 {Equales
812 2323 913 2376 viae
951 2321 1126 2392 magis
1153 2321 1473 2392 defatigant,
1500 2339 1661 2393 quam
1713 2322 2028 2393 inaequales,

448 2419 593 2486 quod
636 2418 837 2471 nimius
881 2426 1060 2470 motus
1119 2415 1282 2470 faciat
1341 2416 1766 2481 lassitudinem;
1830 2417 2030 2468 nimius

449 2521 654 2575 autem,
711 2511 911 2581 527b
965 2513 1257 2566 continuus
1295 2551 1310 2572 ,
1365 2521 1419 2566 et
1479 2528 1621 2566 unus
1670 2530 1682 2565 :
1737 2514 2032 2583 inaequales

450 2621 579 2658 vero
607 2613 825 2673 pmpter
851 2604 1186 2658 mutationes
1212 2604 1449 2673 quietem
1474 2604 1706 2658 afferunt
1739 2622 1752 2658 :
1779 2608 1830 2658 in
1849 2621 2035 2674 aequa-

451 2697 595 2749 libus
616 2711 768 2759 vero,
817 2695 1125 2749 similitudo
1154 2687 1339 2765 ti'gura:
1370 2693 1498 2748 facit
1547 2699 1865 2749 continuum
1912 2711 2032 2748 mo-

451 2796 589 2841 tum.
621 2785 826 2840 Defessi
865 2802 1050 2839 semen
1093 2787 1297 2855 aegrius
1327 2785 1630 2847 continent,
1688 2784 1812 2852 quia
1853 2784 2031 2838 calida

450 2890 507 2933 et
540 2878 762 2931 humida
811 2887 939 2932 sunt
987 2893 1220 2947 corpora
1278 2886 1499 2946 propter
1527 2877 2028 2944 consumptioncm.

451 2971 584 3026 Tale
608 2972 880 3041 veroquid
909 2980 993 3026 est
1023 2971 1300 3025 seminalis
1331 2970 1430 3023 vis.
1475 2967 1575 3035 Qui
1625 2969 1802 3037 supini
1831 2969 2032 3035 jacenl,

453 3064 746 3120 solutionis
777 3065 975 3117 viriqu
1024 3063 1226 3116 habent
1259 3077 1503 3124 causam,
1561 3061 1629 3115 iis
1706 3070 2035 3128 cooperatur

452 3158 593 3211 situs
639 3157 731 3211 ille
761 3157 826 3209 ad
878 3167 1203 3209 nocturnam
1239 3153 1465 3208 seminis
1492 3152 1862 3206 emissionem.
1897 3150 2031 3204 Cor-

452 3265 587 3319 pora
611 3250 838 3304 humida
866 3250 1039 3317 magis
1071 3249 1344 3302 laboriosa
1385 3255 1513 3300 sunt
1538 3261 1700 3314 quam
1720 3245 1880 3305 dura,
1909 3242 2035 3312 quia

453 3343 836 3405 imbecilliora,
878 3351 932 3414 et
965 3341 1009 3396 si
1051 3340 1159 3394 alio
1187 3343 1348 3394 modo
1383 3339 1517 3392 dura
1553 3338 1685 3401 sint,
1712 3336 2028 3390 audaciora.

2145 480 2266 531 Ὀτι
2315 480 2660 548 ἀνιστάμενοι
2710 479 2909 548 μᾶλλον
2959 481 2993 551 ἢ
3023 479 3356 550 ἕκαοίζοντες
3431 483 3728 552 ἰλιγγιῶσι,

2139 569 2276 624 διότι
2315 568 2669 639 ἠρεμούντων
2730 568 2828 639 μὲν
2890 571 3205 646 συνίσταται
3261 573 3321 626 τὸ
3351 575 3524 644 ὑγρὸν
3560 578 3623 627 ἐν
3662 579 3727 646 τῇ

2137 661 2348 730 κεφαλῇ
2398 661 2583 724 πλέον,
2620 661 2747 713 ὅταν
2790 660 2846 712 δὲ
2877 645 3154 727 κινῶνται,
3189 665 3483 730 διίσταται,
3518 669 3618 720 καὶ
3651 645 3729 730 είς

2135 751 2193 805 ἓν
2237 753 2426 825 μόριον
2471 755 2743 820 ἐμπῖπτον
2768 757 2915 806 ποιεῖ
2937 755 3029 807 τὸν
3059 756 3290 823 ἴλιγγον.

2406 845 2518 900 Τοῦ
2539 845 2725 900 αὐτοῦ
2756 848 2798 878 ¹³
2829 848 2898 900 ἐκ
2927 847 3033 901 τοῦ
3067 850 3203 916 περὶ
3227 851 3449 904 κόπων.

2207 937 2330 990 Ὅτι
2352 936 2776 1000 καταϐαίνοντες
2811 938 2909 1008 μὲν
2937 940 3102 991 τόπον
3156 941 3399 1010 κατάντη
3458 942 3596 1004 τοὺς
3625 959 3729 1013 μη-

2135 1029 2264 1098 ροὺς
2297 1029 2534 1098 μάλιστα
2563 1029 2840 1096 πονοῦσιν,
2862 1031 3246 1094 ἀναϐαίνοντες
3275 1033 3333 1084 δὲ
3353 1033 3450 1096 τὰς
3481 1035 3724 1104 κνήμας,

2131 1119 2266 1172 διότι
2294 1120 2434 1172 κατά
2471 1120 2567 1188 μὲν
2585 1119 2682 1189 τὴν
2708 1121 2972 1174 ἀνάϐασιν
2997 1125 3025 1174 6
3057 1122 3218 1186 πόνος
3240 1123 3332 1176 τοῦ
3369 1125 3550 1193 αἴρειν
3583 1141 3722 1197 φορ-

2133 1210 2247 1262 τίον
2275 1210 2336 1262 τὸ
2367 1209 2526 1279 σῶμα
2566 1210 2775 1277 γίνεται
2794 1227 2808 1242 ο
2842 1206 2885 1279 ᾧ
2913 1213 3006 1265 οὖν
3036 1213 3310 1267 ἐπίκειται
3347 1215 3407 1266 τὸ
3431 1215 3604 1284 βάρος
3632 1220 3725 1269 καὶ

2131 1295 2176 1369 ᾧ
2206 1301 2442 1372 αἴρεται,
2471 1302 2647 1372 τούτῳ
2685 1303 2917 1373 μάλιστα
2941 1305 2969 1356 6
2991 1305 3170 1367 πόνος.
3225 1307 3312 1358 Ἐν
3341 1307 3397 1359 δὲ
3428 1324 3510 1377 τῳ
3553 1326 3726 1362 κατα-

2133 1399 2338 1452 ϐαίνειν
2376 1401 2404 1451 6
2429 1397 2592 1461 πόνος
2647 1401 2706 1452 ὲν
2753 1398 2832 1469 τῷ
2865 1400 3161 1469 ἐμπίπτειν
3216 1401 3425 1469 γίνεται
3465 1404 3528 1456 τὸ
3563 1404 3724 1473 σῶμα

2131 1493 2227 1545 καὶ
2259 1491 2535 1564 παρωθεῖν
2563 1491 2714 1563 παρὰ
2748 1494 2931 1560 φύσιν⁹
2960 1492 3101 1548 ὥστε
3145 1491 3239 1547 οὖν
3341 1496 3579 1566 μάλιστα
3631 1480 3725 1568 ἐμ-

2132 1582 2324 1636 πίπτει
2385 1583 2480 1636 καὶ
2536 1583 2778 1648 σαλεύει,
2819 1585 2994 1655 τούτῳ
3045 1586 3279 1655 μάλιστα
3312 1588 3528 1641 καὶτὸν
3563 1590 3723 1641 πόνον

2131 1676 2369 1745 ἐμποιεῖ.
2415 1675 2504 1738 Ὠς
2529 1670 2622 1728 οὖν
2661 1677 2694 1746 ἡ
2725 1677 2911 1747 κνήμη
2940 1678 3141 1746 μᾶλλον
3170 1680 3231 1732 ἐν
3260 1679 3337 1749 τῷ
3365 1680 3654 1734 ἀναϐαίνει
3681 1682 3721 1712 ¹⁵

2134 1767 2462 1834 κακοπαθεῖ,
2492 1768 2666 1833 οὕτως
2704 1772 2732 1823 6
2767 1771 2940 1840 μηρὸς
2971 1771 3029 1823 ὲν
3067 1771 3145 1839 τῷ
3177 1773 3549 1830 καταϐαίνειν.
3579 1777 3720 1828 Διότι

2060 1861 2108 1918 Β
2134 1859 2190 1913 δὲ
2217 1859 2285 1913 τὰ
2315 1859 2454 1932 βάρη
2481 1861 2631 1914 κάτω
2659 1861 2909 1946 φχέρεται,
2967 1863 3347 1933 χαλεπώτερον
3376 1865 3438 1918 τὸ
3487 1866 3718 1920 ἀναϐαί-

2136 1969 2247 2005 νειν
2280 1953 2372 2006 τοῦ
2398 1954 2749 2028 καταϐαίνειν
2793 1956 2858 2010 ιδ.
2893 1955 3018 2008 Ὅτι
3049 1957 3460 2027 κοπιαρὼτερον
3489 1958 3569 2027 τῷ
3594 1958 3721 2028 βρα-

2137 2044 2274 2114 χίονι
2327 2044 2414 2097 διὰ
2477 2045 2641 2114 κενῆς
2697 2047 2908 2115 ῥίπτειν
2951 2047 2984 2116 ἢ
3020 2047 3168 2100 λίθον
3214 2048 3246 2118 ἢ
3282 2048 3410 2102 ἄλλο
3439 2066 3495 2102 τι
3533 2049 3715 2120 βάρος,

2135 2136 2271 2190 διότι
2296 2138 2877 2208 σπασματωδέστερον.
2909 2139 2984 2193 Οὐ
3013 2140 3120 2210 γὰρ
3155 2141 3526 2210 ἀπερείδεται,
3547 2141 3718 2196 καθά-

2137 2243 2243 2298 περ
2279 2231 2307 2282 6
2330 2229 2556 2298 βάλλων,
2587 2229 2726 2300 πρὸς
2753 2231 2844 2284 τὸν
2871 2233 2928 2284 ὲν
2961 2235 3031 2301 τῇ
3061 2233 3202 2302 χειρὶ
3229 2233 3414 2300 ὄγκον.

2211 2314 2335 2374 Ὀτι
2361 2323 2408 2374 οἱ
2450 2321 2644 2390 όμαλοὶ
2668 2323 2710 2354 ¹⁶
2729 2322 3020 2392 περίπατοι
3048 2322 3156 2375 τῶν
3187 2324 3491 2392 ἀνωμάλων
3527 2341 3718 2376 κοπια-

2139 2409 2388 2483 ρώτεροι,
2425 2414 2559 2466 διότι
2595 2415 2628 2483 ἡ
2663 2413 2834 2484 πολλὴ
2865 2415 3079 2483 κίνησις
3110 2417 3253 2467 ποιεῖ
3311 2416 3480 2468 κόπον
3501 2432 3514 2446 ·
3549 2416 3718 2484 πολλὴ

2136 2502 2182 2555 δ’
2209 2505 2242 2574 ἠ
2274 2504 2505 2574 συνεχὴς
2537 2506 2630 2558 καὶ
2665 2505 2783 2574 μία.
2837 2506 2901 2556 Al
2949 2504 2990 2534 "
3016 2505 3060 2557 δ’
3095 2505 3374 2575 ἀνώμαλοι
3427 2507 3570 2559 κατὰ
3624 2505 3719 2566 τὰς

2140 2597 2445 2667 μεταϐολὰς
2476 2598 2722 2651 ποιοῦσιν
2749 2597 3057 2649 ἀνάπαυσιν
3077 2613 3093 2627 ’
3117 2598 3174 2649 ἐν
3201 2597 3256 2649 δὲ
3281 2599 3392 2660 τοῖς
3419 2597 3647 2667 ὁμαλοῖς
3679 2597 3720 2628 ¹⁸

2139 2690 2456 2759 ήόμοιὸτης
2497 2688 2590 2740 τοῦ
2628 2688 2906 2758 σχήματος
2955 2688 3330 2759 ἀπεργάζεται
3389 2691 3590 2759 συνεχῆ
3625 2689 3720 2758 τὴν

2139 2782 2374 2850 κίνησιν.
2417 2782 2538 2832 Ὅτι
2569 2778 2966 2850 ἐξονειρωτικοὶ
3001 2782 3049 2832 οἱ
3082 2780 3406 2844 κοπιῶντες,
3430 2781 3566 2832 διότι
3600 2781 3722 2850 θερ-

2144 2872 2219 2942 μά
2255 2871 2347 2923 καὶ
2377 2869 2630 2939 κάθυγρα
2660 2869 2729 2921 τὰ
2770 2867 2998 2938 σώματα
3030 2868 3238 2935 γίνεται
3268 2867 3355 2920 διὰ
3392 2868 3493 2937 τὴν
3527 2868 3718 2937 σύντη-

2141 2962 2241 3028 ξιν.
2283 2963 2345 3015 Ἦ
2373 2962 2430 3014 δὲ
2454 2960 2680 3030 τοιαύτη
2729 2959 2970 3021 διάθεσις
3028 2960 3400 3030 σπερματική.
3466 2959 3592 3012 Ὀτι
3625 2958 3717 3011 καὶ

2141 3053 2324 3106 ὕπτιοι
2350 3054 2704 3105 κατάκεινται
2732 3052 2818 3104 διὰ
2846 3051 2945 3122 τὴν
2973 3050 3210 3104 ἔκλυσιν.
3263 3051 3523 3122 Συνεργεῖ
3563 3050 3623 3102 δὲ
3657 3051 3717 3102 τὸ

2143 3146 2328 3215 σχῆμα
2359 3145 2519 3197 τοῦτο
2543 3144 2634 3196 καὶ
2665 3144 2800 3213 πρὸς
2826 3145 2953 3205 τοὺς
2977 3141 3423 3212 ὲξονειρωγμούς.
3463 3141 3584 3212 [86I
3625 3138 3713 3210 IL]

2147 3240 2271 3291 ’Ότι
2328 3239 2396 3290 τὰ
2440 3237 2584 3306 ὑγρά
2614 3234 2844 3305 σώματα
2883 3234 3268 3305 κοπιαρώτερα
3296 3234 3406 3287 τῶν
3439 3233 3714 3304 σκληρῶν,

2138 3330 2274 3382 διότι
2299 3329 2683 3397 ἀσθενέστερα,
2721 3330 2770 3381 εί
2829 3329 2922 3382 καὶ
2967 3327 3126 3382 ἄλλον
3172 3327 3371 3398 τρόπον
3400 3325 3469 3380 τὰ
3505 3325 3717 3395 σκληρά

2139 3420 2502 3491 εὐθραυστότε
2513 3436 2578 3488 ρα
2607 3418 2668 3470 ¹⁹.

456 3518 712 3589 Ejusdem
740 3518 804 3571 de
846 3516 1243 3581 animantibus,
1277 3532 1393 3585 qua:
1441 3532 1558 3568 cum
1586 3515 1738 3583 copia
1767 3515 2031 3568 visuntur.

2145 3512 2255 3566 Τοῦ
2287 3511 2474 3566 αὑτοῦ
2502 3515 2546 3544 ²⁰
2574 3514 2642 3566 ἐκ
2665 3511 2768 3566 τοῦ
2791 3511 2924 3589 περὶ
2945 3511 3064 3565 τῶν
3087 3511 3315 3580 ἀθρόως
3341 3513 3718 3582 φαινομένων

523 3669 895 3724 Animantium
915 3668 1060 3741 (25*)
1084 3685 1204 3740 quae
1221 3685 1342 3725 cum
1363 3671 1511 3740 copia
1532 3671 1800 3734 visuntur,
1817 3687 1921 3724 non
1941 3687 2034 3726 ea-

453 3762 576 3816 dem
610 3771 694 3814 cst
724 3761 969 3815 omnium
996 3777 1164 3816 causa
1187 3779 1200 3813 :
1227 3763 1319 3816 sed
1348 3763 1453 3816 alia
1483 3764 1677 3817 horum
1706 3773 2036 3832 generantur

457 3857 662 3920 subito,
696 3865 756 3909 ut
784 3871 1010 3919 muscaa,
1043 3871 1163 3923 qua:
1185 3857 1236 3908 in
1270 3857 1606 3912 exercitibus
1653 3868 1705 3912 et
1750 3858 2032 3911 hominum

455 3948 789 4018 frequentia,
820 3961 874 4003 et
919 3948 1069 4002 hisce
1108 3948 1296 4013 finitis,
1349 3949 1533 4016 plures
1566 3959 1825 4017 praeterea
1878 3948 2032 4004 fiunt.

454 4039 641 4094 Fimus
699 4038 848 4092 enim
913 4047 966 4094 et
1007 4039 1240 4092 aliarum
1293 4054 1473 4093 rerum
1530 4041 1784 4108 putredo,
1837 4041 2030 4094 harum

455 4142 612 4186 ortus
656 4147 844 4186 causa.
875 4131 996 4184 Alia
1017 4147 1144 4184 vero
1169 4130 1320 4200 prius
1352 4131 1570 4200 quidem
1605 4131 1900 4195 exsistunt,
1938 4131 2033 4185 sed

454 4236 722 4294 apparent
755 4224 1126 4293 postpluvias,
1163 4235 1222 4276 ut
1247 4223 1511 4284 cochleae,
1543 4232 1599 4277 ct
1634 4239 1814 4291 parva:
1862 4239 2029 4276 rame.

453 4315 573 4370 Non
603 4316 748 4368 enim
785 4314 967 4383 pluvia
993 4314 1272 4375 decidunt.
1313 4322 1372 4368 ut
1397 4314 1646 4368 nonnulli
1686 4322 1902 4380 putant,
1938 4313 2031 4366 sed

455 4419 587 4464 tunc
632 4408 919 4475 prodeunt,
983 4421 1107 4460 cum
1157 4416 1313 4459 antea
1373 4407 1425 4459 in
1460 4416 1602 4460 terra
1629 4403 1852 4468 fuerint,
1887 4409 2030 4473 quod

456 4517 598 4571 aqua
625 4503 676 4554 in
714 4517 904 4555 eorum
949 4499 1219 4555 foramina
1249 4500 1460 4554 inﬂuat.
1495 4499 1589 4553 Est
1621 4510 1675 4554 ct
1695 4501 1841 4553 aliud
1875 4516 2034 4554 rana-

456 4609 578 4648 rum
613 4609 785 4662 genus
817 4603 1009 4662 praeter
1031 4609 1125 4647 eas
1155 4609 1274 4661 quae
1312 4593 1363 4646 in
1395 4593 1623 4647 lacubus
1654 4602 1708 4646 et
1740 4593 2032 4661 paludibus

456 4696 606 4741 sunt.
639 4685 1041 4739 ll'lultiludinem
1075 4697 1255 4739 autem
1306 4687 1499 4740 harum
1530 4695 1584 4739 et
1626 4685 1854 4738 aliarum
1889 4685 2032 4758 [ani-

457 4775 749 4847 mantium]
783 4777 954 4846 gignit
995 4780 1235 4846 ipsarum
1285 4779 1638 4847 prosperitas.
1673 4778 1862 4832 Potius
1909 4787 2032 4846 post

2827 3582 3001 3642 ζώων.

2211 3675 2333 3727 Ὅτι
2360 3673 2468 3727 τῶν
2497 3673 2692 3744 ἀθρόον
2714 3673 2759 3705 ²¹
2793 3674 3136 3744 φαινομένων
3177 3671 3333 3736 ζώων
3375 3673 3471 3743 οὐχ
3514 3676 3547 3744 ἠ
3578 3675 3716 3744 αὑτὴ

2137 3767 2356 3819 πάντων
2380 3765 2551 3828 αἰτία,
2580 3765 2720 3839 ἀλλὰ
2747 3765 2855 3817 τῶν
2886 3764 2986 3834 μὲν
3019 3765 3116 3817 καὶ
3139 3766 3172 3835 ἡ
3196 3765 3406 3832 γένεσις
3428 3765 3594 3828 εὐθὺς
3613 3783 3715 3835 φα-

2135 3855 2291 3926 νερὰ,
2338 3856 2528 3926 ὥσπερ
2579 3857 2688 3911 τῶν
2717 3855 2890 3928 μυιῶν
2912 3857 2982 3922 ¹¹,
3011 3857 3067 3908 αἳ
3093 3859 3149 3909 ὲν
3174 3859 3285 3920 τοῖς
3329 3860 3714 3929 στρατοπέδοις

2136 3949 2232 4003 καὶ
2253 3950 2308 4002 ὲν
2336 3951 2457 4013 ταῖς
2486 3948 2826 4020 πανηγύρεσι
2855 3947 2950 4000 καὶ
2987 3949 3124 4017 μετὰ
3153 3949 3212 4001 τὸ
3255 3951 3548 4020 παρελθεῖν
3576 3952 3712 4004 αὑτά

2135 4043 2217 4096 ἔτι
2249 4043 2448 4112 μᾶλλον
2483 4043 2758 4112 γίνονται·
2795 4043 2999 4095 τούτων
3028 4042 3135 4113 γὰρ
3164 4043 3198 4112 ἥ
3229 4059 3290 4095 τε
3329 4045 3534 4114 κόπρος
3568 4046 3715 4099 αἰτία

2137 4137 2228 4189 καὶ
2270 4139 2300 4204 ἠ
2340 4136 2447 4188 τῶν
2481 4136 2656 4188 ἄλλων
2690 4135 2870 4204 σῆψις.
2913 4135 3083 4189 Ἀλλα
3110 4135 3168 4187 δὲ
3215 4138 3560 4206 προϋπάρχει
3595 4137 3713 4205 μὲν,

2133 4225 2451 4294 ὲκφαίνεται
2477 4227 2523 4256 ’³
2547 4225 2604 4278 δὲ
2633 4226 2720 4278 διὰ
2747 4226 2869 4289 τοὺς
2904 4227 3114 4291 ὑετοὺς,
3138 4225 3327 4296 ῶσπερ
3347 4227 3402 4278 οῖ
3417 4244 3476 4279 τε
3502 4226 3714 4296 κοχλίαι

2132 4320 2229 4370 καὶ
2281 4320 2332 4370 οἱ
2383 4318 2571 4387 μικροὶ
2621 4317 2914 4387 βάτραχοι·
2972 4317 3032 4371 οὐ
3065 4318 3174 4388 γὰρ
3227 4316 3432 4383 ὕονται,
3467 4316 3544 4380 ὥς
3571 4335 3714 4377 τινες

2132 4409 2412 4482 ᾠήθησαν,
2440 4410 2573 4463 ἀλλὰ
2603 4410 2995 4480 προφαίνονται
3034 4409 3213 4479 μόνον,
3251 4409 3391 4462 κατά
3431 4412 3538 4478 γῆς
3587 4409 3715 4461 ὄντα

2133 4501 2420 4572 πρότερον,
2453 4501 2541 4554 διὰ
2565 4502 2624 4553 τὸ
2659 4505 2864 4571 εἰσρεῖν
2886 4503 2946 4555 τὸ
2984 4501 3125 4570 ὕδωρ
3177 4501 3255 4562 εἰς
3310 4500 3412 4563 τὰς
3464 4501 3716 4568 θαλάμας

2132 4593 2330 4646 αὐτῶν.
2371 4593 2533 4645 Ἀλλο
2561 4595 2618 4646 δὲ
2650 4595 2805 4662 γένος
2840 4597 2957 4648 ἐστὶ
3006 4594 3165 4646 τοῦτο
3223 4594 3515 4664 βατράχων
3562 4597 3714 4663 παρὰ

2131 4685 2192 4738 τὸ
2224 4687 2281 4738 ἐν
2311 4687 2430 4748 ταῖς
2468 4687 2685 4756 λίμναις
2721 4689 2813 4740 καὶ
2859 4691 2972 4749 τοῖς
3021 4688 3270 4756 τέλμασι.
3322 4687 3394 4738 Τὸ
3420 4686 3478 4738 δὲ
3511 4685 3715 4753 πλῆθος

2133 4779 2228 4832 καὶ
2261 4779 2422 4832 τοῦτο
2459 4781 2553 4833 καὶ
2595 4780 2704 4832 τῶν
2734 4781 2929 4847 ἄλλων,
2985 4782 3112 4834 ὅταν
3142 4780 3539 4850 εὺοηνήσωσιν.
3592 4779 3718 4831 ’Ὁτι

456 4867 619 4921 finem
653 4878 1020 4922 conventuum
1051 4877 1106 4922 et
1146 4871 1482 4923 exercituum
1519 4885 1677 4938 quam
1702 4871 1829 4923 dum
1854 4870 2031 4924 adhuc

2141 4871 2341 4940 μᾶλλον
2367 4870 2412 4901 ’θ
2467 4874 2604 4942 μετὰ
2631 4873 2728 4935 τὰς
2777 4873 3049 4935 διαλύσεις
3078 4873 3172 4924 καὶ
3215 4872 3319 4924 τῶν
3346 4871 3716 4939 πανηγύρεων

454 4961 674 5025 durant,
712 4975 913 5014 musca:
945 4961 1220 5014 oriuntur.
1251 4959 1532 5030 Contingit
1574 4963 1742 5025 enim,
1799 4962 1867 5015 iis
1891 4978 2030 5030 prie-

453 5050 741 5119 sentibus,
825 5060 1044 5122 propter
1098 5051 1444 5121 quotidiauos
1500 5068 1630 5105 usus
1695 5063 1751 5105 et
1830 5063 2029 5115 motus,

2138 4965 2233 5018 καὶ
2261 4964 2370 5017 τῶν
2397 4967 2842 5037 στρατοπέδων,ἦ
2871 4967 2950 5019 ἔτι
2970 4966 3397 5036 συνισταμένων,
3418 4967 3470 5017 αἱ
3493 4966 3652 5032 μυῖαι
3672 4963 3715 4990 ’³

2139 5056 2400 5124 γίνονται.
2435 5057 2729 5126 Συμϐαίνει
2759 5060 2866 5127 γὰρ
2895 5058 3178 5128 παρόντων
3209 5056 3307 5126 μὲν
3342 5056 3428 5108 διὰ
3462 5054 3560 5116 τὰς
3588 5052 3715 5106 καθ-

1747 5211 1978 5266 VARLE
2018 5214 2424 5273 LECTIUNES.

529 5329 573 5359 ¹³
601 5326 694 5378 τοῦ
730 5327 894 5379 αὑτοῦ
925 5342 1034 5380 om.
1065 5328 1131 5380 Α.
1211 5328 1253 5359 ¹³
1282 5324 1614 5380 ἀναϐαίνειν.

457 5399 498 5430 ’⁷
527 5396 603 5466 αἱῖ
637 5399 818 5450 malim
875 5400 945 5450 οί.
1069 5399 1110 5429 ’⁸
1139 5397 1394 5466 ὀμαλέσιν
1422 5397 1486 5448 Α.

455 5469 500 5499 ¹⁰
531 5469 634 5520 Τοῦ
670 5468 832 5538 σὺτοῷ
896 5469 1090 5521 οιιι.Λ.
1193 5469 1236 5538 ξι
1269 5467 1478 5538 ἁθρόως
1510 5466 1568 5519 Β.

459 5540 636 5602 αἰτίας
660 5555 772 5594 om.
809 5536 870 5592 B.
950 5539 994 5571 ³⁸
1031 5539 1161 5608 μῦαι
1186 5537 1251 5594 Α.

1717 5324 1760 5355 ⁸⁸
1797 5327 2146 5381 καταϐαίνειν
2170 5330 2211 5380 Β
2243 5347 2258 5383 :
2296 5332 2647 5384 καταϐαίνειν
2687 5362 2756 5371 -
2782 5331 3093 5386 ἀναϐαίνειν
3121 5348 3183 5394 ς’.

1617 5394 2125 5472 ’θξύθρσξυπτότερα
2151 5401 2210 5461 Β,
2267 5403 2666 5472 εὐθρασέστιρα
2753 5403 3033 5470 ς.Α‹ιυὶιΙ
3087 5403 3300 5472 haheat,
3367 5394 3712 5472 tt¢_i:n_liqu_e_t-

1664 5467 1708 5496 ²²
1749 5468 1898 5534 μυιὶιν
1929 5473 1993 5522 Α.
2062 5465 2113 5502 “²³
2131 5473 2254 5540 ἐκφ.
2287 5473 2344 5524 δὲ
2367 5465 2417 5526 Ἀ
2451 5490 2465 5536 ;
2500 5465 2744 5541 καῖὲκφ.
2767 5465 2834 5537 ές.
2909 5465 2952 5505 ¹’³
2983 5474 3064 5525 ὅτι
3091 5471 3338 5541 μᾶλλον·⁵
3365 5500 3378 5507 ο
3412 5466 3519 5522 5‘38
3541 5467 3569 5521 ὁ
3622 5465 3709 5520 57-

3291 5329 3336 5358 ’⁸
3395 5329 3470 5395 ὀμ
3509 5325 3622 5387 λεῖς
3652 5323 3709 5375 B-

1968 5648 2200 5704 NOTAE.

533 5770 677 5828 (25H
712 5770 841 5828 Vide
869 5771 1096 5828 Luciani
1137 5774 1200 5828 dc
1230 5788 1418 5829 musca
1453 5773 1712 5839 libellum,
1751 5784 1801 5828 ct
1828 5771 2105 5828 Giruldum
2140 5770 2202 5824 dc
2235 5769 2340 5825 Diis
2367 5772 2629 5841 gentium.
