3922 6242
248 286 358 351 297

1243 288 1769 349 BIBLIO’I‘HECA.
1811 314 1878 323 -
1930 287 2094 348 COD.
2130 288 2541 351 CCLXXVIII.

3432 298 3538 360 298

250 394 529 468 Ἶμερινὰς
565 394 758 466 χρείας
793 395 888 448 καὶ
912 410 1158 464 κινησεις
1179 394 1347 467 [1575
1385 395 1477 468 8.]
1523 397 1838 467 φθείρεσθαι

1945 396 2219 467 corrumpi
2266 400 2647 467 generationes
2675 414 2888 468 earum,
2923 413 3076 460 motu
3098 420 3316 476 semper
3344 422 3403 465 et
3423 428 3536 464 IIIII-

252 489 358 551 τὰς
398 487 645 555 γενέσεις
667 485 871 549 αὑτῶν,
927 488 1195 554 κινήσεως
1254 488 1343 541 ἀεὶ
1399 489 1495 541 καὶ
1545 487 1849 558 μεταϐολῆς

250 580 579 650 γινομένης,
619 576 697 640 ώς
725 578 773 609 ⁸⁸
799 580 859 632 ἐν
886 582 1000 641 τοῖς
1027 579 1230 643 ἄλλοις,
1261 581 1355 634 καὶ
1377 582 1459 644 ζὲν
1504 582 1690 643 αὑτοῖς
1734 583 1848 643 τοῖς

251 671 619 739 καθάρμασιν
642 667 1062 739 ὲκϐαλλομένοις
1093 670 1275 723 αὑτῶν
1296 687 1310 702 ο
1337 672 1467 725 ὅταν
1496 671 1553 725 δὲ
1584 670 1850 724 διαλυθῶ-

252 780 370 827 om,
406 763 644 833 ⁴ἡσυχίας
673 761 969 834 γινομένης
993 762 1131 831 ταχὺ
1163 762 1498 817 συντελεῖται
1543 763 1632 816 διά
1661 763 1723 817 τὸ
1772 764 1848 834 μὴ

249 852 354 905 ὑπ’
381 852 601 916 οὐδενὸς
627 852 958 921 κωλύεσθαι,
1008 856 1203 924 μέχρις
1224 854 1271 885 ’⁷
1303 847 1364 908 οὗ
1396 853 1463 908 ἂν
1514 854 1754 926 ξηρανθῇ
1789 857 1850 909 τὸ

248 948 317 997 ἐν
347 947 466 1009 τοῖς
498 946 855 1015 καθάρμασιν
910 945 1098 1017 ὑγρόν.
1146 946 1209 998 Ἥ
1246 945 1347 1016 μὲν
1396 946 1489 1000 οὑν
1535 946 1646 999 τῶν
1676 948 1849 1017 μυιῶν

246 1038 475 1104 γένεσις
503 1038 727 1106 ταχεῖαν
744 1034 790 1065 ’⁸
810 1037 905 1090 καὶ
929 1036 1151 1103 πολλὴν,
1174 1035 1510 1107 ώςξείρηται,
1525 1035 1623 1107 τὴν
1638 1040 1849 1104 γένεσιν

246 1128 555 1197 λαμϐάνειο
611 1128 661 1181 οί
713 1127 771 1181 δὲ
799 1127 1078 1181 ἀττέλεϐοι
1103 1129 1198 1181 καὶ
1234 1130 1289 1181 αί
1317 1128 1543 1200 ἀκρίδες
1572 1129 1848 1198 πανταχοῦ

250 1221 361 1294 μέν
389 1224 550 1281 εἰσιν,
576 1221 653 1284 ὡς
682 1223 880 1286 εἰπεῖν,
913 1221 1175 1290 πλήθεται
1192 1221 1249 1274 δὲ
1272 1221 1447 1275 ταῦτα
1470 1220 1549 1292 τῷ
1570 1238 1629 1274 τε
1652 1222 1848 1285 τόπους

248 1315 498 1377 οἰκείους
536 1312 840 1383 λαμϐάνειν
884 1314 981 1368 καὶ
1012 1314 1090 1384 τῷ
1128 1313 1203 1385 μὴ
1228 1314 1637 1386 διαφθείρεσθαι
1666 1315 1845 1368 αὑτῶν

249 1404 328 1458 τὰ
360 1404 465 1468 ώά,
490 1403 519 1455 ὃ
559 1402 850 1472 συμϐαίνει
887 1402 976 1457 διὰ
1005 1403 1104 1474 τὴν
1154 1402 1354 1473 ἀργίαν
1384 1405 1482 1468 τῆς
1528 1402 1746 1475 χώραςο
1787 1406 1846 1457 ὲν

248 1496 373 1565 γὰρ
427 1496 497 1566 τῇ
552 1494 947 1566 γεωργουμένη
999 1494 1351 1548 ἀπόλλυνται.
1386 1495 1477 1547 Διὸ
1526 1496 1620 1548 καὶ
1657 1497 1721 1549 ἐκ
1743 1496 1846 1566 τῆς

250 1588 479 1656 ἐρήμου
507 1584 599 1637 καὶ
628 1585 907 1655 ἀργούσης
946 1585 1349 1656 καταφέρονται
1370 1586 1506 1657 πρὸς
1533 1588 1635 1657 τὴν
1667 1589 1847 1640 οἰκου-

256 1678 438 1745 μένην
471 1674 565 1727 καὶ
586 1675 912 1745 ἐργάσιμον.
951 1675 1353 1745 Ἐγχρονίζουσι
1382 1677 1438 1731 δὲ
1476 1678 1508 1749 ἥ
1538 1678 1628 1732 διὰ
1659 1678 1719 1732 τὸ
1746 1696 1844 1732 πε-

1953 483 2161 538 tatione
2196 484 2360 547 facta,
2392 501 2502 555 quo
2533 488 2698 543 modo
2749 499 2803 545 et
2838 490 2894 547 in
2932 492 3057 549 aliis
3114 494 3337 560 occidit,
3368 497 3449 550 sic
3486 508 3537 552 et

1952 572 2006 625 in
2039 571 2128 627 his
2157 587 2284 627 cum
2338 574 2599 629 sordibus
2636 576 2845 644 ejectis.
2894 578 3129 644 Quando
3175 597 3309 636 vero
3357 585 3571 647 soluta,

1952 660 2158 718 fuerint
2210 676 2414 727 castra,
2464 675 2520 720 et
2566 680 2890 731 conventus,
2928 672 3111 740 quiete
3155 672 3319 738 facta,
3353 680 3558 731 statim.

1952 762 2304 820 generantur,
2350 754 2479 822 quia
2539 770 2702 808 nemo
2752 758 3024 825 prohibet,
3073 760 3249 816 donec
3298 762 3351 816 in
3407 762 3539 832 ipsi-

1951 845 2314 913 sterquiliniis
2350 846 2546 900 humor
2602 848 2839 911 exaruit,
2887 865 3107 914 muscae,
3160 861 3221 907 ut
3270 852 3533 920 diximus,

1950 936 2221 1003 celeriter,
2257 949 2305 993 et
2337 953 2463 992 cum
2497 940 2655 1009 copia
2687 939 3019 1010 gignuntur:
3080 944 3233 999 bruci
3291 961 3422 1000 vero
3480 960 3536 1002 et

1949 1026 2177 1083 locustae
2206 1030 2411 1100 ubique
2442 1038 2592 1094 sunt,
2623 1040 2685 1085 ut
2726 1034 2807 1086 sic
2835 1032 3038 1089 dicam.
3074 1036 3369 1092 Abundant
3400 1054 3529 1093 vero

1949 1121 2079 1190 quia
2122 1123 2341 1193 propria
2377 1123 2493 1179 loca
2549 1133 2847 1195 occupant,
2904 1136 2960 1181 et
3020 1142 3209 1182 eorum
3261 1145 3361 1185 ova
3422 1148 3534 1186 non

1948 1226 2395 1286 corrumpuntur.
2436 1217 2653 1273 Accidit
2683 1218 2789 1275 hoc
2818 1220 2945 1290 quia
2985 1235 3093 1274 non
3128 1222 3327 1277 colitur
3360 1226 3531 1295 regio.

1951 1304 2008 1359 Si
2036 1307 2181 1360 enim
2208 1322 2338 1377 ager
2358 1309 2592 1371 colatur,
2625 1310 3066 1382 exstinguuntur,
3088 1313 3212 1367 inde
3239 1329 3305 1368 ex
3322 1315 3534 1373 deserta

1946 1407 2002 1453 et
2026 1397 2232 1455 inculta
2260 1400 2484 1470 regione
2513 1401 2763 1458 feruntur
2794 1401 2862 1457 ad
2895 1401 3211 1473 frequenter
3234 1405 3532 1462 habitatam

1947 1497 2002 1545 et
2029 1492 2249 1547 cultam.
2279 1491 2478 1564 528a
2521 1493 2732 1549 Durant
2763 1510 2895 1550 vero
2931 1495 3047 1563 diu,
3082 1498 3167 1552 vel
3225 1498 3349 1568 quia
3379 1499 3533 1556 locus

1946 1582 2073 1637 altis
2102 1583 2380 1639 montibus
2415 1584 2670 1655 cingitur,
2725 1594 2779 1639 et
2813 1587 2911 1641 hos
2937 1602 3196 1656 superare
3265 1604 3373 1644 non
3437 1606 3533 1645 va-

1947 1673 2083 1738 lent,
2111 1675 2195 1729 vel
2219 1685 2444 1746 propter
2472 1678 2915 1733 commoditatem
2937 1680 3173 1750 regionis
3199 1698 3215 1735 :
3248 1683 3371 1739 talis
3423 1694 3529 1747 est,

254 1765 549 1837 ριέχεσθαι
579 1766 639 1818 τὸ
689 1767 890 1835 χωρίον
928 1764 1112 1835 ὄρεσιν
1167 1767 1389 1838 ὑψηλοῖς
1421 1772 1514 1821 καί
1570 1770 1842 1841 ὑπερᾶραι

1948 1766 2149 1833 mollis,
2193 1770 2509 1839 tranquilla,
2543 1779 2597 1825 et
2633 1770 2879 1836 humida,
2913 1782 2968 1826 et
2996 1771 3232 1828 roscida.
3296 1774 3532 1833 Molesta!

250 1858 440 1911 ταῦτα
477 1857 553 1928 μὴ
581 1858 866 1921 δύνασθαι,
895 1857 928 1927 ἢ
955 1858 1044 1910 διὰ
1066 1859 1128 1911 τὸ
1162 1860 1465 1929 ἐπιτήδειον
1505 1861 1605 1931 τῆς
1629 1860 1842 1932 χώρας*

251 1949 491 2018 τοιαύτη
518 1949 576 2001 δὲ
605 1950 640 2019 ἦ
673 1964 733 2000 τε
766 1948 982 2018 μαλακὴ
1012 1950 1105 2002 καὶ
1138 1951 1319 2004 νοτίδα
1359 1952 1559 2022 ἔχουσα
1597 1954 1692 2006 καὶ
1720 1954 1845 2024 δρο-

257 2042 505 2103 σοϐόλος.
540 2041 790 2094 Χαλεπαὶ
822 2039 922 2110 μὲν
949 2040 1044 2094 οὖν
1100 2043 1196 2095 καὶ
1226 2045 1283 2095 αί
1326 2044 1568 2115 ἀκρίδες,
1598 2046 1847 2115 χαλεπώ-

256 2151 413 2205 τεροι
442 2134 503 2186 δὲ
542 2134 592 2185 οἰ
644 2132 948 2199 ἀττέλεϐοι,
989 2133 1315 2186 καὶτούτων
1349 2135 1585 2204 μάλιστα
1615 2135 1709 2199 οὓς
1741 2152 1844 2189 κα-

261 2226 362 2277 λοῦ
374 2242 419 2275 τι
450 2224 716 2296 βρούκους
748 2224 815 2278 ²⁹.
866 2223 931 2277 Ἦ
957 2224 1014 2277 δὲ
1038 2224 1252 2293 γένεσις
1279 2226 1459 2280 αὐτῶν
1484 2227 1541 2293 ἐξ
1574 2226 1842 2299 ἀλλήλων.

262 2317 423 2379 Τινὲς
441 2316 499 2369 δὲ
537 2316 743 2369 οἴονται
773 2316 873 2369 οὐκ
898 2317 1120 2387 ἀκριϐεῖ
1142 2318 1375 2388 σημείῳ,
1406 2318 1483 2389 τῷ
1516 2320 1766 2389 χρώματι
1797 2319 1843 2353 ⁸⁸

258 2407 628 2477 παραπλήσιά
651 2424 808 2470 τινας
851 2408 1033 2460 αὐτῶν
1059 2406 1205 2478 ἔχειν
1234 2411 1344 2471 τοῖς
1376 2410 1434 2461 έν
1460 2412 1527 2480 τῇ
1559 2410 1731 2481 χώρα,
1759 2412 1843 2465 ὅτι

255 2503 357 2553 καὶ
386 2501 714 2570 αὐτόματος·
745 2500 903 2570 δῆλον
927 2501 1036 2572 γὰρ
1092 2502 1175 2555 ὅτι
1226 2504 1289 2555 τὸ
1324 2502 1565 2556 τοιοῦτον
1590 2505 1698 2558 ἀπὸ
1742 2504 1844 2575 τῆς

253 2594 491 2663 τροφῆς,
516 2592 632 2645 ἀλλ’
659 2594 759 2645 οὐκ
787 2592 897 2646 ἀπὸ
922 2591 1025 2663 τῆς
1081 2594 1349 2662 γενέσεως
1395 2595 1843 2666 προσλαμϐάνου-

254 2701 368 2737 σιν.
422 2684 488 2737 Ἡ
514 2685 571 2738 δὲ
596 2684 774 2754 φθορά
801 2685 1005 2738 τούτων
1032 2686 1066 2755 ἡ
1097 2687 1195 2756 μέν
1216 2687 1361 2739 ἐστιν
1381 2682 1491 2740 οἷον
1530 2689 1732 2758 φυσική
1756 2705 1842 2753 τις

247 2774 355 2827 καὶ
385 2773 657 2844 λοιμώδης
681 2774 809 2846 (ὑπὸ
860 2773 995 2828 κύνα
1021 2776 1129 2845 γὰρ
1181 2776 1404 2847 οἰστρᾷ,
1437 2777 1535 2829 καὶ
1565 2776 1840 2844 ὲγγίνεταί

248 2883 307 2919 τι
335 2865 646 2933 σκωλήκιον
675 2868 734 2919 ὲν
772 2868 837 2937 τῇ
885 2868 1118 2938 κεφαλῇ,
1149 2871 1242 2919 καὶ
1273 2867 1598 2939 φθείρεται),
1636 2870 1669 2939 ἡ
1698 2868 1757 2921 δὲ
1783 2872 1841 2922 ὲν

251 2961 323 3030 τῇ
360 2960 719 3029 μετακινήσει
754 2958 850 3011 καὶ⁵
905 2958 972 3029 τῇ
1004 2959 1234 3029 πτήσει’
1263 2958 1392 3011 ὅταν
1440 2960 1547 3030 γὰρ
1577 2959 1837 3030 ἀρθῶσιν,

253 3048 371 3102 ὑπὸ
396 3048 507 3101 τῶν
530 3049 749 3120 ἀνέμων
782 3049 1182 3121 καταφέρονται
1205 3050 1285 3112 είς
1312 3049 1411 3121 τὴν
1443 3049 1717 3104 θάλασσαν
1746 3052 1839 3104 καὶ

257 3144 602 3218 φθείρονται.
644 3143 773 3216 [862
797 3144 890 3217 H.]
919 3144 1235 3216 Φθείρονται
1260 3146 1317 3198 δὲ
1347 3145 1443 3199 καὶ
1474 3145 1562 3199 διὰ
1597 3146 1839 3217 χειμῶνα

254 3238 358 3289 καὶ
385 3235 556 3306 ψύχος
589 3238 684 3290 καὶ
718 3237 857 3290 αὐτά
895 3237 990 3290 καὶ
1022 3238 1088 3291 τά
1135 3237 1219 3290 ώά
1271 3238 1475 3293 αὐτῶν.
1526 3237 1839 3309 Φθείρονται

255 3329 316 3382 δὲ
340 3330 438 3381 καὶ
470 3332 535 3380 ἐκ
570 3329 815 3399 μηχανῆς
847 3325 1180 3401 ἀνθρώπωνο
1221 3329 1463 3401 τάφρους
1487 3331 1596 3401 γὰρ
1623 3330 1839 3383 ποιοῦν-

254 3437 352 3484 τες
376 3419 791 3475 συνελαύνουσιν
825 3420 964 3476 αὑτά
989 3423 1071 3485 εἰς
1112 3422 1283 3485 αύτάς
1331 3422 1395 3487 ³¹,
1428 3422 1524 3475 καὶ
1558 3438 1839 3493 καταχων-

252 3510 453 3573 νύντες
472 3510 894 3582 διαφθείρουσιν.
928 3509 1052 3564 Ὅτι
1074 3511 1205 3581 ζτῶν
1234 3511 1411 3580 ὄφεων
1458 3511 1549 3565 δύο
1577 3514 1699 3566 τινά
1741 3513 1841 3583 τῆς

254 3602 531 3672 γενέσεως
559 3602 708 3656 αίτιά
736 3604 883 3657 ἐστιν
903 3619 921 3638 ο
955 3603 989 3676 ἢ
1023 3603 1131 3675 γὰρ
1160 3603 1267 3676 ἀὴρ
1296 3604 1589 3676 ἔπομϐρος,
1618 3606 1653 3677 ἢ
1684 3607 1841 3661 πόλε-

260 3713 358 3767 μοι
417 3696 513 3749 καὶ
568 3696 755 3767 χύσεις
785 3696 1056 3767 αἱμάτων,
1101 3698 1130 3752 ὃ
1169 3699 1356 3769 σχεδὸν
1412 3700 1508 3754 καὶ
1535 3700 1841 3772 τῶνζάλλων

260 3789 473 3860 θηρίων
496 3789 596 3859 τῆς
625 3788 893 3857 γενέσεως
920 3793 1113 3847 αἴτιον.
1156 3791 1247 3857 Ἐξ
1273 3786 1334 3847 οὗ
1386 3809 1519 3847 ποτε
1567 3799 1662 3849 καὶ
1710 3795 1840 3868 περὶ

257 3879 562 3934 Θετταλίαν
614 3880 819 3951 πλῆθος
855 3880 1033 3952 ὄφεων
1079 3883 1358 3954 ἱστοροῦσι
1407 3885 1681 3952 γενέσθαι.
1716 3887 1840 3941 Ὀτι

259 3973 361 4023 καὶ
391 3972 439 4024 οί
473 3970 608 4041 μύες
633 3972 691 4025 ὲν
718 3974 838 4036 ταῖς
861 3972 1122 4043 ἀρούραις
1146 3974 1339 4044 ἀθρόον
1360 3976 1617 4043 γίνονται,
1654 3980 1748 4031 καὶ
1781 3981 1839 4031 ἐν

257 4066 375 4125 τοῖς
405 4063 638 4133 αὐχμοῖς
660 4064 861 4132 μᾶλλον
891 4063 927 4136 ἢ
966 4067 1023 4117 ὲν
1051 4068 1171 4130 ταῖς
1199 4067 1549 4138 ὲπομϐρίαις’
1582 4070 1839 4142 πολέμιον

258 4156 373 4224 γάρ
402 4156 585 4217 αὐτοῖς
615 4155 687 4209 τὰ
718 4155 907 4210 ὕδατα.
940 4155 1243 4226 Πολύγονον
1263 4157 1321 4211 δὲ
1343 4159 1403 4212 τὸ
1447 4161 1604 4225 ζῶον.
1650 4162 1842 4215 Ἀπόλ-

255 4246 417 4300 λυται
451 4248 510 4299 δὲ
531 4249 598 4317 τῇ
637 4247 735 4318 μὲν
765 4249 998 4318 ἐμφανεῖ
1030 4250 1127 4303 καὶ
1153 4249 1351 4313 ἔξωθεν
1379 4252 1553 4323 φθορᾷ
1591 4253 1675 4308 διὰ
1704 4254 1840 4325 πλῆ-

254 4341 353 4402 θος
382 4340 592 4394 ὑδάτων
615 4356 628 4371 ·
656 4339 813 4393 τοῦτο
846 4340 955 4411 γὰρ
978 4341 1072 4394 καὶ
1104 4341 1207 4407 ἔξω
1230 4344 1479 4414 χειμάζει
1508 4346 1601 4398 καὶ
1630 4348 1709 4410 είς
1741 4348 1839 4411 τὰς

1947 1874 2112 1929 porro
2136 1868 2267 1915 sunt
2298 1860 2548 1925 locustae,
2576 1870 2632 1917 at
2661 1862 3007 1920 molestiores
3035 1865 3221 1923 bruci:
3252 1877 3307 1923 et
3335 1870 3529 1924 horum

1948 1954 2206 2017 maxime,
2246 1969 2386 2025 quos
2430 1965 2629 2010 vocant
2670 1955 2952 2022 baructos,
2986 1956 3082 2011 sed
3127 1973 3319 2012 eorum
3374 1970 3529 2014 ortus

1946 2062 2012 2100 ex
2043 2062 2161 2102 sese
2185 2048 2420 2102 invicem
2461 2059 2709 2103 mutuus.
2742 2048 2923 2118 Aliqui
2964 2063 3097 2103 vero
3151 2059 3361 2116 putant.
3418 2068 3528 2107 non

1945 2142 2183 2195 evidenti
2214 2140 2393 2211 signo,
2432 2141 2615 2197 colore
2655 2141 2862 2197 similes
2908 2141 3120 2212 aliquos
3164 2159 3355 2198 eorum
3407 2161 3531 2201 esse

1946 2233 2342 2303 regionalibus,
2397 2242 2588 2303 sponte
2637 2248 2734 2289 sua
2770 2234 2920 2289 nasci
2954 2252 2969 2286 ι
3006 2234 3350 2290 manifestum
3380 2238 3527 2293 enim

1946 2326 2090 2395 quod
2121 2326 2227 2380 tale
2256 2325 2816 2396 quidanutrimento,
2858 2326 2951 2381 sed
2987 2343 3095 2382 non
3126 2341 3157 2381 a
3180 2329 3529 2398 generatione

1943 2416 2234 2481 accipiant.
2269 2416 2561 2485 Corruptio
2589 2430 2721 2472 vero
2754 2416 2954 2471 horum
2995 2416 3103 2472 alia
3161 2418 3377 2487 quidem
3428 2434 3528 2473 na-

1943 2507 2137 2562 turalis
2184 2514 2271 2561 est
2310 2515 2365 2561 et
2430 2505 2731 2576 pestilens:
2765 2506 2869 2560 sub
2904 2505 3152 2560 canicula
3177 2506 3322 2559 enim
3357 2516 3528 2561 oestro

1944 2599 2201 2670 agitatur,
2227 2610 2281 2653 et
2305 2598 2483 2653 oritur
2512 2598 2591 2653 illi
2626 2599 2961 2654 vermiculus
2987 2598 3041 2653 in
3069 2600 3266 2668 capite,
3314 2607 3370 2654 et
3400 2614 3526 2655 cor-

1944 2690 2218 2762 rumpitur
2245 2705 2260 2743 :
2290 2690 2394 2745 alia
2420 2705 2551 2745 vero
2570 2705 2637 2746 ex
2667 2699 2819 2745 motu
2849 2698 2904 2745 et
2933 2689 3143 2745 volatu.
3170 2688 3305 2744 Nam
3325 2690 3525 2746 sublati

1943 2782 2145 2857 [bruci]
2173 2800 2203 2838 a
2234 2784 2411 2838 ventis
2440 2783 2494 2837 in
2535 2798 2686 2838 mare
2717 2782 2971 2837 feruntur
2997 2792 3052 2837 et
3077 2791 3524 2852 corrumpuntur.

1941 2877 2380 2947 Corrumpuntur
2403 2891 2533 2932 vero
2562 2876 2724 2931 etiam
2758 2884 2981 2947 pr0pter
3008 2875 3240 2930 hiemem
3263 2886 3316 2931 et
3330 2874 3525 2946 frigus,

1942 2966 2043 3033 ipsi
2075 2976 2129 3020 et
2189 2980 2289 3020 ova
2322 2980 2512 3020 eorum
2546 2982 2560 3018 :
2596 2966 3023 3035 exstinguuntur
3057 2980 3187 3021 vero
3245 2976 3300 3022 et
3342 2966 3525 3021 homi-

1943 3073 2072 3111 num
2101 3059 2521 3113 machinatione.
2560 3057 2762 3114 Fossas
2795 3058 2940 3113 enim
2977 3057 3313 3125 ell‘odientes,
3341 3059 3439 3114 hos
3469 3061 3526 3115 in

1941 3161 2035 3201 eas
2067 3146 2348 3225 deﬁciunt,
2384 3156 2440 3201 et
2472 3155 2618 3203 terra
2672 3150 2968 3204 obruentes
3002 3149 3354 3204 interficiunt.
3398 3148 3527 3204 Ser-

1941 3249 2128 3309 pentes
2152 3238 2365 3294 duabus
2391 3239 2457 3293 de
2478 3240 2662 3295 causis
2696 3241 2947 3294 oriuntur
2972 3256 2986 3293 :
3009 3241 3092 3295 vel
3117 3256 3147 3295 e
3172 3241 3309 3296 melo
3342 3240 3525 3311 pluvio

1939 3330 2025 3384 vel
2056 3331 2107 3383 in
2143 3330 2304 3395 bello,
2341 3339 2395 3385 et
2451 3329 2666 3386 fusione
2718 3331 3022 3400 sanguinis,
3070 3333 3213 3385 unde
3236 3347 3373 3402 pene
3416 3333 3525 3388 alia

1940 3437 2161 3493 quoque
2190 3432 2455 3479 venenata
2498 3423 2757 3478 animalia
2798 3424 3087 3493 prodeunt.
3132 3422 3291 3479 Unde
3344 3441 3524 3494 quon-

1939 3515 2064 3569 dam
2094 3526 2149 3570 et
2194 3515 2248 3569 in
2315 3513 2599 3570 Thessalia
2641 3529 2895 3585 magnam
2950 3515 3105 3570 aiunt
3163 3524 3347 3570 natam
3400 3531 3525 3572 esse

1939 3605 2151 3677 copiam
2183 3615 2519 3674 serpentum.
2550 3604 2730 3661 Mures
2752 3605 2806 3659 in
2830 3606 2976 3660 arvis
2998 3605 3220 3675 plurimi
3271 3605 3428 3670 ilunt,
3470 3615 3526 3661 et

1942 3686 2113 3768 magis
2154 3696 2209 3750 in
2259 3697 2422 3751 siccis
2487 3711 2652 3767 quam
2706 3696 2760 3750 in
2794 3695 3076 3751 humidis:
3110 3695 3344 3750 inimica
3375 3696 3527 3751 enim

1940 3790 2052 3848 illis
2078 3798 2209 3848 sunt
2248 3807 2424 3862 aqum.
2465 3789 2785 3846 Fecundum
2821 3798 3005 3846 autem
3045 3790 3249 3846 animal
3277 3798 3381 3846 est.
3411 3790 3516 3844 Ma-

1944 3886 2175 3941 nifestus
2210 3884 2292 3940 eis
2322 3900 2389 3939 ex
2422 3897 2566 3954 aqua
2621 3883 2902 3938 interitus.
2924 3950 2927 3953 ν
2952 3880 3065 3938 Illis
3109 3882 3261 3936 enim
3305 3891 3359 3937 et
3394 3880 3526 3937 foris

1942 3979 2190 4043 molesta,
2244 3986 2301 4033 et
2352 3978 2406 4032 in
2445 3992 2641 4033 eorum
2692 3990 2957 4032 cavernas
3017 3974 3216 4029 inﬂuit.
3261 3972 3532 4030 Occidunt

1939 4074 2105 4128 etiam
2175 4070 2301 4127 illos
2354 4072 2600 4127 mustela:
2661 4082 2923 4140 agrestes.
2968 4066 3305 4124 Occiduntur
3360 4067 3527 4121 etiam

1940 4166 2155 4220 occulto
2209 4170 2261 4217 et
2314 4161 2599 4231 frequente
2666 4161 2991 4232 pestilentiae
3048 4159 3215 4213 malo.
3275 4157 3530 4212 Nascitur

1939 4257 2086 4312 enim
2120 4257 2175 4311 in
2221 4255 2399 4326 capite
2438 4255 2680 4325 ipsorum
2712 4253 2913 4307 vermis
2948 4266 3112 4323 quem
3155 4250 3311 4320 periti
3340 4249 3530 4304 obser-

1943 4360 2154 4415 vantes,
2194 4366 2254 4404 re
2299 4348 2517 4417 cognita
2544 4346 2872 4417 prarsagiunt
2928 4360 2993 4400 ac
3041 4341 3406 4415 prmnuntiant
3446 4343 3530 4396 in-

259 4433 516 4504 μυωπίας
566 4436 885 4505 παρεισρεί.
938 4434 1227 4506 Φθείρουσι
1280 4435 1326 4488 δ’
1378 4436 1575 4500 αὐτοὺς
1627 4440 1723 4491 καὶ
1776 4442 1832 4493 αί

1945 4445 2158 4499 teritum
2208 4439 2546 4497 eorumdem.
2610 4438 2876 4493 Dicuntur
2924 4450 3108 4490 mures
3172 4434 3282 4518 (ἓξ)
3324 4433 3529 4488 ferrum

257 4525 451 4594 ἄγριαι
505 4523 692 4592 γαλαί.
758 4524 914 4577 Ἔστι
964 4526 1009 4555 ⁸¹
1062 4526 1119 4579 δέ
1146 4543 1231 4590 τις
1269 4526 1448 4580 ἀὺτῶν
1506 4528 1601 4582 καὶ
1631 4530 1842 4602 ἀφανὴς

256 4620 354 4670 καὶ
380 4615 557 4687 ἀθρόα
593 4616 768 4687 φθορά
801 4616 1054 4687 καθάπερ
1098 4635 1181 4681 τις
1238 4618 1704 4688 ὲπισυμϐαίνουσα
1730 4620 1840 4675 λοι-

260 4710 450 4782 μὼδης
473 4726 488 4740 ⁸
520 4708 768 4762 τίκτεται
800 4709 909 4780 γὰρ
959 4710 1054 4763 καὶ
1083 4710 1290 4773 τούτοις
1312 4710 1357 4742 ³⁸
1401 4714 1458 4763 ἐν
1503 4714 1570 4782 τῇ
1631 4713 1838 4786 κεφαλῇ

1946 4544 2001 4589 et
2028 4550 2223 4588 aurum
2298 4530 2602 4585 arrodere:
2645 4530 2769 4583 ideo
2813 4527 3072 4581 aurifabri
3128 4524 3234 4579 illis
3279 4524 3528 4580 dissectis

1949 4643 2142 4680 aurum
2188 4625 2315 4679 inde
2342 4623 2558 4678 tollunt.
2583 4621 2641 4675 In
2670 4619 2904 4691 Egypto
2933 4617 3174 4686 bipedes.
3218 4626 3273 4670 et
3303 4625 3529 4686 magnos

1951 4718 2105 4771 nasci
2135 4715 2421 4786 perhibent
2468 4730 2674 4769 mures.
2729 4710 2943 4766 Habent
2964 4710 3110 4763 enim
3140 4717 3195 4761 et
3226 4708 3528 4762 anteriores

259 4802 501 4871 σκώληξ,
536 4802 634 4854 καὶ
669 4801 1008 4873 φθείρονται.
1043 4802 1108 4855 Ὃ
1140 4801 1233 4854 καὶ
1260 4802 1311 4853 οί
1340 4801 1592 4872 ἔμπειροι
1624 4805 1842 4859 ἐπισκο-

1947 4812 2130 4877 pedes,
2164 4808 2230 4864 iis
2261 4823 2391 4863 vero
2425 4824 2533 4863 non
2569 4804 2854 4868 incedunt,
2882 4801 2978 4856 sed
3011 4811 3237 4854 utuntur
3284 4814 3385 4869 pro
3416 4816 3529 4853 nia-

258 4896 514 4957 ποῦντες,
552 4894 688 4946 ὲπὰν
729 4893 901 4956 ίδωσι,
930 4892 1028 4963 τὴν
1059 4892 1264 4963 φθορὰν
1306 4893 1486 4946 αὑτῶν
1547 4898 1832 4959 προνοοῦσι

1940 4900 2103 4955 nibus
2131 4918 2147 4953 :
2183 4901 2404 4970 quando
2430 4914 2559 4953 vero
2586 4897 2799 4967 fugiunt
2819 4896 3037 4949 saltant.

258 4990 353 5043 καὶ
390 4985 883 5058 προαγγέλλουσιν.
921 4984 1044 5037 Ὅτι
1098 4986 1148 5037 οἱ
1195 4985 1328 5055 μύες
1374 4987 1709 5057 ἱστοροῦνται
1747 4991 1843 5042 καὶ
1908 4991 2126 5061 σίδηρον
2198 4991 2506 5045 κατεσθίειν
2535 4995 2633 5043 καὶ
2684 4986 2942 5058 χρυσίονο
2973 4984 3054 5037 διὸ
3080 4983 3174 5036 καὶ
3198 4979 3525 5050 ἀνατέμνον-

257 5102 344 5147 τες
366 5084 567 5144 αὐτοὺς
591 5083 640 5134 οἱ
666 5082 725 5132 ὲν
751 5082 865 5143 τοῖς
890 5078 1159 5151 χρυσείοις
1190 5080 1234 5112 ’δ
1257 5079 1347 5133 τὸν
1372 5080 1573 5151 χρυσὸν
1632 5085 1956 5155 ἀνιμῶνται.
1986 5086 2112 5141 Ὀτι
2170 5089 2229 5139 ὲν
2299 5085 2559 5156 Αἰγύπτῳ
2607 5082 2826 5148 δίποδάς
2884 5098 3021 5150 φασι
3064 5077 3205 5150 μύας
3274 5076 3519 5145 γίνεσθαι

1582 5194 1817 5255 VARle
1857 5201 2269 5257 LECTIONES.

330 5289 374 5319 "
407 5284 506 5356 ὡς]
541 5284 739 5363 thymi-
906 5286 949 5315 ’⁷
982 5284 1143 5363 μέχρι
1174 5283 1235 5339 C.
1313 5286 1359 5363 ξθ
1387 5291 1635 5363 ταχεῖαν]
1674 5294 1775 5350 hac
1824 5312 1959 5351 voce
2000 5297 2185 5350 linitur
2218 5298 2283 5351 A.

2380 5298 2425 5371 '.’
2450 5295 2715 5371 βρούὲεους
2736 5289 3109 5371 ..δῐηηηὶβίιιδν
3166 5282 3521 5371 ΒοτίΨὲῗΨν

264 5353 867 5451 ξςιιεγρςιίξυῇιιιρειριιίὲ
911 5370 963 5417 ν’
1010 5354 1276 5451 βροῗκξλῗτ
1311 5353 1731 5451 βαρξῦξειτουξις.
1826 5368 1873 5447 ξο
1907 5367 2158 5451 χρώματι
2212 5353 2827 5451 παραπλήσιμλιιιξιῌμῖ
2878 5353 3517 5451 ξρῶμᾲπαρῇπλήῖιξγο

263 5429 299 5458 ²¹
326 5424 524 5497 αὑτατ]
554 5425 679 5503 libri
711 5424 1196 5503 ausobngt'wstnt
1235 5442 1358 5479 cum
1386 5424 1701 5503 'Sylburgid
1737 5424 1975 5492 scriba-Q3
2019 5424 2243 5500 ιξαύτας,

258 5513 365 5551 των
389 5515 454 5561 ς.
504 5494 523 5497 ⁷
561 5496 609 5526 ³⁵
637 5497 894 5566 χρυσείας
918 5494 961 5549 C
993 5510 1006 5547 :
1039 5495 1280 5564 χρλτὶοις
1307 5511 1370 5556 ς.

2339 5420 2685 5506 "scium—4
2737 5433 2801 5489 ε.
2881 5420 2943 5463 ’ὓ
2975 5420 3274 5488 τόύτοιςό
3334 5420 3521 5478 τιτού-

1766 5605 1995 5666 NOT/E.

332 5706 443 5776 (2i)
480 5703 617 5758 Vide
656 5700 721 5765 ρ.
748 5701 900 5755 Curi.
952 5700 1020 5754 dc
1041 5700 1212 5773 gTer
1260 5706 1352 5761 lib.
1389 5723 1456 5761 tv.

582 5798 855 5858 Parnm.
896 5799 1010 5858 GR.
1034 5799 1188 5861 CIV.

3174 5797 3244 5860 10
