3912 6234
390 260 499 324 299

1520 260 1785 324 PHOTII
1820 262 2326 324 PATBIARCHE
2362 326 2371 334 ,
2391 264 2499 325 CP.

3520 264 3633 331 300

390 372 484 423 καὶ
513 368 805 439 μεγάλους.
828 360 1292 439 Ἐχουσιδὲούτοι
1321 369 1566 434 καὶτοὺς
1593 372 1962 442 ἐμπροσθίους
2031 373 2216 438 πόδας,
2274 373 2391 427 ἀλλ’
2439 373 2499 425 οὐ
2550 370 2855 443 βαδίζουσιν
2903 371 2990 425 ἐπ’
3042 369 3247 439 αὐτοῖς,
3284 372 3526 445 χρῶνται
3572 375 3635 428 δὲ

390 463 574 525 αὐτοῖς
598 460 687 516 οἵα
720 461 927 531 χερσίν.
963 462 1132 513 Ὅταν
1161 461 1218 514 δὲ
1248 461 1511 531 φεύγωσι,
1552 463 1820 533 πηδῶσιν.

468 557 540 612 De
566 555 945 621 animantibus,
978 570 1095 626 qua:
1120 556 1322 611 invidia
1361 557 1605 613 laborare
1625 558 1893 615 dicuntur.

2081 556 2184 613 Τοῦ
2206 552 2391 611 αὑτοῦ
2431 554 2502 608 ἐκ
2552 552 2661 607 τοῦ
2705 550 2838 626 περὶ
2861 550 2979 626 τῷν
3012 551 3057 584 ³⁸
3086 550 3424 621 λεγομένων
3479 546 3639 610 ζώων

470 711 659 766 Stellio
710 708 885 779 (25),
917 720 977 764 ut
1003 710 1177 774 aiunt,
1204 710 1452 768 invidens
1485 709 1680 783 528b
1723 711 1963 767 hominis

396 800 631 863 utilitati,
679 799 911 869 deglutit
947 809 1165 854 exutam
1218 801 1436 869 pellem.
1498 802 1595 856 Est
1633 803 1779 856 enim
1808 801 1964 857 auxi-

393 890 523 941 lium
549 889 765 942 habenti
798 889 1126 944 comitialem
1160 890 1434 945 morbum.
1460 890 1666 947 Cervus
1700 891 1811 962 (26)
1834 892 1965 947 dex-

394 990 539 1034 trum
567 994 741 1035 cornu
767 980 994 1045 defodit,
1030 990 1219 1035 contra
1254 981 1475 1038 bufonis
1512 999 1720 1039 venena
1749 983 1965 1053 aliaque

393 1072 562 1126 multa
588 1074 835 1142 perutile.
868 1071 1014 1142 Equa
1054 1075 1277 1128 devorat
1300 1074 1658 1145 hippomanes
1683 1092 1750 1131 ex
1780 1076 1964 1146 pullis,

393 1164 461 1217 ad
485 1165 728 1233 quaedam
754 1164 903 1219 utile.
932 1163 1109 1219 Phoca
1126 1166 1235 1235 jam
1258 1167 1514 1234 capienda
1538 1168 1739 1222 evomit
1763 1184 1965 1238 coagu-

392 1254 506 1309 lum
531 1257 675 1324 quod
701 1255 863 1309 etiam
890 1256 1149 1311 comitiali
1169 1260 1361 1313 morbo
1399 1259 1529 1314 utile
1541 1267 1645 1313 est.
1672 1258 1967 1315 Terrestris

395 1345 621 1402 echinus
669 1347 861 1416 pellem
910 1349 1071 1403 urina
1118 1350 1363 1420 inquinat
1390 1360 1442 1405 et
1466 1351 1783 1421 corrumpit.
1816 1352 1966 1423 Lynx

396 1437 600 1493 defodit
630 1441 865 1505 urinam,
905 1455 1025 1510 quae
1052 1441 1121 1497 ad
1168 1443 1346 1513 sigilla
1369 1454 1425 1500 et
1455 1446 1589 1500 alias
1608 1460 1696 1499 res
1724 1443 1964 1514 prodest.

398 1526 667 1584 Caeterum
720 1529 974 1584 animalia
1024 1531 1127 1586 hoc
1178 1548 1273 1602 per
1322 1533 1579 1588 invidiam
1612 1549 1718 1589 non
1767 1532 1965 1596 facere,

399 1621 493 1676 sed
542 1621 847 1677 hominese
894 1623 1114 1693 propria
1143 1639 1243 1679 sua
1293 1624 1549 1695 opinione
1601 1626 1708 1681 hoc
1760 1625 1970 1681 crimen

399 1713 507 1768 illis
536 1714 828 1779 allinxisse,
882 1724 1054 1785 patet.
1087 1716 1246 1772 Unde
1294 1717 1439 1772 enim
1477 1717 1650 1772 brutis
1677 1716 1971 1771 animanti-

395 1804 500 1862 bus
549 1814 699 1861 tanta
752 1807 1005 1874 scientia,
1056 1824 1220 1878 quam
1264 1809 1515 1866 homines
1569 1810 1736 1865 multo
1786 1811 1970 1865 labore

2694 622 2961 691 φθονεῖν.

2138 720 2264 771 Ὅτι
2290 720 2318 771 6
2344 715 2648 787 γαλεώτης,
2686 716 2838 783 φασὶ,
2857 713 3067 783 φθονῶν
3092 715 3191 783 τῆς
3229 710 3495 781 ὡφελείας
3522 711 3640 771 τοῖς

2068 810 2378 883 ἀνθρώποις
2398 807 2686 863 καταπίνει
2706 806 2767 860 τὸ
2794 807 2989 877 δέρμα,
3017 805 3148 859 ὅταν
3187 803 3442 873 ἐκδύηται
3460 818 3476 832 ·
3524 801 3643 854 ἔστι

2069 902 2177 971 γὰρ
2211 898 2463 970 βοήθημα
2511 896 2815 967 ὲπιλήπτῳ.
2878 896 2989 949 Kal
3024 897 3053 947 6
3104 894 3301 962 ἔλαφος
3361 892 3423 945 τὸ
3466 891 3644 955 δεξιὸν

2070 994 2389 1063 κατορύττει
2422 990 2611 1059 κέρας,
2648 988 2784 1059 πρός
2813 1004 2874 1040 τε
2895 986 2965 1040 τὰ
2990 988 3089 1052 τῆς
3126 984 3336 1055 φρύνης
3375 983 3644 1053 φάρμακα

2071 1086 2166 1139 καὶ
2192 1084 2328 1155 πρὸς
2357 1082 2492 1137 ἄλλα
2515 1081 2685 1135 πολλὰ
2717 1080 3008 1151 χρήσιμον.
3038 1077 3149 1129 Kal
3176 1078 3210 1147 ἡ
3250 1076 3419 1137 ἵππος
3470 1076 3647 1127 ἀπεσ-

2073 1177 2177 1230 θίει
2204 1176 2313 1228 τῶν
2350 1174 2542 1228 πώλων
2571 1174 2631 1227 τὸ
2652 1173 2956 1242 ἱππομανὲς
2979 1185 2994 1201 '
3056 1169 3150 1222 καὶ
3198 1168 3308 1238 γὰρ
3351 1166 3444 1220 καὶ
3485 1165 3646 1218 τοῦτο

2075 1266 2239 1339 [1576
2296 1264 2409 1336 R.].
2440 1264 2577 1335 πρὸς
2613 1262 2732 1315 ἔνια
2780 1261 3070 1334 χρήσιμον.
3124 1256 3235 1311 Καὶ
3262 1258 3296 1326 ἡ
3336 1254 3495 1324 φώκη
3518 1253 3647 1306 ὅταν

2077 1357 2245 1429 μέλλῃ
2303 1355 2646 1416 ἁλίσκεσθαι,
2678 1352 2864 1423 ἐξεμεῖ
2892 1350 2991 1421 τὴν
3025 1347 3244 1412 πιτύαν,
3276 1344 3649 1417 χρησιμεύου-

2076 1468 2175 1505 σαν
2196 1449 2290 1504 καὶ
2324 1448 2526 1516 ταύτην
2551 1448 2669 1509 τοῖς
2694 1443 3034 1514 ὲπιλήπτοις.
3065 1442 3175 1496 Kal
3197 1442 3225 1494 6
3256 1442 3510 1510 χερσαῖος
3533 1438 3649 1508 ἐχῖο

2074 1559 2163 1606 νος
2191 1541 2402 1610 ὲνουρεῖ
2427 1538 2507 1609 τῷ
2532 1537 2761 1607 δέρματι
2803 1533 2897 1588 καὶ
2928 1531 3255 1603 διαφθείρει.
3303 1530 3415 1584 Καὶ
3445 1531 3483 1600 η
3509 1527 3648 1597 λὺγξ

2074 1633 2452 1702 κατακρύπτει
2482 1630 2541 1683 τὸ
2567 1627 2747 1698 οὖρον,
2779 1627 2859 1679 ὅτι
2899 1623 3036 1696 πρὸς
3072 1622 3172 1687 τὰς
3220 1620 3519 1691 σφραγῖδας
3550 1621 3650 1673 xal

2076 1724 2211 1795 πρὸς
2253 1722 2421 1785 ἄλλας
2460 1719 2647 1791 χρείας
2678 1716 3005 1787 ἐπιτήδειον.
3048 1713 3188 1767 Ἀλλ’
3233 1713 3314 1766 ὅτι
3350 1712 3447 1781 μὲν
3472 1711 3533 1762 οὐ
3559 1709 3651 1763 διὰ

2076 1815 2268 1885 φθόνον
2301 1813 2472 1866 ταῦτα
2506 1812 2652 1864 ποιεῖ
2674 1809 2742 1864 τὰ
2768 1809 2905 1874 ζῶα,
2939 1806 3053 1861 ἀλλ’
3086 1807 3135 1858 οἱ
3162 1803 3434 1874 ἄνθρωποι
3460 1803 3529 1855 ὲκ
3548 1801 3651 1870 τῆς

398 1897 488 1951 vix
515 1897 775 1952 discunt?
810 1896 992 1953 Phoca
1023 1900 1241 1969 quidem
1271 1901 1468 1957 timore
1516 1900 1700 1957 forsan
1731 1901 1970 1966 turbata,

2081 1906 2219 1968 ἰδίας
2251 1903 2573 1973 ὑπολήψεως
2596 1901 2799 1969 ταύτην
2821 1899 3003 1960 αὐτοῖς
3028 1896 3304 1968 περιῆψαν
3324 1894 3423 1964 τὴν
3441 1891 3649 1958 αἰτίαν,

399 1987 691 2057 coagulum
725 1988 944 2053 emittit,
996 1998 1050 2044 et
1083 1989 1259 2044 stellio
1284 1989 1477 2060 pellem
1520 1988 1748 2059 deglutit
1786 2003 1817 2043 a
1872 2003 1971 2043 na-

393 2093 544 2144 tura,
592 2082 1048 2151 quemadmodum
1078 2097 1247 2138 canes
1279 2089 1333 2137 et
1358 2097 1508 2147 sues,
1539 2091 1593 2137 et
1621 2097 1760 2153 pene
1788 2081 1970 2137 omnia

395 2170 797 2240 quadrupedia.
859 2171 1166 2226 Comedunt
1224 2172 1372 2226 enim
1410 2188 1440 2226 a
1468 2180 1624 2239 partu
1655 2178 1843 2240 partus
1885 2170 1971 2223 in-

402 2265 643 2329 volnera,
676 2280 771 2319 seu
822 2266 1187 2321 membranas.
1215 2264 1455 2319 Echinus
1491 2264 1705 2328 timore,
1732 2264 1818 2319 vel
1865 2263 1973 2318 alio

401 2355 642 2425 quodam
683 2355 919 2410 naturali
966 2355 1162 2410 all‘ectu
1195 2356 1410 2410 urinam
1440 2354 1631 2420 mittit,
1659 2355 1753 2409 sed
1775 2369 1881 2409 non
1914 2362 1977 2408 ut

403 2456 721 2518 corrumpat
773 2446 990 2517 pellem.
1018 2446 1183 2501 Multa
1215 2447 1320 2502 alia
1353 2448 1491 2503 liunt
1516 2462 1549 2501 a
1607 2446 1804 2509 brutis,
1831 2459 1973 2517 quo-

407 2552 527 2591 rum
558 2538 828 2597 rationem
878 2539 1105 2594 reddere
1164 2553 1271 2593 non
1308 2553 1599 2609 possumus
1631 2555 1646 2593 :
1682 2547 1743 2593 ut
1783 2553 1975 2609 quam-

392 2628 593 2685 obrem
623 2630 822 2701 gallina
879 2645 1005 2686 cum
1055 2631 1345 2701 pepererit,
1398 2631 1581 2701 paleas
1629 2630 1972 2700 circnmjicit.

404 2717 585 2786 Quare
614 2736 777 2777 canes
812 2722 1028 2778 elevato
1061 2738 1220 2778 crure
1251 2722 1468 2778 urinam
1501 2722 1763 2777 mittant?
1794 2720 1975 2789 Quare

403 2826 591 2881 capra,
629 2828 754 2867 cum
793 2814 1078 2885 eryngium
1135 2815 1370 2870 comedit
1404 2823 1530 2880 stet,
1564 2823 1618 2871 et
1647 2814 1781 2870 alias
1833 2824 1976 2869 stare

404 2903 613 2957 faciat?
648 2904 915 2975 Quodque
952 2906 1019 2961 de
1073 2907 1227 2978 lynce
1254 2916 1308 2961 et
1359 2921 1522 2962 cervo
1554 2915 1835 2962 narratum
1871 2914 1974 2973 est,

403 2994 594 3050 eodem
628 2999 791 3051 modo
820 2997 1221 3068 dijudicandum
1260 2999 1393 3069 (27).

2076 1995 2238 2048 παντὶ
2265 1994 2446 2063 δῆλον.
2487 1991 2659 2045 Πόθεν
2680 1988 2790 2059 γὰρ
2810 1990 2925 2051 τοῖς
2951 1986 3171 2056 ἀλόγοις
3209 1986 3244 2055 ἡ
3274 1981 3517 2051 τοσαύτη
3563 1997 3655 2033 σο·

2077 2086 2196 2156 φία,
2223 2087 2289 2157 ἣν
2311 2084 2407 2138 καὶ
2436 2085 2485 2138 οἱ
2504 2082 2715 2152 λογικοὶ
2761 2080 2902 2151 μετὰ
2931 2079 3131 2149 συχνῆς
3179 2076 3407 2147 μελέτης
3446 2073 3655 2144 μανθά-

2076 2195 2257 2231 νουσιν
2282 2193 2298 2243 ;
2345 2175 2486 2229 Ἀλλ’
2516 2176 2550 2247 ἡ
2576 2175 2673 2245 μὲν
2700 2171 2859 2243 φώκη
2880 2171 2970 2225 διὰ
2997 2172 3089 2224 τὸν
3112 2169 3275 2239 φόϐον
3298 2168 3428 2230 ἴσως
3459 2183 3656 2237 ταρατ-

2076 2269 2281 2340 τομένη
2314 2268 2437 2339 tua:
2466 2266 2565 2336 τὴν
2597 2265 2817 2329 πιτύαν,
2843 2264 2941 2318 καὶ
2968 2265 2997 2317 ὁ
3047 2260 3330 2331 γαλεώτης
3359 2257 3655 2312 καταπίνει

2077 2363 2139 2417 τὸ
2192 2364 2369 2435 δέρμα
2409 2361 2640 2432 φυσικόν
2691 2376 2746 2415 τι
2777 2359 2947 2413 ποιῶν
2973 2357 3168 2423 πάθος,
3220 2353 3479 2423 καθάπερ
3527 2351 3655 2405 oi.“

2077 2457 2243 2521 κύνες
2276 2455 2372 2510 καὶ
2396 2456 2454 2509 αί
2488 2453 2578 2518 ὕες
2610 2453 2705 2509 καὶ
2738 2453 2922 2525 σχεδὸν
2949 2451 2992 2484 ⁸⁷
3015 2450 3085 2504 τά
3103 2447 3409 2520 τετράποδα
3436 2446 3619 2500 πάντα
3636 2459 3652 2474 ⁸

2078 2546 2354 2603 κατεσθίει
2382 2545 2491 2616 γὰρ
2516 2545 2586 2599 τά
2606 2544 2764 2615 χόρια
2804 2541 2945 2614 μετὰ
2967 2541 3097 2605 τοὺς
3116 2540 3330 2603 τόκους.
3354 2539 3467 2592 Kal
3486 2538 3515 2590 6
3539 2537 3655 2606 ἐχῖ-

2079 2654 2168 2700 νος
2196 2636 2252 2689 δὲ
2279 2634 2367 2689 διὰ
2391 2634 2554 2702 φόϐον
2576 2632 2611 2704 ἢ
2650 2633 2717 2687 δι’
2745 2632 2874 2687 ἄλλο
2900 2649 2954 2686 τι
2988 2630 3158 2695 πάθος
3187 2629 3316 2701 [865
3355 2627 3452 2700 Η.]
3497 2644 3658 2697 φυσι-

2079 2727 2177 2780 κὸν
2204 2726 2432 2796 ὲνουρεῖ,
2454 2724 2569 2778 ἀλλ’
2596 2724 2695 2793 οὐχ
2724 2722 2813 2777 ἵνα
2843 2721 3041 2793 φθείρῃ
3076 2721 3139 2774 τὸ
3163 2720 3363 2789 δέρμα.
3390 2716 3571 2772 Πολλὰ
3600 2715 3656 2769 δὲ

2080 2818 2174 2872 καὶ
2193 2816 2328 2873 ἄλλα
2352 2816 2651 2888 πράττεται
2674 2816 2787 2878 τοῖς
2802 2814 3037 2882 ἀλόγοις,
3063 2805 3138 2866 ὧν
3157 2811 3258 2865 οὐκ
3279 2810 3476 2881 ἔχομεν
3496 2808 3658 2876 λόγον

2081 2907 2396 2972 ἀποδοῦναι,
2418 2904 2527 2961 οἷον
2550 2906 2639 2960 διὰ
2660 2907 2714 2959 τί
2739 2906 2774 2977 ἡ
2800 2904 2949 2977 ὅρνις
2972 2905 3101 2957 ὅταν
3120 2903 3274 2975 τέκῃ.
3302 2902 3656 2973 περιῤῥίπτει

2084 2999 2154 3053 τὰ
2199 3000 2426 3070 κάρφης
2479 2998 2568 3051 διὰ
2603 2998 2658 3051 τί
2691 2998 2742 3051 οί
2772 2996 2955 3071 ’κύνες
3016 2994 3333 3064 ἐπαίροντες
3363 2991 3434 3046 τὰ
3490 2990 3656 3059 σκέλη

405 3088 797 3159 προσουροῦσι;
819 3088 907 3142 διὰ
933 3088 987 3141 τί
1015 3088 1050 3158 ἡ
1076 3089 1162 3155 ἁιξ
1199 3089 1327 3142 ὅταν
1345 3088 1484 3161 λάϐῃ
1514 3090 1575 3143 τὸ
1599 3088 1865 3160 ἠρύγγιον
1894 3089 1975 3152 εἰς
2011 3086 2074 3140 τὸ
2098 3088 2295 3157 στόμα,
2330 3088 2478 3158 μένει
2503 3086 2599 3142 καὶ
2658 3086 2758 3149 τὰς
2798 3086 2967 3152 ἄλλας
3006 3084 3259 3138 ἵστασθαι
3302 3083 3493 3148 ποιεῖς
3560 3077 3657 3134 καὶ

404 3182 466 3232 τὸ
492 3182 591 3251 τῆς
620 3180 818 3249 λυγκὸς
841 3180 885 3212 ³⁸
910 3174 1002 3234 οὖν
1031 3179 1207 3234 καὶτὸ
1243 3183 1342 3253 τῆς
1379 3181 1580 3253 ἐλάφου
1612 3184 1642 3234 6
1670 3182 1829 3243 αὐτὸς
1874 3178 2173 3248 κατάλογος
2208 3178 2469 3249 περιέξει.

990 3274 1068 3329 De
1098 3276 1403 3331 sudoribus.

476 3369 657 3426 Sudor
684 3368 863 3425 salsus
899 3378 1019 3431 est,
1071 3368 1201 3437 quia
1254 3367 1492 3421 alienum
1548 3364 1859 3421 excernitur
1914 3363 1982 3418 ab

404 3462 715 3517 adhaerente
738 3475 926 3527 carne,
957 3460 1225 3515 exhausta
1252 3470 1306 3515 et
1336 3461 1553 3515 levitate
1587 3468 1641 3515 et
1672 3458 1979 3515 dulcedine.

405 3549 537 3603 Tale
576 3551 724 3604 enim
757 3555 1168 3603 excrementum
1199 3548 1473 3603 exsistens
1521 3547 1667 3603 circa
1723 3548 1981 3612 vesicam,

404 3642 605 3694 urina:
643 3640 697 3695 in
733 3653 899 3695 carne
955 3653 1086 3694 vero
1139 3640 1306 3694 sudor
1371 3646 1617 3693 vocatur.
1660 3636 1985 3693 Excernitur

406 3747 536 3786 vero
569 3731 738 3787 sudor
781 3744 880 3799 per
918 3739 1148 3797 motum,
1181 3730 1266 3785 vel
1294 3729 1559 3797 laborem,
1588 3730 1673 3785 vel
1701 3745 1799 3800 per
1835 3725 1985 3786 calo-

403 3824 482 3877 ris
513 3831 569 3876 οι
597 3822 821 3891 spiritus
847 3819 1121 3877 virtutem.
1171 3818 1369 3885 Sudor,
1404 3836 1527 3876 cum
1555 3820 1626 3876 sit
1654 3821 1852 3885 salsus,
1892 3836 1984 3876 ac-

407 3915 535 3985 cipit
566 3913 948 3979 acrimoniam,
993 3912 1077 3967 vel
1134 3912 1506 3978 acerbitatem,
1534 3912 1620 3967 vel
1664 3912 1869 3967 malum
1899 3913 1985 3967 vel

405 4008 612 4060 bonum
670 4005 916 4070 odorem,
949 4013 1169 4075 propter
1198 4004 1395 4059 multas
1427 4013 1482 4059 et
1510 4005 1691 4060 varias
1719 4004 1982 4059 rationes.

402 4097 641 4154 Juvenes
682 4097 953 4153 diﬂicilius
1004 4098 1205 4152 sudant
1257 4112 1421 4167 quam
1471 4096 1596 4162 viri,
1646 4104 1703 4151 et
1748 4096 1986 4151 maxime

407 4190 581 4258 pueri,
605 4203 916 4260 quanquam
945 4197 1141 4242 natura
1166 4186 1329 4242 calidi
1360 4186 1471 4241 sint
1494 4194 1546 4239 et
1570 4184 1798 4251 humidi,
1845 4184 1986 4240 unde

409 4281 584 4334 oritur
612 4280 802 4343 sudor,
830 4278 960 4348 quia
1013 4275 1340 4331 densissima
1373 4284 1458 4330 est
1488 4289 1782 4345 puerorum
1817 4274 1981 4340 cutis,

406 4379 463 4425 et
494 4380 753 4443 tanquam
781 4367 1063 4423 conclusa.
1101 4368 1303 4422 Adhazc
1360 4381 1489 4420 vero
1521 4367 1668 4421 calor
1718 4380 1985 4435 superans

409 4448 700 4529 concoquit
746 4459 875 4514 dum
932 4469 1209 4514 crescunt.
1245 4456 1455 4526 Siquid
1487 4472 1617 4529 vero
1667 4457 1739 4511 sit
1797 4470 1986 4511 excre-

411 4552 603 4617 menti,
648 4551 752 4605 hoc
800 4550 1040 4621 egeritur
1060 4566 1154 4620 per
1179 4551 1381 4606 alvum.
1409 4550 1484 4607 Ut
1516 4550 1811 4621 plurimum
1835 4551 1981 4605 enim

2469 3269 2582 3325 Τοῦ
2608 3266 2796 3324 αὑτοῦ
2820 3267 2955 3337 περὶ
2984 3265 3263 3335 ἱδρώτων.

2156 3361 2279 3415 Ὅτι
2318 3361 2560 3432 ἁλμυρὸς
2585 3361 2795 3429 γίνεται
2818 3362 2846 3415 6
2893 3358 3074 3431 ἱδρὼς,
3100 3361 3234 3415 διότι
3262 3358 3323 3412 τὸ
3374 3358 3657 3429 ἀλλότριον

2084 3453 2417 3525 ἐκκρίνεται,
2452 3457 2518 3525 τῇ
2540 3452 2843 3525 προσφύσει
2876 3452 2977 3523 τῆς
2998 3453 3199 3524 σαρκὸς
3241 3450 3655 3522 ἐξανηλωμένου

2081 3547 2176 3602 τοῦ
2232 3545 2570 3616 γλυκυτάτου
2608 3545 2702 3598 καὶ
2738 3546 3097 3614 κουφοτάτου.
3152 3543 3227 3598 Τὸ
3269 3543 3378 3614 γὰρ
3411 3542 3657 3597 τοιοῦτον

2083 3640 2407 3712 περίττωμα
2450 3639 2509 3691 ὲν
2555 3636 2654 3708 μὲν
2697 3639 2765 3707 τῇ
2802 3636 2945 3691 κατὰ
2992 3635 3092 3708 τὴν
3123 3634 3314 3690 κύστιν
3357 3634 3658 3689 ὑποστάσει

2082 3729 2261 3803 οὖρον,
2298 3735 2357 3785 ὲν
2392 3731 2449 3785 δὲ
2474 3732 2543 3803 τῇ
2583 3730 2750 3800 σαρκὶ
2778 3728 2939 3801 ἱδρὼς
2986 3729 3254 3784 καλεῖται.
3313 3726 3657 3797 Ἐκκρίνεται

2081 3825 2140 3881 δὲ
2164 3826 2193 3878 6
2222 3822 2380 3893 ίδρὼς
2401 3822 2489 3876 διὰ
2514 3821 2730 3893 κίνησιν
2759 3820 2793 3893 ἢ
2820 3821 2978 3874 πόνον
3010 3821 3043 3892 ἢ
3075 3820 3164 3873 διὰ
3199 3820 3299 3890 τὴν
3328 3817 3421 3872 τοῦ
3446 3815 3655 3889 θερμοῦ

2083 3915 2291 3972 καὶτοῦ
2321 3914 2631 3985 πνεύματος
2664 3914 2918 3984 δύναμιν.
2972 3913 3096 3965 Ὅτι
3138 3914 3168 3965 6
3198 3910 3360 3982 ἱδρὼς
3413 3909 3657 3981 ἁλμυρὸς

2083 4005 2159 4060 ὢν
2180 4005 2591 4078 προσλαμϐάνει
2621 4004 2857 4077 ὀξύτητα
2892 4004 2927 4076 ἢ
2957 4004 3266 4075 πικρότητα
3314 4004 3352 4076 ἢ
3385 4003 3656 4057 δυσωδίαν

2082 4097 2116 4169 ἢ
2146 4098 2372 4152 εὐωδίαν
2401 4097 2492 4151 διὰ
2515 4097 2715 4160 πολλὰς
2737 4096 2832 4151 καὶ
2862 4097 3151 4167 διαφόρους
3170 4096 3368 4158 αίτίας.
3394 4096 3517 4149 Ὀτι
3535 4097 3588 4148 oi
3612 4095 3654 4128 ³³

2082 4188 2275 4252 παῖδες
2294 4187 2404 4240 τῶν
2436 4186 2644 4258 ἀνδρῶν
2673 4186 2872 4258 μᾶλλον
2909 4185 3261 4257 δυσίδρωτες,
3296 4184 3391 4239 καὶ
3419 4185 3657 4256 μάλιστα

2081 4278 2151 4332 τὰ
2176 4278 2399 4344 παιδία,
2445 4279 2620 4333 καίτοι
2670 4278 2767 4351 τὴν
2800 4277 2961 4349 φύσιν
2993 4277 3121 4330 ὄντα
3150 4277 3329 4348 θερμά
3360 4276 3458 4330 καὶ
3492 4278 3656 4345 ὑγρὰ,

2084 4370 2145 4435 ἐξ
2189 4364 2265 4425 ὧν
2327 4372 2361 4444 ἡ
2415 4370 2524 4426 τῶν
2577 4370 2816 4441 ἱδρώτων
2869 4371 3123 4438 γένεσις,
3178 4369 3313 4424 διότι
3381 4369 3660 4423 πυκνότα-

2083 4480 2165 4516 τοι
2225 4462 2334 4515 τῶν
2391 4462 2598 4521 παίδων
2660 4463 2712 4515 οἱ
2773 4479 2983 4531 χρωτες
3031 4460 3129 4515 καὶ
3204 4461 3395 4530 ὥσπερ
3455 4476 3657 4536 συγκε-

2086 4549 2416 4619 κλεισμένοι.
2444 4549 2563 4603 Ἔτι
2590 4549 2648 4603 δὲ
2677 4552 2711 4621 ἡ
2747 4551 3017 4621 θερμότης
3066 4548 3439 4621 ἐπικρατοῦσα
3470 4550 3657 4602 πέττει

411 4657 702 4712 puerorum
735 4643 892 4698 alvus
925 4641 1101 4697 facilis
1133 4651 1217 4698 est
1245 4660 1259 4696 :
1294 4657 1452 4698 senes
1503 4657 1633 4697 vero
1674 4657 1813 4697 rara:
1861 4643 1974 4711 qui-

2089 4640 2176 4694 διὰ
2204 4640 2301 4712 τὴν
2325 4641 2572 4710 αὔξησιν.
2616 4641 2743 4694 Ἐὰν
2774 4641 2832 4694 δέ
2853 4658 2905 4694 τι
2934 4641 3028 4695 καὶ
3053 4641 3276 4713 γένηται
3306 4641 3656 4711 περίττωμα,

413 4739 533 4787 dem
575 4734 740 4801 cutis,
769 4734 864 4790 sed
891 4734 1064 4790 siccas.
1091 4732 1317 4805 Oportet
1344 4747 1477 4789 vero
1499 4733 1686 4789 sudori
1716 4743 1976 4804 tanquam

2084 4730 2242 4785 τοῦτο
2264 4733 2575 4804 ἐκκρίνεται
2604 4732 2744 4788 κατὰ
2772 4732 2984 4787 κοιλίαν
3005 4748 3020 4764 °
3058 4731 3253 4804 εὔρους
3290 4735 3399 4805 γάρ
3430 4732 3507 4797 ὡς
3534 4732 3658 4785 ὲπί-

1675 4948 1910 5006 ΫΑΒΙΑΞ
1958 4951 2360 5012 LECTIONES.

488 5084 530 5116 ”
565 5084 771 5136 τῶν-

419 5155 603 5223 σχεδὸν
628 5156 721 5207 καὶ
757 5173 816 5218 ς.
913 5156 958 5187 ³⁸
991 5155 1191 5224 λύγκδς
1227 5155 1550 5228 Sylburgius
1580 5175 1595 5212 :
1627 5157 1825 5226 λυγγὸς
1851 5173 1912 5219 ς.

794 5083 1032 5158 φθονεῖν]
1069 5086 1263 5158 horum
1305 5085 1439 5158 loco
1467 5086 1682 5158 lacuna
1725 5096 1809 5143 est
1838 5087 1893 5141 in
1936 5086 1999 5141 C.

2098 5085 2143 5118 ³⁸
2168 5085 2242 5155 οἱ]
2269 5086 2347 5141 αί.
2382 5085 2765 5146 Schneiderus.
2840 5091 2885 5123 ³⁷
2916 5090 3011 5144 καὶ
3044 5089 3233 5161 σχεδὸν
3276 5089 3602 5214 εἶέὒυτείιιε
3634 5110 3649 5147 :

2098 5158 2132 5211 ii
2158 5157 2281 5212 add.
2310 5155 2373 5213 Β.
2448 5158 2493 5190 ⁸ο
2525 5161 2730 5214 παίδων
2782 5160 2844 5214 Β.
2920 5161 2963 5192 δ’
3005 5162 3296 5214 μονόγοοες
3373 5199 3389 5214 .

2009 5156 2053 5190 ³⁹
2082 5158 2132 5211 οἱ
2158 5157 2281 5212 add.
2310 5155 2373 5213 Β.
2448 5158 2493 5190 ’⁸ο
2525 5161 2730 5215 παίδων
2782 5160 2844 5215 Β.
2920 5161 2963 5192 ⁸¹
3004 5155 3296 5232 μονόχροες

1913 5336 2145 5404 NOTAE,

418 5560 435 5603 ι
489 5479 599 5551 (25)
638 5478 772 5535 Vide
810 5477 1211 5550 jureconsultos
1254 5477 1320 5533 de
1366 5476 1633 5544 stellione,
1687 5486 1749 5531 ut
1795 5475 1977 5532 Aleia-

441 5566 549 5602 11111.

489 5620 598 5691 (26)
628 5619 757 5674 Vide
790 5618 1099 5673 Proverbia.
1131 5618 1207 5673 De
1241 5633 1379 5687 equa
1420 5617 1542 5673 vide
1578 5616 1853 5672 Plutarch.

2160 5478 2583 5555 (27)_Plutarch.
2634 5481 2731 5540 lib.
2754 5498 2830 5539 vn
2862 5483 3103 5554 Sympos.
3132 5498 3226 5555 qu.
3274 5483 3330 5552 2,
3366 5490 3420 5538 et
3449 5481 3542 5538 lib.
3578 5482 3651 5537 οε

2086 5554 2239 5607 tarda
2269 5553 2364 5607 Dei
2396 5553 2641 5608 uindicta.
