3912 6234
302 287 397 351 301

1274 265 1825 343 'BIBLIOTHECA.
1855 304 1921 315 -—
1959 277 2125 338 con.
2164 231 2569 339 CCLXXVIII.

3458 262 3566 327 302

306 420 407 455 παν
429 402 464 471 ἡ
478 401 591 455 τῶν
612 400 846 454 παιδίων
856 401 923 453 ⁸ο.
939 399 1002 453 Οἱ
1023 398 1081 452 δὲ
1097 397 1349 467 γέροντες
1374 394 1670 465 μανόχροες
1695 393 1738 424 ⁸⁸
1762 391 1884 462 μὲν,

2008 392 2273 445 nateriam
2328 390 2553 445 subesse
2585 386 2885 448 humidam,
2934 380 3234 453 praesertim
3275 393 3397 433 etim
3437 393 3566 447 per

307 494 441 548 ἀλλὰ
488 493 649 564 ξηροί
675 509 688 523 ·
720 493 802 545 δεῖ
832 491 891 545 δὲ
921 490 1001 561 τῷ
1029 489 1216 560 ἱδρῶτι
1246 487 1495 558 καθάπερ
1535 485 1667 556 ὓλην
1703 484 1883 555 ὑπάρ-

309 605 425 659 χειν
453 586 514 640 τδ
537 583 952 656 ὑγρόν.“Δλλως
994 599 1057 634 τε
1079 581 1134 635 δὲ
1156 581 1251 634 καὶ
1279 579 1411 633 αὐτὸ
1449 578 1511 631 τὸ
1544 575 1774 631 εῦπνουν
1796 575 1889 629 καὶ

312 679 479 750 μανὸν
513 678 709 748 ἱκανὴν
760 677 860 745 τὴν
913 674 1160 744 ἔκκρισιν
1198 674 1361 738 ποιεῖ,
1390 671 1485 724 καὶ
1530 670 1610 742 τῷ
1651 667 1891 738 συνεχῶς

307 771 556 840 γίνεσθαι
605 770 703 823 καὶ
735 768 812 838 τῷ
853 766 929 837 μὴ
958 766 1003 797 δ’
1037 762 1208 817 πολλὰ
1247 763 1573 833 ἐνυπάρχειν
1621 760 1690 815 τὰ
1725 759 1889 829 ὑγρά.

310 863 408 917 Διὰ
436 861 599 915 τοῦτο
628 863 724 915 καὶ
750 853 826 915 ὧν
856 861 914 913 αἱ
943 857 1143 912 κοιλίαι
1173 855 1338 927 ὑγραὶ
1373 855 1469 908 καὶ
1513 854 1613 937 είς.
1642 850 1832 906 κύστιν
1857 853 1891 921 ἡ

310 955 547 1028 ἐπιρροὴ
568 953 661 1007 τοῦ
684 951 1119 1025 περιττώματος,
1135 949 1236 1003 οὐκ
1256 947 1545 1019 εὑῖδρωτες
1560 946 1801 1013 γίνονται
1822 943 1893 1003 ⁸³,

312 1050 450 1103 διότι
485 1050 595 1102 πᾶν
644 1047 709 1101 τὸ
750 1046 918 1118 ὑγρὸν
954 1043 1191 1098 ἐνταῦθα
1245 1041 1527 1114 ὥρμησεν.
1564 1038 1763 1092 ’Ὀτιοὶ
1820 1036 1894 1108 μὴ

315 1138 595 1207 πέψαντες
622 1138 690 1190 τὰ
722 1138 869 1189 σιτία
902 1134 998 1189 καὶ
1022 1136 1073 1187 οἱ
1093 1133 1551 1203 ἀγρυπνήσαντες
1580 1128 1894 1200 εὑῖδρωτες,

312 1228 454 1283 διότι
505 1230 540 1297 ἠ
592 1228 757 1298 πέψις
809 1228 1117 1303 διαμερίςει
1176 1224 1223 1255 ⁸⁵
1271 1224 1371 1295 τὴν
1403 1223 1679 1293 ὑγρότητα
1721 1219 1820 1275 καὶ
1867 1222 1897 1274 6

316 1323 487 1386 ὕπνος
525 1323 734 1375 πέττει.
771 1320 894 1374 ’Ότι
918 1321 968 1372 οἱ
1003 1317 1408 1388 γυμναζόμενοι
1439 1316 1533 1370 καὶ
1577 1310 1637 1369 εὖ
1682 1314 1896 1385 ἔχοντες

317 1415 612 1486 εὐῖδρωτες
639 1413 841 1485 μᾶλλον
868 1414 978 1469 τῶν
1007 1411 1397 1482 ἀγυμνάστων.
1432 1410 1555 1463 ’Ότι
1584 1408 1679 1462 καὶ
1707 1410 1756 1462 oi
1798 1424 1897 1460 πεο

318 1507 613 1578 πεμμένην
641 1506 733 1560 καὶ
755 1507 804 1559 οἱ
827 1507 1069 1561 ἄπεπτον
1092 1504 1310 1574 ἔχοντες
1327 1503 1425 1572 τὴν
1440 1501 1649 1574 τροφὴν
1672 1499 1898 1571 εύῖδρω-

316 1615 442 1661 τεςο
477 1598 660 1651 καίτοι
692 1597 833 1664 δόξει
858 1598 1057 1652 ἄτοπον
1086 1592 1228 1649 εἶναι
1255 1612 1271 1627 ο
1296 1594 1397 1648 οὐκ
1443 1593 1560 1646 ἐστι
1596 1591 1677 1645 δέ.
1708 1593 1771 1645 Οἱ
1798 1591 1898 1662 μὲν

318 1688 427 1759 γὰρ
448 1687 893 1757 γεγυμνασμένοι
924 1684 1005 1755 τῷ
1036 1684 1181 1755 μανὰ
1226 1682 1298 1737 τὰ
1342 1682 1573 1754 σώματα
1626 1681 1777 1752 ἔχειν
1804 1682 1900 1733 καὶ

318 1780 706 1851 ἀνεῳγμένους
734 1780 779 1810 ⁴⁵
803 1778 932 1841 τοὺς
960 1777 1185 1848 πόρους,
1214 1775 1310 1829 καὶ
1341 1773 1419 1844 τῷ
1473 1774 1730 1845 συνήθεις
1756 1768 1897 1826 εἶναι

1992 484 2136 551 quod
2164 481 2371 535 halitus
2396 479 2553 533 facile
2580 477 2795 539 transit,
2819 474 3073 544 quodque
3101 479 3184 525 est
3216 477 3419 532 ratum,
3448 468 3569 521 suf-

1994 572 2263 628 ﬁcientem
2294 572 2492 642 529a
2521 572 2883 625 excretionem
2912 566 3077 622 faciat
3098 580 3114 619 :
3139 573 3193 640 et
3213 565 3339 645 quia
3366 561 3571 635 ﬁtcon-e

1992 664 2249 726 tinenter,
2280 673 2334 716 et
2364 662 2572 716 multus
2598 661 2795 715 humor
2818 674 2925 713 non
2972 658 3131 712 inest.
3178 654 3300 709 Ideo
3333 666 3568 723 quorum

1993 766 2208 810 ventres
2234 754 2440 809 humidi
2474 762 2623 816 sunt,
2657 761 2711 807 et
2737 758 3145 806 excrementum
3201 747 3355 801 ﬂuxit
3401 745 3454 799 in
3481 758 3573 796 ve—

1994 848 2185 913 sicam,
2210 863 2317 902 non
2348 846 2578 900 multum
2615 844 2837 909 sudant,
2868 858 2933 899 eo
2963 843 3109 913 quod
3139 856 3355 896 omnem
3379 838 3573 892 humo-

1996 955 2108 993 rem
2156 939 2284 993 illuc
2341 938 2582 993 mittunt.
2623 935 2727 1003 Qui
2766 936 2919 991 cibos
2968 949 3077 989 non
3123 934 3485 1001 concoquunt
3517 934 3576 981 et

1996 1047 2105 1085 non
2148 1031 2450 1095 dormiunt,
2478 1031 2706 1085 multum
2743 1027 2961 1095 sudant,
2993 1040 3061 1081 eo
3092 1024 3240 1096 quod
3288 1020 3575 1079 concoctio

1996 1123 2288 1178 distribuat
2341 1122 2649 1185 humorem,
2675 1130 2729 1176 et
2754 1136 2981 1176 somnus
3008 1124 3331 1186 concoquat.
3368 1114 3471 1180 Qui
3515 1127 3576 1167 se

1997 1223 2273 1275 exercent,
2308 1220 2364 1267 et
2389 1212 2528 1267 bene
2557 1213 2758 1271 valent.
2791 1210 2966 1281 magis
3022 1208 3223 1264 sudant
3269 1220 3430 1275 quam
3479 1202 3571 1272 qui

1998 1321 2108 1359 non
2150 1304 2418 1359 laborant.
2469 1304 2573 1371 Qui
2625 1313 2844 1358 coctum
2877 1312 2931 1356 et
2971 1302 3066 1371 qui
3095 1298 3325 1354 crudum
3375 1296 3579 1350 habent

1998 1397 2201 1473 cibum,
2231 1398 2462 1452 multum
2496 1396 2718 1459 sudant,
2748 1394 2892 1463 quod
2931 1406 3244 1463 quanquam
3275 1387 3576 1443 absurdum

1999 1488 2266 1552 videatur,
2301 1504 2413 1543 non
2463 1497 2644 1544 tamen
2695 1497 2803 1543 est.
2856 1486 2961 1554 Qui
3016 1488 3163 1541 enim
3218 1499 3277 1540 se
3321 1490 3580 1537 exercent

1999 1582 2144 1652 quod
2176 1582 2356 1637 soluta
2392 1582 2627 1637 habeant
2655 1596 2904 1651 corpora,
2944 1588 2999 1633 et
3026 1593 3191 1649 poros
3226 1575 3575 1638 exercitatos,

2000 1681 2053 1729 et
2107 1673 2251 1743 quod
2296 1674 2407 1728 sint
2447 1673 2739 1729 sudoribus
2788 1672 3014 1740 assueti,
3060 1670 3291 1725 multum
3351 1668 3574 1723 sudant.

2003 1764 2247 1818 Aliorum
2272 1780 2403 1821 vero
2425 1765 2544 1835 pori
2573 1765 2743 1820 clausi
2769 1772 2917 1828 sunt,
2938 1764 3065 1835 quia
3087 1779 3195 1817 non
3220 1777 3279 1817 se
3297 1767 3573 1817 exercent.

318 1876 458 1945 πρὸς
496 1875 626 1938 τοὺς
684 1873 938 1944 ἱδρῶτας,
979 1872 1307 1943 εύῖδρωτες-
1354 1870 1465 1923 τῶν
1499 1869 1554 1922 δὲ
1589 1865 1899 1938 μεμύκασιν

2008 1855 2105 1922 Qui
2140 1872 2266 1911 vero
2296 1858 2479 1913 cibum
2518 1858 2746 1913 crudum
2778 1856 2948 1913 edunt
3000 1856 3071 1911 ob
3100 1856 3392 1910 humorum
3430 1853 3577 1907 mul-

319 1970 367 2020 οἱ
399 1968 563 2038 πόροι
591 1966 679 2019 διὰ
699 1965 761 2019 τὸ
789 1965 864 2037 μὴ
911 1964 1164 2035 χρῆσθαι.
1211 1966 1275 2017 Οί
1308 1964 1367 2017 δὲ
1423 1961 1498 2033 μὴ
1538 1959 1901 2030 πεπεμμένην

322 2061 537 2129 ἔχοντες
560 2059 659 2129 τὴν
679 2057 883 2130 τροφὴν
903 2057 981 2128 τῷ
1011 2056 1204 2127 πλήθει
1227 2055 1328 2126 τῆς
1354 2056 1653 2126 ὑγρότητος
1674 2052 1900 2122 εὑϊδρω-

328 2170 413 2215 τες
432 2172 449 2186 ο
478 2152 531 2204 οἱ
568 2151 629 2205 δὲ
659 2151 1017 2222 πεπεμμένην
1047 2150 1125 2221 τῷ
1147 2150 1246 2219 τὴν
1294 2149 1570 2217 ὑγρότητα
1616 2145 1898 2216 διακεκρίο

335 2241 457 2294 σθαι
473 2244 538 2313 τῇ
575 2240 743 2310 πέψει
770 2241 864 2294 τοῦ
888 2241 1049 2296 ἄλλου
1080 2239 1245 2311 χυλοῦ
1288 2238 1480 2311 ῥᾳδίαν
1509 2236 1693 2309 ἔχουσι
1731 2239 1779 2268 ⁸⁸
1802 2237 1900 2310 τὴν

328 2332 644 2404 ἐξόρμησιν.
680 2331 842 2405 [1577
878 2331 969 2405 3.]
995 2333 1120 2385 Ὀτι
1161 2331 1222 2384 οὐ
1273 2329 1582 2393 πονοῦντες,
1627 2329 1743 2383 ἀλλ’
1770 2330 1903 2383 ὅταν

324 2425 633 2490 παύωνται,
666 2423 867 2493 μᾶλλον
896 2422 1152 2493 ἱδροῦσιν,
1184 2420 1308 2474 οὐδὲ
1352 2419 1744 2486 συντείνοντες,
1769 2419 1896 2473 οὐδὲ

324 2512 654 2582 κατέχοντες
687 2512 749 2564 τὸ
777 2510 1016 2581 πνεῦμα,
1065 2507 1183 2561 ἀλλ’
1211 2507 1342 2561 ὅταν
1380 2505 1573 2575 ἀνῶσι,
1619 2506 1754 2560 διότι
1802 2524 1903 2560 πο-

323 2603 564 2654 νούντων
597 2601 698 2671 μὲν
730 2599 857 2672 [864
884 2598 974 2671 11.}
1011 2599 1115 2653 ὑπὸ
1145 2597 1241 2653 τοῦ
1282 2601 1593 2669 πνεύματος
1617 2599 1674 2651 αἱ
1706 2598 1904 2669 φλέϐες

322 2692 725 2763 ἐμφυσώμεναι
752 2692 1024 2763 συμμύειν
1068 2692 1283 2747 ποιοῦσι
1329 2696 1460 2757 τοὺς
1498 2693 1721 2763 πόρους,
1760 2692 1903 2746 ὥστε

321 2787 389 2840 δι’
409 2784 725 2856 εύρυτέρων
750 2785 949 2855 μᾶλλον
970 2785 1251 2857 ἐξέρχεται
1272 2785 1335 2837 τὸ
1353 2785 1540 2853 ὑγρόν.
1564 2785 1672 2837 Καὶ
1693 2785 1726 2853 ἡ
1773 2784 1907 2837 κάθ-

327 2877 441 2942 εξις
464 2877 524 2931 δὲ
541 2876 638 2930 τοῦ
664 2877 973 2946 πνεύματος
1000 2878 1203 2949 πληροί
1229 2878 1332 2940 τὰς
1365 2876 1589 2946 φλέϐας,
1624 2876 1766 2929 ὥστε
1796 2894 1907 2929 κω-

326 2970 477 3023 λύειν
501 2969 548 3001 "
576 2968 795 3023 διιέναι.
824 2969 948 3023 Ὅτι
973 2970 1112 3040 μετὰ
1138 2970 1264 3033 τοὺς
1287 2969 1483 3034 πόνους
1509 2970 1603 3022 καὶ
1625 2969 1754 3031 τοὺς
1780 2968 1906 3040 δρό-

331 3078 468 3132 μους
499 3060 553 3113 oi
577 3062 638 3113 ὲν
661 3062 789 3131 σκιᾷ
816 3060 1019 3131 μᾶλλον
1066 3059 1427 3130 καθεζόμενοι
1470 3058 1709 3131 ἱδροῦσιν
1762 3059 1907 3129 ἥπερ

328 3154 378 3205 οί
400 3154 458 3205 ἐν
480 3152 563 3223 τῷ
593 3151 751 3223 ἡλίῳ,
780 3152 914 3205 διότι
937 3154 966 3205 6
991 3151 1144 3223 ἣλιος
1173 3149 1525 3222 ἀναξηραίνει
1571 3150 1668 3203 καὶ
1705 3151 1909 3203 πυκνοῖ

327 3246 456 3308 τοὺς
479 3244 704 3316 πόρους.
739 3244 864 3297 Ὀτι
894 3245 1021 3308 τοὺς
1051 3244 1217 3306 πόδας
1246 3245 1296 3297 oi.
1333 3242 1410 3314 τῷ
1434 3242 1588 3295 ὕδατι
1615 3241 1909 3312 ἐμὸάλλονο

328 3353 422 3399 τες
464 3337 567 3405 οὐχ
617 3335 857 3406 ἱδροῦσι,
890 3336 1026 3389 διότι
1064 3335 1125 3390 τό
1154 3335 1299 3407 ὕδωρ
1346 3334 1544 3388 κωλύει
1595 3334 1695 3406 τὴν
1730 3334 1905 3405 τῆξιν.

343 3428 402 3481 Ὀ
436 3428 493 3482 δὲ
525 3427 687 3500 ίδρὼς
716 3429 870 3497 τῆξίς
892 3431 1009 3483 ἐστι
1036 3428 1147 3482 τῶν
1179 3429 1363 3493 κακῶς
1410 3428 1910 3499 προσῳκοδομημέ-

331 3539 439 3575 νων
461 3523 585 3586 ταῖς
617 3522 830 3593 σαρξὶν,
853 3524 981 3577 ὅταν
1006 3522 1327 3596 ἐκκρίνηται
1344 3522 1434 3578 διὰ
1455 3524 1515 3575 τὸ
1536 3523 1756 3594 θερμόν.
1787 3523 1911 3576 Ὅτι

330 3615 393 3667 τὸ
443 3614 773 3684 γυμνάσιον,
831 3616 927 3670 ἐὰν
969 3616 1176 3684 γίνοιτο
1234 3616 1509 3686 συνεχῶς,
1557 3614 1912 3688 ἀναξηραίνει

334 3706 589 3778 καθάπερ
614 3710 643 3763 ὁ
674 3707 825 3779 ἥλιος
850 3725 865 3739 ·
898 3708 980 3762 διὸ
1003 3703 1165 3781 ἦττον
1222 3709 1477 3781 ἱδροῦσιν.
1511 3709 1632 3763 Ὅτι
1671 3708 1733 3762 τὸ
1779 3707 1912 3777 μέτ-

334 3816 482 3855 ωπον
506 3800 722 3871 πρῶτον
745 3804 839 3856 καὶ
862 3802 1092 3872 μάλιστα
1115 3803 1318 3873 ίδροῦσι
1338 3802 1427 3856 διὰ
1445 3802 1506 3855 τὸ
1523 3802 1627 3855 ὑπὸ
1645 3802 1738 3855 τὸν
1753 3800 1913 3869 ἐγκέ-

334 3893 505 3960 φαλον
526 3890 668 3948 εἶναι
708 3895 874 3964 ὑγρὸν
907 3895 1058 3950 ὄντα.
1106 3898 1213 3949 Καὶ
1246 3897 1279 3967 ή
1314 3896 1523 3967 κεφαλὴ
1573 3896 1632 3949 δὲ
1678 3894 1914 3966 μάλιστα

338 3986 472 4055 ἱδροῖ
502 3987 675 4041 διὰτὸ
723 3988 890 4059 μανὸν
945 3989 1192 4061 (σημεῖον
1220 3990 1280 4043 δὲ
1337 3991 1394 4044 αἱ
1436 3989 1672 4061 τρίχες),
1721 3989 1818 4042 καὶ
1868 3988 1914 4021 ⁴³

334 4079 468 4131 διότι
513 4079 609 4133 τοῦ
649 4080 961 4152 πνεύματος
988 4083 1025 4153 ἠ
1065 4082 1285 4149 κάθεξις
1331 4082 1657 4135 διατείνεταί
1686 4098 1804 4145 πως
1834 4083 1915 4144 εἰς

332 4173 433 4242 τὴν
485 4173 754 4242 κεφαλήν.
818 4174 944 4228 Ὅτι
995 4176 1046 4228 οί
1100 4175 1446 4244 ἀγωνιῶντες
1488 4177 1533 4209 ἰθ
1569 4176 1696 4239 τοὺς
1746 4176 1915 4240 πόδας

335 4265 567 4335 ἱδροῦσι,
600 4267 661 4320 τὸ
689 4267 747 4320 δέ
783 4270 1075 4339 πρόσωπον
1104 4269 1189 4336 οὒ,
1239 4270 1375 4324 διότι
1405 4272 1439 4342 ἡ
1490 4270 1700 4338 ἀγωνία
1720 4269 1780 4323 ού
1816 4286 1915 4340 με-

334 4359 600 4422 τάστασις
630 4357 989 4430 θερμότητος,
1024 4361 1142 4415 ἀλλ’
1191 4360 1442 4433 αὔξησις,
1478 4360 1729 4433 καθάπερ
1761 4363 1789 4414 ό
1819 4360 1914 4413 θυ-

338 4450 459 4517 μός.
487 4450 581 4503 Διὸ
609 4449 671 4503 τὸ
701 4450 749 4482 ⁵⁸
792 4451 889 4521 μέν
916 4454 1210 4525 πρόσωπον
1237 4454 1521 4524 ἐξέρυθροι
1554 4455 1795 4523 γίνονται
1821 4455 1917 4507 καὶ

2000 1948 2308 2017 titudinem,
2329 1949 2528 2004 sudant
2551 1949 2841 2019 plurimum
2869 1966 2884 2003 :
2909 1949 3005 2019 qui
3023 1963 3153 2003 vero
3173 1954 3328 2003 cocto
3345 1959 3577 2001 vescun-

2000 2057 2116 2107 rur,
2172 2057 2268 2111 per
2314 2043 2728 2098 concoctionem
2775 2043 3000 2099 alterius
3046 2043 3217 2107 succi,
3270 2039 3437 2096 facile
3479 2054 3579 2094 su—

2000 2134 2149 2190 dant.

2071 2226 2192 2283 Non
2224 2228 2558 2295 laborantes,
2598 2227 2693 2284 sed
2737 2241 2861 2282 cum
2904 2227 3016 2297 jam
3044 2226 3357 2296 quiescunt,
3405 2223 3581 2293 magis

2002 2320 2223 2385 sudant,
2303 2335 2482 2391 neque
2553 2320 2926 2384 intendentes,
2996 2333 3172 2389 neque
3236 2317 3580 2372 continentes

2002 2412 2276 2480 spiritum,
2329 2412 2423 2467 sed
2474 2412 2695 2483 quando
2723 2412 3028 2477 remittunt,
3087 2405 3374 2481 propterea
3431 2410 3581 2478 quod

2003 2501 2364 2556 laborantium
2394 2518 2424 2557 a
2456 2503 2653 2572 spiritu
2683 2516 2832 2556 vena:
2854 2501 3073 2565 inﬂatas,
3118 2500 3374 2555 claudere
3420 2511 3583 2567 poros

2002 2590 2227 2646 faciant.
2290 2592 2470 2658 Quare
2539 2606 2631 2662 per
2687 2592 2908 2647 latiores
2960 2605 3122 2659 poros
3179 2589 3353 2661 magis
3404 2588 3586 2660 prodit

2004 2682 2247 2738 humor:
2302 2686 2533 2755 spiritus
2566 2695 2744 2741 autem
2782 2685 3015 2757 retentio
3076 2686 3316 2755 complet
3372 2699 3578 2739 venas:

2005 2784 2066 2829 ut
2093 2777 2447 2846 prohibeatur
2475 2778 2809 2833 exire.'Post
2846 2778 3059 2832 labores
3090 2785 3144 2831 et
3172 2790 3368 2831 cursus
3400 2776 3492 2843 qui
3526 2776 3581 2830 in

2005 2868 2198 2922 umbra
2223 2868 2414 2923 sedent
2444 2868 2617 2940 magis
2648 2869 2848 2924 sudant
2879 2884 3043 2938 quam
3064 2868 3156 2939 qui
3187 2868 3242 2922 iu
3264 2867 3377 2922 sole
3406 2875 3531 2922 sunt
3564 2884 3583 2923 :

2006 2959 2151 3028 quod
2177 2960 2259 3014 sol
2291 2961 2531 3016 exsiccet
2567 2970 2625 3017 et
2653 2962 2950 3017 condenset
2995 2972 3228 3015 meatus.
3264 2958 3369 3026 Qui
3419 2959 3586 3028 pedes

2006 3052 2061 3107 in
2094 3068 2292 3122 aquam
2318 3053 2640 3117 immittunt,
2660 3069 2767 3108 non
2795 3054 3015 3116 sudant,
3033 3053 3159 3123 quia
3176 3068 3315 3122 aqua
3335 3053 3588 3122 prohibet

2009 3146 2474 3216 liquefactionem.
2516 3146 2692 3202 Sudor
2723 3161 2856 3200 vero
2912 3144 3229 3214 liquefactio
3280 3153 3365 3200 est
3397 3160 3585 3198 eorum

2010 3256 2134 3310 quae
2179 3240 2320 3294 male
2377 3240 2529 3295 carni
2577 3239 2881 3305 adhaerent,
2930 3238 3150 3309 quando
3196 3244 3291 3308 per
3346 3238 3587 3292 calorem

2011 3332 2348 3386 excernitur.
2410 3330 2548 3396 Quia
2611 3330 2934 3386 exercitatio
3009 3331 3272 3385 continua
3347 3331 3591 3385 exsiccat

2010 3424 2466 3493 quemadmodum
2521 3424 2624 3490 sol,
2707 3425 2827 3479 ideo
2874 3424 3056 3479 minus
3113 3424 3333 3480 sudant.
3388 3422 3592 3478 Fronte

2012 3517 2250 3586 primum
2285 3524 2341 3570 et
2392 3519 2626 3572 maxime
2658 3520 2905 3579 sudatur,
2937 3518 3067 3587 quia
3122 3517 3313 3572 subest
3365 3515 3592 3571 cerebro

2011 3608 2159 3677 quod
2208 3608 2493 3662 humidum
2530 3618 2617 3663 est
2659 3625 2672 3661 :
2700 3618 2863 3679 caput
2889 3622 3110 3680 quoque
3138 3610 3376 3665 maxime
3409 3609 3590 3676 sudat,

2013 3700 2141 3771 quia
2160 3716 2359 3760 ,rar—um
2422 3702 2584 3773 idque
2641 3705 2878 3759 maxime
2907 3703 3089 3760 crines
3112 3704 3378 3769 indicant,
3411 3706 3591 3773 quod-

2013 3812 2119 3867 que
2147 3798 2369 3867 spiritus
2396 3798 2629 3852 retentio
2660 3798 2712 3852 in
2745 3807 2911 3868 caput
2951 3799 3240 3857 redundat.
3273 3798 3377 3865 Qui
3407 3800 3592 3853 animo

2014 3892 2161 3947 anxii
2192 3902 2339 3957 sunt,
2371 3892 2564 3964 5296
2605 3894 2831 3962 pedibus
2877 3894 3099 3960 sudant,
3128 3893 3184 3947 in
3212 3892 3354 3949 facie
3384 3906 3591 3962 nequa-

2014 4002 2177 4056 quam
2208 4003 2223 4039 :
2255 3987 2383 4057 quia
2432 4002 2636 4042 nueror
2675 4004 2782 4042 non
2816 3996 2899 4042 est
2928 3987 3219 4042 diminutio
3248 3987 3464 4053 caloris,
3497 3985 3593 4042 sed

2015 4078 2451 4145 incrementum,
2514 4079 2974 4149 quemadmodum
3002 4080 3105 4142 ira,
3161 4080 3281 4133 ideo
3334 4079 3389 4133 in
3452 4078 3593 4134 facie

2015 4168 2333 4233 rubescunt,
2368 4169 2495 4239 quia
2530 4169 2703 4240 magis
2726 4170 3062 4224 incalescunt
3092 4168 3263 4237 (sicca
3301 4169 3444 4222 enim
3501 4184 3593 4223 sn-

2014 4263 2359 4333 pereminens
2412 4262 2604 4333 calor).
2636 4265 2705 4318 At
2738 4264 2827 4319 ile
2896 4264 2948 4317 in
3004 4264 3232 4333 pedibus
3289 4262 3590 4334 liquefacit.

2016 4355 2143 4425 quia
2199 4356 2381 4411 minor
2421 4363 2505 4412 est
2531 4370 2694 4426 quam
2750 4365 2811 4411 ut
2853 4357 3024 4425 possit
3055 4357 3332 4411 exsiccare
3367 4373 3381 4410 :
3417 4358 3591 4425 maior

2016 4464 2168 4515 vero,
2244 4463 2408 4517 quam
2473 4448 2568 4520 qui
2622 4454 2768 4515 ,ante
2819 4448 2946 4515 fuit,
3002 4457 3057 4504 et
3127 4448 3327 4504 insitus
3362 4460 3465 4505 est.
3533 4450 3593 4505 In

333 4544 433 4612 οὐχ
462 4539 672 4612 ίδροῦσι
703 4543 747 4575 ⁵⁸
774 4543 862 4598 διὰ
886 4545 947 4598 τὸ
976 4546 1177 4616 μᾶλλον
1204 4546 1665 4619 ἐκθερμαίνεσθαι
1691 4545 1903 4619 (ξηραί-

2019 4543 2227 4598 somnis
2254 4542 2429 4613 magis
2463 4558 2626 4613 quam
2655 4543 2709 4598 in
2741 4542 2920 4613 vigilia
2980 4543 3208 4598 sudores
3262 4545 3591 4607 excitantur,

333 4651 417 4686 νει
450 4634 563 4705 γὰρ
595 4636 630 4706 ὴ
676 4636 950 4708 θερμότης
970 4638 1425 4711 ἐπιπολάζουσα),
1481 4640 1543 4691 τὸ
1583 4639 1629 4692 δ’
1680 4642 1738 4693 ἐν
1799 4640 1903 4701 τοῖς

2020 4641 2305 4703 propterea
2334 4633 2479 4703 quod
2508 4634 2769 4690 humores
2788 4646 2842 4689 et
2865 4635 3081 4690 calores
3097 4634 3166 4689 ob
3191 4636 3593 4689 contrariorum

334 4727 466 4780 ποσὶ
494 4731 752 4798 συντήκει
788 4730 876 4785 διὰ
904 4732 966 4785 τὸ
989 4731 1210 4787 ἔλαττον
1241 4735 1287 4766 ⁸³
1316 4728 1457 4787 εἶναι
1479 4731 1620 4785 ὥστε
1654 4731 1910 4802 ξηρᾶναι,

336 4815 510 4870 πλείω
536 4818 596 4871 δὲ
621 4820 721 4888 τῆς
750 4820 993 4891 ἐμφύτου
1041 4825 1139 4876 καὶ
1171 4823 1652 4893 προϋπαρχούσης.
1682 4822 1809 4874 Ὅτι
1852 4822 1912 4874 ἐν

2019 4726 2374 4795 pugnantiam
2408 4724 2647 4795 majores
2699 4727 2829 4790 sint,
2878 4741 2945 4781 ex
2981 4725 3246 4781 ambobus
3301 4736 3480 4780 autem
3532 4725 3596 4779 iit

2018 4823 2204 4877 sudor.

334 4917 449 4979 τοῖς
468 4916 661 4980 ὕπνοις
680 4916 880 4986 μᾶλλον
902 4918 952 4969 οἱ
977 4917 1249 4989 ἱδρῶτεςῆ
1276 4919 1420 4972 κατὰ
1439 4917 1535 4987 τὴν
1558 4918 1911 4989 ἐγρήγορσιν,
1940 4916 2209 4972 ’διότικαὶ
2249 4917 2319 4971 τὰ
2396 4918 2539 4987 ὑγρὰ
2599 4917 2694 4969 καὶ
2744 4911 2813 4969 τά
2868 4915 3047 4985 θερμὰ
3105 4916 3305 4985 μᾶλλον
3363 4914 3453 4967 διὰ
3494 4912 3590 4981 τὴν
3674 4962 3675 4965 η

337 5013 787 5082 ἀντιπερίστασιν
808 5030 821 5045 ·
856 5011 916 5076 ἐξ
951 5012 1152 5083 ἀμφοῖν
1171 5000 1229 5065 δὲ
1258 5013 1462 5066 τούτων
1492 5012 1521 5063 ό
1551 5012 1734 5081 ἱδρώς.

520 5104 633 5159 Τοῦ
664 5103 853 5157 αὐτοῦ
890 5104 961 5157 ἐκ
1002 5104 1108 5157 τοῦ
1136 5104 1183 5137 ⁵³
1216 5107 1348 5173 περὶ
1378 5105 1639 5174 μελίτων
1666 5106 1735 5159 ⁸⁵.

414 5195 539 5248 Ὅτι
579 5196 634 5248 αἱ
656 5194 750 5248 τοῦ
778 5194 990 5266 μέλιτος
1013 5195 1257 5264 γενέσεις
1280 5195 1494 5248 τοιτταί
1515 5210 1529 5224 ·
1570 5197 1602 5266 ἢ
1650 5194 1914 5247 ἀπὸ¹τῶν

2446 5096 2699 5167 Ejusdem
2723 5097 2785 5148 de
2815 5088 2939 5165 (28)
2960 5095 3177 5163 Apibus.

2093 5193 2193 5247 Mel
2233 5190 2407 5246 tribus
2439 5188 2616 5245 modis
2645 5189 2909 5253 nascitur,
2948 5188 3033 5243 vel
3062 5204 3093 5242 c
3128 5186 3372 5249 ﬂoribus,
3419 5194 3473 5240 et
3522 5199 3593 5240 ex

1643 5284 1882 5338 ῪΑΒΙᾹΞ
1920 5279 2335 5338 LECTIONES.

420 5386 466 5419 "
499 5386 578 5455 τῷ
607 5384 797 5468 uilli-:6
824 5384 897 5468 51:13
926 5383 1037 5468 B.”
1063 5383 1109 5413 ”
1139 5382 1375 5468 γίνοηιὶαι
1408 5378 1537 5468 θεά.

1718 5377 1763 5408 ⁸⁸
1783 5375 2087 5445 διαμερίζει
2118 5373 2158 5426 Β
2187 5359 2442 5445 ε’μερξζει
2471 5390 2531 5436 ς.
2612 5372 2660 5403 ’⁸⁸
2689 5370 3065 5445 όινεῳγμένους
3093 5364 3134 5445 Β
3154 5384 3176 5445 _:
3204 5363 3591 5445 γεγυμνασμέτ

346 5474 468 5519 νους
607 5435 940 5523 τίδ’ἔχειί
976 5435 1037 5484 ⁷⁸⁷
1066 5435 1263 5505 κωλύει
1298 5451 1359 5504 Β.
1435 5449 1479 5480 ⁸⁵⁸
1506 5450 1598 5500 καὶ
1621 5461 1732 5523 orn.
1770 5446 1832 5499 B.
1877 5435 1889 5445 ’
1925 5435 1969 5477 ⁸⁵
1997 5435 2420 5523 ἀγωνιῶντες-Β
2445 5462 2458 5497 :
2485 5435 2853 5523 ίάγωνιριῦντες
2875 5435 2940 5502 ς.
2986 5439 3058 5523 “5°
3089 5437 3222 5523 διότι
3281 5436 3339 5487 Β.
3415 5437 3459 5467 ⁵¹
3490 5435 3590 5487 καὶ

348 5530 446 5598 όύχ
476 5525 680 5598 ἱδροῦσι
704 5526 829 5581 add.
864 5524 926 5579 Β.

1023 5526 1068 5556 ⁵¹
1092 5522 1329 5575 ἐλάττων
1353 5552 1421 5565 -
1442 5518 1641 5571 πλείων
1681 5515 2008 5586 Stephanus.

2111 5515 2159 5547 ⁸³
2189 5517 2252 5568 ἐκ
2276 5514 2370 5567 τοῦ
2398 5530 2507 5569 om.
2540 5505 2600 5567 Β.
2663 5513 2709 5543 ⁵⁵
2734 5510 2961 5582 μελίτων
2985 5506 3024 5560 Β
3050 5525 3062 5560 :
3100 5505 3362 5577 μελιττων
3385 5522 3427 5571 ς·

1849 5608 2080 5664 NOTAE.

418 5713 529 5788 (28)
549 5712 606 5768 ln
633 5711 825 5767 Cra-co
846 5711 969 5767 fort.
996 5712 1281 5783 legendum
1301 5711 1427 5781 περὶ
1449 5709 1681 5781 μέλιτος,
1726 5705 1804 5760 De
1836 5704 2003 5758 melle.
