3922 6242
326 318 435 381 305

1419 313 1943 375 BIBLIOTHECA.
1982 342 2050 353 —
2088 315 2253 378 COD.
2294 318 2639 379 CCLXXIX.

3470 325 3574 391 306

317 430 435 479 εστι
488 424 588 495 μὲν
630 421 998 491 Σοφοκλέους,
1046 416 1235 473 τοῦτον
1283 418 1342 473 δὲ
1376 420 1706 491 παρῳδήσας
1737 423 1767 474 ὁ
1792 421 1884 472 Φι-

1990 430 2074 474 est
2098 420 2410 491 Sophoclis,
2440 424 2587 493 quod
2616 421 2928 479 Philonides
2960 440 3052 494 per
3079 426 3361 495 parodiam
3391 432 3574 499 expri—

315 515 550 585 λκυνίδης
579 512 685 585 ἔφη
712 529 727 543 ·

388 631 645 697 Ὀρκους
690 627 759 680 δὲ
778 624 1005 697 μοιχῶν
1038 627 1125 691 εἰς
1152 623 1377 693 τέφραν
1399 622 1516 692 ἐγὼ
1561 622 1784 693 γράφω.

315 714 381 773 Οἱ
404 720 461 772 δὲ
497 720 596 781 τὰς
620 720 886 786 γυναῖκας
910 715 1253 777 σκώπτοντές
1276 729 1463 783 φασινο

390 813 653 878 Ὀρκους
683 810 800 881 ἐγὼ
830 806 1128 879 γυναικῶν
1157 810 1245 875 είς
1272 803 1476 861 οἶκτον
1495 806 1540 839 ⁸⁸
1564 804 1785 875 γράφω.

389 905 517 957 Ὅτι
556 905 666 957 τῶν
701 903 874 957 εἴκοσι
928 903 1212 975 τεσσάρων
1256 900 1537 970 στοιχείων
1574 899 1635 952 τὸ
1665 899 1760 969 1μῦ
1798 899 1896 952 καὶ

297 992 377 1051 ’τὸ
398 998 478 1052 νῦ
511 999 607 1051 καὶ
628 996 690 1050 τὸ
727 996 766 1051 ὗ
796 996 1159 1065 ἐκτεταμένον
1214 993 1398 1065 έχουσι
1421 993 1482 1046 τὸ
1522 993 1770 1063 δίχρονον
1797 990 1894 1044 καὶ

1994 529 2150 570 mens
2174 514 2337 571 dixit:

2064 624 2378 680 Iuramenta
2409 627 2721 682 meliorum
2751 630 2913 684 cineri
2940 631 3184 685 inscribo.

1993 714 2096 783 Qui
2136 718 2391 773 mulieres
2425 718 2673 785 irrident,
2701 720 2780 776 sic
2807 722 2993 776 dicunt
3022 739 3036 775 :

2061 806 2375 862 Juramenta
2446 810 2724 864 mulierum
2790 810 3072 879 ejulatibus
3156 815 3406 869 inscribo.

2064 899 2209 955 Inter
2232 901 2425 971 viginti
2455 914 2689 971 quatuor
2713 904 2920 958 litteras
2959 903 3062 973 μῦ,
3091 904 3176 971 νῦ,
3211 914 3263 958 et
3301 905 3330 957 ὖ
3361 905 3577 959 duobus

1995 994 2332 1064 temporibus
2354 995 2678 1065 aequivalent
2704 1004 2759 1049 et
2787 993 3293 1051 circumﬁectuntur
3326 1017 3338 1051 :
3372 1006 3426 1051 et
3453 998 3573 1050 alize

310 1090 718 1159 περισπῶνται,
745 1087 841 1141 καὶ
868 1087 939 1140 τὰ
957 1088 1091 1141 ἄλλα
1116 1087 1173 1140 δὲ
1192 1087 1259 1139 τὰ
1292 1087 1372 1149 είς
1400 1084 1425 1137 ῖ
1448 1086 1493 1118 ⁸³
1522 1082 1884 1155 μονοσύλλαϐα

1995 1082 2400 1152 monosyllabzc,
2434 1084 2503 1151 let
2534 1083 2869 1153 diphthongo
2900 1083 3105 1154 syllaba
3134 1086 3490 1139 terminantur
3521 1095 3574 1141 et

307 1185 415 1237 καὶ
444 1184 736 1253 δίφθογγον
780 1182 894 1251 ἔχει
947 1181 1045 1253 τὴν
1084 1180 1352 1251 συλλαϐὴν
1391 1180 1487 1234 καὶ
1532 1180 1891 1250 περισπᾶται,

306 1277 479 1331 οἱονεὶ
534 1274 652 1346 φεῖ,
678 1274 777 1344 χεῖ
795 1276 861 1340 ⁷⁸,
891 1272 1119 1342 ﬂstth
1146 1273 1203 1327 δὲ
1243 1272 1287 1325 ὦ
1317 1272 1476 1342 δῆλον
1504 1272 1586 1325 ὅτι
1618 1270 1892 1341 περισπᾶ-

1995 1172 2518 1239 circumﬂectuntur,
2570 1175 2720 1230 verbi
2756 1175 2928 1246 gratia
2996 1178 3127 1245 φεῖ,
3186 1180 3292 1247 χεῖ,
3355 1178 3464 1247 ψεῖ.
3527 1179 3571 1230 ὦ

1993 1273 2177 1333 aperte
2193 1264 2637 1322 circumﬂectitur
2664 1284 2677 1321 :
2705 1267 2846 1323 inter
2859 1267 3157 1339 disyllabas
3176 1284 3306 1323 vero
3323 1272 3569 1339 quaedam

303 1384 427 1422 ται.
456 1366 579 1419 Τῶν
606 1366 662 1418 δὲ
691 1365 1027 1418 δισυλλάϐων
1072 1364 1173 1418 ὅσα
1219 1363 1320 1434 μὲν
1356 1363 1471 1433 ἔχει
1504 1363 1605 1431 τὴν
1645 1360 1884 1430 παραλή-

1996 1356 2199 1412 habent
2240 1358 2470 1428 primam
2503 1359 2742 1429 longam,
2777 1376 2900 1431 qua:
2937 1370 3129 1416 natura
3179 1378 3279 1416 sua
3334 1363 3572 1417 circum-

302 1473 521 1524 γουσαν
553 1456 792 1526 μακρὰν,
821 1454 981 1524 φύσει
1008 1456 1364 1524 περισπᾶται,
1382 1448 1492 1505 οἷον
1507 1450 1693 1521 βῆτα,
1721 1451 1893 1518 θῆτα,

302 1545 448 1619 ἦτα,
477 1549 577 1601 ὅσα
596 1547 652 1599 δὲ
683 1548 780 1616 μὴ,
805 1545 1190 1616 παροξύνεται,
1218 1545 1405 1614 ἄλφα,
1434 1543 1667 1607 κάππα,
1691 1542 1891 1598 δέλτα.

306 1639 440 1694 Ὅτι
466 1639 638 1711 ὄνομα
665 1639 1004 1710 θεραπαίνης
1039 1637 1340 1710 Πηλούσιον
1385 1633 1476 1708 ἦν,
1525 1636 1594 1690 δι’
1626 1631 1695 1708 ἦς
1725 1637 1754 1690 6
1777 1637 1892 1690 Mo-

1994 1444 2253 1511 ﬁectitur,
2284 1457 2343 1501 ut
2376 1447 2537 1517 βῆτα,
2588 1448 2746 1518 δῆτα,
2783 1445 2930 1520 ﬁta:
2967 1466 3090 1520 quae
3119 1465 3248 1505 vero
3308 1465 3417 1505 non
3466 1452 3573 1505 cir-

1995 1539 2439 1603 cumﬁectuntur,
2469 1539 2521 1593 in
2546 1541 2843 1610 penultima
2858 1552 3146 1606 acuuntur,
3168 1552 3227 1598 ut
3246 1544 3412 1629 ςλφα,
3429 1542 3572 1597 κάπ-

1996 1649 2095 1698 πα,
2125 1633 2305 1687 δέλτα.
2337 1632 2563 1688 Ancillae
2590 1648 2789 1688 nomen
2815 1632 3091 1689 Pelusium
3137 1643 3275 1700 erat,
3296 1651 3391 1705 per
3404 1651 3568 1706 quam

302 1731 506 1795 λοσσὸς
584 1731 803 1803 Πύρρος
879 1731 1061 1784 ἀνεῖλε
1135 1731 1415 1801 φαρμάκῳ
1481 1730 1581 1799 τὴν
1654 1728 1884 1800 μητέρα.

1996 1725 2237 1798 Pyrrhus
2313 1724 2588 1782 Molossus
2672 1742 2883 1782 veneno
2952 1738 3180 1783 matrem
3273 1729 3567 1791 interfecit.

302 1824 441 1895 [866
457 1823 552 1896 IL]
568 1825 691 1879 Ὅτι
721 1824 1049 1894 ἁνθρακεὺς
1069 1824 1098 1878 6
1110 1826 1166 1877 ἐν
1183 1827 1249 1895 τῇ
1272 1822 1530 1895 συνηθείᾳ
1559 1821 1893 1893 καλούμενος

302 1918 713 1988 καρϐωνάριος.
733 1918 853 1971 Ὅτι
870 1917 1130 1986 ὀνηλάτου
1148 1916 1246 1987 μὲν
1259 1917 1373 1979 υίὸς
1386 1910 1738 1986 Διονύσιοςῆν
1752 1915 1780 1967 6
1793 1914 1891 1984 τῆς

303 2008 564 2073 Σικελίας
592 2010 762 2080 ἄρξας
788 2008 883 2079 ἔτη
918 2009 1329 2079 τεσσαράκοντα
1372 2009 1517 2061 δυοῖν
1565 2007 1886 2071 ἀποδέοντα,

316 2101 659 2171 Ἀγαθοκλῆς
677 2101 734 2153 δέ
772 2102 1081 2172 κεραμέως,
1116 2100 1211 2153 καὶ
1249 2099 1413 2164 αὐτὸς
1467 2098 1660 2169 συχνὸν
1696 2098 1890 2170 χρόνον

306 2194 563 2256 Σικελίας
614 2194 803 2264 ἄρξας.
840 2194 952 2263 Τῆς
994 2193 1040 2246 δ’
1088 2194 1393 2263 Ἀταρνέως
1434 2193 1613 2260 (πόλις
1662 2192 1709 2245 δ’
1749 2190 1890 2263 αὕτη

310 2283 577 2356 Θρᾳκίας)
614 2285 874 2353 ἐκτομίας
913 2283 988 2337 ὣν
1035 2285 1131 2337 καὶ
1160 2283 1348 2347 δοῦλος
1393 2279 1561 2355 ἦρξεν
1599 2281 1885 2354 Ἑρμείας.

304 2377 501 2446 Πῶρος
529 2376 574 2428 δ’
608 2378 635 2430 6
683 2375 934 2447 βασιλεὺς
972 2376 1147 2430 Ἰνδῶν
1198 2376 1441 2446 κουρέως
1462 2371 1533 2446 ἦν
1565 2375 1699 2438 υίός.
1743 2372 1889 2445 Βρά-

297 2469 491 2532 δυλλις
531 2468 587 2522 δέ
638 2486 724 2531 τις
788 2468 1063 2538 Ἰλλυριῶν
1110 2470 1519 2539 ἐστρατήγησεν
1574 2468 1887 2539 ἀνθρακεὺς

297 2563 570 2631 γεγονὼς,
628 2560 725 2614 καὶ
767 2562 1102 2633 Ὀρθαγόρας
1149 2561 1421 2626 Σικύωνος
1462 2562 1830 2634 ἐτυράννησεν
1859 2564 1888 2616 6

299 2656 593 2725 μάγειρος.
648 2654 773 2707 Ὅτι
817 2654 879 2707 τὸ
918 2658 1090 2724 μόγις
1132 2653 1543 2725 ἀναλογώτερον
1575 2654 1665 2708 διὰ
1692 2655 1787 2708 τοῦ
1827 2674 1883 2724 γ,

297 2749 461 2817 φησὶ,
524 2746 818 2817 γράφεται,
854 2749 946 2800 ἐπὶ
1004 2747 1111 2801 τῶν
1173 2747 1312 2818 μετὰ
1367 2749 1530 2801 πόνου
1580 2749 1886 2817 γινομένων

292 2840 635 2909 ταττόμενον
660 2857 673 2869 ·
709 2840 759 2891 οῖ
784 2838 842 2891 δὲ
870 2840 1055 2904 Ἴωνες
1090 2839 1183 2892 καὶ
1210 2840 1423 2904 Αἰολεῖς
1445 2840 1773 2909 παραλόγως
1797 2839 1887 2895 διὰ

291 2930 397 2984 τοῦ
433 2934 495 2990 .1.
543 2932 722 3000 μόλις
758 2931 1029 2999 λέγοντες,
1057 2932 1351 3003 ἐκφέρουσι
1408 2932 1501 2985 καὶ
1555 2933 1879 3003 γράφουσιν.

294 3024 428 3078 Ὀτι
454 3024 515 3077 τὸ
534 3019 580 3078 ὦ
608 3024 722 3078 τὰν
741 3023 834 3077 δύο
864 3025 907 3055 ⁷¹
931 3006 1071 3097 μέρή
1101 3025 1267 3092 φησὶν
1297 3019 1457 3086 εἶναι,
1487 3023 1549 3075 τὸ
1578 3024 1676 3094 μὲν
1694 3018 1740 3077 ὦ
1760 3022 1883 3075 καθ’

2007 1818 2338 1891 Ἀνθρακεύς
2389 1827 2622 1874 vocatur
2666 1820 2762 1890 qui
2812 1819 2977 1891 vulgo
3024 1822 3382 1876 carbonarius
3432 1824 3565 1889 (55).

1992 1912 2282 1985 Dionysius
2305 1912 2450 1970 ﬁlius
2473 1914 2578 1970 fuit
2607 1914 2883 1985 agasonis,
2915 1913 3009 1984 qui
3031 1913 3233 1970 Sicilia:
3256 1914 3417 1970 annis
3438 1916 3571 1970 duo;

1991 2005 2422 2077 dequadraginta
2448 2004 2684 2077 praefuit.
2727 2007 3057 2073 Agathocles
3094 2007 3204 2075 (54)
3244 2007 3394 2077 ﬁguli
3424 2008 3568 2064 ﬁlius

1991 2098 2197 2152 multos
2231 2098 2397 2152 etiam
2429 2113 2606 2154 annos
2638 2096 2841 2152 Siciliae
2874 2096 3109 2168 praefuit.
3145 2096 3411 2155 Hermeas
3468 2114 3564 2154 ca-

1989 2196 2199 2243 stratus
2221 2196 2276 2244 et
2308 2204 2503 2244 servus
2531 2204 2657 2243 cum
2692 2199 2857 2254 esset,
2898 2190 3113 2245 Aternae
3155 2190 3299 2260 (quae
3322 2191 3568 2247 Thraciae

1990 2281 2180 2335 civitas
2218 2281 2326 2352 est)
2357 2296 2449 2336 rex
2476 2280 2600 2335 fuit.
2632 2282 2805 2337 Porus
2834 2282 3092 2337 Indorum
3130 2298 3227 2337 rex
3270 2283 3413 2336 ﬁlius
3442 2294 3565 2337 ton-

1990 2373 2150 2427 soris.
2186 2372 2440 2427 Bradillis
2470 2373 2829 2428 carbonarius
2864 2389 2988 2428 cum
3020 2374 3234 2439 fuisset,
3293 2375 3563 2446 Illyricum

1989 2463 2145 2519 duxit
2169 2464 2496 2519 exercitum.
2530 2462 2866 2535 Orthagoras
2908 2479 3119 2534 coquus
3146 2465 3417 2535 Sicyonia:
3465 2466 3565 2519 do-

1988 2557 2230 2611 minatus
2259 2565 2362 2611 est.
2398 2554 2637 2610 Verbum
2691 2557 2871 2626 μόγις,
2917 2560 3025 2621 vix,
3060 2558 3344 2627 aptissime
3395 2574 3491 2627 per
3529 2573 3565 2628 γ

1988 2644 2155 2701 scribi
2188 2646 2285 2709 ait,
2318 2647 2555 2713 positum
2589 2660 2685 2714 pro
2738 2646 2807 2701 iis
2834 2661 2957 2715 quae
2984 2647 3122 2701 ﬁunt
3175 2662 3297 2701 cum
3355 2647 3561 2702 labore.

1986 2739 2146 2795 Iones
2176 2746 2233 2793 et
2253 2738 2442 2796 IEoles
2467 2740 2657 2811 530b
2691 2741 2873 2811 inepte
2896 2756 2991 2810 per
3039 2741 3071 2793 λ
3103 2741 3351 2797 scribunt
3388 2742 3562 2813 μόλις,

1986 2842 2041 2887 et
2062 2834 2439 2903 pronuntiant.
2478 2835 2536 2886 Ὠ
2559 2835 2657 2887 τάν
2687 2833 2808 2903 (pro
2851 2826 2895 2887 ὦ
2931 2832 3079 2901 ὲτὰν,
3106 2836 3233 2890 heus
3274 2835 3402 2890 bone
3432 2837 3562 2902 vir),

1986 2925 2223 2981 divisum
2253 2942 2378 2983 esse
2405 2927 2557 2994 dicit,
2583 2920 2629 2980 ὦ
2651 2926 2871 2998 quidem
2904 2929 3103 2990 solum,
3138 2928 3237 2982 τὰν
3278 2929 3478 2997 rejecro
3515 2932 3562 2986 ἐ.

1990 3018 2260 3088 lntegrum
2294 3029 2377 3074 est
2403 3020 2549 3074 enim
2595 3020 2745 3083 ἐτὰν,
2798 3029 2853 3074 et
2896 3022 3189 3076 coalitione
3244 3038 3368 3077 cum
3410 3018 3455 3077 ὦ
3507 3026 3568 3079 ﬁt

292 3116 457 3180 αὐτὸ,
486 3116 546 3168 τὸ
601 3115 659 3169 δὲ
685 3117 732 3147 τ’
778 3117 890 3169 τὰν
936 3115 1079 3169 κατὰ
1129 3114 1405 3186 ἀποὸολὴν
1456 3114 1637 3168 τοῦευ
1671 3114 1731 3167 τὸ
1776 3116 1883 3187 γὰρ

1989 3103 2032 3162 ὣ
2061 3110 2177 3164 τάν.
2223 3110 2391 3180 Ἐτης
2419 3112 2562 3164 enim
2596 3112 2805 3167 amicus
2857 3129 3023 3168 verus
3055 3123 3139 3168 est
3167 3132 3181 3168 :
3240 3130 3365 3168 nam
3416 3117 3566 3170 ἐτεόν

293 3208 515 3279 πλῆρες
542 3209 589 3239 ⁷³
615 3207 758 3261 ἐτάν
786 3209 926 3273 ἐστι,
968 3208 1061 3260 καὶ
1093 3207 1475 3278 συναλιφέντος
1503 3207 1599 3261 τοῦ
1635 3206 1680 3258 ὦ
1720 3207 1883 3276 γέγο-

292 3318 394 3353 νεν
413 3296 462 3355 ὦ
487 3299 619 3354 τάν.
656 3299 826 3354 Ἐτάν
855 3301 965 3370 γὰρ
995 3300 1043 3331 ’⁷⁵
1073 3302 1101 3353 6
1156 3299 1364 3371 ἀληθὴς
1397 3300 1547 3368 φίλος
1576 3318 1590 3331 ·
1620 3301 1714 3354 καὶ
1774 3300 1883 3371 γὰρ

290 3390 474 3445 ἐτεὸν
493 3390 553 3442 τὸ
581 3391 802 3460 ἀληθές.
842 3390 965 3443 Ὅτι
995 3390 1221 3459 Νεκρός
1256 3390 1472 3458 Λέγεται
1516 3390 1660 3445 κατά
1684 3391 1882 3461 στέρη-

295 3496 391 3532 σιν
413 3480 517 3549 τῆς
545 3482 737 3552 κηρὸς,
768 3481 1035 3549 νήκτιρός
1066 3499 1148 3545 τις
1184 3482 1259 3537 ὢν
1294 3484 1387 3537 καὶ
1431 3483 1658 3555 νέκηρος
1678 3485 1745 3550 ",
1786 3484 1883 3537 καὶ

297 3574 455 3627 κατὰ
487 3576 770 3645 συγκοπὴν
793 3577 1026 3643 νεκρός.
1061 3576 1134 3629 Τὸ
1158 3577 1268 3648 γὰρ
1310 3594 1387 3645 νη
1436 3579 1757 3648 στερητικὸν
1786 3579 1883 3632 καὶ

291 3682 369 3720 νε
396 3665 532 3733 φασί
556 3679 572 3695 ⁶
598 3665 676 3718 διὸ
716 3668 809 3720 καὶ
835 3667 1047 3736 νεϐρὸς
1077 3668 1121 3701 ⁷⁸
1141 3670 1169 3721 6
1206 3670 1370 3739 μήπω
1395 3669 1440 3701 ⁷⁷
1463 3671 1762 3739 δυνάμενος
1790 3687 1881 3723 νο-

301 3755 413 3825 μῆς
438 3755 533 3808 καὶ
556 3754 725 3826 βορᾶς
753 3760 1065 3828 μετασχεῖν,
1091 3757 1247 3829 [1581
1275 3759 1371 3830 IL]
1392 3760 1627 3828 γάλακτι
1649 3761 1705 3813 δὲ
1735 3760 1881 3832 μόνῳ

295 3847 658 3917 τρεφόμενος.
724 3850 835 3903 Καὶ
872 3850 1115 3918 νέκταρ,
1153 3845 1215 3905 οὗ
1251 3853 1324 3921 μή
1378 3853 1496 3904 ἐστι
1514 3852 1740 3906 δυνατὸν
1769 3855 1883 3915 τοῖς

300 3937 515 4006 θνητοῖς
550 3938 614 4004 ⁷⁸,
652 3940 907 3992 τουτέστι
944 3942 1058 4003 τοῖς
1089 3941 1511 4009 κτεινομένας,
1549 3944 1838 4012 μετασχεῖν
1864 3958 1880 3971 ⁶

295 4028 413 4083 ἔστι
441 4030 551 4098 γὰρ
580 4030 727 4099 κτὰρ
773 4033 1080 4103 ῥηματικὸν
1109 4032 1299 4103 ὄνομα,
1355 4034 1463 4087 ἀπὸ
1489 4033 1583 4087 τοῦ
1637 4035 1883 4106 ῥήματος

297 4123 657 4193 παρηγμένον
682 4122 775 4176 τοῦ
818 4122 935 4177 κτῶ
956 4123 1051 4177 τοῦ
1079 4123 1367 4194 δηλοῦντος
1407 4125 1467 4178 τὸ
1496 4128 1730 4181 κτείνω.
1758 4127 1882 4181 Ὅτι

295 4216 354 4267 τὸ
388 4210 437 4269 ὦ
479 4217 529 4267 οἱ
568 4214 769 4285 ἄρθρον
802 4217 1061 4287 κλητικδν
1121 4218 1485 4289 ὑπειληφότες
1530 4218 1879 4272 πλανῶνταιο

291 4308 360 4359 τὰ
386 4308 500 4375 γὰρ
528 4307 705 4379 ἄρθρα
730 4308 789 4360 ού
828 4308 1092 4379 χρῄζουσι
1121 4311 1387 4381 κλητικῆς
1408 4326 1423 4342 ·
1456 4311 1551 4364 καὶ
1590 4312 1699 4382 γὰρ
1733 4311 1875 4365 αύτὰ

294 4401 394 4469 μὲν
427 4401 539 4452 τῶν
562 4399 638 4471 μὴ
662 4402 946 4470 παρόντων
986 4402 1084 4472 τὴν
1113 4403 1393 4472 ἀναφορὰν
1444 4404 1615 4474 δηλοῖ,
1655 4404 1715 4457 τὸ
1746 4404 1803 4457 δὲ
1824 4400 1871 4459 ὦ

289 4485 413 4538 κατ’
439 4485 719 4557 ἐνέργειαν
734 4489 778 4519 τ’
804 4489 963 4558 μόνον
984 4489 1085 4557 τῆς
1106 4490 1324 4557 δείξεως
1349 4493 1415 4563 τῇ
1438 4491 1669 4563 κλητικῇ
1700 4510 1870 4564 προσσ

289 4578 478 4648 ἦλθεν.
545 4578 672 4634 Ὅτι
730 4580 787 4633 δὲ
838 4583 1249 4651 ἁμαρτάνουσιν
1311 4585 1362 4637 οἱ
1396 4584 1711 4654 νομίζοντες
1750 4585 1883 4638 αὐτὸ

290 4670 581 4741 κλητικὴν,
619 4671 713 4723 καὶ
749 4673 777 4723 6
806 4670 854 4704 '°
905 4672 1095 4741 χρόνος
1117 4674 1211 4726 καὶ
1239 4675 1269 4727 6
1313 4675 1467 4737 τόνος
1516 4675 1667 4745 δηλοῖ
1694 4676 1789 4728 καὶ
1817 4674 1881 4729 τὸ

290 4760 537 4830 πνεῦμα.
582 4763 693 4814 Καὶ
715 4763 821 4834 γὰρ
841 4762 1113 4832 ψιλοῦται,
1139 4765 1248 4817 τῶν
1278 4765 1456 4819 ἄλλων
1490 4765 1732 4836 ἄρθρων,
1776 4767 1878 4820 ὅσα

290 4852 512 4923 πνεῦμα
535 4853 771 4924 δέχεται,
800 4855 1183 4925 δασυνομένων
1206 4874 1222 4887 ·
1251 4859 1344 4911 καὶ
1369 4858 1440 4912 τὰ
1473 4858 1574 4928 μὲν
1609 4858 1877 4923 ὀξύνεται,

1985 3216 2177 3257 verum
2211 3202 2501 3270 signiﬁcat.
2535 3202 2747 3271 Νεκρδς
2773 3205 2973 3259 dicitur
3004 3206 3071 3259 de
3098 3207 3321 3275 privatis
3348 3208 3561 3274 anima,

1986 3294 2142 3365 quasi
2176 3294 2438 3365 νηκηρὸς,
2469 3301 2524 3348 et
2552 3310 2648 3364 per
2691 3310 2966 3365 syncopen
3014 3297 3229 3367 νεκρὸς.
3274 3297 3445 3353 Aiunt
3487 3317 3546 3353 νε

1984 3395 2040 3441 et
2064 3404 2127 3456 νη
2159 3386 2453 3456 privativas
2476 3387 2789 3456 particulas.
2814 3389 2940 3443 ldeo
2965 3397 3019 3443 et
3040 3389 3230 3461 νεϐρὸς
3262 3390 3564 3461 (hinnulus)

1985 3479 2078 3548 qui
2110 3479 2290 3533 cibum
2337 3479 2763 3550 alimentumque
2802 3482 3053 3552 accipere
3080 3483 3325 3538 nondum
3361 3495 3563 3553 potest,

1984 3572 2079 3625 sed
2111 3572 2229 3626 solo
2252 3570 2392 3625 lacte
2418 3572 2679 3626 nutritur.
2703 3572 2924 3644 Νέκταρ
2946 3575 3090 3643 quod
3125 3576 3382 3632 mortales
3406 3578 3566 3631 edere

1984 3679 2095 3718 non
2131 3671 2385 3734 possunt,
2435 3665 2771 3733 κτεινόμενοι
2848 3668 2994 3720 enim
3054 3666 3148 3737 qui
3204 3667 3367 3723 occisi
3416 3676 3564 3722 sunt.

1985 3755 2081 3810 Est
2106 3765 2289 3811 autem
2325 3756 2467 3827 κτὰρ
2498 3758 2717 3811 verbale
2743 3773 2772 3810 a
2809 3758 2978 3811 verbo
3006 3758 3143 3829 κτῷ,
3176 3758 3319 3828 quod
3354 3758 3568 3827 signiﬁ-

1984 3858 2075 3903 cat
2118 3834 2336 3914 κτείνω,
2370 3849 2583 3904 occido.
2630 3850 2733 3914 Qui
2765 3845 2810 3902 ὦ
2858 3850 3151 3904 articulum
3198 3850 3431 3906 vocandi
3467 3867 3567 3921 pu-

1985 3948 2124 4004 tant,
2158 3939 2439 3995 falluntur.
2490 3939 2719 3993 Articuli
2769 3940 2917 3993 enim
2963 3940 3214 3994 vocativo
3264 3956 3374 3994 non
3429 3952 3567 4006 onus

1986 4033 2207 4088 habent.
2280 4030 2495 4087 Etenim
2576 4033 2793 4087 articuli
2855 4033 3165 4087 absentium
3242 4032 3564 4086 relationem

1985 4124 2277 4195 quamdam
2333 4124 2662 4194 signiﬁcant.
2712 4118 2784 4176 Ὦ
2835 4139 2967 4179 vero
3011 4125 3076 4177 ad
3130 4118 3409 4194 energi'am
3467 4124 3568 4177 de-

1984 4216 2445 4271 moustrationum
2491 4218 2673 4273 solum
2706 4216 2957 4271 vocativo
2993 4216 3334 4287 adjungitur.
3369 4215 3567 4271 Errare

1986 4318 2171 4363 autem
2206 4324 2301 4363 eos
2336 4309 2432 4372 ait,
2468 4308 2562 4379 qui
2593 4318 2791 4379 putant
2834 4308 2968 4362 illud
2998 4309 3308 4363 vocativum
3339 4325 3481 4375 esse,
3514 4319 3568 4364 et

1989 4412 2225 4470 tempus,
2262 4409 2316 4455 et
2361 4408 2643 4464 accentus,
2683 4410 2735 4455 et
2774 4400 3001 4469 spiritus
3043 4401 3306 4455 indicant.
3350 4400 3564 4457 Etenim

1980 4494 2268 4563 levigatur,
2301 4508 2424 4547 cum
2468 4508 2658 4548 omnes
2691 4494 2927 4558 articuli,
2961 4495 3055 4563 qui
3115 4495 3368 4563 spiritum
3430 4495 3567 4550 reci-

1983 4584 2161 4652 piunt,
2196 4584 2530 4653 aspiratione
2564 4594 2845 4649 notentur,
2895 4594 2950 4641 et
2998 4587 3072 4641 illi
3112 4598 3414 4655 acuuntur,
3460 4590 3567 4646 hoc

1981 4674 2454 4741 circumﬂectitur,
2490 4677 2564 4730 illi
2617 4677 3015 4747 corripiuntur,
3048 4681 3151 4735 hoc
3201 4693 3397 4737 natura
3447 4683 3564 4737 lon-

1984 4784 2112 4838 gum
2140 4780 2244 4823 est.
2280 4768 2435 4834 Quod
2468 4763 2513 4824 ὦ
2555 4782 2662 4824 non
2695 4771 2765 4824 sit.
2795 4773 3080 4827 vocativus
3108 4788 3137 4827 a
3172 4783 3326 4829 recto
3355 4794 3404 4838 ο,
3438 4776 3567 4829 hinc

1980 4861 2144 4915 etiam
2166 4860 2518 4915 manifestum
2538 4871 2639 4917 est.
2667 4861 2958 4919 Vocativus
2981 4876 3129 4920 recto
3155 4882 3257 4921 suo
3280 4870 3567 4938 atquivalet

1501 4999 1733 5055 VABIAE
1786 4998 2081 5056 LECTION
2092 5001 2196 5057 ES.

354 5111 400 5144 ⁸³
435 5111 693 5185 γυναικὸς
720 5113 800 5185 είς
827 5108 968 5185 οἶνον
996 5113 1236 5185 Scaliger
1265 5130 1330 5168 ex
1360 5115 1641 5173 Athenaeo.
1723 5118 1766 5149 ⁸⁸
1793 5119 1891 5171 ἵει
1917 5134 2042 5172 mox
2066 5122 2115 5172 εἰ
2149 5120 2271 5174 add.
2315 5120 2376 5175 C.

2452 5122 2497 5152 ro
2534 5120 2619 5184 χεῖ
2643 5116 2731 5189 φεῖ
2757 5118 2798 5173 C
2827 5139 2839 5173 ;
2867 5120 2956 5189 ψει
2992 5122 3076 5187 χεῖ
3103 5135 3171 5189 ςιῖ
3240 5120 3281 5150 ⁷¹
3308 5118 3401 5171 δύο
3440 5121 3565 5173 add.

288 5182 330 5269 ς
359 5192 416 5237 et
446 5199 549 5235 ms.
574 5183 798 5236 Mcursii
828 5197 881 5251 p.
913 5184 1024 5252 (ap.
1047 5182 1311 5271 Gro'iipv.)
1342 5187 1464 5241 955.
1532 5188 1579 5218 ’¹²
1609 5190 1667 5241 τὸ
1694 5189 1770 5243 δὲ.
1853 5191 1900 5222 ⁷³
1932 5189 2090 5333 πλη]
2127 5191 2319 5245 lacuna
2360 5193 2411 5244 in
2430 5192 2487 5247 Ο.
2535 5182 2613 5223 "7’
2643 5186 2688 5243 ὦ
2716 5182 3022 5245 τάνδΕτάὗ
3043 5188 3173 5282 γὰρ]
3206 5190 3394 5269 lacuna
3420 5190 3470 5241 iu
3503 5194 3567 5244 (ἐ.

288 5255 469 5307 ωτόιν·
493 5252 769 5333 ,εἴης-γαρ
798 5269 902 5307 ms.
933 5253 1153 5333 ﬁleursn
1184 5273 1228 5333 ω
1250 5260 1347 5333 ταν
1376 5259 1568 5333 γὰρ-λς.
1644 5261 1689 5291 ⁷⁵
1712 5261 1809 5333 καὶ
1835 5261 2064 5328 νέκηρος
2117 5264 2207 5313 καὶ
2227 5264 2456 5331 νεὸήρος
2487 5263 2528 5317 C
2558 5280 2573 5319 :
2602 5277 2712 5314 om.
2747 5278 2805 5325 ς.
2885 5263 2931 5293 ⁷⁸
2952 5261 3165 5333 νεϐρὸς1
3204 5259 3567 5333 ιὼτι-νεκρὸς,

286 5247 469 5307 ὦτάν·
493 5252 769 5331 ,ἐτῑης-γάρ
798 5247 902 5307 nis.
921 5247 1153 5331 'ﬁleursii
1250 5247 1347 5331 τέιν
1376 5259 1484 5327 γὰρ
1644 5261 1689 5291 ⁷⁵
1716 5261 1809 5312 καὶ
1835 5247 2064 5328 νέκηρός

1462 5330 1506 5359 ⁷⁸
1534 5330 1748 5400 θνητοῖς
1777 5361 1847 5370 -
1873 5330 2265 5401 κτεινομένοις.
2315 5334 2429 5388 iuno
2482 5334 2846 5400 κτεινομένοις
2872 5358 2939 5371 η-
2969 5330 3205 5400 θνητοῖς.

286 5323 839 5399 cot't'exit‘Seliottus.
858 5393 873 5399 _
897 5393 909 5399 _
938 5325 1199 5399 ⁷⁷ημηπω]
1227 5345 1266 5397 μ
1292 5327 1355 5382 (3.

290 5396 608 5464 ἐνάργειαν.
678 5392 725 5424 ⁸⁰
758 5396 785 5446 ὁ
809 5393 934 5449 add.
967 5394 1031 5448 C.

2117 5264 2207 5313 καὶ
2227 5264 2456 5331 νεὸήρος
2487 5263 2528 5317 C
2558 5280 2573 5319 :
2602 5277 2712 5314 om.
2747 5278 2805 5325 ς.
2885 5263 2931 5293 ⁷⁸
2952 5259 3165 5332 νεϐρὸς]
3204 5259 3319 5313 libri
3352 5260 3567 5330 νεκρὸς,

2117 5333 2265 5382 Evam.
2316 5334 2429 5382 imo
2482 5334 2846 5382 κτεινομένας
2872 5358 2939 5371 ε·-
2969 5332 3205 5382 Ονητοῖς.
3310 5329 3353 5361 ’ίθ
3383 5335 3567 5382 malim

3383 5347 3567 5385 Illalllll

1815 5485 2049 5542 NOTAE.

289 5609 584 5739 ﬂ(5.3)rll‘ix
640 5610 831 5666 humili
881 5610 975 5681 qui
1017 5611 1361 5677 emerserint,
1427 5610 1547 5667 vide
1596 5608 1870 5669 Valerium

339 5700 431 5739 ax.
493 5698 508 5737 ι
554 5698 678 5737 .ιιι.

339 5700 431 5739 8X.
472 5698 569 5737 ιιυ.
595 5698 678 5735 111.

2054 5610 2165 5686 (51)
2206 5612 2484 5666 Ausonius
2519 5629 2531 5664 :
2565 5610 2845 5667 Fietit'ibus
2878 5615 3022 5683 fama
3057 5623 3136 5669 est
3167 5632 3397 5670 cwnasse
3430 5617 3562 5686 Aga-

1981 5682 2185 5737 thoclea
2218 5698 2406 5752 regem.
