3922 6242
316 295 419 359 3οἹ

1521 294 1787 367 ΡΗΟΤΙΙ
1824 297 2331 359 PATRIARCHJE
2367 298 2476 359 ΟΡ.

3464 289 3571 355 308

315 416 581 476 tempore,
608 403 690 459 vel
710 412 921 473 tempus
939 402 1121 457 minus
1143 402 1390 474 suscipit,
1415 414 1476 459 ut
1510 406 1889 477 Ἀγαμέμνων,

2001 406 2056 460 τὸ
2090 407 2148 461 δὲ
2179 411 2543 479 περισπειταιο
2598 407 2694 461 καὶ
2717 405 2787 461 τὰ
2849 405 2948 477 μὲν
3002 403 3353 479 βραχύνεται,
3395 402 3458 457 τδ
3505 404 3569 456 δὲ

314 510 368 554 et
389 493 434 553 ὦ
477 498 838 568 Ἀγάμεμνον.
870 495 969 559 Hic
994 510 1121 550 vero
1148 498 1506 552 contrarium.
1529 497 1647 553 Non
1678 509 1761 553 est
1792 500 1889 569 igi-

316 603 404 645 tur
420 591 704 651 articulus,
719 588 808 643 sed
824 587 1139 642 adverbium
1160 607 1173 641 :
1192 589 1537 657 conjungitur
1560 596 1739 643 tamen
1765 605 1887 643 cum

317 684 583 746 vocativo,
617 692 740 737 cum
765 680 1187 736 sitadverbium.
1224 679 1691 746 Quemadmodum
1711 691 1764 735 et
1785 683 1891 735 alia

318 776 574 831 adverbia
606 790 732 829 cum
762 774 1004 843 genitivo
1029 773 1359 843 junguntur,
1394 782 1456 827 ut
1498 774 1639 844 apud
1668 774 1889 829 Poetam

317 868 372 920 in
391 865 634 935 Odysseo
657 871 736 919 ω’.
764 864 825 918 Et
858 880 983 919 cum
1005 865 1320 920 accusativo
1344 864 1408 935 νὴ
1431 870 1491 919 et’
1517 864 1593 936 μὰ
1616 864 1888 935 jungitur.

316 959 530 1013 Etenim
575 960 830 1029 jurantes
874 959 1186 1015 accusativo
1229 958 1487 1029 jungunt.
1535 956 1758 1025 Κνέφας
1799 956 1890 1010 alii

315 1060 511 1120 putant
540 1067 661 1106 esse
686 1067 715 1106 a
745 1051 1003 1120 κενέφας,
1025 1062 1110 1106 est
1137 1051 1282 1104 enim
1308 1051 1463 1103 κενὸν
1490 1050 1659 1119 φάους
1687 1048 1893 1104 lumine

316 1159 550 1197 vacuum
587 1162 600 1198 :
630 1144 723 1197 alii
756 1159 884 1198 vero
915 1159 1015 1213 per
1042 1144 1421 1213 pleonasmum
1452 1158 1509 1197 κ.
1550 1141 1716 1211 νέφος
1744 1142 1890 1195 enim

318 1248 465 1298 esse,
500 1242 554 1288 et
580 1235 752 1303 νέφας
777 1234 1079 1305 perfectum
1112 1251 1208 1305 per
1237 1252 1295 1287 νε
1322 1233 1675 1304 privativum,
1712 1234 1890 1303 priva-

322 1336 434 1378 tum
469 1324 583 1379 luce
610 1326 947 1395 signiﬁcans.
974 1326 1443 1393 Quemadmodum
1469 1338 1523 1381 et
1556 1327 1762 1390 κτύπος
1796 1341 1895 1396 per

320 1416 698 1485 pleonasmum
756 1433 809 1482 κ,
859 1416 1028 1476 τύπος
1096 1424 1181 1471 est
1225 1417 1368 1472 enim
1414 1415 1641 1481 κτύπος,
1694 1431 1891 1471 nomen

322 1506 544 1559 verbale
572 1521 603 1560 a
645 1506 811 1560 verbo
853 1505 1063 1561 τύπτω.
1128 1515 1183 1561 et
1221 1506 1444 1559 καενυτο
1483 1505 1670 1559 αἴνυτο
1713 1506 1773 1558 ὃν
1799 1521 1893 1575 per

325 1594 700 1666 pleonasxmﬁn
727 1596 887 1650 habet
907 1615 960 1653 κ.
986 1606 1042 1651 et
1073 1597 1290 1664 ναῦρος,
1315 1592 1500 1667 αὑρος,
1524 1597 1669 1652 enim
1697 1607 1780 1652 est
1800 1598 1893 1667 qui

324 1696 509 1741 mente
541 1687 673 1741 levis
708 1698 812 1741 est.
852 1686 1061 1743 Musam
1110 1688 1203 1742 alii
1253 1688 1501 1743 derivant
1545 1703 1577 1743 a
1627 1690 1894 1759 μαιοῦσάν

323 1794 445 1831 τινα
473 1778 627 1850 (δι’),
665 1777 859 1849 531a
908 1779 958 1832 id
991 1788 1094 1844 est,
1135 1780 1577 1850 investigatricem
1600 1797 1618 1833 :
1641 1779 1893 1837 doctrina

324 1870 469 1923 etiim
510 1886 789 1924 musarum
829 1870 965 1924 nihil
1002 1886 1032 1926 a
1083 1856 1355 1941 mysteriis
1382 1872 1672 1943 discrepat.
1710 1873 1813 1927 Alii
1860 1888 1891 1927 a

327 1964 540 2032 μαάσαι
582 1962 849 2018 derivant.
880 1963 1135 2028 Qumrere
1177 1965 1321 2019 enim
1355 1964 1524 2019 Dores
1564 1966 1754 2020 dicunt
1784 1965 1891 2036 μῶ.

324 2055 393 2109 Et
434 2056 592 2109 tertia
623 2070 854 2125 persona
887 2057 1062 2126 μῶται
1095 2066 1271 2111 exstat
1303 2058 1442 2127 apud
1474 2057 1859 2128 Epicharmum
1881 2102 1897 2127 ,

325 2146 539 2216 μῶνται
580 2148 725 2212 apud
774 2145 1217 2215 Enphronionem
1270 2158 1325 2202 et
1374 2148 1625 2219 μώμεναι
1675 2150 1898 2218 partici-

324 2239 475 2309 pium
527 2240 668 2309 apnd
718 2238 1065 2309 Sophoclem.
1101 2239 1299 2309 Aptius
1346 2240 1513 2309 igitur
1560 2249 1646 2295 est
1685 2240 1898 2296 Musam

325 2331 408 2386 sic
451 2331 578 2396 dici,
618 2342 876 2401 tanquam
913 2331 1268 2387 inventricem
1300 2332 1546 2387 omnium
1578 2331 1899 2401 disciplina-

323 2439 448 2478 rum
496 2424 884 2479 existimatam.
929 2425 1203 2479 Μαίεσθαι
1248 2422 1518 2479 Homerus
1544 2439 1767 2495 quoque
1799 2438 1899 2493 pro

323 2529 557 2584 quaerere
583 2514 740 2580 dixit,
776 2524 829 2568 et
860 2518 1023 2585 μαῖαν
1056 2515 1201 2569 illam
1237 2505 1497 2580 dicimus,
1533 2530 1658 2585 quae
1698 2530 1902 2571 consu-

324 2606 391 2661 lit
421 2609 687 2662 medicum
710 2608 777 2662 de
803 2607 1143 2663 abscondito.
1167 2608 1393 2679 Μάκαρ,
1422 2610 1618 2679 inquit,
1644 2610 1762 2664 sola
1794 2625 1901 2665 vox

327 2699 434 2754 hac
478 2700 859 2754 terminatione
896 2682 1196 2763 invenitur,
1236 2710 1291 2755 et
1338 2702 1390 2755 in
1425 2700 1644 2756 feminis
1691 2701 1896 2772 δάμαρ.

325 2782 533 2863 Μάκαρ
563 2808 658 2863 ρει·
699 2808 981 2863 apocopen
1012 2809 1040 2847 a
1078 2794 1372 2863 μακάριος,
1415 2794 1576 2848 sicuti
1620 2794 1758 2863 ὑμὲν
1802 2809 1902 2863 pro

329 2885 556 2954 ὑμέναιε
591 2901 687 2955 per
729 2900 1028 2955 apocopen.
1059 2887 1325 2957 Μακκοᾷν
1353 2887 1636 2957 antiquum
1686 2896 1790 2951 est,
1828 2887 1905 2958 μὴ

328 2975 568 3039 ἀκούειν,
597 2977 683 3031 vel
729 2978 803 3047 μὴ
833 2980 1000 3043 κοεῖν,
1042 2978 1190 3046 quod
1222 2977 1362 3031 νόειν
1403 2976 1676 3046 significat
1707 2977 1905 3031 intelli-

328 3082 467 3137 gere.
519 3065 887 3122 Callimachus
932 3067 987 3120 in
1040 3064 1259 3121 Hecuba
1306 3067 1501 3138 ὲκόησε
1563 3081 1664 3136 pro
1713 3068 1903 3138 ἐνόησε

328 3159 487 3213 dixit.
533 3158 823 3229 Μακάριος
856 3159 960 3213 alii
1007 3159 1259 3214 derivant
1309 3174 1376 3215 ex
1421 3162 1713 3231 μηκήριος,
1756 3162 1905 3217 verbi

1922 1744 1971 1804 B

1994 499 2201 571 μακρόν
2230 501 2346 553 ἐστι
2381 500 2565 569 φύσει.
2602 500 2726 552 Ὅτι
2757 499 2812 551 δὲ
2845 498 2944 551 οὑκ
2984 497 3102 551 ἔστι
3155 497 3253 567 τῆς
3284 499 3317 550 ό
3348 495 3572 559 εὐθείας

1991 588 2053 640 τὸ
2098 584 2146 642 ὧ
2172 588 2449 658 κλητικὸν,
2511 584 2807 639 κάντεῦθέν
2839 586 2955 637 ἐστι
2982 583 3327 651 καταφανές·
3368 585 3401 653 ἡ
3442 584 3574 652 κλη-

1989 678 2118 749 τικὴ
2143 680 2209 748 τῇ
2237 677 2344 749 ἰδία
2370 675 2557 746 εὐθείᾳ
2589 677 2857 746 ἰσοχρονεῖ
2882 676 2915 746 ἢ
2944 676 3033 729 τὸν
3064 675 3273 728 ἐλάττω
3305 675 3573 744 ἀναδέχε-

1990 787 2078 823 ται
2107 769 2320 840 χρόνον,
2371 764 2483 820 οἷον
2535 764 2905 835 Ἀγαμέμνων
2956 766 3051 817 καὶ
3083 760 3128 819 ὦ
3163 763 3533 833 Ἀγάμεμνον
3553 781 3572 795 ·

1991 861 2225 916 ἐνταῦθα
2257 861 2313 913 δὲ
2344 858 2678 913 τούναντίον.
2714 859 2830 911 υὺκ
2883 857 3031 911 ἐστιν
3085 856 3177 909 οὑν
3206 857 3411 929 ἄρθρον
3450 856 3573 909 ἀλλ’

1991 952 2296 1024 ἐπίρρημα.
2333 951 2692 1005 Συντάττεται
2731 949 2776 1003 δ’
2812 949 2964 1020 ὅμως
3008 950 3074 1017 τῇ
3105 948 3362 1018 κλητικῇ,
3411 949 3576 1016 ἐττίρ-

1994 1050 2146 1119 ρημα
2173 1044 2253 1112 ὃν,
2277 1044 2467 1115 ὥσπερ
2502 1044 2597 1098 καὶ
2623 1044 2759 1098 ἄλλα
2788 1042 2899 1095 τῶν
2946 1041 3342 1112 ἐπιρρημάτων
3372 1043 3572 1111 γενικῇ

1994 1140 2386 1203 συντάττεται,
2429 1138 2505 1202 ὡς
2554 1138 2705 1204 παρὰ
2749 1136 2828 1206 τῷ
2880 1137 3077 1205 ποιητῇ
3123 1136 3182 1186 ἐν
3235 1137 3303 1205 τῇ
3372 1135 3415 1185 Ω
3469 1134 3576 1201 τῆς

2005 1231 2386 1297 Ὀδυσσείας,
2425 1220 2519 1282 καὶ
2561 1232 2836 1298 αἰτιατικῇ
2864 1228 2926 1282 τὸ
2973 1228 3051 1295 νὴ
3106 1226 3289 1279 καὶτὸ
3328 1225 3413 1293 μά
3438 1241 3451 1255 ·
3478 1224 3579 1277 καὶ

1992 1324 2100 1393 γὰρ
2147 1322 2410 1393 ὀμνύντες
2459 1322 2502 1353 ⁸⁸
2557 1323 2834 1391 αἰτιατικῇ
2896 1319 3225 1372 συνάπτουσι
3284 1316 3355 1370 τὰ
3414 1318 3579 1386 tmp-

1996 1419 2216 1488 ῥήματα
2266 1413 2460 1468 ταῦτα.
2497 1413 2622 1467 Ὀτι
2661 1413 2722 1466 τὸ
2752 1412 2980 1481 κνέφας
3022 1412 3069 1462 οἱ
3111 1409 3210 1477 μέν
3241 1425 3405 1477 φασιν
3462 1407 3578 1459 ἀπὸ

1992 1508 2087 1562 τοῦ
2115 1506 2376 1575 κενέεοας
2404 1504 2655 1572 γενέσθαι
2698 1502 2898 1573 (κενὸν
2930 1501 3041 1571 γάρ
3081 1501 3201 1553 ὲστι
3246 1497 3489 1568 φάους),
3512 1500 3577 1550 ὀἱ

1994 1600 2051 1653 δὲ
2104 1597 2246 1652 κατὰ
2284 1596 2623 1667 πλεονασμὸν
2673 1595 2769 1649 τοῦ
2813 1612 2885 1648 κ·
2924 1594 3108 1662 νέερος
3160 1591 3268 1663 γὰρ
3300 1587 3441 1643 εἶναι
3474 1588 3577 1642 καὶ

1995 1694 2184 1763 νέφας
2237 1692 2300 1746 τὸ
2358 1690 2666 1753 αὐτοτελὲς,
2712 1689 2803 1743 διὰ
2851 1687 2947 1740 τοῦ
3001 1702 3070 1740 νε
3124 1682 3450 1755 στερητικοῦ
3515 1681 3581 1734 τὸ

1998 1784 2405 1854 ἐστερημένον
2423 1782 2530 1836 τοῦ
2562 1782 2758 1851 φωτὸς
2789 1780 3181 1849 ὑποσημαῖνον.
3214 1777 3427 1847 Ὥσπερ
3481 1775 3581 1827 καὶ

1998 1882 2060 1935 τὸ
2114 1880 2343 1943 κτύπος
2377 1877 2568 1945 γέγονε
2600 1873 2746 1927 κατὰ
2777 1869 3115 1941 πλεονασμὸν
3151 1867 3247 1921 τοῦ
3281 1885 3317 1920 κ
3338 1884 3353 1897 ·
3387 1865 3584 1931 τύπος

2002 1974 2110 2044 γάρ
2169 1973 2315 2024 ἐστιν
2348 1971 2377 2023 ό
2428 1967 2680 2032 κτύπος,
2727 1962 3032 2035 ῥηματικὸν
3083 1960 3207 2033 [867
3259 1958 3351 2032 Η.]
3403 1959 3582 2029 δνομα

2003 2065 2155 2135 παρὰ
2176 2064 2237 2116 τὸ
2276 2064 2496 2117 τύπτω.
2526 2059 2637 2112 Καὶ⁴
2660 2058 2722 2111 τὸ
2767 2058 3037 2120 καίνυτο,
3094 2054 3306 2109 αἴνυτο
3337 2051 3420 2117 ὃν,
3472 2069 3580 2103 πε-

2006 2159 2187 2230 ρισσὸν
2222 2155 2335 2225 ἔχει
2392 2153 2453 2206 τὸ
2488 2170 2546 2206 κ.
2587 2152 2699 2205 Καὶ
2741 2149 2804 2202 τὸ
2838 2148 3065 2216 καῦρος
3102 2145 3183 2179 ⁸¹’
3232 2139 3419 2213 αὖρος
3470 2144 3582 2212 γάρ

1964 2274 1965 2277 η
2004 2250 2174 2313 ἐστιν,
2202 2242 2312 2299 οἷον
2345 2246 2373 2298 ὁ
2402 2242 2544 2297 κατὰ
2573 2241 2697 2295 νοῦν
2718 2238 2974 2309 ἐλαφρός.
3008 2237 3133 2289 Ὅτι
3156 2235 3255 2305 τὴν
3286 2234 3513 2288 Μοῦσαν
3537 2233 3584 2264 ⁸⁸

2002 2342 2051 2394 οἱ
2111 2339 2209 2409 μὲν
2273 2331 2695 2405 ἐτυμολογοῦσιν
2762 2330 2870 2383 ἀπὸ
2933 2326 3028 2381 τοῦ
3090 2325 3377 2396 μυοῦσάν
3443 2340 3584 2376 τινα

2003 2428 2177 2487 εἶναι’
2228 2433 2263 2502 ἡ
2306 2429 2415 2499 γὰρ
2452 2423 2687 2497 μουσικὴ
2738 2421 3019 2483 παίδευσις
3064 2419 3215 2473 οὐδὲν
3264 2415 3584 2488 μυστηρίων

2003 2526 2269 2595 διαφέρει.
2304 2525 2366 2577 Ol
2395 2521 2452 2574 δὲ
2486 2521 2637 2589 παρὰ
2664 2516 2725 2570 τὺ
2745 2514 2978 2585 μαάσαι
2995 2512 3071 2544 ⁸⁸·
3100 2512 3161 2564 τὸ
3189 2509 3298 2580 γὰρ
3329 2509 3517 2577 ζητεῖν
3535 2506 3583 2538 ⁸⁸

2003 2618 2206 2689 Δωρείς
2239 2614 2457 2684 λέγουσι
2500 2610 2614 2680 μῶ,
2656 2609 2751 2663 καὶ
2778 2606 2966 2676 μῶται
2991 2605 3053 2659 τὸ
3076 2604 3258 2675 τρίτον
3285 2601 3586 2673 πρόσωπον

2003 2711 2134 2781 παρ’
2173 2707 2517 2778 Ἐπιχάρμῳ,
2540 2703 2636 2757 κα)⁵
2658 2701 2886 2772 μῶνται
2911 2700 3041 2769 παρ’
3067 2697 3377 2767 Εὑφορίωνι
3395 2695 3466 2759 ⁸⁸,
3485 2695 3583 2746 καὶ

1999 2803 2263 2873 μώμεναι
2284 2800 2328 2831 ⁸⁷
2382 2800 2418 2867 ἡ
2466 2795 2666 2867 μετοχὴ
2694 2795 2846 2864 παρὰ
2878 2790 3162 2860 Σοφοκλεῖ.
3204 2786 3586 2856 Εὑλογὼτερον

2005 2893 2099 2949 οὖν
2140 2891 2238 2963 τὴν
2268 2889 2493 2945 Μοῦσαν
2520 2885 2765 2941 ἐντεῦθεν
2810 2882 3087 2955 εἰρῆσθαι,
3133 2881 3333 2943 παντὸς
3360 2878 3586 2947 νομιζο-

2011 2986 2179 3056 μένην
2207 2983 2421 3052 εὑρέτιν
2447 2978 2790 3049 μαθήματος.
2808 2976 3101 3029 Malea/hu
3131 2972 3187 3025 δὲ
3216 2972 3310 3024 καὶ
3338 2971 3589 3040 Ὅμηρος

2007 3076 2114 3134 οἵδε
2130 3077 2189 3130 τὸ
2206 3070 2526 3142 ζητεῖν,καὶ
2550 3069 2739 3138 μαῖάν
2769 3084 2950 3137 φαμεν
2974 3065 3071 3135 τὴν
3102 3061 3373 3134 ζητοῦσαν
3400 3060 3585 3132 ἰατρὸν

2008 3172 2069 3224 τὸ
2097 3165 2625 3240 κρυπτόμενον.”οτι
2647 3164 2681 3233 ἡ
2705 3161 2927 3231 μάκαρ,
2960 3159 3113 3229 φησὶ,
3142 3158 3275 3227 μονή
3286 3154 3445 3225 pm.”
3469 3153 3585 3207 ἐστὶ

330 3251 505 3321 gratia
535 3266 605 3306 ex
654 3250 947 3322 μακήριον,
994 3252 1140 3322 quod
1181 3251 1293 3307 fato
1344 3267 1451 3307 non
1496 3252 1765 3323 subjacet,
1798 3254 1899 3309 im-

2008 3260 2172 3324 λέξις,
2199 3259 2292 3312 καὶ⁸
2325 3259 2382 3309 ἐν
2421 3256 2532 3315 τοῖς
2573 3252 2827 3321 θηλυκοῖς
2860 3250 2922 3301 τὸ
2951 3247 3167 3317 δάμαρ.
3206 3245 3279 3298 Τδ
3307 3245 3364 3297 δὲ
3384 3246 3583 3313 μάκαρ

330 3343 605 3407 mortalis,
639 3342 725 3398 vel
760 3359 827 3397 ex
871 3344 1101 3414 ἀκήριος
1142 3345 1461 3413 pleonasmo
1498 3348 1594 3399 τοῦ
1635 3347 1828 3403 litterae
1864 3366 1904 3418 μ

332 3435 624 3507 μακάριος.
678 3437 940 3507 ’Δλευρον
987 3436 1174 3492 addito
1223 3456 1263 3506 μ
1312 3439 1589 3493 invenitur
1636 3440 1905 3510 μάλευρον

332 3528 500 3597 fama,
530 3538 585 3583 et
614 3529 712 3598 μία
738 3546 844 3582 una
874 3544 939 3583 ex
981 3530 1036 3613 ἴα
1069 3528 1270 3584 factum
1308 3530 1492 3585 addito
1526 3548 1584 3601 μ.
1618 3530 1696 3586 De
1722 3531 1905 3587 Philo-

331 3616 475 3670 mela
530 3618 644 3671 haec
696 3626 929 3671 narrat:
961 3616 1128 3671 Zeten
1180 3618 1352 3672 ﬁlium
1398 3618 1586 3675 Boreae
1630 3623 1907 3691 accepisse

330 3707 690 3763 Philomelam
724 3710 873 3782 (35),
933 3711 1099 3765 ﬁliam
1155 3711 1391 3767 Dulichii
1442 3710 1749 3777 Pandarei,
1797 3714 1905 3769 illis

330 3799 504 3854 ﬁlium
559 3807 928 3869 natum,esse
995 3802 1219 3857 nomine
1279 3802 1550 3874 Actylum.
1606 3804 1907 3861 Philomela

330 3901 515 3947 autem
566 3893 842 3963 suspicata
896 3894 1075 3948 virum
1123 3894 1431 3965 Nympham
1461 3897 1753 3965 quamdam
1802 3897 1908 3953 Ha-

330 3985 685 4057 madryadem
730 3988 1007 4055 adamare,
1056 3988 1300 4059 zelotypa
1335 4004 1460 4044 cum
1494 3990 1638 4046 [ilius
1678 3992 1906 4063 Actylus

331 4079 409 4135 illi
447 4079 725 4134 videretur
766 4080 1022 4135 conscius
1070 4095 1137 4137 ac
1166 4081 1391 4150 adjutor.
1412 4081 1599 4136 furtivi
1645 4084 1909 4139 concubi-

330 4182 446 4237 tus,
476 4189 506 4227 a
542 4173 833 4229 venatione
865 4174 1179 4230 redeuntem
1221 4175 1372 4230 illum
1397 4175 1691 4231 interfecit.
1724 4176 1907 4234 Venus

330 4276 511 4321 autem
546 4276 752 4322 tantam
786 4269 1044 4323 miserata
1090 4269 1483 4337 calamitatem,
1533 4271 1589 4326 in
1629 4272 1906 4326 volucrem

327 4358 617 4414 lusciniam
662 4370 891 4414 matrem
937 4362 1186 4416 mutavit.
1239 4362 1521 4418 Paenitens
1567 4374 1747 4419 autem
1788 4380 1910 4434 quae

327 4460 489 4505 antea
522 4449 748 4515 femina,
784 4466 930 4506 nunc
953 4467 1082 4507 vero
1120 4452 1259 4517 avis,
1285 4453 1431 4523 luget
1460 4454 1653 4521 ﬁlium,
1688 4471 1795 4509 non
1825 4471 1909 4508 rc-

328 4557 482 4613 perto
500 4545 623 4598 mali
646 4547 769 4599 line.
786 4545 982 4611 Τέττα,
999 4545 1143 4615 quod
1166 4545 1307 4615 apud
1327 4546 1618 4601 Homerum
1641 4557 1722 4601 est
1745 4548 1903 4618 (σιν),

326 4636 473 4703 quod
507 4635 647 4689 dixit
675 4635 965 4691 Diomedes
1014 4636 1081 4690 ad
1130 4633 1472 4699 Sthenelum,
1509 4637 1796 4706 scriptura:
1825 4638 1904 4691 vi-

324 4736 463 4780 tntm
526 4736 630 4782 est.
668 4726 837 4792 'Quid
891 4727 1037 4781 enim
1111 4728 1379 4798 signiticet
1423 4729 1599 4782 τέττα
1654 4732 1902 4801 ignotum

325 4817 596 4874 hactenus
625 4819 727 4873 fuit
758 4838 770 4872 :
800 4820 895 4874 sed
926 4821 1019 4874 alii
1064 4822 1285 4890 quidem
1310 4835 1498 4875 vocem
1531 4823 1756 4877 honoris
1785 4839 1907 4878 esse

337 4911 499 4966 amici
547 4913 615 4967 ad
654 4913 891 4968 amicum
944 4913 1136 4968 dicunt
1169 4932 1182 4967 :
1213 4914 1459 4967 nonnulli
1501 4929 1651 4980 vero,
1696 4916 1907 4985 garrule

2004 3356 2071 3408 ὲκ
2114 3351 2207 3405 τοῦ
2266 3348 2556 3420 μακάριος
2626 3342 3044 3403 ἀποκέκοπται,
3108 3338 3301 3409 ὥσπερ
3373 3337 3469 3389 καὶ
3527 3335 3584 3389 τὸ

2003 3446 2250 3517 ὐμέναιε
2282 3443 2503 3511 γέγονεν
2543 3437 2822 3492 ἀποκοπὲν
2854 3434 3025 3504 ὑμέν.
3069 3434 3192 3485 Ὅτι
3222 3430 3282 3484 τὸ
3302 3428 3585 3500 μακκοᾷν

2005 3533 2286 3610 ἀρχαϊκῶς
2313 3536 2428 3586 ἐστι
2448 3531 2510 3584 τὸ
2532 3529 2616 3599 μὴ
2658 3529 2922 3591 ἀκούειν,
2954 3526 2986 3596 ἢ
3013 3524 3074 3577 τὸ
3098 3523 3179 3593 μὴ
3205 3523 3389 3587 κάειν,
3446 3522 3582 3591 ὅπερ

2005 3630 2066 3684 τὸ
2089 3626 2256 3683 νοεῖν
2277 3625 2487 3695 ἐδήλου.
2518 3621 2869 3689 Καλλίμαχος
2900 3618 2944 3671 δ’
2970 3617 3246 3687 ὲνἘκὰϐῃ
3261 3614 3331 3679 θ’,
3358 3614 3581 3681 ἐπόησε

2008 3720 2178 3791 φησὶ)
2218 3719 2340 3772 ἀντὶ
2382 3715 2476 3768 τοῦ
2510 3715 2794 3782 ἐνόησεν.
2840 3712 2967 3763 Ὅτι
3016 3709 3074 3763 τὸ
3114 3706 3406 3777 μακάριος
3444 3706 3585 3769 τινὲς

2009 3812 2428 3885 ἐτυμολογοῦσιν
2445 3812 2510 3865 ὲκ
2525 3811 2619 3864 τοῦ
2631 3809 2951 3879 μηκήριος,
2969 3800 3081 3859 οἷον
3097 3805 3162 3857 ὲκ
3178 3802 3273 3855 τοῦ
3295 3801 3372 3872 μὴ
3391 3801 3525 3870 κηρὶ
3540 3799 3585 3831 ’⁸

2008 3906 2330 3959 ὑποκεῖσθαι
2381 3904 2473 3957 τὸν
2513 3902 2815 3956 ἀθάνατον·
2848 3900 2881 3968 ἢ
2934 3900 3000 3952 ὲκ
3030 3897 3123 3950 τοῦ
3149 3895 3398 3964 ἀκήριος
3448 3893 3589 3947 κατὰ

2009 3996 2348 4067 πλεονασμὸν
2374 3996 2468 4048 τοῦ
2491 4013 2537 4064 μ
2573 3992 2882 4063 μακάριος.
2916 3992 3041 4044 Ὅτι
3064 3990 3126 4043 τὸ
3159 3990 3424 4056 (usva
3447 3984 3590 4039 κατὰ

2008 4088 2349 4159 πλεονασμὸν
2382 4086 2477 4141 τοῦ
2501 4105 2546 4154 μ
2593 4086 2741 4138 ἐστιν
2788 4085 2971 4155 εὑρεῖν
3008 4084 3335 4153 μὰλευρον.
3386 4080 3495 4133 Καὶ
3531 4078 3591 4131 τὸ

2005 4184 2115 4253 μία
2144 4182 2222 4246 δὲ,
2254 4183 2319 4234 ἐκ
2346 4180 2440 4232 τοῦ
2475 4180 2537 4232 ἴα
2565 4177 2789 4247 γεγονὸς
2810 4219 2825 4244 ,
2851 4176 2997 4231 κατὰ
3023 4174 3367 4245 πλεονασμὸν
3389 4172 3504 4242 ἔχει
3530 4172 3589 4224 τὸ

2004 4294 2073 4345 μ.
2125 4276 2251 4327 ’Ότι
2281 4272 2411 4344 περὶ
2441 4270 2540 4340 τῆς
2574 4269 2794 4339 ἀηδόνος
2835 4267 3216 4338 μυθολογεῖται
3240 4266 3317 4329 ὡς
3350 4267 3531 4336 Ζήτης
3564 4264 3593 4316 ὁ

2011 4367 2211 4439 Βορέου
2257 4366 2386 4427 παῖς
2403 4363 2449 4396 ⁸³
2487 4361 2682 4416 ἔλαϐεν
2720 4360 2945 4431 Ἀηδόνα
2973 4359 3069 4412 τοῦ
3093 4357 3418 4428 Δουλιχιέως
3447 4357 3593 4410 [lav-

2010 4459 2188 4530 δάρεω
2210 4457 2309 4527 τὴν
2340 4455 2640 4526 θυγατέρα,
2680 4452 2947 4515 Ἀκτυλος
2963 4453 3010 4484 ⁹¹
3057 4452 3115 4505 δὲ
3145 4452 3332 4511 αὑτοῖς
3356 4451 3469 4513 υἱὸς
3503 4450 3593 4518 γί-

2013 4569 2184 4605 νεται.
2218 4551 2285 4603 Ἡ
2312 4547 2405 4603 οὖν
2441 4547 2646 4618 Ἀηδῲν
2674 4547 3026 4616 ὑπονοήσασα
3055 4546 3145 4599 τὸν
3172 4544 3345 4615 ἄνδρα
3374 4543 3593 4614 νύμφης

2013 4643 2355 4714 ἁμαδρυάδος
2389 4643 2521 4713 ὲρᾷν
2554 4656 2701 4704 τινος
2732 4682 2747 4707 ,
2781 4639 3226 4710 ζηλοτυπήσασα,
3261 4635 3447 4708 [1584
3478 4633 3589 4707 8.]

2012 4739 2136 4792 ἐπεὶ
2168 4739 2306 4807 αὑτῇ
2357 4736 2532 4790 ἐδόκει
2560 4738 2588 4789 ὁ
2619 4736 2735 4798 υἱὸς
2768 4735 3034 4798 Ἀκτυλος
3085 4733 3188 4805 τὴν
3233 4732 3444 4801 κλοπὴν
3492 4731 3591 4799 τῆς

2017 4828 2217 4898 μίξεως
2248 4826 2549 4879 συνειδέναι
2599 4842 2658 4877 τε
2707 4825 2801 4879 καὶ
2833 4826 3188 4897 συνεργῆσαι,
3234 4823 3448 4877 ἀνεῖλεν
3487 4823 3589 4875 ἀπὸ

2016 4918 2190 4988 θήρας
2234 4919 2527 4989 ἐρχόμενον
2577 4924 2671 4973 τὸν
2720 4919 2908 4973 παῖδα.
2942 4920 3197 4990 ᾭκτειρε
3244 4916 3290 4969 δ’
3340 4915 3514 4981 αὑτὴν
3556 4914 3587 4982 ή

1607 5051 1844 5107 VARUE
1876 5052 2277 5109 LECTIONES.

402 5143 447 5215 3f
471 5139 794 5215 ὀμνύντες-(Σ
820 5137 1167 5215 εᾼὺμνύοντεςί
1189 5162 1247 5208 ς.
1308 5142 1643 5215 γ⁸²καῦροςϐ
1680 5163 1691 5196 :
1729 5146 1927 5215 ναῦρος
1960 5164 2021 5210 ς.

331 5213 444 5286 σαι]
471 5229 687 5286 μαασαν
710 5213 770 5267 G.
846 5211 891 5243 ⁸⁵
922 5211 1127 5286 ζητεῖν]
1160 5214 1269 5286 imo
1300 5214 1465 5281 ζητῶ.
1497 5211 1570 5286 cf.
1604 5217 1758 5285 Etym
1789 5211 1861 5268 Μ.

333 5283 545 5350 μῶσθαι
570 5285 728 5337 malis
758 5297 921 5349 quam
952 5284 1055 5352 μῶ.

330 5353 525 5417 Culon_
557 5370 609 5423 p.
647 5353 879 5407 CXVIII.
956 5354 1002 5383 ⁸⁸
1034 5355 1265 5424 μονῆρές
1297 5355 1360 5409 C.

2095 5147 2142 5178 ⁸³
2168 5146 2372 5214 μυοῦσν
2500 5147 2796 5204 mschelius
2823 5171 2835 5204 :
2868 5148 2991 5203 lihri
3024 5146 3310 5217 μαιοῦσαν.
3388 5148 3436 5180 ⁸⁵
3459 5147 3575 5216 paci-

1896 5234 1949 5285 p.
1985 5218 2107 5282 589,
2130 5217 2218 5282 4‘2,
2253 5219 2354 5271 nisi
2376 5232 2497 5271 mox
2532 5236 2655 5273 cum
2688 5223 2925 5275 Kuslcro
2957 5220 3043 5286 (ad
3080 5220 3232 5272 Suid.
3266 5236 3316 5279 ν,
3352 5217 3585 5287 μῶσθαι)

1132 5285 1177 5360 ⁸1⁸
1210 5284 1782 5360 Εὑφορίῳνιιξοιιι-ἰςεια
1812 5305 1823 5338 :
1853 5287 1974 5360 libri
2001 5287 2382 5360 εὑθυφορίωνι.
2458 5290 2505 5320 ⁸⁷
2535 5290 2785 5358 μωμένου
2810 5284 3013 5360 Reisig.
3046 5284 3418 5360 commentrin
3448 5287 3585 5341 (Ed.

1436 5356 1480 5430 εξ
1521 5353 1995 5430 Ἑκάλῃβεςιιίιςριή
2026 5377 2039 5410 :
2071 5353 2418 5430 Ιίιιιῆ-ὲκάὸῃ.

2497 5363 2542 5392 ⁹⁰
2574 5361 2648 5431 μὴ
2681 5363 2811 5430 κηρπι
2839 5359 2981 5430 ητις-ζ
3017 5362 3286 5431 μηκήριον
3317 5359 3379 5422 θ’
3417 5361 3590 5430 μακή·

334 5439 447 5493 ριον
483 5418 571 5489 ς.’
621 5424 666 5456 ⁸⁸
703 5425 853 5496 παῖς]
882 5418 1076 5479 lacuna
1106 5418 1254 5479 in'C.
1331 5427 1375 5458 “
1414 5418 1932 5498 Ἂκτυλος]”’1τύλοξ
1967 5429 2231 5498 Scaliger,
2273 5418 2527 5501 Ἀήτυλος
2574 5418 2858 5487 Ειῖειιιῖιιίυ
2895 5418 3117 5489 auctore
3154 5418 3450 5487 Meursius.

1824 5540 2039 5598 ’ΝΟΤΑΞ
2053 5577 2068 5593 .

407 5637 543 5704 (Μ’)
578 5637 745 5696 Aliter
774 5636 934 5690 Plato
975 5635 1026 5688 in
1059 5635 1296 5703 Cralyla.

406 5706 518 5777 ('55)
562 5707 692 5762 Vide
711 5707 865 5763 Ovid.
900 5709 951 5761 in
984 5706 1341 5775 Metaniurph.
1366 5716 1418 5760 et
1446 5722 1606 5775 supra
1632 5704 1902 5760 Photium.

2087 5639 2231 5709 (55⁸)
2264 5638 2425 5694 Iliad.
2458 5643 2517 5696 Δ.
