3922 6242
260 276 378 342 309

1357 281 1882 351 BIBLIOTHECA.
1913 308 1984 319 ·-
2017 283 2183 345 COD.
2215 282 2564 347 CCLXXIX.

3419 291 3531 357 310

278 406 575 477 Ἀφροδίτη
607 406 703 462 τοῦ
731 406 960 474 πάθους,
994 408 1091 463 καὶ
1118 409 1200 473 εἰς
1232 409 1428 481 δρνεον
1466 412 1729 483 μετέϐαλε
1752 412 1849 483 τὴν

1955 395 2079 448 heus
2108 404 2187 459 tu,
2210 397 2293 451 vel
2346 415 2378 453 ο
2406 399 2533 452 bone
2572 400 2671 463 vir,
2700 399 3008 471 signiﬁcare
3041 400 3195 456 aiunt
3225 421 3240 457 :
3277 403 3368 459 alii
3403 423 3529 463 rur—

266 499 495 570 ἀηδόνα.
510 500 874 571 Μεταγνοῦσα
899 502 957 555 δὲ
986 504 1020 571 ἡ
1044 503 1216 555 πάλαι
1246 504 1345 572 μὲν
1366 505 1524 575 γυνὴ,
1559 503 1656 557 νῦν
1689 504 1736 556 δ’
1758 504 1851 574 ὅρ-

266 608 359 653 νις
390 589 584 663 θρηνεῖ
606 592 701 645 τὸν
727 595 914 657 παῖδα,
951 593 1105 647 λύσιν
1130 595 1227 664 οὐχ
1255 594 1584 664 εύρίσκουσα
1613 594 1709 648 τοῦ
1734 594 1854 647 τολ-

271 682 611 749 μήματος⁹³.
644 684 766 738 Ὅτι
803 684 867 738 τὸ
910 684 1102 751 τέττα,
1146 684 1175 738 ὃ
1223 685 1353 757 παρ’
1401 686 1624 757 Ὁμήρῳ
1672 688 1851 739 κεῖται

267 772 572 843 εἰρημένον
620 774 697 837 ὡς
740 775 850 829 ἀπὸ
898 774 994 829 τοῦ
1042 777 1339 848 Διομήδους
1384 777 1521 847 πρὸς
1571 777 1848 845 Σθένελον,

267 867 562 934 γραφικῆς
589 869 705 920 ἐστι
737 867 964 938 πλάνης.
998 869 1064 922 Τί
1097 886 1228 922 ποτε
1259 866 1368 939 γὰρ
1396 870 1545 940 δηλοῖ
1571 870 1633 921 τὸ
1655 870 1848 935 τέττα,

272 956 446 1026 μέχρι
473 956 570 1011 νῦν
598 957 755 1012 οὔπω
793 960 1267 1029 ωνομολογείται·
1300 962 1417 1014 ἀλλ’
1453 964 1501 1015 οἱ
1529 962 1627 1033 μὲν
1660 979 1852 1017 σεπτι-

266 1045 378 1115 κὴν
417 1048 553 1100 αὐτὸ
582 1050 768 1119 φωνὴν
810 1045 951 1103 εἶναι
985 1051 1143 1119 φίλου
1171 1051 1307 1122 πρὸς
1337 1053 1551 1123 ἐταῖρόν
1585 1070 1769 1123 φασιν,
1802 1055 1851 1106 οί

265 1136 353 1202 δὲ,
382 1137 648 1193 κώτιλλε
674 1134 721 1193 ὦ
748 1134 951 1207 οὗτος,
981 1140 1131 1195 ἄλλοι
1160 1141 1217 1194 δὲ
1244 1141 1430 1206 πάλιν,
1474 1141 1552 1195 σὲ
1586 1141 1760 1212 λέγω.
1788 1145 1851 1197 Οἱ

265 1228 496 1292 πλείους
525 1229 583 1283 δὲ
611 1230 722 1284 τῶν
752 1232 1158 1302 γραμματικῶν
1191 1234 1458 1305 νεωτέρου
1491 1235 1658 1304 φασιν
1715 1232 1852 1288 εἶναι

268 1318 671 1391 προσφώνησιν
700 1324 782 1386 εἰς
817 1322 1187 1393 πρεσϐύτερον
1205 1341 1219 1354 ·
1248 1329 1426 1377 καίτοι
1448 1341 1513 1394 γε
1539 1326 1651 1379 οὐδ’
1668 1328 1850 1397 ἔχουσι

267 1412 448 1478 δεῖξαι
477 1413 752 1485 Διομήδην
768 1414 1029 1469 Σθενέλου
1050 1415 1334 1486 νεώτερον.
1362 1416 1438 1469 Οὐ
1463 1416 1571 1488 μὴν
1596 1417 1709 1471 ἀλλ’
1731 1418 1852 1470 οὐδὲ

265 1503 530 1571 φαίνεται
558 1504 809 1575 Ὅμηρος
833 1506 1069 1578 ἀλλαχοῦ
1090 1508 1439 1578 χρησάμενος
1465 1511 1530 1579 τῇ
1562 1510 1736 1579 φωνῇ,
1783 1508 1851 1561 ἶν’

266 1600 339 1649 ἐκ
369 1596 472 1665 τῆς
505 1596 763 1668 ἀλλαχόθι
798 1601 1039 1671 φανερᾶς
1087 1600 1325 1665 διανοίας
1370 1602 1465 1656 καὶ
1507 1604 1568 1656 τὸ
1615 1602 1853 1657 ἐνταῦθα

263 1689 371 1759 τῆς
399 1688 600 1756 λέξεως
628 1691 1032 1765 ἀνακαθαρθείη
1065 1693 1386 1763 ἀμφίϐολον,
1417 1694 1606 1767 ὥσπερ
1641 1697 1734 1749 ἐπὶ
1757 1695 1851 1749 τοῦ

262 1780 465 1833 ἐλλον
488 1780 714 1851 ἐποίησε
733 1798 749 1813 ο
803 1783 898 1835 καὶ
924 1784 1033 1854 γὰρ
1059 1784 1230 1837 είπὼν
1258 1785 1377 1843 ἐκεῖ
1410 1785 1698 1857 πρότερον,
1733 1789 1845 1841 πό-

261 1870 449 1925 δεσιν
472 1869 492 1943 [
514 1870 618 1926 868
646 1872 712 1926 H.
743 1872 765 1945 ]
811 1875 998 1927 ἕλλον
1035 1870 1161 1928 εἷλε
1188 1876 1471 1931 ποικίλον
1489 1875 1536 1909 ⁸⁸
1566 1876 1745 1943 κύων,
1786 1877 1849 1929 τὸ

261 1960 469 2032 ἄδηλον
497 1962 598 2031 τῆς
628 1962 829 2030 λέξεως
865 1965 1198 2035 διεσάφησεν
1234 1965 1567 2034 ὐποκατιὼν,
1595 1967 1848 2040 νεϐρὸν⁹⁵

260 2052 358 2104 τὸν
391 2052 547 2106 ἐλλον
573 2055 870 2124 ὀνομάσας.
912 2057 1186 2122 Ὡσαύτως
1216 2058 1278 2111 τὸ
1304 2057 1417 2113 λάε
1444 2061 1508 2113 ἐκ
1529 2060 1625 2129 τῆς
1655 2063 1848 2131 ἐτυμο-

262 2143 456 2212 λογίας
488 2147 637 2215 σαφῆ
662 2149 965 2218 παρίστησι
990 2149 1088 2219 τὴν
1117 2149 1301 2221 φωνὴν
1318 2190 1336 2215 ,
1360 2152 1483 2204 ἐπεὶ
1505 2151 1669 2216 ἀλαός
1696 2154 1848 2206 ἐστιν

265 2235 299 2285 ὁ
333 2235 425 2301 μὴ
448 2236 703 2299 βλέπων
747 2237 815 2290 τὸ
851 2235 1018 2307 φῶς·
1056 2238 1091 2309 ἢ
1134 2240 1219 2293 ὅτι
1267 2239 1329 2292 τδ
1359 2239 1594 2294 λὰειν⁹⁶
1622 2242 1683 2294 τὸ
1711 2228 1849 2295 ἀπο·-

264 2324 575 2391 λαυστικῶς
598 2325 744 2397 ἔχειν
775 2329 945 2393 ἐστὶν,
981 2330 1121 2400 ὅπερ
1165 2330 1438 2385 δείκνυσιν
1471 2332 1850 2402 ὲμφατικωτέ-

264 2432 371 2486 ραν
389 2417 437 2448 ’⁷
463 2416 725 2470 διάθεσιν.
758 2418 868 2471 Καί
910 2416 1045 2471 ἀλλα
1072 2419 1132 2471 δέ
1166 2421 1282 2473 ἐστι
1336 2418 1615 2485 ξενίζοντα
1640 2421 1700 2474 ὲν
1735 2422 1848 2483 τοῖς

273 2510 545 2580 Ὀμήρου,
589 2508 709 2580 μεθ’
735 2510 982 2582 Ὅμηρον
1013 2511 1072 2564 δὲ
1115 2514 1229 2576 τοῖς
1273 2514 1563 2584 νεωτέροις
1592 2513 1742 2584 σαφῆ
1779 2516 1846 2585 τῇ

259 2602 466 2672 χρήσει
486 2603 749 2671 γεγονότα
777 2603 873 2657 καὶ
894 2603 995 2675 τὴν
1024 2604 1179 2658 λύσιν
1208 2605 1306 2676 τῆς
1336 2606 1569 2675 ἀπορίας
1598 2606 1849 2674 ὲπιδεξά-

260 2713 435 2765 μενα.
463 2696 538 2749 Τὸ
566 2698 625 2751 δὲ
655 2696 833 2751 τέττα
856 2699 1012 2753 οὐδὲν
1046 2698 1290 2753 τοιοῦτον
1318 2699 1419 2769 τῆς
1447 2700 1725 2769 ἀγνωσίας
1754 2702 1850 2754 καὶ

256 2787 358 2840 τοῦ
379 2790 430 2821 ’⁸
467 2789 545 2860 μὴ
587 2789 997 2862 διημαρτῆσθαι
1049 2791 1305 2855 ἐξείλετο.
1355 2792 1431 2845 Οὐ
1466 2792 1647 2846 τοίνυν
1676 2792 1851 2847 τέττα

256 2878 344 2930 δεῖ
374 2880 636 2949 γράφειν,
687 2880 826 2935 ἀλλά
876 2881 1059 2937 τέτλα
1078 2883 1147 2946 ⁸⁵,
1177 2883 1276 2953 τῆς
1307 2884 1401 2935 ἐπὶ
1429 2883 1621 2948 τέλους
1655 2884 1850 2938 συλλα-

258 2968 367 3037 ϐῆς
404 2971 781 3041 ἀποκοπείσης
810 2971 905 3026 τοῦ
933 2972 1174 3027 τέτλαθι
1206 2976 1248 3029 ¹.
1287 2975 1397 3028 Καὶ
1423 2975 1535 3045 γάρ
1573 2975 1719 3028 ἐστιν
1757 2978 1849 3029 εὑ-

260 3065 385 3133 ρεῖν
424 3061 485 3115 τὸ
516 3063 696 3118 τέτλα
736 3064 1031 3136 λεγόμενον
1080 3066 1234 3138 παρά
1279 3067 1577 3139 διαφόροις,
1628 3067 1704 3131 ὡς
1753 3070 1849 3122 καὶ

264 3156 511 3226 ’Ἄρατός
544 3173 711 3226 φησιν
738 3158 808 3211 ἐν
837 3160 1098 3227 χαρίτων
1134 3160 1335 3231 πρώτῃ
1382 3162 1584 3215 τέτλα.
1629 3162 1720 3214 Διὸ
1756 3165 1850 3215 καὶ

258 3247 355 3299 τὸν
385 3247 518 3318 παρ’
537 3248 761 3321 Ὁμήρῳ
808 3250 992 3321 στίχον
1017 3251 1160 3315 τινὲς
1185 3252 1245 3304 οὐ
1278 3253 1475 3325 τέττα,
1502 3253 1641 3307 ἀλλά
1668 3254 1852 3307 τέτλα

260 3342 619 3411 προήνεγκαν
665 3344 1170 3413 ἀναγινώσκοντες,
1216 3346 1313 3399 καὶ
1369 3348 1850 3418 ὲπισημηνάμενοι

260 3435 339 3496 ὡς
366 3434 403 3503 ἡ
424 3434 606 3504 ἀπάτη
637 3435 862 3504 γέγονεν
888 3437 953 3489 ὲκ
980 3438 1074 3490 τοῦ
1093 3437 1247 3501 τινας
1275 3438 1336 3491 τὸ
1360 3437 1617 3509 δεύτερον
1648 3455 1680 3492 τ
1729 3441 1850 3493 ἀντὶ

258 3524 360 3578 τοῦ
415 3529 458 3579 λ
521 3527 727 3590 λαϐεῖν,
784 3528 888 3598 τῆς
939 3529 1283 3601 βραχυτέρας
1339 3534 1608 3603 γραμμῆς
1666 3532 1761 3585 τοῦ
1808 3536 1851 3587 λ

264 3616 575 3686 φαντασίαν
609 3619 792 3682 αὐτοῖς
823 3622 923 3690 τῆς
949 3621 1116 3692 ὀρθῆς
1163 3622 1391 3694 κεραίας
1443 3625 1540 3677 τοῦ
1568 3642 1602 3678 τ
1667 3642 1849 3697 παρα-

266 3710 565 3780 σχομένης,
596 3711 693 3781 τῆς
720 3712 779 3765 δὲ
822 3712 1070 3784 μείζονος
1098 3714 1197 3783 τῆς
1244 3717 1605 3789 ἐπικειμένης
1648 3719 1850 3790 ἐγκαρ-

266 3802 588 3869 σίας.;”οτι,
613 3804 749 3874 φησι
768 3806 810 3868 ’,
851 3806 944 3860 τοῦ
981 3807 1246 3877 βασιλέως
1278 3809 1546 3879 Κορίνθου
1573 3813 1606 3881 ή
1641 3812 1847 3883 μήτηρ.

264 3896 405 3964 γυνη
435 3895 494 3947 δὲ
528 3896 842 3966 Ἀμφίονος,
878 3899 1233 3972 κολοϐωτέρῳ
1261 3903 1540 3967 σκάζουσα
1567 3904 1645 3974 τῷ
1676 3905 1849 3974 ἑτέρῳ

262 3986 413 4051 ποδὶ,
448 3987 638 4041 Λάϐδα
669 3990 939 4046 ἐκαλεῖτο.
972 3992 1095 4046 Ὀτι
1129 3993 1536 4065 ἀναλογώτερον
1570 3998 1604 4066 ἡ
1651 3996 1846 4064 χρυιὰ,

264 4078 412 4132 κατὰ
455 4079 631 4145 πάθος
669 4080 728 4134 δὲ
773 4082 1121 4139 ὲλλειπτικὺν
1148 4086 1181 4156 ή
1211 4085 1393 4155 χρόαν
1432 4089 1528 4141 καὶ
1562 4089 1595 4158 ή
1646 4087 1846 4160 βοτάνη

265 4174 409 4228 ποιὰ
439 4175 641 4242 μᾶλλον
687 4177 720 4247 ἢ
772 4180 892 4231 πόα
948 4178 1239 4251 λεγομένη.
1278 4181 1402 4234 Ὀτι
1448 4182 1511 4235 τὸ
1539 4182 1688 4236 ἅττα
1715 4185 1850 4253 φησι

262 4265 558 4334 ψιλοῦσθαι
577 4283 594 4296 ο
630 4269 682 4321 οἱ
711 4269 769 4321 δὲ
798 4270 949 4324 ἄλλοι
979 4272 1372 4343 ἀκριϐέστερον
1414 4276 1494 4337 είς
1522 4274 1592 4328 τὰ
1643 4292 1848 4347 σημαι-

263 4358 466 4428 νόμενα
497 4361 855 4429 διαιροῦντες,
880 4365 1208 4436 οἰκειότερον
1243 4368 1336 4419 καὶ
1372 4368 1501 4437 περὶ
1526 4368 1635 4421 τῶν
1677 4387 1847 4423 πνευ-

1880 1741 1928 1799 Β

1954 502 2101 551 sum,
2137 499 2188 542 te
2219 490 2425 559 appello
2452 504 2471 543 :
2503 492 2689 562 plures
2732 509 2864 548 vero
2897 495 3241 565 grammatici
3282 497 3527 567 junioris

1952 594 2075 635 esse
2100 595 2286 635 vocem
2330 582 2396 637 ad
2427 584 2699 639 seniorem
2736 585 2944 652 dicunt,
2977 603 3290 658 quanquam
3343 602 3530 646 osten-
3616 592 3619 595 ’

1953 674 2083 729 dere
2148 686 2461 744 nequeant,
2536 677 2848 733 Diomedem
2919 679 3178 735 Sthenelo
3246 682 3524 752 juniorem

1954 764 2145 821 fuisse.
2186 766 2374 838 Neque
2424 767 2588 822 etiam
2635 784 2868 839 usquam
2919 771 3049 825 alibi
3103 770 3374 827 Homerus
3425 775 3528 830 hac

1954 874 2087 912 voce
2120 872 2276 922 usus,
2310 866 2369 911 ut
2404 872 2473 911 ex
2518 873 2682 914 sensu
2725 858 2946 914 aliunde
3002 870 3154 925 noto,
3184 862 3378 933 531b
3410 879 3529 917 ain-

1955 948 2195 1017 biguitas
2242 947 2395 1002 verbi
2443 948 2557 1003 tolli
2608 948 3008 1018 possetzquod
3056 951 3111 1004 in
3156 950 3331 1013 ἐλλον,
3380 952 3527 1021 quod

1954 1040 2231 1093 hinnulum
2246 1042 2538 1111 signiﬁcat,
2557 1041 2687 1098 fecit
2709 1041 2845 1113 (56).
2864 1042 2943 1096 lbi
2966 1044 3109 1097 enim
3142 1044 3295 1110 dicit,
3312 1046 3528 1099 πόδεσιν

1955 1132 2105 1185 ἔλλον
2138 1127 2249 1187 εἷλε
2280 1133 2526 1187 ποικίλον
2558 1135 2728 1200 κύων,
2763 1137 2912 1190 canis
2940 1136 3156 1205 pedibus
3202 1139 3528 1209 uariegatum

1954 1226 2230 1278 hinnulum
2270 1226 2688 1296 comprehendit,
2721 1229 3111 1284 obscuritatem
3141 1229 3294 1285 verbi
3326 1231 3529 1302 detegit

1955 1319 2099 1390 quod
2155 1320 2518 1387 subnectitur,
2573 1331 2853 1376 mortuum
2899 1321 3215 1379 liinnulum.
3266 1322 3530 1378 Similiter

1955 1422 2009 1466 et
2029 1411 2128 1466 λὰε
2153 1427 2219 1466 ex
2246 1412 2573 1483 etymologia
2607 1421 2848 1482 apertam
2881 1429 3069 1469 vocem
3100 1415 3362 1481 ostendit,
3402 1430 3528 1469 cum

1954 1504 2116 1567 ἄλαος
2145 1504 2235 1568 sit,
2264 1520 2367 1558 non
2387 1506 2565 1559 videns
2597 1505 2787 1560 lucem.
2821 1503 2914 1560 Vel
2946 1506 3071 1575 quia
3094 1505 3245 1559 λάειν
3275 1506 3415 1561 idem
3443 1515 3532 1561 est

1955 1612 2018 1649 ac
2051 1595 2183 1663 frui,
2208 1596 2354 1665 quod
2380 1596 2846 1651 vehementiorem
2878 1598 3120 1653 ostendit
3162 1598 3526 1653 aﬂ'ectionem.

1958 1686 2021 1740 Et
2046 1685 2149 1740 alia
2194 1686 2362 1740 multa
2402 1694 2531 1740 sunt
2556 1686 2697 1756 apud
2734 1686 3033 1742 Homerum
3065 1690 3374 1758 peregrina,
3406 1704 3533 1759 qua:

1956 1777 2176 1833 Homeri
2214 1780 2450 1849 posteris
2481 1795 2582 1835 usu
2610 1780 2752 1835 facta
2787 1791 2916 1836 sunt
2943 1781 3255 1851 perspicua,
3284 1792 3337 1835 et
3360 1781 3529 1837 dubia

1956 1873 2141 1927 omnia
2193 1872 2445 1927 submota
2492 1881 2642 1927 sunt.
2685 1870 2806 1927 Non
2856 1873 3046 1927 eadem
3080 1883 3263 1928 tamen
3301 1874 3443 1928 ratio
3476 1875 3530 1927 in

1954 1965 2139 2018 τέττα.
2197 1961 2387 2031 Neque
2434 1962 2577 2017 enim
2638 1962 2802 2016 τέττα
2878 1963 3229 2018 scribendum
3278 1972 3379 2027 est,
3434 1965 3529 2019 sed

1954 2057 2168 2122 τέτελα,
2203 2058 2392 2112 ultima
2440 2056 2647 2127 syllaba
2694 2056 2895 2120 ablata,
2944 2072 2972 2110 a
3002 2055 3268 2110 τετέλατι.
3317 2056 3533 2111 Etenim

1956 2152 2204 2206 invenire
2246 2160 2331 2206 est
2372 2150 2586 2217 τέτελα,
2633 2151 2837 2205 multos
2886 2149 3113 2216 dixisse,
3168 2158 3229 2204 ut
3277 2149 3530 2212 Aratum,

1958 2243 2049 2298 ubi
2082 2243 2177 2306 ait,
2200 2242 2258 2295 ὲν
2286 2242 2529 2313 χαρίτων
2559 2239 2752 2313 πρώτῃ
2800 2241 3012 2298 τέτελα.
3049 2240 3175 2298 Ideo
3198 2251 3253 2297 et
3285 2243 3531 2297 nonnulli

1956 2352 2177 2394 versum
2235 2335 2459 2390 Homeri
2505 2350 2615 2390 non
2661 2350 2755 2405 per
2803 2335 2989 2398 τέττα,
3048 2336 3142 2390 sed
3196 2350 3294 2404 per
3340 2334 3534 2389 τέτελα

1958 2430 2347 2498 protulerunt,
2407 2427 2649 2495 legentes
2712 2434 2767 2482 et
2820 2426 3234 2496 signiﬁcantes,
3291 2441 3529 2481 errorem

1958 2521 2246 2582 accidisse,
2275 2519 2420 2589 quod
2451 2518 2621 2588 aliqui
2653 2517 2956 2573 secundum
2986 2535 3017 2570 τ
3045 2532 3141 2587 pro
3169 2516 3201 2569 λ
3232 2517 3529 2584 accipiant,

1959 2613 2124 2667 dante
2168 2611 2275 2666 illis
2320 2610 2572 2666 breviore
2606 2608 2662 2663 in
2691 2608 2835 2663 linea
2888 2609 2919 2660 λ
2961 2608 3411 2678 imaginationem
3443 2610 3533 2665 lit-

1958 2714 2089 2761 terte
2115 2722 2167 2770 τ,
2204 2705 2363 2772 cujus
2401 2703 2495 2757 uni
2530 2702 2671 2772 apici
2700 2708 2851 2756 recto
2880 2701 3017 2755 alter
3051 2701 3320 2754 incumbit
3355 2710 3536 2757 trans-

1957 2812 2169 2853 versus.
2221 2794 2391 2851 Mater
2433 2796 2576 2864 regis
2603 2793 2853 2848 Corinthi
2897 2809 3034 2860 uxpr
3061 2793 3409 2863 Amphionis,
3456 2794 3537 2847 al-

1961 2902 2076 2946 tero
2120 2889 2250 2943 laeso
2284 2888 2419 2957 pede
2450 2885 2787 2951 claudicans,
2825 2884 3008 2939 Labda
3047 2894 3242 2940 vocata
3288 2894 3391 2941 est.
3428 2883 3538 2940 Re-

1957 2984 2102 3036 ctius
2137 2980 2293 3051 χροιά
2316 2979 2523 3034 dicitur
2555 2997 2568 3032 :
2602 2978 2696 3033 sed
2728 2992 2823 3046 per
2857 2977 3071 3047 ellipsin
3102 2976 3233 3047 χρά,
3265 2985 3321 3030 et
3341 2975 3532 3035 herba.

1880 3108 1922 3165 Ο
1958 3075 2141 3143 potius
2171 3073 2300 3125 ποία
2331 3086 2493 3141 quam
2519 3070 2626 3123 ποά
2663 3069 2808 3123 dicta
2838 3077 2939 3123 est.
2978 3070 3148 3121 Ἀττα
3187 3070 3263 3122 ait
3288 3068 3394 3122 levi
3423 3069 3536 3138 spi-

1957 3167 2064 3220 ritu
2112 3163 2324 3229 scribi;
2374 3163 2468 3216 alii
2519 3161 2823 3217 secundum
2868 3161 3173 3230 signiﬁcata
3215 3159 3539 3217 accuratius

1952 3255 2398 3323 dislinguentes,
2460 3250 2747 3320 spiritibus
2804 3250 2972 3303 etiam
3040 3253 3259 3305 variare
3318 3249 3533 3305 volunt.

1965 3348 2202 3401 Ἐλαύνω
2259 3346 2410 3416 fruor
2454 3342 2759 3414 irregulare
2815 3350 2902 3397 est
2932 3360 2944 3395 :
2977 3350 3107 3397 ante
3167 3341 3331 3396 ﬁnem
3384 3342 3534 3396 enim

1952 3442 2180 3495 verbum
2234 3445 2630 3493 consonantem
2693 3434 2944 3499 habens,
3005 3440 3061 3488 et
3123 3433 3180 3487 in
3229 3433 3535 3503 penultima

1953 3530 2162 3585 habens
2190 3527 2453 3600 syllabam
2495 3526 2548 3581 in
2579 3543 2645 3579 αυ
2682 3526 3055 3591 terminatam,
3096 3540 3377 3594 nunquam
3409 3540 3535 3595 gra-

1952 3633 2131 3678 vatur.
2165 3622 2407 3677 Duorum
2445 3620 2589 3673 enim
2627 3618 2862 3672 alterum
2893 3627 2997 3681 est,
3019 3617 3106 3672 vel
3138 3633 3337 3688 purum
3362 3615 3536 3686 Bary-

1954 3724 2166 3779 tonum,
2208 3713 2294 3767 vel
2330 3719 2729 3766 consonantem
2783 3708 3014 3770 habens,
3057 3707 3535 3771 circumﬂectitur,

1953 3817 2014 3862 ut
2043 3806 2203 3876 φαύω
2234 3805 2378 3860 unde
2405 3804 2610 3872 ἐφαυσε
2630 3817 2644 3832 ο
2680 3802 2907 3858 alterius
2929 3800 3243 3872 exemplum
3276 3799 3535 3871 ἁμαυρῶ,

1953 3911 2006 3954 et
2059 3898 2279 3954 similia.
2326 3895 2525 3952 Χαύνω
2580 3911 2688 3950 ηοη
2741 3895 2878 3950 bene
2936 3899 3219 3964 gravatur.
3272 3892 3540 3948 Formant

1953 4002 2133 4046 autem
2166 3990 2415 4045 nonnulli
2449 3987 2658 4042 ἐλαύνω
2684 3988 2755 4042 ab
2782 3985 2908 4039 ἐλῶ.
2954 3985 3218 4041 Nonnulli
3248 3999 3381 4039 vero
3420 3993 3482 4039 ut
3506 4001 3537 4038 a

1953 4084 2033 4138 ϐῶ
2064 4084 2124 4137 ﬁt
2172 4082 2362 4153 βαίνω,
2413 4080 2494 4136 sic
2540 4078 2698 4134 aiunt
2735 4077 2899 4133 etiam
2945 4076 3015 4132 ab
3063 4074 3190 4141 ὲλῶ,
3233 4076 3431 4130 ὲλαίνω
3459 4075 3539 4129 fa-

1953 4188 2123 4243 ctum,
2162 4186 2217 4232 et
2261 4173 2724 4231 transmutatione
2770 4170 3102 4242 diphthongi
3142 4169 3375 4225 ὲλάυνω.
3430 4166 3539 4224 Sed

1954 4271 2131 4325 solum
2162 4279 2246 4325 est
2270 4266 2501 4331 ἐλαύνω,
2532 4274 2588 4319 ct
2620 4264 2741 4318 ideo
2772 4279 2872 4318 nec
2914 4263 3220 4333 regularem
3266 4261 3540 4332 coniuga-

1955 4360 2160 4414 tionem
2193 4358 2375 4421 habet,
2409 4353 2796 4410 heteroclitum
2830 4367 3071 4421 namque
3100 4361 3187 4407 est
3208 4350 3538 4422 perfectum,

268 4450 458 4519 μάτων
499 4452 778 4508 διείλοντο.
808 4456 931 4509 Ὅτι
977 4456 1037 4509 τὸ
1077 4457 1315 4511 ἐλαύνω
1361 4460 1674 4529 παράλογόν
1708 4461 1845 4525 ἔστι,
1883 4463 1927 4518 D
1960 4456 2026 4509 ab
2072 4451 2248 4515 ὲλάζω
2284 4449 2431 4505 enim
2480 4446 2721 4515 ἐλήλακα
2778 4444 3067 4499 formatur.
3102 4443 3440 4514 Conjunctio
3478 4444 3541 4496 τὲ

262 4539 432 4608 φησί’
493 4542 601 4611 πρὸ
644 4543 832 4607 τέλους
873 4547 983 4617 γὰρ
1031 4547 1182 4617 ῥῆμα
1229 4547 1518 4619 σύμφωνον
1566 4551 1691 4621 ἕχον
1752 4552 1846 4605 καὶ

262 4633 689 4703 παραλήγουσαν
729 4636 830 4708 τὴν
877 4654 955 4692 av
992 4640 1113 4693 ούδὲ
1155 4658 1287 4694 ποτε
1336 4641 1654 4713 βαρύνεται.
1689 4648 1845 4699 Δυοῖν

262 4725 375 4796 γάρ
410 4725 663 4797 θάτερον,
693 4728 724 4799 ἢ
758 4730 1063 4802 καθαρεῦον
1096 4732 1394 4805 βαρύτονόν
1429 4737 1596 4801 ἐστιν,
1638 4737 1670 4808 ἦ
1703 4740 1844 4807 σύμ-

267 4834 444 4885 φωνον
475 4817 600 4887 ἕχον
625 4823 983 4890 περισπᾶται.
1012 4824 1119 4877 Τοῦ
1163 4824 1260 4894 μὲν
1287 4826 1461 4893 ψαύω
1486 4827 1526 4891 ³,
1562 4828 1753 4895 spatia),
1788 4828 1848 4892 ἐξ

266 4902 327 4961 οὗ
356 4909 455 4960 καὶ
484 4908 544 4963 τὸ
576 4910 843 4978 ἔψαυσεν
873 4912 968 4966 τοῦ
1008 4913 1263 4986 δευτέρου
1288 4916 1345 4968 δὲ
1366 4917 1613 4986 ἀμαυρῶ
1643 4920 1740 4972 καὶ
1776 4921 1848 4975 τὰ

269 5000 451 5070 ὃμοια.
485 5002 560 5055 Τὸ
592 5002 650 5055 δὲ
677 5005 881 5073 χαύνω
926 5007 1254 5077 παραλόγως
1305 5006 1617 5077 βαρύνεται.
1652 5010 1849 5080 Τεχνο-

270 5092 494 5162 λογοῦσι
520 5094 581 5148 δὲ
610 5096 672 5149 τὸ
695 5096 930 5152 ἐλαύνω
959 5100 1010 5152 οἱ
1042 5100 1144 5167 μὲν
1169 5099 1282 5155 ἀπὸ
1308 5102 1405 5155 τοῦ
1434 5101 1555 5156 ἐλῶ
1601 5102 1843 5157 ὲλαύνω’

1964 4543 2161 4614 532a
2205 4541 2321 4597 sola
2355 4547 2440 4594 est
2489 4538 2765 4599 enclitica,
2820 4535 2961 4590 forte
2991 4535 3120 4604 quia
3170 4549 3303 4589 voce
3347 4532 3538 4588 eadem

1960 4653 2084 4692 cum
2111 4634 2395 4705 expletivis
2425 4639 2674 4686 utuntur.
2708 4626 2908 4683 {Eoles
2943 4643 3092 4693 vero,
3143 4628 3191 4683 si
3221 4627 3445 4697 quidem
3480 4637 3542 4680 ut

1964 4729 2330 4801 copulativam
2370 4728 2792 4797 assumpseriut,
2821 4724 3075 4780 similiter
3107 4730 3169 4777 ut
3192 4735 3292 4776 nos
3316 4720 3378 4773 τὲ
3407 4718 3538 4774 eﬂ'e-

1959 4832 2107 4877 runt.
2157 4821 2213 4876 Si
2247 4836 2375 4876 vero
2419 4820 2709 4890 expletive,
2749 4821 2802 4873 in
2855 4836 2882 4871 ο
2914 4824 3135 4871 vertunt
3165 4813 3451 4886 syllabam,
3484 4821 3541 4865 et

1956 4919 2016 4971 τὸ
2048 4918 2240 4972 dicunt
2265 4931 2363 4987 pro
2417 4915 2497 4969 τι.
2528 4913 2970 4984 Γλωσσοκομεῖον
3019 4910 3156 4981 (56‘)
3189 4910 3408 4979 proprie
3454 4915 3541 4960 est

1957 5026 2071 5076 vas,
2126 5009 2273 5081 quod
2312 5009 2527 5079 linguas
2577 5008 2840 5064 tibiarum
2896 5005 3094 5075 recipit
3128 5023 3141 5059 :
3176 5002 3340 5057 hodie
3399 5014 3537 5053 vero

1956 5105 2243 5159 abutentes
2266 5101 2332 5157 ad
2365 5100 2708 5173 receptacula
2731 5100 2969 5154 aliarum
2999 5112 3179 5153 rerum
3214 5106 3535 5149 accommo-

1549 5216 1805 5287 vitam;
1824 5214 2238 5275 LECTIONES.

342 5332 388 5405 ξε
415 5330 770 5405 τρλμήματος
793 5333 834 5387 C
860 5351 874 5387 :
901 5334 1209 5405 τελήματος
1247 5352 1307 5398 ςο

273 5402 320 5434 ⁸⁸
349 5402 502 5455 λαεῖν
543 5419 604 5465 ς.
681 5403 723 5433 ’⁷

1404 5334 1454 5368 ³⁵
1479 5334 1722 5389 ποικίλον
1803 5336 1845 5390 C
1896 5355 1909 5391 :

758 5396 1210 5477 ξμφατικωτέραν
1233 5396 1274 5459 C
1308 5422 1321 5458 :
1354 5406 1809 5477 ἐμφατικώτερονν
1831 5424 1891 5470 ς.
1932 5407 1976 5439 ⁸⁸
2002 5405 2209 5477 καὶτοῦ
2232 5396 2316 5461 ΟΞ
2349 5405 2442 5458 τοῦ
2475 5409 2567 5459 καὶ
2752 5403 2796 5435 ⁹⁹
2826 5406 3009 5459 τέτΛα.
3089 5403 3105 5434 ³
3137 5396 3355 5455 τέτλαθι
3399 5398 3535 5449 Sca—

1967 5335 2229 5389 ποικίλων
2282 5354 2344 5399 ς.
2445 5334 2492 5367 ’⁸
2526 5331 2720 5403 νεϐρὸν
2784 5330 3054 5387 Meursius
3091 5349 3107 5386 :
3139 5327 3260 5403 libri
3306 5322 3533 5403 ⁸νεκρὸν.

274 5470 449 5543 liger:
480 5472 609 5526 libri
635 5470 922 5529 τέτελα-
945 5470 1215 5530 τετέλαθι.
1292 5477 1312 5507 ³
1347 5470 1504 5546 φησι]
1536 5492 1605 5530 an
1662 5470 1955 5547 Κῦψέλουῖ
2028 5478 2048 5509 ⁸
2075 5475 2236 5547 ψαύω
2266 5477 2393 5532 add.
2425 5477 2487 5532 C.

1793 5610 2025 5669 NOTAE.

346 5723 463 5793 (36)
490 5722 657 5777 Κύων
683 5722 771 5794 ἔχε
802 5723 1040 5779 ποικίλον
1073 5720 1243 5777 ἔλλον.
1277 5723 1468 5793 Odyss.
1496 5721 1559 5777 T.

2037 5720 2181 5793 (56")
2221 5722 2353 5778 Vide
2379 5720 2744 5793 Pliryniclium
2779 5735 2905 5791 pag.
2936 5719 3019 5774 l7.
