3922 6242
345 267 445 335 311
1562 316 1565 319 λ
1593 269 1859 332 ΡΗΟἸῚῙ
1894 268 2403 330 ΡΑΤΒῘΑΒΕΗᾸΞ
2436 269 2544 327 CP.
3510 259 3610 322 312

346 388 498 452 dant,
532 396 588 441 et
624 387 730 442 hoc
760 384 977 457 quidem
1007 384 1291 442 tolerabile
1320 403 1335 439 :
1367 384 1460 443 alii
1488 400 1618 442 vero
1652 386 1931 440 invertunt

2046 384 2178 448 τινὲς
2204 384 2261 437 δὲ
2283 383 2475 452 ὥσπερ
2521 381 2631 436 ἀπὸ
2658 377 2754 434 τοῦ
2797 376 2893 443 βῶ
2924 378 3139 442 βαίνω,
3171 373 3323 430 οὕτω
3346 372 3485 443 φασὶ
3524 375 3612 425 καί

347 492 404 535 et
448 496 645 534 sonum
701 490 754 534 et
803 489 1038 547 tempus.
1092 477 1319 549 Oportet
1366 480 1512 534 enim
1562 480 1923 549 penultimam

2046 474 2141 528 ἰιπὸ
2170 472 2263 527 τοῦ
2293 472 2412 527 ἐλῶ
2435 472 2660 540 γέγονεν
2687 470 2931 530 ἐλαίνω,
2960 467 3058 519 καὶ
3091 465 3389 535 μεταθέσει
3408 462 3507 515 τοῦ
3536 464 3613 515 δι-

351 573 566 641 longam
607 569 986 632 cirentnllccti,
1038 569 1115 623 illi
1162 570 1487 639 corripiunt,
1515 580 1570 625 et
1614 580 1837 623 acutum
1871 573 1924 623 in

2046 565 2220 637 [ρόνου
2255 565 2513 619 ἐλαύνω.
2542 561 2691 633 Πλὴν
2730 558 2965 631 μονῆρές
3001 561 3120 612 ἐστι
3146 558 3208 611 τὸ
3238 558 3505 617 ἐλαύνω,
3525 556 3616 606 καὶ

352 664 780 734 antepenultima
807 673 1039 732 ponunt.
1068 662 1317 728 Speciem
1354 680 1525 718 maza-
1563 664 1775 733 antiqui
1804 663 1925 734 θρι·

2046 660 2116 713 ῑιὰ
2135 658 2294 713 τοῦτο
2323 659 2444 712 οὐδὲ
2470 657 2650 710 κλίσιν
2682 654 2907 726 βεϐαίαν
2933 652 3071 723 ἔχει.
3119 650 3500 720 Ἑτερόκλιτος
3525 643 3617 700 οὖν

351 757 577 827 δακίνην
639 765 835 810 vocant
882 773 896 811 :
937 755 1162 810 herbam
1222 771 1354 810 vero
1412 754 1664 828 θρίδακα.
1735 755 1926 809 Medici

2046 769 2177 805 εστιν
2203 754 2233 804 ὁ
2256 750 2665 821 παρακείμενος
2685 763 2700 779 ·
2730 746 2839 799 ἀπὸ
2862 746 2971 814 γὰρ
2995 742 3092 797 τοῦ
3116 741 3295 806 έλάζω
3317 741 3539 809 γίνεται
3559 740 3619 790 τὸ

350 848 581 919 θρίδακα
626 848 910 913 lactucam,
969 847 1084 903 sive
1145 847 1261 904 olus
1313 850 1553 903 hortense
1613 849 1929 918 θριδακίνην

347 958 479 997 vero
513 942 769 997 silvestre
807 951 1026 996 vocant.
1068 941 1545 1007 Quemadmodum
1590 942 1824 997 dicimus
1862 941 1931 994 τὰ

349 1033 436 1097 νῦ,
464 1044 519 1089 et
556 1035 628 1088 τὰ
658 1032 754 1104 μῦ,
798 1050 924 1089 cmn
965 1034 1174 1091 litteras
1202 1034 1256 1088 in
1304 1034 1501 1102 plurali
1530 1032 1724 1089 efferre
1770 1033 1931 1087 volu-

350 1141 519 1180 mus:
551 1126 635 1179 sic
682 1135 737 1180 et
782 1126 851 1179 τὰ
908 1125 1085 1197 σίγμα
1130 1126 1419 1181 dicendum
1451 1136 1555 1191 est,
1600 1141 1705 1179 non
1747 1125 1815 1178 τὰ
1851 1126 1931 1178 σί-

350 1235 562 1286 γματα.
588 1217 805 1273 Etenim
837 1234 944 1271 non
976 1218 1318 1272 deciinantur
1350 1217 1571 1272 nomina
1598 1217 1928 1274 litterarum.

351 1306 585 1376 ideoque
645 1305 790 1374 quod
844 1321 875 1360 a
926 1305 1288 1375 XenOphonte
1344 1305 1399 1359 in
1448 1305 1782 1375 Ἑλληνικοῖς
1851 1305 1930 1359 di-

352 1408 499 1452 ctum
531 1399 703 1453 cst-cci
735 1398 980 1466 σίγματα
1006 1398 1115 1451 τῶν
1150 1396 1414 1463 ἀσπίδων,
1448 1412 1558 1451 non
1594 1397 1929 1467 conjunctim

2028 844 2324 911 ἐλήλακα.
2346 844 2471 896 Ὀτι
2499 842 2527 894 ὁ
2556 851 2622 895 τε
2650 858 2713 894 συ
2723 837 3061 910 μπλεκτικὸς
3091 835 3401 904 έγκλίνεται
3436 834 3617 904 μόνος,

2034 938 2165 1000 ἴσως
2223 937 2360 990 διότι
2401 938 2515 997 τοῖς
2566 931 3178 1005 παραπληρωματικοῖς
3237 929 3382 983 κατά
3434 926 3619 995 φωνὴν

2032 1025 2425 1096 συνεμπίπτει.
2483 1024 2547 1076 Οἱ
2596 1023 2654 1076 δὲ
2706 1021 2920 1084 Αἰολεῖς
2958 1018 3126 1091 [1585
3166 1016 3259 1089 IL]
3307 1016 3375 1070 ἂν
3408 1018 3513 1083 μὲν
3546 1015 3619 1075 ὼς

2035 1121 2446 1191 συμπλεκτικδν
2496 1120 2699 1174 αὑτὸνδ
2757 1117 3150 1188 παραλάϐωσιν
3178 1153 3194 1179 ,
3238 1114 3444 1184 ὁμοίως
3489 1114 3624 1181 ἡμῖν

2032 1210 2337 1277 ὲκφωνοῦσι
2360 1210 2453 1263 τὸν
2492 1221 2557 1263 τε
2582 1224 2595 1238 ⁸
2629 1209 2696 1262 ἂν
2719 1207 2776 1261 δὲ
2804 1203 3426 1277 παραπληρωματικῶς,
3466 1202 3549 1264 εἰς
3592 1218 3624 1255 ο

2032 1304 2293 1374 τρέπουσι
2324 1302 2421 1373 τὴν
2444 1300 2736 1370 συλλαϐὴν,
2773 1299 2870 1352 καὶ
2896 1315 2964 1351 το
2987 1296 3237 1365 λέγουσιν
3278 1295 3404 1350 ἀντὶ
3421 1294 3520 1347 τοῦ
3542 1310 3621 1346 τε.

2037 1399 2159 1452 Ὅτι
2188 1397 2250 1451 τὸ
2273 1394 2770 1465 τλωσσοκομεῗον
2798 1391 3007 1462 κυρίως
3042 1390 3142 1460 μέν
3174 1391 3291 1442 ἐστι
3321 1389 3380 1442 τὸ
3402 1389 3626 1456 ἀγγεῖον

351 1488 638 1558 legendum
682 1499 787 1555 e51,
815 1490 908 1542 sed
938 1488 1152 1543 duabus
1187 1486 1413 1557 syllabis
1450 1488 1519 1540 τὰ
1558 1488 1753 1558 σίγμα,
1784 1500 1839 1541 et
1864 1488 1932 1541 ah

2046 1493 2063 1546 5
2112 1492 2213 1557 τὰς
2264 1488 2571 1559 αὑλητικὰς
2619 1484 2947 1555 ὑποδέχεται
2992 1483 3279 1552 γλώσσας·
3327 1483 3378 1534 οἱ
3422 1481 3483 1533 δὲ
3532 1480 3627 1534 νῦν

353 1582 462 1633 alio
488 1580 754 1649 principio
794 1580 862 1632 τὰ
892 1578 1000 1633 τῶν
1046 1579 1292 1632 ἀσπίδων
1316 1578 1557 1635 divisim.
1581 1579 1753 1633 Aiunt
1800 1580 1934 1651 Ἀρ-

2046 1584 2451 1655 ιιαταχρώμενοι
2492 1583 2589 1636 καὶ
2612 1580 2837 1634 ἐπὶτῶν
2867 1578 3033 1649 ἕτερά
3059 1593 3182 1630 τινα
3211 1573 3529 1644 δεχομένων
3550 1590 3628 1626 τι-

350 1672 586 1741 χὲτυπον
636 1686 667 1726 a
714 1671 868 1725 nullo
917 1672 1151 1740 antiquo
1200 1671 1491 1740 scriptore,
1544 1686 1648 1725 nec
1688 1679 1928 1735 oratore,

2046 1676 2193 1733 θέασι
2225 1678 2325 1745 τὴν
2352 1674 2521 1739 λέξιν.
2555 1674 2669 1727 Καὶ
2696 1672 2855 1727 τοῦτο
2885 1670 2985 1741 μὲν
3007 1669 3260 1729 ἀνεκτὸν,
3288 1668 3340 1722 οἱ
3366 1666 3427 1721 δὲ
3457 1683 3630 1738 προσ-

353 1780 454 1820 nec
485 1774 638 1833 poeta
666 1764 875 1819 dictum
924 1778 1067 1828 esse,
1116 1771 1176 1816 ut
1226 1763 1413 1818 scribit
1452 1761 1751 1833 Dionysius
1786 1762 1935 1819 llali-

2046 1769 2424 1839 Βιαστρέφουσι
2450 1766 2660 1821 καὶτὸν
2686 1764 2818 1837 [869
2847 1762 2949 1836 Η.]
2982 1762 3137 1815 τόνον
3169 1760 3265 1815 καὶ
3290 1761 3385 1813 τὸν
3414 1761 3626 1831 χρόνον

352 1871 682 1911 carnasseus
711 1853 945 1927 (37-58).
976 1856 1222 1927 Κρὴγιον
1252 1873 1431 1911 verum
1466 1856 1774 1925 signiﬁcare
1796 1858 1935 1912 dici-

2046 1861 2153 1915 δέον
2201 1862 2313 1932 γὰρ
2340 1860 2730 1931 προπερισπᾷν
2765 1857 2867 1927 τὴν
2920 1854 3350 1926 παραλήγουσαν
3386 1851 3629 1920 μακρὰν,

354 1954 465 2009 tur,
503 1943 660 2013 quasi
690 1944 1011 2013 κορέγγυον.
1043 1942 1149 2009 Qui
1174 1943 1319 1998 enim
1349 1944 1710 2014 vereraliquid
1740 1944 1935 1999 facturi

2046 1950 2185 2008 οὗτοι
2235 1952 2333 2006 καὶ
2378 1950 2731 2004 συστέλλουσι
2778 1948 2875 2002 καὶ
2928 1942 3468 2015 προπαροξύνουσιν.
3513 1942 3632 1993 Ὅτι

355 2047 506 2098 sunt,
538 2036 673 2091 illud
716 2038 1044 2106 promittunt
1087 2036 1266 2107 capite
1311 2047 1637 2091 annuentes.
1673 2035 1779 2092 Alii
1810 2053 1938 2094 vero

2046 2046 2223 2117 μάζης
2252 2044 2353 2115 μὲν
2379 2038 2521 2105 εἶδος
2546 2042 2597 2095 οί
2618 2040 2843 2095 παλαιοὶ⁸
2872 2036 3231 2106 θριδακίνην
3253 2032 3511 2096 καλοῦσι,
3536 2032 3633 2099 τὴν

354 2132 608 2202 κρήγιον,
644 2144 755 2183 non
794 2145 997 2193 verum,
1048 2129 1144 2183 sed
1192 2128 1385 2183 bonum
1414 2129 1727 2198 signiﬁcare
1757 2133 1934 2196 aiunt,

2046 2137 2096 2191 δὲ
2132 2135 2369 2206 βοτάνην
2416 2133 2688 2202 θρίδακα.
2739 2132 2802 2186 Ol
2832 2129 2891 2185 δὲ
2930 2128 3107 2199 ἰατροὶ
3139 2124 3397 2195 θρίδακα
3434 2124 3539 2194 μὲν
3576 2122 3631 2175 τὸ

354 2222 515 2293 quasi
555 2222 823 2292 καρήγιον
870 2221 1207 2286 derivantes,
1245 2230 1305 2275 ut
1349 2220 1667 2276 demulcens
1720 2236 1837 2287 cor,
1885 2223 1938 2277 id

2046 2231 2248 2301 ἥμερον
2278 2228 2535 2298 λάχανον,
2575 2223 2930 2292 θριδακίνην
2952 2222 3009 2275 δὲ
3034 2220 3093 2273 τὸ
3127 2220 3321 2288 ἄγριον
3344 2215 3629 2271 καλοῦσιν.

355 2322 441 2368 est
463 2313 706 2366 animum
738 2328 753 2364 :
782 2311 988 2365 bonum
1030 2310 1178 2365 enim
1211 2309 1525 2366 demulcere
1571 2308 1813 2362 animum
1845 2324 1939 2364 so-

355 2406 450 2461 ιιι.
496 2405 625 2461 [rati
677 2413 762 2459 est
796 2405 986 2461 eadem
1038 2419 1181 2474 saepe
1230 2402 1413 2459 dicere
1442 2421 1455 2457 :
1482 2401 1812 2458 infecundus
1857 2411 1942 2457 est

354 2502 502 2554 enim
534 2499 631 2554 irae
657 2498 909 2553 aﬂ‘ectus.
945 2497 1073 2552 Ideo
1114 2508 1169 2552 et
1198 2498 1571 2568 Agamemnon
1608 2497 1783 2551 iratus
1817 2494 1942 2549 Cal-

356 2592 566 2658 (-hanti,
602 2591 798 2646 iisdem
838 2606 983 2659 szepe
1025 2590 1209 2644 verbis
1260 2590 1625 2645 conviciatur.
1661 2587 1820 2643 Vates
1858 2586 1943 2641 di-

357 2698 489 2739 cens
535 2683 807 2752 improbe,
854 2681 1011 2735 Mala
1064 2682 1201 2735 soles
1248 2696 1451 2746 semper
1499 2680 1808 2749 praedicere.
1853 2678 1940 2742 Et,

358 2774 493 2827 nihil
535 2790 770 2840 unquam
802 2774 931 2853 boni
966 2774 1290 2843 prmdixisti.
1330 2771 1556 2837 Ἐπιτὰξ
1601 2770 1744 2840 apud
1775 2771 1941 2824 Calli-

358 2865 617 2921 machum
651 2874 707 2920 et
751 2865 1001 2926 Aratum,
1051 2880 1081 2918 a
1128 2863 1318 2918 foluro
1354 2863 1435 2926 ﬁt,
1483 2863 1681 2933 rejecta
1738 2864 1944 2934 syllaba

362 2959 525 3027 longa
557 2957 728 3023 linali,
766 2956 1229 3028 quemadmodum
1271 2965 1326 3012 et
1357 2958 1525 3028 χωρὶς
1562 2972 1592 3010 a
1621 2938 1844 3027 χορίσω,
1892 2965 1947 3011 et

362 3049 533 3106 πέλας
562 3064 592 3102 a
633 3046 874 3112 πελάσω,
916 3046 1010 3116 μίξ
1032 3064 1060 3100 a
1096 3047 1253 3115 μίξω,
1296 3046 1440 3100 unde
1467 3056 1521 3101 et
1552 3045 1766 3115 ἐπιμὶξ,
1801 3047 1945 3116 apud

368 3141 694 3207 Homerum,
739 3150 795 3195 et
843 3137 943 3204 δὰξ
989 3155 1021 3195 a
1072 3139 1261 3194 futuro
1311 3139 1477 3204 δάξω.
1528 3140 1688 3195 [ones
1721 3141 1865 3194 enim
1917 3156 1947 3194 a

363 3233 544 3288 δάκνω
589 3232 783 3303 5321)
840 3231 985 3297 δάξω
1024 3232 1294 3295 formant,
1345 3247 1413 3287 ex
1463 3230 1562 3298 δὰξ
1602 3234 1752 3287 venit
1800 3232 1948 3296 ὀδὰξ,

366 3340 398 3379 a
430 3324 616 3390 πτύξω
660 3321 821 3388 mea,
868 3333 923 3377 et
968 3322 1172 3392 rejeeto
1216 3322 1378 3378 etiam
1426 3339 1458 3376 τ
1503 3322 1630 3388 πύξ.
1662 3324 1753 3379 Sic
1799 3335 1853 3379 et
1882 3327 1951 3380 ab

366 3417 565 3470 οὺδίσω
611 3416 777 3482 οὺδὶς,
819 3424 876 3471 et
902 3416 1193 3486 ἀμφουδὶς,
1238 3414 1435 3485 ἀμύξω
1490 3417 1637 3486 ἀμὺξ
1674 3419 1815 3487 apud
1860 3417 1953 3472 Ni-

284 3560 291 3569 .
370 3510 660 3572 candrum,
695 3519 750 3564 et
794 3525 823 3562 a
871 3507 1062 3579 πλήξω
1102 3509 1243 3579 πλὴξ
1288 3518 1343 3563 et
1370 3510 1662 3581 ἀμφιπλὴε
1701 3527 1714 3541 ·
1741 3513 1812 3565 ab
1853 3514 1953 3580 ἀγ-

370 3604 528 3657 κὰσω
557 3601 755 3669 ἀγκὰς,
783 3600 937 3670 τύψω
968 3600 1076 3669 τὺψ
1108 3610 1161 3655 et
1194 3601 1434 3671 προτὺψ.
1483 3600 1752 3658 Similiter
1780 3613 1838 3657 et
1875 3606 1947 3659 ab

371 3693 589 3749 ὸκλάσω
613 3691 802 3755 ὀκλὰς.
827 3700 883 3747 et
901 3690 1088 3757 ὀκλὰξ,
1118 3690 1320 3762 πρίσω,
1343 3692 1495 3763 πρὶς,
1520 3694 1653 3764 πρὶξ
1680 3705 1734 3748 et
1760 3695 1950 3766 ἀπρὶξ.

374 3786 468 3840 Sic
511 3798 644 3855 ergo
683 3790 739 3837 et
774 3798 841 3838 ex
883 3783 1148 3848 ἐπιτάξω,
1195 3782 1393 3849 ὲπιτὰξ
1442 3784 1589 3854 quod
1637 3786 1865 3854 imperio
1900 3798 1954 3843 et

367 3876 621 3947 jussione
652 3876 735 3932 ﬁt.
772 3873 1014 3945 Κύρϐεις
1054 3874 1217 3929 Αιιίοἰ
1258 3874 1309 3927 in
1363 3877 1667 3931 masculino
1696 3877 1952 3946 eﬂerunt,

372 3968 747 4024 Callimachus
797 3967 852 4022 in
882 3976 1115 4033 neutro,
1153 3977 1207 4022 et
1255 3968 1394 4021 idem
1441 3979 1641 4038 praeter
1685 3972 1954 4027 rationem

373 4059 648 4130 φοιτάζειν
680 4075 781 4131 pro
802 4058 1070 4130 φοιτίζειν
1110 4060 1268 4124 dixit,
1301 4074 1451 4125 cum,
1480 4063 1676 4133 inquit,
1710 4062 1955 4133 profecto

371 4156 501 4212 boni
551 4169 697 4226 serpe
747 4155 863 4214 sint
884 4154 1205 4226 iuveniliter
1250 4155 1455 4221 affecti,
1497 4158 1779 4228 detergere
1825 4175 1954 4217 vero

371 4249 664 4320 signiﬁcat.
720 4246 977 4319 Superbit
1025 4260 1208 4303 autem
1257 4256 1312 4303 et
1358 4248 1624 4319 gloriatur
1666 4260 1750 4306 est
1793 4251 1955 4323 βρεν-

372 4342 583 4398 θύεται.
614 4341 705 4398 Fit
732 4357 863 4398 vero
912 4356 942 4395 a
978 4340 1245 4411 βρένθιον.
1279 4343 1428 4411 quod
1467 4354 1804 4414 unguentum
1846 4356 1948 4401 est.

2044 2322 2165 2376 ’Ότι
2197 2319 2386 2391 ὥσπερ
2415 2317 2488 2372 τὰ
2527 2316 2605 2372 νῦ
2633 2315 2818 2386 φαμὲν
2848 2315 2944 2368 καὶ
2984 2312 3059 2367 τὰ
3106 2311 3215 2380 μῦ,
3248 2307 3633 2380 πληθυντικῶς

2043 2415 2310 2482 ὲκφωνείν
2336 2409 2614 2473 ἐθέλοντες
2640 2409 2710 2462 τὰ
2744 2409 3004 2477 στοιχεῖα,
3046 2404 3191 2459 οὕτω
3223 2404 3318 2457 καὶ
3348 2400 3423 2456 τὰ
3450 2401 3633 2469 σῖγμα

2041 2506 2123 2559 δεῖ
2154 2504 2355 2572 λέγειν,
2387 2502 2505 2556 ἀλλ’
2534 2502 2655 2572 οὐχὶ
2693 2500 2768 2554 τὰ
2810 2500 3100 2570 σίγματα·
3151 2496 3246 2551 καὶ
3278 2496 3391 2566 γὰρ
3443 2493 3634 2547 ἄκλιτα

2044 2597 2156 2652 τῶν
2184 2596 2467 2668 στοιχείων
2496 2595 2565 2649 τὰ
2594 2594 2857 2662 ὀνόματα.
2901 2593 2994 2646 Διὸ
3029 2590 3127 2645 καὶ
3151 2590 3213 2642 τὸ
3243 2587 3402 2658 παρὰ
3430 2586 3514 2655 τῷ
3541 2585 3634 2638 Ξε·

2046 2688 2278 2758 νοφῶντι
2310 2688 2368 2739 έν
2393 2689 2517 2749 τοῖς
2557 2682 2943 2751 Ἑλληνικοῖς
2987 2680 3279 2753 εἰρημένον
3314 2679 3414 2748 οὐχ
3446 2677 3541 2746 ὑφ’
3580 2675 3634 2728 ἓν

2043 2779 2118 2833 τὰ
2147 2779 2407 2848 σιγματα
2448 2774 2565 2828 τῶν
2591 2773 2868 2828 ἀσπίδων
2923 2771 3336 2840 ἀναγνωστέον,
3382 2768 3524 2823 ἀλλὰ
3563 2768 3636 2819 δι-

2046 2869 2325 2931 συλλάϐως
2359 2869 2457 2939 μὲν
2485 2867 2558 2921 τὰ
2577 2866 2765 2935 σῖγμα
2793 2864 2889 2918 καὶ
2914 2864 3010 2918 ἀπ’
3036 2863 3204 2933 ἄλλης
3222 2861 3403 2932 ἀρχῆς
3428 2861 3507 2915 τὰ
3523 2857 3637 2912 τῶν

2047 2963 2322 3021 ἀσπίδων
2345 2961 2489 3016 κατὰ
2520 2960 2823 3014 διάστασιν.
2857 2959 2983 3011 ’Ότι
3011 2957 3074 3010 τὸ
3127 2954 3501 3026 ἀρχέτυπον,
3531 2969 3634 3021 φα-

2053 3058 2158 3124 σὶν,
2213 3056 2389 3111 οὐδενὶ
2414 3054 2524 3109 τῶν
2552 3052 2795 3124 ἀρχαίων
2826 3049 3193 3121 συγγραφέων
3223 3048 3348 3100 οὐδὲ
3392 3046 3636 3118 ῥητόρων

2050 3150 2172 3205 οὐδὲ
2200 3149 2311 3202 τῶν
2360 3147 2593 3219 μούσαις
2642 3144 2889 3215 κατόχων
2920 3144 3158 3214 εἴρηται,
3190 3141 3267 3205 ὡς
3296 3140 3576 3204 Διονύσιος
3611 3140 3638 3192 δ

2064 3238 2498 3311 Ἁλικαρνασεὺς
2542 3239 2768 3307 ίστορεί.
2824 3236 2951 3289 "Uti.
3000 3234 3268 3304 κρήγυον
3311 3232 3374 3286 τὸ
3418 3230 3642 3299 ἀληθὲς

2051 3337 2292 3406 εἴρηται,
2339 3332 2674 3402 καρέγγυόν
2706 3348 2757 3383 τι
2789 3329 2880 3383 δνο
2915 3330 2966 3381 οί
2995 3328 3106 3398 γὰρ
3136 3324 3353 3396 ἀληθῶς
3385 3341 3440 3377 τι
3472 3324 3640 3394 πράτ-

2051 3445 2168 3482 τειν
2224 3426 2515 3497 μέλλοντες
2550 3422 2863 3493 ἐγγυῶνται
2910 3421 3072 3475 τοῦτο
3101 3423 3168 3490 τῇ
3219 3417 3427 3488 κεφαλῇ
3479 3432 3642 3471 κατα-

2051 3519 2320 3580 νεύοντες.
2339 3499 2403 3568 υἱ
2431 3515 2487 3567 δὲ
2517 3512 2787 3585 κρήγυον
2817 3512 2878 3564 οὐ
2904 3510 2966 3564 τδ
2993 3507 3394 3578 ἀληθές,ἀλλά
3420 3506 3483 3558 τδ
3508 3506 3644 3575 ἀγα·

2053 3612 2164 3665 θὸν
2190 3610 2477 3680 σημαίνειν
2509 3606 2667 3676 φασὶ,
2697 3604 3011 3674 καρήτυον
3034 3599 3521 3672 ἐτυμολογοῦντες,
3538 3593 3645 3650 οἷον

2054 3704 2247 3775 ὴδῦνον
2276 3703 2338 3756 τὸ
2362 3702 2494 3773 κῆρ,
2513 3699 2767 3753 τουτέστι
2792 3697 2893 3768 τὴν
2921 3697 3101 3767 ψυχήν
3118 3708 3133 3723 ⁸
3158 3693 3376 3764 ἡδύνειν
3402 3691 3519 3762 γὰρ
3550 3689 3645 3743 πέ-

2056 3814 2194 3867 φυκε
2227 3797 2329 3864 τὴν
2362 3792 2543 3865 ψυχὴν
2586 3791 2648 3844 τὸ
2680 3790 2907 3858 ἀγαθόν.
2942 3790 3067 3842 Ὀτι
3120 3786 3483 3856 ὀργιζομένου
3528 3782 3647 3837 ἐστὶ

2055 3890 2117 3941 τὸ
2144 3889 2214 3942 τὰ
2243 3887 2386 3942 αὐτὰ
2421 3885 2685 3952 πολλάκις
2716 3882 2929 3950 λέγειν·
2978 3879 3078 3934 καὶ⁵
3115 3880 3225 3952 γὰρ
3255 3879 3317 3930 τὸ
3343 3876 3446 3946 τῆς
3477 3876 3646 3947 ὀργῆς

2056 3980 2230 4043 πάθος
2265 3980 2513 4048 ἄγονονδ.
2546 3977 2637 4029 Διὸ
2665 3975 2761 4028 καὶ
2798 3975 2862 4027 ὁ⁶
2890 3971 3255 4043 Ἀγαμέμνων
3284 3967 3645 4041 ὀργιζόμενος

2056 4070 2134 4142 τῷ
2168 4070 2444 4141 Κάλχαντι
2484 4069 2542 4120 ὲν
2572 4068 2683 4129 τοῖς
2709 4066 2895 4127 αὐτοῖς
2930 4066 3139 4135 ῥήμασι
3163 4063 3261 4131 τὴν
3293 4058 3648 4130 βλασφημίαν

2056 4164 2364 4236 περιφέρει,
2398 4162 2595 4223 Μάντι,
2616 4159 2814 4227 λέγων,
2833 4156 3040 4219 κακῶν,
3085 4154 3183 4208 καὶ
3211 4154 3304 4207 ἀεί
3332 4168 3435 4205 σοι
3467 4153 3651 4221 φίλον

2055 4257 2129 4310 τὰ
2153 4257 2308 4309 κακὰ
2328 4254 2757 4323 μαντεύεσθαι·
2788 4250 2914 4304 καί·
2948 4248 3209 4303 Ἐσθλὸν
3238 4245 3382 4299 οὐδὲ
3412 4244 3653 4297 πώποτε

2055 4340 2242 4416 εἶπες.
2268 4344 2390 4397 Ὅτι
2417 4343 2478 4397 τὸ
2501 4340 2723 4412 (huc.sz
2752 4338 2907 4410 παρὰ
2933 4337 3274 4407 Καλλιμάχῳ
3306 4335 3405 4388 καὶ
3437 4335 3650 4405 ’Δράτῳ

366 4434 690 4490 Jaclabundi
734 4435 881 4490 enim
923 4443 978 4489 et
1009 4434 1255 4501 superbi,
1294 4446 1576 4505 unguento
1610 4437 1689 4490 uti
1746 4438 1943 4495 solent.

2060 4440 2312 4509 κείμενον
2353 4437 2463 4488 ἀπὸ
2488 4434 2585 4488 τοῦ
2614 4430 2896 4504 ὁριστικοῦ
2937 4429 3228 4501 μέλλοντος
3274 4427 3469 4495 γέγονε
3510 4428 3651 4480 κατὰ

368 4529 643 4600 ἀποϐολὴν
686 4530 785 4600 τῆς
829 4529 923 4582 ἐπὶ
951 4528 1096 4583 τέλει
1150 4530 1368 4600 μακρᾶς
1416 4529 1708 4601 συλλαϐῆς,
1758 4531 1947 4607 ὥσπερ
1987 4536 2084 4591 καὶ
2143 4534 2205 4587 τὸ
2266 4530 2446 4601 χωρὶς
2469 4528 2564 4582 τοῦ
2599 4528 2835 4597 χωρίσω
2854 4524 2950 4579 καὶ
2972 4524 3035 4577 τὸ
3060 4522 3251 4588 πέλας
3278 4520 3374 4575 τοῦ
3400 4520 3651 4574 πελάσω

367 4622 557 4675 καὶτὸ
583 4622 693 4690 μὶξ
718 4623 826 4675 ἀπὸ
870 4622 964 4675 τοῦ
990 4621 1172 4693 μίξω,
1206 4621 1330 4675 ὅθεν
1357 4623 1545 4677 καὶτὸ
1606 4624 1813 4695 ἐπιμὶξ
1880 4628 2014 4699 παρ’
2064 4628 2313 4697 Ὁμήρῳ,
2362 4626 2459 4678 καὶ
2489 4622 2551 4675 τὸ
2588 4620 2703 4683 δὰξ
2747 4619 2858 4672 ἀπὸ
2904 4616 2999 4670 τοῦ
3047 4616 3246 4680 δὰξω·
3298 4614 3395 4668 καλ⁵
3440 4613 3553 4686 γὰρ
3602 4617 3651 4668 οί

372 4716 557 4777 Ἴωνες
584 4716 692 4768 ἀπὸ
717 4715 810 4768 τοῦ
853 4716 1052 4769 δάκνω
1080 4716 1141 4769 τὸ
1186 4714 1347 4779 δάξω
1384 4717 1710 4786 ἐκφέρουσιν
1735 4735 1749 4750 ’
1787 4722 1851 4774 ὲκ
1886 4722 1944 4774 δὲ
1980 4721 2073 4776 τοῦ
2112 4720 2227 4783 δὰξ
2260 4720 2322 4773 τὸ
2355 4715 2526 4781 ὀδάξ.
2560 4715 2670 4767 Καὶ
2697 4713 2804 4765 ἀπὸ
2837 4710 2932 4763 τοῦ
2963 4709 3171 4773 πτύξω
3194 4708 3250 4761 δὲ
3316 4707 3503 4771 πτὺξ,
3559 4706 3650 4760 καὶ

368 4808 607 4880 ἀποϐολῇ
627 4809 722 4862 τοῦ
743 4827 774 4863 τ
801 4810 943 4873 πύξ.
992 4809 1187 4872 Οὕτως
1217 4806 1310 4863 οὖν
1334 4810 1428 4863 καὶ
1450 4812 1559 4863 ἀπὸ
1591 4811 1687 4865 τοῦ
1719 4813 1946 4866 οὺδίσω
1987 4815 2156 4880 οὺδίς
2185 4814 2281 4867 καὶ
2303 4809 2636 4881 ἀμφουδίςο
2671 4804 2878 4879 ἀμύξω
2906 4802 3067 4872 ἀμὺξ
3125 4801 3280 4871 παρὰ
3335 4800 3648 4871 Νικάνδρῳ.

368 4904 464 4955 καί
492 4902 707 4969 πλήξω
740 4904 906 4973 πλὴξ
939 4906 1034 4958 καὶ
1102 4904 1444 4974 ἀμφιπλὴξ,
1506 4905 1603 4960 καὶ
1671 4906 1916 4977 ἀγκάσω
1945 4910 2158 4976 ἀγκὰς.
2210 4907 2307 4961 καὶ
2358 4907 2529 4973 τύψω
2579 4900 2705 4969 τὺψ
2747 4897 2845 4952 καὶ
2891 4897 3155 4964 προτύψ.
3229 4892 3512 4956 Ὡσαύτως
3559 4893 3649 4945 καὶ

370 4993 616 5049 ὀκλάσω
645 4995 835 5061 ὀκλὰς
883 4998 976 5049 καὶ
1022 4996 1233 5061 ὀκλὰξ,
1268 4998 1467 5063 πρίσω
1500 4998 1639 5066 πρὶς
1665 4999 1807 5066 πρίε
1845 5003 1941 5053 καὶ
1978 5001 2183 5069 ὰπρίξ.
2217 4999 2406 5062 Οὕτως
2477 4996 2572 5049 οὖν
2616 4992 2711 5047 καὶ
2783 4992 2850 5043 ὲκ
2912 4990 3007 5042 τοῦ
3054 4987 3295 5053 ἐπτάξω
3342 4984 3579 5050 ἐπιτὰξ,
3620 4982 3648 5035 δ

370 5092 491 5145 κατ’
547 5090 827 5160 ἐπίταγμα
874 5094 969 5146 καὶ
1029 5092 1282 5147 κέλευσιν
1332 5096 1650 5164 πράττεται.
1700 5095 1829 5151 ’Ότι
1885 5096 1946 5148 τὸ
1987 5098 2227 5165 κύρϐεις
2257 5095 2435 5163 οἱμὲν
2466 5090 2703 5145 Ἀττικοὶ
2732 5083 3040 5157 ἀρρενικῶς
3115 5081 3447 5151 έκφωνοῦσι,
3498 5082 3644 5135 Καλ·

369 5185 599 5258 λίμαχος
628 5187 683 5241 δὲ
715 5187 1033 5258 οὐδετέρως.
1085 5187 1195 5241 Καὶ
1223 5188 1283 5241 τὸ
1314 5186 1613 5257 φοιτάζειν
1644 5188 1701 5241 δὲ
1732 5188 2104 5259 ⁵Καλλίμαχος
2171 5186 2502 5259 παραλόγως
2557 5187 2576 5219 ⁷
2610 5177 2732 5234 εἷπε
2761 5174 3119 5246 garriat”.-
3142 5176 3386 5246 φάμενος
3453 5172 3646 5242 ἀγαθοὶ

1648 5328 1888 5383 ΥΑΚΙΑΞ
1922 5329 2332 5385 LECTIONES.

476 5423 499 5455 ⁸
527 5424 713 5495 αὑτὸν]
765 5424 884 5477 libri
908 5422 1072 5495 αὑτδ.
1166 5423 1192 5495 ⁵-
1217 5422 1409 5495 ἄλογον
1437 5421 1924 5495 Wassenherghns
1957 5424 2022 5495 ad
2052 5422 2274 5478 Homer.
2308 5421 2494 5478 Schol.
2539 5434 2592 5490 p.
2626 5416 2751 5484 162,
2785 5420 2989 5487 inepte.
3068 5413 3089 5444 ⁸
3118 5413 3146 5465 ὁ
3173 5409 3298 5465 add.
3326 5408 3393 5463 A.

380 5494 640 5567 ραλόγως.
695 5492 711 5495 ”
739 5495 760 5526 ⁸
790 5492 1194 5563 ἀλαζονεύεται]
1232 5494 1424 5547 lacuna
1454 5494 1505 5545 in
1535 5492 1576 5545 C
1606 5508 1798 5547 versus
1842 5494 1866 5546 1
1907 5494 2012 5561 1/2

1886 5633 2120 5687 NUTIE.

1886 5633 1927 5687 Ν
1984 5632 2097 5688 ΤίΕ

452 5732 665 5804 (57-58)
710 5732 814 5786 Ter
848 5742 1024 5785 tamen
1058 5744 1215 5785 nsum
1252 5726 1403 5780 video
1433 5724 1486 5779 in
1520 5722 1843 5780 Rhetoricis.
1936 5634 1978 5689 0

3489 5410 3644 5464 ’παι
