3912 6234
263 276 367 343 313

1266 278 1791 340 BlBLIOTHECA.
1834 303 1900 315 —
1925 278 2085 339 COD.
2126 266 2475 344 CCLXXIX.

3431 272 3549 341 314'

264 394 534 458 πολλάκις
556 390 1004 465 ἡῖθεοι.⁹Ρύψαι⁹
1031 390 1091 445 δὲ
1120 392 1397 462 σημαίνει.
1425 392 1781 459 Βρενθὺεται
1806 392 1851 423 ¹⁰
1890 391 1947 443 δὲ
1988 390 2117 463 [870
2151 390 2245 463 Η.]
2317 393 2377 445 τὸ
2438 391 2825 457 ἁλαζονεύεται
2845 394 2911 447 ⁹¹.
2945 390 3144 459 Γέγονε
3195 388 3253 443 δέ
3297 389 3406 443 ἀπὸ
3438 396 3533 447 τοῦ

267 489 543 560 βρένθιον,
574 488 605 540 ὃ
638 488 754 539 ἐστι
803 486 1001 557 μύρονο
1051 488 1100 539 οἱ
1130 486 1238 555 γὰρ
1271 483 1719 554 ἀλαζονευόμενοι
1756 484 1851 537 καὶ
1890 482 2274 554 βρενθυόμενοι
2311 486 2469 556 μύρῳ
2498 484 2734 555 χρῆσθαι
2754 488 2796 517 ¹²
2826 484 3130 546 εἱώθεισαν.

338 585 468 638 Ὅτι
519 583 707 653 μύρων
746 583 883 652 εῖδη,
929 581 1088 651 φησὶ,
1138 579 1526 652 βακκάριος¹³,
1583 579 1847 651 ναρκίτα-

2020 579 2439 649 Unguentoruin
2485 582 2698 649 species
2745 591 2875 635 sunt
2918 578 3200 642 Bacarius,
3253 576 3530 631 Narcista-

264 691 353 737 νος
375 674 444 738 ίδ,
471 673 705 743 στάκτη,
751 672 1097 739 πλαγγόνιον,
1144 673 1281 742 ὅπερ
1318 665 1445 741 εὗρε
1480 670 1621 738 γυνὴ
1664 668 1852 724 Ἠλεία

265 763 580 834 καλουμένη
618 763 965 830 Πλάγγωνιδ,
1022 761 1384 830 μεταλεῖονη,
1422 761 1560 830 ὅπερ
1583 753 1708 828 εὗρε
1740 759 1852 813 Μέ-

264 857 426 919 ταλος
453 855 499 886 ¹⁷
552 854 938 926 Συρακούσιος.
990 852 1151 925 [1588
1178 851 1271 924 8.]
1299 851 1422 906 Ὀτι
1472 850 1624 923 παρὰ
1669 852 1849 921 Εὐφο-

266 951 425 1019 pium
467 949 548 1020 τῷ
594 948 755 1018 φύσει
806 948 906 1016 μὲν
950 947 1227 1012 Χαλκιδεῖ,
1281 945 1428 999 θέσει
1457 944 1515 998 δὲ
1556 944 1849 1015 Ἀθηναίῳ,

262 1040 611 1111 κακοζήλους
638 1040 786 1092 ἐστιν
816 1040 996 1108 εὑρεῖν
1027 1038 1223 1105 λέξεις.
1252 1038 1363 1091 Καὶ
1394 1036 1502 1108 γὰρ
1531 1038 1623 1090 τὸν
1640 1038 1853 1090 Ἰάσονα

264 1133 543 1201 rewards»
570 1128 745 1196 εἶπεν,
774 1131 913 1199 ὅπερ
943 1131 1006 1183 οὐ
1040 1130 1453 1201 νεναυαγηκότα
1484 1129 1706 1201 μᾶλλον,
1762 1131 1852 1182 τὸν

262 1224 322 1277 δὲ
352 1223 491 1277 ναῦν
527 1224 732 1292 ἄγοντα
760 1223 940 1294 δηλοῖ·
971 1224 1065 1275 καὶ
1108 1222 1201 1276 τὸν
1248 1221 1317 1276 τὰ
1344 1225 1524 1293 χρυσᾶ
1559 1222 1709 1292 μῆλα
1741 1222 1852 1275 τῶν

274 1314 617 1384 Ἐσπερίδων
648 1313 994 1385 φρουροῦντα
1012 1311 1056 1344 ¹⁸
1087 1313 1211 1383 ὄφιν
1238 1314 1546 1382 κηπουρὸν
1575 1313 1848 1383 ὠνόμασε.

262 1404 634 1476 Παρεζήλωσε
660 1404 719 1458 δὲ
748 1405 842 1458 τὸν
868 1406 1089 1477 πρῶτον
1136 1407 1414 1459 Διονύσιον
1459 1405 1552 1459 τὸν
1600 1405 1852 1468 Σικελίας

259 1495 555 1566 τύραννον,
580 1495 640 1559 ὃς
672 1495 779 1549 ὑπὸ
806 1495 905 1565 τῆς
936 1494 1186 1560 ἐξουσίας
1213 1495 1310 1550 καὶ
1340 1494 1449 1549 τῶν
1476 1494 1726 1549 κολάκων
1756 1496 1851 1549 καὶ

260 1586 367 1657 τῆς
412 1586 631 1657 τρυφῆς
679 1586 1130 1658 διαφθειρόμενος
1176 1585 1503 1657 ἐπεχείρησε
1537 1589 1633 1640 καὶ
1681 1604 1852 1658 τραγ-

260 1676 435 1747 ῳδίας
480 1678 739 1749 γράφειν,
789 1679 848 1732 ἐν
877 1672 964 1741 αἷς
993 1678 1090 1734 καὶ
1113 1677 1341 1732 τοιαῦτα
1384 1678 1720 1749 συνεφόρησε
1760 1679 1853 1750 ῥή-

267 1787 443 1839 ματα,
474 1770 540 1823 τὸ
574 1771 675 1841 μὲν
706 1770 992 1825 ἀκόντιον
1038 1768 1222 1824 καλῶν
1259 1770 1622 1836 βαλάντιον,
1655 1771 1747 1824 τὸν
1792 1771 1850 1825 δὲ

262 1861 462 1915 κάδον
505 1861 848 1929 ἐλκύδριον,
894 1861 1247 1930 σκέπαρνον
1292 1862 1350 1915 δὲ
1399 1862 1460 1915 τὸ
1506 1862 1695 1932 ἔριον,
1746 1863 1846 1932 τὴν

260 1953 320 2006 δὲ
346 1953 613 2022 χλαῖναν
638 1953 897 2022 ἐριώλην
929 1949 1039 2007 οἷον
1071 1953 1291 2026 ὄλεθρον
1329 1954 1496 2008 οὖσαν
1522 1954 1632 2007 τῶν
1662 1954 1845 2025 ἐρίων,

258 2046 362 2097 καὶ
405 2042 577 2096 πολλὰ
623 2044 850 2098 τοιαῦτα
900 2045 1303 2113 καταγέλαστα.
1333 2045 1513 2101 Ὅτιὸ
1540 2045 1640 2116 τῆς
1695 2045 1850 2110 θυῒας

264 2134 493 2205 τριὸεὺς
519 2134 731 2201 δοῖδυξ
763 2136 862 2207 μὲν
896 2136 1050 2207 παρὰ
1074 2139 1189 2201 τοῖς
1205 2138 1471 2201 Ἀττικοῖς
1499 2137 1847 2208 ὀνομάζεται,

271 2224 665 2295 ἁλετρίϐανος
690 2225 749 2280 δὲ
777 2228 930 2298 παρὰ
959 2230 1023 2299 τῇ
1058 2227 1340 2300 συνηθείᾳ,
1376 2228 1470 2281 καὶ
1496 2228 1651 2281 οὐδὲν
1686 2222 1851 2299 ἦττον

269 2319 429 2388 παρὰ
462 2318 801 2389 ’Δθηναίοις·
834 2318 1106 2381 Διονύσιος
1135 2319 1191 2373 δὲ
1245 2321 1275 2373 6
1324 2319 1724 2391 προειρημένος
1753 2319 1851 2373 τύ-

267 2424 469 2478 ραννος
494 2409 760 2477 θυέστην
812 2409 906 2463 τὸν
945 2409 1197 2465 δοίδυκα
1222 2410 1431 2464 ἐκάλει.
1466 2411 1706 2474 Εἰκότως
1742 2413 1851 2483 ἄρα

259 2501 371 2572 τῆς
400 2501 511 2555 τῶν
540 2501 801 2556 τοιούτων
843 2503 1162 2574 ἀκροάσεως
1204 2502 1307 2566 τὰς
1344 2503 1611 2575 λατομίας
1647 2504 1850 2575 μᾶλλον

260 2595 457 2666 ᾑρεῖτο
483 2593 785 2659 Φιλόξενος.
819 2594 943 2648 Ὀτι
987 2596 1036 2648 οἱ
1085 2597 1325 2666 κωμικοὶ
1369 2595 1497 2657 τοὺς
1531 2596 1749 2658 οἰκέτας
1791 2595 1852 2649 τὸ

265 2686 369 2755 μὲν
420 2684 587 2739 πλέον
636 2687 746 2740 ἀπὸ
800 2686 893 2739 τοῦ
961 2686 1153 2756 γένους
1195 2688 1462 2754 ἐκάλουν,
1518 2684 1631 2742 οἷον
1680 2689 1852 2759 Σύρον

261 2778 540 2849 Καρίωνα
585 2780 761 2833 Μίδαν
809 2779 978 2833 Γέταν
1029 2781 1128 2834 καὶ
1190 2781 1324 2834 ea"
1369 2781 1563 2852 ὅμοια,
1622 2781 1853 2837 ἐκάλουν

259 2868 319 2922 δὲ
363 2870 464 2923 καὶ
512 2869 582 2922 τὰ
626 2871 683 2936 ἐξ
720 2870 1008 2937 ἐπιθέτων,
1063 2871 1139 2934 ὡς
1168 2871 1276 2926 ἀπὸ
1304 2871 1397 2926 τοῦ
1431 2873 1721 2944 χρώματος
1754 2872 1853 2944 μὲν

260 2962 521 3033 Πυρρίαν
547 2963 641 3014 καὶ
672 2962 940 3029 Ξανθίαν,
992 2963 1099 3017 ἀπὸ
1145 2962 1240 3016 τοῦ
1285 2964 1488 3035 τρόπου
1538 2964 1595 3017 δὲ
1631 2964 1853 3037 Παρμέ-

261 3070 413 3105 νωνα
444 3053 543 3106 καὶ
567 3054 765 3108 Πιστὸν
792 3056 888 3110 καὶ
914 3057 1200 3127 Δρόμωνα.
1238 3058 1501 3111 Ἐκάλουν
1530 3058 1587 3111 δὲ
1615 3058 1710 3111 καὶ¹
1744 3057 1854 3112 ἀπὸ

258 3145 367 3214 τῆς
406 3145 624 3216 ἡμέρας
668 3147 728 3199 ἐν
848 3148 1127 3219 ὠνήσαντο
1169 3150 1261 3205 τὸν
1286 3150 1528 3221 οίκέτην,
1577 3150 1637 3215 ἐξ
1664 3142 1726 3203 οὗ
1759 3152 1855 3206 καὶ

260 3239 395 3300 τοὺς
421 3238 742 3309 Νουμηνίας
786 3240 1089 3311 ὠνόμαζον.
1133 3242 1255 3296 Ὅτι
1310 3245 1462 3314 τρεῖς
1514 3244 1854 3315 ἱστοροῦνται

261 3328 583 3397 φθειριάσει
630 3332 903 3385 τεθνάναι·
961 3332 1165 3387 ἔστιδὲ
1203 3334 1264 3387 τὸ
1316 3334 1532 3406 νόσημα
1595 3335 1692 3407 μὲν
1744 3336 1853 3389 τῶν

262 3420 536 3489 σπανίων,
562 3420 774 3490 γίνεται
803 3422 859 3475 δὲ
889 3423 1017 3477 ὅταν
1062 3425 1141 3488 εἰς
1174 3424 1402 3497 φθεῖρας
1432 3426 1670 3499 ἀναλυθῇ
1706 3427 1856 3482 ἅπαν

260 3510 327 3564 τὸ
357 3510 542 3579 σῶμα.
594 3513 757 3568 Ἀλλὰ
803 3514 914 3567 τῶν
942 3516 1008 3569 ἐκ
1053 3515 1153 3586 τῆς
1182 3516 1342 3569 νόσου
1392 3516 1596 3587 ταύτης
1625 3519 1855 3573 τεθνεώ-

260 3619 373 3655 των
403 3602 512 3657 τῶν
545 3606 643 3675 μὲν
680 3604 871 3676 ἡρώων
899 3608 1170 3672 Ἀκαστός
1200 3610 1349 3662 ἐστιν
1373 3610 1402 3663 6
1435 3611 1629 3665 Πελίου
1661 3655 1676 3680 ,
1727 3612 1851 3667 δεύ-

264 3709 425 3764 τερος
451 3697 480 3748 ό
511 3696 684 3767 Σύρος
706 3699 753 3729 ²⁰
786 3699 1116 3771 Φερεκύδης,
1156 3703 1185 3754 ό
1220 3702 1318 3771 τὴν
1341 3703 1693 3773 γενεαλογίαν
1724 3722 1854 3773 συγσ

262 3787 519 3856 γράψας,
550 3788 612 3843 ὃν
648 3790 746 3843 καὶ
782 3790 1002 3862 λέγουσι
1052 3794 1287 3860 γενικῶς
1310 3795 1355 3825 ’ί
1412 3794 1511 3866 τὴν
1568 3798 1854 3869 συμφορὰν

263 3877 520 3943 ἐνεγκεῖν
545 3897 560 3912 ο
588 3881 772 3951 τρίτος
821 3884 850 3935 6
893 3884 1179 3956 Ῥωμαίων
1230 3884 1491 3949 πολλάκις
1545 3886 1865 3953 ὑπατεύσας.

264 3966 501 4034 Σύλλας,
538 3970 636 4041 ἤδη
663 3972 868 4044 σφόδρα
895 3975 1124 4046 γηραιὸς
1162 3974 1257 4040 ὢν,
1289 3975 1348 4038 ὃς
1372 3977 1418 4008 ²²
1443 3978 1537 4031 καὶ
1581 3976 1855 4049 Ἐπαφρό-

264 4064 411 4129 διτος
438 4066 531 4120 διὰ
557 4068 656 4139 τὴν
677 4070 848 4140 τύχην
872 4071 1273 4143 ἐπωνομάζετο.
1295 4073 1419 4127 Ὅτι
1450 4073 1857 4145 ὰναλογὼτερον

265 4159 391 4212 ἀντὶ
440 4158 544 4228 μὲν
578 4160 679 4230 τῆς
707 4164 795 4228 εις
844 4162 1155 4233 προθέσεως
1209 4164 1272 4217 τὸ
1297 4164 1362 4232 ἐς
1391 4163 1591 4234 λέγειν,
1624 4165 1746 4219 ἀντὶ
1795 4166 1855 4218 δὲ

266 4248 372 4320 τῆς
399 4251 472 4315 ἐξ
502 4251 563 4304 τὸ
591 4253 683 4306 ἐκσ
704 4256 856 4307 πᾶσα
882 4256 991 4325 γὰρ
1009 4255 1266 4327 πρόθεσις
1312 4256 1857 4329 βραχυκαταληκτεῖν

268 4339 452 4397 θέλει.ε
473 4342 616 4398 Ἀλλ’
652 4345 835 4416 ἕτερος
864 4348 1025 4402 πάλιν
1044 4349 1201 4417 λόγος
1226 4348 1325 4419 τὴν
1352 4348 1422 4402 ἐκ
1445 4349 1623 4413 ξενίας
1650 4349 1856 4405 διώκειο

267 4433 502 4504 οὐδεμία
531 4435 642 4507 γὰρ
676 4439 827 4508 παρὰ
868 4440 1136 4505 Ἀττικοῖς
1179 4440 1325 4506 λέξις
1351 4441 1431 4505 είς
1458 4459 1494 4495 κ
1532 4444 1856 4515 καταλήγει.

1952 684 2078 727 nus.
2117 671 2323 735 Stacte,
2356 669 2722 738 Plangonion,
2765 669 2909 738 quod
2935 668 3144 722 invenit
3175 667 3373 720 mulier
3403 665 3531 722 Elea

1952 765 2195 827 nomine,
2236 763 2501 834 Plangon,
2555 763 2868 827 Metaleum,
2899 762 3045 832 quod
3097 761 3327 815 Metalus
3361 760 3530 831 Syra-

1952 859 2136 912 Cusius
2166 858 2385 927 reperit.
2427 858 2580 926 Apud
2612 856 3019 926 Euphorionem
3062 854 3271 924 origine
3317 853 3533 909 Chalci-

1953 950 2201 1013 densem,
2254 951 2491 1004 incolam
2528 965 2657 1004 vero
2695 949 3112 1009 Atheniensem.
3160 962 3267 1000 non
3310 947 3532 1000 imitan-

1953 1042 2051 1096 das
2099 1056 2260 1096 voces
2304 1042 2431 1097 licet
2485 1040 2747 1111 reperire.
2791 1037 2930 1093 Nam
2980 1038 3238 1093 Jasonem
3292 1038 3530 1106 ναύαγον

1952 1133 2110 1197 dixit,
2159 1133 2305 1200 quod
2348 1148 2454 1187 non
2510 1142 2621 1186 tam
2670 1132 2943 1202 signiﬁcat
2982 1127 3330 1199 naufragum,
3361 1145 3525 1198 quam

1953 1239 2145 1279 navem
2183 1234 2484 1293 regentem,
2522 1235 2576 1278 et
2613 1234 2920 1292 serpentem
2952 1237 3119 1276 aurea
3154 1220 3299 1274 mala
3325 1218 3526 1291 Hespe-

1952 1314 2133 1369 ridum
2170 1315 2458 1378 ferentem,
2490 1313 2784 1385 Κηπουρὸν
2818 1313 3144 1366 nominavit.
3172 1310 3307 1365 Male
3343 1320 3525 1364 autem

1951 1405 2244 1460 aemulatus
2292 1413 2377 1460 est
2423 1406 2661 1475 primum
2713 1402 3030 1473 Dionysium
3088 1401 3289 1455 Sicilia:
3340 1408 3528 1471 tyran-

1953 1513 2107 1562 num,
2158 1498 2251 1566 qui
2298 1497 2515 1551 licentia
2566 1496 2936 1557 adulatorum,
2993 1503 3047 1548 et
3079 1493 3289 1548 deliciis
3338 1506 3530 1547 corru-

1952 1597 2100 1660 ptus,
2130 1590 2297 1659 coepit
2324 1589 2619 1660 tragmdias
2646 1589 2887 1643 scribere
2926 1586 3062 1656 ('59),
3106 1586 3159 1639 in
3190 1585 3390 1655 quibus
3426 1584 3528 1638 has

1952 1697 2115 1737 voces
2158 1682 2457 1752 congessit,
2492 1681 2743 1734 ἀκόντιον
2787 1694 2991 1734 vocans
3022 1678 3326 1749 βαλάντιον,
3365 1676 3528 1730 κάδον

1950 1786 2080 1826 vero
2114 1772 2395 1843 ὲλκύδριον
2433 1772 2742 1843 σκέπαρνον
2803 1770 2969 1840 ἐριον,
3019 1770 3244 1839 χλαῖναν
3288 1770 3525 1840 ἐριόλην,

1952 1873 2013 1917 ιιι
2054 1881 2178 1936 qum
2228 1864 2395 1920 fuerit
2444 1865 2715 1934 pernicies
2763 1863 3034 1927 lanarum,
3085 1872 3139 1917 et
3185 1865 3328 1917 talia-
3357 1862 3527 1915 multa

1951 1958 2203 2016 ridicula.
2236 1956 2480 2011 Hortarii
2524 1954 2790 2026 pistillum
2831 1956 2967 2026 (40),
3001 1954 3179 2021 δοῖδυξ
3225 1955 3293 2008 ab
3332 1953 3527 2007 Atticis

1952 2064 2200 2119 vocatur,
2252 2050 2606 2123 ἁλετρίϐανος
2656 2064 2784 2104 vero
2832 2051 3203 2104 communiter
3250 2057 3304 2102 et
3348 2046 3527 2101 Attice

1952 2150 2173 2205 dicitur.
2220 2145 2523 2216 Dionysius
2580 2161 2711 2200 vero
2750 2155 3058 2216 tyrannus,
3111 2146 3179 2200 de
3239 2160 3349 2214 quo
3403 2152 3529 2197 ante

1951 2241 2154 2297 dictum
2203 2248 2308 2306 est,
2354 2238 2569 2293 δοίδυκα
2615 2248 2775 2293 vocat
2820 2238 3073 2308 θυέστην.
3125 2237 3317 2291 Merito
3360 2235 3529 2305 igitur

1953 2333 2153 2387 maluit
2205 2330 2272 2385 ad
2330 2330 2588 2385 latumias
2642 2329 2894 2383 damnari
2943 2328 3319 2390 Philoxenus,
3361 2341 3526 2396 quam
3602 2354 3605 2357 -

1953 2424 2082 2478 talia
2111 2423 2304 2477 audire
2336 2422 2468 2492 (41).
2500 2420 2710 2476 Comici
2745 2420 3064 2490 plerumque
3102 2419 3273 2473 servis
3306 2418 3529 2472 nomina

1953 2531 1982 2571 a
2016 2514 2180 2570 natali
2214 2514 2335 2569 solo
2366 2514 2580 2578 indunt,
2616 2521 2674 2569 ut
2704 2514 2927 2584 Syrum,
2952 2511 3266 2577 Carionem,
3304 2509 3529 2573 Midam,

1953 2607 2167 2670 Getam,
2200 2618 2254 2661 et
2305 2607 2548 2662 similia:
2582 2606 2775 2675 partim
2822 2622 2889 2659 ex
2936 2604 3235 2674 adjunctis,
3277 2613 3337 2658 ut
3379 2618 3407 2657 a
3436 2618 3533 2657 co-

1952 2701 2067 2755 lore
2120 2696 2339 2768 quidem
2385 2694 2613 2768 Pyrrian
2692 2705 2746 2749 et
2809 2693 3083 2748 Xanthian
3136 2710 3154 2748 :
3202 2707 3230 2746 a
3286 2690 3532 2746 moribus

1954 2792 2353 2846 Parmenonem
2383 2829 2398 2852 ,
2448 2786 2680 2851 Pistum,
2732 2786 3062 2841 Dromonem
3099 2804 3111 2839 :
3144 2785 3270 2839 item
3316 2800 3346 2837 a
3407 2784 3531 2844 die,

1955 2899 2064 2954 quo
2103 2890 2321 2951 emptus
2350 2887 2435 2935 est
2473 2895 2671 2935 servus
2704 2896 2718 2933 :
2751 2877 2898 2933 unde
2930 2886 2984 2932 et
3017 2876 3214 2947 533a
3234 2874 3533 2929 Nnmenias

1955 2983 2175 3032 vocant.
2229 2974 2366 3030 'l'res
2419 2973 2679 3028 dicuntur
2730 2971 3046 3042 phthiriasi,
3104 2971 3156 3024 id
3213 2980 3295 3025 est
3341 2968 3534 3023 morbo

1954 3067 2256 3139 pediculari
2311 3066 2516 3120 mortui
2564 3080 2686 3119 esse
2734 3078 3181 3133 :perpaucorum
3253 3063 3395 3117 enim
3446 3062 3536 3114 hic

1959 3158 2208 3214 morbus.
2241 3155 2328 3210 Fit
2373 3165 2557 3211 autem
2597 3170 2721 3209 eum
2772 3163 2943 3208 totum
2985 3168 3185 3224 corpus
3224 3154 3276 3207 in
3308 3154 3535 3223 pedicu-

1957 3250 2042 3305 los
2090 3236 2404 3314 reSolvitur,
2462 3248 2555 3302 sed
2607 3262 2670 3302 ex
2724 3245 3010 3309 heroibus,
3061 3246 3153 3314 qui
3201 3245 3305 3299 hoc
3346 3245 3539 3298 morbo

1962 3338 2218 3395 exstincti
2254 3344 2405 3399 sunt,
2434 3345 2517 3391 est
2561 3334 2797 3390 Acastus
2825 3332 2991 3388 Peliae,
3018 3334 3163 3388 ﬁlius
3200 3350 3214 3387 ι
3254 3333 3534 3388 secundus

1962 3427 2290 3484 Pherecides
2337 3428 2531 3499 Syrus,
2587 3427 2681 3498 qui
2738 3426 3123 3497 Genealogiam
3187 3426 3536 3493 conscripsit,

1960 3536 2121 3593 quem
2162 3529 2218 3576 et
2246 3520 2401 3575 aiunt
2428 3521 2497 3575 ab
2535 3529 2658 3595 ortu
2701 3520 2807 3574 hoc
2850 3519 3050 3574 malum
3092 3517 3372 3572 habuisse.
3405 3515 3541 3571 Ter-

1958 3615 2070 3671 tius
2100 3612 2477 3669 Romanorum
2521 3628 2664 3684 saepe
2709 3613 2905 3667 consul
2937 3611 3081 3682 Sylla
3106 3610 3216 3679 jam
3250 3625 3436 3673 senex,
3481 3616 3541 3664 ut

1957 3708 2122 3762 etiam
2170 3707 2324 3762 Felix
2360 3715 2582 3777 propter
2626 3706 2898 3761 fortunam
2945 3705 3123 3759 dictus
3166 3702 3237 3757 sit
3272 3702 3407 3772 (42).
3452 3701 3540 3765 Ἐς

1958 3799 2157 3854 melius
2202 3799 2505 3853 secundum
2551 3798 2858 3869 analogiam
2901 3812 3067 3867 quam
3107 3795 3423 3865 praepositio
3460 3796 3540 3858 είς

1958 3892 2182 3958 dicitur,
2232 3900 2288 3947 et
2323 3893 2389 3946 ἐκ
2430 3908 2595 3962 quam
2652 3893 2734 3957 ἐξ.
2784 3891 2976 3947 Omnis
3031 3891 3176 3945 enim
3224 3887 3539 3959 praepositio

1961 3984 2154 4039 ultima
2184 3984 2336 4041 brevi
2374 3994 2477 4039 est.
2512 3984 2617 4039 Sed
2663 3985 2768 4039 alia
2795 3993 2985 4039 contra
3025 3981 3164 4035 ratio
3205 3981 3269 4032 ἐκ
3299 3979 3538 4050 peregri-

1961 4077 2204 4132 nationis
2229 4088 2473 4133 accusat.
2504 4077 2664 4131 Nulla
2697 4076 2842 4131 enim
2875 4091 2981 4130 vox
3015 4073 3153 4143 apud
3186 4072 3395 4127 Atticos
3424 4072 3481 4125 in
3502 4088 3537 4124 κ

1960 4169 2181 4224 desinit.
2227 4169 2527 4241 Κυθνὼλης
2563 4170 2908 4223 calamitosus
2943 4182 3039 4237 per
3067 4166 3097 4218 λ
3140 4164 3405 4227 scribunt,
3441 4164 3538 4219 sed

1960 4275 2069 4314 non
2096 4274 2196 4330 per
2235 4260 2285 4313 δ.
2332 4258 2489 4330 Apud
2536 4261 2713 4328 Argos
2746 4257 2891 4313 enim
2943 4255 3095 4325 regio
3139 4253 3411 4324 Cythnion
3442 4267 3540 4306 vo-

1960 4360 2083 4406 cata
2115 4393 2130 4418 ,
2190 4351 2350 4421 cujus
2398 4353 2547 4407 viros
2599 4352 2729 4406 olim
2784 4349 3151 4419 Amphytrion
3226 4345 3538 4409 interfecit,

1959 4443 2201 4513 exceptis
2226 4444 2521 4499 admodum
2548 4444 2758 4515 paucis.
2788 4439 3161 4497 Mercenarius
3190 4437 3261 4491 ab
3291 4438 3414 4493 aliis
3442 4438 3541 4510 Θὴς

1594 4554 1825 4610 VARl/E
1862 4554 2270 4611 LECTIONES.

341 4636 371 4722 ξ.
404 4635 671 4705 φοιτίζειν
696 4637 782 4693 bis
816 4642 1129 4709 ponendum
1182 4657 1305 4698 esse
1352 4642 1524 4712 liquet
1562 4658 1629 4697 ex
1685 4642 1863 4714 Etym.
1913 4644 1979 4698 Μ.

341 4724 389 4767 ιη
588 4710 685 4761 καὶ
711 4711 871 4767 τὰ....
916 4710 1077 4765 Roth.
1119 4728 1269 4767 vero.
1306 4730 1429 4767 una:
1460 4715 1541 4767 ὅτι
1568 4714 1633 4767 νὴ
1666 4714 1731 4766 δί’
1758 4722 1885 4767 ante
1918 4716 1979 4767 ἀγ

1666 4730 1730 4766 οι·
1758 4730 1885 4767 ante
1918 4730 2026 4782 αγα

269 4704 389 4775 mai.

588 4710 871 4784 καὶτὰ...
901 4710 1077 4784 Roth.
1119 4728 1269 4784 νει-ο,
1306 4710 1429 4780 quae
1460 4715 1541 4767 ὄτι
1568 4714 1633 4784 νὴ

2030 4661 2084 4766 ὃ).
2134 4644 2236 4708 65,
2295 4646 2401 4727 ζει,
2459 4646 2693 4727 addunt_
2739 4645 2963 4700 Hmsch.
3019 4655 3073 4701 et
3123 4646 3331 4701 Genev.
3392 4645 3541 4698 ὅτι...

2061 4716 2112 4766 οὶ
2184 4725 2356 4766 nomt.
2390 4720 2481 4766 καὶ
2506 4718 2573 4766 τὰ
2606 4716 2755 4766 ἑξηε.
2836 4717 2878 4746 ⁸ο
2907 4715 3093 4766 ὸύὼαι.
3173 4720 3214 4748 ¹¹
3252 4717 3433 4766 Saevo.
3463 4708 3541 4766 δὲ]

2061 4716 2112 4767 οὶ
2183 4717 2356 4783 ponit,
2383 4708 2481 4770 καὶ
2506 4718 2573 4768 τὰ
2606 4715 2755 4785 ἑξῆς.
2906 4715 3093 4787 ρύψαι.
3173 4720 3214 4748 ¹¹
3251 4717 3433 4786 βρενθ.
3463 4708 3547 4782 δὲ]

269 4777 349 4828 ὅτι
378 4777 538 4855 χλίδη
562 4778 661 4855 μὲν
751 4781 954 4850 τρυφὴ,
987 4782 1084 4855 καὶ
1116 4782 1298 4855 βρενθ.
1327 4777 1383 4837 δὲ
1412 4777 1666 4853 σημαίνει
1700 4784 1798 4852 μὲν
1829 4800 1930 4837 ins.
1966 4777 2198 4855 Meurs.‘
2253 4787 2295 4817 "
2333 4777 2583 4855 χρίεσθαι
2616 4777 2793 4855 Etym.
2828 4777 3142 4855 M.'p.'2l'2.
3169 4777 3260 4840 51:
3289 4777 3301 4786 ’
3338 4786 3379 4817 ¹³
3412 4777 3547 4853 βάκ-ξ

474 4848 539 4909 C,
574 4846 930 4938 βακάριοςιςξ
981 4846 1424 4938 είδηναρκίσσινον
1447 4846 1765 4938 Ηευνδξιιέλι
1817 4853 2184 4938 "illita-{Kron}
2239 4846 2542 4938 πλάνωνίςὶ.
2586 4858 2661 4938 ,⁸⁸
2687 4846 2967 4926 μεταλεῖον
3007 4888 3076 4898 ——
3103 4846 3370 4928 Μεταλος]
3408 4846 3420 4904 ί
3439 4855 3545 4925 pud

273 4918 361 4991 plu
373 4932 462 4971 res
492 4918 599 4991 scr_i
610 4929 791 4991 plores
819 4921 1120 4989 Μεγαλεῖον
1150 4918 1219 4963 L-
1249 4925 1518 4991 Μεγόιλος.

275 4984 319 5110 ἓ
352 4984 703 5072 φρουροῦντα
751 4990 831 5044 C:
874 4984 1144 5062 φοροῦντα
1179 5011 1242 5057 ς.
1318 4984 1360 5025 ίί
1382 4995 1451 5047 τὰ
1479 4984 1629 5050 ’δὼι
1681 4993 1744 5048 C.

349 5076 362 5109 :
404 5075 478 5120 ως
512 5075 576 5121 ς.

349 5099 362 5109 .
404 5091 475 5120 ωε
512 5091 576 5120 ιδ.

1630 4925 1671 4956 ¹⁷
1709 4923 1878 4995 θέσει]
1935 4928 2004 4977 el‘.
2064 4923 2292 4986 Meinek,
2343 4929 2410 4979 ile
2462 4923 2830 4996 Euphorionis
2879 4929 2985 4983 vite
3041 4940 3094 4983 et
3142 4923 3370 4991 scriptis
3411 4923 3461 4989 νζ
3490 4928 3545 4978 ἒ).

1681 4993 1744 5048 C.
1843 4996 1887 5027 ¹⁰
1917 4995 2109 5063 Σύρος.
2195 4996 2237 5027 ³⁸
2268 4995 2524 5063 γενικῶς]
2586 4998 2693 5051 into
2749 4998 2941 5063 Σύριος
2982 5029 3037 5037 -
3070 5000 3321 5063 γενναίω.
3414 4998 3457 5027 ²¹
3488 4994 3545 5057 ὃς

2063 5031 2109 5057 ὀ

2195 4996 2237 5027 ’⁸
2268 4995 2524 5069 γενικῶς]
2550 4994 2560 4996 ἡ
2586 4998 2693 5051 into
2749 4998 2941 5069 Σύριος
2982 5029 3037 5037 -
3070 5000 3321 5067 γενναίω.
3414 4998 3457 5027 ²¹
3488 4994 3547 5057 ὃς

1784 5199 2017 5255 NOTAE.

354 5289 465 5359 (39)
505 5289 701 5344 Cicero
748 5288 1040 5345 Tusculam

279 5360 419 5415 sium
444 5359 731 5426 majorem.
754 5362 1043 5415 Athenaeus
1060 5359 1153 5417 lib.
1181 5380 1257 5416 ix.
1278 5367 1634 5431 Δειπνοσοφ.
1656 5359 1845 5419 versus

280 5430 401 5504 ejus
443 5431 669 5504 exponit
712 5446 777 5483 ex
828 5433 1096 5504 Adonide.
1142 5434 1471 5488 Plutarchus
1516 5430 1733 5504 quoque
1782 5437 1849 5488 de

279 5501 571 5553 Alexandri
605 5501 991 5574 virtutehnnc
1018 5518 1082 5556 ex
1126 5505 1385 5574 tragiedia
1430 5501 1673 5573 Dionysii
1723 5520 1846 5557 ver-

280 5586 402 5649 sum
444 5582 733 5649 meruerat:
774 5572 837 5623 'H
862 5572 969 5641 γὰρ
989 5572 1241 5643 τυραννὶς
1263 5574 1476 5649 ἀδικίας
1506 5572 1688 5649 μήτηρ
1717 5575 1839 5641 έφυ.

282 5640 384 5702 Qui
420 5648 478 5695 et
523 5640 859 5712 Antiphonta
902 5640 1198 5706 oratorem,
1228 5653 1288 5697 ut
1324 5640 1544 5712 quidam
1569 5640 1838 5706 rell-runt,

287 5712 429 5777 quod
488 5711 789 5783 tragwdias
832 5712 950 5782 ejus
1001 5711 1441 5784 reprehenderet,
1491 5714 1834 5770 interfectum

1133 5303 1310 5347 oetam
1353 5295 1601 5348 nominat
1648 5293 1847 5364 Diony-
1881 5297 1925 5349 D
1954 5296 2060 5359 ait;
2099 5293 2458 5350 Philoxenum
2506 5300 2694 5351 eadem
2728 5299 2795 5351 de
2825 5315 2986 5352 causa
3040 5297 3104 5349 ad
3149 5294 3397 5349 latomias
3435 5296 3537 5350 da-

1965 5376 2245 5439 mnatum;
2296 5366 2735 5439 atqtte_/I*‘.schyli
2781 5369 2990 5439 Tragici
3029 5368 3253 5419 tabellas
3284 5381 3540 5423 cecinere

1960 5436 2179 5489 solitum
2212 5436 2429 5494 joratur
2462 5436 2756 5494 Lucianits.

2028 5506 2139 5571 (40)
2179 5506 2312 5560 Vide
2344 5508 2705 5563 Glossarium.

2028 5577 2139 5645 (ll)
2184 5576 2255 5629 De
2301 5578 2402 5631 huc
2435 5578 2672 5647 Dionysii
2722 5593 2940 5633 carcere
2988 5574 3179 5630 Cicero
3210 5575 3239 5626 7
3291 5574 3438 5629 Verr.
3478 5583 3536 5630 et

1950 5644 2022 5699 ibi
2040 5644 2043 5645 ⁷
2061 5648 2352 5713 interpres.

2021 5716 2133 5787 (42)
2175 5718 2497 5775 Plutarchus
2531 5719 2586 5775 in
2620 5719 2786 5788 .a'ylla,
2820 5730 2871 5773 et
2906 5716 3214 5772 Casaubon.
3250 5717 3303 5770 in
3340 5713 3522 5770 Lacrt.
