3922 6242
359 270 464 334 315
1471 270 1734 331 PHOTII
1770 270 1908 331 PA'I‘

2072 268 2273 329 ICHIE
2311 269 2420 330 CP.
3504 268 3621 333 316

357 393 605 449 vocatur,
668 382 750 438 vel
804 398 834 438 a
891 382 1083 442 θεῖναι.
1138 384 1285 455 quod
1340 384 1617 456 significat
1673 387 1906 441 manibus

2071 388 2153 438 ]τι
2203 385 2265 438 τὸ
2306 382 2630 451 Κυθνώλης
2663 382 2755 437 διὰ
2798 382 2895 436 τοῦ
2926 387 2967 437 λ
3010 383 3332 454 γράφουσιν,
3368 384 3496 439 ἀλλ’
3547 388 3620 441 οὐ

270 538 283 562 ο
358 478 571 544 operari
616 486 669 530 et
717 475 914 530 facere.
957 475 1394 547 Antiquisrenim
1442 479 1656 534 dicendi
1688 480 1819 534 form

2073 474 2115 527 6
2138 475 2231 528 τοῦ
2260 474 2316 530 δ.
2357 476 2593 544 ’Ἄργους
2618 474 2729 562 γὰρ
2760 470 2828 545 ἦν
2856 473 2978 545 [871
3028 475 3121 547 Η.]
3157 478 3357 547 χωρίον
3398 494 3455 531 τι
3504 496 3622 531 κα·-

358 577 479 620 erat
507 566 699 635 έθηκεν
730 581 831 635 pro
869 583 920 618 τι
949 565 1083 637 δρᾶν
1120 566 1323 637 aliquid
1350 585 1523 639 agere,
1576 579 1635 623 ut
1677 578 1731 625 et
1777 570 1907 626 labo

2079 566 2284 636 ιύμενον
2308 565 2561 631 Κύθνιον,
2598 558 2659 618 οὗ
2693 565 2821 630 τοὺς
2846 566 3044 638 ἄνδρας
3076 568 3204 620 ποτὲ
3262 569 3628 640 Ἀμφιτρύων

359 658 694 711 riosissimus
743 658 902 711 heros
942 657 1061 711 ideo
1109 669 1339 715 vocatus
1378 669 1460 715 est
1506 660 1738 731 Θησεὺς,
1782 660 1908 718 The

2056 660 2203 712 ινεῖλε
2233 658 2461 722 πάντας,
2510 659 2650 729 πλὴν
2703 658 2899 726 ὀλίγων
2923 659 3085 714 πάνυ.
3116 661 3243 713 Ὅτι
3274 662 3303 714 6
3333 662 3461 732 παρ’
3491 662 3605 715 ἄλ-

361 762 509 809 seus,
541 749 618 801 vel
656 750 957 803 mutatione
991 766 1022 802 τ
1067 750 1121 803 in
1155 749 1207 813 0,
1253 752 1481 819 penuria
1526 753 1671 807 enim
1710 754 1831 809 vita
1874 769 1910 809 et

2062 767 2140 814 οις
2170 749 2361 821 μισθοῦ
2390 749 2654 804 δουλεύων
2682 751 2794 819 θὴς
2830 750 3073 805 καλεῖται
3099 792 3114 816 ,
3148 751 3365 822 ῆοπαρὰ
3388 753 3447 806 τὸ
3470 752 3611 806 θεῖ-

361 840 655 907 indigentia
705 840 909 895 multos
958 843 1025 895 ad
1073 858 1234 909 opera
1289 845 1508 899 servilia
1553 846 1714 917 cogit.
1759 846 1910 902 Mult:

2081 860 2154 905 tu.
2192 844 2221 897 ὃ
2251 843 2402 912 δηλοῖ
2428 843 2489 896 τὸ
2524 844 2712 914 χερσὶν
2761 843 3090 915 ἐργάζεσθαι
3140 844 3235 899 καὶ
3272 845 3486 910 ποιεῖν(
3514 844 3630 897 καὶ

362 942 550 986 contra
596 933 902 1001 analogiam
953 937 1376 989 committuntur
1423 946 1646 1001 errata,
1704 948 1767 993 ut
1826 955 1911 1010 ρι’(

2083 938 2133 1007 ip
2159 938 2273 998 τοῖς
2302 936 2554 999 παλαιοῖς
2600 935 2777 1004 λέγειν
2808 936 2927 1000 ἐθος
2953 936 3015 990 τὸ
3044 936 3261 1002 ἔθηκεν
3292 937 3384 990 ἐπὶ
3416 936 3515 989 τοῦ
3556 953 3632 990 τι

361 1023 545 1085 σίκυος
572 1024 762 1078 dicunt
801 1034 1065 1091 errantes,
1116 1027 1271 1091 σίκυς
1310 1030 1565 1093 cucumis,
1609 1040 1663 1085 el.
1694 1045 1792 1100 pro
1835 1033 1910 1086 ἀν¹

2082 1026 2196 1096 uir,
2219 1029 2312 1081 καὶ
2333 1028 2409 1091 ὼς
2431 1030 2476 1060 ’³
2493 1028 2931 1098 δραστικώτατος
2954 1028 3104 1099 ἥρως
3131 1028 3217 1082 διὰ
3234 1028 3387 1082 τοῦτο
3406 1030 3631 1099 κέκλη-

358 1115 562 1185 δράχλη
608 1131 701 1185 per
732 1115 763 1168 λ
800 1115 905 1187 (sic
940 1118 1082 1172 enim
1129 1118 1317 1173 dicunt
1367 1121 1555 1191 Attici)
1599 1122 1789 1177 dicunt
1833 1123 1907 1175 ἀν-

2082 1137 2116 1171 ιι
2137 1117 2413 1188 Θησεὺς),
2435 1117 2468 1188 ἤ
2490 1118 2633 1172 κατὰ
2655 1117 3052 1187 μετάθεσιντοῦ
3079 1136 3113 1173 τ
3134 1120 3213 1181 είς
3239 1120 3302 1172 τὸ
3327 1123 3377 1174 θ·
3400 1121 3460 1173 τὸ
3492 1119 3631 1190 γὰρ

358 1204 589 1275 δράχνη.
632 1207 778 1259 Εϊσω
824 1207 1031 1263 rectius
1067 1216 1150 1263 est
1197 1226 1357 1279 quam
1406 1211 1533 1267 ἔσω.
1585 1221 1640 1268 et
1686 1213 1928 1284 ὣμιλλαν
2026 1207 2282 1260 πένεσθαι
2304 1206 2887 1277 καὶτητᾶσθαιβίουν¹⁸
2907 1201 3019 1261 οἷον
3045 1209 3091 1239 ’⁵
3111 1208 3413 1280 στέρεσθαι.
3436 1209 3635 1275 ἀναγ-

359 1297 647 1365 proferunt
694 1299 886 1369 vulgus
921 1316 1048 1355 vero
1092 1317 1187 1371 per
1239 1320 1295 1357 α.
1340 1303 1676 1374 Euphorion,
1726 1308 1904 1377 inquit

2084 1294 2185 1362 ἱζει
2208 1296 2438 1359 πολλοὺς
2467 1296 2535 1350 τὰ
2560 1295 2762 1351 δούλων
2784 1298 3066 1369 πράττειν.
3098 1298 3220 1351 Ὀτι
3251 1300 3398 1369 παρὰ
3426 1299 3633 1369 γράμ·

360 1388 526 1441 refert
578 1391 824 1458 quaedam
875 1392 1089 1447 somnia
1134 1394 1336 1449 alicubi
1388 1412 1496 1450 non
1540 1396 1738 1453 videri.
1809 1398 1909 1453 Mu-

2087 1405 2128 1451 ι,
2159 1390 2312 1458 φησὶ,
2338 1388 2507 1457 μυρία
2529 1388 2677 1441 ἐστὶν
2700 1389 3086 1460 ἡμαρτημένα,
3108 1388 3294 1460 ὥσπερ
3321 1391 3441 1444 ἀντὶ
3457 1390 3571 1445 τοῦ
3600 1392 3636 1444 6

332 1478 502 1543 'lam,
553 1496 659 1550 qua
713 1483 956 1551 ferimur,
1019 1501 1142 1539 cum
1194 1485 1385 1555 jugum
1446 1503 1556 1542 non
1618 1488 1776 1555 ferat,
1828 1490 1881 1543 Α]

2084 1479 2241 1545 Γκυος
2262 1479 2667 1549 ἁμαρτάνοντες
2690 1477 2942 1546 λέγουσιν
2977 1479 3006 1532 6
3035 1480 3215 1545 σίκυς
3240 1480 3333 1534 καὶ
3349 1480 3468 1534 ἀντὶ
3510 1479 3633 1533 τοῦ

362 1568 453 1622 tici
483 1569 761 1640 ἀστράϐην
783 1582 981 1627 vocant
1004 1591 1018 1627 :
1043 1575 1168 1629 inde
1188 1576 1385 1631 dicitur
1406 1587 1460 1633 et
1479 1578 1911 1651 ἀστραϐηγάτης.

2082 1569 2334 1640 νδράχλη
2359 1570 2403 1601 ⁸⁸
2424 1568 2515 1622 διὰ
2555 1568 2652 1621 τοῦ
2681 1572 2723 1622 .1
2753 1567 2919 1637 (οὕτω
2948 1569 3057 1638 γάρ
3084 1586 3248 1639 φασιν
3275 1571 3324 1622 οἱ
3339 1570 3631 1640 Ἀττικοὶ)

364 1659 571 1714 Dicitur
605 1662 764 1717 etiam
790 1664 1040 1736 ἀστράόη
1078 1682 1175 1736 pro
1201 1668 1332 1722 sella
1355 1671 1591 1739 equestri
1622 1679 1683 1724 ut
1738 1670 1913 1725 Demo

2083 1664 2279 1729 ἑγουσιν
2294 1659 2625 1729 ἀνδράχνῃ.
2641 1660 2750 1712 Καὶ
2774 1659 2834 1713 τὸ
2851 1660 2995 1713 εἵσω
3013 1660 3069 1713 δὲ
3091 1658 3488 1733 άναλογώτερον
3509 1661 3632 1714 τοῦ

363 1751 655 1806 sthenesiu
683 1756 924 1809 oratione
955 1756 1213 1815 adversus
1246 1757 1463 1814 Midiam
1493 1761 1912 1835 εἘπ’ἀστρά6η‹

2088 1752 2303 1806 τω.Καὶ
2331 1750 2422 1804 τὸν
2689 1750 3072 1822 προφέρουσιψ
3101 1751 3206 1820 ἠδὲ
3236 1751 3485 1821 συνήθεια
3520 1751 3637 1806 διὰ

361 1844 658 1914 ὀχούμενος
716 1849 1009 1920 ἀργυρᾶςε
1045 1851 1301 1920 Argenteo
1364 1854 1598 1909 insidens
1663 1856 1904 1925 ephippia

2086 1842 2124 1894 μῦ
2146 1859 2203 1895 α.
2230 1842 2399 1894 Ὅτιό
2414 1841 2714 1913 Εὐφορίων,
2733 1842 2921 1912 φησὶν,
2940 1844 3142 1914 ἱστορεῖ
3169 1860 3288 1897 τινα
3305 1844 3347 1873 ²⁷
3375 1842 3635 1897 ἐνύπνια

439 1934 657 2003 Ἀρτος,
685 1934 880 2003 inquit,
905 1938 1099 1992 dicitur
1128 1955 1194 1993 ex
1240 1940 1436 2011 αἴρειν,
1485 1945 1631 2013 quod
1660 1946 1931 2015 significat

2086 1934 2302 2006 ηδέποτε
2345 1932 2392 1967 ’⁸
2437 1934 2764 2005 ἑωρακέναι.
2811 1935 2934 1988 Ὅτι
2980 1935 3081 2006 τὴν
3110 1935 3368 2006 ἡμίονον,
3421 1935 3510 2005 ἐφ’
3544 1931 3635 2007 ἦς

366 2022 655 2081 admovere
688 2028 769 2080 vel
798 2043 1011 2097 capere.
1046 2028 1257 2085 Etenim
1299 2034 1529 2103 singulis
1560 2035 1705 2090 hunc
1738 2036 1915 2091 diebus

2088 2026 2326 2097 ξούμεθα,
2342 2028 2585 2099 φησὶν,”
2602 2027 2804 2096 άξύγου
2828 2025 3017 2096 οΰσης,
3056 2028 3326 2098 Ἀθηναῖοι
3347 2028 3637 2081 καλοῦσιν

366 2119 631 2185 capimus.
670 2117 735 2173 Et
774 2121 947 2192 ἅρμα,
973 2124 1378 2190 nutrimentum,
1422 2126 1491 2181 ab
1518 2126 1846 2197 Hippocrate
1877 2144 1915 2186 e1

2084 2121 2373 2188 7tpd6nr'
2426 2120 2580 2174 ἐνθεν
2632 2121 2849 2189 λέγεται
2904 2122 3000 2175 καὶ
3046 2123 3074 2175 ὀ
3124 2122 3633 2189 ἀστραϐηλάτης.

364 2207 486 2261 aliis
505 2207 722 2262 dicitur.
740 2209 993 2281 Τάριχος,
1020 2212 1419 2281 salsamentum,
1450 2217 1504 2271 in
1529 2229 1719 2274 neutro
1736 2235 1913 2289 genere

2090 2211 2192 2266 589
2213 2209 2305 2282 IL]
2330 2210 2558 2279 Λέγεται
2578 2212 2761 2281 μέντοι
2783 2210 3051 2278 ἀστράϐη
3068 2210 3161 2263 καὶ
3188 2211 3248 2263 τὸ
3272 2212 3638 2265 κατασκεὺαο

363 2298 684 2368 plerumque
727 2300 917 2356 dicunt
962 2304 1353 2362 Atheuienses:
1406 2308 1588 2365 minus
1638 2325 1767 2365 vero
1823 2310 1912 2366 fre

2085 2320 2169 2365 La,
2238 2302 2313 2367 ὡς
2342 2301 2688 2371 Δημοσθένης
2717 2303 2776 2356 ἐν
2818 2302 2896 2373 τῷ
2920 2301 3061 2356 κατὰ
3086 2303 3306 2356 Μειδίου
3332 2302 3472 2372 λόγῳ
3507 2304 3634 2357 ἐπ’

363 2401 594 2456 quenter
624 2390 679 2445 in
713 2392 1035 2448 masculino.
1079 2393 1429 2452 Grammatici
1472 2414 1600 2454 vero
1625 2399 1677 2454 in
1704 2400 1912 2456 vocibus

2085 2390 2332 2460 7tpd6’nc
2360 2392 2689 2462 ὀχούμενος
2717 2392 2997 2462 ἀργυρᾶς.
3032 2392 3155 2446 Ὅτι
3194 2391 3368 2461 ἄρτος
3391 2395 3457 2446 ὲκ
3504 2395 3634 2447 τοῦ

365 2480 635 2550 occupati,
683 2482 873 2537 dicunt
906 2485 957 2536 iu
993 2486 1298 2540 masculino
1331 2488 1503 2558 magis
1525 2490 1790 2561 analogia:
1845 2507 1914 2547 re-

2081 2484 2221 2550 Vpew
2263 2484 2500 2555 εἴρηται,
2553 2483 2747 2553 φησὶν,
2795 2483 2824 2537 ὃ
2870 2483 3026 2554 δηλοῖ
3065 2483 3129 2537 τὸ
3181 2484 3630 2554 προσφέρεσθαι·

364 2577 629 2644 spondere
682 2577 896 2647 53312.
929 2581 1183 2651 ’Ἄριστος
1233 2582 1448 2650 proprie
1507 2582 1574 2639 de
1626 2584 1716 2648 iis,
1746 2586 1839 2654 qui
1874 2585 1908 2638 ἰι

2086 2575 2126 2627 ti.
2156 2572 2265 2643 γὰρ
2315 2573 2437 2626 καθ’
2472 2574 2712 2643 ἑκάστην
2771 2574 2959 2627 τοῦτον
3015 2573 3452 2646 προσφερόμεθα.
3494 2576 3635 2629 Καὶ

364 2666 504 2721 bello
530 2667 733 2737 aliquid
770 2670 1028 2739 praclare
1062 2681 1366 2741 gesserunt.
1403 2672 1532 2730 Ideo
1569 2685 1624 2730 et
1673 2677 1913 2747 ἀριστέας

2086 2677 2188 2731 αμα
2228 2662 2284 2715 δὲ
2312 2664 2345 2732 ἡ
2395 2662 2572 2734 τροφὴ
2629 2664 2783 2734 παρὰ
2836 2664 3191 2735 Ἱπποκράτει
3245 2665 3339 2719 καὶ
3386 2664 3635 2729 πολλοῖς

364 2776 461 2814 cos
487 2775 767 2828 vocamus,
823 2770 879 2816 et
908 2762 1068 2833 ἄρην,
1104 2762 1352 2831 Martem,
1387 2766 1467 2821 rei
1517 2766 1722 2822 bellica:
1763 2770 1913 2839 epho-

2085 2754 2226 2816 ιλοις.
2270 2754 2394 2808 Ὅτι
2446 2755 2509 2807 τὸ
2580 2755 2804 2826 τάριχος
2866 2754 2944 2818 ὡς
2999 2756 3094 2809 ἐπὶ
3168 2755 3231 2808 τὺ
3297 2756 3432 2809 πολὺ
3501 2756 3634 2825 μὲν

367 2866 487 2904 rum
515 2860 737 2919 putant,
778 2853 1005 2908 abusive
1042 2870 1169 2909 vero
1214 2856 1377 2910 etiam
1426 2873 1527 2927 pro
1556 2859 1752 2929 quavis
1781 2860 1836 2914 in
1870 2876 1916 2915 re

2086 2857 2280 2908 ηγουσιν
2312 2841 2610 2913 οὐδετέρως
2640 2844 2690 2896 οἱ
2760 2843 3015 2910 Ἀττικοὶ,
3049 2845 3135 2898 ἐπ’
3162 2844 3380 2898 ἔλαττον
3410 2845 3470 2899 δὲ
3507 2850 3635 2899 καὶ

294 2970 295 2973 η
366 2944 759 3000 excellentibus
789 2946 1010 3002 dicitur.
1049 2948 1315 3017 Μάκτραν
1361 2964 1555 3006 vocant
1596 2968 1691 3009 vas
1724 2955 1779 3007 in
1820 2969 1843 3024 q

2081 2931 2425 2999 ρσενικῶς·οί
2471 2933 2526 2986 δὲ
2555 2934 2934 3005 γραμματικοὶ
2980 2935 3421 3005 τεχνολογοῦντες
3469 2934 3630 2990 ἀνα-

365 3036 585 3103 polenta
611 3044 707 3089 aut
727 3051 907 3093 massa
938 3039 1229 3110 subigitur.
1260 3041 1501 3097 Atticum
1535 3052 1621 3099 est
1645 3085 1660 3111 ,
1702 3055 1757 3100 et
1785 3020 1914 3111 non,

2082 3020 2333 3093 ιγὼτερόν
2364 3041 2493 3092 φασι
2516 3026 2605 3077 τὸν
2652 3026 2877 3099 τάριχον
2929 3026 3206 3095 λέγεσθαι.
3239 3028 3360 3080 Ὅτι
3388 3026 3449 3080 τὸ
3479 3026 3631 3091 (ipso

367 3136 428 3180 ut
460 3129 681 3181 uonuuli
709 3129 898 3184 dicunt
938 3131 1144 3187 tritum.
1170 3133 1345 3202 Ραφὶς
1383 3150 1511 3189 acus
1540 3144 1627 3191 est
1654 3137 1916 3207 antiquius

2082 3130 2183 3179 τος
2227 3114 2431 3184 κυρίως
2485 3116 2581 3186 μὲν
2637 3118 2733 3170 ἐπὶ
2790 3116 2899 3170 τῶν
2937 3118 3078 3172 κατὰ
3120 3118 3354 3188 πόλεμον
3394 3117 3630 3170 εὐδοκι-

366 3232 528 3284 qualn
565 3217 783 3289 Βελόνη,
817 3228 872 3273 et
920 3220 1124 3292 ξύστρα
1153 3222 1398 3293 strigilis,
1446 3240 1607 3295 quam
1656 3227 1910 3296 στλεγγὶς

2079 3209 2281 3263 ούντων
2310 3210 2377 3263 ἂν
2408 3211 2623 3282 ῥηθείη,
2656 3211 2789 3266 διότι
2819 3212 2913 3267 καὶ
2939 3213 3222 3281 ἀριστέας
3248 3212 3469 3274 τούτους
3502 3230 3628 3265 κα-

368 3309 630 3381 ὐδρορρόη
670 3311 922 3377 alveolus,
967 3329 1129 3383 quam
1170 3315 1375 3386 ὅχετον,
1422 3328 1477 3373 et
1522 3318 1729 3373 ἀλέτων
1768 3322 1917 3376 mola.

2082 3301 2232 3372 ιῦμεν
2261 3302 2472 3356 καὶτὸν
2506 3304 2685 3373 Ἀρην
2732 3304 2926 3375 ἔφορον
2953 3304 3060 3356 τῶν
3087 3303 3397 3374 πολεμικῶν
3426 3304 3631 3373 ἔργων

367 3414 529 3467 quam
573 3400 759 3471 μύλος.
802 3403 1059 3473 Lapidem
1099 3407 1242 3460 enim
1282 3409 1622 3477 superiorem
1657 3413 1815 3469 mola:
1852 3414 1916 3469 sit

2081 3395 2362 3466 qtiCouaw'
2405 3397 2463 3449 ὲν
2512 3400 2849 3468 καταχρήσει
2894 3396 2951 3450 δὲ
2989 3397 3083 3450 καὶ
3112 3395 3205 3450 ἐπὶ
3254 3395 3363 3450 τῶν
3393 3396 3521 3449 ἄλλο
3559 3416 3630 3452 τι

364 3502 583 3559 vocant,
614 3494 734 3547 δνον
775 3511 904 3550 vero
927 3498 1124 3552 molam
1160 3498 1501 3555 inferiorem.
1539 3501 1606 3557 Et
1628 3506 1796 3573 μαγὶς
1833 3521 1913 3575 ρι’(

2080 3488 2442 3561 πορθούντων
2488 3490 2725 3558 λέγεται.
2763 3491 2886 3544 Ὅτι
2909 3489 2971 3543 τδ
2993 3490 3265 3560 μάκτραν
3312 3490 3519 3558 καλεῖν,
3552 3493 3629 3546 ὲν

366 3603 566 3649 mensa,
596 3586 909 3658 IEgyptium
940 3590 1175 3657 videtur,
1206 3600 1261 3646 et
1301 3594 1915 3668 omninoiillegitimum,

2079 3578 2123 3647 ἴς
2155 3583 2255 3646 τὰς
2310 3582 2489 3653 μάζας
2555 3584 2870 3652 μάττουσιν,
2905 3583 3170 3645 Ἀττικὸν,
3200 3582 3295 3637 καὶ
3360 3582 3479 3653 οὐχ,
3529 3584 3628 3649 ὡς

366 3673 726 3742 Epicharmus
766 3692 894 3730 vero
933 3677 1184 3744 Doricus,
1216 3691 1271 3735 et
1313 3682 1568 3740 Cercidas
1609 3695 1768 3755 poeta
1827 3687 1915 3745 bo¢

2075 3691 2166 3727 utet
2201 3673 2464 3739 δοκοῦσιν,
2510 3673 2796 3728 ἰδιωτικόν.
2840 3674 3002 3728 Ἀλλὰ
3036 3674 3129 3728 καὶ
3153 3675 3251 3745 τῆς
3274 3674 3549 3741 βελόνης
3580 3679 3624 3747 ἡ

367 3779 530 3819 sensu
556 3764 637 3820 usi
669 3777 798 3821 sunt
818 3769 1007 3822 eadem
1030 3785 1180 3836 voce,
1214 3782 1268 3826 et
1287 3775 1449 3828 etiam
1487 3776 1805 3846 Sophocles,
1840 3798 1909 3850 qu

2075 3766 2206 3835 αφὶς
2261 3768 2633 3839 παλαιότερον,
2672 3769 2795 3849 καὶ
2839 3770 2873 3841 ὴ
2928 3768 3160 3837 ξύστρα
3223 3770 3324 3840 τῆς
3389 3774 3624 3840 στλεγ-

366 3856 580 3911 Atticus
660 3867 763 3912 est.
839 3859 1162 3918 Aristoteles
1242 3864 1610 3934 peripatetica:
1677 3870 1915 3941 princeps

2078 3857 2232 3924 ίδος,
2298 3860 2392 3912 καὶ⁵
2450 3862 2545 3913 τοῦ
2612 3859 2799 3930 ὀχετοῦ
2874 3862 2907 3932 ή
2986 3860 3308 3929 ὐδροῤῥόη.
3387 3862 3501 3913 Καὶ
3591 3866 3627 3917 6

366 3953 586 4019 scholae,
619 3969 650 4008 a
678 3952 903 4010 Platone
925 3956 1106 4025 pullus
1141 3959 1457 4016 nominatus
1483 3970 1587 4028 est,
1619 3950 1765 4032 quod
1797 3980 1915 4034 prmi

2076 3950 2265 4003 λέτων
2313 3951 2370 4004 δὲ
2418 3952 2512 4005 τοῦ
2569 3952 2769 4022 μύλουο
2827 3952 2917 4006 τὸν
2957 3953 3066 4024 γὰρ
3117 3953 3229 4007 άνω
3283 3953 3376 4007 τοῦ
3433 3953 3625 4023 μύλου

366 4045 571 4114 ceptori
605 4046 1023 4103 contradiceret.
1055 4050 1211 4119 Equo
1262 4051 1407 4106 enim
1436 4054 1632 4124 volupe
1659 4065 1745 4111 est
1767 4057 1915 4112 etiau

2074 4041 2178 4096 ίθον
2228 4042 2400 4107 οὕτως
2432 4044 2898 4115 ἐπονομάζομεν,
2962 4045 3107 4099 ὄνον
3163 4046 3221 4099 δὲ
3296 4045 3393 4114 τὴν
3450 4045 3623 4099 κάτω

365 4144 571 4205 patrem
612 4136 883 4195 mordere.
931 4138 1287 4197 Proverbium
1330 4145 1649 4211 essedicit,
1679 4148 1914 4204 dextruu

2073 4133 2233 4203 ύλην.
2280 4136 2391 4188 Καὶ
2437 4137 2470 4206 ἡ
2512 4137 2693 4207 μαγίς
2745 4136 2804 4190 δὲ
2836 4137 2978 4206 ,ἀντὶ
3018 4137 3117 4206 τῆς
3170 4136 3447 4209 τραπέζης
3509 4138 3622 4192 Αἰ-

364 4228 615 4284 calceare
676 4231 889 4299 pedem.
948 4242 1001 4287 et
1054 4233 1340 4289 sinistrum
1383 4237 1583 4293 lavare.
1614 4237 1755 4294 Dicit
1785 4241 1913 4295 enin

2075 4227 2261 4280 ύπτιον
2310 4228 2449 4293 δόξει
2494 4231 2587 4283 καὶ
2632 4228 2915 4293 παντελῶς
2976 4229 3282 4301 ἔκθεσμον
3344 4230 3624 4301 Ἐπίχαρ-

365 4319 607 4381 Polemo.
640 4330 777 4377 teste
808 4322 1059 4393 Didymo,
1091 4325 1344 4379 dextrum
1379 4326 1433 4380 in
1468 4328 1731 4393 calceum,
1792 4331 1900 4385 sini

2072 4342 2137 4388 ,ος
2188 4325 2244 4378 δὲ
2301 4328 2331 4380 ὀ
2392 4327 2632 4395 Δωριεὺς
2683 4328 2778 4380 καὶ
2847 4326 3121 4397 Κερκίδας
3204 4328 3233 4379 6
3314 4325 3621 4397 μελοποιὸς

310 4466 311 4469 η
366 4421 536 4464 strum
572 4413 626 4466 in
683 4414 991 4481 polubrum.
1016 4416 1104 4470 Ait
1156 4419 1339 4473 vocari
1375 4420 1565 4491 δήμιον
1606 4424 1854 4493 carniﬁce

2071 4418 2128 4470 πὶ
2190 4419 2289 4488 τῆς
2343 4417 2512 4487 αὐτῆς
2573 4418 2813 4482 διανοίας
2844 4418 3147 4488 ἐχρήσαντο
3191 4420 3257 4489 τῇ
3290 4418 3455 4484 λέξει,
3512 4422 3620 4473 καὶ

366 4498 458 4566 qui
487 4514 584 4553 eos
625 4501 825 4555 occidit
871 4502 962 4571 qui
997 4504 1063 4557 ad
1108 4516 1335 4560 mortem
1385 4510 1728 4566 condemnati
1764 4521 1894 4567 sunt

2065 4510 2147 4581 ιὴν
2188 4510 2284 4563 καὶ
2339 4511 2367 4562 ὁ
2404 4511 2646 4574 Ἀττικὸς
2704 4510 3003 4579 Σοφοκλῆς.
3031 4510 3175 4577 Ὅτι,
3208 4510 3374 4580 φησὶν
3428 4502 3614 4576 οὗτος,

366 4588 428 4656 δη
438 4591 685 4658 μόκοινον
709 4606 838 4645 vero
862 4601 1132 4649 tortorem.
1151 4594 1356 4659 Ίππεῖς
1385 4608 1439 4654 et
1466 4604 1647 4671 νομεῖς
1670 4602 1723 4656 in
1757 4603 1915 4659 nomi-

2069 4601 2426 4671 Αριστοτέλης
2452 4603 2480 4654 6
2504 4600 2596 4654 τοῦ
2630 4602 2935 4672 περιπάτου
2970 4601 3281 4673 προστάτης
3326 4601 3431 4655 ὑπὸ
3458 4602 3618 4656 Πλά-

365 4680 549 4733 nativo
580 4680 777 4749 plurali
811 4681 1097 4738 dicendum
1136 4694 1190 4739 et
1233 4688 1579 4744 scribendum
1606 4731 1621 4756 ,
1658 4708 1765 4746 non
1801 4709 1914 4747 veri

2067 4708 2202 4754 ωνος
2249 4691 2414 4752 ἵππος
2457 4690 2858 4760 ἐπωνομάζετο,
2908 4690 3278 4745 ἐναντιοῦσθαι
3325 4691 3497 4745 δοκῶν
3531 4693 3615 4763 τῷ

366 4772 419 4824 iu
447 4773 779 4837 accusativo,
831 4777 923 4830 sed
961 4777 1159 4841 ἱππέας
1189 4782 1410 4849 equites,
1444 4784 1646 4852 νομέας
1673 4794 1908 4852 pastores

2068 4782 2357 4853 ιδασκάλῳο
2388 4782 2482 4834 καὶ
2510 4781 2619 4851 γὰρ
2640 4782 2667 4834 ὁ
2693 4782 2858 4845 ἵππος
2885 4781 2976 4835 τὸν
3005 4781 3196 4835 ἑαυτοῦ
3224 4780 3371 4849 φιλεῖ
3393 4783 3612 4850 πατέρα

366 4864 580 4917 tametsi
609 4864 906 4935 Χιιηοριιοιι
940 4869 1284 4935 dixerim-ob;
1310 4875 1511 4941 νομεῖς,
1545 4890 1612 4928 ne
1642 4875 1856 4930 mireris
1888 4892 1914 4929 s

2064 4874 2266 4927 άκνειν.
2291 4870 2523 4943 [87211]
2554 4872 2676 4924 Ὅτι
2693 4872 2993 4942 παροιμίαν
3015 4868 3155 4924 εἷναί
3174 4889 3308 4942 φησι
3325 4871 3417 4925 τὸν
3433 4872 3610 4938 δεξιὸν

366 4953 533 5007 homo
556 4954 709 5011 hellis
729 4968 1002 5025 assuetus,
1028 4976 1129 5015 nec
1161 4963 1402 5017 urbanus
1436 4963 1672 5033 (ιδ-ιι),
1696 4966 1915 5034 aliquan

2058 4967 2347 5020 ιποδεῖσθαι
2373 4967 2534 5031 πόδα,
2551 4967 2640 5018 τὸν
2665 4966 3012 5037 δ’ἁριστερὸν
3033 4966 3220 5030 νίζειψ
3270 4966 3411 5036 φησὶ
3442 4965 3552 5037 γὰρ
3576 4965 3607 5016 6

372 5062 402 5100 e
434 5049 626 5116 patriis
657 5051 881 5106 vocibus
909 5053 1208 5108 adulterat:
1246 5055 1366 5110 ideo
1398 5067 1612 5111 nonest
1643 5059 1784 5128 quod
1809 5060 1921 5127 quis

2053 5057 2312 5127 ,Ιολέμων,
2335 5055 2410 5118 ὡς
2442 5058 2712 5127 μαρτυρεῖ
2743 5055 2993 5126 Δίδυμος,
3022 5055 3195 5120 δεξιὸν
3214 5057 3293 5117 είς
3327 5054 3602 5123 ὑπόδημα,

367 5140 519 5194 illum
551 5142 744 5197 Attii-te
775 5145 1229 5216 linguzejudiccm
1266 5157 1467 5205 sumat.
1499 5148 1683 5204 Primo
1715 5151 1916 5219 quiden

2052 5149 2319 5221 ὶιριστερὸν
2345 5151 2425 5212 είς
2468 5149 2809 5219 ποδάνιπτρα
2836 5149 2903 5202 ³⁸.
2941 5148 3064 5201 ’Ότι
3092 5146 3307 5217 δήμιον
3339 5148 3442 5217 μέν
3470 5162 3601 5215 φησι

1666 5260 1896 5316 νΑιιιλιΕ
1933 5259 2337 5316 LECTIONES.

437 5346 484 5423 _”
517 5348 610 5399 καὶ
647 5346 722 5423 ὡς
745 5348 951 5423 (λε-καὶ
981 5350 1054 5412 ὡς
1091 5367 1182 5423 ς.⁸
1211 5422 1217 5423 γ
1254 5352 1299 5383 ’⁸
1340 5352 1457 5423 βίου
1477 5352 1517 5407 C
1554 5370 1567 5406 :
1600 5352 1692 5407 τοῦ
1714 5353 1831 5423 βίου
1858 5371 1917 5416 ς’.
1995 5355 2040 5423 ’ξ’
2069 5350 2208 5423 οἷον]
2238 5350 2481 5423 malim?)
2513 5350 2654 5404 ἐστι.
2696 5422 2701 5423 ν
2730 5352 2775 5423 ’ἐ
2804 5366 2904 5423 σινΔ
2927 5348 3205 5423 ’ἀνδράχνη
3248 5347 3343 5423 καὶ
3374 5348 3453 5423 τί)⁸
3473 5347 3599 5400 εἴσω

367 5412 505 5493 δξιρι
525 5432 646 5472 mox
670 5417 760 5493 τὸν
781 5418 952 5493 ὡλε...
987 5420 1182 5493 προφέ]
1210 5412 1416 5477 lacuum
1443 5425 1493 5475 in
1524 5423 1585 5477 C.
1621 5412 1723 5492 pro
1743 5422 1833 5475 τὸν
1859 5412 1983 5477 (bis.
2012 5412 2295 5489 Βοιὶιίτὴν
2321 5420 2583 5493 ὡμιλλαν.
2658 5422 2707 5493 ³⁷,
2734 5419 2943 5493 εῖτινὰ]
2975 5412 3163 5473 lacuna
3192 5412 3243 5472 in
3269 5417 3334 5473 ϐ.
3410 5420 3456 5449 ’⁸
3498 5435 3596 5489 μη·

366 5482 560 5539 δέποτε
611 5488 836 5557 μηδέπω
874 5491 934 5555 C,
964 5482 1205 5560 μηδέπόυ
1234 5510 1295 5556 ς.
1372 5494 1416 5524 ²⁹
1448 5482 1652 5564 φησιν]
1695 5493 1891 5547 lacuna
1917 5494 1968 5545 in
2005 5493 2067 5545 (3.
2110 5494 2152 5523 ³ο
2178 5482 2515 5562 ποδάνιπτρα
2534 5492 2594 5545 C.
2622 5482 3021 5553 ποδάνιπτοίς.

442 5649 651 5722 (AS-li)
697 5650 907 5706 Dictum
937 5659 1113 5708 tamen
1146 5652 1211 5707 de
1245 5652 1357 5718 illo,
1397 5651 1772 5723 Xenophontis
1802 5581 2343 5711 orebgt'fsﬁdocutas
2371 5652 2560 5709 videri.
2594 5652 2707 5706 Cic.
