3922 6242
165 274 287 341 311

1190 274 1718 337 BIBLIO'I‘HECA.
1758 303 1827 315 —-
1873 276 2035 338 COD.
2079 277 2425 341 CCLXXIX.

3358 262 3487 343 318'

166 385 475 443 καλεῖσθαι
506 389 600 439 τδν
623 381 732 436 τῶν
764 379 859 436 hri
885 380 1105 453 θανάτῳ
1137 383 1653 439 καταδικασθέντων
1682 401 1776 453 φοι

1909 385 2129 439 nstituta
2186 385 2405 440 fuerunt
2464 384 2875 442 Panathenaea:
2918 385 3115 441 deinde
3190 384 3470 444 Eleusinia

170 482 305 547 νέα,
330 478 703 549 δημόκοινον
724 475 782 527 δὲ
812 474 905 527 τὸν
928 475 1413 546 βασανιστήν.”υτι
1457 476 1657 543 ἱππεῖς
1686 477 1785 546 μὲν

172 575 285 629 καὶ
315 572 524 643 νομεῖς
572 570 654 624 δεῖ
687 569 919 640 γράφειν
950 570 1047 623 καὶ
1082 570 1268 637 λέγειν
1298 572 1396 639 τὴν
1424 570 1641 625 εὐθεῖαν
1676 570 1786 622 τῶν

170 662 599 735 πληθυντικῶν,
648 660 836 713 οὐκέτι
884 660 941 713 δὲ
981 661 1208 725 καὶτὰς
1262 662 1600 728 αἱτιατικὰς,
1669 661 1784 714 ἀλλ’

172 754 410 820 autem;
445 754 544 806 καὶ
566 750 809 820 νομέας.
844 751 905 803 Ei
926 749 983 803 δὲ.
1015 752 1109 804 καὶ
1137 749 1388 819 Ξενοφῶν
1424 752 1613 822 εἴρηκε
1640 751 1787 818 τοὺς

168 845 415 914 νομεῖς,
459 842 614 896 οὐδὲν
644 841 1137 914 θαυμαστὸν,άνὴρ
1166 846 1224 895 ὲν
1253 844 1563 910 στρατείαις
1594 841 1787 910 σχολά-

173 938 295 1001 ζων
323 937 422 990 καὶ
450 935 620 999 ξένων
669 933 981 997 συνουσίαις
1007 933 1064 985 εὗ
1110 950 1234 987 τινα
1283 935 1632 1005 παρακόπτει
1687 932 1788 1001 τῆς

170 1030 431 1100 πατρίου
458 1029 674 1097 φωνῆς’
705 1027 786 1080 διὸ
816 1025 1117 1097 νομοθέτην
1142 1027 1306 1080 αὐτὸν
1337 1026 1437 1078 οὐκ
1459 1025 1523 1079 άν
1550 1042 1635 1089 τις
1673 1026 1790 1080 Ἀτ-

170 1122 450 1189 τικισμοῧ
482 1118 809 1191 παραλάϐοι.
838 1118 963 1171 Ὅτι
996 1118 1192 1188 πρῶτα
1220 1116 1320 1187 μὲν
1341 1117 1410 1170 τὰ
1438 1115 1789 1187 Παναθήναια

178 1213 449 1281 συνέστηο
480 1207 599 1263 εἶτα
648 1209 715 1263 τὰ
750 1209 1056 1264 Ἐλευσίνια
1087 1210 1184 1263 ἐπὶ
1226 1209 1397 1282 Πελία
1427 1211 1469 1243 ³¹
1502 1209 1789 1282 τεθνηκότι

180 1302 528 1375 προῦθηκαν
555 1299 695 1356 ἆθλα
726 1302 1007 1356 Θετταλοί·
1035 1296 1157 1355 εἶτα
1180 1302 1250 1355 τὰ
1278 1303 1500 1373 Ἴσθμια
1550 1303 1644 1357 ἐπὶ
1673 1305 1789 1357 Με-

176 1396 446 1466 λικέρτῃο
479 1394 676 1447 ἔπειτα
710 1395 739 1446 ὁ
764 1392 875 1446 τῶν
919 1394 1235 1463 Ὀλυμπίων
1268 1392 1417 1462 ἁγὼν
1446 1394 1622 1466 ἀρχὴν
1642 1395 1787 1464 λαμ-

177 1484 342 1539 ϐἀνει
363 1484 456 1555 ὑφ’
486 1483 808 1555 Ἡρακλέος,
841 1478 961 1538 εἶτα
989 1485 1059 1538 τὰ
1105 1484 1282 1537 Νέτεα
1303 1485 1347 1515 ³³
1369 1484 1456 1538 ἐπ’
1474 1486 1790 1556 Ἀρχεμόρῳ

178 1578 449 1643 τεθέντα,
480 1572 602 1630 εἶτα
630 1576 772 1644 μετὰ
803 1576 864 1629 τὸ
885 1577 987 1648 τὴν
1012 1576 1228 1649 Κίρραν
1278 1579 1467 1630 πεσεῖν
1493 1578 1561 1628 τὰ
1584 1577 1788 1635 Πύθια.

180 1670 323 1724 Ὀτι
353 1670 418 1722 τὸ
446 1667 804 1724 ποτνιᾶσθαι
839 1669 1172 1739 κυριώτερον
1205 1668 1299 1721 ἐπὶ
1319 1668 1574 1737 γυναικὸς
1601 1669 1791 1722 τάττε-

1893 487 2108 531 mortuo
2130 478 2292 531 Pelia
2319 479 2619 532 certamina
2655 477 2901 533 Thessali
2925 479 3316 541 instituerunt:
3349 493 3474 551 post

1890 569 2115 623 Isthmia
2152 570 2208 624 in
2268 570 2532 625 honorem
2579 570 2899 625 Melicerta:
2942 571 3069 625 inde
3112 573 3181 626 ab
3237 572 3472 629 Hercule

1891 662 2139 731 Olympia
2190 663 2421 717 :dehinc
2463 663 2699 728 Nemaa,
2737 672 2957 718 mortuo
2993 666 3264 719 Archemo
3320 685 3334 721 :
3370 682 3470 735 po-

1891 764 2101 807 stremo
2148 764 2273 823 post
2310 771 2499 810 casum
2546 754 2777 818 Cirrha,
2808 756 3000 827 Pythia
3043 757 3288 811 instituta
3319 768 3469 812 sunt.
3540 798 3546 805 .

1893 843 2223 899 Ππνιᾶσθαι
2257 847 2478 917 proprie
2515 848 2582 901 de
2613 846 2821 901 femina
2852 847 3077 912 dicitur,
3112 848 3334 917 quando
3371 849 3474 902 ali-

1893 934 2041 1005 quod
2073 938 2279 991 malum
2333 939 2561 1009 patitur,
2601 940 2961 1009 et‘supplicat
2989 941 3125 994 dea.
3160 940 3366 1010 Siquis
3407 943 3477 995 de

1892 1027 2013 1079 vim
2038 1028 2360 1081 ποτνιᾶσθαι
2400 1029 2566 1096 dicat,
2596 1039 2802 1099 peccat.

1963 1119 2142 1184 Μόνος
2168 1120 2469 1176 secundum
2518 1122 2911 1190 grammaticos
2946 1136 3054 1174 non
3100 1128 3470 1189 comparatur,

1893 1213 2017 1270 ideo
2052 1210 2360 1282 μονώτατος
2421 1212 2795 1267 εοιωοίειιιυῐη
2836 1220 3053 1279 putant,
3094 1210 3195 1265 etsi
3261 1211 3475 1264 Aristo-

1894 1305 2103 1377 phanes
2132 1303 2483 1375 utatur|(45).
2518 1301 2805 1372 Templum
2846 1300 3072 1356 Veneris
3108 1301 3162 1355 in
3194 1298 3477 1354 Thessalia

1893 1394 2117 1457 ἀνοσίας
2152 1405 2403 1458 vocatur,
2444 1392 2571 1463 quia
2619 1391 2843 1447 Laidem
2895 1393 3241 1446 meretricem
3280 1389 3477 1460 534a

1898 1487 2030 1542 illuc
2058 1487 2364 1541 venientem
2411 1486 2675 1541 mulieres
2713 1501 2878 1556 supra
2931 1484 3153 1539 modum
3208 1483 3475 1552 zelotypia

1896 1586 2204 1650 prosecuta
2250 1586 2414 1641 sunt,
2452 1586 2507 1632 et
2537 1576 2732 1647 ligneis
2788 1575 3044 1630 scabellis
3092 1591 3213 1630 eam
3268 1575 3480 1630 occide-

1896 1680 2045 1726 runt.
2074 1671 2192 1725 Mos
2231 1668 2335 1725 fuit
2358 1669 2790 1726 Atheniensibus
2827 1668 2967 1723 duos
2999 1667 3200 1723 habere
3223 1668 3479 1736 expiato-

178 1780 300 1827 ται,
337 1762 511 1831 φησὶν
539 1762 607 1827 ³⁸,
638 1762 767 1814 ὅταν
798 1762 968 1815 κακόν
995 1779 1048 1815 τι
1085 1761 1272 1832 πάσχῃ
1300 1761 1396 1813 καὶ
1428 1760 1648 1831 θήλειαν
1682 1763 1792 1814 ἱκε-

1909 1780 2019 1830 res;
2047 1779 2216 1817 unum
2265 1778 2366 1833 pro
2408 1762 2562 1825 viris,
2602 1761 2835 1815 alterum
2868 1775 2966 1830 pro
2993 1758 3240 1824 feminis;
3283 1760 3376 1828 qui
3412 1758 3482 1812 ad

182 1857 325 1927 τεύῃ
387 1856 545 1909 Θεόν·
621 1854 1031 1924 ποτνιώμενον
1083 1854 1140 1908 δὲ
1189 1854 1361 1924 ἄνδρα
1416 1854 1481 1908 ἄν
1510 1871 1593 1919 τις
1644 1856 1794 1926 εῑπῃ,

188 1950 534 2021 ἁμαρτάνει.
577 1949 702 2002 Ὅτι
730 1948 792 2000 τὸ
816 1948 1005 2017 μόνος
1046 1947 1295 2001 ὲπίτασίν
1325 1963 1458 2016 φασι
1490 1947 1564 2017 μὴ
1595 1946 1802 2016 λαμϐά-

186 2061 307 2095 νειν
335 2045 389 2095 οῖ
440 2040 863 2113 γραμματικοί·
918 2040 1000 2093 διδ
1046 2039 1107 2092 τὸ
1157 2038 1503 2108 μονώτατος
1556 2039 1800 2091 σόλοικον

187 2133 484 2203 ἡγοῦνται.
527 2132 924 2205 Ἀριστοφάνης
948 2131 994 2163 ³⁸
1018 2131 1074 2184 δὲ
1106 2131 1255 2202 ὅμως
1280 2131 1544 2203 κέχρηται
1595 2133 1663 2202 τῇ
1696 2148 1803 2199 φω-

190 2228 289 2297 νῇ.
332 2225 455 2278 Ὅτι
478 2224 541 2278 τὸ
571 2226 628 2277 ὲν
661 2222 928 2294 Θετταλίᾳ
955 2224 1100 2294 ἱερὸν
1156 2224 1495 2295 Ἀφροδίτης
1533 2223 1799 2294 ὀνομάζε-

192 2333 293 2370 ται
320 2317 600 2383 ἀνοσίας,
631 2315 767 2369 διότι
792 2314 892 2386 τὴν
924 2316 1150 2386 ἑταίραν
1182 2315 1282 2385 τὴν
1301 2314 1475 2368 Λαΐδα
1492 2329 1803 2386 παραγενο-

200 2411 383 2480 μένην
434 2408 624 2462 αὐτόθι
670 2406 1087 2478 ὲζηλοτύπησαν
1120 2407 1369 2470 ἐκτόπως
1401 2407 1457 2460 αἱ
1512 2408 1799 2477 γυναῖκες,

191 2502 291 2555 καὶ
333 2500 578 2568 ξυλίναις
601 2499 773 2570 αὐτὴν
811 2496 1102 2553 ἀπώλεσαν
1125 2497 1410 2569 χελώναις.
1434 2499 1556 2551 Ὅτι
1585 2498 1709 2561 ἔθος
1748 2498 1794 2530 ³³

189 2589 264 2665 ἦν
301 2595 365 2647 ὲν
412 2591 665 2660 Ἀθήναις
698 2589 1026 2661 φαρμακοὺς
1061 2590 1220 2658 ἄγειν
1245 2590 1373 2655 δύο,
1409 2589 1500 2642 τὸν
1542 2589 1641 2660 μὲν
1663 2588 1803 2660 ὑπὲρ

196 2686 439 2759 ἀνδρῶν,
462 2688 555 2740 τὸν
575 2686 632 2738 δὲ
663 2685 709 2718 ³⁸
752 2686 891 2755 ὑπὲρ
909 2685 1206 2752 γυναικῶν,
1229 2684 1367 2755 πρὸς
1397 2684 1489 2737 τὸν
1510 2683 1796 2753 καθαρμὸν

198 2777 705 2850 ἁγομένους.[1591
737 2776 947 2848 8.]Καὶ
973 2779 1001 2830 ό
1030 2776 1129 2847 μὲν
1154 2776 1264 2830 τῶν
1293 2774 1504 2849 ἀνδρῶν
1542 2774 1801 2846 μελαίνας

202 2872 433 2943 ἰσχάδας
462 2871 594 2942 περὶ
623 2869 715 2922 τὸν
765 2868 1036 2939 τράχηλον
1092 2865 1229 2939 εἶχε,
1261 2866 1463 2928 λευκὰς
1501 2865 1545 2919 δ’
1579 2865 1797 2936 ἅτερος.

198 2966 508 3033 Συόἀκχοι
529 2964 571 2995 ³⁷
591 2963 670 3027 δὲ,
706 2963 893 3032 φησὶν,
918 2961 1282 3032 ὠνομάζοντο.
1314 2960 1387 3013 Τὸ
1423 2958 1481 3012 δὲ
1503 2958 1802 3028 καθάρσιον

197 3057 361 3111 τοῦτο
392 3053 663 3124 λοιμικῶν
694 3052 870 3106 νόσων
903 3050 1355 3123 ἀποτροπιασμὸς
1379 3047 1471 3153 ἦῃν,
1500 3049 1669 3103 λαϐὸν
1698 3049 1798 3119 τὴν
1834 3092 1881 3153 c

199 3149 379 3220 ἀρχὴν
432 3148 543 3202 ἀπὸ
585 3146 886 3217 Ἀνδρόγεω
927 3143 1020 3197 τοῦ
1076 3144 1318 3216 Κρητὸς,
1352 3135 1439 3213 ,οὗ
1472 3143 1799 3213 τεθνηκότος

205 3240 263 3292 ἐν
293 3241 422 3301 ταῖς
465 3235 721 3307 Ἀθήναις
756 3235 1091 3307 παρανόμως
1119 3234 1219 3303 τὴν
1256 3234 1512 3304 λοιμικὴν
1530 3234 1801 3303 ἐνόσησαν

198 3334 250 3386 oi
297 3331 578 3401 Ἀθηναῖοι
609 3329 788 3395 νόσον,
813 3331 909 3382 καὶ
927 3330 1148 3405 ἐκράτει
1172 3327 1234 3381 τὸ
1260 3326 1381 3390 ἔθος
1418 3327 1504 3380 ἀεὶ
1526 3325 1809 3395 καθαίρειν

196 3426 304 3496 τὴν
325 3423 486 3476 πόλιν
503 3424 615 3485 τοῖς
639 3420 1109 3492 φαρμακοῖς.“υτι
1130 3419 1310 3489 ὀργὰς
1330 3418 1428 3489 μὲν
1445 3417 1659 3483 κοινῶς,
1680 3420 1816 3487 φησὶ

200 3518 408 3585 πᾶσαή
433 3514 528 3583 γῆ,
551 3514 651 3584 ὅση
673 3512 954 3581 ἐπιτηδεία
971 3512 1108 3583 πρὸς
1133 3509 1361 3580 καρπῶν
1378 3509 1560 3579 γονάς’
1590 3508 1811 3579 ὀργάδα

201 3610 263 3664 δὲ
283 3608 431 3671 ἰδίως
454 3606 684 3661 ὲκάλουν
708 3607 757 3658 οἱ
774 3605 1047 3676 Ἀθηναῖοι
1074 3604 1175 3674 τὴν
1200 3607 1322 3656 ταῖν
1345 3602 1497 3655 θεαῖν
1519 3602 1815 3672 ἀνειμένην

202 3703 309 3772 τῆς
352 3698 611 3767 Ἀττικῆς
649 3697 851 3768 μεταξὺ
876 3697 973 3750 καὶ
1013 3696 1114 3765 τῆς
1152 3694 1479 3766 Μεγαρίδος.
1506 3692 1699 3765 ὥσπερ
1722 3693 1817 3746 καὶ

208 3792 386 3860 Ἴδην
406 3792 507 3861 μὲν
522 3791 715 3853 κοινῶς
730 3788 961 3843 ἕκαστον
985 3787 1131 3858 ὅρος,
1150 3786 1209 3851 ἐξ
1225 3780 1285 3840 οὗ
1305 3786 1488 3858 ῥᾴδιόν
1514 3788 1662 3838 ἐστιν
1686 3786 1816 3838 ἰδεῖν

204 3885 284 3938 τὰ
312 3887 491 3948 κάτω,
530 3882 675 3946 ἰδίως
699 3883 756 3935 δὲ
807 3882 1035 3952 Κρήτης
1071 3896 1131 3932 τε
1171 3880 1264 3932 καὶ
1291 3879 1493 3950 Τροίας
1538 3877 1665 3950 ὅρη.
1695 3878 1809 3932 Καὶ

198 3979 351 4047 ῥίον
389 3976 510 4047 μὲν,
567 3976 723 4045 φησὶ,
755 3974 987 4044 λέγομεν
1032 3972 1178 4026 ἆπαν
1209 3971 1388 4040 ὅρους
1439 3972 1808 4042 ἀκρωτήριον,

216 4070 371 4133 ἰδίως
418 4068 475 4121 δὲ
502 4066 564 4120 τό
596 4065 941 4137 Μολυκρικόν
965 4064 1016 4097 ³⁸
1036 4104 1053 4120 .
1086 4064 1199 4117 Καὶ⁹
1253 4063 1449 4133 ἰσθμὸς
1478 4062 1578 4133 μὲν
1610 4060 1808 4126 κοινῶς

209 4164 368 4217 ἆπαν
401 4161 464 4214 τὸ
495 4161 601 4214 ὑπὸ
640 4160 784 4214 δυοῖν
812 4157 1067 4228 πελαγῶν
1115 4157 1533 4229 περιεχόμενον,
1568 4155 1713 4219 ίδίως
1751 4154 1813 4208 δὲ

208 4253 278 4308 τὸ
302 4253 508 4323 χωρίον
550 4253 689 4323 ὅπερ
746 4250 914 4320 ίσθμὰ
950 4248 1229 4320 Κορίνθιοι
1251 4248 1380 4321 [875
1408 4246 1504 4318 Η.]
1531 4246 1805 4315 λέγουσιν.

220 4344 511 4407 Ὡσαύτως
536 4346 630 4397 καὶ
656 4344 986 4416 χερρόνησος
1011 4340 1208 4405 κοινῶς
1243 4341 1342 4413 μὲν
1370 4343 1480 4394 πᾶν
1501 4340 1563 4393 τὸ
1593 4341 1699 4393 ὑπὸ
1724 4339 1820 4392 θα-

1901 1855 2266 1924 expiationem
2310 1855 2662 1910 ducerentur.
2707 1853 2963 1908 Virorum
2997 1854 3249 1923 expiatur
3300 1854 3485 1923 nigras

1902 1949 2113 2003 caricas
2146 1947 2353 2003 circum
2387 1947 2586 2001 collum
2621 1945 2831 2009 habuit,
2870 1946 3007 1999 alter
3037 1961 3168 2000 vero
3203 1946 3374 2008 albas.
3416 1943 3485 1998 Et

1904 2038 2209 2110 συμϐάκχοι
2232 2038 2496 2093 nominati
2512 2044 2659 2093 sunt.
2684 2036 2808 2092 Hac
2828 2051 2959 2091 vero
2981 2036 3219 2105 expiatio
3237 2037 3399 2090 ﬁebat
3417 2036 3485 2089 ad

1901 2133 2219 2204 pestilentes
2264 2132 2490 2186 morbos
2538 2129 2888 2199 depellendos
2940 2138 3043 2183 :et
3078 2128 3148 2182 ab
3196 2127 3487 2197 Androgeo

1901 2226 2123 2282 Creensi
2182 2225 2399 2280 initium
2464 2221 2699 2292 sumpsit
2758 2236 2926 2291 :quo
2998 2221 3188 2291 inique
3256 2220 3490 2275 Athenis

1903 2318 2209 2385 interfecto,
2239 2317 2600 2371 Atheuienses
2627 2322 2778 2385 peste
2796 2314 3149 2368 laborarunt:
3186 2320 3241 2367 et
3259 2313 3490 2367 invaluit

1904 2412 1993 2467 hic
2025 2413 2166 2467 ritus
2210 2409 2479 2466 lustrandi
2512 2409 2703 2463 urbem
2752 2418 3013 2478 perpetuo
3060 2405 3489 2475 expiationibus.

1903 2503 2105 2574 Ὀργὰς
2125 2502 2345 2573 quidem
2374 2500 2739 2555 communiter
2762 2499 2946 2553 omnis
2967 2498 3167 2552 dicitur
3194 2506 3339 2551 terra
3366 2513 3490 2567 qua

1903 2606 1985 2652 est
2035 2603 2161 2666 apta
2214 2594 2282 2649 ad
2333 2592 2548 2647 fructus
2601 2590 2975 2661 procreandos
3007 2605 3022 2642 :
3050 2587 3258 2659 ὀργάδα
3306 2598 3488 2644 autem

1912 2691 2132 2761 proprie
2169 2678 2532 2743 AthenienSes
2584 2693 2785 2740 vocant
2830 2693 3058 2750 terram,
3083 2700 3206 2754 qua
3233 2692 3317 2739 est
3350 2684 3493 2737 inter

1904 2783 2141 2838 Atticam
2183 2790 2239 2836 et
2291 2779 2623 2851 Megaridem
2676 2777 2894 2833 duabus
2951 2786 3226 2831 sacratam
3257 2776 3491 2831 deabus.

1905 2869 2412 2940 Quemadmodum.
2462 2878 2519 2924 et
2582 2867 2743 2924 Idam
2824 2870 3196 2924 communiter
3271 2866 3494 2937 quidem

1908 2977 2356 3035 unumquemque
2384 2970 2627 3017 montem
2658 3003 2675 3029 ,
2704 2959 2849 3016 unde
2875 2959 3134 3016 inferiora
3169 2969 3495 3027 cernuntur,

1909 3055 2130 3125 proprie
2186 3066 2320 3107 vero
2360 3042 2544 3106 Creta
2593 3060 2648 3105 et.
2712 3049 2893 3120 Troja
2947 3059 3187 3105 montes.
3246 3050 3310 3103 Et
3383 3049 3497 3121 ῥίον

1913 3161 2137 3202 omnem
2200 3145 2406 3200 montis
2465 3144 2710 3197 verticem
2762 3143 3038 3206 dicimus,
3098 3141 3318 3212 proprie
3368 3155 3501 3193 vero

1914 3237 2248 3307 Molycrion.
2308 3236 2577 3291 lsthmum
2640 3234 2806 3289 etiam
2876 3233 3269 3295 communiter,
3337 3246 3502 3285 omne

1911 3330 2056 3400 quod
2087 3329 2289 3399 duplici
2322 3328 2583 3397 utrinque
2610 3328 2747 3382 mari
2784 3326 3081 3387 clauditur,
3122 3325 3340 3393 proprie
3375 3339 3503 3377 vero

1913 3420 2098 3476 locum
2185 3435 2348 3490 quem
2427 3418 2630 3474 lsthma
2687 3417 2958 3473 Corinthii
3025 3424 3249 3472 vocant.
3337 3415 3504 3470 Simi-

1915 3513 2039 3570 liter
2115 3522 2172 3570 et
2234 3511 2619 3569 Chersonesus
2693 3511 3069 3580 communiter
3132 3525 3294 3565 omne
3357 3508 3504 3578 quod

1922 3608 2165 3663 maxima
2204 3614 2359 3677 parte
2408 3620 2564 3660 mare
2613 3602 2913 3667 clauditur,
2966 3611 3023 3657 et
3070 3602 3139 3657 ab
3190 3618 3300 3656 una
3354 3612 3507 3672 parte

1917 3699 2208 3754 continens
2235 3706 2320 3753 est
2345 3738 2360 3762 ,
2389 3696 2611 3767 proprie
2642 3711 2774 3751 vero
2811 3696 2968 3751 locus
3010 3693 3279 3750 Thracia.
3313 3695 3381 3748 Et
3408 3694 3507 3748 Αί-

1916 3792 2105 3861 γιόλον
2136 3791 2357 3861 quidem
2389 3798 2445 3845 et
2486 3790 2661 3860 ἀκτὴν
2701 3789 3072 3845 communiter
3109 3788 3293 3842 omnia
3322 3788 3506 3841 littora

1917 3896 2200 3945 vocamus,
2233 3881 2453 3950 proprie
2508 3895 2640 3934 vero
2697 3879 2934 3933 Atticam
2970 3877 3145 3947 ἀκτὴν
3195 3877 3503 3931 nominant.

1925 3972 2190 4029 Similiter
2211 3981 2265 4027 et
2299 3971 2557 4040 Αίγιάλον
2587 3971 2911 4041 simpliciter
2942 3971 3133 4025 dicunt
3157 3969 3335 4023 locum
3359 3970 3506 4023 circa

1919 4069 2142 4123 Helicen
2180 4066 2545 4129 maritimum,
2580 4078 2704 4119 cum
2740 4062 3076 4126 sitAchaia,
3103 4061 3247 4114 unde
3280 4060 3511 4114 Achaeos

1920 4155 2217 4225 Αἰγιαλοὺς
2257 4154 2480 4224 quidam
2523 4150 2799 4222 appellare
2849 4149 3048 4204 solent.
3077 4149 3347 4218 Ἤπειρος
3384 4163 3506 4202 om-

1921 4251 2009 4304 nis
2065 4256 2244 4312 terra,
2308 4244 2507 4315 Epirus
2561 4258 2692 4298 vero
2751 4242 2972 4311 proprie
3027 4248 3077 4294 et
3129 4239 3507 4308 Thesprotias.

1922 4341 2276 4412 Anticyram,
2302 4337 2394 4392 ubi
2447 4336 2632 4391 album
2686 4334 3023 4390 helleborum
3058 4333 3327 4397 nascitur,
3361 4332 3511 4385 nullo

208 4437 426 4504 λάσσης
458 4436 556 4488 ἐπὶ
584 4434 838 4487 πλεῖστον
868 4432 1281 4503 περιεχόμενον,
1307 4428 1411 4484 καθ
1430 4430 1443 4451 ’
1469 4429 1531 4481 ἓν
1563 4429 1619 4481 δὲ
1649 4428 1800 4500 μέρος

1919 4434 2048 4491 alibi
2079 4439 2363 4488 crescente
2405 4428 2735 4485 deteriorem
2773 4430 2969 4484 urbem
3015 4425 3355 4482 Phocensem
3390 4441 3513 4480 esse

209 4530 283 4598 τῇ
311 4529 388 4597 γῇ
439 4524 866 4595 συναπτόμενον
924 4524 1021 4576 καὶ
1051 4521 1181 4575 ἴδιον
1223 4520 1281 4573 δὲ
1339 4520 1512 4590 ὄνομα
1568 4519 1810 4590 Θρᾳκίου

210 4622 413 4675 τόπου.
452 4619 564 4673 Καὶ
592 4615 867 4685 αἰγιαλὸν
910 4615 1008 4685 μὲν
1035 4615 1130 4667 καὶ
1157 4613 1332 4685 ἀκτὴν
1364 4611 1551 4674 ἁπλῶς
1582 4612 1652 4664 τὰ
1701 4630 1810 4665 πα-

215 4710 563 4787 ραθαλάττια
598 4711 774 4761 πάντα
801 4708 1059 4778 λέγομεν,
1097 4703 1413 4777 ἰδικώτερον
1439 4703 1496 4756 δὲ
1552 4704 1652 4774 τὴν
1694 4704 1815 4755 Ἀτ-

216 4805 384 4874 τικὴν
406 4804 606 4868 ἀκτὴν
626 4801 897 4869 λέγουσιν.
944 4798 1219 4861 Ὡσαύτως
1242 4798 1337 4851 καὶ⁹
1363 4796 1650 4865 Αἰγιαλὸν
1714 4796 1802 4861 ἐξ.

218 4894 523 4967 ῃρημένως
546 4891 680 4959 φασὶ
712 4891 771 4943 τὸ
798 4889 928 4960 περὶ
954 4886 1286 4959 τὴνἘλίκην
1318 4884 1584 4955 παράλιον
1630 4885 1814 4955 μέρος·

220 4990 341 5040 ἔστι
368 4987 427 5040 δὲ
448 4987 549 5057 τῆς
569 4985 813 5056 Ἀχαΐας,
838 4984 930 5052 ἀφ’
960 4976 1022 5035 οὗ
1042 4980 1282 5043 καὶτοὺς
1345 4978 1598 5049 Ἀχαιοὺς
1619 4978 1820 5045 Αἰγια-

1918 4527 2069 4584 dicit.
2124 4524 2185 4579 1n
2236 4521 2599 4593 sequentibus
2625 4523 2809 4592 quarti
2862 4520 3013 4584 libri,
3047 4518 3509 4589 apophthegmata

1920 4613 2180 4669 nonnulla
2206 4611 2395 4678 refert,
2440 4620 2495 4665 et
2528 4619 2851 4679 argumenta
2902 4612 3150 4679 quadam
3201 4607 3504 4661 Athenien-

1922 4709 2063 4764 sium
2119 4704 2525 4768 humanitatis,
2574 4704 3006 4769 misericordia,
3058 4700 3385 4771 prudentia,
3453 4706 3509 4752 et

1923 4798 2105 4854 decori
2135 4814 2302 4862 cura,
2332 4797 2584 4864 aliusque
2632 4795 2977 4850 sanctitatis:
3020 4794 3161 4848 unde
3194 4792 3355 4846 etiam
3394 4791 3509 4845 hac

1925 4898 2073 4945 sunt.
2135 4888 2369 4958 Fugiens
2415 4890 2726 4961 accipitrem
2787 4887 3020 4941 struthio
3081 4885 3136 4939 in
3203 4884 3506 4952 Areopago,

1939 4981 2034 5034 uni
2064 4980 2405 5051 Areopagita
2459 4981 2513 5034 in
2567 4983 2748 5037 sinum
2784 4979 3025 5045 decidit;
3084 4978 3174 5031 ille
3224 4976 3510 5045 perfugam

222 5082 356 5148 λεῖς
380 5081 424 5113 ³³
449 5079 596 5143 τινὲς
622 5079 848 5131 εἰώθασι
909 5075 1119 5129 καλεῖν.
1145 5073 1256 5127 Καὶ
1290 5070 1396 5143 μὴν
1443 5070 1539 5124 καὶ
1576 5068 1800 5139 ﬁxe/poi

1934 5070 2152 5144 534b,
2183 5089 2308 5128 cum
2343 5090 2565 5131 servare
2590 5075 2909 5138 debuisset,
2938 5071 3236 5127 interfecit.
3273 5067 3519 5122 Senatus

1540 5208 1775 5263 VARIIE
1818 5210 2225 5269 LECTIONES.

297 5312 342 5343 ³¹
369 5309 532 5380 πελίᾳ
560 5307 601 5362 C
629 5326 643 5362 :
672 5306 867 5359 πελεία
889 5323 948 5370 ς.

1103 5305 1306 5394 {eitum
1342 5320 1430 5394 g6.“
1481 5301 1961 5394 "_Cl‘:.‘liuhn‘l§eu.
1986 5304 2058 5392 ad
2098 5305 2239 5394 Tim.
2274 5324 2325 5377 p.
2353 5308 2484 5393 iii.
2542 5307 2946 5394 δ”.ἷΑριστοφλ
2973 5305 3116 5389 Plut.
3147 5373 3165 5394 Ἴ
3194 5302 3239 5333 ³³
3288 5299 3407 5385 ἔθεος
3437 5328 3509 5394 -τ

231 5380 348 5455 δύο]
378 5370 517 5434 uota-
564 5380 870 5455 trimetrum
896 5376 992 5455 (cf,
1042 5370 1224 5455 p._§35
1255 5377 1306 5455 b:
1343 5374 1458 5445 42).
1489 5373 1740 5455 similiter
1762 5372 1914 5455 rin‘fra
1942 5370 2359 5455 nep‘t—a-rsp'oq,
2388 5388 2440 5432 ρι
2464 5380 2556 5431 ἀπ’
2605 5370 2904 5449 tm};pr
2933 5370 2988 5430 λη
3017 5370 3397 5455 Ξὴν“λοιέἐιξδξὴν
3419 5410 3433 5431 ν
3465 5379 3520 5421 ρι

234 5447 415 5507 ἀε“ι’--
434 5451 771 5519 φαρμακοῖς.
793 5440 1056 5519 θιίτῆν-έ
1084 5445 1365 5519 κ’ᾼττικῆς.
1401 5440 1463 5519 et
1497 5443 1641 5519 ἰδίως
1676 5442 1731 5494 δὲ
1762 5440 2108 5519 [fall-6'91],
2147 5457 2200 5502 et
2231 5440 2426 5518 ίέρακα
2449 5479 2521 5490 -
2543 5440 2743 5519 πάγῳ.’
2762 5440 2937 5519 dictv.
2973 5516 2984 5519 _
3014 5440 3177 5499 ³⁶’τὸν
3219 5440 3298 5513 δὲ]
3324 5440 3518 5496 lacuna

245 5525 298 5577 in
340 5523 401 5579 C.
448 5512 528 5553 ’³⁷’
548 5512 815 5591 συσάκχοι
835 5518 876 5574 C
906 5512 1258 5587 ε’συμϐάκχοι
1304 5512 1369 5577 ές.
1445 5516 1492 5549 ³⁵
1524 5512 1854 5585 μολυκρικὸν
1885 5513 1966 5569 C:
1997 5512 2306 5590 Μολύκριον
2338 5538 2399 5585 ς.
2475 5521 2520 5553 ³⁹
2554 5512 2838 5590 αἰγιαλοὺς
2862 5516 3007 5572 libri.

1801 5628 2038 5691 NOTAE.

314 5754 428 5826 (43)
466 5751 649 5809 Utitur
680 5751 772 5807 illo
802 5759 856 5807 et
883 5747 1239 5813 Theocritus,
1275 5756 1327 5803 et
1363 5744 1503 5801 LXX
1545 5746 1882 5814 interpretes.
