3922 6242
395 260 505 325 81')

1488 262 1754 322 PHOTII
1792 260 2308 322 PA'FIUARCHzE
2345 261 2453 321 CP.

3565 250 3685 312 320

396 376 660 432 indicavit
699 376 845 430 hunc
880 382 938 429 ut
989 374 1082 444 qui
1129 373 1296 444 impie
1350 373 1560 431 fecerit.
1607 376 1764 431 Dedit
1811 377 1977 446 igitur

2091 375 2180 442 μὲν
2200 375 2352 427 πᾶσα
2379 375 2412 444 ή
2435 372 2528 441 γῆ·
2555 372 2836 438 Ἦπειρος
2857 368 2914 422 δέ
2939 367 3085 431 ἰδίως
3106 366 3201 421 καὶ
3227 369 3260 435 ἡ
3288 365 3681 437 Θεσπρωτιας.

396 485 590 540 poenas
621 485 725 521 non
753 468 1084 522 struthioni-s
1122 469 1323 539 gratia,
1350 469 1447 524 sed
1471 470 1543 525 ob
1570 469 1974 526 crudelitatem.

400 563 766 618 Humanitatis
800 561 1017 629 (46-47)
1046 561 1173 615 item
1192 570 1246 615 et
1277 563 1774 618 commiserationis
1792 578 1978 618 exem-

401 656 549 723 plum
600 654 1020 707 Demosthenem
1072 651 1304 712 inducit,
1337 661 1662 709 accusatum
1703 653 1775 709 ob
1806 669 1975 723 pecu-

402 747 547 801 niam
573 761 734 815 quam
760 745 829 799 ab
862 744 1098 814 Harpalo
1129 755 1439 816 acceperat,
1459 762 1623 817 quem
1652 748 1765 818 jam
1793 747 1977 817 fugam

402 841 787 899 adornantem,
825 840 1196 893 Athenienses
1216 840 1586 903 retinuerunt,
1619 850 1674 896 et
1699 840 1980 909 trepidan-

404 944 509 988 tem
585 936 1088 988 circumsteterunt.
1144 935 1541 1005 Unusquisque
1606 935 1814 1005 aliquid
1878 937 1982 991 sub

404 1028 567 1081 axilla
604 1038 797 1081 tenens
836 1027 910 1080 illi
946 1044 1047 1098 pro
1076 1028 1277 1082 viatico
1299 1026 1469 1090 dedit,
1510 1028 1600 1082 hic
1638 1044 1860 1092 aurum,
1892 1028 1983 1084 ille

403 1128 711 1188 argentum,
742 1129 797 1173 et
826 1121 1121 1176 clementer
1155 1121 1305 1175 illum
1336 1121 1689 1185 dimiserunt,
1723 1121 1982 1190 bonoque

400 1224 525 1262 esse
557 1209 741 1261 animo
761 1209 1070 1278 jusserunt,
1104 1220 1158 1262 et
1187 1208 1553 1263 calamitatem
1581 1207 1794 1262 fortiter
1820 1207 1981 1260 terre.

403 1300 501 1354 llle
530 1298 848 1370 suspirans:
872 1301 1180 1368 Quomodo,
1215 1301 1586 1370 inquit,—ferre
1607 1309 1799 1371 potero
1824 1299 1983 1355 talem

403 1391 663 1447 deserens
709 1391 925 1453 urbem,
961 1392 1016 1446 in
1068 1408 1172 1461 qua
1209 1393 1363 1446 multi
1412 1392 1550 1447 tales
1600 1401 1731 1447 sunt
1775 1392 1982 1456 hostes,

405 1483 600 1552 quales
628 1483 755 1536 alibi
804 1484 1011 1539 amicos
1034 1484 1155 1552 quis
1190 1499 1297 1537 non
1330 1482 1588 1551 reperiat.
1616 1482 1732 1538 Hoc
1772 1483 1983 1553 apoph-

406 1569 626 1638 thegma
660 1568 979 1625 Eschinem
1017 1572 1225 1626 dixisse
1254 1572 1479 1642 quidam
1513 1572 1737 1636 ferunt,
1765 1574 1987 1643 quando

2079 465 2206 521 Ὅτι
2220 466 2319 535 τὴν
2345 464 2686 535 Ἀντίκυραν,
2708 463 2766 515 ἐν
2842 460 3237 530 φασιζγίνεσθαι
3259 460 3354 512 τὸν
3374 458 3575 511 λευκὸν
3595 458 3688 509 ἐλ-

2078 558 2298 628 λέϐορον
2319 555 2530 618 οὐδενὸς
2547 555 2716 626 χείρω
2762 554 2872 607 τῶν
2897 553 3157 622 ἀλλαχόθι
3189 551 3524 621 γινομένων,
3556 551 3688 602 diu).

2078 648 2239 719 κικὴν
2263 644 2399 700 εἶναι
2424 646 2579 699 πόλιν
2601 644 2896 712 λέγει.”’οτι
2917 645 2976 696 ἐν
3007 645 3119 705 τοῖς
3139 642 3337 711 ἐφεξῆς
3361 640 3456 693 τοῦ
3475 639 3693 709 τετάρ-

2080 757 2175 794 του
2234 738 2395 806 λόγου
2420 735 2824 807 ἁποφθέγματά
2845 752 2968 789 τινα
2996 734 3146 802 λέγει
3183 736 3277 786 καὶ
3308 732 3559 803 σύμϐολα
3577 730 3691 799 τῆς

2093 831 2395 900 Ἀθηναίων
2423 828 2837 900 φιλανθρωπίας
2864 844 2926 880 τε
2958 828 3053 880 καὶ
3077 825 3426 901 συμπαθείας
3446 824 3548 877 καί
3580 824 3693 892 τῆς

2082 923 2338 994 προνοίας
2353 924 2449 975 καὶ
2470 920 2789 991 ἐπιμελείας
2804 917 2900 974 τοῦ
2923 919 3229 990 πρέποντος
3258 919 3354 971 καὶ
3377 917 3476 987 τῆς
3505 915 3690 983 ἄλλης

2081 1016 2379 1086 ὁσιότητοςο
2410 1008 2485 1069 ὧν
2506 1014 2623 1067 ἐστὶ
2643 1014 2737 1067 καὶ
2755 1013 2948 1067 ταῦτα·
2984 1013 3204 1084 Ἱέρακα
3233 1009 3451 1080 φεύγων
3472 1025 3691 1079 στρου-

2084 1114 2176 1177 θὸς
2205 1113 2264 1164 ἐν
2302 1111 2494 1182 Ἀρείῳ
2520 1110 2682 1181 πάγῳ
2712 1110 2821 1164 τῶν
2856 1108 3261 1178 Ἀρεοπαγιτῶν
3289 1107 3408 1170 ἐνὸς
3436 1105 3691 1159 κατέπε-

2086 1223 2180 1258 σεν
2212 1206 2292 1267 εἰς
2322 1203 2416 1257 τὸν
2441 1202 2660 1256 κόλπονν
2687 1201 2717 1255 ὀ
2741 1202 2797 1255 δέ
2822 1201 2914 1255 τὸν
2946 1200 3262 1271 πρόσφυγα,
3289 1198 3408 1252 δέον
3443 1197 3685 1260 σώζειν,

2086 1296 2282 1350 ἀνεῖλε·
2310 1296 2372 1349 τὸ
2395 1295 2453 1349 δέ
2482 1295 2758 1364 συνέδριον
2786 1292 3137 1364 ἀπεκήρυξεν
3161 1291 3236 1355 ὡς
3264 1292 3362 1361 οὐχ
3388 1291 3519 1344 ὅσια
3547 1289 3693 1360 δρά-

2088 1407 2259 1443 σαντα
2306 1388 2521 1441 τοῦτον.
2559 1387 2772 1441 Ἔδωκε
2830 1386 3009 1438 τοίνυν
3030 1385 3152 1455 οὐχὶ
3204 1382 3464 1453 στρουθοῦ
3508 1383 3696 1454 χάριν

2085 1481 2263 1549 δίκην,
2288 1478 2390 1547 τῆς
2410 1477 2467 1531 δ’
2499 1477 2826 1547 ἰταμότητος
2853 1475 2962 1529 τῶν
2987 1476 3225 1547 τρόπων.
3254 1473 3694 1545 Φιλανθρωπίας

2087 1572 2147 1627 δὲ
2174 1573 2221 1604 ⁸ο
2250 1572 2347 1625 καὶ
2385 1569 2730 1642 συμπαθείας
2762 1569 3131 1639 παράδειγμα·
3166 1566 3257 1621 τὸν
3294 1565 3691 1636 Δημοσθένην,

408 1661 706 1724 fugientem
757 1665 1026 1733 arripiens
1072 1664 1492 1731 Demosthenes,
1544 1675 1601 1721 et
1657 1666 1892 1721 amicum
1929 1682 1988 1721 se

2091 1668 2278 1738 φησὶν,
2313 1666 2406 1719 ἐπὶ
2438 1665 2552 1726 τοῖς
2615 1662 2959 1735 ’Δρπαλείοις
3008 1662 3286 1732 χρήμασιν
3328 1659 3512 1714 αἰτίαν
3587 1659 3695 1712 λα-

406 1753 723 1817 ostendens,
778 1728 1029 1810 hortatus
1080 1765 1164 1810 est
1213 1755 1280 1809 ad
1344 1728 1714 1809 calamitatem
1776 1754 1988 1810 fortiter

2095 1728 2389 1812 ϐόλιτα-καὶ
2418 1757 2641 1826 φεύγειν
2677 1728 2939 1826 μέλλοντα
3284 1752 3383 1822 μὲν
3424 1752 3471 1804 oi
3510 1751 3697 1821 Ἀθηο

412 1846 713 1901 ferendam.
761 1848 826 1902 Et
878 1846 1155 1902 Calliclem
1200 1850 1251 1901 in
1293 1849 1483 1924 eadem
1530 1866 1694 1906 causa
1727 1848 1990 1919 pecunia-

408 1955 531 1994 rum
596 1940 815 2012 Harpali
881 1953 1235 2012 suspectum,
1297 1958 1421 2000 cum
1475 1944 1673 2000 adduci
1738 1947 1993 2016 juberent

410 2035 789 2105 Areopagitae,
872 2036 938 2090 ad
1021 2037 1242 2092 domum
1302 2038 1625 2095 accedentes
1677 2039 1773 2109 qui
1834 2041 1992 2098 missi

411 2122 667 2187 fuerant,
719 2124 811 2178 ubi
859 2127 1191 2181 vestibulum
1225 2137 1551 2183 coronatum
1600 2130 1891 2196 viderunt,
1937 2140 1993 2186 et

411 2214 632 2283 cognito
688 2215 910 2283 nuptias
962 2216 1114 2270 illmn
1169 2218 1282 2287 jam
1315 2219 1598 2274 celebrare
1627 2259 1642 2284 ,
1674 2221 1991 2276 desinentes

412 2320 659 2374 quaerere
694 2305 967 2362 abierunt.
993 2305 1107 2361 Non
1141 2309 1286 2362 enim
1319 2324 1536 2378 aequum
1569 2324 1694 2364 esse
1716 2311 1993 2366 duxerunt

412 2400 479 2451 ad
513 2398 792 2452 mulierem
845 2400 1055 2469 ingredi
1101 2417 1223 2471 qua:
1256 2403 1556 2473 nupsisset.
1600 2404 1739 2459 Cum
1799 2415 1992 2461 contra

412 2488 726 2560 Philippum
761 2492 1128 2548 Athenienses
1164 2495 1366 2549 bellum
1403 2510 1676 2567 gererent,
1708 2507 1761 2552 et
1790 2499 1992 2553 multas

412 2583 674 2650 epistolas
723 2583 844 2653 ejus
894 2585 962 2639 ad
1001 2587 1180 2640 varios
1216 2587 1667 2658 intercepissent,
1701 2591 1838 2646 alias
1869 2593 1993 2661 qui-

411 2673 535 2727 dem
571 2674 627 2728 in
675 2688 945 2731 conventu
993 2678 1237 2746 legerunt
1260 2720 1275 2746 ,
1313 2696 1439 2735 cum
1468 2696 1601 2737 vero
1628 2686 1875 2753 quasdam
1913 2685 1995 2741 sic

412 2763 675 2834 inscripta
738 2777 881 2822 esset
930 2787 945 2823 :
999 2769 1288 2841 Philippus
1349 2772 1692 2844 Olympiadi,
1756 2776 1994 2845 populus

414 2855 583 2910 simul
616 2858 981 2927 acclamavit,
1040 2877 1111 2916 ne
1160 2864 1437 2931 aperirent
1492 2880 1671 2934 neque
1713 2866 1991 2935 legerent,

413 2945 560 3014 quod
597 2955 856 3015 putarent
908 2960 1119 3005 secreta
1169 2951 1274 3005 viri
1324 2968 1446 3007 cum
1483 2969 1656 3009 uxore
1682 2958 1994 3013 communi-

2096 1853 2237 1903 ναῖοι
2270 1849 2365 1903 καὶ
2398 1848 2758 1920 περιστάντες
2784 1842 2930 1919 εἴχον
2969 1847 3013 1879 δ’
3036 1846 3399 1919 ὀρρωδοῦντα,
3432 1846 3697 1909 ἕκαστος

2093 1946 2137 1998 δ’
2161 1944 2269 1997 ὑπὸ
2296 1943 2471 2015 μάλης
2497 1943 2709 2014 ἔχωντι
2734 1943 2813 2005 είς
2851 1940 3061 2010 ἐφόδιον
3095 1938 3358 2005 ἐπεδίδου,
3386 1940 3415 1993 ὁ
3449 1937 3565 2008 μὲν
3592 1938 3699 2007 ἁρ-

2093 2037 2303 2109 γύριον,
2320 2040 2348 2091 ὁ
2374 2037 2431 2090 δέ
2452 2036 2693 2108 χρυσίον,
2711 2033 2807 2088 καὶ
2826 2032 3187 2105 προύπεμπον
3214 2031 3375 2088 αὐτὸν
3399 2030 3695 2101 εὐμενῶς,

2094 2134 2189 2189 καὶ
2225 2134 2448 2206 θαρρεῖν
2473 2131 2721 2185 ἐκέλευον
2749 2130 2844 2183 καί
2869 2129 3056 2200 φέρειν
3088 2128 3185 2197 τὴν
3237 2126 3529 2196 συμφορὰν
3555 2142 3696 2191 γενο

2093 2228 2278 2292 ναίως⁸
2308 2229 2336 2280 ό
2356 2227 2410 2280 δὲ
2430 2224 2817 2292 ἀναστενάξας,
2844 2226 3000 2289 Πῶς,
3030 2223 3155 2295 ἔφη,
3180 2223 3381 2293 φέρειν
3402 2220 3698 2289 δυνήσο-

2090 2341 2217 2392 μαι,
2265 2322 2552 2388 τοιαύτην
2592 2316 3032 2386 ἀπολιμπάνων
3070 2317 3273 2378 πόλιν,
3308 2315 3375 2367 ἐν
3465 2314 3693 2367 τοιοῦ-

2091 2433 2181 2469 τοι
2209 2414 2623 2484 τυγχάνουσιν
2648 2411 2869 2482 ἐχθροὶ,
2898 2411 3075 2476 ἰοἵους
3114 2413 3224 2464 οὐκ
3255 2410 3331 2463 ἄν
3363 2428 3452 2476 τις
3476 2409 3696 2463 ἀλλα-

2091 2508 2223 2575 χόθι
2297 2508 2514 2576 φίλους
2571 2504 2860 2573 septimas;
2893 2506 2941 2557 οἱ
2991 2503 3049 2556 δέ
3098 2502 3255 2557 τοῦτο
3306 2502 3368 2555 τὸ
3429 2502 3697 2571 ἀπόφθε-

2093 2617 2209 2669 γμα
2241 2599 2503 2669 Αἰσχίνην
2558 2599 2810 2666 λέγουσιν
2885 2598 3062 2651 εἰπεῖν
3094 2638 3110 2665 ,
3164 2595 3327 2666 ἡνίκα
3397 2594 3696 2663 φεύγοντα

2093 2689 2418 2744 καταλαϐὼν
2482 2689 2833 2762 Δημοσθένης
2919 2689 3015 2743 καὶ
3109 2685 3694 2756 φιλοφρονησάμενος,

2091 2781 2392 2853 παρηγγύα
2459 2782 2503 2814 δ’
2562 2783 2751 2854 φέρειν
2842 2779 2903 2834 τὸ
2974 2778 3323 2851 συμϐεϐηκὸς
3379 2776 3691 2846 γενναίως.

2092 2877 2205 2930 Καὶ
2268 2874 2580 2929 Καλλικλέα
2652 2875 2708 2928 δὲ
2770 2873 2864 2927 ἐπὶ
2936 2874 3004 2943 τῇ
3078 2872 3218 2940 αὐτῇ
3273 2868 3381 2922 τῶν
3458 2869 3696 2938 Ἀρπα-

2092 2966 2252 3020 λείων
2300 2966 2601 3037 χρημάτων
2635 2963 2785 3035 αἰτίᾳ
2828 2964 3083 3016 ὑπόνοιαν
3120 2960 3471 3032 παρασχόντα
3519 2960 3697 3014 ἐπεί-

414 3039 596 3093 canda
622 3055 729 3094 non
752 3055 875 3095 esse
906 3041 959 3095 in
987 3042 1207 3111 vulgus,
1239 3044 1340 3099 etsi
1372 3044 1670 3115 profuisset
1696 3047 1802 3102 illis
1828 3049 1988 3104 scire.

2097 3078 2201 3133 περ
2233 3060 2389 3127 ἄγειν
2447 3060 2740 3113 ἐκέλευσαν
2784 3059 2834 3111 οἰ
2884 3056 3296 3128 Ἀρεοπαγῖται,
3355 3055 3453 3125 τὴν
3494 3055 3694 3109 οἰκίαν

410 3128 564 3182 Adeo
595 3129 954 3185 Athenienses
985 3132 1118 3186 utile
1150 3133 1382 3189 honesto
1415 3150 1525 3188 non
1561 3138 1987 3205 anteponebant.

412 3222 622 3294 Magna:
644 3240 777 3279 vero
800 3225 1014 3295 pietatis
1050 3226 1289 3297 signum,
1322 3229 1468 3298 quod
1490 3230 1749 3293 tumultu,
1772 3240 1827 3285 et
1853 3231 1992 3287 sedi-

412 3320 546 3372 tioni
574 3318 701 3389 Argi
741 3320 1035 3385 concitata,
1068 3335 1230 3389 quam
1262 3322 1635 3393 scytalismum
1669 3323 1990 3393 (47‘)voca-

413 3420 561 3477 runt,
592 3411 738 3480 quod
787 3426 848 3467 se
899 3413 1133 3467 invicem
1167 3412 1429 3469 ferientes
1476 3415 1627 3470 mille
1663 3416 1993 3485 quingentos

414 3502 833 3569 interfecerint,
879 3503 987 3558 hoc
1050 3502 1278 3559 Athenis
1307 3504 1618 3559 nuntiatum
1649 3514 1757 3571 est,
1790 3522 1895 3576 qua
1933 3523 1994 3564 re

415 3597 589 3649 solum
614 3595 821 3655 audita,
847 3602 898 3648 et
935 3597 1221 3663 peregrino
1251 3598 1495 3653 facinore
1519 3600 1773 3668 perculsi,
1801 3601 1994 3657 decre-

415 3698 612 3741 verunt
642 3686 920 3740 civitatem
949 3689 1132 3741 statim
1160 3689 1470 3745 universam
1517 3692 1863 3761 expiandam.
1926 3692 1996 3750 Et

414 3778 716 3834 Praxiteles
733 3780 951 3848 quidam
975 3780 1197 3835 nomine
1214 3782 1435 3837 arietem
1461 3783 1642 3837 vivum
1667 3787 1991 3853 excoriavit,

414 3880 469 3925 et
499 3872 600 3925 hoc
620 3870 822 3925 factum
842 3874 1370 3935 exsecrantes,illum
1396 3873 1508 3945 (48)
1536 3874 1734 3946 535a
1761 3877 1993 3935 fustibus

416 3963 687 4017 caedentes
719 3964 1036 4032 puniernnt,
1074 3980 1184 4019 non
1234 3967 1419 4021 arietis
1448 3969 1743 4023 vmdictam
1802 3984 1996 4039 capere

413 4058 681 4121 volentes,
713 4059 805 4112 sed
832 4058 1007 4112 virum
1028 4058 1200 4123 exosi,
1226 4057 1373 4127 quod
1398 4059 1735 4129 tyrannicam
1755 4070 1995 4117 mentem

2098 3150 2498 3213 καταλαϐόντες
2543 3151 2594 3203 οι
2635 3150 3040 3220 ἀπεσταλμένοι
3090 3149 3185 3202 καὶ
3214 3146 3261 3179 ⁸³
3310 3147 3380 3201 τὰ
3425 3145 3696 3217 πρόθυρα

2100 3244 2300 3307 ἰδόντες
2325 3243 2748 3313 ἐστεφανωμένα
2796 3242 2889 3296 καὶ
2918 3243 3138 3311 γνόντες
3185 3242 3262 3304 ὡς
3313 3240 3398 3310 εἴη
3431 3238 3694 3303 τεθυκὼς

2097 3336 2215 3391 νυνὶ
2237 3337 2448 3406 γάμους
2467 3336 2535 3400 ⁸⁸,
2557 3336 2785 3404 ἀφέντες
2818 3334 2914 3406 τὴν
2944 3333 3174 3405 ζήτησιν
3194 3334 3549 3405 ἀνεχώρησαν
3570 3349 3590 3365 ο
3632 3334 3694 3386 οὗ

2099 3425 2207 3495 γὰρ
2244 3424 2502 3495 ᾠήθησαν
2524 3441 2545 3477 ε
2572 3423 2604 3476 ῦ
2624 3422 2768 3493 ἔχειν
2790 3421 3129 3476 ἐπεισελθεῖν
3158 3420 3377 3489 γυναικὶ
3398 3422 3693 3491 νεογάμῳ.

2102 3518 2268 3592 [1595
2314 3517 2413 3590 R.]
2444 3517 2553 3571 Kal
2586 3515 2680 3570 τοῦ
2711 3516 2848 3590 πρὸς
2886 3517 3156 3569 Φίλιππον
3183 3515 3241 3569 δέ
3275 3517 3385 3578 τοῖς
3423 3513 3697 3583 Ἀθηναία

2095 3628 2180 3673 ot;
2211 3610 2293 3663 ἔτι
2321 3608 2653 3673 συνεστῶτος
2708 3607 2972 3677 πολέμου,
3004 3608 3125 3659 ἐπεὶ
3155 3605 3455 3676 γράμματα
3508 3604 3695 3657 αὐτοῦ

2101 3702 2239 3771 πρὸς
2278 3702 2567 3774 διαφόρους
2610 3700 3041 3771 συνελήφθησαν,
3088 3699 3159 3751 τὰ
3207 3698 3305 3767 μὲν
3335 3696 3467 3751 ἄλλα
3522 3696 3594 3749 ἐν
3626 3701 3694 3769 τῇ

2101 3792 2366 3863 ἐκκλησία
2394 3791 2812 3859 ἀνεγινώσκετο,
2852 3788 3162 3862 ἐπιγραφὴν
3189 3788 3244 3842 δέ
3302 3805 3447 3851 τινος
3496 3804 3694 3857 γραμο

2105 3881 2326 3951 ματείου
2387 3881 2600 3952 ἔχοντος
2654 3880 3009 3949 Ὀλυμπιάδι
3076 3881 3372 3944 Φίλιππος
3420 3880 3448 3931 ὁ
3503 3877 3694 3948 δῆμος

2101 3975 2218 4044 ἅμα
2232 3975 2276 4007 ’⁸
2304 3974 2497 4046 ἐϐόησε
2511 3972 2558 4007 ⁸⁸
2592 3977 2729 4044 μήτε
2755 3972 2902 4026 λύειν
2918 3974 3055 4044 μήτε
3087 3972 3513 4042 ἀναγινώσκειν*
3541 3972 3697 4042 πρὸς

2099 4066 2210 4138 γὰρ
2260 4066 2508 4137 γαμετὴν
2556 4067 2793 4133 γυναῖκα
2825 4066 2926 4134 τὴν
2978 4064 3065 4118 διὰ
3092 4063 3437 4135 γραμμάτων
3462 4062 3693 4131 ὁμιλίαν

416 4151 663 4213 haberet,
688 4158 742 4205 et
769 4166 966 4205 novam
998 4152 1267 4208 rationem
1296 4152 1576 4208 cruciatus
1602 4154 1988 4225 excogitasset.

2102 4157 2412 4228 ἀπόρρητον
2460 4156 2648 4226 ἀνδρὸς
2680 4157 2778 4209 οὐκ
2818 4156 3073 4227 ἐνόμισαν
3100 4154 3445 4223 δημοσιεύειν
3481 4155 3691 4224 εὐπρε-

414 4244 517 4306 πὲς
550 4239 709 4296 εἶναι.
749 4244 947 4297 Καίτοι
988 4244 1284 4313 συνέφερεν
1329 4244 1515 4305 αὐτοῖς
1539 4243 1583 4275 ⁸⁷
1616 4243 1784 4315 μηδὲν
1837 4243 2142 4299 λανθάνεινο
2183 4244 2298 4299 ἀλλ’
2349 4244 2426 4307 ὡς
2477 4244 2750 4315 Ἀθηναῖοι
2795 4244 2858 4297 τὸ
2897 4243 3032 4315 πρὸς
3078 4243 3217 4315 [874
3266 4240 3373 4313 Η.]
3432 4240 3690 4294 εὔκλειαν

415 4339 581 4408 φέρον
613 4338 708 4392 τοῦ
755 4336 1159 4401 λυσιτελοῦντος
1192 4338 1293 4392 οὐκ
1324 4338 1535 4398 ἕέθεντο
1571 4338 1844 4411 δεύτερον.
1887 4342 1999 4411 Τῆς
2035 4339 2093 4392 δὲ
2126 4338 2327 4409 πολλῆς
2352 4337 2640 4401 εὐλαϐείας
2670 4339 2995 4409 τεκμήριον,
3027 4337 3110 4389 ὅτι
3147 4335 3390 4397 στάσεως
3448 4335 3510 4388 ἐν
3551 4334 3691 4404 Ἀρ-

415 4449 502 4500 γει
539 4432 836 4502 γενομένης
892 4431 1149 4502 σφοδρᾶς,
1178 4431 1248 4503 ἢν
1295 4431 1342 4465 ⁸⁸
1376 4433 1742 4505 σκυταλισμόν
1787 4433 2096 4501 ἐκάλεσαν,
2164 4434 2299 4490 διότι
2350 4434 2602 4496 παίοντες
2652 4432 2917 4501 ἀλλήλους
2988 4429 3200 4485 ἀνεῖλον
3263 4428 3474 4498 χιλίους
3543 4444 3684 4481 πεν-

415 4523 725 4588 τακοσίους,
778 4524 937 4578 τοῦτο
992 4526 1333 4594 ἁπαγγελθέν
1360 4529 1440 4590 εἰς
1477 4526 1521 4558 ’⁵⁸
1574 4527 1674 4591 τὰς
1741 4526 1972 4597 Ἀθήνας
2009 4527 2173 4580 ἓνεκα
2201 4530 2300 4598 τῆς
2364 4528 2534 4598 ἀκοῆς
2597 4524 2765 4596 μόνης
2809 4523 3166 4594 ἐψηφίσαντο,
3231 4520 3685 4588 καταπλαγέντες

416 4633 476 4687 τὺ
514 4632 684 4699 ξένον,
710 4632 837 4703 ὃλην
860 4631 1100 4704 καθᾶραι
1130 4631 1228 4703 τὴν
1278 4632 1433 4686 πόλιν
1469 4634 1787 4701 παραυτίκα
1813 4634 1883 4689 ⁸⁸.
1905 4635 2017 4689 Καὶ⁸
2053 4634 2391 4707 Πραξιτέλης
2416 4634 2474 4689 δέ
2495 4652 2581 4699 τις
2609 4634 2780 4705 ὄνομα
2799 4633 2953 4705 κριὸν
2992 4633 3229 4705 ἐξέδειρε
3294 4631 3499 4698 ζῶντα·
3547 4632 3687 4687 ἀλλὰ

1754 4764 1993 4821 VARUE
2030 4765 2443 4821 LECTIONES.

488 4859 533 4892 ’⁸ο
552 4860 610 4913 δὲ
630 4860 670 4912 C
710 4877 725 4913 ε
755 4876 815 4911 τε
847 4876 908 4923 ς.
982 4859 1025 4929 f“
1052 4854 1219 4929 εῒχον]
1240 4855 1288 4911 εἷ
1319 4858 1381 4913 C.
1456 4856 1502 4889 "
1528 4858 1649 4913 libri
1668 4859 1960 4929 παρεγγυᾷ
2029 4859 2075 4890 ⁴³
2106 4857 2203 4910 καὶ
2232 4856 2359 4911 add.
2387 4858 2450 4913 Ο.
2526 4856 2583 4929 “7
2608 4857 2808 4927 γάμοις
2842 4857 2989 4913 libri.
3014 4928 3019 4929 ν
3063 4858 3110 4929 ξ’
3137 4855 3275 4928 ἅμα]
3300 4857 3487 4911 malim
3512 4858 3677 4921 ἄπας.

420 4934 465 4966 ⁸⁸
495 4942 618 5002 post
639 4929 831 5001 ἐϐόησε
873 4930 925 4982 in
966 4928 1007 4983 C
1080 4927 1279 5002 lacuna
1318 4939 1404 5002 est
1440 4937 1648 5002 septem
1680 4927 1775 5002 aut
1818 4927 1943 5002 octo
1972 4929 2496 5002 litterarmncapax.
2527 4928 2617 5002 h‘f
2659 4930 2844 5002 αὐτοῖς
2882 4927 3092 5002 μηδὲν]
3138 4928 3224 5002 his
3258 4930 3681 5002 transponendis

419 4997 651 5057 metrum
692 4997 945 5053 restitues
967 4999 1173 5052 ικαίτοι
1205 5000 1467 5069 συνέφερε
1496 4997 1677 5069 μηδὲν
1706 5000 1892 5063 αὐτοῖς
1914 4998 2230 5069 λανθάνεινξ
2272 4998 2387 5051 ἀλλ’
2416 5001 2493 5060 ὡς
2527 4998 2803 5069 Ἀθηναῖοι
2847 4997 2908 5051 τὸ
2937 4997 3355 5068 πρὸςεῦκλειαν
3388 4999 3559 5067 φέρον
3586 4998 3677 5051 τοῦ

418 5071 823 5132 λυσιτελοῦντος
846 5071 945 5122 οὐκ
974 5070 1159 5122 ἔθεντο
1185 5068 1459 5140 δεύτερον.
1498 5068 1569 5102 ίδ⁸
1590 5068 1681 5191 ἣνξ
1713 5071 1779 5141 ἣν
1825 5071 1919 5122 καὶ
1968 5068 2031 5123 C.
2105 5071 2149 5101 ⁸⁹
2181 5068 2282 5131 εἰς.
2361 5070 2406 5099 ⁵ο
2434 5068 2771 5138 παραυτίκα,
2823 5070 2876 5121 hi
2908 5084 3018 5137 quo
3043 5084 3156 5138 que
3200 5069 3429 5121 trimetri
3482 5079 3592 5121 tres
3626 5077 3675 5121 et

419 5160 545 5191 mox
568 5158 620 5191 n.
651 5142 754 5191 535
772 5140 1124 5191 τιιιωοίαν.θῐ
1145 5141 1483 5191 τυραννικόν.
1508 5149 1562 5191 et
1587 5158 1657 5191 κα
1709 5140 1899 5191 “timet
1917 5139 2308 5191 Βόρϐορονοιοί
2333 5140 2379 5191 δ’
2397 5140 2640 5191 αύτὸν.ει
2665 5140 2793 5191 ὼοῦ.
2822 5143 3116 5191 μαρτυρεῖν
3137 5138 3213 5191 δὲ.
3235 5136 3671 5191 τοῦνομαπιῗδιὸ-

419 5160 545 5199 mox
568 5158 620 5211 p.
651 5142 754 5196 535
772 5140 1124 5209 τιμωρίαν,θῐ
1145 5136 1483 5208 τυραννικόν,
1508 5149 1562 5194 et
1587 5136 1681 5211 καῖ
1709 5136 1899 5211 “temet
1916 5139 2245 5211 βόρϐορονζοιΒ
2261 5141 2308 5191 οἰ
2333 5140 2379 5191 δ’
2397 5136 2640 5211 aii-gomet
2665 5140 2793 5206 ὼοῦ,
2821 5136 3116 5210 μαρτυρεῖν
3137 5138 3213 5205 δὲ,
3235 5136 3671 5211 τοῦνομα,οιξδιό-

419 5210 611 5285 τιπερ,
640 5212 956 5283 οιδοράν,οι
978 5227 1037 5263 το
1062 5211 1137 5277 δὲ,
1166 5218 1218 5264 ct
1246 5211 1470 5281 κυρίως,
1499 5210 1676 5275 θιέζω
1704 5210 1800 5282 (ita
1831 5212 1974 5266 enim
2004 5210 2399 5279 legendum),et
2423 5210 2615 5279 ψόφον.

1945 5328 2178 5384 ΝΟΤᾹΞ.

499 5431 590 5499 (46
618 5432 707 5501 47)
734 5430 1097 5485 Humanitatis
1116 5431 1165 5483 in
1193 5429 1624 5501 Demosthenem.
1649 5427 1995 5501 P_I_utarch_._in
2105 5444 2225 5501 cap.
2256 5428 2309 5501 9.

426 5494 811 5560 Demosthene.
839 5502 970 5554 etin
1007 5501 1050 5554 Χ
1076 5501 1297 5555 Graeciae
1325 5500 1653 5553 oratoribus.
1677 5498 1784 5554 Nos
1820 5499 1874 5552 in
1908 5498 1998 5551 Vi-
2174 5494 2292 5568 (48)
2346 5497 2480 5554 Vide
2553 5498 2734 5553 simile
2808 5496 2863 5550 in
2919 5496 3288 5551 controversia
3341 5496 3535 5568 ultima
3577 5494 3653 5549 Se—

442 5574 515 5628 tis
538 5572 808 5637 parallelis
829 5576 892 5622 aut
919 5572 1281 5639 Olympiadem
1318 5569 1439 5629 H3,
1466 5570 1669 5623 anﬂet
1689 5570 1743 5623 5.
2110 5584 2259 5622 iteca:
2286 5611 2301 5635 ,
2342 5581 2397 5624 ct
2426 5569 2564 5638 apud
2611 5568 3021 5639 Quintilianum
3076 5568 3140 5620 de
3181 5581 3352 5635 puero
3383 5567 3659 5621 cornicum

502 5641 650 5711 (47*)
685 5640 812 5696 Vide
839 5637 1112 5695 Σκυθαλόν
1157 5644 1211 5695 in
1256 5639 1545 5694 Thesauro.
1588 5640 1832 5710 Agellius
1867 5655 2001 5707 xvn,
2110 5640 2300 5695 oculos
2340 5637 2662 5711 contigettte.
2701 5637 2833 5695 Vide
2857 5638 3144 5707 Adagium.
