3922 6242
168 272 273 337 321

1225 268 1731 346 BIBLIOTHECA
1771 307 1840 319 -
1879 284 2042 345 con.
2084 286 2437 348 CCLXXIX.

3339 291 3447 355 322

169 388 270 438 καὶ
335 383 535 437 τοῦτον
583 382 930 455 ὀργισθέντες
993 386 1451 457 ἁπετυμπάνισαν
1483 431 1498 456 ,
1537 390 1658 460 οὐχὶ
1684 386 1778 443 τοῦ
1820 388 2091 459 προϐάτου
2124 392 2398 461 τιμωρίαν
2451 391 2636 446 λαϐεῖν
2673 392 2969 459 ἐθέλοντες,
3010 395 3147 450 ἀλλὰ
3204 402 3298 456 καὶ
3356 405 3451 455 τὸν

168 478 353 547 ἄνδρα
414 476 754 547 μισήσαντες
783 476 859 541 ὡς
908 480 1232 549 τυραννικὸν
1290 476 1484 548 ἔχοντα
1525 480 1780 552 φρόνημα
1816 480 1911 532 καὶ
1974 480 2158 534 καινὸν
2199 482 2403 553 τρόπον
2462 480 2604 535 οὕτω
2632 484 2967 556 παρανόμων
3005 486 3325 544 ἐπινοοῦντα
3355 508 3456 545 κο-

168 571 417 624 λάσεων.

250 664 384 718 Ὀτι
421 664 484 716 τὸ
512 662 587 734 μὴ
605 662 784 732 λέγειν
808 663 1069 733 δύσφημα
1097 666 1233 718 πᾶσι
1256 666 1369 730 τοῖς
1398 665 1649 728 παλαιοῖς
1679 666 1771 735 μὲν

1948 662 2175 732 Antiqui
2202 660 2417 717 solliciti
2447 660 2688 728 fuerunt,
2725 680 2791 719 ne
2837 666 2980 721 male
3031 669 3281 725 ominosa
3304 671 3456 727 dice-

172 757 413 824 cppov-r‘t;
438 751 531 825 ἦν,
571 754 809 825 μάλιστα
846 755 904 808 δέ
940 757 1051 818 τοῖς
1093 757 1415 827 Ἀθηναίοις.
1445 757 1537 811 Διὸ
1565 758 1661 811 καὶ
1715 758 1775 810 τὸ

171 846 607 916 δεσμωτήριον
636 846 858 915 οῑκημα
884 846 1132 910 ἐκάλουν,
1162 848 1257 901 καὶ
1281 847 1372 901 τὸν
1404 848 1621 918 δήμιον
1649 865 1773 901 κοι-

172 939 313 1003 νόν,
350 938 458 1000 τὰς
503 937 562 990 δὲ
627 937 941 1005 Ἐριννύας
968 937 1271 1007 Εὐμενίδας
1300 938 1333 1009 ἦ
1367 940 1571 1009 σεμνὰς
1622 938 1771 1005 θεὰς,

172 1029 234 1082 τὸ
260 1028 321 1081 δὲ
344 1029 549 1096 μύσος
576 1027 744 1098 ἆτος,
780 1029 839 1080 τ⁴δ
871 1028 928 1081 δὲ
973 1029 1115 1095 ὄξος
1138 1031 1279 1099 μέλι
1307 1030 1403 1082 καὶ
1437 1029 1536 1100 τὴν
1578 1029 1776 1099 χολὴν

174 1119 503 1190 γλυκεῖαν,
526 1120 618 1173 τὸν
636 1121 693 1173 δὲ
719 1121 1023 1189 βόρϐορον
1050 1122 1283 1191 ὀχετόν.
1320 1122 1386 1175 Οἱ
1423 1120 1481 1174 δὲ
1508 1136 1775 1192 γραμμα-

177 1214 324 1265 τικοὶ
352 1213 428 1266 τὰ
442 1212 670 1266 τοιαῦτα
696 1214 838 1266 κατὰ
866 1213 1197 1283 ἁντίφρασιν
1224 1213 1609 1284 ὀνομάζουσιν.
1641 1208 1775 1266 Οἶδα

178 1306 236 1358 δέ
273 1322 456 1370 τινας,
520 1305 740 1375 φησὶδί,
790 1305 897 1358 τῶν
937 1304 1239 1373 φιλολόγων
1282 1305 1375 1359 καὶ
1410 1307 1502 1358 τὸν
1541 1304 1774 1375 πίθηκον

180 1396 555 1468 ὀνομάζοντας
585 1396 850 1451 Καλλίαν.
919 1397 1043 1449 Ὅτι
1071 1396 1134 1449 τὸ
1196 1396 1313 1460 νὺξ
1369 1396 1466 1466 μὲν
1521 1396 1629 1449 ἀπὸ
1677 1396 1772 1450 τοῦ

180 1494 350 1558 νύξω
382 1493 600 1562 γέγονε,
622 1492 767 1546 κατὰ
823 1493 1109 1562 ἀποκοπὴν
1134 1508 1150 1521 ο
1181 1490 1487 1560 νυττόμεθα
1542 1491 1652 1560 γὰρ
1713 1491 1773 1543 ἐν

179 1586 262 1655 τῷ
308 1586 497 1639 σκότει
542 1584 974 1656 προσπταίοντες
1011 1585 1108 1638 καὶ
1153 1584 1252 1655 οὐχ
1289 1584 1526 1655 ὁρῶντες
1552 1624 1567 1650 ,
1608 1583 1667 1650 ἐξ
1699 1576 1773 1637 ὧν

181 1677 389 1748 νυγμοί
434 1693 493 1729 τε
537 1678 631 1731 καὶ
662 1675 889 1746 πληγαί.
941 1675 1110 1729 Πέντε
1154 1675 1213 1728 δέ
1244 1677 1351 1729 εισι
1400 1673 1773 1746 μοπσύλλαὸα

183 1770 264 1831 εἰς
326 1768 410 1832 υξ
450 1769 688 1837 λήγοντα
739 1768 969 1840 θηλυκὰ,
1026 1767 1198 1837 τρὺξ,
1224 1767 1381 1832 στὺξ
1402 1808 1417 1834 ,
1443 1766 1582 1833 νὺξ,
1614 1767 1773 1833 πτὺξ

186 1860 283 1911 καὶ
310 1858 498 1923 πνὺξ.
533 1858 575 1911 Τ
579 1857 750 1911 ούτων
780 1857 867 1912 διὰ
900 1857 997 1929 μὲν
1020 1857 1115 1910 τοῦ
1148 1875 1187 1927 τ
1228 1856 1487 1922 κλίνεται,
1513 1856 1575 1908 τὸ
1622 1855 1772 1923 τρὺξ

186 1952 285 2005 καὶ
312 1952 377 2004 τὸ
393 1951 571 2017 στύξε
596 1950 687 2004 διὰ
718 1951 775 2004 δὲ
802 1950 897 2004 τοῦ
916 1969 954 2020 χ
971 1950 1032 2003 τὸ
1060 1951 1219 2015 πτὺξ
1237 1950 1331 2004 καὶ
1356 1949 1418 2003 τὸ
1441 1948 1579 2014 νύξ.
1607 1949 1770 2014 Πτὺξ

1879 764 2020 820 rent,
2056 755 2292 809 maxime
2331 769 2463 808 vero
2509 755 2897 813 Athenienses.
2932 758 3054 813 ideo
3086 770 3139 815 et
3169 761 3455 833 δεσμωτή-

1876 866 2011 922 ριον,
2039 864 2319 912 carcerem,
2347 847 2553 917 οἴκημα
2582 850 2933 914 vocabant,et
2962 851 3133 921 δῆμον
3155 856 3454 923 carniﬁcem

1873 942 2051 993 κοινὸν
2082 938 2464 1009 appellabant,
2496 940 2746 1012 ἐριννύας
2786 943 3134 1010 Eumenides,
3173 946 3260 1001 vel
3293 963 3458 1003 vene-

1875 1032 2076 1086 randas
2134 1032 2285 1097 dcas,
2360 1032 2529 1105 μῦσος
2580 1033 2895 1087 sceleratum
2946 1037 3214 1091 vocabant
3274 1039 3453 1106 ἆγοςε

1875 1124 1999 1191 ὅξος
2054 1125 2233 1177 vinum
2320 1140 2562 1178 acescens
2619 1125 2741 1194 μέλι
2809 1127 3167 1183 nominabant
3221 1124 3454 1200 ε’χολὴν,

1875 1216 2174 1284 γλυκεῖανι
2238 1215 2495 1287 βόρϐορον
2528 1214 2702 1269 lutum
2728 1256 2744 1282 ,
2798 1217 3008 1287 ὀχετὸν.
3044 1218 3140 1273 sed
3184 1236 3458 1288 gramma-

1875 1307 1971 1361 tici
2027 1306 2117 1360 illa
2169 1322 2266 1377 per
2315 1306 2675 1377 antiphrasin]
2734 1309 3043 1362 nominant.
3098 1309 3237 1363 Novi
3290 1312 3457 1365 etiam

1873 1399 2135 1468 quosdam
2160 1399 2536 1469 philosophos,
2554 1400 2647 1470 qui
2673 1400 2888 1455 simiam
2907 1401 3135 1456 Calliam
3162 1413 3455 1458 vocarunt.

1872 1490 2009 1555 Νὺξ,
2066 1506 2192 1556 nox,
2252 1507 2282 1546 a
2336 1491 2501 1556 νύξω,
2527 1493 2579 1546 id
2608 1503 2691 1547 est
2733 1494 2970 1559 stimulo,
3005 1493 3207 1549 factum
3243 1505 3327 1551 est
3364 1511 3460 1565 per

1872 1597 2169 1653 apocopen.
2201 1582 2564 1637 Stimulamur
2587 1586 2733 1639 enim
2764 1585 2817 1638 in
2851 1586 3096 1642 tenebris
3121 1587 3457 1644 oli'endentes

1871 1682 1926 1726 et
1959 1688 2071 1727 non
2102 1673 2383 1729 videntes:
2414 1674 2559 1728 unde
2583 1685 2638 1729 et
2663 1675 2888 1729 vulnera
2937 1685 2991 1731 et
3025 1676 3255 1731 laesurae.
3289 1678 3458 1743 Quill-

1872 1777 1979 1831 que
2009 1770 2137 1817 sunt
2176 1763 2554 1835 monosyllaba
2583 1764 2641 1819 in
2690 1765 2755 1829 υξ
2808 1766 3115 1821 desinentia
3148 1766 3407 1822 feminina
3436 1786 3451 1822 :

1870 1846 2026 1916 τρύξ,
2061 1848 2189 1917 fwx,
2244 1849 2395 1916 στὺξ,
2423 1851 2582 1920 palus
2645 1850 2963 1914 inferorum,
2998 1852 3094 1918 νύξ
3129 1868 3256 1919 nox,
3318 1855 3456 1918 πτὺξ

1870 1932 2157 2001 plicatura,
2190 1945 2244 1989 et
2276 1934 2413 2001 πνὺξ
2449 1937 2644 1993 concio
2675 1938 2906 1995 Athenis
2932 1956 3028 1996 seu
3060 1942 3321 1996 tribunal.
3354 1942 3457 1997 Per

184 2049 298 2114 γαρ
336 2044 571 2113 πτυχὸς
602 2042 696 2097 καὶ
721 2042 839 2107 νὺξ
866 2042 1075 2111 νυχὸς,
1101 2042 1161 2108 ἐξ
1194 2036 1257 2096 οὗ
1287 2042 1383 2095 καὶ
1398 2042 1706 2110 πάννυχος
1729 2042 1773 2073 ⁸¹
1805 2026 1847 2079 Β
1876 2041 1911 2094 γ
1942 2026 2287 2081 ἀεθιίηθηῑυν
2315 2027 2471 2099 τρὺξ,
2528 2039 2584 2084 ει
2638 2029 2788 2095 στὺξ,
2818 2046 2917 2101 ρετ
2942 2049 2997 2102 χο
3031 2030 3194 2096 πτὺξν
3224 2042 3279 2088 ει
3320 2034 3452 2101 νὺξε

186 2136 287 2189 καὶ
311 2134 617 2202 παννυχὶς
660 2134 755 2188 καὶ
790 2134 1153 2202 παννύχιον,
1194 2132 1457 2187 καὶκατὰ
1508 2132 1775 2185 ἀντιστοι-

190 2226 319 2297 χίαν
350 2228 549 2292 νυκός,
574 2224 670 2279 καὶ
701 2221 981 2280 ἐπενθέσει
1009 2224 1103 2279 τοῦ
1129 2243 1161 2279 τ
1193 2225 1415 2292 νυκτός
1436 2240 1450 2256 ’
1482 2224 1629 2293 φιλεῖ
1665 2225 1774 2296 γὰρ

189 2316 509 2380 πλεονάζειν
557 2319 616 2370 ἐν
671 2318 792 2380 ταῖς
834 2318 1083 2385 γενικαῖς
1112 2316 1171 2371 τὸ
1220 2334 1273 2382 τ,
1305 2316 1496 2387 ὥσπερ
1544 2318 1638 2370 ἐπὶ
1676 2315 1772 2370 τοῦ

187 2407 456 2472 ἄνακτος
481 2407 577 2459 καὶ
609 2405 929 2477 γάλακτος.
963 2408 1036 2461 Τὸ
1078 2408 1135 2461 δὲ
1161 2406 1325 2471 πνὺξ
1368 2407 1529 2478 μόνον
1560 2405 1651 2461 διὰ
1678 2405 1773 2460 τοῦ

188 2515 225 2551 κ
259 2498 528 2554 κλίνεται.

260 2588 389 2641 Ὅτι
420 2590 479 2641 ἐν
512 2590 631 2652 ταῖς
675 2588 931 2658 Ἀθήναις
947 2589 1041 2640 καὶ
1062 2579 1217 2651 οὗτος
1246 2586 1489 2658 τέσσαρα
1515 2587 1776 2660 δικαστή-

192 2698 283 2751 ρια
335 2680 539 2749 φονικὰ
594 2674 734 2733 εἶναι
798 2679 968 2747 λέγει’
1001 2676 1050 2731 α’
1095 2677 1156 2731 τὸ
1189 2679 1249 2731 ἐν
1306 2679 1501 2749 Ἀρείῳ
1542 2676 1776 2749 πάγῳ,δ

190 2773 404 2836 δικάζει
439 2772 568 2835 τοὺς
606 2772 673 2825 ἐκ
721 2770 980 2841 προνοίας
1016 2770 1108 2823 τὸν
1156 2768 1315 2837 φόνον
1350 2769 1696 2839 δεδρακότας
1730 2766 1774 2838 β’

189 2862 247 2915 τὸ
275 2864 369 2916 ἐπὶ⁸
406 2862 710 2933 Παλλαδίῳ*
742 2862 877 2930 ὅπερ
907 2860 1088 2924 ἐτάζει
1116 2860 1241 2923 τοὺς
1266 2859 1557 2923 ἀκουσίως
1594 2866 1643 2929 γ’
1670 2858 1774 2933 [δὲ]

188 2954 251 3006 τὸ
310 2952 409 3005 ἐπὶ
454 2952 739 3022 Δελφινίῳ,
783 2951 813 3004 δ
852 2950 1164 3003 συνίσταται
1202 2949 1294 3002 ἐπὶ
1349 2949 1459 3002 τῶν
1510 2948 1775 3018 λεγόντων

188 3044 420 3107 δικαίως
466 3043 569 3114 τὴν
617 3043 899 3112 ἀναίρεσιν
953 3041 1339 3111 πεποιηκέναι’
1371 3041 1466 3095 καὶ
1515 3043 1775 3112 τέταρτον

187 3137 247 3190 τὸ
271 3136 596 3207 ἐνξΦρεατοῖ,
614 3135 642 3188 δ
657 3134 870 3200 δικάζει
897 3136 992 3188 τὸν
1019 3134 1211 3207 χρόνον
1240 3132 1339 3205 μέν
1361 3150 1482 3186 τινα
1504 3132 1776 3203 φεύγοντα

192 3227 380 3299 ῥητὸν,
408 3228 590 3281 αἰτίαν
617 3227 675 3280 δὲ
697 3228 747 3260 ⁵³
777 3226 1044 3297 πρότερον
1080 3225 1128 3258 ³⁸
1155 3224 1345 3297 ἔχοντα
1380 3225 1564 3295 φόνου’
1596 3225 1654 3289 ὃς
1680 3226 1774 3280 κειὶ

189 3319 517 3389 κρινόμενος
555 3318 646 3371 ἐπὶ
674 3317 802 3387 νηὸς
830 3315 1030 3381 ἐξωθεν
1059 3315 1153 3370 τοῦ
1177 3315 1451 3388 Πειραιῶς
1474 3313 1774 3384 ἀπολογού-

1875 2118 2016 2186 πτὺξ
2064 2120 2288 2190 πυχές,
2331 2131 2388 2176 et
2424 2122 2523 2187 νὺξ
2574 2122 2754 2193 νυχὸς,
2802 2124 2944 2179 unde
2988 2134 3045 2179 et
3092 2125 3362 2197 πάννυχος
3403 2135 3458 2181 ct

1874 2212 2139 2281 παννυχὶς
2168 2222 2224 2267 et
2255 2213 2575 2284 παννύχιον,
2625 2227 2678 2270 et
2711 2231 2810 2287 per
2854 2218 3162 2273 litterarum
3199 2219 3457 2274 mutatio-

1874 2317 1999 2357 nem
2053 2319 2237 2367 νυκος,
2283 2313 2338 2359 et
2397 2304 2679 2360 additione
2731 2324 2762 2359 τ
2827 2306 2882 2361 in
2940 2308 3120 2363 medio
3147 2311 3378 2373 νυκτὺςε
3422 2326 3457 2363 κ

1874 2393 2019 2447 enim
2054 2392 2107 2447 in
2135 2408 2265 2448 casu
2289 2394 2533 2465 genitivo
2558 2395 2845 2452 abundare
2865 2397 3026 2465 solet,
3052 2407 3111 2453 ut
3130 2398 3185 2452 in
3225 2398 3455 2463 ἄνακτος

1874 2490 1931 2538 et
1973 2482 2280 2551 γάλακτος;
2321 2484 2481 2549 πνὺξ,
2512 2502 2643 2541 vero
2672 2488 2849 2542 solum
2880 2504 2976 2559 per
3000 2506 3035 2543 κ
3070 2490 3394 2545 declinatur.

1948 2575 2173 2629 Athenis
2200 2584 2438 2645 quatuor
2471 2575 2677 2647 judicia
2711 2580 2825 2649 (49)
2860 2582 2927 2635 de
2956 2583 3102 2637 caede
3130 2597 3254 2638 esse
3286 2583 3454 2638 dicit:

1875 2668 2119 2725 Primum
2153 2671 2207 2726 in
2235 2672 2542 2743 Areopago,
2573 2674 2718 2743 quod
2746 2673 2957 2744 judicat
2981 2691 3097 2742 eos,
3130 2676 3223 2747 qui
3254 2675 3460 2732 delibe-

1876 2772 1999 2818 rato
2048 2765 2236 2819 animo
2266 2766 2469 2820 caedem
2502 2766 2770 2823 fecerunt.
2822 2766 3136 2823 Secundum
3184 2772 3241 2824 in
3280 2771 3459 2825 Palla-

1874 2854 1986 2921 dio,
2054 2858 2199 2926 quod
2260 2858 2314 2912 in
2372 2857 2496 2914 illos
2557 2859 2817 2931 inquirit,
2870 2861 2965 2932 qui
3038 2862 3195 2918 inviti
3253 2865 3457 2919 caadem

1876 2956 2184 3017 patrarunt.
2240 2947 2488 3004 Tertium
2537 2950 2596 3005 in
2664 2952 2955 3023 Delphinio
3009 2955 3063 3010 in
3111 2970 3208 3012 eos
3251 2957 3344 3026 qui
3401 2971 3460 3011 se

1871 3038 1995 3109 jure
2026 3039 2295 3095 occidisse
2314 3043 2773 3114 assererent(50).
2796 3044 3060 3111 Quartum
3091 3047 3458 3115 l’hreaticum,

1877 3130 2021 3198 quod
2069 3131 2287 3202 judicat
2328 3132 2644 3190 vadimonia
2683 3136 3047 3206 deserentem,
3108 3141 3262 3210 prius
3295 3144 3460 3197 caedis

1876 3236 2217 3282 accusatum.
2263 3225 2371 3294 Qui
2416 3228 2473 3283 in
2512 3230 2640 3285 navi
2674 3231 2955 3299 judicatus
3013 3244 3169 3289 extra
3212 3233 3458 3305 Pyrazum

1877 3316 2159 3383 defensus,
2209 3319 2507 3375 anchoram
2567 3321 2836 3389 demittit,
2893 3324 3038 3393 quod
3095 3326 3183 3380 lex
3240 3326 3316 3381 illi
3351 3344 3460 3382 non

193 3379 366 3479 μενος.
387 3379 635 3479 ἄγκυραν
664 3379 1031 3474 καθίειξδιότι
1051 3410 1078 3461 ό
1100 3407 1265 3478 νόμος
1282 3379 1456 3461 ἀὑτὸν
1484 3408 1584 3460 οὐκ
1599 3379 1771 3461 ἐδίδου

1876 3406 2157 3475 permittat
2184 3405 2242 3460 in
2290 3416 2492 3463 terram
2524 3408 2877 3466 descendere.
2912 3379 3266 3485 Areopagitae
3295 3415 3461 3485 igitur

186 3505 286 3574 τῆς
324 3502 435 3573 γῆς
480 3500 755 3571 ἐπιϐῆναι.
794 3500 1179 3570 Ἀρεοπαγῖται
1210 3498 1311 3571 μὲν
1361 3493 1454 3553 οὖν
1482 3497 1773 3552 ἐκαλοῦντο

186 3598 237 3649 οἱ
259 3596 352 3648 τὸν
382 3591 629 3647 ἐκούσιον
656 3593 818 3663 φόνον
846 3592 1144 3664 κρίνοντες,
1169 3592 1219 3646 οἱ
1248 3591 1306 3645 δὲ
1336 3592 1394 3645 ἐν
1423 3594 1539 3655 τοῖς
1588 3590 1771 3656 ἄλλοις

186 3683 574 3752 δικαστηρίοις
613 3682 806 3745 κοινῶς
849 3681 1073 3751 ἐφέται.
1099 3681 1222 3735 Ὅτι
1270 3681 1562 3753 μυθολογεϊ
1601 3682 1771 3753 ἄνδρα

182 3776 310 3830 τινὰ
335 3773 724 3843 ὠνομασμένον
755 3773 891 3843 Ὠην
912 3772 1011 3841 τῆς
1024 3771 1291 3843 Ἐρυθρᾶς
1316 3770 1591 3840 θαλάσσης
1616 3770 1771 3825 ἀνελ-

184 3866 323 3928 θεῖν,
353 3859 529 3916 τᾶλλα
572 3863 671 3934 μέν
708 3863 818 3917 τῶν
852 3862 1032 3934 μελῶν
1058 3860 1239 3932 ἰχθύος
1282 3860 1493 3931 ἔχοντα,
1526 3862 1769 3933 κεφαλὴν

181 3959 241 4011 δὲ
267 3958 364 4010 καὶ
396 3957 566 4019 πόδας
595 3957 688 4009 καὶ
728 3959 920 4027 χεῖρας
956 3954 1170 4025 ἀνδρὸς,
1194 3954 1289 4008 καὶ
1321 3953 1633 4019 καταδεῖξαι
1668 3954 1773 4025 τήν

179 4071 242 4107 τε
272 4050 641 4122 ἀστρονομίαν
679 4049 775 4104 καὶ
809 4048 880 4103 τὰ
924 4048 1248 4119 γράμματα.
1282 4048 1346 4101 Οί
1390 4046 1448 4101 δὲ
1498 4047 1658 4101 αὐτὸν
1705 4049 1771 4102 ἐκ

178 4144 280 4200 τοῦ
309 4142 662 4215 πρωτογόνου
694 4141 998 4213 πεφηνέναι
1037 4141 1283 4209 λέγουσιν
1329 4140 1469 4207 Ὠοῦ,
1507 4141 1602 4193 καὶ
1626 4157 1766 4212 pap-

178 4240 376 4308 τυρεῖν
408 4236 653 4306 τοῦνομα
682 4252 698 4267 ο
732 4235 1021 4307 ἄνθρωπον
1050 4234 1109 4288 δὲ
1137 4233 1267 4287 ὅντα
1291 4235 1360 4287 τὰ
1388 4234 1566 4288 πάντα
1617 4234 1768 4304 ίχθῦν

176 4331 360 4397 δόξαι,
431 4330 676 4401 διότιπερ
721 4328 993 4398 ἠμφίεστο
1045 4324 1261 4396 κητώδη
1291 4325 1472 4395 δορὰν.
1509 4323 1671 4398 [1596
1697 4326 1763 4381 R.

178 4420 412 4493 87511.]
461 4421 588 4474 Ὀτι
624 4418 687 4473 τό
737 4420 835 4489 μὲν
880 4414 1052 4484 αὖτις
1090 4417 1348 4482 Ἰωνικὸν,
1379 4416 1441 4471 τὸ
1502 4418 1559 4470 δὲ
1594 4414 1768 4484 αὖθις

188 4516 472 4571 Ἀττικόν.
512 4513 790 4577 Ὡσαύτως
821 4511 879 4565 δὲ
906 4513 1000 4565 καὶ
1024 4510 1086 4564 τὸ
1111 4509 1286 4580 μέχρι
1306 4508 1402 4563 καὶ
1433 4508 1573 4577 ἄχρι
1601 4513 1767 4579 χωρὶς

179 4611 286 4682 μὲν
314 4609 411 4661 τοῦ
443 4626 477 4674 ς
516 4606 783 4671 Ἀττικὸν,
804 4604 944 4675 μετὰ
972 4604 1028 4657 δέ
1056 4602 1152 4656 τοῦ
1184 4621 1216 4668 ς
1254 4598 1512 4655 Ἰωνικόν.
1562 4600 1682 4654 Ὀτι
1712 4601 1763 4654 οἱ

188 4700 439 4755 Ἀττικοὶ
482 4698 624 4752 κατά
674 4713 727 4751 τι
779 4696 1008 4767 πάτριον
1048 4693 1169 4758 ἐθος
1219 4693 1280 4746 οὐ
1330 4692 1571 4763 χρῶνται
1606 4695 1674 4763 τῇ
1712 4709 1765 4747 ει
1788 4735 1843 4796 D

172 4792 462 4861 διφθόγγῳ
486 4792 546 4844 ὲν
570 4789 648 4859 τῷ
676 4788 855 4857 λέγειν
882 4788 946 4855 ἐς
983 4789 1242 4855 κόρακας
1297 4786 1330 4854 ἢ
1348 4786 1413 4851 ἐς
1437 4786 1759 4855 μακαρίαν,

178 4886 297 4938 ἀλλ’
346 4885 480 4938 ἄνευ
529 4881 624 4935 τοῦ
670 4880 914 4952 διχρόνου
957 4877 1261 4949 ἐκφωνοῦσι
1316 4878 1415 4949 τήν
1453 4876 1710 4949 πρόθεσιν
1743 4894 1758 4909 ·

178 4976 274 5030 ἐπὶ
303 4976 363 5028 δὲ
392 4976 502 5027 τῶν
542 4973 716 5029 ἄλλων
749 4972 1002 5028 ἁπάντων
1052 4970 1149 5025 καὶ
1189 4970 1329 5042 μετὰ
1362 4969 1459 5024 τοῦ
1512 4970 1758 5040 διχρόνου

1876 3500 2218 3555 vocabantur
2239 3500 2332 3583 qui
2366 3501 2737 3557 voluntariam
2759 3504 2960 3558 caedem
2983 3505 3337 3575 judicabant:
3363 3509 3458 3578 qui

1875 3595 2058 3642 autem
2106 3586 2160 3640 in
2220 3587 2343 3645 aliis
2371 3588 2602 3659 ljudiciis
2654 3592 3022 3647 communiter
3064 3594 3255 3661 ἐφέται
3304 3596 3454 3651 dicti.

1874 3677 2074 3732 Narrat
2097 3680 2272 3733 virum
2312 3680 2604 3750 quemdam
2628 3682 2850 3737 nomine
2879 3682 2992 3738 Oen
3030 3684 3083 3738 in
3108 3684 3296 3741 Rubro
3319 3688 3459 3743 mari

1878 3771 2076 3833 visum.
2120 3769 2407 3826 habentem
2436 3781 2631 3828 caetera
2683 3777 2930 3832 membra
2974 3777 3164 3848 piscis,
3207 3790 3373 3851 caput
3403 3790 3459 3835 et

1875 3864 2042 3933 pedes
2084 3871 2139 3918 et
2176 3879 2371 3920 manus
2428 3865 2689 3932 hominis,
2744 3877 2800 3923 et
2838 3871 3151 3926 ostendisse
3202 3882 3455 3929 astrono-

1874 3956 2042 4009 miam
2088 3962 2146 4010 et
2173 3954 2407 4012 litteras.
2441 3955 2677 4023 Quidam
2707 3959 2899 4015 dicunt
2928 3961 3077 4016 illum
3110 3973 3299 4018 natum
3330 3980 3457 4021 esse

1871 4062 1902 4103 e
1930 4049 2107 4118 primo
2146 4058 2372 4117 parente
2423 4049 2565 4118 ‘00-3,
2593 4059 2650 4105 et
2703 4052 2888 4107 testari
2918 4069 3141 4120 nomen,
3175 4055 3452 4112 hominem

1872 4153 2055 4196 autem
2102 4141 2327 4195 omnino
2374 4156 2538 4205 esse,
2594 4143 2798 4212 piscem
2851 4160 2981 4199 vero
3036 4146 3248 4213 videri,
3304 4149 3452 4215 quod

1870 4234 2037 4304 piscis
2083 4234 2218 4303 pelle
2259 4233 2600 4289 indueretur.
2653 4232 2819 4298 Αὖτις
2852 4236 3095 4292 Ionicum
3143 4249 3248 4303 est,
3292 4238 3452 4304 αὖθις

1872 4339 2002 4379 vero
2030 4325 2307 4381 Atticum:
2342 4327 2422 4381 sic
2451 4326 2616 4380 etiam
2654 4325 2850 4398 535i)
2893 4329 3053 4401 μέχρι
3084 4340 3139 4384 et
3169 4331 3297 4402 ἄχρι
3331 4333 3451 4388 sine

1872 4416 2111 4473 eAttica
2160 4427 2311 4484 sunt,
2369 4433 2493 4473 cum
2526 4436 2557 4471 σ
2586 4419 2792 4475 Ionica.
2847 4422 3010 4477 Attici
3061 4439 3214 4478 more
3263 4426 3451 4495 aliquo

1870 4511 2046 4579 patrio
2068 4524 2174 4564 non
2209 4519 2440 4565 utuntur
2468 4509 2806 4581 diphthongo
2834 4530 2904 4578 ει,
2923 4513 3166 4570 dicentes
3198 4517 3254 4580 ἐς
3284 4520 3450 4588 κόρα-

1870 4616 1972 4663 κας
1997 4602 2064 4657 ad
2087 4617 2305 4664 corvos,
2337 4602 2423 4656 vel
2453 4603 2512 4665 ἐς
2543 4604 2817 4675 μακαρίαν
2846 4605 2900 4657 in
2931 4608 3203 4663 beatorum
3225 4612 3399 4665 sedem
3425 4627 3445 4665 :

1870 4693 1964 4748 sed
1998 4694 2117 4748 sine
2146 4694 2483 4765 diphthongo
2512 4696 2950 4765 praepositionem
2981 4701 3038 4763 ἐς
3070 4702 3444 4770 pronuntiant;

1868 4786 1923 4840 in
1968 4786 2093 4841 aliis
2120 4802 2249 4843 vero
2281 4787 2541 4842 omnibus
2595 4798 2651 4843 et
2715 4804 2840 4844 cum
2876 4789 3215 4865 diphthongo
3240 4805 3295 4849 et
3327 4796 3447 4850 sine

1868 4877 2169 4951 diphtongo
2203 4880 2647 4950 praepositionem
2692 4881 2772 4945 εἰς
2813 4893 3101 4953 usurpant.
3130 4886 3293 4942 Attici
3316 4888 3444 4942 boni

1866 4969 2068 5025 ominis
2100 4970 2273 5041 gratia
2302 4971 2538 5041 κλέπτην
2575 4972 2748 5041 furem
2799 4973 3029 5047 φιλητὴν
3054 4978 3262 5043 dicunt,
3288 4981 3451 5049 quasi

1466 5148 1702 5204 VARUE
1732 5146 2132 5204 LECTIONES.

284 5314 331 5345 ιι
371 5309 505 5380 φασί
530 5308 594 5364 c.
672 5309 715 5341 η
743 5306 1007 5377 πάννυχος
1032 5306 1127 5359 mi.
1154 5303 1443 5376 παννυχὶς]
1470 5306 1735 5373 πάννυχες
1757 5305 1849 5357 καὶ
1874 5304 2107 5376 παννυχῖ⁹
2129 5303 2192 5360 C.
2267 5301 2319 5337 ³³
2364 5305 2423 5359 δὲ
2453 5306 2494 5361 C
2522 5326 2536 5361 :
2574 5324 2637 5377 γε
2668 5325 2730 5372 ς’.
2802 5310 2847 5342 ⁸³
2876 5311 3163 5385 πρότερον]
3205 5311 3452 5367 fortasse

180 5384 393 5455 ἑτέρου.

1700 5530 1927 5589 NOTAE.

252 5697 365 5768 (49)
390 5698 527 5753 Vide
556 5698 709 5769 card.
759 5696 1041 5769 Sigonium
1078 5695 1150 5753 De
1190 5712 1296 5769 rep.
1344 5694 1759 5764 Atheniensium,

184 5764 274 5824 lib.
310 5764 393 5835 ut,
428 5785 551 5841 cap.
598 5768 650 5835 ί,
681 5770 735 5837 2,
766 5770 819 5823 5.

1943 5704 2053 5773 (50)
2103 5706 2175 5762 Ut
2230 5704 2450 5761 Orestes
2481 5706 2929 5777 Clytemnestram
2965 5722 3210 5769 matrem.
3244 5713 3445 5770 Cicero

1871 5773 1927 5830 in
1958 5778 2247 5835 Miloniana
2322 5789 2376 5834 ct
2408 5773 2557 5834 alibi'
2579 5781 2634 5833 in
2669 5778 2994 5839 Rhetoricis.
