3912 6234
436 334 543 396 323

1568 337 1836 399 PHOTII
1863 334 2375 396 PATRIABCIL‘E
2405 334 2516 395 CP.

3588 328 3694 391 324

435 461 687 503 exosum.
712 445 796 501 vel
818 446 1049 517 φιλητὴς
1073 445 1182 515 fur,
1206 444 1334 516 quia
1362 444 1609 513 accipere
1639 442 1998 497 amataliena.

2121 441 2203 492 καὶ
2231 440 2401 509 χωρὶς
2425 437 2523 491 τοῦ
2546 436 2791 507 διχρόνου
2819 435 2918 507 τὴν
2973 434 3229 505 πρόθεσιν
3266 432 3539 502 λέγουσιν.
3567 435 3695 489 Ὀτι

434 534 789 604 Αίσυμνήτης
845 534 1064 598 dicitur,
1121 534 1217 603 qui
1285 532 1418 587 colit
1476 530 1711 586 oﬂicium
1790 530 2011 601 (etenim

435 624 671 678 cilicium
708 624 867 678 αἶσαν
908 626 1180 694 appellant
1213 622 1467 693 antiqui),
1507 632 1601 677 aut
1628 622 1721 693 qui
1748 630 1930 676 manet
1955 622 2012 673 ἐν

435 718 503 784 τῇ
542 714 697 784 αἴσᾳ,
733 716 835 769 hoc
873 718 1036 770 estin
1068 717 1269 771 oﬂicio.
1298 716 1414 771 Hoc
1444 726 1627 771 autem
1663 730 1861 770 nomen
1890 729 2013 768 ver-

432 811 556 865 bale
584 809 957 877 irregulariter
997 809 1324 879 barytonum
1357 818 1459 864 est.
1492 808 1719 875 Quidam
1745 823 1875 862 vero
1902 824 2013 863 non

433 900 542 955 ἀπὸ
591 899 686 952 τοῦ
742 898 949 969 μένειν,
1011 899 1105 954 sed
1174 915 1205 954 a
1263 900 1448 970 νέμειν
1504 901 1848 970 αἰσυμνήτην
1896 899 2013 953 ﬁeri

434 993 642 1047 dicunt.
668 992 808 1062 Ἔαρ
836 1009 943 1058 ver,
979 992 1047 1046 ab
1070 991 1204 1059 εῠαρ
1227 992 1450 1047 ductum
1476 1002 1587 1060 est;
1611 992 2014 1062 iucundissima

436 1085 580 1137 enim
632 1092 717 1138 est
758 1083 901 1136 \eris
969 1086 1278 1154 temperies.
1326 1085 1594 1152 Μέλιττα,
1635 1087 1772 1154 apis,
1830 1083 1917 1139 vel
1980 1098 2014 1138 a

439 1172 624 1241 μέλειν
681 1173 913 1226 dicitur:
972 1182 1055 1227 est
1091 1174 1237 1227 enim
1272 1174 1351 1228 rei
1402 1173 1691 1228 familiaris
1744 1173 2009 1239 studiosa,

434 1264 519 1316 vel
556 1264 715 1332 quasi
755 1263 977 1334 μηλίζα,
1009 1265 1229 1333 dicitur,
1310 1275 1568 1336 tanquam
1620 1266 1867 1319 insidens
1896 1266 2014 1319 fru-

436 1357 639 1411 ctibus.
690 1357 875 1427 Μῆλον
904 1357 1048 1412 enim
1098 1359 1299 1413 malum
1326 1374 1428 1430 pro
1457 1358 1716 1413 omnibus
1745 1360 2013 1414 fructibus

436 1450 679 1517 ponitur.
726 1442 904 1519 Apum
949 1466 1080 1505 vero
1118 1468 1345 1506 examen
1381 1451 1601 1521 proprie
1631 1450 1762 1520 ἐμος
1793 1450 2012 1515 dicitur,

437 1542 583 1609 quod
617 1542 781 1596 simul
820 1551 966 1607 eant,
995 1553 1051 1598 et
1088 1560 1195 1599 non
1247 1553 1592 1614 separentur.
1626 1543 1754 1598 Ideo
1783 1552 1839 1597 et
1868 1552 2016 1598 recte

438 1644 595 1701 poeta
653 1632 1009 1707 [Homerus]
1048 1636 1247 1707 ἀδὴνας
1301 1652 1394 1693 eas
1452 1644 1634 1701 vocat,
1681 1637 1825 1706 quod
1880 1634 2014 1705 ἄδην

437 1725 605 1775 dense
640 1729 695 1775 et
745 1722 1035 1776 confertim
1066 1724 1314 1778 volitent.
1350 1723 1445 1779 Est
1480 1724 1628 1778 enim
1671 1722 1873 1777 animal
1912 1723 2014 1776 hoc

2115 532 2234 583 κατ’
2265 528 2612 601 εὐφημισμὸν
2638 530 2687 581 οἱ
2734 527 2969 581 Ἀττικοὶ
2992 528 3086 580 τὸν
3145 526 3415 592 κλέπτην
3430 526 3699 595 φιλητὴν

2112 620 2381 689 λέγουσιν,
2408 621 2573 674 οἱονεὶ
2606 620 2832 691 μισητόν
2852 619 2920 690 ’ἢ
2953 620 3048 671 καὶ
3075 617 3347 687 φιλετὴς,
3376 619 3403 670 6
3429 617 3697 689 κλέπτης,

2112 712 2247 767 διότι
2280 714 2425 782 φιλεῖ
2472 712 2774 779 λαμϐάνειν
2804 711 2873 764 τὰ
2918 711 3195 783 ἀλλότρια.
3260 708 3383 763 Ὀτι
3417 709 3477 762 τὸ
3520 712 3700 763 αἰσυ-

2109 804 2343 874 μνήτης
2370 806 2402 874 ἢ
2426 806 2454 857 6
2474 804 2534 857 τὸ
2557 804 2800 873 καθῆκον
2834 803 3017 873 ὑμνῶν
3036 804 3130 857 καὶ
3158 802 3331 855 σέϐων
3359 801 3478 871 (καὶ
3502 803 3614 872 γὰρ
3639 801 3701 854 τὸ

2117 898 2361 967 καθῆκον
2404 894 2593 952 αἷσὰν
2618 895 2863 967 φασιν)ἢ
2900 899 2929 949 6
2983 897 3158 967 μένων
3209 896 3281 949 ἐν
3314 893 3390 963 τῇ
3436 894 3483 926 ³⁸
3527 894 3697 961 αΖσςι,

2111 991 2357 1042 τουτέστι
2391 989 2470 1060 τῷ
2520 990 2863 1057 καθήκοντι·
2897 989 3055 1042 τοῦτο
3082 989 3138 1041 δὲ
3171 986 3475 1057 ῥηματικὸν
3506 985 3567 1039 ὃν
3596 1003 3703 1037 πα-

2115 1081 2356 1152 ραλόγως
2406 1080 2721 1151 βαρύνεται.
2755 1080 2912 1143 Τινές
2965 1080 3025 1133 δὲ
3069 1080 3170 1133 οὐκ
3192 1079 3309 1133 ἀπὸ
3346 1078 3454 1131 τοῦ
3489 1076 3703 1146 μένειν

2113 1173 2171 1224 ἐν
2226 1176 2291 1243 τῇ
2352 1173 2503 1243 αἴσᾳ,
2534 1172 2648 1225 ἀλλ’
2695 1171 2804 1224 ἀπὸ
2852 1171 2946 1224 τοῦ
2993 1169 3196 1239 νέμειν
3246 1168 3354 1222 τὸν
3392 1167 3700 1237 αἰσυμνή-

2112 1282 2226 1332 την
2250 1265 2384 1333 φασὶ
2423 1266 2725 1333 γεγονέναι.
2757 1265 2879 1318 Ὅτι
2906 1263 2965 1317 τὸ
2988 1263 3093 1332 ἔαρ
3123 1263 3276 1333 παρὰ
3293 1261 3353 1315 τὸ
3382 1262 3527 1330 εὔαρ
3556 1256 3701 1315 εἶναι

2114 1357 2350 1427 εἴρηται·
2378 1357 2567 1428 ἡδίστη
2581 1357 2628 1388 ⁸⁸
2642 1357 2750 1426 γὰρ
2771 1356 2892 1409 τότε
2916 1358 2949 1426 ἡ
2971 1355 3065 1408 τοῦ
3082 1355 3241 1425 ἀέρος
3266 1355 3465 1423 κρᾶσις
3484 1355 3556 1409 ⁸⁷.
3576 1354 3700 1407 Ὅτι

2112 1448 2145 1514 ἡ
2164 1445 2415 1514 μέλιττα
2468 1446 2501 1517 ἢ
2533 1445 2640 1499 ἀπὸ
2673 1445 2768 1498 τοῦ
2817 1444 3027 1513 μέλειν
3087 1445 3300 1514 εἴρηται
3331 1443 3699 1515 (οἰκονομικὸν

2114 1538 2221 1609 γὰρ
2249 1538 2310 1589 τὸ
2344 1534 2528 1607 ζῶον),
2562 1536 2594 1607 ἢ
2631 1534 2891 1605 μήλιζαν
2920 1534 3091 1605 αὐτὴν
3114 1534 3331 1587 λεκτέον
3374 1533 3451 1597 ὡς
3502 1532 3700 1603 ἐφιζά-

2114 1648 2311 1685 νουσαν
2328 1632 2462 1683 πᾶσι
2489 1631 2601 1693 τοῖς
2637 1630 2870 1699 καρποῖς
2891 1644 2905 1658 °
2942 1627 3002 1681 τὸ
3035 1628 3145 1697 γάρ
3174 1625 3378 1696 μῆλον
3394 1627 3539 1679 κατὰ
3568 1628 3702 1680 πάν-

2117 1740 2224 1777 των
2251 1723 2483 1793 ληπτέον
2510 1722 2618 1775 τῶν
2665 1720 2984 1790 καρπίμων.
3043 1718 3116 1773 Τὸ
3143 1718 3209 1772 δὲ’
3256 1719 3367 1773 τῶν
3418 1718 3698 1790 μελισσῶν

437 1808 843 1877 congregabile.
879 1810 1124 1880 Ὄνειρον
1149 1811 1424 1865 somnium
1459 1811 1709 1866 derivant
1756 1820 2015 1879 tauquam

2122 1786 2323 1884 σμῆνος
2344 1814 2531 1883 ἐσμὸς
2556 1786 2755 1885 κυρίως
2779 1786 3010 1880 λέγοιτο,
3038 1811 3187 1882 παρὰ
3211 1810 3271 1863 τὸ
3293 1810 3393 1879 τὴν
3413 1786 3529 1864 έσιν
3560 1809 3701 1880 ὁμοῦ

439 1896 500 1947 τὸ
530 1895 589 1947 ὃν
619 1897 777 1966 εῐρει,
807 1897 912 1950 hoc
942 1908 1047 1962 est,
1076 1897 1130 1951 id
1160 1899 1308 1967 quod
1341 1898 1496 1953 dicit.
1551 1897 1731 1963 Quare
1745 1912 1841 1967 pro
1873 1898 2017 1952 veris

441 1983 675 2039 somniis
710 1985 825 2038 haec
854 2000 960 2037 vox
995 1987 1245 2054 ponenda
1277 1995 1396 2040 est:
1426 1986 1479 2039 in
1504 1982 1661 2041 falsis
1680 2001 1808 2039 vero
1826 1992 1881 2040 et
1895 1984 2018 2041 aliis

439 2076 623 2144 petius
651 2075 897 2141 ἐνπύνια,
923 2076 1216 2131 insomnia.
1240 2078 1585 2148 ldeo,inquit,
1611 2078 1753 2147 apud
1779 2077 2019 2133 comicos

438 2177 705 2220 exeuntes
734 2168 954 2237 pulsant
975 2166 1120 2223 fores
1144 2168 1280 2240 (51),
1313 2171 1441 2239 quia
1479 2160 1611 2235 non,
1644 2180 1704 2224 ut
1740 2170 1883 2240 apud
1917 2185 2018 2225 nos

442 2272 612 2322 nunc,
634 2258 778 2312 ostia
808 2259 938 2311 olim
971 2259 1362 2328 aperiebantur
1387 2260 1636 2327 interius,
1656 2263 1751 2317 sed
1783 2262 2017 2317 adverso

442 2352 629 2407 modo.
665 2350 837 2406 Foras
867 2353 1012 2405 enim
1044 2353 1324 2407 trudentes
1379 2354 1620 2422 exibant,
1683 2370 1849 2410 manu
1897 2357 2019 2427 pul-

445 2454 627 2499 santes
654 2444 828 2514 prius,
856 2454 913 2498 ut
934 2444 1209 2511 audirent,
1246 2445 1295 2501 si
1325 2445 1418 2516 qui
1449 2446 1516 2501 ad
1558 2446 1702 2503 fores
1731 2458 1934 2515 essent,
1965 2460 2020 2505 et

442 2545 723 2600 caverent,
753 2552 819 2590 ne
878 2537 1039 2592 inscii
1070 2537 1421 2603 laederentur,
1458 2536 1665 2594 foribus
1686 2548 1907 2609 repente
1960 2539 2017 2594 in

443 2630 584 2682 viam
602 2630 894 2699 pr0trusis.
914 2628 1139 2685 Loxiam
1157 2630 1499 2704 [Apollinem]
1526 2633 1669 2687 enim
1692 2632 2013 2700 adorabant,

443 2736 604 2789 quem
643 2736 741 2790 pro
771 2720 983 2776 foribus
1010 2721 1211 2794 singuli
1238 2725 1533 2795 ponebant.
1562 2723 1833 2780 Praaterea
1862 2741 2016 2780 aram

442 2811 547 2866 sibi
570 2813 856 2866 rotundam
885 2813 1224 2869 collocabant
1239 2825 1294 2869 et
1308 2817 1531 2885 myrteis
1548 2818 1907 2883 coronabant,
1928 2817 2017 2872 cui

444 2909 833 2968 praetereuntes
881 2901 1155 2970 astabant,
1177 2917 1328 2957 aram
1349 2911 1529 2958 autem
1552 2903 1697 2958 illam
1721 2905 1913 2973 ἀγνιὰν
1930 2904 2018 2958 λο-

446 2987 588 3051 ξίαν,
619 2988 755 3040 viam
776 2987 1065 3058 obliquam,
1098 3000 1385 3057 vocarunt,
1420 2990 1526 3046 hoc
1561 2991 1647 3046 dei
1678 3007 1876 3047 nomen
1911 3008 2019 3048 arat

2121 1905 2393 1959 ποιεῖσθαι
2422 1906 2517 1959 καὶ
2553 1904 2627 1975 μὴ
2655 1902 2952 1966 διεστώσας
2973 1904 3069 1957 ἀπ’
3097 1902 3361 1973 ἀλλήλων.
3391 1902 3485 1954 Διὸ
3516 1901 3703 1965 καλῶς

2117 2000 2146 2051 6
2174 1997 2401 2067 ποιητὴς
2451 1996 2663 2061 ἀδινὰς
2691 1995 2739 2027 ⁸⁸
2772 1990 2944 2059 αὑτὰς
2992 1993 3117 2065 ἔφη,
3141 1994 3297 2062 ἅδην
3337 1995 3431 2049 καὶ
3485 1994 3702 2064 ἀθρόως

2118 2089 2423 2159 πετομένας
2459 2102 2473 2117 ·
2523 2087 2879 2155 ἀγελαστικὸν
2920 2087 3029 2159 γάρ
3084 2087 3201 2139 ἐστι
3245 2085 3305 2138 τὸ
3356 2086 3535 2155 γένος.
3576 2085 3702 2139 Ὅτι

2118 2181 2211 2234 τὸν
2236 2182 2472 2251 ὄνειρον
2507 2180 2920 2251 ἐτυμολογοῦσι,
2952 2180 3108 2251 φησὶ,
3142 2178 3275 2232 διότι
3322 2178 3388 2232 τό
3415 2177 3489 2230 ὃν
3528 2176 3702 2246 εἷρει,

2117 2273 2365 2326 τουτέστι
2400 2272 2548 2342 λέγει
2577 2287 2591 2302 ο
2617 2274 2759 2325 ὥστε
2806 2271 2898 2323 ἐπὶ
2926 2271 3036 2323 τῶν
3090 2269 3305 2338 ἀληθῶν
3336 2268 3567 2339 ὀνείρων
3603 2285 3704 2323 1a-

2118 2364 2277 2417 κτέον
2298 2364 2396 2434 τὴν
2426 2364 2610 2433 φωνήν
2632 2377 2648 2393 ⁸
2668 2363 2737 2415 τὰ
2765 2361 2875 2431 γὰρ
2902 2362 3077 2420 ἄλλως
3132 2360 3321 2430 ἔχοντα
3356 2360 3558 2430 μᾶλλον
3604 2358 3706 2413 ἐν·

2115 2455 2471 2521 ύπνια.⁹ὐτι,
2494 2455 2646 2525 φησὶ,
2676 2455 2865 2507 τούτου
2898 2455 3058 2525 χάριν
3095 2453 3354 2506 κόπτουσι
3384 2451 3540 2521 παρὰ
3585 2451 3702 2513 τοῖς

2120 2549 2391 2619 κωμικοῖς
2422 2548 2471 2600 oi
2516 2546 2751 2612 ἐξιόντες
2775 2545 2875 2608 τὰς
2914 2545 3107 2615 θύρας,
3135 2544 3271 2598 διότι
3302 2543 3422 2614 οὐχ,
3464 2542 3543 2607 ὡς
3566 2542 3705 2631 περς

2118 2645 2253 2711 ἡμῖν
2283 2640 2422 2704 νυνὶ,
2476 2639 2538 2692 τὸ
2588 2639 2816 2692 παλαιὸν
2866 2638 3206 2708 ἁνεῴγνυντο
3254 2638 3311 2691 αἱ
3360 2635 3547 2707 θύραι,
3583 2635 3687 2685 ἀλλ

2119 2732 2347 2802 ἐναντίῳ
2394 2732 2604 2802 τρόπῳ.
2654 2731 2895 2796 Ἔξωθεν
2947 2732 3055 2801 γὰρ
3096 2728 3266 2793 αὐτὰς
3300 2728 3705 2798 ἀνατρέποντες

2121 2824 2329 2878 ἔνδοθεν
2355 2823 2605 2896 ἐξῄεσαν.
2632 2823 2907 2895 Πρότερον
2935 2823 2992 2876 δὲ
3016 2825 3082 2893 τῇ
3111 2822 3256 2893 χειρὶ
3283 2820 3455 2890 ψόφον
3481 2822 3703 2873 ἐποίουν

2120 2917 2430 2988 κρούοντες,
2462 2918 2554 2970 ἐπὶ
2581 2915 2660 2986 τῷ
2691 2915 2893 2983 γνῶναι
2921 2914 3047 2976 τοὺς
3081 2914 3175 2966 ἐπὶ
3221 2912 3327 2966 τῶν
3376 2912 3580 2983 θυρῶν,
3609 2910 3703 2964 καὶ

2124 3008 2467 3080 φυλάξασθαι
2498 3008 2573 3078 μὴ
2596 3006 2823 3078 πληγεὶς
2841 3004 3011 3068 ἑστὼς
3025 3003 3162 3076 λάθῃ
3192 3005 3300 3058 τῶν
3324 3002 3507 3075 θυρῶν
3528 3002 3705 3055 ὠθου-

447 3080 775 3134 tribuentes.
824 3080 893 3133 At
925 3080 1113 3151 κνισᾷν
1178 3081 1396 3149 ἀγυιὰς,
1446 3083 1588 3152 apud
1625 3082 1916 3139 Hesiodum
1943 3085 2019 3141 si-

2130 3103 2307 3173 μένων
2337 3101 2512 3170 ἄφνω.
2550 3100 2655 3153 Τὸν
2685 3099 2884 3163 Λοξίαν
2925 3100 3035 3167 γὰρ
3074 3098 3465 3168 προσεκύνουν,
3493 3095 3554 3148 ὃν
3596 3093 3703 3164 πρὸ

446 3172 670 3242 gniﬁcat
734 3173 840 3227 diis
870 3173 1200 3230 sacriﬁcare.
1239 3176 1492 3247 Scriptor
1514 3178 1609 3248 qui
1638 3178 1752 3233 haec
1777 3180 2017 3251 collegit,

445 3266 668 3319 natione
700 3263 990 3335 JEgyptius
1023 3266 1127 3319 fuit
1155 3267 1375 3322 civitate
1407 3269 1653 3336 Antinoi,
1676 3270 1761 3324 vel
1786 3278 1845 3324 ut
1868 3272 1934 3325 de
1960 3286 2021 3327 se

444 3357 561 3426 ipse
584 3357 791 3424 scribit,
814 3357 1145 3426 Besantinoi,
1177 3359 1410 3414 iambico
1440 3368 1619 3415 autem
1647 3364 1891 3417 carmine
1909 3364 2024 3419 haec

446 3448 782 3517 conscripsit
812 3449 1035 3520 536a.
1076 3447 1223 3503 Vixit
1250 3454 1583 3521 temporibus
1606 3452 1801 3509 Licinii
1821 3465 1877 3511 et
1913 3455 2025 3510 Ma-

445 3540 696 3606 ximiani,
752 3540 1025 3604 ethnicus,
1049 3551 1312 3607 quantum
1333 3556 1364 3595 e
1382 3542 1600 3611 scriptis
1621 3545 1866 3617 colligas,
1897 3548 2026 3603 reli-

447 3635 630 3704 gione.
648 3631 850 3685 Eodem
877 3632 1139 3687 carminis
1155 3648 1349 3702 genere
1372 3636 1799 3706 sc‘ripsitetalios
1818 3640 2024 3697 libros:

447 3739 683 3794 quorum
712 3740 855 3780 unus
904 3726 1221 3780 inscribitur
1272 3726 1687 3795 Athena:;alius
1714 3731 2023 3803 Egi/ptius,

449 3818 577 3870 item
624 3815 1003 3879 Adhortarius,
1035 3816 1164 3871 item
1215 3816 1410 3886 Fama,
1433 3821 1572 3876 alius
1619 3820 2024 3890 Victoria,item

450 3908 651 3961 Civitas
679 3908 935 3976 Antinoi;
982 3911 1124 3965 unde
1145 3920 1361 3966 constat
1390 3912 1559 3969 titulis
1584 3916 1851 3988 cujusque
1875 3935 2027 3991 argu-

448 4010 696 4055 mentum
733 4001 919 4071 operis
952 4001 1205 4059 indicari.

2126 3196 2234 3250 τῶν
2260 3195 2439 3266 θυρῶν
2460 3194 2692 3258 ἕκαστος
2719 3191 2979 3263 ἱδρύοντο,
3020 3192 3115 3246 καὶ
3148 3190 3308 3244 πάλιν
3348 3188 3536 3259 βωμὸν
3571 3186 3704 3260 παρ’

2128 3274 2277 3356 ἀύτῷ
2307 3286 2637 3357 στρογγύλον
2671 3284 2973 3349 ποιοῦντες,
3013 3284 3109 3337 xui.
3144 3283 3434 3354 μυρρίναις
3476 3280 3705 3349 στέφον-

2126 3397 2219 3443 τες
2258 3380 2476 3431 ἵσταντο
2522 3378 2572 3430 οἱ
2620 3376 2929 3448 παριόντες.
2984 3376 3087 3428 Τὸν
3135 3374 3193 3427 δὲ
3248 3373 3429 3443 βωμὸν
3495 3374 3704 3425 ἐκεῖνον

2125 3471 2345 3539 ἀγυιὰν
2371 3469 2416 3503 ⁵⁸
2437 3468 2663 3534 Λοξίαν
2684 3467 2933 3533 ἐκάλουν,
2960 3465 3058 3536 τὴν
3087 3464 3180 3518 τοῦ
3213 3464 3339 3534 παρ’
3364 3464 3551 3525 αὐτοῖς
3578 3461 3703 3513 θεοῦ

2128 3561 2498 3635 προσηγορίαν
2551 3560 2806 3629 νέμοντες
2866 3559 2944 3629 τῷ
2999 3556 3188 3629 βωμῷ.
3238 3556 3312 3610 Τὸ
3360 3555 3419 3609 δέ
3477 3550 3707 3619 κνισᾶν

2123 3655 2334 3724 ἀγυιὰς
2368 3652 2521 3724 παρὰ
2577 3651 2804 3723 Ἡσιόδῳ
2836 3654 2949 3715 τοῖς
2984 3652 3125 3713 θεοῖς
3178 3650 3324 3703 θύειν
3369 3648 3543 3717 λέγει.
3583 3648 3706 3700 Ὅτι

2121 3741 2277 3810 οὗτος
2293 3748 2320 3799 6
2339 3745 2709 3816 συγγραφεὺς,
2734 3747 2764 3798 6
2781 3742 2954 3797 ταῦτα
2971 3742 3387 3810 συνταξάμενος,
3412 3740 3575 3808 γένος
3605 3738 3706 3807 μὲν

2121 3841 2418 3908 Αἰγύπτιος
2446 3835 2536 3909 ἦν,
2560 3838 2764 3900 πόλεως
2804 3836 2864 3889 δὲ
2904 3836 3004 3903 τῆς
3045 3834 3311 3887 Ἀντινόου
3350 3833 3407 3904 ἢ,
3434 3830 3512 3894 ὡς
3540 3831 3705 3893 αὐτὸς

2124 3928 2855 4002 ἐπιγράφει,Βησαντινόου,
2891 3925 3131 3997 ἰαμϐικῷ
3162 3925 3217 3977 δὲ.
3258 3924 3440 3993 μέτρῳ
3456 3920 3705 3989 διεξῆλθε

2122 4022 2193 4077 τὰ
2214 4020 2568 4093 προκείμενα.
2588 4018 2781 4086 Γέγονε
2804 4017 2860 4069 δὲ
2882 4014 3022 4081 κατὰ
3042 4015 3167 4077 τοὺς
3180 4013 3401 4083 χρόνους
3424 4013 3703 4075 Λικιννίου

450 4095 546 4147 καὶ
566 4093 935 4165 Μαξιμιανοῦ,
959 4095 1181 4167 Ἕλλην,
1209 4098 1270 4163 ἐξ
1297 4092 1373 4153 ὧν
1400 4102 1603 4171 γράφει
1629 4106 1729 4177 τὴν
1759 4107 2077 4180 θρησκείαν.
2115 4116 2361 4188 Ἔγραψε
2393 4115 2451 4169 δέ
2483 4113 2561 4184 τῷ
2592 4111 2741 4182 αὐτῷ
2792 4111 2975 4182 μέτρῳ
3004 4110 3096 4163 καὶ
3123 4110 3341 4178 ἐτέρους
3378 4105 3598 4174 λόγους,
3632 4094 3705 4149 ὧν

448 4190 479 4287 ᾇ
502 4189 1299 4287 é‘iiF‘Ypé‘ﬁm‘onira‘ﬁ
1327 4195 1385 4249 δὲ
1402 4199 1617 4268 Νείλος
1642 4203 1754 4269 ⁶⁰νξὸ
1772 4205 1826 4259 δὲ
1852 4206 1978 4280 [876
2001 4214 2436 4287 ΙΙ.]Αὶγ-ύπτιος,
2458 4211 2556 4263 όδὲ
2568 4206 2996 4278 Προτρεπτικὸς
3017 4211 3053 4260 -ό
3072 4206 3129 4259 δὲ
3146 4203 3352 4273 Ῥώμη,
3372 4204 3400 4256 6
3423 4202 3482 4255 δέ
3506 4201 3703 4269 Φήμη,

450 4281 554 4335 6δέ
579 4284 750 4350 Νίκη,
780 4283 882 4336 ὁδέ
910 4282 1097 4351 Πόλις
1136 4285 1434 4342 Ἀντινόου
1461 4306 1476 4321 ’
1508 4290 1665 4362 δῆλον
1688 4295 1745 4348 δέ
1769 4298 1850 4351 ὅτι
1889 4281 2094 4374 ἑκάστη
2132 4281 2412 4372 ἐπιγραφὴ
2443 4298 2697 4361 ὑπόθεσίς
2723 4300 2839 4350 ἐστι
2875 4295 2968 4349 τοῦ
3024 4294 3460 4365 ἐπιγραφομένου
3515 4290 3702 4357 λόγουο

524 4374 581 4429 in
608 4377 796 4429 eodem
828 4377 1017 4431 codice
1044 4378 1208 4431 simili
1245 4382 1506 4439 carminis
1543 4400 1741 4454 genere
1768 4392 2020 4447 contine-
2050 4401 2095 4454 υ

453 4468 649 4521 bantur
681 4469 869 4536 patria:
912 4468 1144 4522 Hermian
1183 4469 1633 4542 HermOpolitani,
1665 4487 1719 4533 et
1746 4480 1852 4535 alia
1877 4498 2017 4538 non-

454 4559 626 4613 nulla.
675 4556 865 4612 Sereni
924 4576 1144 4629 quoque
1193 4566 1535 4634 grammatici
1582 4571 1734 4624 varia
1776 4571 2023 4630 dramata

461 4650 613 4702 vario
648 4649 908 4704 carminis
941 4666 1158 4719 genere,
1189 4662 1245 4705 et
1281 4654 1580 4711 Andronici
1616 4658 2024 4731 Hermopolita-

457 4742 513 4795 ni
563 4740 629 4794 ad
664 4741 916 4795 comitem
957 4739 1438 4800 Phaabammonem
1474 4761 1821 4804 communem
1868 4753 2024 4808 urbis

454 4835 815 4889 conditorem.
847 4836 913 4890 Et
946 4835 1035 4890 hic
1073 4835 1381 4891 dramatum
1414 4851 1609 4894 auctor
1643 4842 1814 4896 variis
1851 4844 2024 4898 versi-

455 4927 559 4981 bus
579 4926 745 5017 libros
765 4931 1093 4999 composuit.
1129 4931 1209 4987 Ad
1228 4934 1345 4987 haec
1377 4950 1505 4990 vero
1530 4934 1893 5005 Horapollinis
1910 4938 2021 5009 (52)

454 5019 790 5088 grammatici
817 5020 884 5076 de
908 5021 1095 5091 patriis
1132 5024 1298 5080 rebus
1321 5025 1833 5081 Alexandrinorum.
1865 5026 2023 5083 Com-

2205 4396 2295 4448 ‘Ev
2330 4394 2389 4446 δὲ
2416 4392 2495 4463 τῷ
2517 4393 2664 4459 αὐτῷ
2695 4392 2878 4461 τεύχει
2899 4388 2977 4460 τῷ
2996 4388 3145 4459 αὐτῷ
3174 4385 3483 4457 περιείχετο
3515 4385 3704 4455 μέτρῳ

2123 4488 2218 4540 καὶ
2243 4484 2497 4556 Ἑρμείου
2534 4482 2920 4554 Ἐρμοπολίτου
2944 4483 3148 4551 πάτριά
3177 4496 3237 4533 τε
3264 4481 3362 4549 τῆς
3395 4478 3705 4549 Ἐρμουπὸ-

2123 4574 2258 4637 λεως
2282 4576 2375 4627 καὶ
2413 4573 2577 4646 ἕτερά
2607 4590 2750 4639 τινα,
2782 4574 2879 4626 καὶ
2909 4574 3017 4643 μὴν
3058 4573 3152 4626 καὶ
3172 4572 3409 4642 Σερήνου
3432 4587 3704 4640 γραμμα-

2123 4664 2277 4718 τικοῦ
2310 4665 2367 4717 ἐν
2418 4664 2695 4734 διαφόροις
2748 4663 2969 4735 μέτροις
3019 4662 3274 4734 δράματα
3312 4661 3568 4730 διάφορα,
3606 4662 3707 4715 καὶ

2137 4757 2477 4829 Ἀνδρονίκου
2544 4757 2959 4827 πολιτευομένου
3011 4757 3107 4808 καὶ
3166 4754 3330 4809 αὑτοῦ
3430 4756 3708 4823 Ἑρμοκο-

2125 4845 2293 4913 λίτου,
2324 4848 2457 4919 πρὸς
2509 4847 2599 4900 τὸν
2638 4850 2853 4918 κόμητα
2889 4846 3257 4916 Φοιϐάμμωνοι
3301 4845 3396 4899 τὸν
3452 4845 3706 4899 κοινοπο-

2128 4937 2319 5007 λιστήν
2342 4938 2406 4969 ⁸⁸·
2446 4939 2540 4992 καὶ
2575 4933 2728 5002 οὗτος
2754 4939 2810 4992 δὲ
2845 4939 3134 5008 δραμάτων
3163 4937 3279 4990 ἐστὶ
3310 4938 3559 5007 ποιητὴς,
3585 4938 3701 4990 δια-

2129 5029 2313 5102 φόροις
2378 5030 2597 5100 μέτροις
2650 5032 2775 5094 τοὺς
2827 5030 3018 5098 λόγους
3058 5029 3323 5083 ἐντείνων.
3364 5028 3525 5100 [1597
3605 5027 3700 5100 IL]

1742 5189 1975 5245 VARIIE
2014 5192 2415 5248 LECTIONES.

522 5271 568 5345 ἐν
596 5268 685 5341 τῇ]
715 5270 792 5345 τῷ
812 5270 889 5331 cu
1028 5274 1216 5345 ἡδίστη
1240 5275 1347 5344 γὰρ
1387 5275 1498 5329 τότε

1532 5278 1565 5346 ἡ
1584 5276 1646 5333 C.
1677 5281 1709 5349 ἡ
1739 5281 2066 5359 ἠδίστηῌγᾲρ
2092 5286 2214 5359 τότε
2245 5302 2323 5359 <:_._
2345 5287 2729 5359 ⁵⁷Αάὲρος,1ἰὶ)ι·ἰ
2756 5288 2938 5359 ἔαρος.

3014 5289 3058 5371 ξ⁸
3085 5289 3291 5370 ἀδινὰς]
3317 5289 3439 5345 libri
3473 5289 3695 5371 ἀδῄνας.

766 5344 879 5431 into
909 5340 1133 5431 cynici.”
1169 5340 1216 5376 ⁸⁸
1242 5340 1359 5431 ό.
1386 5340 1577 5414 Νεῖλος
1615 5359 1669 5404 et
1697 5340 1823 5404 mox
1861 5353 1889 5402 6
1915 5340 1979 5405 δέ
2012 5340 2194 5424 Ῥώμη
2224 5340 2347 5410 add.
2379 5357 2442 5411 (Σ,
2476 5340 2489 5357 ’
2517 5340 2955 5431 ’ἶ
2983 5340 3291 5426 Meursius?

452 5409 736 5467 Reinesius
766 5410 887 5467 Var.
913 5409 1062 5468 Lect.
1102 5416 1155 5480 5,
1178 5431 1230 5483 p.
1256 5418 1383 5471 456.

507 5645 616 5717 (5i)
652 5647 930 5719 Plutarch.
962 5649 1014 5703 in
1072 5649 1364 5719 Poplicola,
1413 5662 1467 5707 et
1515 5653 1584 5706 M.
1615 5655 1739 5713 Ant.
1768 5656 2008 5716 Muretus

455 5714 551 5771 lib.
582 5714 615 5771 ll
660 5716 865 5773 Variar.
890 5736 1007 5791 cap.
1040 5722 1119 5774 l7.
1154 5714 1293 5775 Hinc
1324 5714 1466 5779 feles
1496 5726 1675 5780 dictae.

1989 5561 2215 5620 NOTAE.

2186 5663 2630 5743 (-52).l.lorap_olla_
2676 5673 3079 5743 grammaticus,
3112 5670 3269 5743 cujus
3304 5682 3523 5730 exstant
3559 5671 3695 5729 Hie-

2118 5735 2441 5804 roglyohica.
2476 5735 2717 5794 Meminit
2739 5748 2794 5795 et
2823 5742 3039 5797 Suidas.
