1961 3121
115 127 169 159 325

633 131 887 162 BIBLIOTHECA
908 145 943 150 -—
961 133 1045 164 COD.
1067 134 1224 166 CCLXXX.

1697 136 1751 168 396

118 181 217 210 Ἐτισὲ
225 181 274 209 καὶ
290 181 490 217 Ὧραπόλλωνος
502 183 694 218 γραμματικοῦ
708 184 834 218 περὶτῶν
856 194 909 211 πα-

968 187 1051 214 )osuit
1067 192 1095 215 et
1111 188 1157 215 ille
1170 189 1293 216 dramata
1311 189 1392 217 simili
1411 189 1491 225 stylo.
1507 189 1560 218 Sed
1572 190 1668 226 etCyri
1681 191 1750 227 (52')

114 227 202 261 τρίων
217 226 419 262 1ΔλεξαΝδρείας
428 236 434 242 ·
445 229 583 264 συντίθησι
594 229 622 254 δὲ
633 229 680 255 καὶ
694 229 774 260 αὐτὸς
784 230 911 264 δράματα

114 274 156 307 τῷ
178 274 267 308 ὁμοίῳ
291 273 380 309 τύπῳ.
414 274 500 301 Ἀλλὰ
514 275 563 301 καὶ
589 276 680 310 Κύρου
712 276 910 303 Ἀντιοπολίτου

114 320 157 350 είς
179 319 339 354 Μαυρίκιον
356 319 440 346 δοῦκα
468 320 515 346 καὶ
531 319 576 345 τδν
592 320 715 355 ἡγεμόνα
733 321 854 355 παρόντα
877 322 911 356 τῇ

114 366 252 400 ἀκροάσει
267 372 275 380 ·
292 366 322 392 ὲν
339 365 460 401 ἰαμϐικῷ
475 366 504 392 δὲ
519 366 611 401 μέτρῳ
624 366 670 392 καὶ
684 363 760 398 οὗτος
773 366 817 393 τὸν
830 367 910 393 αὑτοῦ

115 410 264 446 συντίθησι
276 411 369 438 πόνον.
386 411 447 438 Εἰσὶ
459 411 487 438 δὲ
504 412 585 439 αὐτοῦ
598 412 645 438 καὶ
662 412 684 426 ⁶¹
696 412 837 439 ἐπιστολαὶ
852 413 911 439 διά-

115 463 197 490 φοροι
222 456 292 492 πρὸς
317 457 473 492 διαφόρους,
489 459 608 493 γραφαῖς
635 457 840 492 ποικιλλόμεναι
853 458 911 484 δια-

114 503 224 537 φόροις,
245 503 294 530 καὶ
311 503 399 538 ἕτεροί
414 512 486 534 τινες
505 503 723 539 ὲγκωμιαστικοὶ
737 503 820 537 λόγοι.

485 549 548 576 ΣΠ’.

116 595 274 630 Εὑλοτίου
286 595 525 629 ἀρχιεπισκόπου
552 594 779 628 Ἀλεξανδρείας
799 595 911 622 σύντα-

333 638 392 664 γμα
406 629 481 656 κατὰ
494 630 699 656 Nautium-(Iw.

159 674 333 710 Ἀνεγνὼσθη
357 674 404 701 τοῦ
420 675 449 701 ὲν
475 674 497 690 ⁸³
512 674 601 709 ἁγίοις
624 675 766 709 Εὐλογίου,
785 675 912 711 ἀρχιεττι-

117 722 224 748 σκόπου
246 720 460 756 ’Δλεξανδρείας,
475 719 577 755 βιϐλίου
591 720 638 748 τοῦ
652 721 722 748 κατὰ
734 720 913 748 Ναυατιανῶν

120 768 168 794 διὰ
183 766 268 793 πέντε
283 766 370 801 λόγων
396 766 628 802 ἁπαρτιζομένου,
643 766 693 793 ὅσα
702 768 742 799 εις
762 766 913 802 ἑρμηνείαν

117 813 269 849 Γραφικῶν
281 812 370 848 ῥητῶν
378 812 440 847 ἥκοι
452 811 485 839 ⁸⁸.

352 858 403 884 Ἐκ
413 858 467 885 τοῦ
477 861 503 885 a'
516 858 609 892 λόγου
615 857 648 883 ⁸³.

155 904 221 931 Ὀτι
229 911 362 938 ματαιως,
374 903 467 939 φησὶν,
479 904 504 930 οί
512 904 688 935 Ναυατιανοὶ.
698 904 723 930 εί
737 904 785 931 καὶ
797 903 915 939 καθαροὶ

118 948 189 986 ἦσαν
199 950 248 977 καὶ
263 950 425 986 ἐξῃρημέναι
437 950 483 976 τὸν
500 949 644 985 βίον,ὂπερ
658 949 709 976 οὐκ
721 950 786 983 εἰσὶ,
802 949 832 976 τὸ
845 949 916 985 μετὰ

116 996 175 1023 τῶν
192 995 282 1023 ἄλλων
296 995 458 1029 συνάγεσθαι
474 995 581 1028 καὶτὰς
596 996 679 1031 εὐχὰ,
695 996 743 1023 καὶ
753 996 915 1032 ψαλμῳδίας

119 1043 262 1070 ποιεῖσθαι
270 1041 476 1077 παραιτοῦνται.
496 1041 576 1068 Ἀϐὲλ
587 1042 641 1077 γὰρ
654 1042 693 1078 τῷ
707 1042 777 1070 Κὰῖν
786 1042 914 1070 πλεῖστον

121 1089 153 1115 ἐν
164 1088 232 1114 πᾶσι
249 1086 412 1122 διενηνοχὼς
429 1087 617 1121 συνεθυσίαζε,
634 1089 680 1115 καὶ
694 1088 741 1115 τοῦ
758 1087 807 1124 μὲν
821 1089 835 1115 ὁ
848 1088 915 1120 Θεὸς

121 1134 175 1169 τὴν
193 1133 287 1160 θυσίαν
311 1133 428 1168 ἐδέχετο,
440 1133 487 1160 τοῦ
512 1133 541 1160 δὲ
563 1135 755 1170 ἀπεπέμπετο,
775 1134 823 1161 καὶ
837 1134 915 1161 οὐδὲν

119 1181 237 1214 γέγονεν
249 1178 375 1214 ἐμποδὼν
391 1180 404 1206 ό
428 1179 541 1215 βέϐηλος
566 1180 605 1216 τῷ
627 1180 749 1207 θεοσεϐεῖ
776 1182 816 1212 είς
828 1180 860 1207 τὸ
876 1180 914 1216 μὴ

121 1225 324 1260 προσδεχθῆναι
350 1226 433 1252 αὐτου
457 1227 492 1253 τὰ
519 1226 604 1261 δῶρα.
625 1226 681 1253 Καὶ
701 1226 773 1259 Νῶε,
790 1226 866 1261 φησὶ,
881 1227 915 1252 τὰ

119 1270 232 1305 καθαρὰ
244 1270 297 1297 τῶν
304 1271 380 1304 ζώων
393 1273 440 1298 καὶ
456 1271 518 1298 τὰ⁶⁶
528 1271 673 1306 ἀκάθαρτα
688 1271 747 1306 ἃμα
763 1271 914 1307 προσετάτ-

119 1326 185 1344 τετο
207 1318 236 1343 ὲν
255 1318 288 1353 τῇ
314 1317 423 1353 κιϐωτῴ
448 1317 661 1352 παραδέχεσθαι.
685 1317 741 1343 Καὶ
766 1317 813 1344 τὸν
831 1317 915 1352 Φαρι-

120 1364 201 1389 σαῖον
216 1363 256 1399 τῷ
267 1363 370 1399 τελώνῃ
384 1363 441 1398 ἅμα
455 1363 654 1399 προσεύχεσθαι
668 1364 685 1397 ἡ
696 1363 847 1398 Δεσποτικὴ
864 1371 916 1389 πα-

121 1407 231 1443 ραϐολὴ
258 1407 385 1435 δεικνύει.
413 1408 470 1434 Καὶ
499 1407 539 1443 τῷ
564 1408 694 1444 προφήτῃ
722 1407 800 1443 Ἠλίᾳ
828 1406 913 1443 κόραξ

120 1454 173 1490 τὴν
183 1454 289 1489 τροφὴν
304 1454 325 1470 ⁸⁷
341 1454 371 1481 τὺ
394 1453 548 1490 ἀκάθαρτον
572 1453 693 1489 διηκόνει
709 1453 788 1486 ζῶον.
807 1453 864 1479 Καὶ⁸
885 1453 916 1479 τὸ

120 1501 284 1536 ἐγγύτερον,
302 1500 333 1527 οὐ
348 1500 492 1535 γεγόνασιν
506 1499 635 1535 ἐμπόδιον
658 1500 684 1526 οἱ
706 1499 761 1525 τῶν
778 1498 914 1533 δαιμόνων

964 234 1140 267 Antipolitani
1159 235 1186 262 in
1202 234 1362 262 Mauricium
1378 235 1474 263 ducem
1486 255 1494 267 .
1505 241 1532 263 et
1547 237 1750 271 imperatorem,

961 278 1011 312 qui
1036 279 1188 306 recitationi
1215 280 1349 307 interfuit.
1380 280 1478 309 lambis
1504 286 1532 308 et
1556 281 1601 309 ille
1628 281 1750 309 laborem

961 330 1042 350 suum
1055 324 1272 359 comprehendit.
1290 324 1360 352 Sunt
1385 326 1445 360 ejus
1469 327 1554 353 varia:
1576 327 1699 361 epistolae
1715 328 1748 354 ad

960 369 1053 397 varios
1066 370 1210 405 pigmentis
1225 371 1405 404 adumbratae,
1420 376 1448 399 et
1468 372 1528 399 alite
1539 374 1676 401 nonnulla:
1688 381 1752 401 ora-

963 414 1056 443 tiones
1070 415 1217 443 laudatorii
1242 417 1360 451 generis.

1282 549 1434 577 CCLXXX.

962 590 1093 628 Eulogius
1133 595 1345 636 archiepiscopus
1361 595 1532 624 Alexandriae
1546 601 1639 624 contra
1658 597 1751 624 Nova-

1298 636 1398 658 ιιαηοδ.

1000 672 1064 708 Legi
1080 682 1096 702 e
1111 674 1191 702 beato
1208 675 1323 711 Eulogio
1349 676 1556 711 archiepiscopo
1580 677 1752 705 Alexandriae

963 718 1061 746 librum
1084 725 1179 748 contra
1201 721 1380 754 Novatianos,
1407 722 1528 757 quinque
1553 723 1630 750 libris
1654 723 1752 750 distiu-

962 767 1048 795 etum,
1063 771 1123 798 quae
1133 765 1167 792 ad
1182 772 1268 793 sacrae
1285 764 1433 801 Scriptura:
1444 766 1682 802 interpretationes
1690 776 1752 803 per-

962 809 1062 837 tinent.

1284 856 1325 884 Ez
1340 857 1387 885 lib.
1408 857 1434 886 1.

1003 899 1129 932 Frustra,
1152 901 1249 936 inquit,
1269 902 1425 936 N0vatiani,
1443 904 1550 932 etiamsi
1569 904 1662 932 mumli
1678 905 1753 940 sint,

964 947 1076 981 vitaque
1093 947 1220 981 absoluti,
1235 949 1308 983 quod
1333 956 1388 976 non
1414 955 1487 983 sunt,
1504 958 1566 977 cum
1578 952 1639 978 aliis
1653 959 1753 979 conve-

966 993 1036 1025 nire,
1058 997 1085 1020 et
1108 1001 1202 1026 preces
1232 995 1454 1031 psalmodiasque
1472 995 1564 1024 facere
1588 997 1753 1026 detrectant.

965 1037 1032 1064 Abel
1049 1038 1121 1065 enim
1134 1046 1195 1066 cum
1211 1039 1308 1073 Caino,
1325 1041 1473 1074 plurimum
1489 1041 1516 1068 in
1530 1043 1657 1070 omnibus
1670 1051 1754 1078 supe-

965 1091 1040 1116 rans,
1055 1084 1233 1116 sacriﬁcavit,
1251 1092 1277 1112 et
1291 1086 1364 1114 illius
1377 1087 1541 1114 sacriﬁcium
1554 1087 1626 1116 Deus
1639 1090 1754 1124 accepit,

966 1129 1048 1164 hujus
1076 1138 1139 1157 vero
1166 1131 1282 1166 respuit.
1301 1130 1394 1167 Neque
1417 1132 1559 1167 impedivit
1575 1134 1684 1169 impius,
1700 1143 1755 1170 quo

965 1176 1057 1204 minus
1081 1176 1148 1212 justi
1176 1178 1247 1205 dona
1271 1178 1327 1205 Deo
1347 1183 1427 1214 grata
1450 1184 1550 1210 essent.
1565 1179 1631 1212 Noe,
1654 1181 1756 1216 inquit.

965 1224 1057 1250 omnia
1082 1223 1212 1251 animalia
1239 1225 1342 1251 munda
1359 1229 1387 1252 et
1408 1225 1550 1253 immunda
1564 1226 1644 1254 simul
1661 1227 1687 1254 in
1709 1235 1756 1254 ar-

965 1276 1025 1296 cam
1047 1269 1168 1305 recipere
1181 1270 1276 1305 juSsus
1295 1270 1357 1298 fuit.
1377 1272 1409 1298 Et
1425 1271 1596 1299 Pharisaeum
1616 1280 1679 1300 cum
1702 1272 1757 1300 Pu—

965 1314 1074 1343 blicano
1104 1321 1227 1344 orantem
1242 1316 1361 1344 ostendit
1394 1317 1534 1345 Dominica
1555 1318 1707 1353 parabola;
1730 1324 1759 1347 et

966 1360 1062 1396 536!)
1078 1368 1178 1389 corvus
1194 1361 1367 1389 immundum
1394 1362 1497 1390 animal
1512 1364 1604 1391 cibum
1620 1366 1758 1400 propheta:

965 1405 1030 1433 Elite
1047 1407 1118 1434 tulit.
1133 1407 1167 1434 Et
1183 1407 1235 1435 hoc
1249 1408 1379 1443 amplius,
1396 1416 1450 1435 non
1467 1409 1666 1444 impediverunt
1679 1411 1758 1438 illum

966 1453 1121 1481 sacerdotes
1149 1453 1304 1482 daemonum
1331 1454 1357 1481 in
1376 1455 1521 1483 sacrilieiis
1543 1456 1644 1491 quibus
1671 1457 1759 1485 inter-

966 1503 1044 1525 erant
1059 1507 1066 1525 :
1084 1507 1173 1534 neque
1186 1500 1242 1534 ipse
1258 1500 1379 1535 pollutus
1401 1506 1443 1528 est
1467 1506 1560 1529 astans
1587 1503 1640 1530 illis
1672 1504 1760 1531 sacri-

122 1548 210 1582 ἱερεῖς
224 1546 357 1582 παρόντες
380 1546 466 1573 αὑτοῦ
477 1546 510 1581 τῇ
532 1545 623 1581 θυσίᾳ,
635 1545 690 1572 οὐδ’
710 1544 793 1576 αὐτὸς
814 1543 912 1579 ἐμολύ-

968 1542 1123 1578 licantibus,
1137 1546 1248 1581 quando
1264 1547 1310 1574 ille
1328 1552 1356 1574 et
1370 1547 1498 1583 pinguem
1511 1556 1589 1576 ovem
1606 1550 1660 1577 illis
1674 1551 1761 1578 sacri-

120 1599 186 1618 νετο
209 1590 368 1626 ἐφεστηκὼς
380 1591 471 1621 αὐτοῖς
482 1590 636 1625 θυομένοις,
652 1589 697 1616 ὅτε
711 1589 758 1616 καὶ
774 1589 820 1615 τὸν
834 1589 916 1617 πίονα

121 1637 192 1673 βοῦν
211 1637 325 1669 ἐκείνοις
342 1636 426 1670 θύειν,
444 1637 493 1664 καὶ
516 1636 665 1672 πρότερον,
680 1636 776 1671 ἀνῆκε.
787 1635 842 1663 Καὶ
854 1634 917 1662 Λὼτ

120 1685 153 1710 δὲ
179 1684 338 1718 Σοδομίταις
354 1683 488 1711 συνοικῶν
504 1683 555 1710 οὐκ
577 1683 737 1718 ἅπήλαυσεν
748 1681 837 1709 αὐτῶν
868 1681 916 1708 τοῦ

121 1731 250 1766 ὀλέθρου,
273 1731 326 1764 δτι,
346 1731 398 1758 κᾶν
416 1730 465 1766 τὴν
494 1730 571 1757 πόλιν
596 1730 725 1765 συνῴκει,
740 1731 798 1761 τοῖς
822 1728 923 1765 ἔργοις

121 1778 263 1813 διειστήκει
279 1777 301 1793 ⁸⁸
313 1785 320 1792 ’
335 1777 416 1810 σώζει
432 1777 461 1804 δὲ
482 1777 582 1812 μᾶλλον
605 1776 638 1803 δι’
653 1775 737 1802 αὑτοῦ
756 1776 778 1791 ¹⁹
794 1775 842 1803 καὶ
867 1775 918 1811 τὴν

122 1823 226 1861 Σηγὼρ
247 1824 336 1857 πόλιν,
349 1824 379 1850 ὲν
398 1824 468 1860 αὐτῇ
497 1822 675 1858 καταφυγὼν,
696 1822 762 1858 μίαν
774 1821 829 1849 τῶν
854 1821 919 1856 περὶ

126 1871 238 1905 Σόδομα
256 1868 348 1897 οὖσαν.
368 1867 429 1897 Οἵδε
443 1870 497 1906 γὰρ
508 1870 522 1896 ό
537 1869 641 1900 δίκαιος
652 1868 748 1900 σώζειν
762 1868 825 1897 τοὺς
847 1868 917 1894 ἀσε-

124 1916 197 1949 ϐεῖς,
212 1917 262 1943 οὐκ
290 1916 405 1949 ἐκείνοις
434 1915 660 1943 συναπόλλυσθαι,
677 1915 733 1941 Καὶ
754 1915 768 1941 ό
789 1913 919 1940 ’Λπόστο-

123 1961 173 1993 ὶός
201 1968 300 1995 φησιν·
321 1960 527 1996 Ὀμοθυμαδὸγ
539 1960 721 1994 ἐπεύχεσθαι
734 1959 849 1992 πάντας
869 1959 918 1985 καί

124 2006 163 2033 ἐν
180 2005 203 2021 ⁷⁸
216 2004 263 2032 ἐνί
283 2004 409 2039 στόματι
420 2004 555 2037 δοξάζειν
577 2003 630 2030 τὸν
652 2004 737 2030 Θεόν.
753 2004 808 2029 Καὶ
832 2002 918 2029 πολλὰ

125 2051 207 2078 ἄλλα.
220 2051 301 2077 Ὥστε
309 2050 486 2077 δυσσεϐοΰσιν
500 2051 525 2076 oi
541 2049 708 2077 Ναυατιανοὶ
717 2049 750 2081 “,
765 2049 857 2085 φησὶν,
870 2048 920 2076 οὐκ

124 2097 289 2132 ἀνεχόμενοι
295 2098 351 2128 τοῖς
363 2096 452 2127 ἄλλοις
461 2094 667 2130 συνεύχεσθαι⁷¹
680 2093 843 2130 ἀνθρώποις.
859 2094 919 2120 Ὀτι

124 2144 176 2171 καὶ
188 2143 271 2175 αὐτὸς
290 2143 325 2170 τὰ
342 2142 389 2169 ἐπὶ
409 2142 461 2177 τῆς
478 2141 650 2176 Δεσποτικῆς
665 2140 823 2177 παραϐολῆς
845 2141 920 2175 εἰρη-

126 2190 212 2224 μένα,
226 2189 288 2223 ἥτις
305 2189 327 2204 ⁷³
347 2188 393 2215 τὸν
410 2188 465 2215 ἀπὺ
498 2187 603 2224 Ἰεριχὼ
625 2187 755 2213 κατιόντα
775 2186 822 2213 καὶ
841 2194 920 2222 τραυ-

126 2235 301 2271 ματισθέντα
315 2234 474 2267 ὑποϐάλλει,
497 2234 599 2269 ὁμοίως
619 2233 643 2249 ⁷⁵
665 2232 704 2268 τῷ
734 2232 920 2268 Χρυσοστόμῳ

124 2281 192 2317 [877
206 2280 254 2317 H.]
266 2281 445 2313 ἀναπτύσσει,
463 2280 619 2315 πανδοχεῖον
634 2279 684 2315 μὲν
696 2279 746 2314 τὴν
756 2279 920 2314 Ἐκκλησίαν

126 2327 325 2363 ἐκλαμϐάνων,
342 2327 388 2354 δύο
402 2327 430 2354 δὲ
444 2327 558 2362 δηνάρια
567 2327 615 2361 τὴν
625 2325 747 2353 Παλαιὰν
758 2325 805 2352 καὶ
816 2325 919 2360 Καινὴν

127 2373 280 2408 Διαθὴκην,
298 2373 433 2409 πανδοχέα
462 2373 491 2399 δὲ
507 2373 552 2399 τὸν
576 2372 625 2407 τῆς
654 2371 817 2407 Ἐκκλησίας
835 2379 918 2407 προε-

165 2433 177 2447 ⁸
195 2431 278 2459 Rom.
293 2438 340 2464 xv,
351 2430 379 2459 6.
420 2432 429 2449 ί
445 2430 513 2458 Luc.
530 2438 560 2464 ι,
571 2429 615 2458 30.
652 2435 666 2449 ιι
681 2429 756 2458 Psal.
770 2437 849 2463 xm,
863 2430 891 2458 4.

967 1589 1145 1617 heare-etiam
1160 1591 1237 1625 prius
1253 1592 1388 1627 permisit.
1404 1591 1455 1618 Lot
1482 1591 1631 1619 Sodomitis
1645 1593 1760 1620 cohabi-

968 1639 1042 1666 tatis,
1065 1643 1129 1663 cum
1149 1636 1244 1664 iisdem
1271 1643 1325 1663 non
1351 1641 1393 1664 est
1418 1637 1581 1669 exstinctus,
1607 1638 1684 1672 quia,
1708 1637 1761 1665 etsi

968 1679 1050 1706 simul
1075 1679 1102 1707 in
1134 1680 1229 1707 eadem
1254 1680 1321 1708 urbe
1337 1680 1482 1712 habitaret,
1515 1681 1645 1716 operibus
1668 1685 1760 1709 tamen

968 1724 1047 1760 longe
1059 1725 1093 1752 ab
1110 1725 1164 1753 illis
1179 1726 1341 1754 dissidebat.
1366 1726 1492 1754 Servavit
1510 1734 1575 1754 vero
1592 1727 1651 1762 ipse
1664 1727 1759 1754 urbem

969 1771 1064 1808 Segor,
1091 1773 1118 1800 in
1148 1781 1230 1809 quam
1253 1781 1283 1801 se
1307 1779 1459 1810 receperat,
1476 1783 1560 1802 unam
1584 1782 1623 1804 ex
1642 1775 1686 1803 his
1701 1783 1762 1811 qua:

968 1818 1073 1845 circum
1099 1818 1218 1847 Sodoma
1249 1824 1338 1847 erant.
1362 1819 1444 1847 Novit
1457 1820 1529 1847 enim
1545 1820 1636 1855 justus
1652 1828 1763 1848 servare

969 1867 1070 1903 impios
1086 1868 1122 1895 ita
1135 1872 1165 1895 ut
1180 1876 1242 1896 cum
1259 1868 1313 1897 illis
1328 1869 1441 1896 minime
1455 1873 1559 1903 pereat.
1568 1868 1601 1896 Et
1613 1868 1762 1904 Apostolus

969 1914 1037 1941 dicit
1053 1923 1060 1942 :
1080 1913 1224 1942 linanimes
1237 1923 1325 1942 omnes
1340 1923 1429 1948 orare,
1446 1920 1471 1943 et
1495 1924 1548 1943 uno
1585 1923 1629 1943 ore
1655 1915 1762 1942 honori-

969 1960 1050 1995 ﬁcare
1066 1961 1182 1994 Deum',
1204 1965 1232 1989 et
1252 1962 1279 1989 id
1294 1969 1382 1997 genus
1402 1962 1467 1989 alia.
1486 1962 1577 1995 Quare
1600 1961 1676 1997 impii
1699 1965 1763 1989 sunt

969 2006 1124 2040 Novatiani,
1153 2007 1200 2043 qui
1220 2015 1283 2035 cum
1307 2008 1369 2036 aliis
1387 2009 1533 2036 convenire
1548 2008 1653 2035 nolunt.
1674 2007 1761 2034 Etiam

970 2057 1002 2078 ea
1029 2058 1089 2086 quae
1117 2051 1145 2078 in
1176 2050 1282 2078 Domini
1301 2051 1431 2086 parabola
1450 2051 1485 2078 de
1512 2052 1624 2079 homine
1651 2049 1762 2078 Jericho

970 2095 1152 2123 descendente
1163 2096 1173 2114 ί
1190 2090 1339 2124 vulnerato.
1352 2096 1481 2131 leguntur
1508 2096 1629 2131 apponit,
1644 2101 1672 2123 et
1685 2096 1762 2123 simi-

970 2142 1033 2168 liter
1048 2145 1078 2168 ut
1101 2141 1314 2175 Chrysostomns
1331 2143 1450 2176 explicat
1468 2151 1474 2169 :
1492 2142 1640 2177 hospitium
1666 2141 1762 2169 Eccle—

972 2187 1040 2215 siam
1055 2195 1116 2215 esse
1131 2188 1236 2220 dicens,
1254 2188 1308 2216 duo
1325 2196 1390 2216 vero
1407 2189 1520 2216 denaria
1545 2190 1695 2224 Antiquum
1708 2187 1763 2216 No-

972 2241 1092 2269 vumque
1127 2233 1343 2269 Testamentum,
1372 2235 1507 2270 hospitem
1539 2243 1603 2262 vero
1634 2234 1763 2263 Ecclesiae

972 2280 1104 2315 praesides
1120 2290 1128 2308 :
1153 2288 1216 2308 eum
1230 2288 1295 2308 vero
1309 2281 1356 2316 qui
1373 2282 1401 2308 in
1415 2281 1536 2309 latrones
1554 2282 1690 2315 inciderit,
1699 2289 1763 2317 pec-

971 2330 1105 2354 catorem.
1128 2325 1166 2354 De
1187 2327 1230 2355 his
1246 2326 1346 2354 :Beati
1360 2336 1473 2363 quorum
1488 2329 1606 2355 remisere
1620 2333 1681 2355 sunt
1709 2329 1762 2355 ini-

971 2372 1084 2407 quitatel
1098 2378 1125 2405 υ,
1137 2377 1203 2407 etc.,
1221 2374 1339 2401 remissae
1357 2378 1427 2406 sunt,
1444 2374 1542 2409 inquit,
1555 2374 1590 2402 de
1614 2374 1763 2410 baptismo,

771 2486 890 2514 VARI/E
919 2484 1123 2514 LECTIONES.

163 2537 189 2552 "
203 2535 252 2562 καὶ
268 2534 333 2562 add.
347 2534 379 2569 ς.
419 2534 442 2550 ⁸³
455 2533 504 2561 τοῦ
524 2535 563 2560 ὲν.
601 2534 625 2550 ⁸*
647 2534 711 2569 ἥκοι
729 2533 750 2561 C
770 2543 776 2561 :
794 2532 917 2569 εὐλογίου
947 2531 1141 2569 ᾀλεξανῂδρείας
1162 2531 1316 2569 σύνταγμα·
1333 2532 1465 2569 ρητῶννδὲ
1486 2533 1630 2568 γραφικῶν
1644 2533 1765 2561 διάνοιαν

128 2571 301 2599 αναπτύσσει
312 2578 319 2584 ·
336 2567 376 2601 οἷς
389 2569 644 2604 συναπαρτίζεσθαί
660 2566 713 2602 σοι,
733 2568 844 2630 Elian:
860 2567 994 2601 ἀδελφῶν,
1012 2566 1068 2593 ἴσθι
1083 2568 1131 2593 καὶ
1148 2568 1198 2602 τὴν
1217 2566 1387 2603 ποθουμινην
1406 2566 1588 2602 ἐξαίτησινγΒ.
1605 2575 1636 2595 ea
1652 2569 1679 2595 in
1693 2576 1755 2596 sum

128 2606 219 2630 mario
232 2605 310 2630 nonit
325 2605 358 2630 Α.
377 2605 477 2630 additis
491 2609 551 2630 post
578 2605 721 2630 σύνταγμα
756 2604 779 2630 is
797 2612 804 2630 :
832 2603 895 2630 ἔνου
923 2602 970 2630 λογ
998 2602 1215 2630 ἁπαρτῐζομενον
1232 2611 1262 2630 ς.
1300 2602 1322 2618 ⁸⁸
1339 2603 1372 2628 ὲκ
1387 2603 1434 2629 τοῦ
1448 2604 1557 2630 πρώτου
1567 2603 1645 2630 λόγου
1660 2611 1716 2630 οιη.
1733 2604 1751 2629 ll

128 2606 219 2634 mario
232 2605 310 2640 ponit
325 2605 358 2637 Α,
377 2605 477 2632 additis
491 2609 551 2640 post
578 2605 721 2638 σύνταγμα

130 2643 153 2658 u
169 2641 204 2658 ,λι
225 2644 284 2658 nnc!
302 2641 346 2658 νηὶ
359 2647 403 2658 nm
440 2640 459 2658 ιι
507 2640 529 2655 I1
548 2638 598 2658 malm
617 2640 721 2658 ηιννηδηυ

130 2643 153 2658 ³⁸
169 2641 206 2668 τὰ.
225 2644 286 2675 post
302 2641 349 2666 καὶ
359 2647 394 2666 on

127 2676 174 2703 τοῦ
195 2676 214 2702 Β
230 2675 349 2702 ιὲαυτοῦ
366 2683 397 2706 ς.

129 2714 192 2739 σθαι
210 2719 241 2744 ς’

435 2676 459 2691 ⁷⁸
467 2676 495 2701 ὲν
508 2674 572 2702 add.
590 2674 619 2701 Β.

756 2604 779 2631 is
797 2612 804 2630 :
832 2603 895 2643 ἔχου
923 2602 970 2643 λιι-ί
998 2602 1215 2643 ἁπαρτῐζομενρν
1231 2611 1262 2643 ς.
1300 2602 1322 2643 ’ξ
1339 2602 1372 2628 ὲκ
1387 2603 1434 2643 τοῦ
1448 2604 1557 2643 ετρώτου
1567 2603 1645 2636 λόγου
1660 2611 1716 2643 om.
1733 2604 1762 2643 ll.

225 2638 286 2675 post
302 2641 349 2666 καὶ
359 2647 416 2667 om.
440 2640 469 2666 Β.
492 2638 529 2655 ’⁸⁷
548 2638 605 2675 τὴν
617 2640 721 2675 τροφὴν
745 2643 806 2666 ante
829 2638 1103 2675 τῴλπροφῄτηᾷυοιιίι
1121 2646 1150 2669 ς.

1189 2637 1213 2653 ⁸⁸
1228 2637 1364 2673 διεστήκει
1387 2638 1407 2665 Β
1423 2647 1430 2665 :
1446 2637 1593 2672 διειστήκει
1612 2645 1641 2669 ς.
1672 2638 1694 2654 ⁸⁸
1714 2639 1764 2666 αὑο

658 2675 681 2690 ⁷³
696 2673 720 2700 οἱ
733 2673 889 2709 ναυατιανοὶ
901 2674 983 2707 φησὶν
1002 2673 1023 2698 Β
1039 2681 1046 2699 :
1062 2680 1129 2708 φησι
1142 2681 1297 2700 ναυατιανοι
1313 2681 1344 2705 ς.
1381 2674 1404 2689 ⁷⁸
1421 2673 1598 2708 συνεύχεσθαι
1608 2673 1639 2700 Β.
1654 2674 1758 2709 συνέχει

298 2710 320 2727 ⁷⁸
335 2710 397 2745 ἥτις
408 2710 470 2738 add.
487 2709 517 2738 Β.
555 2709 578 2726 ⁷⁸
590 2709 719 2744 ὁμοίωςΒ
740 2718 747 2736 :
762 2709 810 2735 καὶ
824 2708 924 2744 ὁμοίως
933 2715 964 2739 ς.

893 2764 1009 2793 ΝΟΤΛΕ.

167 2818 293 2854 (52“)An
312 2817 359 2845 hic
379 2816 467 2854 Cyrus
482 2817 648 2853 prodromus
670 2816 748 2852 cujus
771 2814 895 2851 quautam
915 2813 1067 2850 aJStobato
1086 2814 1246 2848 atteruntur,
1269 2815 1390 2851 quaedam
1412 2822 1475 2843 cum
1491 2813 1636 2850 Nicephori
1659 2813 1763 2843 Callisti

131 2855 259 2883 versibus
281 2854 363 2882 edita.
