1961 3121
119 148 169 182 ω

621 146 883 178 BlBLIOTHECA.
891 157 927 165 -
938 145 1020 175 COD.
1037 144 1197 175 CCLXXX.

119 203 159 234 τοῦ
179 201 315 239 κορυφαίου
339 202 388 229 καὶ
413 203 471 235 τοῖς
496 203 601 235 λοιποῖς
627 194 683 229 τῶν
711 204 841 240 μαθητῶν
859 204 876 237 ἡ

940 206 1010 238 :epta
1031 202 1130 230 Petrus
1153 203 1289 236 potestate
1309 200 1412 235 ligandi
1427 193 1615 235 solvendique,
1637 199 1724 228 inter.

119 250 211 284 τοιαύτη
232 248 338 281 ἐξουσία
361 248 476 279 ἐδέδοτο.
500 248 568 276 ὅπου
599 257 632 284 γε
666 249 715 277 καὶ
745 251 802 282 τοῖς
832 250 881 277 ἀπ’

118 296 213 323 ἐκείνων
224 294 252 321 τὸ
270 294 464 329 ἀρχιερατικὺν
489 294 559 321 κατὰ
573 294 699 331 διαδοχὴν
714 295 881 330 περιϐεϐλη-

118 341 194 376 μένοις
206 339 310 374 ἀξίωμα
325 339 375 375 τὴν
386 339 472 375 αὐτὴν
483 341 628 375 προσεῖναι
643 340 691 367 τοῦ
709 341 822 376 δεσμεῖν
835 340 884 367 καὶ

117 387 179 413 λύειν
202 385 322 418 ἐξουσίαν
342 385 520 421 πιστεύομεν.
548 383 627 419 Εἶτα,
654 386 693 419 ὡς
712 383 759 413 οὖν
778 386 882 419 λαϐὼν,

117 432 195 467 φησιν,
209 433 222 458 ὁ
236 431 338 467 Πέτρος
348 430 397 467 τὴν
414 431 539 463 ἐξουσίαν
549 431 597 458 τοῦ
609 432 719 467 δεσμεῖν
731 432 780 459 καὶ
797 431 882 465 λύειν,

116 478 191 513 ἐρωτᾷ
205 477 248 504 καὶ
257 477 396 512 τδξμέτρον
408 478 458 512 τῆς
473 478 611 513 ἀφέσεως,
627 478 768 511 Ποσάκις,
784 478 883 513 λέγων,

116 524 161 551 ἐὰν
168 523 273 559 ἁμάρτῃ
287 524 331 557 εἰς
341 524 393 558 ἐμὲ
406 525 422 550 ὁ
435 524 568 557 ἁδελφός
579 533 649 559 μου.
662 525 770 560 ἀφήσω
784 525 885 557 uorti;

114 569 161 602 ἕως
171 569 304 602 ἑπτάκις;
318 569 348 596 τὸ
364 570 415 601 ἕως
429 570 546 601 ἑπτάκις
556 570 580 586 ⁸⁸
605 570 700 603 είπὼν,
717 570 766 606 τὴν
781 570 827 597 ἐπὶ
837 570 886 597 τοῦ

115 615 176 642 Κάῖν
193 615 353 650 κατάκρισιν
378 615 459 642 λῦσαι
485 615 646 648 σπουδάζων
662 616 692 642 ἐν
713 616 752 651 τῷ
775 607 894 651 ἀφιέναί

113 661 260 693 τοσαυτάκις
278 662 336 693 τοῖς
363 662 578 697 ἁμαρτάνουσιν.
610 662 640 689 Ὀ
673 662 702 689 δὲ
731 662 826 698 Σωτὴρ
856 662 886 689 οὐ

113 705 201 741 ταύτην
218 705 298 741 μόνον
315 706 398 741 λύων,
409 707 478 735 ἀλλὰ
491 709 539 736 καὶ
552 708 602 743 τὴν
612 708 658 735 ἐπὶ
672 708 718 735 τοῦ
729 708 888 744 Λάμεχὲξε-

112 751 275 786 νηνεγμένην,
292 752 446 788 ἐπήνεγκεν
455 762 463 770 ·
479 755 520 782 οὑ
532 756 611 789 λέγω
621 761 672 781 σοι
686 754 742 787 ἕως
752 754 887 787 ἑπτάκις,

113 796 172 823 ἀλλ’
190 797 241 830 ἓως
253 797 508 833 ἑϐδομηκοντάκις
523 799 608 827 ἑπτά.
628 800 665 826 Τὸ
677 800 707 827 δὲ
721 800 846 836 διήγημα
859 800 890 827 τὸ

113 842 168 878 περὶ
182 842 226 870 τοῦ
241 843 338 879 Λάμεχ
365 845 487 873 τοιοῦτόν
503 854 585 881 φησιν
599 854 606 862 ·
633 846 768 882 Ἕϐδομος
781 844 816 883 ἢν
832 847 887 874 ἀπὸ

113 888 182 919 Κάῖν,
197 888 244 915 καὶ
256 889 413 922 τελευταῖος
433 891 489 917 τῶν
501 891 644 925 ἀπογόνων
656 899 663 908 ·
681 891 776 919 τοῦτον
798 891 853 927 γὰρ
872 892 886 919 ὁ
903 884 923 910 Β

112 933 288 968 κατακλυσμὸς
305 933 412 968 φθάσας
434 935 561 970 ἐξήλειψε
575 936 607 962 τὸ
630 936 678 962 τοῦ
703 936 773 963 Κάἶν
794 936 884 971 γένος.

112 978 158 1004 Καὶ
171 978 295 1006 τοσοῦτον
324 980 478 1016 ὑπερέϐαλε
494 981 524 1008 τὸ
543 981 592 1008 τοῦ
608 982 715 1018 Λάμεχ,
737 982 832 1018 φησὶν,
846 982 886 1014 ὡς

111 1021 170 1051 εἷναι
195 1024 247 1052 τῶν
272 1026 322 1053 τοῦ
355 1027 427 1054 Κάῖν
456 1027 666 1063 ἁμαρτημάτων
698 1028 886 1056 πολλαπλάσια

111 1071 172 1097 κατὰ
188 1071 216 1098 τὺ
229 1072 464 1109 ἑϐδομηκοντάκις
494 1074 573 1107 ἑπτὰ,
593 1075 631 1106 ὡς
653 1075 702 1102 κα)⁵
717 1075 799 1107 αὐτὸς
828 1075 885 1103 Λάέ

113 1124 158 1151 μεχ
168 1118 221 1149 ταῖς
234 1119 361 1153 γυναιξὶν
381 1119 565 1154 ἀπαγγέλλων
578 1121 612 1147 τὰ
629 1121 814 1156 ἡμαρτημένα
825 1121 886 1157 ἐδή-

111 1160 193 1195 λωσεν,
206 1163 358 1200 αὔτανδρον
381 1165 493 1201 ὄλεθρον
507 1166 580 1193 κατά
596 1166 647 1201 τῆς
674 1167 773 1201 γενεᾶς
801 1167 886 1194 αὑτοῦ

111 1207 285 1245 διηγούμενος.
311 1211 374 1237 Ἐπὶ
399 1211 528 1239 τοσοῦτον
555 1212 610 1248 γὰρ
628 1213 683 1240 τῶν
698 1213 759 1240 τότε
780 1213 887 1249 ἀνδρῶν

108 1252 201 1289 ηὐξήθη
217 1254 250 1281 τὰ
257 1255 461 1291 ἁμαρτήματα,
476 1253 516 1288 οἷς
530 1257 577 1283 καὶ
599 1258 614 1284 ὁ
628 1257 724 1293 Λάμεχ
742 1259 887 1293 συνήκμα-

110 1306 158 1331 σεν,
177 1299 214 1332 ὼς
226 1301 266 1331 είς
292 1301 485 1337 πανωλεθρίαν
506 1302 597 1330 αὐτῶν
612 1302 662 1339 τὴν
681 1303 888 1339 φιλανθρωπίαν

109 1343 149 1370 τοῦ
165 1344 229 1372 θεοῦ
246 1346 412 1383 παροξῦναι,
429 1348 616 1384 κατακλυσμῷ
634 1349 683 1385 τὴν
698 1349 776 1385 δίκην
794 1350 887 1382 αὐτοῖς

109 1389 274 1419 ἐπιτιθεῖσαν.
293 1392 375 1428 [16οί1
390 1393 437 1430 IL]
450 1394 504 1421 Καὶ
513 1395 602 1430 σάρκα
613 1395 641 1421 δὲ
655 1395 705 1430 τὴν
717 1395 779 1422 τότε
791 1396 887 1430 γενεὰν

933 254 1014 286 rogat
1029 249 1137 284 quoties
1148 248 1245 276 debeat
1256 247 1405 275 dimittere:
1423 247 1543 280 Quoties,
1561 245 1650 281 inquit
1661 251 1686 279 ο,
1698 249 1721 275 si

933 295 1049 330 peccarit
1070 294 1099 321 in
1120 301 1160 321 me
1185 293 1270 328 frater
1290 301 1373 325 meus,
1396 292 1531 319 dimittam
1554 291 1618 318 illi?
1643 299 1723 326 usque

934 340 1050 373 septies?
1062 338 1138 371 dicit,
1150 336 1228 365 Caiui
1243 332 1500 364 condemnationem
1511 335 1618 363 solvere
1628 335 1723 362 volens

934 384 1097 412 dimittendo
1114 383 1193 410 toties
1220 381 1409 418 peccantibus.
1438 381 1562 408 Salvator
1577 388 1642 408 vero
1666 387 1722 407 non

936 430 1008 457 hanc
1030 429 1119 456 solum
1147 428 1267 459 solvens,
1287 427 1334 454 sed
1359 426 1441 454 etiam
1461 426 1579 453 Lamech
1607 425 1722 458 illatam,

935 475 1099 510 respondet:
1116 474 1177 501 Non
1189 474 1247 501 dico
1265 473 1313 501 tibi
1326 473 1429 507 septies.
1445 473 1489 499 sed
1503 472 1651 507 septuagies
1682 479 1725 498 se-

939 521 1017 554 pties.
1033 520 1224 548 Narrationem
1239 528 1320 555 porro
1338 519 1434 555 537i:
1445 519 1479 546 de
1496 519 1613 546 Lamech
1627 518 1666 545 sic
1678 524 1725 544 ex-

935 568 1015 603 ponit
1035 577 1042 595 :
1067 566 1206 602 Septimus
1230 571 1290 594 erat
1305 574 1320 593 a
1336 566 1415 596 Cain.
1441 569 1468 593 et
1491 564 1604 592 ultimus
1620 564 1723 598 stirpis.

937 613 1007 641 Huic
1020 612 1093 640 enim
1116 612 1248 639 diluvium
1265 616 1449 643 antevertens.
1467 610 1567 638 delevit
1582 610 1659 638 Caini
1680 617 1726 644 ge-

938 667 1010 686 nus:
1036 662 1064 685 et
1085 662 1189 685 tantum
1215 657 1354 692 superavit
1381 656 1560 688 Lamechum,
1587 659 1618 682 ut
1641 656 1726 682 multo

938 707 1019 742 plura
1035 704 1136 732 fuerint
1150 709 1263 739 peccata
1280 711 1362 739 quam
1377 704 1456 736 Cain,
1474 702 1625 730 secundum
1644 702 1723 730 illud.

939 753 1086 788 septuagies
1112 752 1207 786 septies
1222 751 1245 779 ι’.
1273 751 1509 785 Quemadmodum
1534 750 1595 786 ipse
1610 750 1726 778 Lamech

941 798 1074 825 uxoribus
1103 802 1217 832 peccata
1237 797 1404 824 annuntians
1429 795 1559 828 ostendit,
1586 796 1726 823 interitum

942 845 1036 879 stirpis
1061 843 1145 870 totius
1171 850 1298 870 narrans.
1324 842 1355 870 In
1373 846 1478 869 tantum
1507 841 1580 868 enim
1603 842 1727 869 virorum

939 894 1083 918 creverunt
1106 893 1229 924 peccata,
1253 888 1417 923 quibuscum
1444 887 1537 915 floruit
1568 888 1650 915 etiam
1676 887 1729 915 La-

940 935 1030 968 mech,
1057 939 1088 962 ut
1105 934 1190 961 Deum
1218 934 1252 961 ad
1273 934 1433 961 universum
1449 934 1572 969 ipsorum
1587 940 1675 968 genus
1688 932 1730 959 di-

938 981 1010 1009 luvio
1033 980 1201 1015 perdendum
1217 980 1375 1008 excitarint.
1393 979 1426 1007 Et
1441 987 1551 1007 carnem
1570 984 1636 1006 tunc
1648 985 1729 1006 voca-

936 1027 977 1054 vit
1008 1026 1079 1053 Deus
1102 1026 1308 1061 generationem
1330 1025 1492 1052 hominum:
1521 1024 1583 1051 Non
1609 1029 1728 1055 maneat,

937 1072 1037 1108 inquit,
1056 1071 1175 1106 Spiritus
1189 1079 1261 1098 metu
1272 1071 1302 1098 in
1313 1071 1453 1106 illis,quia
1469 1079 1532 1098 caro
1545 1076 1606 1097 sunt
1621 1071 1645 1103 ε,
1665 1070 1729 1105 quia

938 1119 987 1146 toti
1004 1118 1081 1145 carni
1098 1122 1125 1145 et
1141 1117 1233 1152 pravis
1256 1117 1482 1152 cogitationibus,
1497 1121 1525 1144 et
1536 1117 1598 1144 aliis
1609 1117 1730 1152 peccatis

936 1164 1031 1196 dediti,
1058 1171 1121 1190 vere
1142 1170 1223 1198 quem
1250 1169 1412 1197 acceperant
1431 1163 1557 1197 spiritum
1583 1162 1617 1189 ad
1635 1161 1732 1190 simili-

937 1211 1059 1239 tudinem
1075 1210 1132 1242 Dei,
1145 1215 1211 1238 lunc
1222 1211 1250 1237 in
1268 1212 1378 1237 (:irnem
1393 1210 1598 1237 convertebant.
1612 1209 1658 1237 Sic
1669 1209 1732 1244 qui-

938 1258 1010 1290 dem,
1038 1262 1068 1284 ut
1093 1256 1160 1284 dicit
1181 1255 1312 1291 Eulogius
1348 1256 1584 1291 archiepiscopus,
1611 1254 1730 1282 Lamecb

938 1304 1082 1331 damnatus
1100 1302 1191 1335 fuerit,
1207 1303 1298 1337 plures
1313 1309 1378 1329 vero
1394 1301 1488 1329 Patres
1502 1309 1549 1337 per
1564 1301 1725 1337 promissio-

938 1357 1000 1377 nem
1023 1354 1050 1377 et
1075 1348 1274 1385 paenitentiam,
1297 1348 1403 1376 veniam
1427 1347 1532 1383 peccati
1558 1347 1635 1375 illum
1654 1346 1733 1375 aiunt

940 1396 1087 1431 reperisse.

108 1436 223 1465 ἐκάλεσεν
238 1439 253 1465 ό
266 1438 348 1473 Θεὸς,
362 1440 403 1467 οὐ
414 1440 458 1475 μὴ
478 1441 568 1475 μείνῃ
587 1440 620 1467 τὸ
638 1441 760 1476 Πνεῦμά
782 1449 842 1476 μου
874 1441 910 1469 ἑν
930 1441 1044 1475 αὐτοῖς,
1059 1441 1157 1475 λέγων.
1173 1440 1221 1468 διὰ
1234 1440 1268 1467 τὸ
1290 1437 1368 1467 εἶναι
1386 1439 1498 1473 αὐτοὺς
1509 1439 1531 1456 ⁵⁷
1546 1438 1657 1473 σάρκα,
1669 1439 1731 1465 ἐπεὶ

109 1481 156 1509 ὅλοι
165 1484 211 1519 τῆς
227 1485 333 1520 σαρκὸς
348 1487 396 1513 καὶ
409 1486 465 1513 τῶν
475 1486 608 1521 ὲμπαθῶν
631 1486 770 1522 λογισμῶν
801 1488 944 1522 γεγονότες
975 1488 1023 1514 καὶ
1039 1487 1129 1522 πάσης
1146 1487 1229 1521 ἄλλης
1244 1487 1382 1521 ἁμαρτίας
1396 1486 1498 1519 ὄντως,
1510 1486 1580 1521 ὅπερ
1608 1485 1733 1518 ἐδέξαντο

109 1528 205 1565 πνεῦμα
220 1532 279 1558 κατ’
306 1531 401 1558 εἰκόνα
423 1533 471 1559 καὶ
484 1532 507 1548 ⁵⁸
523 1531 584 1560 καθ’
608 1532 738 1567 ὁμοίωσιν
754 1532 833 1565 Θεοῦ,
864 1533 904 1564 είς
939 1533 1028 1568 σάρκα
1048 1532 1194 1567 μετέϐαλον
1205 1532 1240 1558 ³⁸.
1251 1530 1330 1558 Οὕτω
1344 1530 1404 1566 μὲν,
1419 1531 1449 1563 ἐξ
1463 1528 1501 1558 ὧν
1515 1539 1598 1566 φησιν
1617 1532 1631 1557 ὁ
1641 1531 1733 1566 ἀρχιε-

110 1576 165 1609 ρεὺς
179 1577 320 1613 Εὑλόγιος,
334 1579 380 1605 τὸν
400 1579 497 1615 Λάμεχ
525 1579 695 1607 ἀπολωλέναι
730 1580 813 1615 φησίν
827 1589 834 1597 -
851 1581 876 1607 oi
895 1580 923 1607 δὲ
951 1580 1072 1607 πλεῖστοι
1089 1579 1144 1606 τῶν
1163 1579 1294 1614 Πατέρων
1310 1578 1353 1605 διὰ
1366 1578 1417 1614 τῆς
1438 1579 1606 1613 ἐπαγγελίας
1623 1578 1671 1606 καὶ
1685 1587 1734 1614 με-

108 1624 205 1657 τανοίας
217 1626 388 1662 συγγνώμην
411 1627 502 1663 εὑρεῖν
516 1627 565 1654 τοῦ
583 1627 789 1664 ἁμαρτηθέντος
804 1629 886 1656 αὑτὸν
903 1627 1123 1662 ἀπαγγέλλουσιν
1132 1627 1168 1654 ³ο.

138 1671 195 1699 Ὀτι
211 1673 296 1709 φησιν
310 1681 329 1704 ⁸,
348 1674 474 1701 Ἐπειδὰν
493 1675 598 1711 Πέτρου
612 1675 660 1702 τοῦ
673 1676 824 1711 κορυφαίου
840 1675 889 1711 τὴν

976 1675 1044 1702 Cum
1064 1673 1139 1701 Petri
1162 1672 1295 1709 principis
1313 1672 1501 1708 apostolorum
1522 1671 1694 1706 negationem
1708 1676 1736 1699 et

106 1714 210 1753 Ιρνησιν
225 1720 274 1746 καὶ
292 1720 442 1755 μετάνοιαν
464 1721 504 1752 εἰς
527 1721 638 1756 ἔλεγχον
652 1722 700 1756 τῆς
715 1721 889 1755 Ναυατιανῆς

941 1720 1142 1757 paenitentiam,
1168 1719 1201 1747 ad
1222 1718 1440 1755 redarguendam
1454 1717 1588 1746 insaniam
1602 1716 1732 1745 Novatia-

107 1763 225 1796 ἀπονοίας
254 1765 478 1801 προϐαλλώμεθα
488 1767 523 1800 ⁵¹,
560 1767 806 1803 ἀνταποκρίνεσθαι
830 1775 889 1793 πει-

944 1776 1041 1800 norum
1058 1767 1236 1803 proferimus,
1249 1767 1417 1803 respondere
1428 1770 1574 1799 conantur,
1590 1765 1664 1801 quod
1683 1765 1736 1792 Pe-

108 1810 198 1845 ρῶνται
221 1812 264 1840 ὅτι
283 1814 299 1840 ὁ
328 1813 433 1849 Πέτρος
451 1814 482 1840 τὺ
499 1814 594 1846 ἀτελὲς
613 1814 676 1841 τότε
703 1814 845 1850 βάπτισμα
857 1811 889 1849 ἦν

945 1820 1002 1841 trus
1025 1822 1079 1841 non
1116 1813 1233 1849 perfecte
1263 1812 1418 1848 baptizatus
1453 1812 1547 1844 fuerit,
1573 1812 1736 1845 baptismate

108 1854 336 1893 βεϐαπτισμένος·
351 1858 383 1885 τὸ
397 1858 451 1893 γάρ
461 1859 485 1875 ⁸³
507 1859 632 1886 Ἰωάννου
649 1859 730 1895 μόνον
744 1859 889 1886 ὲϐεϐάπτι-

944 1860 1071 1888 videlicct
1082 1858 1197 1887 Joannis
1210 1859 1287 1895 (55):
1307 1857 1439 1893 Spiritum
1451 1865 1516 1886 vero
1529 1862 1655 1885 sanctum
1668 1865 1738 1884 non-

107 1908 157 1934 ατο,
173 1903 202 1929 τὸ
216 1903 246 1930 δὲ
256 1905 338 1939 ἅγιον
350 1905 463 1940 Πνεῦμα
476 1904 553 1932 οὔπω
572 1903 606 1941 ἦν
624 1905 785 1941 δεδεγμένος
798 1913 805 1920 ·
825 1905 893 1941 μετὰ

106 1946 154 1981 γὰρ
167 1947 216 1983 τὴν
229 1949 385 1976 ἀνάστασιν
399 1949 489 1982 τοῦτο,
508 1949 679 1985 πεντήκοντα
702 1948 813 1984 ἡμερῶν
833 1949 892 1975 δια-

106 1995 247 2027 γιγονυιῶν
259 1996 297 2028 θ’,
313 1995 433 2027 ἐδέξατο.
452 1995 521 2022 Ἀλλ’
529 1995 603 2022 ἔστιν
617 1996 705 2022 είπεῖν
715 1995 782 2030 πρὸς
793 1996 894 2027 αὐτοὺς

105 2039 141 2065 ὁτι
155 2041 200 2067 καὶ
220 2041 253 2069 τὸ
293 2041 421 2068 Ἰωάννου
453 2041 514 2068 τότε
537 2042 640 2068 τέλειον
661 2039 707 2077 ἦν,
733 2041 846 2078 ὕστερον
869 2042 893 2069 δ’

106 2085 187 2122 ἀπέϐη
202 2088 260 2119 τοῖς
275 2088 432 2123 χρωμένοις
443 2087 548 2120 ἀτελὲς,
564 2088 623 2123 μεθ’
639 2087 654 2114 δ
669 2087 715 2115 τὸν
733 2088 833 2123 τρόπον
843 2088 892 2114 τοῦ

105 2131 290 2168 βαπτίσματος
310 2135 325 2160 ὁ
343 2133 440 2170 Σωτὴρ
462 2135 519 2165 τοῖς
537 2134 673 2169 μαθηταῖς
689 2133 853 2169 παραδιδοὺς
867 2134 891 2149 ⁸⁸

105 2176 174 2211 ἔλεγε
185 2186 193 2193 ·
204 2179 411 2214 Πορευθέντες
424 2180 631 2214 μαθητεύσατε
645 2179 744 2207 πάντα
758 2179 794 2207 τὰ
807 2180 892 2213 eam,

101 2223 298 2260 βαπτίζοντες
311 2226 425 2259 αὐτοὺς
438 2227 483 2259 είς
497 2226 531 2253 τὸ
545 2227 640 2261 ὄνομα
653 2226 706 2253 τοῦ
719 2226 833 2261 Πατρὸς
843 2226 893 2253 καί

103 2270 153 2297 τοῦ
164 2272 232 2299 γ’ιοῦ
244 2273 297 2300 καί
307 2273 363 2300 τοῦ
374 2273 461 2308 ἁγίου
487 2273 673 2307 Πνεύματος.
688 2272 753 2309 [879
765 2271 812 2308 IL]
827 2272 892 2299 Ὅτε

102 2312 144 2342 οὖν
159 2317 191 2344 τὺ
208 2318 346 2354 μυστικὸν
359 2318 440 2346 τοῦτο
463 2318 604 2354 βάπτισμα
618 2318 767 2354 παρεδόθη,
786 2318 848 2345 τότε
861 2318 894 2345 τὸ

944 1906 1010 1933 dum
1037 1905 1183 1940 acceperit.
1208 1904 1277 1932 Nam
1309 1904 1383 1932 hunc
1413 1909 1474 1939 post
1504 1903 1735 1932 resurrectionem

945 1952 1145 1988 quinquaginta
1173 1951 1275 1987 elapsis
1298 1951 1396 1978 diebus
1413 1951 1528 1986 aecepit.
1557 1949 1612 1978 Sed
1640 1954 1737 1978 contra

947 1998 1012 2026 illos
1026 2006 1151 2026 asserere
1170 2002 1288 2033 oportet,
1308 1996 1423 2025 Joannis
1449 1998 1531 2024 etiam
1553 2003 1619 2024 tunc
1649 1996 1738 2032 perfe-

948 2049 1023 2073 ctum
1045 2045 1129 2072 fuisse
1148 2044 1295 2079 baptisma,
1311 2049 1340 2071 at
1363 2049 1456 2079 postca
1483 2043 1624 2071 utentibus
1640 2044 1739 2078 imper-

943 2091 1045 2119 fectum
1066 2090 1172 2122 fuisse.
1200 2094 1345 2126 postquam
1372 2089 1499 2117 Salvator
1519 2090 1631 2117 modum
1653 2089 1739 2124 bapti-

944 2136 1022 2164 zandi
1041 2136 1099 2164 suis
1123 2135 1235 2163 tradens
1250 2135 1394 2170 discipulis
1408 2135 1497 2163 dixit:
1525 2135 1626 2162 Euntcx
1648 2137 1739 2162 docete

944 2191 1033 2210 omnes
1058 2187 1161 2217 gentes,
1176 2182 1342 2217 baptizantes
1361 2189 1405 2209 eos
1425 2183 1454 2209 in
1471 2182 1576 2209 nomine
1595 2181 1699 2214 Patria,
1714 2186 1738 2209 et

945 2228 1022 2262 Filii,
1038 2233 1064 2256 et
1078 2229 1197 2263 Spiritus
1214 2228 1302 2255 sancti
1316 2228 1340 2255 ι’.
1356 2228 1473 2262 Quando
1489 2228 1573 2263 igitur
1593 2228 1738 2264 mysticum

945 2275 998 2302 hoc
1015 2274 1152 2310 baptisma
1171 2274 1299 2301 traditum
1311 2273 1371 2307 fuit,
1389 2277 1455 2301 tunc
1475 2272 1590 2301 Joannis
1603 2273 1739 2309 baptisma

946 2319 1074 2350 cessavit.
1098 2325 1126 2346 et
1137 2320 1186 2354 qui
1201 2319 1242 2347 sic
1256 2324 1350 2354 postea
1370 2320 1552 2355 baptizarunt,
1577 2320 1737 2355 imperfecte

109 2362 229 2391 Ἰωάννου
245 2364 394 2400 βάπτισμα
403 2365 522 2400 ἤργησε,
531 2365 579 2392 καὶ
592 2366 617 2392 οἱ
630 2365 809 2400 βαπτίζοντες
824 2365 889 2393 αὐτὸ

943 2364 1128 2399 baptizarunt.
1162 2364 1269 2391 Domini
1306 2364 1480 2392 traditionem
1516 2368 1736 2393 contemnentes.

102 2406 188 2436 λοιπόν
203 2410 314 2442 ἀτελῶς
326 2410 484 2443 ὶϐάπτιζον,
500 2410 550 2446 τὴν
570 2410 734 2446 δεσποτικὴν
750 2411 895 2446 παρορῶν-

949 2409 1029 2436 Prius
1053 2417 1118 2436 vero
1132 2409 1284 2445 perfectum
1303 2409 1364 2442 fuit,
1384 2409 1467 2445 idque
1490 2410 1655 2444 ostenditur,
1674 2410 1739 2445 quia

103 2459 144 2484 τες
159 2454 319 2490 παράδοσιν
332 2462 340 2469 ·
356 2455 422 2490 πρὶν
437 2454 466 2481 δι
483 2454 589 2481 τέλειον
603 2452 650 2490 ἦν.
664 2454 727 2481 Ὀτι
741 2454 770 2481 δὲ
792 2454 889 2481 τέλειοι

950 2454 1024 2486 illos,
1045 2462 1115 2490 quos
1131 2455 1251 2483 Joannes
1267 2455 1425 2491 baptizavit,
1441 2455 1543 2492 538a
1558 2457 1658 2485 iterum
1689 2457 1740 2484 ba-

102 2493 142 2534 ἦν,
155 2499 248 2535 δῆλον,
264 2500 336 2535 φησὶ
343 2500 378 2533 ’⁵,
396 2500 445 2527 καὶ
462 2499 493 2533 ἐξ
505 2496 545 2527 ὧν
559 2499 679 2535 οὐδαμοῦ
696 2499 822 2534 φαίνεται
834 2500 897 2531 τοὺς

952 2502 1072 2535 ptizatos
1090 2501 1175 2529 fuisse
1188 2502 1286 2529 nullibi
1309 2502 1418 2537 legitur.
1434 2502 1515 2531 Jcsus
1534 2504 1620 2537 enim,
1640 2504 1739 2538 intptit,

135 2561 147 2575 ε
160 2555 259 2585 Matth.
274 2564 354 2590 ινιιι,
368 2556 414 2583 22.
450 2555 461 2576 ί
474 2555 543 2584 Gen.
555 2563 594 2590 iv,
610 2555 656 2583 24.
696 2555 784 2585 BGen.
798 2563 836 2589 νι,
850 2556 878 2583 5,

940 2556 1019 2584 latth.
1033 2565 1130 2590 xxvni,
1149 2557 1195 2585 29.

750 2625 870 2654 VAIUAE
891 2626 1097 2655 LECTIONES.

136 2683 198 2712 ⁸⁶τὺ
231 2686 289 2717 ἕως
314 2686 429 2718 ἱπτάκις
455 2685 517 2713 add.
544 2685 577 2713 C.
615 2684 772 2721 fim'rmbc]
793 2686 894 2721 αὐτοῖς
921 2685 952 2713 C.
991 2685 1016 2701 ⁸⁸
1036 2686 1097 2712 κατ’
1123 2687 1215 2713 εἰκόνα
1238 2687 1287 2714 καὶ
1313 2686 1376 2715 add.
1401 2686 1433 2715 C.

1472 2686 1494 2703 ι’
1516 2685 1680 2721 μετέϐαλλον
1709 2694 1740 2718 ς.

104 2719 124 2758 ξ
138 2720 363 2758 ἀπαγγέλλουσιν
379 2729 434 2758 orn.
451 2721 482 2748 B.
518 2721 540 2758 ’ξ
556 2719 775 2758 προϐαλλωμεθᾶ
826 2730 833 2748 :
846 2720 1047 2758 προϐαλώμεθα
1062 2731 1091 2758 ςῗ.
1130 2721 1153 2737 ⁹¹
1163 2723 1223 2758 γάρ
1236 2722 1300 2750 add.
1316 2722 1347 2749 Β.
1385 2722 1409 2739 ’³
1420 2719 1614 2756 διαγεγὸνυιῶν
1632 2720 1663 2748 Β.
1678 2727 1741 2749 cum

105 2752 247 2788 Surccro'r,
265 2764 293 2792 p.
312 2756 363 2783 627
381 2752 597 2791 εδιαγεγονότων
611 2762 641 2787 ς,
680 2752 822 2791 ’δ’παραδ.
839 2752 896 2787 τοῖς
916 2752 984 2792 μαθξ
997 2766 1026 2789 c.-
1064 2752 1088 2773 θ’
1100 2752 1227 2792 φησί’Β’;
1249 2758 1315 2792 φασί
1337 2765 1368 2789 ς.

866 2802 983 2831 NOTAE.

137 2846 191 2882 (33)
212 2846 285 2875 V'idc
299 2847 523 2876 P.Maldonatum
544 2847 666 2883 aliosque
696 2848 848 2884 theologos.

222 2894 365 2924 Ριιτιιοι.
383 2895 442 2925 (in.
460 2895 534 2925 ειν.

1568 2892 1604 2926 11
