3922 6242
291 339 400 402 333

1281 339 1802 403 BIBLIOTIIECA.
1828 364 1896 375 --
1929 338 2093 400 COD.
2139 338 2455 399 CCLXXX.

3436 333 3544 402 334

289 470 516 520 σαντες
541 453 610 508 δὲ
633 454 1084 524 ἐϐαπτίσθησαν
1103 457 1188 522 είς
1217 455 1283 511 τὸ
1307 457 1490 528 ὄνομα
1513 458 1618 514 τοῦ
1641 457 1862 526 Κυρίου

1981 455 2172 509 tamine
2208 453 2422 508 Domini
2453 451 2604 517 Iesu,
2639 453 2742 518 hoc
2801 459 2906 515 est,
2952 452 3146 520 inquit,
3176 449 3302 521 quia
3348 449 3528 520 bapti-

303 546 534 614 Ἰησοῦ,
556 545 796 600 τοιοῦτόν
818 549 955 610 ἐστι,
979 548 1166 616 φησιν,
1194 547 1275 600 ὅτι
1292 547 1700 619 ἐϐαπτίσθησαν
1726 547 1869 602 κατὰ

289 638 391 707 τὴν
429 637 729 709 παράδοσιν
769 637 864 692 καὶ
915 637 1264 693 διδασκαλίαν
1292 638 1387 692 τοῦ
1417 639 1625 710 Κυρίου
1669 638 1865 710 Ἰησοῦ,

288 729 435 784 ὥστε
468 733 563 786 καὶ
607 732 863 803 ἀλλαχοῦ,
895 733 1021 786 ὅταν
1043 734 1220 807 λέγῃῖ,
1255 735 1339 788 ὅτι
1384 737 1488 800 Εἰς
1524 717 1786 802 Χριστὸν
1827 734 1867 801 ἢ

288 823 380 886 εἰς
443 819 707 877 θάνατον
763 821 870 875 τοῦ
923 822 1180 890 Χριστοῦ
1235 823 1712 890 ἐϐαπτίσθησαν,
1768 821 1868 891 τὴν

289 911 466 981 αὐτὴν
495 911 705 964 ἔννοιαν
745 912 1033 981 ὀφείλομεν
1096 914 1296 966 ἐννοεῖν
1341 913 1663 983 δηλοῦσθαι,
1710 930 1868 966 τουτ-

291 1001 448 1054 έστιν
478 1003 561 1054 ὅτι
588 1005 677 1068 είς
703 1002 768 1056 τὸ
793 1002 980 1072 ὄνομα
993 1004 1100 1058 τοῦ
1127 1003 1358 1072 Πατρός
1375 1003 1595 1057 καὶτοῦ
1617 1003 1751 1057 Υἱοῦ
1771 1003 1871 1058 καὶ

287 1093 402 1146 τοῦ
455 1094 627 1163 ἁγίου
683 1095 1020 1163 Πνεύρατος
1068 1095 1496 1166 ἐϐαπτίσθησαν.
1550 1093 1707 1148 Οὕτω
1759 1094 1871 1167 γὰρ

289 1182 506 1248 ἐδίδαξε
545 1185 638 1237 καὶ
694 1185 981 1256 παρέδωκε
1038 1185 1323 1256 βαπτίζειν
1365 1189 1394 1240 ὁ
1450 1185 1654 1256 Κύριος
1711 1185 1870 1257 ἡμῶν

303 1274 514 1344 Ἰησοῦς
576 1276 830 1346 Χριστός.

366 1366 491 1420 Ὀτι
537 1368 724 1436 φησὶν,
780 1367 839 1421 '0
868 1368 1194 1434 ’Δπόστολος
1238 1367 1402 1422 πλέον
1433 1386 1486 1422 τι
1514 1368 1616 1434 τῆς
1651 1385 1868 1437 συμπα-

292 1457 446 1521 Θείας
473 1458 885 1529 ἐνδεικνύμενος
929 1461 1058 1531 περὶ
1098 1462 1223 1524 τοὺς
1253 1462 1422 1532 μήπω
1457 1461 1502 1492 ¹⁵
1560 1477 1862 1513 πεπιστευ-

290 1548 462 1609 κότας
491 1546 834 1619 Ἰσραηλίτας
859 1549 1046 1619 φησίν,
1073 1551 1362 1619 Ηὺχόμην
1394 1551 1504 1619 γὰρ
1532 1550 1715 1616 αὐτὸς
1756 1549 1868 1620 ἐγὼ

289 1637 566 1708 ἀνάθεμα
587 1635 762 1704 εἶναι,
794 1641 888 1692 κα)⁸
904 1639 1032 1710 ἑξῆς
1056 1641 1120 1705 ³⁸,
1153 1642 1274 1694 ἀντὶ
1294 1639 1410 1706 τοῦ,
1440 1640 1648 1713 ἤθελον,
1670 1642 1834 1712 φησὶν
1850 1681 1866 1705 ,

291 1729 408 1797 ἐγὼ
433 1731 492 1784 ἐν
523 1730 845 1799 κατακρίσει
874 1731 1149 1800 γενέσθαι,
1189 1731 1348 1802 μόνον
1390 1733 1478 1785 ἵνα
1527 1732 1868 1802 ἐπέστρεψαν

1973 547 2079 602 zati
2119 556 2249 603 sunt
2268 547 2423 617 juxta
2463 545 2836 608 traditionem,
2872 543 3285 612 doctrinamque
3313 540 3533 597 Domini

1971 633 2120 690 Jesu.
2164 632 2344 700 Quare
2374 642 2430 688 et
2458 633 2584 688 alibi
2638 647 2761 688 cum
2809 633 2973 688 dicit:
3022 631 3088 686 In
3114 630 3327 686 Christo
3367 632 3541 704 vellin

1977 738 2143 781 morte
2190 727 2392 782 Christi
2439 725 2698 792 baptizati
2750 735 2957 791 sunt",
3010 725 3258 779 eumdem
3317 739 3538 778 sensum

1975 821 2238 875 debemus
2272 820 2573 890 intelligere
2608 818 2937 889 signiﬁcari:
2969 818 3072 874 hoc
3100 829 3204 882 est,
3243 819 3299 871 in
3333 818 3544 870 nomine

1977 913 2154 966 Patris
2193 923 2242 967 et
2295 911 2428 965 Filii
2475 920 2524 966 et
2582 910 2814 980 Spiritus
2857 913 3025 965 sancti
3086 911 3337 980 baptizati
3392 920 3540 966 sunt.

1978 1005 2069 1060 Sic
2091 1007 2238 1061 enim
2288 1003 2476 1060 docuit
2495 1015 2556 1070 et
2579 1004 2801 1058 tradidit
2827 1003 2985 1059 Jesus
3009 1003 3258 1059 Christus
3281 1003 3540 1057 Dominus

1976 1102 2179 1158 noster,
2214 1099 2274 1146 ut
2302 1091 2571 1162 baptisma
2605 1090 2778 1146 ﬁeret.

2044 1375 2364 1444 Apostolus,
2396 1375 2594 1444 inquii,
2633 1375 2892 1444 majorem
2923 1373 3213 1443 quamdam
3247 1372 3542 1428 commisc-

1976 1464 2242 1518 rationem
2299 1464 2593 1519 ostendens
2642 1478 2769 1534 erga
2817 1462 3107 1526 lsraelitas,
3157 1462 3252 1532 qui
3304 1462 3542 1516 nondum

1975 1555 2345 1621 crediderunt,
2395 1556 2504 1611 ait:
2541 1555 2802 1625 Optabam
2829 1556 2966 1609 enim
2997 1570 3088 1624 ego
3127 1554 3234 1622 ipse
3261 1552 3544 1606 anathema

1973 1664 2085 1703 esse
2105 1656 2155 1714 η,
2204 1657 2338 1713 etc.,
2389 1648 2492 1701 hoc
2525 1658 2628 1712 est,
2659 1647 2870 1716 Cupivi,
2923 1647 3118 1716 inquit,
3161 1659 3263 1715 ego
3291 1645 3549 1700 condam-

1980 1743 2120 1806 nari,
2156 1738 2333 1795 solum
2369 1751 2428 1794 ut
2458 1749 2907 1794 converterentur
2940 1739 3033 1792 lilii
3068 1737 3234 1794 Israel
3262 1738 3327 1792 ad
3361 1735 3544 1792 Domi-

291 1821 346 1872 οἱ
371 1820 479 1872 υίοὶ
521 1818 734 1889 Ἰσραὴλ
767 1821 861 1873 ἐπὶ
887 1822 976 1874 τὸν
1011 1822 1238 1892 Κύριον.
1267 1822 1393 1875 Ὅτι
1438 1822 1672 1886 Παῦλος,
1708 1825 1862 1892 φησὶ,

1981 1850 2126 1887 num.
2183 1832 2404 1896 Paulus,
2464 1832 2662 1899 inquit,
2721 1832 2916 1886 timens
2967 1830 3279 1885 Galatarum
3329 1843 3540 1894 casum,

290 1910 555 1973 δεδοικὼς
582 1910 681 1979 τὴν
714 1910 970 1964 Γαλατῶν
1002 1909 1296 1977 ἔκπτωσιν,
1316 1912 1612 1981 Φοϐοῦμαι
1637 1914 1720 1983 μή
1747 1929 1872 1980 πως

291 2001 431 2070 εἰκῆ
481 2004 811 2057 κεκοπίακα
855 2005 943 2068 εὶς
1001 2001 1177 2072 ὑμᾶς,
1232 2003 1436 2072 φησίν·
1478 2001 1598 2058 εἶτα
1643 2005 1862 2074 ἐπάγει·

297 2097 561 2150 Γίνεσθε
583 2096 663 2160 ὼς
699 2095 831 2164 ἐγὼ,
859 2095 948 2148 ὅτι
997 2095 1160 2165 κάγὼ
1199 2097 1279 2163 ὠς
1322 2096 1509 2166 ὑμεῖς.
1560 2099 1624 2151 Ὢ
1653 2099 1872 2168 συμπά-

300 2188 421 2239 θεια
466 2184 806 2249 Ἀποστὸλοο,
846 2184 1098 2238 τοσοῦτον
1138 2186 1646 2254 συγκαταϐαίνουσα
1666 2187 1790 2241 ὅσον
1821 2189 1872 2241 οἱ

299 2278 725 2348 ἁμαρτήσαντες
751 2278 794 2309 ⁸⁷
821 2277 1346 2344 καταπεπτώκασιν,
1390 2279 1479 2335 ἵνα
1506 2282 1572 2351 τῇ
1595 2297 1872 2348 συγκατα-

298 2369 463 2423 ﬁdas:
496 2373 622 2434 τοὺς
667 2371 934 2432 πεσόντας
987 2371 1066 2436 είς
1112 2371 1176 2426 τὸ
1206 2374 1409 2426 οἰκεῖον
1461 2375 1657 2444 μέτρον
1708 2375 1872 2427 ἐπαν-

293 2461 505 2535 αγάγῃ.
531 2463 655 2516 Ὀτι
679 2467 899 2525 τεκν.ἀ,
919 2464 1103 2534 φησὶν,
1133 2466 1163 2518 ὁ
1201 2464 1523 2528 Ἀπόστολος
1545 2466 1671 2530 τοὺς
1695 2483 1770 2519 πα
1779 2482 1875 2535 ρα-

296 2553 572 2616 πεσόντας
622 2553 791 2623 λέγει,
840 2555 947 2620 οὓς
1002 2555 1102 2608 καὶ
1150 2554 1388 2610 ὠδίνειν
1435 2556 1621 2610 πάλιν
1670 2560 1860 2628 φησὶν,

293 2643 476 2712 ἄχρις
497 2639 568 2699 οὗ
592 2643 878 2714 μορφωθῇ
907 2647 1159 2716 Χριστὸς
1185 2648 1257 2707 ἐν
1287 2649 1512 2715 αὐτοῖς.
1539 2649 1677 2713 Τοὺς
1706 2649 1877 2703 τοιού-

292 2751 428 2798 τους
457 2736 555 2789 καὶ
580 2739 608 2790 ὁ
632 2737 887 2809 Ἰωάννης
932 2741 1138 2794 τεκνία
1178 2740 1336 2795 καλεῖ
1357 2741 1424 2809 ⁸⁸,
1457 2741 1678 2812 Γράφω
1703 2741 1870 2813 ὑμῖν,

295 2825 481 2895 λέγων
504 2828 570 2894 ⁸⁸,
607 2830 831 2894 τεκνία,
880 2828 969 2883 ὅτι
995 2829 1293 2900 ἀφέωνται
1338 2831 1483 2902 ὑμῖν
1505 2835 1566 2887 al
1604 2831 1877 2904 ἁμαρτίαι

293 2919 401 2973 διὰ
451 2920 522 2974 τὸ
561 2921 750 2989 ὄνομα
795 2922 1002 2977 αὑτοῦ.
1060 2923 1232 2976 Ὅταν
1282 2923 1341 2978 δὲ
1389 2923 1576 2977 λοιπὸν
1627 2924 1717 2978 διὰ
1773 2923 1875 2994 τῆς

295 3013 637 3081 ἐπιστροφῆς
650 3012 1029 3081 τελειωθῶσιν,
1042 3014 1228 3068 οὐκέτι
1245 3014 1464 3078 τούτους
1478 3015 1636 3068 καλεῖ
1649 3014 1873 3079 τεκνία,

295 3101 438 3154 ἀλλὰ
453 3101 711 3170 πατέρας
738 3102 832 3157 καὶ
848 3102 1170 3173 ἀδελφούςο
1194 3105 1446 3176 ἐπιφέρει
1467 3105 1578 3174 γὰρ
1601 3106 1876 3175 Ἔγραψα

1975 1926 2082 1980 ait:
2140 1923 2340 1988 Timeo,
2376 1940 2438 1977 ne
2469 1924 2607 1992 forte
2631 1923 2739 1975 sine
2771 1938 2931 1975 causa
2977 1921 3324 1974 laboraverim
3367 1919 3418 1972 in
3457 1936 3544 1973 vo-

1975 2016 2052 2067 bis
2075 2024 2117 2067 °.
2155 2006 2354 2066 Deinde
2384 2012 2600 2066 subdit:
2645 2010 2827 2064 Estote
2880 2011 3016 2064 sicut
3042 2025 3156 2078 ego,
3197 2016 3249 2062 et
3275 2024 3368 2078 ego
3403 2009 3542 2061 sicut

1976 2119 2086 2156 vos.
2119 2099 2162 2155 Ο
2200 2115 2471 2156 summam
2512 2099 2754 2169 Apostoli
2798 2097 3369 2160 commiserationem,
3422 2109 3545 2164 quae

1976 2203 2184 2249 tantum
2240 2208 2300 2248 se
2353 2192 2612 2256 demittit,
2667 2199 2929 2260 quantum
2985 2197 3295 2258 peccatores
3333 2184 3548 2243 cecide-

1973 2295 2116 2348 rant,
2179 2292 2238 2339 ut
2294 2283 2627 2337 demissione
2666 2283 2844 2350 lapsos
2893 2280 2960 2334 ad
3017 2279 3297 2348 proprium
3342 2287 3544 2334 statum

1974 2377 2286 2433 reduceret!
2322 2373 2528 2439 Filioli,
2577 2373 2769 2444 inquit,
2804 2371 3100 2441 Apostolus
3140 2371 3323 2441 lapsos
3365 2379 3545 2435 vocat,

1973 2485 2101 2537 quos
2136 2483 2194 2522 se
2223 2468 2411 2520 iterum
2457 2479 2646 2534 parere
2673 2463 2823 2527 dicit,
2856 2463 3018 2517 donec
3063 2462 3321 2532 formetur
3355 2463 3412 2514 in
3437 2461 3548 2515 illis

1975 2560 2251 2616 Christusr
2284 2598 2298 2613 .
2333 2557 2490 2612 Tales
2542 2567 2595 2612 et
2624 2555 2860 2610 Joannes
2896 2554 3090 2624 ﬁliolas
3123 2563 3307 2610 vocat:
3360 2552 3547 2608 Scriba

1973 2651 2137 2716 vobis,
2201 2649 2400 2719 inquit,
2456 2647 2633 2716 ﬁlioli,
2699 2646 2946 2716 quoniam
3004 2646 3348 2698 remittuntur
3406 2643 3547 2698 vobis

1973 2751 2191 2811 peccata
2216 2746 2428 2808 propter
2469 2752 2652 2789 nomen
2685 2734 2800 2804 ejus
2836 2743 2895 2786 «ι.
2927 2733 3220 2803 Postquam
3254 2747 3385 2788 vero
3414 2747 3546 2786 con-

1977 2832 2230 2888 versione
2271 2827 2616 2902 [virtutibus]
2665 2823 2888 2897 perfecti
2926 2833 3132 2890 essent,
3165 2837 3273 2879 non
3313 2823 3548 2894 amplius

1973 2937 2069 2979 eos
2111 2919 2302 2992 ﬁliolas
2352 2928 2540 2984 vocat,
2597 2919 2690 2973 sed
2748 2925 2924 2987 patres
2989 2923 3044 2971 et
3116 2916 3334 2986 fratres.
3385 2915 3550 2971 Addit

1976 3018 2119 3072 enim
2148 3034 2162 3071 :
2215 3015 2406 3071 Scribo
2439 3013 2603 3075 vobis,
2654 3022 2853 3082 patres,
2886 3013 3010 3082 quia
3039 3013 3352 3082 cognoristis
3406 3027 3547 3077 eum,

1975 3111 2066 3181 qui
2096 3107 2160 3162 ab
2188 3109 2342 3161 initio
2370 3116 2470 3172 est,
2503 3105 2676 3159 scribo
2703 3104 2874 3168 vobis,
2902 3103 3279 3169 adolescentes,
3323 3104 3447 3174 quia
3467 3104 3549 3157 si-

293 3193 463 3260 ὑμῖν,
498 3193 764 3261 πατέρες,
787 3194 876 3248 ὅτι
897 3194 1191 3264 ἐγνώκατε
1216 3195 1323 3249 τὸν
1336 3196 1438 3250 ἀπ’
1456 3196 1678 3265 ἀρχῆς·
1706 3197 1873 3266 ἔπρα-

1981 3201 2120 3256 cistis
2149 3199 2438 3268 malignum
2466 3207 2513 3250 ι’.
2548 3195 2856 3260 Proferunt,
2896 3195 3096 3264 inquit,
3123 3193 3411 3250 Noi'aliani
3466 3195 3550 3248 di-

295 3287 392 3350 ψα
416 3281 577 3350 ὑμῖν,
588 3283 928 3350 νεανίσκοι,
947 3284 1044 3338 ὅτε
1071 3283 1429 3350 νενικήκατε
1456 3286 1563 3339 τὸν
1583 3287 1870 3353 πονηρόν.

303 3375 432 3428 ’Ὁτι
463 3376 816 3446 προφέρουσι,
847 3378 1030 3446 φησὶν,
1058 3377 1108 3430 οἱ
1123 3376 1234 3430 ἀπὸ
1259 3377 1513 3432 Ναυάτου
1544 3378 1605 3431 τὸ
1634 3379 1869 3433 ἁποστο·

297 3467 454 3518 λικὸν
541 3466 711 3536 ῥητὸν
798 3469 862 3520 τὺ
932 3468 1141 3536 φάσκον
1184 3469 1253 3535 ³⁸,
1326 3469 1655 3525 Ἀδύνατον
1734 3471 1874 3534 τοὺς

296 3557 468 3621 ἅπαξ
536 3558 964 3626 φωτισθέντας,
1014 3559 1432 3631 γευσαμένους
1461 3579 1525 3616 τε
1554 3564 1599 3595 ﬂ
1627 3561 1739 3632 τῆς
1763 3562 1877 3614 6w-

291 3647 444 3717 ρεᾶς
487 3647 600 3716 τῆς
647 3649 1009 3717 ἐπουρανίου
1078 3653 1177 3706 καί
1218 3654 1516 3722 μετόχους
1557 3652 1878 3722 γεγονότας

299 3741 650 3810 Πνεύματος
684 3742 854 3813 ἁγίου
886 3743 984 3797 καὶ
1007 3744 1201 3799 καλὸν
1225 3745 1634 3814 γευσαμένους
1654 3744 1810 3814 ῥῆμα
1832 3745 1877 3776 ³³

303 3831 462 3886 Θεοῦ
503 3833 600 3886 καὶ
629 3836 1097 3902 παραπεσόντας
1131 3837 1319 3889 πάλιν
1353 3834 1755 3895 ἀνακαινίζειν
1791 3836 1880 3898 είς

295 3924 646 3993 μετάνοιαν,
693 3927 786 3978 καὶ
828 3924 956 3996 ἑξῆς
979 3927 1043 3980 ³³.
1079 3925 1251 3980 Τοῦτο
1297 3926 1376 3989 δὲ,
1409 3928 1596 3994 φησὶν,
1646 3927 1726 3979 ὄτι
1779 3926 1879 3997 μὲν

302 4018 445 4088 πρὸς
478 4016 762 4089 Ἐϐραίους
789 4020 992 4090 γράφει
1029 4020 1462 4083 πεπιστευκότας
1495 4018 1655 4088 δῆλον
1684 4017 1744 4082 ἐξ
1781 4019 1874 4070 αὑ-

298 4110 414 4163 τῶν
441 4109 551 4163 τῶν
575 4111 674 4179 τῆς
703 4111 993 4180 ἐπιστολῆς
1037 4111 1217 4181 ῥητῶν
1239 4126 1254 4144 ο
1289 4111 1427 4182 πλὴν
1457 4112 1511 4165 οἵ
1533 4127 1596 4179 γε
1637 4112 1878 4166 πλεῖστοι

297 4199 414 4252 τῶν
446 4199 567 4252 τότε
608 4201 1051 4254 πεπιστευκότων
1089 4201 1358 4254 Ἰουδαίων
1405 4203 1498 4254 καὶ
1546 4201 1624 4272 τῷ
1660 4203 1878 4272 Χριστῷ

301 4292 619 4363 προσῄεσαν
644 4293 737 4345 καὶ
764 4292 864 4354 τὰς
891 4293 1122 4362 νομικὰς
1159 4294 1256 4345 καὶ
1292 4291 1592 4356 Ἰουδαῖκὰς
1629 4311 1880 4365 παρατη-

304 4385 497 4455 ρήσεις
541 4384 642 4448 τὰς
688 4384 941 4449 πλείστας
987 4386 1302 4454 ἐφύλαττον,
1334 4386 1414 4440 διὸ
1461 4387 1555 4440 καὶ
1601 4387 1881 4458 διαφόροις

302 4480 550 4551 ἐχρῶντο
580 4481 940 4550 βαπτίσμασι.
971 4481 1118 4552 Πρὸς
1157 4481 1288 4550 γοῦν
1328 4482 1572 4545 ἐκείνους
1599 4482 1880 4534 ἀποτεινό-

307 4591 494 4644 μενος,
545 4573 729 4642 φησὶν,
779 4575 806 4625 ὁ
863 4573 1146 4636 θεσπέσιος
1180 4573 1412 4637 Παῦλος,
1445 4574 1538 4626 καὶ
1566 4573 1674 4626 τῶν
1706 4574 1880 4628 ἄλλων

305 4664 464 4734 παρὰ
501 4664 565 4716 τὺ
603 4665 660 4715 ’ἐν
709 4664 992 4735 βάπτισμα
1036 4665 1260 4728 τούτους
1319 4665 1568 4733 ἀπάγων,
1615 4665 1781 4735 ἔφησε
1822 4664 1882 4718 τὸ

308 4755 495 4826 ῥητὸν,
524 4755 646 4824 οὐχὶ
667 4755 722 4807 δὲ
760 4755 858 4825 (μὴ
890 4755 1121 4823 γένοιτο)
1154 4756 1253 4824 τὴν
1281 4759 1594 4826 μετάνοιαν,
1627 4759 1654 4809 ὁ
1685 4756 1882 4809 πολλα-

305 4845 406 4916 χοῦ
432 4844 637 4916 ταύτην
666 4846 760 4898 καὶ
788 4845 1047 4909 πολλάκις
1076 4846 1338 4917 κηρύξας.
1365 4849 1429 4900 Ὃ
1461 4848 1591 4916 γοῦν
1619 4847 1765 4915 λέγει
1794 4849 1882 4902 διὰ

305 4935 404 4988 τοῦ
449 4934 641 5005 ῥητοῦ,
685 4936 928 4989 τοιοῦτόν
974 4939 1142 4990 ἐστιν·
1188 4937 1494 5004 Ἀδύνατον,
1554 4939 1708 5009 φησὶ,
1757 4941 1884 5002 τοὺς

307 5025 462 5089 ἅπαξ
510 5025 883 5092 φωτισθέντας
928 5025 1090 5096 [1605
1117 5023 1212 5097 8.]
1269 5026 1431 5080 πάλιν
1483 5027 1733 5100 δεύτερον
1784 5028 1882 5099 βά·-

305 5133 524 5185 πτισμα
547 5119 875 5187 προσδοκᾷν.
907 5117 1089 5184 ’Λπαξ
1131 5120 1240 5189 γὰρ
1283 5122 1312 5173 ὁ
1344 5121 1576 5190 Χριστὸς
1619 5123 1712 5174 ἐπὶ
1762 5138 1884 5173 συν-

305 5209 492 5280 τελείᾳ
517 5210 626 5262 τῶν
651 5209 863 5264 αἰώνων
891 5209 1285 5266 ἔπαθεν.”υθεν
1306 5213 1400 5265 καὶ
1427 5215 1507 5277 είς
1529 5215 1621 5266 τὸν
1655 5213 1886 5266 θάνατον

378 5335 423 5363 α
453 5326 612 5382 Rom.
663 5341 744 5390 τι,
789 5327 844 5382 9.
933 5335 961 5364 ιι
1005 5327 1163 5383 Rom.
1209 5346 1286 5397 Ix,
1322 5331 1374 5388 5.

1479 5331 1645 5386 0Cal.
1698 5349 1772 5400 IV,
1805 5333 1894 5390 Η.
1969 5341 1998 5382 1³
2024 5331 2156 5386 ibid.
2195 5331 2284 5387 19.
2359 5341 2388 5380 ιι
2418 5331 2436 5382 1
2472 5327 2628 5382 Joan.
2673 5325 2846 5389 ",13.

1983 3304 2131 3348 ctum
2163 3291 2404 3361 Apostoli
2435 3290 2571 3345 bne:
2619 3287 2726 3342 Eos
2766 3289 2852 3358 qui
2881 3287 3038 3341 semel
3066 3296 3190 3340 sunt
3235 3285 3549 3352 illuminati,

1982 3393 2320 3458 gustaverth
2343 3384 2504 3438 etiam
2530 3381 2722 3454 539a
2754 3381 2949 3434 donum
2973 3381 3197 3446 caeleste,
3227 3389 3278 3435 et
3324 3381 3550 3449 partici-

1981 3497 2069 3552 pes
2106 3479 2238 3549 facti
2266 3485 2387 3531 sunt
2419 3477 2652 3545 Spiritus
2683 3474 2876 3537 sancti,
2906 3481 3244 3544 gustaverunt
3286 3471 3553 3526 nihilomi-

1984 3590 2082 3626 nus
2111 3577 2299 3624 bonum
2331 3569 2427 3622 Dei
2451 3567 2682 3633 verbum,
2713 3576 2760 3621 et
2802 3567 3033 3636 prolapsi
3060 3574 3203 3630 sunt,
3241 3580 3426 3619 rursus
3467 3581 3554 3619 re-

1984 3663 2167 3718 novari
2195 3661 2264 3715 ad
2311 3661 2670 3731 paenitentiam
2698 3666 2744 3722 ',
2776 3667 2828 3713 et
2861 3659 3005 3728 quod
3041 3657 3108 3710 ad
3137 3656 3393 3712 Hebrteos
3417 3657 3555 3713 scri-

1985 3754 2063 3809 bit
2087 3753 2390 3819 credentes,
2419 3758 2567 3821 patet
2603 3765 2667 3803 ex
2717 3749 2850 3819 ipsis
2897 3748 3076 3802 verbis
3111 3747 3408 3818 Epistolas:
3442 3748 3554 3804 imo

1986 3861 2116 3900 vero
2163 3842 2381 3914 plurimi
2436 3857 2502 3896 ex
2541 3839 2744 3894 Judzeis
2775 3840 3046 3904 (ﬁdelibus,
3098 3847 3154 3894 et
3181 3840 3248 3894 ad
3275 3838 3551 3894 Christum

1986 3945 2359 3997 accesserunt,
2392 3943 2445 3987 et
2475 3934 2646 4002 legem
2681 3929 2959 3985 Jutlaicam
2984 3939 3294 3993 servarunt,
3325 3931 3557 4002 ideoque

1987 4024 2219 4078 diversis
2269 4021 2354 4076 usi
2413 4029 2543 4076 sunt
2582 4019 2945 4090 baptismatis.
3003 4019 3084 4072 Ad
3119 4019 3242 4075 illos
3280 4019 3446 4090 igitur
3494 4037 3555 4076 se

1987 4125 2312 4169 convertens
2364 4111 2584 4179 Paulus,
2654 4121 2708 4165 et
2751 4125 2782 4164 a
2836 4111 3072 4174 caeteris,
3145 4120 3374 4181 excepto
3445 4129 3556 4168 uno
3661 4129 3668 4137 ·

1987 4206 2279 4275 baptismo,
2319 4218 2413 4258 eos
2448 4203 2790 4268 dehortatus,
2830 4202 2932 4254 hoc
2980 4201 3136 4255 dixit.
3194 4201 3550 4274 Nequaquam

1991 4311 2117 4352 vero
2163 4295 2557 4364 pmnitentiam,
2605 4293 2748 4362 quod
2802 4293 2980 4347 absit!
3018 4308 3180 4362 quam
3240 4309 3382 4363 ειπερο
3419 4295 3556 4350 alias

1990 4389 2322 4460 prmdicavit,
2379 4398 2440 4440 ut
2499 4385 2756 4440 auferret.
2824 4383 2980 4450 Quod
3029 4401 3160 4455 ergo
3209 4385 3323 4455 jam
3386 4386 3546 4451 dixit,

1911 4513 1960 4572 υ
1987 4483 2092 4536 tale
2134 4490 2218 4536 est
2258 4498 2271 4534 :
2312 4477 2652 4547 lmpossibile
2696 4487 2780 4529 cst
2811 4491 2905 4530 eos
2943 4475 3038 4544 qui
3067 4475 3357 4530 illuminati
3404 4489 3552 4543 sunt,

1989 4577 2186 4630 iterum
2223 4571 2525 4628 secundum
2557 4569 2826 4638 baptisma
2857 4576 3192 4636 exspectare.
3212 4566 3552 4625 Semelenim

1988 4667 2242 4722 Christus
2281 4667 2333 4716 in
2373 4659 2846 4717 consummatione
2879 4659 3204 4712 smculorum
3228 4674 3422 4727 passus
3447 4669 3553 4723 est,

1989 4759 2133 4814 unde
2159 4768 2213 4811 ct
2246 4758 2298 4809 in
2330 4763 2505 4808 morte
2527 4753 2648 4822 ejus
2681 4750 3024 4820 baptizamur
3050 4769 3062 4803 :
3089 4749 3397 4820 Consepulti
3419 4755 3558 4806 enim

1989 4867 2174 4904 sumus
2195 4847 2280 4904 illi
2301 4849 2354 4900 in
2380 4845 2661 4914 baptismo,
2685 4853 2734 4897 et
2764 4841 2924 4895 simul
2954 4843 3342 4898 resurreximus
3375 4845 3421 4898 ί.
3452 4845 3555 4910 Qui

1979 4942 2126 4997 enim
2151 4940 2348 5010 quzerit
2368 4952 2592 4994 servare
2613 4935 2940 5004 baptismata
2962 4933 3118 5003 legis,
3140 4933 3334 4989 iterum
3354 4934 3553 4988 Filium

1983 5031 2076 5085 Dei
2110 5029 2414 5098 crueiligit,
2447 5036 2501 5081 et
2542 5024 2783 5080 ostentui
2814 5022 2978 5078 habet
3003 5024 3169 5078 semel
3207 5024 3551 5078 cruciﬁxum.

1981 5123 2036 5177 Si
2069 5137 2198 5177 vero
2237 5127 2423 5176 essent
2461 5119 2643 5189 plures
2696 5115 2990 5186 baptismi,
3027 5117 3361 5186 oportuisset
3393 5114 3553 5170 Chri-

1984 5225 2132 5268 stum
2161 5213 2326 5268 etiam
2357 5211 2554 5281 sacpius
2594 5207 2707 5278 pati
2736 5224 2751 5261 :
2784 5221 2929 5262 nunc
2961 5221 3090 5260 vero
3128 5204 3294 5260 semel
3334 5219 3551 5271 passus,

2931 5333 2952 5360 "
2981 5323 3110 5377 ibid.
3140 5323 3223 5375 15.
3331 5333 3352 5360 ⁸
3388 5320 3549 5376 Hebr.

305 5411 388 5463 VI,
422 5397 480 5451 4.
658 5399 674 5433 ι
714 5398 874 5451 liom.
908 5414 979 5464 νι,
1014 5399 1068 5452 4.

1591 5518 1826 5574 VARUS
1852 5519 2256 5575 LEC'llONES.

420 5605 478 5688 ³⁵,
496 5607 663 5676 μήπω
689 5606 801 5688 ε.
822 5607 1150 5688 μηδέπω-ετ
1257 5611 1302 5688 'f
1331 5609 1480 5678 ἑξῆς,
1534 5618 1608 5688 ιιι.
1647 5612 1945 5688 εοιοιηΒλ
1966 5612 2045 5688 ,τὰ
2106 5610 2243 5688 ἑξῆς.
2270 5629 2328 5688 ς.
2349 5681 2384 5688 _
2409 5611 2450 5641 ’τ
2485 5609 2900 5688 ἀραρτῄσαντες
2942 5603 2984 5656 Β
3024 5599 3466 5688 τηὴμαρτηκότεξ
3493 5619 3552 5665 ς.

306 5675 353 5766 ξς
712 5667 982 5766 migrant]
1028 5667 1522 5766 Ιὶιῖινίοχρίξφοῖνῇ
1551 5679 1714 5766 λέγω.
1788 5667 1850 5712 ’²⁰
1885 5667 2304 5766 αδύνατοίὸἇᾱί
2347 5681 2404 5734 Β.
2512 5667 2554 5730 ί*
2582 5667 2641 5732 τέ
2672 5667 2712 5730 Β
2746 5695 2760 5732 :
2802 5675 2858 5730 δέ
2883 5667 2960 5737 ⁷ς.
3034 5673 3076 5706 ’³
3104 5667 3372 5725 ’καλδν’-
3405 5671 3558 5744 ῥῆμα

305 5744 350 5798 Β
379 5761 395 5799 :
427 5743 609 5800 καλῶν
639 5776 707 5787 -
741 5743 1003 5818 {Squama-‘2
1029 5766 1091 5816 ς,
1159 5743 1385 5817 113⁷ἑξῆς.
1419 5749 1589 5805 Τοῦτο
1625 5743 1724 5817 δὲ,
1769 5752 1934 5818 φησίν
1968 5752 2088 5807 add.
2124 5750 2182 5806 Β.
