  <div class='ocr_page' id='page_1' title='image "/cluster/home/n/w/nwhite01/storage/ocr_20150623/104 pt.4/mdp.39015061931229/177.png"; bbox 0 0 3912 6234; ppageno 0'>
   <div class='ocr_carea' id='block_1_1' title="bbox 371 327 482 395">
    <p class='ocr_par' dir='ltr' id='par_1_1' title="bbox 371 327 482 395">
     <span class='ocr_line' id='line_1_1' title="bbox 371 327 482 395; baseline 0 0"><span class='ocrx_word' id='word_1_1' title='bbox 371 327 482 395; x_wconf 77' lang='lat'><strong>335</strong></span> 
     </span>
    </p>
   </div>
   <div class='ocr_carea' id='block_1_2' title="bbox 1524 303 2463 386">
    <p class='ocr_par' dir='ltr' id='par_1_2' title="bbox 1524 303 2463 386">
     <span class='ocr_line' id='line_1_2' title="bbox 1524 303 2463 386; baseline 0 0"><span class='ocrx_word' id='word_1_2' title='bbox 1524 323 1785 386; x_wconf 88' lang='lat' dir='ltr'><strong>PHOTII</strong></span> <span class='ocrx_word' id='word_1_3' title='bbox 1821 323 2325 385; x_wconf 64' lang='lat' dir='ltr'><strong>PATBIARCHIE</strong></span> <span class='ocrx_word' id='word_1_4' title='bbox 2352 303 2463 386; x_wconf 70' lang='lat' dir='ltr'><strong>CP.’</strong></span> 
     </span>
    </p>
   </div>
   <div class='ocr_carea' id='block_1_3' title="bbox 3503 318 3611 383">
    <p class='ocr_par' dir='ltr' id='par_1_3' title="bbox 3503 318 3611 383">
     <span class='ocr_line' id='line_1_3' title="bbox 3503 318 3611 383; baseline 0 0"><span class='ocrx_word' id='word_1_5' title='bbox 3503 318 3611 383; x_wconf 81' lang='lat'><strong>336</strong></span> 
     </span>
    </p>
   </div>
   <div class='ocr_carea' id='block_1_4' title="bbox 372 425 1931 506">
    <p class='ocr_par' dir='ltr' id='par_1_4' title="bbox 372 433 1931 506">
     <span class='ocr_line' id='line_1_4' title="bbox 372 433 1931 506; baseline -0.005 -10"><span class='ocrx_word' id='word_1_6' title='bbox 372 456 484 506; x_wconf 83' lang='lat' dir='ltr'><strong>non</strong></span> <span class='ocrx_word' id='word_1_7' title='bbox 499 453 660 495; x_wconf 87' lang='lat' dir='ltr'><strong>manu</strong></span> <span class='ocrx_word' id='word_1_8' title='bbox 685 437 887 494; x_wconf 86' lang='lat' dir='ltr'><strong>factum</strong></span> <span class='ocrx_word' id='word_1_9' title='bbox 909 434 1282 492; x_wconf 86' lang='lat' dir='ltr'><strong>sanctuarium</strong></span> <span class='ocrx_word' id='word_1_10' title='bbox 1300 433 1539 502; x_wconf 74' lang='lat' dir='ltr'><strong>intravit,</strong></span> <span class='ocrx_word' id='word_1_11' title='bbox 1560 436 1657 491; x_wconf 90' lang='lat' dir='ltr'><strong>sed</strong></span> <span class='ocrx_word' id='word_1_12' title='bbox 1675 436 1731 490; x_wconf 91' lang='lat' dir='ltr'><strong>in</strong></span> <span class='ocrx_word' id='word_1_13' title='bbox 1757 435 1931 505; x_wconf 89' lang='lat' dir='ltr'><strong>ipsum</strong></span> 
     </span>
    </p>
   </div>
   <div class='ocr_carea' id='block_1_5' title="bbox 2032 425 3612 506">
    <p class='ocr_par' dir='ltr' id='par_1_5' title="bbox 2041 425 3612 505">
     <span class='ocr_line' id='line_1_5' title="bbox 2041 425 3612 505; baseline -0.005 -17"><span class='ocrx_word' id='word_1_14' title='bbox 2041 433 2208 488; x_wconf 77' lang='grc' dir='ltr'>αὐτοῦ</span> <span class='ocrx_word' id='word_1_15' title='bbox 2242 431 2615 505; x_wconf 67' lang='grc' dir='ltr'>βαππζόμεθα</span> <span class='ocrx_word' id='word_1_16' title='bbox 2637 447 2654 465; x_wconf 81' lang='grc' dir='ltr'><strong><em>ο</em></strong></span> <span class='ocrx_word' id='word_1_17' title='bbox 2676 431 3103 501; x_wconf 69' lang='grc' dir='ltr'>Συνετάφημεν</span> <span class='ocrx_word' id='word_1_18' title='bbox 3130 425 3246 486; x_wconf 81' lang='grc' dir='ltr'>οὖν</span> <span class='ocrx_word' id='word_1_19' title='bbox 3282 429 3442 496; x_wconf 85' lang='grc' dir='ltr'><strong>αὐτῷ</strong></span> <span class='ocrx_word' id='word_1_20' title='bbox 3470 431 3550 496; x_wconf 83' lang='grc' dir='ltr'>τῷ</span> <span class='ocrx_word' id='word_1_21' title='bbox 3565 433 3612 464; x_wconf 69' lang='grc' dir='ltr'><strong>’δ</strong></span> 
     </span>
    </p>
   </div>
   <div class='ocr_carea' id='block_1_6' title="bbox 372 525 1938 598">
    <p class='ocr_par' dir='ltr' id='par_1_6' title="bbox 372 525 1938 598">
     <span class='ocr_line' id='line_1_6' title="bbox 372 525 1938 598; baseline -0.006 -9"><span class='ocrx_word' id='word_1_22' title='bbox 372 531 599 595; x_wconf 71' lang='lat' dir='ltr'><strong>omium,</strong></span> <span class='ocrx_word' id='word_1_23' title='bbox 637 545 785 584; x_wconf 92' lang='lat' dir='ltr'><strong>nunc</strong></span> <span class='ocrx_word' id='word_1_24' title='bbox 814 537 875 583; x_wconf 91' lang='lat' dir='ltr'><strong>ut</strong></span> <span class='ocrx_word' id='word_1_25' title='bbox 907 535 1196 598; x_wconf 88' lang='lat' dir='ltr'><strong>appareret</strong></span> <span class='ocrx_word' id='word_1_26' title='bbox 1241 542 1426 582; x_wconf 91' lang='lat' dir='ltr'><strong>coram</strong></span> <span class='ocrx_word' id='word_1_27' title='bbox 1475 525 1589 582; x_wconf 91' lang='lat' dir='ltr'><strong>Deo</strong></span> <span class='ocrx_word' id='word_1_28' title='bbox 1627 542 1726 597; x_wconf 91' lang='lat' dir='ltr'><strong>pro</strong></span> <span class='ocrx_word' id='word_1_29' title='bbox 1759 526 1938 582; x_wconf 87' lang='lat' dir='ltr'><strong>nobis.</strong></span> 
     </span>
    </p>
   </div>
   <div class='ocr_carea' id='block_1_7' title="bbox 373 617 1940 692">
    <p class='ocr_par' dir='ltr' id='par_1_7' title="bbox 373 617 1940 692">
     <span class='ocr_line' id='line_1_7' title="bbox 373 617 1940 692; baseline -0.004 -14"><span class='ocrx_word' id='word_1_30' title='bbox 373 621 712 692; x_wconf 87' lang='lat' dir='ltr'><strong>Impossibilc</strong></span> <span class='ocrx_word' id='word_1_31' title='bbox 765 629 850 674; x_wconf 90' lang='lat' dir='ltr'><strong>cst</strong></span> <span class='ocrx_word' id='word_1_32' title='bbox 902 619 1068 690; x_wconf 78' lang='lat' dir='ltr'><strong>igitur</strong></span> <span class='ocrx_word' id='word_1_33' title='bbox 1099 634 1238 682; x_wconf 87' lang='lat' dir='ltr'><strong>eos,</strong></span> <span class='ocrx_word' id='word_1_34' title='bbox 1288 619 1382 689; x_wconf 91' lang='lat' dir='ltr'><strong>qui</strong></span> <span class='ocrx_word' id='word_1_35' title='bbox 1423 619 1593 674; x_wconf 98' lang='lat' dir='ltr'><strong>semel</strong></span> <span class='ocrx_word' id='word_1_36' title='bbox 1648 617 1940 672; x_wconf 89' lang='lat' dir='ltr'><strong>illuminati</strong></span> 
     </span>
    </p>
   </div>
   <div class='ocr_carea' id='block_1_8' title="bbox 373 706 1939 779">
    <p class='ocr_par' dir='ltr' id='par_1_8' title="bbox 373 706 1939 779">
     <span class='ocr_line' id='line_1_8' title="bbox 373 706 1939 779; baseline -0.006 -10"><span class='ocrx_word' id='word_1_37' title='bbox 373 713 586 770; x_wconf 89' lang='lat' dir='ltr'><strong>suntin</strong></span> <span class='ocrx_word' id='word_1_38' title='bbox 622 719 800 766; x_wconf 88' lang='lat' dir='ltr'><strong>morte</strong></span> <span class='ocrx_word' id='word_1_39' title='bbox 831 709 974 779; x_wconf 83' lang='lat' dir='ltr'><strong>ejus,</strong></span> <span class='ocrx_word' id='word_1_40' title='bbox 1007 710 1250 765; x_wconf 91' lang='lat' dir='ltr'><strong>secundo</strong></span> <span class='ocrx_word' id='word_1_41' title='bbox 1290 709 1376 764; x_wconf 88' lang='lat' dir='ltr'><strong>vel</strong></span> <span class='ocrx_word' id='word_1_42' title='bbox 1418 708 1618 779; x_wconf 84' lang='lat' dir='ltr'><strong>saepius</strong></span> <span class='ocrx_word' id='word_1_43' title='bbox 1652 706 1939 777; x_wconf 75' lang='lat' dir='ltr'><strong>baptizari,</strong></span> 
     </span>
    </p>
   </div>
   <div class='ocr_carea' id='block_1_9' title="bbox 371 797 1944 870">
    <p class='ocr_par' dir='ltr' id='par_1_9' title="bbox 371 797 1944 870">
     <span class='ocr_line' id='line_1_9' title="bbox 371 797 1944 870; baseline -0.006 -11"><span class='ocrx_word' id='word_1_44' title='bbox 371 813 426 859; x_wconf 90' lang='lat' dir='ltr'><strong>et</strong></span> <span class='ocrx_word' id='word_1_45' title='bbox 453 801 642 859; x_wconf 89' lang='lat' dir='ltr'><strong>conari</strong></span> <span class='ocrx_word' id='word_1_46' title='bbox 677 801 875 855; x_wconf 90' lang='lat' dir='ltr'><strong>iterum</strong></span> <span class='ocrx_word' id='word_1_47' title='bbox 919 800 1238 870; x_wconf 83' lang='lat' dir='ltr'><strong>crucifigere</strong></span> <span class='ocrx_word' id='word_1_48' title='bbox 1285 798 1484 854; x_wconf 89' lang='lat' dir='ltr'><strong>Filium</strong></span> <span class='ocrx_word' id='word_1_49' title='bbox 1537 797 1654 853; x_wconf 88' lang='lat' dir='ltr'><strong>Dei.</strong></span> <span class='ocrx_word' id='word_1_50' title='bbox 1707 797 1944 853; x_wconf 80' lang='lat' dir='ltr'><strong>Accusat</strong></span> 
     </span>
    </p>
   </div>
   <div class='ocr_carea' id='block_1_10' title="bbox 371 888 1937 964">
    <p class='ocr_par' dir='ltr' id='par_1_10' title="bbox 371 888 1937 964">
     <span class='ocr_line' id='line_1_10' title="bbox 371 888 1937 964; baseline -0.006 -14"><span class='ocrx_word' id='word_1_51' title='bbox 371 898 537 964; x_wconf 82' lang='lat' dir='ltr'><strong>igitur</strong></span> <span class='ocrx_word' id='word_1_52' title='bbox 564 891 804 959; x_wconf 73' lang='lat' dir='ltr'><strong>Iudaeos,</strong></span> <span class='ocrx_word' id='word_1_53' title='bbox 835 891 927 962; x_wconf 85' lang='lat' dir='ltr'><strong>qui</strong></span> <span class='ocrx_word' id='word_1_54' title='bbox 960 893 1065 947; x_wconf 87' lang='lat' dir='ltr'><strong>hoc</strong></span> <span class='ocrx_word' id='word_1_55' title='bbox 1087 892 1342 955; x_wconf 84' lang='lat' dir='ltr'><strong>audeant,</strong></span> <span class='ocrx_word' id='word_1_56' title='bbox 1377 899 1432 947; x_wconf 90' lang='lat' dir='ltr'><strong>et</strong></span> <span class='ocrx_word' id='word_1_57' title='bbox 1469 890 1536 945; x_wconf 89' lang='lat' dir='ltr'><strong>ad</strong></span> <span class='ocrx_word' id='word_1_58' title='bbox 1564 889 1700 960; x_wconf 82' lang='lat' dir='ltr'><strong>legis</strong></span> <span class='ocrx_word' id='word_1_59' title='bbox 1727 888 1937 958; x_wconf 87' lang='lat' dir='ltr'><strong>baptis-</strong></span> 
     </span>
    </p>
   </div>
   <div class='ocr_carea' id='block_1_11' title="bbox 370 981 1937 1054">
    <p class='ocr_par' dir='ltr' id='par_1_11' title="bbox 370 981 1937 1054">
     <span class='ocr_line' id='line_1_11' title="bbox 370 981 1937 1054; baseline -0.004 -14"><span class='ocrx_word' id='word_1_60' title='bbox 370 996 514 1041; x_wconf 89' lang='lat' dir='ltr'><strong>mata</strong></span> <span class='ocrx_word' id='word_1_61' title='bbox 532 991 898 1050; x_wconf 87' lang='lat' dir='ltr'><strong>revertuntur,</strong></span> <span class='ocrx_word' id='word_1_62' title='bbox 917 998 1039 1054; x_wconf 66' lang='lat' dir='ltr'><strong>quae</strong></span> <span class='ocrx_word' id='word_1_63' title='bbox 1054 985 1292 1038; x_wconf 87' lang='lat' dir='ltr'><strong>animam</strong></span> <span class='ocrx_word' id='word_1_64' title='bbox 1321 982 1588 1037; x_wconf 89' lang='lat' dir='ltr'><strong>mundare</strong></span> <span class='ocrx_word' id='word_1_65' title='bbox 1607 996 1714 1036; x_wconf 89' lang='lat' dir='ltr'><strong>non</strong></span> <span class='ocrx_word' id='word_1_66' title='bbox 1736 981 1937 1044; x_wconf 85' lang='lat' dir='ltr'><strong>valent,</strong></span> 
     </span>
    </p>
   </div>
   <div class='ocr_carea' id='block_1_12' title="bbox 369 1073 1942 1145">
    <p class='ocr_par' dir='ltr' id='par_1_12' title="bbox 369 1073 1942 1145">
     <span class='ocr_line' id='line_1_12' title="bbox 369 1073 1942 1145; baseline -0.003 -15"><span class='ocrx_word' id='word_1_67' title='bbox 369 1075 600 1145; x_wconf 83' lang='lat' dir='ltr'><strong>ideoque</strong></span> <span class='ocrx_word' id='word_1_68' title='bbox 621 1074 753 1129; x_wconf 83' lang='lat' dir='ltr'><strong>dicit</strong></span> <span class='ocrx_word' id='word_1_69' title='bbox 779 1092 793 1128; x_wconf 91' lang='lat'><strong>:</strong></span> <span class='ocrx_word' id='word_1_70' title='bbox 822 1073 954 1128; x_wconf 87' lang='lat' dir='ltr'><strong>Cum</strong></span> <span class='ocrx_word' id='word_1_71' title='bbox 983 1073 1237 1128; x_wconf 75' lang='lat' dir='ltr'><strong>deberetis</strong></span> <span class='ocrx_word' id='word_1_72' title='bbox 1270 1074 1515 1142; x_wconf 79' lang='lat' dir='ltr'><strong>magistri</strong></span> <span class='ocrx_word' id='word_1_73' title='bbox 1561 1087 1673 1126; x_wconf 84' lang='lat' dir='ltr'><strong>esse</strong></span> <span class='ocrx_word' id='word_1_74' title='bbox 1727 1079 1942 1142; x_wconf 81' lang='lat' dir='ltr'><strong>propter</strong></span> 
     </span>
    </p>
   </div>
   <div class='ocr_carea' id='block_1_13' title="bbox 369 1162 1939 1233">
    <p class='ocr_par' dir='ltr' id='par_1_13' title="bbox 369 1162 1939 1233">
     <span class='ocr_line' id='line_1_13' title="bbox 369 1162 1939 1233; baseline -0.001 -17"><span class='ocrx_word' id='word_1_75' title='bbox 369 1176 591 1232; x_wconf 85' lang='lat' dir='ltr'><strong>tempus,</strong></span> <span class='ocrx_word' id='word_1_76' title='bbox 619 1179 832 1216; x_wconf 82' lang='lat' dir='ltr'><strong>rursum</strong></span> <span class='ocrx_word' id='word_1_77' title='bbox 877 1163 1121 1233; x_wconf 79' lang='lat' dir='ltr'><strong>indigetis</strong></span> <span class='ocrx_word' id='word_1_78' title='bbox 1150 1170 1205 1215; x_wconf 91' lang='lat' dir='ltr'><strong>ut</strong></span> <span class='ocrx_word' id='word_1_79' title='bbox 1230 1179 1318 1216; x_wconf 84' lang='lat' dir='ltr'><strong>vos</strong></span> <span class='ocrx_word' id='word_1_80' title='bbox 1366 1163 1662 1216; x_wconf 81' lang='lat' dir='ltr'><strong>doceamini</strong></span> <span class='ocrx_word' id='word_1_81' title='bbox 1689 1178 1808 1232; x_wconf 75' lang='lat' dir='ltr'><strong>qum</strong></span> <span class='ocrx_word' id='word_1_82' title='bbox 1833 1162 1939 1215; x_wconf 83' lang='lat' dir='ltr'><strong>sint</strong></span> 
     </span>
    </p>
   </div>
   <div class='ocr_carea' id='block_1_14' title="bbox 365 1252 1933 1315">
    <p class='ocr_par' dir='ltr' id='par_1_14' title="bbox 365 1252 1933 1315">
     <span class='ocr_line' id='line_1_14' title="bbox 365 1252 1933 1315; baseline -0.002 -6"><span class='ocrx_word' id='word_1_83' title='bbox 365 1256 622 1310; x_wconf 83' lang='lat' dir='ltr'><strong>elementa</strong></span> <span class='ocrx_word' id='word_1_84' title='bbox 653 1255 859 1309; x_wconf 72' lang='lat' dir='ltr'><strong>exordii</strong></span> <span class='ocrx_word' id='word_1_85' title='bbox 881 1271 1175 1308; x_wconf 86' lang='lat' dir='ltr'><strong>sermonum</strong></span> <span class='ocrx_word' id='word_1_86' title='bbox 1200 1253 1299 1308; x_wconf 85' lang='lat' dir='ltr'><strong>Dei</strong></span> <span class='ocrx_word' id='word_1_87' title='bbox 1322 1263 1373 1315; x_wconf 80' lang='grc' dir='ltr'>υ,</span> <span class='ocrx_word' id='word_1_88' title='bbox 1395 1263 1499 1308; x_wconf 89' lang='lat' dir='ltr'><strong>etc.</strong></span> <span class='ocrx_word' id='word_1_89' title='bbox 1525 1252 1798 1307; x_wconf 79' lang='lat' dir='ltr'><strong>Elementa</strong></span> <span class='ocrx_word' id='word_1_90' title='bbox 1831 1268 1933 1306; x_wconf 90' lang='lat' dir='ltr'><strong>au-</strong></span> 
     </span>
    </p>
   </div>
   <div class='ocr_carea' id='block_1_15' title="bbox 367 1346 1937 1416">
    <p class='ocr_par' dir='ltr' id='par_1_15' title="bbox 367 1346 1937 1416">
     <span class='ocr_line' id='line_1_15' title="bbox 367 1346 1937 1416; baseline -0.003 -14"><span class='ocrx_word' id='word_1_91' title='bbox 367 1354 478 1402; x_wconf 85' lang='lat' dir='ltr'><strong>tem</strong></span> <span class='ocrx_word' id='word_1_92' title='bbox 505 1347 710 1402; x_wconf 74' lang='lat' dir='ltr'><strong>exordii</strong></span> <span class='ocrx_word' id='word_1_93' title='bbox 736 1348 991 1402; x_wconf 79' lang='lat' dir='ltr'><strong>sermonis</strong></span> <span class='ocrx_word' id='word_1_94' title='bbox 1016 1347 1111 1400; x_wconf 89' lang='lat' dir='ltr'><strong>Dei</strong></span> <span class='ocrx_word' id='word_1_95' title='bbox 1136 1356 1221 1402; x_wconf 91' lang='lat' dir='ltr'><strong>est</strong></span> <span class='ocrx_word' id='word_1_96' title='bbox 1238 1346 1331 1401; x_wconf 90' lang='lat' dir='ltr'><strong>Dei</strong></span> <span class='ocrx_word' id='word_1_97' title='bbox 1362 1346 1599 1416; x_wconf 82' lang='lat' dir='ltr'><strong>cognitio</strong></span> <span class='ocrx_word' id='word_1_98' title='bbox 1626 1364 1640 1400; x_wconf 93' lang='lat'>:</span> <span class='ocrx_word' id='word_1_99' title='bbox 1664 1354 1747 1410; x_wconf 91' lang='lat' dir='ltr'><strong>ut,</strong></span> <span class='ocrx_word' id='word_1_100' title='bbox 1773 1360 1937 1414; x_wconf 79' lang='lat' dir='ltr'><strong>opor-</strong></span> 
     </span>
    </p>
   </div>
   <div class='ocr_carea' id='block_1_16' title="bbox 369 1437 1941 1507">
    <p class='ocr_par' dir='ltr' id='par_1_16' title="bbox 369 1437 1941 1507">
     <span class='ocr_line' id='line_1_16' title="bbox 369 1437 1941 1507; baseline -0.002 -16"><span class='ocrx_word' id='word_1_101' title='bbox 369 1444 447 1491; x_wconf 87' lang='lat' dir='ltr'><strong>tet</strong></span> <span class='ocrx_word' id='word_1_102' title='bbox 473 1438 800 1493; x_wconf 85' lang='lat' dir='ltr'><strong>accedentes</strong></span> <span class='ocrx_word' id='word_1_103' title='bbox 822 1437 887 1492; x_wconf 94' lang='lat' dir='ltr'><strong>ad</strong></span> <span class='ocrx_word' id='word_1_104' title='bbox 912 1437 1192 1492; x_wconf 87' lang='lat' dir='ltr'><strong>Christum</strong></span> <span class='ocrx_word' id='word_1_105' title='bbox 1222 1438 1459 1506; x_wconf 90' lang='lat' dir='ltr'><strong>primum</strong></span> <span class='ocrx_word' id='word_1_106' title='bbox 1484 1437 1721 1507; x_wconf 85' lang='lat' dir='ltr'><strong>peccatis</strong></span> <span class='ocrx_word' id='word_1_107' title='bbox 1739 1450 1941 1490; x_wconf 89' lang='lat' dir='ltr'><strong>renun-</strong></span> 
     </span>
    </p>
   </div>
   <div class='ocr_carea' id='block_1_17' title="bbox 368 1526 1940 1598">
    <p class='ocr_par' dir='ltr' id='par_1_17' title="bbox 368 1526 1940 1598">
     <span class='ocr_line' id='line_1_17' title="bbox 368 1526 1940 1598; baseline -0.001 -17"><span class='ocrx_word' id='word_1_108' title='bbox 368 1528 528 1593; x_wconf 89' lang='lat' dir='ltr'><strong>tiare,</strong></span> <span class='ocrx_word' id='word_1_109' title='bbox 559 1528 757 1598; x_wconf 88' lang='lat' dir='ltr'><strong>quibus</strong></span> <span class='ocrx_word' id='word_1_110' title='bbox 780 1528 1323 1598; x_wconf 88' lang='lat' dir='ltr'><strong>constringebantur,</strong></span> <span class='ocrx_word' id='word_1_111' title='bbox 1367 1529 1470 1583; x_wconf 87' lang='lat' dir='ltr'><strong>hoc</strong></span> <span class='ocrx_word' id='word_1_112' title='bbox 1506 1531 1604 1582; x_wconf 90' lang='lat' dir='ltr'><strong>cst&#39;</strong></span> <span class='ocrx_word' id='word_1_113' title='bbox 1628 1527 1840 1596; x_wconf 87' lang='lat' dir='ltr'><strong>sejungi</strong></span> <span class='ocrx_word' id='word_1_114' title='bbox 1871 1526 1940 1580; x_wconf 87' lang='lat' dir='ltr'><strong>ab</strong></span> 
     </span>
    </p>
   </div>
   <div class='ocr_carea' id='block_1_18' title="bbox 369 1618 1937 1689">
    <p class='ocr_par' dir='ltr' id='par_1_18' title="bbox 369 1618 1937 1689">
     <span class='ocr_line' id='line_1_18' title="bbox 369 1618 1937 1689; baseline 0 -17"><span class='ocrx_word' id='word_1_115' title='bbox 369 1619 628 1688; x_wconf 87' lang='lat' dir='ltr'><strong>operibus</strong></span> <span class='ocrx_word' id='word_1_116' title='bbox 655 1619 909 1673; x_wconf 90' lang='lat' dir='ltr'><strong>mortuis.</strong></span> <span class='ocrx_word' id='word_1_117' title='bbox 942 1618 1195 1674; x_wconf 89' lang='lat' dir='ltr'><strong>Secundo</strong></span> <span class='ocrx_word' id='word_1_118' title='bbox 1226 1619 1654 1689; x_wconf 87' lang='lat' dir='ltr'><strong>redemptionem</strong></span> <span class='ocrx_word' id='word_1_119' title='bbox 1691 1618 1937 1688; x_wconf 89' lang='lat' dir='ltr'><strong>priorum</strong></span> 
     </span>
    </p>
   </div>
   <div class='ocr_carea' id='block_1_19' title="bbox 368 1693 1939 1790">
    <p class='ocr_par' dir='ltr' id='par_1_19' title="bbox 368 1693 1939 1790">
     <span class='ocr_line' id='line_1_19' title="bbox 368 1693 1939 1790; baseline -0.001 -25"><span class='ocrx_word' id='word_1_120' title='bbox 368 1721 718 1790; x_wconf 76' lang='lat' dir='ltr'><strong>peccatorum</strong></span> <span class='ocrx_word' id='word_1_121' title='bbox 740 1725 838 1780; x_wconf 88' lang='lat' dir='ltr'><strong>per</strong></span> <span class='ocrx_word' id='word_1_122' title='bbox 859 1710 1192 1780; x_wconf 84' lang='lat' dir='ltr'><strong>baptismum</strong></span> <span class='ocrx_word' id='word_1_123' title='bbox 1222 1711 1494 1780; x_wconf 87' lang='lat' dir='ltr'><strong>accipere,</strong></span> <span class='ocrx_word' id='word_1_124' title='bbox 1525 1718 1578 1764; x_wconf 85' lang='lat' dir='ltr'><strong>et</strong></span> <span class='ocrx_word' id='word_1_125' title='bbox 1613 1712 1716 1764; x_wconf 93' lang='lat' dir='ltr'><strong>hoc</strong></span> <span class='ocrx_word' id='word_1_126' title='bbox 1746 1710 1800 1763; x_wconf 92' lang='lat' dir='ltr'><strong>in</strong></span> <span class='ocrx_word' id='word_1_127' title='bbox 1835 1693 1939 1764; x_wconf 83' lang='lat' dir='ltr'><strong>fide</strong></span> 
     </span>
    </p>
   </div>
   <div class='ocr_carea' id='block_1_20' title="bbox 370 1798 1935 1872">
    <p class='ocr_par' dir='ltr' id='par_1_20' title="bbox 370 1798 1935 1872">
     <span class='ocr_line' id='line_1_20' title="bbox 370 1798 1935 1872; baseline -0.001 -16"><span class='ocrx_word' id='word_1_128' title='bbox 370 1801 700 1872; x_wconf 86' lang='lat' dir='ltr'><strong>recipientes</strong></span> <span class='ocrx_word' id='word_1_129' title='bbox 753 1802 1056 1856; x_wconf 82' lang='lat' dir='ltr'><strong>doctrinam</strong></span> <span class='ocrx_word' id='word_1_130' title='bbox 1087 1801 1322 1856; x_wconf 89' lang='lat' dir='ltr'><strong>discere.</strong></span> <span class='ocrx_word' id='word_1_131' title='bbox 1353 1801 1492 1867; x_wconf 88' lang='lat' dir='ltr'><strong>Quid</strong></span> <span class='ocrx_word' id='word_1_132' title='bbox 1541 1801 1802 1855; x_wconf 90' lang='lat' dir='ltr'><strong>nimirum</strong></span> <span class='ocrx_word' id='word_1_133' title='bbox 1833 1798 1935 1854; x_wconf 88' lang='lat' dir='ltr'><strong>Ju-</strong></span> 
     </span>
    </p>
   </div>
   <div class='ocr_carea' id='block_1_21' title="bbox 369 1891 1939 1961">
    <p class='ocr_par' dir='ltr' id='par_1_21' title="bbox 369 1891 1939 1961">
     <span class='ocr_line' id='line_1_21' title="bbox 369 1891 1939 1961; baseline -0.001 -14"><span class='ocrx_word' id='word_1_134' title='bbox 369 1894 586 1947; x_wconf 88' lang='lat' dir='ltr'><strong>daicum</strong></span> <span class='ocrx_word' id='word_1_135' title='bbox 619 1892 816 1958; x_wconf 87' lang='lat' dir='ltr'><strong>fuerit,</strong></span> <span class='ocrx_word' id='word_1_136' title='bbox 853 1891 982 1961; x_wconf 92' lang='lat' dir='ltr'><strong>quid</strong></span> <span class='ocrx_word' id='word_1_137' title='bbox 1024 1907 1153 1946; x_wconf 86' lang='lat' dir='ltr'><strong>vero</strong></span> <span class='ocrx_word' id='word_1_138' title='bbox 1190 1892 1474 1946; x_wconf 86' lang='lat' dir='ltr'><strong>salutare?</strong></span> <span class='ocrx_word' id='word_1_139' title='bbox 1527 1891 1763 1952; x_wconf 89' lang='lat' dir='ltr'><strong>Deinde.</strong></span> <span class='ocrx_word' id='word_1_140' title='bbox 1818 1906 1939 1960; x_wconf 91' lang='lat' dir='ltr'><strong>pro-</strong></span> 
     </span>
    </p>
   </div>
   <div class='ocr_carea' id='block_1_22' title="bbox 365 1982 1936 2055">
    <p class='ocr_par' dir='ltr' id='par_1_22' title="bbox 365 1982 1936 2055">
     <span class='ocr_line' id='line_1_22' title="bbox 365 1982 1936 2055; baseline -0.001 -18"><span class='ocrx_word' id='word_1_141' title='bbox 365 1985 647 2055; x_wconf 83' lang='lat' dir='ltr'><strong>gressione</strong></span> <span class='ocrx_word' id='word_1_142' title='bbox 679 1982 844 2047; x_wconf 87' lang='lat' dir='ltr'><strong>facta,</strong></span> <span class='ocrx_word' id='word_1_143' title='bbox 877 1983 1072 2052; x_wconf 84' lang='lat' dir='ltr'><strong>dignos</strong></span> <span class='ocrx_word' id='word_1_144' title='bbox 1105 1982 1256 2038; x_wconf 87' lang='lat' dir='ltr'><strong>reddi</strong></span> <span class='ocrx_word' id='word_1_145' title='bbox 1287 1983 1519 2040; x_wconf 87' lang='lat' dir='ltr'><strong>adventu</strong></span> <span class='ocrx_word' id='word_1_146' title='bbox 1553 1983 1730 2038; x_wconf 88' lang='lat' dir='ltr'><strong>sancti</strong></span> <span class='ocrx_word' id='word_1_147' title='bbox 1762 1982 1936 2052; x_wconf 88' lang='lat' dir='ltr'><strong>Spiri-</strong></span> 
     </span>
    </p>
   </div>
   <div class='ocr_carea' id='block_1_23' title="bbox 368 2071 1935 2142">
    <p class='ocr_par' dir='ltr' id='par_1_23' title="bbox 368 2071 1935 2142">
     <span class='ocr_line' id='line_1_23' title="bbox 368 2071 1935 2142; baseline -0.003 -14"><span class='ocrx_word' id='word_1_148' title='bbox 368 2086 492 2138; x_wconf 88' lang='lat' dir='ltr'><strong>tus,</strong></span> <span class='ocrx_word' id='word_1_149' title='bbox 540 2074 667 2142; x_wconf 90' lang='lat' dir='ltr'><strong>quid</strong></span> <span class='ocrx_word' id='word_1_150' title='bbox 702 2087 799 2142; x_wconf 89' lang='lat' dir='ltr'><strong>per</strong></span> <span class='ocrx_word' id='word_1_151' title='bbox 836 2072 1238 2140; x_wconf 88' lang='lat' dir='ltr'><strong>impositionem</strong></span> <span class='ocrx_word' id='word_1_152' title='bbox 1273 2087 1533 2126; x_wconf 91' lang='lat' dir='ltr'><strong>manuum</strong></span> <span class='ocrx_word' id='word_1_153' title='bbox 1563 2071 1935 2142; x_wconf 86' lang='lat' dir='ltr'><strong>apostolorum</strong></span> 
     </span>
    </p>
   </div>
   <div class='ocr_carea' id='block_1_24' title="bbox 366 2162 1934 2236">
    <p class='ocr_par' dir='ltr' id='par_1_24' title="bbox 366 2162 1934 2236">
     <span class='ocr_line' id='line_1_24' title="bbox 366 2162 1934 2236; baseline -0.004 -14"><span class='ocrx_word' id='word_1_154' title='bbox 366 2169 550 2234; x_wconf 81' lang='lat' dir='ltr'><strong>fiebat,</strong></span> <span class='ocrx_word' id='word_1_155' title='bbox 571 2167 863 2236; x_wconf 89' lang='lat' dir='ltr'><strong>docerique</strong></span> <span class='ocrx_word' id='word_1_156' title='bbox 883 2165 1073 2236; x_wconf 67' lang='lat'><strong>539!)</strong></span> <span class='ocrx_word' id='word_1_157' title='bbox 1092 2174 1433 2219; x_wconf 91' lang='lat' dir='ltr'><strong>mortuorum</strong></span> <span class='ocrx_word' id='word_1_158' title='bbox 1455 2162 1934 2229; x_wconf 87' lang='lat' dir='ltr'><strong>resurrectionem,</strong></span> 
     </span>
    </p>
   </div>
   <div class='ocr_carea' id='block_1_25' title="bbox 365 2254 1936 2328">
    <p class='ocr_par' dir='ltr' id='par_1_25' title="bbox 365 2254 1936 2328">
     <span class='ocr_line' id='line_1_25' title="bbox 365 2254 1936 2328; baseline -0.003 -16"><span class='ocrx_word' id='word_1_159' title='bbox 365 2275 432 2315; x_wconf 89' lang='lat' dir='ltr'><strong>ac</strong></span> <span class='ocrx_word' id='word_1_160' title='bbox 459 2259 703 2313; x_wconf 90' lang='lat' dir='ltr'><strong>futurum</strong></span> <span class='ocrx_word' id='word_1_161' title='bbox 749 2257 1041 2328; x_wconf 87' lang='lat' dir='ltr'><strong>judicium.</strong></span> <span class='ocrx_word' id='word_1_162' title='bbox 1072 2255 1197 2311; x_wconf 67' lang='lat' dir='ltr'><strong>llaac</strong></span> <span class='ocrx_word' id='word_1_163' title='bbox 1240 2256 1407 2327; x_wconf 84' lang='lat' dir='ltr'><strong>igitur</strong></span> <span class='ocrx_word' id='word_1_164' title='bbox 1437 2255 1690 2310; x_wconf 85' lang='lat' dir='ltr'><strong>doctrina</strong></span> <span class='ocrx_word' id='word_1_165' title='bbox 1721 2254 1936 2309; x_wconf 86' lang='lat' dir='ltr'><strong>initium</strong></span> 
     </span>
    </p>
   </div>
   <div class='ocr_carea' id='block_1_26' title="bbox 365 2346 1937 2421">
    <p class='ocr_par' dir='ltr' id='par_1_26' title="bbox 365 2346 1937 2421">
     <span class='ocr_line' id='line_1_26' title="bbox 365 2346 1937 2421; baseline -0.003 -17"><span class='ocrx_word' id='word_1_166' title='bbox 365 2351 672 2421; x_wconf 68' lang='lat' dir='ltr'><strong>disciplina:</strong></span> <span class='ocrx_word' id='word_1_167' title='bbox 721 2349 1063 2404; x_wconf 85' lang='lat' dir='ltr'><strong>credentiqu</strong></span> <span class='ocrx_word' id='word_1_168' title='bbox 1119 2356 1223 2402; x_wconf 87' lang='lat' dir='ltr'><strong>est.</strong></span> <span class='ocrx_word' id='word_1_169' title='bbox 1279 2347 1454 2414; x_wconf 83' lang='lat' dir='ltr'><strong>Quam</strong></span> <span class='ocrx_word' id='word_1_170' title='bbox 1498 2362 1621 2401; x_wconf 89' lang='lat' dir='ltr'><strong>cum</strong></span> <span class='ocrx_word' id='word_1_171' title='bbox 1663 2362 1694 2400; x_wconf 89' lang='lat' dir='ltr'><strong>a</strong></span> <span class='ocrx_word' id='word_1_172' title='bbox 1733 2346 1937 2403; x_wconf 69' lang='lat' dir='ltr'><strong>Judazis</strong></span> 
     </span>
    </p>
   </div>
   <div class='ocr_carea' id='block_1_27' title="bbox 366 2437 1935 2509">
    <p class='ocr_par' dir='ltr' id='par_1_27' title="bbox 366 2437 1935 2509">
     <span class='ocr_line' id='line_1_27' title="bbox 366 2437 1935 2509; baseline -0.001 -15"><span class='ocrx_word' id='word_1_173' title='bbox 366 2441 582 2495; x_wconf 90' lang='lat' dir='ltr'><strong>oriundi</strong></span> <span class='ocrx_word' id='word_1_174' title='bbox 616 2439 942 2509; x_wconf 87' lang='lat' dir='ltr'><strong>receperint,</strong></span> <span class='ocrx_word' id='word_1_175' title='bbox 979 2446 1035 2494; x_wconf 89' lang='lat' dir='ltr'><strong>et</strong></span> <span class='ocrx_word' id='word_1_176' title='bbox 1084 2447 1361 2509; x_wconf 83' lang='lat' dir='ltr'><strong>receptam</strong></span> <span class='ocrx_word' id='word_1_177' title='bbox 1417 2438 1555 2493; x_wconf 89' lang='lat' dir='ltr'><strong>alios</strong></span> <span class='ocrx_word' id='word_1_178' title='bbox 1597 2438 1795 2492; x_wconf 89' lang='lat' dir='ltr'><strong>docere</strong></span> <span class='ocrx_word' id='word_1_179' title='bbox 1838 2437 1935 2492; x_wconf 89' lang='lat' dir='ltr'><strong>de-</strong></span> 
     </span>
    </p>
   </div>
   <div class='ocr_carea' id='block_1_28' title="bbox 366 2530 1934 2602">
    <p class='ocr_par' dir='ltr' id='par_1_28' title="bbox 366 2530 1934 2602">
     <span class='ocr_line' id='line_1_28' title="bbox 366 2530 1934 2602; baseline -0.003 -15"><span class='ocrx_word' id='word_1_180' title='bbox 366 2533 599 2598; x_wconf 89' lang='lat' dir='ltr'><strong>buerim,</strong></span> <span class='ocrx_word' id='word_1_181' title='bbox 616 2542 668 2588; x_wconf 91' lang='lat' dir='ltr'><strong>et</strong></span> <span class='ocrx_word' id='word_1_182' title='bbox 684 2533 803 2588; x_wconf 88' lang='lat' dir='ltr'><strong>illos</strong></span> <span class='ocrx_word' id='word_1_183' title='bbox 819 2530 1086 2602; x_wconf 86' lang='lat' dir='ltr'><strong>perfectos</strong></span> <span class='ocrx_word' id='word_1_184' title='bbox 1103 2532 1348 2596; x_wconf 89' lang='lat' dir='ltr'><strong>reddere,</strong></span> <span class='ocrx_word' id='word_1_185' title='bbox 1368 2531 1473 2601; x_wconf 89' lang='lat' dir='ltr'><strong>ipsi</strong></span> <span class='ocrx_word' id='word_1_186' title='bbox 1507 2538 1698 2585; x_wconf 89' lang='lat' dir='ltr'><strong>contra</strong></span> <span class='ocrx_word' id='word_1_187' title='bbox 1739 2530 1934 2584; x_wconf 90' lang='lat' dir='ltr'><strong>iterum</strong></span> 
     </span>
    </p>
   </div>
   <div class='ocr_carea' id='block_1_29' title="bbox 366 2621 1932 2695">
    <p class='ocr_par' dir='ltr' id='par_1_29' title="bbox 366 2621 1932 2695">
     <span class='ocr_line' id='line_1_29' title="bbox 366 2621 1932 2695; baseline -0.001 -17"><span class='ocrx_word' id='word_1_188' title='bbox 366 2624 652 2694; x_wconf 86' lang='lat' dir='ltr'><strong>disciplina</strong></span> <span class='ocrx_word' id='word_1_189' title='bbox 686 2625 950 2695; x_wconf 81' lang='lat' dir='ltr'><strong>indigent.</strong></span> <span class='ocrx_word' id='word_1_190' title='bbox 985 2621 1400 2688; x_wconf 77' lang='lat' dir='ltr'><strong>Verumtamen,</strong></span> <span class='ocrx_word' id='word_1_191' title='bbox 1426 2622 1626 2692; x_wconf 86' lang='lat' dir='ltr'><strong>inquit,</strong></span> <span class='ocrx_word' id='word_1_192' title='bbox 1652 2623 1756 2676; x_wconf 90' lang='lat' dir='ltr'><strong>etsi</strong></span> <span class='ocrx_word' id='word_1_193' title='bbox 1796 2622 1932 2677; x_wconf 83' lang='lat' dir='ltr'><strong>tales</strong></span> 
     </span>
    </p>
   </div>
   <div class='ocr_carea' id='block_1_30' title="bbox 363 2713 1938 2784">
    <p class='ocr_par' dir='ltr' id='par_1_30' title="bbox 363 2713 1938 2784">
     <span class='ocr_line' id='line_1_30' title="bbox 363 2713 1938 2784; baseline 0 -16"><span class='ocrx_word' id='word_1_194' title='bbox 363 2716 517 2781; x_wconf 86' lang='lat' dir='ltr'><strong>estis,</strong></span> <span class='ocrx_word' id='word_1_195' title='bbox 542 2723 602 2769; x_wconf 89' lang='lat' dir='ltr'><strong>ut</strong></span> <span class='ocrx_word' id='word_1_196' title='bbox 624 2730 848 2770; x_wconf 91' lang='lat' dir='ltr'><strong>rursum</strong></span> <span class='ocrx_word' id='word_1_197' title='bbox 877 2715 1088 2770; x_wconf 89' lang='lat' dir='ltr'><strong>discere</strong></span> <span class='ocrx_word' id='word_1_198' title='bbox 1110 2714 1354 2769; x_wconf 89' lang='lat' dir='ltr'><strong>debeatis</strong></span> <span class='ocrx_word' id='word_1_199' title='bbox 1411 2729 1661 2784; x_wconf 79' lang='lat' dir='ltr'><strong>quamam</strong></span> <span class='ocrx_word' id='word_1_200' title='bbox 1685 2714 1796 2769; x_wconf 85' lang='lat' dir='ltr'><strong>sint</strong></span> <span class='ocrx_word' id='word_1_201' title='bbox 1824 2713 1938 2768; x_wconf 83' lang='lat' dir='ltr'><strong>ele-</strong></span> 
     </span>
    </p>
   </div>
   <div class='ocr_carea' id='block_1_31' title="bbox 363 2805 1938 2872">
    <p class='ocr_par' dir='ltr' id='par_1_31' title="bbox 363 2805 1938 2872">
     <span class='ocr_line' id='line_1_31' title="bbox 363 2805 1938 2872; baseline 0 -10"><span class='ocrx_word' id='word_1_202' title='bbox 363 2818 546 2863; x_wconf 86' lang='lat' dir='ltr'><strong>menta</strong></span> <span class='ocrx_word' id='word_1_203' title='bbox 575 2808 792 2862; x_wconf 77' lang='lat' dir='ltr'><strong>exordii</strong></span> <span class='ocrx_word' id='word_1_204' title='bbox 827 2807 1097 2868; x_wconf 85' lang='lat' dir='ltr'><strong>sermonis</strong></span> <span class='ocrx_word' id='word_1_205' title='bbox 1126 2805 1260 2872; x_wconf 87' lang='lat' dir='ltr'><strong>Dei,</strong></span> <span class='ocrx_word' id='word_1_206' title='bbox 1312 2822 1415 2862; x_wconf 90' lang='lat' dir='ltr'><strong>nos</strong></span> <span class='ocrx_word' id='word_1_207' title='bbox 1465 2821 1576 2861; x_wconf 91' lang='lat' dir='ltr'><strong>non</strong></span> <span class='ocrx_word' id='word_1_208' title='bbox 1626 2806 1938 2862; x_wconf 86' lang='lat' dir='ltr'><strong>rudimenta</strong></span> 
     </span>
    </p>
   </div>
   <div class='ocr_carea' id='block_1_32' title="bbox 367 2895 1938 2962">
    <p class='ocr_par' dir='ltr' id='par_1_32' title="bbox 367 2895 1938 2962">
     <span class='ocr_line' id='line_1_32' title="bbox 367 2895 1938 2962; baseline -0.002 -9"><span class='ocrx_word' id='word_1_209' title='bbox 367 2900 490 2954; x_wconf 86' lang='lat' dir='ltr'><strong>fidei</strong></span> <span class='ocrx_word' id='word_1_210' title='bbox 563 2900 934 2954; x_wconf 86' lang='lat' dir='ltr'><strong>iterum&#39;vos</strong></span> <span class='ocrx_word' id='word_1_211' title='bbox 1005 2897 1343 2952; x_wconf 90' lang='lat' dir='ltr'><strong>docebimus.</strong></span> <span class='ocrx_word' id='word_1_212' title='bbox 1412 2896 1504 2950; x_wconf 83' lang='lat' dir='ltr'><strong>Ait</strong></span> <span class='ocrx_word' id='word_1_213' title='bbox 1569 2895 1938 2962; x_wconf 76' lang='lat' dir='ltr'><strong>eniszua-</strong></span> 
     </span>
    </p>
   </div>
   <div class='ocr_carea' id='block_1_33' title="bbox 360 2987 1924 3062">
    <p class='ocr_par' dir='ltr' id='par_1_33' title="bbox 360 2987 1924 3062">
     <span class='ocr_line' id='line_1_33' title="bbox 360 2987 1924 3062; baseline -0.003 -17"><span class='ocrx_word' id='word_1_214' title='bbox 360 3001 570 3062; x_wconf 81' lang='lat' dir='ltr'><strong>propter</strong></span> <span class='ocrx_word' id='word_1_215' title='bbox 592 2993 990 3046; x_wconf 83' lang='lat' dir='ltr'><strong>intermittentes</strong></span> <span class='ocrx_word' id='word_1_216' title='bbox 1012 2990 1365 3045; x_wconf 83' lang='lat' dir='ltr'><strong>inehoationis</strong></span> <span class='ocrx_word' id='word_1_217' title='bbox 1383 2987 1583 3043; x_wconf 75' lang='lat' dir='ltr'><strong>Christi</strong></span> <span class='ocrx_word' id='word_1_218' title='bbox 1605 3003 1924 3052; x_wconf 85' lang='lat' dir='ltr'><strong>sermonem,</strong></span> 
     </span>
    </p>
   </div>
   <div class='ocr_carea' id='block_1_34' title="bbox 2035 521 3611 595">
    <p class='ocr_par' dir='ltr' id='par_1_34' title="bbox 2035 521 3611 595">
     <span class='ocr_line' id='line_1_34' title="bbox 2035 521 3611 595; baseline -0.004 -14"><span class='ocrx_word' id='word_1_219' title='bbox 2035 525 2358 595; x_wconf 77' lang='grc' dir='ltr'>,βαπτισμῷ</span> <span class='ocrx_word' id='word_1_220' title='bbox 2380 525 2478 580; x_wconf 81' lang='grc' dir='ltr'>καὶ</span> <span class='ocrx_word' id='word_1_221' title='bbox 2509 525 2987 595; x_wconf 72' lang='grc' dir='ltr'>συνηγέρθημεν.</span> <span class='ocrx_word' id='word_1_222' title='bbox 3040 524 3101 577; x_wconf 90' lang='grc' dir='ltr'><strong>Ὀ</strong></span> <span class='ocrx_word' id='word_1_223' title='bbox 3130 521 3262 591; x_wconf 89' lang='grc' dir='ltr'>γοῦν</span> <span class='ocrx_word' id='word_1_224' title='bbox 3295 521 3475 594; x_wconf 83' lang='grc' dir='ltr'>ζητῶν</span> <span class='ocrx_word' id='word_1_225' title='bbox 3507 540 3611 593; x_wconf 72' lang='grc' dir='ltr'><strong>φυ-</strong></span> 
     </span>
    </p>
   </div>
   <div class='ocr_carea' id='block_1_35' title="bbox 2040 613 3611 688">
    <p class='ocr_par' dir='ltr' id='par_1_35' title="bbox 2040 613 3611 688">
     <span class='ocr_line' id='line_1_35' title="bbox 2040 613 3611 688; baseline -0.002 -18"><span class='ocrx_word' id='word_1_226' title='bbox 2040 615 2255 671; x_wconf 82' lang='grc' dir='ltr'>λάττειν</span> <span class='ocrx_word' id='word_1_227' title='bbox 2274 617 2343 672; x_wconf 84' lang='grc' dir='ltr'><strong>τά</strong></span> <span class='ocrx_word' id='word_1_228' title='bbox 2373 615 2574 688; x_wconf 87' lang='grc' dir='ltr'>νομικά</span> <span class='ocrx_word' id='word_1_229' title='bbox 2605 616 2958 687; x_wconf 85' lang='grc' dir='ltr'>βαπτίσματα</span> <span class='ocrx_word' id='word_1_230' title='bbox 2989 614 3114 688; x_wconf 73' lang='grc'><strong>[881</strong></span> <span class='ocrx_word' id='word_1_231' title='bbox 3155 613 3251 686; x_wconf 83' lang='grc' dir='ltr'><strong>Η.]</strong></span> <span class='ocrx_word' id='word_1_232' title='bbox 3277 615 3611 684; x_wconf 84' lang='grc' dir='ltr'>ἀνασταυροῖ</span> 
     </span>
    </p>
   </div>
   <div class='ocr_carea' id='block_1_36' title="bbox 2040 705 3610 779">
    <p class='ocr_par' dir='ltr' id='par_1_36' title="bbox 2040 705 3610 779">
     <span class='ocr_line' id='line_1_36' title="bbox 2040 705 3610 779; baseline -0.003 -17"><span class='ocrx_word' id='word_1_233' title='bbox 2040 709 2130 762; x_wconf 83' lang='grc' dir='ltr'><strong>τὸν</strong></span> <span class='ocrx_word' id='word_1_234' title='bbox 2163 709 2291 762; x_wconf 88' lang='grc' dir='ltr'>Υίὸν</span> <span class='ocrx_word' id='word_1_235' title='bbox 2319 709 2414 762; x_wconf 90' lang='grc' dir='ltr'><strong>τοῦ</strong></span> <span class='ocrx_word' id='word_1_236' title='bbox 2458 707 2596 762; x_wconf 88' lang='grc' dir='ltr'>Θεοῦ</span> <span class='ocrx_word' id='word_1_237' title='bbox 2640 709 2735 763; x_wconf 76' lang='grc' dir='ltr'><strong>καὶ</strong></span> <span class='ocrx_word' id='word_1_238' title='bbox 2781 707 3274 779; x_wconf 79' lang='grc' dir='ltr'>παραδειγματίξει</span> <span class='ocrx_word' id='word_1_239' title='bbox 3322 705 3414 758; x_wconf 81' lang='grc' dir='ltr'><strong>τὸν</strong></span> <span class='ocrx_word' id='word_1_240' title='bbox 3462 706 3610 771; x_wconf 69' lang='lat' dir='ltr'><strong>anas</strong></span> 
     </span>
    </p>
   </div>
   <div class='ocr_carea' id='block_1_37' title="bbox 2042 797 3614 873">
    <p class='ocr_par' dir='ltr' id='par_1_37' title="bbox 2042 797 3614 873">
     <span class='ocr_line' id='line_1_37' title="bbox 2042 797 3614 873; baseline -0.001 -20"><span class='ocrx_word' id='word_1_241' title='bbox 2042 801 2445 872; x_wconf 78' lang='grc' dir='ltr'><strong>σταυρωθέντα.</strong></span> <span class='ocrx_word' id='word_1_242' title='bbox 2495 801 2561 854; x_wconf 80' lang='lat' dir='ltr'><strong>Ei</strong></span> <span class='ocrx_word' id='word_1_243' title='bbox 2585 801 2630 854; x_wconf 87' lang='grc' dir='ltr'>δ’</span> <span class='ocrx_word' id='word_1_244' title='bbox 2656 797 2726 873; x_wconf 81' lang='grc' dir='ltr'>ἦν</span> <span class='ocrx_word' id='word_1_245' title='bbox 2755 802 2925 855; x_wconf 87' lang='grc' dir='ltr'>πλείω</span> <span class='ocrx_word' id='word_1_246' title='bbox 2957 801 3330 872; x_wconf 83' lang='grc' dir='ltr'>βαπτίσματα,</span> <span class='ocrx_word' id='word_1_247' title='bbox 3369 798 3476 851; x_wconf 76' lang='grc' dir='ltr'>ἔδει</span> <span class='ocrx_word' id='word_1_248' title='bbox 3516 797 3614 851; x_wconf 74' lang='grc' dir='ltr'><strong>καὶ</strong></span> 
     </span>
    </p>
   </div>
   <div class='ocr_carea' id='block_1_38' title="bbox 2038 888 3610 960">
    <p class='ocr_par' dir='ltr' id='par_1_38' title="bbox 2038 888 3610 960">
     <span class='ocr_line' id='line_1_38' title="bbox 2038 888 3610 960; baseline -0.003 -16"><span class='ocrx_word' id='word_1_249' title='bbox 2038 890 2130 944; x_wconf 87' lang='grc' dir='ltr'><strong>τὸν</strong></span> <span class='ocrx_word' id='word_1_250' title='bbox 2160 891 2396 960; x_wconf 85' lang='grc' dir='ltr'>Χριστὸν</span> <span class='ocrx_word' id='word_1_251' title='bbox 2430 892 2692 955; x_wconf 83' lang='grc' dir='ltr'><strong>πολλάκις</strong></span> <span class='ocrx_word' id='word_1_252' title='bbox 2712 892 2925 946; x_wconf 79' lang='grc' dir='ltr'><strong>παθεῖν.</strong></span> <span class='ocrx_word' id='word_1_253' title='bbox 2964 892 3103 946; x_wconf 78' lang='grc' dir='ltr'>Νυνὶ</span> <span class='ocrx_word' id='word_1_254' title='bbox 3145 890 3203 943; x_wconf 85' lang='grc' dir='ltr'>δὲ</span> <span class='ocrx_word' id='word_1_255' title='bbox 3225 888 3375 955; x_wconf 73' lang='grc' dir='ltr'>ἅπαξ</span> <span class='ocrx_word' id='word_1_256' title='bbox 3399 904 3610 940; x_wconf 79' lang='grc' dir='ltr'>πεπον-</span> 
     </span>
    </p>
   </div>
   <div class='ocr_carea' id='block_1_39' title="bbox 2041 974 3611 1051">
    <p class='ocr_par' dir='ltr' id='par_1_39' title="bbox 2041 974 3611 1051">
     <span class='ocr_line' id='line_1_39' title="bbox 2041 974 3611 1051; baseline -0.006 -18"><span class='ocrx_word' id='word_1_257' title='bbox 2041 979 2149 1044; x_wconf 86' lang='grc' dir='ltr'>θὼς</span> <span class='ocrx_word' id='word_1_258' title='bbox 2181 982 2280 1034; x_wconf 78' lang='grc' dir='ltr'><strong>οὐκ</strong></span> <span class='ocrx_word' id='word_1_259' title='bbox 2300 982 2381 1044; x_wconf 86' lang='grc' dir='ltr'><strong>είς</strong></span> <span class='ocrx_word' id='word_1_260' title='bbox 2410 982 2762 1051; x_wconf 75' lang='grc' dir='ltr'><strong>χειροποίητα</strong></span> <span class='ocrx_word' id='word_1_261' title='bbox 2789 980 2920 1049; x_wconf 80' lang='grc' dir='ltr'>ἅγια</span> <span class='ocrx_word' id='word_1_262' title='bbox 2943 978 3216 1043; x_wconf 83' lang='grc' dir='ltr'>εἰσῆλθεν,</span> <span class='ocrx_word' id='word_1_263' title='bbox 3243 977 3358 1030; x_wconf 76' lang='grc' dir='ltr'>ἀλλ’</span> <span class='ocrx_word' id='word_1_264' title='bbox 3409 978 3488 1038; x_wconf 84' lang='grc' dir='ltr'><strong>είς</strong></span> <span class='ocrx_word' id='word_1_265' title='bbox 3515 974 3611 1026; x_wconf 84' lang='grc' dir='ltr'>αὑ·-</span> 
     </span>
    </p>
   </div>
   <div class='ocr_carea' id='block_1_40' title="bbox 2038 1063 3610 1142">
    <p class='ocr_par' dir='ltr' id='par_1_40' title="bbox 2038 1063 3610 1142">
     <span class='ocr_line' id='line_1_40' title="bbox 2038 1063 3610 1142; baseline -0.006 -17"><span class='ocrx_word' id='word_1_266' title='bbox 2038 1072 2130 1127; x_wconf 84' lang='grc' dir='ltr'><strong>τὸν</strong></span> <span class='ocrx_word' id='word_1_267' title='bbox 2151 1073 2244 1126; x_wconf 78' lang='grc' dir='ltr'><strong>τὸν</strong></span> <span class='ocrx_word' id='word_1_268' title='bbox 2267 1071 2516 1142; x_wconf 71' lang='grc' dir='ltr'>οὒρανὺν,</span> <span class='ocrx_word' id='word_1_269' title='bbox 2546 1072 2642 1124; x_wconf 91' lang='grc' dir='ltr'><strong>νῦν</strong></span> <span class='ocrx_word' id='word_1_270' title='bbox 2671 1070 3069 1142; x_wconf 75' lang='grc' dir='ltr'><strong>ἐμφανισθῆναι</strong></span> <span class='ocrx_word' id='word_1_271' title='bbox 3099 1068 3175 1139; x_wconf 80' lang='grc' dir='ltr'><strong>τῷ</strong></span> <span class='ocrx_word' id='word_1_272' title='bbox 3204 1067 3482 1136; x_wconf 80' lang='grc' dir='ltr'><strong>προσώπῳ</strong></span> <span class='ocrx_word' id='word_1_273' title='bbox 3515 1063 3610 1116; x_wconf 90' lang='grc' dir='ltr'><strong>τοῦ</strong></span> 
     </span>
    </p>
   </div>
   <div class='ocr_carea' id='block_1_41' title="bbox 2039 1155 3610 1234">
    <p class='ocr_par' dir='ltr' id='par_1_41' title="bbox 2039 1155 3610 1234">
     <span class='ocr_line' id='line_1_41' title="bbox 2039 1155 3610 1234; baseline 0.001 -18"><span class='ocrx_word' id='word_1_274' title='bbox 2039 1163 2174 1216; x_wconf 86' lang='grc' dir='ltr'>Θεοῦ</span> <span class='ocrx_word' id='word_1_275' title='bbox 2205 1162 2346 1234; x_wconf 81' lang='grc' dir='ltr'>ὑπὲρ</span> <span class='ocrx_word' id='word_1_276' title='bbox 2379 1163 2556 1234; x_wconf 81' lang='grc' dir='ltr'>ἡμῶν.</span> <span class='ocrx_word' id='word_1_277' title='bbox 2596 1162 2881 1232; x_wconf 81' lang='grc' dir='ltr'>Ἀδύνατον</span> <span class='ocrx_word' id='word_1_278' title='bbox 2911 1158 3004 1216; x_wconf 80' lang='grc' dir='ltr'>οὖν</span> <span class='ocrx_word' id='word_1_279' title='bbox 3043 1161 3171 1223; x_wconf 77' lang='grc' dir='ltr'>τοὺς</span> <span class='ocrx_word' id='word_1_280' title='bbox 3197 1156 3348 1221; x_wconf 72' lang='grc' dir='ltr'>ἅπαξ</span> <span class='ocrx_word' id='word_1_281' title='bbox 3389 1160 3470 1217; x_wconf 81' lang='grc' dir='ltr'>εἰς</span> <span class='ocrx_word' id='word_1_282' title='bbox 3516 1155 3610 1207; x_wconf 76' lang='grc' dir='ltr'>τὸν</span> 
     </span>
    </p>
   </div>
   <div class='ocr_carea' id='block_1_42' title="bbox 2040 1247 3610 1324">
    <p class='ocr_par' dir='ltr' id='par_1_42' title="bbox 2040 1247 3610 1324">
     <span class='ocr_line' id='line_1_42' title="bbox 2040 1247 3610 1324; baseline -0.002 -18"><span class='ocrx_word' id='word_1_283' title='bbox 2040 1255 2268 1309; x_wconf 88' lang='grc' dir='ltr'>θάνατον</span> <span class='ocrx_word' id='word_1_284' title='bbox 2314 1253 2478 1307; x_wconf 81' lang='grc' dir='ltr'>αὐτοῦ</span> <span class='ocrx_word' id='word_1_285' title='bbox 2533 1253 2899 1324; x_wconf 82' lang='grc' dir='ltr'>φωτισθέντας</span> <span class='ocrx_word' id='word_1_286' title='bbox 2954 1254 3026 1305; x_wconf 77' lang='grc' dir='ltr'><strong>’ὲκ</strong></span> <span class='ocrx_word' id='word_1_287' title='bbox 3065 1249 3319 1319; x_wconf 81' lang='grc' dir='ltr'>δευτέρου</span> <span class='ocrx_word' id='word_1_288' title='bbox 3371 1247 3469 1318; x_wconf 69' lang='lat' dir='ltr'><strong>ﬁ”</strong></span> <span class='ocrx_word' id='word_1_289' title='bbox 3515 1247 3610 1298; x_wconf 73' lang='grc' dir='ltr'>καὶ</span> 
     </span>
    </p>
   </div>
   <div class='ocr_carea' id='block_1_43' title="bbox 2040 1335 3609 1413">
    <p class='ocr_par' dir='ltr' id='par_1_43' title="bbox 2040 1335 3609 1413">
     <span class='ocr_line' id='line_1_43' title="bbox 2040 1335 3609 1413; baseline -0.008 -15"><span class='ocrx_word' id='word_1_290' title='bbox 2040 1344 2327 1407; x_wconf 72' lang='grc' dir='ltr'>πλεονάκις</span> <span class='ocrx_word' id='word_1_291' title='bbox 2369 1342 2725 1413; x_wconf 75' lang='grc' dir='ltr'>βαπτίζεσθαι</span> <span class='ocrx_word' id='word_1_292' title='bbox 2774 1343 2868 1395; x_wconf 69' lang='grc' dir='ltr'><strong>καὶ</strong></span> <span class='ocrx_word' id='word_1_293' title='bbox 2899 1339 3275 1408; x_wconf 88' lang='grc' dir='ltr'>ἀνασταυροῦν</span> <span class='ocrx_word' id='word_1_294' title='bbox 3310 1335 3609 1405; x_wconf 80' lang='grc' dir='ltr'>πειρᾶσθαι</span> 
     </span>
    </p>
   </div>
   <div class='ocr_carea' id='block_1_44' title="bbox 2037 1426 3613 1503">
    <p class='ocr_par' dir='ltr' id='par_1_44' title="bbox 2037 1426 3613 1503">
     <span class='ocr_line' id='line_1_44' title="bbox 2037 1426 3613 1503; baseline -0.008 -13"><span class='ocrx_word' id='word_1_295' title='bbox 2037 1438 2129 1492; x_wconf 78' lang='grc' dir='ltr'><strong>τὸν</strong></span> <span class='ocrx_word' id='word_1_296' title='bbox 2159 1437 2284 1490; x_wconf 83' lang='grc' dir='ltr'>Υίὸν</span> <span class='ocrx_word' id='word_1_297' title='bbox 2305 1437 2399 1490; x_wconf 89' lang='grc' dir='ltr'><strong>τοῦ</strong></span> <span class='ocrx_word' id='word_1_298' title='bbox 2421 1435 2576 1488; x_wconf 84' lang='grc' dir='ltr'>Θεοῦ.</span> <span class='ocrx_word' id='word_1_299' title='bbox 2596 1434 2850 1503; x_wconf 89' lang='grc' dir='ltr'>Ἐγκαλεῖ</span> <span class='ocrx_word' id='word_1_300' title='bbox 2878 1432 3008 1500; x_wconf 89' lang='grc' dir='ltr'>γοῦν</span> <span class='ocrx_word' id='word_1_301' title='bbox 3035 1434 3144 1492; x_wconf 85' lang='grc' dir='ltr'>τοῖς</span> <span class='ocrx_word' id='word_1_302' title='bbox 3161 1429 3431 1490; x_wconf 77' lang='grc' dir='ltr'>Ἰουδαίοις</span> <span class='ocrx_word' id='word_1_303' title='bbox 3450 1426 3613 1480; x_wconf 90' lang='grc' dir='ltr'>τοῦτο</span> 
     </span>
    </p>
   </div>
   <div class='ocr_carea' id='block_1_45' title="bbox 2039 1520 3609 1599">
    <p class='ocr_par' dir='ltr' id='par_1_45' title="bbox 2039 1520 3609 1599">
     <span class='ocr_line' id='line_1_45' title="bbox 2039 1520 3609 1599; baseline -0.009 -17"><span class='ocrx_word' id='word_1_304' title='bbox 2039 1529 2278 1599; x_wconf 82' lang='grc' dir='ltr'>τολμῶσι</span> <span class='ocrx_word' id='word_1_305' title='bbox 2315 1528 2410 1581; x_wconf 70' lang='grc' dir='ltr'>καὶ</span> <span class='ocrx_word' id='word_1_306' title='bbox 2441 1527 2532 1580; x_wconf 78' lang='grc' dir='ltr'>ἐπὶ</span> <span class='ocrx_word' id='word_1_307' title='bbox 2563 1528 2632 1581; x_wconf 84' lang='grc' dir='ltr'><strong>τά</strong></span> <span class='ocrx_word' id='word_1_308' title='bbox 2661 1525 2861 1596; x_wconf 84' lang='grc' dir='ltr'>νομικά</span> <span class='ocrx_word' id='word_1_309' title='bbox 2916 1522 3195 1577; x_wconf 82' lang='grc' dir='ltr'>ὲπανιοῦσι</span> <span class='ocrx_word' id='word_1_310' title='bbox 3231 1520 3609 1590; x_wconf 83' lang='grc' dir='ltr'>βαπτίσματα,</span> 
     </span>
    </p>
   </div>
   <div class='ocr_carea' id='block_1_46' title="bbox 2038 1609 3610 1688">
    <p class='ocr_par' dir='ltr' id='par_1_46' title="bbox 2038 1609 3610 1688">
     <span class='ocr_line' id='line_1_46' title="bbox 2038 1609 3610 1688; baseline -0.008 -15"><span class='ocrx_word' id='word_1_311' title='bbox 2038 1619 2074 1673; x_wconf 78' lang='grc' dir='ltr'><strong>ἃ</strong></span> <span class='ocrx_word' id='word_1_312' title='bbox 2104 1621 2164 1672; x_wconf 79' lang='grc' dir='ltr'><strong>οὐ</strong></span> <span class='ocrx_word' id='word_1_313' title='bbox 2190 1619 2410 1672; x_wconf 85' lang='grc' dir='ltr'>δύναται</span> <span class='ocrx_word' id='word_1_314' title='bbox 2427 1617 2605 1688; x_wconf 77' lang='grc' dir='ltr'>ψυχὴν</span> <span class='ocrx_word' id='word_1_315' title='bbox 2631 1616 2945 1686; x_wconf 80' lang='grc' dir='ltr'>καθαρίσαι.</span> <span class='ocrx_word' id='word_1_316' title='bbox 2971 1614 3060 1667; x_wconf 78' lang='grc' dir='ltr'>Διὸ</span> <span class='ocrx_word' id='word_1_317' title='bbox 3083 1613 3174 1665; x_wconf 87' lang='grc' dir='ltr'><strong>καί</strong></span> <span class='ocrx_word' id='word_1_318' title='bbox 3211 1624 3395 1680; x_wconf 79' lang='grc' dir='ltr'>φησιν·</span> <span class='ocrx_word' id='word_1_319' title='bbox 3414 1609 3610 1677; x_wconf 59' lang='grc' dir='ltr'>Ὀφεί-</span> 
     </span>
    </p>
   </div>
   <div class='ocr_carea' id='block_1_47' title="bbox 2037 1700 3614 1776">
    <p class='ocr_par' dir='ltr' id='par_1_47' title="bbox 2037 1700 3614 1776">
     <span class='ocr_line' id='line_1_47' title="bbox 2037 1700 3614 1776; baseline -0.008 -12"><span class='ocrx_word' id='word_1_320' title='bbox 2037 1714 2250 1776; x_wconf 77' lang='grc' dir='ltr'>λοντες</span> <span class='ocrx_word' id='word_1_321' title='bbox 2295 1707 2447 1764; x_wconf 79' lang='grc' dir='ltr'>εἶναι</span> <span class='ocrx_word' id='word_1_322' title='bbox 2483 1708 2841 1763; x_wconf 70' lang='grc' dir='ltr'>διδάσκαλοι</span> <span class='ocrx_word' id='word_1_323' title='bbox 2875 1707 2972 1759; x_wconf 80' lang='grc' dir='ltr'>διὰ</span> <span class='ocrx_word' id='word_1_324' title='bbox 3005 1706 3110 1759; x_wconf 85' lang='grc' dir='ltr'>τὸν</span> <span class='ocrx_word' id='word_1_325' title='bbox 3135 1704 3380 1773; x_wconf 81' lang='grc' dir='ltr'>χρόνον,</span> <span class='ocrx_word' id='word_1_326' title='bbox 3423 1700 3614 1753; x_wconf 69' lang='grc' dir='ltr'>πάλιν</span> 
     </span>
    </p>
   </div>
   <div class='ocr_carea' id='block_1_48' title="bbox 2036 1791 3613 1872">
    <p class='ocr_par' dir='ltr' id='par_1_48' title="bbox 2036 1791 3613 1872">
     <span class='ocr_line' id='line_1_48' title="bbox 2036 1791 3613 1872; baseline -0.008 -15"><span class='ocrx_word' id='word_1_327' title='bbox 2036 1805 2244 1872; x_wconf 80' lang='grc' dir='ltr'><strong>χρείαν</strong></span> <span class='ocrx_word' id='word_1_328' title='bbox 2269 1802 2436 1871; x_wconf 84' lang='grc' dir='ltr'>ἔχετε</span> <span class='ocrx_word' id='word_1_329' title='bbox 2461 1801 2566 1855; x_wconf 84' lang='grc' dir='ltr'><strong>τοῦ</strong></span> <span class='ocrx_word' id='word_1_330' title='bbox 2587 1800 2896 1854; x_wconf 73' lang='grc' dir='ltr'><strong>διδάσκειν</strong></span> <span class='ocrx_word' id='word_1_331' title='bbox 2911 1797 3068 1866; x_wconf 80' lang='grc' dir='ltr'><strong>ὑμᾶς</strong></span> <span class='ocrx_word' id='word_1_332' title='bbox 3089 1796 3223 1849; x_wconf 85' lang='grc' dir='ltr'>τίνα</span> <span class='ocrx_word' id='word_1_333' title='bbox 3241 1797 3314 1848; x_wconf 88' lang='grc' dir='ltr'>τὰ</span> <span class='ocrx_word' id='word_1_334' title='bbox 3340 1791 3613 1859; x_wconf 82' lang='grc' dir='ltr'>στοιχεῖα</span> 
     </span>
    </p>
   </div>
   <div class='ocr_carea' id='block_1_49' title="bbox 2035 1884 3614 1962">
    <p class='ocr_par' dir='ltr' id='par_1_49' title="bbox 2035 1884 3614 1962">
     <span class='ocr_line' id='line_1_49' title="bbox 2035 1884 3614 1962; baseline -0.008 -16"><span class='ocrx_word' id='word_1_335' title='bbox 2035 1893 2145 1960; x_wconf 80' lang='grc' dir='ltr'>τῆς</span> <span class='ocrx_word' id='word_1_336' title='bbox 2169 1892 2356 1962; x_wconf 82' lang='grc' dir='ltr'>ἀρχῆς</span> <span class='ocrx_word' id='word_1_337' title='bbox 2394 1890 2513 1944; x_wconf 85' lang='grc' dir='ltr'><strong>τῶν</strong></span> <span class='ocrx_word' id='word_1_338' title='bbox 2544 1891 2770 1960; x_wconf 69' lang='grc' dir='ltr'>λογίων</span> <span class='ocrx_word' id='word_1_339' title='bbox 2797 1889 2904 1943; x_wconf 88' lang='grc' dir='ltr'><strong>τοῦ</strong></span> <span class='ocrx_word' id='word_1_340' title='bbox 2939 1887 3107 1951; x_wconf 83' lang='grc' dir='ltr'>Θεοῦ,</span> <span class='ocrx_word' id='word_1_341' title='bbox 3137 1887 3230 1939; x_wconf 79' lang='grc' dir='ltr'><strong>καὶ</strong></span> <span class='ocrx_word' id='word_1_342' title='bbox 3260 1884 3407 1952; x_wconf 76' lang='grc' dir='ltr'>ἑξῆς.</span> <span class='ocrx_word' id='word_1_343' title='bbox 3446 1886 3614 1936; x_wconf 84' lang='grc' dir='ltr'>Στοι-</span> 
     </span>
    </p>
   </div>
   <div class='ocr_carea' id='block_1_50' title="bbox 2035 1977 3611 2054">
    <p class='ocr_par' dir='ltr' id='par_1_50' title="bbox 2035 1977 3611 2054">
     <span class='ocr_line' id='line_1_50' title="bbox 2035 1977 3611 2054; baseline -0.008 -15"><span class='ocrx_word' id='word_1_344' title='bbox 2035 1985 2168 2054; x_wconf 80' lang='grc' dir='ltr'>χεῖα</span> <span class='ocrx_word' id='word_1_345' title='bbox 2196 1984 2265 2037; x_wconf 83' lang='grc' dir='ltr'>δὲ</span> <span class='ocrx_word' id='word_1_346' title='bbox 2302 1984 2412 2054; x_wconf 82' lang='grc' dir='ltr'>τῆς</span> <span class='ocrx_word' id='word_1_347' title='bbox 2441 1983 2633 2052; x_wconf 74' lang='grc' dir='ltr'>ἀρχῆς</span> <span class='ocrx_word' id='word_1_348' title='bbox 2679 1981 2797 2036; x_wconf 86' lang='grc' dir='ltr'><strong>τῶν</strong></span> <span class='ocrx_word' id='word_1_349' title='bbox 2838 1983 3059 2050; x_wconf 70' lang='grc' dir='ltr'>λογίων</span> <span class='ocrx_word' id='word_1_350' title='bbox 3088 1979 3193 2033; x_wconf 89' lang='grc' dir='ltr'><strong>τοῦ</strong></span> <span class='ocrx_word' id='word_1_351' title='bbox 3231 1977 3400 2042; x_wconf 83' lang='grc' dir='ltr'>Θεοῦ,</span> <span class='ocrx_word' id='word_1_352' title='bbox 3454 1977 3488 2044; x_wconf 86' lang='grc' dir='ltr'>ή</span> <span class='ocrx_word' id='word_1_353' title='bbox 3529 1977 3611 2036; x_wconf 83' lang='grc' dir='ltr'><strong>είς</strong></span> 
     </span>
    </p>
   </div>
   <div class='ocr_carea' id='block_1_51' title="bbox 2035 2068 3614 2147">
    <p class='ocr_par' dir='ltr' id='par_1_51' title="bbox 2035 2068 3614 2147">
     <span class='ocr_line' id='line_1_51' title="bbox 2035 2068 3614 2147; baseline -0.008 -16"><span class='ocrx_word' id='word_1_354' title='bbox 2035 2078 2196 2132; x_wconf 83' lang='grc' dir='ltr'>αὑτὸν</span> <span class='ocrx_word' id='word_1_355' title='bbox 2226 2078 2545 2147; x_wconf 80' lang='grc' dir='ltr'>ἐπίγνωσις.</span> <span class='ocrx_word' id='word_1_356' title='bbox 2578 2071 2702 2130; x_wconf 80' lang='grc' dir='ltr'>Οἶον</span> <span class='ocrx_word' id='word_1_357' title='bbox 2731 2075 2854 2138; x_wconf 77' lang='grc' dir='ltr'>τοὺς</span> <span class='ocrx_word' id='word_1_358' title='bbox 2886 2074 3207 2146; x_wconf 82' lang='grc' dir='ltr'>προσιόντας</span> <span class='ocrx_word' id='word_1_359' title='bbox 3234 2070 3367 2141; x_wconf 79' lang='grc' dir='ltr'><strong>τῷ¹⁸</strong></span> <span class='ocrx_word' id='word_1_360' title='bbox 3388 2068 3614 2140; x_wconf 79' lang='grc' dir='ltr'>Χριστῷ</span> 
     </span>
    </p>
   </div>
   <div class='ocr_carea' id='block_1_52' title="bbox 2033 2157 3611 2239">
    <p class='ocr_par' dir='ltr' id='par_1_52' title="bbox 2033 2157 3611 2239">
     <span class='ocr_line' id='line_1_52' title="bbox 2033 2157 3611 2239; baseline -0.006 -18"><span class='ocrx_word' id='word_1_361' title='bbox 2033 2167 2115 2221; x_wconf 85' lang='grc' dir='ltr'><strong>δεῖ</strong></span> <span class='ocrx_word' id='word_1_362' title='bbox 2137 2167 2352 2239; x_wconf 87' lang='grc' dir='ltr'>πρῶτον</span> <span class='ocrx_word' id='word_1_363' title='bbox 2397 2167 2702 2235; x_wconf 80' lang='grc' dir='ltr'>ἀποστῆναι</span> <span class='ocrx_word' id='word_1_364' title='bbox 2739 2167 2860 2218; x_wconf 75' lang='grc' dir='ltr'><strong>τῶν</strong></span> <span class='ocrx_word' id='word_1_365' title='bbox 2876 2164 3290 2235; x_wconf 80' lang='grc' dir='ltr'>ἁμαρτημάτων</span> <span class='ocrx_word' id='word_1_366' title='bbox 3337 2157 3418 2224; x_wconf 73' lang='grc' dir='ltr'>οἷς</span> <span class='ocrx_word' id='word_1_367' title='bbox 3465 2161 3611 2212; x_wconf 75' lang='grc' dir='ltr'>ἐνείο</span> 
     </span>
    </p>
   </div>
   <div class='ocr_carea' id='block_1_53' title="bbox 2035 2251 3610 2331">
    <p class='ocr_par' dir='ltr' id='par_1_53' title="bbox 2035 2251 3610 2331">
     <span class='ocr_line' id='line_1_53' title="bbox 2035 2251 3610 2331; baseline -0.008 -17"><span class='ocrx_word' id='word_1_368' title='bbox 2035 2278 2211 2331; x_wconf 90' lang='grc' dir='ltr'>χοντο,</span> <span class='ocrx_word' id='word_1_369' title='bbox 2237 2260 2518 2314; x_wconf 84' lang='grc' dir='ltr'>τουτέστιν</span> <span class='ocrx_word' id='word_1_370' title='bbox 2545 2260 2848 2328; x_wconf 82' lang='grc' dir='ltr'>ἀναχωρεῖν</span> <span class='ocrx_word' id='word_1_371' title='bbox 2873 2257 2986 2309; x_wconf 88' lang='grc' dir='ltr'><strong>τῶν</strong></span> <span class='ocrx_word' id='word_1_372' title='bbox 3013 2254 3226 2324; x_wconf 83' lang='grc' dir='ltr'>νεκρῶν</span> <span class='ocrx_word' id='word_1_373' title='bbox 3255 2252 3455 2322; x_wconf 78' lang='grc' dir='ltr'>ἔργων,</span> <span class='ocrx_word' id='word_1_374' title='bbox 3491 2251 3610 2303; x_wconf 87' lang='grc' dir='ltr'>δεύ-</span> 
     </span>
    </p>
   </div>
   <div class='ocr_carea' id='block_1_54' title="bbox 2032 2342 3610 2423">
    <p class='ocr_par' dir='ltr' id='par_1_54' title="bbox 2032 2342 3610 2423">
     <span class='ocr_line' id='line_1_54' title="bbox 2032 2342 3610 2423; baseline -0.007 -18"><span class='ocrx_word' id='word_1_375' title='bbox 2032 2367 2188 2422; x_wconf 88' lang='grc' dir='ltr'>τερον</span> <span class='ocrx_word' id='word_1_376' title='bbox 2236 2351 2336 2423; x_wconf 84' lang='grc' dir='ltr'>τὴν</span> <span class='ocrx_word' id='word_1_377' title='bbox 2383 2351 2761 2421; x_wconf 81' lang='grc' dir='ltr'>ἀπολύτρωσιν</span> <span class='ocrx_word' id='word_1_378' title='bbox 2809 2347 2919 2401; x_wconf 89' lang='grc' dir='ltr'><strong>τῶν</strong></span> <span class='ocrx_word' id='word_1_379' title='bbox 2962 2347 3242 2417; x_wconf 79' lang='grc' dir='ltr'>προτέρων</span> <span class='ocrx_word' id='word_1_380' title='bbox 3275 2342 3610 2414; x_wconf 69' lang='grc' dir='ltr'>ἁμαρτημά-</span> 
     </span>
    </p>
   </div>
   <div class='ocr_carea' id='block_1_55' title="bbox 2031 2438 3611 2514">
    <p class='ocr_par' dir='ltr' id='par_1_55' title="bbox 2031 2438 3611 2514">
     <span class='ocr_line' id='line_1_55' title="bbox 2031 2438 3611 2514; baseline -0.007 -16"><span class='ocrx_word' id='word_1_381' title='bbox 2031 2462 2140 2498; x_wconf 86' lang='grc' dir='ltr'><strong>των</strong></span> <span class='ocrx_word' id='word_1_382' title='bbox 2165 2443 2255 2497; x_wconf 88' lang='grc' dir='ltr'><strong>διά</strong></span> <span class='ocrx_word' id='word_1_383' title='bbox 2281 2443 2374 2498; x_wconf 80' lang='grc' dir='ltr'><strong>τοῦ</strong></span> <span class='ocrx_word' id='word_1_384' title='bbox 2409 2444 2787 2514; x_wconf 85' lang='grc' dir='ltr'>βαπτίσματος</span> <span class='ocrx_word' id='word_1_385' title='bbox 2817 2440 3112 2507; x_wconf 73' lang='grc' dir='ltr'>δέξασθαι,</span> <span class='ocrx_word' id='word_1_386' title='bbox 3156 2439 3249 2492; x_wconf 69' lang='grc' dir='ltr'>καὶ</span> <span class='ocrx_word' id='word_1_387' title='bbox 3277 2438 3611 2505; x_wconf 75' lang='grc' dir='ltr'>δεξαμένους</span> 
     </span>
    </p>
   </div>
   <div class='ocr_carea' id='block_1_56' title="bbox 2033 2532 3608 2606">
    <p class='ocr_par' dir='ltr' id='par_1_56' title="bbox 2033 2532 3608 2606">
     <span class='ocr_line' id='line_1_56' title="bbox 2033 2532 3608 2606; baseline -0.006 -17"><span class='ocrx_word' id='word_1_388' title='bbox 2033 2539 2091 2592; x_wconf 79' lang='grc' dir='ltr'>ἐν</span> <span class='ocrx_word' id='word_1_389' title='bbox 2123 2536 2301 2590; x_wconf 86' lang='grc' dir='ltr'>πίστει</span> <span class='ocrx_word' id='word_1_390' title='bbox 2329 2537 2488 2590; x_wconf 85' lang='grc' dir='ltr'>τοῦτο</span> <span class='ocrx_word' id='word_1_391' title='bbox 2515 2535 2839 2606; x_wconf 83' lang='grc' dir='ltr'>βαπτισμῶν</span> <span class='ocrx_word' id='word_1_392' title='bbox 2865 2536 3126 2604; x_wconf 80' lang='grc' dir='ltr'>διαφορᾶς</span> <span class='ocrx_word' id='word_1_393' title='bbox 3148 2534 3194 2564; x_wconf 84' lang='grc'><strong>²⁷</strong></span> <span class='ocrx_word' id='word_1_394' title='bbox 3217 2532 3438 2600; x_wconf 78' lang='grc' dir='ltr'>διδαχὴν</span> <span class='ocrx_word' id='word_1_395' title='bbox 3473 2547 3608 2598; x_wconf 87' lang='grc' dir='ltr'>μαν-</span> 
     </span>
    </p>
   </div>
   <div class='ocr_carea' id='block_1_57' title="bbox 2034 2618 3611 2698">
    <p class='ocr_par' dir='ltr' id='par_1_57' title="bbox 2034 2618 3611 2698">
     <span class='ocr_line' id='line_1_57' title="bbox 2034 2618 3611 2698; baseline -0.006 -16"><span class='ocrx_word' id='word_1_396' title='bbox 2034 2629 2236 2693; x_wconf 72' lang='grc' dir='ltr'>θάνειν,</span> <span class='ocrx_word' id='word_1_397' title='bbox 2279 2629 2438 2681; x_wconf 82' lang='grc' dir='ltr'>τοῦτο</span> <span class='ocrx_word' id='word_1_398' title='bbox 2492 2628 2593 2698; x_wconf 87' lang='grc' dir='ltr'><strong>μὲν</strong></span> <span class='ocrx_word' id='word_1_399' title='bbox 2641 2628 2761 2680; x_wconf 85' lang='grc' dir='ltr'>τίνα</span> <span class='ocrx_word' id='word_1_400' title='bbox 2799 2618 2867 2696; x_wconf 79' lang='grc' dir='ltr'>ἦν</span> <span class='ocrx_word' id='word_1_401' title='bbox 2897 2626 2970 2679; x_wconf 77' lang='grc' dir='ltr'>τὰ</span> <span class='ocrx_word' id='word_1_402' title='bbox 3009 2624 3297 2688; x_wconf 74' lang='grc' dir='ltr'>Ἰουδαϊκὰ,</span> <span class='ocrx_word' id='word_1_403' title='bbox 3349 2623 3400 2675; x_wconf 87' lang='grc' dir='ltr'><strong>τί</strong></span> <span class='ocrx_word' id='word_1_404' title='bbox 3452 2621 3510 2674; x_wconf 84' lang='grc' dir='ltr'>δὲ</span> <span class='ocrx_word' id='word_1_405' title='bbox 3548 2622 3611 2674; x_wconf 75' lang='grc' dir='ltr'>τὸ</span> 
     </span>
    </p>
   </div>
   <div class='ocr_carea' id='block_1_58' title="bbox 2035 2713 3608 2791">
    <p class='ocr_par' dir='ltr' id='par_1_58' title="bbox 2035 2713 3608 2791">
     <span class='ocr_line' id='line_1_58' title="bbox 2035 2713 3608 2791; baseline -0.006 -17"><span class='ocrx_word' id='word_1_406' title='bbox 2035 2720 2322 2790; x_wconf 82' lang='grc' dir='ltr'>σωτήριον,</span> <span class='ocrx_word' id='word_1_407' title='bbox 2356 2715 2476 2773; x_wconf 83' lang='grc' dir='ltr'>εἶτα</span> <span class='ocrx_word' id='word_1_408' title='bbox 2502 2720 2642 2773; x_wconf 83' lang='grc' dir='ltr'><strong>κατά</strong></span> <span class='ocrx_word' id='word_1_409' title='bbox 2675 2719 2959 2791; x_wconf 73' lang='grc' dir='ltr'>προκοπὴν</span> <span class='ocrx_word' id='word_1_410' title='bbox 2992 2718 3169 2779; x_wconf 76' lang='grc' dir='ltr'>ἰόντας</span> <span class='ocrx_word' id='word_1_411' title='bbox 3197 2714 3479 2780; x_wconf 79' lang='grc' dir='ltr'>ἀξιοῦσθαι</span> <span class='ocrx_word' id='word_1_412' title='bbox 3505 2713 3608 2783; x_wconf 85' lang='grc' dir='ltr'>τῆς</span> 
     </span>
    </p>
   </div>
   <div class='ocr_carea' id='block_1_59' title="bbox 2030 2805 3610 2880">
    <p class='ocr_par' dir='ltr' id='par_1_59' title="bbox 2030 2805 3610 2880">
     <span class='ocr_line' id='line_1_59' title="bbox 2030 2805 3610 2880; baseline -0.004 -17"><span class='ocrx_word' id='word_1_413' title='bbox 2030 2809 2126 2863; x_wconf 92' lang='grc' dir='ltr'><strong>τοῦ</strong></span> <span class='ocrx_word' id='word_1_414' title='bbox 2147 2810 2415 2878; x_wconf 86' lang='grc' dir='ltr'>παναγίου</span> <span class='ocrx_word' id='word_1_415' title='bbox 2440 2810 2758 2880; x_wconf 81' lang='grc' dir='ltr'>Πνεύματος</span> <span class='ocrx_word' id='word_1_416' title='bbox 2788 2811 3212 2880; x_wconf 76' lang='grc' dir='ltr'>ἐπιφοιτήσεως,</span> <span class='ocrx_word' id='word_1_417' title='bbox 3242 2807 3363 2876; x_wconf 85' lang='grc' dir='ltr'>ἥτις</span> <span class='ocrx_word' id='word_1_418' title='bbox 3387 2805 3478 2858; x_wconf 73' lang='grc' dir='ltr'><strong>διὰ</strong></span> <span class='ocrx_word' id='word_1_419' title='bbox 3505 2809 3610 2876; x_wconf 75' lang='grc' dir='ltr'>τῆς</span> 
     </span>
    </p>
   </div>
   <div class='ocr_carea' id='block_1_60' title="bbox 2032 2898 3610 2973">
    <p class='ocr_par' dir='ltr' id='par_1_60' title="bbox 2032 2898 3610 2973">
     <span class='ocr_line' id='line_1_60' title="bbox 2032 2898 3610 2973; baseline -0.003 -19"><span class='ocrx_word' id='word_1_420' title='bbox 2032 2903 2326 2966; x_wconf 75' lang='grc' dir='ltr'>ἐπιθέσεως</span> <span class='ocrx_word' id='word_1_421' title='bbox 2345 2903 2453 2956; x_wconf 87' lang='grc' dir='ltr'><strong>τῶν</strong></span> <span class='ocrx_word' id='word_1_422' title='bbox 2482 2902 2683 2973; x_wconf 87' lang='grc' dir='ltr'>χειρῶν</span> <span class='ocrx_word' id='word_1_423' title='bbox 2717 2902 2826 2956; x_wconf 91' lang='grc' dir='ltr'><strong>τῶν</strong></span> <span class='ocrx_word' id='word_1_424' title='bbox 2851 2902 3165 2956; x_wconf 78' lang='grc' dir='ltr'>ἀποστόλων</span> <span class='ocrx_word' id='word_1_425' title='bbox 3197 2901 3404 2969; x_wconf 76' lang='grc' dir='ltr'>ἐγίνετο</span> <span class='ocrx_word' id='word_1_426' title='bbox 3421 2899 3489 2961; x_wconf 73' lang='grc'><strong>’⁸,</strong></span> <span class='ocrx_word' id='word_1_427' title='bbox 3529 2898 3610 2950; x_wconf 82' lang='grc' dir='ltr'>δι-</span> 
     </span>
    </p>
   </div>
   <div class='ocr_carea' id='block_1_61' title="bbox 2031 2988 3610 3063">
    <p class='ocr_par' dir='ltr' id='par_1_61' title="bbox 2031 2988 3610 3063">
     <span class='ocr_line' id='line_1_61' title="bbox 2031 2988 3610 3063; baseline -0.004 -16"><span class='ocrx_word' id='word_1_428' title='bbox 2031 2992 2323 3047; x_wconf 78' lang='grc' dir='ltr'>δάσκεσθαι</span> <span class='ocrx_word' id='word_1_429' title='bbox 2378 3011 2439 3046; x_wconf 86' lang='grc' dir='ltr'><strong>τε</strong></span> <span class='ocrx_word' id='word_1_430' title='bbox 2481 2992 2579 3063; x_wconf 86' lang='grc' dir='ltr'><strong>τὴν</strong></span> <span class='ocrx_word' id='word_1_431' title='bbox 2621 2994 2732 3046; x_wconf 90' lang='grc' dir='ltr'><strong>τῶν</strong></span> <span class='ocrx_word' id='word_1_432' title='bbox 2802 2993 3012 3063; x_wconf 84' lang='grc' dir='ltr'>νεκρῶν</span> <span class='ocrx_word' id='word_1_433' title='bbox 3061 2993 3358 3046; x_wconf 84' lang='grc' dir='ltr'>ἀνάστασιν</span> <span class='ocrx_word' id='word_1_434' title='bbox 3405 2990 3500 3042; x_wconf 74' lang='grc' dir='ltr'><strong>καὶ</strong></span> <span class='ocrx_word' id='word_1_435' title='bbox 3546 2988 3610 3042; x_wconf 79' lang='grc' dir='ltr'>τὸ</span> 
     </span>
    </p>
   </div>
   <div class='ocr_carea' id='block_1_62' title="bbox 363 3078 1931 3162">
    <p class='ocr_par' dir='ltr' id='par_1_62' title="bbox 363 3078 1931 3153">
     <span class='ocr_line' id='line_1_62' title="bbox 363 3078 1931 3153; baseline -0.002 -17"><span class='ocrx_word' id='word_1_436' title='bbox 363 3083 432 3135; x_wconf 86' lang='lat' dir='ltr'><strong>ad</strong></span> <span class='ocrx_word' id='word_1_437' title='bbox 461 3083 832 3153; x_wconf 78' lang='lat' dir='ltr'><strong>perfectionem</strong></span> <span class='ocrx_word' id='word_1_438' title='bbox 853 3081 1092 3151; x_wconf 78' lang='lat' dir='ltr'><strong>feramur</strong></span> <span class='ocrx_word' id='word_1_439' title='bbox 1115 3087 1164 3134; x_wconf 69' lang='grc' dir='ltr'>ν.</span> <span class='ocrx_word' id='word_1_440' title='bbox 1208 3078 1326 3135; x_wconf 82' lang='grc' dir='ltr'>Νοιι</span> <span class='ocrx_word' id='word_1_441' title='bbox 1362 3089 1577 3150; x_wconf 88' lang='lat' dir='ltr'><strong>oportet</strong></span> <span class='ocrx_word' id='word_1_442' title='bbox 1607 3078 1804 3134; x_wconf 86' lang='lat' dir='ltr'><strong>iterum</strong></span> <span class='ocrx_word' id='word_1_443' title='bbox 1834 3093 1931 3133; x_wconf 88' lang='lat' dir='ltr'><strong>vos</strong></span> 
     </span>
    </p>
   </div>
   <div class='ocr_carea' id='block_1_63' title="bbox 2032 3078 3606 3162">
    <p class='ocr_par' dir='ltr' id='par_1_63' title="bbox 2038 3083 3606 3156">
     <span class='ocr_line' id='line_1_63' title="bbox 2038 3083 3606 3156; baseline -0.002 -18"><span class='ocrx_word' id='word_1_444' title='bbox 2038 3085 2229 3155; x_wconf 80' lang='grc' dir='ltr'>μέλλον</span> <span class='ocrx_word' id='word_1_445' title='bbox 2254 3085 2561 3156; x_wconf 86' lang='grc' dir='ltr'>κριτήριον.</span> <span class='ocrx_word' id='word_1_446' title='bbox 2595 3085 2744 3154; x_wconf 79' lang='grc' dir='ltr'>Αῦτη</span> <span class='ocrx_word' id='word_1_447' title='bbox 2778 3085 2957 3139; x_wconf 86' lang='grc' dir='ltr'>τοίνυν</span> <span class='ocrx_word' id='word_1_448' title='bbox 2981 3087 3014 3153; x_wconf 85' lang='grc' dir='ltr'>ἡ</span> <span class='ocrx_word' id='word_1_449' title='bbox 3042 3083 3360 3138; x_wconf 86' lang='grc' dir='ltr'>διδασκαλία</span> <span class='ocrx_word' id='word_1_450' title='bbox 3381 3084 3606 3154; x_wconf 73' lang='grc' dir='ltr'>ἀπαρχὴ</span> 
     </span>
    </p>
   </div>
   <div class='ocr_carea' id='block_1_64' title="bbox 364 3169 1934 3237">
    <p class='ocr_par' dir='ltr' id='par_1_64' title="bbox 364 3169 1934 3237">
     <span class='ocr_line' id='line_1_64' title="bbox 364 3169 1934 3237; baseline -0.004 -7"><span class='ocrx_word' id='word_1_451' title='bbox 364 3174 627 3230; x_wconf 87' lang='lat' dir='ltr'><strong>reducere</strong></span> <span class='ocrx_word' id='word_1_452' title='bbox 659 3175 724 3228; x_wconf 91' lang='lat' dir='ltr'><strong>ad</strong></span> <span class='ocrx_word' id='word_1_453' title='bbox 747 3174 1010 3228; x_wconf 73' lang='lat' dir='ltr'><strong>elementa</strong></span> <span class='ocrx_word' id='word_1_454' title='bbox 1045 3171 1209 3237; x_wconf 89' lang='lat' dir='ltr'><strong>initii,</strong></span> <span class='ocrx_word' id='word_1_455' title='bbox 1240 3186 1308 3226; x_wconf 90' lang='lat' dir='ltr'><strong>ne</strong></span> <span class='ocrx_word' id='word_1_456' title='bbox 1336 3171 1614 3226; x_wconf 88' lang='lat' dir='ltr'><strong>videamur</strong></span> <span class='ocrx_word' id='word_1_457' title='bbox 1633 3170 1780 3225; x_wconf 88' lang='lat' dir='ltr'><strong>aliud</strong></span> <span class='ocrx_word' id='word_1_458' title='bbox 1810 3169 1934 3224; x_wconf 89' lang='lat' dir='ltr'><strong>fun-</strong></span> 
     </span>
    </p>
   </div>
   <div class='ocr_carea' id='block_1_65' title="bbox 361 3262 1936 3335">
    <p class='ocr_par' dir='ltr' id='par_1_65' title="bbox 361 3262 1936 3335">
     <span class='ocr_line' id='line_1_65' title="bbox 361 3262 1936 3335; baseline -0.004 -14"><span class='ocrx_word' id='word_1_459' title='bbox 361 3266 674 3321; x_wconf 85' lang='lat' dir='ltr'><strong>damentum</strong></span> <span class='ocrx_word' id='word_1_460' title='bbox 701 3265 904 3335; x_wconf 87' lang='lat' dir='ltr'><strong>jacere.</strong></span> <span class='ocrx_word' id='word_1_461' title='bbox 935 3266 1027 3319; x_wconf 83' lang='lat' dir='ltr'><strong>Ait</strong></span> <span class='ocrx_word' id='word_1_462' title='bbox 1049 3265 1236 3319; x_wconf 88' lang='lat' dir='ltr'><strong>enim:</strong></span> <span class='ocrx_word' id='word_1_463' title='bbox 1273 3262 1397 3317; x_wconf 83' lang='lat' dir='ltr'><strong>Non</strong></span> <span class='ocrx_word' id='word_1_464' title='bbox 1438 3278 1653 3317; x_wconf 80' lang='lat' dir='ltr'><strong>rursum</strong></span> <span class='ocrx_word' id='word_1_465' title='bbox 1679 3263 1936 3331; x_wconf 82' lang='lat' dir='ltr'><strong>jacientes</strong></span> 
     </span>
    </p>
   </div>
   <div class='ocr_carea' id='block_1_66' title="bbox 361 3355 1935 3428">
    <p class='ocr_par' dir='ltr' id='par_1_66' title="bbox 361 3355 1935 3428">
     <span class='ocr_line' id='line_1_66' title="bbox 361 3355 1935 3428; baseline -0.002 -18"><span class='ocrx_word' id='word_1_466' title='bbox 361 3359 763 3427; x_wconf 80' lang='lat' dir='ltr'><strong>fundamentum</strong></span> <span class='ocrx_word' id='word_1_467' title='bbox 780 3357 1098 3428; x_wconf 68' lang='lat' dir='ltr'><strong>paenitentia:</strong></span> <span class='ocrx_word' id='word_1_468' title='bbox 1114 3356 1178 3409; x_wconf 87' lang='lat' dir='ltr'><strong>ab</strong></span> <span class='ocrx_word' id='word_1_469' title='bbox 1204 3358 1446 3425; x_wconf 82' lang='lat' dir='ltr'><strong>operibus</strong></span> <span class='ocrx_word' id='word_1_470' title='bbox 1469 3355 1713 3420; x_wconf 84' lang='lat' dir='ltr'><strong>mortuis,</strong></span> <span class='ocrx_word' id='word_1_471' title='bbox 1741 3364 1789 3408; x_wconf 89' lang='lat' dir='ltr'><strong>et</strong></span> <span class='ocrx_word' id='word_1_472' title='bbox 1809 3355 1935 3424; x_wconf 79' lang='lat' dir='ltr'><strong>ﬁdei</strong></span> 
     </span>
    </p>
   </div>
   <div class='ocr_carea' id='block_1_67' title="bbox 360 3444 1935 3517">
    <p class='ocr_par' dir='ltr' id='par_1_67' title="bbox 360 3444 1935 3517">
     <span class='ocr_line' id='line_1_67' title="bbox 360 3444 1935 3517; baseline -0.004 -14"><span class='ocrx_word' id='word_1_473' title='bbox 360 3450 430 3503; x_wconf 86' lang='lat' dir='ltr'><strong>ad</strong></span> <span class='ocrx_word' id='word_1_474' title='bbox 471 3449 664 3514; x_wconf 86' lang='lat' dir='ltr'><strong>Deum,</strong></span> <span class='ocrx_word' id='word_1_475' title='bbox 697 3448 1076 3517; x_wconf 85' lang='lat' dir='ltr'><strong>baptismatum</strong></span> <span class='ocrx_word' id='word_1_476' title='bbox 1097 3446 1380 3510; x_wconf 66' lang='lat' dir='ltr'><strong>doctrinae,</strong></span> <span class='ocrx_word' id='word_1_477' title='bbox 1429 3444 1784 3513; x_wconf 85' lang='lat' dir='ltr'><strong>impositionis</strong></span> <span class='ocrx_word' id='word_1_478' title='bbox 1810 3459 1935 3513; x_wconf 90' lang='lat' dir='ltr'><strong>quo-</strong></span> 
     </span>
    </p>
   </div>
   <div class='ocr_carea' id='block_1_68' title="bbox 359 3534 1934 3611">
    <p class='ocr_par' dir='ltr' id='par_1_68' title="bbox 359 3534 1934 3611">
     <span class='ocr_line' id='line_1_68' title="bbox 359 3534 1934 3611; baseline -0.005 -16"><span class='ocrx_word' id='word_1_479' title='bbox 359 3557 456 3611; x_wconf 87' lang='lat' dir='ltr'><strong>que</strong></span> <span class='ocrx_word' id='word_1_480' title='bbox 493 3556 784 3604; x_wconf 89' lang='lat' dir='ltr'><strong>manuum,</strong></span> <span class='ocrx_word' id='word_1_481' title='bbox 831 3538 1231 3592; x_wconf 83' lang='lat' dir='ltr'><strong>resurrectionis</strong></span> <span class='ocrx_word' id='word_1_482' title='bbox 1267 3547 1596 3590; x_wconf 88' lang='lat' dir='ltr'><strong>mortuorum</strong></span> <span class='ocrx_word' id='word_1_483' title='bbox 1635 3545 1685 3589; x_wconf 88' lang='lat' dir='ltr'><strong>et</strong></span> <span class='ocrx_word' id='word_1_484' title='bbox 1735 3534 1934 3604; x_wconf 80' lang='lat' dir='ltr'><strong>judicii</strong></span> 
     </span>
    </p>
   </div>
   <div class='ocr_carea' id='block_1_69' title="bbox 359 3626 1933 3700">
    <p class='ocr_par' dir='ltr' id='par_1_69' title="bbox 359 3626 1933 3700">
     <span class='ocr_line' id='line_1_69' title="bbox 359 3626 1933 3700; baseline -0.005 -14"><span class='ocrx_word' id='word_1_485' title='bbox 359 3633 542 3686; x_wconf 80' lang='lat' dir='ltr'><strong>wtemi</strong></span> <span class='ocrx_word' id='word_1_486' title='bbox 568 3640 614 3683; x_wconf 76' lang='grc' dir='ltr'>ι.</span> <span class='ocrx_word' id='word_1_487' title='bbox 649 3629 764 3684; x_wconf 88' lang='lat' dir='ltr'><strong>Hoc</strong></span> <span class='ocrx_word' id='word_1_488' title='bbox 789 3630 955 3700; x_wconf 85' lang='lat' dir='ltr'><strong>igitur</strong></span> <span class='ocrx_word' id='word_1_489' title='bbox 987 3628 1262 3698; x_wconf 76' lang='lat' dir='ltr'><strong>significat</strong></span> <span class='ocrx_word' id='word_1_490' title='bbox 1287 3627 1417 3681; x_wconf 91' lang='lat' dir='ltr'><strong>illud</strong></span> <span class='ocrx_word' id='word_1_491' title='bbox 1445 3645 1458 3680; x_wconf 92' lang='lat'>:</span> <span class='ocrx_word' id='word_1_492' title='bbox 1484 3626 1817 3695; x_wconf 84' lang='lat' dir='ltr'><strong>Quapropter</strong></span> <span class='ocrx_word' id='word_1_493' title='bbox 1848 3627 1933 3678; x_wconf 88' lang='lat' dir='ltr'><strong>in-</strong></span> 
     </span>
    </p>
   </div>
   <div class='ocr_carea' id='block_1_70' title="bbox 361 3719 1932 3786">
    <p class='ocr_par' dir='ltr' id='par_1_70' title="bbox 361 3719 1932 3786">
     <span class='ocr_line' id='line_1_70' title="bbox 361 3719 1932 3786; baseline -0.003 -8"><span class='ocrx_word' id='word_1_494' title='bbox 361 3726 701 3780; x_wconf 83' lang='lat' dir='ltr'><strong>termittentes</strong></span> <span class='ocrx_word' id='word_1_495' title='bbox 726 3723 1077 3776; x_wconf 80' lang='lat' dir='ltr'><strong>inchoationis</strong></span> <span class='ocrx_word' id='word_1_496' title='bbox 1118 3719 1317 3775; x_wconf 80' lang='lat' dir='ltr'><strong>Christi</strong></span> <span class='ocrx_word' id='word_1_497' title='bbox 1347 3735 1664 3786; x_wconf 87' lang='lat' dir='ltr'><strong>sermonem,</strong></span> <span class='ocrx_word' id='word_1_498' title='bbox 1707 3731 1836 3784; x_wconf 89' lang='lat' dir='ltr'><strong>etc.,</strong></span> <span class='ocrx_word' id='word_1_499' title='bbox 1877 3728 1932 3774; x_wconf 84' lang='lat' dir='ltr'><strong>et</strong></span> 
     </span>
    </p>
   </div>
   <div class='ocr_carea' id='block_1_71' title="bbox 360 3809 1927 3882">
    <p class='ocr_par' dir='ltr' id='par_1_71' title="bbox 360 3809 1927 3882">
     <span class='ocr_line' id='line_1_71' title="bbox 360 3809 1927 3882; baseline -0.004 -12"><span class='ocrx_word' id='word_1_500' title='bbox 360 3817 490 3870; x_wconf 84' lang='lat' dir='ltr'><strong>illud</strong></span> <span class='ocrx_word' id='word_1_501' title='bbox 529 3833 546 3871; x_wconf 89' lang='lat'><strong>:</strong></span> <span class='ocrx_word' id='word_1_502' title='bbox 579 3813 649 3867; x_wconf 85' lang='lat' dir='ltr'><strong>Et</strong></span> <span class='ocrx_word' id='word_1_503' title='bbox 684 3817 780 3868; x_wconf 81' lang='lat' dir='ltr'><strong>hoc</strong></span> <span class='ocrx_word' id='word_1_504' title='bbox 815 3814 1096 3882; x_wconf 81' lang='lat' dir='ltr'><strong>faciemus,</strong></span> <span class='ocrx_word' id='word_1_505' title='bbox 1125 3812 1171 3865; x_wconf 84' lang='lat' dir='ltr'><strong>si</strong></span> <span class='ocrx_word' id='word_1_506' title='bbox 1197 3811 1407 3881; x_wconf 88' lang='lat' dir='ltr'><strong>quidem</strong></span> <span class='ocrx_word' id='word_1_507' title='bbox 1443 3810 1740 3877; x_wconf 84' lang='lat' dir='ltr'><strong>permiserit</strong></span> <span class='ocrx_word' id='word_1_508' title='bbox 1768 3809 1927 3864; x_wconf 84' lang='lat' dir='ltr'><strong>Dens.</strong></span> 
     </span>
    </p>
   </div>
   <div class='ocr_carea' id='block_1_72' title="bbox 359 3899 1929 3977">
    <p class='ocr_par' dir='ltr' id='par_1_72' title="bbox 359 3899 1929 3977">
     <span class='ocr_line' id='line_1_72' title="bbox 359 3899 1929 3977; baseline -0.004 -16"><span class='ocrx_word' id='word_1_509' title='bbox 359 3907 618 3977; x_wconf 83' lang='lat' dir='ltr'><strong>Ejusdem</strong></span> <span class='ocrx_word' id='word_1_510' title='bbox 645 3919 840 3960; x_wconf 89' lang='lat' dir='ltr'><strong>sensus</strong></span> <span class='ocrx_word' id='word_1_511' title='bbox 869 3916 994 3969; x_wconf 84' lang='lat' dir='ltr'><strong>est,</strong></span> <span class='ocrx_word' id='word_1_512' title='bbox 1036 3911 1162 3972; x_wconf 66' lang='lat' dir='ltr'><strong>{non</strong></span> <span class='ocrx_word' id='word_1_513' title='bbox 1207 3901 1443 3968; x_wconf 89' lang='lat' dir='ltr'><strong>amplius</strong></span> <span class='ocrx_word' id='word_1_514' title='bbox 1489 3899 1853 3969; x_wconf 86' lang='lat' dir='ltr'><strong>incipiendum</strong></span> <span class='ocrx_word' id='word_1_515' title='bbox 1896 3915 1929 3955; x_wconf 90' lang='lat' dir='ltr'><strong>a</strong></span> 
     </span>
    </p>
   </div>
   <div class='ocr_carea' id='block_1_73' title="bbox 355 3993 1924 4064">
    <p class='ocr_par' dir='ltr' id='par_1_73' title="bbox 355 3993 1924 4064">
     <span class='ocr_line' id='line_1_73' title="bbox 355 3993 1924 4064; baseline -0.004 -11"><span class='ocrx_word' id='word_1_516' title='bbox 355 3999 605 4054; x_wconf 90' lang='lat' dir='ltr'><strong>doctrina</strong></span> <span class='ocrx_word' id='word_1_517' title='bbox 637 3996 948 4052; x_wconf 89' lang='lat' dir='ltr'><strong>elementali</strong></span> <span class='ocrx_word' id='word_1_518' title='bbox 989 3995 1146 4050; x_wconf 82' lang='lat' dir='ltr'><strong>vobis</strong></span> <span class='ocrx_word' id='word_1_519' title='bbox 1173 4033 1188 4059; x_wconf 96' lang='lat'><strong>,</strong></span> <span class='ocrx_word' id='word_1_520' title='bbox 1242 4009 1407 4064; x_wconf 90' lang='lat' dir='ltr'><strong>quam</strong></span> <span class='ocrx_word' id='word_1_521' title='bbox 1454 3993 1609 4048; x_wconf 86' lang='lat' dir='ltr'><strong>initio</strong></span> <span class='ocrx_word' id='word_1_522' title='bbox 1671 3993 1924 4062; x_wconf 88' lang='lat' dir='ltr'><strong>baptizati</strong></span> 
     </span>
    </p>
   </div>
   <div class='ocr_carea' id='block_1_74' title="bbox 356 4085 1924 4158">
    <p class='ocr_par' dir='ltr' id='par_1_74' title="bbox 356 4085 1924 4158">
     <span class='ocr_line' id='line_1_74' title="bbox 356 4085 1924 4158; baseline -0.005 -12"><span class='ocrx_word' id='word_1_523' title='bbox 356 4091 690 4154; x_wconf 86' lang='lat' dir='ltr'><strong>didicerunt,</strong></span> <span class='ocrx_word' id='word_1_524' title='bbox 711 4090 808 4145; x_wconf 87' lang='lat' dir='ltr'><strong>sed</strong></span> <span class='ocrx_word' id='word_1_525' title='bbox 827 4089 894 4144; x_wconf 90' lang='lat' dir='ltr'><strong>ad</strong></span> <span class='ocrx_word' id='word_1_526' title='bbox 924 4086 1312 4158; x_wconf 83' lang='lat' dir='ltr'><strong>perfectionem</strong></span> <span class='ocrx_word' id='word_1_527' title='bbox 1339 4085 1603 4141; x_wconf 82' lang='lat' dir='ltr'><strong>feramur.</strong></span> <span class='ocrx_word' id='word_1_528' title='bbox 1633 4085 1746 4140; x_wconf 84' lang='lat' dir='ltr'><strong>Etsi</strong></span> <span class='ocrx_word' id='word_1_529' title='bbox 1779 4086 1924 4140; x_wconf 92' lang='lat' dir='ltr'><strong>enim</strong></span> 
     </span>
    </p>
   </div>
   <div class='ocr_carea' id='block_1_75' title="bbox 356 4179 1924 4255">
    <p class='ocr_par' dir='ltr' id='par_1_75' title="bbox 356 4179 1924 4255">
     <span class='ocr_line' id='line_1_75' title="bbox 356 4179 1924 4255; baseline -0.004 -16"><span class='ocrx_word' id='word_1_530' title='bbox 356 4185 493 4255; x_wconf 90' lang='lat' dir='ltr'><strong>lapsi</strong></span> <span class='ocrx_word' id='word_1_531' title='bbox 532 4184 686 4250; x_wconf 86' lang='lat' dir='ltr'><strong>estis,</strong></span> <span class='ocrx_word' id='word_1_532' title='bbox 712 4199 822 4238; x_wconf 91' lang='lat' dir='ltr'><strong>non</strong></span> <span class='ocrx_word' id='word_1_533' title='bbox 860 4182 1092 4252; x_wconf 87' lang='lat' dir='ltr'><strong>potestis</strong></span> <span class='ocrx_word' id='word_1_534' title='bbox 1121 4179 1540 4235; x_wconf 77' lang='lat' dir='ltr'><strong>fundamentum</strong></span> <span class='ocrx_word' id='word_1_535' title='bbox 1572 4179 1694 4234; x_wconf 85' lang='lat' dir='ltr'><strong>ﬁdei</strong></span> <span class='ocrx_word' id='word_1_536' title='bbox 1727 4179 1924 4234; x_wconf 91' lang='lat' dir='ltr'><strong>iterum</strong></span> 
     </span>
    </p>
   </div>
   <div class='ocr_carea' id='block_1_76' title="bbox 356 4272 1930 4345">
    <p class='ocr_par' dir='ltr' id='par_1_76' title="bbox 356 4272 1930 4345">
     <span class='ocr_line' id='line_1_76' title="bbox 356 4272 1930 4345; baseline -0.003 -14"><span class='ocrx_word' id='word_1_537' title='bbox 356 4277 620 4345; x_wconf 89' lang='lat' dir='ltr'><strong>recipere,</strong></span> <span class='ocrx_word' id='word_1_538' title='bbox 659 4290 759 4330; x_wconf 91' lang='lat' dir='ltr'><strong>nec</strong></span> <span class='ocrx_word' id='word_1_539' title='bbox 797 4274 1066 4343; x_wconf 89' lang='lat' dir='ltr'><strong>baptisma</strong></span> <span class='ocrx_word' id='word_1_540' title='bbox 1101 4272 1624 4339; x_wconf 88' lang='lat' dir='ltr'><strong>secundum,neque</strong></span> <span class='ocrx_word' id='word_1_541' title='bbox 1663 4286 1930 4326; x_wconf 88' lang='lat' dir='ltr'><strong>manuum-</strong></span> 
     </span>
    </p>
   </div>
   <div class='ocr_carea' id='block_1_77' title="bbox 355 4363 1920 4438">
    <p class='ocr_par' dir='ltr' id='par_1_77' title="bbox 355 4363 1920 4438">
     <span class='ocr_line' id='line_1_77' title="bbox 355 4363 1920 4438; baseline -0.004 -16"><span class='ocrx_word' id='word_1_542' title='bbox 355 4367 758 4438; x_wconf 85' lang='lat' dir='ltr'><strong>impositioues.</strong></span> <span class='ocrx_word' id='word_1_543' title='bbox 792 4365 884 4420; x_wconf 89' lang='lat' dir='ltr'><strong>Sic</strong></span> <span class='ocrx_word' id='word_1_544' title='bbox 919 4365 1086 4434; x_wconf 85' lang='lat' dir='ltr'><strong>igitur</strong></span> <span class='ocrx_word' id='word_1_545' title='bbox 1131 4363 1334 4418; x_wconf 88' lang='lat' dir='ltr'><strong>omittit</strong></span> <span class='ocrx_word' id='word_1_546' title='bbox 1364 4363 1739 4418; x_wconf 86' lang='lat' dir='ltr'><strong>elementalem</strong></span> <span class='ocrx_word' id='word_1_547' title='bbox 1772 4363 1920 4416; x_wconf 88' lang='lat' dir='ltr'><strong>illam</strong></span> 
     </span>
    </p>
   </div>
   <div class='ocr_carea' id='block_1_78' title="bbox 2039 3173 3609 3244">
    <p class='ocr_par' dir='ltr' id='par_1_78' title="bbox 2039 3173 3609 3244">
     <span class='ocr_line' id='line_1_78' title="bbox 2039 3173 3609 3244; baseline -0.003 -16"><span class='ocrx_word' id='word_1_548' title='bbox 2039 3175 2141 3244; x_wconf 86' lang='grc' dir='ltr'>τῆς</span> <span class='ocrx_word' id='word_1_549' title='bbox 2175 3176 2286 3228; x_wconf 86' lang='grc' dir='ltr'><strong>τῶν</strong></span> <span class='ocrx_word' id='word_1_550' title='bbox 2316 3175 2681 3228; x_wconf 80' lang='grc' dir='ltr'>πιστευόντων</span> <span class='ocrx_word' id='word_1_551' title='bbox 2715 3174 3006 3243; x_wconf 79' lang='grc' dir='ltr'>μαθήσεως</span> <span class='ocrx_word' id='word_1_552' title='bbox 3039 3173 3269 3241; x_wconf 83' lang='grc' dir='ltr'>γίνεται.</span> <span class='ocrx_word' id='word_1_553' title='bbox 3307 3175 3410 3225; x_wconf 83' lang='grc' dir='ltr'><strong>’Ἡν</strong></span> <span class='ocrx_word' id='word_1_554' title='bbox 3458 3173 3508 3225; x_wconf 80' lang='grc' dir='ltr'>οἱ</span> <span class='ocrx_word' id='word_1_555' title='bbox 3547 3173 3609 3236; x_wconf 76' lang='grc' dir='ltr'><strong>ἐξ</strong></span> 
     </span>
    </p>
   </div>
   <div class='ocr_carea' id='block_1_79' title="bbox 2045 3266 3606 3337">
    <p class='ocr_par' dir='ltr' id='par_1_79' title="bbox 2045 3266 3606 3337">
     <span class='ocr_line' id='line_1_79' title="bbox 2045 3266 3606 3337; baseline -0.002 -17"><span class='ocrx_word' id='word_1_556' title='bbox 2045 3268 2314 3320; x_wconf 86' lang='grc' dir='ltr'>Ἰουδαίων</span> <span class='ocrx_word' id='word_1_557' title='bbox 2335 3266 2639 3337; x_wconf 85' lang='grc' dir='ltr'>δεξάμενοι,</span> <span class='ocrx_word' id='word_1_558' title='bbox 2663 3268 2759 3320; x_wconf 80' lang='grc' dir='ltr'><strong>καὶ</strong></span> <span class='ocrx_word' id='word_1_559' title='bbox 2782 3267 2859 3337; x_wconf 83' lang='grc' dir='ltr'><strong>τῷ</strong></span> <span class='ocrx_word' id='word_1_560' title='bbox 2886 3266 3066 3335; x_wconf 84' lang='grc' dir='ltr'>πολλῷ</span> <span class='ocrx_word' id='word_1_561' title='bbox 3090 3267 3266 3337; x_wconf 83' lang='grc' dir='ltr'>χρόνῳ</span> <span class='ocrx_word' id='word_1_562' title='bbox 3289 3266 3606 3318; x_wconf 83' lang='grc' dir='ltr'>διδάσκαλοι</span> 
     </span>
    </p>
   </div>
   <div class='ocr_carea' id='block_1_80' title="bbox 2035 3356 3607 3430">
    <p class='ocr_par' dir='ltr' id='par_1_80' title="bbox 2035 3356 3607 3430">
     <span class='ocr_line' id='line_1_80' title="bbox 2035 3356 3607 3430; baseline -0.003 -16"><span class='ocrx_word' id='word_1_563' title='bbox 2035 3361 2237 3430; x_wconf 77' lang='grc' dir='ltr'>ἑτέρων</span> <span class='ocrx_word' id='word_1_564' title='bbox 2261 3359 2568 3429; x_wconf 79' lang='grc' dir='ltr'>ὀφείλοντες</span> <span class='ocrx_word' id='word_1_565' title='bbox 2599 3356 2738 3413; x_wconf 80' lang='grc' dir='ltr'>εἶναι</span> <span class='ocrx_word' id='word_1_566' title='bbox 2781 3362 2876 3412; x_wconf 81' lang='grc' dir='ltr'>καὶ</span> <span class='ocrx_word' id='word_1_567' title='bbox 2917 3359 3158 3412; x_wconf 85' lang='grc' dir='ltr'>τελειοῦν</span> <span class='ocrx_word' id='word_1_568' title='bbox 3187 3360 3402 3422; x_wconf 78' lang='grc' dir='ltr'>ἄλλους,</span> <span class='ocrx_word' id='word_1_569' title='bbox 3449 3359 3607 3412; x_wconf 72' lang='grc' dir='ltr'>αὐτοὶ</span> 
     </span>
    </p>
   </div>
   <div class='ocr_carea' id='block_1_81' title="bbox 2035 3452 3609 3523">
    <p class='ocr_par' dir='ltr' id='par_1_81' title="bbox 2035 3452 3609 3523">
     <span class='ocr_line' id='line_1_81' title="bbox 2035 3452 3609 3523; baseline -0.002 -19"><span class='ocrx_word' id='word_1_570' title='bbox 2035 3453 2327 3523; x_wconf 85' lang='grc' dir='ltr'>μαθήσεως</span> <span class='ocrx_word' id='word_1_571' title='bbox 2354 3453 2516 3506; x_wconf 88' lang='grc' dir='ltr'>πάλιν</span> <span class='ocrx_word' id='word_1_572' title='bbox 2547 3452 2795 3505; x_wconf 49' lang='grc' dir='ltr'>δέονται.</span> <span class='ocrx_word' id='word_1_573' title='bbox 2827 3452 2965 3504; x_wconf 76' lang='grc' dir='ltr'>Ἀλλ’</span> <span class='ocrx_word' id='word_1_574' title='bbox 2997 3453 3165 3520; x_wconf 84' lang='grc' dir='ltr'>ὅμως,</span> <span class='ocrx_word' id='word_1_575' title='bbox 3203 3452 3388 3520; x_wconf 78' lang='grc' dir='ltr'>φησὶν,</span> <span class='ocrx_word' id='word_1_576' title='bbox 3431 3453 3481 3502; x_wconf 78' lang='grc' dir='ltr'><strong>εί</strong></span> <span class='ocrx_word' id='word_1_577' title='bbox 3509 3452 3609 3502; x_wconf 78' lang='grc' dir='ltr'>καὶ</span> 
     </span>
    </p>
   </div>
   <div class='ocr_carea' id='block_1_82' title="bbox 2033 3542 3608 3613">
    <p class='ocr_par' dir='ltr' id='par_1_82' title="bbox 2033 3542 3608 3613">
     <span class='ocr_line' id='line_1_82' title="bbox 2033 3542 3608 3613; baseline -0.001 -17"><span class='ocrx_word' id='word_1_578' title='bbox 2033 3544 2186 3596; x_wconf 76' lang='grc' dir='ltr'>αὐτοὶ</span> <span class='ocrx_word' id='word_1_579' title='bbox 2214 3543 2473 3612; x_wconf 77' lang='grc' dir='ltr'>γεγόνατε</span> <span class='ocrx_word' id='word_1_580' title='bbox 2524 3542 2666 3596; x_wconf 81' lang='grc' dir='ltr'>ὥστε</span> <span class='ocrx_word' id='word_1_581' title='bbox 2705 3543 2870 3596; x_wconf 84' lang='grc' dir='ltr'>πάλιν</span> <span class='ocrx_word' id='word_1_582' title='bbox 2916 3544 3124 3595; x_wconf 86' lang='grc' dir='ltr'>δεῖσθαι</span> <span class='ocrx_word' id='word_1_583' title='bbox 3160 3543 3355 3613; x_wconf 82' lang='grc' dir='ltr'>μαθεῖν</span> <span class='ocrx_word' id='word_1_584' title='bbox 3380 3543 3502 3594; x_wconf 79' lang='grc' dir='ltr'>τίνα</span> <span class='ocrx_word' id='word_1_585' title='bbox 3535 3542 3608 3595; x_wconf 71' lang='grc' dir='ltr'>τὰ</span> 
     </span>
    </p>
   </div>
   <div class='ocr_carea' id='block_1_83' title="bbox 2030 3634 3606 3705">
    <p class='ocr_par' dir='ltr' id='par_1_83' title="bbox 2030 3634 3606 3705">
     <span class='ocr_line' id='line_1_83' title="bbox 2030 3634 3606 3705; baseline -0.002 -18"><span class='ocrx_word' id='word_1_586' title='bbox 2030 3637 2269 3704; x_wconf 85' lang='grc' dir='ltr'>στοιχεῖα</span> <span class='ocrx_word' id='word_1_587' title='bbox 2307 3634 2407 3704; x_wconf 80' lang='grc' dir='ltr'>τῆς</span> <span class='ocrx_word' id='word_1_588' title='bbox 2437 3635 2615 3705; x_wconf 81' lang='grc' dir='ltr'>ἀρχῆς</span> <span class='ocrx_word' id='word_1_589' title='bbox 2661 3634 2770 3686; x_wconf 86' lang='grc' dir='ltr'><strong>τῶν</strong></span> <span class='ocrx_word' id='word_1_590' title='bbox 2813 3635 3010 3702; x_wconf 83' lang='grc' dir='ltr'>λογίων</span> <span class='ocrx_word' id='word_1_591' title='bbox 3047 3635 3143 3687; x_wconf 89' lang='grc' dir='ltr'><strong>τοῦ</strong></span> <span class='ocrx_word' id='word_1_592' title='bbox 3188 3635 3452 3704; x_wconf 76' lang='grc' dir='ltr'>Χριστοῦ,</span> <span class='ocrx_word' id='word_1_593' title='bbox 3487 3634 3606 3687; x_wconf 75' lang='grc' dir='ltr'>ἀλλ’</span> 
     </span>
    </p>
   </div>
   <div class='ocr_carea' id='block_1_84' title="bbox 2029 3728 3606 3799">
    <p class='ocr_par' dir='ltr' id='par_1_84' title="bbox 2029 3728 3606 3799">
     <span class='ocr_line' id='line_1_84' title="bbox 2029 3728 3606 3799; baseline 0.001 -20"><span class='ocrx_word' id='word_1_594' title='bbox 2029 3729 2192 3797; x_wconf 80' lang='grc' dir='ltr'>ἡμεῖς</span> <span class='ocrx_word' id='word_1_595' title='bbox 2237 3729 2298 3780; x_wconf 84' lang='grc' dir='ltr'><strong>οὐ</strong></span> <span class='ocrx_word' id='word_1_596' title='bbox 2329 3729 2426 3798; x_wconf 80' lang='grc' dir='ltr'>τὴν</span> <span class='ocrx_word' id='word_1_597' title='bbox 2473 3729 2649 3799; x_wconf 84' lang='grc' dir='ltr'>ἀρχὴν</span> <span class='ocrx_word' id='word_1_598' title='bbox 2682 3728 2845 3782; x_wconf 84' lang='grc' dir='ltr'>πάλιν</span> <span class='ocrx_word' id='word_1_599' title='bbox 2877 3728 2977 3798; x_wconf 84' lang='grc' dir='ltr'><strong>τῆς</strong></span> <span class='ocrx_word' id='word_1_600' title='bbox 3018 3728 3247 3790; x_wconf 76' lang='grc' dir='ltr'>πίστεως</span> <span class='ocrx_word' id='word_1_601' title='bbox 3277 3730 3421 3798; x_wconf 79' lang='grc' dir='ltr'>ὑμᾶς</span> <span class='ocrx_word' id='word_1_602' title='bbox 3457 3729 3606 3780; x_wconf 81' lang='grc' dir='ltr'>ἐκδι-</span> 
     </span>
    </p>
   </div>
   <div class='ocr_carea' id='block_1_85' title="bbox 2028 3819 3606 3893">
    <p class='ocr_par' dir='ltr' id='par_1_85' title="bbox 2028 3819 3606 3893">
     <span class='ocr_line' id='line_1_85' title="bbox 2028 3819 3606 3893; baseline 0.001 -20"><span class='ocrx_word' id='word_1_603' title='bbox 2028 3819 2493 3890; x_wconf 77' lang='grc' dir='ltr'>δάξομεν²⁹.Φησὶ</span> <span class='ocrx_word' id='word_1_604' title='bbox 2524 3822 2656 3893; x_wconf 84' lang='grc' dir='ltr'>γάρ’</span> <span class='ocrx_word' id='word_1_605' title='bbox 2679 3821 2777 3874; x_wconf 83' lang='grc' dir='ltr'><strong>Διό</strong></span> <span class='ocrx_word' id='word_1_606' title='bbox 2805 3822 3058 3890; x_wconf 69' lang='grc' dir='ltr'>ἀφέντες</span> <span class='ocrx_word' id='word_1_607' title='bbox 3079 3822 3125 3852; x_wconf 81' lang='grc' dir='ltr'><strong>³ο</strong></span> <span class='ocrx_word' id='word_1_608' title='bbox 3144 3822 3252 3874; x_wconf 85' lang='grc' dir='ltr'>τὸν</span> <span class='ocrx_word' id='word_1_609' title='bbox 3271 3821 3380 3888; x_wconf 83' lang='grc' dir='ltr'>τῆς</span> <span class='ocrx_word' id='word_1_610' title='bbox 3407 3819 3606 3889; x_wconf 77' lang='grc' dir='ltr'>ἀρχῆς</span> 
     </span>
    </p>
   </div>
   <div class='ocr_carea' id='block_1_86' title="bbox 2027 3913 3599 3984">
    <p class='ocr_par' dir='ltr' id='par_1_86' title="bbox 2027 3913 3599 3984">
     <span class='ocr_line' id='line_1_86' title="bbox 2027 3913 3599 3984; baseline 0.001 -18"><span class='ocrx_word' id='word_1_611' title='bbox 2027 3914 2136 3968; x_wconf 87' lang='grc' dir='ltr'><strong>τοῦ</strong></span> <span class='ocrx_word' id='word_1_612' title='bbox 2150 3915 2406 3983; x_wconf 77' lang='grc' dir='ltr'>Χριστοῦ</span> <span class='ocrx_word' id='word_1_613' title='bbox 2429 3916 2635 3984; x_wconf 73' lang='grc' dir='ltr'>λόγον,</span> <span class='ocrx_word' id='word_1_614' title='bbox 2655 3915 2752 3967; x_wconf 78' lang='grc' dir='ltr'><strong>ἐπί</strong></span> <span class='ocrx_word' id='word_1_615' title='bbox 2768 3913 2882 3982; x_wconf 81' lang='grc' dir='ltr'>τὴν</span> <span class='ocrx_word' id='word_1_616' title='bbox 2903 3915 3243 3981; x_wconf 82' lang='grc' dir='ltr'>τελειότητα</span> <span class='ocrx_word' id='word_1_617' title='bbox 3265 3914 3599 3983; x_wconf 65' lang='grc' dir='ltr'>φερώμεθα.</span> 
     </span>
    </p>
   </div>
   <div class='ocr_carea' id='block_1_87' title="bbox 2028 4006 3606 4078">
    <p class='ocr_par' dir='ltr' id='par_1_87' title="bbox 2028 4006 3606 4078">
     <span class='ocr_line' id='line_1_87' title="bbox 2028 4006 3606 4078; baseline 0.001 -20"><span class='ocrx_word' id='word_1_618' title='bbox 2028 4006 2104 4058; x_wconf 81' lang='grc' dir='ltr'><strong>Οὐ</strong></span> <span class='ocrx_word' id='word_1_619' title='bbox 2132 4007 2237 4078; x_wconf 80' lang='grc' dir='ltr'>χρὴ</span> <span class='ocrx_word' id='word_1_620' title='bbox 2267 4007 2374 4078; x_wconf 79' lang='grc' dir='ltr'><strong>γὰρ</strong></span> <span class='ocrx_word' id='word_1_621' title='bbox 2405 4009 2550 4078; x_wconf 80' lang='grc' dir='ltr'>ἡμᾶς</span> <span class='ocrx_word' id='word_1_622' title='bbox 2569 4007 2611 4038; x_wconf 81' lang='grc'><strong>³¹</strong></span> <span class='ocrx_word' id='word_1_623' title='bbox 2642 4007 2801 4060; x_wconf 82' lang='grc' dir='ltr'>πάλιν</span> <span class='ocrx_word' id='word_1_624' title='bbox 2832 4010 2910 4070; x_wconf 86' lang='grc' dir='ltr'><strong>είς</strong></span> <span class='ocrx_word' id='word_1_625' title='bbox 2936 4008 3004 4060; x_wconf 76' lang='grc' dir='ltr'>τὰ</span> <span class='ocrx_word' id='word_1_626' title='bbox 3031 4011 3270 4077; x_wconf 82' lang='grc' dir='ltr'>στοιχεῖα</span> <span class='ocrx_word' id='word_1_627' title='bbox 3292 4009 3390 4078; x_wconf 80' lang='grc' dir='ltr'><strong>τῆς</strong></span> <span class='ocrx_word' id='word_1_628' title='bbox 3423 4009 3606 4078; x_wconf 78' lang='grc' dir='ltr'>ἀρχῆς</span> 
     </span>
    </p>
   </div>
   <div class='ocr_carea' id='block_1_88' title="bbox 2026 4098 3607 4170">
    <p class='ocr_par' dir='ltr' id='par_1_88' title="bbox 2026 4098 3607 4170">
     <span class='ocr_line' id='line_1_88' title="bbox 2026 4098 3607 4170; baseline 0.001 -20"><span class='ocrx_word' id='word_1_629' title='bbox 2026 4098 2247 4165; x_wconf 79' lang='grc' dir='ltr'>ἀνάγειν</span> <span class='ocrx_word' id='word_1_630' title='bbox 2281 4100 2446 4168; x_wconf 80' lang='grc' dir='ltr'>ὑμᾶς,</span> <span class='ocrx_word' id='word_1_631' title='bbox 2481 4101 2567 4153; x_wconf 82' lang='grc' dir='ltr'>ἵνα</span> <span class='ocrx_word' id='word_1_632' title='bbox 2606 4100 2680 4170; x_wconf 77' lang='grc' dir='ltr'>μὴ</span> <span class='ocrx_word' id='word_1_633' title='bbox 2735 4098 2976 4170; x_wconf 81' lang='grc' dir='ltr'>δόξωμεν</span> <span class='ocrx_word' id='word_1_634' title='bbox 3027 4100 3188 4153; x_wconf 81' lang='grc' dir='ltr'>πάλιν</span> <span class='ocrx_word' id='word_1_635' title='bbox 3216 4101 3404 4169; x_wconf 79' lang='grc' dir='ltr'>ἕτερον</span> <span class='ocrx_word' id='word_1_636' title='bbox 3438 4101 3607 4170; x_wconf 74' lang='grc' dir='ltr'>θεμέο</span> 
     </span>
    </p>
   </div>
   <div class='ocr_carea' id='block_1_89' title="bbox 2025 4189 3604 4262">
    <p class='ocr_par' dir='ltr' id='par_1_89' title="bbox 2025 4189 3604 4262">
     <span class='ocr_line' id='line_1_89' title="bbox 2025 4189 3604 4262; baseline 0.002 -20"><span class='ocrx_word' id='word_1_637' title='bbox 2025 4189 2138 4242; x_wconf 83' lang='grc' dir='ltr'>λιον</span> <span class='ocrx_word' id='word_1_638' title='bbox 2166 4191 2637 4244; x_wconf 74' lang='grc' dir='ltr'>καταϐάλλεσθαι’</span> <span class='ocrx_word' id='word_1_639' title='bbox 2664 4192 2760 4245; x_wconf 76' lang='grc' dir='ltr'><strong>καὶ</strong></span> <span class='ocrx_word' id='word_1_640' title='bbox 2783 4194 2892 4261; x_wconf 88' lang='grc' dir='ltr'><strong>γάρ</strong></span> <span class='ocrx_word' id='word_1_641' title='bbox 2921 4209 3074 4262; x_wconf 79' lang='grc' dir='ltr'>φησι·</span> <span class='ocrx_word' id='word_1_642' title='bbox 3106 4192 3198 4259; x_wconf 80' lang='grc' dir='ltr'><strong>Μὴ</strong></span> <span class='ocrx_word' id='word_1_643' title='bbox 3222 4191 3409 4244; x_wconf 76' lang='grc' dir='ltr'>πάλιν</span> <span class='ocrx_word' id='word_1_644' title='bbox 3431 4195 3604 4261; x_wconf 80' lang='grc' dir='ltr'>θεμέ-</span> 
     </span>
    </p>
   </div>
   <div class='ocr_carea' id='block_1_90' title="bbox 2023 4283 3605 4357">
    <p class='ocr_par' dir='ltr' id='par_1_90' title="bbox 2023 4283 3605 4357">
     <span class='ocr_line' id='line_1_90' title="bbox 2023 4283 3605 4357; baseline -0.001 -19"><span class='ocrx_word' id='word_1_645' title='bbox 2023 4287 2161 4338; x_wconf 69' lang='grc' dir='ltr'>λιον</span> <span class='ocrx_word' id='word_1_646' title='bbox 2199 4286 2719 4352; x_wconf 74' lang='grc' dir='ltr'>καταϐαλλόμενοι</span> <span class='ocrx_word' id='word_1_647' title='bbox 2747 4285 3092 4356; x_wconf 76' lang='grc' dir='ltr'>[μετανοίας-</span> <span class='ocrx_word' id='word_1_648' title='bbox 3120 4283 3185 4357; x_wconf 84' lang='grc'><strong>³²]</strong></span> <span class='ocrx_word' id='word_1_649' title='bbox 3217 4285 3335 4338; x_wconf 81' lang='grc' dir='ltr'><strong>ἀπὸ</strong></span> <span class='ocrx_word' id='word_1_650' title='bbox 3367 4285 3605 4352; x_wconf 70' lang='grc' dir='ltr'>νεκρῶν</span> 
     </span>
    </p>
   </div>
   <div class='ocr_carea' id='block_1_91' title="bbox 2025 4371 3592 4442">
    <p class='ocr_par' dir='ltr' id='par_1_91' title="bbox 2025 4371 3592 4442">
     <span class='ocr_line' id='line_1_91' title="bbox 2025 4371 3592 4442; baseline 0.001 -16"><span class='ocrx_word' id='word_1_651' title='bbox 2025 4373 2212 4442; x_wconf 74' lang='grc' dir='ltr'>ἔργων</span> <span class='ocrx_word' id='word_1_652' title='bbox 2251 4371 2350 4424; x_wconf 80' lang='grc' dir='ltr'>καὶ</span> <span class='ocrx_word' id='word_1_653' title='bbox 2396 4372 2654 4438; x_wconf 83' lang='grc' dir='ltr'>πίστεως</span> <span class='ocrx_word' id='word_1_654' title='bbox 2685 4373 2783 4425; x_wconf 78' lang='grc' dir='ltr'><strong>ἐπὶ</strong></span> <span class='ocrx_word' id='word_1_655' title='bbox 2815 4373 2982 4436; x_wconf 82' lang='grc' dir='ltr'>Θεὸν,</span> <span class='ocrx_word' id='word_1_656' title='bbox 3033 4375 3398 4442; x_wconf 75' lang='grc' dir='ltr'>βαπτισμῶν</span> <span class='ocrx_word' id='word_1_657' title='bbox 3431 4375 3592 4428; x_wconf 76' lang='grc' dir='ltr'>διδα-</span> 
     </span>
    </p>
   </div>
   <div class='ocr_carea' id='block_1_92' title="bbox 353 4441 1931 4532">
    <p class='ocr_par' dir='ltr' id='par_1_92' title="bbox 353 4454 1924 4526">
     <span class='ocr_line' id='line_1_92' title="bbox 353 4454 1924 4526; baseline -0.003 -13"><span class='ocrx_word' id='word_1_658' title='bbox 353 4459 662 4513; x_wconf 89' lang='lat' dir='ltr'><strong>doctrinam</strong></span> <span class='ocrx_word' id='word_1_659' title='bbox 688 4455 910 4521; x_wconf 89' lang='lat' dir='ltr'><strong>Paulus,</strong></span> <span class='ocrx_word' id='word_1_660' title='bbox 935 4464 994 4511; x_wconf 90' lang='lat' dir='ltr'><strong>et</strong></span> <span class='ocrx_word' id='word_1_661' title='bbox 1015 4457 1080 4510; x_wconf 88' lang='lat' dir='ltr'><strong>ad</strong></span> <span class='ocrx_word' id='word_1_662' title='bbox 1112 4454 1501 4526; x_wconf 87' lang='lat' dir='ltr'><strong>perfectionem</strong></span> <span class='ocrx_word' id='word_1_663' title='bbox 1531 4455 1699 4521; x_wconf 85' lang='lat' dir='ltr'><strong>venit,</strong></span> <span class='ocrx_word' id='word_1_664' title='bbox 1733 4455 1924 4509; x_wconf 89' lang='lat' dir='ltr'><strong>Salva-</strong></span> 
     </span>
    </p>
   </div>
   <div class='ocr_carea' id='block_1_93' title="bbox 2032 4441 3603 4532">
    <p class='ocr_par' dir='ltr' id='par_1_93' title="bbox 2032 4461 3603 4532">
     <span class='ocr_line' id='line_1_93' title="bbox 2032 4461 3603 4532; baseline 0.001 -18"><span class='ocrx_word' id='word_1_665' title='bbox 2032 4461 2162 4532; x_wconf 81' lang='grc' dir='ltr'>κῆς,</span> <span class='ocrx_word' id='word_1_666' title='bbox 2184 4461 2496 4526; x_wconf 79' lang='grc' dir='ltr'>ἐπιθέσεώς</span> <span class='ocrx_word' id='word_1_667' title='bbox 2530 4478 2593 4514; x_wconf 83' lang='grc' dir='ltr'><strong>τε</strong></span> <span class='ocrx_word' id='word_1_668' title='bbox 2622 4462 2851 4530; x_wconf 84' lang='grc' dir='ltr'>χειρῶν,</span> <span class='ocrx_word' id='word_1_669' title='bbox 2871 4461 3262 4528; x_wconf 80' lang='grc' dir='ltr'>ἀναστάσεως</span> <span class='ocrx_word' id='word_1_670' title='bbox 3280 4479 3344 4515; x_wconf 89' lang='grc' dir='ltr'><strong>τε</strong></span> <span class='ocrx_word' id='word_1_671' title='bbox 3364 4463 3603 4531; x_wconf 79' lang='grc' dir='ltr'>νεκρῶν</span> 
     </span>
    </p>
   </div>
   <div class='ocr_carea' id='block_1_94' title="bbox 354 4545 1924 4619">
    <p class='ocr_par' dir='ltr' id='par_1_94' title="bbox 354 4545 1924 4619">
     <span class='ocr_line' id='line_1_94' title="bbox 354 4545 1924 4619; baseline -0.001 -15"><span class='ocrx_word' id='word_1_672' title='bbox 354 4551 494 4606; x_wconf 88' lang='lat' dir='ltr'><strong>toris</strong></span> <span class='ocrx_word' id='word_1_673' title='bbox 529 4548 896 4604; x_wconf 88' lang='lat' dir='ltr'><strong>sacerdotium</strong></span> <span class='ocrx_word' id='word_1_674' title='bbox 926 4562 1179 4602; x_wconf 87' lang='lat' dir='ltr'><strong>narrans.</strong></span> <span class='ocrx_word' id='word_1_675' title='bbox 1219 4545 1287 4601; x_wconf 89' lang='lat' dir='ltr'><strong>Et</strong></span> <span class='ocrx_word' id='word_1_676' title='bbox 1313 4548 1417 4602; x_wconf 89' lang='lat' dir='ltr'><strong>hoc</strong></span> <span class='ocrx_word' id='word_1_677' title='bbox 1444 4547 1761 4619; x_wconf 86' lang='lat' dir='ltr'><strong>singulatim</strong></span> <span class='ocrx_word' id='word_1_678' title='bbox 1797 4562 1924 4616; x_wconf 53' lang='lat' dir='ltr'><strong>pro-</strong></span> 
     </span>
    </p>
   </div>
   <div class='ocr_carea' id='block_1_95' title="bbox 351 4633 1923 4709">
    <p class='ocr_par' dir='ltr' id='par_1_95' title="bbox 351 4633 1923 4709">
     <span class='ocr_line' id='line_1_95' title="bbox 351 4633 1923 4709; baseline -0.003 -15"><span class='ocrx_word' id='word_1_679' title='bbox 351 4640 637 4709; x_wconf 87' lang='lat' dir='ltr'><strong>sequitur,</strong></span> <span class='ocrx_word' id='word_1_680' title='bbox 672 4648 726 4693; x_wconf 85' lang='lat' dir='ltr'><strong>et</strong></span> <span class='ocrx_word' id='word_1_681' title='bbox 754 4636 1029 4707; x_wconf 90' lang='lat' dir='ltr'><strong>quomodo</strong></span> <span class='ocrx_word' id='word_1_682' title='bbox 1082 4635 1386 4692; x_wconf 90' lang='lat' dir='ltr'><strong>secundum</strong></span> <span class='ocrx_word' id='word_1_683' title='bbox 1419 4636 1661 4692; x_wconf 88' lang='lat' dir='ltr'><strong>ordinem</strong></span> <span class='ocrx_word' id='word_1_684' title='bbox 1697 4633 1923 4691; x_wconf 85' lang='lat' dir='ltr'><strong>Melchi—</strong></span> 
     </span>
    </p>
   </div>
   <div class='ocr_carea' id='block_1_96' title="bbox 351 4726 1922 4798">
    <p class='ocr_par' dir='ltr' id='par_1_96' title="bbox 351 4726 1922 4798">
     <span class='ocr_line' id='line_1_96' title="bbox 351 4726 1922 4798; baseline -0.003 -11"><span class='ocrx_word' id='word_1_685' title='bbox 351 4731 552 4787; x_wconf 86' lang='lat' dir='ltr'><strong>sedech</strong></span> <span class='ocrx_word' id='word_1_686' title='bbox 573 4729 836 4784; x_wconf 90' lang='lat' dir='ltr'><strong>Dominus</strong></span> <span class='ocrx_word' id='word_1_687' title='bbox 861 4729 933 4785; x_wconf 91' lang='lat' dir='ltr'><strong>sit</strong></span> <span class='ocrx_word' id='word_1_688' title='bbox 970 4729 1249 4784; x_wconf 87' lang='lat' dir='ltr'><strong>sacerdos.</strong></span> <span class='ocrx_word' id='word_1_689' title='bbox 1272 4726 1553 4783; x_wconf 88' lang='lat' dir='ltr'><strong>Sententia</strong></span> <span class='ocrx_word' id='word_1_690' title='bbox 1588 4728 1756 4798; x_wconf 86' lang='lat' dir='ltr'><strong>igitur</strong></span> <span class='ocrx_word' id='word_1_691' title='bbox 1790 4727 1922 4782; x_wconf 89' lang='lat' dir='ltr'><strong>dicti</strong></span> 
     </span>
    </p>
   </div>
   <div class='ocr_carea' id='block_1_97' title="bbox 347 4820 1920 4894">
    <p class='ocr_par' dir='ltr' id='par_1_97' title="bbox 347 4820 1920 4894">
     <span class='ocr_line' id='line_1_97' title="bbox 347 4820 1920 4894; baseline -0.004 -15"><span class='ocrx_word' id='word_1_692' title='bbox 347 4823 618 4894; x_wconf 82' lang='lat' dir='ltr'><strong>Apostoli,</strong></span> <span class='ocrx_word' id='word_1_693' title='bbox 648 4831 706 4875; x_wconf 88' lang='lat' dir='ltr'><strong>ut</strong></span> <span class='ocrx_word' id='word_1_694' title='bbox 740 4836 883 4891; x_wconf 65' lang='lat' dir='ltr'><strong>saepe</strong></span> <span class='ocrx_word' id='word_1_695' title='bbox 915 4821 1154 4877; x_wconf 80' lang='lat' dir='ltr'><strong>diximus</strong></span> <span class='ocrx_word' id='word_1_696' title='bbox 1183 4821 1329 4892; x_wconf 88' lang='lat' dir='ltr'><strong>(etsi</strong></span> <span class='ocrx_word' id='word_1_697' title='bbox 1367 4821 1499 4875; x_wconf 91' lang='lat' dir='ltr'><strong>illud</strong></span> <span class='ocrx_word' id='word_1_698' title='bbox 1530 4835 1627 4890; x_wconf 89' lang='lat' dir='ltr'><strong>pro</strong></span> <span class='ocrx_word' id='word_1_699' title='bbox 1654 4834 1714 4876; x_wconf 87' lang='lat' dir='ltr'><strong>se</strong></span> <span class='ocrx_word' id='word_1_700' title='bbox 1745 4820 1920 4874; x_wconf 90' lang='lat' dir='ltr'><strong>addu-</strong></span> 
     </span>
    </p>
   </div>
   <div class='ocr_carea' id='block_1_98' title="bbox 346 4911 1910 4987">
    <p class='ocr_par' dir='ltr' id='par_1_98' title="bbox 346 4911 1910 4987">
     <span class='ocr_line' id='line_1_98' title="bbox 346 4911 1910 4987; baseline -0.004 -16"><span class='ocrx_word' id='word_1_701' title='bbox 346 4914 528 4987; x_wconf 82' lang='lat' dir='ltr'><strong>cant),</strong></span> <span class='ocrx_word' id='word_1_702' title='bbox 564 4928 666 4984; x_wconf 90' lang='lat' dir='ltr'><strong>pro</strong></span> <span class='ocrx_word' id='word_1_703' title='bbox 698 4911 1017 4968; x_wconf 81' lang='lat' dir='ltr'><strong>Novatianis</strong></span> <span class='ocrx_word' id='word_1_704' title='bbox 1059 4928 1168 4968; x_wconf 91' lang='lat' dir='ltr'><strong>non</strong></span> <span class='ocrx_word' id='word_1_705' title='bbox 1203 4911 1353 4978; x_wconf 87' lang='lat' dir='ltr'><strong>facit,</strong></span> <span class='ocrx_word' id='word_1_706' title='bbox 1375 4911 1469 4968; x_wconf 90' lang='lat' dir='ltr'><strong>sed</strong></span> <span class='ocrx_word' id='word_1_707' title='bbox 1494 4911 1734 4966; x_wconf 87' lang='lat' dir='ltr'><strong>ostendit</strong></span> <span class='ocrx_word' id='word_1_708' title='bbox 1763 4926 1910 4975; x_wconf 90' lang='lat' dir='ltr'><strong>eum,</strong></span> 
     </span>
    </p>
   </div>
   <div class='ocr_carea' id='block_1_99' title="bbox 346 5002 1916 5077">
    <p class='ocr_par' dir='ltr' id='par_1_99' title="bbox 346 5002 1916 5077">
     <span class='ocr_line' id='line_1_99' title="bbox 346 5002 1916 5077; baseline -0.002 -17"><span class='ocrx_word' id='word_1_709' title='bbox 346 5007 443 5077; x_wconf 88' lang='lat' dir='ltr'><strong>qui</strong></span> <span class='ocrx_word' id='word_1_710' title='bbox 471 5005 642 5062; x_wconf 89' lang='lat' dir='ltr'><strong>semel</strong></span> <span class='ocrx_word' id='word_1_711' title='bbox 693 5005 1034 5059; x_wconf 90' lang='lat' dir='ltr'><strong>llluminatus</strong></span> <span class='ocrx_word' id='word_1_712' title='bbox 1069 5005 1176 5071; x_wconf 84' lang='lat' dir='ltr'><strong>sit,</strong></span> <span class='ocrx_word' id='word_1_713' title='bbox 1210 5018 1319 5058; x_wconf 91' lang='lat' dir='ltr'><strong>non</strong></span> <span class='ocrx_word' id='word_1_714' title='bbox 1371 5003 1618 5071; x_wconf 88' lang='lat' dir='ltr'><strong>indigere</strong></span> <span class='ocrx_word' id='word_1_715' title='bbox 1675 5002 1916 5058; x_wconf 89' lang='lat' dir='ltr'><strong>secundo</strong></span> 
     </span>
    </p>
   </div>
   <div class='ocr_carea' id='block_1_100' title="bbox 346 5092 1913 5166">
    <p class='ocr_par' dir='ltr' id='par_1_100' title="bbox 346 5092 1913 5166">
     <span class='ocr_line' id='line_1_100' title="bbox 346 5092 1913 5166; baseline -0.003 -14"><span class='ocrx_word' id='word_1_716' title='bbox 346 5097 637 5166; x_wconf 86' lang='lat' dir='ltr'><strong>baptismo.</strong></span> <span class='ocrx_word' id='word_1_717' title='bbox 673 5093 779 5161; x_wconf 81' lang='lat' dir='ltr'><strong>Qui</strong></span> <span class='ocrx_word' id='word_1_718' title='bbox 808 5095 949 5149; x_wconf 85' lang='lat' dir='ltr'><strong>enim</strong></span> <span class='ocrx_word' id='word_1_719' title='bbox 985 5094 1126 5149; x_wconf 82' lang='lat' dir='ltr'><strong>lotus</strong></span> <span class='ocrx_word' id='word_1_720' title='bbox 1167 5102 1268 5160; x_wconf 87' lang='lat' dir='ltr'><strong>est,</strong></span> <span class='ocrx_word' id='word_1_721' title='bbox 1303 5092 1649 5149; x_wconf 91' lang='lat' dir='ltr'><strong>utDominus</strong></span> <span class='ocrx_word' id='word_1_722' title='bbox 1677 5093 1775 5158; x_wconf 89' lang='lat' dir='ltr'><strong>ait,</strong></span> <span class='ocrx_word' id='word_1_723' title='bbox 1810 5109 1913 5147; x_wconf 89' lang='lat' dir='ltr'><strong>non</strong></span> 
     </span>
    </p>
   </div>
   <div class='ocr_carea' id='block_1_101' title="bbox 344 5189 1910 5263">
    <p class='ocr_par' dir='ltr' id='par_1_101' title="bbox 344 5189 1910 5263">
     <span class='ocr_line' id='line_1_101' title="bbox 344 5189 1910 5263; baseline -0.002 -18"><span class='ocrx_word' id='word_1_724' title='bbox 344 5193 541 5263; x_wconf 81' lang='lat' dir='ltr'><strong>indiget</strong></span> <span class='ocrx_word' id='word_1_725' title='bbox 574 5191 677 5247; x_wconf 85' lang='lat' dir='ltr'><strong>nisi</strong></span> <span class='ocrx_word' id='word_1_726' title='bbox 715 5199 772 5245; x_wconf 88' lang='lat' dir='ltr'><strong>ut</strong></span> <span class='ocrx_word' id='word_1_727' title='bbox 811 5191 964 5260; x_wconf 82' lang='lat' dir='ltr'><strong>pedes</strong></span> <span class='ocrx_word' id='word_1_728' title='bbox 996 5189 1128 5244; x_wconf 84' lang='lat' dir='ltr'><strong>lavet</strong></span> <span class='ocrx_word' id='word_1_729' title='bbox 1161 5198 1214 5256; x_wconf 68' lang='grc' dir='ltr'>γ,</span> <span class='ocrx_word' id='word_1_730' title='bbox 1269 5189 1375 5244; x_wconf 81' lang='lat' dir='ltr'><strong>hoc</strong></span> <span class='ocrx_word' id='word_1_731' title='bbox 1403 5197 1509 5256; x_wconf 91' lang='lat' dir='ltr'><strong>est,</strong></span> <span class='ocrx_word' id='word_1_732' title='bbox 1564 5204 1674 5244; x_wconf 90' lang='lat' dir='ltr'><strong>non</strong></span> <span class='ocrx_word' id='word_1_733' title='bbox 1711 5189 1910 5243; x_wconf 89' lang='lat' dir='ltr'><strong>iterum</strong></span> 
     </span>
    </p>
   </div>
   <div class='ocr_carea' id='block_1_102' title="bbox 344 5280 1919 5355">
    <p class='ocr_par' dir='ltr' id='par_1_102' title="bbox 344 5280 1919 5355">
     <span class='ocr_line' id='line_1_102' title="bbox 344 5280 1919 5355; baseline -0.003 -17"><span class='ocrx_word' id='word_1_734' title='bbox 344 5283 670 5355; x_wconf 86' lang='lat' dir='ltr'><strong>baptismate</strong></span> <span class='ocrx_word' id='word_1_735' title='bbox 695 5282 902 5354; x_wconf 90' lang='lat' dir='ltr'><strong>indiget</strong></span> <span class='ocrx_word' id='word_1_736' title='bbox 931 5291 1218 5352; x_wconf 89' lang='lat' dir='ltr'><strong>postquam</strong></span> <span class='ocrx_word' id='word_1_737' title='bbox 1242 5283 1505 5352; x_wconf 84' lang='lat' dir='ltr'><strong>peccavit,</strong></span> <span class='ocrx_word' id='word_1_738' title='bbox 1533 5280 1626 5337; x_wconf 90' lang='lat' dir='ltr'><strong>scd</strong></span> <span class='ocrx_word' id='word_1_739' title='bbox 1654 5290 1713 5335; x_wconf 89' lang='lat' dir='ltr'><strong>ut.</strong></span> <span class='ocrx_word' id='word_1_740' title='bbox 1744 5282 1919 5355; x_wconf 84' lang='lat' dir='ltr'><strong>lacry-</strong></span> 
     </span>
    </p>
   </div>
   <div class='ocr_carea' id='block_1_103' title="bbox 2025 4552 3597 4625">
    <p class='ocr_par' dir='ltr' id='par_1_103' title="bbox 2025 4552 3597 4625">
     <span class='ocr_line' id='line_1_103' title="bbox 2025 4552 3597 4625; baseline 0 -19"><span class='ocrx_word' id='word_1_741' title='bbox 2025 4552 2124 4606; x_wconf 78' lang='grc' dir='ltr'>καὶ</span> <span class='ocrx_word' id='word_1_742' title='bbox 2167 4553 2448 4622; x_wconf 79' lang='grc' dir='ltr'>κρίματος</span> <span class='ocrx_word' id='word_1_743' title='bbox 2485 4555 2747 4608; x_wconf 84' lang='grc' dir='ltr'>αἰωνίου.</span> <span class='ocrx_word' id='word_1_744' title='bbox 2795 4554 2968 4607; x_wconf 84' lang='grc' dir='ltr'>Τοῦτο</span> <span class='ocrx_word' id='word_1_745' title='bbox 2998 4555 3285 4624; x_wconf 83' lang='grc' dir='ltr'>τοιγαροῦν</span> <span class='ocrx_word' id='word_1_746' title='bbox 3327 4554 3482 4625; x_wconf 77' lang='grc' dir='ltr'>δηλοῖ</span> <span class='ocrx_word' id='word_1_747' title='bbox 3514 4555 3597 4619; x_wconf 83' lang='grc' dir='ltr'><strong>τὸ,</strong></span> 
     </span>
    </p>
   </div>
   <div class='ocr_carea' id='block_1_104' title="bbox 2023 4643 3600 4713">
    <p class='ocr_par' dir='ltr' id='par_1_104' title="bbox 2023 4643 3600 4713">
     <span class='ocr_line' id='line_1_104' title="bbox 2023 4643 3600 4713; baseline 0 -15"><span class='ocrx_word' id='word_1_748' title='bbox 2023 4644 2120 4698; x_wconf 85' lang='grc' dir='ltr'><strong>Διὸ</strong></span> <span class='ocrx_word' id='word_1_749' title='bbox 2151 4645 2405 4713; x_wconf 64' lang='grc' dir='ltr'>ἀφέντες</span> <span class='ocrx_word' id='word_1_750' title='bbox 2443 4645 2553 4698; x_wconf 83' lang='grc' dir='ltr'>τὸν</span> <span class='ocrx_word' id='word_1_751' title='bbox 2583 4643 2690 4713; x_wconf 84' lang='grc' dir='ltr'>τῆς</span> <span class='ocrx_word' id='word_1_752' title='bbox 2715 4643 2909 4712; x_wconf 85' lang='grc' dir='ltr'>ἀρχῆς</span> <span class='ocrx_word' id='word_1_753' title='bbox 2936 4646 3042 4698; x_wconf 90' lang='grc' dir='ltr'><strong>τοῦ</strong></span> <span class='ocrx_word' id='word_1_754' title='bbox 3075 4647 3222 4699; x_wconf 79' lang='grc' dir='ltr'>Θεοῦ</span> <span class='ocrx_word' id='word_1_755' title='bbox 3261 4646 3471 4713; x_wconf 74' lang='grc' dir='ltr'>λόγον,</span> <span class='ocrx_word' id='word_1_756' title='bbox 3502 4649 3600 4700; x_wconf 82' lang='grc' dir='ltr'><strong>καὶ</strong></span> 
     </span>
    </p>
   </div>
   <div class='ocr_carea' id='block_1_105' title="bbox 2023 4733 3596 4806">
    <p class='ocr_par' dir='ltr' id='par_1_105' title="bbox 2023 4733 3596 4806">
     <span class='ocr_line' id='line_1_105' title="bbox 2023 4733 3596 4806; baseline 0 -17"><span class='ocrx_word' id='word_1_757' title='bbox 2023 4733 2172 4804; x_wconf 81' lang='grc' dir='ltr'>ἑξῆς.</span> <span class='ocrx_word' id='word_1_758' title='bbox 2205 4737 2280 4788; x_wconf 88' lang='grc' dir='ltr'>Τὸ</span> <span class='ocrx_word' id='word_1_759' title='bbox 2307 4735 2387 4788; x_wconf 79' lang='grc' dir='ltr'><strong>δέ’</strong></span> <span class='ocrx_word' id='word_1_760' title='bbox 2430 4734 2538 4789; x_wconf 81' lang='grc' dir='ltr'><strong>Καὶ</strong></span> <span class='ocrx_word' id='word_1_761' title='bbox 2569 4735 2745 4788; x_wconf 87' lang='grc' dir='ltr'>τοῦτο</span> <span class='ocrx_word' id='word_1_762' title='bbox 2783 4735 3137 4805; x_wconf 80' lang='grc' dir='ltr'>ποιήσομεν,</span> <span class='ocrx_word' id='word_1_763' title='bbox 3167 4736 3276 4789; x_wconf 82' lang='grc' dir='ltr'><strong>ἐὰν</strong></span> <span class='ocrx_word' id='word_1_764' title='bbox 3302 4737 3596 4806; x_wconf 72' lang='grc' dir='ltr'>ἐπιτρέπῃ</span> 
     </span>
    </p>
   </div>
   <div class='ocr_carea' id='block_1_106' title="bbox 2021 4824 3596 4896">
    <p class='ocr_par' dir='ltr' id='par_1_106' title="bbox 2021 4824 3596 4896">
     <span class='ocr_line' id='line_1_106' title="bbox 2021 4824 3596 4896; baseline -0.001 -16"><span class='ocrx_word' id='word_1_765' title='bbox 2021 4829 2054 4880; x_wconf 88' lang='grc' dir='ltr'><strong><em>ὁ</em></strong></span> <span class='ocrx_word' id='word_1_766' title='bbox 2085 4827 2321 4894; x_wconf 79' lang='grc' dir='ltr'>Κύριος,</span> <span class='ocrx_word' id='word_1_767' title='bbox 2353 4827 2434 4887; x_wconf 87' lang='grc' dir='ltr'><strong>είς</strong></span> <span class='ocrx_word' id='word_1_768' title='bbox 2457 4825 2548 4877; x_wconf 79' lang='grc' dir='ltr'><strong>τὸν</strong></span> <span class='ocrx_word' id='word_1_769' title='bbox 2591 4824 2756 4878; x_wconf 79' lang='grc' dir='ltr'>αὐτὸν</span> <span class='ocrx_word' id='word_1_770' title='bbox 2787 4827 3068 4895; x_wconf 82' lang='grc' dir='ltr'>συντρέχει</span> <span class='ocrx_word' id='word_1_771' title='bbox 3101 4825 3244 4888; x_wconf 88' lang='grc' dir='ltr'>νοῦν,</span> <span class='ocrx_word' id='word_1_772' title='bbox 3275 4825 3336 4878; x_wconf 86' lang='grc' dir='ltr'><strong>τὸ</strong></span> <span class='ocrx_word' id='word_1_773' title='bbox 3365 4828 3596 4896; x_wconf 76' lang='grc' dir='ltr'>μηκέτι,</span> 
     </span>
    </p>
   </div>
   <div class='ocr_carea' id='block_1_107' title="bbox 2021 4915 3596 4988">
    <p class='ocr_par' dir='ltr' id='par_1_107' title="bbox 2021 4915 3596 4988">
     <span class='ocr_line' id='line_1_107' title="bbox 2021 4915 3596 4988; baseline 0.001 -20"><span class='ocrx_word' id='word_1_774' title='bbox 2021 4919 2208 4988; x_wconf 78' lang='grc' dir='ltr'>φησὶν,</span> <span class='ocrx_word' id='word_1_775' title='bbox 2246 4915 2610 4986; x_wconf 16' lang='grc' dir='ltr'>,ἀπάρχεσθαι</span> <span class='ocrx_word' id='word_1_776' title='bbox 2656 4916 2757 4985; x_wconf 79' lang='grc' dir='ltr'>τῆς</span> <span class='ocrx_word' id='word_1_777' title='bbox 2809 4916 3184 4986; x_wconf 82' lang='grc' dir='ltr'>στοιχειώδους</span> <span class='ocrx_word' id='word_1_778' title='bbox 3238 4917 3596 4981; x_wconf 87' lang='grc' dir='ltr'>διδασκαλίας</span> 
     </span>
    </p>
   </div>
   <div class='ocr_carea' id='block_1_108' title="bbox 2024 5006 3596 5079">
    <p class='ocr_par' dir='ltr' id='par_1_108' title="bbox 2024 5006 3596 5079">
     <span class='ocr_line' id='line_1_108' title="bbox 2024 5006 3596 5079; baseline 0 -17"><span class='ocrx_word' id='word_1_779' title='bbox 2024 5011 2174 5079; x_wconf 88' lang='grc' dir='ltr'>ὑμῖν,</span> <span class='ocrx_word' id='word_1_780' title='bbox 2215 5009 2391 5078; x_wconf 81' lang='grc' dir='ltr'>ἥνπερ</span> <span class='ocrx_word' id='word_1_781' title='bbox 2422 5007 2542 5062; x_wconf 81' lang='grc' dir='ltr'>κατ’</span> <span class='ocrx_word' id='word_1_782' title='bbox 2571 5008 2747 5078; x_wconf 77' lang='grc' dir='ltr'>ἀρχὰς</span> <span class='ocrx_word' id='word_1_783' title='bbox 2772 5007 2820 5059; x_wconf 89' lang='grc' dir='ltr'>οἱ</span> <span class='ocrx_word' id='word_1_784' title='bbox 2849 5007 2926 5077; x_wconf 80' lang='grc' dir='ltr'>τῷ</span> <span class='ocrx_word' id='word_1_785' title='bbox 2960 5006 3301 5078; x_wconf 83' lang='grc' dir='ltr'>βαπτίσματι</span> <span class='ocrx_word' id='word_1_786' title='bbox 3335 5011 3596 5079; x_wconf 61' lang='grc' dir='ltr'>προσιόν.</span> 
     </span>
    </p>
   </div>
   <div class='ocr_carea' id='block_1_109' title="bbox 2021 5098 3597 5170">
    <p class='ocr_par' dir='ltr' id='par_1_109' title="bbox 2021 5098 3597 5170">
     <span class='ocr_line' id='line_1_109' title="bbox 2021 5098 3597 5170; baseline 0.002 -17"><span class='ocrx_word' id='word_1_787' title='bbox 2021 5117 2113 5164; x_wconf 89' lang='grc' dir='ltr'><strong>τες</strong></span> <span class='ocrx_word' id='word_1_788' title='bbox 2131 5098 2474 5153; x_wconf 82' lang='grc' dir='ltr'>ἐδιδάσκοντο</span> <span class='ocrx_word' id='word_1_789' title='bbox 2492 5115 2507 5129; x_wconf 74' lang='grc' dir='ltr'><strong>ο</strong></span> <span class='ocrx_word' id='word_1_790' title='bbox 2521 5098 2636 5152; x_wconf 84' lang='grc' dir='ltr'>ἀλλ’</span> <span class='ocrx_word' id='word_1_791' title='bbox 2661 5099 2754 5153; x_wconf 78' lang='grc' dir='ltr'>ἐπὶ</span> <span class='ocrx_word' id='word_1_792' title='bbox 2767 5098 2868 5169; x_wconf 75' lang='grc' dir='ltr'><strong>τὴν</strong></span> <span class='ocrx_word' id='word_1_793' title='bbox 2893 5099 3209 5170; x_wconf 75' lang='grc' dir='ltr'>τελειότητα</span> <span class='ocrx_word' id='word_1_794' title='bbox 3233 5099 3597 5170; x_wconf 79' lang='grc' dir='ltr'>ἀναγὼμεθα.</span> 
     </span>
    </p>
   </div>
   <div class='ocr_carea' id='block_1_110' title="bbox 2017 5191 3604 5264">
    <p class='ocr_par' dir='ltr' id='par_1_110' title="bbox 2017 5191 3604 5264">
     <span class='ocr_line' id='line_1_110' title="bbox 2017 5191 3604 5264; baseline 0.001 -18"><span class='ocrx_word' id='word_1_795' title='bbox 2017 5193 2081 5246; x_wconf 77' lang='lat' dir='ltr'><strong>Ei</strong></span> <span class='ocrx_word' id='word_1_796' title='bbox 2111 5192 2220 5264; x_wconf 79' lang='grc' dir='ltr'><strong>γὰρ</strong></span> <span class='ocrx_word' id='word_1_797' title='bbox 2249 5193 2344 5246; x_wconf 81' lang='grc' dir='ltr'><strong>καὶ</strong></span> <span class='ocrx_word' id='word_1_798' title='bbox 2377 5191 2739 5264; x_wconf 84' lang='grc' dir='ltr'>ὼλισθήσατε,</span> <span class='ocrx_word' id='word_1_799' title='bbox 2773 5192 2891 5246; x_wconf 84' lang='grc' dir='ltr'>ἀλλ’</span> <span class='ocrx_word' id='word_1_800' title='bbox 2938 5192 3088 5247; x_wconf 80' lang='grc' dir='ltr'>οῦν³⁸</span> <span class='ocrx_word' id='word_1_801' title='bbox 3136 5194 3196 5246; x_wconf 80' lang='grc' dir='ltr'>οὐ</span> <span class='ocrx_word' id='word_1_802' title='bbox 3238 5194 3472 5247; x_wconf 85' lang='grc' dir='ltr'>δύνασθε</span> <span class='ocrx_word' id='word_1_803' title='bbox 3508 5197 3604 5248; x_wconf 80' lang='grc' dir='ltr'>θε-</span> 
     </span>
    </p>
   </div>
   <div class='ocr_carea' id='block_1_111' title="bbox 2025 5283 3598 5357">
    <p class='ocr_par' dir='ltr' id='par_1_111' title="bbox 2025 5283 3598 5357">
     <span class='ocr_line' id='line_1_111' title="bbox 2025 5283 3598 5357; baseline 0.001 -19"><span class='ocrx_word' id='word_1_804' title='bbox 2025 5285 2209 5356; x_wconf 80' lang='grc' dir='ltr'>μέλιον</span> <span class='ocrx_word' id='word_1_805' title='bbox 2239 5284 2476 5349; x_wconf 83' lang='grc' dir='ltr'>πίστεως</span> <span class='ocrx_word' id='word_1_806' title='bbox 2515 5285 2676 5340; x_wconf 86' lang='grc' dir='ltr'>πάλιν</span> <span class='ocrx_word' id='word_1_807' title='bbox 2705 5283 2959 5357; x_wconf 83' lang='grc' dir='ltr'>δέχεσθαι</span> <span class='ocrx_word' id='word_1_808' title='bbox 2988 5284 3112 5340; x_wconf 72' lang='grc' dir='ltr'>οὐδὲ</span> <span class='ocrx_word' id='word_1_809' title='bbox 3141 5285 3431 5357; x_wconf 83' lang='grc' dir='ltr'>βάπτισμα</span> <span class='ocrx_word' id='word_1_810' title='bbox 3465 5287 3598 5340; x_wconf 84' lang='grc' dir='ltr'>δεύ-</span> 
     </span>
    </p>
   </div>
   <div class='ocr_carea' id='block_1_112' title="bbox 414 5393 1931 5468">
    <p class='ocr_par' dir='ltr' id='par_1_112' title="bbox 414 5393 1901 5463">
     <span class='ocr_line' id='line_1_112' title="bbox 414 5393 1901 5463; baseline 0.001 -13"><span class='ocrx_word' id='word_1_811' title='bbox 414 5404 444 5434; x_wconf 71' lang='lat'>&#39;</span> <span class='ocrx_word' id='word_1_812' title='bbox 471 5394 608 5452; x_wconf 77' lang='lat' dir='ltr'><strong>Hel).</strong></span> <span class='ocrx_word' id='word_1_813' title='bbox 630 5411 686 5463; x_wconf 88' lang='lat' dir='ltr'><strong>v,</strong></span> <span class='ocrx_word' id='word_1_814' title='bbox 718 5396 808 5450; x_wconf 75' lang='grc'><strong>12.</strong></span> <span class='ocrx_word' id='word_1_815' title='bbox 874 5405 905 5436; x_wconf 71' lang='grc' dir='ltr'><strong>ν</strong></span> <span class='ocrx_word' id='word_1_816' title='bbox 949 5393 1082 5451; x_wconf 85' lang='lat' dir='ltr'><strong>Ileb.</strong></span> <span class='ocrx_word' id='word_1_817' title='bbox 1110 5411 1196 5461; x_wconf 78' lang='lat' dir='ltr'><strong>v1,</strong></span> <span class='ocrx_word' id='word_1_818' title='bbox 1228 5395 1280 5449; x_wconf 80' lang='grc'>1.</span> <span class='ocrx_word' id='word_1_819' title='bbox 1333 5403 1360 5430; x_wconf 72' lang='grc' dir='ltr'><strong>κ</strong></span> <span class='ocrx_word' id='word_1_820' title='bbox 1389 5393 1523 5450; x_wconf 91' lang='lat' dir='ltr'><strong>ibid.</strong></span> <span class='ocrx_word' id='word_1_821' title='bbox 1549 5393 1604 5448; x_wconf 83' lang='lat'><strong>5.</strong></span> <span class='ocrx_word' id='word_1_822' title='bbox 1679 5403 1709 5444; x_wconf 71' lang='grc' dir='ltr'><strong><em>γ</em></strong></span> <span class='ocrx_word' id='word_1_823' title='bbox 1743 5393 1901 5451; x_wconf 79' lang='lat' dir='ltr'><strong>Joan.</strong></span> 
     </span>
    </p>
   </div>
   <div class='ocr_carea' id='block_1_113' title="bbox 2032 5393 2194 5468">
    <p class='ocr_par' dir='ltr' id='par_1_113' title="bbox 2034 5399 2194 5468">
     <span class='ocr_line' id='line_1_113' title="bbox 2034 5399 2194 5468; baseline -0.006 -14"><span class='ocrx_word' id='word_1_824' title='bbox 2034 5416 2071 5468; x_wconf 85' lang='grc' dir='ltr'><strong>ι,</strong></span> <span class='ocrx_word' id='word_1_825' title='bbox 2105 5399 2194 5455; x_wconf 69' lang='grc'><strong>10.</strong></span> 
     </span>
    </p>
   </div>
   <div class='ocr_carea' id='block_1_114' title="bbox 1598 5515 2284 5574">
    <p class='ocr_par' dir='ltr' id='par_1_114' title="bbox 1598 5515 2284 5574">
     <span class='ocr_line' id='line_1_114' title="bbox 1598 5515 2284 5574; baseline 0.003 -2"><span class='ocrx_word' id='word_1_826' title='bbox 1598 5515 1836 5572; x_wconf 69' lang='grc' dir='ltr'><strong>ΥΑΗΙᾹΞ</strong></span> <span class='ocrx_word' id='word_1_827' title='bbox 1883 5516 2284 5574; x_wconf 85' lang='lat' dir='ltr'><strong>LECTIONES.</strong></span> 
     </span>
    </p>
   </div>
   <div class='ocr_carea' id='block_1_115' title="bbox 410 5603 1820 5679">
    <p class='ocr_par' dir='ltr' id='par_1_115' title="bbox 410 5603 1820 5679">
     <span class='ocr_line' id='line_1_115' title="bbox 410 5603 1820 5679; baseline 0.003 -21"><span class='ocrx_word' id='word_1_828' title='bbox 410 5603 458 5647; x_wconf 68' lang='grc'><strong>1⁸</strong></span> <span class='ocrx_word' id='word_1_829' title='bbox 492 5603 574 5675; x_wconf 78' lang='grc' dir='ltr'><strong>τῷ</strong></span> <span class='ocrx_word' id='word_1_830' title='bbox 610 5603 742 5679; x_wconf 58' lang='lat' dir='ltr'><strong>add.</strong></span> <span class='ocrx_word' id='word_1_831' title='bbox 763 5604 868 5679; x_wconf 70' lang='lat' dir='ltr'><strong>B._</strong></span> <span class='ocrx_word' id='word_1_832' title='bbox 901 5603 950 5638; x_wconf 79' lang='grc'>³⁸</span> <span class='ocrx_word' id='word_1_833' title='bbox 987 5603 1122 5679; x_wconf 58' lang='lat' dir='ltr'><strong>iLB.</strong></span> <span class='ocrx_word' id='word_1_834' title='bbox 1161 5605 1264 5679; x_wconf 47' lang='lat' dir='ltr'><strong>:“ei</strong></span> <span class='ocrx_word' id='word_1_835' title='bbox 1289 5622 1350 5679; x_wconf 64' lang='grc' dir='ltr'>ς’.</span> <span class='ocrx_word' id='word_1_836' title='bbox 1442 5609 1489 5640; x_wconf 77' lang='grc'><strong>’⁸</strong></span> <span class='ocrx_word' id='word_1_837' title='bbox 1516 5607 1594 5679; x_wconf 83' lang='grc' dir='ltr'>τῷ</span> <span class='ocrx_word' id='word_1_838' title='bbox 1618 5625 1728 5664; x_wconf 92' lang='lat' dir='ltr'><strong>om.</strong></span> <span class='ocrx_word' id='word_1_839' title='bbox 1759 5609 1820 5662; x_wconf 90' lang='grc' dir='ltr'>Β.</span> 
     </span>
    </p>
   </div>
   <div class='ocr_carea' id='block_1_116' title="bbox 1921 5609 2908 5684">
    <p class='ocr_par' dir='ltr' id='par_1_116' title="bbox 1921 5609 2908 5684">
     <span class='ocr_line' id='line_1_116' title="bbox 1921 5609 2908 5684; baseline 0.015 -31"><span class='ocrx_word' id='word_1_840' title='bbox 1921 5613 1966 5642; x_wconf 67' lang='grc'>³⁷</span> <span class='ocrx_word' id='word_1_841' title='bbox 2010 5609 2354 5684; x_wconf 64' lang='grc' dir='ltr'>βαπτισμῶν</span> <span class='ocrx_word' id='word_1_842' title='bbox 2378 5611 2647 5684; x_wconf 73' lang='grc' dir='ltr'>διαφορᾶς</span> <span class='ocrx_word' id='word_1_843' title='bbox 2684 5614 2809 5668; x_wconf 86' lang='lat' dir='ltr'><strong>add.</strong></span> <span class='ocrx_word' id='word_1_844' title='bbox 2846 5613 2908 5668; x_wconf 88' lang='grc' dir='ltr'>Β.</span> 
     </span>
    </p>
   </div>
   <div class='ocr_carea' id='block_1_117' title="bbox 3011 5614 3591 5687">
    <p class='ocr_par' dir='ltr' id='par_1_117' title="bbox 3011 5614 3591 5687">
     <span class='ocr_line' id='line_1_117' title="bbox 3011 5614 3591 5687; baseline 0.009 -21"><span class='ocrx_word' id='word_1_845' title='bbox 3011 5614 3056 5646; x_wconf 71' lang='grc'><strong>³⁸</strong></span> <span class='ocrx_word' id='word_1_846' title='bbox 3091 5614 3306 5687; x_wconf 77' lang='grc' dir='ltr'>ἐγίνετο</span> <span class='ocrx_word' id='word_1_847' title='bbox 3335 5615 3378 5667; x_wconf 84' lang='grc' dir='ltr'><strong>Β</strong></span> <span class='ocrx_word' id='word_1_848' title='bbox 3418 5633 3439 5687; x_wconf 64' lang='grc' dir='ltr'>ξ</span> <span class='ocrx_word' id='word_1_849' title='bbox 3471 5617 3591 5687; x_wconf 76' lang='grc' dir='ltr'><strong>ἐγέ-</strong></span> 
     </span>
    </p>
   </div>
   <div class='ocr_carea' id='block_1_118' title="bbox 341 5673 3599 5761">
    <p class='ocr_par' dir='ltr' id='par_1_118' title="bbox 341 5673 3599 5761">
     <span class='ocr_line' id='line_1_118' title="bbox 341 5673 3599 5761; baseline 0.001 -23"><span class='ocrx_word' id='word_1_850' title='bbox 341 5673 558 5761; x_wconf 36' lang='grc' dir='ltr'>νετονςξ</span> <span class='ocrx_word' id='word_1_851' title='bbox 591 5759 602 5761; x_wconf 70' lang='lat'><strong><em>_</em></strong></span> <span class='ocrx_word' id='word_1_852' title='bbox 632 5673 1106 5761; x_wconf 37' lang='grc' dir='ltr'><strong>δέὲὲξξδόιέξειειίιενγΒἶ</strong></span> <span class='ocrx_word' id='word_1_853' title='bbox 1142 5675 1219 5761; x_wconf 47' lang='grc' dir='ltr'><strong>,το</strong></span> <span class='ocrx_word' id='word_1_854' title='bbox 1240 5677 1474 5761; x_wconf 60' lang='grc' dir='ltr'>ῥιφέντες</span> <span class='ocrx_word' id='word_1_855' title='bbox 1497 5673 1656 5753; x_wconf 77' lang='lat' dir='ltr'><strong>vulgo</strong></span> <span class='ocrx_word' id='word_1_856' title='bbox 1672 5691 1792 5751; x_wconf 87' lang='lat' dir='ltr'><strong>post</strong></span> <span class='ocrx_word' id='word_1_857' title='bbox 1812 5680 1967 5752; x_wconf 79' lang='grc' dir='ltr'>λόγον</span> <span class='ocrx_word' id='word_1_858' title='bbox 1991 5673 2229 5754; x_wconf 73' lang='grc' dir='ltr'>ροιιιιιιι’</span> <span class='ocrx_word' id='word_1_859' title='bbox 2260 5683 2302 5715; x_wconf 84' lang='grc'>³¹</span> <span class='ocrx_word' id='word_1_860' title='bbox 2334 5673 2570 5754; x_wconf 64' lang='grc' dir='ltr'>ὑμᾶς’[ξ.</span> <span class='ocrx_word' id='word_1_861' title='bbox 2597 5673 2801 5741; x_wconf 86' lang='lat' dir='ltr'><strong>omisso</strong></span> <span class='ocrx_word' id='word_1_862' title='bbox 2841 5685 2997 5755; x_wconf 88' lang='lat' dir='ltr'><strong>paulo</strong></span> <span class='ocrx_word' id='word_1_863' title='bbox 3045 5673 3166 5756; x_wconf 70' lang='lat' dir='ltr'><strong>post</strong></span> <span class='ocrx_word' id='word_1_864' title='bbox 3192 5685 3360 5758; x_wconf 74' lang='grc' dir='ltr'>ὑμᾶς.</span> <span class='ocrx_word' id='word_1_865' title='bbox 3423 5685 3472 5719; x_wconf 74' lang='grc'><strong>³⁸</strong></span> <span class='ocrx_word' id='word_1_866' title='bbox 3498 5673 3599 5761; x_wconf 58' lang='grc' dir='ltr'>με-</span> 
     </span>
    </p>
   </div>
   <div class='ocr_carea' id='block_1_119' title="bbox 341 5740 1300 5832">
    <p class='ocr_par' dir='ltr' id='par_1_119' title="bbox 341 5740 1300 5832">
     <span class='ocr_line' id='line_1_119' title="bbox 341 5740 1300 5832; baseline 0.003 -34"><span class='ocrx_word' id='word_1_867' title='bbox 341 5745 559 5810; x_wconf 66' lang='grc' dir='ltr'>τατὈίας</span> <span class='ocrx_word' id='word_1_868' title='bbox 579 5759 690 5801; x_wconf 89' lang='lat' dir='ltr'><strong>om.</strong></span> <span class='ocrx_word' id='word_1_869' title='bbox 725 5743 790 5800; x_wconf 89' lang='lat' dir='ltr'><strong>B.</strong></span> <span class='ocrx_word' id='word_1_870' title='bbox 855 5740 866 5743; x_wconf 57' lang='grc'>⁷</span> <span class='ocrx_word' id='word_1_871' title='bbox 897 5740 944 5778; x_wconf 71' lang='grc'><strong>³’³</strong></span> <span class='ocrx_word' id='word_1_872' title='bbox 975 5740 1069 5799; x_wconf 79' lang='grc' dir='ltr'><strong>οὖν</strong></span> <span class='ocrx_word' id='word_1_873' title='bbox 1089 5745 1213 5802; x_wconf 87' lang='lat' dir='ltr'><strong>add.</strong></span> 
     </span>
    </p>
   </div>
  </div>
