3912 6234
331 351 440 420 339

1478 355 1742 420 PHOTII
1767 357 2269 458 PATBIARCH/E
2304 359 2412 420 ΟΡ.

3457 354 3562 419 Ἂν]

327 475 466 534 erat,
503 467 701 538 inquit,
737 467 1107 538 pcenltentlaz,
1134 482 1237 530 nec
1263 483 1328 525 ex
1357 467 1578 523 aﬂ‘ectu.
1604 468 1740 525 Nam
1774 485 1896 541 pre-

1999 491 2136 542 ματι
2184 472 2388 541 Ἰησοῦ
2406 470 2451 505 ⁸⁸
2498 470 2774 541 Χριστοῦ,
2822 469 2916 524 καὶ
2959 468 3102 535 ἑξῆς.
3149 467 3275 540 [883
3301 467 3394 542 [1.]
3428 471 3558 525 ’Καὶ

328 558 433 613 cati
460 567 661 622 essent,
692 567 746 613 et
778 559 990 613 veniam
1039 558 1336 614 dedissent.
1365 558 1514 615 Vidit
1558 574 1689 616 vero
1721 562 1894 629 magis

330 649 545 711 I’ctrus,
577 649 782 719 Spiritu
807 659 995 704 sancto
1017 651 1312 712 revelantc,
1341 659 1570 706 mentem
1594 652 1739 706 illius
1765 651 1896 706 sub-

329 742 706 796 sannationem
739 756 860 795 esse
895 750 949 795 et
978 741 1244 797 fraudem.
1283 741 1473 813 5401)
1522 743 1604 796 An
1636 743 1893 813 ignoratis

327 831 452 901 quia
485 832 780 900 quicunque
807 830 1068 899 baptizati
1103 847 1284 884 sumus
1320 832 1376 884 in
1411 831 1623 886 Christo
1658 830 1808 895 Iesu,
1839 833 1895 885 in

299 928 493 999 'morte
549 921 717 988 ipsius
764 919 1020 989 baptizati
1063 937 1244 974 sumus
1273 920 1346 974 ⁸⁸2
1409 922 1466 976 In
1517 921 1735 977 Christo
1763 921 1892 976 Jesu

326 1011 596 1080 baptizari
624 1011 916 1079 signiﬁcat,
960 1010 1260 1065 secundum
1297 1020 1621 1081 praeceptum
1675 1021 1731 1066 et
1780 1021 1895 1066 tra-

324 1104 588 1158 ditionem
621 1100 751 1158 Jesu
791 1101 995 1157 Christi
1028 1103 1290 1172 baptizari
1329 1120 1342 1156 :
1379 1105 1485 1158 hoc
1511 1103 1673 1158 estin
1710 1101 1894 1170 Patre,

322 1203 378 1249 et
404 1194 575 1259 Filio,
605 1204 658 1250 et
685 1193 892 1264 Spiritu
925 1206 1116 1250 sancto
1149 1213 1163 1260 ;
1199 1195 1327 1250 illud
1355 1204 1536 1249 autem
1571 1214 1585 1252 :
1619 1193 1689 1250 In
1731 1205 1896 1250 morte

323 1285 490 1353 ipsius
520 1325 535 1349 ,
585 1293 713 1355 typo
748 1284 1186 1339 demonstrantes
1222 1285 1274 1339 in
1307 1285 1635 1355 baptismate
1668 1295 1892 1340 mortem

323 1375 466 1444 ejus.
512 1375 664 1441 Quod
699 1375 983 1446 proferunt
1016 1375 1305 1431 Novatiani
1339 1395 1353 1430 :
1403 1375 1712 1430 Voluntarie
1754 1378 1894 1430 enim

322 1466 661 1536 peccantibus
705 1466 856 1522 nobis
901 1480 1018 1538 post
1055 1477 1322 1538 acceptam
1352 1470 1598 1524 notitiam
1632 1471 1892 1533 veritatis,

313 1558 432 1626 jam
462 1574 565 1610 non
605 1557 918 1628 relinquitur
953 1575 1049 1628 pro
1097 1561 1324 1628 peccatis
1370 1560 1584 1626 hostia,
1638 1559 1892 1614 terribilis

325 1657 503 1700 autem
536 1647 780 1717 quautam
810 1649 1134 1717 exspectatio
1159 1649 1354 1718 judicii
1376 1649 1428 1716 ιι,
1451 1658 1556 1704 etc.
1592 1648 1707 1704 Hoc
1729 1649 1896 1720 igitur

324 1739 530 1793 dictum
563 1739 630 1794 ad
661 1739 954 1796 tollendam
987 1740 1365 1810 paenitentiam
1401 1739 1670 1810 prolatum
1696 1739 1895 1795 dissol-

322 1831 492 1896 vitur,
521 1848 644 1887 cum
668 1833 773 1898 ait;
799 1832 889 1887 hic
910 1846 1018 1886 non
1041 1833 1365 1903 simpliciter
1393 1831 1721 1887 sacriﬁcium
1749 1847 1898 1887 amo-
1927 1827 1968 1883 Β

323 1932 434 1986 vet,
467 1923 560 1978 sed
598 1923 731 1994 lcgis
763 1922 1088 1978 sacriﬁcium
1123 1941 1136 1977 :
1168 1933 1222 1979 et
1252 1940 1360 1977 non
1384 1923 1704 1993 simpliciter
1725 1923 1894 1978 inter-

322 2015 479 2080 dicit,
518 2017 610 2069 sed
644 2024 693 2070 et
722 2015 992 2085 judicium
1021 2015 1271 2070 ultimum
1304 2015 1369 2069 iis
1389 2015 1777 2078 comminatur,
1802 2016 1894 2086 qui

322 2117 449 2177 post
483 2107 814 2177 agnitionem
845 2107 1109 2168 veritatis,
1143 2119 1196 2162 et
1221 2107 1437 2178 mystici
1475 2107 1725 2163 sacriﬁcii
1755 2106 1897 2162 frui-

323 2202 552 2266 tionem,
598 2201 666 2255 ad
706 2199 838 2256 illud
871 2200 1041 2270 legale
1071 2215 1165 2271 per
1193 2201 1395 2256 vitulos
1421 2209 1477 2256 et
1505 2213 1692 2256 tauros
1724 2200 1897 2256 sacri-

323 2292 508 2346 ﬁcium
558 2301 927 2348 revertuntur.
986 2289 1112 2348 Haec
1156 2293 1384 2349 dicendo
1435 2293 1511 2348 ait
1574 2292 1894 2362 Apostolqu

325 2397 561 2439 avocare
591 2395 846 2440 conatum
869 2383 1107 2451 Judacos,
1137 2386 1228 2455 qui
1275 2385 1389 2456 jam
1435 2385 1660 2442 Christo
1709 2401 1768 2441 se
1796 2384 1897 2440 ad-

317 2476 655 2546 iunxerant,
703 2476 772 2532 ab
804 2477 1186 2533 observatione
1238 2476 1394 2546 legis.
1426 2476 1896 2544 Quemadmodum

322 2584 454 2640 ergo
499 2577 649 2625 vetat
695 2584 791 2626 eos
841 2571 1175 2641 baptismata
1238 2570 1373 2639 legis
1430 2571 1691 2642 exsequi,
1741 2570 1820 2626 sic
1847 2579 1900 2625 et

323 2667 550 2715 cruenta
579 2658 872 2716 sacriﬁcia.
900 2659 1116 2715 Etenim
1142 2657 1315 2715 Judaei
1343 2661 1397 2716 in
1423 2670 1708 2730 peccatum
1740 2659 1895 2729 lapsi,

319 2754 562 2827 primum
599 2753 818 2824 quidem
839 2754 1296 2825 puriﬁcabantur,
1328 2755 1523 2811 deinde
1544 2769 1686 2826 aqua
1715 2755 1900 2810 ablue-

324 2850 528 2905 bantur
556 2866 571 2904 :
599 2847 835 2919 denique
867 2847 1167 2903 offerebant
1209 2848 1460 2905 victimas
1498 2864 1595 2916 pro
1637 2849 1897 2920 peccatis,

324 2957 354 2994 ιι
395 2939 599 3011 quibus
632 2954 874 2995 avocans
908 2940 1032 2997 illos
1060 2940 1378 3012 Apostolus,
1411 2941 1686 2998 terribiles
1721 2942 1900 3000 minas

320 3033 496 3089 aﬂ‘ert.
537 3031 747 3086 Etenim
778 3032 1065 3102 oportebat
1089 3047 1216 3087 vera
1247 3032 1468 3088 victima
1495 3033 1664 3088 semel
1689 3033 1746 3088 in
1767 3049 1898 3090 con-

323 3121 694 3176 summatione
727 3121 1054 3178 saeculorum
1091 3137 1191 3192 pro
1222 3124 1459 3192 peccatis
1486 3123 1666 3178 oblata
1692 3164 1708 3191 ,
1747 3125 1898 3178 vide-
1925 3161 1967 3218 ο

321 3216 447 3273 licet
471 3217 626 3288 Agno
649 3216 739 3271 Dei
774 3216 997 3272 tollente
1024 3227 1305 3287 peccatum
1331 3217 1519 3273 mundi
1547 3219 1754 3282 occiso,
1784 3233 1893 3273 non

322 3309 560 3378 amplius
592 3307 801 3378 reliqua
826 3323 967 3373 esse,
1000 3309 1093 3364 sed
1120 3309 1345 3363 omnino
1363 3324 1578 3365 cessare
1605 3310 1775 3365 multa
1806 3311 1896 3365 illa

323 3410 378 3454 et
441 3400 618 3471 typica
675 3401 940 3455 sacriﬁcia
997 3415 1093 3470 pro
1149 3411 1495 3468 peccatorum
1563 3401 1894 3471 expiatione.

324 3489 470 3545 Fieri
501 3492 648 3547 enim
680 3507 789 3546 non
813 3500 994 3562 potest
1018 3531 1033 3556 ,
1088 3492 1546 3561 quemadmodum
1585 3492 1726 3546 idem
1748 3492 1896 3562 Apo-

325 3582 503 3638 stolus
525 3583 623 3646 ait,
659 3590 717 3636 ut
746 3581 945 3638 iterum
975 3581 1200 3652 sanguis
1222 3590 1506 3637 taurorum
1535 3591 1590 3637 et
1615 3582 1897 3638 hircorum

325 3675 480 3730 tollat
510 3683 756 3745 peccata,
793 3688 919 3729 cum
949 3673 1116 3729 semel
1154 3675 1344 3745 Agnus
1400 3674 1498 3730 Dei
1536 3675 1752 3732 oblatus
1803 3677 1895 3731 sit.

323 3767 444 3824 Una
485 3769 630 3822 enim
686 3767 984 3831 oblatione,
1015 3766 1214 3838 inquit,
1247 3768 1651 3824 consummavit
1694 3769 1747 3824 in
1780 3786 1899 3825 om~

321 3878 445 3918 nem
480 3862 894 3932 perpetuitatem
935 3877 1029 3919 eos
1076 3862 1172 3933 qui
1203 3860 1620 3918 sanctiﬁcantur
1663 3881 1678 3918 :
1727 3879 1893 3934 quem

325 3953 489 4024 igitur
517 3953 584 4008 ad
612 3952 833 4008 modum
869 3952 1209 4022 impossibile
1231 3951 1394 4015 dixit,
1422 3952 1742 4022 sanguinem
1778 3954 1896 4008 hir-

322 4057 512 4100 corum
557 4053 610 4098 et
670 4053 953 4098 taurorum
1011 4045 1227 4099 auferre
1272 4051 1496 4112 peccata
1542 4043 1767 4108 mundi,
1831 4044 1899 4099 ad

325 4136 578 4192 eumdem
608 4137 829 4192 modum
853 4147 906 4191 et
937 4137 1223 4206 sequentia
1249 4136 1383 4191 dicit
1411 4155 1424 4190 :
1461 4136 1758 4191 Voluntarie
1789 4153 1902 4206 pec-

325 4229 566 4282 cantibus
605 4227 752 4282 nobis
781 4237 898 4298 post
935 4229 1184 4302 notitiam
1212 4228 1452 4282 veritatis
1475 4267 1490 4291 ,
1530 4227 1650 4298 jam
1684 4245 1787 4284 non
1819 4245 1900 4282 re-

329 4319 588 4388 linquitur
617 4335 710 4388 pro
740 4321 969 4391 peccatis
1000 4319 1171 4373 hostia
1199 4321 1246 4384 ί,
1269 4331 1376 4375 ctc.
1409 4321 1624 4375 Etenim
1661 4331 1900 4375 tremen-

327 4410 455 4464 dum
479 4410 806 4466 sacriﬁcium
836 4411 1083 4482 corporis
1105 4411 1222 4478 Dei,
1257 4412 1400 4482 quod
1429 4427 1459 4466 a
1486 4413 1647 4468 nobis
1680 4413 1902 4483 perﬁci-

2002 565 2172 636 μυρία
2212 565 2366 620 ἄλλα.
2403 564 2570 618 Ὥστε
2602 565 2636 635 ἡ
2670 563 2770 634 τῆς
2803 561 3096 632 μετανοίας
3125 562 3272 626 λέξις
3301 562 3450 616 οὐδὲν
3490 556 3565 618 ὦν

1998 655 2283 709 ἐϐούλοντο
2307 655 2488 708 δίδωσι
2517 656 2629 718 τοῖς
2651 654 3032 716 Ναυατιανοῖς.
3053 653 3177 706 Ὅτι
3203 653 3264 706 τὸ
3295 653 3447 723 παρὰ
3472 652 3568 706 τοῦ

1997 745 2238 815 Σίμωνος
2261 745 2353 798 τοῦ
2371 744 2416 778 ’⁸⁷
2437 745 2631 811 Μάγου
2658 745 2776 814 είρη
2786 743 2942 812 μένον
2963 744 3037 814 τῷ
3053 742 3335 813 κορυφαίῳ
3352 743 3563 812 Πέτρῳ·

1994 837 2247 903 Δεήθητε
2269 835 2382 892 οὖν
2403 837 2570 907 ὑμεῖς
2597 835 2750 904 ὑπὲρ
2771 831 2942 904 ἐμοῦ,
2959 835 3117 900 ὅπως
3135 833 3326 904 μηδὲν
3345 833 3568 902 ἐπέλθῃ

1991 945 2092 999 μοι
2116 922 2203 982 ὧν
2225 929 2523 996 εἰρήκατε,
2571 928 2672 980 ούκ
2701 923 2770 998 ἦν
2803 926 3110 996 μετανοίας,
3143 927 3324 994 φησὶν.
3357 925 3479 978 οὐδὲ
3506 927 3571 976 ἐκ

1995 1019 2317 1085 διαθέσεως·
2348 1015 2383 1091 ἦ
2419 1019 2529 1090 γὰρ
2555 1019 2621 1072 ἂν
2653 1021 2747 1072 καὶ
2781 1018 3080 1088 ἐδεήθησαν
3108 1019 3203 1071 καὶ
3234 1015 3566 1086 συγγνώμης

1999 1109 2330 1180 μετέδωκαν.
2363 1109 2531 1170 Εἰδὼς
2560 1109 2616 1162 δὲ
2650 1109 2849 1179 μᾶλλον
2878 1107 2937 1172 ὲξ
2970 1108 3126 1173 ἁγίου
3153 1107 3472 1176 Πνεύματος
3497 1106 3569 1159 τὰ

1994 1196 2094 1266 τῆς
2123 1194 2287 1249 αὐτοῦ
2311 1195 2552 1260 διανοίας
2573 1199 2601 1250 ό
2631 1197 2859 1268 Πέτρος,
2889 1197 2964 1260 ὡς
2991 1197 3188 1266 χλεύης
3211 1197 3307 1250 καὶ
3346 1196 3568 1266 ἀπάτης

1993 1287 2064 1340 τὰ
2121 1287 2328 1340 ἐκείνου
2378 1288 2697 1358 παρέδραμε
2749 1289 2989 1358 ῥήματα.
3025 1289 3145 1342 Ὅτι
3185 1286 3304 1340 τοῦ·
3343 1288 3418 1342 Ἢ
3458 1288 3568 1356 ἀγ-

1993 1378 2186 1433 νοεῖτε
2222 1379 2331 1446 ὄτι,
2375 1378 2510 1433 ὅσοι
2539 1378 3005 1448 ’ἐϐαπτίσθημεν
3040 1381 3128 1444 είς
3161 1378 3419 1446 Χριστὸν
3456 1379 3570 1443 Ἰηο

1993 1471 2170 1534 σοῦν,
2199 1471 2286 1536 είς
2322 1469 2430 1524 τὸν
2459 1468 2720 1524 θάνατον
2752 1469 2939 1524 αὐτοῦ
2973 1468 3468 1542 ’ἐϐαπτίσθημξνς
3503 1466 3570 1519 τὸ

1995 1562 2093 1633 μὲν
2120 1563 2198 1625 είς
2229 1559 2460 1633 Χριστὸν
2496 1561 2699 1633 Ἰησοῦν
2730 1560 3094 1632 βαπτισθῆναι
3126 1559 3386 1629 σημαίνοι
3408 1557 3476 1613 ἂν
3503 1559 3568 1611 τὸ

1993 1655 2137 1710 κατὰ
2179 1653 2277 1726 τὴν
2311 1653 2532 1726 ἐντολὴν
2581 1654 2672 1706 καὶ
2700 1653 2997 1722 παράδοσιν
3036 1651 3128 1704 τοῦ
3178 1650 3417 1722 Χριστοῦ
3456 1651 3562 1718 Ἰη.

2003 1746 2097 1801 σοῦ
2155 1746 2532 1818 βαπτισθῆναι,
2571 1745 2848 1798 τουτέστιν
2889 1745 2969 1808 είς
3019 1744 3245 1814 Πατέρα,-
3285 1743 3382 1797 καὶ
3428 1743 3561 1797 Tib»

1997 1840 2158 1914 [1609
2190 1839 2283 1912 IL]
2317 1839 2410 1891 καὶ
2441 1836 2594 1906 ἅγιον
2617 1835 2861 1906 Πνεῦμα,
2895 1836 2956 1889 τὸ
2981 1835 3038 1888 δὲ
3065 1838 3150 1902 είς
3171 1837 3280 1890 τὸν
3307 1835 3572 1890 θάνατον

1996 1930 2203 1996 αὐτοῦ,
2224 1929 2467 1984 τουτέστι
2497 1927 2793 1992 τυποῦντες
2816 1928 2873 1980 ὲν
2899 1925 2976 1996 τῷ
3003 1924 3338 1996 βαπτίσματι
3356 1923 3448 1978 τὸν
3465 1924 3569 1979 θά-

1995 2040 2154 2079 νατον
2188 2019 2352 2076 αὐτοῦ
2372 2019 2436 2073 ⁸⁸.
2467 2018 2595 2073 Ὀτι
2625 2016 3042 2090 προτεινόμενον
3072 2015 3223 2088 παρὰ
3245 2017 3357 2078 τοῖς
3378 2015 3568 2068 Ναυα-

1995 2117 2196 2178 τιανοϊς
2223 2114 2322 2167 τό·
2368 2110 2688 2177 Ἑκουσίως
2737 2108 2847 2178 τὰρ
2894 2107 3064 2179 ἡμῶν
3108 2106 3572 2176 ἁμαρτανόντων

1991 2205 2144 2278 μετὰ
2192 2205 2258 2258 τὸ
2307 2203 2513 2258 λαϐεῖν
2546 2201 2659 2270 τὴν
2708 2201 3035 2270 ἐπίγνωσιν
3064 2198 3175 2267 τῆς
3223 2197 3569 2270 [μετανοίας

1997 2298 2118 2372 καί]
2150 2299 2454 2367 ἀληθείας,
2489 2296 2686 2352 οὐκέτι
2714 2295 2847 2363 περὶ
2890 2295 3194 2363 ἁμαρτιῶν
3243 2293 3570 2348 ὑπολείπε-

1996 2410 2091 2446 ται
2128 2391 2330 2456 θυσία,
2358 2387 2581 2460 φοϐερὰ
2609 2387 2676 2441 δέ
2704 2405 2789 2453 τις
2812 2386 3036 2455 ἐκδοχὴ
3068 2383 3470 2454 κρίσεως,ξκα“ι
3498 2383 3572 2436 τὰ

1999 2483 2150 2554 ἑξῆς,
2183 2481 2343 2537 τοῦτο
2386 2475 2479 2535 οῦν
2510 2479 2571 2533 τδ
2601 2479 2764 2550 ῥητὸν
2797 2478 2878 2542 είς
2918 2477 3199 2548 ἀναίρεσιν
3247 2475 3350 2546 τῆς
3400 2491 3573 2543 μετα-

1999 2577 2147 2640 νοίας
2186 2573 2622 2648 προϐαλλόμενον
2666 2571 2968 2635 ὲπιλύεται,
3016 2569 3111 2623 καί
3159 2584 3322 2640 φησιν
3366 2567 3449 2621 ὅτι
3485 2567 3575 2618 ἑν·-

1999 2667 2176 2724 ταῦθα
2207 2667 2306 2736 οὐχ
2333 2661 2520 2727 ἁπλῶς
2549 2660 2743 2716 θυσίαν
2790 2659 3112 2731 ἀποτρέπει,
3159 2656 3298 2712 ἀλλὰ
3337 2656 3573 2728 νομικὴν

2001 2759 2214 2824 θυσίαν,
2239 2757 2336 2812 καὶ¹
2366 2755 2465 2827 οὐχ
2500 2752 2684 2818 ἁπλῶς
2709 2750 3068 2823 ἀπαγορεύει,
3103 2749 3240 2804 ἀλλὰ
3262 2749 3358 2803 καὶ
3384 2748 3576 2820 κρίσιν

2001 2852 2236 2924 ἐσχάτην
2275 2849 2490 2905 ἀπειλεῖ
2522 2849 2636 2912 τοῖς
2672 2845 2812 2918 μετὰ
2843 2846 2941 2918 τὴν
2970 2843 3270 2912 ἐπίγνωσιν
3296 2842 3400 2913 τῆς
3437 2839 3575 2910 ἁλη-

2001 2947 2152 3010 θείας
2181 2944 2276 2998 καὶ
2303 2942 2404 3012 τῆς
2449 2937 2720 3012 μυστικῆς
2769 2938 2964 3001 θυσίας
3008 2936 3107 3007 τὴν
3157 2934 3460 2989 ἀπόλαυσιν
3489 2934 3575 2997 είς

2000 3034 2217 3107 ἐκείνην
2240 3031 2338 3104 τὴν
2355 3029 2608 3104 νομικὴν,
2625 3027 2723 3099 τὴν
2752 3027 2840 3081 διὰ
2875 3026 3091 3097 μόσχων
3120 3026 3215 3080 καὶ
3235 3022 3453 3095 ταύρων
3481 3040 3575 3076 τε·-

2000 3126 2289 3198 λουμένην,
2322 3121 2628 3178 ὲπανιοῦσι.
2657 3119 2829 3173 Τοῦτο
2877 3119 3059 3188 λέγειν
3101 3115 3235 3188 ῲησὶ
3272 3117 3365 3170 τὸν
3405 3116 3576 3169 Ἀπό-

2005 3219 2189 3276 στολον
2258 3219 2492 3289 ἀφιστᾷν
2542 3213 2840 3269 σπεύδοντα
2893 3213 3019 3276 τοὺς
3087 3206 3418 3276 Ἰουδαίους,
3469 3208 3574 3281 ἠδη

2003 3312 2226 3386 Χριστῷ
2255 3309 2747 3384 προσεληλυθότας,
2775 3306 2884 3362 ἀπὸ
2913 3309 3012 3377 τῆς
3040 3305 3274 3376 νομικῆς
3316 3320 3576 3374 παρατη-

2005 3409 2237 3480 ρήσεως.
2273 3407 2481 3475 Ὠσπερ
2523 3397 2616 3456 οὖν
2642 3403 2709 3455 τὰ
2738 3401 2937 3472 νομικὰ
2979 3398 3333 3470 βαπτίσματα
3371 3395 3577 3450 κωλύει

2004 3500 2231 3563 τούτους
2259 3496 2550 3563 ἐπιτελεῖν,
2593 3493 2736 3548 οὕτω
2779 3493 2875 3547 καὶ
2921 3493 3019 3557 τὰς
3069 3491 3326 3561 ὲναίμους
3357 3487 3572 3552 θυσίας.

2003 3591 2115 3646 Καὶ
2141 3591 2249 3662 γὰρ
2282 3591 2343 3643 τὸ
2378 3588 2644 3659 Ἐϐραίων
2670 3585 2824 3654 γένος
2869 3585 3270 3654 ἁμαρτάνοντες
3306 3581 3578 3652 πρότερον

2007 3682 2106 3753 μὲν
2156 3678 2459 3752 ήγνίζοντο,
2493 3674 2612 3732 εἶτα
2663 3676 3028 3747 βαπτίσμασιν
3077 3670 3426 3734 ἁπελούοντο,
3479 3669 3579 3723 καὶ

2003 3772 2190 3826 λοιπὸν
2210 3771 2310 3841 ῆδη
2338 3769 2436 3833 τὰς
2463 3768 2602 3840 ὑπὲρ
2624 3766 2731 3821 τῶν
2753 3763 3158 3838 ἡμαρτημένων
3187 3761 3379 3824 θυσίας
3406 3775 3579 3831 προσ-

2005 3864 2222 3936 έφερον.
2253 3857 2356 3916 Ὦν
2402 3862 2600 3924 αὐτοὺς
2639 3860 2868 3929 ἀπάγων
2907 3858 2936 3910 ὁ
2978 3855 3305 3917 Ἀπόστολος
3346 3853 3441 3906 καὶ
3471 3851 3576 3921 τὴν

2004 3955 2234 4026 ἀπειλὴν
2277 3953 2515 4025 φοϐερὰν
2547 3952 2843 4022 ἐπήνεγκε.
2886 3948 2993 4002 Καὶ
3025 3947 3132 4017 γὰρ
3164 3945 3270 3998 ἔδει
3314 3943 3414 4012 τῆς
3447 3942 3580 4010 ἁλη-

2005 4049 2159 4118 θινῆς
2210 4046 2399 4108 θυσίας
2429 4043 2580 4108 ἅπαξ
2625 4041 2720 4095 ἐπὶ
2750 4039 3031 4109 συντελείᾳ
3073 4036 3168 4091 τοῦ
3198 4035 3394 4098 αίῶνος
3436 4033 3580 4102 ὑπὲρ

2006 4138 2291 4210 ἁμαρτιῶν
2318 4132 2792 4207 προσενεχθείσης,
2827 4133 2945 4203 ῆτοι
2973 4129 3067 4183 τοῦ
3103 4127 3274 4200 ἀμνοῦ
3306 4127 3402 4180 τοῦ
3439 4123 3579 4179 Θεοῦ

2004 4229 2099 4284 τοῦ
2136 4227 2383 4300 αἴροντος
2411 4225 2509 4296 τὴν
2549 4223 2823 4293 ἁμαρτίαν
2848 4220 2940 4275 τοῦ
2971 4221 3178 4291 κόσμου
3207 4217 3583 4288 σφαγιασθέν-

2005 4339 2119 4386 τος,
2144 4321 2340 4392 μηκέτι
2370 4317 2776 4386 ὑπολελεῖφθαι,
2807 4313 2922 4368 ἁλλ⁹
2959 4310 3441 4377 ὅλωςνπεπαῦσθαι
3480 4308 3584 4370 τὰς

2010 4409 2212 4472 πολλὰς
2246 4409 2342 4462 καὶ
2366 4407 2605 4470 τυπικὰς
2640 4406 2830 4468 θυσίας
2861 4405 2998 4476 ὑπὲρ
3029 4403 3310 4475 ἁμαρτιῶν
3337 4418 3588 4472 προσφε-

328 4508 440 4562 tur,
473 4516 582 4554 non
606 4499 758 4555 varia
788 4501 1060 4557 sacriﬁcia
1088 4500 1362 4571 producit,
1390 4501 1486 4558 sed
1513 4501 1711 4573 δήια
1749 4517 1896 4557 com-

2013 4498 2263 4570 ρομὲνας.
2327 4493 2612 4548 Ἀδύνατον
2659 4493 2788 4564 γὰρ,
2837 4495 2913 4558 ὡς
2960 4492 3120 4554 αὐτὸς
3165 4493 3193 4544 ό
3253 4488 3584 4552 Ἀπόστολός

330 4592 658 4647 memoratio
707 4601 789 4648 est
824 4593 1015 4648 hostia:
1047 4595 1214 4648 semel
1245 4595 1440 4649 oblata:
1470 4613 1483 4648 :
1525 4593 1668 4661 Hoc,
1705 4595 1896 4665 inquit.

2008 4608 2162 4662 φησι,
2221 4588 2383 4643 πάλιν
2438 4583 2579 4658 αἷμα
2627 4585 2847 4657 ταύρων
2899 4587 2995 4638 καὶ
3043 4585 3264 4655 τράγων
3317 4582 3584 4651 ἀφαιρεῖν

328 4684 490 4754 facite
543 4683 601 4738 in
641 4697 811 4738 meam
858 4687 1404 4741 commemorationem
1437 4684 1486 4750 i,
1514 4694 1568 4740 et
1600 4705 1613 4741 :
1655 4686 1896 4752 Quoties-

2005 4682 2305 4754 ἁμαρτίας,
2338 4679 2486 4744 ἅπαξ
2511 4678 2602 4731 τοῦ
2625 4678 2798 4746 ἀμνοῦ
2828 4675 2921 4729 τοῦ
2942 4675 3077 4729 Θεοῦ
3099 4672 3582 4745 προσενεχθέντοςο

330 4793 532 4846 cunque
584 4777 724 4830 enim
767 4777 864 4831 hoc
905 4777 1168 4848 facimus,
1202 4789 1420 4833 mortem
1461 4779 1672 4833 Domini
1694 4797 1896 4834 annun-

2009 4776 2111 4848 μιᾷ
2143 4773 2250 4845 γὰρ
2281 4771 2570 4842 προσφορᾷ
2595 4768 2933 4831 τετελείωκε,
2967 4767 3155 4837 φησὶν,
3189 4765 3268 4828 είς
3295 4764 3356 4816 τὸ
3389 4764 3587 4832 διηνε·

332 4865 532 4918 tiamus
562 4864 613 4932 ι,
671 4865 798 4921 Haec
825 4867 1011 4921 omnia
1042 4865 1300 4937 Eulogius
1349 4867 1752 4925 Alexandrinus
1774 4910 1788 4936 ,
1839 4872 1896 4926 ad

2006 4868 2100 4928 κὲς
2125 4867 2251 4926 τοὺς
2278 4861 2696 4931 ἁγιαζομένους.
2720 4861 2816 4914 Ὃν
2845 4856 2938 4912 οῦν
2970 4859 3169 4929 τρόπον
3198 4857 3419 4927 εἴρηκεν
3447 4854 3584 4908 ἁδύ-

331 4955 686 5012 rel‘cllendum
717 4954 1146 5015 Novatianorum
1197 4959 1396 5028 dogma
1429 4958 1586 5012 dixit.

2007 4976 2166 5014 νατον
2195 4952 2333 5026 αἷμα
2361 4954 2576 5026 ταύρων
2604 4953 2699 5008 καὶ
2728 4953 2944 5021 τράγων
2994 4951 3247 5022 ἀφαιρεῖν
3277 4949 3587 5020 ἁμαρτίας,

332 5048 424 5102 τὸν
457 5051 618 5105 αὐτὸν
668 5054 761 5106 καὶ
815 5054 876 5106 τὸ
906 5053 1247 5130 ἐπαγόμενον
1303 5053 1439 5126 ἔφη,
1489 5056 1569 5108 ὅτι
1612 5055 1937 5124 Ἑκουσίως
1970 5055 2140 5127 ἡμῶν
2188 5053 2651 5123 ἁμαρτανόντων
2717 5049 2869 5119 μετὰ
2927 5048 3040 5117 τὴν
3085 5049 3416 5118 ἐπίγνωσιν
3473 5045 3590 5112 τῆς

331 5140 620 5210 ἀληθείας
651 5143 851 5198 οὐκέτι
883 5143 1019 5212 περὶ
1045 5143 1346 5213 ἁμαρτιῶν
1392 5146 1784 5200 ὑπολείπεται
1825 5149 2028 5213 θυσία,
2083 5147 2178 5200 καὶ
2234 5143 2303 5198 τὰ
2365 5142 2510 5214 ἑξῆς.
2544 5143 2652 5194 Kal.
2712 5143 2818 5212 γὰρ
2850 5141 2945 5194 καὶ
2981 5143 3014 5210 ἡ
3053 5141 3181 5207 παρ’
3209 5138 3367 5208 ήμῶν
3396 5141 3580 5192 ἐπιτε-

331 5234 569 5303 λουμένη
602 5235 698 5290 τοῦ
736 5234 988 5305 σώματος
1020 5233 1113 5287 τοῦ
1130 5235 1174 5267 ⁸³
1221 5235 1424 5307 Κυρίου
1465 5234 1668 5308 φρικτὴ
1707 5236 1897 5307 τελετὴ
1941 5239 2003 5291 οὐ
2071 5235 2272 5290 θυσιῶν
2307 5237 2423 5288 ἐστι
2471 5233 2746 5304 διαφόρων
2795 5232 2841 5264 ⁸ο
2894 5231 3254 5304 προσαγωγὴ,
3306 5229 3441 5302 [884
3486 5218 3584 5294 HJ

403 5421 430 5462 ε
474 5412 633 5470 Rom.
667 5433 737 5483 vr,
763 5417 818 5472 5.
883 5413 914 5455 ιι
944 5415 1110 5473 Hebr.
1137 5433 1190 5482 κ,
1225 5417 1312 5472 24.
1405 5419 1422 5458 ί
1463 5417 1592 5473 ibid.
1622 5416 1712 5470 26.
1792 5427 1806 5466 ι
1846 5415 1896 5470 Li

2007 5433 2143 5479 mi,
2175 5417 2262 5471 l9.
2329 5417 2354 5456 Β
2396 5417 2414 5471 1
2449 5417 2573 5472 Cor.
2612 5431 2687 5480 si,
2713 5412 2803 5468 26.

1595 5551 1841 5639 (vanu:
1880 5551 2281 5610 LECTIONES.

1605 5669 1650 5700 ⁸⁷
1682 5668 1774 5721 τοῦ
1805 5679 1850 5723 et
1886 5669 2024 5725 infra
2052 5675 2295 5726 τουτέστι
2319 5670 2443 5726 add.
2485 5671 2540 5723 Β.

2655 5669 2699 5701 ⁸⁸
2739 5665 2945 5741 αὐτοῦ]
2981 5668 3240 5723 hactenus
3271 5666 3332 5722 Β.
3415 5669 3461 5702 δ’
3491 5669 3582 5724 τοῦ

1011 5741 1404 5812 "Sagarim-ivi)
1441 5761 1451 5794 :
1481 5743 1573 5792 zz".
1608 5741 1881 5810 διαφόρων
1921 5758 1978 5804 ς’.

447 5671 491 5703 ⁸³
526 5672 697 5740 Ἰησοῦ
733 5673 810 5726 B:
851 5672 943 5726 τοῦ
979 5672 1180 5742 Κυρίου
1221 5670 1394 5739 Ἰησοῦ
1436 5689 1494 5732 ς’.

343 5754 470 5798 ante
490 5744 676 5812 θυρίον
709 5756 816 5796 om.
840 5746 900 5799 (ὲ.
