3922 6242
275 269 364 334 341
1235 273 1756 337 BIBLIOTHECA.
1787 299 1856 311 --
1884 272 2047 335 COD.
2072 274 2390 336 CCLXXX.
3366 281 3472 347 342

275 391 390 445 ἀλλα
416 390 504 461 τῆς
527 389 671 457 ἅπαξ
701 389 1212 465 προσενηνεγμένης
1229 391 1420 455 θυσίας
1445 391 1781 462 ἀνάμνησιςο
1835 391 2015 446 Τοῦτο
2055 389 2186 462 γὰρ,
2239 389 2393 462 φησι,
2460 392 2676 448 ποιεῖτε
2745 395 2831 463 είς
2875 394 2990 464 τὴν
3016 395 3172 466 ἐμὴν
3203 397 3475 470 ἀνάμνη-

271 502 377 549 σιν,
408 485 521 540 καί·
566 487 805 554 Ὁσάκις
823 489 932 559 γὰρ
951 488 1125 542 τοῦτο
1151 489 1457 558 ποιοῦμεν,
1477 487 1584 542 τόν
1605 486 1867 541 θάνατον
1890 481 1996 541 τοῦ
2022 484 2241 552 Kvplov
2304 485 2807 556 καταγγέλλομεν.
2879 488 3063 542 Ταῦτα
3115 491 3158 522 ⁵¹
3195 491 3294 562 μὲν
3351 495 3381 546 6
3412 497 3470 560 ἐξ

287 575 654 648 Ἀλεξανδρείας
687 579 936 649 Εὑλὸγιος
971 579 1056 632 ἐπ’
1081 580 1360 650 ἀνατροπῇ
1390 579 1491 651 τῆς
1519 577 1866 648 Ναυατιανῆς
1897 576 2056 647 δόξης
2087 575 2409 648 ἀντέφησεν.

2535 692 2580 746 Ε
2616 693 2754 748 libro
2785 707 2869 750 ιιι.

1971 784 2154 852 Vetat,
2190 785 2390 856 inquit,
2428 785 2690 842 Dominus
2724 787 2778 841 in
2813 788 2921 843 hac
2951 790 3060 845 vita
3087 792 3328 860 separari
3354 807 3478 860 pec-

1903 887 2117 935 catores
2137 896 2167 934 a
2185 879 2370 950 justis,
2396 890 2449 936 et
2471 881 2572 935 hoc
2599 890 2739 950 patet
2764 897 2827 936 ex
2853 883 3134 952 parabola,
3155 900 3276 954 quae
3303 885 3435 940 dicit
3463 905 3474 938 :

1904 969 2087 1025 Simile
2105 980 2182 1024 est
2214 988 2426 1042 regnum
2464 973 2714 1026 cwlorum
2751 973 2950 1027 homini
2971 976 3259 1029 seminanti
3283 977 3476 1030 bonum

701 696 801 749 Ἐκ
825 697 932 750 τοῦ
956 702 1005 764 γ’
1035 697 1222 766 λόγου
1253 697 1319 749 ".
1833 679 1880 733 Α

329 785 438 837 Ὅτι
477 784 827 855 ἀπαγορεύει,
857 786 1046 856 φησὶν,
1085 789 1112 839 6
1133 785 1335 857 Κύριος
1365 787 1424 840 ἐν
1465 784 1544 856 τῷ
1574 785 1800 858 παρόντι

265 875 355 944 ,βίῳ
383 873 787 944 διαχωρίζεσθαι
841 875 966 938 τοὺς
1011 876 1369 945 ἁμαρτωλοὺς
1409 876 1516 930 ἀπὸ
1571 877 1678 930 τῶν
1721 876 1803 929 δι-

269 965 415 1018 καίων
444 981 457 993 ·
485 964 577 1017 καὶ
619 963 775 1017 τοῦτο
806 965 991 1034 δῆλον,
1022 965 1188 1034 φησὶν
1213 1007 1228 1031 ,
1259 968 1323 1019 ὲκ
1361 965 1461 1034 τῆς
1485 963 1802 1036 παραϐολῆς

265 1058 368 1126 ἥτις
397 1055 535 1125 λέγει
579 1072 595 1087 ο
633 1056 910 1125 Ὡμοιώθη
965 1057 1003 1124 ή
1045 1058 1332 1122 ,ϐασιλεία
1370 1056 1488 1111 τῶν
1531 1056 1803 1126 οὐρανῶν

265 1147 518 1214 ἀνθρώπῳ
559 1149 869 1215 σπειροντι
920 1146 1114 1200 καλὸν
1136 1147 1392 1216 σπέρμα,
1421 1148 1517 1202 καὶ
1551 1147 1621 1200 τὰ
1652 1144 1800 1216 ἑξῆς,

263 1238 352 1299 ἕως
378 1236 494 1290 τοῦσ
527 1237 729 1303 Θέλεις
783 1235 896 1294 οὖν
935 1240 981 1271 ⁵³
1009 1240 1376 1304 ἀπελθόντες
1413 1238 1805 1309 συλλέξωμεν

261 1328 425 1392 αὑτιί;
447 1331 473 1382 6
507 1330 558 1383 δέ
597 1347 760 1399 φησιν
787 1347 801 1362 ο
833 1332 936 1394 Οὐ,
977 1331 1062 1401 μή
1094 1345 1238 1385 ποτε
1284 1332 1690 1402 συλλέγοντες
1732 1331 1805 1386 τὰ

262 1420 451 1482 ᾇζιίνια
477 1420 828 1490 ἐκριζώσητε
857 1422 976 1490 ἅμα
1006 1421 1210 1489 αὐτοῖς
1235 1421 1342 1476 τὸν
1369 1422 1562 1476 σῖτον.
1591 1422 1804 1491 Ἅφετε

261 1511 719 1576 συναυξάνεσθαι
730 1514 881 1567 αὐτὰ
891 1512 1000 1579 ἕως
1019 1510 1445 1582 τοῦῑθερισμοῦ,
1462 1512 1638 1566 καὶτὰ
1654 1511 1801 1584 ἑξῆς.

262 1603 387 1671 Λῦτη
420 1599 507 1655 οὖν
539 1604 570 1673 ἡ
615 1602 921 1674 παραϐολὴ,
952 1605 1119 1673 φησὶν
1143 1641 1159 1666 ,
1191 1602 1525 1673 ἀπαγορεύει
1560 1604 1666 1674 πρὸ
1706 1603 1806 1671 τῆς

1903 1079 2096 1126 semen,
2119 1073 2173 1117 et
2191 1063 2424 1134 reliqua,
2457 1063 2714 1132 usquead
2740 1063 2830 1117 illa
2860 1081 2874 1118 :
2915 1062 3004 1118 Vis
3031 1082 3236 1130 eamus,
3258 1068 3479 1120 etcolli-

1903 1175 2088 1230 gamus
2105 1157 2236 1212 illa?
2263 1157 2328 1211 Et
2359 1157 2471 1212 ait:
2504 1157 2647 1220 Non,
2669 1174 2731 1210 ne
2758 1161 2893 1226 [orte
2916 1156 3219 1228 colligentes
3243 1160 3476 1224 zizania,

1902 1249 2186 1304 eradicetis
2226 1264 2346 1302 cum
2383 1249 2458 1302 eis
2489 1247 2650 1302 simul
2678 1257 2727 1301 et
2757 1247 3034 1303 triticum:
3069 1249 3225 1303 sinite
3260 1259 3482 1321 utraque

1907 1358 2138 1397 crescere
2177 1357 2340 1411 usque
2374 1341 2442 1393 ad
2481 1357 2695 1394 messem
2729 1339 2775 1407 ι,
2823 1349 2933 1394 etc.
2964 1341 3091 1395 Huic
3134 1341 3300 1411 igitur
3325 1359 3480 1412 para-

1904 1436 2050 1497 bola,
2081 1435 2293 1505 inquit,
2347 1443 2491 1488 vetat
2539 1441 2666 1487 ante
2717 1434 3251 1490 consummationem
3296 1437 3478 1490 szeculi

1904 1525 2145 1595 separari
2195 1533 2510 1594 peccatores
2552 1540 2582 1577 a
2634 1523 2834 1592 iustis,
2876 1525 2978 1577 etsi
3033 1522 3226 1578 Novati
3288 1525 3480 1579 morbo

1905 1617 2081 1672 affecti
2120 1617 2224 1670 hoc
2253 1615 2462 1678 dicant,
2491 1616 2704 1685 seipsos
2733 1625 2988 1682 tanquam
3013 1630 3179 1684 puros
3209 1614 3330 1670 aliis
3364 1631 3477 1668 me-

259 1693 337 1746 τοῦ
366 1693 545 1756 αίῶνος
590 1693 900 1778 συντελείας
927 1690 1274 1763 διαχωρίζειν
1290 1692 1418 1755 τοὺς
1448 1691 1803 1761 ἁμαρτωλοὺς

1909 1708 2409 1778 lioresjudicantes.
2435 1706 2551 1761 lluc
2590 1707 2754 1760 etiam
2788 1708 3038 1776 pertinet,
3065 1707 3209 1776 quod
3240 1707 3480 1777 Baptista

261 1781 354 1835 ἀπὸ
407 1784 509 1836 τῶν
562 1771 815 1851 δι’καίων,
871 1784 976 1838 κᾶν
1007 1785 1055 1836 oi
1109 1782 1179 1836 τὰ
1215 1783 1468 1836 Ναυάτου
1523 1782 1803 1844 νοσοῦντες

1909 1800 2042 1855 dixit
2069 1818 2082 1853 :
2115 1798 2280 1868 Cujus
2311 1798 2658 1853 ventilabrum
2692 1800 2746 1852 in
2792 1815 2950 1852 manu
2988 1815 3107 1864 sua,
3139 1807 3187 1852 et
3235 1815 3481 1867 permun-

257 1874 393 1927 τοῦτο
433 1875 683 1944 λέγωσιν,
715 1877 792 1940 ὡς
835 1876 1108 1947 καθαροὺς
1131 1875 1356 1939 ἑαυτοὺς
1394 1875 1671 1946 κρίνοντες
1697 1875 1803 1928 τῶν

1909 1889 2054 1943 dabit
2097 1906 2273 1944 arcam
2327 1906 2476 1943 suam
2505 1897 2568 1953 ιη,
2606 1898 2712 1943 etc.
2766 1888 2956 1942 Facite
2989 1889 3132 1942 vobis
3171 1889 3370 1943 amicos
3416 1890 3481 1943 de

261 1965 410 2020 ἄλλων
468 1967 792 2040 ἀνθρώπων.
865 1969 958 2032 Είς
985 1968 1047 2020 τὸ
1091 1966 1223 2020 αὐτὸ
1260 1967 1317 2021 δὲ
1363 1967 1542 2038 ἀερορᾷ
1596 1968 1707 2027 κοιὶΔ
1741 1967 1803 2020 τὸ

1909 1998 2211 2035 mammona
2235 1980 2530 2050 iniquitatis
2550 1988 2598 2044 ο,
2631 1979 2920 2050 signiﬁcat,
2953 1978 3135 2034 Facite
3167 1979 3322 2034 vobis
3345 1981 3481 2034 ami-

259 2059 388 2129 παρά
409 2058 496 2112 τοῦ
526 2059 828 2128 βαπτιστοῦ
865 2061 1180 2130 εἰρημένον
1201 2055 1284 2115 Οὗ
1311 2058 1378 2113 τὸ
1408 2060 1600 2113 πτύον
1627 2059 1697 2113 ἐν
1725 2059 1800 2129 τῇ

1909 2088 2020 2136 eos,
2055 2071 2147 2141 qui
2202 2071 2254 2124 in
2315 2073 2522 2124 mundo
2551 2079 2729 2138 egent,
2791 2077 2844 2123 et
2877 2069 3020 2138 apud
3068 2067 3241 2124 Deum
3279 2067 3478 2124 divites

260 2151 388 2247 χειρὶ
414 2151 623 2214 αὐτοῦ,
681 2152 778 2206 καὶ
809 2151 1180 2219 διακαθαριεῖ
1220 2149 1336 2220 τὴν
1363 2150 1566 2206 ἅλωνα
1588 2153 1798 2218 αὑτοῦ,

1909 2173 2047 2228 sunt,
2081 2163 2174 2217 sed
2209 2161 2405 2216 melius
2427 2171 2512 2216 est
2543 2161 2664 2215 illos
2689 2174 3010 2229 comparare
3031 2159 3238 2214 amicos
3263 2159 3330 2214 de
3359 2174 3476 2229 pro-

260 2239 338 2292 καὶ
363 2239 428 2295 Ed
467 2241 622 2312 ἑξῆς,
671 2243 766 2296 καὶ
808 2243 976 2314 μυρία
1013 2242 1168 2297 ἄλλα.
1199 2242 1324 2296 Ὅτι
1371 2241 1453 2309 τὸ,
1502 2241 1802 2310 Ποιήσατε

1909 2255 2036 2325 priis
2062 2254 2342 2309 laboribus
2375 2255 2627 2307 :Honora
2661 2253 2797 2306 enim
2827 2251 2990 2305 Deum
3015 2251 3078 2306 de
3112 2261 3204 2306 tua
3236 2249 3480 2306 substan-

255 2331 457 2400 ἑαυτοῖς
498 2336 724 2404 φίλους
787 2335 856 2389 ἐκ
922 2335 1030 2390 τοῦ
1078 2333 1330 2404 μαμωνᾶ
1381 2332 1488 2402 τῆς
1543 2335 1800 2402 ἀδικίας,

1909 2345 1978 2398 tia
2001 2351 2049 2410 ο,
2080 2353 2134 2399 et
2162 2344 2328 2414 justis
2373 2343 2672 2398 laboribus.
2733 2340 2789 2396 Si
2850 2357 2981 2398 vero
3045 2341 3180 2396 nihil
3243 2343 3479 2412 supersit

252 2423 460 2479 τοιοῦτόν
482 2429 626 2482 ἐστι’
678 2428 888 2494 Φίλους,
922 2428 1058 2499 φησὶ
1083 2427 1152 2493 ⁵⁸,
1185 2428 1451 2498 ποιήσατε
1467 2429 1604 2497 ,τοὺς
1640 2429 1696 2481 ὲν
1723 2428 1802 2499 τῷ

1909 2452 1962 2491 ex
2005 2435 2167 2506 justis
2209 2435 2522 2500 laboribus,
2559 2444 2689 2489 tunc
2729 2450 2848 2504 qua:
2903 2449 2970 2487 ex
3023 2433 3310 2504 iniquitate
3364 2434 3480 2488 col-

252 2514 415 2588 κόσμῳ
439 2517 620 2589 τούτῳ
668 2521 1014 2590 πενομένους,
1069 2518 1359 2582 πλουσίους
1390 2518 1449 2571 δὲ
1473 2518 1618 2573 κατά
1643 2519 1799 2576 Θεόν.

1909 2529 2170 2599 legimus,
2226 2527 2293 2582 iis
2348 2542 2443 2582 eos
2507 2528 2715 2581 amicos
2763 2525 3028 2582 faciamus
3095 2543 3108 2579 :
3172 2524 3480 2578 Hammona

253 2604 393 2678 [l6l2
417 2611 502 2682 8.]
544 2611 691 2666 Ἀλλ’
717 2613 940 2681 ἄμεινον
975 2612 1074 2682 μὲν
1115 2613 1312 2675 αὐτοὺς
1342 2611 1572 2665 κτᾶσθαι
1601 2609 1803 2682 ίφίλους

1909 2621 2045 2675 enim
2086 2620 2386 2690 iniquitatis
2429 2617 2665 2672 habendi
2699 2616 3048 2687 cupiditatem
3101 2627 3279 2670 vocat.
3320 2616 3481 2670 Tales

249 2696 302 2761 ἐξ
334 2698 465 2753 ίδίων
496 2702 707 2755 κόπων.
752 2702 895 2768 Τίμα
911 2701 1020 2771 τὰρ
1045 2701 1155 2755 τὸν
1180 2701 1399 2768 Κύριον
1418 2700 1537 2756 ἀπὸ
1564 2698 1693 2754 σῶν
1718 2700 1803 2754 δι-

1909 2722 2081 2768 autem
2113 2725 2245 2781 opes
2277 2725 2374 2780 per
2415 2723 2684 2780 pauperes
2731 2706 2928 2778 accipit
2974 2706 3155 2772 Deus,
3210 2707 3257 2760 si
3315 2706 3478 2760 modo

250 2791 411 2846 καίων
449 2794 659 2848 πόνων
693 2809 708 2823 ·
767 2796 815 2848 εί
853 2793 909 2847 δὲ
951 2795 1026 2866 μὴ
1087 2794 1349 2865 πρόσεστι
1379 2791 1448 2847 τὰ
1494 2795 1558 2848 ὲκ
1580 2793 1803 2847 δικαίων

1909 2817 2196 2862 caveamus
2253 2817 2321 2856 ne
2372 2801 2427 2855 in
2493 2810 2774 2870 posterum
2822 2813 3131 2869 peccemus.
3183 2796 3480 2851 Pulchrum

249 2881 426 2946 ⁴ιιόνων,
459 2885 560 2939 κᾶν
581 2884 724 2954 γοῦν
752 2883 788 2938 ἃ.
814 2885 874 2950 ἐξ
902 2885 1115 2949 ἀδικίας
1142 2884 1522 2954 συνελέξαμεν,
1550 2884 1618 2938 δι’
1660 2885 1803 2938 ὲκεί-

1909 2896 2073 2960 enim,
2105 2896 2206 2949 etsi
2235 2906 2332 2964 per
2354 2891 2596 2946 avaritize
2615 2889 2925 2960 pecuniam,
2947 2888 3156 2944 amicos
3175 2886 3474 2958 possidere,

249 2986 340 3024 νων
371 2975 558 3040 αὐτοὺς
609 2976 799 3046 φίλους
835 2978 881 3011 ⁵⁵
925 2977 1302 3049 ποιησώμεθα.
1350 2974 1652 3047 Μαμωνᾶν
1694 2977 1803 3048 γὰρ

1909 2996 1967 3042 ιιι
1990 3001 2112 3040 cum
2132 2985 2298 3038 vitam
2323 2981 2734 3051 reliquerimus,
2752 2994 2862 3034 non
2887 2977 3048 3032 aliam
3073 2979 3333 3032 habentes
3358 2977 3480 3031 vita:

247 3062 456 3132 ἀδικίας
489 3068 589 3139 τὴν
621 3067 936 3132 πλεονεξίαν
963 3068 1138 3122 καλεῖ.
1171 3068 1394 3138 Δέχεται
1418 3067 1477 3122 δὲ
1507 3069 1600 3122 καὶ
1631 3067 1803 3122 ταῦτα

1909 3077 2174 3150 iustitiam
2200 3081 2422 3146 propter
2457 3071 2717 3126 beneﬁcia
2753 3085 2784 3124 a
2817 3069 2977 3126 nobis
3017 3069 3071 3122 in
3100 3069 3224 3124 illos
3256 3068 3474 3130 collata,

248 3153 322 3210 διὰ
364 3158 464 3212 τῶν
490 3158 812 3232 πενομένων
856 3162 886 3215 6
927 3160 1082 3226 Θεὸς,
1118 3161 1186 3214 ἂν
1208 3161 1366 3231 μόνον
1391 3159 1488 3215 τοῦ
1521 3160 1711 3215 λοιποῦ
1743 3161 1803 3214 τὸ

1909 3168 1959 3222 iu
1993 3181 2093 3221 sua
2140 3179 2239 3219 nos
2269 3159 2616 3217 tabernacula
2665 3157 3026 3228 eleemosynis
3082 3155 3264 3210 aﬂ'ecti
3305 3155 3480 3210 susei-

248 3247 552 3320 ἀμαρτάνειν
574 3250 1072 3322 διαφυλαξαίμεθα.
1108 3253 1284 3307 Καλὸν
1315 3253 1423 3324 γὰρ
1453 3253 1557 3308 κάν
1581 3253 1668 3306 διὰ
1698 3252 1803 3306 τῶν

1909 3260 2078 3330 piant.
2111 3258 2167 3312 Si
2201 3271 2334 3313 vero
2364 3270 2476 3309 non
2504 3269 2571 3308 ex
2600 3265 2912 3307 mammona
2944 3248 3272 3320 iniquitatis,
3302 3247 3353 3302 id
3375 3257 3481 3309 est,

247 3339 331 3409 τῆς
365 3342 676 3409 πλεονεξίας
711 3347 1008 3415 χρημάτων
1034 3345 1221 3413 φίλους
1255 3344 1508 3412 κτᾶσθαι,
1541 3343 1628 3398 ἵνα
1679 3345 1803 3398 ὅταν

1909 3352 2189 3414 ενοι-ἥξω,
2250 3347 2570 3405 benefacere
2595 3343 2970 3407 voluerimus,
3030 3341 3306 3412 quomodo
3359 3341 3480 3408 quis

245 3432 552 3508 ὲκλίπωμεν,
618 3438 789 3509 μηδὲν
815 3439 997 3510 ἕτερον
1020 3439 1231 3508 ἔχοντες
1263 3437 1492 3504 ζωτικὸν
1509 3437 1803 3506 δικαίωμα,

1909 3443 2098 3499 credat
2121 3483 2137 3508 ,
2167 3440 2213 3496 si
2250 3437 2617 3494 accessissent
2654 3451 2684 3490 e
2713 3433 2952 3504 propriis
2994 3431 3275 3487 laboribus
3321 3430 3482 3483 nobis

245 3523 304 3576 δι’
339 3519 408 3581 ὧν
449 3530 656 3594 αὐτοὺς
685 3526 744 3584 εὖ
786 3531 1144 3602 ἐποιήσαμεν,
1181 3532 1262 3594 είς
1291 3529 1392 3594 τὰς
1419 3529 1627 3585 ἑαυτῶν
1656 3532 1805 3600 ἡμᾶς

247 3621 428 3688 σκηνὰς
449 3623 496 3674 οἱ
521 3622 824 3694 ἠλεημένοι
855 3621 1242 3686 ὑποδέξωνται,
1270 3621 1420 3690 Είξδὲ
1456 3621 1578 3691 μηδ’
1618 3623 1683 3674 ἐκ
1711 3620 1804 3675 τοῦ

250 3715 462 3780 μαμωνᾶ
498 3716 600 3788 τῆς
647 3715 863 3779 ἀδικίας
901 3715 1020 3786 ἦτοι
1050 3716 1148 3783 τῆς
1195 3712 1506 3778 πλεονεξίας
1534 3708 1592 3766 εὖ
1631 3715 1805 3767 ποιεῖν

242 3799 568 3876 ἐθελήσομεν,
603 3806 726 3870 πῶς
768 3807 834 3860 ἂν
863 3805 1283 3877 πιστευθείημεν
1319 3805 1400 3859 ὅτι
1445 3805 1496 3859 εί
1519 3805 1804 3876 προσῆσαν

243 3890 296 3956 ἐξ
319 3896 522 3951 οἰκείων
551 3899 744 3951 κόπων
763 3899 897 3968 ἡμῖν
927 3898 1206 3968 χρήματα,
1232 3897 1441 3958 τούτοις
1471 3894 1537 3949 ἂν
1564 3895 1692 3959 τοὺς
1718 3896 1803 3948 ὲν-

239 3979 360 4050 δεείς
389 3989 740 4061 ἠλεήσαμενς
778 3989 842 4042 Ei
880 3992 988 4061 γὰρ
1024 3990 1058 4044 ἂ
1093 3991 1261 4062 χωρὶς
1303 3987 1503 4060 μόχθου
1530 3989 1673 4051 τινὸς
1706 3987 1804 4042 καὶ

242 4079 401 4134 πόνων
423 4082 676 4149 δικαίων,
714 4088 778 4140 ὲκ
827 4085 922 4139 τοῦ
959 4087 1157 4158 ῥᾴστου
1197 4085 1254 4139 δὲ
1292 4086 1388 4140 καὶ
1422 4085 1809 4155 πλεονεκτικῆς

1908 3529 2171 3602 pecuniae,
2226 3527 2343 3582 fore
2397 3535 2456 3580 ut
2508 3524 2616 3580 illis
2679 3522 2985 3593 indigentes
3044 3517 3483 3575 commiserando

1909 3617 2356 3676 sublevaremus?
2380 3616 2440 3671 Si
2466 3616 2612 3671 enim
2643 3614 2729 3670 his
2758 3628 2880 3684 quae
2909 3613 3028 3666 sine
3055 3611 3306 3666 molestia
3338 3609 3485 3664 labe.

1911 3727 2076 3781 reque
2097 3710 2247 3780 justo
2279 3708 2461 3774 facile,
2480 3716 2534 3763 et
2553 3721 2719 3761 avara
2743 3720 2908 3759 manu
2927 3703 3083 3759 nobis
3105 3707 3480 3767 accesserunt,

1909 3803 2047 3858 adeo
2084 3801 2244 3856 facile
2275 3800 2502 3870 paratis,
2544 3807 2599 3853 et
2627 3797 2820 3852 alienis
2848 3811 3057 3861 revera,
3088 3793 3222 3849 nulli
3257 3792 3484 3862 pauperi

1908 3893 2142 3964 benigne
2180 3891 2436 3958 facimus,
2487 3889 2783 3960 quomodo,
2819 3889 2885 3943 de
2926 3889 2993 3944 iis
3027 3903 3149 3957 quae
3183 3894 3237 3942 et
3265 3884 3483 3955 propria

1909 3986 2158 4041 videntur
2175 4000 2316 4050 esse,
2335 3994 2388 4039 et
2408 3983 2659 4041 laborum
2689 3982 2902 4036 fructus
2927 3989 3076 4046 sunt,
3108 3977 3300 4051 55.16
3319 3976 3483 4032 alicui

1916 4097 2216 4153 pauperum
2245 4081 2654 4136 communicare
2684 4080 2814 4149 quid
2844 4077 3169 4133 credemur?

239 4171 401 4240 χειρκ
460 4175 594 4245 ἡμῖν
651 4175 1030 4246 προσεγένετο,
1060 4178 1266 4230 τούτων
1296 4174 1440 4230 οὕτω
1470 4175 1668 4248 ῥᾳδίως
1696 4172 2004 4246 κτηθέντων
2036 4173 2130 4227 καὶ
2173 4172 2468 4244 ἀλλοτρίων
2492 4171 2662 4224 ὄντων
2700 4170 2907 4240 κυρίως
2931 4169 3108 4222 οὐδενί⁸
3136 4167 3246 4222 τῶν
3285 4167 3480 4223 ἐνδεῶν

243 4267 642 4338 μεταδιδόαμεν,
667 4267 706 4322 ἆ
737 4268 832 4322 καὶ
865 4269 1042 4322 οἰκεῖα
1096 4268 1244 4322 δοκεῖ
1279 4264 1416 4322 εἶναι
1453 4267 1550 4321 καὶ
1586 4267 1766 4322 πόνων
1792 4267 2018 4337 καρποὶ,
2050 4266 2168 4329 πῶς
2195 4265 2260 4320 ἄν
2288 4282 2396 4318 τινι
2427 4263 2632 4317 τούτων
2664 4261 2983 4332 μεταδοῦναι
3009 4260 3470 4333 πιστευθείημενς

303 4357 417 4413 Ὅτι
453 4361 484 4413 ό
521 4361 871 4432 προφήτης,
925 4363 1080 4431 φησὶ,
1140 4360 1351 4430 λέγων·
1408 4362 1518 4414 Ὃν
1579 4363 1803 4428 τρόπον

1980 4357 2120 4414 Dicit
2148 4359 2409 4428 propheta
2440 4376 2452 4411 :
2482 4356 2757 4423 Quomodo
2808 4358 2855 4411 si
2891 4365 3042 4410 eruat
3077 4364 3261 4425 pastor
3292 4357 3354 4412 de
3392 4374 3482 4412 ore

237 4448 268 4500 6
292 4450 511 4520 ποιμὴν
539 4451 841 4507 ἐκσπάσει
865 4453 937 4506 ἐκ
971 4451 1076 4508 τοῦ
1097 4454 1396 4523 στόματος
1413 4452 1522 4508 τοῦ
1555 4450 1803 4519 λέοντος

1909 4450 2070 4506 leonis
2099 4449 2206 4503 duo
2263 4465 2444 4512 crura,
2507 4460 2600 4504 aut
2655 4460 2949 4504 extremum
2981 4449 3238 4503 auriculae
3269 4460 3296 4499 ρ
3331 4468 3348 4506 :
3393 4450 3482 4508 his

239 4540 450 4608 σκέλος
476 4543 516 4615 ἢ
562 4547 752 4599 λοϐόν
780 4547 958 4601 ὠτίου
979 4585 994 4612 ,
1034 4544 1336 4601 αἰνίττεται
1359 4544 1450 4599 διὰ
1489 4543 1697 4598 τούτων
1726 4543 1803 4607 ὡς

1909 4543 2174 4608 innuitur,
2200 4556 2308 4597 non
2331 4549 2582 4611 oportere
2609 4556 2834 4612 prorsus
2866 4543 3022 4596 illum
3049 4542 3354 4611 despicere,
3389 4545 3482 4614 qui

239 4630 294 4684 οὔ
334 4635 438 4705 χρὴ
481 4637 766 4702 παντελῶς
809 4637 1086 4708 ὑπερορᾷν
1114 4636 1238 4691 οὐδὲ
1267 4635 1358 4690 τὸν
1380 4635 1691 4709 ἐμπεσόντα
1721 4634 1803 4698 είς

1909 4635 1960 4691 iu
1985 4634 2190 4692 diaboli
2217 4647 2281 4690 os
2313 4633 2594 4698 inciderit,
2648 4633 2741 4690 sed
2775 4633 3016 4704 sigillum
3049 4635 3197 4704 quod
3229 4635 3396 4690 homo
3425 4639 3478 4690 in

238 4721 358 4777 αὐτὸ
399 4726 462 4779 τὸ
497 4728 678 4798 στόμα
713 4726 809 4782 τοῦ
851 4728 1123 4796 διαϐόλου,
1173 4727 1313 4783 ἀλλά
1365 4727 1464 4800 τὴν
1508 4727 1801 4798 σφραγῖδα,

1908 4728 2231 4800 baptismate
2264 4726 2539 4797 acceperit
2558 4767 2576 4795 ,
2605 4726 2948 4797 eripiendum
2976 4727 3193 4783 diabolo
3217 4767 3232 4792 ,
3293 4744 3362 4784 ne
3411 4730 3485 4782 ob

236 4813 296 4884 ἢν
318 4817 346 4869 6
367 4787 660 4890 ἄνθρωπος
700 4823 758 4873 ὲν
787 4821 866 4894 τῷ
900 4787 1239 4892 βαπτίσματι
1271 4787 1510 4887 ἐδέξατο,
1704 4787 1801 4894 [Li

1909 4830 2211 4876 extremum
2239 4819 2358 4874 ovis
2374 4819 2587 4874 ratione
2604 4819 2844 4889 praedita;
2866 4820 3145 4874 interitum
3167 4821 3458 4890 puniamur

238 4902 436 4980 ἑκσπᾷν
469 4912 874 4982 προσήκειζάπδ
897 4913 992 4966 τοῦ
1018 4912 1285 4966 διαϐόλου*
1322 4912 1410 4967 ἵνα
1435 4913 1512 4984 μὴ
1539 4913 1640 4984 τὴν
1664 4929 1802 4968 παν-

235 4995 350 5068 τελῆ
393 5000 680 5058 ἀπώλειαν
714 5005 810 5058 τοῦ
848 5004 1070 5074 λογικοῦ
1117 5004 1387 5077 προϐάτου
1411 5005 1805 5076 ζημιωθῶμεν.

237 5086 347 5144 Τῶν
372 5093 482 5166 γὰρ
533 5095 752 5167 ἀλόγων
805 5098 926 5154 ἔνια
969 5099 1068 5170 μὲν
1121 5100 1214 5152 ἐπὶ
1241 5099 1336 5152 τοῦ
1370 5097 1530 5162 ὠτὸς,
1575 5098 1714 5155 ἄλλα
1747 5097 1805 5150 δὲ

237 5181 326 5237 tu!
353 5187 448 5241 τοῦ
475 5190 703 5256 σκέλους
729 5191 1120 5264 σφραγίζονται
1147 5206 1164 5222 ⁸
1206 5191 1288 5247 διδ
1336 5192 1582 5262 ἀνάγκην
1624 5191 1740 5263 ἔχει
1776 5189 1807 5243 ὁ

1905 4911 2166 4979 Quasdam
2195 4910 2343 4966 enim
2376 4909 2534 4964 bruta
2561 4910 2818 4965 animalia
2846 4910 2902 4965 in
2942 4925 3097 4976 aure,
3143 4912 3406 4980 qnzedam'
3427 4911 3478 4963 i-u

1907 5020 2070 5060 crure
2093 5004 2400 5074 signantur.
2436 5004 2728 5072 Propterea
2752 5017 2977 5058 necesse
2995 5011 3080 5059 est
3100 5013 3371 5073 pastorem
3396 5001 3476 5055 vel

1910 5111 2122 5164 aurem,
2145 5098 2228 5152 vel
2259 5111 2386 5152 crus
2415 5096 2470 5151 in
2503 5095 2843 5151 numerando
2862 5095 3124 5165 praebere,
3143 5103 3197 5148 et
3221 5093 3480 5147 exhibere

1909 5191 2152 5246 domino.
2185 5190 2379 5248 Pastor
2423 5202 2550 5242 vero
2597 5187 2812 5243 ratione
2869 5187 3216 5257 przeditarum
3273 5183 3478 5246 ovium,

237 5279 435 5352 ποιμὴν
484 5281 619 5353 ῆτὺ
645 5278 736 5350 οὖς
780 5285 815 5357 ἢ
863 5285 926 5340 τὸ
966 5284 1155 5350 σκέλος
1208 5286 1268 5338 ὲν
1315 5285 1384 5355 τῇ
1430 5282 1803 5354 ἀπαριθμήσει

1911 5281 2354 5354 quandoquidem
2399 5295 2552 5348 oves,
2608 5295 2841 5351 quarum
2893 5289 2977 5334 est
3024 5284 3231 5347 pastor,
3264 5274 3463 5344 signuu

318 5437 559 5501 1Matth.
587 5462 711 5515 xm,
739 5448 811 5504 24
835 5465 988 5522 seqq.
1054 5456 1092 5488 ω
1123 5448 1312 5505 Matth.
1348 5463 1430 5515 ut,
1469 5447 1552 5505 12.
1625 5457 1652 5485 ιι
1683 5445 1803 5503 Luc

1909 5463 1971 5514 ιι,
1999 5446 2053 5503 8.
2127 5445 2342 5505 °Prov.
2389 5461 2476 5514 ιιι,
2507 5446 2561 5502 9.
2642 5455 2670 5496 P
2696 5447 2865 5500 Amos
2905 5457 2985 5508 ιιι,
3028 5441 3114 5496 ‘13.

1489 5584 1726 5642 VARI/f3
1773 5585 2184 5643 LECTIONES.

341 5696 383 5729 ”
411 5696 589 5753 ταῦτα
612 5699 654 5754 C
681 5719 692 5755 :
719 5706 873 5757 τοῦτο
891 5721 949 5768 ς.
1027 5706 1076 5741 ⁸³
1117 5702 1326 5758 titulum
1359 5717 1470 5758 oni.
1504 5700 1584 5759 Cr

1670 5702 1718 5735 ⁸³
1749 5695 1841 5756 οὖν
1879 5717 1990 5756 om.
2029 5699 2092 5757 α.
2169 5701 2215 5734 ⁸⁵
2247 5700 2380 5770 φασί
2412 5697 2474 5758 C.

2588 5699 2631 5731 ⁵³
2670 5696 2854 5767 φίλους
2892 5709 3003 5752 om.
3029 5693 3093 5749 C.
