3922 6242
381 284 487 348 313

1520 281 1784 342 ΡΗΟΤΙΙ
1812 281 2309 343 PATRIARCH/E
2341 282 2450 341 ΟΡ.

3491 277 3593 342 341

378 410 475 466 per
509 395 879 467 baptismum,
934 406 988 454 et
1041 396 1437 455 confessionem
1482 398 1604 453 ﬁdei
1654 399 1708 452 in
1749 399 1932 452 animo

2042 399 2334 469 παρασχεῖν
2365 396 2461 449 καὶ
2503 394 2855 466 παραστῆσαι
2887 393 2966 465 τῷ
3002 392 3256 464 δεσπότη.
3299 392 3362 447 'O
3387 392 3448 448 δὲ
3489 392 3597 447 τῶν

368 488 723 559 acceperunt,
769 498 825 544 et
868 488 1184 545 ibi-Domini
1220 489 1437 558 signum
1474 499 1704 560 gestant,
1741 488 1937 544 merito

377 576 506 630 illud
535 577 744 647 eripere
779 578 1018 644 diabolo,
1046 580 1193 633 omni
1219 578 1431 633 ratione
1451 578 1638 634 conari
1667 578 1847 641 debet,
1876 586 1936 632 ut

374 665 421 719 si
453 666 576 721 aliis
607 668 914 723 actionibus
944 669 1062 724 ovis
1095 685 1219 725 esca
1251 669 1344 724 fiat
1390 669 1653 725 daemonis
1675 708 1691 734 ,
1744 668 1932 723 saltem

372 756 609 826 sigillum
630 757 771 825 fidei,
792 761 935 829 quod
961 761 1014 813 in
1046 761 1229 816 animo
1249 777 1345 831 per
1369 761 1699 832 baptismum
1725 759 1933 815 inscul-

372 857 523 917 ptum
561 848 845 915 habemus,
871 854 1044 921 possit
1077 852 1227 908 illinc
1252 864 1494 923 ereptum
1523 864 1768 923 tempore
1795 851 1934 908 visi-

370 937 590 994 tationis
620 941 874 998 exhibere
904 943 1017 1000 Deo
1056 964 1070 999 :
1108 962 1364 1016 maguum
1387 955 1763 1017 argumentum
1795 959 1935 1014 prae-

370 1024 573 1095 ferens,
601 1046 710 1087 non
739 1048 838 1089 sua
858 1034 1210 1105 negligentia,
1229 1037 1519 1092 etinteritu
1541 1050 1673 1092 oves
1702 1035 1933 1091 amissas

370 1133 512 1173 esse.

2028 487 2263 557 λογικῶν
2279 488 2565 542 ποοϐἀτων
2601 487 2821 557 ποιμὴν,
2848 486 2971 540 ἐπεὶ
2994 486 3063 540 τά
3083 485 3350 555 πρόϐατα,
3375 478 3453 539 ὧν
3477 486 3591 537 ἐστι

2032 578 2257 647 ποιμὴν,
2284 578 2383 648 τὴν
2413 576 2691 647 σφραγῖδα
2720 576 2810 630 διά
2843 572 2940 628 τοῦ
2978 574 3352 645 βαπτίσματος
3374 575 3470 627 καὶ
3497 573 3594 640 τῆς

2027 670 2318 740 ὁμολογίας
2376 670 2477 739 τῆς
2523 669 2760 730 πίστεως
2805 667 2897 720 ἐπὶ
2954 667 3060 737 τῆς
3116 666 3294 736 ψυχῆς
3353 664 3593 730 ἐδέξατο,

2029 762 2190 815 κάκεῖ
2213 760 2275 815 τὸ
2305 762 2527 831 σημεῖον
2562 758 2623 811 τὸ
2650 758 2969 812 δεσποτικὸν
3006 758 3181 828 φέρει,
3212 757 3437 818 εἰκότως
3467 753 3596 808 ταύ-

2027 868 2129 922 την
2165 851 2419 919 ἀποσπᾷν
2442 849 2537 903 τοῦ
2566 849 2810 902 διαϐόλου
2863 849 3066 920 πολλὴν
3119 847 3356 918 σπουδὴν
3386 846 3596 915 ὀφείλει

2030 941 2323 1005 ποιεῖσθαι,
2372 940 2478 1003 ἵνα,
2532 941 2582 994 εί
2632 940 2729 994 καὶ
2771 943 2888 1003 ταῖς
2935 940 3123 1004 ἄλλαις
3164 939 3400 1008 πράξεσι
3429 937 3598 991 κατὰ·

2032 1033 2228 1106 βρωμα
2263 1034 2486 1103 γένηται
2511 1033 2572 1086 τὸ
2596 1032 2868 1105 πρόϐατον
2907 1032 3001 1085 τοῦ
3033 1032 3268 1102 πονηροῦ
3288 1072 3303 1096 ,
3331 1030 3449 1085 ἀλλ’
3508 1024 3601 1083 οὖν

2032 1123 2136 1177 κᾶν
2168 1124 2219 1156 ⁵⁸
2248 1122 2379 1192 γοῦν
2423 1124 2521 1193 τὴν
2556 1124 2829 1193 σφραγῖδα
2871 1125 2970 1192 τῆς
3008 1122 3263 1188 πίστεως,
3302 1123 3369 1193 ἦν
3412 1122 3606 1187 ἐνεση-

372 1213 661 1284 μάνθημεν
706 1217 795 1270 διὰ
848 1218 943 1271 τοῦ
1018 1217 1396 1291 βαπτίσματος
1464 1222 1529 1290 τῇ
1584 1219 1755 1290 ψυχῇ,
1812 1215 2011 1286 δυνηθῇ
2039 1216 2247 1269 ἐκεῖθεν
2279 1214 2603 1277 ἀποσπάσας
2657 1215 2714 1269 ἐν
2772 1214 2949 1285 καιρῷ
2982 1215 3287 1283 ἐπισκοπῆς
3342 1214 3607 1279 ἐπιδεῖξαι

369 1304 449 1373 τῷ
473 1308 739 1379 Δεσπότῃ,
777 1309 921 1378 μέγα
956 1310 1227 1381 σύμϐολον
1276 1312 1548 1383 ἐφιφέρων
1578 1312 1673 1365 τοῦ
1733 1311 1808 1382 μὴ
1862 1312 1928 1363 ἐκ
1964 1311 2061 1381 τῆς
2089 1309 2225 1372 ἰδίας
2263 1307 2534 1381 ῥᾳθυμίας
2590 1308 2687 1363 καὶ
2746 1307 3020 1371 ἀπωλείας
3048 1306 3502 1379 παραπολωλέναι
3538 1308 3608 1360 τὰ

371 1398 639 1471 πρόϐατα.

443 1491 791 1563 Interrogans
823 1493 1087 1550 Dominus
1117 1494 1342 1551 Petrum
1375 1515 1388 1551 :
1417 1497 1597 1552 Simon
1622 1496 1785 1561 Jona,
1804 1496 1931 1551 dili-

370 1584 451 1653 gis
479 1600 558 1639 me
578 1584 697 1653 plus
727 1584 805 1639 his
829 1585 899 1639 ‘1?
931 1586 1044 1655 ipse
1075 1587 1169 1656 qui
1199 1589 1349 1642 novit
1388 1588 1592 1655 omnia,
1621 1602 1731 1643 non
1767 1588 1934 1641 inter-

372 1677 582 1744 rogavit
614 1676 680 1730 ad
714 1678 1175 1746 cognoscendum,
1207 1679 1298 1735 sed
1332 1695 1456 1735 cum
1480 1690 1752 1749 pastorem
1782 1679 1931 1733 illum

375 1767 773 1822 coustituturus
819 1778 980 1833 esset,
1013 1779 1074 1823 ut
1109 1770 1416 1827 ostenderet
1450 1780 1710 1839 quantam
1747 1784 1935 1824 curam

374 1859 533 1915 ovilis
556 1869 725 1929 gerat,
755 1860 859 1915 hoc
898 1861 1042 1917 fecit.
1077 1862 1223 1915 Idem
1250 1862 1392 1915 enim
1428 1863 1520 1932 qui
1553 1878 1612 1917 se
1642 1861 1936 1917 Domiuum

374 1950 582 2020 ingenti
624 1965 812 2005 amore
837 1962 1210 2020 prosecutum,
1244 1953 1297 2005 in
1330 1962 1609 2022 pastorem
1642 1952 1937 2023 coaptavit,

375 2054 629 2109 magnam
658 2039 776 2094 sine
824 2041 991 2097 dubio
1021 2057 1148 2111 erga
1192 2057 1323 2097 oves
1374 2058 1613 2098 amorem
1666 2043 1935 2110 prmbuit:

378 2132 501 2187 ideo
527 2133 641 2203 (54)
667 2142 721 2188 et
741 2134 899 2189 tertio
920 2135 1292 2205 interrogavit,
1316 2150 1563 2204 magnam
1580 2149 1704 2206 erga
1731 2135 1941 2190 ratione

373 2227 631 2295 praeditas
659 2241 787 2281 oves
812 2242 998 2281 curam
1028 2228 1345 2283 ostendens.
1401 2227 1603 2282 Deinde
1637 2238 1689 2283 et
1711 2229 1937 2297 gradum

374 2315 666 2383 quemdam
687 2315 869 2368 ovium
892 2313 1046 2377 facit,
1066 2315 1242 2384 primo
1262 2316 1461 2384 jubens
1491 2330 1661 2385 agnos
1695 2331 1937 2385 pascere,

371 2406 565 2461 deinde
587 2405 828 2461 oviculas
861 2423 876 2460 :
917 2421 1039 2476 quae
1061 2406 1208 2461 enim
1227 2422 1357 2462 oves
1386 2406 1612 2462 fuerunt
1646 2422 1743 2477 per
1758 2408 1940 2477 aliqua

374 2510 594 2570 peccata
627 2501 935 2556 imminutae
962 2516 993 2555 ιι
1022 2501 1241 2557 virtutis
1272 2500 1626 2572 perfectione,
1655 2502 1721 2556 ad
1749 2502 1939 2557 ovicu-

370 2593 452 2647 las
482 2600 868 2647 reverterunt:
900 2601 954 2647 et
998 2592 1217 2647 demum
1271 2593 1433 2648 tertio
1486 2594 1757 2662 perfectas
1812 2607 1940 2648 oves

372 2683 639 2753 producit.
674 2684 846 2753 Agnis
873 2699 1002 2753 ergo
1030 2683 1426 2750 assimilantur,
1463 2685 1557 2752 qui
1601 2684 1778 2739 adhuc
1800 2684 1940 2738 lacte

370 2784 425 2828 et
457 2774 744 2828 elementis
774 2773 1038 2828 doctrina:
1066 2773 1312 2843 indigent
1343 2792 1356 2827 :
1391 2774 1622 2828 oviculis
1660 2789 1811 2840 vero,
1846 2773 1939 2843 qui

370 2878 466 2934 per
492 2864 674 2933 aliqua
704 2874 926 2935 peccata
968 2880 999 2918 a
1032 2863 1365 2933 perfectione
1411 2865 1709 2920 deﬁciunt:
1747 2865 1941 2920 ovibus

370 2967 519 3020 vero,
547 2954 639 3022 qui
674 2954 742 3007 ad
774 2954 989 3009 eulmen
1021 2968 1195 3024 usque
1226 2953 1350 3008 tidei
1397 2962 1454 3009 et
1488 2968 1715 3024 operum
1747 2967 1939 3024 perve-

371 3055 588 3104 nerunt.
624 3045 688 3104 Et
715 3046 935 3100 attende
965 3046 1245 3116 quomodo
1289 3054 1571 3115 praeponat
1619 3044 1936 3114 imperfecta

1962 1813 2011 1873 B

2109 1494 2233 1547 Ὅτι
2270 1488 2488 1563 ἐρωτῶν
2510 1489 2538 1541 ὁ
2572 1488 2774 1559 Κύριος
2798 1485 2892 1540 τὸν
2922 1486 3150 1558 Πέτρον,
3179 1485 3375 1554 Σίμων
3409 1482 3606 1549 Ἰωνᾶ,

2039 1581 2275 1655 ἀγαπᾷς
2302 1599 2379 1651 με
2423 1580 2635 1634 πλεῖον
2675 1578 2943 1641 Imittur;
2992 1578 3092 1629 οὐκ
3142 1576 3305 1638 αὐτὸς
3345 1576 3374 1628 ὁ
3427 1574 3609 1628 πάντα

2041 1675 2195 1738 εἰδὼς
2243 1674 2413 1726 θέλων
2468 1672 2659 1741 μαθεῖν
2696 1666 2956 1738 ἐπηρώτα
2985 1682 2999 1695 ·
3057 1666 3172 1720 ἀλλ’
3218 1668 3340 1720 ἐπεὶ
3379 1665 3612 1736 ἔμελλεν

2041 1764 2191 1836 αύτῷ
2236 1762 2299 1817 τὸ
2356 1762 2604 1833 ποίμνιον
2658 1759 3097 1822 καταπιστεύειν,
3153 1759 3239 1812 ἵνα
3290 1757 3438 1828 δείξῃ
3477 1757 3611 1824 ὅσην

2039 1858 2153 1930 ἔχει
2176 1856 2431 1928 πρόνοιαν
2457 1853 2552 1906 τοῦ
2584 1851 2857 1923 ποιμνίου,
2896 1850 3056 1905 τοῦτο
3078 1853 3240 1904 ποιεῖ.
3284 1851 3343 1904 'O
3380 1850 3489 1921 γὰρ
3520 1850 3611 1902 τὸν

2039 1950 2245 2022 φίλτρῳ
2271 1946 2449 2018 πολλῷ
2486 1945 2623 2018 πρὸς
2646 1946 2737 1999 τὸν
2765 1944 3043 2015 Δεσπότην
3069 1943 3441 2012 ἀναπτόμενον
3490 1943 3613 2009 ἐφι-

2041 2042 2181 2097 στῶν
2208 2042 2287 2112 τῷ
2318 2042 2575 2113 ποιμνίῳ,
2614 2040 2712 2112 τὴν
2732 2041 2865 2111 ὅσην
2898 2040 3027 2111 περὶ
3053 2038 3122 2092 τὰ
3147 2037 3397 2111 πρόϐατα
3427 2037 3608 2091 διιιὶθε⁶

2040 2152 2125 2188 σιν
2154 2135 2482 2207 παρίστησιν
2510 2132 2922 2203 ἀναμφιϐόλως.
2969 2131 3067 2184 Διὰ
3095 2131 3196 2201 τὴν
3234 2130 3404 2201 αὐτὴν
3426 2130 3610 2183 αἰτίαν

2039 2229 2135 2282 καὶ
2164 2228 2345 2299 τρίτον
2375 2228 2576 2299 ἐρωτᾷ,
2616 2227 2715 2298 τὴν
2743 2227 2944 2296 πολλὴν
2981 2226 3112 2296 περὶ
3154 2226 3223 2279 τὰ
3249 2224 3447 2293 λογικὰ
3479 2224 3613 2295 πρό-

2040 2320 2178 2373 ϐατα
2205 2319 2520 2389 ἐπιμέλειαν
2542 2318 2968 2389 ἐνδεικνύμενος.
2997 2318 3149 2387 ’Ἅμα
3182 2317 3239 2369 δὲ
3272 2317 3365 2369 καὶ
3402 2315 3612 2386 βαθμόν

2038 2430 2160 2467 τινα
2196 2412 2303 2466 τῶν
2346 2413 2785 2482 ποιμαινομένων
2826 2410 3100 2476 διέξεισιν,
3149 2409 3311 2480 ἀρνία
3340 2409 3609 2480 πρότερον

2039 2502 2347 2574 ποιμαίνειν
2407 2501 2851 2574 ἐγκελευόμενος,
2905 2496 3026 2554 εἷτα
3061 2500 3352 2570 προϐάτια,
3412 2499 3450 2553 ἃ
3483 2498 3612 2568 πρόο

2039 2596 2179 2648 ϐατα
2215 2594 2366 2660 ὄντα,
2426 2594 2517 2647 διά
2542 2611 2666 2647 τινα
2699 2592 3019 2662 πταίσματα
3062 2589 3610 2661 κατασμικρυνθέντα

2037 2687 2136 2756 τῆς
2165 2686 2365 2758 ἀρετῆς
2385 2684 2592 2756 καὶτῆς
2608 2684 2966 2755 τελειότητος,
3000 2684 3081 2745 εἰς
3107 2680 3376 2752 προϐάτια
3402 2680 3609 2733 ἀνθυπ-

2038 2777 2269 2849 έστρεψε
2296 2792 2310 2807 ο
2355 2776 2451 2830 καὶ
2497 2775 2683 2830 λοιπὸν
2726 2776 2787 2829 τὸ
2825 2774 3004 2846 τρίτον
3053 2774 3122 2827 τὰ
3142 2773 3325 2826 τέλεια
3354 2772 3610 2842 ἐπιφέρει

2041 2866 2315 2939 πρόϐατα.
2365 2866 2596 2937 Ἀρνίοις
2622 2864 2753 2935 γοῦν
2793 2864 3105 2927 ιίκάζονται
3136 2864 3186 2916 οἱ
3218 2862 3297 2916 ἔτι
3340 2862 3612 2930 γάλακτος

2040 2958 2135 3013 καὶ
2173 2956 2551 3027 στοιχειώδους
2602 2956 2947 3019 διδασκαλίας
2976 2955 3242 3026 δεόμενοι,
3293 2954 3612 3023 προϐατίοις

2037 3046 2095 3100 δὲ
2127 3046 2178 3099 οἱ
2208 3046 2297 3102 διά
2322 3063 2444 3100 τινα
2468 3046 2889 3118 παραπτώματα
2917 3043 3487 3116 κατασμικρυνθέντες
3515 3043 3613 3110 τῆς

370 3137 645 3211 perfectis.
686 3136 1002 3207 Propositus
1061 3137 1205 3192 enim
1249 3135 1482 3191 Domino
1516 3134 1713 3207 5&21:
1741 3151 1937 3206 scopus

2042 3138 2395 3209 τελειότητος,
2429 3138 2593 3211 [1615
2614 3138 2707 3212 Η.]
2732 3138 3024 3210 προϐάτοις
3060 3138 3118 3192 δέ
3151 3138 3201 3191 oi
3223 3139 3302 3200 εἰς
3324 3136 3388 3190 τὸ
3408 3136 3614 3189 τέλειον

369 3236 720 3297 peccatorum
760 3228 952 3284 salus-2
983 3226 1110 3283 Non
1146 3230 1287 3283 enim
1316 3230 1469 3294 veni,
1521 3229 1718 3299 inquit,
1747 3246 1934 3285 vocare

366 3318 560 3386 iustos,
583 3319 672 3373 sed
691 3331 986 3388 peccatores
1021 3320 1091 3374 ad
1128 3320 1491 3395 paenitentiam
1518 3329 1563 3374 τ.

2040 3230 2441 3301 ἀναϐεϐηκότες
2495 3232 2593 3285 καὶ
2626 3234 2725 3301 τῆς
2773 3231 3008 3293 πίστεως
3042 3229 3137 3283 καὶ
3185 3229 3294 3282 τῶν
3338 3225 3608 3297 πράξεως.

2040 3322 2153 3378 Καὶ
2183 3323 2376 3376 σκόπει
2401 3323 2549 3387 ὅπως
2585 3324 2876 3391 προτάττει
2911 3323 2980 3374 τὰ
3007 3320 3168 3391 ἀτελῆ
3196 3319 3306 3374 τῶν
3341 3318 3566 3373 τελείων
3593 3333 3609 3350 ο

369 3412 782 3484 προηγούμενος
834 3414 944 3485 γὰρ
1006 3413 1087 3485 τῷ
1135 3413 1383 3486 Δεσπότῃ
1445 3413 1644 3477 σκοπὸς
1718 3415 1753 3486 ή
1822 3415 1931 3468 τῶν
2001 3416 2342 3489 ἁμαρτωλῶν
2397 3418 2664 3489 σωτηρία.
2727 3419 2811 3472 Οὐ
2870 3415 2982 3486 γὰρ
3022 3411 3250 3485 ἦλθον,
3296 3414 3455 3484 φησὶ,
3507 3427 3611 3465 xa-

372 3506 552 3564 λύσαι
616 3506 908 3573 δικαίους,
972 3507 1137 3563 ἀλλὰ
1185 3507 1579 3578 ἁμαρτωλοὺς
1622 3509 1709 3575 είς
1762 3507 2111 3578 μετάνοιαν.

336 3662 419 3692 ,ω
968 3619 1055 3677 Ea:
1092 3621 1230 3676 libro
1269 3637 1343 3677 tv.

439 3713 695 3784 Magnum
717 3713 871 3783 quid,
900 3714 1101 3785 inquit,
1128 3724 1213 3769 est
1237 3715 1425 3779 homo,
1457 3713 1603 3784 quod
1633 3715 1811 3785 imago
1842 3713 1936 3771 Dei

371 3806 463 3871 sit,
496 3816 551 3860 et
579 3805 831 3861 manibus
866 3806 961 3860 Dei
992 3806 1250 3862 conditus
1278 3824 1291 3860 :
1324 3818 1385 3861 ut
1414 3807 1732 3862 misericors
1761 3808 1939 3862 hono-

373 3899 580 3954 randus
614 3898 688 3953 sit
732 3899 1021 3969 praeceptis
1063 3898 1180 3963 Dei,
1233 3900 1497 3954 honorem
1533 3899 1637 3953 sibi
1683 3899 1939 3969 operibus

376 3989 493 4044 suis
549 4003 896 4058 comparans.
938 3988 1108 4044 Divus
1160 3988 1357 4045 Paulus
1405 3990 1522 4045 ait:
1561 3990 1676 4059 Ego
1716 4006 1795 4044 me
1838 4007 1942 4044 non

374 4080 606 4136 arbitror
625 4081 1094 4149 comprehendisse.
1125 4078 1300 4134 Unum
1329 4090 1503 4134 autent
1534 4096 1553 4134 :
1585 4096 1701 4151 qua:
1732 4081 1941 4151 quidem

374 4182 513 4227 ἐει-ο
549 4180 673 4226 sunt
718 4171 1047 4237 obliuiscetur,
1091 4172 1159 4225 ad
1186 4188 1249 4226 ea
1288 4188 1407 4226 vero
1451 4187 1569 4241 qua:
1608 4181 1729 4226 sunt
1759 4172 1941 4242 priora

371 4266 649 4321 extendens
674 4267 929 4335 meipsum
946 4276 992 4319 ⁸.
1011 4264 1078 4319 Ει
1100 4265 1293 4319 deinde
1322 4265 1397 4319 ait
1423 4281 1440 4318 :
1479 4263 1853 4319 Verumtamen
1871 4265 1941 4319 ad

372 4358 510 4427 quod
556 4357 904 4425 pervenimus,
960 4356 1017 4409 in
1067 4357 1250 4409 eadem
1297 4371 1602 4426 permanere
1676 4356 1859 4426 regula
1894 4358 1938 4409 τ.

376 4447 641 4517 Regulam
692 4445 946 4517 intelligit
991 4459 1194 4501 cursus
1242 4446 1542 4500 secundum
1592 4444 1785 4512 Deum,
1816 4460 1939 4515 qua:

2524 3629 2625 3685 Ἐκ
2652 3628 2760 3683 τοῦ
2781 3626 2830 3681 δ’
2850 3630 3035 3697 ,λόγου
3066 3627 3134 3681 ⁵⁷.

2110 3720 2233 3774 Ὅτι
2265 3720 2408 3790 μέγα
2445 3721 2566 3790 μὲν,
2630 3721 2813 3791 φησιν,
2854 3719 3165 3789 ἄνθρωπος,
3215 3716 3339 3770 καθ’
3376 3716 3406 3769 ὃ
3444 3714 3609 3769 είκὼν

2038 3811 2174 3865 Θεοῦ
2201 3810 2296 3865 καὶ
2319 3812 2477 3884 χερσὶ
2500 3811 2675 3875 θείαις
2701 3810 2943 3879 ἐπλάσθη
2975 3824 2989 3839 ⁸
3022 3810 3201 3879 τίμιον
3220 3808 3276 3862 δὲ
3299 3809 3440 3879 ἀνὴρ
3465 3807 3612 3875 ἐλεή-

2044 3920 2161 3971 μων
2183 3900 2272 3958 διὰ
2303 3901 2411 3955 τῶν
2436 3900 2770 3954 δεσποτικῶν
2800 3899 3031 3953 ἐντολῶν
3061 3900 3290 3968 γίνεται,
3319 3898 3419 3967 τὴν
3447 3899 3611 3969 τιμὴν

2042 3991 2221 4062 ἑαυτῷ
2275 3991 2355 4046 δι’
2392 4008 2469 4047 ων
2524 3993 2755 4063 πράττει
2806 3991 3368 4060 κατασκευαζόμενος.
3429 3990 3554 4043 Ὀτι
3585 3991 3614 4040 ό

2044 4082 2333 4153 μακάριος,
2373 4083 2527 4153 φησὶ,
2564 4081 2774 4145 Παῦλος
2796 4082 2989 4149 λέγων·
3034 4082 3174 4151 Ἐγὼ
3199 4083 3272 4135 οὐ
3315 4082 3615 4150 λογίζομαι

2041 4172 2299 4241 ἐμαυτὸν
2326 4172 2769 4240 κατειληφέναι·
2797 4171 2865 4225 ἓν
2885 4171 2971 4232 δὲ,
2996 4170 3242 4239 τῶν-μὲν
3261 4170 3459 4223 ὀπίσω
3484 4172 3612 4223 ἐπί-

2040 4264 2507 4331 λανθανόμενος,
2531 4263 2656 4327 τοῖς
2675 4261 2743 4315 δὲ
2766 4262 3108 4332 ἔμπροσθεν
3129 4262 3617 4329 ἐπεκτεινόμενος

2042 4356 2138 4409 καὶ
2163 4354 2230 4407 τὰ
2254 4353 2399 4425 ἑξῆς,
2440 4349 2560 4407 εἶτα
2580 4355 2817 4422 ἐπάγωνο
2852 4354 3026 4421 Πλὴν
3049 4355 3137 4420 εξ*
3169 4354 3200 4407 ὃ
3245 4351 3616 4422 ἐφθάσαμεν,

2041 4442 2122 4509 τῷ
2146 4443 2193 4475 ³⁸
2209 4442 2371 4508 αὐτῷ
2394 4444 2605 4498 κανόνι
2625 4443 2915 4513 στοιχεῖν,
2950 4445 3150 4499 κανόνα
3173 4442 3320 4512 λέγει
3344 4442 3441 4495 τοῦ
3475 4442 3618 4496 κατά

373 4552 501 4597 ante
530 4538 728 4594 tradita
756 4550 861 4596 est.
913 4538 1046 4606 Quae
1086 4538 1179 4593 illa
1222 4538 1345 4594 est?
1391 4536 1645 4593 Oblivisci
1696 4538 1937 4608 priorum

2045 4536 2177 4589 Θεὸν
2204 4536 2403 4607 δρόμου
2430 4535 2524 4589 τὸν
2552 4536 3069 4607 προαποδεδομένον.
3098 4538 3254 4590 Ποῖον
3286 4534 3479 4589 τοῦτον
3507 4553 3522 4601 ;
3558 4533 3619 4587 τὸ

375 4632 811 4696 benefactorum,
854 4631 1047 4687 florere
1093 4645 1229 4687 vero
1272 4639 1326 4686 et
1373 4630 1591 4687 extendi
1643 4643 1819 4701 usque
1878 4630 1937 4685 in

372 4727 579 4793 priora,
635 4733 697 4779 ut
747 4723 906 4794 quasi
956 4722 1120 4779 modo
1170 4723 1313 4777 bona
1366 4722 1689 4777 inchoantes
1746 4736 1933 4791 Opera,

372 4817 616 4886 quotidie
646 4816 1011 4887 intelligentes
1033 4815 1166 4871 illud
1217 4813 1412 4880 Hodie,
1463 4823 1519 4868 et
1552 4814 1799 4869 dicentes
1832 4813 1939 4869 sibi

370 4909 438 4964 ad
485 4917 789 4963 extremum
830 4922 1004 4978 usque
1049 4908 1175 4963 vitae
1221 4906 1502 4977 spiritum.
1527 4904 1754 4975 Oportet
1792 4905 1938 4960 enim

372 5000 438 5055 ad
479 5001 531 5055 id
572 5016 745 5071 usque
775 5009 989 5071 tempus
1017 5013 1238 5055 currere
1284 5014 1507 5054 cursum
1544 4997 1662 5063 Dei,
1715 5005 1771 5052 et
1813 5010 1938 5050 cum

372 5092 701 5149 adversariis
733 5107 997 5163 pugnare.
1026 5090 1325 5161 Apostolus
1351 5090 1430 5145 ait
1456 5106 1472 5145 :
1509 5087 1703 5143 Melius
1734 5097 1811 5143 est
1840 5104 1938 5142 nu-

2042 4627 2210 4699 λήθην
2236 4629 2334 4699 μὲν
2352 4628 2622 4686 ποιεῖσθαι
2644 4629 2754 4683 τῶν
2767 4629 3321 4701 προκατωρθωμένων
3341 4670 3356 4695 ,
3384 4627 3622 4698 ἐνακμάι

2044 4721 2156 4787 ζειν
2192 4721 2250 4775 δὲ
2271 4721 2367 4776 καὶ
2402 4721 2529 4795 [886
2562 4721 2655 4797 Η.]
2690 4723 3098 4777 ἐπεκτείνεσθαι
3132 4725 3244 4785 τοῖς
3270 4721 3619 4792 ἔμπροσθεν,

2045 4813 2119 4877 ὡς
2141 4811 2268 4883 ἄρτι
2295 4812 2404 4868 τῶν
2424 4814 2646 4882 ἀγαθῶν
2668 4814 2919 4885 πράξεων
2944 4813 3366 4885 ἀπαρξαμένους
3386 4813 3621 4866 πάντοτε

2047 4903 2109 4955 τὸ
2137 4901 2406 4971 σήμερον
2433 4903 2479 4936 ³⁸
2517 4905 2614 4957 καὶ
2635 4904 2958 4969 ἐννοοῦντας
2981 4905 3074 4957 καὶ
3095 4904 3355 4973 λέγοντας
3377 4903 3614 4968 ἑαυτοῖς,

2046 4995 2208 5065 ἄχρις
2241 4987 2302 5047 οὗ
2334 4994 2396 5049 τὸ
2442 4995 2596 5060 τέλος
2639 4999 2739 5067 τῆς
2777 4996 2923 5069 ζωῆς
2948 4998 3079 5068 ἡμῖν
3128 4998 3344 5066 ἐπιστῇ.
3388 4997 3483 5048 Δεῖ
3514 4994 3620 5064 γὰρ

2050 5088 2213 5159 μέχρι
2243 5088 2368 5142 τότε
2392 5087 2484 5142 τὸν
2517 5090 2656 5144 κατά
2681 5089 2819 5145 Θεὸν
2844 5090 3060 5161 τρέχειν
3108 5089 3257 5160 ἡμᾶς
3297 5088 3499 5160 δρόμον
3528 5084 3621 5140 καὶ

441 5217 471 5259 ιι
502 5207 658 5263 Joan.
693 5224 807 5274 xxx,
840 5208 927 5263 15.
1004 5213 1028 5247 ι
1066 5205 1252 5262 Matth.
1277 5219 1332 5271 v,
1362 5205 1447 5260 15.
1518 5215 1541 5244 ³
1586 5203 1822 5273 Philipp.
1856 5217 1937 5269 ut,

2045 5240 2060 5256 .
2143 5203 2162 5239 ί
2195 5201 2327 5258 ibid.
2363 5202 2453 5258 16.

1628 5338 1863 5395 VARUE
1902 5336 2192 5394 LECTION
2199 5337 2301 5393 ES.

477 5432 526 5466 “
556 5433 686 5503 κᾶν]
730 5436 892 5489 κανόν
930 5435 992 5489 C.
1104 5435 1150 5468 ⁸⁷
1181 5431 1400 5489 titulum
1424 5448 1537 5490 om.
1571 5432 1633 5489 C.

1746 5432 1793 5464 "
1818 5431 1896 5503 τῷ
1927 5432 1969 5488 C
2009 5450 2023 5487 :
2058 5433 2117 5485 ἐν
2153 5432 2233 5502 τῷ
2267 5450 2329 5496 ς.

2442 5436 2489 5470 ⁸³
2516 5436 2761 5509 σήμερον
2787 5435 2831 5492 C
2865 5451 2881 5493 =
2908 5434 3148 5507 τήμερον
3170 5451 3233 5501 ς.

1846 5573 2081 5631 ΝΟΤΛΕ.

445 5669 560 5746 (54)
604 5672 723 5725 Alia
774 5671 1018 5729 redditur
1080 5674 1218 5730 ratio
1259 5690 1289 5730 a
1325 5672 1484 5744 Greg.
1538 5672 1669 5731 Naz.
1718 5676 1865 5731 Orat.
1912 5674 1968 5732 in
2011 5670 2320 5746 Epitaphia.
