3912 6234
273 244 374 308 345

1322 254 1849 317 BIBLIOTHECA.
1902 281 1971 293 -
2004 256 2170 317 COD.
2201 257 2521 322 CCLXXX.

3418 262 3524 328 346

275 358 405 429 πρὸς
425 358 518 415 τὸν
538 359 834 419 ἀντίπαλον
856 363 1337 436 ἀνταγωνίζεσθαι.
1368 371 1492 427 Ὅτι
1528 372 1721 441 εἰπὼν,
1745 390 1843 443 φη-

1962 372 2067 428 bere
2094 389 2254 444 quant
2296 374 2383 428 uri
2401 386 2449 439 υ,
2480 374 2671 431 dicens
2698 374 2970 443 ardorem,
3003 375 3098 446 qui
3129 375 3197 432 ad
3241 375 3523 435 libidinem

274 450 373 517 civ,
392 451 423 504 6
450 452 793 523 ’Δπόστολος,
817 459 1117 527 Κρεῖσσον
1130 460 1396 532 γαμῆσαι
1420 464 1459 533 ἢ
1484 466 1842 533 πυροῦσθαι,

271 543 516 614 πύρωσιν
564 549 667 616 τὴν
718 552 798 615 είς
831 553 1121 621 ἀσέλγειαν
1162 555 1405 625 ἄγουσαν
1452 553 1596 626 εἰπε,
1637 558 1847 629 βέλτιον

271 638 446 706 λέγων
484 640 698 712 ἐννόμῳ
746 643 910 713 γάμῳ
946 644 1009 698 τὸ
1052 645 1277 711 ἀσθενὲς
1316 649 1714 720 ψυχαγωγῆσαι
1746 653 1847 723 τῆς

271 729 510 797 φύσεως,
533 730 565 801 ἢ
597 734 785 787 τοῦτον
810 736 1130 791 ἐκκλίνοντα
1151 740 1239 793 διά
1262 744 1363 811 τῆς
1391 742 1693 815 πυρώσεως
1713 746 1851 799 ἀνα-

270 822 542 893 φλεγῆναι
566 825 702 895 πρὸς
730 828 1043 897 ἀσέλγειαν.
1072 832 1195 886 Ὀτι
1224 834 1304 899 τὸ,
1325 835 1552 903 Μηδεὶς
1575 837 1848 906 πειραζό-

268 933 450 983 μενος
478 919 703 988 λεγέτω
741 921 831 975 ὅτι
872 923 1015 978 Ἀπὸ
1043 926 1191 980 Θεοῦ
1240 927 1602 999 πειράζομαι,
1652 930 1745 983 καὶ
1776 930 1849 984 τὰ

269 1009 417 1078 ἑξῆς.
449 1011 595 1075 ἰδίως
633 1013 787 1077 οὗτος
813 1017 905 1067 ἐπὶ
938 1015 1031 1069 τοῦ
1068 1018 1208 1071 κατά
1238 1020 1337 1089 τὴν
1359 1022 1615 1091 πορνείαν
1643 1022 1850 1093 ἐκλαμ-

270 1102 428 1158 ϐάνει
455 1108 788 1177 πειρασμοῦ.
812 1109 1083 1174 Ἕκαστος
1122 1112 1252 1182 γὰρ,
1282 1113 1436 1183 φησὶ,
1470 1114 1561 1167 διὰ
1586 1114 1690 1183 τῆς
1721 1114 1852 1178 θέας

271 1199 376 1266 τὴν
414 1200 715 1269 ἐπιθυμίαν
739 1201 1034 1272 δεξάμενος
1058 1203 1238 1274 ἑαυτῷ
1266 1205 1358 1259 τὸν
1381 1208 1687 1278 πειρασμὸν
1715 1224 1854 1278 προ-

269 1288 437 1353 ξενεῖ,
470 1291 570 1344 ούκ
592 1291 807 1358 ’ἔξωθεν
840 1294 997 1364 μόνον
1031 1294 1171 1365 ἔχων
1200 1299 1667 1367 προσπαλαίοντα,
1702 1303 1842 1359 ἀλλά

268 1382 367 1434 καὶ
392 1382 609 1436 ἔνδοθεν
654 1384 743 1453 ὑφ’
788 1386 983 1439 ἑαυτοῦ
1037 1389 1437 1460 ἀναπτόμενον.
1483 1392 1849 1467 Ἐγκειμένης

265 1477 381 1546 γὰρ
404 1480 507 1547 τῆς
538 1479 837 1549 ἐπιθυμίας
864 1483 1003 1552 πρὸς
1028 1483 1127 1553 τὴν
1156 1484 1279 1551 ὄψιν
1297 1487 1397 1556 τῆς
1420 1486 1706 1560 θεαθείσης
1756 1491 1854 1545 καὶ

267 1569 729 1642 είδωλοποιούσης
752 1573 921 1645 αὐτὴν
948 1577 1007 1628 ὲν
1034 1578 1100 1646 τῇ
1130 1575 1275 1647 ψυχῇ
1307 1578 1335 1631 6
1363 1579 1672 1649 πειρασμὸς
1696 1580 1853 1646 αὔξει

268 1661 367 1714 καὶ
388 1664 630 1733 αἴρεται,
653 1663 712 1716 ὃν
738 1665 892 1719 αὐτοὶ
919 1666 1129 1726 ἑαυτοῖς
1150 1666 1238 1720 διά
1262 1667 1364 1737 τῆς
1388 1670 1517 1733 θέας
1538 1670 1850 1742 ἀνήψαμεν.

265 1755 476 1807 Λοιπὸν
500 1756 566 1825 δὴ
594 1756 753 1810 τοῦτο
783 1757 845 1810 τὸ
877 1757 1117 1829 ἔμϐρυον
1139 1760 1250 1813 τῶν
1280 1760 1375 1814 καὶ
1403 1763 1669 1832 ὲμπαθῶν
1702 1764 1854 1834 λογι-

269 1843 431 1912 σμῶν
470 1844 549 1916 τῷ
585 1846 762 1918 χρόνῳ
798 1848 1079 1917 τρέφουσα
1113 1849 1211 1902 καὶ
1255 1850 1662 1906 διαπλάττουσα
1690 1855 1726 1924 ἠ
1766 1855 1857 1910 δε-

267 1936 487 2007 ξαμένη
514 1937 710 2008 καρδία
740 1941 1001 2010 κυοφορεῖ
1022 1957 1081 1993 τε
1118 1940 1215 1994 καὶ
1244 1942 1521 2014 ἀπογεννᾷ
1541 1944 1642 2015 τὴν
1677 1947 1860 2018 ἀμαρ-

266 2030 416 2095 τίαν,
475 2030 544 2101 ἧς
602 2033 751 2085 ἐστιν
807 2034 837 2086 6
893 2032 1125 2097 θάνατος
1184 2034 1555 2107 ἀποτέλεσμα.
1590 2037 1715 2091 Ὅτι
1772 2039 1855 2107 τὸ,

271 2124 344 2176 ει
407 2125 436 2177 ὁ
492 2124 802 2193 ὀφθαλμός
859 2140 976 2179 σου
1006 2128 1041 2179 ὁ
1083 2124 1281 2191 δεξιὸς
1324 2126 1710 2187 σκανδαλίζει
1758 2146 1854 2197 σε,

270 2214 456 2270 καὶτὰ
477 2216 624 2285 ἑξῆς,
651 2217 1034 2281 ἀναπτύσσων.
1064 2218 1412 2287 ὀφθαλμούς
1437 2237 1604 2290 φησιν
1620 2220 1857 2277 ἐνταῦθα

264 2310 367 2364 τὸν
384 2309 616 2379 Σωτῆρα
636 2311 762 2373 τοὺς
786 2310 888 2380 τῆς
920 2311 1149 2382 καρδίας
1170 2312 1504 2366 αἰνίττεσθαι
1524 2314 1819 2385 λογισμούς
1839 2330 1854 2345 ⁸

262 2399 323 2454 ὃν
362 2400 733 2455 ὲκκόπτεσθαι
772 2400 1006 2468 κελεύει,
1041 2402 1170 2455 ὅταν
1218 2403 1300 2466 είς
1333 2403 1610 2478 ἁμαρτίαν
1644 2405 1855 2477 ἀπάγῃ,

263 2489 642 2543 ἐκκόπτεσθαι
661 2489 719 2542 δὲ
744 2489 831 2543 διὰ
854 2489 949 2543 τοῦ
969 2490 1325 2561 ἐπιλογισμοῦ
1354 2492 1858 2563 καταστελλόμενον

261 2582 371 2637 καὶ
396 2581 911 2655 ἀπορριπτούμενον
941 2584 1040 2653 τῆς
1060 2583 1260 2654 ψυχῆς.
1288 2586 1459 2655 Χεῖρα
1488 2586 1545 2639 δὲ
1576 2586 1676 2657 τὴν
1710 2588 1857 2658 πρᾶ-

259 2676 350 2740 ξιν
387 2674 605 2744 δηλοῦν,
636 2674 726 2745 ἢν,
757 2674 979 2729 ἐπειδὰν
1004 2675 1086 2738 είς
1123 2676 1398 2746 ἁμαρτίαν
1430 2677 1727 2749 τρέπηται,
1761 2680 1857 2734 ὲκ-

258 2766 499 2820 κόπτειν
524 2764 726 2819 αὐτίκα
757 2764 864 2836 χρὴ
895 2767 962 2836 τῇ
983 2764 1084 2835 τῆς
1110 2765 1313 2836 ἀρετῆς
1354 2766 1506 2838 ὀξείᾳ
1538 2769 1634 2822 καὶ
1660 2771 1858 2843 ταχείᾳ.

254 2860 563 2929 ἐπαγωγῇ.
592 2857 703 2909 Καὶ
729 2858 757 2910 6
787 2857 922 2919 ποὺς
957 2857 1013 2909 δὲ
1046 2858 1154 2909 τῶν
1183 2857 1241 2909 ὲν
1270 2856 1347 2927 τῷ
1368 2858 1473 2928 βίῳ
1498 2858 1855 2929 διαδημάτων

256 2953 355 3003 καὶ
399 2948 506 3019 τῆς
532 2947 815 3011 πολιτείας
840 2947 940 3018 τὴν
970 2946 1182 3018 κίνησιν
1210 2947 1468 3019 ύποδηλοῖ
1495 2966 1509 2979 ·
1547 2949 1637 3020 ἣν,
1665 2950 1856 3025 ὥσπερ

254 3041 356 3093 καὶ
388 3039 489 3107 τὴν
512 3040 671 3109 χεῖρα
690 3037 898 3091 καὶτὸν
919 3037 1217 3108 ὀφθαλμὸν,
1251 3038 1541 3094 ἐκκόπτειν
1564 3045 1852 3113 προσήκει,

254 3131 448 3204 ἁγαθῇ
484 3132 699 3201 κινήσει
732 3131 832 3201 τὴν
869 3132 1113 3202 πονηρὰν
1136 3131 1519 3187 διακόπτοντα.
1559 3135 1717 3188 Οὕτω
1751 3137 1851 3206 μὲν

254 3219 414 3287 οὗτος
437 3221 598 3293 παρά
614 3223 741 3285 τοὺς
771 3220 965 3285 ἄλλους
990 3221 1358 3276 ἀναπτύσσειν
1393 3221 1536 3292 ἔγνω
1574 3223 1634 3278 τὸ
1663 3227 1853 3296 ῥητὸν,

255 3319 393 3381 ἴσως
432 3315 804 3384 συντελούσης
863 3314 1012 3384 αὐτῷ
1038 3314 1141 3384 τῆς
1190 3314 1449 3385 τοιαύτης
1494 3317 1855 3385 ἀναπτύξεως

251 3408 333 3473 είς
364 3408 477 3479 τὴν
511 3407 653 3460 κατὰ
682 3406 789 3460 τῶν
826 3405 1185 3459 Ναυατιανῶν
1217 3406 1417 3477 μάχην,
1447 3406 1497 3460 οἳ
1531 3408 1732 3479 ῥᾳδίως
1759 3411 1855 3479 ἀφ’

1955 465 2127 520 ducit.
2164 463 2358 521 Melius
2400 466 2546 519 cuitu
2583 482 2710 522 esse
2742 468 2986 538 legitimo
3034 468 3387 524 matrimonio
3421 487 3523 525 na-

1955 566 2093 612 tura:
2124 558 2497 613 infirmitatem
2522 559 2737 627 juvare,
2764 576 2930 629 quam
2966 561 3163 616 ardore
3195 561 3524 618 inflammari

1955 648 2021 702 ad
2057 648 2361 712 libidinem,
2392 658 2448 703 ct
2478 649 2884 703 matrimonium
2931 649 3140 719 fugere.
3192 651 3359 705 Nemo
3401 668 3525 705 cum

1958 749 2191 793 tentatur
2215 741 2379 805 dicat,
2416 741 2554 811 quod
2596 758 2627 793 a
2674 741 2779 793 Deo
2827 750 3053 796 tentetur
3077 750 3259 807 ’,ουδ-
3300 743 3527 812 Proprie

1957 829 2049 884 ille
2097 832 2295 900 accipit
2332 831 2399 884 de
2446 830 2746 884 tentatione
2775 829 3083 885 libidinosa.
3138 828 3530 899 Unusquisque

1957 921 2124 986 enim,
2165 922 2364 990 inquit,
2408 922 2528 975 visu
2564 922 3060 990 concupiscentiam
3096 922 3390 991 accipiens,
3421 921 3530 976 sibi

1959 1014 2063 1086 ipsi
2094 1015 2451 1067 tentationcm
2495 1014 2663 1082 parit,
2694 1027 2804 1067 non
2854 1014 3015 1068 modo
3041 1014 3387 1068 extrinsecus
3430 1014 3530 1067 ha-

1958 1105 2094 1163 bens
2120 1104 2380 1159 adversus
2408 1119 2468 1159 se
2504 1105 2825 1165 luctantem,
2864 1104 2959 1160 sed
2991 1114 3046 1161 et
3081 1105 3411 1160 intrinsecus
3433 1121 3531 1175 per

1958 1214 2016 1255 se
2050 1198 2357 1253 incensum.
2414 1197 2765 1251 incumbente
2796 1198 2941 1251 enim
2974 1197 3420 1267 concupiscentia
3458 1199 3531 1251 ob

1959 1299 2240 1360 aspectum
2269 1288 2389 1358 ejus
2432 1303 2597 1358 quam
2642 1288 2799 1354 vidit,
2839 1297 2894 1342 et
2938 1304 2997 1343 sc
3048 1289 3100 1342 in
3135 1289 3318 1342 animo
3368 1288 3535 1342 ell‘or-

1959 1394 2180 1448 mante,
2223 1382 2450 1436 tentatio
2497 1382 2697 1437 crescit
2738 1392 2792 1434 et
2836 1391 3099 1451 augetur,
3146 1397 3307 1450 quam
3356 1380 3535 1435 oculis

1960 1475 2062 1546 ipsi
2094 1472 2515 1542 contemplanda
2555 1472 2925 1527 incendimus.
2969 1472 3211 1527 Tandem
3264 1473 3411 1527 hunc
3455 1470 3535 1527 fe-

1960 1577 2072 1623 tum
2130 1564 2510 1635 imperfectum
2566 1564 2810 1630 turpium
2856 1564 3245 1634 cogitationum
3289 1572 3536 1632 tempore

1961 1658 2232 1724 nutriens,
2257 1667 2312 1713 et
2341 1655 2608 1722 formans,
2634 1672 2730 1710 cor
2754 1656 3086 1727 suscipiens,
3110 1657 3252 1725 gerit
3272 1666 3531 1727 tanquam

1884 1744 1928 1800 B
1958 1752 2012 1806 in
2041 1759 2217 1813 utero,
2244 1759 2298 1805 et
2322 1748 2464 1818 parit
2485 1756 2796 1816 peccatum,
2814 1748 2970 1816 cujus
2994 1747 3223 1803 effectus
3251 1758 3335 1801 est
3363 1763 3530 1802 mors.

1957 1842 2094 1897 Illud
2130 1858 2144 1895 :
2182 1840 2245 1896 Si
2270 1839 2451 1894 oculus
2489 1840 2673 1893 dexter
2701 1840 3027 1893 scandalizet
3058 1850 3105 1895 te
3135 1848 3184 1904 κ,
3211 1850 3339 1903 etc.,
3364 1840 3537 1908 expli-

1958 1949 2114 1999 cans,
2162 1933 2241 1987 ait
2268 1932 2602 1986 Salvatorem
2652 1930 2802 1985 oculo
2843 1930 3144 2000 intelligere
3168 1932 3349 1987 cordis
3389 1931 3535 2000 mgi-

1959 2021 2211 2084 tationes,
2240 2035 2403 2089 quem
2432 2018 2681 2074 exscindi
2705 2018 2883 2087 jubet,
2910 2018 3130 2088 quando
3157 2019 3223 2073 ad
3252 2028 3534 2087 peccatum

1960 2113 2151 2167 trahit.
2188 2111 2453 2167 Exscindi
2478 2126 2607 2167 vero
2638 2126 2734 2181 per
2762 2110 3151 2178 cogitationem
3197 2126 3533 2180 repressum,

1958 2215 2012 2259 et
2044 2206 2248 2261 :animo
2292 2205 2525 2273 ejectum
2564 2223 2578 2260 :
2615 2220 2814 2260 manus
2860 2219 2991 2258 vero
3035 2204 3307 2258 actionem
3360 2205 3533 2274 signi-

1958 2300 2129 2354 ficat:
2164 2313 2286 2367 quae
2333 2308 2624 2367 postquam
2677 2299 2745 2353 ad
2780 2296 3119 2369 peccandum
3170 2296 3531 2360 convertitur,

1959 2392 2282 2447 abscindere
2303 2406 2422 2447 eam
2448 2392 2633 2446 statim
2658 2398 2892 2462 oportet,
2911 2389 3103 2462 542i:
3133 2390 3349 2443 virtutis
3371 2398 3533 2443 acuta

1959 2495 2012 2540 et
2048 2486 2211 2541 celeri
2251 2487 2588 2542 inductione.
2621 2488 2688 2541 Et
2732 2502 2829 2556 pes
2873 2502 3159 2556 gressuum
3210 2486 3265 2539 in
3309 2486 3440 2549 vita,
3481 2495 3535 2539 et

1959 2576 2400 2633 conversationis
2453 2585 2663 2632 motum
2712 2575 3002 2646 signiﬁcat,
3066 2591 3226 2647 quem
3286 2576 3431 2631 sicut
3480 2584 3536 2629 et

1959 2684 2183 2723 manum
2218 2677 2272 2722 et
2314 2670 2531 2723 oculum
2564 2668 2888 2725 exscindere
2922 2684 3020 2739 par
3044 2679 3148 2733 est,
3184 2677 3337 2724 motu
3390 2670 3535 2722 bona

1960 2762 2165 2815 malum
2209 2762 2567 2831 amputaudo.
2623 2762 2716 2818 Sic
2764 2764 2984 2833 quidem
3031 2763 3121 2817 ille
3154 2772 3348 2833 praeter
3394 2764 3536 2818 alios

1960 2854 2241 2923 esplicans
2276 2855 2539 2909 intellexit
2569 2871 2733 2926 supra
2780 2856 3007 2924 dictum,
3033 2855 3287 2911 'forlasse
3326 2855 3536 2909 condu-

1962 2954 2119 3001 cente
2147 2947 2238 3000 tali
2282 2946 2642 3016 explicatione
2668 2949 2733 3002 ad
2774 2964 3008 3019 pugnam
3050 2956 3241 3003 contra
3270 2945 3535 2999 Neratiu-

1964 3054 2086 3104 nos,
2116 3040 2210 3109 qui
2243 3039 2403 3094 facile
2447 3056 2476 3094 a
2524 3055 2606 3106 se,
2644 3050 2698 3095 ct
2746 3040 2813 3095 ab
2857 3038 3104 3096 Ecclesia
3139 3047 3389 3093 resecant
3413 3052 3532 3102 eos,

1957 3132 2047 3201 qui
2082 3132 2167 3185 vel
2203 3131 2493 3186 minimum
2527 3141 2843 3201 peccarunt.
2878 3132 3051 3202 Igitur
3076 3142 3310 3201 oportet,
3333 3130 3532 3199 inqttit,

1976 3232 2188 3278 resecto
2234 3224 2397 3279 oculo
2440 3224 2715 3278 contraria
2773 3233 3048 3289 cernente,
3091 3232 3144 3278 et
3209 3223 3419 3278 actione
3472 3235 3537 3278 ac

1958 3325 2110 3369 motu
2139 3316 2193 3370 in
2236 3317 2439 3371 malum
2469 3317 2679 3383 divisis,
2711 3318 3061 3388 singulariter
3085 3316 3292 3379 videre,
3350 3331 3415 3369 ac
3451 3315 3501 3368 l'a
3522 3343 3537 3354 -

1955 3423 2081 3464 cere
2104 3410 2330 3476 bonum,
2349 3419 2404 3465 et
2428 3410 2494 3465 ad
2526 3410 2703 3481 ipsum
2728 3412 2907 3466 solum
2935 3411 3163 3476 moveri,
3189 3420 3243 3465 et
3275 3419 3535 3478 tanquam

250 3501 477 3554 ἑαυτῶν
502 3500 629 3562 τοὺς
662 3500 757 3552 καὶ
792 3498 988 3569 μικρόν
1013 3515 1063 3551 τι
1089 3498 1554 3569 παρασφαλέντας
1600 3501 1698 3554 καὶ
1740 3502 1850 3555 ἀπὸ

1962 3516 2206 3567 mancos,
2243 3502 2528 3571 uuipedes,
2561 3512 2616 3557 ct
2668 3502 2933 3558 unoculos
2978 3503 3033 3556 in
3081 3500 3233 3572 regni
3264 3500 3536 3555 cmlorum

249 3592 355 3663 τῆς
371 3588 713 3659 Ἑκκλησίας
728 3586 1095 3642 ἐκκόπτεσθαι
1108 3586 1409 3657 βούλονται.
1429 3590 1522 3641 Δεῖ
1536 3583 1649 3656 οὖν,
1666 3591 1852 3661 φησὶν,

1962 3593 2247 3649 introitum
2304 3611 2622 3666 properare.

247 3689 641 3761 ἀφελομένους
663 3686 758 3741 τὸν
786 3686 857 3740 τά
886 3684 1105 3739 ἐναντία
1140 3683 1407 3755 βλέποντα
1439 3686 1719 3758 ὀφθαλμὸν
1745 3689 1839 3743 καὶ
1872 3690 1975 3762 τὴν
2034 3692 2402 3764 μεριζομένην
2458 3693 2655 3763 πρᾶξιν
2685 3691 2779 3746 καὶ
2813 3691 3026 3761 κίνησιν
3057 3692 3137 3755 εἰς
3183 3692 3244 3745 τὸ
3281 3688 3537 3761 πονηρὸν,

251 3784 623 3857 μονοτρόπως
653 3782 898 3856 ὁρῶντας
921 3781 1017 3835 καὶ
1053 3781 1394 3852 πράττοντας
1416 3781 1478 3835 τὸ
1513 3783 1718 3851 ἀγαθὸν
1742 3785 1838 3838 καὶ
1872 3788 2009 3857 πρὸς
2060 3788 2191 3840 αὐτὸ
2224 3790 2572 3858 κινουμένους
2628 3790 2809 3859 μόνον,
2840 3784 2953 3842 οἷον
2986 3786 3303 3858 μονόχειράς
3362 3802 3421 3837 τε
3446 3782 3538 3838 καὶ

250 3881 575 3955 μονόποδας
615 3880 713 3934 καὶ
757 3877 1172 3949 μονοφθάλμους
1206 3878 1287 3939 εἰς
1315 3878 1415 3949 τὴν
1443 3878 1555 3932 τῶν
1603 3879 1853 3951 οὐρανῶν
1888 3882 2204 3952 ἐπείγεσθαι
2237 3884 2500 3938 εἰσελθεῖν
2530 3884 2828 3954 βασιλείαν.

320 3978 508 4054 [1616
537 3976 633 4050 R.]
665 3978 789 4031 Ὅτι
815 3978 878 4031 τὸ
905 3980 1057 4049 παρά
1088 3978 1167 4050 τῷ
1198 3978 1321 4034 Ἰὼό
1358 3980 1668 4052 εἰρημένον,
1699 3986 1861 4051 Μυρ-

240 4071 581 4145 μηκολέων
604 4070 791 4124 ὤλετο
812 4071 972 4138 παρὰ
998 4070 1066 4124 τὸ
1086 4070 1352 4141 μὴ’ἕχειν
1375 4072 1592 4141 βορὰν,
1619 4073 1712 4126 τὸν
1741 4074 1859 4128 διά-

244 4167 413 4221 εολόν
436 4179 611 4234 φησιν
625 4162 1047 4232 αἱνιγματίζειν.
1068 4163 1163 4229 Ὧς
1191 4163 1349 4218 λέων
1363 4165 1480 4234 μὲν
1503 4166 1855 4235 προέρχεται

240 4259 605 4329 ἀρυόμενος
622 4254 721 4308 καὶ
740 4249 1363 4325 τίνακαταπίγίζητῶνο
1389 4258 1643 4329 ἡττηθεὶς
1664 4258 1743 4323 δὲ,
1765 4260 1855 4313 οὐ-

242 4352 371 4406 κὲτι
389 4350 498 4413 ὡς-
514 4346 676 4414 λέων,
695 4346 904 4411 ἀλλἐίς
918 4347 1187 4419 μύρμηκα
1208 4348 1512 4413 συσταλεὶς,
1540 4366 1853 4422 κατῃσχυμ.

244 4449 425 4519 μένος
478 4444 781 4513 ἀφίσταται
807 4444 903 4497 καὶ
931 4445 1222 4508 διόλλυται,
1262 4444 1425 4515 βορὰν
1452 4445 1510 4499 ὲν
1546 4445 1854 4517 ἀνθρώποις

244 4541 325 4611 μὴ
354 4538 666 4610 εὑρίσκων.
708 4536 852 4607 Βορά
878 4537 936 4589 δὲ
968 4538 1062 4591 καὶ
1115 4539 1267 4607 ἰσχὺς
1300 4537 1394 4591 τοῦ
1436 4537 1681 4591 διαϐόλου
1715 4540 1748 4609 ἡ
1794 4540 1853 4591 ὲν

168 4634 178 4644 ⁵
237 4629 961 4704 ἀειθρὼποιςσεύρισκομένη
990 4630 1253 4701 ἁμαρτία·
1278 4624 1347 4702 ἧς
1366 4628 1611 4697 ἀπούσης
1642 4631 1853 4696 ἐκεῖνος

168 4782 173 4787 ,
237 4725 372 4779 δλλυ
380 4742 505 4778 ται.

313 4817 461 4892 [887
501 4814 592 4888 IL]
634 4816 757 4867 Ὅτι
788 4814 972 4885 φησὶν,
1000 4813 1159 4877 αὐτὸς
1196 4814 1224 4867 6
1247 4812 1492 4877 διάϐολος
1523 4812 1616 4868 τὸν
1644 4814 1855 4886 ἄνθρω-

1881 4856 1934 4915 D

2035 3985 2190 4053 Quod
2234 3988 2374 4057 apud
2431 3985 2534 4039 Job
2587 3985 2790 4039 dictum
2842 3994 2969 4038 est:
3010 3981 3183 4051 Tigris
3238 3980 3416 4050 periit,
3480 3994 3538 4031 ea

1959 4077 2097 4149 quod
2146 4094 2250 4131 non
2306 4077 2516 4130 haberet
2570 4077 2879 4145 prwdamr,
2922 4074 3197 4129 diabolum
3270 4069 3537 4140 intelligit,

1956 4171 2046 4241 qui
2094 4178 2343 4239 tanquam
2391 4169 2470 4224 leo
2506 4170 2693 4222 circuit
2740 4184 2978 4239 quaerens
3040 4182 3187 4236 quem
3262 4167 3537 4217 devoretz.

1958 4261 2258 4332 Superatus
2282 4275 2409 4314 vero
2439 4276 2547 4314 non
2571 4260 2803 4329 amplius
2834 4266 2892 4311 ut
2933 4257 3036 4320 leo,
3072 4257 3164 4310 sed
3206 4264 3265 4309 ut
3315 4254 3537 4308 formica

1959 4353 2169 4426 pudore
2217 4360 2400 4407 motus
2448 4352 2741 4418 decidit,et
2785 4349 2964 4421 periit,
2999 4348 3236 4419 praedam
3273 4347 3324 4400 in
3363 4346 3527 4399 homi-

1961 4448 2122 4502 nibus
2169 4464 2277 4501 non
2327 4447 2627 4501 inveniens.
2666 4443 2850 4498 Praeda
2886 4457 3012 4497 vero
3039 4450 3093 4497 et
3120 4439 3381 4495 fortitudo
3416 4438 3535 4491 dia-

1960 4533 2070 4588 boli
2133 4545 2217 4588 est
2256 4542 2556 4605 peccatum,
2601 4532 2745 4604 quod
2797 4532 2852 4586 in
2899 4531 3119 4586 homine
3154 4529 3245 4585 ubi
3294 4535 3536 4593 nonest,

1962 4626 2051 4681 ille
2080 4628 2241 4695 perit.

2035 4802 2296 4858 Diabolus
2325 4802 2461 4874 ipse,
2492 4800 2691 4872 inquit,
2718 4799 2995 4856 hominem
3019 4809 3073 4856 et
3102 4799 3169 4855 ad
3204 4800 3535 4870 peccandum

214 4890 217 4891 ν
243 4890 350 4965 πον
383 4910 492 4963 καὶ
525 4909 621 4962 ἐπὶ
653 4907 722 4959 τά
748 4905 1126 4976 ἁμαρτήματα
1166 4905 1542 4973 προκαλεῖται,
1576 4904 1672 4958 καὶ
1693 4905 1853 4960 πάλιν

1962 4903 2251 4967 provocat,
2275 4902 2330 4949 et
2366 4895 2561 4949 iterum
2598 4893 2714 4964 ipse
2736 4903 2926 4948 contra
2966 4909 3095 4949 eum
3133 4892 3229 4962 qui
3262 4892 3365 4947 sibi
3398 4892 3531 4943 0hr-

243 5002 427 5064 αὐτὸς
463 4998 611 5052 κατά
636 4996 732 5050 τοῦ
760 4995 1075 5057 πεισθέντος
1111 4994 1259 5065 αὐτῷ
1289 4992 1501 5057 ἔκδικος
1529 4994 1738 5063 γίνεται
1759 4994 1853 5048 τοῦ

1962 4988 2061 5052 dit,
2091 4990 2237 5042 ultor
2271 4996 2355 5042 est
2382 5006 2397 5043 :
2428 4986 2521 5042 Dei
2564 4996 2618 5041 et
2646 4986 2899 5041 inimicus
2940 4995 2995 5041 et
3028 4985 3224 5040 vindex
3267 4987 3320 5037 in
3372 4981 3522 5035 Scri-

243 5090 423 5154 Θεοῦ,
459 5087 655 5158 ἐχθρὸς
683 5084 727 5117 ‘°
758 5084 853 5139 καὶ
879 5082 1170 5155 ἐκδικητὴς
1194 5084 1346 5154 παρά
1370 5086 1469 5155 τῆς
1492 5083 1716 5155 Γραφῆς
1736 5084 1853 5137 ὀνο-

1968 5092 2129 5151 plura
2157 5092 2405 5136 vocatus.
2427 5080 2950 5151 lnimicus'quidem,
2975 5080 3099 5148 quia
3118 5077 3374 5131 adversas
3396 5074 3531 5141 leges

246 5181 602 5253 μαζόμενοςο
639 5176 835 5249 ἐχθρὸς
873 5175 992 5246 μὲν,
1026 5175 1217 5229 καθότι
1262 5178 1382 5239 ταῖς
1422 5175 1594 5238 θείαις
1617 5177 1853 5242 ἐντολαῖς

1962 5174 2158 5229 divina:
2187 5174 2286 5245 legi
2321 5189 2620 5244 opponens,
2658 5174 2950 5244 persuadet
2985 5170 3293 5225 hominibus
3327 5175 3384 5220 ut
3436 5182 3530 5235 pe-

243 5271 704 5342 ἀντινομοθετῶν
726 5269 907 5323 πείθει
928 5268 1055 5334 τοὺς
1070 5266 1393 5340 ἀνθρώπους
1413 5268 1532 5322 ἀντὶ
1546 5268 1655 5322 τῶν
1677 5286 1857 5341 κρειτ-

1957 5267 2078 5339 jora
2109 5283 2209 5339 pro
2255 5268 2576 5324 melioribus
2604 5267 2809 5339 eligant
2837 5284 2851 5323 :
2898 5265 3042 5322 ultor
3074 5277 3229 5329 vero,
3261 5259 3391 5330 quia
3438 5272 3520 5313 ro-

347 5485 379 5513 ιι
414 5470 441 5527 Ι
477 5468 605 5525 Cor.
633 5456 729 5536 vri,
761 5470 819 5528 9.
890 5482 919 5513 ν
944 5472 1062 5532 Jac.
1093 5492 1133 5544 ι,
1164 5475 1256 5534 15.
1331 5484 1359 5515 κ
1384 5475 1575 5533 Matth.
1607 5492 1659 5546 ν,
1689 5476 1781 5533 29.

1962 5475 2018 5530 )l)
2042 5489 2116 5541 tv,
2151 5475 2238 5530 ll.
2316 5484 2338 5512 ι
2370 5474 2386 5529 l
2422 5473 2565 5530 Pctr.
2594 5485 2647 5539 ν,
2674 5468 2728 5526 8.

1565 5615 1802 5671 VARUE
1834 5614 2234 5673 LECTIONES.

374 5700 427 5731 '°
478 5708 596 5758 ante
654 5702 846 5776 ἐχθρὸς
893 5715 947 5762 et
1006 5706 1145 5762 infra
1199 5716 1322 5763 ante
1368 5707 1741 5778 ἀναγκάζεται
1773 5709 1932 5766 omisi
1963 5708 2056 5763 καὶ
2090 5721 2216 5766 cum
2240 5708 2303 5765 C.
