3922 6242
365 297 464 362 347

1532 291 1791 354 PHOTII
1823 286 2327 350 PATRIARCHAE
2359 265 2486 346 CP.

3528 265 3628 332 348

368 411 514 480 gitur
544 407 660 478 ipse
691 413 1006 477 peccatores
1039 417 1262 462 rursum
1285 403 1499 477 punire.
1530 404 1746 459 Tradite
1777 405 1943 467 enim,
1973 455 1976 461 .

2079 401 2215 455 όνων
2249 399 2318 455 τὰ
2371 399 2591 471 χείρονα
2636 393 2927 468 αἱρεῖσθαι,
2980 385 3270 457 ἐκδικητὴς
3300 383 3379 447 δὲ,
3403 381 3629 480 Δκαθότι

369 499 566 569 inquit,
616 499 916 566 hujusmodi
967 495 1188 552 Satanae
1233 498 1288 550 in
1330 497 1608 550 interitum
1650 497 1848 559 carnis,
1888 505 1945 548 ut

371 590 595 658 spiritus
615 588 791 641 salvus
809 587 880 641 sit
901 587 959 640 in
989 587 1073 640 die
1105 586 1318 639 Domini
1339 600 1388 638 ει.
1411 586 1548 640 Vide
1576 585 1740 654 igitur
1767 584 1948 639 chari-

374 688 537 733 tatem
575 677 688 740 Dei,
723 685 777 731 et
807 677 1077 730 malitiam
1110 676 1338 731 diaboli.
1373 675 1515 730 Deus
1549 676 1767 745 quidem
1817 691 1945 745 pec-

373 777 613 824 catorem
652 768 920 822 mundare
952 767 1163 833 volens,
1201 769 1385 830 tradil,
1433 777 1493 820 ttt
1523 767 1820 836 Apostolus
1851 767 1946 831 ait,

373 861 564 917 tortori
593 859 831 914 diabolo.
868 860 960 912 llle
992 874 1122 913 vero
1148 868 1276 923 stat,
1311 870 1370 912 ιιι
1394 860 1494 920 leo,
1531 859 1759 927 cupiens
1789 859 1950 912 devo-

374 970 522 1018 rare,
552 970 712 1022 quem
761 954 876 1022 ipse
909 954 975 1007 ad
1006 963 1290 1022 peccatum
1328 953 1513 1005 traxit.
1548 951 1613 1006 Et
1649 969 1756 1006 non
1803 953 1955 1005 novit

376 1047 526 1119 quod
558 1063 756 1117 corpus
789 1047 892 1101 sibi
921 1047 1179 1101 traditum
1208 1048 1280 1102 sit
1331 1063 1436 1100 non
1471 1047 1523 1098 in
1568 1046 1950 1116 perditionem,

379 1143 474 1198 sed
498 1142 935 1211 castigationem,
961 1151 1022 1194 ut
1047 1141 1274 1210 spiritus
1305 1150 1554 1196 servetur
1591 1157 1606 1194 :
1633 1139 1686 1192 in
1712 1141 1952 1192 animam

379 1235 526 1291 enim
559 1235 763 1288 nullam
797 1235 1026 1289 sortitur
1056 1243 1406 1303 potestatem.
1444 1233 1588 1303 quod
1631 1244 1686 1286 et
1731 1233 1784 1286 in
1831 1231 1956 1284 forti

383 1321 488 1377 Job
517 1323 826 1378 ostenditur
845 1320 897 1374 ι’.
923 1322 1133 1376 Etenim
1164 1321 1219 1376 in
1248 1321 1341 1375 illo
1378 1320 1608 1374 aliarum
1642 1335 1822 1373 rerum
1860 1334 1959 1391 pq-

386 1425 632 1471 tcstatem
665 1424 882 1481 nactus,
917 1414 1239 1485 prohibetur
1289 1423 1512 1481 tangere
1560 1412 1819 1477 animam,
1858 1412 1959 1466 hoc

383 1517 490 1572 est,
521 1519 759 1563 mentem
791 1523 899 1562 non
946 1507 1178 1577 eripere.
1223 1505 1288 1559 Et
1316 1515 1467 1569 nota,
1496 1504 1690 1576 553a
1731 1505 1782 1557 in
1811 1504 1960 1574 justo

384 1598 508 1664 Job,
540 1607 594 1653 et
627 1600 682 1653 in
727 1607 1011 1668 peccatore
1043 1597 1351 1663 Corinthio,
1397 1614 1502 1650 non
1531 1596 1809 1666 accepisse
1851 1597 1962 1650 drc-

386 1705 602 1745 monem
636 1691 690 1743 in
722 1690 960 1744 animam
1003 1699 1357 1759 potestatem,
1403 1687 1498 1742 sed
1542 1687 1611 1741 ab
1647 1686 1739 1741 iiia
1781 1687 1962 1756 potius

385 1781 604 1850 expelli.
635 1780 896 1836 Traditus
919 1780 1062 1835 enim
1093 1781 1166 1834 illi
1197 1779 1513 1835 Corinthius
1533 1789 1634 1840 est,
1664 1789 1721 1830 ut
1745 1779 1960 1848 spiritus

389 1871 566 1925 saluus
592 1874 680 1926 sit.
727 1870 975 1926 Incidens
1000 1872 1143 1926 enim
1172 1880 1423 1941 peccator
1465 1870 1758 1924 tentatione
1789 1871 1842 1922 in
1874 1871 1961 1922 in-

393 1963 612 2016 teritum
647 1962 850 2025 carnis,
904 1971 958 2016 et
985 1962 1230 2031 corporis
1262 1961 1544 2016 doloribus
1576 1975 1814 2028 pressus,
1837 1975 1960 2014 cum

389 2055 722 2125 cognoscite
745 2069 851 2124 qua
877 2055 1060 2109 radice
1093 2053 1408 2122 huiusmodi
1428 2053 1644 2107 dolores
1671 2052 1962 2117 exsistant,

389 2145 606 2214 cogitur
637 2145 802 2200 etiam
836 2146 1028 2200 nolens
1053 2129 1237 2200 odisse
1271 2155 1573 2214 peccatum,
1615 2154 1668 2197 et
1695 2142 1964 2205 converti,

388 2245 446 2291 et
480 2253 601 2290 cum
636 2251 870 2305 corpore
912 2236 1076 2290 etiam
1122 2235 1360 2290 animam
1411 2249 1650 2290 servare.
1681 2232 1967 2298 Quomodo

391 2338 572 2382 autem
605 2327 839 2382 Satanas
862 2336 1186 2397 potestatem
1226 2328 1436 2396 accepit
1479 2327 1532 2380 in
1578 2323 1969 2397 peccatorem?

391 2428 602 2475 resecto
630 2420 722 2474 illo
747 2420 817 2474 ab
845 2420 1123 2484 omnibus,
1159 2431 1211 2474 et
1240 2420 1309 2473 ab
1337 2417 1599 2483 Ecclesia,
1657 2433 1971 2472 sacramen-

393 2521 691 2581 torumque
715 2513 1128 2567 communione.
1159 2511 1365 2566 Idcirco
1395 2511 1606 2575 scribit,
1644 2519 1704 2564 ut
1729 2525 1828 2579 pro
1858 2525 1974 2565 me-

395 2603 506 2657 rito
536 2605 781 2673 punitus,
818 2613 871 2658 ct
903 2604 1075 2674 plagis
1110 2603 1358 2666 atl‘ectus,
1394 2612 1449 2658 et
1500 2616 1822 2664 conversus,
1859 2601 1970 2670 jam

394 2695 593 2750 iterum
620 2696 675 2749 in
703 2697 934 2766 gratiam
963 2695 1280 2765 recipiatur,
1304 2710 1332 2748 a
1357 2709 1462 2764 qua
1483 2704 1640 2747 antea
1664 2695 1970 2757 arcebatur,

396 2790 542 2857 quod
574 2799 929 2854 consecutus,
963 2804 1067 2842 non
1102 2787 1340 2856 amplius
1369 2787 1421 2838 in
1453 2793 1720 2854 potestate
1764 2796 1847 2839 cst
1874 2783 1976 2838 Sa-

400 2888 562 2941 tanae,
601 2894 767 2949 quam
798 2879 851 2933 in
873 2880 995 2948 ejus
1035 2894 1235 2949 corpus
1261 2877 1512 2931 habebat.
1547 2876 1652 2942 Qui
1681 2886 1878 2945 sponte
1907 2876 1976 2931 ad

398 2971 774 3043 pmnitentiatn
806 2979 1220 3036 convertuntur,
1244 2985 1340 3026 cos
1363 2968 1626 3023 Dominus
1643 2969 1979 3039 amplectens

2050 491 2213 546 πάλιν
2234 489 2396 553 αὐτὸς
2414 486 2782 558 ἀναγκάζεται
2801 485 2894 538 τὸν
2917 480 3314 553 ἁμαρτήσαντα
3337 473 3588 538 κολάζειν
3612 489 3626 500 ·

2048 581 2355 650 Παράδοτε
2384 581 2514 651 γὰρ,
2550 578 2704 649 φησὶ,
2735 576 2842 630 τὸν
2870 571 3145 628 τοιοῦτον
3168 567 3249 632 τῷ
3285 561 3526 630 Σατανᾷ
3547 563 3632 626 εἰς

2051 674 2300 741 ὄλεθρον
2345 670 2456 739 τῆς
2507 667 2750 737 σαρκὸς,
2792 665 2893 718 ἵνα
2950 660 3015 715 τὸ
3063 657 3300 726 πνεῦμα
3339 651 3512 720 σωθῇ
3560 651 3628 704 ἐν

2053 764 2126 835 τῇ
2151 763 2340 834 ἡμέρᾳ
2361 762 2466 817 τοῦ
2488 761 2730 830 Κυρίου.
2759 757 2870 812 Καὶ
2887 757 2987 828 ὅρα
3009 753 3195 807 λοιπὸν
3221 742 3634 820 φιλανθρωπίαν

2053 858 2188 912 Θεοῦ
2210 857 2304 911 καὶ
2334 855 2535 910 κακίαν
2560 852 2654 906 τοῦ
2686 851 2956 905 διαϐόλου.
2976 848 3036 900 '0
3064 847 3160 916 μὲν
3186 843 3320 905 Θεὸς
3342 840 3432 892 τὸν
3459 839 3634 906 ἀμαρ-

2054 949 2295 1018 τήσαντα
2325 945 2496 998 θέλων
2529 943 2766 1012 καθᾶραι
2797 936 3133 1006 παραδίδωσι
3163 932 3252 986 διὰ
3276 933 3375 1000 τῆς
3400 930 3636 979 ἀποστο-

2054 1039 2212 1108 λικῆς
2268 1037 2452 1108 φωνῆς
2493 1035 2569 1098 ὡς
2621 1032 2801 1103 δημίῳ
2846 1031 2922 1101 τῷ
2980 1025 3244 1096 διαϐόλῳο
3271 1025 3299 1076 ὁ
3339 1022 3396 1074 δὲ
3436 1021 3634 1087 ἐστηκε

2058 1130 2380 1202 βουλόμενος
2435 1127 2511 1190 ὡς
2548 1125 2686 1178 λέων
2737 1123 3024 1176 καταπιεῖν
3083 1117 3143 1170 ὃν
3203 1114 3367 1177 αὐτὸς
3419 1111 3637 1165 ἔπεισεν

2057 1224 2406 1294 ἐξαμαρτεῖν,
2453 1219 2546 1273 καὶ¹
2593 1218 2695 1271 οὐκ
2743 1217 2884 1284 ἔγνω
2913 1215 2994 1266 ὅτι
3029 1211 3090 1264 τὸ
3149 1209 3308 1278 σῶμα
3362 1203 3637 1275 παρεδόθη

2058 1314 2226 1385 αὐτῷ,
2263 1312 2480 1384 οὐχὶεῐς
2522 1307 2917 1385 πανωλεθρίαν,
2962 1303 3077 1357 ἀλλ’
3119 1303 3197 1363 εἰς
3232 1303 3637 1367 σωφρονισμὸν,

2060 1382 2270 1461 ἴνα-τὸ
2319 1382 2536 1474 πνεῦμα
2593 1400 2764 1472 σωθῇ.
2813 1382 2928 1467 Τῆς
2978 1397 3089 1466 γὰρ
3145 1392 3324 1463 ψυχῆς
3379 1389 3642 1458 οὐδεμίαν

2059 1497 2423 1570 ἐγχειρίζεται
2479 1492 2758 1560 ἐξουσίαν,
2813 1489 2889 1553 ὡς
2935 1488 3203 1542 δέδεικται
3254 1484 3350 1536 καὶ
3396 1481 3492 1533 ἐπὶ
3548 1476 3642 1530 τοῦ

2060 1569 2308 1660 γενναίου
2353 1586 2472 1641 Ἰώϐ
2495 1603 2510 1618 ο
2544 1585 2638 1639 καὶ
2681 1584 2789 1653 γὰρ
2822 1581 2916 1635 καὶ
2961 1580 3045 1633 ἐπ’
3083 1577 3292 1631 ἐκείνου
3319 1571 3504 1627 λαϐὼν
3537 1569 3644 1622 τῶν

2063 1683 2237 1737 ἄλλων
2265 1679 2365 1751 τὴν
2407 1677 2677 1742 ἐξουσίαν,
2707 1673 3054 1727 ἐπιτάττεται
3093 1667 3167 1739 μὴ
3200 1665 3472 1736 τολμῆσαι
3502 1660 3644 1728 ἅψα-

2065 1775 2190 1828 σθαι
2216 1772 2314 1843 τῆς
2343 1770 2543 1840 ψυχῆς,
2579 1766 2826 1820 τουτέστι
2868 1762 3081 1834 φρενῶν
3117 1762 3376 1814 ἔκστασιν
3424 1756 3499 1827 μὴ
3545 1755 3646 1806 ἐπ-

2064 1867 2331 1934 ενεγκεῖν.
2357 1861 2469 1916 Καὶ
2497 1859 2802 1930 σημείωσαι
2833 1857 2914 1910 ὃτι
2942 1855 3036 1908 καὶ
3065 1854 3157 1906 ἐπὶ
3173 1851 3265 1904 τοῦ
3279 1849 3490 1903 δικαίου
3524 1843 3646 1899 Ἰὼϐ

2065 1958 2158 2012 καὶ
2189 1957 2282 2009 ἐπὶ
2302 1953 2396 2007 τοῦ
2429 1950 2812 2024 ἡμαρτηκότος
2843 1951 2898 2000 ὲν
2921 1944 3171 2014 Κορίνθῳ
3200 1945 3260 1996 οὺ
3301 1941 3516 2011 δέχεται
3547 1939 3646 2006 τὴν

2066 2052 2162 2120 τῆς
2193 2047 2373 2119 ψυχῆς
2387 2044 2678 2112 ἐξουσίανὸ
2699 2040 2954 2111 πονηρὸς,
2989 2037 3189 2109 μᾶλλον
3223 2035 3319 2106 μὲν
3346 2031 3444 2086 οῦν
3469 2032 3644 2100 ὑπερ-

2067 2142 2309 2214 ορίζεται
2372 2137 2564 2208 αὐτῆς.
2617 2132 2974 2205 Παραδίδοται
3025 2130 3134 2202 γὰρ
3185 2125 3335 2196 αὐτῷ
3386 2125 3484 2180 καὶ
3525 2125 3556 2176 ὁ
3593 2123 3650 2214 ἐν

2069 2213 2336 2306 Κορίνθῳ·
2351 2233 2505 2290 Ἵνα.
2526 2229 2678 2298 φησὶ,
2696 2225 2763 2280 τὸ
2781 2224 3016 2293 πνεῦμα
3035 2219 3222 2289 σωθῇ.
3241 2215 3530 2289 Ἐμπεσὼν
3544 2213 3650 2285 γὰρ

2069 2329 2098 2379 ὁ
2131 2324 2469 2398 ἡμαρτηκὼς
2500 2319 2578 2392 τῷ
2603 2315 2898 2391 πειρασμῷ
2927 2316 3006 2378 εἰς
3039 2312 3261 2383 ὄλεθρον
3284 2311 3384 2379 τῆς
3424 2307 3650 2378 σαρκὸς,

2072 2422 2167 2475 καὶ
2215 2421 2333 2480 ταῖς
2383 2413 2642 2484 ἀλγηδόσι
2690 2410 2786 2464 τοῦ
2833 2408 3086 2480 σώματος
3135 2401 3651 2473 κατατρυχόμενος,

2072 2509 2328 2579 ἐπιγνούς
2358 2525 2416 2561 τε
2449 2509 2514 2560 ἐκ
2543 2504 2703 2568 ποίας
2741 2501 2898 2574 ῥίζης
2935 2498 3084 2569 αὑτῷ
3118 2495 3408 2568 βλαστάνει
3452 2492 3526 2545 τὰ
3559 2491 3654 2544 ἀλ-

2073 2603 2252 2674 γεινὰ,
2277 2599 2646 2669 ἀναγκάζεται
2669 2595 2764 2650 καὶ
2796 2595 2869 2665 μὴ
2893 2593 3064 2645 θέλων
3087 2590 3316 2661 μισῆσαι
3346 2586 3447 2657 τὴν
3479 2586 3657 2655 ἁμαρ-

2075 2673 2197 2749 τίαν
2223 2695 2318 2747 κα“ι
2347 2691 2483 2759 πρὸς
2514 2689 2614 2754 τὴν
2659 2685 2996 2754 ἐπιστροφὴν
3024 2681 3252 2752 δραμεῖν
3286 2673 3658 2730 συνδιασώσα-

2078 2786 2203 2840 σθαί
2257 2801 2315 2836 τε
2359 2783 2438 2853 τῷ
2494 2779 2708 2846 σώματι
2755 2776 2856 2847 τὴν
2901 2774 3101 2845 ψυχήν.
3141 2768 3268 2831 Πῶς
3311 2767 3369 2821 δέ
3406 2765 3603 2819 ἔλασεν
3631 2764 3658 2815 ὁ

2078 2876 2325 2940 Σατανᾶς
2351 2876 2451 2945 τὴν
2481 2870 2730 2937 ἐξουσίαν
2767 2867 2904 2920 κατὰ
2933 2863 3027 2918 τοῦ
3067 2860 3484 2933 ἡμαρτηκότοςς
3528 2856 3659 2924 ἀφο-

2085 2969 2359 3042 ρισθέντος
2380 2963 2547 3020 αὑτοῦ
2569 2963 2677 3017 ἀπὸ
2702 2961 2940 3025 πάντων,
2965 2954 3073 3010 ἀπό
3099 2971 3157 3006 τε
3191 2951 3292 3021 τῆς
3329 2947 3660 3017 Ἐκκλησίας

400 3038 636 3133 suscipit
665 3085 677 3118 :
741 3064 833 3134 qui
865 3079 994 3118 vero
1025 3079 1130 3117 non
1165 3071 1356 3133 sponte
1387 3038 1759 3132 potnitentiani
1791 3068 1976 3130 agunt,

2084 3038 2180 3119 καὶ
2236 3065 2337 3131 τῆς
2385 3058 2493 3112 τῶν
2545 3052 2790 3128 φρικτῶν
2851 3046 3164 3122 μυστηρίων
3214 3041 3524 3104 κοινωνίας.
3575 3038 3662 3092 Διὺ

405 3151 685 3222 castigans
733 3160 974 3215 revocat,
1020 3160 1072 3205 ct
1116 3151 1264 3206 hunc
1293 3166 1513 3205 sensum
1559 3149 1851 3218 Apostolus
1885 3163 1982 3202 ex-

406 3244 618 3313 plicans
675 3243 861 3299 dicit:
912 3243 1067 3309 Quod
1119 3245 1165 3297 si
1214 3243 1560 3308 nosmetipsos
1591 3241 1980 3310 judicaremus,

406 3353 511 3391 non
546 3340 728 3408 utique
763 3338 1155 3406 judicaremur.
1196 3335 1335 3389 Dum
1367 3336 1682 3404 judicamur
1712 3343 1911 3396 autem,
1953 3350 1986 3386 a

408 3432 517 3486 Deo
539 3432 882 3499 corripiatur.
909 3441 962 3484 ut
989 3447 1091 3483 non
1114 3447 1233 3482 cum
1259 3429 1356 3482 hoc
1382 3428 1579 3481 mundo
1597 3428 1912 3480 damnentur
1936 3437 1984 3482 ο.

410 3523 546 3579 Illud
585 3533 791 3587 autem,
816 3534 874 3577 ut
913 3540 1018 3578 non
1053 3539 1173 3576 cum
1202 3523 1299 3576 hoc
1335 3522 1554 3586 mundo,
1586 3537 1694 3574 non
1741 3530 1988 3574 creatura

412 3615 546 3669 dicit
577 3632 591 3668 :
625 3615 913 3684 pulchrum
945 3615 1094 3669 enim
1131 3622 1216 3670 est
1247 3613 1342 3666 Dei
1380 3629 1538 3683 opus.
1576 3611 1680 3666 Sed
1727 3613 1987 3666 mtmdum

414 3708 508 3763 hic
551 3707 838 3778 intelligit,
893 3707 1297 3778 improbitatem
1344 3705 1553 3772 mundi,
1614 3713 1671 3758 et
1725 3703 1991 3759 scandala

413 3797 640 3851 diaboli.
675 3796 796 3850 Ideo
821 3806 874 3850 et
911 3795 1175 3850 Dominus
1200 3795 1330 3849 dicit
1361 3813 1376 3850 :
1419 3792 1510 3848 γω
1539 3792 1734 3846 mundo
1776 3811 1809 3846 ιι
1838 3809 1993 3846 scan-

415 3885 555 3939 datis
582 3885 696 3947 eius
723 3883 749 3924 ἀ
773 3885 786 3937 ε
823 3882 937 3939 Hoc
975 3901 988 3936 :
1026 3882 1450 3950 Coutemplantes
1479 3897 1542 3935 ne
1563 3881 1679 3949 quis
1705 3880 1842 3934 desit
1870 3897 1995 3950 gra-

420 3974 510 4027 tia:
528 3971 642 4037 Dei,
669 3987 731 4024 ne
753 3987 858 4041 qua
888 3971 1046 4024 radix
1062 3970 1441 4022 amaritudinis
1459 3984 1669 4022 sursum
1692 3968 1994 4038 germinans

425 4061 678 4132 impediat
706 4072 754 4128 ε,
782 4075 914 4128 etc.,
935 4061 1002 4117 de
1031 4059 1455 4130 cogitationibus
1499 4059 1576 4113 ait
1621 4059 1690 4113 ab
1737 4058 1997 4128 Apostolo

2086 3155 2250 3219 ἀξίως
2299 3147 2675 3220 ἐπιτιμηθέντι
2709 3144 2805 3198 καὶ
2833 3139 3094 3214 πληγέντι
3136 3135 3232 3190 καὶ
3273 3131 3662 3220 ἐπιστραφέντι

2088 3246 2247 3302 πάλιν
2278 3243 2598 3314 χαρισθῆναι
2636 3235 2806 3305 αὐτῷ,
2843 3227 2918 3286 ὧν
2941 3228 3266 3291 ἐκεκώλυτο,
3307 3225 3535 3296 γράφει.
3567 3215 3664 3274 Ἦν

2088 3313 2407 3404 ἀξιωθέντος
2439 3331 2621 3384 οὐκέτι
2647 3327 2768 3381 οὐδὲ
2788 3326 2886 3394 τὴν
2912 3321 3163 3389 ἐξουσίαν
3186 3314 3334 3387 εἶχεν
3355 3317 3383 3368 ὁ
3401 3313 3663 3375 Σατανᾶς,

2087 3431 2264 3500 ἥνπερ
2293 3426 2506 3493 εἰλήφει
2547 3419 2688 3474 κατὰ
2715 3417 2810 3471 τοῦ
2842 3415 3092 3484 σώματος
3127 3408 3314 3465 αὐτοῦ.
3354 3407 3483 3460 ’Ότι
3513 3404 3666 3472 φησὶ,

2090 3496 2241 3584 Τοὺς
2258 3518 2355 3589 μὲν
2388 3515 2480 3584 ἀφ’
2531 3510 2741 3566 ἑαυτῶν
2788 3507 3220 3578 ἐπιστρέφοντας
3263 3501 3344 3562 είς
3379 3496 3668 3589 μετάνοιαν

2092 3606 2583 3679 ἐναγκαλιζὸμενος
2610 3602 2639 3653 ὁ
2669 3599 2872 3670 Κύριος
2901 3595 3228 3664 ἀποδέχεται
3253 3592 3320 3655 ⁸³,
3353 3589 3480 3650 τοὺς
3509 3585 3571 3640 δὲ
3596 3584 3668 3654 μὴ

2091 3703 2301 3758 οἴκοθεν
2333 3695 2728 3767 μετανοοῦντας
2759 3687 3110 3760 σωφρονίζων
3153 3683 3532 3738 ἀνακαλεῖται.
3563 3677 3669 3729 Καὶ

2094 3794 2300 3862 ταύτην
2335 3791 2392 3843 δέ
2417 3785 2779 3842 ἀναπτύσσων
2804 3781 2903 3850 τὴν
2926 3777 3136 3831 ἔννοιαν
3172 3775 3200 3826 ὁ
3238 3768 3565 3830 ’Λπόστολος
3591 3765 3674 3817 λέο

2095 3904 2182 3957 γει
2204 3901 2217 3914 °
2244 3856 2312 3938 ἐι
2335 3881 2446 3952 γὰρ
2472 3875 2725 3941 ἑαυτοὺς
2744 3871 3058 3941 ἐκρίνομεν
3081 3869 3148 3930 ⁸³,
3179 3866 3289 3957 οὐκ
3317 3862 3394 3915 ἂν
3447 3856 3674 3957 ἐκρινόῗ

2093 3948 2277 4046 λιεθα·
2309 3948 2650 4040 reparata-or.
2686 3965 2754 4018 δὲ
2782 3963 2901 4018 ὑπὸ
2926 3960 3031 4015 τοῦ
3055 3960 3100 3991 ⁸³
3141 3956 3362 4024 Κυρίου
3405 3948 3678 4046 παιόωὲ-

2094 4039 2266 4138 ξιεθα,
2304 4039 2405 4116 ἵνα
2442 4060 2527 4130 μὴ
2575 4058 2698 4113 σὺν
2735 4053 2816 4120 τῷ
2857 4055 3068 4122 κόσμῳ
3113 4039 3681 4138 atomum-0611?.“

421 4131 553 4216 dici,
582 4152 688 4206 hoc
731 4161 834 4218 est,
885 4167 954 4206 nc
989 4166 1097 4220 qua
1130 4149 1202 4205 sit
1236 4149 1291 4203 in
1324 4149 1479 4204 nobis
1515 4147 1772 4218 cOgitatio
1812 4148 1976 4203 adhic

2095 4131 2180 4222 δὲ,
2213 4154 2346 4209 Ἵνα
2366 4152 2451 4222 μὴ
2482 4151 2604 4205 σὺν
2631 4147 2711 4214 τῷ
2735 4148 2960 4214 κόσμῳ,
2983 4143 3106 4212 οὐχὶ
3133 4139 3209 4209 τῷ
3227 4135 3512 4204 ποιήματι
3537 4131 3679 4200 λέγει

425 4263 553 4303 rens
588 4246 770 4300 adhuc
817 4243 1062 4307 diabolo,
1110 4258 1234 4312 qua:
1280 4257 1382 4296 nos
1434 4239 1527 4294 Dei
1579 4239 1751 4312 gratia
1803 4241 1998 4310 privet.

422 4335 652 4400 Quando
679 4331 825 4387 enim
865 4331 1050 4399 aliqua
1079 4329 1336 4400 cogitatio
1373 4337 1634 4398 tanquam
1666 4327 1824 4382 radix
1849 4343 1999 4398 quae-

2105 4251 2290 4325 (καλὸν
2329 4246 2438 4318 γὰρ
2483 4243 2544 4297 τὸ
2565 4241 2659 4295 τοῦ
2695 4238 2829 4292 Θεοῦ
2865 4237 3124 4306 ποίημα),
3148 4231 3285 4286 ἀλλὰ
3327 4230 3538 4325 κόσμον
3570 4223 3682 4325 νυνέ

2105 4314 2202 4414 τὴν
2228 4344 2285 4396 ἐν
2313 4314 2628 4410 τῷνκόσμῳ
2671 4332 2819 4401 λέγει
2851 4327 3140 4398 πονηρίαν,
3172 4323 3242 4414 τα
3285 4318 3566 4414 σκάνδαλα
3589 4314 3680 4414 τοῦ

423 4427 550 4481 dam
602 4425 827 4480 malitiae
876 4424 929 4478 in
978 4422 1136 4478 nobis
1189 4420 1445 4492 pullulat,
1500 4419 1600 4475 etsi
1666 4419 1854 4490 plures
1909 4435 1975 4490 pe

2110 4403 2374 4502 uovqpoﬁ:
2387 4427 2476 4480 Διό
2500 4403 2631 4480 καὶὸ
2648 4419 2850 4491 Κύριός
2879 4431 3064 4488 φησιν·
3089 4412 3230 4467 Οὐαί
3256 4409 3334 4476 τῷ
3351 4408 3560 4502 κόσμιρ
3572 4403 3682 4459 ἀ.τύ

424 4517 837 4573 conversionem
869 4513 1296 4581 eradicavimus,
1331 4521 1514 4567 tamen
1549 4511 1642 4566 illa
1667 4510 1882 4566 occulte
1907 4527 2002 4566 re-

2103 4499 2622 4580 τῶ-νοκανδάλων
2653 4511 2862 4568 αὺτοῦ.
2899 4511 3024 4563 Ὅτι
3056 4507 3136 4570 τὸ,
3176 4499 3685 4562 Ἑπισκοποῦντες

426 4611 574 4677 licta,
609 4625 675 4665 ex
703 4621 856 4680 parte
903 4622 1162 4664 crescens
1191 4615 1248 4661 et
1293 4605 1571 4675 prodiens.
1607 4603 1911 4670 invalescit,
1949 4619 1976 4658 ε·

2101 4616 2186 4687 μή
2218 4634 2307 4681 τις
2339 4608 2611 4679 ὑστερῶν
2637 4605 2744 4674 τῆς
2770 4605 2815 4637 ⁵⁵
2854 4603 3097 4674 χάριτος
3129 4596 3238 4652 τοῦ
3273 4593 3444 4658 Θεοῦ,
3469 4591 3560 4687 μή
3602 4608 3686 4687 τις

428 4699 683 4771 inquinat
715 4699 852 4754 alias
881 4697 1245 4769 cogitationes
1287 4697 1356 4751 ad
1403 4697 1608 4752 bonum
1649 4694 2001 4749 inclinantes.

429 4793 766 4849 Exscindere
797 4793 963 4862 igitur
995 4792 1248 4846 hortatur
1280 4789 1459 4844 omnis
1490 4787 1700 4858 peccati
1739 4787 2006 4854 radicem,

431 4896 489 4940 ut
518 4885 742 4940 omnino
772 4885 936 4938 [toruo
979 4881 1073 4938 Dei
1101 4889 1372 4953 praecepta
1421 4883 1546 4937 sine
1583 4880 1832 4935 molestia
1882 4896 2006 4936 cum

430 4981 612 5035 fructu
666 4988 1017 5046 exsequatur.
1079 4976 1182 5030 Per
1229 4991 1431 5037 canes,
1487 4974 1700 5044 inquit,
1749 4975 2010 5044 parabola

433 5071 795 5126 crudeliorem
855 5070 1014 5124 illum
1067 5069 1291 5124 divitem
1347 5067 1622 5138 coarguit,
1673 5066 1834 5136 cujus
1886 5073 2014 5122 ante

435 5164 585 5219 fores
611 5162 1112 5233 Lazarusjaccbat.
1143 5161 1324 5217 Canes
1358 5161 1504 5214 enim
1537 5160 2014 5216 commiseratione

435 5255 628 5330 5531:
675 5272 887 5328 magna:
934 5255 1082 5311 illius
1131 5253 1482 5320 calamitatis,
1517 5262 1782 5323 quantum
1832 5252 2015 5309 facere

514 5447 542 5477 ι
572 5435 590 5491 1
621 5434 750 5492 Cor.
775 5451 830 5504 ν,
867 5437 921 5492 5.
1017 5433 1050 5476 δ
1079 5433 1183 5492 Job
1211 5449 1252 5503 ι,
1285 5432 1374 5490 12.
1463 5443 1489 5474 ο
1512 5430 1534 5489 l
1557 5431 1686 5491 Cor.
1718 5447 1796 5496 ιιι,
1826 5431 1916 5486 51.

1992 5427 2020 5469 ά
2048 5427 2239 5484 Matth.
2294 5443 2451 5492 xvm,
2487 5426 2540 5483 7.

2108 4682 2236 4781 l888
2267 4704 2359 4778 il.]
2379 4702 2510 4773 ῥίζα
2554 4700 2766 4763 κακίας
2787 4693 3036 4764 ἐνοχλῇ,
3065 4693 3158 4745 καὶ
3184 4690 3252 4744 τὰ
3273 4688 3401 4758 ἐξῆς
3429 4685 3562 4781 περὶ
3585 4682 3687 4781 τῶν

2109 4775 2386 4868 λογισμιῦν
2429 4792 2678 4864 εἰρῆσθαι
2704 4790 2781 4860 τῷ
2813 4786 3121 4854 Ἀποστόλῳ
3153 4782 3310 4854 φησὶ,
3336 4777 3587 4832 τουτέστι
3617 4775 3688 4847 μή

2109 4908 2194 4954 τις
2299 4885 2560 4956 λογισμὸς
2609 4885 2666 4937 ἐν
2699 4882 2828 4952 ὑμῖν
2861 4880 2907 4912 ⁸⁵
2944 4876 3102 4948 [1617
3149 4872 3246 4944 IL]
3295 4869 3689 4962 προσκείμενος

2115 4982 2196 5036 ἔτι
2340 4954 2572 5046 δίαδόλῳ
2613 4974 2709 5028 καὶ¹
2738 4967 3138 5040 ὑστερούμενος
3179 4963 3281 5032 τῆς
3327 4960 3554 5051 χάριτος
3603 4954 3689 5009 τοῦ

2116 5049 2280 5128 Θεοῦ(
2306 5073 2476 5124 Ὅταν
2524 5067 2635 5138 γάρ
2663 5082 2746 5128 τις
2783 5058 3047 5131 λογισμὸς
3093 5055 3286 5124 ὥσπερ
3313 5069 3399 5114 τις
3443 5049 3571 5121 ῥίζα
3603 5065 3695 5099 πο-

2117 5164 2312 5235 νηρίας
2365 5156 2781 5230 ἐγκεχωσμένος
2827 5156 2886 5207 ἐν
2916 5151 3049 5221 ἡμῖν
3093 5143 3279 5235 ᾗ,κᾶν
3310 5144 3448 5235 τοὺς
3479 5139 3695 5235 πλείους

2119 5225 2203 5305 διζ-
2242 5225 2577 5319 ἐπιστροςέῆς
2621 5225 3089 5316 ἐξερῤιζὼσαμεν,
3130 5234 3246 5288 ἀλλ’
3280 5227 3374 5286 οὗν
3419 5231 3632 5295 ἐκεῖνος
3669 5225 3696 5279 ὁ

2625 5439 2649 5466 ε
2681 5425 2843 5480 llebr.
2879 5435 2980 5485 xu,
3018 5419 3106 5475 15.

1757 5545 1990 5604 VARliE
2031 5542 2437 5602 LECTIONES.

559 5674 601 5706 ⁶¹
634 5672 962 5741 ἀποδέχεται
1012 5674 1053 5727 C
1105 5694 1117 5730 :
1160 5672 1465 5744 ἐπιδέχεται
1495 5691 1552 5738 ς.
1628 5674 1671 5704 ⁶²
1709 5669 1998 5742 ἐκρίναμεν
2041 5668 2081 5723 (3
2128 5686 2140 5722 ;
2193 5662 2528 5735 διεκρίνομεν
2571 5679 2628 5723 ς.

450 5748 549 5812 ἐἰς
591 5764 652 5810 ς.
803 5745 846 5775 ⁵⁵
881 5746 1069 5801 ὑμῖνϐ
1114 5764 1124 5798 :
1159 5747 1287 5804 ἡμῖν
1318 5761 1379 5807 ς.

3248 5648 3290 5678 εδ
3328 5646 3426 5714 τῆς
3475 5643 3517 5700 (ἶ
3547 5660 3562 5701 :
3594 5637 3698 5700 ἀπὸ

2746 5659 2787 5692 ⁵³
2812 5653 2904 5709 τοῦ
2949 5667 3060 5708 om.
3117 5650 3175 5706 C.
