3922 6242
230 271 343 338 349

1249 268 1766 333 BIBLIOTHECA.
1801 291 1871 303 -
1899 266 2063 329 COD.
2103 268 2417 333 CCLXXX.

3377 276 3484 341 350

235 381 586 452 ὄπολειφθεὶς
610 382 658 416 ⁸⁸
683 381 824 436 κατά
855 379 1020 454 μέρος
1052 378 1418 449 αὐξανόμενος
1447 379 1539 432 καὶ⁸
1577 379 1656 440 είς
1687 377 1805 430 ὲπι-

1911 385 2211 446 potuerunt
2259 379 2664 448 praestiterunt,
2708 381 3008 441 lambentes
3053 384 3233 440 ulcera
3283 385 3482 458 linguis

233 475 465 547 φάνειαν
494 472 775 545 προελθὼν
805 472 1263 543 ὲπικρατέστερος
1294 472 1522 540 γίνεται,
1557 467 1811 538 καὶεμαί·

235 584 316 620 νει
343 566 471 628 τούς
490 565 682 627 ἄλλους
710 566 837 628 τοὺς
859 564 920 617 τὸ
944 563 1148 633 ἀγαθὸν
1183 563 1464 633 μετιόντας
1493 559 1807 628 λογισμούς.

241 659 574 712 Ἐκκόπτειν
598 653 690 712 οὖν
724 659 983 726 παραινεῖ
1003 658 1182 727 πάσης
1203 655 1480 728 ἁμαρτίας
1521 653 1696 725 ῥίζαν,
1724 654 1812 707 ἵνα

233 750 323 803 διὰ
362 751 581 804 πάντων
611 753 636 804 6
680 749 964 820 ἄνθρωπος
991 749 1089 810 τὰς
1128 748 1345 812 ἐντολὰς
1387 746 1590 818 Κυρίου
1623 748 1812 798 ἁνενο-

232 840 450 910 χλήτως
480 843 826 911 καρποφορῇ.
858 840 982 894 Ὅτι
1012 842 1105 892 καὶ
1138 839 1225 891 διὰ
1255 838 1363 892 τῶν
1391 837 1588 898 κυνῶν,
1621 836 1808 905 φησὶν,

232 935 268 1003 ή
303 932 590 1004 παραϐολὴ
619 932 988 1002 ἀπηνέστερον
1021 931 1234 1001 ἐλέγχει
1268 931 1359 984 τὸν
1390 929 1642 982 πλούσιον
1665 929 1812 981 ὲκεί-

232 1039 346 1088 νον,
389 1013 452 1074 οὗ
503 1021 610 1092 πρὸ
652 1021 745 1074 τοῦ
777 1021 1025 1084 πυλῶνος
1067 1023 1094 1074 6
1145 1019 1396 1090 Λάζαρος
1448 1019 1696 1090 ἔρριπτο.
1745 1017 1809 1069 Οἱ

233 1114 336 1186 μὲν
362 1116 473 1185 γὰρ
505 1117 666 1178 κύνες
714 1115 1078 1184 οἰκτείροντες
1126 1112 1292 1168 αὐτοῦ
1330 1111 1429 1181 τὴν
1463 1110 1665 1181 πολλὴν
1709 1125 1811 1162 τα-

226 1207 568 1279 λαιπωρίαν,
602 1209 738 1277 ὅπερ
792 1207 1056 1277 ἠδύναντο
1099 1209 1292 1271 ποιεῖν,
1329 1205 1619 1276 ἔπραττον,
1653 1220 1810 1273 περι-

223 1297 504 1367 λείχοντες
533 1299 624 1351 καὶ
648 1292 760 1352 οἷον
786 1299 1200 1370 ἀποσμήχοντες
1229 1296 1396 1352 αὐτοῦ
1419 1295 1480 1349 τὸ
1505 1295 1662 1358 ἕλκος
1689 1295 1810 1357 ταῖς

223 1384 546 1454 γλώσσαιςο
572 1389 600 1440 6
643 1387 701 1441 δὲ
752 1389 846 1441 καὶ
892 1388 1003 1441 τῶν
1047 1387 1227 1441 κυνῶν
1256 1387 1387 1456 περὶ
1425 1388 1485 1439 τὸ
1539 1383 1808 1454 ὁμόφυλον

222 1476 603 1548 ἀπηνέστερος
632 1479 728 1531 καὶ
754 1477 824 1532 δι’
847 1479 1029 1531 αὐτῶν
1062 1479 1324 1548 ἠλέγχετο
1350 1477 1458 1530 τῶν
1484 1476 1682 1530 κυνῶν.
1709 1476 1808 1530 Διά

223 1567 392 1621 τοῦτο
426 1571 680 1624 κάκεῖνον
716 1570 777 1623 τὸ
807 1570 919 1641 πῦρ
955 1571 1322 1641 ἀδυσωπήτως
1347 1569 1658 1638 ἐπέρχεται.
1685 1567 1808 1621 Ὅτι

223 1658 329 1730 τὴν
361 1660 677 1730 παραδολὴν
705 1661 804 1730 τὴν
829 1664 958 1732 περὶ
986 1661 1077 1714 τὸν
1105 1661 1280 1731 γάμον
1307 1663 1402 1713 καὶ
1432 1661 1558 1722 τοὺς
1581 1656 1809 1711 καλοῦν-

1913 467 2050 522 suis.
2083 467 2178 522 Ille
2207 483 2338 522 vero
2369 471 2597 526 canibus
2644 487 2771 543 erga
2818 475 3038 530 fratrem
3086 492 3244 530 suum
3297 485 3483 532 trucu-

1914 558 2134 623 lentior,
2159 563 2320 614 etiam
2348 575 2444 630 per
2474 562 2625 632 ipsos
2654 578 2817 619 canes
2840 567 3206 634 reprehensus
3230 577 3334 621 est.
3357 568 3483 622 Ideo

1913 650 2066 705 illum
2099 651 2240 720 ignis
2271 653 2390 707 sine
2420 653 2795 709 misericordia
2838 658 3030 712 ambit.
3068 657 3388 712 Parabolam
3416 660 3484 714 de

1913 742 2003 806 iis,
2030 743 2121 812 qui
2157 746 2223 798 ad
2256 745 2473 814 nuptias
2506 754 2726 811 vocant,
2757 757 2811 800 et
2837 751 3014 802 vocati
3041 758 3192 815 sunt,
3224 762 3275 804 ct
3298 751 3484 805 venire

1913 835 2225 898 noluerunt,
2261 836 2476 906 aliaque
2511 837 2563 891 id
2593 853 2787 905 genus,
2833 840 2913 894 sic
2943 841 3177 910 explicat
3213 861 3226 897 :
3265 843 3483 911 nuptias

1911 925 2132 995 quidem
2169 942 2395 995 regnum
2432 925 2546 993 Dei,
2579 938 2841 985 vocantes
2878 947 3004 985 vero
3040 934 3353 1006 prophetas,
3381 949 3481 987 vo-

1911 1028 2062 1074 catos
2084 1029 2286 1082 autem,
2307 1020 2542 1088 primum
2566 1020 2809 1086 Iudaeos,
2836 1024 2928 1093 qui
2956 1026 3141 1079 venire
3163 1027 3480 1093 noluerunt,

1910 1110 2054 1164 unde
2089 1111 2311 1166 mittens
2343 1128 2436 1166 rex
2463 1113 2763 1168 exercitum
2788 1130 2972 1179 suum,
3006 1116 3256 1172 videlicet
3282 1117 3483 1172 Roma-

1910 1216 2106 1256 norum
2140 1202 2547 1271 imperatorem,
2573 1206 2892 1274 omnes,qui
2925 1220 3032 1259 non
3063 1207 3387 1260 obedierunt
3412 1208 3480 1260 ad

1910 1288 2242 1343 credendum
2271 1289 2490 1344 Christo
2517 1291 2830 1359 praedicata,
2859 1301 2913 1345 et
2957 1290 3221 1347 Salvatori
3271 1302 3479 1358 nostro,

1911 1379 2134 1442 occidit,
2161 1381 2421 1435 eturhem
2449 1379 2881 1453 Hierosiilymam
2907 1383 3166 1438 incendit.
3199 1383 3482 1440 Postremo

1911 1471 2066 1527 misit
2100 1471 2239 1527 alios
2273 1489 2482 1540 servos,
2531 1474 2741 1528 scilicet
2783 1476 3086 1544 apostolos,
3136 1486 3189 1530 et
3218 1485 3482 1531 exeuntes

1910 1564 1965 1618 in
1994 1564 2132 1628 vias,
2166 1574 2220 1618 et
2249 1580 2426 1633 sepes,
2465 1566 2570 1621 hoc
2597 1576 2698 1632 est,
2733 1567 2866 1620 viles
2892 1576 2946 1620 et
2998 1566 3090 1620 Dei
3123 1569 3348 1622 civitate
3395 1569 3482 1621 in-

1909 1654 2130 1724 dignos,
2153 1655 2403 1709 videlicet
2434 1655 2527 1725 qui
2567 1656 2820 1726 projecti,
2854 1664 2910 1710 et
2936 1658 3102 1712 variis
3128 1659 3411 1713 erroribus
3451 1675 3483 1713 a

224 1721 332 1810 τας
372 1721 469 1800 καλ
504 1721 644 1812 τούς.
672 1721 1042 1818 καλουμένους
1069 1721 1162 1802 καὶ
1183 1721 1272 1819 ’μὴ
1297 1721 1670 1810 ὑπακούοντας
1712 1747 1805 1799 καὶ

1910 1721 2022 1801 Deo
2056 1749 2291 1815 separati
2341 1721 2493 1812 suni,
2536 1721 2916 1814 illos‘vocant,
2961 1757 3016 1804 et
3059 1751 3344 1806 domestici
3387 1759 3481 1804 aut

221 1839 297 1893 τὰ
328 1840 468 1894 ἄλλα
497 1839 568 1893 τὰ
618 1843 748 1912 περὶ
793 1840 964 1911 αὐτὴν
1014 1839 1185 1903 οὕτως
1237 1838 1592 1904 ἀναπτύσσει,
1628 1837 1805 1908 γάμον

225 1932 330 2002 μὲν
363 1933 466 2004 τὴν
505 1932 782 2003 βασιλείαν
806 1935 898 1987 τοῦ
929 1933 1087 1999 Θεοῦ,
1117 1933 1416 1995 καλοῦντας
1439 1932 1494 1984 δὲ
1521 1932 1658 1993 τέως
1678 1932 1806 1994 τοὺς

223 2024 540 2094 προφήτας,
573 2026 940 2097 καλουμένους
969 2025 1025 2080 δὲ
1057 2025 1272 2096 πρῶτον
1307 2025 1433 2087 τοὺς
1467 2024 1525 2089 ἐξ
1565 2025 1805 2095 Ἰσραὴλ,

222 2115 279 2168 οἶ
311 2114 436 2169 οὐδὲ
459 2116 735 2187 ἠθέλησαν
767 2116 1053 2172 εἰσελθεῖν.
1092 2117 1255 2170 Ὅθεν
1283 2117 1612 2181 ἀποστείλας
1640 2119 1668 2170 6
1701 2117 1802 2187 βα-

226 2209 416 2272 σιλεὺς
453 2208 522 2262 τὰ
559 2208 945 2280 στρατεύματα
973 2209 1159 2273 αὐτοῦ,
1191 2210 1310 2281 ἦτοι
1351 2210 1450 2280 τὴν
1494 2210 1810 2282 Ῥωμαϊκὴν

223 2300 429 2373 ἀρχὴν,
490 2303 700 2364 πάντας
743 2302 870 2364 τούς
905 2301 980 2373 μὴ
1021 2301 1442 2366 ὑπακούσαντας
1501 2303 1594 2356 ἐπὶ
1629 2303 1691 2356 τὸ
1719 2321 1812 2357 πι-

226 2395 459 2447 στεῦσαι
494 2393 571 2464 τῷ
610 2394 998 2464 κηρυττομένῳ
1025 2393 1248 2466 Χριστῷ
1277 2395 1369 2448 καὶ
1411 2396 1625 2466 Σωτῆρι
1651 2397 1811 2468 ἡμῶν

225 2483 540 2552 ἀπέσφαξε,
567 2484 663 2536 καὶ
683 2484 781 2552 τὴν
812 2483 966 2536 πόλιν
991 2483 1109 2553 ἦτοι
1133 2483 1200 2536 τὰ
1237 2482 1584 2553 Ἱεροσόλυμα
1617 2483 1810 2537 ἐνεπύ-

227 2591 352 2646 ρισε
379 2574 535 2646 πυρί.
567 2576 674 2628 Καὶ
709 2574 894 2628 λοιπὸν
921 2575 1131 2644 πέμπει
1177 2572 1397 2636 δούλους
1436 2574 1656 2645 ἑτέρους
1687 2575 1806 2646 ἦτοι

220 2664 359 2726 τοὺς
389 2665 740 2730 ἀποστόλους,
779 2666 872 2718 καὶ
920 2663 1229 2731 ἐξελθόντες
1265 2665 1344 2727 είς
1378 2663 1478 2729 τὰς
1523 2664 1676 2730 ὁδοὺς
1710 2666 1808 2719 καὶ

1910 1838 2004 1908 qui
2041 1839 2296 1894 videntur
2331 1841 2637 1902 domestici,
2675 1842 3018 1896 vocationem
3069 1843 3378 1897 audierunt.
3418 1843 3482 1897 Et

1909 1933 2219 1988 docuerunt
2247 1933 2480 2003 apostoli
2517 1934 2689 1986 malos
2723 1943 2776 1988 et
2810 1935 3004 1989 honos.
3042 1933 3096 1987 In
3124 1948 3481 1989 consumma-

1913 2025 2060 2080 tione
2103 2035 2310 2088 autem,
2379 2036 2506 2080 tunc
2553 2027 2696 2080 enim
2727 2028 2928 2095 nuptiae
2961 2028 3191 2096 impleta:
3213 2028 3480 2082 suntdis-
3537 2044 3543 2051 '

1910 2116 2315 2179 cutnbentihus,
2345 2125 2570 2186 tumque
2596 2126 2819 2172 vocatos
2852 2132 2958 2171 ire:
3010 2117 3182 2170 amice
3229 2117 3480 2186 suscipit,

1907 2215 1963 2263 et
2004 2208 2272 2262 neminem
2314 2206 2482 2277 ejicit,
2514 2208 2614 2261 nisi
2646 2209 2739 2278 qui
2775 2219 2979 2264 vestem
3021 2209 3316 2278 nuptialem
3369 2226 3478 2262 non

1908 2301 2197 2366 haberent,
2226 2301 2435 2355 scilicet
2457 2302 2551 2370 qui
2583 2302 3007 2372 incorruptionis
3033 2313 3233 2357 vestem
3263 2318 3368 2355 non
3398 2303 3482 2355 iu-

1907 2393 2142 2448 duerunt
2172 2409 2266 2463 per
2293 2394 2648 2464 baptismum,
2679 2405 2734 2449 et
2769 2411 2868 2450 nec
2902 2396 3210 2450 habuerunt
3249 2406 3478 2462 vestem,

1905 2485 1990 2540 vel
2011 2501 2206 2555 puram
2239 2487 2384 2542 illam
2407 2487 2723 2556 induerunt,
2753 2489 2838 2544 vel
2863 2489 3130 2558 impuram
3159 2488 3478 2558 pcenitentia

1909 2587 1966 2634 et
1990 2579 2352 2651 eleemosynis
2383 2580 2698 2647 abluerunt,
2726 2590 2780 2636 et
2809 2581 2876 2635 ad
2915 2581 3132 2651 nuptias
3154 2581 3478 2645 introduxit,

1912 2677 1968 2724 et
1993 2670 2197 2725 amoris
2224 2671 2411 2740 sponsi
2441 2671 2736 2742 participes
2764 2672 3024 2726 ostendit.

225 2757 595 2828 φραγμοὺς...
625 2746 876 2810 τουτέστι
900 2756 1028 2819 τούς
1060 2754 1300 2818 εὐτελεῖς
1339 2758 1434 2810 καὶ
1473 2756 1576 2827 τῆς
1606 2757 1814 2821 πόλεως
1849 2757 1945 2812 τοῦ
1973 2759 2109 2813 Θεοῦ
2148 2761 2420 2827 ἀναξίους,
2467 2761 2587 2833 ἢτοι
2635 2760 2761 2822 τούς
2799 2760 2881 2814 ἑτι
2948 2761 3365 2832 διερριμμένους
3417 2778 3478 2814 τε

222 2851 330 2907 καὶ
358 2848 581 2920 ποικίλῃ
630 2849 808 2922 πλάνῃ
835 2847 991 2918 ιθεοῦ
1039 2846 1574 2918 διαπεφραγμένους,
1623 2849 1846 2915 τούτους
1902 2852 2146 2908 καλοῦσι.
2178 2853 2288 2906 Καὶ
2487 2853 2520 2924 ἢ
2554 2855 2602 2907 οί
2645 2851 2932 2918 δοκοῦντες
2972 2855 3161 2907 οίκείοι
3187 2855 3254 2924 τῇ
3289 2853 3479 2926 κλήσει

221 2943 591 2998 ὐπακούουσι.
631 2942 741 2995 Καὶ
784 2939 1179 3012 μαθητεύουσιν
1209 2939 1496 2994 ἀπόστολοι
1544 2940 1814 3011 πονηρούς
1846 2959 1907 2995 τε
1933 2942 2030 2996 καί⁸
2055 2942 2314 3011 ἀγαθούς.
2355 2944 2444 2997 Ἔν
2467 2942 2524 2996 δὲ
2555 2945 2623 3014 τῇ
2656 2943 2938 3016 συντελείᾳ
2957 2961 2970 2976 ο
2997 2945 3119 2998 τότε
3166 2945 3276 3015 γὰρ
3301 2947 3331 2998 6
3374 2945 3478 3014 γά-

225 3053 333 3106 μος
372 3033 676 3106 πληροῦται
708 3031 817 3085 τῶν
844 3031 1242 3103 ἀνακειμένων,
1272 3032 1394 3085 τότε
1455 3033 1551 3086 καὶ
1619 3032 1747 3095 τούς
1813 3031 2186 3105 κεκλημένους
2218 3035 2248 3087 6
2298 3034 2552 3104 βασιλεὺς
2596 3035 2843 3104 φιλοινεῖ,
2897 3036 2993 3089 καὶ⁵
3037 3037 3228 3090 οὐδένα
3288 3036 3479 3104 ἔξωθεί

219 3131 371 3202 πλὴν
409 3130 540 3192 τούς
565 3127 666 3182 οὐκ
699 3125 1078 3196 ὲνδεδυμένους
1102 3124 1305 3194 ἔνδυμα
1327 3124 1528 3194 γάμου,
1552 3125 1670 3196 ἦτοι
1695 3127 1808 3180 ὅσοι
1872 3127 1934 3180 τὸ
1997 3127 2098 3196 τῆς
2144 3126 2457 3198 ἀφθαρσίας
2503 3128 2708 3198 ένδυμα
2744 3129 2846 3181 οὐκ
2882 3129 3200 3184 ὲνεδύσαντο
3249 3131 3338 3184 διὰ
3381 3131 3476 3186 τοῦ

221 3222 606 3295 βαπτίσματος
628 3235 643 3249 ο
675 3221 770 3273 καὶ
799 3219 920 3272 οὐδὲ
950 3214 1094 3288 εῖχον
1121 3215 1326 3287 ἔνδυμα
1347 3233 1362 3248 ο
1387 3217 1534 3290 καὶῆ
1603 3219 1846 3290 καθαρὸν
1897 3219 2030 3273 αὐτὸ
2080 3220 2465 3291 ἅμφιέννυντο,
2497 3219 2531 3291 ἦ
2571 3222 2665 3275 καὶ
2713 3221 3064 3292 ῥυπώσαντες
3108 3223 3480 3297 ἐλεημοσύνης

219 3316 456 3381 καὶτῆς
532 3313 818 3384 μετανοίας
883 3311 1298 3366 ἀπεπλύναντο·
1339 3313 1434 3366 καὶ
1484 3314 1566 3376 εἰς
1618 3314 1710 3366 τὸν
1755 3314 2021 3384 νυμφῶνα
2069 3315 2300 3384 είσάγει,
2347 3316 2748 3390 φιλοφροσύνης
2776 3317 2871 3384 τοῦ
2915 3319 3150 3391 νυμφίου
3211 3321 3471 3392 μετόχους

219 3407 546 3477 ἀποφαίνει.

747 3524 850 3579 Ἐκ
876 3525 1051 3580 τοῦθ’
1080 3525 1288 3596 λόγου.

291 3618 421 3672 Ὀτι
464 3617 694 3672 Ἀλαλα
724 3616 1031 3687 γενηθήτω
1064 3618 1136 3672 τὰ
1181 3618 1355 3686 χείλη
1397 3615 1471 3670 τὰ
1496 3615 1698 3679 δόλια,
1731 3617 1806 3671 τὰ

213 3705 536 3766 λαλοῦντα
549 3705 700 3760 κατὰ
724 3705 830 3761 τοῦ
862 3706 1116 3772 δικαίου,
1140 3707 1255 3778 ᾅδει
1284 3707 1312 3759 6
1334 3706 1517 3760 Δαυίδ·
1565 3704 1804 3778 [ταύτὸν]

214 3800 493 3871 πράττειν
537 3797 672 3867 φησὶ
703 3798 796 3852 καὶ
833 3797 960 3861 τούς
1005 3798 1062 3852 ὲν
1095 3799 1163 3869 τῇ
1193 3797 1569 3869 ’Δλεξανδρείᾳ
1613 3799 1804 3852 Ναυα-

212 3890 464 3954 τιανούς,
512 3888 655 3942 κατὰ
702 3889 813 3941 τῶν
850 3891 1145 3959 μαρτύρων
1172 3887 1267 3942 τοῦ
1313 3889 1547 3960 Χριστοῦ
1592 3889 1805 3943 κενολο-

211 3979 457 4050 γοῦντας
513 3977 825 4048 παριστῶνσ
872 3980 1037 4048 φησιν
1082 3979 1163 4032 ότι
1213 3979 1357 4032 κατά
1401 3979 1500 4049 τὴν
1536 3978 1663 4050 [889
1706 3977 1801 4051 H.]

213 4072 530 4143 μέλλουσαν
557 4071 772 4142 ἡμέραν
818 4071 918 4124 οὐκ
949 4071 1016 4124 ἂν
1064 4070 1277 4136 ἕξουσιν
1309 4071 1626 4140 ἀπολογίαν,
1682 4071 1804 4124 οὐδὲ

208 4166 407 4236 διᾶραι
438 4163 615 4234 στόμα
642 4164 737 4218 καὶ
780 4166 1003 4235 κινῆσαι
1049 4164 1202 4236 χείλη
1240 4163 1578 4236 δυνήσονται,
1632 4165 1714 4218 ὅτι
1745 4166 1806 4219 ὲν

207 4255 298 4328 τῷ
323 4256 559 4328 παρόντι
582 4255 725 4310 κατὰ
750 4255 858 4309 τῶν
888 4255 1124 4326 Χριστοῦ
1170 4256 1460 4328 μαρτύρων
1485 4257 1584 4326 τὴν
1626 4256 1805 4326 γλῶσ-

211 4365 322 4402 σαν
346 4347 651 4417 ἠκόνησαν.
690 4345 812 4400 ὀτι
865 4345 927 4398 τὺ
969 4347 1098 4416 περὶ
1132 4346 1488 4418 Ἀλεξάνδρου
1538 4347 1631 4401 τοῦ
1670 4347 1805 4418 χαλ-ο

210 4441 362 4505 κὲως
385 4440 677 4511 εἰρημένον
709 4441 861 4510 παρὰ
891 4439 984 4492 τοῦ
1027 4440 1375 4494 Ἀττοστόλου⁸
1419 4440 1804 4508 Ἀλέξανδρος

209 4531 493 4603 χαλκεὺς
521 4531 724 4587 πολλά
760 4549 864 4600 μοι
908 4531 1059 4586 κατὰ
1087 4532 1458 4597 ἐνεδείξατοο
1489 4533 1804 4588 ἀπωδὼσει

207 4623 385 4690 αὐτῷ
414 4625 630 4693 Κύριος
649 4624 718 4677 ἐν
742 4623 946 4692 ἐκείνῃ
976 4623 1051 4693 τῇ
1075 4624 1287 4694 ἡμέρα,
1317 4627 1365 4677 oi
1393 4625 1493 4695 μὲν
1517 4625 1666 4680 ἄλλοι
1693 4625 1802 4678 τῶν

205 4716 485 4786 Πατέρων
511 4714 611 4767 οὐκ
643 4715 781 4786 ἀρὰν
815 4710 956 4769 εἷναί
982 4732 1113 4784 φασι
1145 4717 1237 4769 τὸν
1265 4716 1443 4784 λόγον,
1480 4716 1614 4770 ἀλλά
1640 4717 1802 4786 μόνον

2543 3521 2592 3576 E
2627 3522 2763 3578 libro
2802 3539 2854 3579 v.

1975 3612 2132 3668 Muta
2162 3613 2294 3685 ﬁant
2321 3614 2467 3668 labia
2500 3613 2707 3680 dolosa,
2743 3632 2859 3686 qua:
2899 3614 3187 3686 loquuntur
3224 3617 3476 3671 adversus

1902 3706 2131 3776 justum,
2160 3715 2220 3760 ut
2244 3707 2392 3760 canit
2420 3706 2584 3760 David
2618 3703 2666 3760 ί.
2700 3705 2816 3762 Hoc
2839 3706 3016 3762 facere
3047 3709 3122 3762 ait
3148 3706 3478 3763 Novatianos

1904 3799 2266 3866 Alexandriae,
2319 3811 2512 3854 contra
2559 3809 2828 3870 martyres
2873 3801 3073 3854 Christi
3122 3802 3471 3856 blaterantes.

1904 3891 2273 3962 Comparituri
2302 3902 2506 3956 autem,
2546 3893 2745 3961 inquit,
2785 3893 2838 3946 in
2894 3893 3084 3947 ultimo
3124 3893 3314 3963 judicii
3364 3894 3476 3957 die,

1905 3998 2015 4037 non
2045 3984 2322 4038 habebunt
2351 3986 2438 4038 sui
2467 3983 2862 4047 defensionem,
2902 4001 3000 4039 nec
3037 3988 3244 4054 aperire
3268 4001 3350 4049 os,
3378 4001 3478 4041 nee

1905 4088 2124 4128 movere
2171 4074 2319 4128 labra
2373 4083 2646 4143 poterunt,
2697 4073 2792 4143 qui
2837 4075 2939 4127 hoc
2991 4084 3233 4144 tempore
3279 4083 3473 4142 contra

1903 4165 2108 4220 Christi
2139 4175 2408 4236 martyres
2445 4165 2684 4234 linguam
2710 4175 3068 4220 exaeuerunt.
3092 4167 3246 4232 Quod
3270 4167 3472 4222 dictum

1904 4265 1986 4311 est
2013 4255 2083 4310 ab
2108 4256 2373 4325 Apostolo
2391 4254 2460 4310 de
2474 4255 2787 4310 Alexandro
2811 4257 3004 4310 att-ario
3030 4258 3216 4311 fabro:
3243 4257 3479 4311 Memno

1903 4349 1996 4402 der
2024 4349 2249 4402 aerarius
2291 4348 2462 4402 multa
2507 4349 2650 4401 mala
2692 4349 2820 4402 mihi
2867 4351 3142 4404 ostendit:
3177 4351 3351 4405 reddet
3397 4352 3477 4404 illi

1902 4442 2166 4496 Dominus
2193 4443 2246 4495 in
2275 4441 2370 4495 illo
2409 4441 2495 4496 die
2526 4443 2574 4505 ⁸,
2609 4442 2699 4496 alii
2726 4443 2943 4512 quidem
2971 4441 3162 4497 Patres
3209 4443 3476 4512 impreca-

1904 4533 2106 4588 tiouem
2158 4548 2281 4588 esse
2325 4545 2548 4604 negant,
2598 4534 2693 4589 sed
2742 4544 2953 4589 tantmn
3007 4536 3472 4590 denuntiationem

1902 4639 2093 4679 eorum
2124 4639 2246 4695 qua:
2264 4623 2462 4696 sua
2488 4640 2757 4695 passurus
2786 4636 2932 4680 esset
2953 4641 2982 4679 a
3009 4625 3116 4680 Deo
3138 4627 3474 4681 Alexander:

1910 4716 2003 4772 hic
2025 4733 2152 4771 vero
2179 4716 2440 4787 Eulogius
2463 4716 2625 4786 plane
2655 4717 3090 4772 maledictionem
3120 4734 3241 4773 esse
3270 4719 3470 4773 illatam

211 4807 500 4876 ἀπόφασιν
531 4797 607 4860 ὧν
636 4805 860 4877 ἔμελλεν
894 4804 1058 4878 [1620
1092 4805 1182 4878 3.]
1229 4807 1577 4878 Ἀλέξανδρος
1611 4809 1797 4860 πείσε-

1909 4806 2131 4862 affirmat
2163 4808 2492 4874 Alexandro,
2521 4807 2613 4878 qui
2640 4809 3014 4877 pmnitentiam
3046 4825 3154 4864 non
3204 4813 3393 4880 egerit,
3421 4818 3476 4864 et

213 4897 346 4951 σθαι
375 4897 482 4951 ὐπὸ
513 4898 742 4968 Κυρίου,
767 4892 920 4962 οὗτος
949 4897 1005 4950 δὲ
1031 4898 1168 4970 ἀρὰν
1194 4898 1451 4971 ἄντικρυς
1474 4894 1614 4954 εἷναί
1641 4918 1795 4970 φησι,

211 4988 314 5044 καὶ
368 4989 724 5060 ἐπενηνέχθαι
770 4990 1108 5061 Ἀλεξάνδρῳ
1156 4990 1244 5046 διὰ
1279 4992 1340 5045 τὸ
1381 4992 1797 5064 ἀμεταμέλητον

211 5080 315 5133 καὶ
351 5080 752 5153 ἀνεπίστροφον
777 5081 876 5149 τῆς
904 5081 1069 5134 αὐτοῦ
1107 5081 1428 5152 μοχθηρίας.
1468 5083 1588 5136 Ὅτι
1633 5084 1662 5137 ό
1694 5085 1798 5138 Δα-

210 5169 325 5236 σιδ,
355 5172 513 5244 φησὶ,
537 5172 666 5244 περὶ
693 5170 802 5225 τῶν
821 5172 910 5226 διὰ
929 5169 1160 5242 θλίψεως
1181 5171 1581 5226 δικαιωθέντων
1599 5173 1793 5243 λέγων,

328 5338 350 5379 ί
393 5338 542 5396 Psal.
576 5353 709 5404 xxx,
747 5339 833 5396 l9.

1908 4900 1978 4955 ab
2008 4899 2358 4971 improbitate
2384 4916 2484 4956 sua
2513 4917 2634 4955 non.
2655 4917 2960 4956 conversus
2998 4901 3181 4957 inerit.
3220 4903 3384 4958 David
3409 4907 3474 4958 de

1899 4991 2214 5063 jnstiﬁcatis
2260 4992 2613 5048 tribulatione
2641 4992 2873 5062 loquens
2914 4993 3034 5048 ait:
3075 4994 3317 5048 Custodit
3362 4994 3474 5046 Da-

1902 5085 2078 5140 minus
2112 5087 2290 5140 omnia
2317 5102 2437 5141 assa
2461 5102 2662 5152 eorum,
2693 5103 2855 5140 unum
2885 5102 2950 5140 ea:
2981 5086 3061 5139 Itis
3095 5102 3197 5139 non
3235 5087 3473 5154 confrin-

1903 5183 2054 5243 getur
2096 5173 2148 5228 ιι.
2189 5170 2438 5230 Ostendit
2475 5187 2600 5229 ossa
2645 5173 2734 5227 illa
2790 5173 2954 5226 vitam
3008 5173 3138 5226 dare
3195 5187 3374 5240 posse,
3421 5182 3470 5226 ct

949 5343 975 5381 ε
1006 5339 1048 5395 ll
1078 5338 1221 5395 Tim.
1260 5355 1332 5407 tv,
1375 5347 1461 5396 14.
1537 5340 1566 5380 ιι
1596 5338 1738 5395 Psal.
1774 5355 1971 5405 xxxm,
2000 5339 2091 5395 ΞΟ.

1499 5484 1736 5542 νΑῐιιΑι
1775 5485 2180 5544 LECTIONES.

322 5603 369 5636 ⁸⁸³
405 5603 780 5684 tineae-tuend
807 5605 859 5684 in
911 5606 1152 5663 secunda
1201 5607 1366 5677 hujus
1397 5607 1547 5663 vocis
1588 5607 1792 5679 syllaba
1821 5608 2020 5664 desinit
2058 5607 2099 5662 C
2136 5607 2262 5662 :eni
2306 5607 2506 5678 reliqua
2554 5604 2838 5676 adscripsit
2886 5601 3067 5659 nescio
3104 5600 3227 5672 quis
3268 5599 3466 5660 biblior

223 5673 497 5732 thecarius
558 5673 906 5731 Parisieitsis.
