3912 6234
444 325 548 393 351

1615 324 1872 388 ΡΗΟΤΙΙ
1905 323 2409 384 PATRIARCII/E
2449 323 2561 384 CP.

3581 314 3698 378 352

441 439 829 496 accedentibus
859 438 1182 494 medicinam
1215 437 1476 509 praebere.
1523 437 1647 494 llaec
1693 438 1838 492 enim
1889 439 2004 508 ipsa

2126 437 2420 491 ῡυλάσσει
2465 435 2679 504 Κύριος
2707 432 2905 486 πάντα
2948 431 3023 486 τὰ
3067 427 3220 485 ὀστᾶ
3260 427 3482 496 αὐτῶν,
3507 427 3580 482 ἓν
3620 428 3699 495 ἐξ

441 543 590 590 ossa,
620 542 743 596 quae
769 541 798 578 a
827 525 1048 580 Christo
1078 541 1226 581 nunc
1257 534 1671 592 conservantur,
1715 525 1821 580 sibi
1867 525 2011 580 invi-

440 634 558 674 cem
590 618 738 673 unita
772 617 967 672 animae
987 617 1412 687 conjungentur,
1433 625 1485 672 et
1515 617 1818 672 mercedem
1847 615 2009 672 simul

439 711 797 766 certaminum
833 709 1119 780 accipient.
1161 707 1229 764 Et
1279 709 1448 764 multa
1495 709 1600 763 alia
1628 718 1864 779 tpossem
1917 725 2013 765 su-

440 818 587 858 mere
632 803 700 857 ad
751 802 1235 856 demonstrandum
1285 803 1465 858 inesse
1499 803 1752 857 virtutem
1775 802 2011 872 aliquam

439 895 657 950 ossibus
684 904 1019 950 sanctorum.
1046 895 1257 950 Iudicat
1278 904 1460 949 autem
1485 904 1738 949 mortuus
1761 893 2011 964 quidam,

441 1005 604 1059 quem
638 989 691 1042 in
718 988 958 1042 hostium
995 989 1296 1058 irruptione
1323 989 1577 1056 ferentes,
1603 1006 1727 1045 cum
1759 989 2014 1044 decenter

442 1097 550 1133 non
591 1086 815 1149 possent
873 1086 1095 1147 propter
1125 1079 1231 1131 vim
1286 1091 1566 1148 urgentem
1613 1095 1716 1136 suo
1767 1081 2015 1150 sepulcro

441 1174 700 1237 condere,
733 1173 807 1226 ibi
853 1187 974 1225 eum
1013 1171 1363 1241 sepelierunt,
1398 1171 1486 1226 ubi
1531 1173 1704 1227 sancti
1751 1173 1852 1228 viri
1886 1189 2012 1228 ossa

440 1265 719 1334 iacebant.
773 1263 905 1317 Nam
937 1278 1059 1317 cum
1109 1272 1362 1317 mortuus
1412 1265 1584 1319 sancti
1625 1265 1726 1319 viri
1765 1264 2013 1335 reliquiis

445 1358 849 1419 admoveretur,
881 1357 1028 1411 dicto
1063 1356 1226 1410 citius
1257 1371 1286 1410 e
1318 1357 1569 1425 sepulcro
1603 1357 1924 1420 assurrexit,
1962 1366 2017 1411 et

446 1467 570 1504 cum
621 1451 842 1504 domum
893 1465 954 1505 se
997 1450 1337 1514 contulisset,
1391 1451 1788 1519 deprehensum
1826 1458 2014 1519 postea

444 1549 528 1594 est
562 1549 782 1606 capsum
814 1538 958 1592 illam
992 1539 1165 1592 sancti
1198 1538 1300 1592 viri
1343 1553 1542 1608 corpus
1589 1540 1888 1594 continere.
1923 1539 2015 1594 Di-

445 1631 588 1684 mitti
618 1631 692 1684 ait
733 1638 952 1698 peccata
999 1629 1121 1683 aliis
1153 1643 1250 1698 per
1296 1630 1643 1698 baptismum,
1681 1643 1776 1683 eos
1811 1629 1862 1682 in
1911 1644 2016 1683 ca:-

444 1722 577 1776 teris
613 1722 798 1776 beatos
823 1721 1126 1790 pnedicans
1160 1741 1173 1774 :
1206 1721 1533 1790 quibusdam
1560 1719 1694 1776 vero
1726 1735 2015 1790 superesse

2115 527 2314 582 αὐτῶν
2338 530 2409 583 οὐ
2435 524 2928 595 συντριϐήσεται,
2963 521 3231 576 δείκνυσιν
3260 519 3342 574 ὅτι
3371 518 3577 590 ζωτικὴ
3600 559 3698 576 ....

2115 622 2321 694 ἔχουσι,
2360 621 2458 676 καὶ
2500 620 2761 690 παρέχειν
2814 616 2964 670 ἐστὶν
3021 614 3185 669 ἱκανὰ
3226 616 3339 678 τοῖς
3373 612 3702 685 προσιοῦσιν

2119 713 2345 784 ίάματα.
2377 711 2475 766 Διὰ
2528 710 2636 780 γὰρ
2667 709 2735 762 τὰ
2770 707 2910 762 αὐτὰ
2959 706 3028 761 τά
3060 705 3153 759 νῦν
3203 704 3308 759 ὑπὸ
3351 703 3445 758 τοῦ
3483 704 3700 775 Κυρίου

2115 803 2502 875 φυλασσόμενα
2540 803 2693 867 ὀστᾶ,
2741 800 3012 854 ὲνωθὲντα
3060 800 3332 871 ἀλλήλοις,
3371 799 3704 869 ἀπολαμϐά-

2114 910 2286 947 νει....
2300 933 2313 946 .
2329 891 2428 962 τὴν
2448 891 2655 944 οἰκείαν
2676 889 2874 960 ψυχὴν,
2901 889 2993 942 καὶ
3020 891 3269 942 κοινωνεῖ
3291 888 3397 942 τῶν
3417 887 3702 952 ἐπάθλων,

2114 987 2151 1040 ἂ
2179 988 2236 1040 ἐν
2265 989 2376 1050 τοῖς
2423 985 2745 1048 ἄθλοις......
2780 992 2876 1039 καὶ
2907 984 3077 1038 πολλὰ
3111 984 3207 1055 μὲν
3258 984 3375 1036 ἔστι
3416 985 3512 1037 καὶ
3557 984 3704 1039 ἄλλα

2114 1079 2299 1132 λαϐεῖν
2331 1080 2411 1143 εἰς
2443 1079 2737 1144 ἀπόδειξιν,
2791 1080 2989 1132 ἐνεῖναι
3032 1077 3257 1149 δύναμίν
3300 1095 3422 1130 τινα
3452 1080 3562 1141 τοῖς
3584 1077 3706 1130 τῶν

2115 1172 2286 1241 ἁγίων
2314 1171 2541 1237 ὀστέοις,
2569 1169 2719 1241 δηλοί
2741 1169 2797 1223 δὲ
2821 1169 2913 1222 καὶ
2933 1171 2961 1223 6
2983 1169 3174 1240 νεκρὸς
3201 1169 3263 1222 ὃν
3291 1169 3341 1221 οἱ
3375 1167 3704 1237 κομίζοντες

2118 1265 2261 1319 κατά
2286 1281 2408 1317 τινα
2437 1263 2647 1334 ἐχθρῶν
2675 1260 2995 1334 ἐπιδρομὴν,
3033 1261 3108 1332 μὴ
3155 1260 3476 1332 δυνηθέντες
3504 1259 3586 1329 τῷ
3608 1259 3709 1310 εὑ-

2114 1354 2460 1427 τρεπισοέντι
2480 1353 2638 1424 τάφῳ
2668 1351 3032 1424 παραδοῦναι,
3062 1350 3563 1422 τῆςζπεριστάσεως
3592 1347 3703 1400 αὐ-

2114 1449 2242 1510 τοὺς
2271 1445 2695 1517 ὲμόιαζομένης,
2731 1443 2810 1515 τῷ
2851 1444 3008 1514 τάφῳ
3052 1442 3180 1496 ἔνθα
3203 1443 3272 1496 τά
3307 1443 3443 1495 ὀστᾶ
3471 1440 3567 1494 τοῦ
3598 1439 3707 1492 ἀν-

2116 1537 2337 1608 θρώπου
2373 1535 2633 1589 ἐτέθαπτο
2752 1534 2886 1587 Θεοῦ
2922 1532 3362 1603 συγκατέθαψαν.
3393 1534 3504 1587 Καὶ
3539 1533 3654 1606 γὰρ
3679 1537 3711 1587 ὁ

2116 1629 2306 1700 νεκρὸς
2336 1629 2576 1691 πελάσας
2605 1631 2716 1689 τοῖς
2748 1624 2843 1679 τοῦ
2877 1627 3159 1698 προφήτου
3199 1625 3476 1696 λειψάνοις
3505 1625 3711 1683 θᾶττον

2115 1723 2276 1791 λόγου
2323 1721 2415 1775 τοῦ
2444 1721 2616 1790 τάφου
2667 1719 2974 1784 ἀνίσταται,
3031 1719 3127 1772 καὶ
3168 1717 3352 1790 δρόμῳ
3403 1717 3498 1772 τὸν
3551 1714 3712 1773 οἷκον

445 1821 506 1866 ιιι
549 1828 645 1882 per
679 1814 1084 1867 confessionem
1125 1821 1178 1867 et
1227 1812 1604 1883 pcenitentiam
1644 1812 2010 1868 dimittantur.

2126 1813 2442 1870 καταλαϐὼν
2469 1811 2782 1878 ἐξετάζεται
2816 1811 3058 1882 ἔμψυχος
3093 1810 3263 1881 στήλη
3288 1811 3384 1865 καὶ
3405 1811 3710 1878 ’ἀπόδειξις

445 1904 588 1959 Sunt
621 1920 747 1958 vero
783 1904 873 1958 alii
903 1903 1113 1968 Patres,
1154 1905 1242 1972 qui
1280 1903 1436 1956 aliter
1476 1903 1580 1958 hoc
1610 1903 1812 1958 dictum
1849 1905 2022 1974 cxpli~

446 2005 592 2052 cant.
623 1995 740 2050 Non
773 1995 988 2050 videtur
1036 1995 1170 2048 mihi
1223 2003 1368 2051 recte
1432 1995 1632 2060 dicere,
1677 1995 1821 2066 quod
1849 1995 2020 2065 Ἀρο-

455 2088 634 2144 stolus
665 2099 834 2158 ponat
854 2097 961 2142 tres
1001 2085 1220 2140 ordines
1246 2086 1552 2141 hominum.
1593 2085 1769 2140 Unum
1797 2087 2019 2156 quidem

450 2190 776 2250 martyrum,
819 2189 874 2233 et
899 2179 1194 2248 justorum,
1231 2193 1369 2248 quos
1412 2177 1488 2232 ait
1529 2195 1636 2231 non
1670 2179 2018 2248 judicandos,

447 2272 543 2327 sed
569 2273 782 2341 judices
811 2271 950 2336 fore,
975 2271 1060 2326 his
1095 2271 1306 2326 verbis:
1342 2274 1423 2325 An
1448 2273 1659 2326 nescitis
1689 2272 1826 2339 quod
1848 2273 2020 2326 sancti

445 2365 512 2418 de
573 2363 766 2416 mundo
813 2363 1132 2431 judicabant
1183 2363 1254 2418 1?
1303 2363 1591 2418 Secundus
1641 2373 1822 2419 autem
1887 2364 2022 2419 ordo

447 2470 636 2509 eorum
665 2455 757 2523 qui
785 2471 890 2508 non
921 2455 1337 2525 judicabuntur,
1379 2464 1438 2508 ut
1469 2454 1786 2523 impiorum,
1828 2465 1883 2511 et
1928 2456 2021 2525 qui

447 2564 556 2603 non
587 2548 889 2602 servierunt
917 2545 1048 2603 Deo.
1080 2548 1388 2619 Resurgent
1415 2549 1560 2602 enim
1587 2548 1687 2614 illi,
1712 2563 1812 2604 nec
1844 2550 1911 2603 ad
1935 2549 2025 2620 ju-

448 2639 650 2694 dicium
679 2625 1039 2694 deducentur.
1067 2639 1161 2694 Ait
1185 2640 1333 2694 enim
1365 2638 1536 2694 David
1565 2657 1578 2692 :
1603 2637 1744 2710 λΙάεο
1790 2657 1894 2694 non
1942 2657 2026 2696 re-

451 2743 667 2802 surgent
696 2733 843 2802 impii
886 2733 942 2785 in
972 2731 1180 2800 judicio
1213 2731 1228 2782 ί
1274 2747 1398 2786 cum
1432 2731 1766 2801 judicaudis.
1803 2731 2024 2790 Tertius

450 2823 588 2876 ordo
620 2831 702 2877 est
731 2837 945 2886 eorum,
977 2821 1072 2890 qui
1105 2820 1274 2875 Deum
1303 2821 1524 2890 quidem
1555 2821 1865 2886 coluerunt,
1893 2839 2025 2893 pec-

453 2913 589 2967 catis
617 2921 798 2966 autem
829 2912 1014 2968 multis
1047 2912 1272 2967 obnoxii
1303 2911 1545 2980 fuerunt,
1593 2929 1694 2982 pro
1740 2915 1939 2984 quibus
1966 2927 2028 2974 ut

451 3003 814 3071 respondeant
863 3001 1073 3072 judicio
1135 3002 1438 3068 sistentur,
1497 3020 1726 3075 quorum
1791 3007 2025 3064 invicem

451 3095 740 3164 participes
769 3094 994 3151 fuimus.
1019 3093 1111 3151 Sic
1133 3095 1353 3166 quidem
1389 3095 1647 3169 Eulogius
1666 3141 1680 3154 .
1715 3097 1821 3156 Sed
1845 3118 2022 3172 neque

451 3196 639 3241 exacte
690 3188 866 3243 oratio
915 3187 1210 3252 convincit,
1262 3188 1475 3258 judices
1519 3193 1843 3249 constitutos
1896 3210 2020 3250 cum

448 3279 669 3334 Christo
699 3296 857 3347 esse;
891 3295 1087 3356 neque,
1121 3296 1231 3336 non
1252 3298 1443 3338 omnes
1463 3297 1588 3339 ante
1617 3286 1853 3341 tribunal
1878 3303 2026 3343 com-

451 3370 750 3439 paritur-os.
779 3367 1006 3439 Semper
1031 3370 1176 3424 enim
1210 3371 1363 3439 impii
1397 3373 1608 3442 seipsos
1636 3375 2023 3444 condemnant,

452 3471 832 3517 verumtamen
862 3463 1133 3532 judicium
1169 3465 1539 3530 sustinebunt,
1589 3468 1657 3521 ad
1695 3468 2026 3526 reddendam

453 3551 742 3604 rationem.
802 3549 1098 3620 Apostolus
1166 3551 1311 3606 enim
1370 3551 1563 3624 5441)
1625 3570 1734 3608 non
1797 3558 2030 3615 collocat

454 3654 674 3700 sanctos
715 3660 840 3699 cum
878 3645 1100 3700 Christo
1144 3644 1378 3715 judices,
1435 3649 1530 3702 sed
1580 3651 2025 3719 redargutionem

456 3738 669 3804 mundi,
703 3746 758 3792 et
786 3737 1300 3793 condemnationem
1340 3753 1552 3806 eorum,
1583 3741 1678 3811 qui
1711 3753 2027 3800 sanctorum

457 3843 611 3882 more
670 3843 777 3881 non
827 3828 1099 3893 vixerunt,
1150 3829 1388 3884 ostendit
1433 3830 1672 3886 futuram
1701 3874 1716 3900 ,
1768 3836 2031 3904 quemad-

457 3915 684 3969 modum
717 3915 919 3969 dieitur
945 3916 998 3970 iu
1027 3914 1361 3986 Evangeliis,
1394 3919 1663 3977 Ninivitas
1702 3931 1758 3976 et
1785 3911 2030 3994 regiﬁam

455 4007 666 4070 Austri,
702 4022 822 4077 quae
862 4017 991 4063 tunc
1037 4007 1157 4073 iuit,
1215 4009 1554 4079 iudicaturos
1601 4017 2030 4084 generationem,

457 4112 580 4168 quae
609 4099 826 4154 Christo
865 4116 973 4154 non
1009 4099 1258 4156 credidit.

2116 1912 2227 1972 τοῖς
2257 1909 2365 1962 τῶν
2391 1907 2561 1976 ἁγίων
2588 1905 3028 1978 προτεθειμένος.
3054 1905 3166 1958 Καὶ
3188 1904 3360 1958 πολλὰ
3379 1905 3536 1958 ἄλλα.
3571 1906 3705 1959 Ὅτι

2117 2002 2179 2054 τὸ
2211 2001 2308 2071 μὲν
2347 1999 2617 2070 ἀφεθῆναί
2653 2015 2786 2068 φασι
2814 1997 2916 2061 τὰς
2953 1995 3226 2068 ἁμαρτίας
3257 1995 3347 2051 διὰ
3373 1996 3468 2051 τοῦ
3501 1995 3713 2066 βαπτί-

2121 2111 2324 2164 σματος
2367 2091 2496 2164 [τῶν
2529 2091 2627 2160 μὲν
2657 2089 2834 2144 ἄλλων
2879 2089 3198 2160 μακαρίζων
3225 2091 3352 2152 τοὺς
3399 2087 3711 2154 τοιούτους,

2118 2188 2230 2248 τοῖς
2256 2185 2312 2238 δὲ
2340 2182 2408 2255 "]
2443 2182 2781 2253 περιγίνεται
2815 2181 2910 2235 καὶ
2953 2182 3224 2252 ἀφεθῆναι
3259 2183 3304 2214 ⁸⁸
3326 2182 3393 2234 δι’
3440 2181 3715 2252 ἐξομολο-

2118 2281 2332 2347 γήσεως
2360 2275 2456 2330 καὶ
2501 2273 2810 2346 μετανοίας.
2842 2273 2962 2328 Εἰσὶ
2987 2273 3032 2327 δ’
3083 2273 3232 2328 ἄλλοι
3269 2271 3379 2328 τῶν
3416 2273 3715 2345 Πατέρων,

2119 2370 2169 2423 οἳ
2204 2368 2379 2431 άλλως
2407 2368 2506 2438 τὴν
2555 2366 2648 2420 τοῦ
2704 2367 2870 2438 ρητοΰ
2908 2365 3186 2420 ποιοῦνται
3225 2365 3545 2432 ἀνάπτυξιν.
3576 2367 3713 2420 Ὅτι

2123 2459 2310 2531 φησιν,
2330 2457 2404 2512 Οὔ
2433 2475 2522 2529 μοι
2539 2457 2680 2510 δοκῶ
2703 2456 2946 2528 ἀκριϐῶς
2964 2454 3168 2525 λέγειν,
3193 2456 3275 2510 ὅτι
3302 2455 3433 2528 τρία
3449 2456 3716 2528 τάγματα

2123 2551 2232 2606 τῶν
2281 2548 2585 2620 ἀνθρώπων
2629 2551 2658 2602 6
2699 2549 3020 2612 Ἀπόστολος
3068 2547 3287 2620 μηνύει,
3345 2545 3404 2600 ἓν
3462 2547 3562 2619 μὲν
3595 2547 3714 2602 τῶν

2125 2647 2420 2718 μαρτύρων
2453 2643 2548 2696 καὶ
2572 2641 2816 2708 δικαίων,
2843 2640 2935 2704 οὒς
2964 2641 3023 2694 οὐ
3043 2638 3371 2713 [κρίνεσθαι]
3390 2639 3713 2710 δεομένους,

2122 2737 2260 2794 ἀλλὰ
2287 2736 2480 2808 κριτὰς
2503 2735 2698 2798 αὐτοὺς
2729 2733 3024 2804 ἀποφαίνει
3059 2733 3103 2765 θ’
3133 2731 3278 2787 κατὰ
3311 2729 3376 2785 τὸ
3415 2731 3713 2804 εἰρημένον

2125 2831 2326 2902 φησιν’
2360 2831 2482 2884 Οὐκ
2507 2827 2705 2882 οἴδατε
2737 2827 2827 2880 ὅτι
2854 2829 2910 2881 οἱ
2953 2824 3110 2896 ἅγιοι
3158 2823 3269 2878 τὸν
3314 2824 3552 2892 κόσμον
3578 2823 3714 2890 κρι-

2123 2937 2340 2988 νουσι;
2392 2921 2642 2991 δεῦτερον
2677 2920 2736 2974 δὲ
2790 2919 2866 2991 μὴ
2912 2915 3302 2990 κρι[νομένων]
3345 2916 3452 2969 τῶν
3495 2915 3715 2968 ἀσεϐῶν

2124 3014 2406 3084 τυγχάνει,
2433 3011 2540 3065 τῶν
2584 3008 2660 3082 μὴ
2693 3007 3130 3079 λελατρευκότων
3177 3005 3295 3076 Θεῷ
3322 3019 3334 3031 ·
3373 3005 3716 3074 ἀναστήσον-

2053 3137 2095 3197 C
2125 3125 2216 3163 ται
2249 3105 2349 3178 μὲν
2375 3105 2483 3176 γὰρ
2511 3104 2605 3158 καὶ
2625 3095 2792 3166 οὗτοι,
2823 3102 2903 3164 εἰς
2933 3100 3114 3171 κρίσιν
3141 3098 3199 3152 δὲ
3226 3097 3328 3152 οὐκ
3352 3097 3714 3197 ἀχθήσρνται,

2127 3200 2241 3254 ἀλλ’
2272 3201 2352 3262 είς
2396 3193 2770 3270 [κατάκρισιν]
2799 3210 2814 3225 ο
2847 3191 2943 3246 καὶ
2995 3192 3103 3263 γάρ
3155 3208 3320 3261 φησιν
3367 3191 3396 3243 6
3443 3188 3607 3242 Δαόίδ
3627 3189 3713 3220 ⁷⁸·

2127 3290 2232 3348 Διὰ
2275 3290 2453 3344 τοῦτο
2482 3291 2597 3344 οὐςι
2637 3285 3093 3353 ἀναστήσονται
3120 3280 3358 3347 ἀσεϐεῖς
3401 3280 3472 3334 ἐν
3517 3279 3716 3348 κρίσει

2123 3383 2276 3456 μετὰ
2300 3384 2683 3454 κρινομένων.
2709 3379 2905 3450 Τρίτον
2929 3378 2974 3432 δ’
3003 3379 3046 3409 ⁷¹
3071 3373 3209 3429 ετναι
3241 3376 3450 3444 τάγμα,
3472 3372 3501 3426 ὃ
3532 3373 3718 3426 θεοσε-

2130 3481 2244 3534 6εἷν
2278 3478 2588 3550 ᾑρετίσατο,
2622 3475 2928 3545 πταίσμασι
2972 3472 3030 3524 δὲ
3081 3469 3296 3532 πολλοῖς
3334 3469 3602 3537 ἐνέχεται,
3641 3459 3719 3550 diu

2131 3570 2226 3624 καὶ
2259 3549 2502 3639 ήνκρίσις
2523 3565 2675 3618 ἔσται
2711 3563 2850 3635 πρὸς
2883 3561 3173 3629 άπολογίαι
3215 3557 3619 3628 ἐκκαλουμένη,
3644 3549 3720 3610 ὧν

2132 3662 2334 3734 [ἕτεροι
2367 3658 2573 3730 ἑτέροις
2602 3655 3025 3727 ἐκοιν]ώσαμεν.
3057 3651 3213 3707 Οὕτω
3243 3653 3342 3706 ιιὲν
3373 3651 3402 3703 ὁ
3433 3649 3718 3718 Εὑλόγιος,

2131 3753 2246 3809 ἀλλ’
2276 3751 2398 3807 οὔτε
2423 3751 2483 3805 τὸ
2512 3752 2704 3821 κριτὰς
2730 3745 3171 3817 συγκαθεσθῆναι
3198 3743 3272 3815 ad.
3309 3740 3533 3814 Χριστῷ
3560 3741 3722 3813 ἀκρι-

2134 3847 2244 3912 ϐῶς
2275 3845 2432 3915 λόγος
2464 3844 2717 3912 δίδωσιν,
2761 3839 2886 3894 οὔτε
2914 3839 2974 3892 τὸ
3019 3839 3092 3908 μὴ
3135 3837 3343 3899 πάντας
3368 3834 3720 3906 παραστῆναι

2133 3933 2211 4005 τῷ
2247 3933 2452 4004 βήματι
2475 3947 2491 3962 ο
2524 3931 2610 3984 ἀεὶ
2643 3928 2750 4000 γὰρ
2795 3927 2890 3981 καὶ
2916 3927 2964 3977 οἱ
2991 3925 3206 3990 ἀσεϐεῖς
3239 3943 3273 3980 ο.
3295 3924 3720 3995 Δτοκατάκριτοι.

2147 4024 2286 4078 Ἀλλ’
2325 4022 2417 4077 οὖν
2464 4020 2622 4091 λόγον
2663 4017 3055 4088 ἀπαιτούμενοι
3103 4019 3204 4086 τὴν
3251 4032 3432 4086 κρισιν
3465 4014 3717 4071 ....οὖσι.

2138 4112 2249 4168 Καὶ
2278 4112 2338 4166 τὸ
2366 4109 2719 4165 ἁποστολικὺν
2751 4107 2810 4162 δὲ
2848 4107 3008 4179 ῥητὸν
3046 4107 3106 4160 οὐ
3153 4102 3474 4174 συγκαθίζει
3500 4103 3720 4174 Χριστῷ

457 4193 650 4264 κριτὰς
695 4193 818 4257 τοὺς
877 4193 1083 4262 ἁγίους,
1113 4193 1250 4248 ἀλλὰ
1299 4194 1518 4266 ἔλεγχον
1559 4197 1654 4252 τοῦ
1695 4201 1902 4273 κόσμου
1949 4206 2045 4260 καὶ
2073 4207 2398 4275 κατάκρισιν
2422 4203 2532 4256 τῶν
2569 4203 2684 4255 ὅσοι
2740 4201 2815 4270 μὴ
2852 4201 2993 4268 κατί
3011 4198 3251 4260 ἐκείνους
3284 4194 3412 4267 [890
3437 4194 3537 4267 ιι]
3595 4195 3720 4246 em—

457 4290 773 4344 λιτεύσαντο
818 4290 1146 4359 παρίστησιν
1191 4289 1448 4357 ἔσεσθαι,
1499 4291 1687 4363 ὥσπερ
1729 4295 1875 4366 λέγει
1934 4299 2025 4353 καὶ
2081 4301 2141 4354 ὲν
2195 4301 2308 4360 τοῖς
2346 4295 2684 4366 εὐαγγελίοις
2730 4293 3016 4353 Νινευίτας
3064 4290 3160 4344 καὶ
3201 4289 3526 4361 βασίλισσαν
3570 4289 3720 4342 νότου

459 4385 558 4456 τὴν
590 4383 712 4436 τότε
765 4383 1113 4454 κατακρίνειν
1152 4384 1394 4450 ἀπίστως
1441 4385 1668 4458 ἔχουσαν
1693 4391 1772 4461 τῷ
1810 4393 2030 4465 Χριστῷ
2056 4395 2268 4464 γενεάν.

531 4477 699 4532 David
740 4485 847 4531 tres
911 4477 1154 4531 nominat
1195 4476 1417 4534 ordines
1465 4479 1550 4534 his
1611 4481 1790 4537 verbis

461 4585 566 4624 non
605 4577 875 4636 resurgent
898 4568 1050 4638 impii
1085 4570 1141 4622 in
1166 4569 1390 4639 judicio.
1425 4571 1559 4627 Vide
1604 4574 1855 4628 ultimum
1891 4577 2037 4630 ordi-

463 4678 608 4716 nem.
659 4660 841 4730 Neque
871 4671 1167 4730 peccatores
1195 4663 1252 4716 in
1285 4664 1508 4720 concilio
1522 4666 1794 4734 justorum
1817 4668 1864 4722 Ιί.
1900 4667 2036 4725 Vide

462 4772 588 4812 eum
631 4757 722 4827 qui
756 4758 1018 4826 sequitur.
1049 4757 1188 4823 Quia
1217 4758 1352 4814 novit
1404 4759 1657 4814 Dominus
1687 4761 1821 4815 viam
1869 4762 2038 4826 iusto-

464 4863 582 4901 rum
611 4846 653 4900 1.
694 4845 846 4913 Vide,
883 4848 1079 4918 inquit,
1123 4849 1387 4919 optimum
1423 4849 1691 4916 ordinem,
1730 4861 1784 4906 ct
1842 4853 2035 4907 horum

463 4939 711 5010 singulos
751 4939 951 4996 habere
983 4943 1283 5013 proprium,
1330 4951 1385 4998 ct
1436 4945 1756 4998 attributum
1794 4944 1899 5000 sibi
1937 4961 2036 5015 pro

469 5031 680 5088 meritis
710 5031 911 5088 locum.

549 5223 568 5254 ι
609 5210 626 5265 l
655 5211 782 5266 Cor.
817 5225 893 5276 vr,
931 5209 988 5263 2.
1102 5239 1116 5260 ι
1158 5210 1305 5270 Psal.
1339 5228 1402 5280 ιι,
1437 5212 1492 5267 5.
1603 5214 1632 5254 ιι
1658 5211 1805 5268 Psal.
1837 5229 1877 5280 t,
1910 5213 1964 5270 5.

1834 4501 1847 4537 :
1901 4481 2028 4537 Ideo
2063 4495 2105 4550 ι)

2205 4482 2328 4535 Ὀτι
2358 4482 2387 4535 6
2416 4479 2576 4535 Δαυὶδ
2613 4479 2681 4533 τὰ
2727 4477 2854 4548 τρία
2898 4472 3295 4544 προσαγορεύει
3333 4472 3599 4540 τάγματα
3641 4471 3724 4524 διὰ

2139 4573 2344 4628 τούτων
2369 4573 2477 4626 τῶν
2514 4569 2771 4642 ῥημάτων
2795 4585 2809 4600 ·
2841 4568 2944 4622 Διὰ
2971 4568 3145 4621 τοῦτο
3180 4568 3291 4621 οὐκ
3335 4562 3724 4631 ἀναστήσον-

2141 4684 2237 4722 ται
2267 4666 2503 4732 ἀσεϐεἳς
2528 4665 2598 4718 ἐν
2624 4664 2834 4732 κρίσει·
2863 4662 2971 4715 ἰδοὺ
3001 4660 3061 4713 τὸ
3091 4659 3314 4730 ἔσχατον
3332 4659 3546 4728 τάγμα.
3575 4654 3729 4710 Οὐδὲ

2141 4759 2569 4830 ἀμαρτωλοὶὲν
2605 4755 2808 4826 ,ϐουλῇ
2854 4756 3129 4809 δικαίων·
3177 4752 3283 4806 ίδοὺ
3328 4752 3391 4804 τὸ
3444 4751 3727 4821 ἐχόμενον.

2145 4851 2275 4906 Ὅτι
2309 4850 2588 4922 γινώσκει
2633 4850 2846 4916 Κύριος
2894 4847 3039 4901 ὁδὸν
3069 4845 3333 4899 δικαίων.
3377 4843 3533 4909 Ἰδοὺ,
3570 4841 3728 4912 φησι,

2142 4945 2239 4998 καὶ
2290 4945 2354 4997 τὸ
2396 4941 2866 5014 άριστονξτάγμα.
2899 4940 3008 4992 Καὶ
3059 4936 3263 4991 τούτων
3310 4935 3546 4988 ἕκαστον
3595 4934 3730 4988 ἰδίαν

2146 5037 2290 5107 ἔχειν
2315 5034 2753 5107 ὲκνενεμημένην
2784 5032 2932 5104 αὑτῷ
2963 5031 3030 5085 δι’
3055 5025 3130 5087 ὧν
3159 5028 3361 5102 ἔπραξε
3395 5026 3603 5099 χώραν.

2080 5211 2101 5254 ι
2137 5213 2270 5270 ibid.
2303 5215 2358 5270 6.

1769 5413 2004 5473 VARIAB
2043 5413 2434 5472 LECTIONES

581 5596 626 5626 ⁸⁷
652 5608 773 5663 qua:
801 5593 890 5650 hic
907 5602 963 5651 et
987 5591 1126 5649 infra
1159 5591 1368 5663 inclusa
1389 5603 1538 5662 sunt,
1566 5610 1631 5650 ea
1651 5593 1769 5650 sola
1787 5593 1963 5651 habet
1999 5591 2472 5663 ltothomagensis.
2547 5590 2594 5663 ξε
2659 5591 2751 5663 καί
2781 5586 3046 5663 άφεθῆναι
3073 5582 3717 5663 5:‘_Roth.;_:_cap§_0ilyz‘t

479 5664 537 5718 δέ
559 5662 711 5736 om.
746 5673 799 5717 et
830 5663 1047 5727 llrrsch.
1104 5735 1110 5736 γ
1195 5662 1240 5694 ⁶⁹
1277 5664 1440 5736 αὑτὸν
1466 5665 1788 5736 ἀποφαίνειν
1817 5663 1933 5722 GH.

485 5734 768 5798 πολλοῖς...
806 5737 1010 5806 ἑτέροις
1030 5735 1272 5808 ἐνέχεται
1295 5734 1408 5791 Gll.

2041 5665 2089 5698 "
2120 5648 2453 5738 κρινομένων
2471 5659 2653 5733 τρίτον
2706 5661 2752 5714 δ’
2798 5648 2984 5728 ῐὶνηῖ.
3041 5656 3276 5728 ριμένων
3329 5652 3426 5714 Gl]
3482 5648 3496 5656 ⁷
3528 5648 3568 5688 ⁷⁸
3607 5648 3720 5716 an
