3922 6242
203 247 313 316 353

553 369 711 444 [1621
748 371 841 445 [3.]
894 375 995 429 Ἕκ
1027 373 1135 428 τοῦ
1166 371 1220 439 ς’
1246 374 1454 442 λόγου.

281 461 408 513 ’Ότι
425 461 486 514 ἐν
515 462 593 532 τῷ
615 463 759 534 ἕκτῳ
785 464 931 536 λόγῳ
948 465 1158 535 ἐλέγχει
1187 464 1248 516 τὸ
1276 465 1578 535 φερόμενον
1604 461 1790 516 Ναυά-

202 570 303 609 του
335 554 829 626 ψευδομαρτύρων,
863 558 894 610 ὃ
937 559 1046 610 καὶ
1079 558 1160 621 είς
1188 557 1435 610 Ναυάτον
1468 555 1568 626 μὲν
1594 553 1789 627 [λέγει]

204 642 306 696 ἕνα
343 643 474 697 ὄντα
525 645 638 699 τῶν
689 648 795 700 ὑπὸ
846 647 1179 702 Μακεδόνιον
1232 649 1530 702 ἐπίσκοπον
1572 648 1790 719 Ῥώμης

205 735 565 804 τεταγμένων
594 736 742 789 όκτὼ
773 738 1159 809 πρεσϐυτέρων
1209 741 1371 810 μόνον
1399 741 1460 794 τὸ
1489 740 1791 814 μαρτύριον

203 827 309 895 τῆς
341 828 425 889 εἰς
447 827 686 898 Χριστὸν
725 830 1016 900 ὁμολογίας
1059 832 1376 899 διενεγκεῖν,
1404 836 1529 896 τοὺς
1563 833 1618 886 δὲ
1651 833 1792 888 ἑπτὰ

204 913 330 986 ἅμα
359 916 683 987 Μακεδονίῳ
707 918 958 973 έπιθῦσαι
987 923 1100 986 τοῖς
1128 921 1370 986 εἰδώλοις
1390 939 1404 954 ·
1436 940 1793 996 μεμαρτυρη·

205 1006 365 1058 κέναι
392 1006 450 1060 δὲ
491 1007 589 1061 σὺν
613 1008 762 1077 αὐτῷ
795 1010 987 1080 μόνους
1019 1015 1084 1066 ἐκ
1107 1014 1326 1067 πάντων
1349 1015 1533 1085 σχεδὸν
1556 1016 1666 1068 τῶν
1691 1017 1792 1087 τῆς

204 1096 418 1161 δύσεως
443 1100 790 1169 Χριστιανῶν
821 1105 1140 1175 Μάρκελλον
1172 1108 1269 1160 acati.
1302 1107 1647 1179 Ἀλέξανδρον
1668 1110 1792 1162 ἐπι-

207 1189 449 1254 σκόπους
481 1191 777 1264 Ἀκυληῒας
808 1195 903 1247 καὶ
941 1196 1321 1268 Ἀγαμέμνονα
1356 1198 1658 1252 ἐπίσκοπον
1692 1199 1791 1251 Τι-

205 1280 439 1352 ϐέρεως,
485 1283 582 1350 οὓς
628 1285 746 1355 ἅμα
778 1286 1014 1358 Ναυάτῳ
1066 1290 1203 1360 μετὰ
1245 1291 1306 1344 τὸ
1335 1291 1635 1361 μαρτύριον
1684 1291 1792 1363 ἰδίᾳ

155 1386 164 1395 ·
208 1376 601 1442 συνοικοῦντας
629 1381 726 1432 καὶ
756 1381 1084 1450 συνάγοντας
1113 1381 1186 1452 μὴ
1212 1383 1502 1452 ἀνέχεσθαι
1530 1386 1642 1448 τοῖς
1667 1386 1789 1437 ἐπι-

203 1468 464 1530 τεθυκόσι
521 1471 894 1542 συνιερᾶσθαι.
939 1471 1237 1527 Ἐπιθεῖναί
1268 1491 1328 1526 τε
1379 1475 1602 1539 τούτους
1641 1475 1794 1546 αὐτῷ

206 1559 338 1622 τοὺς
364 1560 700 1626 ἐπισκόπους
719 1562 816 1627 τὰς
853 1566 1061 1636 χεῖρας,
1093 1567 1191 1638 τὴν
1227 1567 1326 1636 τῆς
1361 1566 1582 1639 Ῥώμης
1602 1569 1790 1639 ἀρχιε-

209 1650 446 1720 ρατικὴν
473 1650 632 1717 ἀξίαν
662 1653 1162 1728 τελεσιουργούσας.
1196 1659 1452 1712 Γενέσθαι
1473 1659 1529 1713 δὲ
1563 1659 1624 1712 τὸ
1649 1678 1789 1731 μαρ-

205 1741 401 1812 τύριον
453 1745 643 1800 Δεκίου
689 1747 789 1816 μὲν
821 1751 916 1803 καὶ
961 1737 1254 1822 Οὐαλερίου
1301 1754 1586 1823 Ῥωμαίων
1634 1755 1789 1825 βασι-

206 1833 480 1898 λεύοντος,
509 1837 799 1906 Περεννίου
843 1842 900 1894 δὲ
954 1842 1313 1916 δουκηναρίου
1347 1847 1450 1916 τὴν
1487 1846 1630 1900 κατὰ
1678 1848 1789 1900 τῶν

205 1927 558 1995 Χριστιανῶν
587 1931 841 1985 ἀπόνοιαν
866 1936 960 1987 καὶ
988 1937 1263 2008 τιμωρίαν
1286 1940 1784 2009 ἐγκεχειρισμένου.

204 2019 316 2070 Καὶ
342 2020 646 2090 μαρτύριον
665 2025 840 2077 ἐκεῖνο
859 2026 920 2079 τὸ
941 2029 1174 2098 γράμμα
1195 2029 1294 2100 τὴν
1317 2030 1629 2101 ἐπιγραφὴν
1649 2032 1786 2102 ἔχει,

201 2107 330 2161 οὗτε
351 2109 410 2162 δέ
438 2112 708 2180 μάστιγας
736 2114 859 2169 οὔτε
887 2117 1128 2190 ποινὴνῆ
1160 2118 1392 2190 βάσανον
1419 2124 1510 2176 τὸν
1534 2123 1786 2178 Ναυάτον

201 2200 508 2268 διενεγκεῖν
535 2205 864 2276 ἀναγράφει.
890 2209 1081 2264 Καίτοι
1113 2211 1221 2264 τῶν
1248 2212 1468 2267 πώποτε
1503 2213 1786 2283 ὠμότατον

203 2292 351 2345 κατὰ
383 2295 727 2365 Χριστιανῶν
754 2302 1054 2368 γεγονότων
1093 2305 1378 2374 Περέννιον
1433 2305 1783 2374 ἀναγράφων,

201 2384 285 2446 είς
307 2384 576 2451 διαλέξεις
605 2389 732 2456 περὶ
773 2392 1073 2462 μαρτυρίου
1105 2395 1151 2425 ⁷³
1181 2395 1503 2460 ἀλλοκότους
1528 2398 1784 2452 Ναυάτου

199 2475 304 2546 τὴν
337 2477 649 2548 μαρτυρίαν
686 2481 1052 2551 περικλείσας,
1077 2483 1248 2550 οὕτως
1281 2487 1443 2543 αὐτὸν
1481 2490 1666 2559 ἐξάγει
1691 2490 1782 2544 τοῦ

202 2565 378 2639 [ζῇν],
415 2569 642 2642 ὀνείρων
669 2572 888 2626 ἄνθεσιν
933 2577 1399 2648 ἐστεφανωμένον.
1433 2581 1602 2634 Τοῦτο
1629 2581 1693 2655 δὴ
1723 2584 1784 2637 τὸ

198 2659 586 2714 κακόπλαστόν
615 2679 675 2715 τε
701 2664 794 2717 καὶ
831 2666 1155 2723 ἀδιάστατον
1177 2673 1580 2743 γραμματίδιον
1608 2676 1668 2729 ἐν
1706 2676 1783 2748 τῷ

198 2749 354 2820 ἕκτῳ
383 2752 544 2805 αὐτοῦ
561 2754 825 2828 διελέγχει
851 2757 1016 2829 λόγῳ.
1039 2759 1204 2828 Λέγει
1223 2762 1280 2814 δὲ
1296 2763 1461 2827 αὐτὸς
1483 2765 1573 2818 τὸν
1598 2767 1782 2822 Ναυά-

195 2860 295 2896 τον
332 2844 813 2914 ἀρχιερατεύοντος
841 2849 1143 2922 Κορνηλίου
1179 2851 1396 2924 Ῥώμης
1428 2856 1521 2909 τὸν
1564 2861 1782 2929 πρῶτον

197 2930 578 3024 βαθμὸνῌτῶν
606 2936 869 2992 διακόνων
917 2940 1063 3010 ἔχειν
1097 2945 1326 2998 λαϐόντα
1371 2948 1523 3018 παρὰ
1569 2951 1781 3024 Κορνη-

1252 251 1771 316 BIBLIOTHECA.
1813 273 1879 282 —
1911 250 2053 310 COD
2115 251 2434 313 CCLXXX.
3363 250 3468 318 354

1819 372 1867 428 Α

2507 367 2556 420 E
2589 367 2722 422 libro
2760 382 2836 423 vr.

1963 455 2131 512 Libro
2187 465 2344 514 sexto
2386 460 2619 513 ostendit
2659 460 2853 514 Novati
2899 457 3122 523 falsum,
3168 460 3318 532 quod
3358 461 3468 516 cir-

1894 545 2217 613 cumfertur,
2267 549 2620 619 martyrium,
2672 550 2838 618 quod,
2892 549 2978 603 vel
3034 558 3224 604 contra
3285 550 3464 620 ipsum

1894 637 2187 706 Novatum,
2221 639 2384 694 docet
2411 643 2631 695 unicum
2663 642 2946 707 duntaxat,
2977 657 3044 697 ex
3074 651 3199 698 octo
3239 644 3466 714 presby-

1892 733 2026 788 teris
2059 733 2154 804 qui
2185 733 2287 788 sub
2336 732 2654 789 Maccdonio
2699 735 2956 803 episeopo
3004 735 3239 790 ordinati
3287 746 3462 800 erant,

1892 827 2216 897 martyrium
2262 827 2629 882 confessionis
2684 827 2740 882 in
2786 826 3071 882 Christum
3121 829 3460 898 pertulisse:

1896 929 2103 987 septem
2127 934 2256 973 vero
2289 935 2392 973 una
2421 935 2544 974 cum
2577 918 2894 974 hincuiennio
2918 920 3254 976 sacriﬁcasse
3281 921 3462 975 idolis.

1889 1011 1961 1064 At
1984 1026 2109 1066 cum
2141 1012 2260 1078 ipso
2285 1012 2610 1083 martyrium
2638 1012 2877 1067 subiisse
2923 1028 3062 1082 pene
3091 1014 3239 1068 solos
3258 1030 3287 1069 e
3305 1014 3464 1069 Chri-

1892 1104 2085 1160 Stianis
2127 1103 2440 1160 Occidentis
2468 1104 2782 1159 Marcellum
2814 1115 2868 1158 et
2902 1104 3270 1159 Alexandrum
3293 1146 3308 1170 ,
3348 1105 3462 1174 epi-

1891 1211 2090 1266 scopos
2121 1197 2404 1267 Aquileiae,
2450 1207 2504 1250 et
2537 1197 3002 1267 Agamemnonem
3043 1196 3312 1251 Tiberidis
3349 1199 3462 1267 epi-

1891 1305 2087 1360 copum
2123 1309 2136 1344 :
2166 1292 2264 1360 qui
2307 1308 2431 1346 cum
2464 1290 2676 1346 Novato
2705 1302 2827 1362 post
2857 1293 3178 1364 martyrium
3210 1294 3458 1362 privatim

1893 1384 2220 1448 habitantes,
2278 1393 2332 1438 et
2379 1396 2787 1448 conversantes,
2841 1386 3118 1439 noluerint
3171 1400 3276 1438 una
3335 1401 3462 1438 cum

1893 1475 2014 1530 istis
2051 1476 2515 1530 sacriﬁcatoribus
2544 1477 2874 1530 sacriﬁcare.
2908 1476 3243 1544 lmposuisse
3275 1483 3453 1528 autem

1891 1567 1969 1622 illi
2002 1583 2200 1622 manus
2231 1569 2544 1638 episcopos,
2579 1578 2636 1622 ut
2664 1569 2980 1638 pontiﬁcatu
3025 1569 3211 1622 Romze
3239 1567 3462 1637 perfun-

1891 1666 2132 1723 geretur.
2169 1656 2397 1711 Factum
2433 1668 2517 1712 est
2548 1659 2651 1711 hoc
2680 1661 2998 1730 martyrium
3044 1658 3207 1713 Decio
3261 1667 3315 1713 et
3358 1657 3462 1711 Va-

1891 1744 2026 1798 lerio
2063 1747 2482 1814 imperatoribus
2516 1748 2798 1813 Romanis,
2844 1749 3112 1804 Perennio
3163 1750 3460 1804 ducenario

1889 1836 2171 1904 suppliciis
2201 1835 2550 1891 Christianos
2580 1838 2794 1893 allicere
2831 1839 3011 1908 jusso.
3043 1838 3108 1890 Et
3139 1839 3457 1909 martyrium

1889 1926 1993 1981 hoc
2030 1928 2353 1997 inscriptum
2399 1940 2514 1996 est;
2571 1947 2670 1986 nec
2713 1930 2945 2001 ﬂagella,
3004 1945 3106 1985 nec
3156 1939 3455 1996 tormenta,

1887 2033 1989 2073 nec
2033 2021 2325 2088 equuleum
2381 2019 2654 2076 Novatum
2713 2025 2901 2078 tulisse
2932 2022 3141 2078 scribit.
3198 2021 3459 2088 Quamvis

1887 2109 2214 2167 Perennium
2238 2114 2672 2171 crudelissimum
2700 2117 2752 2170 in
2774 2115 3113 2171 Christianos
3132 2115 3299 2170 fuisse
3322 2115 3459 2169 scri-

1886 2205 2000 2271 bat,
2031 2207 2099 2261 ad
2133 2206 2534 2276 disputationes
2594 2210 2664 2263 de
2712 2210 2976 2280 martyrio
3021 2224 3213 2273 novas,
3261 2207 3456 2262 Novati

1887 2295 2207 2366 martyrium
2233 2296 2533 2353 adducens.
2569 2297 2662 2352 Sic
2697 2299 2847 2352 illum
2873 2298 3065 2353 eximit
3097 2315 3161 2352 ex
3195 2298 3298 2352 hac
3319 2298 3453 2365 vita,

1888 2388 2233 2444 somniorum
2288 2387 2520 2444 ﬁoribus
2581 2399 2931 2446 coronatum.
2984 2389 3098 2445 Hoc
3146 2405 3278 2444 vero
3321 2389 3458 2444 falso

1887 2478 2185 2534 conﬁctum
2240 2494 2540 2550 paucarum
2597 2481 2931 2550 pagellarum
2981 2481 3267 2549 scriptum,
3318 2480 3458 2534 libro

1886 2578 2042 2625 sexto
2077 2571 2297 2626 refutat.
2332 2572 2469 2627 Dicit
2494 2582 2678 2627 autem
2713 2571 3006 2637 Novattnn,
3034 2572 3288 2626 Cornelio
3315 2587 3456 2641 pon-

1889 2659 2153 2715 tiﬁcatum
2184 2660 2494 2717 Romanum
2524 2671 2764 2726 tenente,
2797 2664 3032 2732 priurum
3071 2663 3297 2731 gradum
3341 2662 3459 2716 dia-

1884 2753 2008 2805 coni
2040 2769 2070 2807 a
2101 2753 2358 2808 Cornelio
2395 2755 2690 2825 accepisse.
2727 2754 2920 2809 Fuisse
2960 2768 3088 2809 vero
3131 2765 3260 2809 tunc
3299 2754 3458 2808 insti-

1885 2855 2057 2900 tutum
2081 2847 2134 2902 in
2154 2847 2418 2912 Ecclesia,
2445 2848 2914 2913 archidiaconum,
2935 2858 3152 2902 mortuo
3174 2848 3454 2916 episeopo,

1883 2937 1938 2993 in
1966 2940 2280 3009 episcopatu
2306 2941 2403 3006 illi,
2429 2940 2568 2995 facta
2591 2956 2851 2994 manuum
2876 2940 3238 3010 impositione,
3261 2939 3456 3010 545a

195 3023 342 3122 λίου,
398 3019 541 3079 εἶναι
573 3026 630 3080 δὲ
680 3030 800 3082 τότε
836 3031 1036 3103 θεσμὸν
1071 3037 1138 3106 τῇ
1189 3037 1456 3110 ἐκκλησίᾳ
1495 3019 1782 3112 Ῥωμαίων

1888 3031 2192 3099 surrogari.
2227 3030 2540 3085 Cornelium
2570 3046 2698 3086 vero
2725 3032 2907 3084 divina
2944 3029 3300 3099 inspiratione
3330 3046 3454 3084 cum

195 3113 292 3167 τὸν
311 3115 691 3186 ἀρχιδιάκονον
719 3119 1076 3188 τελευτῶντος
1115 3126 1209 3179 τοῦ
1253 3130 1555 3184 ἐπισκόπου
1585 3134 1668 3196 είς
1691 3135 1783 3188 τὸν

195 3205 302 3276 τῆς
353 3209 667 3280 ἐπισκοπῆς
710 3213 1264 3284 ἀντιχειροτονεῖσθαι
1315 3219 1540 3288 θρόνον·
1588 3225 1679 3278 τὸν
1724 3226 1782 3278 δὲ

197 3296 508 3368 Κορνήλιον
536 3300 658 3372 θείᾳ
714 3303 1012 3373 ἐμπνεύσει
1061 3308 1122 3360 τὸ
1156 3308 1418 3380 φίλαρχον
1449 3314 1544 3366 καὶ
1591 3331 1786 3368 νεωτε-

204 3390 425 3458 ροποιὺν
452 3391 673 3456 ἀνάξιον
695 3394 792 3448 τοῦ
816 3397 1136 3467 τηλικούτου
1161 3401 1465 3472 ἀξιώματος
1495 3406 1778 3476 διορῶντα,

198 3480 281 3541 εἰς
329 3480 740 3552 πρεσϐυτέρους
789 3489 1248 3560 χειροτονήσαντα
1301 3495 1627 3563 μετατάξαι,
1679 3498 1781 3569 τὴν

199 3571 442 3639 πάροδον
481 3572 629 3644 αὐτῷ
662 3575 760 3646 τὴν
789 3578 870 3641 είς
889 3579 981 3632 τὸν
1004 3580 1388 3652 ἀρχιερατικὸν
1413 3585 1602 3658 θρόνον
1645 3590 1782 3644 Ῥώ-

199 3679 310 3732 μης
343 3664 631 3729 παντελῶς
670 3669 1090 3727 ἀποκλείσαντα.
1124 3674 1230 3727 Τὸν
1272 3675 1330 3729 δὲ
1375 3681 1783 3754 καιροφυλακή-

198 3771 376 3808 σαντα
403 3756 504 3827 τὴν
527 3758 573 3789 ⁷³
597 3761 936 3830 νομισθεῖσαν
965 3763 1296 3841 [διατελεῖν].
1325 3772 1623 3844 Κορνήλιος
1645 3776 1780 3830 ἄλλα

192 3864 259 3901 τε
287 3848 402 3900 τῶν
445 3852 844 3922 ἡμαρτηκότων
874 3857 1178 3929 εἰλικρινῶς
1221 3864 1639 3932 μετανοοῦντας,
1687 3870 1781 3923 καὶ

194 3941 321 4003 τοὺς
355 3943 473 3994 ὅσοι
499 3945 914 4017 προσεκύνησαν
935 3950 1194 4018 εἰδώλοις,
1228 3955 1560 4028 σπλάγχνοις
1586 3977 1779 4032 πατρι-

197 4036 315 4126 κοῖς
350 4033 676 4106 ὀδυρόμενος
699 4040 1074 4111 προσεδέχετο.
1101 4045 1270 4099 Τοῦτο
1291 4049 1496 4113 ἐκεῖνος
1527 4049 1648 4122 [89l
1683 4052 1775 4126 IL]

191 4124 479 4196 πρόφασιν
529 4127 776 4198 θέμενος,
825 4132 1036 4206 ἐρράγη
1066 4153 1127 4188 τε
1163 4138 1263 4207 τῆς
1305 4139 1632 4212 Ἐκκλησίας
1684 4124 1779 4198 καί

189 4217 504 4287 Κορνηλίου
553 4223 1005 4290 κατηυθαδίσατο,
1058 4227 1328 4298 καθαροὺς
1377 4232 1626 4302 μὲντοὺς
1663 4235 1777 4290 ὅσοι

191 4306 350 4378 αὖτῷ
401 4307 676 4380 ἐπλήρουν
707 4311 768 4364 τὸ
815 4315 958 4366 κατὰ
1006 4316 1106 4386 τῆς
1151 4316 1472 4389 Ἐκκλησίας
1502 4323 1775 4392 ὀνομάσας

1886 3135 2010 3176 eum
2043 3119 2248 3174 videret
2286 3121 2443 3175 novis
2495 3121 2659 3176 rebus
2707 3121 3029 3186 studentem,
3068 3130 3120 3173 et
3165 3120 3452 3188 imperium

1886 3211 2256 3280 aﬂ'eetantem,
2288 3213 2570 3285 indignum
2609 3214 2700 3266 tali
2737 3213 3024 3281 dignitate,
3056 3212 3197 3266 inter
3225 3211 3455 3282 presby-

1884 3315 2034 3362 teros
2060 3305 2369 3372 ordinasse,
2401 3315 2454 3359 et
2486 3306 2628 3359 viam
2660 3304 2733 3358 illi
2770 3305 2835 3358 ad
2869 3304 3241 3372 pontiﬁcatum
3267 3302 3456 3358 Romae

1886 3399 2112 3453 omnino
2156 3398 2522 3469 praeclusisse.
2567 3395 2810 3453 Novatus
2853 3410 2982 3450 vero
3012 3399 3250 3465 :captans
3297 3411 3458 3450 occa-

1885 3485 2096 3541 sionem
2129 3487 2367 3541 instituti
2395 3487 2750 3556 exsequendi,
2773 3500 2897 3540 cum
2918 3485 3452 3541 videretCornelium

1882 3593 1978 3633 eos
2005 3578 2098 3648 qui
2133 3594 2258 3632 vere
2284 3578 2634 3648 poeniterent,
2665 3593 2788 3631 cum
2817 3575 2888 3630 ob
2918 3577 3024 3630 alia
3056 3587 3302 3645 peccata,
3337 3587 3453 3630 tum

1881 3669 1952 3722 ob
1981 3668 2247 3722 idolorum
2273 3669 2504 3730 cultum,
2527 3668 2768 3736 paternis
2793 3667 3096 3722 visceribus
3110 3667 3452 3721 condolendo

1882 3758 1936 3812 in
1971 3757 2205 3826 gratiam
2237 3757 2481 3826 recipere
2518 3774 2532 3810 :
2570 3757 2672 3811 hac
2699 3757 2790 3811 ille
2825 3757 3118 3811 occasione
3173 3773 3326 3820 usus,
3358 3757 3454 3810 de-

1884 3850 2050 3904 scivit
2079 3849 2149 3903 ab
2176 3849 2418 3905 Ecclesia
2449 3858 2713 3913 resectus,
2741 3857 2794 3902 et
2819 3848 3071 3904 Cornelio
3103 3849 3452 3918 pertinaciter

1881 3943 2098 3998 restitit.
2143 3942 2317 3998 Puros
2362 3953 2544 3997 autem
2608 3943 2906 3997 nominavit
2950 3959 3066 4009 eos,
3120 3943 3214 4013 qui
3264 3958 3450 3998 secum

1881 4047 2074 4100 agmen
2131 4040 2323 4086 contra
2377 4030 2684 4086 Ecclesiam
2741 4031 2982 4086 facerent
3030 4049 3044 4084 :
3097 4032 3452 4086 Corneliauos

1878 4140 2034 4190 vero,
2074 4126 2167 4194 qui
2207 4125 2328 4194 ejus
2379 4123 2732 4178 ambitionem
2782 4135 2836 4178 et
2885 4124 3211 4178 dementiam
3257 4134 3450 4179 contra

1878 4219 2210 4288 pmnitcntes
2259 4218 2683 4272 detestarentur.
2737 4216 2933 4270 Postea
2975 4231 3103 4270 vero
3137 4215 3449 4271 Cornelium

1879 4310 2186 4364 Romanum
2212 4311 2529 4378 episcopum
2549 4309 2763 4378 egregio
2782 4307 3041 4380 martyrio
3061 4307 3224 4361 vitam
3245 4308 3450 4363 ﬁuiisse

192 4398 509 4470 σύνταγμα,
535 4401 938 4473 Κορνηλιανοὺς
964 4407 1020 4460 δὲ
1050 4408 1176 4472 τοὺς
1205 4410 1302 4482 τὴν
1329 4412 1494 4466 αὐτοῦ
1527 4415 1774 4485 βδελυξά-

1888 4398 2280 4454 Alexandrinus
2330 4398 2774 4468 archiepiscopus
2807 4398 3071 4467 Eulogius
3113 4397 3297 4454 refert.
3330 4397 3448 4454 Non

193 4490 399 4558 μένους
434 4491 728 4564 φιλαρχίαν
755 4498 848 4548 καὶ
882 4498 1025 4551 κατὰ
1065 4499 1174 4556 τῶν
1206 4504 1609 4572 μετανοούντων
1637 4508 1774 4561 ἀπό-

191 4598 367 4634 νοιαν.
403 4583 705 4655 Κορνήλιον
736 4587 918 4658 μέντοι
957 4589 1047 4644 τὸν
1083 4593 1183 4663 τῆς
1229 4594 1448 4666 Ῥώμης
1477 4598 1774 4654 ἐπίσκοπον

191 4674 334 4744 μετὰ
355 4673 540 4728 ταῦτα
568 4678 661 4730 καὶ
692 4679 986 4752 καλλινίκῳ
1015 4686 1318 4756 μαρτυρίου
1350 4689 1493 4742 τέλει
1531 4691 1626 4745 τὸν
1658 4693 1775 4763 βίον

188 4767 458 4821 ἀναλῦσαι
488 4770 516 4821 ό
561 4770 854 4842 ἀρχιερεὺς
903 4772 1309 4848 Ἀλεξανδρείας
1342 4781 1595 4850 Εύλόγιος
1638 4789 1772 4840 άνα-

190 4859 418 4928 γράφει.
456 4861 613 4915 Ἐστι
649 4861 705 4916 δὲ
731 4863 829 4933 τὴν
853 4864 1052 4936 φράσιν
1080 4869 1108 4921 ὁ
1137 4868 1276 4942 ἀνὴρ
1303 4873 1364 4926 οὐ
1395 4875 1503 4927 τῶν
1528 4877 1621 4931 ἐπὶ
1643 4896 1771 4935 παι-

189 4949 310 5021 δείᾳ
338 4950 710 5025 δυναμένωνῆ
742 4960 1028 5029 συγγραφῇ
1073 4958 1242 5029 όνομα
1273 4961 1446 5034 ἔχειν·
1478 4967 1538 5030 ὃς
1560 4985 1624 5037 γε
1654 4973 1766 5027 οὐδ’

1878 4500 2057 4562 potest
2085 4500 2268 4545 autem
2301 4490 2392 4544 ille
2416 4504 2613 4544 nomen
2649 4491 2790 4544 inter
2822 4505 2916 4544 eos
2944 4489 3164 4555 habere,
3198 4491 3292 4561 qui
3315 4507 3446 4545 eru-

1878 4584 2085 4640 ditione
2113 4592 2167 4638 et
2205 4581 2430 4636 historia
2467 4580 2763 4647 excellunt,
2805 4581 2953 4651 quod
2975 4582 3247 4637 interdum
3278 4583 3446 4639 soloe-

1876 4677 2084 4732 cismos
2105 4685 2160 4731 et
2180 4675 2554 4730 barbarismos
2577 4674 2847 4728 admittat.
2867 4673 2924 4727 In
2954 4689 3127 4728 sacrae
3149 4676 3448 4745 Scriptum

1879 4785 2012 4823 sane
2046 4767 2405 4838 intelligentia
2445 4782 2513 4822 ne
2541 4766 2767 4836 Optimis
2793 4766 3011 4840 quidem
3042 4770 3246 4836 passim
3280 4767 3445 4822 cedit.

1877 4847 2004 4915 Tali
2023 4869 2203 4914 autem
2234 4858 2452 4929 phrasis
2474 4872 2669 4927 genere
2693 4857 2878 4912 dicere
2909 4857 2977 4913 ad
3001 4858 3446 4928 persuadendum

1875 4963 1931 5008 et
1967 4952 2238 5008 delectare
2260 4965 2369 5007 non
2396 4965 2623 5021 prorsus
2662 4965 2773 5005 non
2809 4956 3009 5020 potest.

125 5138 128 5140 _
191 5046 671 5144 αὑτὸ-τδ-σόλοικα
699 5053 792 5104 καὶ
826 5053 1185 5128 ὑποῦάρσαρα
1208 5062 1444 5130 γράφειν
1501 5065 1674 5122 ἐνίοτε
1731 5074 2097 5144 παραιτεῖται.
2141 5072 2230 5125 Ἐν
2281 5069 2463 5143 μέντοι
2523 5071 2636 5133 τοῖς
2699 5071 2988 5140 γραφικοῖς
3030 5071 3265 5142 νοήμασι
3310 5067 3444 5121 πολ-

191 5137 530 5237 λαχοῦιούδὲᾴ
555 5141 665 5198 τῶν
693 5145 929 5216 ἀρίστων
953 5149 1328 5208 ἀπολείπεται.
1355 5155 1428 5209 Τὸ
1468 5159 1693 5217 πιθανὸν
1750 5137 1825 5220 δὲ.
1869 5168 1963 5220 καὶ
2011 5167 2134 5237 ἡδὺ,
2179 5165 2256 5230 ὡς
2281 5137 2538 5236 ’τοιαύτῃ
2570 5137 2790 5235 φράσε-ι,
2823 5137 2938 5216 *οὐκ
2982 5137 3242 5225 ἀδύνατός
3293 5161 3444 5216 ἐστιν

192 5231 622 5304 ἐνεργάσασθαι.

266 5327 336 5378 ’Δ
369 5327 469 5393 μὲν
495 5344 591 5381 ουν
614 5328 1085 5402 φιλολογουμένοις
1115 5337 1248 5408 ἡμῖν
1282 5339 1405 5393 καθ’
1440 5342 1666 5409 ἑαυτοὺς
1686 5348 1766 5412 εἰς

194 5417 498 5492 ἀνάμνησιν
525 5422 705 5477 ἐλθεῖν
735 5425 1058 5499 συνηνέχθη,
1104 5433 1274 5502 χωρὶς
1304 5432 1466 5506 [1625
1502 5436 1596 5510 ιι]
1627 5433 1704 5494 ὧν
1734 5443 1769 5512 ἠ

1945 5347 2138 5421 54511
2167 5347 2299 5415 Quae
2331 5346 2497 5418 igitur
2526 5345 2771 5403 studiose
2791 5345 2952 5400 nobis
2991 5344 3243 5414 privatim
3284 5360 3440 5401 eom-

1880 5438 2250 5496 mentautibus
2299 5437 2566 5496 memoria
2642 5435 3030 5509 suppeditavit,
3084 5443 3282 5507 praeter
3348 5451 3435 5504 ea,

1476 5573 1706 5631 νΑιιιΑι
1749 5573 2156 5636 LECTIONES.

259 5670 304 5704 "
341 5674 467 5744 περὶ
504 5676 819 5748 μαρτυρίας
849 5677 916 5749 Β,
937 5683 1180 5758 ἅμαρ....
1205 5685 1320 5747 GH.
1400 5691 1448 5725 ⁷³
1470 5691 1591 5765 τὴν]
1628 5692 1723 5748 τοῦ
1753 5694 1866 5752 Gll.
