3912 6234
421 347 450 368 υ

421 305 526 358 23.5
1581 294 1888 358 DAVlDIS
1917 289 2351 354 HGESCHELII
2393 288 2611 350 NOTIE

3578 283 3686 343 356

418 428 654 484 quorum
703 411 943 467 studium
993 420 1048 466 et
1085 407 1408 466 exercitatio
1437 413 1584 462 artes
1634 416 1688 462 et
1735 405 2048 465 scientiasA

2100 401 2302 472 σπουδὴ
2324 399 2418 454 καὶ
2448 399 2644 471 μελέτη
2668 397 2861 471 τέχνας
2892 396 3036 468 φιλεῖ
3058 398 3150 452 καί
3175 395 3486 467 ἐπιστήμας
3508 395 3684 466 ἔργα·

419 508 670 577 gignunt,
700 506 844 560 unde
869 503 1058 558 notitia
1087 503 1282 574 quovis
1304 500 1466 556 modo
1493 499 1653 555 nobis
1675 507 1729 554 et
1753 499 1820 553 de
1846 497 1999 553 libris

414 599 678 669 judicium
712 598 909 662 crevit,
935 597 1203 651 hactenus
1234 594 1403 650 veluti
1437 604 1564 665 typo
1591 592 1828 654 breviter
1850 606 2001 646 coru-

418 687 562 756 plexi
595 702 810 741 sumus.
857 685 1181 740 Producitur
1227 693 1410 738 autem
1454 683 1559 737 hoc
1606 696 1744 752 opus
1774 679 1843 735 ad
1889 690 2000 735 tre-

418 787 606 831 centos
656 785 710 832 et
754 776 1068 846 quindecim
1126 787 1379 829 auctores
1427 791 1441 828 :
1500 771 1758 843 prohibiti
1815 781 1996 824 tamen

418 879 610 919 sumus
638 863 703 918 ad
736 872 1010 919 trecentos
1033 862 1339 933 pervenire.
1364 861 1447 916 Tu
1470 876 1622 928 vero,
1642 859 2000 915 dilectissime

417 957 665 1011 omnium
746 956 1070 1026 quibuscum
1152 954 1294 1009 fetus
1347 969 1499 1010 meos
1538 953 1902 1018 communico,
1951 951 2000 1007 si

416 1063 504 1101 me
536 1047 858 1116 legationem
908 1047 1260 1102 meditantem
1292 1047 1548 1100 humana:
1578 1045 1702 1099 vitaz
1735 1045 1999 1100 terminus

418 1140 726 1208 occuparit,
780 1140 948 1194 habes
997 1142 1139 1210 quod
1175 1139 1412 1210 petivisti
1456 1156 1520 1194 ex
1568 1150 1694 1195 voto
1745 1141 2000 1196 amicitia:

412 1227 568 1296 juxta
606 1243 668 1281 ac
719 1228 899 1282 solatii
955 1229 1172 1298 pignus,
1205 1239 1259 1284 et
1309 1230 1579 1298 primitias
1611 1240 1777 1300 atque
1807 1230 1993 1295 ﬁnem,

419 1326 480 1371 ut
506 1317 769 1388 defuugar
807 1319 1075 1372 voluntati
1108 1330 1213 1374 tuae
1239 1321 1534 1375 obsecutus
1565 1321 1765 1376 mentis
1807 1337 2000 1391 opera-

419 1409 587 1463 tione.
638 1410 694 1463 Si
738 1426 869 1464 vero
909 1411 1110 1466 exinde
1143 1426 1243 1467 nos
1279 1412 1372 1466 Dei
1409 1412 1602 1481 optimi
1636 1414 1857 1468 maximi
1895 1429 1997 1468 vo-

417 1501 596 1556 luntas
641 1511 804 1570 atque
875 1502 1178 1574 benignitas
1259 1503 1563 1561 incolumes
1618 1505 1674 1559 in
1736 1515 1986 1560 mutuum

416 1601 770 1658 conspectuin
833 1599 997 1660 atque
1047 1593 1391 1662 complexum
1451 1595 1685 1660 stiterit,
1739 1593 1994 1650 fortassis

415 1684 647 1736 aliarum
733 1684 1039 1740 editionum
1098 1701 1206 1739 non
1267 1689 1542 1742 minorum
1611 1689 1723 1742 haec
1789 1687 1996 1756 princi-

2102 493 2314 558 ζεσθαι,
2341 493 2435 562 ἀφ’
2457 487 2519 547 οὗ
2554 493 2660 563 πέρ
2690 510 2774 556 τις
2803 491 3057 560 αἴσθησις
3104 491 3238 562 ἡμῖν
3277 489 3542 559 ἀμηγέπη
3585 485 3682 540 καὶ

2101 585 2281 657 κρίσις
2301 585 2475 652 λόγων
2494 584 2702 654 ἀνεφύη
2722 583 2883 656 μέχρι
2898 585 2996 653 τῆς
3017 581 3297 654 παρούσης
3313 581 3424 634 τῶν
3441 581 3688 648 ἀνεγνω-

2103 676 2318 748 σμένων
2337 676 2410 737 ὼς
2436 676 2495 730 ἐν
2519 674 2675 747 τύπῳ
2694 675 3074 738 συνεκδόσεως,
3104 675 3184 737 εἰς
3199 670 3473 737 τοσοῦτον,
3499 668 3683 741 οἴμαι,

2102 768 2396 837 συνάγεται
2417 767 2644 838 πλῆθος,
2670 765 3063 838 τριακοσιοστῷ
3084 765 3179 819 κα)⁸
3209 762 3688 834 πεντεκαιδεκάτῳ

2103 861 2261 933 μέρει
2289 859 2573 933 προελθεῖν
2602 860 2732 932 ἄχρι
2781 861 2889 914 τῶν
2934 857 3262 931 τριακοσίων
3310 857 3685 927 κωλυόμενον.

2101 953 2174 1006 Σὺ
2203 952 2250 1006 δ’
2274 945 2320 1006 ὧ
2341 951 2452 1006 τῶν
2483 953 2606 1023 ἐμοὶ
2639 953 3118 1023 κεκοινωνηκότων
3155 949 3439 1022 μητρικῶν
3472 949 3689 1002 ὠδίνων

2099 1042 2502 1116 ἐρασμιώτατε,
2557 1045 2608 1098 εί
2657 1044 2755 1114 μὲν
2790 1037 2998 1114 ταύτην
3047 1042 3145 1113 τὴν
3199 1040 3498 1112 πρεσϐείαν
3558 1039 3690 1093 δια-

2100 1134 2326 1189 νοοῦντα
2359 1135 2405 1168 ⁷⁵
2437 1135 2499 1189 τὺ
2529 1136 2709 1189 κοινὸν
2737 1138 2830 1189 καὶ
2867 1134 3208 1204 ἀνθρώπινον
3253 1133 3550 1189 καταλάϐοι
3589 1133 3690 1186 τέ-

2099 1227 2210 1291 λος,
2239 1227 2382 1298 ἔχεις
2403 1227 2501 1299 τὴν
2530 1227 2745 1298 αἴτησιν
2786 1228 2882 1297 τῆς
2918 1226 3128 1288 ἐλπίδος
3158 1227 3218 1280 οὐ
3244 1223 3686 1296 διαμαρτοῦσαν,

2100 1321 2284 1392 φιλίας
2314 1338 2371 1373 τε
2404 1320 2518 1389 ἅμα
2544 1320 2637 1372 καὶ
2663 1319 3010 1390 παραμυθίας
3035 1317 3290 1371 ὑπόθεσιν
3319 1317 3413 1370 καὶ
3434 1316 3692 1386 ἁνάμνη·

2102 1429 2208 1474 σιν,
2238 1413 2330 1465 καὶ
2357 1411 2420 1482 δὴ
2453 1412 2545 1463 καὶ
2567 1410 2822 1481 ἀπαρχὴν
2855 1409 2948 1463 καὶ
2977 1408 3234 1479 τελευτὴν
3271 1408 3686 1476 ἅφοσιουμένην

2095 1507 2206 1560 τῶν
2239 1505 2346 1558 σῶν
2382 1503 2524 1556 κατὰ
2548 1503 2771 1574 λογικὴν
2800 1503 3032 1573 θεωρίαν
3060 1505 3329 1572 αίτήσεων
3354 1500 3449 1572 τὴν
3470 1501 3688 1571 ὲκπλήυ

2102 1613 2292 1668 ρωσιν.
2325 1595 2386 1648 ΕΞ
2417 1595 2461 1646 δ’
2491 1593 2701 1647 ἐκεῖθεν
2723 1594 2871 1664 ἡμᾶς
2901 1593 3324 1664 ἀνασωσάμενον
3352 1591 3415 1644 τὸ
3444 1591 3584 1643 θεῖόν
3615 1608 3682 1643 τε

2097 1688 2192 1740 καὶ
2233 1686 2612 1756 φιλάνθρωπον
2654 1685 2831 1754 νεῦμα
2859 1687 2934 1748 εἰς
2989 1683 3088 1755 τὴν
3123 1684 3370 1755 ἀλλήλων
3410 1683 3538 1736 θέαν
3583 1683 3686 1736 καὶ

415 1771 562 1839 pium
596 1769 821 1838 fuerint,
865 1787 985 1841 quze
1022 1773 1191 1827 simili
1223 1773 1394 1829 forma
1428 1776 1523 1830 tibi
1567 1776 1992 1829 emolumentum
2025 1782 2048 1835 ι

2100 1782 2368 1849 προτέραν
2394 1777 2696 1831 ἀπόλαυσιν
2723 1779 3188 1846 ἀποκαταστήσει,
3217 1777 3359 1846 τάχα
3386 1777 3451 1829 ἂν
3475 1776 3686 1845 ἐτέρων

415 1864 662 1916 afferent.

422 2041 596 2111 Finis,
643 2053 693 2098 et
729 2043 837 2098 Deo
895 2061 1094 2099 suntme
1142 2047 1473 2101 miserimrdi
1503 2047 1674 2118 gloria
1703 2049 1759 2104 in
1803 2049 2000 2104 sa’cula

912 2134 1250 2188 swculorum.
1291 2135 1478 2189 Arnen.

2100 1871 2366 1923 ὲκδόσεων
2395 1869 2496 1922 οὐκ
2523 1869 2818 1922 ἐλαττόνων
2861 1869 3004 1939 ἀρχὴ
3036 1867 3208 1922 ταῦτα
3237 1869 3345 1938 εἴη,
3381 1869 3683 1939 παραπλη-

2103 1963 2203 2031 σίῳ
2231 1961 2387 2031 τύπῳ
2409 1961 2799 2034 παρεχομένων
2829 1978 2910 2014 σοι
2937 1961 3036 2029 τὴν
3065 1960 3354 2029 ὠφέλειαν.

2109 2051 2289 2118 Τέλος
2342 2050 2442 2104 καὶ
2492 2051 2571 2115 τῷ
2607 2051 2727 2114 Θεῷ
2769 2050 2846 2116 τῷ
2884 2052 3349 2119 πανοικτίρμσνι
3384 2051 3536 2115 δι’ξα
3589 2053 3685 2118 εἰς

2510 2140 2726 2206 αἰῶνας
2763 2141 3012 2196 αἰώνων.
3061 2142 3262 2209 Ἀμήν.

427 2343 3646 2385 εει-Μ

1211 2519 1632 2598 DAVIIHS
1716 2517 2288 2597 HCESCHELII
2359 2517 2856 2597 MONITUM

1270 2701 1355 2761 IN
1404 2700 1671 2762 NOTAS
1706 2701 1813 2762 AD
1852 2699 2462 2764 BlBLlOTHECAM
2502 2701 2810 2764 PHOTII.

417 2864 711 2920 Revocatnr
765 2863 928 2918 lector
979 2861 1048 2916 ad
1082 2863 1303 2931 paginas
1332 2863 1582 2919 editionis
1619 2861 2056 2933 Rothomagensis
2109 2880 2226 2934 φησι
2261 2865 2494 2920 numeris
2527 2865 2766 2920 Arabicis
2803 2867 2951 2920 inter
2985 2849 3401 2922 uncos-inclusis
3436 2869 3493 2922 in
3531 2880 3682 2923 text:

1703 2948 1886 3004 (ἐτωεο
1918 2961 2385 3019 νῳι-ωεεηιαηιαν.

491 3224 940 3294 Quinquennium
982 3225 1093 3297 jam
1130 3234 1235 3290 est,
1287 3232 1343 3279 et
1387 3223 1534 3294 quod
1566 3225 1836 3289 excurrit,
1884 3239 2012 3280 cum
2063 3227 2163 3282 viri
2225 3227 2315 3282 hic
2345 3227 2599 3296 Augustae
2640 3226 2836 3281 summi
2889 3227 3217 3282 auctoritate
3245 3227 3312 3281 de
3343 3226 3678 3282 Bibliotheca

412 3315 592 3370 Photii
624 3318 882 3373 alicunde
909 3327 1060 3372 certo
1107 3316 1282 3386 pretio
1318 3316 1632 3371 redimenda
1667 3315 1920 3371 laborare
1949 3315 2132 3384 coapi;
2171 3315 2316 3383 quod
2353 3315 2436 3369 vel
2460 3329 2491 3368 e
2537 3315 2810 3384 pauculis,
2853 3331 2974 3385 qua:
3009 3317 3134 3370 inde
3175 3316 3446 3384 impressa
3488 3327 3679 3370 exsta-

415 3414 568 3469 rent,
622 3405 743 3460 lucc
793 3406 939 3459 illam
984 3418 1106 3458 esse
1148 3403 1527 3472 dignissimam
1585 3403 1843 3458 facillime
1891 3402 2089 3472 conjici
2144 3413 2349 3471 posset.
2403 3400 2606 3456 Eodem
2662 3402 2833 3458 ferme
2879 3414 3142 3473 tempore,
3196 3404 3279 3456 vir
3331 3403 3681 3459 clarissimus

428 3491 675 3548 Andreas
705 3491 968 3548 Schottus
1005 3491 1410 3561 Antverpianus
1455 3507 1558 3546 suo
1583 3508 1711 3559 mre,
1763 3492 1911 3547 nulla
1945 3492 2048 3545 alia
2099 3489 2166 3544 de
2218 3505 2401 3555 causa,
2439 3489 2582 3544 idem
2612 3505 2750 3560 opus
2778 3489 3110 3546 Photianum
3146 3505 3178 3545 e
3205 3490 3368 3545 codd.
3412 3489 3678 3545 Gulielmi

417 3583 572 3636 card.
611 3580 816 3646 Sit-leti,
845 3582 1007 3650 cujus
1036 3581 1376 3635 Bibliotheca
1411 3581 1556 3635 nunc
1587 3590 1672 3636 est
1698 3581 1920 3636 Ascanii
1949 3581 2102 3635 card.
2135 3579 2437 3645 Columnae,
2470 3579 2966 3644 transcribendum,
3003 3589 3058 3636 et
3088 3595 3210 3634 ctnn
3257 3579 3541 3644 Vaticano,
3579 3582 3679 3649 qui

415 3685 448 3723 e
478 3667 686 3723 Veneto
734 3670 885 3724 card.
933 3669 1274 3724 Bcssarionis
1322 3668 1426 3722 fuit
1455 3685 1619 3723 manu
1664 3670 1866 3723 recenti
1901 3668 2227 3737 exscriptus,
2265 3664 2654 3722 conferendum
2686 3668 2918 3722 curavit.
2960 3665 3010 3722 Is
3039 3667 3204 3737 igitur
3236 3666 3524 3732 Schottus,
3555 3670 3680 3723 visa

417 3757 543 3811 novi
577 3756 912 3813 characteris
947 3757 1254 3827 Augustani
1293 3757 1585 3826 elegantia,
1628 3772 1831 3812 munus
1874 3757 2007 3811 illud
2048 3754 2371 3808 litterarium
2427 3763 2480 3808 et
2537 3770 2663 3809 vcre
2727 3754 3097 3826 πολυτίμητον
3150 3770 3250 3810 sua
3305 3767 3521 3825 sponte,
3575 3773 3682 3827 pro

417 3858 608 3899 amore
638 3845 828 3899 innato
861 3845 1173 3914 reipublicae
1202 3844 1480 3899 litteraria:
1513 3843 1789 3914 juvandze,
1819 3843 1976 3898 nobis
2005 3843 2221 3906 obtulit,
2253 3843 2468 3910 utjuris
2505 3843 2717 3897 tandem
2753 3844 2952 3913 publici
2990 3845 3240 3898 volumen
3277 3853 3452 3899 totum
3497 3845 3678 3911 ﬁeret,

417 3947 482 3986 ac
515 3931 709 3988 iisdem
736 3933 1075 4003 Augustanis
1106 3934 1245 4003 typis
1279 3931 1662 3995 excuderetur,
1697 3947 1798 3987 nec
1821 3932 1875 3986 in
1917 3942 2102 4002 partes
2141 3931 2476 4000 discerptum
2514 3932 2712 3987 exiret.
2772 3932 2846 3985 De
2876 3949 3006 4000 quo,
3039 3941 3096 3987 ut
3135 3944 3188 3986 et
3232 3933 3300 3988 de
3347 3933 3680 3990 liberalitate

415 4017 556 4088 ejus,
587 4019 677 4089 qui
707 4028 958 4089 sumptus
989 4019 1328 4090 typOgrapho
1350 4019 1693 4074 necessarios
1722 4010 2168 4088 suppeditaturus
2191 4027 2355 4082 esset,
2381 4017 2632 4074 nobiliss.
2656 4017 2816 4076 Joan.
2837 4019 3035 4090 Georg.
3067 4019 3386 4083 Herrartus,
3406 4023 3672 4077 sereniss.

415 4105 614 4162 Bavar.
651 4105 851 4161 ducum
910 4107 1281 4174 consiliarius,
1309 4106 1510 4162 certior
1532 4106 1729 4170 factus,
1756 4106 1980 4160 alterius
2008 4106 2216 4162 codicis
2237 4107 2451 4162 calamo
2481 4106 2687 4161 exarati
2715 4123 2874 4160 usum
2904 4123 2934 4161 e
2963 4108 3142 4162 ducali
3182 4108 3511 4162 bibliotheca
3537 4109 3671 4164 mihi

414 4195 628 4261 statim,
660 4209 766 4264 qua
813 4206 896 4249 est
929 4194 1292 4260 humanitate,
1337 4194 1671 4264 impetravit.
1726 4191 1933 4247 Horum
1981 4196 2253 4264 exemplis
2285 4193 2429 4250 Max.
2481 4194 2800 4261 Margunius
2846 4195 3134 4264 impulsus,
3183 4212 3347 4251 suasu
3393 4198 3563 4252 etiam
3593 4199 3672 4266 (ut

418 4282 685 4354 intellexi)
739 4283 1021 4338 illustriss.
1054 4280 1216 4336 Joan.
1269 4282 1540 4337 Vincentii
1580 4281 1796 4346 Pinelli,
1847 4296 2008 4334 suum
2039 4280 2210 4351 ipsius
2243 4283 2640 4352 autographum
2695 4284 2862 4337 misit.
2900 4282 3143 4352 Denique
3173 4281 3401 4349 Paulus,
3446 4282 3668 4340 llcnrici

419 4368 681 4440 Stephani
719 4371 814 4423 τοῦ
851 4371 1159 4440 μακαρίτου
1193 4370 1357 4437 lilius,
1392 4369 1522 4424 illud
1554 4368 1959 4440 myriobihlum,
1993 4377 2052 4422 ut
2098 4369 2376 4438 aliquibus
2413 4369 2686 4440 appellare
2708 4371 2935 4440 placuit,
2973 4387 3223 4442 magnam
3257 4381 3468 4440 partem
3505 4389 3668 4427 manu

423 4457 672 4527 parentis
704 4459 994 4528 scriptum,
1027 4460 1092 4512 ad
1137 4460 1420 4528 antiquius
1447 4465 1587 4512 notae
1624 4457 1844 4526 optima:
1880 4456 2158 4525 exentplar
2189 4457 2377 4512 itidem
2425 4470 2824 4528 comparatum,
2865 4458 3146 4514 lectissimi
3177 4460 3352 4515 amnis
3381 4461 3471 4516 sui
3501 4461 3667 4517 lsaaci

415 4545 722 4601 Casauboni
749 4547 971 4602 hortatu
1004 4563 1218 4602 mecum
1251 4546 1704 4602 communicavit.
1732 4544 2000 4598 Cancrum
2026 4543 2169 4612 quod
2194 4545 2349 4599 initio
2376 4546 2594 4602 nonnisi
2631 4548 2738 4602 duo
2778 4548 3100 4617 antigrapha
3121 4556 3305 4603 essent
3327 4549 3395 4602 ad
3417 4565 3666 4610 manum,

419 4651 541 4702 qua:
572 4635 623 4688 in
660 4635 935 4705 plerisque
959 4635 1064 4691 sibi
1095 4636 1528 4705 responderent;
1565 4648 1879 4702 quanquam
1916 4632 1968 4686 in
2006 4629 2272 4686 Bavarico
2295 4633 2525 4703 vestigia
2550 4633 2800 4689 lectionis
2830 4635 3101 4688 interdum
3138 4633 3359 4688 aliunde
3395 4634 3671 4689 adnotata:

419 4723 814 4778 animadverti:
868 4740 934 4778 ne
973 4725 1270 4794 quidquam
1315 4723 1383 4777 ad
1424 4737 1562 4792 opus
1585 4722 1690 4774 hoc
1722 4719 1957 4772 maxime
1996 4720 2302 4774 ornandum
2338 4732 2392 4775 et
2423 4721 2725 4776 limandum
2781 4722 3017 4783 deesset,
3051 4722 3315 4792 quidquid
3345 4721 3671 4776 chartarum

417 4810 813 4875 excudebatur,
849 4811 1048 4866 iIIuStr.
1089 4821 1144 4866 et
1178 4811 1459 4865 ermlitiss.
1492 4807 1623 4862 viris
1650 4805 1889 4877 Josepho
1942 4803 2223 4878 Scaligero
2264 4818 2319 4862 et
2343 4807 2530 4865 lsaaco
2555 4810 2883 4864 Casaubono
2911 4810 3054 4876 misl,
3092 4819 3150 4864 ut
3175 4809 3376 4878 ingenii
3407 4812 3673 4865 acumine

413 4898 723 4969 judicisque
751 4900 996 4964 solertia,
1032 4899 1494 4969 quemadmodum
1533 4896 1585 4948 in
1622 4894 1744 4948 aliis
1771 4893 2110 4958 auctoribus,
2155 4896 2229 4950 ita
2265 4896 2350 4952 hic
2381 4914 2600 4968 quoque
2637 4897 2940 4966 desperatis
2970 4897 3103 4952 locis
3141 4898 3474 4952 medicinam
3505 4899 3667 4954 υσεν-

413 4997 558 5043 rent.
590 4985 647 5042 in
675 5005 785 5059 quo
820 4998 1051 5057 uterque
1107 4989 1216 5042 voti
1267 5001 1355 5040 me
1387 4994 1692 5052 compotem
1745 4981 1888 5036 fecit.
1943 4980 2218 5051 Imprimis
2249 4995 2430 5039 autem
2461 4975 2714 5041 nobiliss.
2769 4995 2819 5040 et
2855 4987 3104 5056 ampliss.
3135 4985 3352 5042 Marcus
3384 4987 3667 5049 Velserus,

415 5076 728 5148 reipublicae
769 5079 1101 5147 Augustana:
1143 5073 1434 5139 duumvir,
1478 5070 1797 5143 βιϐλιοθήκη
1824 5087 1910 5133 τις
1958 5069 2034 5122 ὢν

2100 5071 2333 5141 μψυχος,
2365 5074 2458 5125 καὶ
2494 5072 2831 5142 περιπατοῦν
2881 5078 3155 5142 μουσεῖον,
3191 5090 3508 5144 quanquam
3540 5091 3667 5146 gra-

411 5164 660 5219 vioribus
688 5173 987 5232 occupatus
1020 5163 1190 5228 curis,
1225 5171 1405 5216 tamen
1437 5159 1503 5214 de
1532 5159 1956 5229 quibuscunque
1981 5159 2158 5228 ipsum
2181 5161 2458 5227 consului,
2487 5163 2802 5233 scrupulum
2827 5164 2962 5218 mihi
2991 5179 3209 5221 onmem
3263 5166 3417 5220 nullo
3447 5166 3667 5236 negotio

412 5252 636 5316 exemit,
665 5269 842 5321 neque
868 5253 936 5306 de
972 5250 1038 5305 iis
1082 5249 1330 5304 conferre
1365 5262 1578 5301 mecum
1604 5255 1862 5316 gravatus
1903 5244 2022 5299 l‘uit.
2053 5247 2208 5313 Quod
2238 5250 2576 5318 gratificandi
2605 5251 2844 5306 studium
2878 5261 2934 5307 et
2963 5252 3014 5306 in
3039 5251 3196 5307 Justo
3234 5252 3662 5324 Lipsio,'s-.eculi

416 5340 586 5394 nostri
639 5340 910 5408 phoenice,
944 5353 1064 5393 sum
1114 5345 1392 5402 expertus.
1453 5333 1653 5390 [lorum
1695 5333 1961 5397 subsidia,
2011 5350 2133 5403 quae
2180 5337 2383 5405 quibus
2413 5348 2634 5410 accepta
2674 5339 2786 5394 sint
2825 5339 3128 5404 referenda,
3181 5352 3238 5394 ut
3264 5342 3436 5396 lector
3481 5344 3661 5396 norit:

417 5427 479 5481 A.
520 5426 578 5481 S.
614 5427 844 5481 Andreae
875 5425 1106 5492 Sehotti,
1135 5424 1195 5480 C.
1238 5423 1303 5478 V.
1361 5421 1702 5485 Vaticanum,
1744 5419 1806 5474 C.
1857 5419 1918 5474 Β.
1957 5420 2301 5491 Bavaricum,
2333 5425 2404 5480 Μ.
2457 5425 2528 5484 Μ.
2573 5426 2716 5484 Max.
2760 5429 3055 5499 Margunii,
3080 5429 3149 5486 Η.
3181 5431 3237 5488 S.
3274 5429 3496 5487 llcnrici
3543 5428 3665 5488 Ste-

1675 5568 1918 5625 VARIAE
1991 5570 2399 5634 LECTIONES.

485 5703 534 5735 ⁷⁵
559 5701 873 5758 διανοοῦνται
907 5699 973 5767 Β,
1003 5697 1353 5753 διανοούντιυν
1379 5695 1492 5752 Gil.
1515 5691 1700 5750 malim
1739 5688 2043 5750 διανύοντα.
