3886 6240
456 327 559 394 431
1618 334 1881 395 ΡΗΟΤΙΙ
1907 334 1990 394 ΡΑ

2164 332 2417 394 lRCH/E
2443 334 2553 393 (ΞΡ.
3612 332 3698 395 432

1602 672 1603 675 Ὺ
1654 867 1658 871 η
1708 665 2479 848 ΡΗΟΤΙΙ

895 977 1693 1072 ΡΑΤΒΙᾹΒΟΗᾹΕ
1768 974 3262 1072 CONSTANTINOPOLITANI.

1261 1197 1837 1317 OPERUM
1926 1193 2283 1307 PARS
2360 1195 2700 1331 QUIN
2714 1195 2899 1310 TA

1594 1584 2586 1705 CANONIGA.

1441 1841 2014 1935 MONITUM
2058 1765 2766 1932 EDITORUM.

537 2018 765 2074 Photius
806 2019 909 2074 tria
940 2033 1106 2090 opera
1131 2019 1397 2075 canonica
1431 2022 1727 2090 praecipua
1760 2020 2086 2079 elaboravit.
2110 2018 2351 2072 Primum
2373 2015 2590 2083 collegit
2613 2028 2851 2069 canones
2880 2012 3237 2068 conciliorum
3261 2011 3699 2069 meumenicorum

465 2108 519 2163 in
553 2122 716 2161 unam
750 2107 995 2178 syllogen
1018 2149 1032 2172 ,
1068 2122 1164 2163 eos
1206 2108 1569 2163 describendo
1606 2108 1792 2161 ordine
1834 2105 2221 2174 chronologico.
2253 2104 2469 2158 Eisdem
2507 2102 2706 2172 adjecit
2749 2117 2988 2157 canones
3019 2102 3385 2157 conciliorum
3426 2100 3699 2168 provincia-

465 2195 600 2250 lium
635 2195 729 2264 qui
763 2196 834 2249 ob
861 2195 1180 2265 praeclaram
1214 2196 1520 2251 doctrinam
1547 2204 1604 2250 et
1637 2210 1827 2251 sanam
1852 2192 2345 2263 jurisprudentiam
2378 2193 2487 2245 vim
2528 2192 2663 2260 legis
2690 2190 2742 2245 in
2783 2191 3039 2245 universa
3072 2190 3317 2244 Ecclesia
3375 2188 3697 2245 obtinebant,

466 2290 522 2337 et
570 2281 831 2351 epistolas
873 2282 1174 2337 canonicas
1222 2290 1537 2336 sanctorum
1576 2281 1827 2341 Patrum,
1864 2294 1986 2348 quze
2027 2279 2093 2333 ad
2145 2278 2492 2347 disciplinam
2525 2279 2838 2347 generalem
2881 2277 3137 2331 Ecclesiae
3176 2276 3527 2346 spectabant.
3578 2272 3699 2327 Hanc

474 2369 734 2439 syllogen,
767 2383 931 2438 quam
969 2368 1235 2433 Zonoras,
1263 2368 1554 2422 Balsamon
1593 2377 1647 2422 et
1674 2368 1925 2422 Aresteni
1950 2366 2128 2422 doctis
2163 2366 2576 2419 connnentariis
2607 2373 2898 2427 nrnarunt,
2927 2365 2979 2417 in
3006 2364 3120 2419 suis
3150 2362 3440 2416 Pandectis
3472 2376 3699 2414 canonum

463 2456 639 2510 edidit
680 2455 1046 2526 Beveregius,
1109 2470 1322 2526 nosque
1358 2456 1584 2511 edemus
1616 2456 1759 2509 inter
1804 2469 1970 2523 opera
2025 2457 2356 2527 scriptorum
2407 2460 2501 2526 qui
2552 2456 2618 2510 ad
2670 2455 2833 2510 linem
2887 2454 3079 2510 saeculi
3134 2469 3211 2509 stt
3266 2453 3353 2508 vel
3414 2452 3571 2506 initio
3616 2463 3696 2503 xm

464 2543 794 2597 ﬂoruerunt.

538 2629 744 2685 Deinde
776 2629 1001 2685 Photius
1030 2630 1254 2685 eosdem
1294 2644 1533 2685 canones
1568 2630 1858 2700 descripsit
1892 2631 2078 2684 ordine
2111 2631 2369 2692 materiae,
2401 2628 2786 2697 eonjuugendo
2817 2639 3058 2682 canones
3094 2627 3346 2695 ejusdem
3386 2624 3687 2696 argumenti,

464 2717 569 2773 etsi
604 2717 840 2773 diversis
870 2718 1209 2787 temporibus
1239 2717 1370 2772 editi
1402 2716 1654 2782 fuissent,
1686 2728 1740 2773 et
1764 2725 1933 2772 totam
1968 2718 2253 2771 materiam
2282 2716 2424 2786 juris
2453 2716 2743 2771 dividendo
2777 2717 2830 2769 in
2862 2716 3285 2787 quatuordecim
3335 2716 3548 2769 titulos.
3576 2711 3700 2765 llanc

463 2804 869 2870 collectionem,
921 2806 1026 2859 sub
1054 2806 1279 2859 nomine
1310 2803 1679 2874 Syntagmatis
1722 2820 2008 2867 canonum,
2040 2804 2251 2873 primus
2278 2805 2447 2859 edidit
2474 2805 2767 2858 cardinalis
2797 2805 2860 2859 A.
2894 2804 3019 2868 Mai,
3058 2804 3161 2865 vir,
3204 2804 3275 2857 ob
3306 2803 3362 2855 in
3395 2803 3565 2856 lucem
3597 2814 3699 2868 pro-

466 2900 639 2946 tracta
672 2893 875 2961 scripta
901 2902 1149 2948 veterum
1177 2892 1404 2946 Patrum
1444 2893 1533 2946 vix
1569 2908 1809 2962 unquam
1868 2893 2002 2949 satis
2037 2891 2343 2947 laudandus
2375 2930 2389 2956 ,
2442 2890 2714 2960 Spicilegii
2745 2890 2974 2944 Romani
3005 2898 3044 2943 t.
3080 2888 3193 2955 VI],
3221 2904 3457 2958 eamque
3496 2903 3590 2941 nos
3629 2886 3698 2937 hic

463 2979 714 3033 edemus.

540 3063 783 3119 Tandem
812 3064 1040 3120 Photius
1080 3080 1321 3122 canones
1354 3065 1747 3137 Synlagmtttis,
1782 3068 1989 3121 omisso
2018 3073 2190 3131 textu,
2212 3066 2369 3137 juxta
2398 3066 2644 3121 ordinem
2680 3064 3048 3135 Syntagmatis
3096 3064 3303 3119 notavit
3333 3104 3350 3129 ,
3402 3070 3457 3117 et
3489 3078 3539 3115 .n
3568 3074 3694 3114 eom-

465 3155 752 3209 mentariis
786 3155 1062 3225 adjunctis
1092 3156 1387 3227 descripsit
1420 3158 1567 3227 leges
1615 3157 1919 3225 praesertim
1968 3156 2160 3211 civiles
2207 3168 2330 3225 qua:
2387 3153 2593 3207 eisdem
2650 3154 3077 3222 respondebant.
3142 3153 3298 3205 [Iane
3349 3151 3694 3205 collectionem

472 3241 917 3297 Nomocanonem
945 3236 1232 3313 inscripsit
1262 3285 1275 3309 ,
1309 3246 1436 3313 quia
1473 3245 1651 3315 legum
1689 3253 1796 3298 tam
1830 3244 2330 3298 ecclesiasticarum
2362 3256 2526 3311 quam
2560 3241 2806 3295 civilium
2847 3240 3169 3310 Catalogum
3204 3254 3267 3294 ac
3302 3239 3473 3293 veluti
3512 3238 3693 3289 harmo-

468 3332 618 3385 niam
652 3331 969 3385 exhibebat.
1001 3330 1135 3387 Post
1165 3333 1303 3387 alios
1335 3332 1582 3387 Voellius
1612 3342 1665 3386 et
1694 3332 1962 3387 Justellus
2025 3347 2143 3385 eam
2182 3332 2368 3385 Graece
2398 3339 2450 3383 et
2471 3327 2665 3383 Latine
2695 3329 2981 3384 ediderunt
3007 3327 3259 3392 Parisiis,
3295 3341 3444 3380 anno
3480 3323 3620 3386 ititil,
3652 3321 3692 3373 in

474 3435 576 3471 sua
610 3418 938 3473 Bibliotheca
977 3417 1150 3486 Iuris,
1185 3428 1224 3474 t.
1258 3418 1320 3484 ll,
1349 3435 1402 3488 p.
1431 3420 1536 3474 785
1557 3429 1610 3475 et
1642 3435 1760 3489 seq.
1792 3420 1889 3474 Hic
1919 3419 2076 3474 nobis
2109 3418 2318 3473 edenda
2341 3425 2445 3470 est.

540 3505 776 3561 Photius
808 3506 1027 3576 scripsit
1065 3508 1330 3575 epistolas
1360 3509 1542 3563 varias
1574 3509 1639 3563 de
1664 3510 1824 3562 rebus
1858 3507 2163 3571 canonicis,
2189 3521 2328 3574 quas
2363 3519 2465 3559 suo
2493 3504 2617 3559 loco
2673 3502 2969 3558 edidimus.
3006 3500 3232 3557 Caateris
3260 3500 3465 3554 eminet
3497 3494 3691 3567 epistola

485 3595 552 3647 ad
591 3593 828 3648 Leonem
864 3594 1335 3665 archiepiscopum
1366 3595 1634 3649 Calabriae
1671 3612 1793 3666 quae
1819 3606 1899 3649 est
1921 3610 2049 3650 xvnt
2074 3594 2194 3649 libri
2225 3593 2266 3645 Ι.

546 3677 757 3730 Seriem
789 3677 987 3731 horum
1021 3692 1249 3746 operum
1283 3677 1497 3732 claudet
1523 3679 1847 3747 opusculum
1876 3679 2055 3734 Photii
2083 3679 2229 3747 quod
2262 3678 2590 3733 inscribitur
2622 3694 2637 3731 :
2670 3675 3121 3747 Interrogationes
3146 3676 3326 3728 decem
3359 3690 3474 3727 cum
3511 3670 3689 3725 totidem

470 3764 925 3833 responsionibus.
952 3762 1129 3818 Foetet
1158 3764 1375 3833 quidem
1406 3764 1622 3821 libellus
1650 3766 1755 3821 iste
1781 3766 1907 3821 odio
1933 3764 2313 3833 schismatico;
2352 3767 2443 3823 sed
2485 3782 2590 3820 non
2618 3765 2738 3820 ideo
2766 3766 3268 3836 prastermitteudus
3300 3762 3423 3826 fuit,
3459 3756 3689 3829 siquidem

472 3848 673 3907 indicet
718 3851 870 3921 cujus
912 3852 1139 3921 spiritus
1172 3850 1399 3907 Photius
1427 3851 1546 3906 fuit.

480 478 3405 518 ΜΝ

3240 4040 3686 4068 ψει-ιιι·-

1349 4185 1496 4272 DE
1554 4185 1983 4278 ΡΗΟΤΙΙ
2061 4189 2895 4280 SYNTAGMATE.

1145 4375 1373 4446 (Angelo
1417 4373 1521 4430 MAI
1569 4375 1817 4447 Spicileg.
1877 4378 2033 4434 Rom.
2102 4390 2235 4436 tom.
2302 4380 2410 4450 VH,
2478 4383 2630 4454 pra-f.
2704 4400 2828 4456 pag.
2888 4387 3032 4453 vut.)

562 4529 743 4584 Photii
773 4527 1065 4600 Sgntagma
1095 4546 1355 4582 canonum
1387 4529 1551 4600 (quod
1580 4531 1647 4585 ab
1675 4531 1903 4587 eruditis
1937 4548 2058 4588 cum
2086 4583 2096 4594 ,

2167 4538 2433 4607 σωτηρίου
2465 4538 2733 4609 δόγματος
2764 4541 2858 4594 καὶ
2909 4543 3121 4611 χρηστῇ
3160 4540 3482 4610 διδασκαλίᾳ
3508 4541 3689 4590 πάντων

489 4618 732 4690 ejusdem
764 4617 1040 4689 Synagoge
1082 4634 1339 4672 canonum
1373 4619 1632 4674 confundi
1664 4621 1821 4691 solet)
1858 4622 2023 4677 haber

2157 4626 2458 4695 ἀνθρώπων
2482 4629 2801 4694 ὲκτεθέντας
2822 4630 3144 4702 θεοπρεπεῖς
3178 4632 3408 4694 κανόνας
3437 4633 3510 4692 εἰς
3530 4627 3688 4681 ταυτὸν

478 4726 569 4767 me
599 4710 651 4764 iu
685 4710 963 4775 manibus,
1011 4710 1173 4779 idque
1205 4711 1346 4781 typis
1394 4711 1691 4781 aliquando
1732 4713 1850 4769 fore
1880 4716 2012 4770 tradi

2160 4721 2508 4787 συναγαγεῖν,
2547 4722 2787 4792 ἑκάστης
2845 4724 3061 4777 συνόδου
3115 4726 3180 4794 τῇ
3223 4722 3557 4796 προσηγορίᾳ
3591 4718 3690 4778 τοὺς

474 4814 683 4867 turum,
711 4801 825 4856 dixi
858 4801 1069 4871 aliquot
1112 4802 1313 4857 abhinc
1354 4802 1515 4857 annis
1558 4802 1613 4857 in
1656 4804 2002 4875 prolegomen

2159 4810 2327 4881 αὐτῆς
2361 4813 2637 4883 ἐχομένως
2686 4815 2982 4880 ὑποτιθείς.
3035 4816 3298 4887 Quotquot
3336 4835 3369 4871 a
3399 4817 3580 4870 sanctis
3614 4812 3688 4863 de-

475 4893 718 4964 repetitae
794 4892 1051 4949 editionis
1111 4893 1247 4948 tomi
1305 4890 1325 4945 Ι
1386 4894 1721 4963 Scriptorum
1789 4906 2051 4965 veterum,
2158 4916 2268 4953 cem
2302 4903 2534 4971 synodis,
2565 4905 2784 4959 diversis
2834 4908 3171 4974 temporibus,
3208 4908 3276 4960 ad
3341 4904 3584 4961 salutaris
3620 4902 3689 4952 άο·

475 5004 532 5057 p.
566 5001 773 5052 xxvnt;
800 5000 911 5055 quo
934 5000 1081 5040 nunc
1107 4985 1379 5055 promisso
1408 4983 1626 5056 defungi
1652 4987 1861 5054 volens,
1886 4988 2057 5044 trinas
2161 4988 2348 5043 ctrina:
2370 4991 2844 5059 conﬁrmationem,
2884 4991 3175 5063 bonamque
3193 4995 3425 5047 omnium
3458 4990 3685 5045 hominum

473 5079 657 5136 Photii
691 5079 836 5134 circa
864 5077 956 5148 jus
979 5076 1307 5133 canonicum
1333 5091 1493 5132 curas
1522 5077 1861 5149 distinguere
1896 5089 2056 5150 atque
2159 5079 2545 5133 institutionem
2589 5081 2810 5147 habitis,
2848 5083 2977 5136 editi
3022 5093 3144 5135 sunt
3184 5081 3327 5136 sacri
3366 5097 3592 5141 canones,
3618 5092 3685 5130 cos

475 5172 532 5226 in
590 5177 936 5225 antecessum
1010 5181 1285 5237 exponere
1355 5180 1581 5222 necesse
1645 5178 1747 5223 est.
1816 5167 2053 5223 Primam
2159 5182 2249 5235 ego
2274 5183 2450 5222 omnes
2475 5171 2529 5224 in
2558 5186 2724 5224 unum
2748 5188 2938 5241 corpus
2970 5173 3293 5241 colligendos
3320 5173 3535 5242 suscepi,
3555 5172 3617 5224 ita
3642 5173 3684 5218 ut

476 5262 660 5331 itaque
709 5275 899 5315 curam
953 5273 1110 5314 suam
1151 5258 1231 5313 sic
1262 5267 1448 5312 narrat
1492 5256 1721 5313 Photius
1778 5270 1902 5313 ante
1934 5257 2054 5313 No-
2157 5259 2567 5331 uniuscujusque
2628 5265 2816 5333 synodi
2887 5264 3231 5333 appellationi
3300 5284 3363 5320 ac
3426 5264 3567 5320 titulo
3620 5255 3683 5312 sui

474 5351 827 5407 mocanonnm
888 5350 941 5405 in
989 5347 1354 5412 Praefatioue,
1412 5363 1577 5417 quam
1638 5363 1707 5403 ex
1758 5345 2051 5405 Oxoniensi
2151 5352 2387 5418 proxime
2421 5368 2645 5408 canones
2671 5356 2897 5425 subjecti
2926 5358 3055 5412 sint.
3088 5358 3268 5428 Pergit
3310 5360 3502 5414 deinde
3536 5354 3683 5412 dicere

475 5444 664 5499 codice
712 5442 975 5498 Justellus
1020 5440 1211 5505 edidit,
1266 5440 1410 5495 Bibl.
1462 5457 1586 5495 can.
1621 5448 1663 5496 t.
1708 5439 1771 5506 ll,
1808 5456 1863 5509 p.
1896 5441 1999 5495 789
2039 5464 2049 5497 :
2160 5443 2405 5506 Photius,
2441 5460 2500 5499 se
2527 5461 2768 5504 canones
2794 5464 3013 5519 quoque
3040 5451 3433 5520 apostolorum,
3459 5446 3683 5519 synodum

486 5532 854 5605 Ἐπεχείρησα
888 5532 1014 5596 τοὺς
1045 5529 1150 5585 ὑπὸ
1183 5529 1292 5585 τῶν
1326 5532 1383 5583 ὲν
1413 5530 1623 5601 χρόνοις
1645 5530 1920 5601 διαφόροις
1959 5547 2020 5601 γε

2166 5534 2673 5606 Carthaginiensem
2702 5541 2826 5607 (sub
2860 5542 3092 5611 primate
3116 5542 3359 5612 Aurelio)
3404 5552 3455 5598 et
3493 5533 3683 5595 nonnul:

472 5625 788 5694 γενημένων
843 5624 1014 5693 ἁγίων
1060 5623 1190 5679 δέκα
1224 5622 1458 5677 συνόδων
1494 5622 1586 5675 ἐπὶ
1620 5620 1907 5691 βεϐαιώσει
1956 5641 2006 5677 τε

2161 5623 2337 5679 lorum
2368 5634 2681 5682 sanctorum
2714 5628 2933 5684 Patrum
2964 5630 3098 5685 alios
3121 5646 3357 5687 canones
3388 5646 3477 5685 seu
3503 5628 3677 5682 decreta
