3886 6240
219 270 322 336 433

1011 249 1410 327 SYNTAGMA
1443 259 1834 325 CANONUM.
1864 284 1935 295 —
1962 262 2031 321 A.
2071 262 2209 322 MAI
2247 263 2660 325 PR/EFATIO.

3353 252 3455 321 Μ

221 385 409 440 eodem
439 398 606 453 opere
642 383 977 440 conclusisse
1006 400 1019 436 :
1052 391 1108 437 et
1141 381 1320 452 primo
1350 382 1570 452 quidem
1619 381 1782 451 μέχρι
1807 375 1861 437 Α
1885 375 2208 434 Lambecius
2235 419 2248 440 .
2308 379 2470 450 Bibl._
2493 377 2714 432 Vindob.
2766 375 2852 431 ed.
2908 372 3116 429 Kollar.
3163 369 3261 426 lib.
3308 383 3406 422 vm
3427 405 3443 431 ,

216 478 311 546 τῆς
364 477 623 545 πέμπτης
671 474 885 528 συνόδου
931 473 1161 536 κανόνας
1203 475 1281 536 εἰς
1341 472 1399 526 ἓν
1459 473 1785 539 συναγαγεῖν

217 569 442 636 Θέμενος
491 567 732 629 σκοπόν,
781 581 938 634 scopo
975 565 1078 620 sibi
1102 567 1398 635 proposito,
1442 575 1501 618 ut
1561 579 1786 618 canones

217 673 377 726 usque
407 656 477 709 ad
512 657 774 726 synodum
806 657 1048 724 quintam
1089 657 1146 709 in
1183 671 1347 708 unum
1397 669 1585 721 corpus
1637 653 1790 708 colli-

216 756 379 819 geret.
415 747 523 802 Sed
550 763 699 811 mox,
738 756 798 801 ut
825 747 1025 801 ibidem
1053 747 1258 810 subdit,
1306 745 1566 816 ampliato
1605 745 1787 802 consi-

217 840 313 904 lio,
367 839 588 909 longius
635 839 921 908 processit,
975 839 1050 892 ita
1097 847 1158 892 ut
1202 838 1440 907 synodos
1479 852 1697 907 quoque
1733 853 1793 892 se

216 927 532 996 patriarcha
564 927 777 982 habitas
795 940 948 995 aeque
968 927 1326 994 excerpserit,
1363 939 1608 994 opusque
1629 936 1791 977 suum

215 1033 366 1070 anno
395 1017 616 1070 demum
649 1029 1014 1080 ncccuxxm,
1041 1013 1228 1084 paucis
1251 1021 1377 1069 ante
1405 1014 1610 1069 obitum
1632 1013 1792 1068 annis

217 1107 540 1160 absolverit.
571 1105 755 1160 Prima
783 1106 948 1175 igitur
973 1106 1296 1173 caeterisque
1339 1106 1569 1174 amplior
1612 1105 1793 1159 thii

215 1196 485 1250 canonica
514 1195 819 1250 lucubratio
847 1197 960 1250 haec
984 1195 1104 1260 fuit,
1143 1210 1306 1262 quam
1340 1195 1500 1249 titulo
1534 1195 1792 1263 Συναγω-

213 1287 343 1354 γῆς,
369 1287 422 1340 id
452 1296 535 1341 est
557 1285 918 1353 Collectionis,
942 1287 1278 1356 distinguere
1305 1287 1372 1340 ab
1395 1288 1517 1342 aliis
1543 1287 1790 1342 interest.

215 1377 350 1430 Haec
374 1385 555 1431 autem
590 1393 859 1447 synagoge
899 1377 1041 1447 ipsa,
1074 1388 1132 1431 ut
1165 1392 1310 1442 rcor,
1347 1387 1451 1442 est,
1481 1393 1640 1446 quam
1671 1395 1796 1434 cum

218 1463 454 1519 Zonaras
504 1475 559 1520 et
590 1466 931 1522 Balsamonis
981 1467 1205 1522 scholiis
1246 1477 1359 1522 tum
1404 1469 1458 1522 in
1503 1467 1799 1527 Parisiensi

216 1557 485 1622 editione,
524 1567 637 1612 tum
668 1559 720 1612 in
757 1558 1034 1629 Beveregii
1069 1561 1348 1630 praeclaris
1382 1560 1667 1615 Pandectis
1715 1562 1798 1616 le-

213 1649 419 1717 gimus.
447 1648 769 1718 Quanquam
795 1653 981 1704 eadem
1015 1651 1068 1705 in
1093 1667 1253 1705 manu
1278 1652 1495 1721 scriptis
1522 1653 1798 1708 codicibus

1887 480 1941 534 p.
1969 465 2106 531 909;
2141 465 2443 530 Fabricius,
2477 467 2618 522 Bibl.
2651 465 2744 522 Gr.
2774 465 2862 521 ed.
2897 479 3022 520 nov.
3049 471 3089 518 t.
3121 460 3213 525 XI,
3249 452 3308 540 pl
3355 458 3449 525 2i,

1886 565 1942 610 et
1987 566 2025 610 t.
2079 555 2195 622 XII,
2247 574 2300 628 p.
2356 559 2495 624 185;
2543 558 2901 622 A-ssemanus,
2936 555 3061 609 Jur.
3096 552 3304 608 Orient.
3337 559 3376 604 t.
3412 549 3454 613 l,

1887 660 1942 714 p.
1971 646 2059 710 57,
2092 648 2186 717 qui
2214 647 2268 702 in
2298 649 2483 703 codice
2518 646 2641 703 Vat.
2668 646 2827 712 “85,
2858 654 2913 701 et
2945 644 3119 699 Palat.
3162 642 3269 698 408
3301 681 3317 708 ,
3366 657 3462 697 ex-

1889 745 2034 792 stare
2081 738 2155 792 ait
2183 736 2360 792 Photii
2410 737 2727 810 Sgnt-agma,
2780 738 2834 791 in
2889 735 3090 807 quibus
3141 748 3335 805 reapse
3384 732 3462 788 nil

1890 834 2085 895 praeter
2133 825 2562 882 Nomocanonem
2620 843 2684 882 ac
2738 825 3047 897 Synagogen
3100 839 3224 880 cum
3272 822 3460 878 Balsa-

1901 917 2081 972 monis
2115 919 2352 975 Scholiis
2397 920 2649 974 habetur.
2691 918 2936 988 Denique
2969 927 3024 973 et
3053 916 3293 972 Iacobus
3343 914 3460 969 Mo-

1893 1011 2085 1068 tellius
2112 1013 2167 1066 in
2199 1012 2342 1066 Bibl.
2380 1011 2442 1068 S.
2484 1012 2677 1078 Marci,
2711 1027 2767 1082 p.
2799 1011 2890 1080 97,
2943 1009 3121 1064 Photii
3169 1008 3465 1078 Syntagma

1895 1105 2131 1174 appellat
2158 1105 2426 1175 nobisque
2452 1105 2701 1176 exponit,
2732 1105 2785 1159 id
2821 1104 2967 1172 quod
3003 1100 3294 1157 manifeste
3330 1099 3468 1153 nihil

1895 1207 1980 1252 est
2003 1195 2146 1252 aliud
2176 1212 2342 1267 quam
2379 1197 2554 1252 Photii
2582 1199 2758 1268 prima
2790 1195 3089 1266 Sgnagoge,
3135 1192 3378 1248 nondum
3412 1191 3470 1244 in

1898 1289 2088 1344 titulos
2117 1289 2434 1355 distributa,
2471 1304 2648 1358 neque
2676 1289 2770 1348 ads
2786 1287 3147 1357 Sgntagmatis
3198 1285 3468 1338 rationem

1898 1381 2140 1436 redacta.
2165 1379 2441 1435 Tenemus
2470 1381 2584 1450 jam
2637 1380 2803 1450 igitur
2842 1378 3024 1434 Photii
3067 1377 3361 1447 Syntagma
3407 1386 3474 1426 ex

1899 1474 2120 1544 propria
2173 1472 2457 1544 Sgnagogc
2487 1473 2556 1526 ab
2591 1471 2780 1527 eodem
2816 1479 3125 1540 sumptum,
3151 1477 3205 1523 et
3234 1469 3288 1523 in
3343 1467 3475 1521 titu-

1902 1563 1985 1618 los
2019 1580 2108 1618 xiv
2141 1563 2519 1626 distributum,
2577 1561 2632 1615 in
2668 1577 2904 1632 quorum
2935 1560 3166 1629 singulis
3213 1557 3475 1614 continua

1906 1659 2224 1726 integraque
2271 1655 2515 1710 dictione
2564 1668 2662 1708 eos
2707 1667 2946 1708 canones
2997 1650 3238 1720 scripsit,
3279 1649 3373 1718 qui
3409 1648 3474 1702 ad

214 1756 328 1793 non
357 1741 478 1795 sine
505 1741 742 1810 plurima
768 1742 1054 1805 varietate,
1087 1756 1150 1797 ac
1193 1744 1353 1798 modo
1395 1743 1606 1814 longior
1636 1745 1798 1798 modo
1837 1730 1876 1783 Β
1907 1762 2018 1799 rem
2053 1745 2386 1815 prepositam
2409 1743 2842 1799 conﬁrmandam
2869 1752 3121 1812 prosunt.
3150 1741 3325 1807 Quam
3358 1754 3473 1794 rem

215 1833 560 1885 contractior
586 1831 752 1902 jacet,
789 1843 846 1886 ut
877 1835 1007 1886 mihi
1040 1834 1239 1902 legenti
1270 1847 1613 1905 compertum
1645 1846 1746 1892 est.

292 1923 420 1976 Mox
453 1926 709 1978 secundae
737 1925 1133 1981 lucubrationis
1164 1936 1414 1981 naturam
1447 1929 1528 1984 sic
1569 1929 1797 1983 Photius

214 2014 486 2068 describit
523 2033 536 2069 :
573 2016 798 2069 Πάντων
829 2017 884 2069 δὲ
931 2017 1040 2069 τῶν
1092 2017 1523 2088 συνειλεγμένων
1567 2021 1665 2090 τὴν
1707 2021 1799 2074 δύ-

213 2121 388 2174 ναμιν
417 2106 498 2167 εἰς
527 2105 744 2168 τίτλους
782 2106 914 2158 δέκα
947 2108 1082 2177 πρὸς
1126 2107 1349 2178 τέτρασι
1391 2107 1648 2176 συνελὼν,
1707 2111 1799 2162 καὶ

211 2196 430 2249 τούτων
463 2198 694 2250 ἕκαστον
741 2198 819 2260 εἰς
847 2197 1078 2270 διάφορα
1108 2198 1380 2267 κεφάλαια
1409 2199 1597 2254 διελών
1629 2217 1642 2229 ·
1681 2198 1800 2256 εἶτα

212 2290 348 2351 τοὺς
379 2289 515 2358 πρὸς
550 2289 788 2359 ἑκάστην
821 2291 1046 2362 ζήτησιν
1078 2291 1417 2362 ἁρμόζοντας
1465 2294 1622 2362 ὄρους
1668 2295 1800 2348 ὑπο-

217 2381 360 2445 θεὶς,
393 2381 495 2444 τάς
539 2399 598 2434 τε
632 2384 1005 2455 προσηγορίας
1034 2383 1142 2438 τῶν
1177 2385 1372 2448 αὐτοὺς
1405 2385 1672 2456 εὑρόντων
1703 2387 1800 2458 δη-

216 2469 431 2535 λώσας,
470 2473 564 2524 καὶ
610 2472 700 2526 τὸν
735 2473 968 2544 ἀριθμὸν
993 2474 1080 2528 διὰ
1112 2475 1219 2527 τῶν
1247 2477 1624 2546 ἀριθμητικῶν
1660 2497 1803 2533 στοι-

218 2560 414 2629 χείων,
449 2561 800 2629 εὐσύνοπτον,
829 2565 904 2626 ὡς
941 2559 1117 2632 οἶμαι,
1140 2567 1278 2618 κατὰ
1299 2566 1529 2636 δύναμιν
1550 2571 1611 2623 τὸ
1644 2571 1802 2625 Σύν-

221 2667 427 2719 tanta
463 2653 772 2723 πεποέημαι
801 2671 815 2685 ·
854 2654 1062 2709 Horum
1096 2666 1272 2712 autem
1309 2660 1544 2714 omnium
1579 2661 1657 2715 ita
1689 2663 1803 2716 col-

221 2741 488 2794 lectorum
534 2745 586 2796 ui
629 2747 686 2797 in
728 2746 910 2800 titulos
961 2749 1360 2816 quatuor-decim
1401 2761 1692 2818 contracta,
1742 2771 1805 2809 ac

227 2849 549 2903 unoquoque
579 2837 768 2890 harum
810 2839 1088 2892 titulorum
1121 2841 1176 2894 in
1220 2843 1365 2894 varia
1402 2845 1576 2911 capita
1620 2846 1805 2898 distri-

229 2925 360 2979 buto
376 2945 396 2991 ;
421 2927 611 2982 deinde
636 2931 916 2999 unicuique
939 2934 1218 3002 quazstioni
1261 2936 1680 2990 convenientibus
1717 2939 1807 2992 de-

227 3015 570 3085 ﬁnitionibus
602 3019 871 3086 subjectis,
916 3031 1294 3093 auctorumque
1325 3025 1561 3093 ipsorum
1596 3030 1806 3081 nomine

228 3106 534 3172 declarato,
590 3127 793 3165 necnon
831 3113 991 3166 etiam
1063 3130 1279 3169 numero
1333 3133 1427 3186 per
1474 3117 1810 3174 arithmetica

229 3192 494 3248 elementa
540 3200 819 3266 apposito,
861 3203 1072 3271 cognitu
1125 3204 1305 3271 facile,
1365 3215 1422 3259 ut
1462 3208 1666 3275 opinor,
1718 3226 1813 3278 pro

234 3285 438 3338 uirilius
491 3285 782 3359 Syntagma
817 3291 1100 3346 elaboravi.
1142 3293 1222 3348 En
1275 3298 1536 3360 secunda,
1572 3308 1631 3352 ut
1678 3299 1813 3366 dixi,

234 3377 506 3432 canonica
539 3377 712 3434 Photii
748 3381 1075 3449 lucubratio,
1126 3383 1418 3455 Sgntagma
1467 3387 1705 3456 scilicet,
1761 3391 1816 3446 id

235 3477 323 3520 cst
353 3468 608 3522 ordinata
648 3472 959 3540 compositio
1007 3488 1304 3540 canonum,
1345 3483 1508 3545 atque
1550 3478 1616 3532 ad
1649 3494 1816 3546 pecu-

239 3559 432 3612 liarem
483 3560 646 3614 linem
702 3563 945 3628 directa,
1008 3564 1060 3618 id
1110 3575 1196 3620 est
1247 3567 1314 3621 ad
1362 3569 1818 3626 dctnonstrandos

237 3650 766 3728 contirmaudosque
814 3656 1064 3710 canonici
1114 3656 1256 3727 juris
1307 3659 1548 3716 delectos
1603 3662 1812 3719 titulos.

239 3739 412 3794 Aliud
429 3752 509 3796 est
538 3741 724 3811 igitur,
756 3753 812 3796 ut
833 3744 944 3812 jam
977 3744 1111 3810 dixi,
1147 3761 1421 3800 canonum
1450 3747 1564 3802 sive
1591 3765 1657 3802 cx
1683 3765 1816 3820 syn-

240 3832 367 3887 odis
424 3832 539 3887 sive
581 3834 744 3888 etiam
784 3849 850 3889 ex
883 3836 1113 3906 singulis
1161 3837 1417 3894 Patribus
1451 3843 1816 3908 coacervatio,

240 3935 409 3990 atque
437 3921 490 3974 in
518 3937 627 3976 uno
660 3922 936 3978 volumine
981 3927 1228 3995 scriptio,
1256 3944 1376 3997 quae
1424 3929 1559 3983 nihil
1598 3940 1679 3985 est
1712 3931 1820 3986 nisi

241 4014 494 4083 quaedam
531 4017 860 4087 συναγωγή;
889 4018 1034 4072 aliud
1070 4034 1198 4072 vero
1249 4021 1532 4090 ingeniosa
1570 4023 1817 4092 ipsorum

241 4105 553 4174 dispositio,
586 4113 750 4176 atque
787 4109 853 4161 ad
881 4119 1060 4164 certos
1090 4125 1286 4180 scopos
1313 4112 1640 4178 collineatio,
1674 4115 1820 4184 quod

243 4198 534 4266 σύνταγμα
587 4199 809 4269 proprie
845 4201 1178 4269 appellatur;
1213 4217 1321 4269 quo
1369 4204 1636 4258 vocabulo
1677 4205 1822 4260 Pho-

243 4290 358 4343 tius
391 4288 494 4341 hoc
523 4302 659 4357 Opus
684 4302 846 4341 suum
873 4304 1090 4358 semper
1141 4289 1416 4359 indigitat,
1468 4301 1527 4346 ut
1577 4292 1816 4361 cuipiam

1907 1835 1979 1890 ita
2012 1851 2071 1890 se
2099 1836 2321 1900 habere,
2354 1836 2524 1904 codex
2551 1835 2963 1897 Columnensis,
2990 1849 3137 1888 nunc
3162 1833 3477 1894 Vaticanus,

1904 1929 1972 1982 de
1999 1944 2107 1998 quo
2141 1943 2305 1996 supra
2333 1929 2686 1996 inLGermano
2712 1927 2843 1990 dixi,
2879 1926 3215 1981 demonstrat
3243 1943 3255 1979 :
3284 1923 3476 1984 codex.

1907 2017 2154 2086 inquam,
2200 2017 2451 2088 insignis,
2508 2017 2926 2078 membraneus,
2982 2016 3262 2084 antiquus,
3295 2015 3478 2071 saeculi

1909 2124 2106 2178 nempe
2155 2109 2348 2165 saltem
2384 2127 2482 2176 xn,
2537 2109 2870 2180 calligrapha
2917 2108 3274 2178 diligentiq-ue
3315 2121 3480 2161 manu

1909 2202 2170 2270 scriptus,
2215 2211 2488 2272 tantaeque
2535 2202 2803 2269 raritatis,
2849 2209 2909 2256 ut
2958 2201 3047 2255 hic
3095 2201 3246 2256 solus
3292 2197 3476 2253 Photii

1908 2307 2099 2346 verum
2155 2290 2446 2362 Syntagma
2495 2294 2778 2348 continere
2823 2293 3072 2347 videatur
3115 2311 3126 2346 :
3178 2292 3285 2346 nisi
3341 2290 3480 2345 forte

1909 2385 2056 2438 aliud
2089 2386 2367 2454 exemplar
2384 2395 2470 2439 est
2497 2386 2552 2439 in
2577 2384 2766 2440 codice
2796 2383 3137 2439 Dubliniensi
3164 2399 3292 2438 mss.
3317 2381 3477 2451 Angl.

1909 2487 1962 2530 et
1990 2475 2211 2530 Hibern.
2249 2486 2288 2530 t.
2316 2475 2381 2543 ll,
2413 2486 2550 2545 part.
2584 2492 2646 2539 ιι,
2679 2492 2734 2546 p.
2769 2475 2856 2538 40,
2892 2477 2985 2546 qui
3009 2476 3087 2531 sic
3115 2476 3480 2531 describitur:

1910 2572 2091 2626 Photii
2121 2572 2254 2642 leges
2292 2569 2603 2642 (canones?)
2635 2587 2726 2640 per
2763 2569 2995 2638 capitula
3025 2570 3241 2638 digesta:
3277 2566 3480 2637 plenius

1912 2679 2070 2734 quam
2103 2664 2155 2716 in
2185 2663 2587 2716 Nomocanone.
2629 2661 2787 2715 Certe
2840 2660 2885 2714 si
2935 2676 3157 2714 canones
3205 2673 3302 2728 pro
3347 2657 3481 2727 leges

1915 2753 2263 2808 scribendum
2297 2752 2419 2817 fuit,
2451 2762 2706 2807 accurata
2736 2752 2868 2805 mihi
2899 2750 3012 2805 hzec
3034 2751 3304 2805 videretur
3340 2747 3482 2802 Pbo-
3553 2824 3561 2830 η

1916 2844 2045 2896 tiani
2085 2843 2445 2913 Syntagmatis
2475 2843 2738 2898 deﬁnitio.

1985 2934 2141 2989 Nunc
2184 2935 2297 3004 jam
2358 2934 2606 3002 sequitur
2640 2943 2698 2988 ut
2740 2934 2807 2988 de
2856 2933 3030 2988 tertiis
3070 2931 3247 2985 Photii
3286 2929 3352 2984 ad
3397 2928 3486 2999 jus

1916 3027 2242 3084 canonicum
2290 3026 2438 3081 curis
2493 3026 2768 3080 dicamus.
2835 3024 3097 3078 Homines
3153 3024 3227 3078 ita
3289 3032 3488 3077 natura

1917 3119 2216 3192 comparati
2269 3129 2418 3184 sunt,
2473 3129 2534 3174 ut
2591 3128 2746 3173 actus
2807 3131 2938 3173 suos
2991 3113 3188 3186 partim
3239 3113 3489 3181 exemplo

1916 3217 2074 3277 duce,
2099 3211 2293 3281 partim
2318 3211 2538 3280 prpprio
2555 3209 2844 3263 ratiocinio
2867 3215 3130 3276 motuque
3147 3205 3487 3273 depromant.

1917 3303 2219 3373 Utramque
2259 3304 2398 3356 hanc
2425 3301 2670 3370 regulam
2721 3308 2943 3353 secutus
2973 3296 3201 3350 Photius
3227 3295 3440 3350 videtur
3472 3312 3486 3348 :

1917 3413 2153 3466 namque
2182 3403 2241 3449 ut
2269 3411 2375 3448 non
2408 3394 2585 3448 solum
2611 3392 2902 3462 Syntagma
2924 3391 3016 3446 sed
3049 3389 3485 3443 Nomocanonem

1923 3492 2088 3543 etiam
2141 3486 2402 3541 conderet
2437 3484 2510 3550 (id
2557 3485 2702 3538 enim
2739 3483 2899 3538 tertio
2929 3481 3076 3551 operi
3103 3490 3184 3535 est
3229 3478 3488 3550 nomen),

1918 3578 2113 3632 ducem
2143 3573 2333 3630 habuit
2358 3573 2689 3628 antedictum
2715 3569 3003 3635 Joannem,
3035 3571 3129 3640 qui
3154 3567 3494 3638 Syntagmati

1920 3683 2023 3724 suo
2059 3667 2484 3720 Nomocanonem
2534 3665 2687 3718 illum
2737 3662 3038 3726 subtexuit,
3075 3675 3240 3731 quem
3283 3661 3493 3728 primus

1918 3759 2180 3815 Justellus
2207 3758 2397 3812 edidit.
2423 3756 2528 3812 Sed
2551 3757 2697 3812 enim
2730 3755 2860 3809 illud
2896 3755 3068 3808 multo
3089 3751 3491 3815 vehementius,

1920 3861 1983 3908 ut
2015 3853 2230 3921 opinor,
2265 3850 2520 3905 Photium
2560 3848 2798 3917 impulit,
2827 3847 2952 3916 quia
2997 3845 3289 3917 Syntagma
3331 3859 3492 3899 suum

1921 3943 2334 4013 repetitionibus
2365 3940 2616 4010 plurimis
2647 3939 2897 3994 laborare
2925 3938 3176 4004 videbat;
3203 3945 3493 4007 propterea

1922 4034 2065 4103 quod
2110 4033 2332 4088 eosdem
2365 4045 2630 4092 canones,
2661 4039 2714 4084 et
2751 4029 2970 4099 quidem
3019 4043 3161 4097 saepe
3200 4028 3493 4097 longiores,

1922 4141 2136 4180 necnon
2195 4124 2415 4192 copiosa
2448 4122 2670 4175 Patrum
2712 4128 3014 4189 segmenta,
3054 4120 3158 4185 bis,
3190 4126 3407 4188 quater,
3432 4131 3497 4172 ac

1923 4215 2153 4269 fortasse
2196 4213 2380 4267 decies
2422 4209 2712 4280 aliquando
2751 4223 3034 4263 recurrere
3072 4221 3303 4262 necesse
3353 4216 3491 4271 erat,

1923 4305 2052 4374 quia
2077 4302 2310 4357 diversis
2339 4299 2513 4354 titulis
2541 4306 2596 4353 et
2626 4297 2878 4368 capitulis
2921 4311 3077 4367 aeque
3121 4295 3471 4364 quadrabant

243 4375 449 4426 librum
482 4381 728 4426 nostrum
757 4372 955 4441 legenti
979 4373 1268 4428 constabit.
1293 4375 1476 4443 Itaque
1500 4385 1554 4429 et
1582 4373 1819 4432 Joannes
1842 4402 1897 4462 Β
1926 4372 2068 4465 [ξι-ἕο
2099 4391 2312 4448 etiamsi
2347 4390 2639 4460 symagma
2674 4388 2881 4443 numer
2913 4388 3230 4443 confectum
3270 4395 3408 4452 erat,
3441 4387 3496 4440 in

243 4461 647 4525 Scholasticus,
690 4461 784 4531 qui
830 4459 1084 4515 Photium
1116 4461 1170 4515 in
1223 4461 1520 4533 Byzantino
1572 4466 1816 4534 patriar-

240 4555 414 4608 chatu
471 4554 722 4609 ducentis
788 4555 948 4608 annis
1007 4555 1323 4623 przccessit,
1387 4557 1532 4624 paris
1593 4559 1821 4612 omnino

243 4657 543 4701 structurae
576 4646 775 4700 librum
816 4662 881 4699 ex
911 4646 1216 4702 canonibus
1245 4662 1417 4716 usque
1442 4649 1510 4702 ad
1545 4650 1818 4719 synodum

241 4747 504 4807 quartam
537 4737 856 4802 conﬁciens,
893 4738 973 4791 sic
995 4739 1046 4790 in
1081 4737 1237 4792 titulo
1274 4738 1478 4793 habet:
1505 4740 1825 4794 Συντάττει

244 4830 378 4892 τοὺς
404 4829 562 4892 ὅλους
588 4828 819 4892 κανόνας
870 4831 947 4891 εἰς
983 4828 1024 4880 ν’
1059 4829 1269 4891 τίτλους
1315 4846 1328 4881 :
1361 4829 1551 4884 Omnes
1601 4848 1824 4887 canones

243 4920 340 4972 sub
378 4920 550 4972 titulis
577 4919 957 4988 quinquaginta
977 4918 1136 4972 simul
1165 4921 1449 4988 componit,
1468 4935 1562 4976 seu
1594 4923 1659 4976 ad
1686 4922 1824 4994 Syn-

245 5025 427 5078 lugma
451 5009 682 5077 redigit;
719 5024 830 5079 quo
860 5010 1083 5064 nomine
1110 5009 1339 5066 Joannis
1374 5011 1529 5066 labor
1561 5025 1826 5070 constan-

246 5111 329 5156 ter
361 5100 702 5170 designatur.
738 5101 829 5157 Sic
856 5117 986 5170 ergo
1032 5105 1282 5173 exposita
1321 5105 1574 5159 Photiani
1626 5107 1833 5178 Synla-

245 5195 445 5264 gmalis
473 5209 601 5248 vera
638 5195 882 5260 notione,
909 5210 1068 5265 spero
1117 5195 1310 5251 falsam
1357 5196 1528 5263 illam,
1577 5209 1640 5252 ut
1684 5215 1829 5264 reor,

243 5285 756 5354 bibliographorum
800 5286 1135 5354 opinionem,
1165 5287 1498 5342 exstinctum
1550 5290 1639 5354 iri,
1685 5289 1832 5358 quod

245 5392 444 5448 nempe
471 5378 653 5432 Photii
705 5375 996 5446 Sgntagma
1030 5379 1170 5433 idem
1220 5379 1289 5434 sit
1336 5389 1501 5450 atque
1554 5379 1831 5453 Synagoge

250 5469 714 5540 (repugnantibus
745 5469 878 5539 ipsis
905 5470 1044 5523 inter
1066 5485 1126 5525 se
1157 5473 1494 5544 vocabulis);
1515 5490 1828 5544 quanquam

248 5561 445 5615 summi
479 5574 706 5631 quoque
735 5559 859 5625 viri,
893 5559 1233 5630 ignoratione
1258 5563 1463 5618 codicis
1493 5564 1666 5617 nostri
1693 5573 1748 5618 et
1773 5579 1832 5618 re

247 5668 441 5722 parum
473 5651 852 5718 considerata,
907 5651 1014 5709 isto
1047 5653 1210 5709 modo
1259 5655 1426 5711 locuti
1473 5665 1618 5724 sunt,
1662 5654 1829 5711 veluti

1923 4501 2031 4555 quo
2051 4484 2233 4537 omnia
2258 4482 2374 4536 suis
2404 4480 2538 4535 locis
2567 4481 2870 4550 perscripta
2912 4478 3227 4542 exstabant,
3255 4479 3498 4533 molestae

1924 4589 2106 4631 tamen
2130 4573 2287 4628 valde
2307 4571 2764 4633 exscribentibus,
2805 4583 2997 4639 graves
3024 4569 3153 4624 item
3183 4570 3496 4624 ementibus

1925 4659 2244 4716 accidebant
2280 4672 2554 4712 canonum
2586 4656 2944 4725 repetitiones
2977 4663 3074 4720 tot,
3100 4671 3224 4725 qua:
3244 4656 3496 4711 volumen

1925 4749 2315 4821 propemodum
2337 4747 2707 4816 duplicabant.
2725 4745 2866 4810 Quid
2890 4744 3087 4816 igitur?
3105 4745 3496 4802 Brevissimum

1925 4841 2214 4898 delineavit
2240 4840 2466 4895 Photius
2523 4838 2928 4907 compendium,
2976 4837 3030 4891 in
3068 4853 3180 4906 quo
3216 4838 3499 4892 titulorum

1925 4941 1979 4988 et
2007 4932 2366 5003 capitulorum
2409 4928 2740 4983 thematibus
2795 4928 2870 4981 nil
2919 4926 3293 4981 substerneret
3323 4925 3503 4990 aliud,

1925 5036 2087 5091 quam
2134 5017 2507 5073 arithmeticas
2553 5023 2713 5069 notas
2755 5013 2973 5067 illorum
3023 5027 3318 5072 canonum,
3357 5026 3497 5078 quos

1927 5113 2034 5164 lata
2067 5109 2317 5162 oratione
2350 5105 2642 5174 scripserat
2689 5104 2744 5157 in
2776 5103 3146 5173 Syntagmate.
3180 5100 3280 5154 Est
3314 5101 3500 5168 itaque

1929 5197 2279 5251 Nomocanon
2311 5195 2578 5250 breviatio
2617 5209 2764 5248 mera
2809 5192 3196 5262 Syntagmatis.
3233 5189 3324 5244 Sic
3349 5189 3496 5243 enim

1927 5288 2090 5341 etiam
2141 5290 2193 5341 in
2244 5289 2394 5342 calce
2448 5285 2844 5340 Nomocanonis
2894 5283 3130 5352 legitur:
3174 5280 3338 5343 Τέλος
3389 5281 3498 5333 τῶν

1929 5377 2062 5429 δέκα
2094 5376 2229 5447 πρὸς
2254 5377 2370 5439 τοῖς
2422 5375 2687 5444 τέσσαρσι
2716 5371 2914 5426 τίτλων
2954 5370 3065 5424 τῶν
3095 5371 3246 5440 παρὰ
3289 5368 3495 5422 Φωτιου

1932 5469 2360 5538 συνοψισθέντων
2385 5485 2400 5499 ο
2432 5467 2722 5536 expliciunt
2755 5463 3152 5535 quatuordecim
3180 5462 3323 5515 tituli
3354 5461 3498 5532 (qua

1931 5574 2012 5617 est
2040 5565 2154 5632 ipsa
2176 5572 2373 5617 natura
2403 5575 2458 5617 et
2485 5559 2800 5616 constitutio
2828 5555 3212 5626 Synlagmatis)
3243 5573 3273 5608 a
3309 5554 3498 5609 Photio

1935 5655 1990 5708 in
2013 5654 2377 5723 compendium
2423 5651 2622 5706 redacti
2662 5650 2740 5720 (id
2774 5660 2857 5704 est
2904 5645 3293 5717 Nomocanon).
3351 5645 3510 5700 Diset.
