3886 6240
428 262 534 327 435

1580 254 1840 314 ΡΗΟΤῙΙ
1882 245 2386 311 PATRIARCH/E
2412 244 2523 305 CP.

3586 229 3686 293 436

429 372 669 444 anquis;
712 369 769 424 Si
797 366 1141 422 Nomocanon
1168 379 1265 438 per
1298 365 1673 422 arithmeticas
1715 376 1873 422 notas
1903 380 1999 421 ca-
2035 368 2074 421 Α
2106 359 2199 414 ubi
2240 360 2366 412 item
2409 352 2793 409 συντάττονται
2828 362 3099 415 canones;
3154 346 3460 444 verumuln
3504 345 3685 444 priore

437 480 641 529 nonem
699 461 925 523 indicat.
970 458 1129 527 isque
1169 472 1350 514 canon
1400 457 1458 513 in
1493 456 1671 512 Photii
1727 456 2003 529 Synagoge

431 557 693 620 occurrit,
724 569 824 611 cur
851 552 967 624 jam
1000 550 1349 622 Syntagmate
1393 562 1531 621 opus
1565 548 1671 606 sit?
1704 549 1868 619 Ergo,
1916 551 1999 603 in-

432 662 621 720 quam,
654 643 885 700 Joannis
911 657 1132 712 quoque
1155 640 1452 712 Syntagma
1481 649 1604 710 post
1627 640 1748 711 ejus
1796 638 2007 694 Nomo-

431 752 706 799 canonem,
734 742 790 790 et
822 740 946 802 post
971 732 1241 787 adunatos
1264 731 1420 787 toties
1450 730 1708 787 Ecclesia:
1738 732 2009 786 universa:

431 840 694 890 canones,
725 840 832 880 usu
868 822 1122 879 carebit?
1162 822 1309 894 quod
1345 836 1509 878 nemo
1551 822 1811 879 cordatus
1836 821 2004 877 dicet.

430 915 712 973 Cresconii
741 913 990 969 Africani
1034 913 1369 969 Breviarium
1415 928 1690 969 canonum
1740 911 2009 969 habemus

430 1009 579 1080 quod
612 1008 872 1081 (demptis
901 1006 1410 1077 civilibuslegibus)
1449 1004 1683 1063 Joannis
1715 1006 2008 1078 Photiique

433 1101 870 1157 Nomocanonem
902 1114 1132 1169 prorsus
1159 1108 1429 1168 exaequat.
1472 1097 1615 1153 Num
1650 1099 1757 1155 hoc
1802 1100 2008 1156 idcirco

428 1202 486 1249 et
512 1194 619 1249 alia
654 1193 1030 1264 Syntagmata,
1056 1207 1179 1262 qua:
1208 1199 1291 1246 tot
1330 1200 1570 1258 exstant,
1596 1191 1903 1262 praesertim
1952 1192 2008 1246 in

430 1283 558 1353 jure
588 1298 756 1348 novo,
788 1290 919 1353 puta
939 1282 1184 1337 Anselmi
1213 1281 1498 1345 Lucensis,
1522 1282 1820 1339 cardinalis
1842 1282 2008 1339 Deus-

431 1373 607 1440 dedit,
640 1371 907 1438 Gratiani,
956 1372 1275 1444 pontiﬁcum
1326 1370 1574 1442 Gregorii
1619 1379 1676 1427 et
1716 1370 2008 1438 Bonifacii,

435 1465 672 1520 utilitate
701 1464 933 1520 carent?
959 1464 1131 1519 Nemo
1164 1462 1219 1519 id
1258 1478 1428 1520 sanus
1460 1464 1835 1519 arbitrabitur.
1864 1464 2008 1531 Quin

434 1556 575 1611 adeo
609 1556 657 1610 si
704 1570 818 1611 rem
871 1554 1015 1611 hanc
1055 1555 1123 1610 ad
1168 1554 1418 1610 veritatis
1468 1554 1677 1611 lancem
1719 1556 2007 1622 libremus,

436 1643 813 1715 Syntagmatis
861 1660 997 1732 usus
1035 1646 1321 1714 occupatis
1368 1652 1513 1700 certe
1556 1646 1871 1703 hominibus
1924 1648 2008 1702 vel

435 1737 705 1791 librorum
756 1737 915 1806 copia
964 1751 1074 1791 non
1126 1737 1535 1793 abundantibus
1579 1738 1739 1807 longe
1787 1739 2010 1808 pronior

434 1830 540 1884 erit
566 1837 621 1883 et
648 1827 1004 1886 fructuosior.
1029 1828 1182 1886 Licet
1226 1832 1371 1886 enim
1410 1831 1464 1885 in
1500 1829 1877 1885 Nomocanone
1905 1847 2010 1886 nu-

438 1921 662 1976 meratis
692 1929 819 1976 nota
845 1921 980 1976 mihi
1026 1936 1293 1978 canoncm
1326 1924 1548 1989 indicet,
1592 1932 1831 1979 attamen
1865 1924 2012 1980 hunc

438 2014 661 2070 nonnisi
699 2015 930 2071 moleste
963 2025 1018 2070 et
1050 2031 1268 2072 morose
1293 2017 1347 2071 in
1396 2017 1701 2088 Synagoges
1738 2016 2013 2087 farragine

437 2118 711 2174 quaeram.
759 2104 884 2173 (Qui
925 2116 1073 2161 certe
1114 2122 1181 2161 ex
1227 2104 1435 2176 Cujacii
1471 2108 1626 2164 libris
1667 2109 1757 2179 jus
1804 2108 2014 2163 discere

437 2204 587 2262 avet,
643 2194 824 2266 ipsum
874 2195 1055 2265 potius
1095 2198 1339 2253 auctoris
1389 2207 1617 2265 textum,
1648 2214 1812 2269 quam
1840 2199 2011 2253 Alba-

440 2287 630 2343 nensis
665 2288 1103 2358 promptuarium
1144 2288 1330 2359 leget.)
1362 2288 1565 2345 Contra
1597 2291 1643 2346 si
1679 2291 1734 2345 in
1786 2291 2014 2360 singulis

438 2379 637 2446 titulis,
664 2381 811 2435 intra
841 2382 1270 2451 unumquodque
1300 2383 1620 2453 capitulum,
1646 2393 1814 2454 prout
1854 2387 1916 2439 ﬁt
1955 2386 2011 2440 in

437 2470 810 2541 Syntagmatc,
845 2483 1209 2543 congruentes
1239 2490 1477 2530 canones
1501 2475 1636 2547 ipsis
1666 2477 1845 2533 verbis
1877 2477 2015 2531 rcci-

435 2570 586 2617 tatos
616 2563 932 2630 nanciscor,
982 2578 1071 2619 res
1114 2574 1227 2620 tota
1258 2565 1391 2619 mihi
1439 2567 1671 2622 incurrit
1704 2568 1759 2622 in
1799 2568 2010 2635 oculos,

438 2669 615 2723 neque
632 2654 847 2724 longius
868 2655 1169 2724 quidquam
1190 2657 1431 2727 requiro.
1453 2658 1521 2711 At
1539 2658 1847 2728 injucundae
1868 2674 2014 2728 repe-

440 2747 664 2801 titiones
704 2755 853 2801 sunt.
890 2744 1067 2814 Sane;
1101 2748 1293 2817 haeque
1352 2749 1423 2803 ob
1452 2749 1714 2804 delicatos
1774 2750 2003 2805 lectores

439 2848 631 2887 ausam
669 2831 1074 2902 Nomocanoni,
1144 2837 1302 2906 quasi
1360 2838 1525 2893 indici
1568 2853 1631 2892 ac
1669 2839 2009 2907 repertorio,

438 2923 705 2978 struendo
730 2922 1020 2979 dederunt.
1052 2924 1164 2995 Ego
1197 2942 1417 2997 quoque
1450 2928 1591 2984 hanc
1616 2929 1861 2984 eamdem
1894 2946 2013 2985 mo-

437 3015 653 3125 lestiam
683 3016 823 3120 inter
854 3016 1059 3122 librum
1106 3018 1530 3121 imprimendum
1561 3030 1836 3089 expertus,
1869 3022 2008 3091 coepi
2041 3031 2086 3094 ο
2117 3015 2331 3111 gﬁ'ciler
2369 3015 2505 3125 lpos,

436 3107 591 3162 locos
625 3109 886 3179 repetitos
911 3110 1199 3176 omittere;
1236 3110 1310 3165 ita
1345 3119 1546 3177 tamen,
1577 3125 1638 3166 ut
1674 3127 1862 3167 eorum
1906 3114 2013 3167 ini-

438 3197 528 3251 tiis
551 3199 792 3269 scriptis,
830 3200 1065 3257 lectores
1089 3216 1243 3257 meos
1274 3217 1369 3271 per
1398 3204 1797 3273 παραπομπάς,
1828 3206 2014 3259 remis-

436 3290 612 3344 siones
640 3292 740 3361 (ut
767 3291 829 3345 lit
855 3291 910 3345 in
944 3291 1272 3348 Damasceni
1304 3292 1633 3365 Parallelis)
1670 3296 1736 3350 ad
1763 3297 1875 3366 jam
1916 3313 2002 3352 ex-

435 3390 671 3438 stantem
701 3383 756 3437 in
784 3382 923 3438 libro
951 3398 1073 3438 meo
1102 3398 1391 3452 canoncm,
1421 3386 1629 3441 intento
1655 3388 1819 3442 veluti
1843 3388 2014 3458 digito

440 3473 848 3527 amandarem:
898 3488 1076 3543 neque
1107 3476 1254 3529 enim
1304 3477 1595 3546 quisquam
1645 3479 1781 3534 adeo
1830 3480 2014 3549 segnis

438 3564 566 3626 erit,
595 3579 759 3633 quem
789 3579 963 3633 pauca
992 3566 1270 3620 revolvere
1294 3566 1349 3620 in
1376 3568 1567 3624 eodem
1588 3570 1865 3625 volumine
1884 3569 2012 3625 folia

442 3650 643 3719 pigeat,
678 3660 738 3705 ut
765 3652 1034 3720 pagellam
1066 3652 1324 3722 inspiciat
1356 3669 1521 3723 quam
1557 3658 1825 3711 numerali
1857 3658 2014 3729 signo

442 3745 784 3797 demonstro.
814 3741 907 3798 Sic
935 3758 1065 3814 ergo
1099 3754 1154 3799 et
1181 3746 1437 3802 recitatos
1461 3763 1491 3801 a
1522 3746 1722 3804 Photio
1748 3765 2011 3816 canones,

444 3838 677 3889 cunctos
716 3834 1062 3902 conservavi,
1099 3844 1152 3889 et
1181 3844 1365 3892 tamen
1390 3837 1511 3891 libri
1549 3839 1747 3893 molem
1788 3841 2012 3896 dimidia

442 3924 617 3982 ferme
651 3935 807 3996 parte
841 3925 1098 3982 diminui.
1133 3926 1373 3999 Denique
1398 3931 1488 3985 aio
1516 3947 1531 3985 :
1572 3930 1629 3985 Si
1679 3933 1805 4002 quis
1848 3949 2016 3988 cano-

440 4033 573 4073 num
606 4028 850 4074 veterum
880 4034 910 4074 a
946 4019 1140 4075 Photio
1170 4022 1525 4079 collectorum
1555 4025 1799 4082 scientiae
1813 4028 2011 4093 studet,

439 4123 565 4163 cum
612 4110 696 4165 vel
723 4110 1088 4166 universalem
1124 4110 1436 4185 Synagogen
1477 4130 1574 4171 sus
1601 4116 1777 4184 deque
1820 4133 2015 4187 pervo-

440 4201 616 4257 lutare
641 4217 867 4258 necesse
887 4211 992 4267 est,
1023 4204 1107 4258 vel
1142 4205 1244 4259 hoc
1272 4204 1569 4276 Syntagma
1599 4208 1771 4263 multo
1794 4209 2014 4266 brevius

441 4302 605 4360 atque
631 4292 943 4349 ordinatius
971 4301 1025 4348 et
1056 4294 1134 4347 rei
1169 4296 1415 4364 quaesita:
1459 4298 1801 4354 invenienda:
1830 4300 2012 4367 aptius

2109 449 2291 521 ῥητῶς
2327 447 2495 502 verbis
2522 445 2672 516 ipsis,
2710 444 2769 499 in
2814 445 3119 515 posteriore
3158 457 3254 513 per
3283 441 3527 496 indicem
3572 440 3686 494 sine

2108 556 2188 596 re.
2214 538 2395 606 Quare
2420 536 2630 610 aequius
2672 544 2756 591 est
2786 542 2848 590 ut
2882 534 3169 603 σύνταγμα
3204 531 3564 594 vocabulum,
3598 530 3688 584 de-

2106 628 2376 700 signando
2417 626 2659 683 secundo
2687 625 2841 696 operi
2889 640 2920 680 a
2976 624 3137 679 nobis
3172 630 3509 679 reservetur.
3548 620 3691 674 Prte-

2109 726 2257 771 terea
2288 712 2655 783 reputandum
2687 720 2792 774 est,
2826 709 3006 765 Photii
3034 711 3236 765 dictam
3283 706 3689 778 praefationem,

2108 820 2232 876 quae
2260 805 2403 874 apud
2445 802 2732 859 Justellum
2764 808 2867 867 est,
2911 817 3019 856 non
3054 802 3343 870 συναγωγῇ
3394 798 3691 852 collectioni

2109 897 2440 962 universali,
2508 910 2687 966 neque
2736 892 3106 966 Syntagmati,
3158 892 3254 947 sed
3320 889 3690 946 Nomocanoni

2111 987 2284 1044 fuisse
2308 986 2678 1057 praepositam,
2710 995 2771 1040 ut
2801 983 3133 1038 Oxoniensis
3160 982 3329 1036 codex
3349 982 3693 1033 demonstrat

2109 1077 2314 1132 Φωτίου
2336 1077 2417 1139 εἰς
2444 1076 2536 1129 τὸν
2569 1074 2925 1145 Νομοκάνονα
2958 1072 3255 1143 πρόλογος·
3284 1071 3523 1138 ideoque
3557 1066 3693 1120 Pho-

2111 1169 2221 1225 tius
2243 1168 2309 1223 de
2334 1165 2732 1223 Nomocanonis
2778 1174 2990 1220 tantum
3043 1173 3319 1219 structura
3372 1170 3509 1216 tunc
3544 1160 3693 1215 solli,

2112 1259 2279 1323 citus,
2333 1258 2387 1312 in
2446 1259 2552 1312 hoc
2608 1272 2722 1312 uno
2766 1256 2978 1311 scilicet
3027 1254 3470 1311 commendando
3526 1251 3689 1305 verba

2112 1349 2476 1418 consumpsit.
2508 1345 2606 1402 Vel
2632 1347 2814 1417 potius
2839 1346 3135 1401 dicendum
3165 1354 3268 1408 est,
3300 1342 3688 1397 Praefationem

2112 1441 2259 1496 illam
2302 1454 2333 1494 a
2382 1439 2579 1493 Photio
2623 1438 2796 1493 tribus
2839 1452 2994 1509 aeque
3047 1437 3162 1492 suis
3210 1435 3478 1505 operibus
3524 1432 3693 1487 fuisse

2112 1530 2417 1602 praeﬁxam,
2446 1529 2671 1584 mutatis
2715 1538 2926 1585 tantum
2970 1538 3136 1598 prout
3173 1542 3263 1582 res
3306 1526 3526 1581 ferebat
3572 1540 3694 1593 par-

2114 1622 2258 1676 tibus
2287 1619 2544 1690 propriis.
2576 1619 2736 1675 Certe
2778 1618 3106 1674 Lambecius
3137 1617 3216 1673 sic
3237 1617 3536 1686 judicavit,
3588 1615 3689 1668 loc.

2038 1695 2085 1755 B
2113 1708 2207 1764 cit.
2240 1724 2293 1779 p.
2333 1707 2456 1770 909,
2490 1705 2581 1761 ubi
2616 1705 2692 1759 ait
2727 1725 2740 1761 :
2773 1704 3074 1760 Memorata
3095 1705 3342 1773 prwfatio
3385 1703 3455 1756 ad
3490 1700 3690 1756 Nomo-

2111 1813 2377 1854 canonem
2425 1806 2680 1868 tanquam
2718 1812 2848 1866 opus
2883 1797 3261 1850 secundarium
3296 1795 3388 1849 sed
3425 1794 3690 1863 praecipue

2113 1885 2182 1940 ad
2212 1887 2381 1954 ipsum
2407 1883 2701 1955 Syntagma
2732 1898 3011 1949 canonum,
3045 1892 3298 1951 tanquam
3333 1898 3465 1951 opus
3498 1883 3691 1951 prima-

2111 1978 2253 2030 rium
2286 1978 2527 2047 pertinet.
2555 1976 2671 2031 Etsi
2706 1974 3058 2040 Lambecius,
3095 1984 3155 2027 ut
3178 1974 3334 2027 initio
3376 1974 3518 2036 dixi,
3555 1971 3686 2043 Syn-

2115 2078 2294 2138 tagma
2324 2068 2373 2122 id
2400 2076 2554 2137 putat
2579 2067 2722 2135 quod
2745 2076 2828 2121 est
2852 2065 3149 2137 Synagoge.
3175 2063 3379 2120 Verum
3406 2064 3687 2117 enimvero

2115 2160 2258 2229 quod
2291 2158 2585 2228 Syntagma
2606 2174 2753 2213 nunc
2779 2158 3008 2220 editum,
3044 2172 3184 2227 opus
3223 2156 3561 2210 Photianum
3603 2156 3686 2215 sit,

2116 2248 2231 2318 ipse
2264 2247 2317 2301 in
2350 2246 2544 2316 primis
2590 2244 2943 2299 Nomocanon
2991 2245 3269 2300 evidenter
3321 2241 3681 2311 comprobat:

2114 2335 2315 2391 etenim
2376 2333 2541 2397 tituli,
2601 2342 2656 2388 et
2705 2333 2963 2403 capitula,
3017 2339 3072 2386 et
3127 2346 3400 2385 canonum
3456 2330 3686 2391 numeri,

2116 2436 2384 2499 quotquot
2411 2430 2466 2481 in
2502 2425 2883 2481 Nomocanone
2904 2427 3324 2492 adumbrantur,
3366 2426 3404 2479 ii
3454 2425 3524 2479 ad
3561 2423 3689 2492 Sya-

2118 2530 2298 2587 tagma
2354 2525 2603 2571 nostrum
2652 2516 2988 2572 adamussim
3043 2516 3226 2570 cuncti
3280 2513 3601 2568 referuntur
3640 2522 3687 2566 et

2116 2615 2438 2679 provocant,
2474 2608 2607 2677 quin
2636 2623 2704 2661 ne
2736 2607 2905 2661 hilum
2933 2608 3154 2678 quidem
3192 2608 3472 2661 aberrent.
3513 2604 3685 2675 Neque

2117 2699 2257 2753 hanc
2307 2698 2591 2752 veritatem
2642 2698 2776 2753 illud
2829 2699 3096 2761 infirmat,
3145 2698 3292 2767 quod
3347 2698 3403 2751 in
3455 2697 3684 2750 editione

2118 2797 2305 2842 nostra
2325 2785 2718 2857 Syntagmatis,
2747 2801 2800 2855 p.
2833 2788 2920 2852 ll,
2950 2787 3077 2854 2'78,
3111 2786 3237 2851 406,
3277 2802 3387 2839 non
3425 2797 3610 2839 autem
3638 2785 3683 2837 in

2119 2873 2519 2938 Nomocanone,
2543 2873 2792 2927 laudatur
2820 2874 3064 2944 synodus
3085 2872 3683 2942 Constantinopolitana

2117 2965 2247 3037 περὶ
2294 2964 2562 3026 ὲνώσεως,
2586 2978 2750 3032 quam
2806 2977 2951 3016 anno
3009 2962 3135 3025 920,
3168 2962 3222 3017 id
3280 2974 3365 3017 est
3414 2963 3685 3017 tricesimo

2555 3052 2735 3109 Photii
2779 3054 3015 3117 obitum,
3070 3054 3171 3108 sub
3218 3052 3590 3108 Constantino
3640 3062 3687 3106 et

2117 3141 2368 3198 Romano
2417 3143 2816 3213 basileopatore
2878 3143 3210 3198 celebratam
3266 3143 3502 3197 scimus.
3560 3140 3684 3195 Nam

2117 3231 2354 3300 primum
2408 3231 2631 3300 quidem
2686 3230 2881 3302 synodi
2914 3232 3034 3301 ejus
3069 3230 3436 3302 fragmentum
3490 3233 3685 3285 recenti

2116 3332 2284 3371 manu
2337 3317 2391 3371 in
2443 3318 2688 3387 margine
2736 3316 2942 3372 codicis
3011 3316 3180 3372 fuisse
3222 3318 3534 3386 adjectum,
3585 3318 3685 3371 dixi

2116 3424 2171 3478 p.
2194 3408 2321 3463 480.
2346 3406 2482 3462 Tum
2512 3409 2720 3463 scimus
2752 3408 2956 3462 nullam
2989 3408 3157 3462 ferme
3182 3423 3303 3463 esse
3334 3409 3387 3462 in
3412 3410 3685 3463 codicibus

2116 3502 2440 3555 canonicam
2488 3500 2888 3567 collectionem,
2940 3500 3027 3555 cui
3065 3500 3296 3555 subinde
3342 3501 3553 3569 aliquid
3600 3516 3687 3569 per

2115 3591 2376 3660 temporis
2411 3590 2622 3658 lapsum
2654 3605 2762 3644 non
2791 3588 2956 3645 fuerit
2981 3590 3222 3644 additum
3248 3590 3363 3645 sive
3394 3591 3450 3644 in
3486 3590 3685 3645 Grazcis

2034 3719 2049 3739 ρ
2116 3678 2231 3733 sive
2268 3677 2321 3731 in
2356 3676 2565 3732 Latinis
2599 3678 2713 3733 sive
2742 3678 2909 3733 etiam
2941 3678 2994 3731 in
3025 3677 3425 3741 Orientalibus,
3455 3689 3519 3733 ut
3552 3689 3689 3734 certe

2116 3765 2185 3819 de
2211 3767 2551 3822 Armeniacis
2585 3783 2671 3821 me
2700 3767 2882 3822 dicere
2925 3768 3052 3823 olim
3085 3770 3320 3823 memini
3346 3769 3552 3838 Script.
3595 3779 3686 3823 vel.

2116 3866 2158 3913 t.
2195 3856 2265 3923 X,
2293 3865 2435 3926 part.
2466 3872 2527 3921 ll,
2561 3872 2616 3927 p.
2661 3856 2766 3911 516
2800 3874 2815 3910 :
2852 3857 3064 3927 ipsique
3107 3860 3241 3912 adeo
3275 3858 3452 3913 Photii
3490 3857 3687 3912 Nomo-

2117 3948 2310 4001 canoni
2340 3947 2717 4003 additamenta
2763 3948 2949 4003 nescio
2996 3962 3119 4018 quae
3148 3949 3475 4016 accessisse,
3525 3949 3689 4005 critici

2116 4038 2368 4093 homines
2387 4037 2653 4108 suspicati
2680 4048 2830 4092 sunt.

2189 4130 2464 4186 Hactenus
2532 4133 2600 4186 de
2666 4131 3019 4203 Syntagmate
3082 4146 3355 4187 canonum
3424 4130 3689 4196 diximus;

2115 4224 2376 4293 deinceps
2406 4238 2537 4278 vero
2569 4224 2635 4278 de
2664 4224 2891 4291 adjectis
2921 4240 2950 4279 a
2996 4224 3189 4279 Photio
3225 4224 3470 4278 civilium
3515 4224 3689 4295 legum

2119 4314 2393 4383 excerptis
2430 4313 2576 4368 haud
2614 4314 2837 4368 omnino
2860 4313 3127 4368 silendum
3151 4328 3270 4369 esse
3303 4314 3545 4379 videtur,
3579 4327 3692 4382 quae

441 4381 741 4451 perlegere.
786 4383 1003 4439 Etenim
1035 4382 1460 4476 _Nornocanonis,
1509 4389 1601 4444 ubi
1650 4390 1787 4444 nihil
1815 4399 2013 4459 praeter
2039 4363 2094 4421 Β
2120 4363 2347 4474 promas
2396 4404 2585 4458 eadem
2644 4414 2773 4458 sum
2800 4405 2851 4458 in
2886 4414 3117 4475 “imque
3148 4420 3313 4475 opere
3344 4415 3458 4459 tum
3502 4363 3692 4476 éy;m_

444 4486 798 4527 numerorum
824 4474 1138 4544 congeriem
1168 4486 1271 4541 est,
1294 4478 1441 4532 nulla
1472 4493 1568 4547 per
1586 4494 1644 4535 se
1668 4479 2010 4550 iucunditas,

441 4574 622 4629 neque
657 4561 863 4617 utilitas
893 4579 1018 4619 esse
1046 4566 1283 4631 videtur,
1316 4569 1421 4622 nisi
1468 4579 1744 4639 quatenus
1787 4572 2013 4626 indiculi

441 4650 562 4705 vice
590 4651 933 4722 defungitur.

515 4740 621 4795 Sed
656 4751 847 4815 contra
897 4742 1036 4797 hanc
1080 4740 1330 4800 Photiaui
1367 4750 1550 4817 operis
1600 4760 1798 4805 trinam
1846 4755 2016 4823 parti-

444 4835 672 4895 tionem,
722 4835 978 4891 tenebras
1026 4838 1317 4907 quasdam,
1352 4839 1548 4907 fateor,
1601 4843 1835 4899 oﬁundit
1879 4862 2011 4915 prae.-

442 4927 577 4981 fatio
602 4927 716 4992 illa,
750 4941 855 4997 qua
886 4926 1111 4984 Photius
1158 4929 1586 4986 Nomocanonem
1632 4951 1793 4991 suum
1845 4940 2016 4992 comi-

445 5022 592 5069 tatus
649 5026 751 5069 est.
819 5013 955 5069 Nam
1025 5024 1148 5084 post
1214 5017 1442 5073 recitata
1504 5021 1758 5089 superius
1826 5025 2013 5094 verba,

444 5107 797 5175 prosequitur
819 5120 1055 5163 narrans
1080 5108 1226 5178 quod
1257 5125 1498 5167 canones
1534 5113 1739 5170 idcirco
1763 5117 2018 5174 arithme-

440 5197 567 5254 ticis
596 5207 807 5253 tantum
840 5200 1085 5255 numeris
1111 5202 1454 5271 indicaverit,
1484 5220 1553 5261 ne
1580 5204 1893 5278 frequentes
1930 5226 2018 5267 re-

442 5285 733 5354 petitiones
748 5286 961 5353 ﬁerent,
983 5304 1105 5357 qua:
1123 5290 1429 5361 legentibus
1451 5293 1728 5350 fastidium
1747 5310 2014 5357 crearent.

443 5375 622 5442 Hunc,
678 5378 927 5449 inquam,
979 5379 1158 5437 locum
1211 5384 1306 5453 qui
1361 5385 1522 5455 leget,
1587 5386 2017 5448 Nomocanonem

442 5478 605 5540 atque
637 5470 952 5544 Syntagma,
973 5488 1141 5529 unum
1173 5475 1303 5547 quid
1334 5492 1442 5531 non
1478 5479 1607 5545 duo,
1640 5497 1762 5539 esse
1784 5487 2015 5553 putabit.

443 5555 631 5626 Neque
684 5576 817 5616 sane
870 5577 1042 5631 nego,
1095 5581 1295 5622 nomen
1344 5565 1736 5638 Synlagmatis,
1779 5572 1848 5629 de
1902 5572 2015 5629 No-

445 5664 731 5709 mocanone
789 5672 1005 5727 quoque
1053 5661 1299 5729 potuisse
1345 5678 1373 5719 a
1422 5664 1619 5721 Photio
1645 5668 2011 5739 pronuntiari,

2118 4499 2313 4567 gmatis
2346 4505 2459 4551 tum
2493 4494 2922 4561 Nomocanonis;
2949 4498 3077 4565 quia
3103 4498 3203 4551 etsi
3229 4497 3280 4551 in
3318 4495 3691 4551 Nomocanonc

2118 4588 2349 4642 l'botius
2377 4588 2628 4643 breviare
2650 4586 2942 4657 Synlagma
2971 4588 3166 4658 potuit,
3194 4597 3466 4659 quatenus
3507 4589 3562 4643 id
3602 4589 3692 4642 fuit

2117 4680 2481 4747 canonicum;
2512 4689 2785 4748 quatenus
2812 4693 2994 4734 tamen
3017 4680 3202 4745 civile,
3231 4681 3566 4749 compendio
3590 4696 3686 4734 non

2118 4773 2434 4837 eratlocus,
2484 4773 2611 4842 quia
2661 4773 2934 4827 sententia
2981 4771 3158 4843 legum
3206 4773 3439 4841 proponi
3488 4774 3689 4827 arctius

2119 4881 2227 4920 non
2260 4875 2499 4935 poterat,
2534 4879 2699 4935 quam
2747 4865 2802 4918 in
2842 4863 3190 4935 Syntagmate
3234 4864 3443 4921 factum
3498 4864 3687 4921 fuerat.

2120 4957 2225 5012 Sed
2257 4966 2508 5028 superest
2543 4956 2936 5026 indagandum,
2977 4966 3156 5009 utrum
3195 4957 3337 5010 hanc
3383 4956 3567 5027 legum
3606 4960 3689 5011 de—

2118 5049 2485 5114 ﬁorationem,
2516 5065 2680 5119 quam
2704 5046 3039 5118 Syntagmati
3067 5049 3317 5112 attexuit,
3345 5064 3413 5104 ex
3441 5052 3689 5104 universo

2114 5139 2240 5208 jure
2271 5140 2572 5208 sumpserit
2605 5148 2817 5204 auctor,
2850 5152 2917 5191 an
2944 5152 3071 5193 vero
3109 5139 3211 5192 sibi
3248 5149 3410 5194 antea
3453 5138 3687 5211 Synago-

2120 5247 2234 5301 gem
2276 5231 2451 5301 legum
2498 5230 2819 5296 confecerit,
2873 5231 3046 5287 instar
3077 5231 3195 5300 ejus
3226 5247 3393 5301 quam
3425 5248 3494 5287 ex
3532 5248 3687 5304 syno-

2120 5326 2313 5378 dorum
2346 5326 2685 5394 Patrumquc
2717 5324 2880 5379 tomis
2911 5325 2981 5379 ab
3012 5338 3078 5379 eo
3120 5332 3503 5380 coacervatam
3551 5334 3686 5380 retro

2120 5414 2378 5469 diximus.
2410 5413 2540 5467 Mihi
2573 5415 2718 5468 enim
2756 5414 2912 5468 valde
2935 5413 3208 5484 persuasi,
3239 5412 3586 5485 Synagogem
3629 5413 3684 5466 il-

2120 5502 2226 5556 lam
2269 5503 2541 5573 regiarum
2574 5503 2777 5573 legum,
2813 5518 2903 5557 res
2936 5502 3338 5557 ecclesiasticas
3370 5504 3682 5572 plerumque

2120 5593 2504 5661 spectantium,
2530 5606 2653 5661 quae
2683 5593 2735 5645 in
2761 5591 2951 5646 codice
2967 5592 3229 5645 Vaticano
3256 5603 3372 5659 post
3402 5590 3680 5660 Synlagma

2120 5678 2340 5750 legitur,
2371 5694 2399 5734 a
2432 5678 2627 5735 Photio
2658 5679 2827 5736 fuisse
2870 5678 3175 5744 collectam,
3205 5678 3296 5745 qui
3332 5686 3521 5749 postea
3569 5676 3678 5730 hinc
