3886 6240
401 217 506 279 439

1558 225 1818 285 ΡΙΙΟἾἹΙ
1863 227 2364 292 ΡΑΤΗΙΑΒΟΗΕ
2398 235 2510 292 CP.

3573 239 3678 302 440

401 331 590 401 Neque
632 331 866 385 alienum
907 347 993 385 me
1033 332 1084 387 id
1135 331 1319 387 facere
1366 342 1500 402 pulo
1540 335 1593 388 in
1637 336 1740 390 hoc
1783 338 1982 405 praevio
2011 344 2063 405 Α
2163 340 2229 395 1η
2252 344 2495 399 civilibus
2535 355 2712 401 autem
2738 346 2959 418 legibus,
2996 365 3296 421 quanquam
3326 369 3434 408 non
3476 358 3546 407 ad
3590 360 3679 410 ha-

403 438 659 479 sermone
698 424 765 477 ad
794 422 970 477 Pllotii
999 438 1160 491 opus,
1197 423 1290 478 ubi
1319 430 1470 478 tanta
1512 423 1691 495 legum
1725 426 1971 481 civilium

403 514 471 568 ad
512 529 753 569 canones
790 515 1033 569 accessio
1067 514 1142 569 lit.
1196 512 1287 569 Sic
1331 530 1459 585 ergo
1506 515 1645 571 liber
1687 517 1985 587 synodicus

406 605 441 657 Γ.
482 605 584 659 102
608 619 758 673 seqq.
793 620 805 657 :
856 604 948 656 Ἐκ
980 604 1033 656 δὲ
1063 603 1172 657 τῶν
1219 604 1515 658 πολιτικῶν
1555 605 1775 676 νόμων,
1814 609 1863 659 εί
1892 608 1987 661 καὶ

407 698 481 768 μὴ
510 696 587 767 τῷ
616 694 841 749 ἐκείνων
893 694 1045 765 ζυγῷ
1077 695 1146 750 τὰ
1189 697 1629 765 ὲκκλησιαστικὰ
1671 697 1989 752 ταλαντεύε-

402 805 513 853 ται,
538 790 688 859 ὅμως
720 788 858 857 πρὸς
887 788 1185 858 σαφήνειαν
1199 789 1305 841 τῶν
1325 788 1508 860 ἱερῶν,
1547 790 1597 843 εί
1628 790 1799 858 δοκεῖ,
1833 788 1987 844 κανό-

406 897 509 933 νων
542 880 611 933 τὰ
637 880 770 949 περὶ
802 880 903 949 τῆς
932 880 1117 950 ψήφου
1150 880 1429 952 θεωρῆσαι
1458 881 1557 933 οὐκ
1584 881 1834 953 ἄκαιρον⁸
1872 882 1986 951 ἔχει

404 971 459 1023 δὲ
483 972 512 1023 ὁ
548 973 676 1042 περὶ
710 972 916 1042 ταύτης
943 972 1105 1042 νόμος
1130 972 1334 1036 οὐτωςν
1375 992 1393 1025 ι
1423 974 1488 1027 Εἰ
1522 974 1579 1026 δὲ
1608 976 1655 1027 οἱ
1681 974 1986 1044 ὀφείλοντες

413 1084 428 1115 ι
473 1065 540 1118 τὰ
591 1065 921 1138 ψηφίσματα
966 1068 1158 1133 ποιεῖν,
1199 1067 1348 1130 ἐντὸς
1389 1067 1575 1138 μηνῶν
1614 1068 1673 1132 ἒξ
1724 1068 1799 1138 μὴ
1829 1069 1986 1137 ποιή-

413 1175 430 1205 s
474 1173 649 1223 σουσι,
712 1156 1017 1226 τηνικαῦτα
1069 1159 1146 1226 τῷ
1194 1158 1425 1227 κινδύνῳ
1482 1159 1582 1227 τῆς
1641 1159 1776 1222 ἰδίας
1807 1158 1985 1230 ψυχῆς

414 1272 431 1302 ι
478 1246 747 1321 ἐκεῖνοςξῷ
772 1254 1000 1323 ἁρμόζει
1023 1253 1115 1306 τὸν
1140 1255 1437 1308 ἐπίσκοπον
1452 1256 1826 1326 χειροτονείτω
1841 1255 1933 1326 (c).
1961 1275 1980 1308 ι

408 1343 593 1413 Σαφὴς
627 1346 655 1396 ὁ
686 1344 844 1412 λόγος
867 1361 880 1375 ·
921 1345 1070 1399 ἄλλοι
1099 1346 1208 1416 γάρ
1232 1348 1370 1399 εἰσιν
1393 1346 1444 1398 οί
1472 1344 1858 1415 ψηφιζόμενοι,
1892 1346 1985 1398 καὶ

407 1436 594 1505 ἕτερος
626 1439 652 1489 ὁ
686 1438 1030 1505 χειροτονῶν.
1077 1436 1237 1490 Ἀλλά
1260 1436 1419 1490 τοῦτο
1453 1436 1542 1489 διὰ
1576 1436 1800 1499 λαῖκοὺς
1828 1437 1983 1507 εἰρῆ-

409 1526 533 1579 σθαι
577 1528 757 1579 δοκεῖ’
800 1529 1035 1591 ἐκείνοις
1072 1529 1180 1598 γὰρ
1208 1530 1236 1580 ὁ
1267 1529 1430 1597 νόμος
1483 1527 1582 1589 τὰς
1626 1528 1839 1597 ψήφους
1882 1529 1987 1581 ἀπ-

2091 446 2209 484 rum
2239 432 2443 488 lancem
2476 436 2852 492 ecclesiastica:
2886 454 2966 493 res
2998 438 3290 510 librantur,
3327 444 3679 503 nihilominus

2087 522 2155 573 ad
2187 522 2538 581 illustrandos
2570 528 2618 580 si
2647 528 2819 596 placet
2851 548 3096 596 canones,
3129 550 3191 587 ea
3224 550 3344 603 qua:
3382 537 3450 589 de
3482 539 3680 605 suffra-

2083 612 2184 681 giis
2217 613 2325 666 sive
2352 615 2602 670 electione
2617 617 2889 682 dicuntur,
2910 623 3248 677 considerare
3266 634 3468 678 nonest
3490 628 3679 680 intem-

2084 702 2357 768 pestivum.
2399 702 2491 757 Sic
2530 722 2650 774 ergo
2683 708 2749 761 de
2794 709 3054 764 electione
3098 713 3183 766 lex
3210 728 3228 765 :
3274 733 3290 764 ι
3333 714 3490 779 Quod
3533 719 3583 770 si
3622 721 3677 783 ii,

2086 791 2176 860 qui
2203 792 2469 863 suffragia
2491 798 2733 867 conferre
2772 800 2981 865 debent,
3022 802 3165 856 intra
3194 816 3448 879 semestre
3478 816 3677 874 tempus

2088 881 2145 934 id
2182 884 2403 940 minime
2429 886 2673 956 fecerint,
2721 901 2845 945 tunc
2877 895 3073 949 anian
3105 912 3214 949 sua:
3234 899 3500 967 periculo,
3528 900 3576 953 is
3613 904 3677 953 ad

2087 987 2237 1041 quem
2262 977 2510 1042 pertinet,
2548 980 2848 1047 episcopum
2905 983 3133 1035 ordinet.
3178 1002 3196 1034 ι
3226 984 3529 1053 Perspicua
3565 1004 3678 1040 sen-

2092 1065 2258 1117 tentia
2283 1076 2360 1120 est
2393 1083 2411 1120 :
2443 1070 2635 1121 etenim
2662 1071 2760 1122 alii
2790 1082 2912 1123 sunt
2943 1074 3035 1141 qui
3077 1075 3343 1144 suffragia
3376 1077 3671 1145 conferunt,

2090 1153 2230 1206 alius
2253 1156 2343 1223 qui
2370 1157 2604 1212 ordinat.
2652 1158 2841 1212 Verum
2877 1162 2991 1215 ltth
3020 1164 3085 1217 de
3118 1165 3275 1220 laicis
3307 1167 3460 1219 dicta
3499 1170 3672 1220 viden-

2092 1252 2213 1309 tur;
2241 1261 2462 1315 namque
2489 1246 2570 1301 his
2598 1248 2699 1315 lex,
2745 1260 2934 1305 contra
2962 1270 3227 1308 canonum
3276 1259 3671 1323 auctoritatem,

2089 1333 2349 1403 su/fragia
2376 1341 2629 1403 permittit
2662 1356 2680 1395 :
2712 1357 2829 1410 qua:
2878 1360 2959 1397 res
2999 1355 3172 1399 tamen
3211 1347 3529 1416 ﬁrmitatem
3561 1353 3671 1404 nul-

2089 1424 2198 1476 lam
2246 1425 2497 1493 obtinuit,
2540 1431 2632 1483 sed
2683 1432 2736 1484 in
2772 1435 2983 1501 scriptis
3038 1438 3209 1489 otiosa
3238 1437 3430 1506 jacet:
3460 1440 3667 1508 frustra

2088 1517 2226 1569 enim
2269 1518 2548 1573 clamitant
2591 1522 2747 1592 leges,
2800 1541 3077 1595 propterea
3130 1532 3267 1597 quod
3305 1530 3500 1584 Patres
3528 1550 3673 1587 man-

409 1618 656 1679 εναντξας
687 1618 794 1670 τῶν
824 1618 1064 1671 κανόνων
1087 1618 1393 1687 ἐπιτρέπει’
1416 1619 1550 1688 ὅπερ
1568 1618 1825 1671 οὐδέποτε
1858 1637 1988 1690 κρα-

2101 1606 2218 1659 iata
2264 1608 2588 1676 hujusmodi,
2618 1622 2871 1683 tanquam
2904 1617 3078 1671 aliena
3123 1630 3171 1672 et
3202 1619 3443 1687 obtrusa,
3474 1639 3540 1675 ex.
3569 1622 3671 1676 Ec-

407 1708 578 1778 τῆσαν
629 1711 899 1778 φαίνεται,
956 1711 1159 1763 ἀλλ’ὲν
1227 1712 1521 1781 γράμμασι
1565 1712 1726 1781 μόνον
1788 1715 1983 1771 κεῖται,

410 1799 670 1869 ἄπρακτα
716 1801 1067 1871 κεκραγότων
1103 1802 1302 1864 αὐτῶν,
1332 1802 1421 1855 διὰ
1446 1803 1507 1854 τὸ
1540 1803 1689 1875 παρὰ
1727 1802 1834 1855 τῶν
1879 1806 1987 1857 Πα-

410 1892 582 1963 τέρων
634 1894 741 1946 ἀπὸ
775 1894 876 1964 τῆς
905 1894 1231 1964 Ἐκκλησίας
1272 1896 1379 1957 ἀεὶ,
1425 1896 1501 1957 ὡς
1554 1895 1682 1949 ἄλλο
1737 1894 1902 1948 ames
1934 1913 1985 1948 τι

414 1980 795 2047 ἐξελαύνεσθαι
834 1984 895 2037 τὸ
933 1984 1172 2037 τοιοῦτον
1204 1985 1487 2053 ἐπίταγμα
1510 2002 1523 2015 ·
1555 1986 1707 2039 οὐδὲν
1736 1987 1845 2056 γὰρ
1878 2003 1991 2038 κοι-

415 2074 505 2125 νὸν
543 2073 815 2143 πνεύματι
852 2078 947 2129 καὶ
978 2077 1245 2147 μαχαίρᾳ.
1277 2078 1339 2129 Ei
1367 2078 1425 2131 δὲ
1458 2077 1711 2147 καὶπερὶ
1741 2079 1849 2131 τῶν
1868 2079 1989 2129 ὲπι-

416 2166 637 2219 σκόπων
687 2167 856 2237 λέγει,
900 2169 1016 2222 ἀλλ’
1046 2169 1198 2222 οὐδὲν
1237 2168 1327 2222 διὰ
1372 2169 1533 2223 τοῦτο
1589 2174 1653 2241 τῇ
1693 2169 1992 2240 Ἐκκλησία

418 2257 704 2327 πρόκριμα
725 2273 739 2287 ·
781 2255 1044 2310 ἀδύνατον
1088 2256 1197 2329 γὰρ
1236 2257 1359 2328 δίχα
1382 2257 1735 2328 ψηφίσματος
1764 2261 1992 2311 ἐπισκο-

418 2348 579 2402 πικοῦ
617 2350 949 2419 χειροτονίαν
965 2351 1233 2420 προϐῆναι
1255 2366 1268 2379 ’
1297 2348 1435 2413 τέως
1461 2350 1517 2403 δὲ
1546 2350 1705 2403 τοῦτο
1738 2350 1867 2422 περὶ
1884 2352 1993 2405 τῶν

418 2440 711 2493 πολιτικῶν
743 2440 942 2510 νόμων.
980 2441 1041 2494 Εἰ
1077 2442 1183 2511 γὰρ
1208 2440 1327 2503 ἑνὸς
1362 2442 1664 2494 ἐπισκόπου
1692 2443 1722 2512 ἢ
1752 2444 1991 2513 πρεσϐυ-

417 2533 579 2604 τέρου
631 2534 663 2604 ἢ
694 2534 943 2586 διακόνου
977 2534 1154 2604 ψῆφον
1185 2535 1286 2588 οὐκ
1314 2535 1602 2606 ἀνέχονται
1631 2536 1682 2589 οί
1719 2535 1852 2589 θεῖοι
1885 2538 1995 2588 [Ια-

417 2625 573 2694 τέρες
593 2625 746 2694 παρὰ
772 2624 978 2680 λαῖκῶν
1010 2625 1300 2697 προϐῆναι,
1336 2627 1451 2690 πῶς
1486 2627 1998 2696 ὐποστήσονταιαύ-

416 2717 512 2788 τὴν
540 2718 756 2788 ἐκείνην
792 2718 892 2789 τὴν
936 2719 1033 2783 τὰς
1073 2718 1286 2789 ψήφους
1329 2720 1422 2773 καὶ
1470 2720 1801 2789 χειροτονίας
1850 2720 1998 2783 ὅπως

418 2809 724 2877 ὀφείλουσιν
738 2810 983 2878 γίνεσθαι
1007 2810 1331 2879 νομοθεσίαν
1360 2812 1450 2862 καὶ
1472 2810 1821 2864 διδασκαλίαν
1844 2812 1997 2879 παρὰ

2089 1700 2252 1752 clesia
2289 1702 2616 1767 repulerunt.
2642 1706 2759 1759 Non
2792 1710 2929 1762 enim
2960 1712 3249 1780 quidquam
3279 1731 3554 1769 commune
3581 1716 3671 1768 ha-

2089 1790 2207 1843 bent
2259 1794 2479 1857 spiritus
2508 1805 2558 1849 et
2602 1797 2833 1865 gladius.
2870 1801 3021 1866 Quod
3055 1804 3101 1855 si
3143 1804 3281 1872 forte
3327 1806 3393 1860 de
3421 1808 3668 1874 episcopis

2089 1882 2326 1953 loquitur
2352 1888 2457 1950 lex,
2489 1888 2696 1941 nullum
2725 1890 2846 1945 hinc
2881 1896 3251 1963 prwjudicium
3272 1908 3461 1951 contra
3501 1898 3670 1953 Eccleo

2090 1975 2226 2027 siam
2255 1977 2539 2043 conﬂatur,
2575 1986 2997 2053 quandoquidem
3020 1988 3129 2040 sine
3154 1990 3445 2056 episcopali
3478 1992 3669 2059 suﬂ'ra-

2090 2065 2175 2133 gio
2205 2066 2472 2119 ordinatio
2497 2068 2653 2121 nulla
2681 2076 2980 2142 peragitur.
3010 2074 3112 2128 Sed
3160 2078 3415 2131 hactenus
3446 2084 3511 2132 de
3543 2082 3666 2133 cici-

2094 2154 2229 2208 libus
2254 2154 2475 2225 legibus.
2508 2156 2652 2210 Nam
2684 2162 2732 2213 si
2762 2162 2838 2215 vel
2870 2165 3030 2217 unius
3060 2167 3308 2235 episcopi,
3342 2180 3436 2220 aut
3462 2170 3668 2239 presby-

2095 2253 2193 2304 teri
2234 2263 2324 2305 aut
2358 2254 2570 2307 diaconi
2612 2254 2913 2309 electionem
2949 2273 3051 2309 non
3088 2260 3370 2326 patiuntur
3420 2261 3604 2316 Patres
3639 2282 3667 2315 α

2097 2344 2249 2397 laicis
2276 2351 2575 2412 procedere,
2606 2348 2866 2416 quomodo
2896 2349 2950 2400 hi
2993 2347 3159 2418 legem
3199 2351 3274 2404 vel
3320 2355 3617 2407 doctrinam
3640 2374 3669 2407 a

2097 2433 2249 2490 laic'is
2279 2440 2503 2506 proponi
2544 2439 2856 2504 tolerarent,
2894 2456 3011 2510 qua:
3043 2442 3357 2497 electionum
3393 2455 3551 2515 atque
3586 2464 3666 2501 or-

2097 2528 2434 2581 dinationum
2460 2546 2700 2583 normam
2731 2533 3095 2601 praescriberet
3125 2534 3147 2587 ?
3184 2534 3243 2589 Si
3272 2538 3413 2590 enim
3443 2538 3541 2591 hoc
3562 2555 3667 2593 eve-

2099 2619 2252 2683 niret,
2277 2619 2390 2686 jam
2417 2636 2520 2674 non
2549 2622 2883 2689 spiritaliter,
2916 2627 3005 2678 sed
3031 2625 3337 2681 humanitus
3371 2645 3453 2682 res
3490 2630 3671 2685 divinat

2082 2711 2649 2778 'administrarentur;
2699 2716 2959 2784 siquidem
3007 2718 3194 2771 exinde
3230 2731 3339 2773 tum
3402 2721 3671 2775 electiones

2101 2810 2277 2849 omnes
2307 2805 2418 2849 tum
2438 2798 2797 2853 ordinationes
2821 2800 3071 2855 humanis
3096 2819 3197 2857 non
3224 2805 3419 2858 divinis
3439 2806 3671 2874 jussibus

420 2902 625 2954 λαῖκῶν
673 2902 1039 2971 ἐκτιθεμένων
1100 2900 1630 2969 παραδέξασθαι;Εἱ
1681 2901 1790 2970 γὰρ
1839 2902 1996 2955 τοῦτο

2102 2888 2308 2956 ﬁerent.
2350 2888 2435 2941 Ex
2467 2906 2567 2959 quo
2603 2890 2715 2944 alia
2749 2908 2951 2962 quoque
2984 2904 3330 2949 consectanea
3360 2898 3672 2952 deduceren-

420 2990 675 3061 δειχθείη,
705 2992 764 3044 οὐ
803 2991 1189 3061 πνευματικῶς
1228 2991 1464 3055 πάντως,
1495 2989 1611 3043 ἀλλ’
1649 2990 2003 3061 ἀνθρωπίνως

419 3082 488 3136 τὰ
516 3083 636 3135 θεῖα
676 3082 1104 3155 πραχθήσονται,
1134 3083 1242 3135 τῶν
1272 3082 1662 3153 ψηφιζομένων
1702 3084 1797 3135 καὶ
1826 3100 2005 3154 χειρο-

420 3174 763 3245 τονουμένων
821 3176 885 3228 ὲκ
938 3175 1057 3229 τότε
1107 3176 1324 3229 πάντων
1377 3175 1749 3245 ἀνθρωπίνοις
1806 3176 1902 3230 καὶ
1943 3176 2002 3229 οὐ

423 3270 587 3332 θείοις
625 3268 925 3339 ὲντάλμασι
978 3267 1349 3338 τελουμένωνο
1411 3268 1468 3332 ἐξ
1517 3262 1577 3322 οὗ
1636 3268 1729 3320 καὶ
1782 3268 1909 3322 ἄλλο
1952 3286 2003 3320 τι

425 3358 782 3429 συμϐήσεται.
823 3357 942 3409 Τῶν
990 3358 1098 3426 γὰρ
1149 3356 1621 3426 μεταγενεστέρων
1690 3356 1821 3420 ἴσως
1880 3357 2006 3409 δυσ-

424 3449 838 3519 αρεστουμένων
865 3448 958 3501 ἐπὶ
978 3450 1089 3510 τοῖς
1118 3448 1245 3517 περὶ
1268 3446 1736 3515 ὲκκλησιαστικῶν
1762 3464 2006 3517 γεγραμ-

430 3542 634 3609 μένοις,
666 3540 781 3592 εῖτε
838 3540 923 3592 διὰ
968 3539 1299 3607 φιλοτιμίαν,
1346 3538 1507 3607 τυχὸν
1533 3537 1589 3590 δὲ
1626 3540 1720 3591 καὶ
1749 3538 1836 3591 διὰ
1866 3537 2002 3606 γνώ-

430 3650 535 3701 μην
563 3632 665 3684 οὐκ
692 3632 885 3701 εὐαγῆ,
916 3631 1176 3684 θελόντων
1200 3631 1369 3700 φῦραι
1397 3630 1491 3683 καὶ
1524 3630 1755 3701 συγχέαι
1781 3631 1848 3684 τὰ
1874 3633 2003 3701 περὶ

425 3725 526 3793 τῆς
577 3723 815 3784 πίστεως
846 3722 1001 3792 ἡμῶν
1060 3722 1180 3775 θεῖα
1228 3720 1560 3790 διδάγματα,
1618 3721 2005 3791 λαμϐανόντων

428 3814 685 3884 ἀφορμὴν
714 3814 780 3865 ὲκ
820 3812 914 3865 τοῦ
956 3812 1165 3883 γράψαι
1203 3812 1357 3875 τινας
1384 3811 1495 3865 τῶν
1527 3812 1631 3882 πρὸ
1658 3813 1837 3866 αὐτῶν
1876 3814 2005 3883 περὶ

426 3905 653 3970 τούτων,
681 3905 1100 3975 νομοθετήσουσι
1131 3905 1225 3957 καὶ
1256 3904 1410 3957 αὐτοὶ⁹
1437 3903 1554 3966 πῶς
1594 3904 1695 3973 μὲν
1719 3905 1923 3972 ὀφείλει
1945 3904 2006 3956 τὸ

434 3999 719 4067 βάπτισμα
757 3997 1028 4066 γίνεσθαι,
1063 3997 1138 4059 ὡς
1162 3997 1263 4049 οὐκ
1290 3994 1535 4066 ἀρεστῶς
1563 3996 1747 4058 αὐτοῖς
1772 3996 1896 4067 ἄρτι
1922 4013 2005 4049 τε-

432 4089 695 4160 λουμένου
718 4104 730 4117 ’
766 4090 882 4151 πῶς
911 4088 965 4140 δὲ
1004 4089 1037 4158 ἡ
1068 4087 1166 4157 τῆς
1198 4086 1345 4149 θείας
1374 4086 1763 4157 μυσταγωγίας
1802 4089 2007 4157 ἱερουρ-

431 4183 523 4248 γία
574 4180 1086 4251 ἐπιτελεσθήσεται·
1153 4180 1246 4232 καὶ
1280 4177 1439 4240 ἄλλος
1498 4178 1628 4248 περὶ
1683 4178 1865 4241 ἄλλου,
1910 4178 2006 4231 καὶ

434 4273 633 4335 πάντες
686 4271 819 4343 περὶ
883 4271 1102 4324 πάντων
1127 4287 1140 4300 ’
1191 4269 1252 4321 οὐ
1288 4270 1397 4338 γὰρ
1429 4269 1689 4336 στήσεται
1726 4268 1787 4321 τὸ
1817 4268 2007 4335 κακὸν,

433 4366 607 4432 ἀρχῆς
633 4362 881 4431 δοθείσης
920 4361 1147 4424 ἀτόπου,
1183 4358 1375 4429 μέχρις
1407 4357 1473 4411 ἂν
1521 4358 1845 4428 ὑπορύττειν
1869 4359 2013 4425 ,αὐτὸ

431 4454 493 4505 τὸ
536 4453 635 4522 τῆς
658 4452 886 4523 Τριάδος
911 4453 1006 4505 καὶ
1055 4449 1503 4520 παραχαράττειν
1542 4449 1876 4520 τολμήσουσι
1915 4450 2013 4519 τῆς

412 4543 720 4605 εὐσεϐείας
754 4544 1053 4613 μυστήριον
1075 4556 1088 4571 °
1144 4540 1260 4593 ἀνθ’
1292 4534 1367 4594 ὧν
1402 4541 1490 4593 ἵνα
1533 4542 1609 4611 μὴ
1652 4541 1825 4595 ταῦτα
1853 4543 2014 4614 γένη-

433 4652 544 4700 ται,
573 4633 747 4695 οὐδείς
794 4650 897 4686 που
935 4633 1100 4702 νόμος
1144 4631 1420 4694 πολιτικὸς
1460 4632 1713 4701 οὐδαμῶς
1750 4632 2012 4687 οὐδέποτε

436 4724 529 4778 τοῦ
577 4723 897 4795 Πνεύματος
946 4723 1328 4794 περιεγένετο·
1379 4723 1499 4777 ἀλλ’
1526 4723 1717 4793 ὥσπερ
1744 4724 1812 4778 τὰ
1840 4726 2013 4796 νεκρὰ

439 4814 853 4884 κυοφορούμενα
882 4814 1080 4886 βρέφη,
1111 4814 1299 4876 αὐταῖς
1333 4813 1731 4883 ἐναποθνήσκει
1761 4817 1880 4878 ταῖς
1912 4816 2015 4886 μή-

435 4906 810 4977 τραις,οὐτως
833 4909 925 4961 καὶ
984 4906 1091 4959 τῶν
1146 4905 1439 4959 πολιτικῶν
1487 4905 1668 4974 νόμων
1725 4906 1839 4957 ὅσοι
1904 4909 2015 4969 τοῖς

438 4998 532 5052 τοῦ
566 4998 886 5069 Πνεύματος
918 4997 1390 5066 ἁντιφθέγγονται,
1423 4998 1603 5066 νεκροὶ
1634 4995 1726 5049 καὶ
1753 4996 2013 5050 ἀνεὸιαῖοι

437 5088 664 5143 αὐτόθεν
684 5088 744 5155 ὲξ
775 5088 943 5158 αὐτῆς
977 5087 1148 5159 ἀρχῆς
1178 5087 1522 5157 ἐκφέρονται.

2110 2991 2197 3035 tur
2225 2995 2243 3033 :
2273 2981 2502 3050 fortasse
2539 2985 2676 3038 enim
2709 2987 2907 3055 posteri
2936 2989 3103 3040 nostri
3149 3004 3285 3059 aegre
3337 2990 3568 3058 ferentes
3619 3007 3671 3045 ea

2106 3089 2224 3142 qua:
2250 3075 2305 3126 in
2326 3074 2450 3143 jure
2475 3075 2830 3130 ecclesiastico
2859 3079 3060 3147 scripta
3082 3090 3227 3146 sunt,
3248 3081 3356 3135 sive
3392 3083 3671 3136 ambitione

2107 3162 2305 3229 inflati,
2348 3166 2456 3217 sive
2502 3165 2664 3218 etiam
2707 3166 2768 3219 ob
2817 3170 3007 3221 utentis
3053 3169 3291 3238 aliquam
3338 3174 3673 3239 pravitatem,

2106 3254 2419 3321 perturbare
2444 3264 2493 3309 et
2545 3257 2868 3325 confundere
2907 3260 3111 3314 divinos
3138 3262 3261 3328 ﬁdei
3316 3275 3514 3318 nostra:
3558 3264 3678 3318 arti-

2109 3345 2256 3398 culos
2292 3346 2500 3410 volent;
2559 3358 2932 3419 captantesque
2982 3367 3168 3405 ansam
3211 3369 3276 3406 ex
3313 3354 3381 3409 iis
3431 3357 3527 3426 qui
3572 3368 3678 3412 ante

2110 3437 2251 3505 ipsos
2300 3439 2648 3507 scripserunt,
2688 3441 2824 3510 leges
2880 3453 2930 3496 et
2986 3444 3090 3511 ipsi
3122 3454 3384 3512 statuent,
3428 3452 3676 3518 quomodo

2112 3527 2373 3595 baptisma
2412 3530 2784 3584 administrari
2832 3532 3035 3597 debeat,
3080 3551 3171 3587 ceu
3212 3537 3259 3589 si
3308 3540 3524 3594 minime
3560 3542 3678 3609 ipsis

2108 3622 2335 3689 placeret
2381 3624 2520 3691 quod
2567 3626 2818 3677 hactenus
2866 3636 2945 3679 est
2989 3627 3299 3696 factitatum
3344 3645 3363 3684 :
3412 3632 3543 3687 item
3589 3650 3678 3703 quo

2110 3711 2217 3763 ritu
2248 3727 2418 3764 sacra:
2462 3713 2639 3766 missa:
2683 3713 2957 3785 liturgiam
2983 3719 3166 3786 perlici
3201 3732 3485 3788 oporteat;
3517 3725 3679 3793 sicque

2108 3801 2250 3855 alius
2282 3801 2390 3855 alia
2418 3805 2799 3872 prazscriberet,
2857 3811 3133 3881 cunctique
3170 3813 3233 3867 de
3278 3815 3528 3869 omnibus
3576 3828 3679 3871 sta-

2113 3903 2254 3947 tuere
2289 3894 2496 3948 vellent.
2534 3895 2718 3965 Neque
2766 3902 2906 3952 enim
2935 3902 3077 3956 ullus
3120 3914 3253 3959 esset
3300 3908 3434 3960 ntali
3465 3910 3609 3977 ﬁnis,
3642 3911 3681 3963 si

2110 3984 2207 4037 hoc
2240 3984 2529 4039 absurdum
2569 3988 2781 4041 initium
2805 3991 2974 4058 ﬁeret,
3020 3994 3184 4049 donec
3231 3998 3403 4066 ipsum
3438 4003 3681 4056 audacter

2110 4076 2430 4145 suffoderent
2480 4076 2758 4134 Trinitatis
2810 4087 3141 4152 mysterium,
3186 4098 3341 4157 atque
3398 4094 3680 4146 universam

2111 4169 2343 4223 delerent
2383 4170 2709 4240 religionem.
2743 4172 3095 4237 Quamobrem
3144 4196 3205 4233 ne
3260 4182 3395 4235 talia
3427 4187 3679 4251 eveniant,

2041 4266 2089 4325 ι)
2119 4261 2323 4315 nullam
2349 4264 2556 4331 uspiam
2594 4265 2704 4317 ullo
2741 4274 2971 4335 tempore
3015 4271 3220 4324 civilem
3263 4274 3428 4344 legem
3449 4277 3681 4330 domina-

2119 4353 2166 4405 ri
2219 4354 2434 4421 spiritui
2463 4370 2766 4409 concessum
2801 4358 2948 4426 fuit;
2976 4361 3066 4414 sed
3112 4363 3270 4417 veluti
3312 4370 3543 4421 emortui
3572 4388 3683 4423 con-

2115 4456 2291 4513 ceptus
2324 4445 2379 4499 in
2406 4447 2531 4515 ipsis
2561 4450 2970 4519 exstinguuntur
3016 4454 3203 4521 uteris,
3247 4458 3324 4509 sic
3370 4474 3683 4531 quaecunque

2113 4535 2288 4588 civiles
2316 4535 2450 4605 leges
2485 4538 2697 4605 spiritui
2726 4542 3116 4605 contradicunt;
3154 4561 3321 4600 cassae
3357 4548 3557 4601 viribus
3580 4550 3683 4621 jam

2116 4642 2277 4695 usque
2303 4628 2368 4680 ab
2400 4627 2599 4696 origine
2621 4638 2942 4699 mortumque
2969 4634 3272 4700 pariuntur.

2186 4714 2529 4772 Postremum
2583 4720 2851 4774 monitum
2893 4722 2958 4775 ad
3007 4723 3263 4779 lectorem
3322 4728 3416 4794 sit,
3462 4731 3599 4786 nihil
3637 4733 3682 4786 in

2115 4805 2291 4861 Photii
2325 4806 2674 4879 Syntagmate
2715 4827 2836 4867 esse
2864 4813 3300 4885 scllismaticum,
3338 4822 3473 4877 nihil
3523 4826 3683 4879 studio

2119 4898 2358 4968 partium
2405 4901 2648 4970 dictum;
2689 4902 2857 4972 prisci
2909 4904 3054 4959 enim
3100 4916 3487 4969 tantummodo
3518 4918 3683 4972 Eccle-

2117 4993 2215 5045 siae
2259 5006 2500 5048 canones
2533 4997 2883 5063 recitantur;
2926 5012 2995 5052 ne
3028 5002 3154 5069 quis
3208 5002 3348 5061 forte
3386 5007 3679 5079 imperitus,

2121 5085 2312 5139 aullito
2353 5086 2575 5143 nomine
2600 5088 2802 5158 Photii,
2844 5102 3063 5163 repente
3098 5095 3380 5165 pallescet.

1946 5269 2175 5327 NOTAE.

515 5422 583 5491 (ο)
612 5425 768 5496 Apud
798 5442 895 5483 nos
928 5426 982 5481 in
1016 5426 1383 5498 Syutagmate,
1428 5443 1477 5496 ρ.
1514 5427 1581 5481 49
1610 5443 1673 5480 ex
1720 5427 1975 5484 Novellis.
