3886 6240
246 203 349 265 ιιι

1179 209 1579 274 ΒΥΝὟΑὓΜΑ
1615 214 2085 277 CANONUM.-
2101 216 2252 281 TlT.
2295 216 2346 291 Ι,
2387 215 2545 277 CAP.
2588 217 2643 277 Ι.

3429 216 3537 283 442

248 355 3535 400 W

1547 538 2216 695 ΡΗΟΤΙΙ

730 824 1531 918 ΡΑΤΒΙΑΒΟΗᾹΞ
1609 822 1885 919 ΟΟΝΕ

1971 825 3072 925 .‘ANTINOPOLITANI

1027 1018 1355 1168 ‘SYN
1385 1053 1880 1171 TAGMA
1958 1056 2705 1174 CANONUM.

1600 1441 2005 1529 ΤΙΤΛΟΣ
2076 1436 2193 1529 Α’.

539 1615 701 1669 ΠΕΡΙ
730 1616 1127 1687 ΘΕΟΛΟΙΊΑΣ,
1149 1621 1270 1675 ΚΑΙ
1290 1621 1687 1679 ΟΡΘΟΔΟΞΟΥ
1710 1626 2021 1689 ΠΙΣΤΕΩΣ,
2050 1629 2173 1682 ΚΑΙ
2200 1627 2555 1692 ΚΑΝΟΝΩΝ,
2590 1628 2707 1682 ΚΑΙ
2736 1625 3223 1685 ΧΕΙΡΟΤΟΝΙΩΝ.

1549 1953 2079 2043 TITULUS
2153 1957 2237 2044 Ι.

495 2126 583 2179 DE
617 2126 1031 2197 THEOLOGIA,
1068 2130 1158 2185 ET
1188 2131 1345 2188 FIDE
1375 2132 1827 2202 ORTHODOXA,
1856 2134 1943 2189 ET
1973 2136 2366 2195 CANONIBUS
2425 2138 2664 2209 ATQUE
2690 2140 3302 2201 ORDINATIONIBUS.

331 2349 742 2403 ΚΕΦΛΛΑΙΟΝ
780 2353 1079 2408 ΠΡΩΤΟΝ.
1120 2385 1189 2394 —
1217 2356 1357 2424 Περὶ
1385 2359 1697 2429 θεολογίας
1752 2360 1851 2416 καὶ
1882 2416 1885 2423 ,

2030 2364 2073 2430 ι
2101 2360 2328 2417 CAPUT
2347 2359 2637 2417 PRIMUM.
2666 2392 2735 2404 —
2758 2362 2831 2416 De
2869 2362 3130 2435 theologia
3152 2373 3201 2419 et
3226 2365 3330 2434 ﬁde
3358 2366 3541 2423 ortho-

244 2439 585 2511 ὀρθοδόξου
606 2441 884 2508 πίστεως.

610 2534 1000 2589 Ἀποστόλων
1065 2538 1267 2591 κανὼν
1320 2539 1531 2608 μθ’,ν’.

328 2621 441 2691 μθ’.
463 2621 531 2675 Et
555 2641 638 2685 τις
665 2623 960 2688 ἐπίσκοπος
981 2625 1013 2697 ἢ
1050 2628 1440 2701 πρεσϐύτερος,
1466 2632 1607 2685 κατὰ
1635 2632 1734 2703 τὴν
1755 2634 1849 2688 τοῦ

244 2715 467 2783 Κυρίου
501 2713 765 2778 διάταξιν,
801 2715 875 2784 μὴ
904 2718 1153 2785 βαπτίσει
1189 2721 1267 2779 εἰς
1302 2721 1541 2791 Πατέρα,
1575 2725 1670 2779 καὶ
1690 2726 1842 2789 Υίὸν,

249 2808 353 2859 καὶ
380 2807 536 2873 ἆγιον
596 2806 843 2877 Πνεῦμα,
905 2808 1022 2861 ἀλλ’
1052 2810 1131 2873 είς
1183 2814 1332 2881 τρεῖς
1380 2815 1670 2885 ἀνάρχους,
1705 2817 1738 2888 ἢ
1770 2819 1850 2882 είς

248 2899 409 2966 τρεῖς
458 2898 638 2964 υἱοὺς,
711 2898 744 2969 ἢ
819 2900 899 2963 εἰς
956 2902 1104 2972 τρεῖς
1166 2903 1595 2975 παρακλήτους,
1662 2908 1852 2962 καθαι-

251 2989 482 3060 ρείσθω.

328 3080 401 3135 ν’.
439 3082 508 3134 Εἴ
556 3101 639 3146 τις
698 3082 1058 3157 ἐπίσκοποςῆ
1124 3088 1519 3161 πρεσϐύτερος,
1582 3091 1656 3162 μὴ
1723 3093 1853 3164 τρία

255 3174 617 3246 βαπτίσματα
648 3178 779 3246 μιᾶς
817 3179 1070 3247 μυήσεως
1112 3180 1437 3246 ὲπιτελέσει,
1493 3184 1608 3237 ἀλλ’
1652 3186 1711 3238 ἓν
1758 3186 1856 3256 βά-

253 3289 478 3341 πτισμα
510 3275 570 3325 τὸ
616 3276 696 3336 είς
740 3274 833 3327 τὸν
891 3274 1119 3328 θάνατον
1150 3276 1244 3329 τοῦ
1289 3276 1496 3344 Κυρίου
1550 3277 1850 3347 διδόμενον,

254 3362 636 3432 καθαιρείσθω
660 3380 674 3393 ο
710 3362 772 3414 οὐ
821 3363 930 3433 γὰρ
969 3359 1122 3417 εἶπεν
1160 3367 1190 3417 ὁ
1222 3364 1427 3435 Κύριος
1453 3407 1468 3431 ,
1506 3364 1601 3429 Εἰς
1629 3367 1721 3420 τὸν
1759 3368 1854 3422 θά-

254 3453 425 3505 νατὸν
456 3469 554 3520 μου
587 3452 905 3521 pumicati?
934 3454 1095 3519 ἀλλὰ,
1138 3455 1534 3522 Πορευθέντες
1556 3458 1853 3524 μαθητεύ-

260 3559 411 3596 σατε
435 3542 630 3595 πάντα
659 3544 731 3595 τὰ
763 3543 907 3611 ἔθνη
932 3585 947 3610 ,
982 3543 1379 3612 βαπτίζοντες
1413 3548 1637 3613 αὐτοὺς
1669 3552 1756 3615 εἰς
1784 3550 1852 3604 τὸ

259 3634 455 3702 ὄνομα
490 3633 614 3687 -τοῦ
663 3634 916 3702 Πατρός,
960 3635 1190 3690 καὶτοῦ
1228 3635 1384 3703 Υἱοῦ,
1416 3636 1512 3691 καὶ
1535 3639 1643 3693 τοῦ
1675 3640 1849 3709 ἁγίου

261 3726 638 3793 Πνεύματος.

339 3815 614 3869 Σηυνόδου
648 3816 1347 3883 Κωνσταντινουπόλεως
1377 3818 1582 3872 κανὼν
1606 3826 1659 3872 α’
1679 3861 1694 3887 ,
1715 3827 1779 3875 ε’.

333 3908 407 3961 α’.
437 3908 528 3978 Μὴ
559 3907 869 3963 ἀθετεῖσθαι
912 3909 1009 3978 τὴν
1054 3910 1236 3963 πίστιν
1262 3909 1372 3965 τῶν
1421 3912 1705 3983 Πατὲρων,
1746 3913 1853 3967 τῶν

258 4010 395 4075 τιη’,
420 4002 530 4057 τῶν
554 4004 612 4055 ὲν
640 4003 849 4074 Νικαίᾳ
879 4004 978 4073 τῆς
1016 4004 1271 4068 Βιθυνίας
1300 4005 1681 4073 συνελθόντων,
1718 4008 1855 4062 ἀλλὰ.

262 4097 453 4167 μένειν
488 4095 702 4164 ἐκείνην
728 4095 946 4164 κυρίαν,
996 4097 1090 4148 καὶ
1128 4095 1632 4165 ἀναθεματισθῆναι
1669 4102 1853 4154 πᾶσαν

259 4189 484 4258 αἵρεσιν
514 4204 529 4219 ο
586 4188 683 4240 καὶ
736 4186 1058 4255 ἰδικῶς,τὴν
1110 4187 1218 4239 τῶν
1250 4188 1622 4258 Εὐνομιανῶν,
1675 4192 1853 4245 εῖτουν

258 4280 582 4350 Ἀνομοίωνο
610 4280 704 4332 καὶ
733 4279 829 4350 τὴν
849 4279 956 4333 τῶν
973 4279 1480 4352 ’Δρειανῶν,εἰ’τουν
1493 4281 1848 4346 Εὑδοξιανῶψ

256 4373 361 4425 καὶ
395 4371 492 4442 τὴν
546 4371 655 4424 τῶν
697 4370 1031 4442 Ἦμιαρείων
1053 4412 1068 4435 ,
1102 4373 1280 4425 εῐτουν
1320 4373 1803 4443 Πιευματομάχων
1833 4389 1848 4404 ⁶

256 4467 361 4520 καὶ
375 4464 475 4534 τὴν
488 4464 597 4517 τῶν
615 4463 1011 4527 Σαῦελλιανῶν,
1035 4464 1129 4519 καὶ
1154 4464 1255 4534 τὴν
1271 4465 1379 4518 τῶν
1398 4465 1849 4536 Μαρκελλιανῶν,

256 4558 359 4611 καὶ
390 4557 493 4624 τὴν
524 4555 633 4611 τῶν
680 4556 1076 4622 Φωτεινιανῶν,
1122 4557 1218 4611 καὶ
1262 4555 1363 4628 τὴν
1412 4556 1521 4611 τῶν
1565 4556 1850 4611 Ἀπολινα-

257 4664 490 4719 ριανων.

332 4737 396 4791 ε’.
420 4737 556 4807 Περὶ
586 4736 679 4790 τοῦ
706 4737 873 4807 τόμου
902 4739 1009 4792 τῶν
1042 4739 1287 4793 Δυτικῶν
1309 4738 1406 4793 καὶ
1434 4739 1535 4809 τῆς
1558 4739 1852 4804 ὲνὲἋντιο-

254 4829 404 4900 χείᾳ,
436 4827 823 4897 ἀπεδεξάμεθα
852 4831 980 4893 τοὺς
1026 4830 1155 4900 μίαν
1186 4829 1583 4901 ὁμολογοῦντας
1616 4829 1851 4901 Πατρὺς,

254 4922 353 4974 καὶ
385 4918 542 4987 Υἱοῦ,
574 4920 670 4973 καὶ
695 4918 851 4988 ἁγίου
887 4918 1204 4990 Πνεύματος
1231 4919 1484 4989 θεότητα.

591 5029 865 5085 Συνόὸου
919 5029 1171 5098 Ἐφέσου
1212 5029 1414 5084 κανὼν
1445 5030 1509 5095 ζ’.

270 5192 277 5198 η
331 5121 398 5186 ζ’.
433 5121 653 5175 Τούτων
680 5120 862 5174 τοίνυν
914 5120 1394 5187 ἀναγνωσθέντων,
1418 5119 1619 5190 ὥρισεν
1649 5120 1682 5190 ἡ
1714 5119 1847 5189 ἁγία

1880 3794 1929 3854 Β

1960 2454 2120 2508 doma.

2303 2545 2687 2614 Apostolorum
2714 2563 2939 2600 canones
2967 2547 3055 2612 49,
3092 2548 3208 2608 50.,

2022 2635 2111 2690 49.
2146 2634 2259 2706 [48]
2294 2636 2350 2689 Si
2388 2635 2511 2704 quis
2545 2635 2842 2705 epis00pus
2892 2637 2975 2690 vel
3014 2638 3298 2708 presbyter
3340 2654 3403 2693 ex
3432 2638 3543 2695 Do-

1952 2726 2086 2781 mini
2114 2726 2458 2782 ordinatione
2489 2741 2596 2780 non
2616 2728 3049 2797 baptizaveritin
3078 2733 3301 2786 nomine
3333 2732 3537 2797 Patris,

1951 2828 2005 2875 et
2034 2818 2180 2885 Filii,
2211 2829 2265 2874 et
2292 2818 2531 2887 Spiritus
2554 2822 2752 2887 sancti,
2774 2823 2868 2877 sed
2899 2823 2952 2876 in
2979 2823 3142 2877 trium
3165 2825 3413 2894 principii
3443 2842 3542 2881 ex-

1954 2911 2212 2981 pertium,
2240 2912 2323 2965 vel
2354 2910 2518 2965 trium
2545 2912 2805 2978 ﬁliorum,
2826 2915 2908 2970 vel
2929 2915 3093 2970 trium
3117 2916 3542 2985 paracletorum,

1953 3000 2284 3069 deponatur.

2026 3090 2113 3143 50.
2145 3089 2257 3162 [49]
2285 3090 2341 3145 Si
2369 3092 2494 3161 quis
2524 3093 2822 3163 episcopus
2850 3095 2934 3148 vel
2973 3096 3280 3167 presbyter,
3312 3113 3421 3152 non
3440 3100 3543 3154 tria

1957 3183 2126 3239 unius
2186 3186 2435 3255 mysterii
2488 3185 2815 3254 baptismata
2861 3188 3180 3257 perfecerit,
3230 3190 3322 3245 sed
3373 3208 3543 3245 unum

1952 3279 2307 3349 baptismum,
2331 3278 2425 3347 qui
2452 3278 2613 3332 datur
2645 3279 2699 3332 in
2749 3290 2980 3334 mortem
3017 3280 3257 3348 Domini,
3299 3284 3539 3351 depona-

1955 3381 2063 3426 tur.
2102 3372 2223 3426 Non
2270 3373 2415 3426 enim
2453 3373 2590 3427 dixit
2632 3372 2896 3428 Dominus
2942 3393 2955 3429 :
2994 3375 3050 3428 ln
3084 3384 3317 3430 mortem
3364 3392 3543 3430 meam

1954 3466 2226 3535 baptizata
2268 3466 2430 3531 :sed,
2490 3466 2837 3521 Ambulantes
2890 3469 3069 3522 docete
3116 3485 3291 3521 omnes
3337 3477 3541 3537 gentes.

1954 3556 2284 3620 baptizantes
2310 3560 2448 3627 ipsos
2483 3560 2538 3612 in
2589 3560 2798 3613 nomine
2829 3558 3034 3626 Patris,
3066 3570 3114 3614 et
3144 3558 3303 3622 Filii,
3331 3570 3379 3613 et
3423 3557 3547 3627 Spi-

1955 3648 2091 3703 ritus
2120 3651 2292 3704 sancti
2328 3653 2369 3704 ³.

2107 3826 2339 3882 Concilii
2373 3825 2960 3896 Constantinopolitani
2997 3843 3222 3880 canones
3250 3826 3305 3889 l,
3342 3827 3399 3881 ες.

2028 3921 2080 3975 1.
2100 3920 2497 3974 Trecentorum
2526 3918 2716 3973 decem
2745 3928 2800 3974 et
2831 3929 2955 3974 octo
2979 3918 3203 3972 Patrum
3233 3919 3327 3985 qni
3354 3918 3546 3973 Nicaea:
3612 3949 3615 3953 -

1954 4017 2331 4064 convenerunt
2370 4010 2528 4062 Iidem
2576 4024 2686 4062 non
2738 4009 3015 4079 abrogari,
3075 4009 3171 4063 sed
3228 4009 3441 4062 ﬁrmam
3479 4024 3543 4063 ac

1955 4100 2206 4156 stabilem
2234 4116 2455 4154 manere
2484 4108 2760 4168 oportere,
2799 4110 2853 4154 et
2876 4114 3095 4151 omnem
3132 4100 3381 4154 haeresim
3412 4116 3546 4155 ana-

1957 4191 2323 4253 thematizari,
2398 4199 2451 4244 ct
2473 4189 2784 4257 specialiter
2848 4189 3318 4243 Ennomianorum
3355 4231 3369 4253 ,
3431 4190 3545 4243 sive

1954 4287 2363 4347 Anommorum,
2395 4292 2448 4335 et
2473 4283 2827 4346 Arianorum,
2851 4284 2901 4351 2
2930 4283 3045 4336 sive
3077 4280 3541 4344 Eudoxianornm,

1954 4384 2008 4429 et
2042 4373 2532 4435 Semiarianorum,
2588 4372 2703 4425 sive
2762 4369 3008 4441 Spiritus
3039 4372 3212 4426 sancti
3283 4374 3542 4426 adversa-

1955 4465 2187 4524 riorum,
2239 4470 2293 4516 et
2350 4461 2933 4528 Marcellianorum,et
2982 4462 3458 4527 Photinianorum,
3491 4470 3545 4513 ιιι

1954 4554 2505 4626 Apollinaristarum.

2023 4734 2077 4788 5.
2099 4734 2171 4789 De
2188 4733 2369 4787 libello
2399 4732 2474 4802 (1)
2504 4730 2960 4799 Occidentalium,
2984 4734 3145 4787 etiam
3173 4748 3269 4789 eos
3294 4732 3539 4802 suscepi-

1951 4842 2095 4892 mus,
2118 4828 2210 4896 qui
2242 4825 2548 4880 Antiochiae
2576 4841 2741 4878 unam
2774 4825 2974 4894 Patris,
3003 4834 3058 4880 et
3091 4824 3213 4879 Filii
3275 4835 3329 4881 et
3365 4824 3540 4894 Spiri-

1962 4930 2048 4975 tus
2071 4920 2247 4976 sancti
2269 4918 2525 4973 deitatem
2563 4918 2915 4972 conﬁtentur.

2359 5025 2583 5081 Concilii
2618 5026 2866 5093 Epltcsini
2894 5043 3061 5080 canon
3099 5026 3150 5079 7.

2025 5119 2076 5172 7.
2098 5118 2193 5174 liis
2210 5119 2375 5189 igitur
2394 5119 2671 5187 perlectis,
2694 5119 2884 5173 statuit
2906 5127 3091 5173 sancta
3118 5116 3379 5187 synodus.
3404 5114 3544 5167 alte-

258 5192 480 5276 σύνοδος
528 5212 726 5283 ἑτέραν
754 5210 943 5265 πίστιν
976 5211 1175 5283 μηδηνὶ
1224 5210 1429 5278 ἐξεῖναι
1470 5187 1885 5283 Ἵπροσφ-ἑρεινᾸ

1971 5226 2079 5266 ram
2112 5211 2274 5267 ﬁdem
2306 5209 2511 5265 nemini
2540 5208 2704 5266 licere
2730 5208 3000 5281 proferre,
3033 5216 3122 5261 aut
3157 5205 3525 5271 conscribere,

336 5390 350 5420 ¹
387 5385 578 5442 Matth.
609 5397 802 5450 xxv-In,
836 5383 924 5440 l9.

1784 5500 2021 5559 NOTAE.

330 5637 404 5710 (I)
440 5636 823 5695 Delinitionem
858 5636 1097 5707 intelligo
1122 5635 1243 5694 ﬁdei
1276 5634 1509 5694 Nicatna‘,
1544 5638 1611 5695 ab
1631 5637 1903 5710 episcopis
1929 5637 2116 5698 Occid.
2148 5637 2389 5696 Serdica:
2412 5637 2707 5703 ﬁrmatam,
2739 5641 2873 5689 teste
2906 5629 3262 5685 Balsamone.
