3886 6240
405 201 510 268 443

1570 206 1833 268 ΡΗΟΤΙΙ
1872 204 2381 273 ΡΑΤΒῙΑΒΟΗίΕ
2419 213 2525 275 CP.

3554 215 3649 277 Hi

406 335 503 380 aut
544 338 892 395 componere,
935 332 1128 395 praeter
1171 324 1449 380 definitam
1483 340 1513 381 a
1568 325 1777 381 sanctis
1802 324 1975 379 Patri—

2081 328 2247 395 ἧγουν
2267 328 2657 399 συγγράφεινῆ
2690 286 3020 396 σῦντιθέναι,
3038 330 3189 400 παρὰ
3213 330 3313 399 τὴν
3346 329 3654 399 ὁρισθεῖσαν

406 416 512 471 bus
565 416 658 483 qui
705 415 760 469 in
803 412 986 470 Nicaea
1024 428 1149 470 cum
1182 414 1385 485 Spiritu
1434 424 1626 472 sancto
1664 415 1981 488 congregati

407 507 644 561 fuerunt.

390 601 400 609 '
688 596 915 651 Concilii
955 597 1391 669 Carthaginensis
1428 614 1598 653 canon
1630 599 1684 653 2.

476 690 531 743 2.
568 690 639 742 De
657 688 917 745 Trinitate
942 693 1302 761 praedicanda,
1341 692 1658 747 universum
1690 690 1984 744 concilium

404 781 583 836 dixit:
628 782 735 838 Deo
766 784 1002 854 propitio
1028 824 1043 849 ,
1087 786 1202 855 pari
1239 785 1584 855 professione
1629 785 1762 840 ﬁdes
1811 786 1985 838 eccle-

403 874 622 929 siastica
642 915 656 939 ,
686 890 807 944 qua:
841 890 940 945 per
972 891 1073 931 nos
1098 877 1333 931 traditur
1377 877 1430 931 in
1464 876 1569 931 hoc
1595 886 1739 933 coetu
1780 876 1981 945 glorio-

403 979 466 1019 so
486 1003 505 1030 ,
536 965 794 1034 primitus
826 965 1135 1021 confitenda
1166 976 1282 1035 est;
1318 975 1449 1021 tunc
1476 967 1696 1021 demum
1737 968 1870 1020 ordo
1895 982 1985 1021 ec-

402 1057 745 1113 clesiasticus
784 1059 1124 1127 singulorum
1170 1074 1238 1113 ex
1284 1073 1557 1114 consensu
1604 1060 1850 1112 omnium
1897 1064 1983 1113 est

403 1150 793 1205 asservandus.
840 1150 921 1205 Ad
964 1152 1399 1207 corroborandas
1435 1161 1615 1206 autem
1654 1150 1881 1205 fratrum
1925 1162 1980 1208 et

403 1240 851 1310 coepiscoporum
882 1252 1196 1297 nostrorum
1233 1258 1409 1312 nuper
1433 1253 1803 1311 promotorum
1828 1258 1983 1297 men-

406 1339 526 1395 tes,
576 1345 640 1384 ea
671 1332 1022 1400 proponenda
1067 1340 1225 1396 sunt,
1276 1346 1399 1401 quze
1446 1347 1475 1385 a
1526 1330 1781 1386 Patribus
1830 1342 1981 1386 certa

404 1421 768 1490 dispositione
793 1423 1126 1492 accepimus,
1153 1432 1213 1477 ut
1241 1422 1528 1478 Trinitatis
1555 1460 1570 1484 .
1593 1438 1753 1491 quam
1777 1422 1981 1477 nostris

409 1513 463 1567 in
491 1514 746 1569 sensibus
773 1524 1145 1570 consecratam
1175 1516 1495 1581 retinemus,
1527 1516 1726 1581 Patris,
1758 1523 1811 1568 et
1834 1514 1977 1577 Filii,

409 1615 461 1659 et
502 1604 738 1675 Spiritus
766 1606 942 1662 sancti
981 1608 1244 1661 unitatem
1269 1646 1285 1670 ,
1334 1623 1456 1677 quae
1491 1607 1693 1661 nullam
1733 1607 1980 1662 noscitur

407 1696 605 1751 habere
630 1698 987 1753 differentiam
1010 1738 1025 1762 ,
1062 1698 1223 1753 sicuti
1254 1699 1578 1760 didicimus,
1632 1699 1702 1753 ita
1747 1700 1838 1753 Dei
1876 1715 1973 1766 po-

408 1787 563 1855 pulos
631 1788 992 1842 instruamus.
1065 1786 1195 1841 ltem
1253 1788 1322 1842 ab
1376 1788 1646 1842 universis
1700 1788 1974 1856 episcopis

410 1892 582 1944 nuper
605 1878 871 1946 promotis
902 1877 1105 1932 dictum
1145 1886 1229 1932 est
1260 1895 1273 1931 :
1319 1876 1486 1931 Plane
1515 1877 1595 1931 sic
1628 1876 1972 1944 accepimus,

406 1964 488 2017 sic
519 1972 765 2018 tenemus
793 2002 808 2027 ,
842 1966 921 2019 sic
943 1965 1235 2027 docemus,
1271 1964 1427 2018 tidem
1452 1964 1817 2034 evangelicam
1848 1977 1973 2018 cum

405 2061 585 2108 vestra
616 2052 862 2108 doctrina
892 2062 1201 2121 sequentes.

544 2254 769 2310 Concilii
817 2254 1121 2309 mcumenici
1166 2269 1217 2308 Vl
1264 2270 1486 2307 canones
1516 2254 1537 2306 Ι
1564 2293 1579 2317 ,
1609 2253 1674 2307 75
1694 2295 1709 2319 ,
1742 2252 1832 2308 81.

478 2347 527 2399 l.
561 2345 706 2400 Ordo
727 2355 809 2400 est
834 2347 1075 2415 optimus
1093 2344 1165 2407 ei,
1183 2345 1275 2414 qui
1291 2359 1506 2400 omnem
1532 2346 1832 2400 orationem
1850 2354 1902 2400 et
1921 2346 1974 2417 3

404 2453 518 2492 rem
547 2437 753 2506 incipit,
779 2445 832 2491 et
856 2453 886 2491 a
923 2436 1032 2491 Deo
1069 2437 1384 2506 incipere.et
1415 2438 1468 2491 in
1505 2437 1671 2492 Deum
1702 2439 1970 2504 desinere,

404 2536 466 2579 ut
485 2526 615 2581 dicit
640 2524 973 2596 Theologus.
1010 2525 1277 2592 Quocirca
1317 2540 1441 2582 cum
1470 2536 1525 2582 et
1563 2528 1735 2597 pietas
1763 2542 1793 2581 a
1818 2529 1975 2584 nobis

407 2809 466 2854 ut
498 2817 560 2855 ea
591 2817 757 2870 supra
789 2801 984 2855 cedros
1032 2800 1224 2855 Libani
1270 2802 1563 2857 extollatur
1597 2819 1610 2857 :
1647 2811 1701 2856 et
1718 2818 1862 2857 nunc
1889 2818 1978 2857 sa-

2089 419 2240 488 παρὰ
2288 420 2398 472 τῶν
2459 422 2629 488 ἀγίων
2697 422 2955 491 Πατέρων
3002 421 3110 474 τῶν
3164 423 3222 474 ὲν
3287 425 3357 493 τῇ
3410 423 3654 476 Νικαέων

2088 510 2461 580 συναχθέντων
2512 502 2611 565 σῦν
2636 512 2774 581 ἁγίῳ
2797 511 3096 580 Πνεύματι.

2332 602 2601 656 Συνόδου
2650 602 3065 671 Καρθαγέννης
3104 601 3305 654 κανὼν
3334 601 3417 666 β’.

2157 692 2223 762 β’.
2244 694 2381 763 Περὶ
2408 694 2739 762 κηρυκτὰις
2768 694 2879 762 τῆς
2903 695 3076 762 ἁγίας
3112 693 3371 761 Τριάδος,
3398 692 3655 761 σύμπασα

2082 786 2116 855 ἠ
2154 784 2371 848 σύνοδος
2393 780 2568 838 εἶπεν
2602 785 2859 848 Θέλοντος
2896 784 2990 837 τοῦ
3036 783 3192 849 Θεοῦ,
3223 786 3310 855 ἴσῃ
3341 784 3656 853 ὁμολογίαη

2084 876 2513 947 ὲκκλησιαστικὴ
2561 876 2742 937 πίστις
2795 877 2829 947 ἡ
2862 875 2931 929 δι’
2957 873 3116 947 ἡμῶν
3161 875 3572 945 παραδιδομένη
3603 876 3657 926 έν

2081 969 2254 1039 ταύτῃ
2285 971 2350 1039 τῇ
2375 967 2568 1035 ἐνδόξῳ
2588 967 2897 1019 συνελεύσει
2920 965 3291 1037 πρωτοτύπως
3322 966 3657 1037 ὁμολογητέα

2082 1053 2220 1108 ἐστί.
2282 1056 2626 1117 Βεϐαιωτέας
2690 1054 2747 1108 δὲ
2808 1054 2907 1118 τὰς
2952 1054 3061 1106 τῶν
3090 1053 3337 1122 ἀδελφῶν
3392 1056 3493 1108 καὶ
3543 1073 3661 1107 συν-

2082 1146 2395 1199 επισκόπων
2417 1147 2596 1215 ἡμῶν.
2622 1146 2729 1198 τῶν
2759 1145 2986 1215 ἔναγχος
3018 1146 3509 1217 χειροτονηθέντων
3548 1148 3659 1200 δια-

2082 1237 2229 1299 νοίας
2261 1254 2275 1267 ·
2310 1237 2482 1290 ταῦτα
2505 1238 2585 1289 δεῖ
2610 1236 2930 1306 προσθεῖναι
2959 1236 2995 1290 ἀ
3030 1237 3180 1307 παρὰ
3231 1237 3341 1290 τῶν
3398 1239 3659 1307 Πατέρων

2083 1328 2278 1399 βεϐαίᾳ
2303 1328 2634 1382 διατυπώσει
2670 1327 3076 1398 παρελάϐομεν,
3113 1327 3252 1380 ὥστε
3275 1329 3375 1394 τῆς
3404 1328 3655 1397 Τριάδος,

2080 1419 2322 1473 τουτέστι
2370 1419 2464 1472 τοῦ
2510 1420 2745 1490 Πατρδς,
2795 1419 2892 1471 καὶ
2928 1419 3023 1472 τοῦ
3061 1418 3214 1484 Υίοῦ,
3245 1418 3339 1472 καὶ
3371 1418 3470 1472 τοῦ
3507 1420 3656 1486 ἁγίου

2082 1510 2393 1580 Πνεύματος
2419 1512 2520 1581 τὴν
2540 1512 2897 1581 ένότητα,τήν
2924 1511 3191 1581 μηδεμίαν
3218 1510 3365 1580 ἔχειν
3395 1512 3657 1580 διαφορὰν

2090 1603 2502 1673 γινωσκομένην
2530 1618 2545 1634 ⁸
2582 1603 2648 1672 ἢν
2680 1604 2799 1666 ταῖς
2830 1603 3127 1673 ἡμετέραις
3167 1601 3429 1664 διανοίαις
3459 1602 3655 1668 ἐγκαθ-

2083 1690 2402 1764 ιερωθεῖσαν
2432 1694 2735 1763 κατέχομεν
2770 1712 2784 1725 ·
2816 1694 2915 1747 καὶ
2957 1692 3143 1754 καθὼς
3193 1691 3498 1762 ἐμάθομεν,
3521 1692 3655 1745 οὕτω

2072 1786 2202 1847 τοὺς
2228 1785 2391 1848 λαοὺς
2407 1784 2502 1838 τοῦ
2531 1784 2668 1838 Θεοῦ
2695 1783 3016 1853 διδάξωμεν.
3050 1783 3283 1853 Ὁμοίως
3310 1783 3421 1835 ἀπὸ
3446 1784 3655 1836 πάντων

2071 1874 2181 1929 τῶν
2216 1875 2532 1929 ἐπισκόπων
2571 1873 2679 1928 τῶν
2720 1874 2950 1944 ἔναγχος
2995 1873 3404 1944 προαχθέντων,
3462 1873 3652 1943 ἐλέχθη

2075 1966 2327 2035 φανερῶς
2354 1981 2368 1995 ο
2405 1964 2591 2027 Οὖτως
2620 1964 2910 2035 δεχόμεθα,
2931 1962 3103 2028 οὕτως
3133 1964 3463 2033 κατέχομεν,
3492 1964 3655 2028 οὕτως

2073 2056 2419 2127 διδάσκομεν,
2446 2060 2513 2128 τῇ
2528 2056 2707 2111 πίστει
2730 2061 2797 2130 τῇ
2823 2058 3158 2129 εὐαγγελικῇ
3189 2058 3304 2129 ἅμα
3332 2062 3399 2129 τῇ
3417 2059 3653 2129 ὑμετέρα

2072 2150 2394 2222 διδασκαλίᾳ
2434 2151 2711 2221 ἑπόμενοι.

2142 2265 2416 2321 Συνόδου
2441 2263 2864 2333 οὶκουμενικῆς
2898 2270 2973 2329 ς’,
3002 2262 3200 2317 κανὼν
3229 2270 3303 2330 a’,
3334 2263 3441 2332 στ’,
3466 2263 3583 2318 :ra'.

2146 2362 2216 2411 α’.
2250 2356 2417 2420 Τάξις
2456 2356 2655 2424 ἀρίστη
2687 2356 2885 2418 παντὸς
2914 2353 3216 2425 ἀρχομένου
3249 2355 3343 2407 καὶ
3368 2355 3529 2422 λόγου
3566 2355 3650 2407 καὶ

2074 2448 2421 2518 πράγματος,
2456 2448 2522 2499 ὲκ
2554 2446 2690 2500 Θεοῦ
2723 2465 2780 2500 τε
2805 2446 3066 2517 ἄρχεσθαι
3100 2450 3196 2499 καὶ
3228 2448 3308 2509 είς
3340 2447 3477 2499 Θεὸν
3525 2449 3647 2501 ἀνα-

2075 2539 2364 2600 παύεσθαι,
2392 2540 2536 2592 κατά
2566 2539 2664 2609 τὴν
2696 2539 2944 2604 θεολόγον
2976 2540 3160 2607 φωνήν
3189 2557 3202 2569 °
3239 2538 3363 2593 ὅθεν
3421 2541 3521 2592 καὶ
3562 2541 3647 2609 τῆς

403 2619 551 2672 clare
603 2619 948 2687 praedicetur,
987 2625 1039 2672 et
1070 2618 1335 2685 Ecclesia,
1364 2618 1420 2673 in
1452 2634 1559 2689 qua
1604 2620 1856 2675 Christus
1891 2629 1977 2675 est
2010 2608 2047 2677 ἷ²’

405 2709 845 2775 fundamentum,
895 2710 1114 2766 assidue
1154 2719 1439 2780 augeatur,
1471 2726 1536 2766 ac
1568 2720 1974 2779 promoveatur,

2081 2722 2170 2775 καὶ
2214 2721 2316 2791 τῆς
2386 2720 2714 2792 Ἐκκλησίας
2761 2714 2913 2795 έφ⁹ᾖ
2957 2721 3191 2791 Χριστὸς
3239 2722 3646 2791 τεθεμελίωται,

2020 2864 2023 2867 ν
2074 2811 2335 2882 διηνεκῶς
2355 2812 2692 2881 αὐξανούσης
2726 2813 2820 2865 καὶ
2846 2812 3291 2882 προκοπτούσης,
3325 2813 3401 2876 ὡς
3427 2813 3537 2866 τῶν
3564 2813 3648 2868 τοῦ

405 2909 530 2948 cros
551 2894 787 2949 canones
807 2894 1101 2957 ordientes,
1130 2894 1419 2949 statuimus
1441 2892 1598 2948 fidem
1625 2909 1654 2947 a
1679 2892 1844 2948 Verbi
1872 2895 1977 2949 mi-
2038 2898 2041 2905 '

2076 2630 2356 2695 εὐσεϐείας
2393 2631 2488 2699 ὑφ’
2515 2630 2670 2700 ἡμῶν
2708 2630 2807 2701 ἥδη
2852 2631 3189 2699 διαπρυσίως
3224 2632 3646 2701 κηρυττομένης,

2075 2903 2310 2959 Λιϐάνου
2362 2903 2567 2971 κέδρων
2597 2904 2799 2971 ταύτην
2852 2902 3341 2972 ὑπερεκτείνεσθαι
3368 2920 3382 2933 ·
3435 2904 3531 2955 καὶ
3564 2902 3649 2955 νῦν

408 2983 616 3043 nisti-is,
651 2984 855 3052 quique
915 2983 1090 3051 ipsum
1132 2983 1247 3037 suis
1289 2983 1462 3037 oculis
1524 2984 1798 3047 viderunt,
1860 2996 1914 3039 et
1947 3000 1973 3039 a

2081 2994 2254 3065 ἀρχὴν
2304 2994 2412 3047 τῶν
2447 2994 2609 3064 ἱερῶν
2672 2993 2989 3062 ποιούμενοι
3044 2992 3237 3060 λόγων,
3294 2993 3481 3064 χάριτι
3541 2994 3651 3066 θείᾳ

408 3077 518 3130 Deo
541 3076 694 3129 electi
728 3084 874 3139 sunt,
906 3075 1168 3144 apostolis
1219 3073 1493 3139 traditam,
1525 3076 1659 3130 citra
1691 3076 1857 3129 ullam
1886 3077 1975 3130 in-

405 3169 751 3222 novationem
776 3167 1301 3237 immutabiliterque
1344 3183 1408 3224 ac
1445 3167 1828 3223 inviolabiliter
1853 3184 1975 3224 esse

404 3260 752 3316 servandam.
786 3260 1055 3315 Praeterea
1088 3269 1268 3314 autem
1303 3271 1356 3313 ΘΙ.
1392 3270 1756 3315 trecentorum
1788 3262 1973 3316 decem

403 3364 459 3408 et
486 3363 611 3408 octo
643 3362 955 3408 sanctorum
984 3352 1206 3406 Patrum
1236 3353 1326 3423 qui
1366 3352 1560 3407 Nicaeae
1601 3365 1977 3410 convenerunt

404 3448 508 3501 sub
534 3446 911 3510 Constantino,
950 3446 1041 3511 qui
1082 3446 1183 3499 fuit
1212 3456 1398 3499 noster
1428 3446 1748 3515 imperator,
1786 3445 1976 3500 advero

405 3552 501 3591 sus
525 3536 749 3606 impium
767 3537 977 3599 Arium,
996 3544 1050 3589 et
1065 3536 1317 3603 gentilem
1341 3535 1408 3589 ab
1433 3550 1498 3588 eo
1520 3535 1974 3603 dogmatizantem

405 3626 624 3681 deitatis
658 3626 1049 3689 diversitatem,
1081 3626 1163 3680 vel
1198 3627 1420 3679 deorum
1461 3626 1666 3693 potius,
1708 3635 1766 3679 ut
1797 3626 1978 3695 aptius

406 3720 606 3781 dicam,
675 3717 1075 3771 multitudinem
1125 3735 1139 3772 :
1188 3717 1281 3785 qui
1342 3716 1500 3771 nobis
1550 3718 1790 3771 unanimi
1853 3720 1976 3772 lidci

407 3809 683 3878 agnitione
743 3805 1394 3871 consubstantialitatem,
1456 3806 1512 3859 in
1557 3806 1735 3862 tribus
1782 3808 1978 3863 divinae

407 3911 615 3955 naturae
640 3900 1068 3955 c0nsistentibus
1103 3898 1373 3967 personis,
1410 3905 1465 3953 et
1500 3898 1900 3961 revelaverunt.
1924 3909 1979 3954 et

405 3993 772 4057 declararunt,
792 3992 933 4046 hanc
949 3993 1051 4047 sub
1068 3991 1382 4060 ignorantiae
1406 3991 1590 4044 modio
1602 3994 1974 4046 absconditam

405 4100 527 4139 esse
557 4099 663 4139 non
695 4083 964 4150 sinentes;
984 4083 1077 4138 Sed
1111 4082 1347 4145 Patrem,
1378 4090 1433 4136 et
1470 4080 1690 4148 Filium,
1725 4091 1779 4137 et
1802 4083 1974 4152 Spiriv

404 4184 517 4231 tum
544 4185 790 4231 sanctum
821 4190 929 4229 una
960 4174 1277 4229 adoratioue
1309 4174 1493 4229 fideles
1528 4175 1759 4229 adorare
1792 4185 1978 4244 aperte

403 4268 695 4336 docentes;
731 4276 784 4322 et
818 4268 888 4322 ab
927 4266 1198 4322 haereticis
1247 4282 1315 4321 ex
1349 4282 1513 4321 arena
1539 4276 1851 4323 constructa
1877 4270 1973 4323 ad-

2077 3085 2331 3158 όρίζομεν
2353 3084 2756 3155 ἀκαινοτόμητά
2775 3101 2834 3136 τε
2849 3085 2941 3137 καὶ
2962 3083 3332 3154 ἀπαράτρωτα
3368 3085 3654 3152 φυλάττειν

2077 3178 2175 3250 τὴν
2204 3177 2599 3248 παραδοθεῖσαν
2628 3177 2808 3229 πίστιν
2845 3176 2977 3245 ἡμῖν
3007 3174 3115 3227 ὑπό
3145 3191 3202 3227 τε
3236 3175 3345 3227 τῶν
3368 3176 3651 3228 αὐτοπτῶν

2078 3273 2173 3326 καὶ⁹
2202 3270 2491 3342 ὑπηρετῶν
2512 3268 2606 3322 τοῦ
2640 3269 2831 3336 Λόγου,
2858 3267 2966 3322 τῶν
2992 3267 3289 3338 θεοκρίτων
3318 3268 3650 3331 ἀποστόλων,

2078 3363 2156 3416 ἐτι
2178 3363 2235 3415 δὲ
2271 3362 2364 3415 καὶ
2387 3361 2494 3413 τῶν
2513 3358 2617 3430 τιη¹
2645 3359 2813 3427 ἁγίων
2831 3358 2923 3410 καὶ
2956 3358 3240 3428 μακαρίων
3271 3358 3535 3429 Πατὲρων
3555 3360 3653 3412 τῶν

2080 3455 2137 3507 έν
2169 3454 2371 3523 Νικαίᾳ
2399 3452 2778 3516 συνελθόντων,
2811 3451 2903 3503 ἐπὶ
2945 3450 3358 3503 Κωνσταντίνου
3382 3451 3479 3503 τοῦ
3511 3468 3653 3519 γενο-

2081 3544 2241 3614 μένου
2263 3543 2419 3614 ὴμῶν
2446 3542 2727 3613 βασιλέως,
2758 3537 2900 3594 κατά
2941 3540 3152 3609 Ἀρείου
3186 3540 3279 3592 τοῦ
3336 3541 3652 3607 δυσσεϐοῦς,

2078 3636 2295 3705 καὶτῆς
2320 3634 2449 3703 παρ’
2482 3634 2646 3687 αὐτοῦ
2686 3633 3142 3702 δογματισθείσης
3195 3630 3437 3703 ὲθνικῆς⁸
3473 3636 3653 3705 ἑτερο-

2079 3724 2303 3794 θεῖας,ἥ
2335 3724 2622 3786 πολυθεῖας
2653 3727 2826 3778 εἰπεῖν
2851 3724 3198 3793 οἰκειότερον,
3230 3724 3283 3776 οἳ
3315 3727 3382 3795 τῇ
3412 3727 3656 3794 όμογνω·

2080 3813 2286 3883 μοσύνῃ
2314 3813 2410 3882 τῆς
2452 3813 2706 3877 πίστεως,
2756 3812 2818 3863 τὸ
2867 3812 3150 3880 όμοούσιον
3205 3815 3339 3882 ἡμῖν
3402 3814 3501 3865 ἐπὶ
3557 3815 3655 3868 τῶν

2076 3902 2243 3972 τριῶν
2271 3902 2369 3971 τῆς
2400 3901 2699 3971 θεαρχικῆς
2750 3899 2967 3969 φύσεως
3020 3901 3391 3964 ὑποστάσεων,
3446 3903 3655 3955 ἀπεκάο

2076 3993 2250 4064 λυψάν
2292 4010 2353 4046 τε
2394 3995 2489 4047 καὶ
2522 3993 2889 4064 διετράνωσαν
2923 4010 2937 4024 ·
2992 3993 3065 4065 μὴ
3120 3994 3529 4063 ὲπικεκρύφθαι
3585 3993 3656 4065 τῷ

2080 4086 2245 4156 μοδίῳ
2261 4088 2359 4157 τῆς
2378 4086 2649 4155 ἀγνωσίας
2672 4085 2829 4139 τοῦτο
2856 4086 3379 4157 παραχωρήσαντες,
3400 4087 3541 4141 ἀλλὰ
3572 4088 3656 4141 τὸν

2077 4177 2322 4248 Πατέρα,
2348 4177 2445 4229 καὶ
2475 4177 2567 4230 τὸν
2615 4176 2763 4242 Υίὸν,
2794 4177 2889 4231 καὶ
2921 4176 2981 4230 τὺ
3025 4176 3179 4245 ἆγιον
3214 4176 3459 4249 Πνεῦμα,
3497 4197 3658 4250 προσ-

2076 4271 2260 4321 κυνεῖν
2294 4270 2395 4340 μιᾷ
2434 4268 2841 4337 προσκυνήσει,
2885 4269 3011 4331 τοὺς
3073 4270 3298 4331 πιστοὺς
3355 4271 3657 4340 ἀναφανδὸν

402 4376 593 4416 versus
615 4368 817 4414 rectam
848 4360 1161 4429 opinionem
1192 4360 1419 4427 puerilia
1450 4358 1681 4414 ludibria
1712 4361 1976 4431 dejicien-

2081 4360 2477 4426 ἐκδιδάξαντες,
2538 4361 2632 4413 καὶ
2669 4362 2767 4431 τήν
2796 4377 2854 4413 τε
2883 4360 2996 4414 τῶν
3028 4360 3229 4413 ἀνίσων
3280 4361 3515 4432 βαθμῶν
3563 4367 3656 4434 τῆς

404 4462 485 4510 tes
532 4463 586 4509 et
645 4454 1043 4509 subvertentes.
1106 4452 1371 4507 Similiter
1428 4462 1483 4508 et
1529 4469 1672 4519 eam,
1714 4471 1836 4525 qua:
1873 4455 1977 4512 sub

402 4546 710 4605 Theodosio
740 4545 965 4613 majore.
999 4546 1093 4615 qui
1120 4545 1221 4599 fuit
1249 4546 1767 4617 nosterimperator,
1790 4563 1818 4601 a
1844 4563 1975 4604 cen-

403 4646 517 4691 tum
556 4637 949 4707 quinquaginta
974 4637 1176 4691 sanctis
1202 4636 1479 4706 Patribus,
1509 4640 1602 4709 qui
1639 4639 1692 4693 in
1719 4641 1824 4695 bac
1842 4641 1977 4696 urbe

406 4730 704 4797 imperante
734 4737 1128 4791 convenerunt,
1176 4728 1471 4797 przedicata
1505 4740 1608 4798 est,
1649 4732 1807 4786 fidem
1843 4748 1977 4787 con-

406 4821 715 4882 firmamus,
740 4820 807 4875 de
850 4820 1054 4889 Spiritu
1099 4830 1291 4875 sancto
1319 4836 1481 4877 voces
1510 4840 1631 4891 quae
1653 4840 1775 4877 eum
1802 4825 1973 4878 Deum

402 4927 525 4968 esse
572 4920 837 4973 statuunt,
868 4910 1281 4979 amplectentes,
1309 4921 1362 4966 et
1404 4914 1690 4983 profanum
1726 4914 1976 4970 Macedo-

404 5005 555 5058 nium
586 5018 692 5056 una
722 5018 845 5057 cum
879 5002 1159 5071 prioribus
1181 5004 1427 5059 veritatis
1450 4984 1685 5060 inimicis
1700 5008 1975 5076 expellen-

405 5107 519 5162 tes;
548 5104 607 5149 ut
629 5095 720 5165 qui
743 5110 869 5149 eum
918 5096 1011 5165 qni
1038 5096 1368 5161 dominatur,
1392 5112 1608 5152 servum
1633 5115 1753 5154 esse
1782 5101 1973 5155 decer-

404 5204 731 5243 nere‘ausus
783 5188 887 5253 sit;
938 5197 992 5242 et
1040 5188 1341 5243 inscctilem
1380 5190 1641 5243 unitatem
1687 5205 1874 5247 secare
1919 5194 1974 5265 4

405 5281 676 5351 praedonis
699 5290 845 5334 more
871 5279 1125 5344 voluerit,
1150 5289 1332 5333 utnon
1356 5291 1501 5335 esset
1521 5282 1823 5351 perfectum
1850 5283 1972 5337 ﬁdei

407 5372 495 5444 [ϐ.
536 5371 673 5444 spei]
733 5382 934 5427 nostra:
969 5374 1286 5443 mysterium
1321 5390 1334 5427 :
1364 5388 1469 5427 una
1518 5374 1681 5427 etiam
1709 5389 1832 5428 cum
1866 5376 1974 5429 isto

408 5467 597 5520 odioso
630 5480 695 5520 ac
748 5465 1088 5530 detestabili,
1138 5465 1339 5534 quique
1379 5465 1638 5520 adversus
1692 5467 1975 5523 veritatem

408 5557 510 5612 fuit
537 5558 685 5613 rabie
751 5559 1023 5627 percitus,
1093 5558 1257 5611 etiam
1307 5558 1674 5626 Apollinarem
1728 5560 1975 5628 ejusdem

407 5650 708 5720 iniquitatis
740 5660 952 5722 mystcn
1007 5667 1113 5705 una
1167 5651 1589 5708 condcmuantcs
1622 5671 1632 5708 :
1669 5656 1761 5721 qui
1799 5654 1979 5709 Domi—

2077 4456 2330 4527 θεότητος
2357 4454 2533 4519 δόξαν,
2563 4452 2885 4516 καθελόντες
2911 4454 3007 4506 καὶ
3036 4452 3440 4519 διασπάσαντες
3459 4471 3473 4484 ·
3503 4456 3574 4510 τά
3602 4473 3656 4509 τε

2076 4550 2181 4604 ὑπὸ
2204 4548 2317 4602 τῶν
2359 4547 2652 4619 αἱρετικῶν
2687 4546 2958 4601 συστάντα
2994 4547 3057 4599 ὲκ
3094 4546 3323 4617 ψάμμου
3367 4548 3510 4602 κατὰ
3562 4548 3657 4617 τῆς

2074 4640 2383 4710 ὁρθοδοξίας
2410 4637 2748 4709 μειρακιώδη
2789 4636 3102 4706 ἀθύρματα,
3141 4638 3545 4702 καταϐαλόντες
3565 4644 3655 4693 καὶ

2075 4731 2498 4803 ἀνατρέψαντες.
2532 4729 2810 4792 Ὡσαύτως
2836 4728 3003 4781 δὲκαὶ
3032 4730 3131 4798 τὴν
3158 4730 3251 4781 ἐπὶ
3293 4730 3387 4782 τοῦ
3420 4732 3653 4799 μεγάλου

2075 4823 2353 4877 Θεοδοσίου
2391 4821 2487 4875 τοῦ
2516 4820 2810 4889 γενομένου
2847 4819 3006 4890 ἡμῶν
3056 4819 3342 4889 βασιλέως,
3397 4821 3506 4875 ὑπὸ
3552 4821 3655 4874 τῶν

2075 4917 2133 4969 ὲν
2156 4914 2330 4985 ταύτῃ
2362 4913 2592 4984 βασιλίδι
2624 4912 2776 4965 πόλει
2812 4912 3186 4982 συναχθέντων
3216 4909 3294 4983 ρν¹
3344 4912 3522 4979 ἁγίων
3550 4914 3653 4965 Πα-

2074 5006 2247 5077 τέρων
2298 5005 2668 5076 κηρυχθείσαν
2726 5003 2931 5066 πίστιν,
2987 5002 3366 5072 κρατύνομεν·
3400 5002 3500 5066 τὰς
3541 5003 3654 5055 Oso-

2076 5097 2268 5166 λόγους
2291 5097 2421 5166 περὶ
2457 5095 2552 5149 τοῦ
2606 5096 2766 5163 ἀγίου
2818 5094 3133 5164 [Ινεύματος
3190 5095 3375 5162 φωνὰς
3419 5095 3655 5159 ἀσπαζό-

2082 5206 2255 5261 μενοι,
2306 5189 2402 5241 καὶ
2442 5188 2533 5239 τὸν
2582 5186 2806 5256 βέϐηλον
2864 5185 3195 5240 Μακεδόνων
3222 5188 3334 5248 τοῖς
3373 5188 3655 5256 προτέροις

2079 5282 2293 5352 ἐχθροῖς
2322 5281 2422 5349 τῆς
2451 5279 2707 5349 ἀληθείας
2735 5277 3211 5342 συνεξελαύνοντες
3231 5316 3247 5342 ,
3281 5277 3578 5339 ὡςμδοῦλον
3601 5279 3656 5331 τὸ

2080 5374 2337 5437 δεσπόζον
2370 5373 2620 5435 αὐθαδῶς
2658 5372 2879 5437 δοξάσαι
2904 5370 3272 5441 τολμήσαντα,
3327 5373 3424 5423 καὶ
3476 5373 3657 5441 σχίσαι

2079 5467 2177 5538 τὴν
2214 5466 2458 5536 ἄτμητον
2492 5464 2701 5534 Τριάδα
2725 5462 3035 5533 λῃστρικῶς
3067 5462 3430 5532 προελόμενον
3449 5480 3462 5492 ·
3493 5464 3571 5526 ὡς
3598 5465 3659 5517 ἂν

2085 5562 2159 5631 μὴ
2188 5559 2400 5621 ἐντελὲς
2425 5559 2556 5628 ἡμῖν
2593 5557 2653 5611 τὸ
2675 5558 2771 5626 τῆς
2816 5555 3030 5619 ἐλπίδος
3074 5556 3158 5625 εἴη
3206 5557 3512 5626 μυστήριον
3541 5570 3555 5583 ⁸
3587 5557 3659 5623 τῷ

2083 5651 2323 5722 βδελυρῷ
2364 5650 2539 5721 τούτῳ
2572 5655 2665 5704 καὶ
2696 5647 2837 5703 κοιτά
2868 5648 2966 5718 τῆς
3011 5647 3269 5718 ἀληθείας
3313 5647 3659 5717 λυττήσαντι,
