3886 6240
268 284 374 345 445

1188 279 1377 341 8ΥΝΤ
1390 281 1591 350 AGMA
1618 278 2006 343 CANONUM.
2030 282 2245 342 —TIT~
2282 283 2331 353 Ι,
2363 283 2520 342 CAP.
2551 284 2602 342 Ι.

3414 286 3522 351 446

268 392 363 445 καὶ
409 386 787 457 ’Δπολινάριον
828 384 921 441 τὸν
961 388 1061 457 τῆς
1091 387 1291 451 κακίας
1323 392 1534 461 μύστην
1564 397 1838 457 συγκατα-

1946 402 2077 442 num
2143 404 2344 459 corpus
2416 397 2596 445 mente
2664 397 2719 444 et
2780 389 2968 444 anima
3051 403 3159 443 non
3234 387 3521 457 praeditum

267 481 569 553 κρίνοντες,
612 479 671 543 ὃς
710 478 871 533 ἄνουν
921 477 1013 531 τὸν
1043 478 1251 549 Κύριον
1281 478 1631 550 ἀνειληφέναι
1663 478 1843 549 σῶμα,

266 571 542 635 δυσσεϐῶς
610 571 961 641 ὲξηρεύξατο.
1032 570 1311 624 Ἐντεῦθεν
1363 572 1458 625 καὶ
1507 565 1663 635 οὗτος
1715 572 1849 641 ἡμῖν

270 665 436 735 ἀτελῆ
466 664 569 736 τὴν
591 664 868 735 σωτηρίαν
900 663 1153 733 γενέσθαι
1192 663 1639 736 συλλογιζόμενος
1661 679 1678 695 ⁶
1714 664 1851 719 ἀλλά

268 757 374 829 μὴν
405 758 500 812 καὶ
523 758 593 811 τά
617 757 771 829 παρὰ
797 758 906 810 τῶν
931 759 990 810 ὲν
1006 760 1074 828 τῇ
1110 757 1374 826 Ἐφεσίων
1412 757 1566 811 πόλει
1604 755 1667 809 τὸ
1716 756 1851 827 πρόο

262 866 422 918 τερον
467 850 865 920 συναχθέντων,
913 851 1008 904 ἐπὶ
1040 850 1318 904 Θεοδοσίου
1343 848 1436 903 τοῦ
1473 849 1592 905 υἱοῦ
1647 848 1848 921 Ἀρκα-

260 942 400 1006 δίου,
428 944 724 1012 γενομένου
757 942 917 1013 ήμῶν
940 942 1223 1010 βασιλέως,
1253 942 1542 996 διακοσίων
1572 941 1850 1012 θεοφόρων

259 1033 525 1103 Πατέρων
546 1031 843 1086 ἐκτεθέντα
879 1032 1204 1103 διδάγματα,
1253 1033 1329 1096 ὡς
1368 1033 1571 1103 κράτος
1605 1031 1849 1103 ἀῤῥαγὲς

257 1123 363 1192 τῆς
386 1123 672 1187 εὐσεϐείας
703 1124 1194 1195 ὲπισφραγίζομεν,
1221 1123 1319 1177 ἕνα
1351 1123 1589 1194 Χριστὸν
1611 1123 1702 1177 τὸν
1719 1122 1847 1177 Υίόν

256 1213 356 1266 τοῦ
407 1214 543 1267 Θεοῦ
605 1215 702 1267 καὶ
749 1214 1104 1283 σαρκωθέντα
1158 1215 1520 1287 κηρύττοντες
1549 1230 1563 1245 °
1615 1214 1710 1268 καὶ
1748 1214 1847 1285 τὴν

255 1306 430 1359 αὐτὸν
479 1307 741 1377 ἀσπόρως
784 1307 1055 1359 τεκοῦσαν
1102 1306 1372 1377 ἄχραντον
1409 1305 1495 1358 ἀεὶ
1545 1304 1846 1374 Παρθένον,

255 1397 471 1468 κυρίως
499 1398 594 1452 καὶ
623 1397 767 1451 κατά
791 1396 1071 1469 ἀλήθειαν,
1097 1397 1366 1451 Θεοτόκον
1387 1397 1723 1462 δοξάζοντες·
1752 1396 1849 1450 καὶ

253 1489 358 1559 τὴν
369 1488 589 1559 ληρώδη
613 1489 709 1542 τοῦ
738 1487 1035 1560 Νεστορίου
1054 1489 1341 1560 διαίρεσιν,
1358 1488 1435 1551 ὡς
1455 1488 1848 1559 ἀπῳκισμένην

253 1579 414 1642 θείας
449 1581 643 1652 μοίρας
701 1580 1097 1643 ἀποδιώκοντες
1123 1620 1139 1645 ,
1192 1579 1480 1651 ἄνθρωπον
1520 1578 1725 1643 ἰδικῶς,
1753 1578 1848 1631 καὶ

250 1671 397 1725 Θεὸν
424 1671 628 1736 ἰδικῶς,
644 1673 736 1725 τὸν
751 1673 841 1726 ἕνα
874 1673 1110 1743 Χριστὸν
1141 1672 1593 1743 δογματίζοντος,
1623 1671 1720 1725 καλ⁵
1747 1670 1847 1743 τὴν

268 1764 581 1834 Ἶουδαῖκὴν
604 1763 958 1828 ἀνανεοῦντος
984 1763 1301 1817 δυσσέϐειαν
1325 1780 1338 1795 ·
1365 1764 1424 1818 οὐ
1457 1764 1563 1836 μὴν
1589 1763 1727 1817 ἀλλά
1751 1764 1845 1817 καὶ

250 1857 358 1927 τὴν
383 1857 445 1909 ὲν
468 1856 860 1927 Χαλκηδονέων
886 1855 1216 1926 μητροπόλει
1244 1856 1340 1909 ἐπὶ
1376 1854 1721 1927 Μαρκιανοῦ,
1752 1856 1847 1908 καὶ

251 1947 430 2000 αὐτοῦ
461 1948 754 2017 γενομένου
788 1948 945 2018 ήμῶν
978 1947 1263 2017 βασιλέως,
1310 1947 1418 2001 τῶν
1447 1947 1525 2018 χλ⁸
1550 1947 1846 2019 θεοκρίτων

253 2040 523 2110 [Ιατέρων
556 2040 1097 2111 στηλογραφηθεῖσαν
1118 2040 1630 2113 πίστιν,ὀρθοδόξως
1651 2044 1844 2095 ἐπικυ-

254 2133 506 2203 ροῦμεν·
558 2134 681 2204 ἥτις
722 2134 815 2186 τὸν
863 2133 959 2187 ’ένα
1017 2133 1253 2203 Χριστὸν
1285 2133 1378 2188 τὸν
1418 2135 1546 2187 Υίὸν
1568 2134 1660 2188 τοῦ
1684 2134 1842 2201 Θεοῦ,

251 2226 325 2276 ὲκ
384 2224 479 2277 δύο
532 2223 856 2276 συντεθέντα
913 2223 1023 2278 τῶν
1071 2223 1310 2293 φύσεων,
1368 2226 1464 2278 καὶ
1516 2226 1575 2277 ἐν
1598 2225 1694 2278 δύο
1722 2228 1844 2290 ταῖς

250 2315 453 2376 αὐταῖς
470 2303 832 2382 δοξαζόμενον
848 2313 1064 2384 φύσεσι,
1094 2314 1494 2385 μεγαλοφώνως
1515 2318 1629 2380 τοῖς
1643 2317 1842 2388 πέρασι

251 2409 645 2477 παραδέδωκε*
699 2410 795 2462 καὶ
845 2410 1093 2481 Εὐτυχέα
1146 2411 1238 2464 τὸν
1302 2412 1705 2482 ματαιόφρονα,
1753 2412 1843 2466 τὸν

248 2502 480 2573 δοκήσει
532 2502 597 2555 τὺ
662 2503 804 2574 μέγα
856 2502 959 2573 τῆς
1007 2504 1321 2575 οἰκονομίας
1388 2505 1688 2574 μυστήριον
1755 2521 1844 2557 τε·

248 2594 520 2663 λεσθῆναι
597 2595 1041 2667 ἀποφηνάμενον,
1092 2597 1166 2661 ὼς
1225 2598 1597 2668 ἀποτρόπαιόν
1638 2615 1689 2651 τι
1748 2600 1842 2651 καὶ

257 2686 505 2756 μίασμα,
536 2686 645 2739 τῶν
694 2688 857 2759 ἱερῶν
897 2688 997 2758 τῆς
1039 2689 1366 2760 Ἐκκλησίας
1399 2690 1698 2761 περιϐόλων
1736 2692 1843 2745 ἀπ·

248 2779 427 2850 ήλασε
448 2796 461 2808 ·
496 2781 591 2832 σὺν
622 2780 768 2851 αὐτῷ
790 2780 846 2833 δὲ
875 2782 969 2834 καὶ
991 2781 1287 2852 Νεστόριον
1312 2781 1403 2835 καὶ
1424 2781 1732 2852 Διόσκορον,
1750 2783 1839 2836 τὸν

253 2870 361 2939 μὲν
392 2870 493 2939 τῆς
549 2870 899 2941 διαιρέσεως,
956 2873 1048 2925 τὸν
1092 2873 1149 2926 δὲ
1197 2874 1299 2941 τῆς
1349 2872 1686 2943 συγχύσεως,
1734 2874 1840 2927 ὑπ-

250 2962 600 3033 ερασπιστήν
626 2978 685 3014 τε
711 2962 807 3015 καὶ
825 2963 1109 3033 πρόμαχον
1126 3004 1141 3029 ,
1166 2965 1292 3026 τοὺς
1317 2966 1381 3017 ὲκ
1407 2966 1701 3035 διαμέτρου
1738 2964 1841 3035 τῆς

250 3050 515 3114 ἀεϐείας
576 3053 713 3121 πρὸς
766 3052 825 3105 ἓν
895 3054 1320 3116 ἐκπεπτωκότας
1390 3055 1671 3117 ἀπωλείας
1739 3055 1834 3108 καὶ

249 3143 551 3212 ἀθεότητος
605 3144 916 3215 βάραθρον
964 3145 1099 3198 ἀλλά
1159 3163 1223 3214 γε
1285 3147 1523 3210 καὶτὰς
1592 3145 1836 3209 εὐσεϐεῖς

252 3236 445 3304 φωνὰς
494 3236 603 3289 τῶν
634 3233 739 3307 ρξε’
773 3237 1047 3307 θεοφόρων
1096 3238 1384 3309 μακαρίων
1426 3239 1686 3308 Πατέρων
1732 3238 1842 3291 τῶν

250 3326 399 3379 κατά
430 3326 635 3397 ταύτην
689 3329 787 3397 τὴν
830 3327 1075 3399 βασιλίδα
1110 3328 1264 3381 πόλιν
1334 3330 1838 3399 συναγηγερμένων

251 3413 351 3465 ἐπὶ
386 3414 760 3469 ἰουστινιανοῦ
784 3416 877 3469 τοῦ
902 3417 997 3488 τῆς
1018 3416 1275 3481 εὐσεϐοῦς
1308 3418 1513 3489 λήξεως
1540 3420 1836 3489 γενομένου

250 3507 413 3578 ἡμῶν
448 3508 729 3578 βασιλέως,
760 3509 835 3573 ὡς
858 3511 961 3563 ὑπὸ
1005 3510 1097 3564 τοῦ
1124 3510 1439 3582 Πνεύματος
1464 3512 1838 3583 ἐξενεχθείσας

249 3599 619 3671 γινώσκομεν,
668 3602 761 3654 καὶ
802 3603 930 3666 τοὺς
987 3602 1078 3671 ὑφ’
1127 3604 1272 3673 ἡμᾶς
1320 3604 1711 3673 ὲκδιδάσκομεν
1739 3620 1753 3634 °
1787 3604 1837 3657 οἳ

248 3693 532 3763 Θεόδωρον
564 3694 655 3746 τὸν
698 3693 1076 3764 Μοψουεστίας
1127 3696 1219 3748 τὸν
1245 3694 1544 3766 Νεστορίου
1580 3697 1837 3749 διδάσκα-

247 3786 367 3850 λον,
411 3787 691 3858 Ὠριγένην
724 3806 807 3853 τε,
837 3788 932 3841 καὶ
974 3788 1227 3859 Δίδυμον,
1264 3791 1357 3843 καὶ
1384 3791 1680 3861 Εὑάγριον,
1711 3789 1838 3853 τοὺς

245 3878 354 3939 τὰς
420 3875 739 3947 Ἑλληνικὰς
777 3878 1264 3947 ἀναπλασαμένους
1324 3878 1667 3949 μυθοποιίας,
1739 3879 1839 3935 καὶ

247 3971 525 4037 σωμάτων
575 3971 740 4025 τινῶν
794 3971 891 4025 καὶ
949 3970 1137 4040 ψυχῶν
1207 3972 1336 4041 ἡμῖν
1401 3971 1685 4042 περιόδους
1738 3973 1833 4025 καὶ
1860 4030 1891 4053 ν

245 4062 566 4127 ἀλλοιώσεις
588 4064 759 4117 ἀναπε
770 4064 1094 4133 μπάσαντας
1122 4066 1240 4124 ταῖς
1257 4062 1349 4115 τοῦ
1367 4062 1459 4116 νοῦ
1490 4079 1565 4115 πα
1573 4066 1838 4136 ραφοραῖς

241 4173 309 4210 τε
341 4154 435 4208 καὶ
456 4154 785 4226 ὀνειρώξεσι,
812 4157 907 4209 καὶ
932 4157 1011 4218 εἰς
1044 4154 1142 4226 τὴν
1174 4155 1282 4208 τῶν
1307 4155 1519 4225 νεκρῶν
1552 4155 1835 4219 δυσσεϐῶς

245 4247 769 4319 ἐμπαροινήσαντας
807 4247 1124 4311 ἀναϐίωσιν,
1168 4246 1237 4300 τά
1260 4262 1320 4298 τε
1359 4247 1641 4318 γραφέντα
1682 4247 1835 4319 παρά

243 4337 600 4409 Θεοδωρήτου
642 4337 788 4391 κατὰ
820 4338 918 4407 τῆς
970 4337 1137 4409 ὀρθῆς
1186 4338 1423 4403 πίστεως
1470 4339 1565 4392 καὶ
1604 4340 1713 4393 τῶν
1764 4338 1832 4409 ιβ’

1948 480 2247 549 sumpsisse
2306 480 2473 550 impie
2519 480 2809 544 eructavit,
2862 480 2990 535 hinc
3051 495 3271 551 quoque
3320 488 3375 535 et
3418 482 3523 536 iste

1946 570 2321 641 imperfectam
2377 571 2536 627 nobis
2586 571 2786 625 factam
2851 572 3085 626 salutem
3163 573 3522 627 ratiocinans.

1944 657 2066 713 Jain
2111 674 2241 714 vero
2275 668 2330 714 et
2382 675 2503 730 qua!
2552 659 2606 713 in
2648 658 3008 729 Ephesiorum
3061 659 3284 715 civitate
3333 675 3365 714 a
3425 661 3525 715 du-

1948 761 2126 815 centis
2176 760 2381 816 divinis
2444 760 2709 816 Patrihus
2766 762 2868 817 sub
2943 762 3252 818 Theodosio
3306 762 3525 817 Arcadii

1947 851 2059 906 filio
2107 852 2433 922 imperatore
2495 862 2682 908 nostro
2737 853 3001 924 exposita:
3048 862 3197 919 sunt,
3244 853 3526 908 doctrinas

1955 952 2215 1013 tanquam
2274 943 2567 998 infractum
2640 945 2858 1014 pietatis
2917 945 3087 999 robur
3145 945 3524 1014 obsignamus,

1948 1051 2118 1090 unum
2176 1035 2455 1091 Christum
2513 1034 2715 1091 Filium
2774 1036 2869 1091 Dei
2910 1045 2966 1091 et
3001 1036 3343 1090 incarnatum
3388 1049 3525 1103 prae-

1948 1127 2225 1194 dicantes;
2252 1137 2308 1182 et
2340 1144 2463 1198 quae
2504 1128 2681 1194 ipsum
2739 1127 2858 1183 sine
2909 1128 3119 1181 semine
3150 1124 3378 1194 peperit,
3425 1124 3528 1178 im-

1948 1220 2208 1289 pollutam
2230 1236 2443 1290 semper
2466 1219 2766 1292 Virginem,
2794 1220 3013 1289 proprie
3028 1227 3082 1272 et
3098 1233 3222 1272 vere
3239 1216 3527 1286 Deiparam

1963 1313 2351 1379 decernentes;
2401 1320 2455 1367 et
2484 1313 2719 1381 ineptam
2752 1310 2993 1366 Nestorii
3026 1308 3374 1370 divisionem,
3404 1316 3527 1362 tan-

1958 1418 2123 1475 quam
2153 1420 2184 1458 a
2209 1405 2391 1459 divina
2422 1414 2567 1459 sorte
2605 1412 2868 1459 semotam
2905 1408 3318 1472 persequentes,
3348 1399 3529 1453 homi-

1967 1512 2091 1551 nem
2123 1497 2413 1566 separatim
2444 1505 2498 1551 et
2532 1495 2701 1550 Deum
2737 1494 3029 1565 separatim
3056 1508 3226 1547 unum
3244 1490 3527 1546 Christum

1950 1588 2321 1655 decernentis,
2367 1596 2424 1643 et
2462 1588 2795 1658 impietatem
2844 1584 3127 1639 Judaicam
3186 1582 3525 1637 renovantis.

1952 1679 2093 1746 Quin
2125 1683 2287 1734 etiam
2317 1695 2469 1745 eam,
2506 1695 2626 1750 qua:
2661 1679 2716 1733 in
2761 1675 3292 1732 Chalcedonensium
3326 1682 3530 1728 metro-

1875 1737 1923 1797 Β
1956 1737 2065 1840 poli
2093 1772 2198 1825 sub
2218 1737 2634 1839 Marcian'o,.qui
2654 1767 2824 1823 fuitet
2845 1768 2961 1836 ipse
2992 1766 3288 1834 imperator
3318 1771 3527 1826 noster,

1952 1877 1985 1918 a
2017 1862 2293 1917 sexcentis
2325 1862 2546 1933 triginta
2590 1860 2859 1930 descripta
2904 1865 2992 1913 est
3038 1856 3328 1920 Patrihus,
3366 1853 3527 1908 fidem

1949 1956 2252 2009 orthodoxe
2285 1954 2678 2010 confirmamus
2714 1970 2727 2007 :
2762 1967 2883 2021 quae
2914 1965 3081 2003 unum
3113 1947 3393 2003 Christum
3436 1944 3528 1998 Fi-

1952 2046 2088 2101 lium
2116 2044 2233 2110 Dei,
2260 2061 2327 2101 ex
2356 2045 2568 2101 duabus
2592 2045 2805 2099 naturis
2828 2042 3217 2113 compositum,
3241 2048 3296 2095 et
3316 2040 3370 2094 in
3392 2041 3529 2094 dua-

1951 2138 2057 2194 bus
2093 2137 2302 2193 eisdem
2342 2139 2555 2193 naturis
2587 2138 2850 2192 creditum
2878 2175 2892 2200 ,
2932 2150 3130 2205 magna
3188 2147 3255 2189 ac
3310 2131 3528 2187 sublimi

1945 2245 2079 2285 voce
2119 2240 2386 2285 terrarum
2417 2231 2615 2285 finibus
2646 2231 2903 2294 tradidit;
2958 2238 3013 2285 et
3046 2227 3211 2283 stulte
3242 2241 3307 2281 ac
3345 2226 3530 2295 inepte

1944 2325 2269 2381 sentientem
2296 2323 2616 2393 Eutychem,
2649 2324 2741 2392 qui
2774 2337 3034 2392 magnum
3061 2318 3384 2375 oeconomiae
3411 2334 3528 2388 my-

1946 2415 2170 2469 sterium
2192 2414 2508 2485 apparentia
2528 2415 2827 2484 perfectum
2851 2428 2973 2468 esse
2996 2411 3233 2475 dicebat,
3263 2420 3525 2478 tanquam

1943 2508 2303 2562 avertendum
2345 2506 2566 2577 aliquod
2597 2516 2911 2578 portentum
2954 2513 3260 2574 tetramque
3294 2512 3524 2571 pestem,

1942 2613 2011 2653 ex
2040 2600 2213 2655 sacris
2233 2598 2491 2654 Ecclesia:
2520 2598 2821 2653 ambitibus
2845 2596 3181 2651 exturbavit.
3207 2594 3324 2648 Una
3342 2603 3523 2646 autem

1942 2703 2068 2744 cum
2101 2704 2169 2743 eo
2203 2689 2366 2743 etiam
2407 2688 2715 2743 Nestorium
2771 2696 2825 2741 et
2860 2675 3188 2741 Dioscorum
3210 2726 3225 2751 ,
3286 2698 3522 2754 quorum

1943 2780 2032 2834 ille
2061 2780 2281 2850 quidem
2304 2779 2615 2844 divisionis,
2646 2779 2737 2833 hie
2774 2794 2906 2832 vero
2944 2776 3289 2831 confusionis
3330 2773 3523 2828 defen-

1946 2888 2040 2928 sor
2066 2878 2186 2926 erat
2238 2880 2292 2926 et
2351 2880 2669 2943 pugnator:
2722 2870 2815 2940 qui
2863 2869 3086 2939 quidem
3134 2885 3199 2923 ex
3236 2867 3528 2937 impietatis

1941 2965 2207 3019 diametro
2245 2966 2312 3020 ad
2344 2981 2512 3019 unum
2546 2963 2866 3034 perditionis
2907 2970 2962 3017 et
3015 2962 3392 3031 abnegationis
3433 2962 3526 3017 Dei

1944 3058 2257 3112 barathrum
2287 3058 2617 3111 deciderant.
2652 3056 2757 3111 Sed
2804 3065 2859 3110 et
2890 3055 2941 3125 5
2970 3064 3185 3109 centum
3241 3053 3527 3123 sexaginta

1950 3152 2193 3220 quinque
2231 3148 2538 3204 divinorum
2565 3147 2794 3202 Patrum
2856 3146 2910 3200 in
2948 3148 3052 3201 hac
3086 3146 3307 3199 civitate
3352 3145 3528 3213 impe-

1948 3242 2147 3296 ratrice
2164 3251 2619 3311 congregatorum
2646 3239 2749 3295 sub
2765 3237 3078 3293 Iustiniano
3104 3237 3205 3306 pia:
3226 3237 3524 3299 memoria‘,

1948 3330 2039 3401 qui
2071 3332 2170 3384 fuit
2211 3331 2505 3400 imperator
2538 3341 2744 3395 noster,
2775 3328 2892 3398 pias
2941 3342 3102 3382 voces
3152 3335 3213 3379 ut
3256 3341 3286 3378 a
3322 3324 3526 3395 Spiritu

1920 3424 2123 3512 “editas
2145 3424 2547 3490 cegnoscimus,
2603 3430 2658 3476 et
2704 3432 2951 3491 posteros
2989 3429 3211 3475 nostros
3242 3420 3524 3483 docemus,

1946 3514 2039 3582 qui
2070 3512 2417 3566 Theodorum
2454 3510 2801 3580 Mopsuestia
2826 3510 3061 3565 Nestorii
3096 3509 3443 3580 magistrum,
3475 3518 3530 3562 et

1945 3605 2259 3672 Origenem,
2287 3612 2342 3658 et
2382 3603 2693 3673 Didymum,
2729 3613 2783 3657 et
2812 3601 3131 3672 Evagrium,
3173 3600 3265 3671 qui
3298 3600 3529 3670 gentiles

1945 3696 2162 3751 fabulas
2190 3711 2386 3750 rursus
2426 3694 2581 3749 ﬁctas
2610 3693 2936 3755 retulerunt,
2985 3702 3037 3745 et
3064 3706 3356 3759 corporum
3384 3704 3526 3759 quo-

1945 3790 2198 3845 rumdam
2228 3798 2280 3844 et
2311 3788 2623 3842 animarum
2653 3785 3009 3841 circuitiones
3030 3794 3085 3838 et
3114 3784 3529 3840 immutationes

1944 3897 2039 3938 seu
2065 3880 2576 3953 transmigrationes
2614 3879 2914 3949 deintegro
2945 3879 3384 3940 ruminaverunt,
3409 3876 3526 3931 suis

1944 3972 2273 4042 quibusdam
2311 3971 2513 4025 mentis
2563 3969 2772 4024 deliriis
2802 3984 2865 4023 ac
2898 3968 3126 4022 somniis
3158 3983 3171 4018 :
3205 3973 3260 4018 et
3292 3965 3345 4017 in
3376 3979 3527 4017 mor-

1943 4073 2163 4120 tuorum
2192 4063 2652 4119 resurrectionem
2685 4061 2852 4130 impie
2886 4075 2950 4114 ac
3006 4057 3401 4113 contumeliose
3441 4056 3525 4109 in-

1943 4159 2217 4213 sultarunt
2245 4170 2259 4211 :
2292 4166 2345 4211 et
2377 4172 2498 4226 quae
2530 4171 2560 4208 a
2613 4153 2963 4207 Theodoreto
3020 4152 3221 4220 scripta
3270 4159 3397 4203 sunt
3423 4150 3523 4203 ad-

1942 4264 2137 4305 versus
2209 4257 2411 4302 rectam
2476 4246 2635 4300 ﬁdem
2686 4253 2742 4299 et
2798 4243 3084 4298 duodecim
3123 4240 3265 4295 beati
3328 4239 3521 4309 Cyrilli

1942 4342 2144 4412 capita,
2174 4349 2228 4395 et
2256 4356 2373 4395 eam
2406 4353 2528 4408 quae
2558 4337 2756 4392 dicitur
2782 4334 2887 4390 [hie
2922 4335 3229 4403 epistolam,
3263 4331 3523 4402 synodico

243 4428 563 4497 κεφαλαίων
607 4428 703 4482 τοῦ
754 4429 1026 4499 μακαρίου
1083 4430 1374 4501 Κυρίλλου,
1412 4433 1507 4485 καὶ
1552 4431 1649 4502 τὴν
1691 4431 1838 4500 λεγο¹

1951 4435 2478 4492 anathematizarunt
2529 4442 2585 4488 et
2638 4431 2909 4489 exsecrati
2943 4436 3091 4485 sunt.
3137 4426 3311 4482 Porro
3355 4433 3521 4480 sexta)

244 4523 423 4595 μένην
481 4522 600 4577 Ἰϐα
651 4522 973 4595 ἐπιστολὴν,
1008 4524 1302 4588 συθοδικῶς
1338 4526 1733 4596 ἀνεθεμάτισαν
1766 4544 1825 4579 τε

241 4616 344 4671 καὶ
371 4615 722 4681 έϐδελύξαντο
743 4631 757 4646 ·
802 4617 894 4668 καὶ
926 4615 1024 4687 τὴν
1054 4616 1158 4668 ὑπὸ
1185 4617 1286 4686 τῆς
1329 4616 1555 4686 έναγχός
1602 4634 1663 4687 γε
1700 4635 1826 4672 συν-

240 4706 630 4780 αθροισθείσης
679 4707 822 4760 κατά
859 4709 1063 4777 ταύτην
1100 4707 1199 4779 τὴν
1231 4707 1478 4778 βασιλίδα
1504 4707 1677 4773 πόλιν,
1735 4709 1828 4762 ἐπὶ

238 4802 339 4858 τοῦ
370 4803 431 4854 ἐν
462 4800 582 4873 θεία
608 4803 673 4872 τῇ
701 4800 853 4871 λήξει
873 4801 1167 4870 γενομένου
1192 4800 1348 4871 ἡμῶν
1378 4799 1641 4871 βασιλέως
1675 4802 1829 4854 Κων-

241 4894 528 4949 σταντίνου
570 4897 636 4947 ὲκ
668 4893 771 4962 τῆς
812 4896 971 4961 ἀγίας
1008 4894 1226 4947 συνόδου
1264 4893 1466 4960 πίστιν,
1502 4894 1537 4964 ἦ
1568 4893 1839 4964 μειζόνως·

238 4987 307 5038 τὸ
330 4984 497 5056 κῦρος
526 4983 768 5049 ἐδέξατο,
820 4983 886 5036 δι’
911 4976 986 5037 ὧν
1025 4984 1054 5038 ό
1102 4982 1330 5054 εὐσεϐὴς
1362 4982 1616 5052 βασιλεὺς
1652 5000 1824 5054 σφρα-

240 5078 507 5145 γῖσιτοῦς
549 5074 756 5144 ταύτης
793 5077 993 5145 τόμους
1042 5057 1508 5143 κατησφαλίσατο,
1552 5073 1689 5143 πρὸς
1726 5076 1825 5144 τὴν

238 5173 300 5223 ἐν
327 5169 407 5241 τῷ
438 5167 782 5222 παντὶ-αἰῶνι
802 5166 1120 5236 ἀσφάλειαν,
1147 5168 1239 5219 καὶ
1268 5166 1422 5229 αῦθις
1455 5165 1825 5237 ὁμολογοῦμεν

237 5261 530 5331 φυλάττειν
544 5260 1021 5329 ἀπαρεγχείρητον
1052 5275 1067 5291 ο
1105 5260 1139 5327 ἢ
1169 5257 1261 5311 δύο
1284 5258 1516 5325 φυσικὰς
1549 5258 1821 5329 θελήσεις,

237 5357 354 5425 ήτοι
413 5355 723 5425 θελήματα,
755 5352 851 5406 καὶ
879 5352 972 5405 δύο
1000 5352 1233 5419 φυσικὰς
1263 5350 1563 5421 ἐνεργείας,
1603 5351 1696 5403 ἐπὶ
1724 5350 1824 5419 τῆς

234 5449 502 5520 ἐνσάρκου
544 5443 863 5513 οἰκονομίας
911 5442 1006 5496 τοῦ
1057 5444 1175 5507 ἑνὸς
1212 5443 1419 5513 Κυρίου
1448 5443 1604 5513 ἡμῶν
1644 5444 1821 5513 Ἰησοῦ

232 5538 469 5613 Χριστοῦ
505 5536 604 5592 τοῦ
628 5534 884 5606 ἀληθινοῦ
920 5535 1079 5600 Θεοῦ,
1104 5535 1345 5599 δοξάζειν
1376 5536 1523 5605 ἡμᾶς
1558 5534 1822 5604 θεοφιλῶς

225 5632 528 5702 διεσάφησε
556 5642 573 5657 ·
600 5628 729 5690 τοὺς
747 5625 809 5678 τὸ
837 5625 991 5689 εύθὲς
1015 5626 1113 5695 τῆς
1146 5625 1405 5696 ἀληθείας
1424 5626 1600 5697 δόγμα
1643 5644 1822 5698 παρα-

222 5725 602 5801 χαράξαντας,
631 5721 727 5777 καὶ
742 5718 800 5776 ἒν
839 5718 1052 5792 θέλημα
1069 5720 1163 5774 καὶ⁹
1196 5719 1325 5791 μίαν
1371 5720 1675 5791 ἐνέργειαν,
1727 5720 1821 5774 ἐπὶ

1938 4542 2154 4601 quoque
2176 4539 2380 4581 sanctae
2403 4524 2618 4597 synodi,
2648 4539 2768 4594 quae
2788 4523 2844 4577 in
2873 4522 2976 4576 hac
3001 4519 3219 4576 civitate
3246 4517 3516 4587 imperiali

1935 4620 2039 4676 sub
2070 4619 2209 4674 divae
2240 4619 2520 4672 memoriae
2551 4617 2880 4686 imperatore
2920 4622 3111 4667 nostro
3158 4607 3519 4666 Constantino

1932 4712 2139 4782 pridem
2164 4717 2488 4781 congregata
2538 4708 2734 4773 fuerat,
2768 4706 2952 4771 fidem,
2983 4719 3106 4776 quae
3153 4704 3416 4772 majorem
3448 4718 3513 4757 ex

1929 4820 1995 4860 eo
2030 4804 2343 4858 ﬁrmitatem
2383 4802 2628 4873 accepit,
2686 4800 2851 4873 quod
2879 4798 3002 4869 pius
3051 4799 3351 4867 imperator
3391 4810 3513 4850 eam

1929 4896 2185 4966 scriptam
2245 4909 2347 4950 suo
2414 4894 2697 4964 signaculo
2749 4865 2945 4946 miﬁiiit
3014 4891 3081 4944 ad
3144 4889 3385 4943 futuram
3454 4887 3508 4939 in

1928 4988 2113 5043 omnia
2148 4987 2346 5042 saecula
2384 4986 2754 5049 securitatem,
2780 4999 2891 5039 non
2921 4984 3247 5038 movendam
3276 4995 3373 5035 nec
3395 4979 3510 5049 agi-

1927 5082 2149 5135 tandam
2186 5094 2287 5134 nos
2326 5093 2550 5133 servare
2586 5093 2777 5132 rursus
2806 5076 3158 5146 profitemur;
3206 5088 3327 5142 quae
3371 5071 3505 5126 duas

1924 5172 2201 5227 naturales
2215 5172 2521 5227 voluntates
2540 5186 2634 5223 seu
2648 5169 3214 5235 volitiones,duasque
3232 5163 3509 5219 naturales

1924 5265 2271 5332 operationes
2303 5264 2358 5315 in
2394 5264 2673 5316 incarnata
2714 5262 2877 5314 unius
2911 5258 3127 5315 Domini
3172 5256 3347 5311 nostri
3380 5254 3510 5310 Jesu

1923 5355 2127 5411 Christi
2155 5354 2267 5409 veri
2304 5353 2397 5408 Dei
2428 5353 2735 5408 oeconomia
2789 5366 2889 5406 nos
2920 5350 3008 5420 pie
3059 5347 3273 5416 opinari
3314 5347 3511 5402 debere

1925 5458 2113 5517 aperte
2149 5449 2369 5514 docuit;
2416 5448 2484 5503 iis
2525 5448 2618 5517 qui
2670 5454 2882 5500 rectum
2933 5443 3178 5497 veritatis
3229 5441 3507 5495 decretum

1923 5540 2387 5605 adulteraverant,
2412 5547 2464 5592 et
2491 5551 2653 5591 unam
2684 5536 3018 5590 voluntatem
3046 5547 3110 5586 ac
3132 5533 3504 5605 operationem

1925 5646 2090 5685 unam
2140 5630 2195 5684 in
2236 5646 2345 5686 uno
2378 5630 2612 5686 Domino
2646 5638 2835 5684 nostro
2866 5625 2994 5683 Jesu
3025 5625 3246 5681 Christo
3278 5623 3505 5695 populos

1924 5720 2242 5791 docuerant,
2286 5722 2375 5792 pia
2424 5721 2692 5778 sententia
2722 5717 3101 5775 condemnatis
3129 5759 3142 5786 ,
3193 5715 3501 5781 Theodoro,
