3904 6248
399 275 504 339 417

1579 278 1840 341 ΡΗΟΤΙΙ
1878 279 2382 344 ΡΑΤΒΙΑΒΟΗᾸΞ
2411 285 2520 345 CP.

3538 277 3641 342 448

388 385 739 443 sacerdotalis
803 384 1033 450 ordinis,
1081 385 1171 455 qui
1223 393 1600 455 transgressus
1666 399 1750 443 est
1810 406 1959 456 eum,

2067 391 2156 444 τοῦ
2215 393 2331 455 ἐνὸς
2397 393 2601 463 Κυρίου
2649 391 2743 446 τοῦ
2794 390 2930 447 Θεοῦ
2990 390 3149 462 ἡμῶν
3180 390 3357 458 Ἰησου
3403 389 3642 459 Χριστοῦ

387 481 687 550 inquimus,
704 477 939 543 Pharan,
958 475 1098 546 Cyro
1115 476 1473 541 Alexandriae,
1501 477 1742 533 Honorio
1762 482 1967 535 Bonum

389 570 600 639 Sergio,
630 570 684 639 6
711 567 944 638 Pyrrho,
964 567 1154 632 Paulo,
1195 566 1383 631 Petro,
1412 569 1503 639 qui
1543 570 1597 623 in
1628 572 1730 626 hac
1761 589 1789 626 a
1831 573 1965 640 Deo,

389 671 601 717 servata
635 660 855 715 civitate
880 660 1286 729 prazsederunt;
1318 658 1576 723 Macario,
1603 664 1695 730 qui
1726 664 1827 717 fuit
1856 667 1971 719 An-

390 760 749 815 tiochensium
786 759 1108 828 episcopus,
1137 756 1417 827 Stephano
1437 759 1552 827 ejus
1591 757 1887 827 discipulo,
1921 771 1971 813 et

391 852 678 920 insipiente
707 848 1113 921 Poly'clironio;
1147 850 1251 905 hac
1294 850 1509 905 ratione
1540 851 1744 902 intacto
1769 859 1822 903 et
1862 851 1969 902 illi-

390 945 517 997 hato
542 942 818 996 communi
836 957 1066 1010 corpore
1089 940 1306 995 Domini
1330 941 1501 995 nostri
1520 939 1647 994 Jesu
1672 940 1872 994 Christi
1900 942 1969 993 ab

389 1035 469 1089 eis
507 1045 742 1088 servato.
777 1033 973 1102 Atque,
998 1044 1054 1087 ut
1083 1034 1253 1087 semel
1278 1032 1546 1095 dicamus,
1586 1031 1833 1085 omnium
1874 1030 1969 1101 qui

393 1125 447 1178 in
485 1124 577 1177 Dei
618 1123 861 1178 Ecclesia
906 1124 1103 1177 decora
1152 1133 1583 1188 ornamentaque
1642 1120 1881 1187 luerunt,
1914 1130 1968 1175 et

395 1216 689 1271 luminaria
722 1216 777 1270 in
814 1215 1041 1276 mundo,
1069 1216 1192 1269 vitae
1222 1215 1485 1268 rationem
1516 1214 1841 1279 obtinentia,
1872 1213 1968 1267 ﬁr--

396 1324 541 1363 mam
574 1308 732 1362 ﬁdem
760 1306 957 1371 valere,
1008 1317 1065 1360 et
1094 1322 1264 1376 usque
1296 1308 1359 1360 ad
1394 1307 1576 1360 saeculi
1610 1320 1967 1360 consumma-

400 1398 598 1450 tionem
660 1398 1039 1454 inconcussam
1095 1413 1157 1451 ac
1228 1397 1586 1453 illabefactam
1647 1414 1966 1468 permanere

397 1483 694 1547 sancimus,
752 1500 1051 1555 eorumque
1102 1488 1306 1558 scripta
1355 1504 1419 1543 ac
1451 1490 1667 1543 decreta
1698 1490 1963 1544 divinitus

398 1573 593 1626 tradita
638 1591 651 1626 :
695 1575 1004 1644 rejicientes
1060 1593 1254 1634 omnes
1310 1588 1362 1633 et
1409 1581 1959 1647 anathematizantes,

396 1678 535 1730 quos
572 1665 879 1733 rejecerunt
921 1675 973 1720 et
1029 1668 1589 1737 anathematizarunt,
1626 1680 1685 1725 ut
1717 1672 1960 1726 veritatis

394 1750 672 1815 inimicos,
708 1760 763 1806 et
803 1753 894 1821 qui
934 1753 1195 1807 adversus
1248 1753 1416 1808 Deum
1452 1757 1686 1810 inaniter
1716 1756 1956 1811 fremue-

393 1852 543 1904 runt,
571 1852 625 1896 et
655 1843 995 1911 iniquitatem
1026 1844 1080 1897 in
1113 1845 1280 1897 altum
1311 1848 1551 1900 meditati
1574 1857 1718 1901 sunt.
1754 1846 1809 1901 Si
1837 1849 1959 1917 quis

392 1943 575 1987 autem
616 1949 680 1986 ex
720 1934 977 1989 omnibus
1011 1936 1267 2003 praedicta
1318 1936 1537 2004 pietatis
1579 1938 1796 1992 decreta
1850 1954 1958 1993 non

391 2028 537 2075 tenet
566 2030 617 2075 et
644 2021 1011 2089 amplectitur,
1046 2025 1235 2094 sicque
1286 2024 1539 2093 opinatur
1580 2034 1633 2079 et
1679 2027 1957 2095 praedicat,

389 2112 483 2168 sed
519 2113 585 2166 iis
623 2122 810 2168 contra
844 2115 1121 2170 adversari
1147 2126 1395 2179 conatur,
1431 2116 1503 2169 sit
1531 2117 1843 2180 anathema,
1874 2134 1961 2173 sc-

388 2206 627 2259 cundum
666 2209 815 2275 prius
862 2210 1168 2277 expositam
1218 2209 1614 2264 declaratorum
1648 2220 1964 2265 sanctorum

386 2307 440 2351 et
468 2297 751 2352 beatorum
787 2299 1006 2354 Patrum
1041 2303 1320 2355 decretum
1342 2344 1357 2366 ,
1400 2316 1429 2355 a
1472 2301 1793 2356 Christiano
1824 2318 1963 2372 quo-

384 2401 493 2454 que
533 2388 784 2457 catalogo
818 2398 875 2441 ut
912 2389 1123 2443 alienus
1155 2389 1479 2442 extrudatur
1507 2396 1560 2441 et
1585 2387 1823 2441 excidat.
1852 2388 1962 2444 Nos

382 2479 526 2533 enim
555 2480 709 2548 juxta
743 2481 895 2549 prius
924 2482 1140 2535 deﬁnita
1198 2497 1403 2566 neque.
1431 2480 1636 2549 aliquid
1696 2478 1954 2545 adjicere,

383 2584 557 2639 neque
573 2573 871 2641 quidquam
890 2572 1127 2629 adimere
1146 2573 1370 2628 omnino
1389 2572 1707 2639 statuimus,
1737 2570 1820 2626 vel
1848 2573 1956 2628 ullo

382 2665 547 2719 modo
575 2666 875 2735 potuimus.

455 2960 541 3015 75.
574 2950 708 3014 Cum
740 2976 871 3015 crux
909 2961 1073 3016 nobis
1101 2962 1313 3017 viviﬁca
1354 2971 1596 3019 satutare
1629 2964 1952 3028 ostenderit,

386 3070 485 3108 nos
523 3054 573 3123 7
600 3070 813 3107 onmem
844 3054 1177 3123 diligentiam
1218 3055 1477 3109 adhibere
1527 3065 1761 3126 oportet,
1792 3066 1850 3110 ιιι
1880 3058 1950 3121 ei,

2072 484 2197 545 τοὺς
2236 484 2396 546 λαοὺς
2448 483 2851 547 ἐκδιδάξανταςο
2882 485 2947 553 τῇ
2996 486 3096 553 τῆς
3152 481 3435 544 εὐσεϐείας
3483 481 3647 551 ψήφῳ

2072 574 2481 627 καταδικάσασα
2502 590 2514 603 ·
2542 576 2721 645 φαμὲν
2752 576 3024 645 Θεόδωρον
3060 574 3151 626 τὸν
3174 577 3271 643 τῆς
3298 574 3504 643 Φαράν,
3534 574 3648 625 Κῦ-

2072 683 2163 735 ρον
2222 664 2313 717 τὸν
2360 664 2780 735 Ἀλεξανδρείας,
2820 664 3076 734 Ὀνώριον
3119 664 3210 717 τὸν
3261 663 3483 734 Ῥώμης
3527 664 3646 732 (5),

2069 758 2314 825 Σέργιον,
2376 754 2608 826 Πύρρον,
2660 756 2894 821 Παῦλον,
2952 756 3181 828 Πέτρον,
3217 755 3344 819 τούς
3382 757 3441 808 ἐν
3473 756 3647 826 ταύτῃ

2065 849 2130 914 τῇ
2189 845 2539 916 θεοφυλάκτῳ
2586 846 3054 917 προεδρεύσαντας
3107 847 3279 909 πόλει,
3332 846 3646 917 Μακάριον,

2068 935 2160 989 τὸν
2193 936 2485 1006 γενόμενον
2501 938 2598 1006 τῆς
2654 937 2970 1007 Ἀντιοχέων
3017 937 3337 999 ἐπίσκοπον,
3370 938 3647 1004 Στέφανον

2066 1026 2158 1079 τὸν
2182 1026 2346 1079 αὐτοῦ
2382 1028 2650 1099 μαθητὴν,
2701 1030 2791 1080 καὶ
2830 1028 2919 1080 τὸν
2977 1028 3185 1097 ἄφρονα
3242 1028 3606 1097 Πολυχρόνιον
3631 1044 3647 1060 ο

2067 1117 2313 1170 ἐντεῦθεν
2343 1118 2617 1187 ἀνέπαφον
2645 1119 2886 1189 τηροῦσα
2914 1120 2976 1170 τὺ
3007 1119 3183 1171 κοινὸν
3210 1119 3368 1188 σῶμα
3408 1118 3647 1187 Χριστοῦ

2065 1208 2159 1260 τοῦ
2182 1208 2316 1261 Θεοῦ
2348 1209 2503 1279 ἡμῶν
2523 1225 2537 1241 ο
2571 1212 2665 1262 καὶ
2700 1209 2972 1263 συνελόντι
3005 1210 3169 1277 φάναι
3205 1210 3425 1263 πάντων
3461 1210 3572 1262 τῶν
3592 1211 3649 1260 ὲν

2065 1301 2129 1368 τῇ
2160 1299 2252 1351 τοῦ
2276 1300 2411 1352 Θεοῦ
2452 1300 2748 1372 Ἐκκλησία
2777 1301 2864 1353 δια
2876 1300 3196 1370 πρεψάντων
3223 1300 3456 1370 ἀνδρῶν,
3481 1300 3530 1351 οἳ
3552 1316 3648 1367 γε·

2065 1390 2291 1457 γόνασιν
2317 1393 2374 1443 ἐν
2428 1392 2616 1461 κόσμῳ
2658 1394 2964 1462 φωστῆρες,
2999 1392 3156 1461 λόγον
3185 1393 3328 1461 ζωῆς
3358 1392 3648 1461 ἐπέχοντες

2062 1481 2162 1546 τὴν
2183 1481 2367 1533 πίστιν
2418 1487 2637 1553 κρατεῖν
2669 1484 2890 1554 βεϐαίαν
2926 1501 2941 1516 ν
2993 1485 3083 1538 καὶ
3121 1486 3285 1553 μέχρι
3331 1484 3643 1546 συντελείας

2062 1571 2158 1625 τοῦ
2186 1574 2383 1636 αἰῶνος
2412 1575 2705 1628 ἀσάλευτον
2754 1576 3031 1645 διαμένειν
3070 1574 3422 1644 θεσπίζομεν.
3459 1575 3551 1626 καὶ
3575 1576 3642 1625 τα

2065 1663 2247 1717 αὐτῶν
2281 1664 2653 1734 θεοπαράδοτα
2682 1665 3091 1735 συγγράμματά
3128 1681 3186 1718 τε
3229 1664 3323 1716 καὶ
3348 1664 3595 1733 δόγματα
3621 1679 3636 1694 ·

1996 1728 2036 1782 Β
2065 1752 2273 1816 πάντας
2293 1728 2723 1825 ἀποϐάλλόμενοί
2741 1728 2809 1807 τε⁷
2827 1728 2916 1808 3ιαὶ
2939 1728 3429 1823 ἀναθεματίζοντες
3548 1754 3645 1822 τῆς

2064 1844 2319 1913 ἀληθείας
2344 1845 2589 1916 ἐλθροίις,
2616 1847 2710 1899 καὶ
2743 1848 2885 1900 κατὰ
2905 1847 3039 1900 Θεοῦ
3064 1846 3479 1916 φρυαξαμὲνους
3495 1846 3644 1906 κενὰ,

2062 1936 2156 1989 καὶ
2177 1937 2387 1991 ἀδικίαν
2418 1940 2499 2001 εἰς
2534 1938 2665 2006 eoo;
2712 1940 3206 2009 ἐκμελετήσαντας.
3257 1939 3318 1990 Εἰ
3343 1937 3399 1989 δέ
3433 1954 3517 1999 τις
3538 1936 3645 1989 τῶν

2064 2028 2318 2081 ἁπάντων
2341 2044 2355 2058 ⁶
2408 2029 2502 2082 καὶ
2553 2030 2623 2083 τὰ
2673 2031 3052 2101 προειρημένα
3078 2031 3175 2097 τῆς
3212 2029 3504 2091 εὐσεϐείας
3540 2027 3635 2079 δό-

2062 2137 2255 2189 γματα
2277 2125 2499 2191 κρατεῖν
2533 2122 2858 2185 ἀσπάζεται,
2879 2121 2974 2173 καὶ
3014 2121 3184 2182 οὕτως
3213 2119 3423 2183 δοξάζει
3457 2135 3515 2169 τε
3553 2120 3647 2169 καὶ

2064 2211 2344 2282 κηρύττει,
2388 2212 2501 2265 ἀλλ’
2534 2212 2591 2278 ἐξ
2635 2214 2884 2277 ἐναντίας
2937 2214 3076 2265 ἱέναι
3109 2212 3315 2265 τούτων
3350 2210 3641 2279 ἐπιχειρεῖ,

2063 2301 2205 2356 ἔστω
2244 2304 2511 2373 ἀνάθεμα,
2537 2305 2678 2357 κατὰ
2706 2305 2795 2357 τὸν
2826 2306 2925 2375 ἤδη
2955 2303 3355 2375 προεκτεθέντα
3380 2303 3506 2371 ὅρον
3540 2301 3645 2353 ὐπὸ

2063 2393 2172 2447 τῶν
2202 2394 2657 2463 προδηλωθέντων
2686 2396 2858 2463 ἀγίων
2900 2396 2997 2448 καὶ
3030 2394 3316 2464 μακαρίων
3346 2394 3645 2462 Πατέρων,

2063 2485 2283 2538 καὶτοῦ
2341 2486 2681 2555 Χριστιανῶν
2725 2486 3030 2553 καταλόγου
3072 2485 3147 2549 ὡς
3202 2486 3485 2555 ἀλλότριος
3552 2486 3644 2550 ἐξ·

2076 2574 2326 2627 ωθείσθω
2362 2576 2457 2628 καὶ
2496 2576 2857 2645 ἐκριπτέσθω.
2904 2577 3093 2645 Ἡμεῖς
3146 2577 3254 2644 γὰρ
3296 2575 3423 2629 οὐτε
3474 2592 3650 2646 προσ-

2061 2666 2264 2720 τιθέναι
2292 2684 2363 2727 τι,
2397 2666 2519 2719 οὐτε
2563 2668 2667 2738 μὴν
2697 2668 2945 2737 ὑφαιρεῖν
2975 2668 3115 2720 κατά
3138 2668 3206 2721 τὰ
3230 2667 3647 2737 προορισθέντα,

2063 2758 2337 2822 παντελῶς
2365 2758 2757 2829 διεγνώκαμεν,
2792 2761 2824 2831 ἢ
2856 2760 2976 2814 καθ’
3011 2760 3285 2814 ὁντιναοῦν
3313 2759 3650 2832 δεδυνήμεθα

2061 2852 2234 2921 λόγον.

2126 2966 2226 3035 ογ’.
2258 2965 2364 3019 Τοῦ
2388 2964 2650 3031 ζωοποιοῦ
2687 2967 2920 3036 σταυροῦ
2964 2965 3244 3032 δείξαντος
3283 2967 3421 3035 ἡμῖν
3451 2966 3515 3019 τὺ
3547 2984 3650 3020 σω·

2055 3059 2269 3130 τήριον,
2304 3060 2487 3113 πᾶσαν
2522 3060 2758 3129 σπουδὴν
2788 3061 2936 3130 ἡμᾶς
2962 3058 3171 3111 τιθέναι
3203 3060 3310 3127 χρὴ
3342 3057 3441 3110 τοῦ
3480 3060 3650 3131 τιμὴν

386 3159 480 3211 per
517 3158 678 3211 quam
724 3144 791 3195 ab
835 3146 1062 3213 antiquo
1114 3144 1267 3213 lapsu
1316 3145 1510 3199 salvati
1560 3161 1778 3209 sumus,
1833 3161 1955 3200 cum

2067 3152 2155 3222 τὴν
2182 3151 2340 3216 ἀξίαν
2372 3152 2680 3206 ἀποδιδόναι
2702 3152 2778 3222 τῷ
2796 3153 2862 3205 δι’
2880 3147 2939 3206 οὐ
2959 3150 3283 3221 σεσώσμεθα
3298 3150 3394 3203 τοῦ
3419 3153 3651 3206 παλαιοῦ

384 3248 545 3302 quem
584 3250 679 3302 par
708 3243 793 3290 est
835 3236 1098 3289 honorem
1143 3236 1460 3291 habeamus.
1509 3235 1877 3301 Quamobrem
1911 3248 1966 3293 et

386 3333 585 3388 mente,
618 3332 673 3378 et
714 3340 989 3389 sermone,
1047 3333 1101 3378 et
1128 3340 1294 3380 sensu
1347 3326 1724 3380 adorationem
1779 3327 1829 3380 ei
1863 3327 1964 3381 tri-

384 3414 634 3479 buentes,
690 3415 871 3467 crucis
908 3414 1127 3483 ﬁguras,
1184 3430 1305 3482 quze
1352 3430 1382 3468 a
1438 3416 1718 3470 nonnullis
1758 3415 1810 3469 in
1850 3417 1966 3473 solo

385 3519 449 3558 ac
498 3506 808 3572 pavimento
864 3505 1019 3570 ﬁunt,
1074 3506 1297 3559 omnino
1364 3506 1842 3574 delerijubemus,
1900 3522 1969 3561 ne

386 3595 751 3650 incedentium
816 3596 1235 3651 conculcatione
1300 3597 1551 3651 victoriae
1626 3597 1786 3651 nobis
1846 3607 1959 3651 tro-

386 3704 559 3757 pmum
591 3688 788 3757 injuria
828 3689 1113 3744 alﬁciatur.
1162 3689 1270 3745 Eos
1305 3691 1510 3759 itaque,
1562 3690 1654 3759 qui
1704 3690 1959 3760 deinceps

387 3778 568 3833 crucis
606 3779 821 3848 signum
848 3780 900 3834 in
935 3781 1052 3836 solo
1077 3790 1423 3847 construunt,
1456 3779 1733 3850 segregari
1766 3782 1960 3836 decer-

389 3885 596 3924 nimus.

454 4002 544 4057 8|.
586 4002 855 4067 Quoniam
898 4004 951 4058 in
1018 4003 1299 4059 nonnullis
1372 4002 1508 4058 locis
1558 4001 1848 4059 didicimus
1900 4004 1954 4059 in

2062 3242 2511 3313 παραπτώματος
2538 3261 2554 3276 ο
2586 3244 2710 3297 ὅθεν
2738 3245 2832 3296 καὶ
2856 3242 2931 3312 νῷ
2952 3242 3045 3296 καὶ
3079 3242 3223 3312 λόγῳ
3252 3243 3347 3295 καὶ
3378 3244 3653 3314 αἰσθήσει,

2061 3334 2160 3406 τὴν
2214 3335 2593 3406 προσκύνησιν
2638 3334 2788 3405 αὐτῷ
2840 3334 3228 3403 ἀπονέμοντες,
3285 3335 3417 3397 τοὺς
3477 3338 3535 3389 ἐν
3578 3336 3656 3405 τῷ

2064 3424 2247 3493 ἐδάφει
2274 3424 2371 3476 τοῦ
2398 3424 2638 3495 σταυροῦ
2669 3424 2873 3487 τύπους
2904 3424 3009 3476 ὐπό
3039 3441 3201 3476 τινων
3236 3427 3658 3489 κατασκευαζο-

2069 3514 2283 3585 μένους,
2315 3514 2736 3583 ἐξαφανίζεσθαι
2770 3517 3039 3577 παντοίως
3087 3515 3509 3586 προστάσσομεν
3531 3534 3546 3546 ·
3581 3518 3658 3582 ὡς

2016 3618 2021 3623 ’
2064 3605 2130 3659 ἂν
2159 3607 2234 3679 μὴ
2258 3610 2323 3678 τῇ
2362 3606 2471 3659 τῶν
2506 3606 2839 3677 βαδιζόντων
2854 3608 3254 3676 καταπατήσει,
3288 3609 3350 3660 τὸ
3376 3609 3480 3678 τῆς
3502 3610 3660 3678 νίκης

2064 3699 2195 3768 ἡμῖν
2223 3699 2483 3769 τρόπαιον
2534 3699 2871 3770 ὲξυϐρίζοιτο
2895 3714 2909 3729 ο
2944 3700 3072 3762 τοὺς
3120 3694 3214 3752 οῦν
3252 3700 3362 3752 ἀπὸ
3407 3701 3502 3753 τοῦ
3562 3699 3658 3755 νῦν

2068 3788 2301 3857 σταυροῦ
2379 3788 2551 3842 τύπον
2618 3789 2713 3842 ἐπὶ
2782 3788 3011 3858 ἐδάφους
3092 3789 3652 3856 κατασκευάζοντας,

2064 3876 2319 3948 ὁρίζομεν
2363 3877 2741 3947 ἀφορίζεσθαι.

2134 4009 2246 4065 πα’.
2292 4010 2620 4081 Ἐπειδήπερ
2660 4009 2718 4063 ἐν
2754 4027 2864 4063 τισι
2896 4008 3099 4081 χώραις
3130 4009 3563 4081 μεμαθήκαμεν.
3590 4013 3652 4063 ἐν

385 4093 606 4164 hymno,
629 4110 739 4162 quo
780 4104 858 4149 ter
894 4106 1116 4151 sanctus
1171 4098 1408 4158 canitur,
1445 4096 1801 4151 additamenti
1836 4098 1957 4151 loco

2067 4100 2134 4170 τῷ
2179 4100 2458 4171 Τρισαγίῳ
2520 4100 2689 4170 ὕμνῳ,
2740 4102 2797 4154 ἐν
2825 4100 3143 4171 προσθήκης
3187 4102 3344 4171 μέρει
3389 4104 3658 4172 ἐκφωνεῖ-

380 4185 485 4238 dici
535 4195 659 4253 post
705 4186 857 4249 illud,
940 4187 1175 4241 Sanctus
1229 4187 1578 4252 immortalis,
1653 4187 1778 4252 hoc,
1846 4186 1953 4251 Qui

2067 4192 2183 4245 σθαι
2219 4192 2357 4261 μετά
2378 4192 2457 4258 τὸ,
2486 4192 2675 4259 ’Ἄγιος
2694 4192 2977 4257 ἀθάνατος,
2996 4194 3024 4244 ὁ
3047 4210 3178 4246 σταυ
3188 4193 3382 4262 ρωθεὶς
3402 4194 3467 4245 δι’
3484 4195 3655 4263 ἡμᾶς,

384 4276 677 4330 cruciﬁxus
717 4292 775 4331 es
828 4294 924 4347 pro
973 4279 1147 4343 nobis,
1212 4279 1471 4333 miserere
1541 4280 1734 4334 nostri.
1766 4279 1819 4332 Id
1862 4295 1960 4333 au-

2067 4283 2279 4354 ἐλέησον
2308 4284 2477 4351 ἡμᾶς.
2513 4281 2684 4335 Τοῦτό
2720 4300 2780 4335 τε
2832 4283 2938 4335 ὐπὸ
2971 4283 3079 4335 τῶν
3122 4284 3289 4337 πάλαι
3331 4284 3505 4351 ἁγίων
3540 4285 3659 4335 H1-

384 4376 491 4421 tem
519 4369 587 4422 ab
615 4370 855 4438 antiquis
894 4370 1098 4426 sanctis
1133 4370 1402 4435 Patribus,
1439 4380 1497 4425 ut
1528 4387 1555 4425 a
1588 4371 1790 4440 pietate
1827 4372 1960 4426 alie-

2067 4374 2253 4442 τέρων,
2284 4374 2359 4436 ὡς
2386 4374 2485 4444 τῆς
2533 4372 2817 4437 εὐσεϐείας
2861 4374 3144 4446 ἀλλότριον
3174 4377 3239 4428 ἐκ
3282 4375 3375 4429 τοῦ
3410 4375 3657 4428 τοιούτου

386 4474 537 4523 num,
570 4475 634 4513 ex
688 4460 791 4513 hoc
826 4460 1027 4531 hymno
1081 4461 1315 4529 ejectum
1372 4474 1455 4516 est
1509 4477 1633 4515 cum
1696 4460 1958 4516 scelerato

2067 4433 2315 4536 ἀπηλάθη
2342 4433 2544 4534 ⁷ὕμνου,
2583 4466 2680 4519 σὺν
2712 4433 2930 4537 τῷϋτὴν
2973 4433 3230 4539 τοιαύτην
3257 4467 3443 4537 φωνὴν
3490 4485 3657 4520 καιν-

384 4549 642 4604 haeretico
674 4550 772 4621 (2),
804 4552 897 4621 qui
934 4551 1075 4605 hanc
1105 4568 1295 4606 vocem
1332 4553 1609 4606 innovavit
1643 4572 1656 4607 :
1695 4568 1795 4608 nos
1826 4568 1960 4623 quo-

2067 4559 2383 4629 ουργήσαντι
2414 4557 2715 4628 παρανόμῳ
2767 4558 3030 4631 αίρετικῷ
3049 4576 3062 4588 ·
3092 4561 3185 4612 καὶ
3210 4561 3375 4629 ἡμεῖς
3420 4558 3657 4628 κυροῦν-

390 4656 498 4709 que
537 4644 930 4698 conﬁrmantes
970 4659 1058 4710 ea,
1093 4660 1214 4713 quae
1247 4660 1275 4698 a
1309 4646 1515 4699 sanctis
1549 4647 1752 4700 nostris
1782 4646 1960 4699 Patri-

2067 4666 2149 4711 τες
2184 4649 2252 4701 τὰ
2279 4648 2408 4717 περὶ
2441 4648 2549 4701 τῶν
2578 4647 2751 4717 ἁγίων
2781 4650 3047 4721 Πατὲρων
3069 4650 3226 4720 ἡμῶν
3254 4651 3382 4720 πρὶν
3409 4648 3659 4712 εὐσεϐῶς

381 4732 485 4788 bus
536 4736 691 4803 prius
740 4736 826 4805 pie
867 4738 1169 4791 constituta
1224 4746 1373 4801 sunt,
1432 4738 1960 4792 anathematizamus

2067 4738 2554 4809 θεσμοθετηθέντα,
2587 4738 3058 4810 ἀναθεματίζομεν
3096 4742 3222 4803 τοὺς
3266 4739 3346 4792 ἔτι
3383 4739 3526 4809 μετά
3560 4737 3656 4790 τὸν

378 4836 496 4883 eos,
544 4825 638 4892 qui
678 4834 799 4893 post
841 4841 1083 4896 prmsens
1127 4828 1406 4881 decretum
1450 4828 1722 4897 ejusmodi
1772 4844 1959 4882 vocem

377 4913 678 4970 admittunt
726 4916 780 4971 in
813 4920 1083 4983 ecclesiis,
1130 4921 1214 4973 vel
1255 4920 1442 4989 aliquo
1494 4920 1602 4973 alio
1637 4920 1796 4974 modo
1830 4936 1959 4974 san-

376 5004 624 5062 ctissimo
656 5006 858 5079 hymno
881 5010 1205 5080 adjungunt.
1233 5009 1297 5065 Et
1327 5011 1371 5065 si
1397 5020 1481 5066 est
1511 5011 1732 5081 quidem
1770 5027 1955 5067 sacer-

2062 4829 2307 4898 παρόντα
2359 4831 2484 4901 ὅρον
2534 4830 3010 4901 παραδεχομένους
3053 4830 3153 4900 τὴν
3201 4829 3461 4900 τοιαύτην
3509 4828 3657 4883 οὕτω

2064 4919 2248 4990 φωνὴν
2294 4920 2381 4972 ἐπ’
2434 4920 2770 4991 ἐκκλησίαις,
2802 4921 2835 4991 ἦ
2866 4921 3044 4984 ἄλλως
3084 4936 3199 4983 πως
3242 4920 3320 4991 τῷ
3367 4919 3657 4991 Τρισαγίῳ

2063 5011 2219 5083 ὕμνῳ
2264 5016 2656 5078 συνάπτοντας.
2706 5012 2815 5066 Καὶ
2852 5014 2900 5066 εί
2947 5012 3049 5084 μέν
3104 5012 3380 5084 ίερατικός
3438 5014 3586 5065 ἐστιν
3624 5014 3656 5065 ὁ

1923 5191 2154 5250 NOTAE.

449 5347 529 5417 (5)
592 5347 668 5425 De
714 5350 1079 5425 qualicunque
1139 5352 1365 5409 Honorii
1420 5355 1473 5408 in
1529 5363 1684 5411 sexta
1743 5355 1953 5425 synodo

376 5418 747 5494 damnatione,
788 5418 1005 5476 diutius
1034 5437 1142 5477 non
1174 5434 1257 5479 est
1283 5425 1669 5494 disputandum
1695 5418 1818 5494 post
1846 5426 1952 5478 Ba-

376 5489 592 5543 ronium
618 5500 1053 5565 consecutosque
1068 5489 1683 5565 polemicos'plurimos.
1697 5489 1817 5565 Ego
1848 5496 1951 5565 hoc

381 5574 550 5634 unum
581 5560 903 5634 _adnot_abo,_
938 5560 1093 5630 quod,
1138 5580 1328 5634 nempe
1384 5560 1438 5618 in
1480 5566 1659 5619 libello
1688 5560 1950 5634 synodico

384 5628 526 5698 apud
570 5626 995 5702 Justcllum'jur.
1027 5649 1148 5690 can.
1187 5626 1278 5705 gr:
1315 5634 1377 5689 Τ.
1418 5636 1479 5700 ll,
1518 5652 1549 5705 p
1620 5626 1949 5690 ιεοΒ-ινιοῡ.

2060 5355 2114 5409 in
2149 5354 2247 5426 ltot
2289 5354 2412 5411 aliis
2443 5355 2721 5426 synodicis
2763 5353 3213 5426 damnationibus
3261 5352 3654 5407 monothclita-

2058 5440 2181 5478 rum
2210 5424 2408 5494 Sergii,
2443 5424 2664 5496 Pyrrhi,
2702 5435 2758 5479 et
2800 5426 2951 5496 Cyri,
2988 5425 3211 5496 Honorii
3253 5438 3454 5496 nomen
3490 5438 3652 5496 prori-

2059 5510 2155 5550 sus
2181 5491 2630 5565 reticetnr;'quae
2660 5512 2748 5550 res
2794 5491 2913 5551 sine
2957 5494 3207 5565 veritatis
3254 5491 3499 5561 impulsu
3532 5493 3649 5545 ﬁeri

2060 5573 2168 5644 tam
2204 5562 2544 5622 concorditer
2566 5582 2597 5623 a
2637 5565 2863 5636 Graecis,
2895 5566 3041 5622 Italis
3112 5562 3370 5634 Afrisque
3400 5578 3512 5618 non
3546 5578 3651 5633 po-

2064 5643 2188 5691 tuit.
