3886 6240
223 318 327 384 M9

1126 315 1523 377 SYNTAGMA
1556 306 1939 374 CANONUM.
1979 333 2048 346 —
2081 306 2230 367 TIT.
2259 305 2308 379 Ι,
2342 303 2500 364 CAP.
2542 302 2625 364 ΙΙ.

3388 295 3491 364 450

243 432 581 506 παραϐάτης
607 432 717 487 τῶν
760 429 1110 503 όρισθέντων,
1149 425 1593 498 ἀπογυμνοῦσθαι
1631 422 1820 477 τοῦτον

1922 416 2088 471 dotali
2129 416 2390 485 dignitate
2416 412 2619 483 privari
2642 411 2902 480 jnbemus
2936 427 2950 466 :
2983 410 3069 466 sin
3101 417 3283 465 autem
3317 407 3491 463 laicus

221 527 319 597 τῆς
351 526 639 596 ἱερατικῆς
682 524 839 590 ἀξίας
880 521 1325 595 προστάσσομενο
1360 520 1410 571 εί
1454 517 1513 571 δὲ
1548 514 1799 585 λαῖκδςῆ

226 617 483 690 μοναχδς,
512 616 888 686 ἀφορίζεσθαι.

330 708 551 763 Βιδλίον
575 711 655 773 A',
681 709 786 763 τίτ.
822 708 891 772 α’,
925 704 1164 769 διάταξις
1189 709 1261 768 α’,
1302 701 1365 768 ε’,
1398 707 1450 767 ς’
1471 740 1486 765 ,
1522 700 1586 765 ζ’,
1618 705 1691 764 η’.

292 800 550 854 ΚΕΦΑΛ.
574 801 649 854 B'.
677 832 745 845 —
764 799 977 864 Ποίους
995 797 1088 851 δεῖ
1104 796 1363 860 κανόνας
1384 793 1647 862 κρατεῖν.

558 974 784 1029 Συνόδου
814 973 1155 1046 Χαλκηδόνος
1187 975 1368 1028 κανὼν
1397 981 1465 1028 α’.

295 1074 365 1122 α’.
396 1068 538 1133 Τοὺς
576 1068 727 1140 παρὰ
757 1068 863 1120 τῶν
910 1068 1083 1137 ἁγίων
1114 1068 1374 1139 Πατέρων
1410 1067 1531 1119 καθ’
1562 1064 1797 1133 ἑκάστην

220 1161 444 1215 σύνοδον
490 1162 617 1233 ἄχρι
650 1162 744 1215 τοῦ
772 1160 869 1216 νῦν
906 1159 1224 1224 έκτεθέντας
1272 1160 1527 1226 κανόνας,
1578 1161 1799 1229 κρατεῖν

219 1254 648 1324 ὲδικαιὼσαμεν.

512 1345 778 1401 Συνόδου
811 1342 1225 1412 Καρθατέννης
1252 1342 1452 1397 κανὼν
1483 1349 1551 1398 α’.

298 1436 366 1490 α’.
416 1437 603 1490 Ταῦτα
659 1436 833 1499 οὕτως
871 1438 1002 1505 παρ’
1040 1437 1170 1505 ἡμῖν
1204 1434 1394 1506 ἔχοντα
1445 1434 1514 1487 τὰ
1551 1433 1641 1488 ἴσα
1692 1433 1800 1487 τῶν

216 1530 576 1600 όρισθέντων,
605 1529 745 1600 ειπερ
798 1529 918 1581 τότε
949 1531 996 1581 οἱ
1038 1529 1280 1598 Πατέρες
1320 1528 1477 1598 ἡμῶν
1509 1529 1572 1580 ὲκ
1608 1526 1708 1597 τῆς
1741 1528 1799 1581 ὲν

218 1624 434 1692 Νικαίᾳ
456 1623 672 1675 συνόδου
708 1622 824 1693 μεθ’
863 1620 1075 1675 ἑαυτῶν
1112 1622 1425 1690 κατήγαγον
1444 1636 1457 1651 ⁸
1492 1614 1561 1694 ἦς
1589 1620 1679 1673 τὸν
1702 1619 1801 1671 τύ-

222 1731 329 1764 πον
379 1711 717 1781 φυλάττοντα
767 1712 833 1765 τὰ
891 1712 1135 1780 ἑπόμενα
1182 1712 1278 1766 καὶ
1334 1709 1625 1782 ὁρισθέντα
1670 1709 1798 1781 παρ’

220 1808 256 1875 ἡ
264 1805 409 1874 μῶν,
447 1803 815 1873 βεϐαιωθέντα
845 1803 1211 1873 φυλαχθῶσιν.

442 1897 715 1950 Συνόδου
745 1895 1161 1964 οἱκουμενικῆς
1196 1902 1270 1960 ς’,
1301 1894 1501 1949 κανὼν
1530 1893 1594 1965 β’.
1821 1960 1827 1966 α

296 1988 566 2059 β’.Ἔδοξε
603 1989 660 2041 δὲ
692 1990 786 2042 καὶ
810 1988 967 2041 τοῦτο
1001 1992 1065 2059 τῇ
1090 1989 1221 2059 ἁγίᾳ
1248 1988 1420 2059 ταύτῃ
1450 1987 1651 2055 συνόδῳ
1676 1984 1809 2040 κάλ-

217 2083 387 2135 λιστά
420 2099 478 2134 τε
526 2080 621 2133 καὶ
676 2081 1090 2141 σπουδαιότατα,
1122 2080 1261 2133 ὥστε
1321 2080 1501 2150 μένειν
1555 2078 1648 2131 καὶ
1702 2078 1810 2131 ἀπὸ

218 2175 323 2226 τοῦ
356 2174 452 2225 νῦν
499 2173 748 2242 βεϐαίους
797 2175 891 2225 καὶ
920 2172 1209 2241 ἀσφαλεῖς,
1248 2172 1386 2241 πρὸς
1414 2170 1599 2241 ψυχῶν
1645 2168 1808 2239 θερα-

222 2268 393 2318 πείαν
424 2266 521 2317 κει.)⁸
554 2265 793 2335 ἰατρείαν
840 2262 1053 2326 παθῶν,
1081 2264 1206 2325 τοὺς
1249 2262 1354 2315 ὑπὸ
1384 2262 1493 2315 τῶν
1522 2262 1627 2331 πρὸ
1654 2261 1813 2333 ήμῶν

226 2354 407 2419 ἁγίων
442 2353 533 2403 καὶ
564 2351 849 2422 μακαρίων
891 2353 1150 2421 Πατέρων
1178 2350 1466 2421 λεχθέντας
1495 2352 1589 2405 καὶ
1628 2368 1813 2422 κυρω-

223 2445 449 2509 θέντας,
494 2443 628 2497 ἀλλά
678 2442 784 2514 μὴν
811 2443 908 2496 καὶ
958 2444 1361 2513 παραδοθέντας
1403 2446 1553 2514 ἡμῖν,
1589 2444 1813 2511 ὀνόματι

222 2536 344 2589 τῶν
396 2534 565 2602 ἁγίων
611 2535 706 2588 καὶ
768 2535 994 2599 ἐνδόξων
1037 2534 1385 2601 ἀποστόλων,
1421 2534 1506 2587 πε¹
1556 2534 1810 2598 κανόνας.

246 2628 472 2698 Ἐπειδὴ
499 2628 554 2681 δὲ
579 2630 638 2681 έν
662 2626 870 2691 τούτοις
907 2628 1020 2691 τοῖς
1049 2628 1268 2683 κανόσιν
1304 2627 1638 2690 ἤντέταλται,
1662 2626 1815 2696 δέχε-

230 2719 365 2772 σθαι
393 2721 539 2788 ἡμᾶς
564 2720 663 2782 τὰς
685 2719 791 2772 τῶν
818 2720 998 2773 αὐτῶν
1024 2720 1192 2787 ἁγίων
1219 2720 1533 2773 ἀποστόλων
1555 2720 1643 2773 διὰ
1670 2719 1817 2789 Κλή-

231 2827 431 2882 μεντος
454 2810 745 2876 διατάξεις,
763 2807 966 2864 αἷστισι
1014 2812 1180 2864 πάλαι
1211 2811 1316 2864 ὑπὸ
1342 2811 1451 2864 τῶν
1472 2813 1557 2864 έτε
1568 2812 1813 2881 ροδόξων,

229 2903 329 2955 ἐπὶ
358 2902 505 2974 λύμῃ
536 2906 635 2974 τῆς
673 2902 1021 2974 Ἐκκλησίας,
1050 2903 1182 2957 νόθα
1210 2903 1331 2957 τινά
1369 2903 1494 2967 ξένα
1536 2904 1633 2973 τῆς
1658 2903 1813 2955 εὐσε-

230 2993 393 3057 ϐείας
424 2994 882 3065 παρενετέθησαν,
906 2996 967 3048 τὸ
996 2996 1270 3069 εὐπρεπὲς
1298 2998 1492 3059 κάλλος
1522 2997 1627 3049 τῶν
1658 2996 1815 3048 θείων

1907 506 1994 562 vel
2025 504 2355 570 monachus,
2387 500 2679 572 segregari.

2082 692 2243 747 Liber
2274 691 2315 757 Ι,
2346 691 2426 744 tit.
2461 706 2521 755 ιι,
2553 688 2873 744 constitutio
2910 690 2960 752 1,
3000 689 3054 753 5,
3088 689 3141 755 6,
3166 691 3217 751 7,
3252 688 3304 743 8.

1977 784 2130 840 CAP.
2166 783 2233 839 Il.
2264 813 2325 822 —
2370 782 2566 848 Quales
2601 797 2822 835 canones
2860 790 3092 846 oporteat
3114 782 3489 833 auctoritatem

1906 880 2146 932 retinere.

2203 968 2650 1025 Chalcedonensis
2694 964 2903 1019 concilii
2931 980 3101 1017 canon
3133 965 3185 1018 l.

1979 1065 2030 1117 1.
2065 1061 2225 1130 Quia
2266 1061 2471 1118 sanctis
2534 1059 2784 1113 Patribus
2808 1058 2862 1110 in
2913 1070 3241 1125 unaquaque
3280 1054 3487 1126 synodo

1907 1156 2195 1223 hucusque
2219 1152 2453 1221 expositi
2485 1160 2635 1213 sunt,
2682 1146 2965 1204 observari
2995 1161 3239 1202 canones
3268 1162 3485 1217 aequum

1908 1247 2243 1303 censuimus.

2202 1336 2429 1391 Concilii
2475 1335 2904 1405 Carthaginensis
2945 1350 3114 1387 canon
3144 1333 3194 1386 l.

1979 1426 2029 1480 l.
2064 1426 2306 1479 Aurelius
2343 1427 2611 1495 episcopus
2645 1425 2779 1477 dixit
2813 1423 2922 1491 (5")
2952 1440 2964 1476 :
2995 1423 3052 1493 8
3080 1420 3203 1475 [lare
3240 1421 3311 1475 ita
3345 1419 3488 1489 apud

1910 1534 2010 1574 nos
2035 1518 2306 1572 habentur
2332 1517 2663 1586 exemplaria
2699 1524 3051 1577 statutornm,
3081 1528 3203 1583 quae
3230 1521 3357 1566 tunc
3386 1512 3488 1565 Pa-

1909 1620 2016 1664 tres
2046 1611 2215 1664 nostri
2244 1610 2309 1663 de
2346 1608 2580 1663 concilio
2638 1606 2858 1661 Nicaano
2891 1621 3076 1661 secum
3126 1605 3438 1661 detulerunt
3469 1617 3485 1656 :

1907 1702 2065 1771 cujus
2104 1702 2331 1755 formam
2372 1709 2675 1765 servantes,
2718 1699 2832 1752 hme
2868 1714 2989 1767 quae
3014 1706 3319 1767 sequuntur
3353 1711 3489 1750 con-

1828 1772 1875 1833 Β
1914 1794 2107 1849 stituta
2133 1833 2149 1859 ,
2191 1795 2404 1847 lii-mata
2431 1806 2460 1844 a
2497 1790 2654 1845 nobis
2694 1789 3095 1843 custodientur.

2211 1883 2440 1938 Concilii
2466 1882 2769 1935 cecumenici
2800 1896 2877 1944 v1,
2910 1896 3078 1933 canon
3110 1878 3165 1932 2.

1975 1979 2029 2031 2.
2068 1976 2180 2031 Ηοο
2229 1989 2445 2045 quoque
2481 1974 2608 2028 huic
2640 1981 2845 2028 sancta:
2887 1971 3095 2041 synodo
3126 1967 3487 2038 pulcherrime

1907 2078 1959 2122 et
1990 2067 2380 2121 honestissime
2438 2065 2661 2134 placuit,
2704 2073 2763 2117 ut
2823 2063 2894 2116 ab
2933 2063 3035 2116 hoc
3065 2077 3211 2115 nunc
3246 2070 3487 2130 tempore

1908 2159 2163 2226 deinceps
2188 2158 2252 2210 ad
2288 2157 2597 2210 animarum
2641 2155 2906 2209 medelam
2939 2164 2990 2207 ct
3013 2153 3483 2222 perturbationum

1910 2252 2245 2304 curationem
2278 2248 2417 2302 lirmi
2441 2247 2776 2315 stabilesque
2806 2254 3080 2310 maneant,
3109 2245 3201 2314 qui
3233 2259 3261 2296 a
3283 2243 3486 2297 sanctis

1911 2341 2169 2397 l’atribus
2199 2342 2291 2411 qui
2327 2356 2431 2395 nos
2462 2346 2886 2409 praecesserunt,
2920 2336 3158 2405 suscepti
3196 2352 3258 2390 ac
3287 2335 3486 2389 conﬁr-

1913 2434 2202 2497 mati’snnt,
2219 2445 2382 2501 atque
2396 2432 2530 2485 adeo
2551 2431 2707 2485 nobis
2720 2430 2880 2483 etiam
2902 2428 3079 2481 traditi
3100 2436 3247 2492 sunt,
3264 2435 3487 2480 saneto-

1912 2540 2037 2579 rum
2067 2533 2120 2579 et
2149 2524 2508 2594 gloriosorum
2562 2521 2928 2591 apostolorum
2960 2520 3182 2573 nomine
3210 2519 3482 2586 octoginta

1914 2616 2155 2685 quinque
2177 2629 2434 2669 canones.
2462 2613 2731 2678 Quoniam
2754 2621 2934 2665 autem
2960 2611 3013 2664 in
3034 2611 3116 2663 his
3135 2609 3292 2662 nobis
3319 2623 3483 2663 cano-

1914 2710 2074 2763 nibus
2089 2719 2417 2776 praeceptum
2432 2715 2599 2771 est,ut
2612 2706 2926 2758 eorumdem
2943 2714 3253 2757 sanctorum
3272 2711 3481 2770 aposto~

1914 2800 2089 2854 lorum
2132 2816 2223 2869 per
2244 2799 2574 2853 Clementem
2614 2797 3037 2851 constitutiones
3081 2795 3487 2863 suseiperemus

1915 2889 2117 2959 quibus
2154 2888 2266 2955 jam
2300 2887 2431 2941 olim
2483 2886 2644 2940 abiis
2680 2885 2773 2954 qui
2805 2884 2909 2938 ﬁde
2949 2884 3123 2937 aliena
3155 2884 3395 2938 sentiunt
3420 2882 3488 2935 ad

1915 2981 2089 3035 labem
2128 2978 2383 3034 Ecclesiae.
2418 2978 2843 3047 aspergendam,
2897 2975 3200 3029 adulterina
3243 2976 3487 3043 quaedam

226 3086 522 3154 δογμάτων
550 3088 682 3155 ἡμῖν
706 3087 1125 3157 ἀμαυρώσαντα,
1151 3091 1249 3157 τὴν
1277 3090 1384 3140 τῶν
1419 3088 1673 3141 τοιούτων
1695 3088 1807 3139 δια-

1921 3080 1972 3125 et
2009 3087 2035 3123 τι
2064 3072 2264 3139 pietate
2303 3070 2480 3122 aliena
2512 3068 2819 3121 introducta
2858 3076 3004 3130 sunt,
3033 3081 3152 3134 qua}
3181 3062 3489 3118 divinoru'm

226 3177 446 3255 τάξεων
478 3178 1106 3255 προσφόρο›ςιάποὸολὴν
1148 3178 1497 3255 πεποιήμεθα
1537 3178 1671 3255 πρὸς
1711 3180 1808 3255 τὴν

226 3248 329 3299 τοῦ
408 3249 923 3315 χριστιανικωτάτου
1014 3248 1263 3317 ποιμνίου
1344 3249 1633 3319 οίκοδομὴν
1720 3248 1815 3301 καὶ

230 3337 577 3404 ἀσφάλειαν,
644 3336 896 3406 οὐδαμῶς
966 3338 1312 3408 ἐγκρίνοντες
1383 3339 1451 3392 τὰ
1503 3339 1603 3407 τῆς
1665 3339 1817 3409 αἱρε-

228 3428 395 3497 τικῆς
446 3428 792 3497 ψευδολογίας
847 3430 1121 3500 κυήματα,
1177 3431 1271 3484 καὶ
1330 3434 1395 3502 τῇ
1445 3433 1644 3503 γνησία
1708 3431 1817 3485 τῶν

230 3520 551 3572 ἀποστόλων
589 3521 681 3573 καὶ
710 3520 985 3592 ὁλοκλήρῳ
1006 3521 1192 3591 διδαχῇ
1220 3523 1651 3593 παρενείροντες.
1670 3524 1818 3575 Ἐπι-

234 3611 617 3681 σφραγίζομεν
655 3612 711 3665 δὲ
753 3612 846 3665 καὶ
909 3614 1043 3675 τοὺς
1083 3613 1299 3675 λοιποὺς
1356 3615 1563 3678 πάντας
1639 3614 1817 3684 ἱεροὺς

233 3699 492 3765 κανόνας,
546 3699 652 3751 ὑπὸ
695 3700 802 3752 τῶν
860 3701 1029 3769 ἁγίων
1079 3703 1173 3754 καὶ
1221 3705 1508 3774 μακαρίων
1560 3705 1817 3773 Πατέρων

234 3791 398 3861 ἡμῶν
451 3791 806 3857 ὲκτεθέντας,
844 3793 1089 3847 τουτέστι
1126 3794 1233 3847 τῶν
1262 3813 1321 3849 τε
1368 3798 1426 3849 έν
1456 3797 1657 3865 Nimia
1690 3813 1816 3848 συν-

232 3883 637 3953 ἀθροισθέντων
653 3884 759 3955 τιη¹
778 3885 945 3953 ἀγίων
959 3886 1237 3956 Πατέρων,
1256 3888 1348 3940 καὶ
1362 3888 1468 3940 τῶν
1484 3890 1541 3941 ἐν
1556 3887 1820 3960 Ἀγκύρᾳ,

236 3975 318 4026 ἑτι
335 3974 443 4043 μὴν
458 3974 673 4028 καὶτῶν
693 3977 751 4028 ὲν
772 3976 1190 4046 Νεοκαισαρείᾳ,
1230 3978 1489 4041 ὡσαύτως
1513 3979 1606 4030 καὶ
1628 3978 1736 4031 τῶν
1761 3979 1817 4031 έν

236 4063 544 4133 Γάγγραις,
572 4063 706 4133 πρὸς
730 4064 785 4116 δὲ
807 4065 901 4116 καὶ
927 4065 1034 4119 τῶν
1055 4068 1112 4119 ὲν
1154 4067 1453 4138 Ἀντιοχείᾳ
1474 4068 1572 4137 τῆς
1594 4069 1813 4138 Συρίας,

236 4153 382 4207 ἀλλὰ
406 4154 513 4223 μὴν
535 4155 628 4206 καὶ
649 4155 756 4207 τῶν
778 4157 835 4207 ὲν
854 4156 1144 4226 Λαοδικείᾳ
1163 4156 1263 4226 τῆς
1282 4159 1540 4228 Φρυγίας,
1557 4158 1818 4222 ὡσαύτως

236 4248 335 4300 καί
362 4246 472 4298 τῶν
498 4247 555 4299 ὲν
581 4246 838 4318 Μρδικῇ,
866 4248 945 4301 ἔτι
977 4248 1082 4319 μὴν
1108 4249 1202 4304 καὶ
1225 4250 1331 4303 τῶν
1357 4252 1413 4305 έν
1436 4252 1815 4323 Καρθαγέννῃ,

238 4336 469 4408 προσέτι
503 4338 599 4390 καὶ
647 4336 757 4390 τῶν
790 4335 869 4407 ρν¹
900 4338 1010 4391 τῶν
1042 4340 1099 4392 ὲν
1140 4339 1313 4410 ταύτῃ
1356 4343 1421 4412 τῇ
1470 4341 1817 4413 θεοφυλάκτῳ

1922 3163 2082 3215 nobis
2121 3163 2467 3215 decretorum
2501 3161 2799 3228 elegantem
2848 3173 2911 3212 ac
2955 3158 3206 3211 decoram
3255 3158 3488 3225 speciem

1919 3255 2313 3314 obscurarum,
2369 3253 2468 3304 has
2499 3249 2914 3304 constitutiones
2936 3249 3003 3302 ad
3051 3245 3490 3302 christianissimi

1919 3346 2094 3416 gregis
2124 3343 2538 3399 aediﬁcationem
2586 3355 2649 3395 ac
2683 3342 3032 3395 securitatem
3076 3338 3492 3394 conducibiliter

1918 3437 2245 3505 rejecimus,
2302 3433 2567 3488 haeretica!
2623 3430 2879 3487 falsitatis
2938 3430 3079 3484 fetus
3144 3441 3490 3497 nequaquam

1925 3525 2288 3580 admittentes
2320 3564 2335 3591 ,
2365 3533 2418 3577 et
2446 3538 2719 3594 germana:
2748 3537 2811 3576 ac
2856 3521 3075 3588 integrae
3122 3519 3491 3588 apostolorum

1920 3616 2547 3671 doctrinaeinserentes.
2615 3616 2980 3684 Obsignamus
3028 3613 3190 3666 etiam
3255 3612 3493 3679 reliquos

1920 3717 2111 3756 omnes
2143 3717 2402 3767 canones,
2436 3703 2531 3772 qui
2570 3718 2600 3757 a
2636 3703 2839 3757 sanctis
2865 3711 2917 3755 et
2950 3702 3122 3755 beatis
3158 3700 3358 3755 nostris
3388 3699 3492 3752 Pa-

1920 3792 2095 3846 trihus
2127 3793 2361 3861 expositi
2388 3800 2551 3858 sunt,
2590 3793 2642 3845 id
2686 3799 2791 3857 est,
2824 3806 2854 3845 a
2901 3791 3154 3844 trecentis
3204 3790 3391 3843 decem
3438 3799 3492 3841 et

1920 3892 2042 3936 octo
2074 3884 2283 3938 sanctis
2314 3899 2377 3937 ac
2425 3882 2651 3937 deiferis
2684 3880 2965 3947 Patrihus,
2998 3882 3091 3950 qui
3127 3880 3319 3933 Nicaeae
3355 3894 3492 3933 con-

1922 3988 2223 4042 venerunt;
2256 3977 2429 4046 iisque
2459 3977 2551 4045 qui
2582 3977 2845 4045 Ancyrae;
2878 3983 2931 4028 et
2960 3974 3027 4029 iis
3052 3973 3213 4027 etiam
3242 3972 3331 4041 qni
3354 3970 3494 4025 Nco-

1921 4086 2208 4137 caasarcze;
2244 4071 2494 4125 similiter
2520 4079 2573 4123 et
2602 4069 2696 4138 qui
2732 4067 3005 4136 Gangris;
3040 4076 3302 4135 praeterea
3342 4072 3395 4116 et
3428 4063 3493 4116 iis

1918 4163 2011 4233 qui
2042 4163 2095 4216 in
2129 4162 2417 4216 Antiochia
2451 4161 2652 4231 Syriae;
2690 4170 2852 4228 atque
2876 4159 2943 4212 iis
2974 4158 3135 4211 etiam
3154 4156 3246 4225 qni
3275 4156 3328 4207 in
3352 4153 3492 4207 Lao-

1918 4256 2073 4309 dicea
2108 4254 2354 4323 Phrygia:
2387 4271 2400 4307 :
2435 4261 2691 4322 praeterea
2723 4250 2974 4320 antem9
3005 4258 3058 4302 et
3084 4254 3303 4301 centum
3332 4245 3493 4323 quin-

1920 4348 2173 4417 quaginta
2203 4322 2455 4399 Patrihus
2480 4383 2495 4407 ,
2536 4344 2629 4413 qni
2669 4344 2723 4397 in
2764 4344 2867 4396 hac
2906 4358 2935 4396 a
2976 4340 3087 4394 Deo
3116 4322 3488 4394 conservanda

236 4433 340 4486 καὶ
370 4431 598 4501 βασιλίδι
638 4432 997 4486 συνελθόντων
1036 4434 1207 4501 πόλει,
1248 4436 1341 4488 ἐπὶ
1369 4436 1673 4505 Νεκταρίου
1722 4436 1814 4490 τοῦ

1921 4449 1973 4493 et
2000 4436 2267 4506 imperiali
2297 4436 2515 4491 civitate
2545 4444 2951 4499 convenerunt;
3002 4443 3055 4487 et
3082 4433 3353 4498 ducentis,
3394 4432 3489 4501 qui

237 4524 341 4592 τῆς
366 4523 635 4593 βασιλίδος
655 4524 857 4594 ταύτης
882 4524 1088 4588 πόλεως
1116 4526 1400 4597 προέδρου,
1428 4529 1521 4579 καὶ
1543 4527 1808 4598 Τιμοθέου

236 4613 337 4668 τοῦ
369 4615 661 4684 γενομένου
715 4615 1120 4687 ’Δλεξανδρείας
1166 4620 1633 4690 ἀρχιεπισκόπουο
1674 4620 1812 4677 ἀλλά

240 4706 355 4774 μὴν
396 4705 491 4757 καὶ
542 4705 668 4767 τοὺς
708 4708 981 4760 Διονυσίου
1032 4709 1459 4780 ἀρχιεπισκόπου
1517 4711 1808 4781 γενομένου

238 4795 341 4866 τῆς
383 4796 775 4867 Ἀλεξανδρέων
805 4800 1236 4868 μεγαλοπόλεως,
1270 4803 1365 4855 καὶ
1416 4803 1623 4874 Πέτρου
1650 4805 1811 4876 ἀρχι-

238 4888 543 4942 επισκόπου
586 4890 687 4958 τῆς
731 4891 903 4962 αὐτῆς
950 4893 1339 4965 Ἀλεξανδρέων
1384 4896 1478 4950 καὶ
1514 4897 1810 4968 μάρτυρος,

240 4980 281 5031 Γ
286 4980 548 5050 ρηγορίου
572 4980 873 5034 ἐπισκόπου
916 4986 1216 5055 γενομένου
1250 4986 1679 5059 Νεοκαισαρείας
1716 4990 1811 5044 τοῦ

238 5071 694 5144 Θαυματουργοῦ,
736 5074 1052 5130 ’Δθανασίου
1094 5079 1523 5147 ἀρχιεπισκόπου
1564 5080 1813 5146 Ἀλεξαν-

240 5162 746 5231 δρεία;,Βασιλειου
766 5167 1195 5238 ἀρχιεπισκόπου
1220 5171 1555 5244 Καισαρείας
1576 5174 1814 5228 Καππα-

239 5254 444 5319 δοκίας,
475 5257 778 5327 Γρηγορίου
806 5260 1104 5313 ἐπισκόπου
1120 5260 1364 5333 Νύσσης,
1392 5264 1692 5334 Γρηγορίου
1714 5266 1809 5319 τοῦ

242 5344 537 5413 Θεολόγου,
585 5346 934 5419 ’Δμφιλοχίου
985 5349 1079 5403 τοῦ
1122 5351 1364 5419 Ἰκονίου,
1392 5353 1655 5423 Τιμοθέου
1705 5358 1807 5429 ἀρ-

242 5436 602 5504 χιεπισκόπου
642 5440 933 5508 γενομένου
974 5438 1377 5509 Ἀλεξανδρείας
1399 5439 1492 5493 τοῦ
1517 5442 1807 5515 προτέρου,

1918 4527 1970 4580 in
1998 4525 2355 4593 Ephesiorum
2383 4524 2671 4593 metropoli
2707 4524 2858 4593 prius
2889 4524 3065 4578 coacti
3099 4533 3260 4591 sunt;
3285 4532 3337 4578 ct
3364 4539 3489 4579 sex-

1918 4617 2092 4671 centis
2123 4618 2342 4686 triginta
2373 4617 2579 4672 sanctis
2616 4624 2670 4670 et
2694 4617 2865 4670 beatis
2894 4616 3168 4682 Patrihus,
3192 4617 3284 4686 qui
3321 4615 3489 4670 Chal-

1917 4710 2161 4764 cedone:
2199 4709 2450 4764 similiter
2480 4719 2533 4763 et
2570 4709 2635 4763 iis
2673 4708 2766 4778 qui
2793 4706 3032 4763 Sardicac
3065 4723 3079 4761 :
3116 4718 3172 4763 et
3223 4710 3317 4779 qui
3350 4708 3485 4763 Car-

1923 4801 2159 4869 thagine,
2185 4808 2236 4853 et
2265 4799 2358 4869 qui
2385 4814 2578 4854 rursus
2624 4799 2679 4852 in
2716 4799 2818 4852 hac
2846 4797 2940 4851 Dei
2975 4798 3200 4853 cultrice
3230 4806 3285 4852 et
3316 4797 3488 4866 impe-

1917 4891 2116 4946 ratrice
2136 4892 2266 4945 urbe
2284 4899 2655 4944 convenerunt
2676 4891 2779 4945 sub
2794 4888 3070 4954 Nectario,
3085 4890 3178 4960 qui
3200 4887 3486 4959 imperanti

1921 4985 2051 5039 huic
2103 4984 2309 5038 civitati
2365 4983 2734 5053 praesidebat;
2793 4992 2847 5036 et
2893 4982 3195 5051 Tlteoph'ilo
3242 4982 3334 5050 qui
3384 4980 3487 5033 fuit

1919 5074 2257 5129 Alexandriae
2309 5074 2776 5143 archiepiscopus.
2840 5073 2981 5139 Quin
3035 5074 3199 5127 etiam
3248 5083 3487 5124 canones

1919 5165 2189 5237 Dionysii,
2243 5163 2334 5233 qui
2390 5162 2493 5217 fuit
2526 5162 2972 5230 archiepiscopus
3005 5173 3214 5229 magna:
3245 5156 3486 5210 Alexan-

1916 5260 2200 5313 drinorum
2240 5257 2516 5313 civitatis:
2552 5266 2605 5309 et
2652 5253 2819 5321 Petri,
2862 5254 2955 5324 qui
3013 5252 3115 5306 fuit
3142 5249 3483 5304 Alexandriae

1917 5352 2361 5421 archiepiscopus
2419 5358 2473 5401 et
2520 5359 2778 5418 martyr:
2819 5344 3063 5415 Gregorii
3112 5342 3483 5397 Neocaesareae

1917 5444 2158 5514 episcopi
2190 5439 2587 5510 Thaumaturgi
2617 5459 2628 5494 :
2658 5435 2946 5493 Athanasii
2988 5433 3338 5491 Alexandrini
3394 5448 3483 5485 ar-

1797 5562 2032 5619 NOTAE.

302 5656 408 5723 (5*)
442 5654 499 5708 In
531 5667 619 5708 ms
650 5650 918 5706 Aurelius.
