3886 6240
426 288 525 352 451

1589 288 1849 349 ΡΗΟΤΙΙ
1884 284 2388 349 PATRIARCII/E
2423 284 2533 344 (ΞΡ.

3588 281 3685 347 452

428 404 802 476 chiepiscopi;
839 403 1024 459 Basilii
1051 401 1450 473 archiepiscopi
1483 401 1748 457 Cassareaa
1785 401 1999 471 Cappa-

2104 398 2387 467 Θεοφίλου,
2420 393 2857 468 ἀρχιεπισκόπου
2878 393 2979 462 τῆς
3021 390 3425 461 Ἀλεξανδρέων
3462 396 3688 463 μεγαλα.

427 500 627 554 docize:
652 496 895 566 Gregorii
926 496 1166 565 episcopi
1198 497 1405 567 Nysaea,
1437 494 1683 564 Gregorii
1716 492 2002 564 Theologi,

429 589 793 659 Amphilochii
822 587 1012 651 lconii,
1038 586 1309 642 Timothei
1342 588 1540 658 prioris
1564 628 1578 653 ,
1610 585 2002 656 archiepiscopi

426 680 837 745 Alexandricae;
930 677 1220 749 Theophili
1284 678 1677 748 archiepiscopi
1756 676 2002 745 ejusdem

426 772 767 827 Alexandria:
796 790 809 826 :
835 770 1023 841 Cyrilli
1078 769 1327 837 eiusdem
1360 769 1701 825 Alexandria?
1734 766 2007 835 archiepi-

427 866 611 933 scopi,
645 873 699 917 et
732 862 1019 928 Gennadii,
1049 862 1140 931 qui
1170 862 1272 916 fuit
1300 862 1607 931 patriarcha
1641 861 1804 931 hujus
1834 875 1863 914 a
1892 859 2003 914 Deo

426 957 707 1010 servanda:
741 966 795 1009 et
841 955 1162 1024 imperantis
1192 954 1453 1009 civitatis.
1500 952 1766 1007 Praeterea
1790 966 1921 1006 vero
1952 958 2006 1005 et

426 1063 455 1100 a
481 1047 780 1118 Cypriano,
806 1048 899 1116 qui
932 1046 1190 1101 Afrorum
1225 1046 1464 1116 regionis
1508 1044 1611 1099 fuit
1637 1045 2004 1114 archiepisco-

424 1151 527 1206 pus
556 1145 610 1191 et
640 1145 867 1207 martyr,
900 1144 953 1190 et
992 1135 1201 1205 synodo
1250 1150 1372 1203 quae
1402 1136 1503 1190 sub
1528 1135 1647 1204 ipso
1679 1133 1802 1197 fuit,
1833 1134 2002 1189 emis-

426 1245 549 1283 sum
579 1243 867 1293 canonem,
894 1229 987 1298 qui
1032 1229 1089 1282 in
1128 1228 1511 1297 praedictorum
1543 1227 1837 1297 praesulum
1870 1226 2003 1280 locis

426 1322 621 1385 solus",
661 1322 962 1376 secundum
988 1322 1243 1377 traditam
1275 1321 1355 1377 eis
1389 1321 1861 1384 consuetudinem,
1888 1334 2003 1374 ser-

426 1424 587 1469 vatus
612 1424 718 1469 est.
756 1412 821 1467 Et
852 1415 984 1468 nulli
1033 1415 1197 1470 licere
1228 1413 1381 1484 prius
1411 1412 1718 1467 declaratos
1762 1425 2003 1465 canones

425 1506 754 1570 adulterare,
787 1506 871 1559 vel
912 1520 1021 1559 non
1055 1504 1361 1569 admittere,
1396 1504 1481 1558 vel
1517 1503 1653 1557 alios
1690 1512 1887 1569 praeter
1914 1502 2004 1554 hic

2105 489 2340 555 πόλεως,
2385 488 2481 542 καὶ
2532 486 2827 558 Κυρίλλου,
2861 485 2956 538 καὶ⁹
3013 485 3294 538 Γενναδίου
3347 486 3688 557 πατριάρχου

2104 582 2395 652 γενομένου
2446 581 2545 651 τῆς
2591 577 2961 648 θεοφυλάκτου
3007 578 3209 647 ταύτης
3264 578 3361 629 καὶ
3422 577 3691 647 βασιλίδος

2105 675 2332 741 πόλεως,
2367 672 2447 727 ἔτι
2476 673 2582 743 μὴν
2617 671 2712 725 καὶ
2752 672 2846 726 τὸν
2888 672 2996 725 ὑπὸ
3034 669 3356 741 Κυπριανοῦ
3390 669 3492 722 τοῦ
3546 686 3691 738 γενο-

2107 769 2275 838 μένου
2313 766 2743 839 ἀρχιεπισκόπου
2790 765 2891 833 τῆς
2937 763 3155 832 Ἀφρῶν
3201 760 3389 833 χώρας
3433 762 3534 814 καὶ
3561 761 3693 831 μάρ-

2103 876 2287 930 τυρος,
2315 861 2408 912 καὶ
2424 859 2521 927 τῆς
2557 858 2679 913 κατ’
2697 859 2857 911 αὐτὸν
2877 857 3093 909 συνόδου
3121 855 3417 908 ἐκτεθέντα
3453 855 3655 907 κανόνα
3676 870 3690 885 ⁸

2103 950 2163 1015 ὃς
2194 954 2250 1004 ἐν
2276 954 2388 1015 τοῖς
2418 951 2527 1004 τῶν
2580 948 2993 1022 προειρημένων
3034 946 3314 1018 προέδρων
3358 945 3557 1008 τόποις
3606 947 3693 997 καὶ

2108 1044 2289 1114 μόνον,
2324 1041 2466 1096 κατὰ
2498 1042 2559 1096 τὸ
2589 1041 2892 1113 παραδοθὲν
2914 1041 3100 1103 αὐτοῖς
3132 1038 3253 1102 ἐθος
3280 1038 3581 1108 ἐκράτησε,
3606 1037 3693 1089 καὶ

2107 1136 2297 1207 μηδενὶ
2346 1134 2546 1200 ἐξεῖναι
2596 1137 2723 1198 τοὺς
2751 1132 3204 1205 προδηλωθέντας
3244 1130 3692 1202 παραχαράττειν

2105 1227 2338 1291 κανόνας
2370 1228 2403 1298 ἢ
2439 1218 2679 1293 ἀθετεῖν,
2715 1226 2748 1297 ἢ
2777 1223 2999 1297 ἐτέρους
3027 1224 3179 1294 παρὰ
3221 1224 3350 1287 τοὺς
3381 1222 3692 1294 προκειμέ-

2104 1335 2227 1383 νους
2285 1317 2693 1390 παραδέχεσθαι
2758 1317 3027 1381 κανόνας,
3080 1315 3548 1385 ψευδεπιγράφως
3594 1314 3690 1365 ὑπό

2102 1424 2266 1461 τινων
2312 1408 2698 1473 συντεθέντας,
2749 1423 2861 1460 των
2900 1404 3001 1476 τὴν
3050 1404 3309 1473 ἀλήθειαν
3354 1401 3690 1470 καπηλεύειν

2104 1500 2592 1570 ἐπιχειρησάντων.
2622 1499 2685 1551 Ei
2716 1498 2771 1551 δέ
2796 1515 2878 1561 τις
2904 1495 3017 1565 ἁλῷ
3035 1497 3238 1550 κανόνα
3270 1495 3393 1550 τινὰ
3413 1494 3530 1547 τῶν
3550 1496 3691 1563 εἰρη-

424 1599 739 1667 propositos
786 1597 1029 1666 recipere
1078 1611 1359 1662 canones,
1407 1611 1437 1650 a
1487 1594 1815 1664 quihusdam
1863 1592 1999 1648 falsa

2107 1593 2286 1665 μένων
2324 1593 2690 1663 καινοτομῶν,
2728 1592 2763 1663 ἢ
2801 1591 3131 1659 ἀνατρέπειν
3164 1588 3487 1661 ἐπιχειρῶν,
3526 1587 3686 1641 ὑπεύ-

423 1688 631 1756 adjecta
664 1690 1026 1758 inscriptione
1054 1688 1414 1757 compositos,
1440 1688 1530 1756 qui
1564 1686 1841 1740 veritatem
1866 1700 1999 1739 cau-

2106 1685 2265 1749 θυνος
2300 1685 2452 1739 ἔσται
2495 1684 2639 1739 κατὰ
2686 1683 2778 1738 τδν
2832 1681 3072 1737 τοιοῦτον
3118 1682 3318 1735 κανόνα
3353 1698 3366 1710 °
3408 1680 3489 1743 ὡς
3535 1680 3689 1741 αὐτὸς

421 1782 613 1850 ponari
640 1783 818 1835 conati
848 1790 995 1836 sunt.
1029 1780 1087 1835 Si
1119 1781 1242 1851 quis
1274 1788 1482 1846 autem,
1530 1779 1674 1849 quod
1711 1779 1998 1848 praedicto-

2106 1778 2442 1849 διαγορεύει,
2486 1777 2589 1849 τὴν
2636 1776 2920 1847 ἐπιτιμίαν
2951 1774 3261 1844 δεχόμενος,
3297 1773 3394 1825 καὶ
3426 1773 3497 1825 δι’
3530 1770 3686 1823 αὐτοῦ

422 1888 545 1925 rum
593 1889 863 1928 canonum
925 1873 1163 1941 aliquem
1223 1872 1488 1926 innovare
1547 1871 1631 1925 vel
1686 1870 2000 1925 subvertere

2107 1870 2165 1923 ἐν
2207 1863 2360 1941 ᾧπερ
2386 1869 2570 1924 πταίει
2598 1869 3054 1940 θεραπευόμενος.

421 1976 670 2029 conetur,
707 1965 991 2021 convictus
1024 1964 1208 2031 fuerit,
1235 1979 1360 2019 reus
1398 1964 1503 2017 erit
1537 1963 1840 2018 secundum
1872 1978 1995 2018 eum
2027 1978 2317 2029 canonem,
2346 1972 2407 2019 ut
2453 1964 2573 2035 ipse
2627 1964 2953 2034 pronuntiat
2997 1975 3196 2025 canon,
3239 1973 3459 2030 poenam
3518 1957 3684 2016 luens.

421 2064 475 2109 et
503 2072 600 2125 per
646 2056 821 2123 ipsum
879 2056 932 2109 in
997 2071 1081 2119 eo,
1117 2057 1201 2120 {in
1254 2070 1364 2125 quo
1398 2054 1648 2120 oﬂendit,
1701 2055 1971 2110 medelam
2010 2056 2338 2126 suscipiens.

634 2143 860 2198 Concilii
892 2142 1100 2199 Nicami
1136 2152 1197 2199 ἰι
1240 2160 1464 2198 canones
1501 2144 1548 2209 l,
1583 2143 1639 2201 2.

492 2236 547 2288 1.
588 2233 660 2290 lis
686 2236 780 2305 qui
832 2235 1229 2290 sacerdotalem
1271 2236 1589 2305 dignitatem
1636 2235 1815 2289 sortiti
1847 2243 1998 2303 sunt,

419 2327 733 2381 testimonia
799 2336 855 2381 et
916 2326 984 2380 ad
1058 2338 1204 2383 recte
1266 2342 1326 2383 se
1386 2327 1681 2398 gerendum
1750 2327 1999 2383 instituta

419 2426 549 2471 sunt
616 2416 1008 2471 canonicarum
1067 2417 1522 2472 eonstitutionum
1581 2417 1998 2486 descriptiones.

420 2508 528 2577 lo
550 2508 697 2575 Quas
724 2524 847 2561 cum
883 2507 1224 2577 diviniloquo
1256 2509 1423 2563 David
1454 2509 1707 2564 lubenter
1736 2509 2002 2579 recipien-

422 2610 534 2664 tes,
599 2599 665 2653 ad
726 2598 1019 2653 Dominum
1078 2611 1407 2666 cantamus,
1463 2598 1856 2655 dicentes:ln
1914 2601 2001 2655 via

419 2690 797 2744 mandatorum
825 2700 1035 2744 tuorum
1060 2691 1270 2747 lwtatus
1295 2708 1433 2753 sunt,
1467 2700 1719 2761 tanquam
1743 2692 1799 2744 in
1828 2692 2001 2744 omni-

421 2780 516 2832 bus
542 2780 744 2834 divitiis
770 2782 790 2811 ¹
828 2800 839 2834 :
873 2789 947 2845 et,
975 2780 1247 2834 Mandasti
1268 2781 1546 2849 justitiam
1579 2781 1878 2834 testimonia
1907 2792 2000 2835 tua

419 2870 477 2922 in
521 2870 776 2924 saeculum
800 2871 820 2901 ³
851 2889 864 2925 :
894 2902 963 2912 —
994 2871 1326 2926 Intellectum
1361 2873 1431 2926 da
1474 2871 1625 2935 mihi,
1676 2880 1727 2926 et
1770 2872 1933 2926 vitam
1953 2872 1997 2928 ⁸.

420 2961 489 3017 Et
526 2962 571 3017 si
609 2964 661 3016 in
706 2964 967 3019 saeculum
1016 2980 1117 3020 nos
1141 2964 1296 3032 jubet
1342 2979 1445 3019 vox
1480 2964 1799 3035 prophetica
1843 2965 1999 3020 testi-

420 3057 602 3111 mOnia
632 3055 723 3109 Dei
755 3071 995 3123 servare,
1050 3065 1105 3112 et
1138 3057 1193 3111 in
1235 3057 1316 3113 eis
1348 3057 1552 3122 vivere,
1591 3058 1762 3130 liquet
1796 3072 1858 3112 ea
1905 3072 2000 3112 ne-

418 3163 697 3217 quaquam
753 3148 1151 3212 coneutienda,
1202 3149 1463 3218 nullaque
1524 3150 1740 3205 ratione
1800 3145 2003 3202 labefa-

419 3240 615 3295 ctanda
646 3254 969 3309 permanere
1003 3259 1017 3295 :
1051 3254 1178 3293 nam
1208 3248 1261 3293 et
1289 3241 1636 3296 venerandus
1676 3239 1891 3311 Moyses
1920 3238 2001 3293 sic

420 3332 539 3385 ait:
577 3330 669 3384 Eis
710 3347 811 3384 non
841 3330 959 3385 licet
1005 3331 1218 3395 addere,
1269 3347 1359 3385 nec
1388 3333 1461 3385 eis
1499 3331 1615 3385 licet
1660 3332 1932 3386 detrahere
1954 3333 1996 3388 ⁵.

2181 2146 2454 2202 Συνόδου
2478 2146 2729 2211 Νικαίας
2754 2146 2821 2200 τὸ
2861 2143 3164 2212 δεύτερον,
3208 2140 3411 2194 κανὼν
3450 2140 3522 2205 α’,
3555 2138 3619 2209 β’.

2173 2242 2221 2289 α’
2247 2237 2375 2300 Τοῖς
2400 2236 2500 2307 τὴν
2535 2233 2815 2306 ἱερατικὴν
2843 2231 3101 2303 λαχοῦσιν
3133 2230 3312 2294 ἀξίαν,
3346 2228 3683 2300 μαρτύριάτε

2104 2329 2198 2383 καὶ
2228 2328 2654 2401 κατορθώματα,
2680 2327 2737 2381 αί
2776 2324 2883 2378 τῶν
2902 2322 3203 2378 κανονικῶν
3232 2320 3534 2386 διατάξεων
3570 2322 3682 2374 ὑπο-

2100 2419 2375 2484 τυπώσεις
2419 2420 2598 2474 εἰσίν·
2644 2419 2711 2482 ἃς
2750 2418 3030 2489 δεχόμενοι
3062 2416 3341 2485 ἀσμένως,
3408 2414 3551 2484 μετά
3594 2412 3679 2467 τού

2102 2513 2461 2583 θεοφάντορος
2514 2511 2680 2565 Δαὸὶδ
2734 2510 2932 2583 ᾄδομεν
2962 2510 3099 2581 πρὸς
3125 2508 3217 2562 τὸν
3238 2509 3523 2577 Δεσπότην
3554 2507 3681 2560 Θεὸν

2100 2604 2477 2673 λέγοντεςοἙν
2490 2602 2562 2671 τῇ
2576 2603 2694 2669 ὁδῷ
2709 2603 2826 2657 τῶν
2834 2602 3175 2673 μαρτιερίων
3185 2617 3299 2655 σου
3311 2600 3602 2670 ἐτέρφθην
3614 2600 3683 2665 ὡς

2100 2695 2199 2750 ἐπὶ
2220 2696 2395 2750 καντὶ
2419 2698 2678 2761 πλούτῳ·
2702 2698 2818 2759 καὶ,
2839 2695 3150 2750 Ἔνετείλω
3176 2693 3270 2746 καί
3292 2691 3679 2757 δικαιοσύνην

2101 2788 2174 2840 τὰ
2191 2787 2487 2857 μαρτύριά
2516 2802 2633 2841 σου
2660 2789 2747 2853 εἰς
2777 2787 2885 2841 τὸν
2899 2783 3105 2839 αἰῶνα.
3143 2784 3482 2837 Συνέτισόν
3502 2800 3577 2852 με
3597 2782 3679 2836 καὶ

2102 2880 2290 2949 ζῆσόν
2311 2896 2401 2949 με·
2416 2880 2511 2934 καὶ
2524 2897 2549 2933 ε
2559 2882 2606 2943 ίς
2619 2879 2710 2934 τὸν
2726 2878 2947 2948 αίῶναή
2967 2877 3281 2950 προφητικὴ
3293 2876 3448 2946 φωνὴ
3467 2876 3685 2929 ἐντέλλε-

2100 2989 2192 3028 ται
2228 2973 2363 3043 ἡμῖν
2391 2972 2685 3041 φυλάττειν
2716 2969 2786 3024 τὰ
2817 2967 3202 3042 μαρτύρια.τοῦ
3224 2968 3496 3032 Beat-meai.
3522 2968 3616 3037 ζῇν
3635 2968 3683 3019 ὲν

2101 3066 2307 3129 αὐτοῖς,
2341 3064 2497 3135 δῆλον
2535 3064 2848 3137 ἀκράδαντα
2877 3062 2971 3115 καὶ
3002 3060 3275 3115 ἀσάλευτα
3305 3059 3678 3128 διαμένουσιν·

2101 3157 2182 3211 ὅτι
2214 3156 2311 3211 καὶ
2337 3158 2365 3210 6
2398 3156 2636 3225 θεόπτης
2666 3153 2911 3223 Μωῢσῆς
2937 3150 3082 3205 οὔτω
3110 3149 3274 3221 φησίν
3298 3166 3311 3181 ·
3371 3150 3471 3201 Ἑν
3496 3147 3684 3213 αὐτοῖς

2103 3249 2215 3300 οὐκ
2241 3245 2373 3299 ἐστι
2404 3244 2776 3315 προσθεῖναι,
2836 3242 2935 3297 καί
2982 3240 3082 3296 ἀπ’
3131 3239 3331 3295 αὐτῶν
3370 3242 3487 3294 οὐκ
3530 3241 3683 3293 ἐστιν

2104 3338 2415 3409 ἀφαιρεῖν·
2464 3339 2557 3392 καὶ
2585 3340 2613 3392 6
2660 3337 2805 3401 θεῖος
2849 3335 3151 3399 ἀπόστολος
3191 3335 3398 3404 Πέτρος
3425 3334 3486 3385 ἐν
3517 3334 3685 3394 αὐτοῖς

421 3424 489 3478 Ει
518 3423 738 3477 divinus
770 3423 1051 3492 apostolus
1087 3418 1283 3477 Petrhs
1326 3424 1380 3476 in
1439 3424 1505 3478 iis
1536 3423 1782 3491 glorians
1811 3423 1996 3478 excla-

2106 3408 2524 3501 ὲγκαυχὼμενος
2577 3428 2715 3501 βοᾷ*
2768 3428 2875 3495 Εἰς
2908 3427 2948 3481 d
2996 3426 3401 3495 ἐπιθυμοῦσιν
3455 3426 3685 3494 ἄγγελοι

424 3521 537 3567 mat
573 3530 585 3565 :
622 3512 701 3565 Ad
739 3529 856 3582 qua:
906 3513 1080 3582 angeli
1122 3514 1388 3567 declinare
1416 3514 1720 3567 desiderant
1744 3515 1785 3568 ⁸.
1824 3515 2003 3582 Atque

420 3601 588 3656 etiam
611 3602 993 3670 dicit-Paulus:
1023 3602 1251 3656 Etiamsi
1276 3619 1369 3657 nos
1390 3604 1467 3656 vel
1490 3603 1713 3673 angelus
1726 3604 2003 3657 annuntiet

424 3697 565 3749 vobis
615 3695 786 3762 aliud,
833 3712 994 3767 quam
1044 3695 1185 3750 vobis
1239 3696 1692 3762 annuntiavimus,
1746 3697 1816 3749 sit
1869 3711 2005 3748 ana-

422 3789 657 3843 thema'.
708 3788 845 3843 Cum
889 3789 1005 3843 haec
1059 3802 1189 3857 ergo
1241 3787 1315 3841 ita
1368 3803 1427 3842 se
1472 3788 1730 3853 habeant,
1793 3795 1847 3841 et
1892 3787 2003 3840 sint

422 3880 583 3935 nobis
638 3890 857 3944 testata,
918 3881 985 3935 iis
1037 3878 1398 3945 exsultantes,
1458 3886 1517 3933 ut
1567 3880 1610 3933 si
1646 3880 1768 3948 quis
1829 3877 2000 3932 multa

422 3973 597 4044 spolia
653 3972 939 4035 invenerit,
973 3971 1190 4026 divinos
1236 3985 1477 4026 canones
1513 3970 1748 4025 libenter
1795 3971 2002 4039 ample-

420 4066 644 4132 etimur,
674 4079 980 4134 eorumque
1001 4064 1453 4118 constitutionem
1486 4062 1754 4133 integram
1791 4070 1845 4117 et
1878 4061 2003 4116 illa-

423 4158 801 4213 bel‘actabilem
848 4156 1267 4221 conﬁrmamus,
1319 4170 1442 4225 quae
1496 4155 1641 4209 edita
1696 4154 1916 4209 luerunt
1969 4170 1999 4209 a

418 4251 595 4306 sancti
635 4248 873 4319 Spiritus
920 4249 1087 4313 tubis,
1134 4250 1283 4303 omni
1342 4265 1408 4303 ex
1446 4259 1601 4317 parte
1657 4246 2001 4301 celebrandis

415 4344 717 4412 apostolis,
772 4350 826 4396 et
873 4356 967 4395 sex
1026 4341 1232 4396 sanctis
1281 4340 1689 4395 nniversalihus
1741 4340 1998 4411 synodis,

420 4433 597 4501 iisque
642 4448 765 4501 quae
818 4432 883 4486 ad
932 4432 1207 4500 ejusmodi
1255 4431 1602 4486 decretorum
1651 4431 1997 4485 traditionem

412 4523 799 4594 provinciatim
855 4533 1056 4577 coactae
1104 4522 1361 4588 fuerunt,
1415 4532 1471 4577 et
1525 4523 1732 4578 nostris
1792 4521 2000 4577 sanctis

412 4614 692 4669 Patrihus.
729 4613 807 4668 Ex
863 4629 975 4668 uno
1021 4615 1168 4667 enim
1204 4629 1397 4669 omnes
1438 4615 1745 4685 eodemque
1789 4614 1996 4683 Spiritu

410 4706 733 4770 illuminati,
777 4721 899 4776 quae
942 4716 1099 4761 erant
1150 4706 1303 4760 utilia
1336 4706 1695 4761 decreverunt
1724 4725 1736 4760 :
1766 4715 1819 4759 et
1852 4721 1993 4775 quos

408 4797 751 4853 anathemati
778 4797 999 4868 quidem
1033 4798 1433 4863 transmittunt,
1465 4812 1564 4851 nos
1595 4813 1815 4867 quoque
1845 4813 1988 4851 ana-

408 4888 835 4945 tliematizamus
865 4908 879 4944 :
910 4905 1049 4959 quos
1087 4905 1217 4945 vero
1245 4889 1595 4959 depositioni,
1630 4905 1730 4944 nos
1760 4904 1989 4959 quoque

404 4979 735 5051 deponimus
765 4998 779 5037 :
812 4995 951 5051 quos
988 4990 1166 5035 autem
1203 4980 1589 5051 segregationi,
1641 4994 1741 5034 nos
1796 4979 1984 5034 itidem

406 5091 765 5148 eegrcgamus
793 5094 807 5130 :
833 5090 974 5145 quos
1008 5086 1188 5129 autem
1224 5090 1397 5146 paena:
1427 5075 1672 5139 tradunt,
1706 5088 1807 5128 nos
1840 5087 1985 5144 quo-

2105 3524 2491 3592 παρακύψαν
2537 3522 2635 3576 καὶ
2681 3522 2709 3574 6
2756 3519 2973 3583 Παῦλός
3027 3534 3204 3589 φησι·
3246 3516 3377 3570 Κᾶν
3430 3516 3606 3585 ἡμεῖς
3652 3516 3686 3582 ἢ

2104 3618 2363 3688 ἄγγελος
2399 3613 2844 3686 εὐαγγελίζηται
2885 3610 3029 3681 ὑμῖν
3044 3611 3182 3677 παρ’
3225 3608 3257 3662 ὃ
3308 3607 3686 3677 παρελάϐετε,

2104 3709 2369 3779 ἀνάθεμα
2388 3710 2564 3763 ἔστω.
2592 3706 2811 3760 Τούτων
2839 3704 2933 3758 οὖν
2958 3702 3128 3765 οὕτως
3150 3702 3319 3756 ὄντων
3345 3702 3442 3753 καὶ
3463 3702 3690 3769 διαμαρ-

2102 3802 2417 3873 τυρομένων
2441 3802 2595 3872 ἡμῖν,
2624 3797 3026 3868 ἀγαλλιώμενοι
3060 3794 3146 3849 ἐπ’
3169 3794 3373 3859 αὐτοῖς,
3407 3792 3487 3855 ὡς
3534 3794 3585 3844 εί
3607 3809 3681 3852 τις

2104 3890 2447 3961 εὖροισκύλα
2495 3888 2688 3954 πολλὰ,
2722 3884 3005 3948 ἀσπασίως
3056 3884 3185 3945 τοὺς
3235 3880 3418 3942 θείους
3465 3879 3687 3938 κανόνας

2104 3980 2582 4053 ἐνστερνιζόμεθα,
2621 3982 2715 4032 καὶ
2750 3977 3046 4047 ὁλόκληρον
3070 3974 3169 4043 τὴν
3219 3972 3398 4026 αὐτῶν
3434 3970 3687 4037 διαταγὴν

2102 4074 2198 4125 καὶ
2240 4071 2536 4125 ἀσάλευτον
2560 4064 3076 4141 κρατύνομεν,’τῶν
3103 4079 3162 4116 τε
3211 4059 3549 4114 ἐκτεθέντων
3592 4057 3685 4109 ὑπὸ

2101 4163 2209 4217 τῶν
2239 4164 2408 4232 ἁγίων
2434 4162 2753 4229 σαλπίγγων
2802 4157 2901 4212 τοῦ
2954 4154 3275 4224 Πνεύματος
3316 4151 3685 4220 πανευφήμων

2102 4255 2441 4320 ἀποστόλων,
2475 4254 2584 4307 τῶν
2612 4271 2671 4306 τε
2714 4252 2772 4319 ἓξ
2800 4251 2973 4320 ἁγίων
2997 4246 3397 4316 οίκουμενικῶν
3435 4243 3678 4303 συνόδων,

2102 4350 2197 4403 καὶ
2247 4348 2358 4400 τῶν
2409 4344 2649 4409 τοπικῶς
2720 4339 3217 4414 συναθροισθεισῶν
3299 4337 3395 4391 ἐπὶ
3482 4335 3680 4390 ἐκδόσει

2101 4438 2359 4493 τοιούτων
2434 4437 2848 4507 διαταγμάτων,
2878 4436 2973 4489 καὶ
3022 4433 3134 4488 τῶν
3193 4430 3367 4499 ἁγίων
3428 4429 3680 4500 Πατέρων

2099 4528 2260 4600 ἡμῶν
2282 4546 2295 4561 ·
2324 4530 2383 4595 ἐξ
2414 4528 2535 4592 ἐνὸς
2560 4527 2669 4599 γὰρ
2698 4527 2940 4589 ἅπαντες
2960 4525 3053 4577 καὶ
3079 4523 3172 4577 τοῦ
3189 4522 3353 4577 αὐτοῦ
3373 4520 3516 4575 Πνεύ
3525 4537 3682 4593 ματος

2102 4618 2490 4689 αὑγασθέντες,
2548 4617 2757 4689 ὥρισαν
2795 4615 2864 4669 τὰ
2916 4614 3286 4686 συμφέροντα.
3314 4612 3425 4665 Καὶ
3464 4612 3559 4674 οὓς
3590 4610 3680 4680 μὲν

2100 4711 2178 4783 τῷ
2203 4712 2507 4781 ἀναθέματι
2549 4710 3005 4781 παραπέμπουσι,
3036 4708 3129 4760 καὶ
3160 4707 3324 4776 ἡμεῖς
3364 4702 3679 4774 ἀναθεματί-

2098 4806 2264 4875 ζομεν
2293 4820 2307 4835 ·
2337 4803 2432 4867 οὓς
2469 4804 2525 4857 δέ
2583 4806 2649 4875 τῇ
2690 4801 3031 4874 καθαιρέσει,
3063 4801 3159 4853 καὶ
3197 4800 3359 4869 ἡμεῖς
3391 4796 3675 4868 καθαιροῦ-

2102 4913 2201 4967 μεν
2227 4911 2241 4926 ο
2274 4895 2369 4958 οὓς
2396 4896 2454 4949 δὲ
2491 4893 2569 4965 τῷ
2601 4892 2918 4966 ἀφορισμῷ,
2972 4890 3066 4946 καὶ
3101 4892 3263 4960 ἡμεῖς
3304 4888 3676 4959 ἀφορίζομεν.

2096 4988 2191 5052 οὓς
2221 4988 2281 5041 δὲ
2332 4988 2595 5059 ἐπιτιμίῳ
2638 4986 3018 5057 παραδιδόασι,
3075 4983 3169 5037 καὶ
3207 4984 3371 5053 ἡμεῖς
3427 4981 3675 5039 ὡσαύτως

2098 5078 2497 5149 ύποϐἀλλομεν.
2538 5076 2974 5147 Ἀφιλάργυρος
3002 5074 3113 5145 γὰρ
3140 5077 3173 5128 ό
3200 5074 3446 5142 τρόπος,
3468 5073 3674 5141 ἀρκού-

406 5186 518 5237 que
552 5167 804 5223 similiter
842 5166 1187 5236 subjicimus.
1232 5166 1310 5220 Ab
1331 5167 1561 5221 avaritia
1613 5166 1761 5221 enim
1819 5166 1982 5220 alieni

2103 5188 2258 5238 μενοι
2285 5171 2405 5237 τοῖς
2433 5170 2753 5240 παροῦσιν,
2777 5171 2805 5223 6
2837 5165 3082 5239 βεϐηκὼς
3117 5167 3198 5229 είς
3227 5164 3413 5236 τρίτον
3435 5167 3670 5237 οὐρανὸν,

406 5274 583 5314 mores
632 5260 770 5325 sint,
806 5258 1153 5327 prasentibus
1204 5260 1433 5313 contenti
1458 5258 1501 5323 ⁸,
1535 5259 1582 5314 is
1619 5258 1710 5327 qui
1768 5257 1985 5311 tertium

405 5352 607 5407 coelum
646 5351 986 5416 conscendit,
1014 5357 1067 5404 et
1093 5364 1293 5405 arcana
1324 5350 1486 5404 verba
1514 5348 1746 5416 audivit,
1781 5348 1985 5404 Paulus

406 5442 624 5498 divinus
661 5444 940 5512 apostolus
969 5451 1157 5511 aperte
1194 5439 1551 5496 vociferatur.

2096 5262 2188 5316 καὶ
2227 5264 2467 5323 ἀκούσας
2511 5262 2729 5334 ἀρῤητα
2762 5260 3005 5332 ῥήματα,
3037 5258 3250 5322 Παῦλος
3288 5259 3317 5311 6
3362 5258 3510 5322 θεῖος
3554 5260 3672 5311 ἀπό-

2097 5353 2302 5417 στολος,
2350 5353 2645 5423 διαρρήδην

475 5641 660 5700 'Psal.
698 5660 886 5712 cxvut,
924 5644 1008 5699 Η.
1071 5641 1238 5700 ‘ibid.
1274 5639 1393 5696 158.
1457 5640 1629 5697 ιιιήά.
1672 5640 1789 5695 146.
1871 5641 1890 5671 ⁸
1916 5639 2073 5696 Deut.
2106 5655 2178 5705 tv,
2214 5640 2268 5693 ‘2.
2346 5639 2403 5694 αι
2435 5637 2577 5695 Petr.
2609 5652 2647 5706 l,
2693 5649 2757 5693 tz
2794 5638 2839 5686 ι’
2862 5637 3037 5693 Galat.
3077 5652 3120 5702 ι,
3152 5637 3204 5689 8.
3274 5634 3483 5692 8Hebr.
3520 5636 3659 5701 xm,l

406 5728 524 5779 seq.
