3904 6248
239 265 342 330 L53

1114 259 1515 324 SYNTAGMA
1540 256 1684 319 CAN
1701 253 1945 316 ONUM.
1987 277 2059 288 -
2093 253 2242 314 TlT.
2284 252 2332 313 Ι.
2368 252 2524 313 CA‘P.
2555 251 2639 311 II.

3400 250 3506 314 454

241 375 494 449 Ὅτι,δεῖ
537 377 650 432 τὸν
674 378 1203 449 χειροτονούμενον
1256 374 1594 449 ἐπίσκοποις
1618 368 1836 449 ⁸ἀσφα-

1958 368 2040 436 ιι
2075 367 2229 449 Quod
2277 365 2603 419 ordinandus
2644 365 2915 449 episcopus
2981 372 3123 445 certo
3165 362 3348 443 debeat
3382 380 3510 434 pro-

318 448 441 513 ,ιὼς
479 437 965 513 συντᾶἆσέσυαι,
1013 437 1156 511 τοὺς
1183 447 1445 508 κανόνας
1471 437 1797 510 φυλάττειν
1820 452 1835 469 ο

317 523 371 573 at
396 518 462 571 δὲ
485 517 571 588 μή
609 535 700 587 τε,
732 518 819 587 μὴ
858 516 1345 587 χειροτονεῖσθαι.

328 632 393 700 β’.
409 629 739 700 Ἐπειδήπερ
760 627 1050 698 ψάλλοντες
1082 619 1488 690 συντασσόμεθα
1498 615 1841 690 τῷΘεῷ,⁰Εν

250 721 379 786 τοῖς
414 720 770 789 δικαιώμασι
815 731 930 772 σου
962 715 1300 786 μελετήσω,
1325 714 1439 766 οὐκ
1474 709 1840 776 ἐπιλήσομαι

249 815 374 869 τῶν
403 817 602 883 λόγων
629 829 767 868 σου·
798 812 1008 874 πάντας
1036 809 1139 881 μὲν
1168 806 1525 879 Χριστιανοὺς
1557 801 1714 856 τοῦτο
1741 817 1842 869 φυ-

250 907 411 959 λάττε
421 923 468 958 ιν
488 905 776 976 σωτήριον,
796 906 920 958 κατ’
939 902 1219 972 ἐξαίρετον
1230 899 1289 953 δὲ
1303 898 1427 961 τοὺς
1441 898 1540 968 τὴν
1558 892 1840 966 ἱερατικὴν

252 1000 672 1072 ἀμπεχομένους
740 996 919 1061 ἀξίαν.
979 994 1144 1047 Ὅθεν
1194 990 1452 1063 ὁρίζομεν
1512 987 1690 1039 πάντα
1748 985 1840 1039 τὸν

252 1088 596 1160 προάγεσθαι
621 1087 884 1159 μέλλοντα
913 1086 994 1147 εις
1021 1083 1113 1137 τὸν
1149 1082 1249 1152 τῆς
1282 1076 1589 1146 ἐπισκοπῆς
1625 1074 1838 1146 θρόνον,

252 1185 472 1245 πάντως
498 1180 753 1250 ψαλτῆρα
783 1176 1072 1247 γινώσκειν
1105 1190 1121 1207 ο
1156 1173 1247 1227 ἵνα
1290 1172 1365 1236 ὡς
1400 1172 1466 1222 ὲκ
1500 1167 1715 1230 τούτου,
1745 1165 1841 1217 καὶ

252 1275 438 1329 πάντα
503 1275 594 1326 τὸν
663 1271 787 1325 κατ’
853 1269 1017 1323 αὐτὸν
1097 1267 1337 1338 κλῆρον,
1398 1263 1541 1316 οὕτω
1611 1258 1837 1328 νουθετῇ

255 1365 513 1436 μυεῖσθαι
540 1380 552 1393 ·
586 1360 1048 1433 άνακρίνεσθαιδὲ
1074 1355 1331 1426 ἀσφαλῶς
1367 1353 1472 1406 ὑπὸ
1503 1349 1599 1404 τοῦ
1634 1364 1842 1420 μητρο-

253 1457 475 1510 ⁴πολίτου
501 1496 516 1518 ,
568 1456 618 1508 εί
670 1452 967 1525 προθύμως
999 1450 1113 1520 ἔχει
1144 1445 1564 1515 ἀναγινώσκειν,
1617 1443 1841 1513 ὲρευνη-

252 1550 422 1611 τικῶς
454 1547 546 1601 καὶ
576 1547 636 1599 ού
669 1543 1092 1614 παροδευτικῶς,
1117 1539 1245 1603 τούς
1273 1555 1333 1592 τε
1362 1537 1542 1608 ἱεροὺς
1580 1533 1841 1597 κανόνας,

251 1642 315 1693 τὸ
367 1640 526 1707 ἅγιον
558 1636 904 1705 Εὑαγγέλιον,
936 1636 1036 1704 τήν
1084 1649 1144 1685 τε
1171 1630 1267 1685 τοῦ
1319 1628 1470 1683 θείου
1520 1623 1841 1679 Ἀποστόλου

2014 435 2219 490 mittere
2266 452 2318 489 se
2370 452 2592 489 canones
2632 444 3001 502 servaturum,
3051 435 3131 487 sin
3184 436 3356 487 minus
3408 451 3513 490 non

2012 515 2404 576 promoveatur.

2007 617 2063 671 2.
2104 615 2373 683 Quoniam
2418 614 2716 685 psallentes
2754 611 2867 667 Deo
2916 611 3252 683 spondemus
3282 629 3296 666 :
3328 610 3394 665 In
3416 610 3512 680 ju-

1940 706 2352 777 stiﬁcationibus
2384 706 2489 758 tuis
2517 702 2830 770 meditabor,
2862 719 2965 757 non
3001 702 3283 757 obliviscar
3315 718 3515 756 sermo-

1940 814 2030 851 nes
2087 798 2274 849 tuos”
2304 814 2317 848 :
2351 810 2544 849 omnes
2600 795 2822 863 quidem
2874 792 3220 848 Christianos
3273 792 3514 847 salutare

1940 899 2024 944 est
2050 889 2153 942 hoc
2187 902 2424 950 servare,
2461 901 2557 941 eos
2603 893 2787 939 autem
2824 885 3097 954 praecipue
3132 886 3227 955 qui
3256 885 3515 940 sacerdo-

1943 983 2104 1037 talem
2156 982 2475 1052 dignitatem
2529 978 2799 1032 obtinent.
2852 976 3219 1042 Quamobrem
3268 976 3515 1031 decerni-

1941 1090 2065 1129 mus
2120 1071 2433 1141 quemlibet,
2485 1069 2580 1140 qui
2629 1068 2696 1122 ad
2742 1068 3105 1137 episcopalem
3155 1068 3382 1137 gradum
3432 1075 3516 1120 est

1940 1164 2341 1237 proveliendus,
2386 1164 2709 1231 psalterium
2759 1160 2985 1215 omnino
3028 1173 3211 1222 nosse,
3248 1167 3309 1212 ut
3356 1175 3423 1212 ex
3450 1174 3516 1212 eo

1942 1273 2160 1313 omnem
2204 1271 2422 1325 quoque
2469 1270 2633 1310 suum
2687 1253 2945 1309 clericum
2997 1250 3071 1304 ita
3121 1249 3338 1306 institui
3393 1265 3517 1303 mo-

1943 1358 2087 1405 neat.
2127 1351 2174 1402 A
2210 1348 2636 1417 metropolitano
2678 1353 2864 1399 autem
2894 1344 3032 1398 bene
3069 1341 3404 1405 examinari,
3444 1356 3514 1394 an

1943 1444 2009 1497 ad
2058 1457 2246 1497 sacros
2290 1455 2529 1496 canones
2578 1438 2887 1507 diligenter,
2928 1452 2992 1491 ac
3033 1451 3158 1490 eum
3203 1443 3517 1506 perscruta-

1944 1535 2129 1600 tione,
2187 1549 2295 1589 non
2364 1543 2547 1587 autem
2611 1532 2789 1586 obiter
2850 1530 3166 1599 cursimque
3219 1526 3512 1595 legendos,

1943 1636 2195 1695 prompto
2246 1635 2549 1694 paratoque
2609 1624 2682 1678 sit
2732 1624 2939 1686 animo,
2981 1630 3036 1676 et
3085 1635 3304 1675 sacrum
3351 1619 3513 1672 etiam

254 1730 469 1801 βίϐλον,
502 1730 597 1782 καὶ
642 1729 823 1781 πᾶσαν
866 1726 966 1796 τὴν
992 1724 1145 1777 θείαν
1176 1720 1434 1791 Γραφήν’
1477 1716 1573 1771 καὶ
1603 1713 1746 1768 κατὰ
1771 1712 1842 1765 τὰ

1958 1717 2323 1787 Evangelium,
2355 1726 2411 1770 et
2438 1716 2639 1769 librum
2673 1714 2845 1770 divini
2884 1714 3157 1784 Apostoli,
3185 1725 3516 1781 omnemque

254 1822 374 1874 θεῖα
420 1820 733 1889 ἐντάλματα
789 1814 1247 1885 ἀναστρέφεσθαι,
1294 1812 1388 1865 καὶ
1424 1808 1699 1862 διδάσκειν
1745 1804 1835 1858 τὸν

253 1917 375 1969 κατ’
404 1914 569 1967 αὑτὸν
598 1912 745 1966 λαόν.
776 1912 947 1964 Ούσία
974 1909 1084 1977 γὰρ
1106 1907 1206 1977 τῆς
1238 1903 1363 1959 καθ’
1382 1903 1528 1972 ἡμᾶς
1554 1898 1837 1970 ίεραρχίας

253 2008 371 2061 ἐστὶ
428 2007 497 2060 τὰ
549 2003 922 2074 θεοπαράδοτα
984 2001 1161 2068 λόγια,
1225 1997 1395 2068 ἤγουν
1443 1995 1477 2064 ἡ
1528 1991 1637 2044 τῶν
1677 1990 1838 2042 θείων

254 2098 489 2169 Γραφῶν
511 2096 739 2168 ἀληθινὴ
778 2093 1080 2162 ἐπιστήμη,
1121 2087 1304 2150 καθὼς
1338 2088 1366 2138 ὁ
1418 2084 1590 2155 μέγας
1619 2080 1837 2151 ἀπεφή-

253 2206 382 2242 νατο
408 2187 703 2249 Διονύσιος.
735 2186 799 2238 Ei
828 2183 885 2237 δὲ
918 2178 1293 2252 ὰμφισόητοίη
1323 2176 1419 2229 καὶ
1447 2172 1523 2245 μὴ
1551 2169 1838 2240 ἀσμενίζοι

253 2281 399 2335 οὕτω
442 2282 613 2332 ποιεῖν
666 2294 726 2330 τε
782 2281 873 2328 καί
918 2272 1212 2332 διδάσκειν,
1249 2266 1324 2337 μὴ
1365 2259 1794 2335 χειροτονεῖσθαι
1822 2271 1838 2287 ·

256 2374 361 2444 ἔφη
389 2373 500 2443 γὰρ
532 2367 884 2441 προφητικῶς
906 2368 933 2419 ό
951 2362 1085 2425 Θεός
1113 2377 1126 2392 ο
1157 2360 1240 2413 Σὺ
1256 2358 1581 2426 ἐπίγνωσιν
1600 2352 1840 2414 ἀπώσω,

256 2464 421 2533 κάγὼ
452 2459 768 2529 ἀπώσομαι
812 2473 887 2513 σε
917 2454 1023 2510 τοῦ
1039 2452 1124 2524 μὴ
1151 2448 1478 2520 ἱερατεύειν
1496 2462 1621 2516 μοι.

1941 1811 2182 1866 divinam
2230 1809 2594 1877 Scripturam,
2626 1816 2680 1862 et
2723 1809 2777 1861 in
2808 1806 3011 1862 divinis
3057 1804 3344 1876 przeceptis
3387 1818 3516 1857 ver-

1943 1902 2076 1965 sari,
2136 1910 2193 1955 et
2260 1900 2524 1971 populum
2580 1912 2744 1953 suum
2815 1899 3032 1953 docere.
3095 1896 3307 1951 Nostrae
3367 1895 3513 1948 enim

1945 1992 2274 2049 hierarehia:
2318 1993 2624 2046 substantia
2664 1998 2793 2044 sunt
2837 1990 3048 2060 eloquia
3099 1989 3363 2043 divinitus
3414 1997 3518 2041 tra-

1943 2089 2074 2154 dita,
2102 2087 2411 2150 divinarum
2438 2085 2647 2140 scilicet
2671 2082 3083 2151 Scripturarum
3108 2096 3233 2135 vera
3262 2082 3514 2143 scientia,

1945 2180 2090 2234 sicut
2130 2192 2363 2246 magnus
2406 2177 2484 2230 ait
2514 2174 2809 2244 Dionysius
2834 2172 2899 2226 “.
2939 2171 2997 2226 Si
3028 2174 3153 2241 quis
3202 2182 3383 2225 autem
3413 2170 3518 2223 du-

1946 2271 2068 2326 bius
2106 2268 2275 2324 animi
2348 2266 2533 2331 fuerit,
2577 2276 2632 2320 et
2676 2280 2785 2320 non
2834 2265 3083 2319 lubenter
3114 2263 3227 2316 haec
3256 2263 3436 2316 facere
3464 2270 3520 2314 et

1943 2363 2142 2417 docere
2190 2358 2445 2422 voluerit,
2500 2372 2609 2411 non
2658 2356 2967 2410 ordinetur.
3011 2353 3335 2423 Prophetice
3370 2354 3516 2406 enim

1943 2457 2077 2511 dicit
2108 2454 2253 2508 Deus
2285 2469 2299 2505 :
2336 2450 2414 2505 Tu
2455 2448 2695 2518 reputisti
2734 2449 3032 2510 scientiam,
3057 2454 3105 2498 et
3139 2460 3231 2514 ego
3265 2455 3314 2498 te
3346 2446 3517 2512 repet-

1944 2546 2073 2613 tam,
2102 2561 2162 2599 ne
2185 2545 2259 2599 sis
2288 2543 2420 2596 mihi
2450 2538 2697 2595 sacerdos
2723 2539 2788 2591 ι’.

330 2692 576 2747 Canones
625 2689 679 2742 hi
708 2687 813 2740 duo
851 2688 903 2739 in
954 2682 1192 2753 margine
1236 2679 1432 2744 adiecti
1456 2686 1606 2733 erant
1637 2692 1669 2729 a
1714 2667 2000 2727 recentiore
2039 2674 2225 2724 manu,
2258 2656 2357 2710 etsi
2394 2654 2457 2708 ob
2490 2662 2759 2707 attonsam
2790 2649 3151 2704 membranam
3179 2649 3517 2717 aliquantum

255 2787 461 2840 ntutiti.
495 2784 602 2839 llos
630 2799 767 2836 nunc
799 2780 1128 2835 restituimus
1154 2789 1219 2829 ea:
1250 2773 1569 2830 Leunctavio
1593 2768 1712 2824 Jur.
1744 2762 1841 2821 Gr.
1874 2760 2034 2814 Rom.
2070 2754 2199 2808 108-

258 2880 393 2949 περὶ
424 2877 693 2937 ὲνώσεως.

473 2989 742 3044 Evr-c5601)
793 2985 897 3056 τῆς
945 2986 1213 3051 ὲνώσεως
1242 2979 1442 3037 κανὼν
1468 2977 1532 3041 δ’,
1565 2976 1633 3040 ζ’.

326 3082 393 3135 δ’.
433 3081 685 3133 Ἀπαντα
705 3079 774 3130 τὰ
822 3078 974 3148 παρὰ
1014 3076 1112 3147 τὴν
1166 3069 1627 3143 ὲκκλησιαστικὴν
1666 3064 1848 3135 παρά-

252 3174 409 3226 δοσιν
464 3174 559 3225 καὶ
617 3174 716 3243 τὴν
760 3169 1113 3224 διδασκαλίαν
1171 3166 1267 3219 καὶ
1340 3161 1688 3215 ὑποτύπωσιν
1735 3157 1845 3211 τῶν

256 3267 436 3335 ἁγίων
467 3266 564 3318 καὶ
617 3263 903 3334 μακαρίων
940 3260 1199 3330 Πατὲρων
1242 3253 1704 3325 καινοτομηθὲντα
1750 3249 1844 3302 καὶ

258 3354 580 3424 πραχθέντα
628 3352 662 3421 ἢ
720 3350 859 3423 μετὰ
931 3348 1090 3402 τοῦτο
1166 3346 1599 3418 πραχθησόμενα
1626 3380 1644 3409 ,
1707 3339 1839 3393 ἀνά·
1865 3371 1909 3432 C

260 3450 431 3520 θεμα.

333 3560 400 3623 ζ’.
430 3559 555 3621 Τοῖς
580 3559 638 3611 ὲν
653 3556 1054 3627 καταφρονήσει
1075 3553 1378 3617 τιθεμένοις
1403 3549 1528 3612 τοὺς
1551 3546 1730 3618 ἱεροὺς
1751 3543 1847 3597 καὶ

260 3652 446 3713 θείους
479 3650 708 3711 κανόνας
734 3648 842 3701 τῶν
872 3647 1158 3717 μακαρίων
1194 3644 1452 3713 Πατέρων
1483 3638 1638 3710 ἡμῶν
1669 3636 1720 3689 οἳ
1754 3636 1849 3687 καὶ

256 3744 360 3813 τὴν
392 3744 558 3809 ἁγίαν
598 3741 919 3811 Ἐκκλησίαν
946 3738 1308 3810 ὑπερείδουσι,
1336 3735 1429 3787 καὶ
1456 3732 1585 3801 ὅλην
1598 3728 1693 3801 τὴν
1716 3728 1851 3797 Χρι-

262 3834 556 3903 στιανικὴν
584 3834 859 3886 πολιτείαν
877 3830 1207 3901 κοσμοῦντες
1224 3826 1362 3898 πρὸς
1384 3824 1533 3880 θείαν
1559 3820 1845 3892 ὁδηγοῦσιν

260 3922 575 3987 εὐλάϐειαν,
605 3921 871 3991 ἀνάθεμα.

2212 2750 2333 2805 109.
2365 2748 2456 2803 ubi
2496 2747 2669 2816 iacent
2703 2746 2758 2799 in
2784 2758 2999 2815 corpore
3023 2742 3217 2796 decreti
3247 2740 3517 2810 synodalia

2306 2930 2525 2989 Concitii
2552 2931 2759 2983 unionis
2782 2944 3011 2981 canones
3040 2929 3093 2992 4,
3123 2928 3174 2980 7.

2016 3029 2071 3083 4.
2108 3028 2461 3093 Quaecunque
2508 3032 2699 3076 contra
2725 3020 3076 3074 traditionem
3107 3017 3388 3080 Ecclesiae,
3420 3017 3522 3071 do-

1946 3121 2180 3176 ctrinam
2222 3125 2278 3171 et
2330 3114 2598 3169 formulas
2644 3124 2959 3166 sanctorum
2998 3126 3062 3165 ac
3103 3111 3385 3164 beatorum
3424 3108 3523 3160 l’a-

1949 3224 2093 3269 trum
2142 3210 2549 3266 innovabantur
2596 3208 2681 3261 vel
2712 3221 2906 3275 reapse
2938 3221 3036 3276 per
3078 3204 3192 3259 sive
3222 3212 3308 3258 est
3352 3202 3522 3256 eitum

1945 3307 2223 3363 habebant
2252 3302 2545 3357 anathema
2580 3301 2672 3354 sit.

2016 3512 2071 3563 7.
2094 3509 2424 3577 Quicunque
2457 3520 2642 3561 saeros
2667 3520 2732 3558 ac
2767 3502 2987 3559 diuinos
3012 3515 3253 3556 canones
3282 3516 3311 3555 a
3349 3499 3525 3554 beatis

1948 3602 2205 3660 Patribus
2252 3600 2604 3655 transmissos
2648 3602 3203 3666 spernat,uegantes
3249 3593 3368 3645 illos
3402 3607 3524 3646 esse

1948 3695 2123 3751 fulcra
2154 3701 2354 3748 sancta:
2380 3691 2639 3745 Ecclesim
2670 3696 2725 3743 et
2762 3688 2931 3742 duces
2981 3686 3416 3741 Christianorum
3456 3682 3524 3736 ad

1956 3788 2051 3843 Dei
2085 3787 2363 3847 timorem,
2400 3783 2692 3837 anathema
2724 3781 2816 3835 sit.

338 4037 430 4092 Ita
460 4033 795 4088 concluditur
814 4032 1169 4101 fragmentum
1198 4045 1231 4081 a
1261 4025 1581 4081 Leunclavio
1613 4023 1714 4077 loc.
1740 4021 1877 4075 dict.
1899 4017 2202 4071 recitatum.
2234 4010 2298 4066 In
2328 4010 2509 4064 codice
2538 4020 2716 4062 autem
2750 4005 2872 4060 Vat.
2900 4007 3139 4076 sequitur
3162 4008 3348 4075 synodi
3371 4011 3522 4063 clau-

261 4134 388 4189 sula
420 4130 627 4184 inedita
657 4142 775 4196 qua:
804 4126 881 4178 ita
912 4140 967 4178 se
1005 4124 1181 4176 habet.

331 4245 557 4300 Τούτων
593 4243 770 4306 οὕτως
823 4243 1191 4313 διωρισμένων
1224 4240 1359 4311 πρὸς
1410 4238 1709 4308 ἀσφάλειαν
1747 4237 1849 4304 τῆς

259 4341 427 4409 ἁγίας
478 4334 843 4403 Ἐκκλησίας,
894 4333 989 4385 τοῦ
1024 4333 1290 4402 ἀμέτοχον
1342 4327 1481 4384 εἶναι
1532 4331 1595 4382 τὸ
1626 4328 1846 4391 εὐσεϐὲς

257 4431 375 4484 τῶν
424 4424 766 4497 Χριστιανῶν
821 4424 1091 4492 πλήρωμα
1122 4422 1232 4474 τῶν
1255 4421 1313 4488 ea
1336 4419 1609 4491 ἀθεμίτων
1650 4420 1845 4489 γάμων

262 4525 477 4596 ρύπων,
507 4520 737 4591 δεόμεθα
765 4521 863 4591 τῆς
897 4521 996 4590 σῆς
1024 4517 1379 4588 άγαθότητος,
1407 4519 1610 4589 Χριστὲ
1644 4517 1673 4568 ὁ
1711 4515 1845 4579 Θεὸς

263 4616 448 4689 ἡμῶν,
483 4614 563 4666 ἔτι
598 4613 692 4666 καὶ
716 4612 1005 4675 διαπαντὸς
1039 4612 1148 4665 πᾶν
1181 4610 1499 4674 σκάνδαλον,
1529 4610 1706 4663 πᾶσαν
1727 4609 1847 4662 δια-

267 4704 547 4778 μερισμοῦ
570 4704 886 4772 αἰτίαν,τῆς
912 4704 1009 4771 σῆς
1039 4702 1345 4769 ἐξελαύνειν
1381 4701 1725 4771 Ἐκκλησίας,
1753 4700 1849 4753 καὶ

264 4798 560 4868 συντηρεῖν
616 4795 755 4864 αὐτῇ
803 4795 904 4863 τὴν
950 4792 1228 4863 είρηναίαν
1293 4793 1657 4855 κατάστασιν,
1713 4809 1844 4861 πρε-

267 4891 481 4951 σϐείαις
505 4886 605 4957 τῆς
648 4885 942 4953 Δεσποίνης
999 4885 1156 4955 ἡμῶν
1186 4886 1280 4937 καὶ
1318 4883 1584 4954 ἁχράντου
1612 4883 1855 4953 Μητρὸς,

2025 4226 2238 4294 Quibus
2286 4225 2361 4278 ita
2396 4222 2633 4277 delinilis
2682 4221 2747 4275 ad
2784 4221 3138 4275 securitatem
3185 4230 3389 4278 sanctae
3416 4223 3527 4280 Ec—

1954 4320 2154 4383 clesiae,
2186 4326 2241 4372 et
2288 4324 2349 4370 ut
2379 4315 2595 4384 pietatis
2637 4313 2970 4382 perfectione
3004 4323 3256 4367 arceatur
3286 4316 3525 4384 nequitia

1953 4412 2275 4482 nuptialium
2333 4408 2614 4473 sordium;
2668 4419 2958 4475 precamur
3010 4405 3305 4461 bonitatem
3349 4417 3523 4474 tuam,

1951 4502 2171 4560 Christe
2232 4503 2374 4555 Deus
2423 4509 2629 4563 noster,
2681 4507 2740 4552 ut
2782 4498 3038 4568 deinceps
3083 4513 3246 4554 omne
3299 4516 3528 4570 prorsus

1950 4595 2294 4658 scandalum,
2316 4606 2643 4660 omnemque
2681 4590 2895 4645 dissidii
2925 4606 3146 4646 causam
3182 4592 3251 4647 ab
3280 4592 3525 4649 Ecclesia

1954 4695 2051 4741 tua
2090 4686 2274 4749 tollas,
2312 4694 2368 4738 et
2411 4697 2707 4738 conserves
2757 4682 2832 4735 illi
2864 4683 3146 4751 paciﬁcam
3180 4687 3527 4742 constitutio-

1958 4790 2105 4839 nem,
2142 4773 2509 4829 intercedente
2535 4773 2934 4843 gloriosissima
2962 4773 3193 4831 Domina
3230 4789 3416 4833 nostra
3476 4790 3529 4834 et

1962 4868 2185 4924 sublimi
2214 4866 2384 4921 Matre
2417 4874 2532 4933 tua,
2567 4880 2632 4921 ac
2660 4866 3051 4922 sacratissimis
3079 4868 3366 4940 discipulis
3419 4872 3530 4925 tuis

265 4982 383 5035 τῶν
415 4979 688 5045 πανιέρων
732 4991 825 5029 σου
870 4975 1127 5045 μαθητῶν
1166 4976 1260 5028 καὶ
1321 4974 1659 5038 ἀποστόλων,
1683 4974 1750 5028 δι’
1780 4967 1853 5027 ὦν

1958 4969 2011 5015 et
2043 4960 2325 5029 apostolis,
2366 4974 2459 5029 per
2486 4972 2629 5027 quos
2666 4958 2719 5011 in
2769 4960 2918 5012 omni
2949 4967 3099 5013 terra
3141 4976 3333 5028 pacem
3376 4970 3525 5015 tuam

271 5075 330 5129 ἐν
359 5072 515 5141 πάσῃ
562 5071 628 5138 τῇ
668 5071 962 5140 οἰκουμένῃ
994 5068 1092 5139 τὴν
1124 5068 1222 5138 σὴν
1251 5066 1665 5134 κατεφύτευσας
1702 5066 1854 5137 εἰρή-

272 5182 374 5233 νην
400 5204 415 5228 ,
458 5163 553 5215 καὶ
601 5162 819 5213 πάντων
875 5154 955 5224 οἷς
1015 5158 1075 5224 ἐξ
1127 5157 1321 5222 αἰῶνος
1396 5157 1854 5226 εὐαρεστούμενος

274 5254 468 5324 ὤφθης
504 5251 701 5320 ἁγίοις.
736 5251 929 5320 Ἀμήν.

359 5368 427 5420 Ἦ
453 5367 617 5437 τρίτη
641 5363 883 5428 διάταξις
912 5361 1005 5414 τοῦ
1029 5359 1074 5431 β’
1106 5360 1287 5414 τίτλου
1318 5360 1428 5413 τῶν
1460 5359 1709 5432 Νεαρῶν,
1731 5360 1858 5424 τοὺς

276 5459 386 5512 τῶν
421 5457 700 5526 τεσσάρων
731 5453 960 5510 συνόδων
992 5451 1219 5514 κανόνας
1242 5450 1381 5510 θέλει
1412 5452 1654 5520 κρατεῖν,
1676 5450 1769 5503 καὶ
1790 5448 1857 5502 τὰ

282 5553 527 5620 ὣγματα
567 5545 768 5611 αὐτῶν,
808 5544 885 5606 ὡς
911 5546 1008 5607 τὰς
1041 5542 1192 5605 θείας
1231 5542 1269 5595 Γ
1273 5543 1472 5613 ραφάςο
1508 5543 1595 5595 Ἑν
1628 5542 1683 5594 δὲ
1714 5542 1789 5612 τῷ
1810 5542 1857 5611 β’

1564 5660 1606 5691 ⁵⁸
1627 5656 1765 5713 Osce
1804 5673 1876 5724 iv,
1913 5662 1963 5713 6.

352 5665 392 5694 °‘
432 5663 579 5719 Psal.
672 5662 738 5712 “.
766 5658 841 5714 De
878 5657 1059 5713 eccles.
1093 5656 1241 5711 Hier.
1275 5673 1398 5729 cap.
1434 5661 1483 5714 ι.

1960 5052 2317 5123 implantasti,
2354 5067 2478 5107 eum
2507 5050 2760 5106 omnibus
2794 5052 3003 5108 sanctis
3058 5053 3189 5118 illis,
3239 5054 3293 5107 in
3326 5055 3531 5125 quibus

1961 5158 1992 5198 a
2023 5144 2238 5200 saeculis
2278 5144 2430 5199 visus
2458 5158 2519 5199 es
2556 5142 2652 5198 tibi
2684 5143 3099 5212 complacuisse.
3134 5144 3334 5199 Amen.

2039 5362 2253 5418 Textus.
2285 5360 2620 5419 Constitutio
2648 5364 2703 5428 5,
2740 5363 2824 5417 tit.
2861 5363 2920 5427 2,
2980 5360 3357 5430 Novellarum,
3412 5380 3535 5436 sep-

1967 5465 2074 5511 tem
2115 5454 2473 5509 conciliorum
2526 5469 2786 5520 canones,
2811 5468 3113 5522 eorumque
3161 5453 3379 5524 placita,
3414 5464 3535 5510 tan-

1963 5558 2126 5610 quam
2197 5560 2382 5600 sacras
2431 5542 2909 5614 Scripturasvult
2968 5543 3167 5597 valere.
3230 5541 3425 5600 Verum
3479 5546 3535 5599 in
