3904 6248
344 325 450 391 455

1516 310 1775 379 ΡΗΟΤῘΙ
1815 306 2319 370 ΡΑἸἮῙΑΒΟΗᾹΞ
2347 311 2454 372 CP.

3506 320 3608 384 456

346 449 383 501 2
404 448 499 503 lib.
523 443 770 510 Codieis,
803 443 885 499 tit.
909 444 970 510 5,
1005 441 1225 499 constit.
1263 438 1351 501 Μ,
1375 444 1430 492 ct
1459 435 1515 489 in
1543 450 1558 487 ι
1592 430 1696 487 θιλι
1719 425 1930 483 ροηειὶ-

2048 420 2225 493 Βιϐλίῳ
2250 422 2344 475 τοῦ
2371 424 2635 492 Κώδικος,
2656 425 2762 481 τίτ.
2785 433 2854 496 γ’,
2887 427 3125 495 διατάξει
3167 428 3227 483 ιδ’
3256 429 3402 501 καὶὴ
3435 438 3484 486 α’
3517 437 3610 486 καὶ

348 541 578 605 tutione,
602 540 685 594 tit.
718 539 769 601 l,
795 536 1161 598 Novellarum,
1194 531 1391 602 partim
1435 541 1671 581 canones
1696 531 1754 576 ut
1786 521 1931 589 leges

350 636 551 696 valere,
581 631 776 701 partim
809 630 955 699 leges
1016 628 1169 698 sequi
1219 637 1457 679 canones
1512 615 1835 691 [traditur].
1866 612 1932 667 Et

354 727 448 781 lib.
486 726 537 787 1,
571 725 652 779 tit.
683 723 740 790 2,
773 730 953 777 const.
986 720 1073 786 12,
1106 717 1469 789 pragmaticas
1525 712 1751 776 formas,
1809 722 1933 792 qua:

352 816 662 873 canonibus
685 815 1073 878 adversantur,
1093 812 1277 868 irritas
1307 822 1427 866 esse
1454 804 1676 879 [habet].

428 991 530 1059 12
562 989 715 1044 CAP.
746 987 837 1042 lll.
872 1018 941 1032 —
979 986 1134 1052 Quod
1166 984 1525 1040 ecclesiastica
1575 978 1927 1039 consuetudo,

353 1083 571 1137 etiamsi
612 1098 717 1135 non
769 1082 990 1150 scripta,
1043 1081 1216 1133 instar
1262 1078 1390 1147 legis
1438 1075 1695 1131 servanda
1740 1075 1849 1138 sit;
1883 1080 1933 1126 et

354 1175 494 1245 quod
553 1175 767 1228 minime
835 1189 1039 1227 necesse
1103 1174 1169 1225 sit
1227 1170 1521 1225 Mosaicam
1582 1169 1745 1239 legem
1803 1168 1933 1221 reti-

357 1282 498 1321 nere.

612 1356 832 1413 Concilii
896 1357 1197 1411 aecumanici
1247 1372 1301 1411 v1
1354 1371 1518 1409 canon
1579 1353 1665 1407 8‘2.

430 1470 523 1525 82.
550 1468 609 1523 In
634 1469 910 1523 nonnullis
931 1469 1318 1524 venerabilium
1359 1469 1654 1537 imaginum
1682 1466 1932 1536 picturis,

360 1576 534 1631 agnus
600 1562 691 1630 qui
753 1561 922 1630 digito
985 1559 1351 1614 Praecursoris
1411 1568 1773 1623 monstratur,
1840 1557 1935 1611 de-

358 1653 623 1723 pingitur,
674 1652 765 1720 qui
820 1652 887 1705 ad
938 1650 1126 1721 gratiae
1184 1651 1413 1719 figuram
1465 1660 1781 1718 assumptus
1828 1657 1931 1711 est,

2033 512 2068 577 ὴ
2091 510 2132 562 δ’
2151 510 2393 576 διάταξις
2413 513 2506 565 τοῦ
2537 514 2781 567 α’τίτλου
2810 515 2916 568 τῶν
2948 518 3177 586 Νεαρῶν
3202 535 3216 548 -
3255 519 3333 589 πῆ
3375 520 3498 590 μὲν,
3530 522 3612 575 δτι

2031 602 2081 655 οἱ
2112 604 2334 667 κανόνες
2362 604 2437 667 ῶς
2460 605 2613 674 νόμοι
2640 608 2923 677 κρατοῦσι,
2952 608 3029 678 πῆ
3044 609 3120 673 δὲ,
3149 610 3230 662 ὅτι
3259 614 3370 673 τοῖς
3390 614 3612 664 κανόσιν

2032 695 2081 746 oi
2111 694 2263 764 νόμοι
2295 696 2649 749 ἀκολουθοῦσι
2679 712 2693 726 ο
2724 701 2817 751 καὶ
2848 700 3039 770 βιϐλίῳ
3085 708 3156 767 α’,
3185 702 3349 772 τίτλῳ
3385 701 3454 771 β’,
3494 703 3610 755 δια-

2032 786 2181 851 τάξει
2212 786 2278 857 ιβ’
2313 789 2393 841 ὅτι
2416 790 2463 841 οῖ
2493 791 2603 852 τοῖς
2643 791 2863 846 κανόσιν
2894 794 3296 865 ἐναντιούμενοι
3352 812 3616 865 πραγμα-

2033 881 2192 944 τικοὶ,
2227 881 2418 951 ἄκυροι
2440 884 2598 937 εἰσιν.

2105 972 2355 1023 ΚΕΦΑΑ.
2382 973 2529 1025 Γ’.-
2546 974 2688 1042 Περὶ
2706 975 2812 1027 τοῦ
2830 974 3235 1043 φυλάττεσθαι
3257 974 3323 1027 τὸ
3339 974 3615 1042 ἄγραφον

2032 1064 2547 1132 ἐκκλησιαστικὸν
2595 1067 2769 1133 ἔθος,
2830 1068 2909 1133 ὡς
2948 1070 3136 1136 νόμον
3166 1082 3181 1097 ⁸
3216 1067 3314 1119 καὶ
3363 1067 3455 1119 ὅτι
3502 1069 3615 1119 οὐκ

2032 1158 2252 1225 ἔχομεν
2306 1158 2584 1229 ἀνάγκην
2642 1159 2970 1228 φυλάττειν
3013 1161 3084 1213 τὰ
3128 1160 3233 1214 τοῦ
3285 1161 3615 1215 Μωσιιῖκοῡ

2036 1254 2239 1321 νόμου.

2210 1345 2481 1398 Συνόδου
2526 1346 2945 1415 οὶκουμενικῆς
2980 1353 3032 1411 ς’
3095 1346 3297 1400 κανὼν
3325 1346 3437 1415 πβ’.

2104 1458 2201 1529 πβ.
2236 1461 2335 1515 Ἕν
2371 1479 2480 1514 τισι
2514 1462 2623 1514 τῶν
2654 1462 2867 1516 σεπτῶν
2897 1463 3119 1515 εἰκόνων
3142 1466 3402 1534 γραφαῖς,
3444 1465 3616 1534 ἀμνὲς

2034 1549 2282 1621 δακτύλῳ
2329 1550 2423 1605 τοῦ
2460 1554 2777 1624 Προδρόμου
2819 1554 3164 1625 δεικνύμενος
3192 1556 3615 1624 ὲγχαράττεται,

2034 1642 2091 1706 ὃς
2122 1644 2201 1707 εἰς
2228 1644 2398 1697 τύπον
2444 1646 2766 1717 παρελήφθη
2794 1647 2894 1716 τῆς
2944 1649 3164 1719 χάριτος
3184 1687 3198 1712 ,
3234 1648 3324 1699 τὸν
3361 1647 3619 1718 ἀληθινὸν

358 1760 543 1799 verum
579 1744 736 1799 nobis
800 1759 1001 1814 agnum
1056 1759 1151 1812 per
1194 1743 1365 1813 legem
1426 1742 1707 1796 Christum
1763 1742 1933 1795 Deum

2048 1736 2173 1804 ἡμῖν
2219 1735 2309 1787 διὰ
2358 1736 2524 1807 νόμου
2560 1740 2980 1807 προῦποφαίνων
3009 1740 3220 1809 ἀμνὸν,
3257 1741 3495 1810 Χριστὸν
3523 1739 3619 1792 τὸν

359 1846 607 1892 nostrum
649 1848 1099 1905 prmmonstrans.
1139 1836 1406 1905 Antiquas
1457 1850 1587 1903 ergo
1634 1836 1835 1902 ﬁguras
1878 1841 1933 1887 et

2048 1826 2172 1880 Θεὸν
2238 1828 2416 1898 ἡμῶν.
2479 1830 2617 1893 Τοὺς
2660 1829 2752 1883 οὖν
2795 1831 3062 1895 παλαιοὺς
3114 1831 3314 1894 τύπους
3370 1831 3467 1884 καὶ
3516 1833 3619 1895 τὰς

359 1931 603 1995 umbras,
638 1939 697 1983 ut
743 1930 987 1983 veritatis
1032 1930 1186 1999 signa
1220 1940 1273 1984 et
1302 1930 1646 1983 characteres
1674 1925 1933 1981 Ecclesiae

360 2021 606 2087 traditos,
653 2023 1062 2090 amplectentcs,
1114 2024 1344 2091 gratiam
1382 2032 1436 2076 et
1467 2020 1749 2074 veritatem
1796 2034 1935 2089 prte-

360 2113 639 2181 ponimus,
671 2129 791 2167 eam
830 2122 889 2167 ut
926 2114 1062 2182 legis
1102 2114 1506 2182 implementum
1548 2112 1928 2181 suscipientes.

364 2203 433 2257 Ut
464 2218 594 2272 ergo
625 2204 768 2272 quod
820 2203 1115 2272 perfectum
1148 2215 1251 2269 est,
1302 2204 1383 2256 vel
1434 2203 1681 2256 colorum
1710 2214 1936 2268 expres-

360 2296 610 2351 sionibus
646 2297 893 2350 omnium
928 2297 1103 2350 oculis
1139 2296 1487 2365 subjiciatur,
1519 2295 1641 2364 ejus
1670 2294 1763 2363 qui
1798 2293 1936 2347 tollit

361 2399 585 2459 peccata
629 2390 842 2454 mundi,
873 2389 1079 2443 Christi
1116 2388 1207 2443 Dei
1258 2389 1432 2441 nostri
1471 2388 1710 2440 humana
1759 2384 1933 2439 forma

362 2484 733 2537 characterem
764 2483 928 2535 etiam
973 2483 1025 2535 in
1060 2482 1391 2552 imaginibus
1426 2480 1682 2549 deinceps
1711 2496 1809 2549 pro
1843 2494 1935 2534 ve-

363 2576 464 2628 teri
497 2590 639 2644 agno
671 2576 805 2644 erigi
849 2589 912 2627 ac
940 2574 1155 2643 depingi
1188 2574 1446 2643 jubemus
1478 2591 1490 2627 :
1532 2582 1589 2626 ut
1618 2587 1710 2642 per
1753 2572 1933 2640 ipsum

362 2665 456 2718 Dei
488 2663 651 2719 Verbi
700 2666 1093 2720 humiliationis
1147 2665 1522 2719 celsitudinem
1571 2672 1751 2717 mente
1784 2678 1935 2715 com-

364 2758 786 2826 prelicndentes,
829 2756 895 2809 ad
934 2756 1252 2808 memoriam
1287 2770 1503 2822 quoque
1534 2754 1653 2821 ejus
1688 2754 1739 2804 in
1772 2765 1937 2806 carne

364 2848 820 2912 conversationis,
853 2848 1083 2917 ejusque
1124 2848 1394 2915 passionis
1424 2855 1477 2897 et
1507 2845 1765 2899 salutaris
1792 2860 1939 2897 mor-

366 2940 439 2995 tis
466 2939 821 3005 deducamur,
853 2939 1081 3007 ejusque
1103 2954 1221 3007 quae
1256 2954 1323 2992 ex
1351 2954 1414 2991 eo
1449 2937 1590 2991 facta
1616 2946 1697 2990 est
1730 2937 1936 2989 mundo

366 3030 781 3101 redemptionis.

365 3256 555 3313 Sancti
600 3257 796 3311 Basilii
835 3260 905 3312 ad
944 3258 1236 3312 Diodorum
1281 3258 1589 3312 Tarsensem
1628 3258 1691 3311 de
1736 3258 1815 3310 Itis
1848 3259 1937 3329 qui

438 3329 571 3381 duas
613 3346 817 3382 sorores
873 3331 1091 3395 ducunt,
1118 3332 1193 3382 vel
1220 3332 1283 3383 de
1306 3332 1415 3383 illis
1442 3347 1556 3399 qua:
1587 3329 1788 3381 duobus
1820 3332 1938 3399 [ra-

438 3400 607 3452 tribus
636 3402 974 3452 matrimonio
997 3401 1315 3469 junguntur.

438 3512 718 3566 Venerunt
740 3514 899 3566 nobis
923 3513 1115 3566 littcrte
1148 3514 1368 3566 nomine
1396 3512 1613 3567 Diodori
1642 3514 1935 3581 inscriptae,

366 3613 422 3660 at
451 3606 504 3658 in
534 3606 758 3675 reliquis
797 3608 1045 3675 quemvis
1076 3607 1241 3659 alium
1270 3608 1452 3675 potius
1482 3608 1734 3660 decentes
1774 3620 1936 3674 quam

367 3692 689 3747 Diodorum.
732 3692 958 3747 Videtur
998 3695 1143 3748 enim
1181 3701 1394 3749 astutus
1425 3694 1622 3762 aliquis
1648 3709 1938 3763 personam

369 3796 519 3841 tuam
560 3788 660 3856 13
709 3788 965 3849 induens,
1008 3788 1088 3841 sic
1119 3787 1222 3841 sibi
1271 3788 1512 3842 voluisse
1558 3789 1938 3843 auctoritatem

368 3877 513 3948 apud
546 3880 824 3933 auditores
853 3882 1215 3948 :comparare.
1267 3878 1369 3943 Qui
1402 3880 1621 3948 quidem
1659 3881 1727 3935 ab
1758 3882 1942 3949 aliquo

371 3970 763 4039 interrogatus,
789 3985 857 4023 an
889 3970 992 4025 sibi
1012 3971 1200 4025 liceret
1230 3980 1459 4025 mortua:
1481 3971 1667 4026 uxoris
1698 3986 1940 4026 sororem

371 4062 426 4114 in
462 4062 873 4115 matrimonium
907 4062 1129 4127 ducere,
1168 4062 1651 4131 interrogationem
1678 4077 1785 4116 non
1816 4078 1940 4131 per-

370 4152 606 4218 horruit,
629 4153 722 4207 sed
749 4152 958 4222 placide
987 4154 1149 4208 etiam
1182 4154 1411 4219 audivit,
1444 4169 1508 4208 ac
1539 4154 1794 4209 lascivam
1825 4154 1918 4207 libi

369 4243 553 4299 dinem
585 4244 798 4299 fortiter
829 4261 1054 4315 prorsus
1082 4257 1136 4299 et
1164 4247 1485 4315 pugnaciter
1526 4246 1757 4316 adjuvit.
1787 4246 1945 4311 Quod

372 4339 420 4394 si
463 4339 720 4393 adessent
761 4340 972 4405 littera,
1008 4355 1103 4394 eas
1141 4341 1207 4395 ad
1254 4350 1304 4394 te
1353 4341 1649 4406 misissem,
1702 4342 1945 4410 satisque

2042 1919 2224 1985 σκιὰς,
2279 1921 2353 1983 ὡς
2388 1921 2486 1990 τῆς
2533 1921 2789 1992 ἀληθείας
2850 1922 3096 1992 σύμϐολά
3139 1940 3199 1976 τε
3250 1924 3345 1976 καὶ
3411 1940 3620 1993 προχα-

2043 2012 2302 2081 ράγματα
2332 2016 2397 2084 τῇ
2437 2012 2731 2085 Ἐκκλησία
2767 2015 3233 2087 παραδεδομένους
3264 2016 3619 2079 κατασπαζό-

2044 2122 2217 2174 μενοι,
2254 2105 2353 2175 τὴν
2389 2107 2549 2176 χάριν
2585 2109 2941 2179 προτιμῶμεν
2970 2112 3064 2162 καὶ
3101 2110 3202 2180 τὴν
3232 2109 3508 2180 ἀλήθειαν,
3542 2110 3624 2172 ὼς

2044 2196 2323 2267 πλήρωμα
2382 2198 2548 2268 νόμου
2592 2200 2795 2271 ταύτην
2843 2201 3255 2272 ὑποδεξάμενοι.
3300 2204 3384 2265 Ὠς
3430 2203 3496 2256 ἃν
3525 2202 3623 2255 οὖν

2041 2289 2248 2343 τέλειον
2277 2292 2378 2345 κάν
2409 2294 2531 2354 ταῖς
2586 2294 3069 2366 χρωματουργίαις
3120 2297 3176 2347 ὲν
3202 2298 3324 2358 ταῖς
3361 2297 3623 2349 ἁπάντων

2042 2378 2229 2447 ὄψεσιν
2262 2381 2665 2451 ὑπογράφηται,
2698 2383 2787 2436 τὸν
2811 2384 2905 2437 τοῦ
2942 2386 3188 2455 αἴροντος
3219 2386 3317 2456 τὴν
3344 2386 3624 2455 ἁμαρτίαν

2041 2471 2134 2524 τοῦ
2166 2473 2373 2542 κόσμου
2417 2475 2592 2543 ἀμνοῦ
2628 2475 2865 2545 Χριστοῦ
2893 2476 3027 2528 Θεοῦ
3053 2476 3210 2548 ὴμῶν
3248 2480 3388 2531 κατά
3413 2478 3503 2531 τὸν
3528 2480 3624 2530 ἁν-

2044 2564 2316 2635 θρώπινον
2346 2567 2692 2637 χαρακτῆρα,
2740 2570 2834 2621 καὶ
2878 2571 2934 2620 ὲν
2974 2573 3091 2633 ταῖς
3138 2570 3340 2622 εἰκόσιν
3360 2571 3468 2622 ἀπὸ
3521 2570 3621 2622 τοῦ

2044 2657 2138 2710 νῦν
2171 2657 2292 2709 ἀντὶ
2329 2658 2421 2710 τοῦ
2459 2659 2691 2712 παλαιοῦ
2726 2659 2921 2731 ἀμνοῦ,
2957 2661 3386 2731 ἀναστηλοῦσθαι
3434 2665 3623 2733 ὁρίζο-

2048 2769 2178 2822 μεν·
2212 2752 2280 2805 δι⁹
2318 2754 2481 2805 αὑτοῦ
2517 2753 2576 2806 τὸ
2616 2757 2713 2824 τῆς
2755 2756 3138 2819 ταπεινώσεως
3178 2756 3309 2826 ὕψος
3347 2757 3437 2809 τοῦ
3480 2758 3623 2811 Θεοῦ

2044 2846 2217 2913 Λόγου
2251 2846 2662 2909 κατανοοῦντες,
2703 2847 2796 2900 καὶ
2822 2848 2955 2917 πρὸς
2978 2849 3197 2918 μνήμην
3222 2850 3319 2918 τῆς
3351 2850 3624 2921 ἑνσάρκου

2046 2940 2339 3004 πολιτείας,
2391 2938 2485 2991 τοῦ
2540 2957 2599 2992 τε
2634 2941 2838 3005 πάθους
2874 2940 3037 2994 αὑτοῦ
3070 2942 3162 2995 τοῦ
3215 2944 3307 2994 καὶ
3348 2943 3625 3014 σωτηρίου

2046 3031 2277 3085 θανάτου
2326 3032 2851 3103 χειραγωγούμενοι,
2900 3034 2994 3086 καὶ
3031 3034 3132 3104 τῆς
3174 3034 3423 3087 ἐντεῦθεν
3468 3052 3628 3103 γενο-

1968 3127 2011 3186 c
2048 3123 2217 3192 μένης
2242 3122 2318 3192 τῷ
2351 3122 2541 3193 κόσμῳ
2566 3123 3016 3194 ἀπολυτρώσεως.

2046 3235 2156 3288 Τοῦ
2184 3235 2357 3311 ἁγίοις
2381 3239 2705 3311 Βασιλείου
2747 3240 2898 3307 πρὸς
2930 3239 3221 3311 Διόδωρον
3250 3245 3357 3295 τὸν
3388 3242 3624 3310 Ταρσοῦ

2110 3307 2262 3382 {tata
2285 3306 2402 3358 τῶν
2440 3308 2547 3382 δύο
2568 3306 2837 3379 ἀδελφὰς
2871 3306 3237 3380 γαμούντων,
3265 3312 3303 3382 ἣ
3332 3306 3629 3382 ἀδελφοῖς

2108 3374 2249 3428 δυσὶ
2280 3380 2684 3447 γαμουμένων.

2126 3491 2376 3559 ’Λφίκετο
2411 3496 2543 3563 ἡμῖν
2571 3497 2876 3565 γράμματα
2918 3497 3019 3567 τὴν
3063 3498 3377 3570 ἐπιγραφὴν
3432 3501 3627 3570 ἔχοντα

2041 3584 2330 3656 Διοδώρου,
2372 3588 2439 3641 τὰ
2472 3588 2515 3640 δ’
2542 3590 2740 3661 ἐφεξῆς
2772 3592 2932 3645 ἄλλου
2980 3593 3125 3658 τινὸς
3158 3595 3437 3666 πρέποντα
3481 3594 3628 3650 εἶναι

2046 3678 2267 3748 μᾶλλον,
2309 3682 2341 3753 ἢ
2386 3682 2672 3752 Διοδώρου.
2720 3689 2880 3740 Δοκεῖ
2898 3688 3005 3757 γάρ
3040 3688 3131 3758 μοί
3164 3704 3248 3750 τις
3294 3690 3403 3741 τῶν
3443 3707 3630 3758 τεχνι-

2042 3772 2175 3835 κῶν,
2209 3774 2270 3826 τὸ
2300 3773 2391 3826 σὺν
2436 3777 2725 3845 πρόσωπον
2764 3778 2986 3844 ὑποδὺς,
3034 3778 3208 3843 οὕτως
3240 3780 3430 3833 ἑαυτὸν
3470 3781 3628 3844 ἀξιό-

2044 3880 2235 3917 πιστον
2286 3866 2538 3936 ἐθελῆσαι
2591 3870 2817 3940 ποιῆσαι
2850 3874 2961 3935 τοῖς
3005 3872 3379 3941 ἀκροωμένοις
3406 3888 3421 3903 ·
3462 3874 3520 3935 ὃς
3552 3889 3625 3940 γε

2044 3960 2342 4030 ἐρωτηθεὶς
2387 3962 2491 4015 ὑπό
2538 3979 2703 4026 τινος,
2742 3966 2791 4016 εἰ
2822 3962 3042 4033 θεμιτὸν
3078 3966 3241 4017 αὑτὸν
3269 3966 3405 4035 πρὸς
3440 3968 3629 4036 γάμον

2044 4052 2348 4120 ἀγαγέσθαι
2375 4054 2475 4123 τῆς
2506 4056 2766 4122 γυναικὸς
2804 4058 3206 4129 τελευτησάσης
3230 4060 3329 4128 τὴν
3361 4060 3627 4131 ἀδελφὴν,

2045 4145 2143 4198 οὐκ
2171 4145 2356 4216 ἔφριξε
2395 4146 2493 4218 τὴν
2548 4147 2838 4218 ἐρώτησιν,
2870 4150 3004 4202 ἁλλά
3050 4151 3143 4203 καὶ
3198 4152 3387 4221 πράως
3419 4154 3629 4221 ἡνεγκε

2044 4240 2144 4308 τὴν
2178 4241 2368 4310 ἀκοὴν,
2425 4242 2522 4295 καὶ
2565 4242 2625 4294 τὸ
2674 4243 2905 4312 ἀσελγὲς
2962 4242 3287 4314 ἐπιθύμημα
3323 4247 3630 4311 πάνυ.γεν-

2046 4330 2213 4392 ναίως
2264 4330 2412 4401 αύτῷ
2462 4333 2555 4384 καὶ
2616 4334 2991 4399 ἀγωνιστικῶς
3042 4335 3510 4405 συγκατέπραξεν.
3558 4339 3631 4393 El

373 4429 604 4484 haberes
633 4428 907 4485 facultatis
936 4442 989 4485 et
1014 4432 1079 4485 ad
1112 4441 1259 4486 tuam
1280 4442 1333 4486 et
1360 4432 1426 4485 ad
1467 4433 1710 4486 veritatis
1759 4432 1938 4487 defen-

2052 4423 2152 4492 μὲν
2184 4420 2275 4476 οὖν
2306 4426 2484 4496 παρῆν
2519 4443 2609 4495 μοι
2635 4427 2694 4479 τὸ
2726 4428 2980 4498 γράμμα,
3012 4430 3144 4482 αὐτὸ
3194 4430 3260 4484 ἂν
3305 4431 3633 4499 ἀπέστειλα,

373 4521 601 4574 sionem.
636 4518 740 4574 Sed
774 4521 901 4589 quia
944 4522 1035 4590 qui
1063 4522 1183 4576 illas
1218 4524 1548 4589 ostenderat,
1577 4539 1770 4578 rursus
1821 4525 1945 4579 abs-

375 4612 520 4673 tulit,
559 4619 614 4665 et
660 4621 849 4666 contra
885 4628 1005 4676 nos,
1037 4615 1129 4684 qui
1166 4614 1219 4668 id
1258 4616 1326 4670 ab
1356 4616 1511 4670 initio
1541 4617 1941 4685 prohibuimus,

373 4701 524 4755 velut
551 4709 810 4770 tropaeum
863 4705 1133 4773 quoddam
1187 4706 1539 4772 circumtulit,
1575 4708 1847 4761 licentiam
1883 4723 1943 4763 se

376 4794 576 4848 habere
636 4795 893 4850 dictitans
934 4799 1140 4867 scripto
1191 4799 1539 4866 mandatam;
1586 4817 1731 4857 nunc
1770 4802 1835 4855 ad
1894 4810 1947 4857 te

374 4883 593 4954 scripsi,
636 4894 696 4938 ut
722 4886 925 4955 duplici
965 4904 1129 4942 manu
1180 4890 1420 4958 spuriam
1468 4890 1614 4945 illam
1655 4893 1944 4961 epistolam

372 4988 786 5043 oppugnemus;
834 4991 935 5030 nec
960 4977 1265 5046 quidquam
1298 4977 1347 5032 ei
1399 4976 1614 5031 roboris
1665 4978 1944 5046 relinqua-

372 5081 518 5133 mus,
559 5080 627 5120 ne
668 5065 829 5122 facile
858 5069 1037 5138 possit
1079 5069 1383 5140 legentibus
1433 5083 1652 5122 nocere.
1700 5067 1945 5123 Primum

374 5160 580 5229 itaque,
633 5162 781 5230 quod
839 5160 896 5214 in
944 5161 1217 5228 ejusmodi
1282 5161 1449 5216 rebus
1510 5162 1807 5215 maximum
1841 5171 1944 5227 est,

375 5266 582 5305 morem
633 5262 886 5307 nostrum
929 5252 1168 5322 objicere
1207 5268 1521 5323 possumus,
1559 5261 1620 5307 ut
1666 5253 1773 5307 vim
1812 5253 1947 5324 legis

374 5343 686 5408 habentem,
733 5360 800 5400 eo
850 5345 995 5414 quod
1035 5345 1193 5400 nobis
1239 5360 1270 5400 a
1298 5345 1431 5400 viris
1482 5346 1687 5401 sanctis
1736 5347 1949 5401 tradita:

374 5436 483 5490 sint
512 5437 733 5507 regulae.
770 5436 885 5491 Mos
907 5446 1087 5491 autem
1120 5437 1209 5491 ille
1225 5446 1308 5493 est
1335 5438 1629 5507 ejusmodi,
1658 5448 1715 5493 ut
1746 5439 1791 5494 si
1822 5441 1947 5509 quis

375 5525 704 5593 impuritatis
736 5526 869 5581 vitio
909 5527 1203 5596 aliquando
1234 5528 1414 5583 victus
1449 5530 1502 5581 in
1538 5530 1779 5583 illicitam
1812 5531 1949 5584 dua-

376 5631 495 5669 rum
556 5632 807 5673 sororum
871 5621 1313 5689 conjunctionem
1364 5620 1639 5688 inciderit,
1689 5637 1864 5691 neque
1895 5604 1951 5676 id.

321 5739 331 5749 ι
373 5707 782 5766 matrimonium
803 5711 1346 5786 existimetur,neque
1363 5714 1587 5771 omnino
1610 5714 1663 5769 in
1694 5712 1946 5774 Ecclesia:

2051 4518 2144 4570 καὶ
2174 4517 2427 4589 ἐξήρκεις
2456 4520 2520 4573 ἂν
2560 4522 2744 4591 σαυτῷ
2772 4540 2832 4574 τε
2862 4523 3067 4592 ἀμῦναι
3112 4524 3206 4578 καὶ
3249 4527 3314 4594 τῇ
3369 4523 3631 4598 ἀληθείᾳ.

2059 4608 2210 4662 Ἐπεὶ
2256 4609 2312 4663 δὲ
2360 4611 2388 4663 ό
2439 4611 2620 4677 δείξας
2672 4612 2832 4668 πάλιν
2880 4614 3150 4683 ἀφείλετο,
3201 4617 3296 4669 καὶ
3335 4614 3523 4686 ὥσπερ
3570 4635 3633 4670 τι

2044 4703 2303 4772 τρόπαιον
2337 4703 2458 4757 καθ’
2514 4705 2673 4775 ἡμῶν
2726 4707 3019 4777 περιέφερε
3062 4706 3447 4761 κεκωλυκότων
3470 4705 3530 4759 τὺ
3566 4707 3634 4775 ἐξ

2045 4794 2241 4864 ἀρχῆς,
2262 4794 2539 4867 ἔγγραφον
2560 4795 2705 4866 ἔχειν
2727 4797 2899 4865 λέγων
2923 4799 3021 4868 τὴν
3042 4797 3311 4864 ἐξουσίαν,
3336 4797 3636 4853 ἐπέστειλα

2039 4885 2141 4949 ,νῦν
2178 4902 2281 4938 σοι.
2318 4886 2478 4939 Ὥστε
2521 4886 2679 4957 διπλῇ
2710 4890 2776 4958 τῇ
2816 4888 2959 4958 χειρὶ
2990 4890 3137 4958 ἡμᾶς
3176 4889 3354 4941 ἐλθεῖν
3389 4890 3481 4942 ἐπὶ
3531 4890 3634 4943 τὸν

2044 4974 2421 5030 νῧθονὲκεῖνον
2450 4977 2627 5046 λόγον,
2662 4978 2755 5031 καὶ
2791 4978 3065 5048 μηδεμίαν
3094 4978 3243 5049 αὐτῷ
3280 4980 3432 5049 ἰσχὺν
3464 4996 3639 5032 κατα.

2044 5065 2221 5120 λιπεῖν
2253 5086 2266 5100 ·
2301 5070 2388 5122 ἴνα
2417 5070 2492 5139 μὴ
2535 5070 2631 5143 ἔχῃ
2675 5069 2932 5141 βλάπτειν
2962 5072 3162 5141 ῥᾳδίως
3192 5071 3318 5135 τοὺς
3366 5074 3641 5141 ἐντυγχὰ-

2045 5177 2235 5224 νοντας
2255 5174 2269 5189 ⁸
2304 5161 2520 5231 πρῶτον
2550 5164 2649 5233 μὲν
2678 5162 2771 5216 οὖν
2801 5163 2829 5215 ὃ
2852 5165 3107 5233 μέγιστον
3138 5164 3230 5215 ἐπὶ
3252 5162 3641 5216 τῶντοιούτων

2048 5252 2188 5316 ἐστὶ,
2228 5252 2288 5306 τὸ
2320 5254 2451 5324 παρ’
2485 5256 2616 5324 ἡμῖν
2640 5254 2760 5318 ἔθος
2790 5254 2819 5307 ὃ
2856 5255 3054 5325 ἔχομεν
3082 5254 3431 5323 προϐάλλειν,
3463 5254 3638 5323 νόμου

2046 5344 2275 5414 δύναμιν
2300 5342 2443 5414 ἔχον,
2474 5345 2561 5398 διὰ
2593 5346 2653 5398 τὸ
2684 5347 2773 5415 ὑφ’
2795 5348 2966 5415 ἀγίων
2995 5346 3203 5415 ἀνδρῶν
3234 5347 3362 5407 τοὺς
3395 5346 3642 5416 θεσμοὺς

2047 5437 2179 5505 ἡμῖν
2215 5437 2606 5508 παραδοθῆναι.
2645 5438 2815 5492 Τοῦτο
2844 5440 2901 5492 δὲ
2936 5437 3177 5491 τοιοῦτόν
3214 5440 3389 5501 ἐστιν,
3422 5438 3518 5489 ὲάν
3549 5454 3640 5501 τις

2047 5531 2210 5584 πάθει
2236 5531 2582 5603 ἀκαθαρσίας
2607 5531 2737 5584 ποτὲ
2771 5531 3062 5601 κρατηθεὶς
3088 5530 3295 5600 ἐκπέσῃ
3326 5530 3465 5595 πρὸς
3492 5530 3643 5581 δυοῖν

2047 5621 2292 5689 ἀδελφῶν
2326 5622 2563 5692 ἄθεσμον
2616 5624 2938 5690 κοινωνίαν,
2976 5623 3113 5693 μήτε
3162 5621 3339 5691 γάμον
3380 5620 3640 5691 ἡγεῖσθαι

2046 5712 2224 5783 τοῦτο,
2252 5714 2379 5785 μήθ’
2407 5715 2543 5779 ὅλως
2580 5716 2659 5780 είς
2701 5715 3027 5784 Ἐκκλησίας
3074 5715 3349 5779 πλήρωμα
3397 5714 3643 5780 παραδέ-
