3886 6240
160 351 256 415 LS7

1025 341 1421 401 SYNTAGMA
1465 338 1851 398 CANONUM.
1889 361 1957 369 -
1991 337 2139 395 TIT.
2180 336 2227 405 Ῐ,
2266 336 2421 392 CAP.
2466 333 2581 391 III.

3281 326 3388 387 458

161 461 337 532 χεσθαι
368 457 665 527 πρότερον⁶
717 454 749 525 ἢ
784 450 1030 507 διαλῦσαι
1071 454 1265 515 αὐτοὺς
1319 452 1409 504 ἀπ’
1452 450 1716 520 ἀλλήλων,
1747 501 1753 510 ,

1844 458 2023 503 reatum
2066 445 2451 505 admittantur,
2495 443 2807 511 priusquam
2842 452 2868 489 a
2900 452 2958 491 se
2982 436 3212 490 invicem
3251 434 3388 488 diri-

158 551 286 603 ῶστε
318 550 365 600 εἰ
391 547 485 600 καὶ
516 545 678 614 μηδὲν
699 544 883 612 ἕτερον
914 544 1088 595 εἰπεῖν
1125 538 1213 611 ἦν,
1256 540 1478 610 ἐξήρκει
1512 540 1570 592 τὸ
1599 540 1717 601 ἑθος

158 642 282 711 πρὸς
313 638 408 709 τὴν
451 636 547 689 τοῦ
602 635 775 689 κακοῦ
810 635 1077 704 φυλακήν.
1122 634 1275 686 Ἐπεὶ
1305 635 1362 686 δὲ
1400 636 1426 686 ὁ
1458 633 1557 702 τὴν
1593 634 1717 685 ἐπι-

160 732 335 801 στολὴν
357 729 597 799 γράψας,
628 728 1021 797 ἐπιχειρήματι
1044 725 1276 795 κιϐδήλῳ
1287 725 1454 778 κακὸν
1471 724 1722 777 τοσοῦτον

157 820 405 892 ἐπειράθη
436 819 513 889 τῷ
536 819 637 889 βίῳ
655 821 982 886 ἐπαγαγεῖν,
1013 818 1223 888 ἀνάγκη
1266 818 1401 886 μηδὲ
1442 819 1588 887 ἡμᾶς
1627 818 1723 887 τῆς

157 918 213 967 ἐκ
237 916 338 966 τῶν
356 912 636 981 λογισμῶν
676 910 927 981 βοηθείας
956 910 1207 978 ὑφέσθαι.
1249 910 1355 962 Καί
1397 911 1481 961 τοί
1513 926 1578 977 γε
1627 910 1721 961 ἐπὶ

156 1006 254 1058 τῶν
279 1005 481 1075 σφόδρα
520 1003 785 1073 ἐναργῶν,
817 1001 1016 1073 μείζων
1045 1001 1165 1053 ἐστὶ
1193 1001 1285 1054 τοῦ
1319 1002 1477 1068 λόγου
1507 1002 1541 1071 ή
1593 1000 1721 1070 παρ’

158 1100 355 1166 ἑκάστῳ
453 1096 748 1166 πρόληψις.
825 1096 1177 1164 Γέγραπται,
1229 1095 1430 1163 φησὶν,
1517 1095 1575 1147 ὲν
1644 1093 1724 1163 τῷ

160 1186 415 1256 Λευῖτικῷ
441 1206 455 1218 ·
489 1186 762 1240 Γυναῖκα
803 1186 896 1239 ἐπ’
925 1185 1162 1254 αδελφῇ
1194 1184 1384 1253 αὐτῆς
1417 1186 1488 1239 οὐ
1513 1185 1720 1253 λήψῃ·

157 1276 456 1343 ἁντίζηλον·
484 1278 879 1345 ἀποκαλύψαι
905 1277 1019 1344 τὴν
1057 1277 1502 1345 ἀσχημοσύνην
1533 1275 1725 1343 αὐτῆς

157 1369 237 1418 ἐπ’
264 1367 432 1435 αὐτῇ,
476 1368 568 1421 ἔτι
616 1368 806 1435 ζώσης
857 1366 1062 1434 αὐτῆς.
1099 1368 1269 1437 Δῆλον
1311 1368 1369 1420 δὲ
1413 1370 1476 1421 ἐκ
1532 1367 1724 1420 τούτου

161 1456 284 1512 εἶναι
318 1461 502 1528 φησιν,
560 1461 645 1513 ὅτι
688 1462 1053 1529 συγχωρείται
1115 1457 1416 1527 λαμϐάνειν
1466 1458 1724 1527 τελευτη-

165 1554 337 1622 σάσης.
378 1553 523 1623 Πρὸς
555 1552 623 1621 δὴ
664 1550 823 1605 τοῦτο
852 1551 1067 1620 πρῶτον
1115 1551 1212 1621 μὲν
1247 1554 1424 1605 ἐκεῖνο
1462 1551 1595 1620 ὲρῶ,
1644 1551 1724 1603 ὅτι

163 1645 251 1697 ὅσα
277 1645 303 1695 ὁ
331 1643 489 1712 νόμος
519 1644 692 1711 λέγει,
720 1647 832 1704 τοῖς
854 1645 911 1695 ὲν
930 1641 1007 1710 τῷ
1027 1642 1177 1710 νόμῳ
1202 1641 1352 1709 λέγει
1386 1656 1399 1670 ·
1435 1642 1554 1693 ἐπεὶ
1584 1640 1725 1693 οὕτω

164 1750 219 1799 γε
243 1734 330 1785 καὶ
361 1735 634 1804 περιτομῇ
665 1734 760 1786 καὶ
794 1732 1049 1802 σαϐϐάτῳ
1080 1733 1173 1784 καὶ
1208 1733 1385 1801 ἀποχῇ
1422 1731 1725 1802 βρωμάτων

167 1822 571 1892 ὑποκεισόμεθα.
610 1823 686 1876 Οὐ
718 1823 824 1893 γὰρ
856 1823 920 1893 δὴ
951 1823 1046 1875 ἐὰν
1091 1823 1189 1892 μέν
1213 1840 1266 1874 τι
1317 1822 1567 1893 εὕρωμεν
1599 1838 1726 1875 συν-

165 1916 337 1986 τρέχον
363 1916 522 1986 ἡμῶν
555 1918 679 1978 ταῖς
708 1917 939 1984 ἡδοναῖς,
969 1916 1047 1984 τῷ
1070 1915 1219 1985 ζυγῷ
1240 1916 1341 1985 τῆς
1367 1915 1611 1978 δουλείας
1634 1915 1727 1969 τοῦ

168 2008 316 2076 νόμου
344 2006 566 2069 ἑαυτοὺς
609 2006 970 2077 ὑποθήσομεν.
1018 2007 1143 2060 Ἐὰν
1189 2007 1247 2058 δέ
1302 2024 1356 2058 τι
1408 2009 1550 2076 φανῇ
1590 2006 1727 2077 βαρὺ

168 2099 262 2151 τῶν
285 2098 546 2168 νομίμων,
592 2099 717 2151 τότε
756 2099 891 2167 πρὸς
920 2098 1016 2167 τὴν
1046 2101 1104 2150 ὲν
1154 2098 1374 2168 Χριστῷ
1420 2098 1730 2169 ἐλευθερίαν

170 2190 641 2261 ἀποδραμούμεθα.
707 2190 1100 2259 Ἦρωτήθημεν
1137 2191 1186 2242 εἰ
1226 2191 1540 2259 γέγραπται
1585 2189 1728 2258 λαμ-

173 2283 335 2334 ίάνειν
362 2283 603 2349 γυναῖκα
632 2282 716 2333 ἐπ’
747 2282 949 2352 ἀδελφῇ
977 2298 990 2309 ·
1023 2282 1251 2350 εἴπομεν
1300 2284 1439 2352 ὅπερ
1492 2281 1732 2348 ἀσφαλὲς

172 2374 391 2441 ἡμῖνκαὶ
416 2373 646 2443 ἀληθὲς,
678 2374 759 2426 ὅτι
787 2374 847 2425 οὐ
882 2373 1215 2442 γέγραπται.
1244 2372 1314 2424 Τὸ
1344 2372 1400 2425 δὲ
1426 2374 1490 2424 ἐκ
1515 2373 1615 2440 τῆς
1637 2370 1732 2423 τοῦ

175 2464 444 2517 ἀκολούθου
500 2465 779 2533 ἐπιφορᾶς
832 2465 891 2516 τὸ
952 2464 1227 2534 σιωπηθὲν
1303 2464 1731 2531 συλλογίζεσθαι,

175 2552 565 2622 νομοθετοῦντος
637 2555 807 2617 ἐστὶν,
861 2554 921 2605 οὐ
973 2556 1042 2607 τὰ
1073 2553 1167 2606 τοῦ
1220 2554 1387 2623 νόμου
1443 2553 1730 2620 λέγοντος’

177 2648 283 2699 ἐπεὶ
304 2646 467 2709 οὕτως
502 2665 567 2713 γε
604 2648 822 2710 ἐξέσται
854 2647 932 2717 τῷ
962 2648 1269 2717 βουλομένῳ
1302 2647 1734 2717 κατατολμῆσαι,

178 2739 260 2790 καὶ
285 2739 357 2791 ἔτι
378 2739 559 2808 ζώσης
586 2740 688 2807 τῆς
714 2739 989 2807 γυναικὸς,
1017 2740 1311 2809 λαμϐάνειν
1343 2739 1440 2810 τὴν
1479 2740 1733 2808 ἀδελφήν.

179 2829 244 2882 Τὸ
266 2831 364 2900 γὰρ
388 2831 515 2883 αὐτὸ
538 2819 705 2883 τοῦτο
732 2831 989 2900 σόφισμα,
1019 2833 1111 2884 καὶ
1140 2832 1226 2884 ἐπ’
1258 2832 1467 2884 ἐκείνου
1487 2831 1735 2901 ἁρμόζει.

182 2921 465 2990 Γέγραπται
522 2924 662 2991 γὰρ,
703 2922 886 2993 φησιν,
929 2923 1205 2989 Οὺλήψῃ
1253 2921 1567 2988 ἀντίζηλον
1603 2939 1615 2951 ·
1665 2922 1739 2983 ὡς

182 3012 268 3081 τήν
292 3030 349 3079 γε
370 3014 470 3079 ἔξω
496 3012 595 3066 τοῦ
629 3013 812 3082 ζήλου,
872 3013 1057 3065 λαϐεῖν
1112 3014 1214 3065 οὐκ
1268 3012 1503 3065 ἐκώλυεν
1536 3029 1547 3041 ·
1595 3014 1622 3064 ὁ
1674 3013 1739 3079 δὴ

1825 549 2066 595 mantur.
2095 538 2276 604 Quare
2302 536 2517 591 etiamsi
2548 532 2679 586 nihil
2711 531 2856 584 aliud
2887 529 2993 583 dici
3028 535 3230 596 posset,
3256 526 3388 580 satis

1823 641 1969 686 esset
1999 631 2112 700 ipsa
2137 627 2476 684 consuetudo
2505 624 2573 679 ad
2605 622 2732 679 boni
2766 621 3089 675 custodiam.
3126 618 3229 672 Sed
3262 617 3390 686 quia

1823 723 1916 792 qui
1942 722 2083 775 hanc
2126 718 2343 788 scripsit
2374 716 2680 785 epistolam,
2737 711 3040 765 adulterino
3073 714 3392 776 argumento

1825 815 2028 868 malum
2065 821 2273 866 tantum
2309 818 2536 863 conatus
2570 815 2653 861 est
2686 805 2739 857 in
2772 818 2951 857 mores
2989 801 3270 855 hominum
3306 800 3392 851 in-

1825 906 2046 965 ducere,
2093 917 2315 957 necesse
2353 908 2455 961 est,
2510 905 2572 952 ut
2616 911 2719 951 nec
2754 893 3230 949 ratiocinationum
3259 891 3391 946 sub-

1826 997 2026 1051 sidium
2066 994 2401 1055 omittamus,
2428 1003 2763 1058 quanquam,
2797 987 2851 1038 in
2885 985 3045 1039 rebus
3077 983 3232 1038 valde
3263 996 3394 1036 con—

1826 1087 2049 1157 spieuis,
2091 1081 2566 1151 argumentatione
2619 1079 2795 1149 potior
2828 1082 2917 1130 est
2962 1074 3397 1141 uniuscujusque

1828 1179 2111 1251 praenotio.
2140 1176 2411 1244 Scriptum
2435 1183 2538 1235 est,
2558 1170 2753 1241 inquit,
2782 1169 2833 1221 in
2862 1166 3135 1220 Levitico:
3168 1163 3395 1217 Uxorem

1827 1289 1984 1339 super
2014 1285 2192 1325 sorore
2219 1269 2354 1336 ejus.-
2373 1281 2475 1319 non
2514 1264 2738 1331 accipies
2761 1260 3031 1321 wmulam,
3059 1257 3126 1308 ad
3161 1254 3397 1308 revelan-

1832 1365 1951 1417 dam
2004 1360 2382 1430 turpitudinem
2432 1357 2544 1424 ejus
2593 1369 2746 1419 super
2802 1366 2940 1413 eam,
2983 1348 3155 1401 adhuc
3203 1346 3397 1398 vivente

1827 1472 1889 1509 ea
1913 1455 1980 1508 ¹³.
2017 1451 2145 1507 Inde
2172 1450 2335 1520 igitur
2363 1445 2711 1502 manifestum
2744 1456 2861 1497 esse
2893 1439 3023 1493 dicit
3057 1444 3285 1492 mortua:
3313 1448 3399 1489 so-

1827 1559 2007 1599 rorem
2040 1542 2282 1609 aceipere
2314 1540 2497 1593 licere.
2534 1534 2637 1605 ιά,
2665 1535 2743 1587 Ad
2774 1533 2878 1586 hoc
2905 1530 3142 1599 primum
3177 1526 3398 1596 quidem

1827 1637 2028 1701 dicam,
2078 1646 2417 1703 quaecunque
2455 1630 2539 1683 lex
2575 1626 2735 1688 dicit,
2770 1625 2838 1677 iis
2872 1621 2966 1691 qui
3020 1620 3075 1673 in
3119 1619 3235 1687 lege
3273 1622 3401 1672 sunt

1830 1730 2054 1792 dicere;
2089 1724 2313 1792 ’alioqui
2352 1722 2433 1776 sic
2474 1730 2527 1775 et
2556 1714 2960 1773 circumcisioni
3001 1721 3056 1766 et
3083 1710 3324 1766 Sabbato
3347 1716 3403 1761 et

1830 1820 2170 1877 abstinentiae
2221 1817 2463 1871 ciborum
2509 1792 2881 1880 subjicie'mur.
2929 1803 3113 1873 Neque
3150 1802 3295 1856 enim
3354 1800 3401 1854 si

1829 1912 1959 1983 quid
2016 1909 2357 1963 inveniamus
2405 1903 2711 1974 appositum
2763 1897 2977 1952 nostris
3007 1893 3398 1963 voluptatibus,

1828 2005 1962 2076 jugo
1991 2001 2270 2058 servitutis
2322 1998 2456 2068 legis
2488 2011 2590 2049 nos
2620 1993 2722 2062 ipsi
2757 1989 3112 2058 subjiciemus
3140 2004 3152 2038 :
3182 1984 3227 2040 si
3271 1983 3401 2053 quid

1835 2102 2015 2148 autem
2042 2091 2220 2146 visum
2252 2087 2415 2142 fuerit
2445 2098 2606 2154 grave
2654 2082 2708 2135 in
2749 2078 3035 2149 legalibus,
3077 2086 3205 2129 tunc
3237 2072 3302 2125 ad
3340 2071 3403 2123 li-

1834 2186 2119 2246 bertatem,
2145 2195 2265 2250 quae
2302 2180 2355 2232 in
2385 2176 2606 2231 Christo
2646 2180 2749 2234 est,
2790 2167 3188 2237 confugiemus.
3230 2162 3404 2217 Inter-

1834 2277 2006 2347 rogati
2054 2289 2244 2329 sumus
2285 2286 2354 2325 an
2404 2268 2664 2335 scriptum
2704 2265 2795 2325 sit,
2836 2270 2897 2316 ut
2938 2258 3239 2327 accipiatur
3267 2268 3405 2307 uxor

1836 2380 1960 2440 post
1997 2367 2169 2437 ipsius
2211 2376 2477 2418 sororem.
2528 2357 2789 2418 Dicimus,
2842 2350 2987 2422 quod
3021 2357 3195 2404 tutum
3245 2345 3405 2399 nobis

1835 2466 1918 2513 est
1951 2466 2004 2510 et
2031 2470 2240 2519 verum,
2283 2452 2386 2507 hoc
2420 2450 2682 2518 scriptum
2709 2460 2816 2498 non
2861 2456 3000 2497 esse.
3032 2438 3187 2504 Quod
3224 2444 3404 2489 autem

1838 2550 2057 2607 silentio
2117 2545 2544 2618 praetermissum
2591 2549 2694 2601 est,
2753 2536 2807 2591 id
2859 2550 2953 2604 per
3007 2528 3408 2587 eonsecutionis

1840 2643 2139 2697 illationem
2203 2637 2476 2704 colligere,
2536 2626 2865 2700 legislatoris
2921 2632 3024 2689 est,
3077 2637 3186 2675 non
3234 2619 3404 2684 legem

1842 2731 2119 2788 recitantis
2148 2747 2162 2795 ;
2209 2725 2472 2796 siquidem
2508 2722 2608 2775 hoc
2642 2728 2803 2788 pacto
2832 2713 3017 2769 licebit
3044 2709 3240 2765 volenti
3273 2705 3407 2760 faci-

1840 2842 1943 2881 nus
1975 2823 2217 2895 aggredi,
2269 2818 2430 2874 etiam
2468 2815 2646 2870 adhuc
2678 2808 2908 2895 viventis
2941 2805 3131 2860 uxoris
3160 2800 3410 2870 accipere

1841 2932 2105 2973 sororem.
2136 2913 2268 2967 Nam
2301 2911 2479 2979 ipsum
2520 2905 2650 2959 illud
2681 2886 2962 2970 sophisma
2988 2896 3155 2951 etiam
3189 2893 3255 2947 ad
3287 2906 3406 2946 eam

1842 3026 1955 3065 rem
1996 3007 2297 3076 appositum
2339 3012 2441 3054 est.
2474 2998 2748 3065 Scriptum
2773 3001 2875 3057 est,
2905 2988 3105 3059 inquit,
3142 2984 3266 3038 Non
3314 2999 3408 3036 ac-

186 3107 475 3175 συνηγορῶν
499 3105 576 3175 τῷ
602 3106 793 3168 πάθει,
822 3104 1161 3174 ἀζηλότυπον
1200 3100 1338 3156 εἶναι
1374 3104 1655 3174 διοριεῖται
1682 3104 1742 3155 τὸ

1848 3101 2005 3171 cipies
2038 3097 2283 3153 a’mulam
2310 3110 2327 3145 :
2380 3090 2606 3160 proinde
2647 3084 2816 3152 accipi
2850 3096 2968 3137 eam
3006 3089 3156 3133 extra
3188 3074 3380 3129 aemula
3408 3100 3414 3105 ε

184 3191 297 3266 ἦθος
320 3198 422 3251 τῶν
446 3198 719 3266 ἀδελφῶν.
762 3197 1137 3267 Ἀνηρημένης
1174 3195 1267 3248 οὖν
1295 3197 1391 3264 τῆς
1440 3197 1640 3257 αἰτίας,
1676 3196 1743 3247 δι’

186 3290 242 3357 ἡν
281 3291 626 3361 ἀπηγόρευσε
668 3290 767 3357 τὴν
820 3289 1148 3359 ἀμφοτέρων
1197 3288 1546 3356 συνοίκησιν,
1581 3288 1632 3338 τί
1682 3286 1745 3337 τὸ

188 3380 371 3433 κωλῦον
403 3380 552 3434 ἔσται
603 3379 900 3450 λαμϐάνειν
945 3379 1045 3441 τὰς
1073 3377 1337 3445 ἀδελφάς;
1381 3376 1521 3428 Ἀλλ’
1552 3376 1612 3427 οὐ
1650 3375 1742 3441 ye-

191 3487 405 3541 γραπται
434 3472 634 3534 ταῦτα,
668 3472 913 3540 φήσομεν
939 3485 953 3500 ·
979 3470 1093 3522 ἀλλ’
1117 3469 1239 3521 οὐδὲ
1271 3469 1451 3521 ἐκεῖνα
1479 3467 1740 3538 ὥρισται·

192 3561 293 3629 ἠδὲ
325 3562 492 3615 ἔννοια
519 3561 623 3614 τοῦ
674 3559 967 3613 ἀκολούθου
1019 3559 1221 3626 ὁμοίως
1263 3559 1593 3627 ἀμφοτέροις
1647 3557 1744 3626 τὴν

195 3652 352 3706 ἄδειαν
380 3654 615 3706 δίδωσιν.
658 3652 805 3704 Ἔδει
828 3652 884 3704 δὲ
915 3651 1108 3721 μικρὸν
1148 3652 1238 3703 ἐπὶ
1273 3651 1342 3704 τὰ
1372 3650 1603 3703 κατόπιν
1646 3650 1746 3717 τῆς

195 3745 481 3811 νομοθεσίας
508 3743 988 3811 ὲπανιδραμόντα,
1007 3740 1350 3811 ἀπηλλάχθαι
1378 3742 1739 3812 πραγμάτωψ

196 3827 317 3883 ἔοικε
344 3832 446 3902 γὰρ
466 3834 527 3885 οὐ
558 3834 674 3883 πᾶν
702 3829 839 3891 εἶδος
869 3828 1279 3899 ἁμαρτημάτων
1312 3826 1739 3897 περιλαμϐάνειν

196 3921 220 3969 ὁ
243 3923 538 3993 νομοθέτης,
575 3923 697 3976 ἀλλ’
730 3922 876 3984 ἰδίως
913 3921 1274 3991 ἀπαγορεύειν
1315 3919 1382 3971 τὰ
1444 3919 1551 3970 τῶν
1585 3920 1748 3984 Αἰγυ-

198 4012 495 4076 πτίων,ὂθεν
525 4014 743 4083 ἀπῆρεν
763 4016 788 4066 ὁ
813 4011 1044 4082 Ἰσραὴλ,
1076 4008 1258 4063 καὶτὰ
1280 4010 1387 4062 τῶν
1409 4010 1745 4071 Χαναναίων,

199 4106 315 4175 πρὸς
340 4106 424 4169 οὓς
461 4107 820 4177 μεθίσταται·
859 4103 969 4175 ἔχει
1001 4105 1109 4175 γὰρ
1132 4102 1303 4165 οὕτως
1337 4105 1369 4171 ή
1398 4102 1561 4165 λέξις·
1590 4101 1749 4154 Κατὰ

197 4196 260 4248 τὰ
283 4194 712 4264 ἐπιτηδεύματα
751 4193 859 4260 τῆς
880 4194 1202 4262 Αἰγύπτου,
1219 4192 1287 4243 ἐν
1298 4186 1336 4262 ᾖ
1351 4192 1748 4258 παρῳκήσατε

197 4284 490 4353 ὲπάὺτῆς,
521 4288 597 4340 οὑ
611 4284 892 4350 ποιήσετε
919 4303 930 4313 ·
960 4284 1147 4336 καὶτὰ
1169 4282 1605 4351 ἐπιτηδεύματα
1635 4281 1747 4350 γῆς

200 4376 415 4429 Χαναὰν
439 4380 523 4442 εὶς
544 4375 627 4444 ἣν
640 4375 752 4444 ἐγὼ
776 4374 997 4437 εἰσάξω
1012 4374 1165 4443 ὑμᾶς
1179 4373 1323 4437 ἐκεῖ,
1342 4375 1413 4427 οὐ
1441 4372 1745 4437 ποιήσετε,

1854 3163 2053 3245 tionem
2087 3202 2193 3241 non
2230 3180 2526 3253 prohibuit.
2561 3176 2663 3244 Qui
2716 3180 2894 3228 autem
2936 3166 3145 3224 libidini
3176 3163 3414 3234 patroci-

1803 3272 1811 3281 ’
1852 3281 2093 3343 nabitur,
2133 3272 2500 3331 aemulationis
2530 3275 2804 3337 expertem
2854 3276 2975 3316 esse
3007 3255 3295 3313 atlirmahit
3330 3253 3413 3307 in-

1851 3371 2027 3425 dolem
2076 3380 2347 3423 sororum.
2400 3362 2578 3427 Quare
2627 3356 2837 3411 sublata
2892 3364 3077 3412 causa,
3133 3346 3202 3399 ob
3251 3357 3415 3413 quam

1852 3462 2138 3516 ambarum
2168 3453 2500 3511 connubium
2519 3445 2815 3517 prohibuit,
2847 3440 2975 3508 quid
3002 3435 3258 3506 impediet
3278 3445 3416 3501 quo-

1853 3553 2031 3606 minus
2080 3562 2296 3604 sorores
2343 3536 2715 3610 accipiantur?
2763 3533 2870 3588 Sed
2922 3531 3039 3584 hzec
3066 3527 3266 3595 scripta
3308 3537 3417 3576 non

1851 3655 2002 3707 sunt,
2028 3644 2291 3697 dicemus.
2328 3636 2433 3692 Sed
2469 3646 2643 3702 neque
2674 3630 2760 3684 illa
2800 3632 3001 3682 statuta
3032 3628 3180 3676 sunt.
3210 3617 3419 3674 Conse-

1853 3736 2086 3791 cutionis
2130 3742 2309 3787 autem
2343 3725 2692 3796 intelligentia
2722 3720 2925 3790 pariter
2947 3712 3210 3795 ambabus
3247 3709 3417 3763 licen-

1854 3830 1986 3883 tiam
2020 3825 2227 3881 tribuit.
2260 3823 2459 3877 Verum
2498 3814 2785 3885 oportebat
2812 3806 3086 3879 paulisper
3113 3802 3178 3855 ad
3206 3815 3267 3854 ea
3300 3812 3421 3867 qua!

1855 3925 2025 3993 legem
2074 3916 2389 3989 prmcedunt
2426 3907 2779 3966 recurrendo,
2831 3899 3143 3955 ditlieultate
3178 3891 3417 3947 liberari.

1855 4013 2078 4067 Videtur
2132 4008 2275 4062 enim
2322 4019 2430 4058 non
2471 4015 2633 4057 omne
2672 4002 3017 4065 peccatorum
3072 3998 3242 4053 genus
3270 3994 3420 4035 com-

1856 4100 2187 4173 prehendere
2216 4094 2489 4164 legislator
2512 4130 2527 4155 ,
2559 4086 2650 4142 sed
2674 4079 3015 4153 peculiariter
3042 4070 3422 4140 [Egyptiorum

1857 4198 2000 4252 unde
2027 4191 2424 4251 lsraelexierat,
2451 4194 2504 4238 et
2526 4183 2958 4237 Chananazorum
2992 4168 3057 4224 ad
3082 4180 3221 4236 quos
3243 4173 3422 4218 trans-

1858 4287 2155 4345 ferebatur,
2198 4293 2379 4334 mores
2423 4272 2765 4329 interdicere.
2813 4264 2905 4319 Sic
2938 4260 3084 4316 enim
3138 4256 3299 4310 habet
3353 4250 3422 4306 ad

1856 4378 2118 4433 verbum:
2162 4369 2466 4427 Secundum
2502 4366 2747 4416 instituta
2781 4369 2936 4410 terrm
2968 4348 3207 4419 /Egypti,
3231 4347 3287 4397 in
3320 4359 3425 4412 qua

201 4466 427 4531 καὶτοῖς
482 4467 759 4536 νομίμοις
821 4464 1018 4519 αὐτῶν
1066 4467 1138 4517 οὐ
1205 4464 1531 4530 πορεύεσθε
1559 4479 1571 4495 ·
1612 4464 1752 4516 ὥστε

1857 4470 2109 4525 habitatis
2148 4468 2205 4518 in
2241 4480 2323 4527 ea,
2360 4476 2462 4513 non
2494 4453 2737 4524 facietis:
2764 4458 2812 4502 et
2853 4442 3137 4499 secundum
3175 4436 3425 4489 instituta

201 4555 339 4610 τοῦτο
364 4560 504 4620 εἰκός
547 4574 655 4611 που
701 4558 760 4608 τὸ
800 4552 937 4619 εἶδος
972 4555 1071 4623 τῆς
1112 4555 1407 4624 ἁμαρτίας,
1458 4556 1532 4623 μὴ
1581 4556 1752 4624 ὲμπο-

206 4646 483 4701 λιτεύεσθειι
506 4649 628 4701 τότε
663 4646 813 4717 παρὰ
843 4648 953 4708 τοῖς
983 4645 1183 4698 ἔθνεσι.
1228 4645 1319 4697 Διὸ
1360 4645 1496 4715 μηδὲ
1532 4647 1633 4713 τῆς
1666 4646 1751 4696 ἐπ’

208 4738 336 4807 αὐτῷ
371 4739 614 4808 φυλακῆς
668 4737 1067 4806 προσδεηθῆναι
1123 4737 1216 4788 τὸν
1258 4735 1577 4804 νομοθέτην,
1638 4734 1753 4787 ἀλλ’

210 4831 517 4898 ἁρκεσθῆναι
550 4831 631 4899 τῷ
658 4829 927 4897 ἀδιδάκτῳ
954 4827 1085 4892 ἔθει,
1124 4828 1259 4895 πρὸς
1290 4826 1386 4896 τὴν
1421 4826 1515 4879 τοῦ
1554 4825 1756 4894 μύσους

209 4918 451 4992 διαϐολήν.
486 4924 607 4985 Πῶς
639 4920 732 4974 οὖν
769 4921 829 4972 τὸ
862 4920 1044 4989 μεῖζον
1076 4919 1479 4988 ἀπαγορεύσας.
1510 4919 1569 4971 τὸ
1601 4918 1757 4971 ἔλατ-

212 5027 288 5064 τον
315 5014 611 5084 ἐσιώπησεν
635 5031 649 5079 ;
692 5013 812 5065 Ὂτι
830 5012 1006 5065 ἐδόκει
1031 5011 1255 5073 πολλοὺς
1282 5009 1389 5063 τῶν
1415 5011 1758 5080 φιλοσάρκων

214 5103 413 5172 πρδςτδ
444 5104 642 5169 ζώσαις
692 5103 947 5170 ἀδελφαῖς
1003 5103 1292 5161 συνοικεῖν,
1351 5099 1412 5151 τὸ
1456 5100 1759 5167 ὑπόδειγμα

218 5190 448 5257 βλάπτειν
476 5193 571 5244 τοῦ
599 5192 959 5261 πατριάρχου.
1006 5189 1182 5258 Ἠμᾶς
1221 5188 1278 5239 δὲ
1318 5186 1369 5236 τί
1404 5185 1506 5255 χρὴ
1552 5186 1756 5247 ποιεῖν;

218 5281 276 5332 τὰ
295 5286 637 5353 γεγραμμένα
676 5281 935 5350 λέγει’),ἢ
972 5280 1039 5332 τὰ
1080 5277 1425 5353 σιωπηθέντα
1460 5276 1763 5345 προσεργά-

222 5350 421 5436 Caedat;
465 5350 672 5425 Ᾰὺτίκα
729 5373 790 5425 τὸ
821 5373 894 5441 μὴ
926 5372 1033 5423 δεῖν
1067 5371 1165 5439 μιᾷ
1214 5350 1427 5437 ὲταίρξι⁵
1462 5366 1761 5437 κεχρῆσθαι

223 5464 414 5533 πατέρα
446 5465 536 5516 καὶ
563 5466 695 5527 υἱὸν,
730 5466 785 5515 ἐν
826 5464 923 5532 μὲν
962 5464 1075 5524 τοῖς
1108 5462 1292 5531 νόμοις
1327 5459 1536 5520 τούτοις
1577 5461 1637 5513 οὐ
1675 5462 1765 5527 γὲ-

226 5571 441 5623 γραττται
465 5575 479 5590 ·
507 5558 730 5628 παρὰδὲ
761 5558 838 5628 τῷ
872 5558 1126 5628 προφήτῃ
1156 5557 1418 5625 μεγίστης
1435 5556 1767 5627 κατηγορίας

218 5644 433 5721 ’ἠξίωται
468 5664 481 5677 ·
522 5650 647 5711 Υἱὲς
704 5648 829 5715 γὰρ,
866 5647 1019 5714 φησὶ,
1073 5646 1170 5697 καὶ
1231 5645 1423 5713 πατὴρ
1462 5647 1610 5711 πρὸς
1656 5645 1769 5711 τὴν

296 5736 335 5768 ’³
367 5737 531 5791 chit.
564 5755 713 5801 xvllt,
759 5740 841 5792 18.
915 5739 960 5769 ’⁵
994 5739 1123 5794 ibid.
1153 5738 1204 5792 3.

503 5833 763 5892 Parcet.
797 5836 911 5891 Gn.
938 5831 1092 5894 CIV.

1859 4575 2013 4617 terra:
2036 4557 2317 4616 Chanaan,
2342 4553 2399 4604 in
2428 4563 2586 4617 quam
2610 4558 2702 4614 ego
2735 4539 2979 4593 inducam
3015 4547 3100 4586 vos
3134 4528 3285 4589 illuc,
3320 4539 3424 4577 non

1858 4653 2088 4723 facietis,
2138 4662 2297 4715 neque
2343 4645 2398 4696 in
2444 4616 2692 4709 legitimis
2738 4645 2915 4685 eorum
2960 4619 3299 4679 ambulabitis
3356 4616 3423 4669 ν’.

1860 4711 2167 4799 λῖειὶεῑηιίιε
2213 4711 2296 4793 est
2346 4737 2450 4789 hoc
2487 4729 2588 4800 15
2637 4723 2840 4796 peccati
2893 4734 3063 4789 genus
3103 4722 3236 4800 tunc
3280 4711 3425 4763 inter

1858 4842 2045 4902 gentes
2084 4843 2189 4882 non
2236 4796 2872 4890 viguisseiQuapropter
2901 4820 3037 4874 opus
3066 4817 3173 4854 non
3215 4796 3315 4851 fuit
3343 4796 3425 4848 lc-

1861 4922 2123 4993 gislatori,
2156 4926 2216 4972 ut
2253 4914 2383 4969 illud
2431 4908 2732 4967 cavendum
2773 4905 3032 4957 curaret:
3069 4892 3162 4946 sed
3199 4889 3333 4942 satis
3373 4887 3426 4939 ei

1863 5015 1963 5067 fuit
2008 5026 2128 5065 mos
2159 5022 2265 5061 non
2303 5005 2496 5059 doctus
2548 4997 2615 5052 ad
2664 4991 2886 5051 sceleris
2925 4980 3422 5056 reprehensionem.

1862 5103 2146 5169 Quomodo
2177 5097 2341 5167 igitur
2369 5093 2572 5161 majore
2620 5086 2803 5145 vetito,
2833 5082 3013 5134 minus
3044 5066 3426 5143 praatermisit?

1864 5193 1999 5259 Quia
2024 5189 2309 5243 videbatur
2357 5183 2541 5238 multis
2578 5177 2729 5233 carni
2763 5168 3187 5240 indulgentibus,
3214 5170 3273 5215 ut
3301 5174 3425 5214 cum

1869 5278 2153 5333 sororibus
2175 5275 2351 5328 adhuc
2380 5268 2688 5323 viventibus
2708 5262 3036 5316 habitarent,
3064 5251 3283 5306 noxium
3306 5260 3430 5299 esse

1865 5370 2172 5439 exemplum
2248 5361 2589 5434 patriarchm.
2648 5357 2758 5410 Nos
2822 5359 2998 5405 autem
3062 5342 3189 5413 quid
3249 5338 3431 5392 facere

1871 5462 2129 5532 oportet?
2163 5456 2295 5523 Qua:
2328 5454 2528 5521 scripta
2564 5456 2689 5503 sunt
2717 5446 2919 5504 dicere,
2960 5454 3026 5492 an
3067 5429 3430 5505 praetermissa

1877 5552 2184 5609 accuratius
2244 5543 2520 5602 scrutari?
2574 5540 2847 5596 Protinus,
2896 5546 3002 5584 non
3051 5532 3299 5594 oportere
3350 5516 3429 5571 uti

1873 5660 1977 5697 tina
2018 5639 2206 5711 pellice
2260 5644 2463 5706 patrem
2508 5639 2559 5684 ct
2595 5621 2785 5687 lilium,
2834 5623 2886 5674 in
2934 5619 3018 5671 his
3053 5612 3260 5682 legibus
3292 5604 3428 5663 scri-

2939 5806 2967 5821 υ

2903 5809 2973 5869 15
