3886 6240
424 316 527 379 459

1575 313 1831 373 ΡΗΟΤΙΙ
1866 313 2368 377 ΡΑΤΙὶῐΑΗΟΗίΕ
2407 318 2512 378 CP.

3582 323 3678 386 460

426 446 578 505 ptum
601 445 705 484 non
729 437 829 490 est,
867 427 958 481 sed
992 424 1131 495 apud
1173 425 1490 495 prophetam
1531 426 1744 479 crimini
1773 425 2002 481 maxime

2113 429 2310 496 αὐτὴν
2365 430 2694 496 παιδίσκην
2750 433 3222 501 εἰσεπορεύοντο.
3267 433 3422 487 Πόσα
3481 435 3534 487 δὲ
3576 439 3675 508 sior;

427 527 607 580 datur.
648 521 822 575 Filius
872 523 1033 583 enim,
1092 519 1289 586 inquit,
1349 526 1398 570 et
1446 526 1595 586 pater
1647 519 1715 571 ad
1762 519 2000 571 eamdem

428 615 661 685 puellam
705 612 1136 683 ingrediebantur
1166 611 1231 663 ".
1270 608 1413 675 Quot
1436 620 1612 664 autem
1652 611 1753 663 alia
1784 611 1999 679 cupidi-

430 715 601 759 tatum
656 704 991 773 impurarum
1022 716 1216 771 genera
1265 700 1571 753 daemonum
1628 701 1845 769 quidem
1905 702 2003 755 do-

430 798 601 853 ctrina
634 795 983 863 excogitavit,
1004 793 1176 848 tacuit
1204 807 1334 846 vero
1368 793 1548 846 divina
1581 791 1883 861 Scriptura,
1905 792 2002 846 ho-

430 897 697 942 nestatem
766 900 920 939 suam
996 900 1179 939 rerum
1248 884 1488 954 turpium
1546 882 2000 951 appellationibus

428 980 637 1035 ftedare
668 980 880 1045 nolens,
930 978 1025 1033 sed
1071 977 1369 1048 generatim
1419 976 1759 1043 impuritates
1793 974 2002 1042 vitupe-

426 1072 599 1124 ravit!
653 1070 805 1121 Sir-ut
857 1075 907 1121 et
958 1067 1240 1136 apostolus
1284 1064 1484 1117 Paulus
1528 1064 1605 1117 ait
1642 1080 1653 1114 :
1693 1061 2000 1115 Fornieatio

430 1170 609 1214 autem
632 1170 679 1213 et
712 1159 879 1211 omnis
912 1157 1249 1211 immunditia
1289 1172 1352 1209 ue
1374 1155 1673 1207 nominetur
1700 1154 1910 1222 quidem
1944 1153 2000 1204 iu

428 1254 592 1315 vobis,
647 1252 782 1305 sicut
835 1249 974 1302 decet
1010 1260 1220 1302 sanctos
1254 1248 1329 1301 ¹⁶ε
1378 1245 1737 1299 immunditize
1782 1243 2002 1297 nomine

430 1354 547 1399 tum
573 1345 816 1397 virorum
847 1352 961 1394 tum
987 1342 1272 1394 mulierum
1296 1340 1557 1393 obscaena
1581 1337 1819 1391 facinora
1849 1350 2000 1389 com-

427 1437 794 1507 prehcndens.
826 1434 1005 1500 Quare
1025 1448 1132 1485 non
1162 1430 1387 1485 omnino
1414 1430 1689 1483 silentium
1724 1427 1999 1481 licentiam

427 1530 522 1583 dat
564 1526 907 1595 voluptariis.
964 1524 1073 1592 Ego
1126 1532 1325 1581 autem.
1359 1536 1537 1589 neque
1591 1520 1823 1573 tacitam
1854 1519 2000 1572 illam

428 1628 639 1690 partem
671 1618 837 1671 fuisse
871 1615 993 1669 dico
1020 1632 1031 1667 :
1083 1613 1194 1666 imo
1226 1613 1392 1666 etiam
1425 1629 1455 1664 ιι
1485 1611 1796 1681 legislature
1840 1610 2002 1663 vehe-

426 1718 639 1761 menter
680 1706 973 1759 admodum
1025 1703 1193 1757 fuisse
1245 1701 1595 1772 prohibitam.
1644 1700 1781 1754 Illud
1827 1700 1998 1762 enim,

2101 520 2209 573 τῶν
2240 522 2574 593 ἀκαθάρτων
2608 524 2795 577 παθῶν
2828 524 2981 590 ἄλλα,
3037 525 3098 579 τὸ
3141 526 3240 596 μὲν
3278 527 3389 579 τῶν
3424 528 3681 598 δαιμιῖνων

2100 612 2467 666 διδασκαλεῖον
2490 614 2729 686 ἐξεῦρεν,
2764 620 2796 687 ἡ
2825 617 2882 669 δὲ
2914 618 3032 669 θεία
3067 618 3259 688 ι’ραφὴ
3308 620 3679 690 ἀπεσιώπησε,

2098 704 2161 756 τὸ
2196 706 2392 773 σεμνὸν
2436 708 2634 776 ἑαυτῆς
2664 711 2784 772 ταῖς
2825 708 2931 761 τῶν
2962 711 3205 781 αἰσχρῶν
3244 712 3570 779 ὀνομασίαις
3588 730 3679 763 κα-

2099 799 2487 868 ταρρυπαίνειν
2518 801 2615 869 οὐχ
2644 802 2943 871 αἱρουμένη
2965 842 2979 865 ,
3008 803 3145 855 ἀλλὰ
3178 806 3420 871 γενικοίς
3462 805 3678 872 ὀνόμασι

2100 888 2198 950 τὰς
2220 888 2564 956 ἀκαθαρσίας
2613 891 2861 945 διέϐαλεν
2887 909 2899 922 ’
2927 893 3002 956 ὡς
3025 895 3118 946 καὶ
3155 894 3183 945 ὁ
3221 894 3525 955 ἀπόστολος
3554 895 3685 947 Hui-

2100 976 2190 1040 λος
2246 981 2397 1047 φησὶ,
2433 982 2689 1046 Πορνεία
2720 981 2788 1033 δὲ
2828 985 2922 1035 καὶ
2955 984 3291 1050 ἀκαθαρσία
3334 982 3511 1039 πᾶσα
3544 983 3687 1052 μηδέ

2102 1065 2479 1134 ὀνομαζέσθω
2510 1068 2675 1136 ὑμῖν,
2716 1070 2911 1135 καθὼς
2944 1071 3156 1139 πρέπει
3202 1073 3421 1139 ἁγίοις,
3459 1073 3539 1142 τῷ
3594 1074 3681 1140 τῆς

2101 1158 2443 1228 ἀκαθαρσίας
2498 1160 2724 1229 ὀνόματι
2772 1162 2871 1225 τάς
2916 1180 2975 1213 τε
3011 1163 3121 1215 τῶν
3169 1164 3422 1234 ἀρρένων
3452 1165 3683 1234 ἀρρητο-

2102 1250 2283 1313 ποιῖας
2315 1253 2410 1303 καὶ
2435 1252 2535 1313 τὰς
2552 1252 2657 1303 τῶν
2697 1252 2928 1320 θηλειῶν
2960 1253 3413 1323 πριλαμῦἀνων.
3444 1254 3609 1305 Ὥστε
3630 1258 3682 1306 οὐ

2102 1338 2319 1400 πάντως
2358 1340 2388 1406 ἡ
2422 1339 2599 1408 σιωπὴ
2625 1339 2807 1392 ἄδειαν
2837 1340 2993 1408 φέρει
3031 1345 3144 1402 τοῖς
3170 1342 3501 1410 φιληδόνοις.
3554 1342 3687 1408 Ἐγὼ

2100 1426 2157 1478 δὲ
2180 1426 2300 1479 οὐδὲ
2324 1428 2702 1495 σεσιωπῆσθαι
2731 1429 2792 1480 τὸ
2829 1430 2996 1499 μέρος
3038 1430 3195 1483 τοῦτο
3235 1432 3405 1501 φημὶ,
3450 1430 3588 1483 ἀλλὰ
3610 1435 3689 1483 καὶ

2102 1518 2241 1573 πάνυ
2269 1518 2513 1588 σφοδρῶς
2546 1520 2987 1589 ἁπηγορευκέναι
3011 1523 3101 1574 τὸν
3137 1523 3461 1593 νομοθέτην·
3487 1525 3547 1578 τὸ
3566 1529 3685 1593 γὰρ,

2104 1607 2221 1663 Οὐκ
2264 1612 2587 1676 εἰσελεύσῃ
2611 1612 2761 1679 πρὸς
2801 1611 3002 1665 πάντα
3045 1614 3269 1667 οἰκεῖον
3307 1620 3544 1683 σαρκός
3584 1633 3690 1671 σου

2100 1700 2495 1769 ἀποκαλύψαι
2526 1702 2979 1771 ἀσχημοσύνην
3017 1704 3239 1769 αὐτῶν,
3269 1708 3690 1777 ὲμπεριεκτικόν

430 1798 551 1853 Νοη
594 1797 900 1867 iugredieris
932 1796 1000 1847 ad
1056 1811 1261 1848 onmem
1311 1795 1486 1847 carnis
1528 1805 1632 1846 tua:
1684 1793 1886 1861 aﬂiuem
1926 1791 1995 1844 ad

2106 1792 2222 1845 ἐστι
2247 1792 2351 1844 ita).
2364 1792 2553 1846 τούτου
2574 1793 2669 1846 τοῦ
2699 1795 2874 1858 εἴδους
2902 1799 3001 1866 τῆς
3024 1797 3379 1869 οἰκειότητος.
3407 1801 3477 1851 Τί
3502 1802 3609 1870 γὰρ
3633 1803 3691 1854 ἂν
3768 1844 3773 1851 .

428 1890 761 1944 revelandam
824 1904 1006 1941 eorum
1070 1886 1451 1955 turpitudinem
1507 1884 1570 1947 ‘7,
1627 1886 1767 1938 hanc
1830 1883 1995 1937 etiam

424 1981 708 2036 affinitatis
743 1983 979 2050 speciem
1025 1978 1422 2047 complectitur.
1474 1976 1685 2033 Etenim
1719 1974 1848 2043 quid
1882 1975 1999 2028 viro

427 2072 596 2126 affine
637 2071 809 2140 magis
842 2078 923 2125 est
970 2083 1133 2137 quam
1167 2082 1264 2120 sua
1302 2067 1475 2135 ipsius
1506 2080 1665 2128 uxor,
1701 2064 1809 2118 imo
1831 2079 1996 2132 quam

427 2178 525 2219 sua
556 2162 728 2232 ipsius
762 2161 924 2217 caro?
951 2158 1070 2213 Non
1119 2159 1263 2213 enim
1305 2159 1539 2227 amplius
1572 2156 1694 2210 dua:
1723 2165 1873 2218 sunt,
1905 2156 1998 2209 sed

430 2269 536 2308 una
570 2270 723 2309 caro.
767 2253 953 2320 Itaque
998 2263 1093 2319 per
1141 2263 1366 2301 uxorem
1398 2262 1553 2301 soror
1579 2246 1645 2299 ad
1688 2244 1791 2298 viri
1821 2242 2001 2297 aftini-

429 2357 591 2401 tatem
626 2344 842 2398 transit.
879 2340 1344 2407 Quemadmodum
1379 2338 1524 2393 enim
1553 2347 1781 2395 matrem
1812 2337 1999 2393 uxoris

429 2454 535 2493 non
591 2445 854 2497 assumct,
898 2448 1073 2502 neque
1121 2432 1284 2486 filiam
1317 2431 1422 2501 ιθ
1457 2430 1666 2493 uxoris,
1716 2437 1998 2498 prepterea

425 2528 566 2597 quod
616 2542 791 2595 neque
841 2540 997 2577 suam
1059 2524 1232 2593 ipsius
1284 2535 1536 2585 matrem,
1605 2535 1781 2589 neque
1843 2534 1998 2577 suam

424 2620 600 2689 ipsius
650 2618 853 2677 filiam;
895 2616 965 2669 ita
1016 2630 1116 2669 nec
1171 2615 1358 2668 uxoris
1386 2628 1655 2676 sororem,
1711 2621 1998 2681 propterea

425 2709 571 2776 qqu
604 2721 781 2775 neque
833 2719 990 2758 suam
1043 2704 1216 2772 ipsius
1254 2717 1519 2757 sororem.
1562 2700 1625 2754 Et
1664 2701 1781 2754 vice
1821 2713 1997 2761 versa,

427 2813 602 2866 neque
634 2796 788 2849 uxori
833 2796 1015 2849 licebit
1045 2809 1164 2848 sese
1191 2794 1290 2846 viri
1346 2791 1606 2847 affinibus
1637 2792 1988 2861 conjungere.

430 2891 572 2941 Sunt
602 2888 745 2942 enim
774 2887 1027 2955 utrinque
1054 2885 1369 2938 communia
1401 2882 1687 2938 affinitatis
1713 2882 1857 2951 jura.
1893 2880 2002 2949 Ego

429 2995 591 3049 porro
617 2978 838 3033 cuilibet
869 2978 935 3031 de
968 2977 1170 3046 nuptiis
1200 2976 1509 3032 consulenti
1548 2976 1829 3038 testificor,
1857 2990 1997 3043 prie-

429 3072 594 3126 terire
627 3073 854 3140 figuram
890 3068 1055 3138 hujus
1087 3068 1299 3133 mundi,
1335 3078 1390 3122 et
1425 3076 1640 3136 tempus
1668 3067 1831 3121 breve
1853 3080 1995 3130 esse,

433 3163 499 3219 Ut
536 3163 831 3233 quittabent
862 3136 1054 3214 uxores
1104 3169 1355 3228 tanquam
1394 3176 1500 3212 non
1538 3158 1781 3213 habentes
1806 3157 1997 3211 sint”.
2024 3136 2068 3197 Ο

427 3256 583 3322 Quod
618 3254 664 3309 si
690 3254 820 3307 mihi
854 3266 1135 3322 perperam
1170 3252 1309 3320 legat
1340 3251 1509 3304 illud:
1543 3249 1770 3304 Crescite
1794 3260 1842 3303 et
1868 3250 2003 3304 mul-

428 3347 743 3415 tiplicamini
795 3346 879 3398 ‘9:
924 3345 1073 3397 rideo
1110 3344 1289 3412 legum
1331 3352 1575 3410 tempora
1627 3357 1739 3396 non
1794 3340 2004 3396 discer—

426 3449 670 3493 nentem.
710 3434 1116 3489 Fornicationis
1150 3433 1453 3486 remedium
1488 3431 1691 3499 nuptiae
1723 3431 1999 3491 secundae.

428 3544 537 3584 non
566 3526 783 3581 occasio
814 3525 1070 3580 lasciviat.
1108 3522 1166 3576 Si
1200 3537 1260 3577 se
1289 3536 1397 3576 non
1426 3522 1732 3586 continent,
1769 3523 2001 3583 nubant,

432 3619 610 3688 inquit
636 3617 705 3684 ὀ,
738 3631 843 3669 non
874 3630 1005 3669 vero
1028 3623 1081 3670 et
1118 3614 1389 3668 nubentes
1426 3615 1596 3683 legem
1644 3614 1867 3667 violent.
1910 3611 2019 3671 Isti

428 3720 634 3776 autem,
682 3724 917 3778 quorum
965 3707 1183 3761 animus
1228 3706 1364 3760 vitio
1411 3705 1768 3773 turpitudinis
1824 3704 2002 3772 lippus

428 3812 533 3869 est,
571 3818 637 3856 ne
676 3802 741 3855 ad
791 3811 1063 3854 naturam.
1096 3798 1317 3867 quidem
1373 3797 1694 3865 respiciunt,
1732 3811 1855 3865 quae
1888 3796 2023 3865 jam,

427 3896 555 3947 olim
581 3892 794 3963 generis
820 3891 1044 3946 nomina
1071 3890 1347 3945 discrevit.
1383 3889 1460 3942 Ex
1488 3904 1593 3957 qua
1626 3888 1770 3941 enim
1806 3903 2007 3955 cogna-

429 3988 577 4041 tione
626 3992 784 4039 natos
815 3983 1207 4053 appellabunt?
1249 3980 1562 4046 Fratresne,
1607 3995 1675 4035 an
1721 3979 2003 4033 consobri-

430 4095 531 4135 nos
570 4077 881 4132 vocabunt‘t
932 4077 1205 4145 siquidem
1257 4090 1456 4129 nomen
1490 4084 1786 4142 utrumque
1815 4074 1893 4127 eis
1934 4072 2005 4127 ob

428 4170 803 4225 confusionem
831 4169 1104 4237 congruit.
1133 4165 1215 4221 Ne
1246 4166 1439 4231 facias,
1486 4182 1518 4219 o
1546 4166 1731 4228 homo,
1781 4165 2004 4219 amitam

430 4278 720 4317 novercam
773 4260 1101 4325 infantium;
1144 4274 1246 4314 nec
1269 4274 1393 4327 quae
1431 4258 1485 4311 in
1520 4257 1710 4311 matris
1759 4256 1883 4310 loco
1927 4253 2006 4309 fo-

426 4368 556 4408 vere
583 4353 760 4415 debet,
796 4367 915 4405 eam
942 4349 1291 4404 aemulatione
1319 4348 1646 4417 implacabili
1680 4347 2000 4403 armaveris.

427 4442 564 4499 Nam
591 4443 765 4497 solum
796 4456 1158 4495 novercarum
1200 4454 1372 4509 genus
1402 4440 1565 4493 etiam
1598 4449 1723 4508 post
1771 4446 2000 4493 mortem

427 4535 613 4590 odium
657 4548 721 4587 ac
775 4532 1119 4586 inimicitiam
1174 4530 1436 4585 extendit.
1484 4530 1600 4585 lmo
1649 4530 1740 4584 alii
1790 4528 2001 4585 inimici

430 4624 666 4679 mortuis
704 4624 1155 4688 reconciliantur;
1210 4636 1455 4676 noverca:
1513 4622 1637 4679 odia
1682 4630 1804 4689 post
1859 4628 2003 4675 mor-

434 4725 540 4772 tem
570 4716 858 4784 incipiunt.
891 4713 1114 4768 Summa
1163 4714 1437 4768 dictorum
1470 4714 1585 4767 haec
1628 4720 1750 4767 est:
1792 4712 1848 4765 Si
1879 4710 2004 4778 quis

432 4810 670 4881 legitime
696 4793 941 4875 'nuptias
976 4807 1206 4876 appetit,
1256 4814 1403 4860 totus
1433 4806 1582 4859 orbis
1608 4813 1877 4858 terrarum
1906 4818 2002 4871 pa-

433 4912 544 4958 tet:
578 4903 663 4957 sin
695 4901 919 4954 libidine
949 4899 1262 4968 impellitur,
1303 4897 1374 4951 ob
1408 4897 1460 4950 id
1502 4896 1676 4963 magis
1712 4895 1875 4947 etiam
1905 4908 2001 4947 ex-

430 4995 705 5059 cludatur,
752 4990 819 5044 Ut
842 4990 1011 5043 discat
1061 5006 1150 5043 cas
1193 5005 1345 5042 suum
1372 4987 1634 5057 possidere
1666 4987 1721 5038 in
1761 4985 2005 5052 sanctiﬁ-

426 5087 635 5141 catione
665 5092 713 5139 et
757 5084 974 5147 tranare,
1011 5098 1113 5134 non
1158 5083 1211 5132 in
1241 5081 1484 5149 passione
1530 5078 1777 5130 desiderii
1806 5078 1873 5129 η.
1925 5075 2009 5129 Me

432 5179 589 5248 plura
636 5177 815 5230 dicere
890 5181 1168 5240 parantem
1226 5171 1422 5224 modus
1474 5168 1713 5238 epistolae
1762 5167 2003 5221 cohibet.

433 5270 635 5324 Precor
663 5278 867 5329 autem,
908 5273 966 5317 ut
1010 5264 1109 5333 17
1144 5264 1223 5315 vel
1266 5273 1451 5315 nostra
1482 5260 1784 5314 admonitio
1815 5258 2005 5311 vitium

435 5372 676 5433 superet,
717 5361 797 5414 vel
828 5375 934 5412 non
990 5366 1174 5425 serpat
1205 5356 1257 5407 in
1304 5366 1550 5407 nostram
1595 5352 1866 5421 regionem
1905 5351 2009 5403 hoc

431 5455 749 5524 piaculum;
789 5448 881 5504 sed
934 5448 986 5501 in
1022 5446 1224 5515 quibus
1267 5444 1566 5497 admissum
1605 5451 1690 5497 est
1744 5442 1899 5504 locis,
1951 5441 2005 5493 in

440 5544 523 5599 his
558 5550 890 5614 permaneat.

511 5750 553 5780 ’⁸
585 5748 746 5801 Atros;
776 5764 833 5801 ιι.
868 5745 921 5798 7.
1001 5748 1042 5776 ¹θ
1076 5745 1273 5811 Ephos.
1308 5758 1360 5808 γ,
1399 5741 1452 5795 '5.
1535 5742 1577 5773 ’⁷
1609 5738 1781 5793 chit.
1822 5752 1973 5803 xvm,
1998 5736 2049 5788 G.

440 5835 533 5883 vn,
563 5824 618 5874 υ.
692 5820 729 5850 ³⁸
768 5817 783 5871 Ι
812 5816 1004 5872 Thess.
1036 5833 1108 5881 tv,
1144 5817 1197 5871 4.

2104 1882 2311 1947 γένοιτο
2330 1882 2558 1937 οίκειότε
2568 1901 2657 1954 ρον
2676 1884 2830 1954 ἀνδρὶ
2850 1885 2949 1954 τῆς
2970 1886 3163 1939 ἑαυτοῦ
3184 1890 3476 1956 γυναικόςς
3505 1892 3692 1960 μᾶλλον

2110 1973 2165 2029 δὲ
2180 1973 2279 2039 τῆς
2310 1974 2502 2026 ἑαυτοῦ
2532 1977 2769 2042 σαρκόςς
2803 1978 2876 2029 Οὐ
2894 1978 3003 2047 γὰρ
3020 1980 3100 2030 ἕτι
3129 1982 3234 2032 εἰσὶ
3262 1981 3376 2042 δύο,
3396 1983 3537 2035 ἀλλὰ
3568 1987 3693 2057 σὰρξ

2104 2063 2203 2133 μία
2234 2080 2246 2092 ⁸
2277 2064 2417 2118 ὥστε
2446 2065 2532 2117 διὰ
2560 2067 2658 2134 τῆς
2689 2068 2946 2134 γυναικὸς
2988 2070 3020 2137 ἡ
3054 2069 3261 2141 ἀδελφὴ
3290 2073 3430 2142 πρὸς
3470 2076 3569 2144 τὴν
3594 2077 3681 2129 τοῦ

2100 2151 2291 2222 ἀνδρὸς
2357 2154 2662 2222 οἰκειότητα
2740 2155 3073 2225 μεταϐαίνει.
3156 2158 3245 2220 Ὠς
3308 2161 3419 2230 γὰρ
3493 2164 3691 2232 μητέρα

2101 2244 2356 2311 γυναικὸς
2386 2246 2447 2296 οὐ
2490 2244 2740 2315 λήψεται,
2798 2247 2935 2315 οὐδὲ.⁸
2967 2249 3243 2319 θυγατέρα
3274 2252 3374 2321 τῆς
3411 2256 3685 2321 γυναικκ,

2100 2334 2232 2387 διότι
2269 2336 2403 2406 μηδὲ
2460 2336 2557 2406 τὴν
2621 2337 2817 2391 ἑαυτοῦ
2876 2341 3112 2409 μητέρα,
3167 2342 3303 2413 μηδὲ
3347 2347 3450 2415 τὴν
3501 2349 3685 2399 ἑαυτοῦ

2102 2426 2396 2497 θυγατέρα,
2430 2426 2602 2491 οὕτως
2637 2428 2756 2482 οὐδὲ
2786 2429 3019 2500 ἀδελφὴν
3069 2434 3349 2498 γυναικὸς,
3404 2436 3541 2489 διότι
3585 2455 3683 2507 μη-

2100 2517 2160 2569 δὲ
2202 2518 2435 2587 ἀδελφὴν
2496 2518 2728 2572 ἑαυτοῦ·
2785 2521 2878 2574 καὶ
2918 2521 3075 2574 τοῦτο
3105 2524 3396 2589 ἀνάπαλιν,
3450 2528 3573 2580 οὐδὲ
3622 2533 3680 2599 τῇ

2102 2610 2322 2675 γυναικὶ
2358 2610 2574 2674 ἐξέσται
2600 2613 2712 2674 τοῖς
2745 2612 2967 2676 οἰκείοις
3013 2613 3107 2667 τοῦ
3161 2616 3357 2685 ἀνδρὸς
3402 2623 3680 2681 συνοικεῖν,

2104 2703 2255 2763 κοινὰ
2289 2702 2396 2771 γὰρ
2428 2703 2514 2754 ἐπ’
2549 2703 2879 2773 ἀμφοτέροις
2913 2704 3012 2772 τῆς
3035 2708 3358 2773 συγγενείας
3387 2710 3458 2762 τὰ
3490 2710 3678 2764 δίκαια·

2104 2791 2215 2859 ἐγὼ
2242 2793 2297 2845 δὲ
2332 2793 2497 2845 παντὶ
2543 2794 2621 2864 τῷ
2660 2795 2787 2865 περὶ
2832 2795 3012 2866 γάμου
3050 2796 3362 2869 βουλομένῳ
3386 2801 3680 2872 διαμαρτύ-

2108 2898 2291 2951 ρομαι,
2325 2885 2407 2937 ὅτι
2470 2885 2705 2954 παράγει
2760 2886 2820 2937 τὸ
2872 2887 3061 2956 σχῆμα
3085 2888 3179 2940 τοῦ
3234 2890 3441 2959 κόσμου
3484 2892 3681 2955 τούτου,

2107 2977 2202 3026 καὶ
2256 2977 2285 3027 ὁ
2335 2976 2524 3046 καιρὸς
2585 2977 3011 3047 συνεσταλμένος
3071 2979 3258 3031 ἐστίν’
3317 2982 3455 3035 Ἰνα
3511 2985 3680 3037 καίοι

2106 3064 2675 3135 exortem-prolatae,
2701 3068 2780 3133 ὡς
2796 3068 2882 3137 μὴ
2898 3069 3145 3136 ἔχοντες
3170 3069 3346 3125 ὦσιν.
3372 3072 3510 3127 Ἐὰν
3530 3074 3584 3126 δέ
3606 3091 3684 3143 μοι

2102 3157 2565 3229 παραναγινώσκῃ
2608 3157 2696 3223 τὸ,
2737 3156 3087 3223 Αὺξάνεο-θε
3141 3162 3240 3217 καὶ
3287 3166 3683 3229 πληθύνεσθε,

2103 3247 2387 3316 καταγελῶ
2434 3249 2525 3301 τοῦ
2550 3250 2659 3309 τῶν
2683 3250 3015 3320 νομοθεσιῶν
3041 3254 3167 3318 τοὺς
3198 3257 3426 3325 καιροὺς
3473 3258 3548 3327 μὴ
3578 3256 3685 3309 δια-

2102 3340 2397 3408 κρίνοντος.
2446 3342 2707 3412 Πορνείας
2749 3342 3072 3413 παραμυθία
3118 3347 3147 3397 ὀ
3175 3345 3426 3415 δεύτερος
3480 3349 3683 3417 γάμος,

2109 3432 2231 3501 οὐχὶ
2261 3431 2470 3500 ἐφόδιον
2531 3435 2612 3496 εἰς
2662 3434 2972 3501 ἀσέλγειαν.
3012 3437 3075 3488 Εἰ
3106 3438 3207 3489 οὐκ
3241 3438 3686 3508 ἐγκρατεύονται,

2103 3524 2530 3592 γαμησάτωσαν,
2580 3526 2767 3594 φησὶν,
2822 3527 2944 3596 οὐχὶ
2986 3527 3042 3580 δὲ
3096 3528 3404 3598 γαμοῦντες
3451 3548 3686 3601 παρανο-

2106 3613 2397 3682 μείτωσαν.
2430 3617 2492 3669 0i
2525 3616 2579 3668 δὲ
2605 3617 2727 3668 οὐδὲ
2750 3617 2885 3687 πρὸς
2918 3618 3015 3688 τὴν
3058 3618 3220 3686 φύσιν
3266 3621 3683 3684 ἀποϐλέπουσιν,

2102 3706 2151 3756 οι
2173 3706 2269 3773 τὴν
2296 3706 2473 3778 ψυχὴν
2500 3706 2783 3777 λημῶντες
2814 3708 2891 3776 τῷ
2920 3708 3082 3761 πάθει
3112 3709 3213 3778 τῆς
3240 3711 3471 3780 ἀτιμίας
3495 3752 3510 3773 ,
3530 3713 3690 3765 παλαι

2103 3795 2455 3865 διακρίνασαν
2481 3800 2579 3862 τὰς
2612 3799 2706 3851 τοῦ
2738 3799 2927 3866 γένους
2953 3802 3352 3871 προσηγορίας.
3402 3803 3499 3855 Ἐκ
3540 3802 3689 3864 ποίας

2106 3890 2424 3957 συγγενείας
2490 3892 2617 3954 τοὺς
2688 3894 3051 3965 γεννηθέντας
3118 3898 3687 3967 προσαγορεύσουσινς

2106 3981 2369 4049 ἀδελφοὺς
2408 3984 2604 4044 αὐτοὺς
2632 3985 2879 4054 ἀλλήλων
2899 4028 2914 4049 ,
2947 3986 2978 4057 ἢ
3015 3988 3269 4056 ἀνεψιοὺς
3299 3988 3687 4059 προσεροῦσιν;

2104 4073 2390 4141 ἀμφότερα
2443 4074 2550 4143 γὰρ
2604 4076 2789 4138 αὐτοῖς
2842 4079 3219 4148 προσαρμόσει
3274 4078 3363 4129 διὰ
3414 4079 3516 4148 τὴν
3564 4078 3691 4145 σύγ·

2105 4182 2282 4233 χυσιν.
2317 4166 2406 4234 Μὴ
2441 4168 2698 4236 ποιήσῃς,
2732 4162 2777 4220 ὦ
2807 4168 3064 4239 ἄνθρωπε
3091 4210 3106 4233 ,
3132 4172 3227 4239 τὴν
3256 4170 3409 4223 θείαν
3445 4172 3689 4241 μητρυὰν

2105 4258 2215 4311 τῶν
2250 4260 2478 4328 νηπίων,
2518 4261 2657 4329 μήτε
2685 4261 2741 4313 δὲ
2780 4262 2878 4331 τὴν
2912 4263 3117 4332 μητρὸς
3145 4263 3294 4327 τάξει
3333 4265 3690 4333 περιθάλπειν

2106 4351 2448 4419 ὀφείλουσαν,
2479 4352 2683 4422 ταύτην
2712 4354 3009 4425 ὲφοπλίσῃς
3034 4358 3154 4416 ταῖς
3178 4354 3518 4424 ἁμειλίκτοις
3538 4356 3691 4425 ζηλο-

2106 4446 2344 4506 τυπίαις.
2402 4444 2577 4498 Μόνον
2616 4447 2722 4518 γὰρ
2777 4447 2838 4499 τὸ
2900 4450 3053 4517 μῖσος
3108 4448 3217 4501 τῶν
3265 4450 3548 4520 μητρυῶν,
3605 4452 3693 4503 καὶ

2111 4535 2247 4604 μετὰ
2282 4535 2511 4589 θάνατον
2543 4537 2757 4589 ἐλαύνει
2786 4536 2884 4607 τὴν
2914 4537 3137 4607 ἔχθραν,
3183 4539 3385 4607 μᾶλλον
3412 4538 3469 4590 δὲ
3504 4540 3553 4591 οἱ
3600 4541 3692 4609 μὲν

2106 4626 2281 4688 ἄλλως
2331 4627 2600 4697 πολέμιοι,
2652 4629 2763 4689 τοῖς
2800 4626 3087 4696 τεθνηκόσι
3124 4627 3482 4680 σπένδονται·
3539 4629 3596 4681 αὶ
3641 4629 3694 4681 δὲ

2110 4721 2369 4787 μητρυιαὶ
2398 4718 2492 4771 τοῦ
2541 4718 2731 4787 μίσους
2751 4719 2890 4787 μετὰ
2927 4718 3159 4772 θάνατον
3191 4719 3475 4789 ἄρχονται.
3512 4721 3693 4788 Κεφά-

2106 4810 2256 4862 λαιον
2287 4809 2344 4862 δὲ
2373 4810 2488 4862 τῶν
2518 4810 2846 4880 εἰρημένων,
2890 4810 3060 4879 εἰμὲν
3090 4810 3239 4879 νόμῳ
3277 4812 3520 4880 ὁρμᾶται
3564 4810 3695 4879 πρὸς

2107 4902 2199 4955 τὸν
2225 4902 2423 4971 γάμον,
2456 4901 2705 4970 ἦνοικται
2734 4902 2881 4954 πᾶσα
2921 4901 2953 4970 ή
2986 4902 3300 4971 οἰκουμένη.
3336 4903 3400 4953 Εἰ
3428 4902 3486 4954 δὲ
3522 4903 3695 4971 ἐμπα-

2117 4992 2248 5062 σθὴς
2277 4993 2424 5062 αὐτῷ
2454 4996 2485 5062 ἡ
2527 4993 2729 5063 σπουδὴ
2751 5032 2765 5055 ,
2798 4992 2887 5045 διὰ
2920 4992 3079 5047 τοῦτο
3111 4994 3206 5046 καὶ
3250 4994 3415 5046 πλέον
3442 4994 3694 5048 ἀποκλει-

2116 5083 2298 5154 σθήτω
2321 5100 2334 5115 ·
2392 5083 2525 5139 Ἵνα
2560 5087 2717 5152 μάθῃ
2743 5084 2809 5137 τὸ
2846 5085 3069 5139 ἑαυτοῦ
3098 5086 3321 5151 σκεῦος
3346 5087 3600 5141 κτᾶσθαι
3632 5086 3695 5139 ἐν

2116 5176 2414 5245 ἁγιασμῷ,
2468 5176 2554 5245 μὴ
2618 5178 2687 5229 ἐν
2731 5176 2905 5231 πάθει
2954 5178 3294 5247 ἐπιθυμίας.
3356 5179 3589 5232 Πλείονά
3633 5195 3694 5248 με

2117 5268 2296 5335 λέγειν
2327 5269 2681 5346 ὡρμημένον,
2712 5269 2772 5320 τὸ
2805 5269 3004 5339 μέτρον
3037 5271 3223 5339 ἐπέχει
3258 5268 3358 5338 τῆς
3387 5271 3695 5338 ἐπιστολῆς.

2116 5359 2359 5429 Εὒχομαι
2393 5361 2485 5426 δὲ,
2545 5359 2708 5430 ἢτὴν
2758 5361 3082 5429 παραίνεσιν
3142 5360 3298 5429 ἡμῶν
3345 5361 3705 5432 ἰσχυροτέραν

2115 5451 2208 5502 τοῦ
2260 5450 2467 5513 πάθους
2540 5450 2970 5522 ἀποδειχθῆναιο
3014 5450 3048 5520 ἥ
3110 5453 3183 5521 μὴ
3237 5450 3582 5522 ἐπιδημῆσαι
3629 5451 3691 5519 τῇ

2114 5543 2361 5615 ἡμετέρα
2389 5543 2448 5595 τὸ
2473 5543 2603 5611 ἄγος
2620 5543 2797 5615 τοῦτο,
2820 5544 2932 5597 ἀλλ’
2955 5545 3011 5596 ἐν
3032 5537 3110 5605 οἷς
3134 5541 3199 5595 ἂν
3223 5542 3499 5613 ἐτολμήθη
3520 5542 3695 5601 τόποις

2114 5636 2487 5703 ἐναπομείναι.

2132 5735 2173 5765 ’⁸
2202 5734 2224 5788 l
2258 5733 2385 5788 Cor.
2432 5748 2528 5798 vn,
2570 5732 2660 5790 29.
2741 5733 2782 5766 ”
2811 5732 2947 5789 Gen.
2981 5746 3019 5797 ι,
3064 5729 3157 5798 28ς
3194 5743 3267 5794 rx,
3303 5726 3355 5781 1.
3414 5727 3484 5817 1³⁸
3519 5726 3688 5780 lCor.
