3886 6240
321 335 421 403 461

1132 327 1531 390 SYNTAGMA
1568 319 1954 384 CANONUM-
1998 306 2075 352 --‘
2103 316 2249 375 TIT.
2291 314 2339 385 Ι,
2382 314 2538 373 CAP.
2580 312 2693 370 III.

3468 303 3573 366 462

326 453 439 507 Τοῦ
465 448 653 504 αὑτοῦ
682 447 759 501 ἐκ
792 445 911 501 τοῦν
943 444 1025 509 κζ’
1080 442 1408 511 κεφαλαίου
1442 438 1560 511 τῶν
1610 435 1745 511 περὶ
1924 479 1930 490 .

2024 428 2255 498 Ejusdem
2282 442 2346 511 ex.
2370 425 2538 511 capite
2564 422 2645 511 27Δ
2669 436 2850 511 eorum
2888 434 3002 511 qua:
3046 418 3109 470 de
3152 414 3356 511 Spiritu
3397 427 3577 470 sancto

393 504 563 589 ἁγίου
611 518 958 601 Πνεύματος
977 504 1125 582 πρὸς
1148 504 1262 566 τὸν
1288 509 1584 580 μακάριον
1619 504 1894 574 Ἀμφιλό-

392 608 531 660 χιον
566 605 634 659 τε
642 603 1012 657 γῬαμμενων.

391 682 513 735 Τῶν
537 684 594 733 ὲν
621 684 689 751 τῇ
745 675 1039 747 Ἐκκλησία
1086 673 1520 743 πεφυλαγμένων
1577 666 1891 735 δογμάτων,

325 775 395 827 τά
428 774 526 842 μὲν
560 773 622 825 ὲκ
673 771 770 840 τῆς
824 767 1101 838 ἐγγράφου
1163 762 1512 824 διδασκαλίας
1568 759 1801 829 ἔχομεν·
1830 753 1899 807 τὰ

321 856 379 917 δὲ
408 864 470 915 ἐκ
500 860 607 914 τῶν
630 857 945 912 ἀποστόλων
976 854 1326 926 παραδόσεως
1363 850 1674 905 διαδοθέντα
1702 849 1758 900 ὲν
1793 862 1896 914 μυ-

323 952 531 1024 στηρίῳ
582 947 1030 1021 παρεδεξάμεθα·
1063 946 1206 1015 ἅπερ
1242 945 1529 1014 ἀμφότερα
1569 942 1669 1011 τὴν
1726 941 1898 1011 αὐτὴν

328 1045 483 1114 ἰσχὺν
521 1044 632 1113 ἔχει
667 1042 802 1113 πρὸς
851 1040 949 1111 τὴν
990 1037 1293 1091 εὐσέϐειαν.
1328 1036 1437 1090 Καὶ
1479 1035 1690 1096 τούτοις
1723 1033 1897 1097 οὐδεὶς

322 1137 561 1206 ἀντερεῖ,
585 1135 642 1197 ὅς
670 1134 751 1197 τίς
804 1150 889 1201 γε,
927 1131 1031 1185 κᾶν
1094 1130 1236 1183 κατά
1287 1129 1479 1199 μικρὸν
1512 1127 1641 1195 γοῦν
1682 1124 1899 1195 θεσμῶν

322 1226 798 1296 ὲκκλησιαστικῶν
838 1223 1189 1294 πεπείραται.
1222 1222 1285 1275 Εἰ
1315 1221 1421 1291 γὰρ
1446 1220 1900 1291 ἐπιχειρήσαιμεν

321 1318 394 1371 τά
443 1315 668 1387 ἄγραφα
702 1315 811 1369 τῶν
844 1315 1007 1379 ἐθῶν,
1041 1314 1117 1377 ώς
1173 1314 1246 1382 μὴ
1285 1312 1528 1382 μεγάλην
1576 1311 1769 1381 ἔχοντα
1801 1309 1899 1380 τὴν

320 1409 556 1478 δύναμιν
611 1404 1043 1477 παραιτεῖσθαι,
1098 1404 1358 1473 λάθοιμεν
1393 1403 1458 1455 ἂν
1504 1403 1582 1464 είς
1638 1402 1776 1453 αὑτά
1830 1399 1899 1451 τά

324 1501 521 1571 καίρια
592 1497 912 1569 ζημιοῦντες
952 1497 1013 1549 τὸ
1068 1495 1398 1563 Εὐαγγέλιον
1429 1536 1444 1561 ,
1497 1494 1695 1564 μᾶλλον
1723 1491 1780 1545 δὲ
1822 1494 1902 1554 είς

324 1592 501 1663 ὄνομα
556 1592 713 1659 ψιλὸν
754 1589 1143 1660 περιϊστῶντες
1182 1589 1244 1640 τὸ
1298 1589 1558 1658 κήρυγμα
1589 1602 1603 1614 ο
1633 1582 1767 1651 οἷον,
1806 1585 1895 1637 ἵνα

323 1683 424 1737 τοῦ
481 1682 698 1753 πρώτου
759 1682 854 1735 καὶ
911 1680 1223 1733 κοινοτάτου
1274 1679 1493 1751 πρῶτον
1542 1674 1787 1747 μνησθῶ,
1821 1674 1899 1745 τῷ

322 1774 486 1843 τύπῳ
509 1773 603 1826 τοῦ
630 1772 864 1842 σταυροῦ
881 1771 1007 1834 τοὺς
1027 1772 1104 1833 είς
1132 1771 1194 1823 τὸ
1219 1771 1388 1839 ὄνομα
1408 1768 1500 1821 τοῦ
1524 1767 1726 1837 Κυρίου
1748 1765 1903 1837 ἡμῶν
1935 1773 1976 1829 Β

337 1866 519 1936 Ἰησοῦ
566 1864 805 1936 Χριστοῦ
860 1863 1160 1933 ἠλπικότας
1188 1860 1716 1931 κατασημαίνεσθαι,
1746 1856 1831 1921 τίς
1878 1858 1906 1909 ὁ

324 1956 422 2009 διὰ
435 1957 759 2027 γράμματος
787 1955 1001 2019 διδάξας
1023 1974 1036 2020 ;
1058 1955 1131 2007 Τὸ
1150 1954 1288 2026 πρὸς
1316 1952 1579 2015 ἀνατολὰς
1604 1952 1903 2022 τετράφθαι

326 2047 478 2102 κατὰ
508 2049 606 2118 τὴν
650 2046 958 2117 προσευχὴν
981 2089 996 2112 ,
1029 2048 1180 2099 ποῖον
1212 2047 1361 2116 ἡμᾶς
1392 2043 1598 2108 ἐδίδαξε
1634 2044 1902 2113 γράμμας

326 2138 421 2191 Τὰ
463 2138 559 2206 τῆς
601 2138 939 2206 ἐπικλήσεως
979 2135 1195 2206 ῥήματα
1228 2135 1323 2187 ἐπὶ
1371 2136 1437 2203 τῇ
1498 2131 1766 2198 ἀναδείξει
1812 2132 1907 2185 τοῦ

326 2227 502 2299 ἄρτου
528 2227 628 2297 τῆς
672 2228 1020 2300 εὐχαριστίας
1070 2226 1165 2279 καὶ
1193 2224 1288 2279 τοῦ
1331 2225 1594 2295 ποτηρίου
1622 2224 1719 2293 τῆς
1756 2224 1908 2275 εὐλο-

328 2319 481 2387 γίας,
510 2317 593 2381 τίς
620 2318 727 2369 τῶν
752 2317 920 2385 ἁγίων
954 2316 1244 2386 ἐγγράφως
1292 2317 1424 2386 ἡμῖν
1474 2314 1860 2368 καταλέλοιπεν
1891 2332 1905 2379 ;

328 2409 414 2461 Οὐ
450 2409 558 2480 γάρ
594 2408 658 2478 δὴ
691 2409 899 2472 τούτοις
935 2405 1279 2478 ἀρκούμεθα,
1312 2401 1387 2461 ὧν
1433 2409 1462 2461 ὁ
1518 2406 1841 2468 Ἀπόστολος
1871 2406 1904 2476 ἢ

328 2499 398 2552 τὸ
433 2499 761 2567 Εὗαγγέλιον
792 2498 1127 2570 ἐπεμνήσθη,
1160 2498 1293 2552 ἀλλά
1324 2498 1417 2551 καὶ
1445 2498 1780 2568 προλέγομεν
1816 2499 1909 2550 καὶ

330 2591 660 2661 ὲπιλέγομεν
703 2591 883 2660 ἕτερα,
913 2589 987 2654 ὡς
1007 2590 1248 2661 μεγάλην
1299 2590 1491 2660 ἔχοντα
1538 2591 1674 2660 πρὸς
1716 2591 1776 2643 τὸ
1808 2609 1908 2660 μυ-

336 2684 564 2753 στήριον
623 2684 721 2753 τὴν
762 2684 934 2750 ἰσχὺν,
984 2682 1050 2734 ὲκ
1093 2682 1192 2750 τῆς
1250 2681 1498 2757 ἀγράφου
1556 2681 1904 2743 διδασκαλίας

335 2775 770 2846 παραλαϐόντες.
800 2773 1141 2843 Εὑλογοῦμεν
1172 2772 1228 2825 δὲ
1258 2772 1319 2825 τὸ
1368 2771 1512 2843 ὕδωρ
1556 2772 1648 2823 τοῦ
1686 2770 1911 2840 βαπτίσ-

339 2886 537 2939 ματος,
561 2869 654 2920 καὶ
688 2867 749 2920 τὸ
792 2866 970 2919 ἔλαιον
1006 2867 1105 2934 τῆς
1132 2866 1385 2937 χρίσεως,
1419 2865 1511 2917 καὶ
1556 2862 1782 2932 προσέτι
1814 2863 1910 2915 αὑ-

336 2961 436 3013 τὸν
474 2959 563 3011 τὸν
596 2958 989 3027 βαπτιζόμενον
1019 2974 1034 2989 ⁶
1085 2958 1194 3010 ἀπὸ
1240 2956 1409 3010 ποίων
1453 2957 1781 3025 ὲγγράφων;
1813 2955 1913 3008 οὐκ

339 3051 456 3106 ἀπὸ
477 3050 574 3120 τῆς
608 3052 972 3119 σιωπωμένης
1004 3050 1099 3101 καὶ
1150 3049 1417 3117 μυστικῆς
1450 3047 1799 3117 παραδόσεως
1823 3063 1838 3112 ;
1860 3048 1912 3099 τί

338 3142 405 3195 δέ
427 3159 441 3205 ;
466 3119 634 3211 αὐτὴν
660 3141 753 3193 τοῦ
787 3139 967 3192 ἐλαίου
999 3139 1097 3208 τὴν
1150 3139 1329 3208 χρίσιν
1362 3138 1448 3201 τίς
1484 3137 1639 3206 λόγος
1670 3155 1918 3208 γεγραμ-
1944 3119 1986 3175 C

346 3230 513 3301 μένος
538 3230 740 3294 ἐδίδαξε
762 3246 776 3293 ;
810 3229 869 3280 τὸ
894 3228 950 3281 δὲ
971 3230 1092 3297 τρὶς
1117 3227 1477 3297 βαπτίζεσθαι
1504 3227 1593 3279 τὸν
1631 3226 1918 3296 ἄνθρωπον

343 3321 515 3375 πόθεν
545 3338 559 3386 ;
590 3321 722 3375 ἄλλα
757 3320 814 3373 δὲ
842 3320 941 3372 ὅσα
962 3320 1090 3389 περὶ
1112 3319 1172 3370 τὸ
1192 3317 1492 3387 βάπτισμα,
1515 3316 1921 3372 ἀποτάσσεσθαι

341 3414 427 3484 τῷ
466 3414 682 3485 Σατανᾷ
719 3414 812 3465 καὶ
862 3414 973 3475 τοῖς
1017 3410 1270 3479 ἀγγέλοις
1302 3409 1488 3477 αὑτοῦ,
1514 3412 1577 3463 ὲκ
1613 3409 1773 3472 ποίας
1805 3410 1923 3462 ἐστὶ

342 3509 601 3582 γραφῆςς
637 3508 736 3561 ούκ
773 3509 837 3561 ὲκ
864 3507 962 3577 τῆς
980 3506 1373 3578 ἀδημοσιεύτου
1403 3507 1606 3577 ταύτης
1632 3507 1727 3559 καὶ
1753 3507 1923 3579 ἀπορ-

348 3601 519 3671 ρήτου
577 3596 963 3661 διδασκαλίας,
1019 3597 1086 3666 ἣν
1132 3596 1189 3648 ὲν
1232 3596 1781 3668 ἀπολυπραγμονήτῳ
1827 3598 1924 3651 καὶ

343 3689 776 3759 ἀπεριεργάστῳ
806 3690 931 3759 σιγῇ
960 3690 1009 3741 οἱ
1044 3687 1278 3758 πατέρες
1300 3689 1454 3759 ἡμῶν
1479 3689 1751 3757 ἐφύλαξαν
1777 3708 1792 3756 ;
1824 3708 1921 3743 κα-

343 3780 458 3843 λῶς
489 3781 662 3833 έκεῖνο
710 3778 1102 3847 δεδιδαγμένοι,
1135 3780 1245 3832 τῶν
1292 3780 1605 3850 μυστηρίων
1644 3782 1713 3833 τὰ
1748 3783 1920 3851 σεμνά

348 3872 534 3940 σιωπῇ
578 3868 937 3934 διασώζεσθαι
970 3886 984 3900 ⁸
1021 3870 1058 3924 ἀ
1098 3871 1206 3939 γὰρ
1247 3871 1367 3924 οὐδὲ
1396 3872 1716 3925 ἐποπτεύειν
1744 3873 1918 3940 ἔξεστι

2276 496 2346 549 ad
2374 488 2580 548 beatum
2612 488 3031 559 Amphilochium
3058 488 3296 556 scripsit.

2070 648 2149 702 Ex
2189 644 2490 702 asser’vatis
2538 644 2593 697 in
2627 642 2864 698 Ecclesra
2899 642 3249 712 dogmatibus
3278 649 3338 695 ea
3377 639 3580 711 praedi-

1998 735 2328 795 cationibus.
2366 732 2471 786 al-ia
2501 730 2719 800 quidem
2766 729 3034 783 habemus
3079 743 3110 783 e
3157 729 3413 784 doctrina
3442 729 3581 783 scri—

1998 837 2093 897 pto
2135 824 2384 895 prodita;
2441 822 2547 876 alia
2603 835 2734 875 vero
2788 820 2945 874 nobis
2976 820 3027 873 in
3067 820 3326 891 mysterio
3378 819 3581 897 tradita

2002 896 2311 981 recepimus
2370 924 2437 965 ex
2487 907 2785 963 traditione
2856 907 3269 977 apostolorum:
3346 896 3591 977 quorum

2000 1013 2233 1073 utraque
2272 1002 2380 1056 vim
2419 998 2667 1055 eamdem
2714 998 2917 1053 habent
2946 998 3015 1052 ad
3048 998 3301 1067 pietatem
3332 1016 3347 1059 ;
3385 1012 3484 1052 nec
3514 997 3583 1052 iis

2007 1090 2301 1160 quisquam
2331 1087 2711 1144 contradicet:
2755 1085 2941 1140 nullus
2982 1093 3150 1147 certe,
3182 1086 3275 1153 qui
3312 1086 3392 1139 vel
3436 1086 3585 1139 tenui

2003 1176 2342 1247 experientia
2392 1174 2607 1230 noverit
2666 1187 2788 1242 quae
2838 1172 2949 1227 sint
2999 1170 3255 1226 Ecclesiae
3308 1172 3581 1226 instituta.

2002 1267 2139 1323 Nam
2198 1269 2243 1323 si
2297 1265 2725 1322 consuetudines
2764 1280 2886 1333 quae
2938 1263 3143 1333 script‘o
3196 1263 3425 1332 proditae
3472 1278 3585 1317 non

2002 1367 2153 1420 sunt,
2184 1366 2443 1426 tanquam
2469 1357 2613 1411 haud
2645 1356 2878 1410 multum
2912 1354 3175 1409 habentes
3209 1353 3469 1408 momenti
3496 1369 3587 1423 ag.

2002 1451 2321 1521 grediamur
2368 1450 2616 1519 rejicere,
2679 1448 3055 1516 imprudentes
3106 1445 3458 1513 Evangelium
3526 1446 3582 1498 in

2001 1540 2138 1609 ipsis
2172 1539 2339 1594 rebus
2373 1539 2663 1608 praecipuis
2711 1538 2988 1600 laudemus,
3038 1538 3145 1589 imo
3180 1537 3362 1605 potius
3400 1535 3587 1604 prtedi.

2001 1631 2274 1685 cationem
2321 1630 2649 1684 ad”nudum
2693 1644 2890 1683 nomen
2953 1629 3367 1684 contrahemus.
3418 1622 3583 1682 Verbi

1984 1719 2202 1789 gratia,
2235 1726 2295 1771 ut
2329 1718 2449 1787 ejus
2491 1717 2637 1786 quod
2672 1717 2907 1786 primum
2954 1725 3115 1771 estet
3145 1715 3586 1784 vulgatissimum

2012 1808 2192 1877 primo
2237 1808 2359 1862 loco
2404 1822 2863 1862 commemorem:
2908 1818 2965 1861 ut
2996 1808 3152 1876 signo
3184 1808 3363 1861 crucis
3393 1820 3458 1859 eo
3492 1808 3587 1875 qui

2014 1913 2166 1968 spem
2214 1900 2487 1953 collocant
2535 1899 2589 1952 in
2622 1898 2848 1953 Christo
2883 1898 3185 1969 signemus,
3228 1899 3353 1968 quis
3382 1898 3587 1966 scripto

2014 1986 2233 2040 docuit?
2280 1985 2349 2041 Ut
2382 1987 2449 2041 ad
2490 1989 2753 2042 orientem
2791 1988 2934 2041 versi
2992 2000 3296 2055 precemur,
3333 2000 3456 2055 quae
3486 2000 3584 2039 nos

2013 2076 2197 2131 docuit
2224 2076 2506 2144 Scriptura
2528 2076 2551 2129 ?
2574 2076 2939 2132 luvocationis
2964 2076 3127 2131 verba
3153 2092 3277 2131 cum
3298 2075 3587 2131 coniicitur

2013 2170 2171 2240 panis
2221 2168 2584 2224 Eucharistite
2614 2178 2669 2224 et
2715 2170 2969 2239 poculum
3006 2168 3419 2234 benedictionis,
3459 2166 3585 2236 quis

2014 2268 2327 2313 sanctorum
2354 2258 2406 2311 in
2456 2260 2664 2327 scripto
2705 2260 2859 2314 nobis
2884 2258 3140 2329 reliquit?
3168 2257 3281 2313 Nec
3320 2259 3465 2312 enim
3501 2258 3587 2311 bis

2014 2350 2254 2403 contenti
2307 2364 2520 2415 sumus,
2567 2365 2688 2419 qua:
2731 2360 3123 2405 commemorat
3152 2350 3441 2420 Apostolus
3494 2357 3589 2403 aut

2016 2438 2393 2509 Evangelium,
2425 2454 2611 2493 verum
2639 2441 2742 2494 alia
2782 2455 3001 2511 quoque
3035 2452 3087 2494 et
3114 2449 3243 2493 ante
3282 2448 3335 2493 et
3364 2450 3483 2508 post
3505 2440 3589 2491 di-

2016 2533 2212 2595 cimus,
2242 2542 2498 2602 tanquam
2539 2533 2769 2586 multum
2798 2533 3046 2586 habentia
3080 2532 3339 2585 momenti
3378 2530 3444 2585 ad
3469 2546 3589 2599 my-

2021 2624 2267 2686 sterium,
2316 2637 2437 2693 quae
2464 2637 2530 2677 ex
2571 2623 2863 2676 traditione
2893 2638 2998 2675 non
3030 2623 3227 2691 scripta
3259 2622 3587 2691 accepimus.

2020 2709 2397 2789 Benedicimus
2423 2719 2601 2764 autem
2634 2718 2688 2764 et
2715 2725 2909 2779 aquam
2942 2708 3298 2777 baptismatis,
3331 2717 3383 2761 et
3410 2708 3591 2761 oleum

2021 2797 2315 2861 unctionis,
2365 2796 2475 2851 imo
2522 2797 2699 2865 ipsum
2746 2800 2910 2850 etiam
2941 2796 3033 2865 qui
3084 2795 3413 2862 baptismum
3445 2794 3594 2849 acci—

2021 2883 2118 2952 pit.
2151 2883 2230 2936 Ex
2259 2884 2460 2952 quibus
2517 2883 2769 2954 scriptis?
2803 2883 2989 2938 Nonne
3015 2898 3045 2937 a
3082 2883 3245 2937 tacita
3277 2892 3595 2951 secretaque

2028 2975 2133 3044 18
2175 2974 2508 3029 traditione?
2556 2974 2731 3045 Ipsam
2776 2990 2905 3029 vero
2933 2975 3041 3029 olei
3091 2976 3424 3037 unctionem,
3471 2974 3597 3042 quis

2023 3080 2205 3120 sermo
2253 3067 2455 3137 scripto
2505 3068 2756 3137 proditus
2788 3068 3012 3121 docuit?
3049 3067 3167 3122 1am
3215 3076 3296 3121 ter
3348 3067 3598 3133 immergi

2027 3158 2325 3223 hominem,
2356 3159 2500 3213 unde
2523 3160 2824 3215 haustum?
2855 3159 3082 3230 Reliqua
3110 3167 3291 3213 autem
3312 3172 3433 3226 quae
3462 3157 3600 3211 ﬁunt

2027 3249 2081 3301 in
2114 3247 2409 3319 baptismo,
2446 3252 2610 3305 veluti
2678 3251 2994 3305 renuntiare
3041 3250 3255 3304 Satana:
3295 3260 3349 3304 et
3394 3250 3601 3317 angelis

2027 3337 2169 3406 ejus,
2198 3353 2262 3392 ex
2286 3354 2396 3408 qua
2426 3342 2695 3409 scriptura
2732 3341 3035 3394 habemus?
3062 3340 3257 3394 Nonne
3276 3355 3340 3393 ex
3374 3339 3603 3392 minime

2028 3428 2304 3496 publicata
2331 3440 2387 3483 et
2424 3445 2622 3485 arcana
2658 3432 2757 3485 bac
2790 3430 3064 3495 doctrina,
3086 3445 3250 3500 quam
3286 3440 3469 3498 patres
3501 3444 3601 3482 no—

2028 3519 2124 3572 stri
2155 3519 2374 3573 silentio
2400 3521 2585 3590 quieto
2618 3522 2951 3590 minimeque
2996 3521 3217 3577 curioso
3271 3521 3604 3575 servarunt?

2037 3608 2251 3679 Quippe
2294 3612 2425 3666 illud
2455 3613 2624 3681 probe
2664 3613 2988 3677 didicerant,
3022 3613 3409 3685 mysteriorum
3448 3627 3605 3666 reve—

2031 3702 2259 3755 rentiam
2316 3704 2533 3759 silentio
2574 3704 2913 3759 conservari.
2939 3702 3073 3757 Nam
3103 3718 3225 3773 quae
3278 3718 3379 3757 nec
3407 3703 3607 3756 intueri

2030 3791 2113 3847 fas
2136 3804 2220 3848 est
2253 3810 2360 3849 non
2390 3796 2643 3861 initiatis,
2672 3796 2765 3865 qui
2789 3796 3148 3851 conveniebat
3172 3796 3365 3850 horum
3406 3794 3607 3848 doctri-

2028 3899 2151 3963 nam
2184 3886 2407 3956 scriptis
2439 3888 2643 3958 vulgari
2666 3888 2689 3940 ?

344 3968 471 4029 τοῖς
504 3965 793 4036 ἀμυήτοις,
829 3964 1031 4017 τούτων
1059 3966 1175 4029 πῶς
1198 3966 1264 4019 ἂν
1291 3961 1359 4036 ἦν
1390 3967 1536 4030 εἰκὸς
1551 3968 1647 4037 τὴν
1671 3968 2018 4027 διδασκαλίαν
2047 3978 2401 4047 θριαμϐεύειν
2425 3985 2480 4037 ὲν
2510 3984 2834 4052 γράμμασιν
2857 4000 2871 4047 ;

885 4057 993 4111 Καὶ
1038 4057 1165 4125 μεθ’
1205 4056 1395 4125 ἕτερα.

427 4143 600 4214 οὗτος
645 4152 674 4203 ὁ
702 4136 859 4218 λόγος
882 4150 982 4220 τῆς
1028 4149 1135 4201 τῶν
1159 4148 1424 4219 ἀγράφων
1457 4152 1831 4223 παραδόσεως,
1850 4156 1926 4221 ὼς

356 4244 438 4316 μὴ
493 4243 966 4313 καταμεληθεῖσαν
1006 4242 1115 4295 τῶν
1148 4242 1436 4313 δογμάτων
1468 4245 1568 4314 τὴν
1608 4246 1811 4314 γνῶσιν
1840 4249 1929 4301 εὑ-

2606 4072 2674 4125 Ει
2729 4082 2845 4141 post
2909 4073 3040 4126 alia.

2105 4161 2231 4217 Hec
2261 4171 2347 4216 est
2388 4162 2543 4225 ratio,
2577 4177 2678 4217 cur
2719 4162 2969 4232 quasdam
3021 4162 3159 4217 citra
3190 4163 3455 4232 scriptum
3494 4171 3607 4216 tra-

2034 4250 2147 4305 dita
2181 4251 2313 4315 sint,
2356 4267 2426 4305 ne
2469 4250 2782 4322 dogmatum
2828 4252 3017 4306 n0titia
3069 4253 3333 4322 neglecta,
3385 4263 3611 4322 propter

353 4335 771 4404 καταφρόνητον
794 4336 908 4396 τοῖς
937 4332 1149 4396 πολλοῖς
1192 4333 1447 4401 γενέσθαι
1483 4335 1572 4387 διὰ
1624 4336 1930 4407 συνήθειαν.

2039 4341 2446 4396 assuetudinem
2492 4342 2653 4410 vulgo
2688 4342 2897 4397 veniret
2936 4343 2987 4395 in
3024 4353 3414 4412 contemptum.
3447 4344 3611 4398 Aliud

359 4427 529 4480 ’Λλλο
578 4424 688 4495 γὰρ
728 4425 905 4495 δόγμα
943 4424 1038 4478 καὶ
1080 4425 1209 4479 ἄλλο
1256 4427 1552 4497 κήρυγμαο
1583 4427 1653 4480 τὰ
1694 4430 1790 4498 μὲν
1821 4431 1929 4501 γὰρ

358 4518 608 4588 δόγματα
659 4517 952 4581 σιωπᾶται,
988 4515 1057 4568 τά
1090 4515 1144 4569 δὲ
1166 4516 1501 4586 κηρύγματα
1529 4518 1931 4589 δημοσιεύεται.

360 4610 582 4679 Σιωπῆς
620 4609 677 4662 δὲ
708 4603 849 4670 εἶδος
888 4608 982 4660 καὶ
1014 4610 1049 4678 ἡ
1076 4609 1338 4676 ἀσάφεια,
1435 4610 1688 4681 χρῆταιή
1723 4612 1933 4682 Γραφὴ,

358 4700 742 4771 δυσθεώρητον
790 4700 1281 4764 κατασκευάζουσα
1347 4700 1456 4753 τῶν
1511 4700 1800 4770 δογμάτων
1844 4707 1935 4755 τὸν

359 4790 509 4857 νοῦν,
539 4791 677 4862 πρὸς
709 4791 769 4844 τὸ
819 4791 926 4843 τῶν
951 4791 1420 4862 ξέντυγχανόντων
1470 4792 1769 4856 λυσιτελές.
1802 4794 1936 4847 Τού-

360 4901 460 4938 του
504 4886 667 4955 χάριν
726 4883 929 4947 πάντες
962 4884 1059 4951 μὲν
1106 4882 1322 4953 δρῶμεν
1354 4882 1476 4936 κατ’
1522 4883 1786 4947 ἀνατολὰς
1844 4885 1938 4937 ἐπὶ

360 4978 474 5030 τῶν
519 4976 839 5047 προσευχῶν
875 4993 889 5006 ·
928 4976 1100 5044 ὀλίγοι
1137 4976 1195 5029 δὲ
1229 4975 1405 5045 ἴσμεν,
1436 4976 1517 5029 ὅτι
1557 4977 1654 5047 τὴν
1705 4978 1938 5049 ἀρχαίαν

362 5067 735 5137 ἐπιζητοῦμεν
775 5067 1009 5138 πατρίδα
1041 5066 1132 5121 τὸν
1166 5067 1518 5137 παράδεισον,
1550 5069 1608 5120 ὃν
1638 5070 1938 5138 ἐφύτευσεν

360 5163 390 5214 ὁ
417 5160 549 5222 Θεὸς
581 5162 641 5212 ἐν
687 5158 849 5228 Ἐδὲμ
871 5159 1012 5213 κατὰ
1035 5158 1323 5221 ἀνατολάς.
1350 5160 1459 5211 Καὶ
1489 5160 1641 5229 ὀρθοὶ
1677 5161 1777 5230 μὲν
1802 5160 1939 5231 πλη-

368 5249 571 5321 ροῦμεν
603 5251 704 5314 τὰς
748 5250 912 5320 εὐχὰς
939 5253 997 5303 ἐν
1035 5254 1103 5320 τῇ
1136 5251 1234 5321 μιᾷ
1265 5251 1360 5303 τοῦ
1416 5252 1715 5316 σαϐϐάτου,
1741 5254 1833 5305 τὸν
1883 5253 1939 5305 δὲ

364 5342 524 5410 λόγον
564 5343 625 5394 οὐ
660 5343 859 5404 πάντες
909 5343 1151 5412 οἴδαμεν.
1195 5342 1270 5395 Οὐ
1318 5342 1426 5412 γὰρ
1476 5344 1636 5413 μόνον
1678 5344 1755 5404 ώς
1815 5361 1940 5397 συν-

366 5435 701 5499 αναστάντες
730 5434 1080 5506 Χριστῷ,καὶ
1097 5435 1164 5489 τά
1182 5437 1295 5491 ἄνω
1322 5436 1508 5506 ζητεῖν
1537 5437 1861 5503 ὀφείλοντες,
1886 5440 1942 5490 ἐν

364 5527 436 5596 τῇ
490 5526 847 5597 ἁναστασίμῳ
877 5527 1059 5598 ἡμέρᾳ
1089 5527 1190 5595 τῆς
1227 5528 1519 5598 δεδομένης
1547 5529 1677 5597 ἡμῖν
1700 5531 1941 5599 χάριτος,

369 5617 458 5670 διὰ
472 5616 569 5686 τῆς
585 5616 727 5669 κατὰ
741 5618 837 5686 τὴν
851 5618 1159 5690 προσευχὴν
1197 5619 1460 5685 στάσεως,
1484 5620 1706 5685 ἑαυτοὺς
1743 5620 1943 5692 ύπομι·

444 5734 488 5766 ’⁸
522 5734 660 5790 Gen.
695 5749 757 5798 tt,
792 5750 846 5790 ι.
1146 5716 1151 5723 ’
1887 5708 1919 5737 ”

2038 4433 2223 4502 utique
2265 4441 2349 4487 est
2378 4433 2595 4502 dogma,
2636 4433 2783 4487 aliud
2822 4434 3153 4500 praedicatio.
3185 4433 3321 4488 Nam
3355 4436 3611 4505 dogmata

2036 4524 2289 4589 silentur,
2321 4524 2742 4593 praedicationes
2779 4540 2910 4579 vero
2957 4526 3329 4595 publicantur.
3368 4526 3465 4582 Est
3516 4543 3613 4580 au-

2036 4622 2144 4669 tem
2197 4615 2401 4670 silentii
2452 4616 2667 4684 species
2712 4616 2877 4669 etiam
2923 4616 3236 4672 obscuritas
3281 4633 3388 4688 qua
3442 4619 3614 4673 utitur

2038 4704 2344 4774 Scriptura,
2420 4705 2693 4759 intellectu
2757 4706 3032 4761 dillicilem
3090 4707 3327 4763 reddens
3390 4709 3615 4779 dogma-

2038 4806 2153 4850 tum
2202 4797 2554 4859 sententiam,
2613 4797 2775 4867 idque
2826 4798 2893 4851 ad
2952 4799 3246 4869 legentium
3300 4801 3610 4854 utilitatem.

2039 4886 2192 4941 lianc
2239 4887 2311 4941 ob
2364 4901 2590 4942 causam
2631 4901 2820 4941 onmes
2861 4898 3174 4957 spectamus
3209 4889 3274 4945 ad
3306 4892 3568 4945 orientem
3598 4928 3613 4949 .

2039 4994 2161 5034 cum
2212 4994 2521 5049 precamur,
2587 4980 2744 5048 pauci
2803 4989 2982 5034 tamen
3035 4983 3305 5045 novimus,
3362 4983 3506 5050 quod
3562 4983 3616 5034 id

2040 5070 2306 5126 facientes
2346 5072 2629 5141 antiquam
2689 5074 3024 5142 requirimus
3066 5074 3317 5143 patriam,
3367 5074 3619 5128 videlicet

2041 5162 2377 5231 paradisum,
2404 5179 2564 5230 quem
2592 5164 2856 5233 plantavit
2884 5164 3029 5220 Deus
3056 5167 3109 5220 in
3138 5166 3284 5221 Edon
3326 5166 3390 5218 ad
3439 5166 3620 5219 orien—

2044 5264 2148 5309 tem
2199 5256 2264 5307 ".
2305 5256 2482 5309 Erecti
2533 5256 2716 5310 itidem
2760 5257 3074 5327 perﬁeimus
3124 5258 3532 5326 deprecationes
3565 5259 3617 5311 in

2047 5362 2152 5401 una
2187 5345 2434 5411 Sabbati,
2487 5347 2581 5401 sed
2633 5348 2898 5403 rationem
2954 5365 3060 5403 non
3094 5364 3288 5404 omnes
3344 5350 3618 5404 novimus.

2044 5437 2163 5491 Non
2220 5437 2364 5491 enim
2421 5437 2597 5491 solum
2648 5439 2793 5508 quod
2828 5440 2991 5494 veluti
3032 5440 3193 5494 simul
3249 5456 3373 5494 cum
3404 5440 3625 5495 Christo

2047 5529 2381 5592 resuscitati,
2416 5545 2538 5599 quae
2584 5546 2802 5585 sursum
2847 5540 2976 5585 sunt
3026 5548 3272 5601 quaerere
3302 5534 3620 5599 debeamus,

2050 5620 2104 5675 in
2165 5620 2254 5675 die
2312 5620 2731 5676 resurrectionis
2786 5623 2924 5677 data:
2975 5623 3129 5679 nobis
3188 5629 3377 5696 gratiae
3431 5630 3626 5683 stando
