3886 6240
375 259 481 324 46⁵1

1532 251 1793 319 PHOTII
1829 246 2332 315 PATRIARCHE
2365 247 2471 310 (ΣΡ.

3523 239 3620 303 468

381 376 566 441 cie-re,
624 380 686 428 ut
728 379 780 427 et
819 370 865 425 is
892 369 985 439 qui
1033 367 1164 439 agit,
1219 365 1464 435 periculo
1513 373 1718 432 careat,
1763 374 1818 421 et
1859 363 1954 434 qui

2070 359 2236 430 ταυτῷ
2253 357 2512 428 γενέσθαι
2539 371 2552 385 ο
2587 353 2681 408 καὶ
2701 347 2874 415 οὕτως
2901 348 3156 405 ἐκθέσθαι
3180 348 3271 400 τὸν
3295 345 3515 408 κανόνα,
3537 348 3620 401 ἵνα

380 465 693 536 respondet,
719 463 774 517 in
799 471 949 518 tanto
981 460 1249 532 ejusmodi
1267 457 1662 528 quaestionibus
1684 472 1950 527 responso

381 557 756 614 auctoritatem
792 555 1004 610 habeat.

453 735 603 790 CAP.
628 733 766 787 V.—
783 732 856 784 De
883 729 1224 800 patriarclu's,
1255 737 1303 781 et
1334 723 1770 795 metropolitanis,
1805 731 1854 776 et
1887 722 1951 776 de

389 829 453 881 iis
488 825 578 894 qui
614 823 864 876 dicuntur
890 819 1138 889 primates
1170 817 1223 870 in
1251 816 1456 884 Africa.

822 911 1191 981 Apostolorum
1216 922 1386 961 canon
1415 906 1504 960 34.

450 1005 660 1080 5&[33].
713 1004 1008 1075 Episcopos
1065 998 1499 1068 uniuscujusque
1562 991 1734 1063 gentis
1789 1004 1954 1045 nosse

380 1108 596 1172 oportet
619 1113 742 1153 eum
772 1097 865 1166 qui
903 1095 956 1148 in
984 1095 1064 1148 eis
1094 1101 1178 1147 est
1205 1090 1436 1159 primus,
1469 1095 1522 1140 et
1553 1083 1866 1144 existimare
1894 1089 1956 1136 ut

381 1200 581 1261 caput:
615 1202 668 1248 et
701 1187 838 1244 nihil
871 1187 1071 1250 facere,
1110 1182 1259 1253 quod
1289 1181 1361 1235 sit
1387 1180 1616 1233 arduum
1647 1189 1743 1232 aut
1768 1175 1953 1243 magni

391 1280 677 1346 momenti,
713 1289 908 1349 praeter
949 1275 1096 1330 illius
1136 1272 1497 1327 sententiam:
1529 1270 1618 1323 illa
1653 1276 1836 1322 autem
1869 1265 1953 1320 fa-

379 1388 506 1428 cere
536 1382 1004 1439 unumquemque,
1033 1380 1154 1435 quae
1189 1363 1254 1417 ad
1290 1376 1445 1416 suam
1477 1359 1791 1430 parochiam
1827 1372 1953 1426 per-

379 1465 579 1528 tinent,
609 1472 664 1518 et
705 1475 873 1531 pagos
903 1457 995 1527 qui
1041 1457 1090 1510 ei
1131 1455 1388 1510 subsunt.
1422 1452 1528 1506 Sed
1562 1466 1663 1506 nec
1703 1450 1795 1504 ille
1824 1448 1952 1502 abs-

381 1569 489 1624 que
513 1552 754 1607 omnium
783 1547 1053 1604 sententia
1103 1543 1308 1612 aliquid
1355 1547 1500 1611 agat.
1535 1540 1626 1594 Sic
1661 1540 1806 1593 enim
1851 1536 1957 1590 erit

381 1643 696 1707 concordia,
755 1649 809 1695 et
863 1636 1256 1708 gloriﬁcabitur
1310 1632 1454 1694 Deus
1508 1647 1602 1701 per
1656 1629 1951 1684 Dominum

379 1732 563 1792 Jesum
601 1730 898 1789 Christum.

663 1841 890 1897 Coucilii
925 1838 1131 1894 Νίσαξηὶ
1160 1852 1384 1891 canones
1432 1836 1486 1900 ό,
1519 1834 1573 1898 6,
1616 1834 1667 1885 7.

451 1938 508 1992 4.
533 1935 860 2007 Episcopum
891 1933 938 1965 ³³
965 1939 1178 2001 oportet
1206 1929 1444 1984 maxime
1483 1925 1700 1996 quidem
1739 1925 1808 1978 ab
1838 1936 1956 1977 om-

382 2032 545 2087 nibus
599 2027 692 2098 qui
741 2034 871 2082 sunt
907 2024 960 2078 in
995 2021 1298 2093 provincia,
1353 2017 1630 2073 constitui.
1664 2017 1720 2071 Si
1770 2026 1954 2069 autem

381 2126 454 2180 sit
485 2126 590 2178 hoc
609 2118 847 2180 diﬁicile,
882 2116 965 2171 vel
997 2125 1216 2184 propter
1246 2118 1524 2180 urgentem
1553 2107 1954 2172 necessitatem,

379 2215 465 2270 vel
481 2213 582 2267 via:
607 2208 1022 2280 longitudinem,
1047 2213 1154 2259 tres
1177 2202 1399 2257 omnino
1415 2199 1662 2255 eumdem
1694 2199 1745 2253 in
1776 2199 1956 2254 locum

380 2311 759 2374 congregatos,
812 2296 1129 2353 absentibus
1163 2308 1382 2364 quoque
1409 2289 1727 2358 suﬁragium
1777 2287 1959 2377 {erep-

381 2397 549 2462 tibus,
583 2393 911 2462 scriptisque
942 2387 1391 2450 assentientibus,
1424 2392 1554 2439 tunc
1583 2380 1688 2452 $3
1723 2380 1959 2436 electio.-

381 2505 506 2545 nem
541 2487 678 2549 ﬁeri,
709 2498 898 2539 eorum
939 2489 1121 2537 autem
1155 2493 1276 2548 quae
1298 2477 1454 2541 ﬁunt,
1490 2473 1957 2530 conﬁrmationem

389 2584 444 2637 in
476 2593 804 2650 unaquaque
829 2573 1108 2646 provincia
1147 2586 1176 2626 a
1209 2567 1632 2638 metropolitano
1661 2566 1796 2622 ﬁeri.

453 2673 509 2728 6.
543 2669 764 2740 Antiqui
783 2683 962 2723 mores
979 2670 1266 2721 serventur
1294 2658 1470 2730 “,qui
1491 2657 1685 2714 suntin
1704 2656 1958 2727 Egypto,

385 2777 441 2822 et
461 2765 652 2834 Libya.
683 2774 735 2816 et
782 2758 1083 2827 Pentapoli,
1118 2767 1178 2810 ut
1222 2753 1624 2808 Alexandrinus
1672 2752 1960 2820 episcopus

389 2859 587 2912 horum
621 2853 866 2908 omnium
901 2850 1097 2904 habeat
1145 2856 1486 2918 potestatem,
1521 2843 1958 2915 quandoquidem

385 2960 441 3006 et
466 2949 720 3018 episcopo
755 2945 1002 2998 Romano
1038 2943 1140 2995 hoe
1187 2947 1268 2994 est
1321 2947 1665 2992 consuetum.
1700 2933 1960 2988 Similiter

384 3049 438 3094 et
471 3040 524 3093 iu
562 3035 873 3099 Antiochia,
904 3043 958 3087 et
983 3033 1037 3085 in
1067 3031 1189 3085 aliis
1225 3029 1520 3099 provinciis
1547 3042 1644 3081 sua
1681 3025 1956 3094 privilegia
1987 3059 2029 3114 ο

385 3149 447 3188 ac
474 3147 586 3187 suae
631 3129 924 3200 dignitates
959 3135 1013 3181 et
1039 3124 1394 3180 auctoritates
1431 3121 1690 3176 Ecelesiis
1724 3134 1947 3172 serven-

385 3231 492 3277 tur.
534 3219 667 3275 lllud
697 3227 880 3274 autem
927 3225 1011 3272 est
1050 3213 1275 3270 omnino
1305 3209 1680 3277 manifestum,
1721 3209 1864 3280 quod
1914 3210 1962 3264 si

383 3315 510 3386 quis
538 3314 744 3382 absque
777 3308 1182 3380 metropolitani
1215 3305 1481 3361 sententia
1514 3305 1688 3358 factus
1741 3303 1812 3357 sit
1842 3303 1958 3371 epi-

385 3422 606 3478 secpus,
657 3420 782 3460 eum
843 3417 1037 3472 magna
1084 3398 1329 3470 synodus
1375 3396 1620 3450 deﬁnivit
1673 3411 1784 3449 non
1840 3409 1962 3449 esse

385 3501 720 3570 episcopum.
760 3496 915 3563 Quod
951 3495 995 3527 ⁸³
1027 3493 1074 3549 si
1113 3492 1332 3562 quidem
1389 3490 1668 3544 communi
1713 3488 1959 3542 omnium

386 3591 664 3653 clectioui,
695 3603 819 3659 qua:
845 3596 898 3642 et
929 3584 1126 3640 rationi
1165 3591 1558 3644 consentanea,
1586 3590 1639 3635 et
1666 3596 1733 3635 ex
1773 3579 1960 3648 regula

387 3680 758 3737 ecclesiastica
789 3678 932 3733 facta
981 3685 1085 3742 est,
1121 3673 1232 3728 duo
1265 3672 1348 3726 vel
1394 3683 1503 3725 tres
1532 3678 1751 3739 propter
1781 3684 1960 3736 suam,

389 3790 497 3844 qua
542 3773 904 3832 delectantur,
951 3765 1354 3823 contentionem
1394 3762 1792 3829 contradicant,
1846 3761 1963 3815 vin-

389 3878 515 3923 cant
539 3864 777 3933 plurium
817 3861 1098 3930 sulfragia.

454 3962 508 4014 7.
539 3959 808 4026 Quoniam
839 3955 1078 4011 obtinuit
1119 3953 1459 4016 consuetudo
1499 3961 1552 4007 et
1596 3953 1822 4022 antiqua
1851 3960 1963 4006 tra-

390 4053 548 4116 ditio,
585 4061 647 4105 ut
689 4050 783 4120 qui
822 4058 904 4104 est
951 4048 1004 4102 in
1042 4045 1188 4102 Elia
1235 4045 1551 4116 cpiscopus,
1605 4045 1904 4099 honoretur
1948 4059 1960 4094 :

391 4142 589 4204 habeat
629 4139 855 4195 honoris
883 4137 1363 4208 consequentiam,
1411 4135 1695 4205 metropoli
1747 4135 1964 4204 propria

389 4233 650 4305 dignitate
688 4241 922 4288 servata.

742 4320 966 4377 Concilii
1001 4319 1313 4385 Antiochem‘
1358 4335 1525 4373 canon
1560 4319 1614 4374 9.

2053 451 2148 508 καὶ
2178 450 2258 515 τῷ
2284 449 2576 517 ποιήσαντι
2607 444 2669 498 τδ
2725 435 3054 514 ἀκίνδυνονῇ
3084 455 3098 471 ·
3127 439 3220 492 καὶ
3260 437 3290 490 ό
3326 437 3620 504 ἀποκρινόρ

2055 559 2213 613 μενος
2245 583 2260 608 ,
2302 540 2364 594 τὸ
2423 538 2736 606 ἀξιόπιστον
2799 533 2898 606 ἔχῃ
2949 534 3008 586 εν
3066 532 3132 601 τῇ
3191 528 3323 598 περὶ
3365 527 3621 583 τοιούτων

2051 633 2364 701 ἀποκρίσει.

2123 722 2375 775 ΚΕΦΑΛ.
2399 720 2476 773 E'.
2489 749 2560 759 -—-
2577 717 2712 785 Περὶ
2738 710 3120 784 πατριάρχῶν
3139 712 3239 767 καί
3263 712 3623 781 μητροπολιο

2053 812 2191 878 τῶν,
2209 813 2308 867 καὶ
2347 811 2459 866 τῶν⁸
2495 812 2566 864 ἐν
2597 807 2834 878 Ἀφρικῇ
2858 805 3199 875 λεγομένων
3217 801 3542 874 πριμάτων.

2463 901 2848 956 Ἀποστόλων
2883 899 3084 952 κανὼν
3103 898 3200 952 λό’.

2121 998 2187 1050 δ’.
2219 995 2358 1058 Τοὺς
2391 992 2725 1055 ἐπισκόπους
2764 989 2996 1044 ἑκάστου
3019 988 3213 1049 ἔθνους
3232 1025 3248 1050 ,
3277 987 3482 1041 εἰδέναι
3527 986 3624 1055 χρὴ

2051 1087 2143 1142 τὸν
2167 1089 2226 1140 ὲν
2241 1087 2425 1148 αὐτοῖς
2445 1083 2680 1155 πρῶτον,
2706 1083 2801 1135 καὶ
2815 1079 3066 1152 ἡγεῖσθαι
3079 1079 3243 1132 αὐτὸν
3261 1083 3342 1140 ὠς
3358 1077 3622 1147 κεφαλὴν,

2053 1181 2145 1234 καὶ
2167 1178 2332 1249 μηδέν
2371 1195 2422 1230 τι
2469 1175 2730 1245 πράττειν
2779 1173 3033 1244 περιττὸν
3071 1171 3206 1225 ἄνευ
3258 1169 3362 1240 τῆς
3417 1169 3625 1221 ἐκείνου

2053 1271 2300 1340 γνώμης,
2337 1270 2520 1322 ἐκεῖνα
2548 1267 2606 1320 δὲ
2651 1266 2790 1336 μόνα
2829 1265 3092 1335 πράττειν
3138 1265 3395 1326 ἕκαστον,
3421 1261 3526 1314 ὅσα
3564 1263 3625 1330 τῇ

2053 1361 2218 1417 αὐτοῦ
2241 1359 2502 1431 παροικίᾳ
2527 1355 2806 1414 ἐπιϐάλλει
2835 1357 2931 1410 καὶ
2945 1359 3066 1418 ταῖς
3093 1355 3184 1408 ὑπ’
3204 1353 3377 1424 αὐτὴν
3401 1352 3627 1423 χώραις.

2067 1455 2229 1509 Ἀλλὰ
2261 1453 2398 1524 μηδὲ
2425 1453 2632 1514 ἐκεῖνος
2651 1450 2781 1503 ἄνευ
2803 1450 2901 1519 τῆς
2930 1449 3150 1502 πάντων
3166 1446 3396 1515 γνώμης
3411 1443 3630 1496 ποιείτω

2052 1562 2141 1598 τι·
2169 1541 2325 1608 ,οὕτω
2379 1541 2487 1612 γὰρ
2534 1540 2758 1610 ὁμόνοια
2807 1538 2981 1602 ἔσται,
3017 1537 3114 1592 καὶ
3164 1535 3559 1606 δοξασθήσεται
3604 1533 3630 1585 6

2063 1636 2276 1707 Πατὴρ,
2310 1636 2338 1687 ό
2363 1633 2512 1698 Υἱὸς,
2541 1629 2719 1685 καὶτὸ
2748 1630 2900 1698 ἅγιον
2930 1627 3172 1698 Πνεῦμα.

2345 1804 2613 1862 Συνόδου
2639 1801 2887 1867 Νικαίας
2908 1800 3108 1854 κανὼν
3141 1797 3184 1852 δ’
3219 1797 3274 1863 ς’
3295 1795 3365 1862 ζ’.

2123 1899 2164 1952 δ’
2214 1897 2544 1954 Ἐπνίσκοπον
2585 1894 2852 1965 προσήκει
2886 1892 3118 1965 μάλιστα
3151 1890 3248 1960 μὲν
3280 1889 3388 1942 ὑπὸ
3417 1891 3630 1942 πάντων

2055 1995 2164 2049 τῶν
2213 1998 2272 2049 ὲν
2319 1996 2386 2064 τῇ
2447 1992 2683 2062 ἐπαρχίᾳ
2740 1989 3117 2043 καθίστασθαι.
3148 1986 3210 2039 Εἰ
3259 1985 3317 2038 δὲ
3375 1984 3632 2053 δυσχερὲς

2057 2090 2144 2160 είη
2188 2087 2248 2140 τὸ
2279 2086 2544 2149 τοιοῦτον,
2575 2085 2609 2151 ἦ
2659 2083 2750 2136 διὰ
2799 2081 3235 2147 κατεπείγουσαν
3291 2075 3628 2146 ἀνάγκην,ἢ

2057 2179 2144 2232 διὰ
2195 2178 2370 2248 μῆκος
2407 2176 2527 2238 ὁδοῦ
2561 2175 2860 2240 ὲξάπαντος
2887 2175 3038 2243 τρεῖς
3067 2172 3160 2224 ἐπὶ
3190 2169 3253 2224 τὸ
3283 2168 3419 2221 αὐτὸ
3474 2185 3631 2220 συναο

2057 2273 2344 2343 γομένους,
2377 2270 2688 2340 συμψὴφων
2733 2266 3033 2337 γινομένων
3068 2265 3162 2317 καὶ
3195 2262 3304 2316 τῶν
3349 2261 3618 2322 ἀπόντων,

2058 2367 2152 2422 καὶ
2176 2364 2572 2433 συντιθεμένων
2598 2361 2684 2414 διὰ
2709 2359 3077 2434 γραμμάτων,
3102 2357 3222 2410 τότε
3246 2354 3346 2425 τὴν
3392 2369 3629 2424 χειροτο-

2059 2460 2178 2512 νίαν
2218 2457 2488 2511 ποιεῖσθαι
2518 2472 2532 2486 ·
2562 2454 2624 2508 τὸ
2651 2454 2707 2506 δὲ
2731 2453 2896 2522 κῦρος
2923 2449 3160 2504 δίδοσθαι
3185 2448 3294 2502 τῶν
3321 2445 3623 2516 γινομένων

2059 2552 2179 2606 καθ’
2215 2550 2453 2619 ἑκάστην
2481 2546 2750 2618 ἐπαρχίαν
2766 2544 2843 2615 τῷ
2877 2541 3274 2615 μητροπολίτῃ.

2132 2649 2206 2708 ς’.
2249 2642 2330 2696 Τά
2351 2639 2554 2710 ἀρχαῖα
2587 2637 2682 2707 ἔθη
2724 2636 3016 2706 κρατείτω,
3049 2632 3119 2686 τὰ
3153 2634 3211 2684 ἐν
3253 2629 3522 2698 Αἰγύπτῳ
3546 2625 3632 2679 καὶ

2061 2732 2236 2803 Λιϐύῃ
2274 2732 2368 2784 καὶ
2403 2727 2759 2790 Πενταπόλει,
2789 2725 2932 2780 ὥστε
2984 2724 3076 2779 τὸν
3129 2724 3188 2777 ὲν
3253 2718 3631 2791 Ἀλεξανδρεία

2061 2826 2361 2878 ἐπίσκοπον
2395 2861 2411 2887 ,
2463 2822 2684 2875 πάντων
2743 2819 2949 2874 τούτων
2998 2818 3141 2888 ἔχειν
3195 2817 3293 2886 τὴν
3339 2813 3630 2880 ἐξουσίαν,

2062 2917 2251 2986 ἐπειδὴ
2299 2915 2395 2968 καὶ
2427 2913 2506 2982 τῷ
2550 2914 2607 2965 ὲν
2651 2914 2716 2982 τῇ
2774 2909 2959 2980 Ῥώμῃ
3005 2908 3288 2977 ἐπισκόπῳ
3312 2905 3480 2960 τοῦτο
3517 2905 3633 2956 σύν-

2063 3009 2192 3081 ηθές
2245 3012 2392 3061 ἐστιν
2417 3023 2431 3038 ο
2459 3005 2661 3077 ὁμοίως
2697 3005 2755 3058 δὲ
2811 3004 2908 3057 καὶ
2944 3002 3021 3074 τῷ
3083 3002 3224 3056 κατὰ
3263 3000 3364 3070 τὴν
3429 2997 3628 3052 Ἀντιό-

2062 3118 2214 3173 χειαν
2242 3103 2374 3167 ,καὶ
2420 3103 2479 3156 ἐν
2534 3101 2656 3162 ταῖς
2689 3098 2880 3160 ἄλλαις
2925 3092 3324 3165 ὲπαρχίαις,τὰ
3376 3091 3633 3162 πρεσϐεῖα

2063 3195 2328 3259 σώζεσθαι
2371 3195 2488 3256 ταῖς
2512 3190 2896 3260 Ἐκκλησίαις·
2963 3185 3191 3239 καθόλου
3258 3183 3316 3236 δὲ
3377 3181 3634 3252 πρόδηλον

2062 3289 2255 3350 ἐκεῖνο,
2287 3285 2370 3337 ὅτι
2399 3283 2451 3336 εί
2496 3300 2576 3344 τις
2604 3281 2774 3352 χωρὶς
2806 3277 3029 3349 γνώμης
3084 3275 3176 3331 τοῦ
3229 3274 3627 3345 μητροπολίτου

2063 3378 2278 3446 γένοιτο
2321 3373 2641 3436 ἐπίσκοπος,
2694 3372 2784 3424 τὸν
2821 3369 3062 3423 τοιοῦτον
3101 3368 3135 3438 ἡ
3189 3365 3401 3436 μεγάλη
3427 3363 3634 3425 σύνοδος

2063 3471 2230 3539 ὥρισε
2263 3469 2337 3537 μὴ
2362 3466 2468 3518 δεῖν
2485 3461 2960 3516 εἷναιὲπίσκοπον.
2997 3458 3123 3514 Ἐὰν
3152 3459 3252 3529 μέν
3287 3459 3460 3525 τοιτῇ
3486 3457 3631 3524 κοινῇ

2064 3558 2282 3612 πάντων
2332 3554 2498 3626 ψήφῳ
2527 3553 2733 3622 εὐλόγῳ
2761 3548 2820 3608 οὖ
2831 3566 2896 3624 σῃ
2922 3550 3019 3604 καὶ
3041 3549 3182 3602 κατὰ
3216 3546 3420 3602 κανόνα
3442 3546 3634 3612 ἐκκλη-

2066 3643 2365 3707 σιαστικὸν,
2395 3641 2540 3713 δύοῆ
2574 3643 2723 3714 τρεῖς
2757 3637 2826 3693 δι’
2855 3636 3061 3692 οἰκείαν
3084 3635 3417 3705 φιλονεικίαν
3434 3634 3636 3688 άντιλέ-

2065 3755 2226 3808 γωσι,
2258 3735 2530 3808 κρατείτω
2554 3736 2588 3802 ἡ
2617 3733 2727 3785 τῶν
2776 3730 3037 3783 πλειόνων
3082 3728 3284 3799 ψῆφος.

2137 3959 2202 4023 ζ’.
2245 3955 2461 4024 Ἐπειδὴ
2486 3953 2741 4022 συνήθεια
2764 3953 3076 4023 κεκράτηκε
3106 3950 3202 4004 καὶ
3222 3947 3524 4017 παράδοσις
3544 3949 3638 4018 ἀρ-

2068 4053 2217 4122 χαία,
2246 4049 2386 4104 ὥστε
2411 4047 2503 4100 τὸν
2545 4048 2605 4099 ἐν
2645 4045 2804 4115 Am;
2826 4045 3124 4099 ἐπίσκοπον
3155 4043 3449 4112 τιμᾶσθαι,
3476 4042 3637 4112 ἐχέτω

2067 4145 2164 4215 τὴν
2189 4141 2512 4196 ἀκολουθίαν
2545 4140 2644 4209 τῆς
2668 4139 2855 4208 τιμῆς,
2881 4139 2947 4208 τῇ
2974 4136 3308 4207 μητροπόλει
3331 4134 3636 4204 σωζομένου

2069 4236 2159 4290 τοῦ
2184 4233 2382 4288 οἰκείου
2413 4231 2739 4297 ἀξιώματος.

2351 4323 2621 4379 Συνόδου
2658 4321 3013 4390 Ἀντιοχείας
3054 4319 3259 4373 κανὼν
3287 4318 3356 4372 θ’.

461 4417 516 4470 9.
553 4413 849 4484 Episc0pos
881 4413 975 4483 qui
1017 4421 1146 4473 sunt
1193 4412 1246 4464 in
1290 4427 1617 4482 unaquaque
1660 4410 1957 4482 provincia,

2139 4419 2358 4485 θ’.Τοὺς
2393 4417 2513 4470 καθ’
2548 4415 2784 4485 ἑκάστην
2804 4413 3072 4484 ἐπαρχίαν
3093 4414 3424 4474 ἐπισκόπους
3451 4410 3640 4466 είδίναι

391 4508 533 4564 scire
583 4515 799 4575 oportet
859 4505 1200 4574 episcopum,
1256 4505 1347 4573 qui
1406 4513 1599 4574 praeest
1651 4503 1964 4573 metropoli,

391 4599 556 4656 etiam
605 4613 794 4652 curam
841 4596 1121 4665 suscipere
1175 4594 1340 4650 totius
1378 4596 1695 4666 provincia),
1727 4611 1791 4650 eo
1821 4595 1965 4666 quod

394 4693 448 4746 in
487 4689 829 4761 metropolim
868 4691 1232 4758 undequaquc
1279 4699 1614 4743 concurrunt
1654 4703 1848 4742 omnes
1875 4688 1968 4760 qui

393 4784 597 4838 habent
625 4781 856 4850 negotia.
882 4776 1038 4834 Unde
1059 4780 1234 4835 visum
1262 4789 1348 4834 est
1371 4796 1492 4834 eum
1516 4795 1732 4851 quoque
1761 4785 1970 4836 honore

392 4875 730 4945 praecedere:
779 4873 1020 4942 reliquos
1073 4882 1252 4926 autem
1296 4871 1584 4940 episc0pos
1609 4871 1744 4923 nihil
1781 4870 1962 4938 magni

394 4965 654 5022 momenti
685 4963 906 5034 aggredi
959 4964 1079 5020 sine
1113 4964 1251 5032 ipso,
1283 4970 1344 5016 ut
1383 4961 1516 5026 vult,
1547 4960 1638 5030 qui
1681 4961 1750 5014 ab
1784 4961 1962 5026 initio,

391 5059 654 5122 obtinuit,
706 5056 929 5112 Patrum
962 5073 1138 5112 canon
1165 5074 1180 5112 :
1209 5059 1295 5111 vel
1331 5056 1465 5121 sola,
1518 5069 1641 5124 quae
1669 5055 1737 5108 ad
1767 5056 1962 5110 unius-

395 5150 667 5220 cujusque
700 5150 1011 5219 parochiam
1036 5149 1350 5213 couferunt,
1383 5159 1435 5204 et
1487 5148 1733 5216 regiones
1765 5165 1888 5216 quae
1915 5149 1967 5203 ci

396 5244 650 5304 subsunt.
694 5240 1151 5312 Unumquemque
1201 5241 1345 5294 enim
1401 5240 1716 5309 episcopum
1771 5239 1968 5294 habere

396 5351 510 5390 suae
538 5335 808 5404 parochiaa
846 5344 1192 5405 potestatem,
1217 5343 1270 5387 el.
1297 5331 1682 5387 administrare
1720 5345 1816 5399 pro
1847 5331 1969 5385 uni-

397 5427 598 5494 cuique
649 5427 1011 5481 conveniente
1061 5425 1346 5494 religione,
1398 5433 1454 5478 et
1505 5422 1672 5478 totius
1729 5422 1970 5491 regionis

399 5535 590 5572 curam
634 5534 841 5589 gerere,
878 5534 998 5586 qum
1024 5533 1136 5572 suae
1161 5517 1278 5570 urbi
1309 5517 1520 5571 suhest.
1567 5514 1635 5569 Ut
1683 5517 1842 5570 etiam
1876 5531 1968 5569 or-

470 5634 516 5666 ⁸³
543 5639 726 5701 Apost.
767 5637 790 5687 l
824 5650 836 5694 ;
887 5633 1054 5686 Lami.
1115 5633 1210 5689 19.:
1250 5631 1500 5685 Antioch.
1540 5630 1635 5701 lt);
1666 5630 1834 5683 Afr-ie.
1863 5629 1964 5696 16;
2008 5629 2180 5686 Tolct.
2216 5629 2298 5682 l9.

399 5699 442 5733 "
473 5699 726 5758 Antioch.
778 5705 876 5768 18;
929 5704 1106 5757 lunoc.
1151 5704 1223 5769 8;
1263 5702 1438 5755 liouil.
1478 5703 1536 5765 i;
1582 5699 1777 5756 Leonis
1813 5702 1893 5754 lii.

2069 4509 2175 4580 χρὴ
2224 4508 2316 4560 τὸν
2351 4509 2407 4562 ὲν
2438 4508 2504 4575 τῇ
2557 4503 2884 4575 μητροπόλει
2945 4501 3264 4572 προεστῶτα
3327 4501 3637 4558 ἐπίσκοπον.

2078 4602 2173 4654 κοιλ⁵
2223 4599 2323 4670 τὴν
2371 4597 2631 4667 φροντίδα
2692 4595 3043 4664 ἀναδέχεσθαι
3102 4593 3284 4663 πάσης
3337 4593 3438 4663 τῆς
3486 4594 3644 4660 ἐπαρ-

2069 4691 2216 4762 χίας,
2237 4688 2324 4742 διὰ
2351 4687 2412 4740 τὸ
2428 4689 2484 4741 ὲν
2509 4687 2574 4757 τῇ
2605 4685 2936 4756 μητροπόλει
2967 4683 3308 4753 πανταχόθεν
3330 4683 3641 4751 συντρέχειν

2072 4782 2282 4842 πάντας
2314 4778 2438 4840 τοὺς
2469 4775 2539 4828 τά
2573 4775 2877 4845 πράγματα
2911 4775 3136 4842 ἔχοντας
3165 4787 3179 4800 ·
3211 4771 3335 4825 ὅθεν
3370 4769 3520 4834 ἔδοξε
3554 4767 3641 4821 καὶ

2071 4879 2137 4947 τῇ
2169 4877 2303 4946 τιμῇ
2333 4869 2694 4944 προηγεῖσθαι
2741 4867 2901 4919 αὐτὸν
2922 4909 2935 4927 ,
2977 4867 3142 4937 μηδὲν
3177 4882 3235 4919 τε
3264 4865 3526 4934 πράττειν
3554 4877 3645 4914 πε-

2077 4969 2253 5039 ριττὸν
2274 4967 2399 5028 τοὺς
2427 4963 2646 5025 λοιποὺς
2673 4961 2999 5021 ἐπισκόπους
3026 4961 3152 5013 ἄνευ
3183 4956 3373 5020 αὐτοῦ,
3397 4955 3541 5008 κατὰ
3559 4951 3642 5004 τὸν

2075 5061 2299 5131 ἀρχαῖον
2329 5057 2679 5126 κρατήσαντα
2701 5055 2766 5107 ὲκ
2787 5051 2893 5104 τῶν
2934 5051 3194 5119 Πατέρων
3225 5046 3385 5117 ἡμῶν
3410 5045 3607 5099 κανόνα
3627 5058 3640 5072 ·

2075 5153 2109 5221 ἢ
2142 5150 2316 5204 ταῦτα
2353 5148 2511 5218 μόνα,
2534 5148 2634 5201 ὅσα
2672 5148 2738 5216 τῇ
2784 5144 3014 5197 ἑκάστου
3055 5139 3338 5193 ἐπιϐάλλει
3363 5135 3641 5206 παροικίᾳ,

2076 5242 2170 5296 καὶ
2192 5241 2312 5302 ταῖς
2337 5239 2426 5291 ὑπ’
2446 5238 2617 5306 αὐτὴν
2644 5235 2870 5307 χώραις.
2897 5234 3172 5284 Ἕκαστον
3209 5229 3318 5297 γάρ
3351 5229 3642 5281 ἐπίσκοπον

2075 5333 2326 5399 ἐξουσίαν
2351 5330 2497 5400 ἔχειν
2514 5330 2612 5399 τῆς
2633 5327 2829 5381 ἑαυτοῦ
2859 5324 3168 5394 παροικίας,
3192 5323 3416 5375 διοικεῖν
3429 5339 3487 5373 τε
3514 5319 3646 5374 κατὰ

2073 5425 2174 5494 τὴν
2219 5424 2434 5492 ἑκάστῳ
2467 5420 2865 5473 ἐπιϐάλλουσαν
2916 5413 3226 5474 εὐλάϐειαν,
3252 5412 3348 5464 καὶ
3395 5410 3646 5480 πρόνοιαν

2077 5515 2344 5569 ποιεῖσθαι
2370 5513 2549 5582 πάσης
2596 5513 2698 5581 τῆς
2722 5510 2902 5581 χώρας
2923 5509 3021 5577 τῆς
3047 5505 3151 5557 ὑπὸ
3188 5504 3286 5573 τὴν
3306 5501 3475 5554 αὐτοῦ
3503 5501 3646 5553 πόλιν

2410 5627 2454 5660 ³⁸⁸
2502 5627 2692 5696 Apost.
2765 5623 2865 5690 '55;
2923 5619 3175 5676 Antioch.
3212 5619 3285 5684 9;
3339 5619 3534 5674 Const.
3593 5613 3644 5666 '2.
