3886 6240
437 162 538 224 471

1594 163 1858 227 PHOTII
1896 143 2402 228 PATRIARCHji
2446 171 2559 230 CP.

3606 174 3704 236 δίῗὲ

437 283 564 346 soli,
589 289 848 353 praeterea
872 277 1111 350 episc0pi
1153 277 1535 348 praedictarum
1569 277 1866 334 dioecesum
1904 294 2002 348 qua

2126 277 2228 332 λίδι
2270 279 2479 354 Ῥώμῃ,
2522 281 2615 334 καὶ
2639 281 2696 334 ἐν
2729 282 2840 346 τοῖς
2871 281 3367 350 ἐκκλησιαστικοῖς,
3397 279 3474 344 ὡς
3500 283 3701 352 ἐκείνην

437 384 570 430 sunt
597 374 738 428 inter
771 372 1060 436 Barbaros,
1086 387 1114 424 a
1143 372 1401 440 praedicto
1437 371 1635 425 throno
1661 371 2021 426 sanctissimze

437 465 1058 535 uenalantinopolitana:
1083 463 1338 518 Ecclesiae
1367 463 1691 518 ordinentur
1718 481 1732 517 :
1766 476 2022 529 unoquo-

439 572 547 626 que
577 557 782 612 scilicet
821 555 1206 624 praedictarum
1253 555 1554 609 dimcesum
1602 552 2018 622 metropolitano

439 665 563 706 cum
595 651 892 722 provinciae
932 650 1204 720 episc0pis
1235 650 1525 720 provinciae
1548 648 1838 717 episcOpos
1867 647 2018 702 ordi-

434 749 621 802 nante,
662 739 1122 808 quemadmodum
1153 738 1352 792 divinis
1378 737 1680 791 canonibus
1718 745 1801 791 est
1832 735 1975 790 tradi
1996 762 2010 780 ι

433 841 572 886 tum.
595 830 847 886 Ordinari
869 841 1070 896 autem,
1099 831 1241 885 sicut
1263 829 1468 883 dictum
1489 836 1595 892 est,
1629 827 2012 895 praedictarum

431 924 732 979 ditecesum
758 923 1211 992 metropolitanos
1254 935 1284 974 a
1305 919 1910 987 ConstantinOpolitano
1928 933 2016 970 ar-

432 1013 810 1084 chiepiscopo,
843 1010 1296 1066 convenientibus
1326 1008 1393 1064 de
1416 1023 1570 1063 more
1605 1007 1763 1063 factis
1789 1007 2017 1061 electio-

433 1105 620 1170 nibus,
652 1114 705 1158 et
739 1105 807 1159 ad
833 1104 1010 1172 ipsum
1044 1103 1252 1157 relatis.

2128 372 2531 442 μεγαλύνεσθαι
2553 373 2865 444 πράγμασι,
2889 374 3143 443 δευτέραν
3171 374 3286 443 μετ’
3305 372 3525 444 ἐκείνην
3541 374 3705 445 ὑπάρ-

2124 479 2323 532 χουσαν
2345 479 2358 494 ο
2378 462 2472 516 καὶ
2489 461 2629 515 ὥστε
2661 463 2788 526 τοὺς
2810 463 2906 531 τῆς
2925 463 3189 532 Ποντικῆς
3210 463 3305 517 καὶ
3333 463 3438 531 τῆς
3464 463 3706 534 Ἀσιανῆς

2121 552 2216 604 καὶ
2244 552 2340 621 τῆς
2369 551 2648 624 Θρᾳκικῆς
2685 553 3007 623 διοικήσεως
3054 552 3466 623 μητροπολίτας
3496 555 3702 624 μόνους,

2121 642 2203 695 ἐτι
2235 643 2292 696 δὲ
2327 645 2420 696 καὶ
2452 644 2577 707 τοὺς
2596 648 2654 697 ἐν
2692 647 2805 708 τοῖς
2841 644 3196 717 βαρϐαρικοῖς
3227 647 3568 713 ἐπισκόπους
3598 650 3699 704 τῶν

2121 733 2536 804 προειρημένων
2616 735 2940 805 διοικήσεων
2975 736 3403 807 χειροτονεῖσθαι
3459 739 3567 792 ὑπὸ
3615 741 3703 794 τοῦ

2126 822 2532 892 προειρημένου
2571 824 2876 892 άγιωτάτου
2905 824 3094 895 θρόνου
3127 829 3226 896 τῆς
3256 830 3399 879 κατά
3415 828 3703 882 Κώνσταν·

2123 912 2429 966 τινούπολιν
2456 913 2767 986 ἁγιωτάτης
2835 916 3162 986 Ἐκκλησίας
3195 937 3207 949 ο
3233 918 3442 990 δηλαδὴ
3473 921 3702 974 ἑκάστου

2127 1007 2527 1076 μητροπολίτου
2563 1007 2672 1060 τῶν
2718 1009 3136 1078 προειρημένων
3180 1007 3506 1080 διοικήσεων
3573 1013 3704 1080 μετά

2122 1097 2232 1148 τῶν
2278 1097 2378 1166 τῆς
2415 1099 2682 1168 ἐπαρχίας
2735 1100 3054 1152 ἐπισκόπων
3097 1103 3539 1170 χειροτονοῦντος
3585 1105 3702 1166 τοὺς

433 1194 537 1265 τῆς
624 1195 892 1266 ἐπαρχίας
966 1195 1298 1256 ἐπισκόπους
1338 1233 1355 1258 ,
1400 1191 1584 1255 καθὼς
1652 1191 1766 1252 τοῖς
1843 1188 2012 1250 θείοις
2050 1186 2238 1239 κανόσι
2268 1187 2618 1259 διηγόρευται
2651 1207 2664 1220 ·
2709 1191 3130 1260 χειροτονεῖσθαι
3177 1193 3233 1246 δὲ
3292 1193 3480 1257 καθὼς
3559 1197 3704 1265 εῐρη-

429 1302 522 1340 ται
564 1287 693 1349 τοὺς
742 1285 1141 1356 μητροπολίτας
1186 1284 1292 1338 τῶν
1331 1284 1747 1354 προειρημένων
1789 1280 2134 1348 διοικήσεων,
2204 1278 2353 1348 παρά
2409 1279 2502 1332 τοῦ
2565 1279 3190 1346 Κωνσταντινουπόλεως
3240 1284 3699 1354 άρχιεπισκόπου,

430 1379 797 1450 ψηφισμάτων
844 1381 1147 1450 συμφώνων
1201 1379 1343 1432 κατὰ
1397 1379 1459 1431 τὸ
1505 1378 1624 1441 ἔθος
1675 1375 1998 1445 γινομένων,
2041 1372 2138 1426 καῖ¹
2164 1373 2252 1424 ἐπ’
2287 1374 2449 1426 αὑτὸν
2475 1376 2919 1446 ἀναφερομένων.

657 1468 880 1524 Concilii
909 1469 1238 1526 Sardiceusis
1270 1487 1492 1526 canones
1523 1472 1577 1536 5,
1611 1472 1666 1536 4,
1700 1470 1753 1525 5.

494 1562 550 1616 5.
581 1559 744 1617 Osius
777 1563 1066 1632 episc0pus
1089 1563 1225 1617 dixit
1261 1581 1275 1616 :
1319 1563 1435 1617 Hoc
1458 1577 1677 1633 quoque
1699 1560 2012 1616 necessario

2324 1467 2596 1521 Συνόδου
2647 1468 2945 1537 Σαρδικῆς
3005 1471 3205 1523 κανὼν
3240 1467 3287 1539 γ’
3324 1472 3365 1524 δ’
3401 1476 3468 1524 ε’.

2187 1562 2254 1623 γ’.
2298 1557 2481 1619 "Octo;
2511 1559 2807 1621 ἐπίσκοπος
2839 1556 3026 1611 εἶπενο
3063 1561 3360 1628 ἀναγκαῖον
3400 1563 3502 1615 καὶ
3543 1563 3700 1617 τοῦτο

430 1663 514 1708 est
545 1652 951 1723 adjiciendum,
1010 1664 1069 1709 ut
1114 1655 1297 1709 nullus
1347 1658 1730 1724 episc0porum
1792 1669 1857 1708 ex
1911 1669 2002 1708 sua

2117 1647 2503 1717 προστεθῆναι,
2544 1649 2630 1701 ἵνα
2653 1650 2842 1719 μηδεὶς
2877 1651 3192 1705 ἐπισκόπων
3227 1653 3335 1706 ἀπὸ
3361 1654 3464 1724 τῆς
3499 1655 3693 1709 ἑαυτοῦ

430 1744 716 1812 provincia
750 1744 806 1797 in
836 1744 997 1797 aliam
1033 1743 1392 1812 provinciam,
1443 1742 1498 1795 in
1555 1757 1661 1812 qua
1718 1750 1846 1795 sunt
1892 1740 2008 1810 epi—

431 1835 606 1904 scopi,
642 1842 915 1899 transeat;
957 1833 1060 1888 nisi
1094 1835 1282 1902 utique
1323 1848 1353 1887 a
1392 1834 1505 1887 suis
1555 1831 1819 1886 fratribus
1846 1846 2008 1884 voce-

433 1936 550 1992 tur;
590 1941 657 1978 ne
680 1926 966 1979 videamur
1010 1925 1318 1980 dilectionis
1370 1923 1514 1978 fores
1568 1925 1839 1978 claudere.
1895 1921 2008 1977 Hoc

431 2026 614 2071 autem
649 2017 814 2071 etiam
851 2016 1109 2072 similiter
1141 2017 1535 2085 providendum
1573 2025 1679 2082 est,
1732 2025 1790 2069 ut
1855 2017 1899 2069 si
1954 2015 2005 2067 in

431 2110 614 2179 aliqua
666 2111 943 2180 provincia
984 2109 1365 2179 episcoporum
1415 2108 1682 2178 quispiam
1744 2109 2006 2162 adversus

429 2200 656 2257 fratrem
693 2218 853 2258 suum
903 2212 957 2257 et
1016 2203 1398 2271 coepiscopum
1446 2202 1723 2271 negotium
1789 2200 2004 2267 habeat,

430 2303 626 2347 neuter
652 2308 840 2347 eorum
873 2291 964 2364 [ne
994 2307 1137 2347 unus
1166 2307 1196 2346 e
1225 2291 1465 2364 duobus]
1495 2309 1563 2347 ex
1587 2292 1691 2346 alia
1723 2292 2004 2362 provincia

430 2385 724 2454 episc0pos
753 2385 1061 2452 cognitores
1088 2393 1299 2439 evocet.
1328 2383 1384 2438 Si
1410 2386 1532 2454 quis
1571 2393 1754 2438 autem
1795 2385 2008 2454 episco-

430 2492 625 2546 porum
645 2478 694 2530 in
717 2478 899 2545 aliquo
929 2479 1149 2545 negotio
1175 2477 1626 2533 condemnandus
1644 2477 1795 2531 visus
1819 2476 2003 2542 fuerit,

429 2579 485 2623 et
519 2570 797 2624 exlstimet
830 2585 888 2624 se
940 2585 1048 2624 non
1095 2570 1318 2635 malam,
1383 2569 1478 2623 sed
1529 2569 1726 2623 bonam
1783 2583 2004 2622 causam

427 2660 652 2723 habere,
681 2668 741 2713 ut
781 2660 943 2712 etiam
998 2674 1190 2714 rursus
1246 2659 1515 2727 judicium
1577 2666 1915 2712 renovetur:
1957 2656 2005 2711 si

430 2761 625 2806 vestrm
654 2752 930 2806 dilectioni
967 2751 1200 2810 videtur,
1232 2749 1374 2804 Petri
1409 2749 1641 2818 apostoli
1687 2751 2002 2803 meritoriam

433 2844 785 2906 lionoremus,
820 2853 880 2897 ut
911 2843 978 2897 ab
1029 2843 1095 2898 iis
1141 2845 1232 2911 qui
1271 2842 1678 2911 judicaverunt,
1731 2844 2007 2897 scribatur

427 2935 574 2990 Julio
619 2935 994 2989 Romanorum
1055 2935 1343 3005 episcopo;
1396 2947 1449 2989 et
1512 2950 1609 3006 per
1668 2935 2003 3005 prapinquos

2115 1738 2387 1809 ἐπαρχίας
2411 1741 2488 1801 είς
2507 1741 2699 1806 ἑτέραν
2722 1743 3012 1812 ἐπαρχίαν,
3042 1745 3099 1795 ἐν
3119 1738 3152 1818 ᾖ
3173 1745 3538 1814 τυγχάνουσιν
3552 1747 3696 1810 ὄντες

2114 1829 2425 1892 ἐπίσκοποι,
2451 1829 2737 1882 διαϐαίνοι·
2757 1833 2804 1882 εἰ
2821 1833 2892 1901 μή
2913 1850 2994 1884 τοι
3016 1834 3167 1904 παρὰ
3182 1833 3290 1885 τῶν
3314 1834 3567 1903 ἀδελφῶν
3593 1836 3698 1889 τῶν

2113 1916 2307 1972 ἐαυτοῦ
2343 1918 2593 1990 κληθείη,
2622 1920 2710 1973 διὰ
2731 1920 2792 1973 τὸ
2823 1923 2897 1992 μὴ
2917 1921 3092 1976 δοκεῖν
3132 1926 3278 1995 ήμᾶς
3303 1926 3403 1989 τὰς
3432 1927 3535 1996 τῆς
3566 1927 3698 1994 ἀγά-

2113 2028 2218 2080 πης
2235 2010 2544 2064 ἀποκλείειν
2571 2011 2744 2076 πύλας
2771 2032 2785 2046 ·
2803 2015 3069 2068 καὶτοῦτο
3092 2017 3149 2070 δὲ
3175 2017 3439 2082 ὡσαύτως
3463 2035 3696 2089 προνοη-

2110 2104 2252 2168 τέον,
2284 2102 2425 2156 ὥστε
2479 2104 2575 2157 ἐάν
2615 2122 2720 2157 τινι
2756 2108 2996 2178 ἐπαρχίᾳ
3044 2110 3360 2163 ἐπισκόπων
3404 2129 3492 2175 τις
3550 2113 3696 2165 ἄντι-

2110 2211 2247 2263 κρυς
2270 2194 2496 2263 ἀδελφοῦ
2535 2194 2728 2248 ἑαυτοῦ
2769 2200 3164 2253 συνεπισκόπου
3216 2204 3454 2271 πρᾶγμα
3517 2204 3693 2272 σχοίη,

2114 2283 2316 2354 μηδένα
2373 2284 2560 2354 ἓτερον
2627 2287 2691 2338 ἐκ
2761 2288 2964 2341 τούτων
3013 2291 3120 2342 άπὸ
3170 2291 3360 2364 ἐτέρας
3428 2294 3696 2364 ἐπαρχίας

2111 2376 2443 2438 ἐπισκόπους
2491 2379 2874 2448 ἐπιγνώμονας
2925 2382 3318 2436 ἐπικαλεῖσθαι.
3371 2384 3435 2436 ΕΞ
3476 2386 3535 2438 δὲ
3592 2388 3694 2457 ἄρα

2109 2481 2194 2527 τις
2239 2467 2552 2520 ἐπισκόπων
2601 2467 2656 2520 ἐν
2707 2486 2813 2520 τινι
2868 2471 3151 2540 πράγματι
3198 2473 3337 2538 δόξει
3376 2477 3697 2544 κατακρίνε-

2111 2560 2276 2622 σθαι,
2337 2559 2432 2610 καὶ
2491 2560 2862 2628 ὑπολαμϐάνει
2928 2563 3117 2615 ἐαυτὸν
3175 2564 3250 2634 μὴ
3309 2565 3514 2636 σαθρὶν
3563 2567 3692 2620 ἀλλά

2109 2649 2273 2702 καλὸν
2296 2648 2440 2720 ἔχειν
2475 2650 2534 2703 τὸ
2564 2653 2819 2722 πρᾶγμα,
2848 2653 2935 2707 ἵνα
2966 2654 3062 2706 καὶ
3090 2651 3246 2718 αὖθις
3277 2657 3310 2726 ή
3351 2658 3541 2726 κρίσις
3566 2659 3692 2712 ἀναν

2108 2739 2308 2811 νεωθῇ,
2346 2743 2394 2793 εί
2425 2742 2572 2795 δοκεῖ
2609 2743 2762 2813 ὑμῶν
2824 2747 2889 2814 τῇ
2920 2745 3131 2816 ἀγάπῃ,
3164 2747 3374 2817 Πέτρου
3413 2749 3508 2800 τοῦ
3568 2750 3694 2802 ἀπο-

2110 2832 2296 2885 στόλου
2319 2833 2418 2902 τήν
2459 2835 2678 2904 μνήμην
2713 2837 3036 2906 τιμήσωμεν
3063 2854 3077 2867 ’
3105 2840 3196 2890 καὶ
3229 2841 3511 2909 γραφῆναι
3546 2842 3689 2910 παρὰ

2107 2923 2314 2976 τούτων
2348 2923 2458 2977 τῶν
2493 2926 2799 2995 κρινάντων
2853 2927 3058 2999 Ἰουλίῳ
3096 2929 3173 2998 τῷ
3221 2930 3514 2996 ἐπισκόπῳ
3562 2930 3691 2984 Ῥώ-

428 3029 722 3097 provincia:
751 3029 1059 3096 episeopos,
1107 3028 1150 3080 si
1190 3043 1327 3096 opus
1376 3029 1466 3092 sit,
1525 3027 1791 3097 judicium
1841 3043 2002 3081 reno—

2112 3037 2213 3088 μης
2243 3036 2257 3050 ·
2287 3019 2428 3072 ὥστε
2451 3019 2540 3073 διὰ
2561 3019 2670 3075 τῶν
2708 3023 3064 3090 γειτνιώντων
3095 3027 3160 3093 τῇ
3195 3024 3438 3095 ἐπαρχία
3464 3023 3688 3077 ἐπισκό-

429 3126 614 3185 vetur;
649 3128 702 3172 et
730 3119 1040 3187 cognitores
1069 3119 1182 3187 ipse
1207 3119 1462 3186 praebeat.
1493 3116 1548 3172 Si
1573 3129 1753 3173 autem
1782 3120 2001 3188 probari

427 3225 535 3263 non
577 3218 754 3279 potest
807 3225 1026 3263 causam
1062 3209 1180 3277 ejus
1212 3223 1333 3263 esse
1405 3209 1564 3263 talem
1613 3218 1670 3263 ut
1725 3226 1843 3264 eam
1896 3211 2002 3280 27

427 3302 869 3369 rnrsusjudicari
904 3315 1042 3369 OpliS
1069 3302 1173 3362 sit,
1201 3317 1322 3369 quae
1375 3302 1540 3355 semel
1591 3310 1719 3357 sunt
1759 3303 2002 3372 judicata

425 3405 534 3445 non
567 3391 929 3455 inllrmentur,
961 3391 1054 3446 sed
1090 3399 1206 3444 rata
1237 3391 1308 3444 sit
1350 3391 1457 3444 lata
1490 3392 1781 3445 sententia.

498 3569 552 3619 4.
586 3565 926 3620 Gaudentius
967 3566 1255 3635 episcopus
1315 3567 1452 3621 dixit
1485 3584 1498 3620 :
1531 3567 1587 3620 Si
1637 3569 1851 3623 videtur
1906 3587 2002 3624 ne-

427 3672 580 3710 cesse
607 3671 730 3711 esse
755 3657 914 3726 adjici
947 3656 1075 3710 huic
1109 3658 1414 3720 sententiae,
1456 3674 1622 3727 (piam
1667 3660 1880 3713 sincera
1913 3661 1999 3714 di-

425 3746 660 3801 lectione
701 3747 916 3816 plenam
974 3748 1271 3816 protulisti,
1328 3759 1387 3802 ut
1433 3749 1476 3804 si
1527 3752 1651 3818 quis
1709 3753 2001 3822 episcopus

425 3838 898 3907 fueritdepositus
928 3839 1136 3909 judicio
1179 3841 1555 3910 episc0porum
1621 3844 1714 3910 qui
1761 3855 1889 3898 sunt
1947 3847 1999 3899 iu

423 3927 648 3992 vicinia,
682 3937 735 3981 et
769 3929 918 3982 dicat
948 3944 1140 3984 rursus
1179 3929 1283 3984 sibi
1326 3929 1663 3986 defensionis
1721 3935 1997 4002 negotium

423 4033 771 4090 competere;
806 4037 912 4074 non
946 4022 1097 4089 prius
1134 4021 1186 4074 in
1228 4023 1544 4077 cathedram
1597 4025 1739 4079 alius
1798 4027 2001 4080 substi—

421 4118 628 4174 luatur,
677 4126 840 4180 quam
891 4109 1168 4167 Romanus
1227 4115 1518 4184 epiSCOpus
1561 4130 1727 4170 causa
1781 4119 1997 4188 cognita

421 4203 744 4258 sententiam
775 4206 980 4260 tulerit.

497 4384 550 4438 5.
576 4381 739 4435 Osius
777 4383 1068 4451 cpiscopus
1119 4384 1255 4438 dixit
1315 4404 1327 4437 :
1381 4387 1609 4451 Placuit,
1665 4397 1724 4442 ut
1775 4389 1820 4443 si
1871 4391 1996 4459 quis

420 4472 712 4542 episcopus
747 4473 960 4528 delatus
987 4474 1170 4538 fuerit,
1210 4485 1264 4530 et
1289 4481 1600 4548 congregati
1632 4480 1876 4550 ejusdem
1905 4498 1994 4536 re-

420 4563 601 4628 gionis
629 4565 870 4641 eplsc-Opi
901 4581 1025 4619 eum
1062 4567 1231 4636 gradu
1266 4572 1564 4638 moverint;
1613 4583 1666 4626 et
1701 4573 1864 4627 veluti
1895 4589 1991 4642 ap-

419 4652 629 4721 pellans
671 4655 981 4722 coniugerit
1023 4657 1088 4709 ad
1151 4658 1527 4714 beatissimum
1580 4661 1837 4717 Romana:
1893 4663 1994 4718 Ec-

420 4743 600 4797 clesiae
631 4745 971 4814 episcopum,
1015 4759 1067 4801 et
1100 4750 1226 4802 velit
1264 4752 1439 4819 ipsum
1463 4755 1673 4819 audire,
1709 4757 1991 4826 etjnstum

417 4849 541 4889 esse
564 4835 963 4890 existimaverit
1016 4840 1136 4908 ejus
1192 4843 1262 4895 rei
1315 4845 1776 4900 examinationem
1833 4863 1995 4902 reno-

415 4929 570 4993 vari;
603 4928 942 4997 coepiscopis
970 4931 1208 5008 scribere
1229 4933 1502 5003 dignetur,
1551 4937 1643 5004 qui
1676 4944 1809 4991 sunt.
1864 4955 1993 5009 pro-

417 5020 609 5088 pinqui
639 5021 956 5089 provinciae,
991 5030 1050 5074 ut
1077 5022 1176 5090 ipsi
1209 5022 1500 5092 diligenter
1524 5035 1578 5081 et
1601 5039 1858 5084 accurate
1881 5030 1996 5083 sin-

387 5111 541 5180 .gnla
574 5121 1011 5182 perscrutentur,
1038 5124 1092 5167 et
1117 5131 1180 5167 ex
1213 5116 1460 5170 veritatis
1495 5117 1597 5172 [ide
1639 5120 1707 5174 de
1761 5137 1819 5175 re
1871 5138 1994 5175 sen-

418 5205 642 5257 tentiam
673 5204 866 5257 ferant.
901 5206 956 5257 Si
989 5206 1115 5274 quis
1139 5218 1320 5259 autem
1355 5211 1593 5276 postulet
1629 5227 1789 5265 suum
1837 5230 1994 5283 nego-

419 5301 553 5352 tium
598 5314 788 5353 rursus
833 5299 1032 5362 audiri,
1095 5312 1149 5354 et
1197 5302 1264 5355 ad
1327 5318 1482 5356 suam
1541 5306 1991 5373 supplicationem

415 5387 534 5444 Ro:
565 5406 795 5446 auorum
827 5395 1142 5463 episcopum
1191 5392 1442 5461 judicare
1499 5393 1762 5466 [movere]
1818 5401 1990 5454 visum

415 5485 602 5551 fuerit,
647 5499 700 5543 ut
731 5489 1004 5561 apmprio
1032 5491 1201 5545 latere
1249 5493 1597 5564 presbyteros
1647 5496 1824 5549 mittat
1879 5516 1889 5550 :
1941 5506 1992 5550 et

419 5578 488 5631 sit
550 5579 602 5633 iu
656 5591 916 5651 potestate
960 5585 1129 5654 ipsius
1181 5587 1546 5657 quodcunque
1598 5597 1742 5644 recte
1794 5589 1993 5646 babeer

2109 3133 2245 3182 πων,
2280 3118 2329 3168 εί
2362 3117 2472 3169 δέοι
2518 3118 2913 3188 ἁνανεωθῆναι,
2949 3120 3010 3171 τὸ
3043 3119 3401 3190 δικαστήριον
3439 3122 3537 3173 καὶ
3565 3121 3683 3173 ἐπι-

2105 3208 2393 3278 γνώμονας
2443 3210 2606 3273 uoce;
2677 3213 2990 3281 παράσχοι⁶
3052 3213 3100 3265 εί
3155 3213 3211 3264 δὲ
3272 3212 3349 3284 μὴ
3427 3214 3686 3283 συστῆναι

2105 3297 2354 3363 δύναται,
2386 3301 2628 3354 τοιοῦτον
2661 3301 2824 3355 αὐτοῦ
2847 3298 2988 3355 εἶναι
3010 3302 3070 3355 τὸ
3105 3305 3347 3374 πρᾶγμα
3370 3305 3448 3368 ὡς
3491 3306 3682 3358 παλιν-

2104 3391 2284 3454 δικίας
2335 3390 2576 3462 χρῄζειν,
2599 3393 2668 3446 τά
2707 3395 2855 3458 ἆπαξ
2888 3398 3192 3465 κεκριμένα
3225 3397 3300 3467 μὴ
3332 3398 3683 3463 ἀναλύεσθαι,

2105 3483 2172 3534 τά
2201 3483 2255 3534 δέ
2290 3483 2419 3536 ὄντα
2445 3484 2637 3553 βέϐαια
2662 3487 2975 3554 τυγχάνειν.

2172 3575 2234 3628 δ’.
2263 3576 2579 3639 Γαυδὲντιος
2611 3577 2909 3640 ἐπίσκοπος
2931 3574 3085 3631 εἶπεν
3106 3594 3119 3608 ’
3155 3599 3173 3630 ι
3223 3581 3286 3632 Ei
3320 3581 3474 3634 δοκεῖ
3518 3585 3685 3651 άναγ·

2104 3669 2255 3720 καῖον
2277 3667 2638 3736 προστεθῆναι
2663 3668 2837 3742 ταύτῃ
2863 3673 2928 3740 τῇ
2968 3671 3265 3739 ἀποφάσει,
3289 3674 3357 3742 ἦν
3387 3691 3510 3726 τινα
3548 3676 3681 3742 ἀγά-

2103 3775 2213 3828 πης
2254 3758 2584 3830 εἰλικρινοῦς
2637 3760 2820 3831 πλήρη
2853 3762 3199 3833 ἐξενήνοχας,
3259 3764 3400 3816 ὥστε
3469 3768 3566 3819 ἐάν
3603 3784 3683 3829 τις

2102 3851 2398 3914 ἐπίσκοπος
2421 3851 2725 3923 καθαιρεθῇ
2758 3856 2822 3924 τῇ
2873 3854 3052 3924 κρίσει
3074 3855 3280 3908 τούτων
3315 3859 3422 3908 τῶν
3461 3859 3680 3910 ἐπισκό-

2104 3960 2220 3994 πων
2240 3943 2349 3996 τῶν
2393 3944 2450 3994 ἐν
2487 3943 2700 4014 γειτνίᾳ
2728 3946 3130 4014 τυγχανόντων,
3155 3949 3249 3998 καὶ
3277 3948 3466 4019 φάσκῃ
3517 3950 3677 4001 πάλιν

2104 4033 2286 4110 ἐαυτῷ
2317 4034 2619 4101 ἀπολογίας
2659 4037 2888 4106 πρᾶγμα
2930 4037 3264 4102 ἐπιϐάλλειν,
3297 4039 3374 4109 μὴ
3413 4040 3680 4110 πρότερον

2105 4127 2186 4188 είς
2225 4126 2323 4195 τὴν
2365 4125 2635 4196 καθέδραν
2665 4127 2831 4180 αὑτοῦ
2872 4128 3058 4199 ἕτερον
3089 4130 3560 4201 ὑποκαταστῆναι,
3584 4135 3674 4186 ἐάν

2106 4216 2181 4286 μὴ
2231 4217 2261 4268 ὁ
2296 4221 2399 4286 τῆς
2437 4217 2723 4288 Ῥωμαίων
2741 4219 3036 4283 ἐπίσκοπος
3073 4222 3351 4289 ἐπιγνοὺς,
3389 4225 3519 4295 περὶ
3554 4223 3651 4278 τού

2028 4347 2074 4404 υ
2100 4325 2192 4361 του
2218 4309 2341 4379 ὅρον
2369 4310 2649 4381 ἐξενέγκῃ.
2692 4331 2710 4362 ι

2171 4407 2234 4456 ε’.
2274 4401 2458 4464 ’Όσιος
2479 4402 2778 4466 ἐπίσκοπος
2811 4400 2999 4456 εἶπενο
3044 4425 3062 4456 ι
3098 4407 3357 4475 Ἴῐρεσειι,
3384 4407 3452 4461 ἵν’
3498 4409 3558 4461 εἴ
3596 4424 3678 4470 τις

2100 4490 2398 4553 ἐπίσκοπος
2457 4493 2883 4565 καταγγελθείη,
2946 4496 3042 4549 καὶ
3097 4497 3588 4567 συναθροισθέντες
3630 4499 3677 4551 oi

2099 4583 2389 4636 ἐπίσκοποι
2409 4583 2510 4651 τῆς
2535 4585 2748 4657 ἐνορίας
2778 4587 2875 4656 τῆς
2906 4587 3098 4656 αὐτῆς,
3126 4588 3220 4641 τοῦ
3258 4589 3470 4659 βαθμοῦ
3518 4590 3676 4643 αὐτὸν

2099 4676 2496 4746 ἀποκινήσωσι,
2533 4677 2629 4730 καὶ
2663 4678 2720 4740 ὃς
2746 4695 2853 4749 περ
2890 4679 3332 4750 ἐκκαλεσάμενος
3383 4683 3674 4753 καταφύγῃ

2098 4770 2190 4820 ἐπὶ
2237 4768 2327 4821 τὸν
2393 4768 2808 4839 μακαριώτατον
2870 4771 2971 4838 τῆς
3033 4772 3674 4845 ῬωμαίωνἘκκλησίας

2098 4861 2416 4926 ἐπίσκοπον,
2452 4861 2547 4914 καὶ
2581 4861 2869 4933 βουληθείη
2903 4863 3070 4916 αὐτοῦ
3119 4865 3431 4930 διακοῦσαι,
3465 4867 3672 4920 δίκαιόν

2097 4971 2154 5006 τε
2187 4948 2328 5005 εἶναι
2360 4953 2555 5024 νομίσῃ
2591 4952 3003 5007 ἀνανεώσασθαι
3055 4956 3222 5009 αὐτοῦ
3278 4957 3380 5025 τὴν
3431 4959 3671 5024 ἐξέτασιν

2095 5041 2189 5096 τοῦ
2242 5045 2588 5112 πράγματος,
2651 5045 2882 5113 γράφειν
2928 5045 3143 5110 τούτοις
3197 5051 3308 5111 τοῖς
3355 5051 3672 5113 ἐπισκόποις

2097 5135 2411 5206 καταξιώσῃ
2448 5139 2559 5199 τοῖς
2585 5137 2971 5207 ἀγχιστεύουσι
2996 5143 3064 5211 τῇ
3095 5142 3357 5213 ἐπαρχίᾳ,
3395 5145 3485 5197 ἵνα
3523 5145 3670 5198 αὐτοὶ

2096 5229 2370 5298 ἐπιμελῶς
2393 5233 2487 5281 καὶ
2510 5230 2649 5299 μετὰ
2680 5229 2983 5299 άκριῆείας,
3014 5233 3222 5286 ἕκαστα
3245 5235 3665 5305 διερευνήσωσι·

2097 5321 2189 5373 καὶ⁸
2215 5320 2357 5373 κατά
2386 5321 2482 5390 τὴν
2512 5320 2612 5389 τῆς
2639 5321 2896 5392 ἀληθείας
2948 5325 3150 5387 πίστιν,
3183 5324 3364 5393 ψῆφον
3404 5329 3536 5397 περὶ
3581 5327 3665 5379 τοῦ

2097 5413 2422 5481 πράγματος
2460 5413 2843 5480 ἐξενέγκωσιν.
2885 5415 2946 5466 Εἰ
2977 5416 3034 5467 δέ
3063 5434 3144 5478 τις
3178 5416 3347 5480 ἀξιῶν
3387 5420 3483 5472 καὶ
3512 5419 3662 5471 πάλιν

2100 5502 2265 5554 αὐτοῦ
2319 5504 2379 5556 τὸ
2442 5506 2673 5574 πρᾶγμα
2711 5505 3067 5574 ἀκουσθῆναι,
3120 5508 3215 5561 καὶ
3266 5511 3334 5578 τῇ
3384 5510 3568 5581 δεήσει
3603 5510 3662 5578 τῇ

2098 5592 2292 5646 ἑαυτοῦ
2324 5595 2413 5646 τὸν
2447 5595 2736 5665 Ῥωμαίων
2771 5597 3070 5649 ἐπίσκοπον
3117 5600 3326 5668 κρίνειν
3356 5600 3520 5668 δόξει,
3568 5598 3663 5653 άπὸ
