3904 6248
253 145 363 210 473

1091 147 1490 210 SYNTAGMA
1523 147 1912 210 CANONUM-
1952 172 2022 184 —
2055 149 2203 209 TIT-
2246 149 2296 221 Ι,
2336 147 2493 207 CAP-
2531 146 2628 207 IV-

3420 144 3520 208 474

253 260 356 313 τοῦ
384 257 516 312 ιδίου
547 257 784 328 πλευροῦ
833 255 1238 326 πρεσϐυτέρους
1281 259 1612 322 ἀποστείλοι,
1644 258 1733 312 ἵνα
1780 258 1836 309 ἐν
1867 299 1877 327 λ

1979 255 2290 319 robaverit;
2321 263 2376 307 et
2407 253 2452 307 si
2485 251 2790 306 decreverit
2817 259 3072 319 oportere
3095 263 3194 306 eos
3227 249 3393 316 mitti,
3423 255 3515 322 qui

247 355 318 424 τῇ
350 353 572 423 ἐξουσίᾳ
607 351 776 404 αὑτοῦ
830 351 926 404 τοῦ
984 353 1312 416 ἐπισκόπου,
1348 353 1486 420 ὅπερ
1537 351 1602 404 ἂν
1655 351 1835 413 καλῶς

251 445 401 514 ἔχειν
432 444 707 513 δοκιμάσῃ
753 445 850 496 καὶ
903 444 1101 514 ὁρίσῃ,
1141 445 1250 496 δεῖν
1300 443 1670 512 ἀποσταλῆναι
1711 443 1838 506 τοῦς

261 538 407 608 μετὰ
454 537 564 590 τῶν
616 536 932 589 ἐπισκόπων
979 537 1318 606 κρινοῦντας,
1348 534 1566 604 ἔχοντάς
1623 551 1684 586 τε
1737 535 1836 602 τὴν

259 631 552 683 αῦθεντίαν
602 630 795 681 τούτου
840 628 972 698 παρ’
999 621 1060 679 οῦ
1088 628 1473 697 ἀπεστάλησαν
1497 643 1512 656 ·
1556 627 1650 678 καὶ
1676 625 1834 678 τοῦτο

253 723 462 786 θετέον,
497 724 544 774 εί
582 722 638 775 δὲ
674 721 924 788 ἐξαρκεῖν
951 721 1158 791 νομίζοι
1200 720 1334 790 πρὸς
1384 719 1482 790 τὴν
1564 719 1658 772 τοῦ
1694 719 1839 790 πρά-

253 831 470 883 γματος
492 813 785 881 ἐπίγνωσιν
809 819 899 866 καὶ
920 814 1200 881 ’ἀπόφασιν
1231 811 1322 864 τοῦ
1384 813 1706 875 ἐπισκόπου,
1723 828 1842 863 ποι-

253 911 381 976 ήσει
421 907 556 976 ὅπερ
597 906 662 959 ἂν
695 909 761 976 τῇ
811 904 1221 976 ἐμφρονεστὰτῃ
1248 903 1412 956 αὑτοῦ
1452 902 1615 974 βουλῇ
1660 902 1842 964 καλῶς

258 1000 412 1068 ἔχειν
436 999 581 1068 δόξῃ.

475 1112 744 1166 Συνόδου
767 1110 1181 1180 Καρθαγέννης
1203 1111 1403 1165 κανὼν
1426 1111 1511 1174 ιζ’,
1537 1110 1638 1164 λθ’.

256 1205 448 1258 Ὥστε
494 1203 758 1267 ἑκάστην
799 1203 1096 1270 ἐπαρχίαν
1150 1201 1248 1256 διὰ
1288 1201 1353 1254 τὸ
1430 1198 1837 1270 μακροδαπὲς,

663 1273 1040 1340 πρωτεύοντα
1079 1272 1110 1325 ἕ
1114 1289 1244 1340 χειν
1273 1272 1449 1334 ἴδιον.

335 1365 423 1430 ιζ’.
455 1366 687 1436 Ἥρεσεν
709 1365 837 1433 ἴναὴ
858 1363 1201 1432 Μαυριτανία
1223 1363 1566 1432 Σιτιφένσης,
1589 1363 1662 1425 ὡς
1675 1363 1844 1432 ᾔτησε

255 1459 355 1512 τὸν
392 1457 740 1528 πρωτεύοντα
765 1456 863 1524 τῆς
891 1455 1227 1525 Νουμιδικῆς
1257 1453 1462 1525 χώρας,
1504 1450 1570 1526 ἦς
1596 1472 1742 1518 τινος
1779 1458 1845 1508 ἐκ

258 1553 360 1622 τῆς
422 1549 640 1603 συνόδου
692 1547 1051 1617 κεχώρισται,
1119 1546 1218 1599 ἴδιο
1272 1546 1406 1620 ἔχῃν
1474 1547 1842 1616 πρωτεύοντα.

259 1643 582 1696 Συναινέσει
605 1637 696 1694 οὖν
732 1640 946 1694 πάντων
967 1638 1074 1691 τῶν
1097 1639 1484 1709 πρωτευόντων

257 1734 450 1787 κανῶν
489 1730 787 1801 ἐπαρχιῶν,
815 1730 912 1784 καὶ
963 1729 1182 1782 πάντων
1215 1729 1323 1782 τῶν
1380 1730 1717 1794 ἐπισκόπων,
1755 1729 1846 1783 διὰ

257 1826 324 1877 τὺ
363 1823 715 1893 μακροδαπὲς
749 1821 892 1890 ἐχειν
922 1821 1232 1891 ἐπετράπη.

264 1943 414 2013 Περὶ
439 1942 547 1996 τοῦ
593 1941 700 2014 τὸν
748 1939 982 2014 πρῶτον
1018 1940 1362 2014 ἐπίσκοπον
1412 1941 1498 2014 μὴ
1559 1957 1859 2014 προσαγο-

561 2013 846 2080 ρεύεσθαι
877 2010 1137 2077 ἔξαρχον
1166 2008 1286 2062 τῶν
1316 2008 1536 2078 ἱερέων.

345 2103 452 2158 λθ’.
489 2105 655 2156 Ὥστε
689 2102 779 2154 τὸν
810 2103 907 2171 τῆς
953 2103 1178 2171 πρώτης
1212 2103 1484 2171 καθέδρας
1537 2106 1854 2171 ἐπίσκοπον,

271 2195 351 2267 μὴ
386 2195 645 2264 λέγεσθαι
673 2195 899 2262 ἔξαρχον
920 2193 1029 2245 τῶν
1062 2192 1254 2263 ἱερέων
1279 2234 1293 2259 ,
1337 2194 1370 2263 ἢ
1398 2194 1564 2264 ἄκρον
1608 2198 1778 2268 ἱερέα,
1825 2199 1858 2270 ἢ

266 2285 685 2355 τοιουτότροπόν
742 2284 796 2336 τί
837 2299 968 2336 ποτε
997 2325 1011 2349 ,
1045 2284 1180 2336 ἀλλὰ
1221 2284 1381 2354 μόνον
1428 2287 1724 2342 ἐπίσκοπον
1763 2289 1862 2360 τῆς

273 2375 506 2447 πρώτης
533 2375 824 2442 καθέδρας.

411 2488 680 2542 Evr-r5602)
709 2485 1126 2554 οὶκουμενικῆς
1156 2493 1208 2551 ς’
1233 2486 1432 2540 κανὼν
1473 2488 1584 2555 λς’,
1616 2489 1712 2543 λθν.

349 2581 462 2645 λς’.
503 2580 914 2646 ’Λναειεούμενοι
947 2579 1013 2630 τὰ
1032 2579 1180 2648 παρὰ
1207 2577 1314 2631 τῶν
1345 2586 1427 2650 ργ¹
1476 2581 1646 2650 ἁγίων
1679 2583 1858 2637 Πατέ-

281 2691 417 2743 ρων,
451 2671 558 2725 τῶν
581 2673 637 2724 ἐν
661 2673 726 2740 τῇ
761 2669 1108 2740 θεοφυλάκτῳ
1134 2675 1306 2744 ταύτῃ
1326 2674 1419 2725 καὶ
1442 2672 1672 2743 βασιλίδι
1705 2675 1858 2728 πόλει

279 2765 671 2827 συνελθόντων,
707 2766 802 2816 καὶ
853 2763 961 2816 τῶν
999 2767 1076 2833 χλ¹
1116 2765 1224 2816 τῶν
1281 2767 1338 2817 ἐν
1387 2767 1687 2835 Χαλκηδόνι
1730 2784 1859 2819 συν-

277 2857 683 2928 αθροισθέντων
734 2855 1186 2925 νομοθετηθέντα,
1231 2856 1523 2926 ὁρίζομεν’
1571 2857 1712 2910 ὥστε
1765 2858 1856 2910 τὸν

279 2945 902 3007 Κωνσταντινουπόλεως
949 2945 1136 3015 θρόνον
1207 2947 1313 2998 τῶν
1373 2947 1503 2998 ἴσων
1553 2947 1852 3000 ἀπολαύειν

281 3037 610 3108 πρεσϐείων,
653 3037 746 3089 τοῦ
802 3039 901 3106 τῆς
930 3037 1305 3108 πρεσϐυτέρας
1361 3038 1581 3109 Ῥώμης
1630 3038 1856 3109 θρόνου·

282 3131 381 3184 καὶ
405 3133 460 3180 ἐν
485 3132 596 3192 τοῖς
622 3128 1091 3198 ἐκκλησιαστικοίς
1117 3129 1190 3192 ὡς
1224 3131 1428 3183 ἐκεῖνον
1459 3129 1860 3198 μεγαλύνεσθαι

286 3222 600 3291 πράγμασι,
647 3219 901 3287 δεύτερον
955 3219 1072 3288 μετ’
1119 3222 1326 3273 ἐκεῖνον
1353 3221 1704 3291 ὑπάρχοντα·
1741 3220 1860 3288 μεθ’

285 3311 346 3364 ὃν
392 3313 422 3362 ό
458 3311 556 3379 τῆς
611 3310 1003 3379 Ἀλεξανδρέων
1057 3311 1482 3380 μεγαλοπόλεως
1518 3311 1864 3382 ὰριθμείσθω

289 3399 484 3471 θρόνος
505 3417 519 3430 ’
572 3401 693 3454 εἶτα
734 3403 762 3453 ό
792 3403 892 3468 τῆς
939 3400 1256 3471 Ἀντιοχέων
1287 3402 1703 3471 μεγαλοπόλεως
1725 3419 1739 3434 υ
1769 3401 1864 3456 καὶ

294 3491 434 3560 μετὰ
472 3490 682 3555 τοῦτον,
723 3493 750 3543 ὁ
785 3491 881 3559 τῆς
913 3491 1358 3560 Ἱεροσολυμιτῶν
1392 3491 1623 3555 πόλεως.

362 3581 461 3633 λθ’.
494 3580 602 3634 Τοῦ
629 3581 854 3649 ἀδελφοῦ
888 3583 981 3634 καὶ
1009 3583 1424 3653 συλλειτουργοῦ
1466 3582 1625 3653 ἡμῶν
1673 3583 1856 3637 Ἰωάν-

292 3692 386 3727 νου
418 3674 513 3726 τοῦ
567 3675 830 3744 Κυπρίων
865 3675 1029 3744 νήσου
1066 3675 1351 3745 προέδρου,
1403 3677 1517 3745 ἅμα
1560 3675 1638 3746 τῷ
1681 3677 1867 3746 οἰκείῳ

293 3765 410 3834 λαῷ
458 3766 552 3818 ἐπὶ
589 3765 687 3834 τὴν
741 3765 1150 3836 Ἑλλησπόντιον
1212 3765 1482 3836 ἐπαρχίαν
1511 3768 1598 3821 διὰ
1644 3785 1704 3821 τε
1765 3769 1868 3832 τὰς

296 3855 643 3927 βαρϐαρικὰς
682 3856 922 3924 ἐφόδους,
963 3857 1050 3910 διά
1072 3874 1133 3909 τε
1164 3857 1225 3909 τὸ
1260 3857 1357 3927 τῆς
1389 3857 1613 3928 ὲθνικῆς
1651 3859 1870 3912 ἐλευθε-

299 3947 545 4016 ρωθῆναι
590 3945 933 4009 δουλίας,κα“ι
965 3947 1222 4018 καθαρῶς
1269 3950 1381 4011 τοῖς
1437 3951 1740 4019 σκήπτροις
1772 3950 1866 4002 τοῦ

297 4040 820 4109 χριστιανικωτᾶτου
857 4041 1093 4109 κράτους
1117 4041 1460 4109 ὑποταγῆναι
1494 4041 1592 4110 τῆς
1634 4041 1862 4110 εἰρημέ-

297 4146 402 4199 νης
429 4131 863 4200 μεταναστάντος
887 4131 1072 4200 νήσου,
1110 4131 1335 4202 προνοίᾳ
1359 4132 1455 4184 τοῦ
1485 4132 1871 4202 φιλανθρώπου

297 4221 464 4284 Θεοῦ,
490 4223 586 4274 καὶ
610 4223 796 4292 μόχθῳ
819 4222 912 4276 τοῦ
939 4221 1284 4293 φιλοχρίστου
1315 4224 1407 4275 καὶ
1429 4223 1686 4286 εὐσεϐοῦς
1718 4222 1875 4293 ἡμῶν

1947 362 2073 402 cum
2114 347 2383 416 episcopis
2417 346 2527 400 sint
2564 344 2883 413 judicaturi,
2916 343 3182 398 habentes
3218 345 3514 398 auctorita-

1947 446 2054 491 tem
2107 439 2227 506 ejus
2261 454 2291 491 a
2326 453 2435 506 quo
2464 437 2618 492 missi
2645 446 2801 501 sunt;
2830 444 2884 488 et
2920 435 3024 488 hoc
3067 434 3378 504 ponendum
3412 443 3513 488 est.

1950 522 2007 578 Si
2039 534 2217 578 autem
2243 524 2489 579 sullicere
2517 524 2790 593 putaverit
2821 523 2890 576 ad
2922 523 2996 577 rei
3027 522 3420 591 cognitionem,
3464 532 3520 576 et

1947 616 2185 684 cpisc0pi
2234 615 2558 668 sententiam
2597 653 2612 678 ,
2671 614 2828 668 faciet
2891 613 3033 681 quod
3087 612 3519 682 prudentissimo

1947 705 2068 774 ejus
2095 706 2326 760 consilio
2358 715 2501 760 recte
2529 705 2728 760 habere
2762 705 3055 759 videbitur.
3101 704 3523 775 Responderunt

1947 796 2189 868 episcopi
2225 796 2396 862 :Qua:
2421 797 2566 851 dicta
2601 805 2730 852 sunt
2776 797 3116 866 placuerunt.

2083 1147 2195 1218 28
2218 1146 2446 1202 Coucilii
2475 1145 2904 1216 Cartltaginensis
2943 1161 3113 1199 canon
3143 1144 3224 1209 I7,
3263 1145 3353 1200 59.

1955 1241 2023 1298 Ut
2078 1258 2405 1311 unaqqune
2455 1243 2726 1310 provincia
2793 1251 3003 1310 propter
3069 1241 3528 1311 longinquitatem,

2327 1313 2604 1380 primatem
2629 1312 2817 1365 habeat
2846 1314 3138 1380 proprium.

2027 1405 2110 1458 17.
2168 1403 2372 1458 Placuit
2449 1404 2551 1474 (4⁸)
2622 1412 2680 1456 ιιι
2732 1402 3057 1457 Mauritania
3106 1401 3422 1466 Sitifensis,
3471 1409 3532 1454 ut

1954 1495 2268 1564 postulavit,
2307 1494 2594 1564 primatem
2637 1495 2928 1564 provincite
2964 1494 3252 1557 Numidia),
3281 1509 3345 1545 ex
3372 1491 3530 1560 cujus

1955 1597 2098 1642 caatu
2165 1598 2452 1656 separatur
2533 1586 2630 1657 (5),
2709 1601 2904 1657 suum
2951 1586 3149 1639 habeat
3205 1584 3527 1653 primatem:

1523 1655 1634 1746 τξυν
1667 1640 1841 1746 Αφξιῖ
1872 1657 1914 1710 Β
1943 1693 2104 1746 quem
2137 1677 2608 1731 consentientibus
2633 1677 2890 1730 omnibus
2928 1676 3251 1744 primatibus
3299 1672 3522 1742 provin-

1964 1766 2170 1820 ciarum
2229 1766 2602 1819 Afl-icanarum
2654 1766 2754 1834 (6),
2807 1765 2890 1818 vel
2932 1765 3186 1818 omnibus
3239 1761 3530 1831 episcopis,

1964 1868 2182 1927 propter
2215 1859 2668 1928 longinquitatem
2705 1857 2905 1910 habere
2930 1856 3195 1924 permissa
3219 1864 3321 1908 est.

1967 1971 2035 2026 Ut
2093 1970 2730 2040 princepsrjsaccrdotum
2763 1986 2901 2110 (gon
2974 1967 3264 2036 appelletur
3334 1967 3536 2036 episco-

2624 2057 2719 2110 pus
2847 2079 2863 2093 .

2663 2057 2719 2094 us
2763 2057 2863 2094 (Η.

2663 2057 2719 2094 us
2795 2057 2812 2092 ι
2847 2079 2863 2093 .

2030 2132 2120 2188 59.
2164 2132 2237 2188 Ut
2279 2133 2463 2200 prima:
2494 2133 2538 2164 ³⁹
2594 2057 2742 2186 εζάίδ
2763 2057 3060 2202 ἓιζὶερυῃυε
3099 2145 3207 2184 non
3236 2127 3538 2198 appelletur

1961 2225 2211 2294 princeps
2233 2226 2598 2289 sacerdotum,
2628 2236 2722 2278 aut
2747 2241 2996 2278 summus
3018 2222 3291 2284 sacerdos,
3327 2229 3418 2275 aut
3439 2218 3538 2273 ali-

1959 2315 2092 2387 quid
2160 2317 2473 2386 bujusrnodi
2508 2360 2523 2383 ,
2582 2319 2676 2371 sed
2723 2326 2934 2371 tantum
2961 2315 3173 2388 [primae
3219 2313 3365 2369 sedis
3419 2311 3538 2382 epi-

1959 2425 2180 2484 seopus.

2168 2523 2392 2578 Concilii
2425 2522 2726 2578 wnunenici
2772 2537 2820 2574 vt
2861 2537 3081 2576 canones
3123 2519 3222 2586 '56,
3250 2519 3341 2574 39-

2027 2613 2114 2666 56.
2137 2612 2481 2667 Renovantes
2511 2631 2629 2682 qua:
2645 2630 2674 2666 a
2693 2613 2896 2666 sanctis
2911 2621 3126 2666 centum
3145 2605 3539 2680 quinquaginta

1958 2703 2211 2759 Patribus
2275 2707 2366 2773 qui
2435 2706 2489 2758 in
2538 2705 2638 2758 hac
2684 2721 2713 2757 a
2762 2705 2870 2757 Deo
2900 2702 3271 2758 conservanda
3316 2709 3369 2754 et
3399 2698 3541 2767 regia

1958 2795 2093 2849 urbe
2113 2807 2553 2859 convenerunt,e
2589 2804 2972 2849 sexcentorum
3012 2793 3228 2857 triginta
3259 2791 3350 2860 qui
3385 2789 3545 2842 Chal-

1958 2888 2164 2941 ccdone
2215 2902 2520 2941 convenere
2545 2925 2560 2950 ,
2615 2888 2912 2941 constituta
2956 2894 3110 2948 sunt;
3151 2883 3500 2936 decernimus
3525 2919 3541 2941 .

1883 3003 1927 3064 ρ
1961 2987 2021 3033 ut
2060 2979 2292 3033 thronus
2314 2979 2963 3046 Coustantiuupolitauus
2989 2976 3220 3044 aequalia
3265 2971 3542 3042 privilegia

1961 3082 2084 3120 cum
2131 3067 2368 3136 antiqu
2411 3067 2594 3121 Ruina:
2643 3068 2841 3120 throno
2883 3066 3158 3127 obtineat,
3197 3064 3333 3117 etin
3365 3063 3540 3116 eccle-

1963 3159 2219 3220 siasticis,
2240 3167 2300 3210 ut
2329 3159 2438 3220 ille,
2478 3157 2946 3226 rebusjnraguifiat
2971 3199 2985 3220 ,
3035 3165 3094 3209 ut
3119 3156 3212 3223 qui
3243 3155 3314 3208 sit
3346 3169 3544 3207 secun-

1962 3247 2063 3301 dus
2093 3257 2217 3316 post
2248 3245 2572 3300 illum.Post
2601 3262 2761 3316 quem
2803 3261 3010 3316 magna:
3042 3244 3543 3298 Alexandrinorum

1963 3339 2196 3393 civitatis
2232 3352 2547 3392 numeretur
2576 3339 2842 3391 thronus:
2880 3337 3076 3391 deinde
3109 3333 3410 3390 Antiochiae
3433 3342 3540 3406 ,εει

1963 3439 2087 3502 post
2105 3445 2233 3484 eum
2266 3427 2768 3499 llierosolyrnitanaa
2795 3427 3054 3482 civitatis.

2032 3604 2120 3657 59.
2148 3593 2284 3656 Cum
2317 3599 2482 3655 frater
2503 3609 2555 3655 et
2576 3600 2950 3654 comminister
2975 3609 3158 3652 noster
3175 3596 3412 3652 Joannes
3444 3597 3531 3650 in-

1968 3697 2101 3750 sulm
2136 3694 2298 3764 Cypri
2336 3693 2555 3762 praesul,
2594 3708 2700 3746 una
2732 3708 2854 3746 cum
2889 3707 2990 3746 suo
3020 3691 3218 3759 populo
3244 3690 3297 3743 in
3334 3689 3543 3742 llelles-

1967 3781 2242 3849 ponticam
2279 3780 2610 3849 provinciam
2641 3789 2694 3834 et
2737 3791 2959 3849 propter
2993 3780 3307 3832 barbaricas
3368 3778 3552 3832 incur-

1970 3871 2941 3939 siones,ctutagentiliumservitute
2974 3871 3334 3924 liberarentur
3357 3910 3370 3933 ,
3402 3877 3553 3922 etut

1970 3961 2461 4016 Christianissima:
2492 3962 2747 4030 potentiae
2776 3963 3012 4030 sceptris
3049 3977 3181 4030 pure
3217 3960 3556 4029 subjiceren-

1975 4061 2062 4105 tur
2085 4093 2100 4117 ,
2155 4051 2262 4120 29
2304 4067 2332 4104 a
2367 4051 2625 4120 praedicta
2662 4051 2838 4104 insula
2871 4051 3238 4120 emigravcrit,
3271 4049 3554 4104 clementis

1975 4140 2067 4194 Dei
2097 4142 2440 4210 providentia
2473 4151 2526 4195 et
2569 4141 2641 4209 pii
2672 4140 2877 4210 Deique
2926 4141 3164 4195 amantis
3205 4140 3555 4208 imperatoris

1977 4232 2156 4287 nostri
2184 4232 2396 4296 labore,
2431 4231 2844 4294 constituimus,
2883 4232 3098 4284 utcitra
3130 4231 3294 4282 ullam
3329 4229 3556 4282 innova-

295 4312 589 4383 βασιλέως,
629 4313 939 4384 συνορῶμεν
994 4313 1132 4366 ὥστε
1174 4315 1582 4384 ἀκαινοτόμητα
1603 4315 1872 4383 διαφυλα-

1983 4328 2182 4382 tionem
2243 4336 2554 4388 serventur,
2609 4339 2731 4391 qua:
2779 4339 2808 4376 a
2851 4323 3050 4376 divinis
3108 4322 3401 4388 Patribus,
3460 4326 3552 4392 qui

294 4401 505 4474 χθῆναι
524 4405 592 4455 τὰ
619 4405 745 4473 περὶ
768 4404 875 4458 τῶν
898 4408 953 4457 ἐν
987 4405 1201 4476 Ἐφέσῳ
1231 4407 1290 4459 τὸ
1305 4407 1571 4477 πρότερον
1604 4407 1876 4461 συνελθόν-

301 4511 423 4547 των
446 4494 720 4562 θεοφόρων
758 4495 1035 4565 Πατέρων,
1084 4496 1158 4565 τῷ
1192 4496 1365 4569 θρόνῳ
1390 4496 1483 4550 τοῦ
1514 4509 1880 4568 ;προγεγραμ-

301 4587 472 4656 μένου
523 4588 716 4654 ἀνδρὸς
764 4588 1182 4659 παρασχεθέντα
1245 4591 1546 4660 προνόμια·
1591 4588 1733 4642 ὥστε
1785 4588 1882 4660 τὴν

297 4677 435 4731 νέαν
462 4678 998 4733 Ἰουστινιανούπολιν
1021 4679 1081 4733 τὸ
1107 4681 1313 4735 δίκαιον
1364 4681 1508 4750 ἐχειν
1564 4683 1661 4751 τῆς
1731 4666 1886 4733 Κων-

380 4878 424 4909 ³⁹
458 4878 626 4935 Cuuc.
683 4879 852 4936 Afric.
880 4895 928 4934 c.
958 4880 1011 4935 6.
1092 4878 1134 4912 ⁸ο
1165 4881 1333 4937 Cone.
1366 4880 1564 4950 Ephes.
1599 4895 1723 4934 can.
1751 4879 1804 4934 8.

1985 4416 2180 4486 Ephesi
2204 4414 2250 4445 ‘°
2280 4415 2512 4482 primunt
2537 4424 2929 4477 convenerunt,
2951 4413 3190 4482 przedicti
3225 4412 3326 4466 viri
3359 4413 3558 4467 throno

1987 4504 2264 4574 privilegia
2299 4519 2560 4558 concessa
2607 4513 2767 4567 sunt,
2822 4515 2880 4556 ut
2929 4519 3066 4556 nova
3097 4501 3557 4572 Justinianopolis

1989 4591 2545 4660 Constantinopoleos
2568 4589 2658 4658 jus
2696 4590 2894 4643 haheat
2915 4591 3016 4658 (8),
3045 4601 3096 4644 et
3124 4590 3218 4659 qui
3249 4590 3300 4643 in
3334 4604 3398 4643 eo
3426 4603 3559 4642 con-

1993 4681 2238 4736 stituitur
2271 4681 2394 4750 pius
2427 4696 2490 4735 ac
2523 4679 2970 4748 religiosissimus
3011 4680 3300 4750 episcopus
3325 4719 3340 4745 ,
3377 4679 3560 4749 praesit

1832 5058 2062 5114 NOTZE.

390 5238 489 5308 (4⁸)
519 5235 784 5308 Fert-and.
812 5251 932 5304 cap.
966 5238 1056 5299 8‘2,
1096 5256 1157 5294 ex
1191 5240 1356 5292 Cone.
1391 5239 1647 5307 Carthag.
1692 5241 1771 5293 tit.
1821 5241 1876 5303 6,

314 5307 641 5380 Videt-tiam
677 5307 817 5380 infra
867 5323 988 5360 can.
1021 5310 1109 5375 86,
1141 5311 1235 5364 ubi
1283 5311 1448 5380 hujus
1485 5310 1711 5367 canonis
1749 5310 1886 5363 Care

311 5379 462 5448 thag.
499 5380 557 5431 ﬁt
584 5379 812 5430 mentio.
1361 5379 1364 5380 ⁷

494 5447 728 5526 Ιξιτιριιιιθ
767 5449 1084 5526 voculautA;
1113 5449 1354 5503 abundat
1381 5448 1549 5526 enim.

409 5519 462 5581 6)
507 5516 597 5569 Vel
624 5533 725 5586 pro
760 5526 832 5580 et,
861 5518 1004 5572 unde
1031 5518 1217 5572 Crteee
1241 5527 1322 5573 est
1349 5517 1464 5571 καί.

412 5589 460 5656 7)
491 5588 753 5657 Carthag.
789 5603 879 5652 ιη,
915 5602 1038 5642 can.
1069 5589 1159 5641 26.
1209 5587 1520 5648 Fet-randus
1553 5604 1671 5659 cap.
1701 5589 1786 5655 8|,
1823 5605 1886 5642 ex

1991 5256 2144 5294 conc.
2174 5240 2428 5308 Cartbag.
2469 5240 2550 5294 tit.
2584 5239 2671 5293 54.

2065 5311 2139 5379 (8)
2176 5311 2230 5362 In
2265 5294 2788 5373 Altinum-tacuit,
2837 5307 2935 5379 τῇς
2971 5296 3422 5379 Κωνσταντινέων
3463 5294 3560 5379 πό-

1991 5363 2147 5442 λεως’.
2182 5379 2324 5448 Lego
2354 5363 2814 5448 Κωνσταντιὲωνλ
2839 5363 3008 5431 lii-sit
3039 5386 3251 5448 sensus,
3289 5380 3439 5448 povze
3462 5363 3558 5448 Jut-

1993 5441 2341 5518 stinianopoli
2359 5464 2619 5503 concessa
2647 5451 2762 5514 jura
2785 5444 3116 5502 Constantia:
3143 5441 3327 5512 Cypri,
3349 5441 3560 5507 quae-et

1997 5520 2227 5574 Salamis
2260 5530 2362 5576 est.
2395 5518 2726 5573 "ARDUINL'S.
