3904 6248
364 230 468 295 475

1518 232 1779 294 ΡΗΟἸἾΙ
1816 231 2321 295 ΡΛΤΒῘΑΒΟΗᾸΞ
2354 232 2442 293 CP

3507 222 3609 285 476

365 345 622 401 Cmmbus
660 342 1143 415 liellespontiorum
1172 346 1462 417 provincia:
1484 351 1865 422 episcopis,'et
1894 366 1927 405 a
1950 361 1972 411 vl

2085 347 2541 411 ταντινουπόλεως,
2564 346 2658 398 καὶ
2691 342 2779 397 τὸν
2814 340 2901 397 ἐπ’
2917 344 3052 412 αὐτῇ
3078 339 3473 407 καθιστάμενον
3497 339 3612 392 θεο-

368 437 484 491 suis
526 436 797 506 episcopis
842 436 1074 508 eligatur
1119 452 1187 492 ex
1242 440 1466 509 antiqua
1516 448 1935 505 consuetudine.

369 527 547 584 Mores
579 531 745 595 enim,
774 529 869 598 qui
903 531 1102 585 suntin
1135 547 1461 601 unaquaque
1490 532 1937 596 Ecclesia.divini

370 621 534 675 etiam
569 622 742 674 nostri
792 621 979 674 Patres
1031 622 1329 675 servandos
1387 636 1744 691 consuerunt,
1780 628 1939 698 Cyzi-

371 728 629 767 cenorum
661 713 904 767 civitatis
937 713 1193 781 episcopo
1226 715 1447 782 praesuli
1490 717 1648 772 dictae
1674 716 1940 775 Justinia—

372 804 634 872 nopoleos
713 805 961 872 subjecto
1043 805 1388 871 exsistente,
1461 807 1526 860 ad
1585 809 1939 864 imitationem

376 897 719 966 reliquorum
784 897 1027 950 omnium
1085 899 1509 968 episcoporum,
1566 902 1660 970 qui
1711 903 1943 958 subsunt

372 988 633 1055 prredicto
662 987 755 1041 Dei
790 988 1172 1041 amantissimo
1219 990 1438 1057 praesuli
1470 989 1707 1054 Joanni;
1746 1007 1775 1044 a
1811 1008 1941 1061 quo,

374 1089 499 1126 cum
532 1088 665 1127 usus
711 1075 1086 1142 postulaverit,
1120 1076 1284 1128 etiam
1342 1077 1520 1147 ipsius
1549 1077 1944 1146 Cyzicenorum

373 1165 613 1218 civitatis
639 1166 928 1234 episcopus
954 1166 1315 1220 ordinabitur.

454 1431 668 1485 Textns.
704 1429 779 1485 De
805 1430 992 1485 ordine
1025 1430 1483 1499 patriarcharum,
1508 1437 1561 1483 ct
1597 1444 1718 1498 qua:
1741 1429 1810 1483 ab
1845 1429 1953 1484 illis

379 1526 715 1594 reliquisque
753 1525 1021 1594 episcopis
1069 1538 1170 1593 pro
1202 1522 1545 1576 ordinatione
1578 1523 1776 1575 dentur
1808 1540 1821 1575 :
1857 1522 1956 1576 de-

381 1618 545 1687 nique
571 1616 713 1686 quod
741 1616 982 1670 omnium
1012 1613 1374 1668 Ecclesiarum
1400 1621 1563 1681 caput
1586 1612 1657 1666 sit
1683 1610 1956 1665 Constan-

2041 442 2359 511 φιλέστατον
2393 438 2710 501 ἐπίσκοπον,
2753 436 2970 489 πάντων
2995 432 3346 503 προεδρεύειν
3374 430 3483 481 τῶν
3508 432 3608 499 τῆς

2052 531 2480 601 Ἑλλησποντίων
2497 531 2601 580 ἐπα
2611 528 2784 598 ρχίας·
2804 528 2904 580 καὶ
2922 525 3026 578 ὑπὸ
3038 524 3145 576 τῶν
3159 522 3372 576 οἰκείων
3387 522 3480 573 ἐπι
3488 522 3581 572 σκό
3592 549 3612 562 ο

2044 640 2162 676 πων
2185 620 2606 693 χειροτονεῖσθαι
2633 618 2774 672 κατὰ
2791 618 2886 687 τὴν
2914 617 3146 686 ἀρχαίαν
3177 613 3491 684 συνήθειαν.
3531 612 3613 665 Τὰ

2043 715 2153 785 γὰρ
2193 716 2251 767 ἐν
2282 715 2487 783 ἑκάστῃ
2517 711 2814 779 Ἐκκλησία
2844 708 2938 778 ἔθη
2970 708 3064 760 καὶ
3106 708 3154 759 οἱ
3177 704 3426 773 θεοφόροι
3458 702 3615 772 ἡμῶν

2045 806 2287 877 Πατέρες
2351 800 2873 875 παραφυλάττεσθαι
2921 797 3280 866 διεγνώκασι⁹
3349 794 3446 847 τοῦ
3512 793 3613 861 τῆς

2048 896 2369 968 Κυζικηνῶν
2440 894 2646 956 πόλεως
2706 890 3049 953 ἐπισκόπου,
3105 885 3473 954 ὑποκειμένου
3535 883 3614 951 τῷ

2048 989 2298 1060 προέδρῳ
2320 988 2419 1056 τῆς
2434 985 2728 1055 εἰρημένης
2756 978 3363 1040 Ἰουστινιανουπόλεως,
3389 976 3619 1043 μιμήσει

2047 1080 2154 1133 τῶν
2180 1078 2380 1130 λοιπῶν
2426 1077 2681 1130 ἁπάντων
2725 1071 3040 1126 ἐπισκόπων
3088 1071 3198 1123 τῶν
3238 1068 3344 1121 ὑπὸ
3400 1068 3494 1118 τὸν
3528 1066 3618 1116 λε-

2049 1170 2243 1241 χθέντα
2275 1167 2683 1235 θεοφιλέστατον
2751 1165 3014 1235 πρόεδρον
3072 1162 3346 1229 Ἰωάννην,
3411 1157 3506 1227 ὑφ’
3560 1150 3619 1209 οὗ

2052 1261 2238 1331 χρείας
2272 1259 2563 1327 καλούσης,
2595 1257 2686 1309 καὶ
2734 1258 2762 1308 ὁ
2792 1256 2890 1321 τῆς
2943 1250 3115 1320 αὐτῆς
3151 1250 3480 1317 Κυζικηνῶν
3518 1246 3618 1298 πό-

2052 1354 2188 1414 λεως
2221 1350 2518 1413 ἐπίσκοπος
2549 1346 3084 1419 χειροτονηθήσεται.

2127 1443 2264 1512 Περὶ
2308 1442 2365 1494 δέ
2416 1441 2516 1507 τῆς
2570 1439 2775 1504 τάξεως
2823 1439 2933 1487 τῶν
2967 1429 3342 1501 πατριαρχῶν,
3380 1430 3480 1482 καὶ
3516 1428 3625 1480 τῶν

2059 1536 2187 1604 παρ’
2214 1533 2413 1596 αὐτῶν,
2441 1533 2534 1584 καὶ
2582 1530 2689 1582 τῶν
2738 1528 2943 1580 λοιπῶν
2976 1526 3315 1580 ἐπισκόπων,
3361 1522 3503 1589 ὑπὲρ
3531 1521 3627 1587 τῆς

2060 1624 2238 1677 αὐτῶν
2262 1619 2597 1692 χειροτονίας
2644 1618 2964 1684 διδομένων,
2997 1616 3093 1667 καὶ
3138 1614 3221 1665 ὅτι
3273 1609 3472 1661 πασῶν
3509 1607 3629 1659 Ἐκ-

381 1684 661 1778 tin'opolis,
689 1708 804 1776 lege
830 1707 922 1760 lib.
959 1722 974 1759 ι
1018 1704 1165 1766 cud.,
1198 1706 1276 1758 tit.
1316 1704 1368 1767 1,
1405 1713 1580 1756 const.
1613 1703 1668 1768 7,
1695 1711 1748 1757 et
1774 1703 1856 1756 tit.
1895 1702 1950 1767 2,

2085 1712 2296 1783 ελησιῶν
2374 1709 2585 1776 κεφαλή
2664 1708 2813 1758 ἐστιν
2890 1696 3628 1773 ήΚωνσταντινουπόλεως,

383 1810 559 1855 const.
590 1799 642 1862 6,
680 1797 770 1861 20,
804 1796 909 1862 24;
963 1806 1016 1849 et
1045 1795 1124 1847 tit.
1163 1795 1187 1847 1
1222 1791 1566 1847 Novellarum
1596 1833 1610 1857 ,
1644 1793 1864 1846 constit.
1897 1788 1952 1857 2,

383 1901 440 1947 et
466 1892 545 1944 tit.
574 1890 629 1953 2,
662 1897 838 1943 const.
868 1888 922 1940 5.
950 1886 1140 1940 Const.
1172 1898 1301 1938 vero
1322 1883 1413 1948 16,
1446 1883 1527 1936 tit.
1557 1882 1610 1945 2,
1659 1882 1697 1937 l.
1729 1898 1767 1935 ι.
1804 1881 1955 1948 dicit,

384 1984 530 2053 quod
590 1979 1223 2047 Constantinopolitanus
1284 1972 1490 2046 [supra]
1558 1975 1697 2029 alios
1754 1975 1960 2028 habeat

387 2068 869 2139 praecininentiam.
899 2064 963 2119 Et
999 2076 1175 2118 const.
1221 2063 1288 2128 8,
1331 2063 1415 2116 tit.
1455 2063 1481 2114 1
1516 2062 1883 2125 Novellarum,
1906 2068 1960 2116 et.

386 2160 443 2223 3,
475 2160 556 2213 tit.
580 2159 634 2221 2,
666 2157 871 2210 faciunt
894 2156 1079 2225 primae
1110 2154 1432 2209 Iustinianze
1468 2154 1957 2223 archiepiscopum,

389 2265 454 2304 ac
488 2247 754 2321 [habent],
788 2248 931 2317 quod
969 2248 1143 2317 major
1175 2248 1247 2301 sit
1271 2246 1708 2317 metr0politano,
1736 2255 1789 2298 et
1813 2246 1958 2315 quod

390 2359 421 2397 a
474 2358 571 2396 sua
632 2341 840 2411 synodo
873 2349 1091 2394 creetur
1132 2358 1146 2393 :
1193 2339 1448 2403 denioue,
1480 2353 1618 2394 ouas
1645 2338 1959 2401 provincias

391 2429 516 2502 [sub
545 2426 626 2500 se]
658 2428 874 2481 habeat.

462 2629 570 2698 30
585 2626 736 2681 CAP.
757 2625 1419 2695 Vl.-—-Quinamqaosnam
1448 2640 1493 2681 et
1512 2630 1598 2683 ubi
1627 2639 1675 2682 et
1703 2632 1961 2698 quomodo

391 2722 657 2790 episcopos
708 2731 799 2773 aut
857 2720 1071 2772 clericos
1127 2719 1383 2773 ordinent.
1445 2719 1584 2784 Quid
1637 2738 1752 2775 vero
1787 2725 1832 2776 si
1863 2724 1969 2777 ειε-

395 2824 511 2867 ctus
546 2822 738 2867 recuset
769 2812 942 2864 oblato
978 2810 1155 2863 libello
1179 2813 1536 2880 episcopatum
1560 2814 1586 2866 2

703 2983 1077 3053 Apostolorum
1110 3000 1331 3037 canones
1372 2985 1421 3050 1,
1452 2984 1508 3049 2,
1537 2985 1624 3039 '55.

470 3080 525 3131 1.
564 3076 865 3147 Episcopus
897 3089 929 3128 a
958 3075 1173 3129 duobus
1207 3075 1286 3129 vel
1316 3077 1492 3131 tribus
1518 3076 1786 3147 episcopis
1819 3076 1972 3133 ordi-
2000 3082 2044 3139 C

399 3179 581 3224 netur.

465 3262 519 3314 Ξ.
556 3258 843 3329 Presbyter
885 3258 955 3311 ab
993 3272 1104 3311 uno
1130 3257 1386 3327 episcopo
1420 3259 1731 3326 ordinetur,
1766 3269 1821 3316 et
1853 3261 1976 3316 dia-

400 3367 595 3415 conus,
628 3361 681 3404 et
714 3349 912 3417 reliqui
945 3350 1154 3403 clerici.

472 3442 543 3496 55
581 3439 715 3511 [54].
748 3440 1047 3509 Episcopus
1075 3441 1117 3472 “
1149 3455 1214 3493 ne
1250 3442 1447 3494 audeat
1481 3450 1634 3495 extra
1668 3457 1799 3497 suos
1844 3443 1979 3498 lines

404 3532 587 3586 facere
638 3530 1011 3584 ordinationes
1074 3530 1128 3581 in
1190 3530 1414 3584 urbibus
1462 3537 1517 3584 et
1564 3533 1719 3602 pagis
1771 3548 1878 3587 non
1929 3533 1979 3587 ei

406 3618 687 3686 subjectis.
727 3617 821 3669 Sin
863 3626 1041 3669 autem
1085 3616 1186 3669 hoc
1237 3614 1433 3670 fecisse
1492 3620 1777 3675 convictus
1822 3619 1984 3672 fuerit

412 3718 610 3781 praeter
661 3724 849 3762 eorum
918 3707 1239 3761 sententiam
1290 3708 1383 3776 qui
1418 3718 1602 3762 tenent
1645 3725 1811 3779 pagos
1859 3710 1982 3766 illos

410 3803 492 3857 vel
524 3801 770 3856 civitates
796 3840 811 3865 ,
848 3800 1147 3869 deponatur
1202 3809 1257 3852 et
1304 3801 1419 3868 ipse
1454 3810 1507 3854 et
1572 3800 1609 3854 ii
1653 3816 1791 3871 quos
1834 3802 1984 3857 ordi-

409 3892 578 3948 navit.

601 3984 827 4039 Concilii
858 3983 1169 4037 Antiocheni
1199 3998 1423 4038 canones
1456 3982 1547 4049 15,
1589 3984 1675 4049 19,
1718 3983 1809 4038 22.

483 4077 571 4131 15.
602 4076 791 4132 Nullus
822 4079 1112 4147 episcopus
1141 4076 1336 4131 audeat
1383 4077 1451 4129 ab
1481 4091 1586 4129 una
1622 4077 1897 4144 provincia
1933 4077 1986 4130 in

416 4170 576 4224 aliam
605 4170 855 4237 transire,
908 4181 960 4225 et
984 4172 1193 4240 aliquos
1229 4171 1281 4223 in
1318 4168 1577 4223 Ecclesiis
1608 4169 1869 4222 ordinare
1920 4168 1986 4223 ad

418 4277 699 4317 sacrorum
728 4263 1167 4323 celebrationem,
1193 4278 1291 4315 nec
1320 4262 1362 4316 si
1390 4263 1526 4316 alios
1556 4278 1661 4315 una
1693 4277 1877 4315 secum
1910 4261 1991 4314 in-

418 4350 604 4415 ducat,
641 4351 745 4406 nisi
781 4352 991 4404 venerit
1013 4351 1208 4406 litteris
1241 4352 1538 4406 accersitus
1567 4350 1989 4421 metropolitani,

2057 1801 2332 1869 ἀνάγνωθι
2369 1798 2573 1870 βιόλίον
2608 1802 2656 1848 α’
2700 1794 2794 1846 τοῦ
2852 1793 3109 1855 κώδικος,
3144 1789 3248 1843 τίτ.
3286 1786 3356 1851 α’,
3416 1783 3628 1847 διάταξ.

2059 1894 2101 1960 ζ’
2130 1895 2226 1947 καὶ
2256 1892 2361 1945 τίτ.
2396 1891 2463 1959 β’,
2486 1887 2625 1941 διάτ.
2656 1892 2711 1951 ς’
2750 1883 2850 1949 κδ’,
2884 1885 2979 1938 καὶ
3005 1883 3110 1936 τίτ.
3140 1878 3186 1934 α’
3214 1879 3324 1932 τῶν
3378 1876 3593 1947 νεαρῶν
3614 1916 3630 1941 ,

2057 1986 2198 2040 διάτ.
2232 1984 2296 2054 β’,
2330 1983 2421 2036 καὶ
2437 1979 2545 2033 τίτ.
2579 1979 2644 2049 β’.
2677 1976 2817 2043 διάτ,
2844 1982 2891 2044 γ’
2913 1992 2927 2006 ο
2959 1974 3069 2043 ὴδέ
3118 1978 3193 2036 ις’
3245 1971 3388 2023 διάτ.
3441 1966 3538 2019 τοῦ
3590 1966 3633 2036 β’

2058 2079 2166 2133 τὶτ.
2200 2074 2295 2128 τοῦ
2332 2080 2379 2127 α’
2429 2070 2538 2141 βιϐ.
2590 2069 2777 2139 φησὶν,
2830 2070 2913 2120 ὃτι
2945 2067 2974 2118 ὁ
3002 2060 3635 2121 Κωνσταντινουπόλεως

2061 2171 2174 2241 ἔχει
2196 2168 2306 2223 τῶν
2338 2166 2515 2221 ἄλλων
2541 2161 2852 2233 προεδρίαν,
2892 2159 3036 2229 καὶή
3064 2163 3113 2227 η’
3143 2156 3282 2207 διάτ.
3322 2152 3418 2205 τοῦ
3452 2160 3500 2204 α’
3530 2151 3634 2203 τίτ.

2061 2266 2168 2319 τῶν
2202 2261 2432 2332 νεαρῶν,
2472 2260 2566 2312 καὶ
2592 2258 2626 2325 ἡ
2654 2254 2702 2324 γ’
2735 2253 2827 2306 τοῦ
2866 2252 2907 2322 β’
2944 2251 3075 2314 τίτ.,
3109 2248 3330 2302 ποιοῦσι
3361 2247 3461 2299 τὸν
3512 2244 3639 2313 πρί-

2068 2373 2174 2429 μας
2214 2350 2599 2417 Ἰουστινιανῆς
2647 2345 3079 2417 ἅρχιεπίσκοπον
3103 2360 3116 2372 '
3168 2343 3264 2393 καὶ
3304 2340 3389 2392 ὅτι
3421 2335 3631 2406 μείζων

2066 2423 2181 2500 ἐστὶ
2217 2443 2310 2497 τοῦ
2374 2438 2794 2513 μητροπολίτου,
2847 2433 2943 2487 κοι)⁸
2994 2433 3077 2485 ὅτι
3118 2430 3223 2482 ὑπὸ
3272 2428 3370 2497 τῆς
3417 2423 3637 2477 συνόδου

2066 2535 2231 2591 αὐτοῦ
2262 2533 2664 2604 χειροτονεῖται,
2698 2528 2792 2580 καὶ
2824 2525 2983 2587 ποίας
3011 2522 3279 2591 ἐπαρχίας
3304 2521 3439 2588 ἔχει.

2135 2628 2390 2680 ΚΕΦΑΛ.
2428 2626 2612 2689 ςκ-
2644 2620 2807 2683 Τίνες
2849 2617 3019 2681 τίνας
3067 2613 3163 2666 καὶ
3206 2610 3324 2664 ποῦ
3375 2610 3475 2663 καὶ
3517 2610 3643 2676 πῶς

2068 2716 2515 2788 χειροτονοῦσιν·
2578 2712 2948 2772 ἐπισκόπους
3024 2704 3063 2773 ἣ
3120 2701 3483 2769 κληρικοὺς.
3541 2703 3638 2755 καὶ

2068 2814 2176 2864 ἐὰν
2218 2813 2249 2863 ό
2296 2804 2727 2877 χειροτονηθεὶς
2773 2800 2869 2855 διὰ
2912 2798 3217 2859 λιϐέλλου,
3282 2792 3638 2862 παραιτῆται

2073 2900 2184 2968 τὴν
2210 2896 2568 2961 ἐπισκοπὴν.

2400 2988 2775 3041 Ἁποστόνῑων
2804 2984 3003 3038 κανὼν
3037 2991 3108 3048 α’,
3134 2984 3200 3053 β’,
3237 2984 3331 3036 λε’.

2144 3081 2212 3135 α’.
2253 3080 2579 3140 Ἐπίσκοπος
2607 3074 3022 3146 χειροτονείσθω
3054 3073 3160 3126 ὑπὸ
3200 3069 3517 3124 ἐπισκόπων
3557 3067 3649 3119 δύο

2076 3173 2109 3243 ἢ
2147 3171 2335 3241 τριῶν.

2151 3263 2219 3331 β’.
2280 3259 2664 3331 Πρεσϐύτερος
2727 3258 2830 3311 ὑπὸ
2884 3255 3001 3319 ἐνὸς
3050 3253 3354 3307 ἐπισκόπου
3409 3266 3654 3321 χειροτο-

2077 3353 2299 3418 νείσθω,
2326 3353 2421 3406 καὶ
2460 3352 2723 3415 διάκονος,
2756 3350 2850 3402 κοιλ⁸
2888 3349 2937 3400 οἱ
2970 3347 3150 3398 λοιποὶ
3192 3342 3469 3414 κληρικοί.

2147 3444 2241 3498 λε’.
2292 3443 2624 3497 Ἐπίσκοπον
2668 3443 2740 3511 μὴ
2762 3439 2967 3509 τολμᾷν
2991 3436 3095 3500 ἔξω
3128 3435 3235 3487 τῶν
3257 3434 3453 3487 ἐαυτοῦ
3492 3434 3655 3501 ὅρων.

2079 3538 2412 3608 χειροτονίας
2443 3534 2717 3588 ποιεῖσθαι
2748 3533 2828 3593 εἰς
2882 3529 2978 3592 τὰς
3004 3528 3076 3597 μὴ
3109 3526 3480 3595 ὑποκειμένας
3514 3524 3657 3590 αὐτῷ

2081 3630 2265 3691 πόλεις
2297 3629 2389 3682 καὶ
2409 3626 2595 3697 χώρας
2622 3643 2633 3655 ·
2659 3627 2707 3677 εἰ
2731 3624 2785 3675 δὲ
2804 3618 3084 3689 ἐλεγχθείη
3116 3616 3274 3670 τοῦτο
3320 3614 3660 3683 πεπιοιηκὼς

2083 3719 2235 3789 παρὰ
2264 3719 2359 3790 τὴν
2391 3718 2499 3771 τῶν
2534 3717 2872 3786 κατεχόντων
2924 3710 3021 3772 τὰς
3048 3709 3229 3771 πόλεις
3256 3707 3473 3769 ἐκείνας
3500 3708 3534 3777 ἢ
3565 3706 3658 3767 τάς

2087 3811 2271 3882 χώρας
2319 3809 2567 3880 γνώμην,
2622 3805 2989 3879 καθαιρείσθω
3047 3803 3141 3856 καὶ
3201 3800 3364 3861 αὐτὸς
3420 3799 3517 3851 καὶ
3571 3797 3662 3858 οὓς

2088 3903 2519 3975 ἐχειροτόνησεν.

2241 3992 2510 4046 Συνόδου
2556 3991 2919 4059 Ἀντιοχείας
2945 3989 3143 4044 κανὼν
3178 3989 3269 4057 ιγ’,
3306 3984 3398 4049 ιϐ’,
3434 3984 3541 4053 κβ’.

2162 4084 2253 4152 ιγ’.
2285 4084 2505 4152 Μηδένα
2530 4085 2828 4137 ἐπίσκοπον
2872 4084 3078 4151 τολμᾷν
3112 4083 3206 4151 ἀφ’
3250 4079 3443 4147 ἐτέρας
3493 4068 3663 4143 ἐπαρ-

2090 4176 2211 4246 χίας
2268 4178 2346 4239 είς
2378 4176 2568 4244 ἑτέραν
2594 4174 2936 4243 μεταϐαίνειν
2967 4173 3063 4226 καὶ
3101 4171 3425 4241 χειροτονεῖν
3454 4169 3513 4218 ἐν
3546 4165 3667 4217 Ἐκ-

2094 4265 2289 4335 κλησίᾳ
2319 4265 2471 4326 τινὰς
2509 4267 2589 4327 εἰς
2643 4265 2974 4332 προαγωγὴν
3010 4263 3380 4330 λειτουργίας,
3426 4248 3560 4327 μηδὲ
3619 4257 3666 4307 εἰ

2099 4355 2459 4422 συνεπὰγοιτο
2519 4352 2697 4423 ἑαυτῴ
2754 4354 2998 4422 ἐτέρους,
3056 4353 3104 4403 εί
3160 4349 3237 4419 μὴ
3292 4345 3666 4418 παρακληθεὶς

419 4453 475 4497 et
503 4444 879 4511 episcoporum
913 4443 1009 4511 qui
1037 4451 1163 4496 sunt
1195 4459 1319 4497 cum
1353 4444 1470 4513 ipso
1497 4484 1511 4509 ,
1549 4445 1603 4498 in
1633 4459 1867 4513 quorum
1901 4458 1972 4498 rei

2098 4420 2352 4515 ἀφίκοιτο
2402 4445 2490 4498 διὰ
2519 4420 2867 4516 γραμμάτων
2896 4446 2988 4496 τοῦ
3037 4460 3096 4496 τε
3141 4440 3539 4512 μητροπολίτου
3579 4437 3670 4489 καὶ

422 4535 637 4605 gionem
670 4535 895 4588 accedit.
922 4533 976 4587 Si
1009 4543 1187 4587 autem
1214 4536 1362 4589 nullo
1394 4545 1648 4602 vocante,
1678 4536 1744 4590 ad
1774 4537 1992 4605 aliquo-

424 4644 544 4681 rum
572 4629 973 4682 ordinationem
1007 4638 1061 4683 et
1086 4628 1583 4683 ecclesiasticarum
1618 4644 1800 4682 rerum
1837 4630 1904 4682 ad
1938 4642 1997 4683 se

424 4735 532 4774 non
586 4720 969 4789 pertinentium
1006 4719 1451 4773 constitutionem
1494 4718 1807 4773 inordinate
1837 4720 1988 4773 inso-

423 4811 703 4881 leniorque
732 4811 1093 4881 processerit,
1147 4814 1257 4865 sint
1287 4811 1503 4879 quidem
1558 4811 1710 4864 irrita
1759 4826 1878 4880 quae
1928 4810 1997 4864 ab

424 4903 544 4972 ipso
576 4914 858 4972 geruntur,
892 4904 1006 4971 ipse
1029 4911 1209 4956 autem
1246 4917 1358 4955 sua:
1392 4903 1692 4956 insolentia:
1723 4913 1778 4956 et
1806 4912 1999 4972 pra-ter

426 4993 690 5047 rationem
730 4993 885 5046 factre
936 4991 1303 5062 agngSsionis
1347 4993 1438 5046 dct
1475 5008 1684 5061 pcenas,
1726 5009 1756 5047 a
1810 5004 1996 5048 sancta

427 5086 635 5141 scilicet
676 5086 881 5155 synodo
903 5086 1098 5139 exinde
1130 5084 1411 5153 depositus

496 5264 585 5318 19.
610 5263 913 5334 Episcopus
937 5280 1005 5319 ne
1024 5265 1308 5319 ordinetur
1329 5267 1537 5334 absque
1559 5263 1768 5334 synodo
1790 5273 1843 5317 et
1865 5278 2001 5332 prse-

430 5357 605 5413 sentia
632 5358 1033 5427 metropolitani
1062 5357 1373 5427 provinciae.
1412 5359 1488 5412 Eo
1519 5368 1698 5411 autem
1726 5356 1830 5425 31
1866 5371 2004 5423 pra:-

430 5457 604 5514 scnte,
632 5450 856 5504 omnino
882 5450 1081 5504 melius
1108 5459 1190 5505 est
1210 5466 1402 5505 omnes
1424 5466 1525 5504 una
1560 5466 1681 5505 cum
1706 5466 1772 5505 eo
1792 5449 2003 5513 adesse,

434 5543 525 5609 qui
563 5550 691 5595 sunt
745 5542 797 5593 in
852 5541 1131 5609 provincia
1172 5542 1413 5612 ejusdem
1450 5543 1696 5597 muneris
1730 5541 1999 5612 oiliciique

506 5632 547 5662 δ’
581 5632 836 5688 Antioch.
867 5647 987 5686 can.
1021 5634 1073 5687 9.

2098 4540 2205 4593 τῶν
2244 4540 2339 4591 σὺν
2374 4537 2522 4607 αὐτῷ
2544 4538 2861 4590 ἐπισκόπων
2888 4529 2961 4589 ὧν
2995 4536 3074 4597 εἰς
3100 4534 3201 4603 τὴν
3245 4530 3427 4602 χώραν
3462 4529 3669 4598 παρέρ-

2099 4651 2263 4705 χοιτο.
2291 4632 2351 4687 Εἰ
2380 4635 2436 4687 δὲ
2490 4633 2719 4704 μηδενὸς
2744 4631 3034 4693 καλοῦντος
3058 4628 3282 4682 ἀπέλθοι
3311 4625 3565 4685 ἀτάκτως
3587 4622 3672 4675 ἐπὶ

2099 4724 2408 4794 χειροθεσίᾳ
2465 4724 2648 4785 τινῶν,
2697 4724 2791 4775 καὶ
2839 4719 3168 4775 καταστάσει
3238 4716 3345 4771 τῶν
3378 4715 3670 4782 ἐκκλησια·

2102 4816 2303 4868 στικῶν
2344 4814 2686 4884 πραγμάτων
2737 4814 2811 4883 μὴ
2841 4812 3226 4883 προσηκόντων
3289 4805 3458 4875 αὐτῷ,
3496 4806 3671 4873 ἄκυρα

2108 4911 2205 4979 μὲν
2237 4910 2305 4962 τὰ
2335 4910 2425 4961 ὑπ’
2456 4908 2621 4961 αὑτοῦ
2657 4907 3008 4977 πραττόμενα
3044 4904 3325 4973 τυγχάνει,
3379 4901 3474 4953 καὶ
3517 4899 3673 4951 αὑτὸν

2103 5002 2159 5055 δέ
2199 5001 2421 5069 ὑπέχειν
2445 4998 2541 5069 τῆς
2578 4999 2802 5064 ἀταξίας
2843 4994 3030 5057 αὐτοῦ,
3060 4995 3154 5047 καὶ
3223 4993 3321 5061 τῆς
3366 4990 3672 5060 παραλόγου

2104 5094 2520 5162 ἐπιχειρήσεως,
2556 5090 2653 5160 τὴν
2690 5090 3076 5159 προσήκουσαν
3114 5086 3292 5153 δίκην,
3346 5078 3662 5151 καθῃρημέ-

2103 5200 2192 5236 νον
2222 5182 2469 5235 ἐντεῦθεν
2499 5182 2598 5252 ἤδη
2628 5182 2732 5233 ὑπὸ
2758 5182 2857 5249 τῆς
2890 5180 3053 5247 ἁγίας
3080 5176 3325 5229 συνόδου.

2179 5272 2264 5329 ιθ⁹.
2316 5273 2641 5326 Ἐπίσκοπον
2696 5273 2770 5342 μὴ
2810 5268 3233 5341 χειροτονεῖσθαι
3289 5265 3414 5333 δίχα
3461 5261 3671 5314 συνόδου

2107 5366 2203 5419 καὶ
2231 5366 2529 5435 παρουσίας
2558 5364 2651 5418 τοῦ
2683 5366 2741 5416 ἐν
2772 5365 2839 5433 τῇ
2875 5358 3209 5432 μητροπόλει
3235 5356 3333 5424 τῆς
3364 5351 3630 5422 ἐπαρχίας
3655 5365 3667 5379 ·

2110 5458 2299 5510 τούτου
2322 5458 2379 5510 δέ
2411 5458 2677 5527 παρόντος
2712 5455 3034 5522 ἐξάπαντος,
3072 5450 3280 5518 βέλτιον
3313 5447 3413 5515 μὲν
3439 5445 3670 5498 συνεῖναι

2111 5549 2260 5620 αὐτῷ
2293 5550 2497 5612 πάντας
2531 5550 2656 5612 τοὺς
2691 5551 2748 5602 ἐν
2794 5544 2861 5617 τῇ
2913 5544 3152 5613 ἐπαρχίᾳ
3211 5533 3669 5606 συλλειτουργοὺς,
