3886 6240
130 221 221 284 477

963 223 1363 284 SYNTAGMA
1401 223 1788 286 CANONUM-
1832 251 1899 261 -
1937 227 2085 286 ΤΙΤ.
2127 226 2176 298 Ι,
2218 225 2376 285 CAP-
2416 225 2517 284 VI-

3255 224 3361 289 478

131 335 210 395 οὖς
240 331 330 384 καὶ
370 331 633 403 προσήκει
679 331 747 386 δι’
780 332 1096 401 ἐπιστολῆς,
1132 333 1223 387 τὸν
1272 336 1331 386 ὲν
1380 334 1445 403 τῇ
1483 348 1721 403 μητροη

1817 335 1920 389 ocii
1946 334 2466 403 (συλλειτουργοὺς),
2494 342 2553 387 et
2584 340 2800 400 oportet
2827 347 2921 402 per
2944 332 3225 402 epistolam
3250 349 3366 388 me-

133 426 267 477 πόλει
295 424 588 491 συγκαλεῖν
611 440 624 454 ·
658 424 751 477 καὶ
782 425 831 476 εἰ
880 423 984 493 μὲν
1014 426 1306 478 ἁπαντοῖεν
1356 424 1407 477 οί
1459 425 1681 488 πάντες,

133 521 343 590 βέλτιον.
377 517 439 571 Εί
471 518 523 570 δὲ
550 518 807 588 δυσχερὲς
852 518 939 589 εἴη
974 518 1152 582 τοῦτο,
1188 518 1313 582 τούς
1357 534 1420 585 γε
1468 515 1685 579 πλείους

133 614 410 678 ὲξάπαντος
436 612 691 681 παρεῖναι
736 610 848 662 δεῖ·
884 612 918 680 ἢ
967 610 1056 663 διὰ
1088 609 1430 680 γραμμάτων
1477 607 1686 678 ὁμοψή-

133 721 251 772 φους
281 701 569 768 γενέσθαι·
619 703 713 755 καὶ
757 700 902 754 οὕτω
940 701 1081 770 μετὰ
1138 704 1236 771 τῆς
1288 701 1395 753 τῶν
1426 699 1689 752 πλειόνων

133 795 237 864 ἤτοι
268 793 566 861 παρουσίας
599 794 632 863 ἢ
665 793 1139 863 ψήφου.γίνεσθαι
1183 794 1282 863 τὴν
1332 794 1687 846 κατάστασιν.

134 885 189 936 El
238 883 291 935 δὲ
322 882 496 945 ἄλλως
546 884 696 953 παρὰ
737 884 807 935 τὰ
857 882 1141 952 ὡρισμένα
1192 882 1466 949 γίγνοιτο,
1526 879 1691 949 μηδὲν

138 972 323 1042 ἰσχύειν
353 974 451 1042 τὴν
485 971 818 1041 χειροτονίαν
841 988 854 1002 ·
886 974 935 1024 εἰ
967 971 1023 1024 δὲ
1074 972 1219 1025 κατὰ
1266 973 1355 1023 τὸν
1390 971 1693 1041 ὡρισμένον

135 1064 316 1118 κανόνα
344 1062 588 1130 γίγνοιτο
619 1064 651 1132 ἡ
686 1064 1045 1128 κατάστασις.
1082 1063 1419 1131 ἀντιλέγοιεν
1438 1063 1495 1115 δέ
1551 1078 1695 1123 τινες

136 1156 195 1209 δι’
225 1154 423 1208 οἰκείαν
457 1153 814 1223 φιλονεικίαν,
860 1160 1083 1228 κρατεῖν
1134 1156 1242 1208 τῶν
1290 1153 1554 1207 πλειόνων
1599 1151 1696 1223 τὴν

135 1248 315 1317 ψῆφον.

200 1340 296 1410 κβ’.
342 1340 673 1395 Ἐπίσκοπον
706 1339 780 1410 μὴ
806 1337 1106 1390 ὲπιὸαίνειν
1138 1335 1396 1407 ἀλλοτρίᾳ
1418 1335 1579 1388 ’πόλει
1621 1334 1688 1404 τῇ

141 1432 206 1501 μὴ
243 1432 576 1502 ὑποκειμένῃ
613 1430 780 1500 αὐτῷ,
820 1430 952 1500 μηδὲ
981 1428 1135 1499 χώρᾳ
1162 1431 1227 1498 τῇ
1277 1426 1427 1496 αὐτῷ
1481 1426 1555 1495 μὴ
1582 1424 1698 1477 δια-

140 1522 378 1592 φερούσῃ,
408 1524 500 1573 ὲπὶ
532 1521 837 1591 χειροτονίᾳ
859 1522 1023 1583 τινὸς,
1057 1519 1195 1588 μηδὲ
1228 1517 1494 1587 καθιστᾷν
1524 1533 1700 1587 πρεσ-

140 1612 379 1683 6υτὲρους
416 1613 765 1684 ἢδιακόνους
814 1614 893 1674 είς
946 1610 1143 1673 τόπους
1192 1610 1365 1679 ἑτέρῳ
1417 1610 1703 1679 ὲπισκόπῳ

143 1705 538 1772 ὑποκειμένους,
573 1704 725 1771 εἰμὴ
756 1703 866 1773 ἄρα
901 1701 1039 1771 μετά
1083 1700 1312 1771 γνώμης
1357 1699 1453 1753 τοῦ
1491 1700 1699 1753 οἰκείου

140 1798 225 1864 τῆς
252 1795 425 1865 χώρας
450 1796 780 1849 ἐπισκόπου.
819 1795 882 1847 Εἰ
908 1795 964 1847 δὲ
988 1794 1280 1865 τολμήσειέ
1312 1811 1397 1857 τις
1432 1792 1697 1858 τοιοῦτον,

142 1886 321 1957 ἄκυρον
347 1882 484 1940 εἶναι
528 1888 632 1957 τὴν
666 1885 1029 1958 χειροθεσίαν,
1062 1886 1158 1940 καὶ
1206 1886 1367 1939 αὑτὸν
1418 1885 1701 1955 ἐπιτιμίας

143 1980 232 2034 ὑπὸ
252 1980 344 2050 τῆς
368 1982 591 2035 συνόδου
629 1978 939 2049 τυγχάνειν.

352 2118 629 2172 Συνόδου
657 2117 1007 2183 Λαοδικείας
1039 2116 1239 2171 κανὼν
1260 2123 1321 2183 ε’,
1367 2116 1459 2188 ιβ’.

201 2214 257 2263 ε’.
278 2211 407 2281 Περὶ
435 2210 529 2263 τοῦ
561 2212 639 2281 μὴ
668 2211 777 2263 δεῖν
800 2212 899 2273 τὰς
928 2210 1259 2281 χειροτονίας
1292 2212 1386 2265 ἐπὶ
1425 2210 1702 2282 παρουσίᾳ

143 2305 486 2375 ἀκροωμένων
514 2305 792 2373 γίνεσθαι.

204 2396 285 2463 ιβ’.
316 2398 445 2466 Περὶ
470 2396 567 2449 τοῦ
595 2398 722 2459 τοὺς
746 2398 1081 2460 ἐπισκόπους
1124 2397 1306 2465 κρίσει
1356 2398 1449 2450 τοῦ
1496 2414 1699 2467 μητρο-

147 2485 342 2538 πολίτου
369 2488 460 2541 καὶ
496 2487 615 2539 τῶν
649 2488 808 2559 πέριξ
836 2486 1169 2549 ἐπισκόπων,
1216 2487 1578 2540 καθίστασθαι
1616 2489 1698 2551 είς

144 2578 228 2645 τὴν
254 2579 709 2649 ὲκκλησιαστικὴν
735 2579 931 2650 ἀρχὴν,
959 2580 1120 2642 ὄντας
1150 2581 1213 2632 ὲκ
1244 2579 1440 2631 πολλοῦ
1493 2580 1699 2632 δεδοκι-

151 2671 430 2739 μασμένους
448 2688 461 2700 ·
488 2671 549 2723 ἐν
576 2688 637 2723 τε
656 2670 735 2740 τῷ
756 2671 900 2741 λόγῳ
920 2670 1019 2740 τῆς
1059 2670 1319 2734 πίστεως,
1350 2671 1445 2723 καὶ
1486 2672 1552 2741 τῇ
1604 2669 1699 2723 τοῦ

150 2761 325 2826 εὐθέως
345 2763 502 2831 λόγου
539 2764 812 2835 πολιτείᾳ.

149 2896 388 2952 Evr-66w
430 2898 688 2965 Ἐφέσου
728 2897 929 2952 κανὼν
953 2904 1027 2965 η’,
1066 2897 1161 2951 καὶ
1202 2898 1499 2967 ἐπιστολὴ
1551 2898 1701 2968 πρὸς

461 2968 585 3035 τὴν
609 2969 679 3021 ἐν
710 2970 1035 3038 Παμφυλίᾳ
1071 2968 1362 3023 σύνοδον.

208 3066 271 3130 η’.
294 3060 422 3123 Τοὺς
450 3060 504 3113 δὲ
533 3031 860 3131 τολμῶντας
884 3062 917 3132 ἢ
949 3031 1250 3115 συντιθέναι
1280 3062 1459 3114 πίστιν
1491 3061 1701 3131 ἑτέραν,
1727 3031 1773 3091 C

150 3149 299 3218 ἤγουν
338 3152 692 3222 προκομίζειν
723 3153 756 3222 ἢ
789 3151 1088 3225 προφέρειν
1136 3156 1247 3215 τοῖς
1296 3152 1541 3206 θέλουσιν
1588 3155 1707 3205 ἐπι-

154 3244 375 3312 στρέφειν
406 3245 483 3306 εἰς
538 3245 841 3309 ἐπίγνωσιν
864 3246 961 3314 τῆς
991 3244 1269 3315 ἀληθείας,
1305 3244 1336 3315 ἢ
1386 3243 1446 3310 ἐξ
1499 3247 1707 3317 ἑλληνι-

157 3334 274 3402 σμοῦ
321 3336 351 3406 ἢ
386 3336 441 3401 ἐξ
479 3337 800 3406 ίουδαῖσμοῦ
825 3376 839 3400 ,
873 3338 1037 3407 ἤγουν
1086 3337 1143 3401 ἐξ
1191 3338 1452 3408 αἱρέσεως
1492 3341 1708 3408 οἱασδη-

156 3426 345 3489 ποτοῦν,
376 3427 625 3493 τούτους,
660 3433 706 3480 εὶ
763 3428 860 3499 μὲν
914 3426 1023 3481 εἶεν
1063 3428 1352 3482 ἐπίσκοποι
1376 3430 1407 3500 ἢ
1434 3430 1706 3499 κληρικοὶ,

158 3516 431 3588 ἀλλοτρίους
456 3519 603 3575 εἶναι
631 3521 756 3581 τοὺς
781 3521 1112 3583 ἐπισκόπους
1141 3523 1236 3591 τῆς
1256 3524 1583 3594 ἐπισκοπῆς,
1615 3525 1711 3575 καὶ

158 3609 262 3673 τοὺς
287 3612 573 3682 κληρικοὺς
604 3611 700 3664 τοῦ
723 3614 926 3683 κλήρου
953 3629 965 3641 ⁸
999 3615 1047 3665 εἰ
1100 3614 1158 3666 δὲ
1200 3614 1378 3667 λαῖκοὶ
1409 3610 1539 3677 εἷεν,
1582 3616 1710 3668 ἀνα-

161 3698 533 3770 θεματίζεσθαι,
574 3706 718 3758 κατὰ
748 3706 838 3757 τὸν
886 3706 999 3757 ἴσον
1047 3706 1105 3758 δὲ
1162 3707 1365 3776 τρόπον
1420 3708 1469 3758 εἰ
1517 3724 1709 3777 φωρα-

161 3792 279 3845 θεῖἐν
316 3813 474 3861 τινες,
550 3798 669 3850 εἴτε
738 3799 1045 3862 ἐπίσκοποι,
1100 3799 1211 3852 εἴτε
1267 3800 1558 3870 κλῃρικοὶ,
1600 3801 1710 3853 εἴτε

163 3881 331 3948 λαῖκοὶ,
367 3885 398 3956 ἢ
430 3886 762 3956 φρονοῦντες
798 3888 830 3958 ἦ
865 3888 1212 3951 διδάσκοντες
1264 3888 1333 3942 τὰ
1366 3891 1423 3941 ὲν
1474 3892 1540 3960 τῇ
1577 3908 1711 3959 προ-

165 3977 453 4053 κομισθείσῃ
480 3980 698 4034 ἐκθέσει
718 3984 868 4051 παρᾶ
892 3982 1155 4052 Χαρισίου
1193 3981 1287 4034 τοῦ
1314 3981 1709 4052 πρεσϐυτέρου,

164 4069 273 4137 περὶ
298 4071 391 4142 τῆς
425 4073 895 4144 ὲνανθρωπήσεως
923 4074 1017 4127 τοῦ
1067 4074 1395 4143 μονογενοῦς
1449 4075 1544 4127 τοῦ
1571 4075 1707 4127 Θεοῦ

164 4158 297 4227 Tia-3,
327 4164 489 4233 ἤγουν
518 4166 588 4218 τὰ
622 4166 796 4235 μιαρὰ
825 4167 920 4217 καὶ
951 4166 1361 4237 διεστραμμένα
1413 4166 1711 4236 Νεστορίου

162 4252 398 4323 δόγματα,
450 4256 486 4310 ἃ.
556 4259 656 4310 καὶ
705 4257 1093 4323 ὑποτέτακται,
1160 4256 1578 4310 ὑποκείσθωσαν
1642 4259 1708 4326 τῇ

1788 427 2180 496 tropolitanum
2208 441 2304 481 eos
2334 440 2674 490 convocare,
2710 435 2762 480 et
2817 426 2864 479 si
2902 441 3095 481 omnes
3144 426 3363 495 quidem

1788 517 2142 580 accesserint,
2174 517 2311 571 bene
2334 525 2437 583 est;
2474 517 2559 570 sin
2590 527 2769 570 autem
2804 516 2909 570 hoc
2931 516 3097 571 fuerit
3124 516 3363 581 difﬁcile,

1789 612 1977 681 plures
1998 611 2224 665 omnino
2249 609 2445 664 adesse
2473 617 2711 678 Oportet,
2744 610 2827 662 vel
2868 610 3080 664 litteras
3104 624 3211 664 una
3241 626 3365 664 cum

1792 704 1901 758 illis
1930 701 2249 771 suﬁ'ragium
2290 700 2453 762 ferre,
2482 708 2537 754 et
2563 701 2645 755 sic
2685 715 2808 756 cum
2850 702 3089 770 plurium
3123 716 3366 770 praesen-

1793 796 1867 849 tia
1918 795 2005 850 vel
2050 794 2317 849 electione
2368 793 2482 847 ﬁeri
2525 794 2992 849 constitutionem.
3049 793 3145 847 Sin
3188 803 3367 847 autem

1794 889 1954 943 aliter
1989 889 2314 956 przeterbazc
2336 902 2456 956 qua
2480 887 2696 943 decreta
2730 895 2878 952 sunt,
2913 886 3028 949 ﬁat,
3058 902 3165 939 non
3196 886 3372 938 valeat

1788 977 2089 1031 ordinatio.
2133 975 2229 1030 Sin
2277 985 2460 1031 autem
2510 991 2577 1029 ex
2645 974 2913 1045 praeﬁnito
2964 990 3177 1029 canone
3229 972 3372 1027 facta

1798 1070 1965 1125 fuerit
1990 1070 2341 1134 constitutio,
2370 1069 2536 1138 aliqui
2581 1076 2762 1121 autem
2799 1074 3020 1135 propter
3049 1082 3209 1121 suum
3237 1082 3374 1122 eon-

1800 1159 2062 1215 tentionis
2106 1160 2347 1215 studium
2420 1157 2841 1220 contradicunt,
2893 1156 3076 1209 vincat
3135 1156 3374 1225 plurium

1800 1252 2143 1323 suﬁ‘ragtum.

1869 1346 1963 1403 22.
2010 1345 2310 1415 Episcopus
2340 1342 2393 1395 in
2421 1342 2653 1396 alienam
2682 1342 2980 1405 civitatem,
3016 1354 3139 1408 qua:
3166 1338 3217 1393 ei
3248 1337 3379 1393 sub-

1798 1436 1937 1505 jecta
1986 1450 2093 1489 non
2120 1444 2207 1487 est
2248 1448 2353 1485 non
2388 1430 2668 1494 ascendat,
2715 1444 2816 1483 nec
2850 1428 2905 1481 in
2954 1427 3228 1497 regionem
3258 1438 3380 1493 qua:

1804 1529 1871 1583 ad
1921 1543 2045 1582 eum
2100 1542 2206 1581 non
2251 1525 2507 1593 pertinet,
2560 1522 2625 1576 ad
2670 1521 2907 1590 alicujus
2952 1518 3378 1580 ordinationem,

1808 1636 1906 1675 nec
1939 1620 2314 1688 presbyterum
2360 1616 2442 1668 vel
2484 1614 2776 1668 diaconum
2808 1612 3111 1666 constituat
3159 1608 3212 1661 in
3244 1606 3382 1661 locis

1805 1713 1898 1768 alii
1934 1710 2191 1780 episcopo
2234 1708 2521 1776 subjectis,
2560 1704 2663 1758 nisi
2708 1721 2832 1759 cum
2869 1702 3151 1756 voluntate
3174 1698 3379 1768 proprii

1803 1806 1950 1861 illius
1996 1804 2235 1873 regionis
2285 1801 2550 1870 episcopi.
2606 1800 2664 1853 Si
2716 1799 2841 1866 quis
2874 1804 3057 1850 autem
3096 1794 3207 1848 tale
3249 1790 3382 1861 quid

1804 1915 1971 1953 ausus
1998 1897 2179 1959 fuerit,
2213 1896 2428 1950 inﬁrma
2458 1894 2530 1949 sit
2560 1891 2855 1957 ordinatio,
2884 1898 2940 1944 et
2973 1889 3087 1958 ipse
3112 1902 3142 1941 a
3174 1883 3383 1956 synodo

1804 1990 2081 2059 puniatur.

2085 2116 2311 2173 Concilii
2351 2114 2635 2169 Laodiceni
2669 2128 2894 2167 canones
2926 2110 2981 2173 5,
3013 2108 3103 2165 12.

1873 2211 1927 2265 5.
1968 2207 2083 2263 Νοη
2132 2218 2387 2279 oportere
2432 2206 2809 2262 ordinationes
2843 2202 2957 2256 ﬁeri
3002 2202 3056 2255 in
3096 2196 3383 2269 praesentia

1802 2320 1992 2359 eorum
2024 2304 2115 2371 qui
2142 2302 2397 2355 audiunt.

1875 2398 1961 2452 12.
2008 2394 2077 2450 Ut
2106 2395 2346 2465 episc0pi
2380 2392 2925 2461 metropolitanorum
2958 2395 3013 2441 et
3043 2399 3255 2446 eorum,
3292 2380 3385 2448 qui

1803 2503 1933 2547 sunt
1979 2490 2362 2553 circumcirca,
2412 2487 2794 2557 episc:0pormn
2824 2479 3057 2551 judicio,
3107 2478 3161 2531 in
3205 2476 3383 2528 eccle-

1802 2583 2024 2638 siastico
2076 2583 2396 2651 magistratu
2443 2578 2864 2639 constituantur,
2910 2573 3002 2625 diu
3043 2567 3381 2628 examinati,

1801 2684 1854 2727 et
1902 2673 1955 2726 in
1988 2673 2202 2727 ratione
2244 2672 2398 2737 ﬁdei,
2443 2683 2497 2726 et
2531 2672 2585 2724 in
2618 2677 2783 2723 recta:
2831 2661 3066 2719 rationis
3099 2659 3386 2729 dispensa-

1807 2769 1975 2823 tione.

1803 2908 2032 2963 Concilii
2078 2906 2329 2978 Ephesini
2375 2921 2546 2978 canon
2579 2895 2966 2978 8,et_epistola
3012 2893 3081 2947 ad
3129 2887 3390 2961 synodum

2360 2980 2413 3031 iu
2446 2971 2780 3042 Pamphylia.

1886 3072 1939 3127 8.
1965 3072 2066 3139 Qui
2098 3088 2226 3125 vero
2250 3070 2366 3125 ausi
2392 3067 2592 3122 fuerint
2621 3071 3057 3129 autcomponere
3072 3053 3228 3107 ﬁdem
3253 3052 3390 3106 alte-

1811 3183 1951 3229 ram,
1983 3172 2077 3219 aut
2127 3159 2394 3232 proferre,
2421 3157 2505 3211 vel
2542 3154 2739 3208 oli‘erre
2786 3147 3030 3204 converti
3077 3141 3390 3196 volentibus

1810 3259 1916 3329 32
1957 3255 2023 3308 ad
2073 3251 2409 3322 agnitionem
2485 3245 2752 3307 veritatis,
2793 3242 2907 3295 sive
2950 3254 3012 3293 cx
3070 3232 3390 3305 gentilitate,

1814 3327 2170 3423 [pagauitate]
2197 3344 2311 3397 sive
2340 3356 2404 3393 ex
2432 3338 2732 3410 judaismo,
2762 3333 2875 3387 sive
2915 3346 2982 3385 ex
3024 3327 3395 3423 qualicunque

1816 3414 2044 3505 lueresi;
2090 3414 2191 3492 bos
2230 3435 2471 3505 quidem,
2512 3432 2558 3487 si
2605 3436 2733 3483 sunt
2780 3423 3018 3496 episc0pi
3066 3428 3158 3474 aut
3185 3414 3394 3481 clerici,

1812 3536 2019 3589 alienos
2050 3546 2172 3585 esse
2203 3530 2492 3597 episcopos
2537 3523 2605 3577 ab
2640 3520 2979 3589 episcopatu,
3020 3523 3074 3567 et
3105 3510 3334 3565 clericos
3361 3524 3393 3561 a

1812 3626 2072 3681 clericatu
2102 3620 2377 3675 decrevit:
2419 3619 2461 3671 si
2488 3630 2615 3668 vero
2650 3611 2771 3665 laici
2798 3608 3019 3670 fuerint,
3059 3598 3395 3658 anathemati

1813 3720 2030 3788 subjici.
2081 3714 2254 3770 Simili
2291 3712 2455 3767 etiam
2498 3708 2659 3762 modo
2696 3704 2857 3772 siqui
2906 3699 3112 3754 inventi
3152 3695 3391 3755 fuerint,

1814 3812 1896 3866 vel
1917 3786 2180 3880 episcopi,
2215 3805 2300 3859 vel
2331 3801 2539 3864 clerici,
2566 3799 2649 3855 vel
2683 3797 2827 3858 laici,
2878 3794 2989 3847 sive
3024 3790 3251 3848 sentire,
3280 3786 3397 3840 sive

1813 3878 2010 3959 docere
2050 3914 2110 3953 ea
2162 3912 2283 3966 qure
2329 3893 2681 3949 continentur
2729 3888 2784 3941 in
2822 3885 3001 3940 oblata
3052 3878 3396 3949 expositione

1813 4010 1841 4047 a
1871 3991 2119 4047 Cbarisio
2163 3986 2481 4058 presbytero
2521 3983 2586 4035 de
2633 3976 2894 4047 unigeniti
2926 3973 3049 4027 Filii
3083 3971 3172 4025 Dei
3208 3970 3393 4023 incar-

1816 4083 2055 4143 natione,
2076 4078 2190 4133 sive
2218 4076 2481 4130 scelerata
2512 4080 2565 4125 et
2588 4083 2837 4138 perversa
2862 4063 3097 4119 Nestorii
3118 4062 3394 4128 dogmata,

1813 4190 1934 4243 qu:e
1960 4182 2013 4226 et
2042 4171 2286 4225 subnexa
2318 4174 2467 4227 sunt,
2521 4162 2837 4228 subjaceant
2870 4155 3155 4212 sententiae
3190 4160 3397 4205 sancta:

1815 4265 1979 4333 huius
2006 4271 2061 4316 et
2092 4258 2419 4315 universalis
2452 4253 2644 4325 synodi
2679 4271 2692 4307 :
2733 4262 2791 4306 ut
2824 4248 3077 4303 videlicet
3100 4245 3394 4314 episcopus

163 4343 400 4415 ἀποφάσει
423 4349 519 4418 τῆς
553 4349 719 4417 ἁγίας
746 4349 946 4420 ταύτης
980 4351 1073 4402 καὶ
1118 4351 1512 4420 οἱκουμενικῆς
1548 4348 1699 4401 συνό⁴

1817 4357 2035 4428 quidem
2068 4359 2412 4407 removeatur
2436 4348 2505 4403 ab
2522 4347 2861 4415 episcopatu,
2895 4352 2951 4395 et
2982 4340 3055 4393 sit
3082 4333 3391 4405 depositus;

162 4434 273 4487 δου-
316 4439 448 4493 ὧστε
490 4442 761 4513 δηλονότι,
804 4442 895 4495 τὸν
949 4442 1050 4512 μὲν
1110 4443 1412 4497 ἐπίσκοπον
1464 4441 1709 4498 ἀπαλλο-

163 4530 410 4597 τριοῦσθαι
434 4538 528 4606 τῆς
568 4536 900 4606 ἐπισκοπῆς,
948 4539 1041 4588 καὶ
1099 4533 1239 4589 εἶναι
1284 4536 1707 4607 καθῃρημένον·

164 4620 238 4670 τὸν
264 4623 314 4674 δὲ
346 4626 625 4696 κληρικὸν,
672 4627 872 4697 ὁμοίως
926 4627 1217 4680 ἐκπίπτειν
1258 4628 1350 4681 τοῦ
1390 4628 1618 4698 κλήρου.
1646 4628 1708 4680 Ei

164 4710 209 4761 δὲ
254 4712 424 4779 λαῖκὸς
478 4719 588 4790 εἴη,
648 4719 742 4771 καὶ
792 4712 947 4783 οὗτος
1005 4720 1486 4791 ἁναθεματιζέσθω
1515 4762 1529 4783 ,
1564 4720 1707 4773 καθὰ

165 4808 474 4877 προείρηται.

176 4913 469 4995 Ἐπιστολὴ
488 4922 599 4991 τῆς
620 4924 804 4992 αὐτῆς
838 4926 907 4979 ἐν
950 4926 1181 4995 Ἐρέσῳ
1203 4926 1378 4993 ἁγίας
1418 4925 1710 4991 συνόδου,

225 4990 358 5063 ςζρὸς
390 4994 501 5058 τὴν
528 4990 600 5046 ἐν
635 4990 953 5063 Παμφυλίᾳ
986 4990 1176 5063 ε’ὺαγῆ
1217 4990 1509 5058 αὐνοδον,
1575 4998 1710 5063 περὶ

223 5058 537 5177 ξὺσταθίου
588 5066 693 5119 τοῦ
717 5058 1060 5133 ’γενομένου
1106 5058 1307 5120 αὐτῶν
1338 5058 1709 5136 μητροπολί-

255 5144 336 5181 ου.

227 5241 371 5294 Μετὰ
391 5245 629 5314 βουλῆς
656 5247 848 5301 πάντα
882 5251 1036 5302 ποίει
1064 5249 1165 5317 τῆς
1214 5248 1574 5302 θεοπνεύστου
1626 5249 1714 5301 λε-

173 5331 347 5402 γοῦσης
389 5336 630 5407 Γραφῆς,
705 5340 808 5410 χρὴ
871 5340 935 5410 δὴ
1001 5341 1236 5411 μάλιστα
1282 5342 1408 5405 τοὺς
1458 5340 1709 5410 ἱερᾶσθαι

172 5417 406 5493 λαχόντας
438 5431 576 5498 μετὰ
612 5433 787 5504 πάσης
815 5434 1101 5505 ἀκριεείας
1134 5434 1230 5505 τὴν
1276 5434 1363 5505 ἐφ’
1396 5434 1567 5488 ἅπασι
1606 5434 1719 5497 τοῖς

236 5624 447 5687 "Eccli.
488 5648 654 5699 um,
690 5635 779 5690 ΞΒ.

1822 4426 2053 4507 clericus
2082 4463 2213 4502 vero
2256 4442 2512 4499 similiter
2540 4439 2759 4495 excidat
2796 4451 2826 4489 a
2850 4432 3110 4489 elericatu
3144 4446 3156 4479 :
3189 4426 3235 4481 si
3269 4439 3399 4478 vero

1820 4544 1992 4599 laicus
2019 4540 2143 4610 quis
2187 4538 2279 4603 sit,
2310 4544 2365 4590 et
2412 4535 2529 4604 ipse
2558 4527 3074 4589 anatltematizetur,
3128 4520 3274 4577 sicut
3302 4533 3398 4574 su-

1821 4638 2005 4709 perius
2042 4633 2246 4689 dictum
2278 4636 2381 4683 est.

1824 4918 2079 4990 Ejusdem
2120 4926 2319 4990 sanctis
2368 4914 2658 4990 Ephesium.
2697 4910 2886 4990 synodi
2928 4904 3268 4990 epistola-ud
3317 4919 3398 4990 se:

1893 5006 2038 5044 cram
2070 4989 2329 5057 synodum
2374 4976 2426 5038 oi
2472 4976 2808 5057 Pamphylia,
2854 4983 2918 5035 de
2957 4976 3276 5039 'Eustatltio,
3307 4976 3397 5042 qui

1891 5056 2128 5130 ipsorum
2161 5058 2492 5126 melropolita
2518 5056 2717 5125 fuerat.

1892 5238 2027 5292 Cum
2076 5238 2339 5290 divinitus
2388 5236 2654 5303 inspirata
2702 5232 2985 5299 Scriptura
3044 5226 3234 5281 dicat:
3274 5220 3399 5275 Sine

1823 5332 2044 5387 consilio
2097 5330 2230 5383 nihil
2274 5330 2445 5399 facias
2471 5328 2514 5357 θ’
2544 5344 2556 5379 :
2588 5341 2682 5379 eos
2719 5325 2770 5376 in
2828 5321 3039 5391 primis,
3089 5315 3181 5385 qui
3236 5324 3397 5367 sacro

1825 5426 2010 5494 aliquo
2033 5424 2085 5479 in
2118 5438 2345 5478 munere
2380 5420 2587 5476 versari
2627 5417 2839 5479 volunt,
2876 5424 3073 5481 magna
3101 5402 3401 5476 diligentia,
