3904 6248
475 270 582 334 479

1648 277 1910 337 ΡΙΙΟΤΙΙ
1947 277 2452 338 ΡΑΤΒΙΑΒΟΗίΕ
2481 279 2589 340 CP.

3646 277 3748 341 480

477 386 740 456 omnique
785 387 966 443 studio
1005 387 1060 442 in
1115 387 1164 442 id
1215 389 1535 444 incumbere
1591 399 1826 460 oportet,
1879 397 1939 444 ut
2002 390 2054 443 in

2164 391 2456 460 πρακτέοις
2482 391 2753 446 ποιεῖσθαι
2781 392 3067 462 διάσκεψιν
3085 409 3097 422 ·
3125 391 3363 446 διαϐιοῦν
3411 391 3524 463 γὰρ
3573 392 3744 457 οὕτως

479 480 736 534 omnibus
766 480 929 535 rebus
979 481 1432 538 administrandis
1479 483 1812 552 agendisque
1841 497 2056 537 summa

479 569 806 624 adhibeatur
867 570 1258 625 consideratio.
1314 570 1449 626 Nam
1501 575 1569 628 iis
1610 575 1702 642 qui
1743 575 1823 628 sic
1874 574 2057 628 vivere

477 661 690 727 volunt,
743 660 798 715 in
858 663 1067 730 optima
1117 679 1212 732 spe
1262 679 1349 719 res
1390 680 1578 720 eorum
1629 667 1762 720 sitas
1811 681 1954 731 esse,
2001 674 2057 720 et

479 753 645 806 veluti
680 754 922 808 secundo
956 770 1143 819 cursu,
1188 772 1308 824 quae
1348 766 1557 826 optant,
1591 758 1883 812 succedere
1923 772 2056 811 con-

479 845 659 913 tingit.
698 846 763 899 Et
790 861 924 899 sane
957 847 1069 900 hazc
1099 863 1204 900 non
1237 863 1426 914 parum
1461 849 1656 902 rationi
1687 860 2055 903 consentanea

477 943 562 989 est
591 935 787 988 eratin.
831 934 1024 990 Verum
1058 938 1275 990 interim
1310 940 1447 992 solet
1483 940 1727 994 incidere
1758 940 2055 1009 aliquando

477 1041 641 1096 asper
667 1044 731 1081 ae
766 1029 1144 1083 intolerandus
1166 1031 1341 1096 dolor,
1365 1033 1458 1100 qui
1490 1041 1723 1086 mentem
1760 1033 2054 1087 humanam

478 1121 662 1176 subito
693 1123 878 1192 aliquo
909 1125 1167 1190 percellat
1193 1127 1418 1193 impetu,
1465 1127 1646 1194 itaque
1692 1144 1809 1181 eam
1843 1138 2058 1197 pertur-

477 1214 660 1268 batam
687 1230 1110 1285 pcrversamque
1138 1219 1350 1283 reddat,
1381 1227 1439 1271 ut
1463 1225 1518 1272 et
1549 1221 1616 1272 ab
1642 1221 1855 1273 utilium
1890 1221 2057 1275 hone-

479 1315 802 1375 storumque
857 1307 1200 1378 indagatione
1252 1310 1575 1375 abducatur,
1613 1322 1664 1364 et
1709 1312 1776 1365 ad
1821 1327 1904 1375 ea,
1935 1327 2057 1380 qlia:

479 1405 675 1450 natura
711 1398 779 1452 ad
832 1399 1130 1454 laedendum
1160 1409 1287 1454 sunt
1336 1413 1671 1471 comparata,
1701 1406 1878 1473 specie
1899 1406 2056 1460 boui-

479 1494 609 1547 tatis
642 1496 1013 1564 persequenda
1057 1497 1384 1564 impellatur.
1441 1500 1571 1554 Tale
1615 1501 1873 1568 quiddam
1925 1517 2054 1555 san-

478 1579 724 1633 ctissimo
780 1585 897 1634 viro
953 1583 1238 1638 Eustathio
1303 1587 1597 1655 contigisse
1677 1590 2052 1659 cognorimus.

478 1668 584 1737 33
625 1667 747 1723 Rite
791 1672 935 1723 enim
975 1687 1038 1726 ac
1083 1675 1382 1727 secundum
1422 1692 1682 1742 canones,
1717 1688 1775 1731 ut
1813 1680 2053 1734 omnium

2163 481 2460 549 ἐθέλουσιν,
2494 485 2727 556 ἐνηκαλῷ
2762 488 2862 554 τῆς
2888 484 3100 549 ἐλπίδος
3135 485 3343 537 κεῖσθαί
3389 502 3449 535 τε
3492 485 3564 537 τά
3617 484 3740 536 κατ’

2163 572 2401 636 αὐτούς·
2466 577 2560 628 κα)⁸
2613 571 2724 628 οἷον
2751 578 2811 643 ἐξ
2865 576 3076 646 οὐρίας,
3129 578 3186 629 ἐν
3231 579 3345 639 τοῖς
3397 576 3522 628 κατ’
3577 574 3744 645 εὐχήν

2131 663 2537 734 ἀποφέρεσθαι
2573 666 2901 736 συμϐαίνειο
2945 669 3041 720 καὶ
3090 667 3223 720 πολὺ
3278 667 3338 719 τό
3392 684 3456 735 γε
3505 667 3678 731 εἰκὸς,
3713 669 3742 718 ὁ

2163 754 2322 822 λόγος
2379 755 2522 825 ἔχει·
2560 757 2675 811 ἀλλ’
2716 755 2851 812 οἶδεν
2893 759 3006 812 ἐσθ’
3065 761 3154 813 ὅτε
3210 759 3428 829 δριμεῖα
3468 760 3564 810 καὶ
3605 757 3743 825 ἀφό-

2165 866 2329 917 ρητος
2377 848 2523 920 λύπη
2580 852 2982 920 κατασκήψασα
3035 851 3181 914 νοῦν,
3241 850 3628 903 καταίιολῶσαί
3681 865 3741 902 τε

2161 939 2350 1002 δεινῶς
2404 940 2588 1005 αὐτὸν,
2643 941 2738 994 καὶ
2791 943 2891 1010 τῆς
2933 943 3043 996 τῶν
3069 943 3299 996 δεόντων
3327 941 3501 1012 θήρας
3538 941 3744 993 ἀποκοο

2167 1031 2342 1102 μίσαι,
2380 1033 2674 1086 ἀναπεῖσαί
2705 1051 2764 1086 τε
2788 1035 2848 1086 τὸ
2882 1034 3124 1102 πεφυκὸς
3171 1034 3397 1098 ἀδικεῖν,
3441 1030 3518 1095 ὣς
3549 1051 3601 1084 τι
3634 1033 3742 1084 τῶν

2162 1124 2501 1194 ὀνησιφόρων
2531 1125 2657 1179 ἰδεῖν
2681 1143 2694 1154 ·
2727 1124 2965 1178 τοιοῦτόν
2993 1143 3044 1178 τι
3075 1125 3385 1194 τεθεάμεθα
3429 1123 3741 1176 πεπονθότα

2161 1215 2252 1269 τὸν
2301 1214 2694 1267 εὐλαϐέστατον
2773 1215 2868 1268 καὶ
2935 1213 3349 1266 θεοσεϐέστατον
3413 1210 3740 1274 Εὑστάθιογ,

2163 1305 2600 1375 κεχειροτόνηται
2641 1305 2739 1374 μὲν
2785 1305 2895 1374 γὰρ
2940 1304 3014 1367 ὡς
3050 1305 3475 1374 μεμαρτύρηται
3517 1322 3738 1356 κανονι-

2161 1397 2293 1460 κῶς,
2343 1396 2804 1467 τεθορυϐημέναις
2830 1397 2907 1460 δὲ,
2943 1395 3016 1459 ῶς
3041 1414 3195 1466 φησι,
3255 1396 3404 1465 παρά
3446 1413 3614 1447 τινων
3647 1395 3740 1446 καὶ

2162 1487 2445 1556 ἀδοκήτοις
2480 1488 2871 1557 περιστάσεσιν
2906 1487 3258 1556 ἐμϐεϐηκώς·
3298 1481 3416 1538 εἷτα
3451 1487 3515 1538 ἐκ
3539 1485 3739 1553 πολλῆς

2163 1579 2301 1646 ἄγαν
2325 1579 2779 1649 ἀπραγμοσύνης,
2822 1578 3144 1649 ἀπειρηκὼς
3168 1579 3264 1646 τὴν
3290 1579 3610 1631 ἀντίστασιν
3631 1577 3739 1628 τῶν

2164 1671 2614 1741 ἐπενηνεγμένων
2668 1670 2815 1741 αὐτῷ
2849 1672 3166 1741 φροντίδων,
3212 1673 3308 1724 καὶ
3350 1669 3739 1739 διακρούεσθαι

479 1759 796 1813 testimonio
840 1762 1124 1830 probatur,
1176 1765 1464 1819 ordinatus
1520 1776 1621 1821 est.
1668 1767 1860 1822 Postea
1906 1785 2055 1835 vero,

2165 1765 2263 1826 τὰς
2301 1765 2452 1833 παρὰ
2492 1764 2601 1815 τῶν
2657 1765 3036 1834 ἐπιφυομένων
3085 1762 3235 1833 αὐτῷ
3293 1763 3611 1832 δυσφημίας
3662 1762 3738 1831 μὴ

479 1864 603 1903 cum
638 1851 689 1905 in
729 1854 1018 1907 tumultum
1062 1870 1092 1908 a
1121 1857 1422 1922 nonnullis,
1454 1867 1513 1912 ut
1552 1859 1705 1923 dicit,
1738 1870 2052 1929 pertractus

480 1953 648 2007 esset,
690 1945 998 2013 subitisque
1043 1961 1108 2000 ae
1159 1947 1450 2018 insperatis
1485 1950 1725 2020 undique
1759 1953 1917 2004 malis
1949 1954 2059 2005 eir-

479 2045 799 2104 cumseptus
822 2036 968 2105 (cum
1005 2054 1162 2091 usum
1193 2039 1245 2092 in
1285 2040 1445 2102 rebus
1477 2043 1727 2111 gerendis
1758 2045 2054 2097 admodum

479 2126 738 2196 exiguum
794 2128 1041 2196 haberet)
1095 2131 1367 2186 sustinere
1414 2141 1520 2185 tam
1569 2134 1788 2200 multas,
1839 2144 2059 2204 tamque

479 2235 695 2287 graves,
720 2235 841 2289 quze
867 2221 914 2274 ei
958 2222 1364 2287 incumbebant,
1405 2240 1564 2279 curas
1598 2240 1702 2278 non
1743 2226 1920 2291 vellet,
1955 2243 2056 2281 nec

481 2307 721 2365 refutare
765 2325 982 2378 eorum,
1011 2313 1103 2380 qui
1135 2311 1310 2380 ipsum
1361 2313 1727 2380 adorirentur,
1768 2316 2056 2371 maledicta

481 2417 605 2456 cum
655 2412 874 2471 posset;
931 2405 1297 2459 recusationis
1354 2414 1407 2457 et
1459 2405 1822 2462 abdicationis
1861 2408 2057 2463 obtulit

479 2494 666 2548 nescio
701 2511 807 2564 quo
835 2505 997 2564 pacto
1043 2497 1282 2549 libellum
1317 2516 1328 2550 :
1363 2513 1486 2552 cum
1525 2509 1714 2552 contra
1747 2501 2053 2569 oportebat,

477 2601 621 2650 eam,
666 2603 828 2656 quam
876 2588 1041 2641 semel
1089 2587 1207 2642 tidei
1257 2604 1369 2642 suae
1425 2591 1818 2643 sacerdotalem
1867 2608 2055 2645 curam

479 2680 832 2733 commissam
880 2681 1169 2745 habuerat,
1211 2680 1532 2735 fortitudine
1580 2681 1811 2750 spiritali
1850 2691 2056 2745 tenere,

481 2769 694 2825 labores
761 2771 969 2835 subire,
1003 2787 1066 2826 ac
1136 2772 1318 2825 animo
1390 2773 1592 2826 volenti
1664 2773 1941 2840 Sudorem,
1971 2774 2057 2828 cui

482 2879 695 2918 merces
749 2866 1026 2932 proposita
1083 2872 1187 2930 est,
1242 2865 1536 2919 sustinere.
1592 2865 1723 2932 Quae
1779 2866 2058 2935 diligentia

480 2953 737 3022 quoniam
772 2955 827 3007 in
884 2955 988 3008 hoe
1031 2965 1216 3024 aperte
1260 2956 1565 3010 desiderata
1608 2957 1729 3022 fuit,
1771 2957 1821 3011 id
1854 2961 2059 3025 (tamen

479 3059 546 3097 ex
588 3048 786 3114 exiguo
836 3062 1015 3100 rerum
1078 3063 1178 3101 usu
1236 3048 1441 3114 potius,
1499 3064 1661 3117 quam
1713 3067 1777 3103 ex
1833 3049 2061 3119 ignavia:

482 3137 814 3206 desidiaeque
868 3138 1018 3208 vitio)
1053 3141 1378 3195 necessitate
1423 3142 1614 3196 adat-ta
1661 3151 1836 3198 vestra
1887 3144 2062 3214 pietas

479 3235 582 3290 est,
632 3236 991 3282 memoratum
1044 3227 1138 3283 Dei
1184 3232 1621 3286 amantissimum
1691 3231 1912 3288 fratrem
1967 3252 2064 3288 no-

481 3329 679 3388 strum,
713 3336 778 3376 ac
828 3323 881 3375 in
917 3323 1213 3392 episc0pali
1250 3325 1511 3394 dignitate
1545 3326 1834 3395 collegam,
1884 3327 2064 3382 Theo-

479 3411 672 3466 dorum
721 3414 904 3484 elegit.
952 3415 1045 3482 qui
1098 3431 1287 3468 curam
1319 3414 1576 3471 Ecclesi.e
1628 3418 1858 3473 subiret.
1917 3419 2064 3474 ludi-

480 3520 648 3572 gnum
688 3508 887 3576 quippe
925 3505 1138 3571 luisset,
1195 3507 1412 3561 viduam
1464 3524 1686 3563 manere
1713 3509 2058 3577 Ecclesiam;

482 3595 534 3648 in
563 3596 788 3664 lignum,
829 3608 1051 3665 pastore
1077 3614 1267 3653 carere
1304 3599 1608 3654 Salvatoris
1662 3603 1834 3657 nostri
1870 3604 2058 3657 ovilia.

481 3686 753 3750 Quoniam
809 3704 938 3755 ergo
1002 3687 1136 3742 ﬂens
1199 3701 1449 3758 rogatum
1498 3692 1647 3745 venit
1705 3690 2060 3759 Eustathius,

481 3795 605 3833 cum
640 3783 987 3837 sam-tissimo
1024 3781 1315 3837 Theodoro
1355 3786 1634 3854 episcopo,
1681 3802 1787 3839 non
1820 3787 1886 3840 de
1931 3787 2066 3840 civi-

481 3881 592 3926 tate
619 3873 951 3942 recipienda,
1010 3891 1116 3929 nou
1176 3878 1239 3929 de
1316 3874 1558 3930 Ecclesia
1609 3877 1916 3942 decertans,
1967 3879 2060 3934 sed

482 3965 661 4019 solum
687 3967 1018 4036 episcOpalis
1048 3969 1287 4023 nominis
1324 3969 1588 4023 honorem
1627 3985 1692 4024 ac
1718 3972 2060 4026 vocationem

481 4067 740 4127 expetens
777 4078 788 4112 :
822 4060 1056 4114 hominis
1111 4077 1216 4115 nos
1269 4072 1528 4115 senectus
1580 4077 1711 4116 sane
1768 4066 2064 4119 commovit

481 4150 792 4211 universos,
831 4166 931 4205 nec
967 4161 1024 4204 ut
1063 4151 1304 4219 privatas
1334 4150 1453 4220 ejus
1483 4153 1775 4223 laerymas,
1814 4155 1907 4210 sed
1943 4166 2060 4208 tan-

483 4254 647 4307 quam
680 4255 1000 4296 ccmmunes
1028 4251 1367 4310 reputantes,
1412 4243 1692 4312 inquirere
1723 4246 2057 4310 studuimus,

482 4331 856 4400 legitimamne
879 4349 1073 4401 passus
1098 4343 1243 4389 esset
1273 4343 1608 4389 memoratus
1647 4336 1730 4389 vir
1762 4335 2060 4404 depositio-

483 4437 633 4486 nem,
669 4437 738 4476 an
773 4424 982 4478 scilicet
1011 4426 1076 4480 de
1120 4427 1377 4481 absurdis
1405 4427 1566 4482 factis
1600 4427 1829 4483 dictisve
1875 4431 2062 4483 couvi-
2095 4456 2138 4511 υ

483 4524 606 4570 ctus
633 4525 781 4571 esset
824 4518 1258 4576 obtrectantibus
1283 4521 1563 4575 nonnullis
1591 4521 1855 4575 adversus
1887 4522 2058 4591 ipsius

482 4606 966 4664 existimationem.
1029 4610 1217 4680 Itaque
1252 4613 1576 4682 reperimus,
1610 4614 1888 4667 Imminere
1927 4613 2062 4666 nihil

482 4701 752 4769 ejusmodi
793 4714 1158 4771 perpetrasse,
1203 4704 1298 4758 sed
1333 4706 1518 4774 potius
1569 4705 1647 4758 illi
1685 4721 1780 4774 pro
1826 4705 2065 4760 crimine

484 4797 892 4846 recusationem
917 4793 1075 4848 oﬂicii
1100 4794 1234 4848 vitio
1259 4794 1442 4848 datam
1469 4795 1663 4850 fuisse.
1700 4795 1856 4851 Unde
1889 4812 2066 4866 neque

487 4881 575 4949 pio
604 4891 784 4936 vestro
811 4881 994 4937 studio
1025 4883 1462 4948 succensuimus,
1491 4900 1601 4953 quo
1631 4885 1684 4937 in
1710 4883 1856 4938 illius
1880 4884 2061 4938 locum

484 4973 871 5028 convenienter
911 4975 1206 5042 praedictus
1244 4975 1737 5029 reverendissimus
1775 4975 2066 5046 episcopus

486 5065 807 5120 Theodorus
853 5067 1117 5122 suﬂ‘cctus
1159 5079 1242 5122 est
1272 5067 1403 5122 :scd
1453 5069 1580 5137 quia
1637 5067 1900 5124 adversus
1941 5070 2065 5138 ejus

487 5159 732 5214 animum
766 5176 796 5213 a
837 5160 1072 5228 negotiis
1105 5161 1357 5230 gerendis
1397 5169 1671 5214 remotum
1728 5177 1835 5214 non
1877 5162 2066 5215 admo-

486 5254 615 5311 dum
654 5254 939 5309 decertare
984 5253 1259 5322 oportuit,
1287 5252 1397 5324 34
1422 5254 1514 5308 sed
1579 5253 1828 5306 miserari
1883 5254 2062 5323 potius

490 5361 699 5408 senem,
733 5347 824 5415 qui
859 5347 1049 5415 procul
1087 5347 1155 5399 ab
1188 5348 1321 5400 urbe
1354 5349 1407 5398 in
1450 5361 1553 5415 qua
1587 5357 1744 5401 natus
1779 5346 1978 5411 fuerat,
2012 5356 2068 5401 et

491 5455 520 5492 a
553 5440 746 5508 patriis
773 5441 983 5494 aedibus
1019 5439 1204 5493 tandiu
1247 5438 1544 5505 abfuisset;
1576 5437 1786 5507 justum
1821 5449 2065 5493 recturu-

491 5547 598 5600 que
650 5547 771 5586 esse
813 5532 1183 5595 delinivimus,
1238 5542 1297 5586 ut
1344 5534 1551 5600 absque
1602 5532 1749 5585 omni
1797 5533 2068 5587 contradi-

2160 1856 2478 1925 δυνάμενος,
2512 1856 2898 1926 παραιτήσεως
2935 1856 3035 1909 οὐκ
3075 1855 3236 1924 ἴσμεν
3266 1855 3415 1917 ὅπως
3465 1851 3740 1924 προσεκδο

2165 1967 2289 2016 μισε
2329 1947 2551 2017 βιϐλίον.
2580 1949 2729 2000 Ἔδει
2770 1948 2900 2018 γὰρ,
2936 1947 3008 2010 ὼς
3042 1947 3191 2011 ἆπαξ
3245 1946 3737 2015 ἐγκεχειρισμένον

2164 2040 2446 2110 ἱερατικὴν
2473 2039 2750 2109 φροντίδα,
2791 2039 2996 2108 ταύτης
3017 2038 3237 2108 ἔχεσθαι
3276 2039 3394 2108 μετ’
3428 2036 3740 2107 εὐρωστίας

2161 2132 2560 2200 πνευματικῆς,
2593 2134 2686 2184 καὶ
2725 2126 2835 2183 οἷον
2891 2130 3322 2183 ἀνταποδύεσθαι
3368 2131 3485 2191 τοῖς
3518 2129 3729 2190 πόνοις,

2167 2225 2262 2276 καὶ
2317 2224 2518 2292 ἱδρῶτα
2575 2223 2668 2276 τὸν
2729 2222 3000 2291 ἔμμισθον
3060 2221 3344 2291 ἐθελοντήν
3415 2222 3733 2290 ὑπομεῖναι.

2177 2317 2396 2387 Ἐπειδὴ
2423 2318 2479 2370 δὲ
2505 2317 2651 2380 ἆπαξ
2694 2317 2974 2386 ὀλιγώρως
3012 2316 3205 2386 ἔχοντα
3259 2315 3583 2385 παρέδειξεν
3616 2317 3739 2367 ἐαυ-

2163 2411 2272 2475 τὸν,
2304 2411 2460 2464 τοῦτο
2491 2409 2678 2464 παθὼν
2709 2411 2766 2476 ἐξ
2798 2410 3232 2479 ἀπραγμοσύνης
3265 2409 3467 2478 μᾶλλον
3499 2409 3532 2476 ἦ
3567 2408 3731 2460 ὂκνου

2161 2506 2254 2557 καὶ¹
2288 2503 2582 2574 ῥᾳθυμίας,
2617 2502 3064 2571 κεχειροτόνηκεν
3094 2500 3411 2568 ἀναγκαίως
3437 2503 3470 2569 ή
3496 2500 3738 2569 ὑμετέρα

2162 2595 2441 2650 θεοσέϐεια
2505 2595 2597 2648 τὸν
2661 2594 3061 2647 εύλαϐἐστατον
3138 2595 3234 2646 καὶ
3315 2592 3738 2644 θεοσεϐέστατον

2161 2685 2390 2755 ἀδελφὸν
2441 2686 2596 2755 ἡμῶν
2648 2686 2742 2738 καὶ
2788 2683 3189 2736 συνεπίσκοπον
3229 2683 3506 2751 Θεόδωρον
3583 2697 3740 2750 φρον-

2162 2777 2383 2830 τιοῦντα
2443 2777 2544 2846 τῆς
2613 2776 2963 2845 Ἐκκλησίας.
3019 2776 3092 2828 Οὐ
3151 2775 3260 2844 γάρ
3319 2769 3388 2843 ἦν
3441 2771 3735 2825 ἀκόλουθον

2163 2871 2418 2940 χηρεύειν
2447 2869 2640 2938 αὐτὴν,
2695 2870 2791 2921 καὶ
2823 2867 3116 2920 ἐπιστάτου
3152 2867 3275 2936 δίχα
3328 2864 3599 2917 διατελεῖν
3647 2861 3736 2916 τοῦ

2163 2962 2412 3033 Σωτῆρος
2445 2961 2514 3013 τά
2546 2959 2792 3030 ποίμνια.
2832 2958 3052 3029 Ἐπειδὴ
3087 2957 3146 3010 δὲ
3200 2955 3478 3028 προσῆλθε
3512 2953 3735 3020 κλαίων,

2165 3054 2225 3107 οὑ
2257 3057 2386 3123 περὶ
2421 3055 2521 3122 τῆς
2554 3052 2783 3116 πόλεως,
2836 3051 2959 3106 οὐδὲ
3009 3052 3108 3120 τῆς
3151 3048 3481 3118 Ἐκκλησίας
3510 3049 3736 3117 φιλονει-

2167 3144 2279 3197 κῶν
2332 3143 2411 3215 τῷ
2473 3142 2906 3214 μνημονευοέντι
2991 3140 3399 3209 θεοσεϐεστάτῳ
3461 3141 3736 3207 ἐπισκόπῳ

2165 3235 2446 3306 Θεοδώρῳ,
2482 3234 2712 3300 ἐξαιτῶν
2733 3235 2790 3288 δέ
2823 3235 2961 3298 τέως
2987 3234 3086 3304 τὴν
3113 3233 3206 3286 τοῦ
3243 3233 3550 3286 ἐπισκόπου
3580 3232 3737 3302 τιμὴν

2166 3329 2260 3382 καὶ¹
2289 3329 2503 3398 κλῆσιν,
2539 3329 2855 3398 συνηλγήσα
2870 3345 2970 3398 μεν
3000 3329 3241 3390 ἅπαντες
3288 3330 3365 3396 τῷ
3418 3325 3699 3396 πρεσϐύτῃ
3721 3339 3732 3353 ·

2165 3421 2262 3474 καὶ
2325 3419 2504 3472 κοινὸν
2545 3415 2684 3471 εἶναι
2740 3417 3091 3487 λογισάμενοι
3126 3417 3186 3469 τὸ
3255 3415 3420 3468 αὐτοῦ
3485 3416 3733 3484 δάκρυον,

2165 3512 2499 3582 ἐσπεύδομεν
2543 3511 2733 3582 μαθεῖν
2767 3513 2814 3562 εί
2849 3511 3169 3580 καθαίρεσιν
3195 3510 3422 3577 ἔννομον
3468 3508 3736 3576 ὑπομεμε-

2165 3619 2330 3672 νηκεν
2385 3603 2413 3654 ό
2456 3599 2870 3672 μνημονευθεὶς,
2910 3601 3077 3668 ἤγουν
3111 3601 3158 3651 εἰ
3192 3597 3284 3650 ἐπί
3336 3615 3448 3650 τισι
3480 3598 3593 3649 τῶν
3623 3596 3734 3648 άτό-

2166 3711 2282 3745 πων
2335 3691 2662 3760 ἐλήλεγκται
2712 3693 2863 3760 παρά
2929 3708 3114 3755 τινων,
3167 3688 3735 3758 καταφλυαρησάντων

2165 3784 2330 3836 αὐτοῦ
2356 3785 2453 3853 τῆς
2490 3783 2833 3854 ὑπολήψεως.
2865 3783 2975 3834 Καὶ
3004 3781 3068 3850 δὴ
3101 3780 3381 3850 ἐμάθομεν
3423 3779 3732 3848 πεπρᾶχθαι

2169 3879 2268 3947 μὲν
2304 3876 2546 3929 τοιοῦτον
2572 3875 2752 3938 οὐδὲν,
2791 3871 3046 3942 γενέσθαι
3084 3873 3143 3924 δὲ
3177 3872 3379 3941 μᾶλλον
3421 3871 3502 3940 τῷ
3535 3886 3736 3939 μνημο-

2165 3967 2409 4022 νευθέντι
2489 3967 2610 4020 ἀντὶ
2665 3966 3013 4036 ἐγκλήματος
3065 3964 3164 4034 τὴν
3213 3963 3587 4032 παραίτησιν·
3626 3961 3735 4013 ὅθεν

2164 4061 2284 4114 ούδέ
2328 4063 2396 4131 τῇ
2438 4060 2683 4130 ὑμετέρα
2737 4057 3020 4127 θεοσεεεία
3062 4053 3455 4124 ἐμεμψάμεθα,
3504 4069 3735 4124 χειροτο-

2163 4155 2374 4224 νησάσῃ
2412 4152 2639 4214 δεόντως
2673 4153 2752 4213 είς
2782 4151 2872 4203 τὸν
2903 4148 3069 4202 αὐτοῦ
3106 4148 3270 4200 τόπον
3309 4146 3400 4199 τὸν
3435 4163 3542 4215 μνη
3555 4161 3735 4215 μονεν-

2165 4246 2326 4299 θέντα
2385 4244 2779 4298 εὐλαϐέστατον
2834 4243 3134 4295 ἐπίσκοπον
3171 4239 3467 4310 Θεόδωρον.
3527 4235 3733 4305 Ἐπειδὴ

2165 4339 2220 4391 δέ
2252 4340 2317 4408 τῇ
2364 4335 2766 4406 ἀπραγμοσύνῃ
2795 4334 2886 4386 τοῦ
2925 4333 3120 4402 ἀνδρὸς
3153 4331 3213 4383 ού
3264 4330 3473 4400 σφόδρα
3518 4330 3735 4396 φιλονει-

2167 4430 2282 4479 κεῖν
2317 4426 2629 4487 ἁκόλουθον,
2671 4425 2779 4476 ἔδει
2813 4424 2870 4475 δὲ
2915 4422 3115 4491 μᾶλλον
3147 4421 3368 4489 ἐλεῆσαι
3427 4420 3734 4491 πρεσόύτην

2165 4519 2270 4582 ἔξω
2301 4518 2394 4570 καὶ
2421 4517 2624 4580 πόλεως
2654 4515 2754 4582 τῆς
2775 4514 3106 4584 ἐνεγκούσης
3131 4513 3292 4566 αὑτὸν
3343 4515 3438 4567 καὶ⁵
3477 4511 3735 4583 πατρῴων

2165 4608 2600 4678 ἐνδιαιτημάτων
2636 4609 2694 4659 ἐν
2735 4609 2966 4676 μακροῖς
3007 4607 3150 4658 οὕτω
3198 4605 3462 4672 γεγονότα
3511 4605 3734 4675 χρόνοις,

2166 4700 2570 4769 ἐδικαιώσαμεν
2592 4699 2686 4751 καὶ
2715 4699 2996 4768 ὡρίσαμεν
3031 4698 3154 4766 δίχα
3207 4696 3390 4765 πάσης
3437 4694 3737 4761 ἀντιλογίας

2167 4793 2312 4863 ἔχειν
2343 4792 2527 4855 αὐτὸν,
2553 4791 2613 4842 τό
2643 4808 2702 4842 τε
2731 4790 2827 4860 τῆς
2877 4789 3181 4857 ἐπισκοπῆς
3234 4788 3428 4856 ὄνομα,
3497 4786 3590 4839 καὶ
3645 4783 3737 4853 τὴν

2170 4881 2357 4953 τιμὴν,
2397 4881 2490 4934 καλ⁹
2520 4881 2618 4951 τήν
2648 4879 2952 4933 κοινωνίαν.
2987 4877 3143 4931 Οὕτω
3187 4879 3286 4948 μέν
3329 4895 3433 4940 τοι,
3489 4877 3624 4929 ὣστε
3667 4873 3736 4944 μὴ

2171 4975 2496 5044 χειροτονεῖν
2543 4971 2728 5035 αὐτὸν,
2777 4972 2915 5040 μήτε
2967 4970 3074 5040 μὴν
3133 4968 3460 5038 Ἐκκλησίαν
3512 4968 3738 5022 καταλα-

2173 5066 2333 5119 ϐόντα
2371 5067 2697 5135 ἱερουργεῖν,
2733 5063 2793 5128 ἐξ
2821 5063 2957 5126 ἰδίας
3009 5062 3316 5124 αύθεντίας,
3370 5063 3487 5116 ἀλλ’
3541 5062 3573 5132 ἢ
3640 5059 3736 5128 ἄρα

2172 5157 2848 5228 συμπαραλαμϐανόμενον
2925 5155 3102 5208 εἶτουν
3167 5155 3618 5224 ἐπιτρεπόμενον,
3687 5151 3732 5202 εἰ

2171 5254 2321 5323 τύχοι
2353 5249 2506 5320 παρὰ
2561 5248 2793 5316 ἁδελφοῦ
2827 5249 2918 5300 καὶ
2962 5246 3398 5307 συνεπισκόπου,
3458 5247 3598 5298 κατά
3633 5241 3736 5294 διά-

2177 5347 2326 5401 θεσιν
2351 5345 2446 5396 καὶ
2476 5342 2698 5412 ἀγάπην
2725 5341 2822 5408 τὴν
2851 5343 2908 5393 ἐν
2949 5339 3198 5410 Χριστῷ·
3230 5338 3294 5390 ἂν
3330 5338 3387 5390 δέ
3436 5355 3487 5390 τι
3531 5335 3734 5406 βουλεύ-

2179 5439 2344 5508 σησθε
2365 5435 2724 5507 χρηστότερον
2755 5432 2840 5484 ἐπ’
2885 5431 3033 5500 αὐτῷ
3073 5431 3230 5501 ῆνῦν
3285 5431 3317 5500 ἦ
3368 5432 3447 5491 εἰς
3475 5431 3557 5483 ,τὸ
3610 5426 3735 5499 μετὰ

2176 5531 2370 5594 ταῦτα,
2400 5528 2588 5599 ἁρέσει
2616 5528 2710 5578 καὶ
2744 5523 2902 5576 τοῦτο
2933 5527 2996 5593 τῇ
3025 5523 3154 5593 ἁγία
3183 5521 3404 5591 συνόδῳ.

495 5629 676 5682 ctione
704 5639 756 5682 et
784 5645 980 5682 nomen
1019 5629 1249 5682 retineat
1285 5629 1546 5698 episcopi,
1599 5638 1651 5680 et
1687 5629 1973 5689 honorem,
2012 5639 2065 5682 et
2097 5627 2542 5682 communionem
2577 5640 2592 5676 :
2625 5638 2686 5675 ea
2718 5633 2894 5673 tamen
2922 5621 3056 5689 lege,
3093 5631 3148 5671 ut
3216 5632 3394 5684 neque
3458 5608 3727 5669 ordinandi

495 5723 611 5793 ipse
637 5724 1016 5780 auctoritatem
1050 5723 1268 5790 haheat,
1299 5738 1472 5792 neque
1513 5724 1566 5776 in
1596 5722 1700 5776 ulla
1739 5721 1984 5778 Ecclesia
2013 5738 2079 5777 ex
2121 5719 2340 5791 propria
2383 5717 2656 5772 san-ilicet
2688 5713 3046 5777 auctoritate;
3100 5710 3205 5765 nisi
3255 5709 3307 5762 id
3371 5709 3478 5763 sibi
3543 5707 3618 5762 rel
3649 5703 3729 5758 ad-
