3886 6240
74 327 175 390 431
920 317 1317 378 SYNTAGMA
1355 315 1737 376 CANONUM-
1779 341 1848 351 —
1885 316 2030 376 TlT.
2073 317 2122 380 I.
2159 318 2313 376 CAP.
2350 319 2445 379 VI-
3246 319 3350 382 45.3

72 442 304 515 juvandi
360 453 550 504 causa,
610 435 694 490 vel
747 432 1124 488 concessionis
1165 430 1400 496 ratione,
1460 421 1653 484 aﬂ‘ectn
1693 445 1990 500 amoreque
2057 429 2370 486 Christiano
2402 447 2432 486 a
2497 431 2664 487 fratre
2697 441 2750 488 et
2790 434 3136 504 coepiscopo,
3185 436 3228 488 si
3274 438 3346 489 ita

75 531 395 602 contigerit,
433 525 732 582 liberaliter
758 521 1054 577 deferatur.
1094 520 1253 586 Quod
1297 520 1342 574 si
1371 535 1467 574 vos
1497 519 1565 573 de
1593 535 1660 574 eo
1699 521 1893 576 melius
1917 521 2195 592 quidpiam
2267 522 2596 593 cogitabitis,
2634 533 2728 578 aut
2775 542 2941 592 nunc,
2987 534 3084 581 aut
3123 528 3177 580 in
3246 543 3347 598 po-

76 638 334 692 sterum,
389 631 608 696 gratum
661 619 716 673 id
776 619 941 672 etiam
1003 626 1403 686 acceptumque
1469 625 1671 670 sanctae
1707 620 1917 688 synodo
1951 618 2197 675 futurum
2228 629 2333 676 est.

402 735 673 792 Συνόδου
705 731 1006 802 Σαρδιικῆς
1035 731 1238 784 κανὼν
1266 736 1342 794 ς’.
1700 715 1742 771 Α

150 852 348 914 Ὄσιος
369 849 663 910 ἐπίσκοπος
723 843 892 897 εἶπεν·
917 844 1044 897 Ἐὰν
1097 843 1276 913 συμϐῇ
1299 828 1472 913 ἐν’μιᾷ
1497 843 1670 911 ἐπαρ-

78 945 193 1014 χῖᾳ,
231 938 352 1014 ἐνῇ
389 941 635 994 πλεῖστοι
678 938 972 991 ἐπίσκοποι
1001 937 1381 1005 τυγχάνουσιν,
1413 936 1509 988 ἒνα
1553 935 1671 987 ἐπί-

79 1053 293 1090 σκοπον
322 1034 640 1102 ἁπομεῖναι,
687 1031 938 1092 κάκεῖνος
971 1029 1110 1081 κατά
1139 1044 1262 1080 τινα
1290 1027 1550 1097 ἀμέλειαν
1589 1025 1664 1097 μὴ

80 1126 326 1198 βουληθῇ
387 1122 660 1176 συνελθεῖν
698 1123 791 1174 καὶ
823 1120 1136 1172 συναινέσαι
1185 1122 1254 1189 τῇ
1326 1117 1658 1171 καταστάσει

78 1219 190 1271 τῶν
233 1215 576 1274 ἐπισκόπων,
608 1212 677 1265 τὰ
697 1212 754 1264 δὲ
790 1210 967 1281 πλήθη
1001 1208 1456 1281 συναθροισθέντα
1487 1225 1672 1279 παρα-

81 1309 306 1362 καλοῖεν
349 1305 634 1374 γίγνεσθαι
679 1302 776 1374 τὴν
825 1303 1156 1355 κατάστασιν
1192 1299 1286 1353 τοῦ
1327 1300 1456 1370 παρ’
1488 1299 1668 1354 αὐτῶν

85 1401 529 1470 ἐπιζητουμένου
560 1398 884 1461 ἐπισκόπου,
921 1397 1026 1467 χρὴ
1060 1397 1322 1466 πρότερον
1352 1397 1556 1448 ἐκεῖνον
1583 1393 1675 1445 τὸν

84 1493 529 1563 ἐναπομείναντα
548 1491 841 1544 ἐπίσκοπον
859 1488 1372 1558 ὑπομιμνήσκεσθαι
1387 1486 1476 1539 διὰ
1503 1502 1678 1555 γραμ-

88 1587 280 1656 μὰτων
305 1582 402 1635 τοῦ
431 1581 662 1651 ἐξάρχου
691 1583 788 1650 τῆς
816 1578 1106 1648 ἐπαρχίας,
1137 1578 1280 1645 λέγω
1309 1576 1373 1646 δὴ
1399 1575 1492 1627 τοῦ
1552 1577 1676 1627 ἐπι-

91 1676 306 1728 σκόπου
339 1675 438 1742 τῆς
468 1671 846 1742 μητροπόλεως
881 1670 962 1722 ὅτι
990 1668 1132 1732 ἀξιοῖ
1158 1667 1224 1720 τὰ
1251 1666 1430 1738 πλήθη
1447 1664 1680 1734 ποιμένα

87 1769 275 1828 αὐτοῖς
303 1765 549 1834 δοθῆναι,
579 1763 816 1832 ἡγοῦμαι
843 1759 1020 1822 καλῶς
1067 1759 1210 1829 ἔχειν
1242 1758 1337 1810 καὶ
1365 1756 1550 1809 τοῦτον
1581 1757 1672 1806 ὲκ-

87 1859 353 1929 δέχεσθαι
385 1857 474 1911 ἵνα
510 1855 885 1926 παραγένηται
906 1869 920 1884 ⁸
949 1854 997 1904 εί
1026 1852 1081 1904 δὲ
1113 1851 1186 1922 μὴ
1219 1849 1308 1901 διὰ
1338 1846 1680 1920 γραμμάτων

88 1951 352 2017 ἀξιωθεὶς
415 1949 814 2018 παραγένηται,
871 1945 1005 2015 μήτε
1059 1943 1163 2014 μὴν
1213 1939 1564 2010 ἀντιγράφοι,
1619 1937 1680 1988 τὸ

2126 732 2354 787 Concilii
2386 731 2715 787 Sardicensis
2747 751 2916 788 canon
2941 736 2997 790 6.

1839 843 2000 900 Osius
2039 845 2326 914 episcopus
2378 844 2544 898 dixit:
2578 843 2636 898 Si
2692 847 2976 916 contigerit
3012 849 3062 902 in
3101 865 3206 904 una
3227 867 3352 920 pro-

1770 935 1970 998 vincia,
1999 936 2052 989 in
2081 951 2187 1004 qua
2219 929 2348 990 sunl
2377 935 2598 1004 plurimi
2633 937 2902 1006 episcopi,
2941 956 3108 993 unum
3135 944 3350 1010 episeo-

1771 1043 1900 1097 pum
1936 1027 2226 1082 conventui
2254 1042 2360 1081 non
2389 1028 2674 1094 interesse,
2705 1038 2760 1082 et
2787 1030 2882 1083 ille
2919 1045 3014 1098 per
3052 1033 3349 1100 quamdam

1774 1119 2156 1188 negligentiam
2192 1119 2324 1172 nolit
2356 1121 2675 1184 convenire,
2701 1131 2757 1175 et
2781 1123 3166 1190 episcoporum
3191 1124 3350 1178 insti-

1777 1211 1974 1265 tutioni
1999 1221 2052 1264 et
2073 1211 2328 1265 electioni
2360 1211 2652 1277 assentire,
2681 1224 3006 1283 congregata
3044 1224 3223 1269 autem
3259 1231 3355 1284 po-

1774 1303 1888 1372 puli
1921 1303 2213 1358 multitudo
2244 1303 2430 1366 instet,
2463 1315 2522 1356 ut
2554 1304 2644 1358 liat
2668 1303 2942 1359 institutio
2963 1306 3230 1375 episcOpi,
3257 1309 3351 1376 qui

1777 1394 1845 1448 ab
1879 1395 1956 1448 eis
1988 1396 2315 1464 postulatur,
2345 1405 2559 1466 oportet
2590 1396 2740 1450 illum
2781 1399 2958 1466 prius,
2986 1399 3080 1467 qui
3115 1414 3220 1452 non
3258 1400 3352 1453 ads-

1779 1484 1958 1548 fuerit,
1991 1486 2309 1556 episcopum
2349 1487 2634 1540 admoneri
2701 1502 2794 1556 per
2851 1487 3058 1542 litteras
3112 1489 3359 1556 primatis

1779 1577 2110 1645 provinciae,
2175 1593 2371 1647 nempe
2425 1579 2669 1648 episcopi
2721 1581 3156 1649 metropolitani,
3210 1583 3358 1651 quod

1782 1677 1936 1736 rogat
1968 1669 2200 1737 populus
2225 1669 2328 1723 sibi
2353 1679 2626 1738 pastorem
2655 1671 2772 1724 dari
2814 1691 2826 1725 :
2859 1681 2913 1725 et
2935 1673 3190 1726 existimo
3213 1683 3360 1728 recte

1782 1755 1982 1808 habere
2016 1756 2161 1810 hunc
2194 1772 2414 1826 quoque
2442 1759 2770 1826 exspectari,
2803 1768 2861 1814 ut
2893 1761 3056 1815 adsit.
3088 1760 3142 1814 Si
3172 1773 3358 1816 autem

1785 1846 1977 1900 litteris
2013 1859 2235 1916 rogatus
2288 1865 2393 1902 non
2442 1849 2707 1914 adfuerit,
2767 1866 2832 1906 ac
2896 1867 2963 1906 ne
3019 1856 3365 1922 rescripserit

1784 1939 2026 2006 quidem,
2066 1942 2252 2011 populi
2283 1943 2549 1997 voluntati
2600 1944 2852 1998 satisﬁat.
2906 1944 3132 2014 Oportet
3179 1956 3363 2002 autem

93 2044 282 2096 ἱκανὸν
337 2045 399 2111 τῇ
435 2041 596 2111 βουλῇ
657 2039 748 2092 τοῦ
800 2037 1036 2107 πλήθους
1085 2036 1191 2105 χρὴ
1244 2033 1525 2102 γενέσθαι.
1555 2031 1678 2101 Χρὴ

1797 2045 1849 2084 ιχ
1880 2032 2056 2086 vicina
2091 2050 2304 2103 quoque
2354 2037 2634 2105 provincia
2679 2037 2940 2092 accersiri
2981 2039 3266 2107 episcopos
3297 2039 3362 2092 ad

88 2136 146 2187 δὲ
187 2135 289 2187 καὶ
338 2130 761 2202 μετακαλεῖσθαι
803 2129 1050 2190 καὶτοὺς
1085 2127 1192 2179 ἀπὸ
1243 2125 1343 2195 τῆς
1369 2123 1678 2192 πλησιοχώ-

92 2243 188 2296 ρου
246 2223 527 2294 ἐπαρχίας
581 2221 911 2283 ἐπισκόπους
966 2219 1103 2289 πρὸς
1158 2218 1258 2286 τὴν
1337 2216 1676 2269 κατάστασιν

88 2317 184 2370 τοῦ
251 2317 359 2385 τῆς
409 2314 794 2384 μητροπόλεως
842 2311 1173 2365 ἐπισκόπου·
1243 2309 1318 2380 μὴ
1380 2307 1580 2372 ἐξεῖναι
1625 2306 1682 2359 δὲ

90 2407 286 2470 ἁπλῶς
330 2405 596 2475 καθιστᾷν
644 2405 940 2456 ἐπίσκοπον
987 2401 1148 2472 κώμῃ
1193 2403 1297 2454 τινὶ
1347 2401 1380 2469 ἢ
1442 2398 1672 2469 βραχείᾳ

89 2499 274 2564 πόλει,
424 2515 532 2549 τινι
577 2498 666 2548 καὶ
692 2489 769 2556 εἷς
806 2495 964 2564 μόνος
1014 2493 1382 2564 πρεσϐύτερος
1427 2493 1679 2560 ἐπαρκεῖ.

90 2594 212 2644 Οὐκ
237 2591 542 2657 ἀναγκαῖον
576 2591 686 2658 γὰρ
721 2588 1051 2660 ἐπισκόπους
1075 2587 1254 2638 ἐκεῖσε
1286 2583 1675 2645 καθίστασθαι,

93 2683 185 2734 ἵνα
225 2682 305 2750 μὴ
342 2677 871 2748 κατευτελίζηταιτδ
915 2675 1008 2729 τοῦ
1041 2676 1344 2728 ἐπισκόπου
1395 2675 1564 2742 ὄνομα
1591 2673 1686 2725 καὶ

89 2777 125 2844 'l;
158 2771 463 2827 αὐθεντία“
523 2771 641 2824 ἀλλ’
694 2772 743 2823 οἱ
792 2770 888 2838 τῆς
936 2767 1228 2838 ἐπαρχίας,
1267 2766 1341 2828 ὡς
1398 2767 1683 2834 προεῖπον,

91 2867 421 2925 ἐπίσκοποι,
455 2866 512 2916 ἐν
559 2863 782 2926 ταύταις
826 2864 945 2923 ταῖς
988 2861 1174 2911 πόλεσι
1245 2857 1508 2926 καθιστᾷν
1565 2858 1686 2908 ἐπι-

107 2959 365 3018 σκόπους
411 2954 740 3021 ὀφείλουσιν,
773 2952 900 3003 ἔνθα
949 2951 1042 3002 καὶ
1088 2951 1346 3020 πρότερον
1397 2947 1690 3016 ἐτύγχανον

95 3048 398 3116 γεγονότες
429 3045 749 3097 ἐπίσκοποιο
783 3045 830 3094 εἰ
879 3042 936 3094 δὲ
967 3041 1279 3112 εὑρίσκοιτο
1332 3038 1506 3098 οὕτως
1541 3038 1682 3105 πλη-

1786 2125 2185 2192 metropolitani
2239 2125 2479 2194 episcopi
2544 2128 2966 2181 institutionem.
3029 2129 3145 2184 Non
3204 2131 3365 2186 lit-ere

1787 2222 1965 2266 autem
2013 2215 2336 2284 simpliciter
2384 2217 2706 2287 episc0pum
2759 2219 3096 2276 constituere
3149 2221 3256 2292 35
3309 2223 3365 2278 in

1786 2305 1970 2373 aliquo
1995 2322 2131 2375 pago
2169 2309 2252 2362 vel
2283 2324 2448 2379 parva
2486 2312 2640 2376 urbe,
2673 2313 2762 2366 cui
2791 2313 2876 2367 vel
2906 2329 3048 2369 unus
3082 2315 3368 2386 presbyter

1789 2398 1986 2451 sullieit
2023 2416 2036 2452 :
2076 2416 2183 2454 non
2243 2417 2469 2456 necesse
2523 2413 2611 2458 est
2666 2405 2813 2458 enim
2868 2405 2981 2460 illic
3048 2409 3366 2477 episcopum

1788 2491 2068 2555 constitui,
2104 2507 2171 2545 ne
2201 2493 2434 2562 episcopi
2469 2511 2669 2549 nomen
2706 2505 2761 2550 et
2803 2500 3107 2554 auctoritas
3137 2501 3367 2570 vilipen-

1789 2579 1970 2634 datur.
2011 2580 2113 2634 Sed
2153 2583 2446 2650 provincia:
2483 2585 2565 2656 (ut
2599 2587 2752 2654 prius
2794 2588 2925 2657 dixi)
2973 2590 3214 2659 episcopi
3266 2591 3364 2645 de-

1790 2670 1916 2724 bent
1953 2673 2004 2725 in
2030 2671 2096 2726 iis
2125 2673 2348 2728 urbibus
2382 2675 2667 2745 episcopos
2698 2681 3056 2746 constituere,
3079 2681 3172 2736 ubi
3200 2682 3365 2736 etiam

1789 2762 1942 2830 prius
1971 2763 2210 2832 episcopi
2267 2764 2507 2820 fuerunt.
2547 2766 2602 2821 Si
2640 2778 2821 2823 autem
2878 2770 3187 2827 inveniatur
3237 2775 3368 2830 urbs

1791 2853 1994 2922 aliqua,
2035 2869 2156 2922 quae
2186 2855 2318 2910 adeo
2348 2859 2609 2925 populosa
2639 2861 2853 2923 evadat,
2895 2870 2954 2915 ut
3004 2864 3121 2931 ipsa
3156 2863 3372 2932 episco-

1797 2949 1926 3009 patu
1981 2943 2139 3010 (ligna
2181 2944 2478 3012 jtnlicetur,
2522 2949 2774 3015 accipiat.
2831 2952 2913 3004 An
2957 2953 3062 3006 IlOC
3112 2954 3370 3010 omnibus

1801 3031 2012 3100 placet?
2037 3032 2453 3102 Responderunt
2493 3051 2686 3093 omnes
2720 3059 2732 3093 :
2768 3041 2974 3094 Placet.

97 3142 348 3198 δύνουσά
371 3159 454 3204 τις
480 3143 537 3192 ἐν
564 3139 743 3210 πολλῷ
781 3137 996 3208 ἀριθμῷ
1036 3135 1167 3190 λαοῦ
1208 3136 1381 3198 πόλις,
1420 3134 1494 3196 ὡς
1533 3132 1687 3197 ἀξίαν
1725 3129 1893 3202 αὐτὴν
1934 3131 2242 3200 ἐπισκοπῆς
2313 3131 2657 3202 νομίζεσθαι,
2706 3134 3052 3204 λαμϐανέτω,
3086 3138 3135 3190 εἰ
3204 3140 3370 3192 πᾶσιν

96 3235 340 3303 ἀρέσκει
378 3233 558 3284 τοῦτο.

98 3329 384 3384 Evr-660v
420 3325 840 3394 Καρθαγέννης
867 3323 1074 3376 κανὼν
1113 3329 1180 3389 ιγ’
1239 3321 1302 3392 ιη’
1334 3322 1416 3391 μον
1467 3321 1540 3374 νε¹
1578 3319 1679 3390 νη’.

1823 3317 2048 3373 Concilii
2077 3315 2501 3384 Cartlmg’nensis
2525 3331 2748 3370 canones
2780 3319 2863 3383 15,
2897 3319 2980 3383 18,
3009 3320 3099 3386 49,
3127 3321 3213 3384 55,
3236 3325 3326 3380 58.

107 3421 251 3485 Περὶ
303 3419 411 3471 τοῦ
459 3418 542 3487 μὴ
599 3417 821 3480 ἐξεῖναι
877 3416 1370 3487 ἐπίσκοπονηεί
1419 3412 1505 3482 μὴ
1568 3413 1687 3487 ὐπὸ

176 3484 472 3550 πολλῶν,
497 3487 959 3555 χειροτονεῖσθαι
983 3503 994 3514 '
1045 3488 1096 3537 ει
1144 3485 1210 3536 δὲ
1258 3485 1488 3555 ἀνάγκη
1522 3484 1695 3549 γένη-

177 3575 297 3620 ται,
333 3557 451 3609 κᾶν
480 3554 596 3610 ὑπὸ
655 3557 830 3608 τοιών
866 3557 1235 3617 ἐπισκόπων,
1283 3556 1314 3606 ὁ
1363 3554 1694 3614 ἐπίσκοπος

177 3629 654 3697 χειροτονηθείη.

183 3738 274 3807 ιγ’.
298 3739 566 3809 Αὐρήλιος
589 3737 881 3799 ἐπίσκοπος
905 3732 1056 3788 εἶπεν
1080 3753 1093 3766 ·
1115 3735 1180 3787 Tl
1205 3735 1337 3804 πρὸς
1355 3733 1526 3786 ταῦτα
1547 3732 1695 3799 λέγει

105 3835 145 3903 ἡ
198 3831 448 3898 ὑμετέρα
493 3829 803 3900 ἁγιωσύνης
875 3829 1006 3880 Ἀπὸ
1063 3829 1280 3881 πάντων
1327 3826 1436 3878 τῶν
1479 3825 1698 3877 ἐπισκό-

105 3942 230 3978 πων
265 3922 464 3991 ἐλέχθη
482 3939 495 3953 ο
533 3921 766 3990 Ὀφείλει
784 3923 878 3973 καὶ
897 3921 1025 3990 παρ’
1058 3921 1214 3990 ἡμῶν
1234 3921 1301 3970 τὰ
1321 3918 1606 3988 ὁρισθέντα
1631 3920 1695 3969 ἐκ
1745 3917 1750 3921 ’

107 4016 223 4068 τῶν
247 4014 360 4084 πρὸ
388 4012 547 4082 ἡμῶν
568 4012 924 4082 φυλαχθῆναι,
945 4007 1018 4063 ὧν
1039 4029 1197 4062 τινων
1227 4010 1302 4072 ὼς
1328 4010 1514 4078 ἔτυχεν
1535 4008 1696 4061 ἀϐού-

108 4108 220 4171 λως
245 4109 293 4160 οἱ
331 4105 704 4176 πρωτεύοντες
748 4105 847 4173 τῆς
879 4105 1199 4173 οἱασδήποτε
1225 4102 1513 4172 ἐπαρχίας,
1555 4103 1692 4172 ἀμε-

108 4200 224 4252 λεῖν
251 4197 637 4266 κατατολμῶσι
659 4214 673 4228 ·
695 4196 878 4248 πολλοὶ
900 4195 990 4248 οὖν
1005 4196 1290 4248 ἐπίσκοποι
1320 4193 1696 4264 συναχθέντες,

110 4295 424 4344 ἐπίσκοπον
471 4291 943 4359 χειροτονήσουσιν
970 4305 982 4318 ·
1011 4289 1059 4340 εί
1092 4289 1147 4340 δὲ
1195 4289 1408 4358 ἀνάγκη
1445 4289 1690 4357 γένηται,

111 4382 267 4451 τρεῖς
302 4378 594 4430 ἐπίσκοποι
623 4379 678 4429 ἐν
708 4378 1004 4448 οἱῳδὴποτε
1036 4377 1101 4428 ἂν
1142 4376 1290 4444 τόπῳ
1321 4370 1445 4438 ὦσι,
1485 4375 1560 4444 τῷ
1600 4375 1696 4426 τοῦ

112 4469 499 4542 πρωτεύοντος
522 4469 970 4539 παραγγέλματι,
1004 4469 1438 4538 χειροτονήσουσι
1467 4467 1556 4520 τὸν
1582 4467 1699 4519 ἐπί-

117 4577 362 4614 σκοπον·
418 4562 513 4614 καὶ
568 4561 664 4614 ἐάν
709 4577 792 4622 τις
845 4560 902 4611 ἐν
954 4577 1059 4612 τινι
1110 4558 1406 4627 ἐναντιωθῇ
1467 4561 1532 4628 τῇ
1591 4558 1699 4628 ἰδία

1799 3410 1866 3463 Ut
1917 3426 2021 3463 non
2067 3408 2221 3460 liceat
2270 3409 2564 3480 episcopum
2607 3411 2709 3463 nisi
2745 3429 2776 3464 a
2805 3414 3046 3480 plurimis
3075 3417 3366 3472 ordinari:

1867 3487 1957 3562 sect
2018 3480 2398 3560 si_necessitas
2453 3479 2635 3549 fuerit,
2676 3483 2751 3535 vel
2795 3479 2827 3535 α
2877 3487 3040 3539 tribus
3097 3491 3373 3545 ordinetur

1867 3565 2142 3620 episcopis.

1872 3747 1958 3800 15.
1985 3746 2237 3800 Aurelius
2264 3748 2549 3818 episcopus
2580 3749 2716 3803 dixit
2739 3751 2784 3782 ⁸³
2815 3751 2988 3818 :Quid
3009 3755 3073 3808 ad
3105 3756 3216 3811 haec
3243 3759 3376 3815 dicit

1798 3840 2054 3892 sanctitas
2076 3839 2286 3892 vestra?
2315 3840 2395 3892 Ab
2423 3841 2692 3895 universis
2713 3843 2982 3914 episcopis
3007 3849 3210 3903 dictum
3241 3863 3324 3906 est
3360 3870 3373 3906 :

1800 3930 1839 3980 Α
1879 3929 2035 3980 nobis
2066 3937 2304 3981 veterum
2339 3939 2540 3984 statuta
2568 3933 2763 3986 debere
2811 3937 3039 3998 servari,
3092 3940 3250 3994 sicuti
3319 3953 3374 3997 et

1801 4018 2110 4073 inconsulto
2142 4022 2368 4088 primate
2406 4024 2698 4090 cujuslibet
2731 4027 3041 4094 provinciae,
3077 4041 3185 4084 tam
3220 4035 3378 4090 facile

1802 4107 1906 4164 non
1939 4120 2270 4180 praesumant
2329 4113 2478 4167 multi
2511 4118 2819 4184 congregati
2865 4119 3107 4188 episcopi
3159 4124 3375 4192 cpisco-

1801 4218 1927 4271 pum
1959 4202 2209 4257 ordinare
2239 4221 2252 4258 :
2286 4203 2389 4258 nisi
2447 4205 2490 4258 si
2529 4203 2596 4276 [si
2638 4223 2783 4269 vero,
2815 4210 2890 4261 ita
2922 4220 2973 4263 et
3002 4210 3159 4285 Lue.]
3189 4231 3379 4271 neces-

1803 4294 1936 4347 sitas
1973 4294 2153 4356 I‘uerit,
2184 4301 2293 4348 tres
2319 4297 2577 4366 episcopi,
2619 4299 2670 4351 in
2707 4316 3055 4370 quocumque
3094 4305 3214 4360 loco
3245 4308 3377 4372 sint,

1801 4385 1920 4453 ejus
1962 4397 2230 4456 pra-cepto
2258 4388 2511 4442 ordinare
2546 4391 2816 4446 debebunt
2849 4395 3165 4465 episcopum
3202 4418 3214 4453 :
3255 4404 3377 4455 etsi

1803 4476 1928 4545 quis
1954 4487 2139 4530 contra
2183 4493 2337 4532 suam
2365 4480 2762 4549 profeSsionem
2803 4487 2884 4538 vel
2918 4488 3378 4558 subscriptionem

1805 4567 2015 4620 venerit
2048 4567 2100 4619 in
2135 4567 2342 4636 aliquo,
2382 4568 2498 4636 ipse
2542 4585 2601 4624 se
2651 4572 2861 4627 honore
2912 4576 3163 4644 privabit.
3223 4577 3378 4650 [Μδε.

115 4653 381 4723 ὁμολογία⁵
436 4653 470 4724 ἢ
529 4654 596 4723 τῇ
638 4653 951 4722 ὑπογραφῇ,
993 4651 1154 4703 αὐτὸν
1194 4652 1560 4721 ἀποστερήσει
1601 4650 1685 4720 τῆς

1805 4653 1920 4706 inse
1952 4653 2160 4708 honore
2197 4654 2540 4727 privabitur.]

117 4745 308 4816 τιμῆς.

203 4856 348 4910 Ἐάν
376 4874 469 4922 τις
502 4857 790 4923 κληρικὸς
835 4854 1265 4925 χειροτονῆται,
1298 4854 1522 4923 ὀφείλει
1551 4855 1702 4908 ὐπο-

118 4948 572 5016 μιμνήσκεσθαι
603 4947 745 5013 τοὺς
771 4948 949 5015 ὅρους
970 4947 1315 5015 φυλάττειν,
1339 4947 1432 5001 καὶ
1459 4947 1556 4999 ἵνα
1581 4946 1706 5012 τοῖς

121 5044 358 5112 σώμασι
383 5045 503 5098 τῶν
534 5046 963 5099 ἀποθανόντων
985 5043 1376 5111 εὐχαριστίαν
1429 5041 1516 5110 μὴ
1539 5041 1706 5093 δίδω-

123 5153 237 5199 ται,
257 5137 409 5204 μηδέ
442 5135 782 5203 βάπτισμιιο
811 5134 908 5188 καὶ
940 5135 1040 5186 ἵνα
1063 5135 1190 5186 καθ’
1213 5133 1473 5186 ἕκαστον
1501 5133 1702 5184 ἐνιαυ-

124 5227 231 5279 τὸν
261 5229 349 5292 εἰς
397 5227 603 5292 πάσας
652 5227 759 5291 τὰς
810 5226 1100 5294 ἐπαρχίας
1153 5225 1304 5293 πρὸς
1350 5223 1615 5278 σύνοδον
1647 5227 1702 5276 οἱ

120 5318 551 5388 μητροπολῖται
584 5318 891 5385 ἐρχωνται.

195 5457 239 5489 ⁸³
277 5459 538 5528 Carthag.
569 5473 631 5524 ιι,
660 5472 781 5526 cap.
816 5457 904 5511 11.

209 5715 299 5784 (8‘)
329 5713 428 5770 Ms.
465 5710 954 5781 metropolitanum.

1876 4867 1985 4938 36
2011 4866 2071 4923 Si
2098 4871 2214 4939 quis
2241 4871 2457 4925 clericus
2482 4873 2778 4932 ordinatus.
2801 4879 3000 4929 moneri
3017 4877 3161 4931 debet
3192 4882 3382 4932 consti-

1808 4966 1924 5012 tuta
1952 4976 2156 5014 servare
2188 4978 2206 5014 :
2243 4972 2291 5016 et
2335 4973 2390 5015 ut
2441 4967 2746 5033 corporibus
2783 4969 3149 5036 defunctorum
3181 4972 3380 5024 cur/ta-

1808 5051 1964 5104 ristia
2003 5069 2104 5104 non
2139 5055 2310 5119 detur,
2357 5073 2448 5109 nec
2507 5058 2806 5126 baptisma:
2837 5071 2884 5112 et
2919 5072 2971 5113 ut
3019 5078 3110 5128 per
3151 5063 3382 5129 singulos

1806 5160 1972 5196 annos
2005 5163 2096 5214 per
2121 5163 2296 5200 omnes
2333 5150 2625 5216 pro‘rincias
2662 5149 2730 5202 ad
2758 5152 3036 5204 concilium
3065 5153 3164 5222 (8°)
3193 5163 3381 5206 metro~

1806 5236 2027 5302 polilani
2055 5242 2395 5292 conveniatur
2427 5239 2803 5312 [conveniant].

1713 5591 1950 5649 NOTAE.
