3904 6248
235 304 336 370 485

1065 316 1462 378 SYNTAGMA
1500 317 1886 382 CANONUM;
1923 346 1992 357 --
2029 323 2177 383 ΤΙΤ-
2219 323 2269 397 Ι,
2310 324 2469 386 CAP.
2508 327 2608 388 VI.

3391 330 3498 395 486

237 419 565 491 ὁρισθέντιυν
619 422 832 489 τούτοις
890 423 1112 496 ἐπομαι,
1145 427 1285 482 ὥστε
1338 431 1608 486 συνελθεῖν
1641 452 1708 505 με
1745 435 1826 506 τῷ

1928 434 1981 489 id
2011 449 2232 504 sequor,
2273 445 2333 491 ut
2361 438 2690 492 conveniam.
2712 439 3026 510 episcopum
3073 440 3211 510 ejus,
3243 450 3408 514 atque.
3444 450 3494 501 ei

238 512 522 583 ἐπισκόπῳ
554 514 726 568 αὐτοῦ
746 516 840 570 τοῦ
873 517 1206 588 ζητουμένου
1225 521 1510 592 κληρικοῦ,
1533 526 1627 578 καὶ
1648 525 1822 580 ταῦτα

235 602 380 658 αὐτὰ
425 603 724 672 ἐμφανίσαι
771 607 853 658 ὅτι
900 607 1157 677 κληρικὸν
1209 610 1374 663 αὑτοῦ
1425 612 1707 666 αἰτοῦνται
1771 615 1821 666 οἱ

235 689 339 757 τῆς
374 691 695 760 οἱασδήποτε
757 694 1098 764 Ἐκκλησίας.
1144 697 1271 751 Ἰδοὺ
1301 698 1394 752 οῦν
1435 702 1530 754 ἐπὶ
1557 702 1648 754 τοῦ
1677 718 1822 773 παρ-

238 783 394 844 όντος
436 782 538 834 οὐκ
568 784 938 853 ἀντιλέγουσι,
963 788 1051 841 διὰ
1088 790 1144 844 δὲ
1187 791 1248 842 τὸ
1293 793 1432 862 μήτε
1473 794 1612 861 μετά
1648 795 1820 848 ταῦτα.

238 871 533 941 συμϐῆναι,
563 875 844 927 τουτέστιν
881 878 1268 948 ἐναντιωθῆναί
1292 899 1382 950 μοι
1402 882 1527 945 τοὺς
1554 886 1611 935 ἐν
1644 885 1818 954 τούτῳ

236 959 319 1030 τῷ
360 962 648 1031 πράγματι
694 966 826 1036 παρ’
853 967 988 1035 ἐμοῦ
1021 971 1394 1038 αἰτουμένους,
1417 975 1604 1044 ἐπειδὴ
1639 975 1820 1029 οἴδατε

238 1052 456 1105 πολλῶν
513 1055 819 1126 ἐκκλησιῶν
884 1060 979 1112 καὶ
1032 1063 1376 1131 χειροτονιῶν
1439 1066 1696 1136 φροντίδα
1753 1084 1819 1136 με

239 1141 555 1212 βαστάζειν,
649 1165 758 1200 τινι
787 1149 988 1219 δήποτε
1026 1153 1136 1206 τῶν
1179 1155 1378 1223 ἱερέων.
1401 1156 1642 1210 συνέλθω
1677 1160 1824 1227 μετὰ.

232 1232 331 1284 δύο
359 1234 394 1302 ἢ
423 1234 589 1304 τριῶν
616 1239 906 1308 μαρτύρων
920 1243 1018 1311 τῆς
1039 1245 1314 1313 ἡμετέρας
1344 1247 1638 1317 συγκληρώ
1651 1265 1814 1311 σεως,

231 1324 334 1377 ἐὰν
365 1327 737 1394 ἀκαθοσίωτος
779 1332 1026 1405 εὑρεθείη
1054 1374 1069 1397 ,
1100 1336 1306 1394 δίκαιόν
1349 1340 1465 1392 ἐστι
1506 1344 1686 1410 κρῖναι
1723 1340 1820 1408 τὴν

232 1415 514 1487 ὑμετέραν
543 1419 784 1489 ἀγάπην,
804 1423 853 1474 τί
873 1423 954 1476 δεῖ
974 1427 1212 1495 ποιῆσαι,
1251 1427 1390 1496 Ἐγὼ
1415 1429 1525 1500 γὰρ
1544 1469 1559 1494 ,
1591 1429 1664 1493 ὡς
1684 1431 1818 1496 ίστε,

231 1507 482 1572 ἀδελφοὶ,
515 1515 654 1564 κατά
687 1515 1031 1586 συγχώρησιν
1069 1519 1224 1582 Θεοῦ,
1253 1521 1461 1574 πολλῶν
1486 1522 1820 1592 Ἐκκλησιῶν

231 1599 521 1666 φροντίδος
551 1602 941 1672 ἀντέχομαιρ-
960 1607 1263 1678 Νουμὴδιος
1309 1612 1605 1674 ἐπίσκοπος
1645 1609 1817 1666 εἶπεν*

245 1689 360 1743 Ἀεὶ
401 1692 643 1762 ὑπῆρξεν
673 1697 704 1764 ἡ
736 1697 989 1752 αὐθεντία
1013 1701 1090 1770 τῷ
1110 1703 1296 1774 ¹θρόνῳ
1342 1705 1536 1776 τούτῳ,
1569 1707 1666 1760 ἵνα
1697 1709 1818 1760 ὅθεν

229 1781 396 1868 ἧθελε
427 1785 666 1856 καὶπερὶ
688 1789 999 1859 οίουδήποτε
1015 1796 1336 1868 προετράπη
1355 1798 1640 1868 ὀνόματος,
1669 1803 1810 1856 κατά
1840 1777 1888 1835 Β

226 1867 330 1938 τὴν
361 1871 660 1941 ἐπιθυμίαν
691 1877 928 1948 ἑκάστης
971 1882 1295 1953 Ἐκκλησίας
1342 1867 1666 1958 ἐχειροτόνει
1693 1893 1813 1946 ἐπί-

227 1976 533 2014 σκοπον.--
549 1965 851 2035 Ἑπιγόνιος
877 1971 1173 2039 ἐπίσκοπος
1195 1975 1365 2031 εἶπεν·
1385 1980 1447 2032 Ἠ
1461 1981 1815 2048 ἀγαθοθέλεια

230 2052 466 2116 μεσάξει
492 2055 590 2122 τὴν
625 2057 901 2122 ἐξουσίαν·
935 2057 1097 2135 ἦττον
1125 2067 1232 2137 γὰρ
1265 2069 1467 2140 τολμᾷς
1489 2072 1632 2142 ἥπερ
1657 2073 1810 2146 δύνῃ,

230 2139 455 2206 ἀδελφέ,
482 2143 538 2194 ἐν
559 2144 636 2214 τῷ
665 2149 830 2202 πᾶσιν
853 2150 1042 2206 ἐαυτὸν
1071 2139 1445 2213 ἀποδεικνύειν
1479 2139 1679 2228 ἀγαθὸν
1716 2139 1810 2218 κᾶι

229 2230 645 2323 φιλάνθρωπον.
683 2237 869 2309 Ἔχεις
912 2242 1020 2313 γὰρ
1065 2249 1223 2299 τοῦτο
1262 2252 1318 2302 ἐν
1368 2255 1433 2321 τῇ
1467 2255 1644 2323 κρίσει
1697 2273 1813 2322 σου,

224 2319 291 2372 τὺ
331 2322 784 2395 ἀποθεραπεῦσαι
823 2333 938 2397 ἐνὸς
973 2337 1203 2392 ἑκάστου
1235 2343 1535 2399 ἐπισκόπου
1557 2348 1617 2400 τὸ
1642 2350 1812 2418 πρόσ-

222 2431 382 2468 ωπον
409 2433 420 2443 ·
460 2419 519 2469 ἐν
558 2420 747 2494 πρώτῃ
786 2424 844 2477 δὲ
884 2428 978 2480 καὶ
1035 2431 1171 2503 μόνη
1229 2436 1558 2502 συνελεύσει,
1601 2443 1647 2493 εἰ
1694 2459 1815 2494 συν-

227 2504 387 2570 ίδοις,
426 2510 489 2562 τὸ
521 2511 609 2563 ἐπ’
638 2513 887 2580 ἐξουσίας
922 2521 1096 2594 ταύτῃ
1123 2529 1189 2595 τῇ
1228 2528 1473 2601 καθέδρᾳ
1501 2530 1639 2585 εἶναι
1663 2535 1810 2588 ἐκδι-

220 2599 450 2690 κητέον,
512 2603 700 2674 ἐπειδὴ
753 2609 997 2682 ἀνάγκην
1039 2616 1211 2685 ,ἔχεις
1267 2599 1658 2688 αὐτὸςήπάσας
1713 2629 1812 2690 τὰς

221 2687 562 2786 Ἐκκλησίας
611 2697 1016 2769 ὑποστηρίζειν.
1052 2706 1214 2760 Ὅθεν
1257 2710 1503 2775 ἐξουσίαν
1537 2732 1618 2767 σοι
1653 2687 1813 2786 ἡμεῖς

217 2781 284 2838 οὐ
346 2783 635 2880 διδοῦμεν,
708 2789 823 2845 ἀλλ’
862 2794 1330 2870 ἐπισφραγίζομεν
1376 2804 1579 2875 ταύτην
1744 2811 1810 2880 σῇ

220 2877 553 2944 προαιρέσει
572 2919 584 2937 .
617 2880 758 2935 ὥστε
818 2885 1015 2950 ἐξεῖναι
1062 2897 1282 2960 κρατεῖν
1311 2893 1369 2946 ὃν
1398 2895 1463 2948 ἂν
1497 2897 1654 2969 θέλῃς
1673 2877 1691 2961 ,
1719 2877 1814 2952 καί

221 2969 674 3037 προχειρίζεσθαι
690 2978 1033 3044 προεστῶτας
1051 2987 1167 3044 ταῖς
1184 2983 1552 3056 Ἐκκλησίαις.
1575 2991 1666 3043 καὶ
1693 2996 1813 3057 ταῖς

1922 525 2225 593 inculcem,
2258 528 2403 597 quod
2447 528 2569 598 ejus
2603 530 2835 585 clericus
2879 546 2908 585 a
2957 533 3199 600 qualibet
3253 534 3494 591 Ecclesia

1923 618 2153 687 regenda
2191 620 2498 689 postuletur
2533 639 2547 674 :
2580 622 2672 676 sed
2715 619 2856 675 forte
2884 621 2938 676 in
2972 623 3235 679 hodierno
3256 642 3361 680 non
3411 643 3496 681 re«

1919 709 2108 764 luctati
2134 719 2282 777 sunt,
2323 719 2468 767 etne
2498 712 2717 781 quando
2739 713 3018 784 contingat
3051 725 3110 769 ut
3140 718 3494 784 reluctentur,

1921 818 2042 858 cum
2074 801 2277 858 fuerint
2314 819 2346 858 a
2379 819 2464 858 me
2507 805 2561 859 in
2629 805 2730 858 hac
2777 820 2943 859 causa
2997 809 3272 875 pOstulati,
3329 825 3491 879 quem

1921 895 2072 949 scitis
2125 893 2824 960 multarum,Ecclesiarum
2856 907 2910 952 et
2937 899 3362 954 ordinandorum
3401 917 3500 956 (ιιι-

1921 999 2036 1038 ram
2065 986 2354 1040 sustinere.
2393 983 2607 1038 Justnm
2628 994 2885 1056 estergo,
2924 996 2978 1040 ut
3006 990 3304 1057 quemlibet
3363 1007 3496 1046 con-

1922 1078 2270 1131 sacerdotum
2321 1076 2646 1130 conveniam
2686 1092 2809 1130 cum
2860 1079 3076 1134 duobus
3133 1095 3163 1134 e
3218 1084 3508 1136 consortio-

1921 1175 2130 1230 nostro,
2159 1168 2246 1221 vel
2281 1167 2460 1222 tribus
2477 1168 2726 1222 testibus.
2749 1166 2998 1222 Sinvero
3019 1170 3307 1226 indevotus
3330 1174 3497 1227 exsti-

1923 1260 2069 1324 terit,
2100 1258 2228 1327 quid
2263 1268 2450 1312 censet
2489 1260 2731 1313 Charitas
2765 1268 2942 1314 vestra
2997 1259 3348 1315 faciendum?
3387 1264 3498 1334 Ego

1920 1350 2064 1404 enim
2113 1359 2434 1403 cunctarum
2469 1351 2856 1416 Ecclesiarum,
2904 1351 3218 1420 dignatione
3275 1353 3389 1415 Dei,
3438 1364 3498 1407 ut

1921 1440 2094 1504 scitis,
2127 1439 2342 1505 fratres,
2382 1441 2799 1497 sollicitudinem
2819 1442 3086 1496 sustineo.
3120 1471 3187 1480 —
3211 1443 3500 1500 Numidius

1919 1535 2208 1603 episcopus
2225 1535 2363 1588 dixit
2392 1533 2770 1604 :Fuitsempcr
2801 1537 2916 1591 hinc
2945 1537 3157 1591 licentia
3188 1537 3316 1589 huic
3359 1536 3497 1598 sedi,

1921 1633 1980 1678 ut
2015 1626 2154 1678 unde
2185 1624 2295 1694 38
2324 1625 2500 1690 vellet,
2539 1634 2589 1678 et
2621 1625 2687 1678 de
2718 1626 2872 1694 cujus
2903 1626 3123 1680 nomine
3148 1625 3335 1680 fuisset
3364 1641 3500 1680 con-

1923 1725 2136 1778 ventus,
2177 1731 2275 1784 pro
2311 1717 2586 1771 desiderio
2620 1717 2889 1787 cujusque
2923 1718 3179 1772 Ecclesiae
3221 1719 3500 1773 ordinaret

1915 1807 2248 1876 episcopum.
2273 1835 2342 1846 —
2381 1807 2680 1876 Epigouius
2699 1809 2987 1878 cpiscopus
3013 1809 3150 1863 dixit
3205 1828 3219 1864 :
3277 1808 3500 1862 Bonitas

1915 1907 2217 1968 sequestrat
2258 1900 2675 1969 possibilitatem
2713 1923 2725 1955 ;
2764 1901 2945 1955 minus
2987 1900 3133 1954 enim
3189 1900 3500 1969 praesumis,

1914 1989 2099 2055 frater,
2132 2006 2256 2046 cum
2293 2001 2344 2045 te
2376 1993 2575 2046 bonum
2619 2001 2672 2046 et
2717 1992 3042 2046 clementem
3082 1992 3344 2046 omnibus
3377 1991 3502 2045 red-

1913 2082 2041 2136 dis:
2082 2083 2248 2138 habes
2273 2084 2415 2137 enim
2447 2085 2551 2138 hoc
2583 2083 2635 2136 in
2672 2084 2921 2148 arbitrio,
2958 2083 3091 2137 satis
3132 2093 3218 2136 est
3266 2082 3380 2152 (16)
3442 2091 3501 2135 ιιι

1914 2175 2142 2228 satisliat
2193 2190 2438 2245 persona:
2473 2175 2905 2244 uniuscujusque
2938 2174 3175 2242 episcopi
3221 2173 3276 2226 in
3325 2172 3498 2240 prima

1916 2267 2289 2318 tantummodo
2322 2266 2701 2320 conventione.
2739 2265 2796 2318 Si
2850 2274 3031 2332 autem
3064 2264 3176 2331 (l7)
3218 2262 3501 2332 quodlibet

1916 2353 2043 2408 huic
2101 2356 2212 2409 sedi
2245 2354 2623 2408 vindicandum
2666 2355 2769 2410 sibi
2824 2331 2983 2408 fderit
3029 2355 3362 2415 arbitratus,
3411 2369 3506 2408 nc-

1917 2461 2070 2501 cesse
2115 2447 2282 2502 habes
2334 2457 2389 2500 tu
2451 2463 2642 2502 omnes
2691 2447 2966 2502 Ecclesias
3003 2447 3281 2502 sntfulcire
3315 2464 3328 2497 ι
3361 2447 3506 2500 unde

1917 2537 2012 2595 tibi
2046 2552 2150 2591 non
2182 2547 2502 2607 potestatem
2533 2539 2747 2604 damus,
2782 2540 2874 2592 sed
2908 2549 2996 2591 tua
3039 2537 3410 2606 assignamus,
3445 2543 3505 2588 ut

1915 2615 2074 2684 liceat
2115 2629 2378 2684 voluntati
2423 2641 2528 2713 tua:
2583 2639 2637 2685 et
2672 2644 2885 2698 semper
2914 2637 3100 2683 tenere
3129 2642 3289 2697 quem
3317 2627 3464 2680 voles
3486 2667 3503 2691 ,

1919 2725 1979 2770 ut
2007 2717 2328 2784 praepositos
2373 2717 2622 2786 plebibus
2650 2715 2732 2770 vel
2764 2715 3022 2770 Ecclesiis
3049 2715 3374 2775 constituas,
3408 2716 3501 2782 qui

1914 2807 2168 2877 postulati
2200 2805 2418 2873 fuerint,
2443 2816 2496 2862 et
2529 2808 2670 2861 unde
2701 2805 3320 2861 velis.—Postumianus
3342 2803 3501 2876 [Pos-

1916 2900 2268 2971 tumetianus]
2313 2902 2603 2969 episcopus
2637 2899 2774 2953 dixit
2810 2916 2822 2950 :
2860 2897 3100 2962 Deinde,
3149 2897 3241 2966 qui
3270 2939 3285 2962 ,
3335 2913 3504 2951 unum

1927 2992 2197 3054 habuerit,
2251 2991 2499 3059 nunquid
2536 2990 2695 3044 debet
2743 2989 2818 3042 illi
2859 3005 3003 3042 unus
3053 2989 3340 3059 presbyter
3403 3003 3504 3040 au-

218 3056 442 3122 λοιπαῖς
475 3063 600 3126 τοὺς
629 3063 992 3137 ζητουμένονς
1015 3112 1030 3134 ,
1064 3075 1157 3127 καὶ
1180 3076 1300 3128 ὅθεν
1332 3080 1584 3145 συνίδοις.
1616 3115 1684 3124 -
1711 3086 1788 3138 Ilo

225 3163 551 3174 --A....__-__
575 3153 593 3174 ἱ
617 3173 628 3174 γ
668 3157 710 3174 9,
745 3159 758 3174 1
1017 3157 1040 3174 ν
1201 3163 1258 3174 ιςν
1359 3168 1371 3174 -
1399 3168 1409 3174 .
1597 3171 1615 3174 κ.

1925 3079 2052 3134 ferri
2066 3056 2413 3133 ila—Aurelius
2431 3080 2720 3148 cpiscopus
2742 3078 2910 3132 dixit:
2933 3077 3036 3130 Sed
3056 3056 3341 3144 episcopus
3363 3090 3502 3128 unus

224 3153 630 3219 στουμητιανὺς
664 3157 961 3224 ἐπίσκοπος
986 3157 1158 3216 εἶπεν·
1197 3163 1328 3218 Εϊτα
1356 3168 1449 3220 ἐάν
1478 3186 1560 3233 τις
1594 3171 1688 3225 ἕνα
1725 3174 1819 3226 καὶ

223 3239 396 3308 μόνον
423 3247 526 3314 σχῇ
551 3248 942 3320 πρεσϐύτερον,
979 3254 1054 3324 μὴ
1089 3256 1289 3323 ὀφείλει
1311 3260 1402 3312 καὶ
1419 3261 1578 3324 αὐτὸς
1604 3265 1631 3315 ὁ
1659 3257 1739 3326 εἷς
1760 3265 1819 3329 ἐξ

221 3331 398 3391 αὑτοῦ
415 3337 780 3407 ἀφαιρεθῆναι
797 3344 962 3407 ;-Αύ
972 3344 1150 3414 ρήλιος
1167 3347 1462 3410 ἐπίσκοπος
1472 3347 1642 3404 εἶπεν·
1665 3355 1830 3406 Κατὰ.

224 3424 584 3496 συγχώρησιν
634 3430 792 3492 Θεοῦ,
823 3433 1098 3494 δύναταιὸ
1122 3432 1203 3498 εἷς
1245 3437 1540 3504 ἐπίσκοπος
1591 3442 1834 3512 πολλοὺς,

219 3520 556 3584 χειροτονεῖν
575 3521 980 3590 πρεσϐυτέρους
1013 3540 1027 3555 ο
1050 3527 1420 3598 πρεσϐύτερος
1439 3531 1494 3582 δὲ
1528 3532 1664 3602 πρὸς
1698 3535 1818 3584 ἐπι-

221 3607 442 3673 σκοπὴν
462 3609 786 3678 ἐπιτήδειος,
821 3613 1098 3682 δυσχερῶς
1139 3618 1468 3688 εὑρίσκεται.
1498 3624 1587 3676 Διὸ
1610 3624 1703 3676 ἐάν
1721 3640 1804 3686 τις

217 3695 427 3766 εὑρεθῇ
458 3698 598 3767 ἔχων
620 3699 716 3753 ’ένα
749 3705 907 3771 μόνον
938 3707 1330 3778 πρεσϐύτερον,
1355 3714 1448 3765 κοιλ¹
1477 3713 1641 3767 αὑτὸν
1686 3718 1807 3768 ἐπι-

214 3787 439 3856 τήδειον
463 3793 530 3860 τῇ
584 3792 882 3864 ἐπισκοπῇ,
940 3797 1038 3850 καὶ
1089 3801 1254 3855 αὐτὸν
1307 3803 1400 3858 τὸν
1443 3805 1542 3858 ἕνα
1600 3807 1808 3874 ὀφείλει

215 3875 410 3932 δοῦναι
440 3882 578 3950 πρὸς
626 3887 1534 3964 χειροτονίαν.-Ποστουμητιανὸς
1588 3898 1809 3951 ἐπίσκο-

217 3987 324 4060 πος
362 3967 542 4026 εἶπεν⁸
571 3978 782 4030 Οὐκοῦν
815 3981 909 4033 ἐὰν
947 3983 1103 4048 ἄλλος
1140 3986 1240 4059 ἔχῃ
1276 3988 1479 4058 πλῆθος
1509 3991 1806 4060 κληρικῶν,

214 4058 432 4127 ὀφείλοι
481 4081 573 4132 μοι
605 4068 664 4118 τὸ
709 4071 896 4141 ἕτερον
920 4075 1120 4144 πλῆθος
1155 4058 1429 4134 συνελθεῖν
1449 4098 1537 4121 '—
1553 4058 1819 4152 Λῦρὴλιος

212 4155 527 4221 ἐπίσκοπος
585 4157 758 4214 εἶπεν·

1923 3181 2271 3240 essepotest,
2308 3186 2401 3238 per
2428 3185 2588 3240 quem
2621 3169 2940 3238 dignatione
2972 3167 3156 3220 divina
3193 3165 3498 3236 presbyteri

1927 3261 2082 3316 multi
2114 3261 2371 3315 constitui
2402 3261 2642 3330 possint;
2675 3273 2816 3312 unus
2856 3267 3036 3311 autem
3083 3257 3375 3327 episcopus
3398 3255 3496 3310 dil-

1925 3355 2067 3408 ficila
2093 3353 2362 3406 invenitur
2386 3351 2819 3406 constituendus.
2845 3350 3189 3417 Quapropter
3241 3348 3286 3402 si
3313 3362 3500 3403 ncces—

1928 3446 2134 3499 sarium
2165 3444 2501 3512 episcopatui
2536 3442 2658 3511 quis
2707 3441 2956 3494 habuerit
3004 3440 3402 3509 presbyterum,
3447 3446 3499 3492 et

1929 3552 2119 3599 unum,
2150 3544 2208 3588 ut
2231 3536 2442 3598 dixisti,
2477 3535 2678 3596 frater,
2712 3532 2984 3596 habuerit,
3021 3533 3182 3585 etiam
3224 3531 3401 3599 ipsum
3434 3530 3498 3583 ad

1915 3631 2306 3697 promotioncm
2335 3628 2462 3682 dare
2484 3626 3183 3681 debebit.—Postumianus
3211 3625 3500 3694 episcopus

1913 3721 2054 3775 dixit
2091 3737 2104 3773 :
2141 3719 2281 3790 Ergo
2345 3720 2392 3773 si
2463 3719 2624 3773 habet
2667 3720 2808 3773 alius
2853 3720 3192 3772 abundantes
3244 3717 3495 3780 clericos,

1915 3813 2075 3866 debet
2135 3811 2264 3864 mihi
2293 3811 2397 3863 alia
2425 3810 2574 3879 plebs
2602 3808 3242 3865 subvenire.:—-Attrelius
3281 3808 3497 3877 episeo-

1919 3917 2021 3970 pus
2056 3900 2188 3953 dixit
2227 3917 2241 3952 :
2285 3900 2428 3954 Sane
2455 3899 2673 3968 quando
2707 3909 2759 3953 tu
2796 3899 3048 3953 Ecclesia:
3093 3897 3250 3952 alteri
3300 3899 3499 3951 subve-

1919 3993 2086 4058 neris,
2118 3991 2537 4062 persuadebitur
2565 3992 2639 4045 illi
2671 3992 2764 4060 qui
2799 3992 2983 4059 plures
3037 3990 3199 4043 habet
3242 3991 3492 4054 clericos,

1926 4093 1985 4136 ut
2013 4099 2180 4136 unum
2210 4083 2306 4136 tibi
2343 4083 2709 4136 ordinandum
2749 4083 3027 4151 largiatur.

839 4169 1048 4238 Δηλαδὴ
1096 4171 1156 4223 ὃν
1214 4174 1415 4245 τρόπον
1485 4177 1547 4229 σὺ
1619 4181 1680 4248 τῇ
1736 4178 1894 4247 ἑτέρᾳ
1944 4176 2236 4246 Ἐκκλησία
2285 4177 2583 4246 συνῆλθες,
2630 4175 3102 4247 συνωθησθήσεται
3165 4177 3260 4229 καὶ
3301 4178 3329 4230 ὁ
3369 4179 3493 4242 τοῖς

212 4251 482 4317 πλείονας
517 4253 654 4325 ἔχων
701 4259 1014 4330 κληρικοὺς,
1046 4265 1142 4318 ἕνα
1177 4268 1235 4332 ἐξ
1278 4271 1458 4323 αὐτῶν
1501 4274 1582 4335 είς
1611 4272 1943 4344 χειροτονίαν
1976 4288 2058 4322 σοι
2085 4271 2535 4341 δαψιλεύσασθαι.

211 4363 367 4432 Περὶ
405 4365 528 4418 τῶν
546 4368 714 4420 λαῶν
744 4372 863 4424 τῶν
881 4375 1183 4497 μτέὃέποτε
1211 4381 1585 4450 ἐπισκόπους
1613 4385 1796 4456 ἐσχη-

908 4462 941 4495 κ
981 4463 1118 4497 των.

908 4462 1118 4499 κοτων.

283 4527 394 4590 vq'.
416 4523 624 4593 Ἥρεσε
650 4526 871 4582 κάκεῖνο
902 4532 988 4584 ἵνα
1010 4535 1058 4585 oi
1079 4534 1243 4606 ὄχλοι,
1268 4539 1316 4590 oi
1341 4542 1609 4610 μηδέποτε
1641 4545 1804 4611 ἰδίους

206 4613 522 4704 ἐσχηκότες
549 4618 904 4686 ἐπισκόπους,
942 4628 989 4678 εί
1019 4628 1093 4697 μὴ
1140 4631 1203 4683 ἐκ
1238 4633 1419 4702 πάσης
1452 4635 1552 4704 τῆς
1585 4640 1804 4692 συνόδου

207 4703 462 4798 ἑκάστης
521 4709 812 4779 ἐπαρχίας,
858 4715 1070 4768 καὶτοῦ
1113 4703 1517 4790 πρωτεύοντος,
1548 4725 1805 4798 ψήφισμα

209 4793 470 4859 γένηται,
508 4798 603 4849 καὶ
625 4799 767 4851 κατά
802 4804 1106 4858 συναίνεσιν
1159 4809 1392 4874 ἐκείνου,
1426 4807 1488 4866 οὗ
1519 4793 1662 4879 τινος
1702 4820 1807 4873 ὑπὸ

347 4882 621 4954 διοίκησιν
638 4887 932 4945 καθίστατο
964 4895 997 4964 ἡ
1029 4893 1166 4966 αὐτὴ
1188 4895 1505 4970 Ἐκκλησία,
1542 4906 1806 4977 μηδαμῶς

207 4970 500 5038 δέξωνται.

375 5069 648 5124 Συνόὸου
677 5075 1096 5146 οίκουμενικῆς
1134 5086 1188 5146 ς’
1214 5083 1414 5137 κανὼν
1430 5084 1534 5154 λγν,
1561 5085 1659 5152 λζ.

283 5155 394 5225 λγ’.
433 5160 766 5253 ’βπειδήπερ
806 5165 1054 5238 ἔγνωμεν
1103 5173 1162 5224 ἐν
1191 5176 1254 5243 τῇ
1322 5174 1620 5247 Ἀρμενίων
1651 5181 1804 5253 χώρᾳ.

211 5247 416 5317 μόνους
444 5252 502 5302 ἐν
527 5252 714 5324 κλήρῳ
737 5257 862 5318 τοὺς
896 5261 958 5310 ἐκ
993 5262 1182 5328 γένους
1223 5265 1498 5334 ἱερατικοῦ
1530 5274 1799 5325 κατατάτ-

205 5339 428 5402 τεσθαι,
462 5343 751 5409 ἰουδαῐκοῖς
778 5348 954 5402 ἔθεσιν
985 5353 1267 5424 ἑπομένων
1293 5357 1399 5410 τῶν
1429 5359 1586 5414 τοῦτο
1621 5363 1798 5432 πράτ-

206 5449 329 5485 τειν
358 5434 801 5505 ἐπιχειρούντων,
829 5442 980 5505 τινάς
1011 5445 1068 5497 δὲ
1109 5447 1287 5500 αὐτῶν
1313 5451 1407 5503 καὶ
1473 5452 1545 5520 μὴ
1570 5453 1796 5508 ἀποκει-

211 5523 482 5593 ρομένους
510 5526 832 5598 ἱεροψάλτας
845 5532 938 5583 καὶ
965 5535 1316 5604 ἀναγνώστας
1343 5539 1435 5594 τοῦ
1461 5540 1606 5597 θείου
1629 5543 1793 5615 νόμου

285 5697 359 5729 ⁵³·
393 5700 561 5758 Cone.
597 5700 768 5759 Afric.
803 5719 922 5775 cap.
951 5705 1041 5760 65.

2053 4384 2270 4455 39.!)e
2301 4384 2536 4454 plebibus
2579 4401 2696 4455 qua:
2739 4401 3008 4454 nunquam
3055 4387 3319 4454 episcopos

2483 4455 2778 4508 habuerunt
2815 4455 2900 4507 ⁴⁸”.

1977 4551 2012 4604 5
2028 4549 2067 4604 ἓ.
2098 4547 2312 4602 Placuit
2326 4555 2379 4601 et
2395 4546 2548 4614 illud,
2577 4557 2631 4600 ut
2651 4547 2831 4615 plebes
2847 4561 2966 4614 quae
2986 4563 3263 4616 nunquam
3286 4547 3490 4602 habue-

1910 4652 2038 4697 runt
2068 4641 2322 4712 proprios
2347 4640 2635 4710 episcopos
2694 4639 2798 4695 nisi
2845 4656 2912 4693 ex
2959 4643 3194 4695 concilio
3244 4642 3488 4711 plenario

1914 4734 2356 4801 uniuscujusque
2394 4731 2707 4801 provinciae,
2755 4739 2808 4784 et
2852 4732 3105 4800 primatis
3154 4741 3313 4801 atque
3361 4749 3490 4786 con-

1912 4841 2076 4881 sensu
2109 4824 2252 4894 ejus,
2286 4823 2351 4876 ad
2384 4824 2542 4892 cujus
2576 4823 2861 4877 dioecesim
2893 4824 3079 4878 eadem
3106 4825 3344 4879 Ecclesia
3366 4839 3488 4893 per-

1915 4917 2141 4979 tinebat,
2175 4916 2454 4969 decretum
2487 4913 2675 4979 fuerit,
2708 4914 2933 4968 minime
2959 4916 3250 4984 accipiant.

2144 5088 2370 5142 Concilii
2398 5089 2700 5143 meumenici
2731 5105 2780 5142 Vl
2812 5104 3035 5142 canones
3061 5089 3150 5151 '53,
3178 5089 3268 5142 57.

1979 5181 2068 5236 55.
2096 5179 2364 5246 Quoniam
2391 5181 2747 5250 cognovimus
2774 5181 2827 5234 in
2849 5181 3231 5234 Armeniorum
3264 5179 3482 5245 regione

1905 5287 2002 5327 eos
2031 5273 2206 5325 solum
2245 5273 2296 5325 in
2334 5272 2464 5326 cleri
2504 5272 2754 5325 ordinem
2786 5271 2974 5323 referri
3003 5270 3093 5339 qui
3129 5278 3256 5322 sunt
3289 5285 3352 5322 ex
3383 5285 3476 5338 gev

1907 5379 2035 5417 nere
2069 5365 2414 5428 sacerdotali,
2463 5364 2530 5417 iis
2554 5363 2646 5432 qui
2691 5367 2792 5418 hoc
2837 5363 3012 5417 facere
3061 5361 3478 5430 aggrediunlur,

1904 5469 2084 5508 mores
2141 5453 2394 5521 judaicos
2463 5455 2863 5524 sequentibus;
2928 5451 3220 5506 nonnullos
3292 5461 3473 5505 autem

1902 5561 2114 5613 eorum,
2148 5546 2311 5601 etiam
2333 5561 2441 5602 non
2468 5555 2675 5614 tonsos,
2707 5560 2896 5605 sacros
2925 5554 3174 5600 cantores
3207 5554 3258 5600 et
3280 5543 3478 5598 divina:
