  <div class='ocr_page' id='page_1' title='image "/cluster/home/n/w/nwhite01/storage/ocr_20150623/104 pt.4/mdp.39015061931229/253.png"; bbox 0 0 3904 6248; ppageno 0'>
   <div class='ocr_carea' id='block_1_1' title="bbox 424 373 530 439">
    <p class='ocr_par' dir='ltr' id='par_1_1' title="bbox 424 373 530 439">
     <span class='ocr_line' id='line_1_1' title="bbox 424 373 530 439; baseline -0.028 0"><span class='ocrx_word' id='word_1_1' title='bbox 424 373 530 439; x_wconf 72' lang='grc'><strong>487</strong></span> 
     </span>
    </p>
   </div>
   <div class='ocr_carea' id='block_1_2' title="bbox 1551 365 2501 448">
    <p class='ocr_par' dir='ltr' id='par_1_2' title="bbox 1551 365 2501 448">
     <span class='ocr_line' id='line_1_2' title="bbox 1551 365 2501 448; baseline -0.005 -17"><span class='ocrx_word' id='word_1_2' title='bbox 1551 368 1811 430; x_wconf 84' lang='lat' dir='ltr'><strong>PHOTII</strong></span> <span class='ocrx_word' id='word_1_3' title='bbox 1852 365 2355 427; x_wconf 67' lang='lat' dir='ltr'><strong>PATRIARCHaE</strong></span> <span class='ocrx_word' id='word_1_4' title='bbox 2383 367 2501 448; x_wconf 73' lang='lat' dir='ltr'><strong>cr.</strong></span> 
     </span>
    </p>
   </div>
   <div class='ocr_carea' id='block_1_3' title="bbox 3573 364 3670 431">
    <p class='ocr_par' dir='ltr' id='par_1_3' title="bbox 3573 364 3670 431">
     <span class='ocr_line' id='line_1_3' title="bbox 3573 364 3670 431; baseline 0.031 -3"><span class='ocrx_word' id='word_1_5' title='bbox 3573 364 3670 431; x_wconf 75' lang='grc'><strong>488</strong></span> 
     </span>
    </p>
   </div>
   <div class='ocr_carea' id='block_1_4' title="bbox 425 476 1986 558">
    <p class='ocr_par' dir='ltr' id='par_1_4' title="bbox 425 482 1986 558">
     <span class='ocr_line' id='line_1_4' title="bbox 425 482 1986 558; baseline -0.004 -16"><span class='ocrx_word' id='word_1_6' title='bbox 425 487 562 558; x_wconf 79' lang='lat' dir='ltr'><strong>legis</strong></span> <span class='ocrx_word' id='word_1_7' title='bbox 602 488 830 543; x_wconf 85' lang='lat' dir='ltr'><strong>lectores</strong></span> <span class='ocrx_word' id='word_1_8' title='bbox 868 485 1171 540; x_wconf 86' lang='lat' dir='ltr'><strong>constitui:</strong></span> <span class='ocrx_word' id='word_1_9' title='bbox 1219 484 1585 548; x_wconf 85' lang='lat' dir='ltr'><strong>decernimus,</strong></span> <span class='ocrx_word' id='word_1_10' title='bbox 1631 493 1692 538; x_wconf 91' lang='lat' dir='ltr'><strong>ut</strong></span> <span class='ocrx_word' id='word_1_11' title='bbox 1737 482 1986 550; x_wconf 79' lang='lat' dir='ltr'><strong>deinceps</strong></span> 
     </span>
    </p>
   </div>
   <div class='ocr_carea' id='block_1_5' title="bbox 2094 476 3670 558">
    <p class='ocr_par' dir='ltr' id='par_1_5' title="bbox 2103 476 3670 552">
     <span class='ocr_line' id='line_1_5' title="bbox 2103 476 3670 552; baseline 0.002 -20"><span class='ocrx_word' id='word_1_12' title='bbox 2103 476 2484 546; x_wconf 71' lang='grc' dir='ltr'><strong>καθίστασθαι,</strong></span> <span class='ocrx_word' id='word_1_13' title='bbox 2529 482 2845 552; x_wconf 86' lang='grc' dir='ltr'>συνείδομεν</span> <span class='ocrx_word' id='word_1_14' title='bbox 2875 481 3013 536; x_wconf 85' lang='grc' dir='ltr'>ὥστε</span> <span class='ocrx_word' id='word_1_15' title='bbox 3043 483 3150 538; x_wconf 77' lang='grc' dir='ltr'>ἀπὸ</span> <span class='ocrx_word' id='word_1_16' title='bbox 3174 483 3266 536; x_wconf 72' lang='grc' dir='ltr'>τοῦ</span> <span class='ocrx_word' id='word_1_17' title='bbox 3289 483 3383 536; x_wconf 82' lang='grc' dir='ltr'>νῦν</span> <span class='ocrx_word' id='word_1_18' title='bbox 3416 484 3493 552; x_wconf 82' lang='grc' dir='ltr'>μὴ</span> <span class='ocrx_word' id='word_1_19' title='bbox 3535 485 3670 547; x_wconf 79' lang='grc' dir='ltr'>ἑξεῖ-</span> 
     </span>
    </p>
   </div>
   <div class='ocr_carea' id='block_1_6' title="bbox 425 570 1994 642">
    <p class='ocr_par' dir='ltr' id='par_1_6' title="bbox 425 570 1994 642">
     <span class='ocr_line' id='line_1_6' title="bbox 425 570 1994 642; baseline -0.004 -13"><span class='ocrx_word' id='word_1_20' title='bbox 425 591 535 629; x_wconf 90' lang='lat' dir='ltr'><strong>non</strong></span> <span class='ocrx_word' id='word_1_21' title='bbox 577 575 738 628; x_wconf 88' lang='lat' dir='ltr'><strong>liceat</strong></span> <span class='ocrx_word' id='word_1_22' title='bbox 781 573 848 628; x_wconf 91' lang='lat' dir='ltr'><strong>iis</strong></span> <span class='ocrx_word' id='word_1_23' title='bbox 883 573 975 642; x_wconf 87' lang='lat' dir='ltr'><strong>qui</strong></span> <span class='ocrx_word' id='word_1_24' title='bbox 1006 573 1194 627; x_wconf 92' lang='lat' dir='ltr'><strong>volunt</strong></span> <span class='ocrx_word' id='word_1_25' title='bbox 1229 573 1442 641; x_wconf 86' lang='lat' dir='ltr'><strong>aliquos</strong></span> <span class='ocrx_word' id='word_1_26' title='bbox 1472 571 1539 625; x_wconf 86' lang='lat' dir='ltr'><strong>ad</strong></span> <span class='ocrx_word' id='word_1_27' title='bbox 1579 570 1782 624; x_wconf 87' lang='lat' dir='ltr'><strong>clerum</strong></span> <span class='ocrx_word' id='word_1_28' title='bbox 1823 570 1994 623; x_wconf 89' lang='lat' dir='ltr'><strong>addu-</strong></span> 
     </span>
    </p>
   </div>
   <div class='ocr_carea' id='block_1_7' title="bbox 425 664 1989 734">
    <p class='ocr_par' dir='ltr' id='par_1_7' title="bbox 425 664 1989 734">
     <span class='ocr_line' id='line_1_7' title="bbox 425 664 1989 734; baseline -0.001 -13"><span class='ocrx_word' id='word_1_29' title='bbox 425 682 571 730; x_wconf 87' lang='lat' dir='ltr'><strong>cere,</strong></span> <span class='ocrx_word' id='word_1_30' title='bbox 595 666 657 718; x_wconf 90' lang='lat' dir='ltr'><strong>ad</strong></span> <span class='ocrx_word' id='word_1_31' title='bbox 675 665 792 734; x_wconf 84' lang='lat' dir='ltr'><strong>ejus</strong></span> <span class='ocrx_word' id='word_1_32' title='bbox 811 665 898 718; x_wconf 89' lang='lat' dir='ltr'><strong>cui</strong></span> <span class='ocrx_word' id='word_1_33' title='bbox 927 680 1124 718; x_wconf 89' lang='lat' dir='ltr'><strong>manus</strong></span> <span class='ocrx_word' id='word_1_34' title='bbox 1151 665 1473 734; x_wconf 75' lang='lat' dir='ltr'><strong>imponitur,</strong></span> <span class='ocrx_word' id='word_1_35' title='bbox 1496 681 1665 730; x_wconf 70' lang='lat' dir='ltr'><strong>genus</strong></span> <span class='ocrx_word' id='word_1_36' title='bbox 1687 664 1989 732; x_wconf 83' lang='lat' dir='ltr'><strong>respicere:</strong></span> 
     </span>
    </p>
   </div>
   <div class='ocr_carea' id='block_1_8' title="bbox 425 752 1989 824">
    <p class='ocr_par' dir='ltr' id='par_1_8' title="bbox 425 752 1989 824">
     <span class='ocr_line' id='line_1_8' title="bbox 425 752 1989 824; baseline -0.001 -16"><span class='ocrx_word' id='word_1_37' title='bbox 425 755 518 808; x_wconf 86' lang='lat' dir='ltr'><strong>Sed</strong></span> <span class='ocrx_word' id='word_1_38' title='bbox 563 753 939 806; x_wconf 77' lang='lat' dir='ltr'><strong>exatninantes</strong></span> <span class='ocrx_word' id='word_1_39' title='bbox 986 769 1053 805; x_wconf 90' lang='lat' dir='ltr'><strong>an</strong></span> <span class='ocrx_word' id='word_1_40' title='bbox 1099 752 1246 823; x_wconf 84' lang='lat' dir='ltr'><strong>digni</strong></span> <span class='ocrx_word' id='word_1_41' title='bbox 1300 754 1408 808; x_wconf 90' lang='lat' dir='ltr'><strong>sint</strong></span> <span class='ocrx_word' id='word_1_42' title='bbox 1450 755 1606 823; x_wconf 80' lang='lat' dir='ltr'><strong>juxta</strong></span> <span class='ocrx_word' id='word_1_43' title='bbox 1655 756 1896 824; x_wconf 77' lang='lat' dir='ltr'><strong>exposita</strong></span> <span class='ocrx_word' id='word_1_44' title='bbox 1937 754 1989 807; x_wconf 92' lang='lat' dir='ltr'><strong>in</strong></span> 
     </span>
    </p>
   </div>
   <div class='ocr_carea' id='block_1_9' title="bbox 423 845 1988 917">
    <p class='ocr_par' dir='ltr' id='par_1_9' title="bbox 423 845 1988 917">
     <span class='ocr_line' id='line_1_9' title="bbox 423 845 1988 917; baseline -0.001 -19"><span class='ocrx_word' id='word_1_45' title='bbox 423 845 594 898; x_wconf 90' lang='lat' dir='ltr'><strong>sacris</strong></span> <span class='ocrx_word' id='word_1_46' title='bbox 619 845 920 899; x_wconf 77' lang='lat' dir='ltr'><strong>rationibus</strong></span> <span class='ocrx_word' id='word_1_47' title='bbox 947 846 1187 910; x_wconf 87' lang='lat' dir='ltr'><strong>decreta,</strong></span> <span class='ocrx_word' id='word_1_48' title='bbox 1209 846 1260 899; x_wconf 90' lang='lat' dir='ltr'><strong>in</strong></span> <span class='ocrx_word' id='word_1_49' title='bbox 1289 847 1418 901; x_wconf 76' lang='lat' dir='ltr'><strong>cleri</strong></span> <span class='ocrx_word' id='word_1_50' title='bbox 1445 849 1750 917; x_wconf 77' lang='lat' dir='ltr'><strong>catalogqu</strong></span> <span class='ocrx_word' id='word_1_51' title='bbox 1779 845 1988 911; x_wconf 79' lang='lat' dir='ltr'><strong>referri,</strong></span> 
     </span>
    </p>
   </div>
   <div class='ocr_carea' id='block_1_10' title="bbox 424 935 1990 1005">
    <p class='ocr_par' dir='ltr' id='par_1_10' title="bbox 424 935 1990 1005">
     <span class='ocr_line' id='line_1_10' title="bbox 424 935 1990 1005; baseline 0.001 -17"><span class='ocrx_word' id='word_1_52' title='bbox 424 945 482 988; x_wconf 91' lang='lat' dir='ltr'><strong>ut</strong></span> <span class='ocrx_word' id='word_1_53' title='bbox 515 951 610 990; x_wconf 88' lang='lat' dir='ltr'><strong>eos</strong></span> <span class='ocrx_word' id='word_1_54' title='bbox 635 936 1011 990; x_wconf 82' lang='lat' dir='ltr'><strong>ecclesiastice</strong></span> <span class='ocrx_word' id='word_1_55' title='bbox 1040 948 1416 1005; x_wconf 76' lang='lat' dir='ltr'><strong>promoveant,</strong></span> <span class='ocrx_word' id='word_1_56' title='bbox 1449 940 1564 993; x_wconf 86' lang='lat' dir='ltr'><strong>sive</strong></span> <span class='ocrx_word' id='word_1_57' title='bbox 1589 940 1700 993; x_wconf 88' lang='lat' dir='ltr'><strong>sint</strong></span> <span class='ocrx_word' id='word_1_58' title='bbox 1725 953 1788 993; x_wconf 80' lang='lat' dir='ltr'><strong>ex</strong></span> <span class='ocrx_word' id='word_1_59' title='bbox 1822 935 1990 1003; x_wconf 80' lang='lat' dir='ltr'><strong>majo-</strong></span> 
     </span>
    </p>
   </div>
   <div class='ocr_carea' id='block_1_11' title="bbox 419 1027 1991 1092">
    <p class='ocr_par' dir='ltr' id='par_1_11' title="bbox 419 1027 1991 1092">
     <span class='ocr_line' id='line_1_11' title="bbox 419 1027 1991 1092; baseline 0.002 -14"><span class='ocrx_word' id='word_1_60' title='bbox 419 1027 570 1080; x_wconf 81' lang='lat' dir='ltr'><strong>ribus</strong></span> <span class='ocrx_word' id='word_1_61' title='bbox 606 1027 722 1079; x_wconf 89' lang='lat' dir='ltr'><strong>suis</strong></span> <span class='ocrx_word' id='word_1_62' title='bbox 764 1027 1162 1090; x_wconf 83' lang='lat' dir='ltr'><strong>sacerdotibus,</strong></span> <span class='ocrx_word' id='word_1_63' title='bbox 1209 1030 1319 1083; x_wconf 90' lang='lat' dir='ltr'><strong>sive</strong></span> <span class='ocrx_word' id='word_1_64' title='bbox 1360 1046 1489 1082; x_wconf 91' lang='lat' dir='ltr'><strong>non.</strong></span> <span class='ocrx_word' id='word_1_65' title='bbox 1546 1029 1651 1084; x_wconf 88' lang='lat' dir='ltr'><strong>Sed</strong></span> <span class='ocrx_word' id='word_1_66' title='bbox 1691 1030 1877 1092; x_wconf 89' lang='lat' dir='ltr'><strong>etiam,</strong></span> <span class='ocrx_word' id='word_1_67' title='bbox 1931 1037 1991 1081; x_wconf 88' lang='lat' dir='ltr'><strong>ut</strong></span> 
     </span>
    </p>
   </div>
   <div class='ocr_carea' id='block_1_12' title="bbox 420 1119 1988 1187">
    <p class='ocr_par' dir='ltr' id='par_1_12' title="bbox 420 1119 1988 1187">
     <span class='ocr_line' id='line_1_12' title="bbox 420 1119 1988 1187; baseline 0.002 -18"><span class='ocrx_word' id='word_1_68' title='bbox 420 1119 551 1170; x_wconf 83' lang='lat' dir='ltr'><strong>nulli</strong></span> <span class='ocrx_word' id='word_1_69' title='bbox 589 1134 652 1171; x_wconf 78' lang='lat' dir='ltr'><strong>ex</strong></span> <span class='ocrx_word' id='word_1_70' title='bbox 690 1119 948 1173; x_wconf 90' lang='lat' dir='ltr'><strong>omnibus</strong></span> <span class='ocrx_word' id='word_1_71' title='bbox 977 1120 1311 1187; x_wconf 86' lang='lat' dir='ltr'><strong>permittant,</strong></span> <span class='ocrx_word' id='word_1_72' title='bbox 1345 1120 1494 1185; x_wconf 83' lang='lat' dir='ltr'><strong>juxta</strong></span> <span class='ocrx_word' id='word_1_73' title='bbox 1524 1121 1769 1174; x_wconf 89' lang='lat' dir='ltr'><strong>ordinem</strong></span> <span class='ocrx_word' id='word_1_74' title='bbox 1799 1135 1988 1173; x_wconf 87' lang='lat' dir='ltr'><strong>eorum</strong></span> 
     </span>
    </p>
   </div>
   <div class='ocr_carea' id='block_1_13' title="bbox 419 1206 1988 1280">
    <p class='ocr_par' dir='ltr' id='par_1_13' title="bbox 419 1206 1988 1280">
     <span class='ocr_line' id='line_1_13' title="bbox 419 1206 1988 1280; baseline 0.001 -20"><span class='ocrx_word' id='word_1_75' title='bbox 419 1206 512 1274; x_wconf 91' lang='lat' dir='ltr'><strong>qui</strong></span> <span class='ocrx_word' id='word_1_76' title='bbox 554 1216 683 1261; x_wconf 90' lang='lat' dir='ltr'><strong>sunt</strong></span> <span class='ocrx_word' id='word_1_77' title='bbox 731 1207 782 1260; x_wconf 91' lang='lat' dir='ltr'><strong>in</strong></span> <span class='ocrx_word' id='word_1_78' title='bbox 823 1209 1145 1262; x_wconf 90' lang='lat' dir='ltr'><strong>clericorum</strong></span> <span class='ocrx_word' id='word_1_79' title='bbox 1181 1211 1426 1264; x_wconf 89' lang='lat' dir='ltr'><strong>ordinem</strong></span> <span class='ocrx_word' id='word_1_80' title='bbox 1469 1211 1643 1276; x_wconf 90' lang='lat' dir='ltr'><strong>relati,</strong></span> <span class='ocrx_word' id='word_1_81' title='bbox 1691 1211 1893 1280; x_wconf 90' lang='lat' dir='ltr'><strong>populo</strong></span> <span class='ocrx_word' id='word_1_82' title='bbox 1935 1211 1988 1263; x_wconf 89' lang='lat' dir='ltr'><strong>in</strong></span> 
     </span>
    </p>
   </div>
   <div class='ocr_carea' id='block_1_14' title="bbox 421 1297 1988 1367">
    <p class='ocr_par' dir='ltr' id='par_1_14' title="bbox 421 1297 1988 1367">
     <span class='ocr_line' id='line_1_14' title="bbox 421 1297 1988 1367; baseline 0.002 -18"><span class='ocrx_word' id='word_1_83' title='bbox 421 1305 678 1364; x_wconf 73' lang='lat' dir='ltr'><strong>suggestu</strong></span> <span class='ocrx_word' id='word_1_84' title='bbox 709 1297 920 1351; x_wconf 88' lang='lat' dir='ltr'><strong>divinas</strong></span> <span class='ocrx_word' id='word_1_85' title='bbox 953 1298 1267 1367; x_wconf 87' lang='lat' dir='ltr'><strong>Scripturas</strong></span> <span class='ocrx_word' id='word_1_86' title='bbox 1298 1299 1548 1363; x_wconf 81' lang='lat' dir='ltr'><strong>recitare,</strong></span> <span class='ocrx_word' id='word_1_87' title='bbox 1587 1301 1686 1354; x_wconf 93' lang='lat' dir='ltr'><strong>nisi</strong></span> <span class='ocrx_word' id='word_1_88' title='bbox 1715 1300 1760 1354; x_wconf 91' lang='lat' dir='ltr'><strong>is</strong></span> <span class='ocrx_word' id='word_1_89' title='bbox 1800 1315 1988 1355; x_wconf 83' lang='lat' dir='ltr'><strong>sacer-</strong></span> 
     </span>
    </p>
   </div>
   <div class='ocr_carea' id='block_1_15' title="bbox 421 1386 1987 1453">
    <p class='ocr_par' dir='ltr' id='par_1_15' title="bbox 421 1386 1987 1453">
     <span class='ocr_line' id='line_1_15' title="bbox 421 1386 1987 1453; baseline 0.003 -16"><span class='ocrx_word' id='word_1_90' title='bbox 421 1386 590 1438; x_wconf 84' lang='lat' dir='ltr'><strong>dotali</strong></span> <span class='ocrx_word' id='word_1_91' title='bbox 631 1396 853 1439; x_wconf 89' lang='lat' dir='ltr'><strong>tonsura</strong></span> <span class='ocrx_word' id='word_1_92' title='bbox 886 1403 1016 1442; x_wconf 85' lang='lat' dir='ltr'><strong>usus</strong></span> <span class='ocrx_word' id='word_1_93' title='bbox 1055 1387 1238 1453; x_wconf 84' lang='lat' dir='ltr'><strong>fuerit,</strong></span> <span class='ocrx_word' id='word_1_94' title='bbox 1279 1398 1332 1442; x_wconf 92' lang='lat' dir='ltr'><strong>et</strong></span> <span class='ocrx_word' id='word_1_95' title='bbox 1363 1390 1792 1444; x_wconf 80' lang='lat' dir='ltr'><strong>benedictionem</strong></span> <span class='ocrx_word' id='word_1_96' title='bbox 1825 1406 1852 1442; x_wconf 92' lang='lat' dir='ltr'><strong>a</strong></span> <span class='ocrx_word' id='word_1_97' title='bbox 1887 1403 1987 1444; x_wconf 92' lang='lat' dir='ltr'><strong>suo</strong></span> 
     </span>
    </p>
   </div>
   <div class='ocr_carea' id='block_1_16' title="bbox 418 1475 1986 1547">
    <p class='ocr_par' dir='ltr' id='par_1_16' title="bbox 418 1475 1986 1547">
     <span class='ocr_line' id='line_1_16' title="bbox 418 1475 1986 1547; baseline 0.004 -22"><span class='ocrx_word' id='word_1_98' title='bbox 418 1483 645 1543; x_wconf 88' lang='lat' dir='ltr'><strong>pastore</strong></span> <span class='ocrx_word' id='word_1_99' title='bbox 681 1475 947 1529; x_wconf 78' lang='lat' dir='ltr'><strong>canonice</strong></span> <span class='ocrx_word' id='word_1_100' title='bbox 977 1477 1299 1544; x_wconf 74' lang='lat' dir='ltr'><strong>susceperit.</strong></span> <span class='ocrx_word' id='word_1_101' title='bbox 1332 1476 1386 1530; x_wconf 94' lang='lat' dir='ltr'><strong>Si</strong></span> <span class='ocrx_word' id='word_1_102' title='bbox 1419 1477 1543 1547; x_wconf 89' lang='lat' dir='ltr'><strong>quis</strong></span> <span class='ocrx_word' id='word_1_103' title='bbox 1574 1487 1754 1530; x_wconf 86' lang='lat' dir='ltr'><strong>autem</strong></span> <span class='ocrx_word' id='word_1_104' title='bbox 1793 1488 1986 1546; x_wconf 74' lang='lat' dir='ltr'><strong>przeter</strong></span> 
     </span>
    </p>
   </div>
   <div class='ocr_carea' id='block_1_17' title="bbox 417 1564 1718 1636">
    <p class='ocr_par' dir='ltr' id='par_1_17' title="bbox 417 1564 1718 1636">
     <span class='ocr_line' id='line_1_17' title="bbox 417 1564 1718 1636; baseline 0.002 -18"><span class='ocrx_word' id='word_1_105' title='bbox 417 1566 532 1618; x_wconf 76' lang='lat' dir='ltr'><strong>lucc</strong></span> <span class='ocrx_word' id='word_1_106' title='bbox 563 1564 743 1618; x_wconf 83' lang='lat' dir='ltr'><strong>facere</strong></span> <span class='ocrx_word' id='word_1_107' title='bbox 765 1566 1138 1634; x_wconf 87' lang='lat' dir='ltr'><strong>deprehensus</strong></span> <span class='ocrx_word' id='word_1_108' title='bbox 1171 1567 1352 1629; x_wconf 80' lang='lat' dir='ltr'><strong>fuerit,</strong></span> <span class='ocrx_word' id='word_1_109' title='bbox 1390 1577 1718 1636; x_wconf 81' lang='lat' dir='ltr'><strong>segregetur.</strong></span> 
     </span>
    </p>
   </div>
   <div class='ocr_carea' id='block_1_18' title="bbox 487 1656 1987 1728">
    <p class='ocr_par' dir='ltr' id='par_1_18' title="bbox 487 1656 1987 1728">
     <span class='ocr_line' id='line_1_18' title="bbox 487 1656 1987 1728; baseline 0 -18"><span class='ocrx_word' id='word_1_110' title='bbox 487 1658 575 1710; x_wconf 83' lang='lat'><strong>57.</strong></span> <span class='ocrx_word' id='word_1_111' title='bbox 611 1656 878 1721; x_wconf 78' lang='lat' dir='ltr'><strong>Quoniam</strong></span> <span class='ocrx_word' id='word_1_112' title='bbox 908 1659 1139 1714; x_wconf 86' lang='lat' dir='ltr'><strong>diversis</strong></span> <span class='ocrx_word' id='word_1_113' title='bbox 1171 1660 1509 1728; x_wconf 86' lang='lat' dir='ltr'><strong>temporibus</strong></span> <span class='ocrx_word' id='word_1_114' title='bbox 1552 1659 1853 1713; x_wconf 70' lang='lat' dir='ltr'><strong>barbaricae</strong></span> <span class='ocrx_word' id='word_1_115' title='bbox 1906 1658 1987 1711; x_wconf 92' lang='lat' dir='ltr'><strong>in-</strong></span> 
     </span>
    </p>
   </div>
   <div class='ocr_carea' id='block_1_19' title="bbox 417 1748 1986 1819">
    <p class='ocr_par' dir='ltr' id='par_1_19' title="bbox 417 1748 1986 1819">
     <span class='ocr_line' id='line_1_19' title="bbox 417 1748 1986 1819; baseline 0 -17"><span class='ocrx_word' id='word_1_116' title='bbox 417 1750 702 1803; x_wconf 87' lang='lat' dir='ltr'><strong>cursiones</strong></span> <span class='ocrx_word' id='word_1_117' title='bbox 744 1748 928 1813; x_wconf 77' lang='lat' dir='ltr'><strong>fuere,</strong></span> <span class='ocrx_word' id='word_1_118' title='bbox 970 1757 1022 1804; x_wconf 90' lang='lat' dir='ltr'><strong>et</strong></span> <span class='ocrx_word' id='word_1_119' title='bbox 1051 1765 1116 1803; x_wconf 85' lang='lat' dir='ltr'><strong>ex</strong></span> <span class='ocrx_word' id='word_1_120' title='bbox 1152 1765 1218 1804; x_wconf 91' lang='lat' dir='ltr'><strong>eo</strong></span> <span class='ocrx_word' id='word_1_121' title='bbox 1267 1751 1515 1819; x_wconf 67' lang='lat' dir='ltr'><strong>plurimae</strong></span> <span class='ocrx_word' id='word_1_122' title='bbox 1563 1750 1810 1804; x_wconf 80' lang='lat' dir='ltr'><strong>civitates</strong></span> <span class='ocrx_word' id='word_1_123' title='bbox 1861 1750 1986 1803; x_wconf 90' lang='lat' dir='ltr'><strong>iuli-</strong></span> 
     </span>
    </p>
   </div>
   <div class='ocr_carea' id='block_1_20' title="bbox 415 1840 1985 1912">
    <p class='ocr_par' dir='ltr' id='par_1_20' title="bbox 415 1840 1985 1912">
     <span class='ocr_line' id='line_1_20' title="bbox 415 1840 1985 1912; baseline 0.001 -18"><span class='ocrx_word' id='word_1_124' title='bbox 415 1840 628 1894; x_wconf 88' lang='lat' dir='ltr'><strong>delibus</strong></span> <span class='ocrx_word' id='word_1_125' title='bbox 659 1841 956 1912; x_wconf 70' lang='lat' dir='ltr'><strong>subjugataa</strong></span> <span class='ocrx_word' id='word_1_126' title='bbox 1009 1841 1192 1908; x_wconf 78' lang='lat' dir='ltr'><strong>fuere,</strong></span> <span class='ocrx_word' id='word_1_127' title='bbox 1248 1851 1307 1895; x_wconf 90' lang='lat' dir='ltr'><strong>ut</strong></span> <span class='ocrx_word' id='word_1_128' title='bbox 1353 1843 1474 1896; x_wconf 87' lang='lat' dir='ltr'><strong>ideo</strong></span> <span class='ocrx_word' id='word_1_129' title='bbox 1515 1857 1622 1894; x_wconf 90' lang='lat' dir='ltr'><strong>non</strong></span> <span class='ocrx_word' id='word_1_130' title='bbox 1656 1842 1828 1910; x_wconf 88' lang='lat' dir='ltr'><strong>possit</strong></span> <span class='ocrx_word' id='word_1_131' title='bbox 1865 1840 1985 1910; x_wconf 92' lang='lat' dir='ltr'><strong>ejus</strong></span> 
     </span>
    </p>
   </div>
   <div class='ocr_carea' id='block_1_21' title="bbox 411 1931 1985 2002">
    <p class='ocr_par' dir='ltr' id='par_1_21' title="bbox 411 1931 1985 2002">
     <span class='ocr_line' id='line_1_21' title="bbox 411 1931 1985 2002; baseline 0 -16"><span class='ocrx_word' id='word_1_132' title='bbox 411 1931 648 1986; x_wconf 89' lang='lat' dir='ltr'><strong>civitatis</strong></span> <span class='ocrx_word' id='word_1_133' title='bbox 681 1932 876 1999; x_wconf 65' lang='lat' dir='ltr'><strong>praesul</strong></span> <span class='ocrx_word' id='word_1_134' title='bbox 918 1943 1200 2002; x_wconf 85' lang='lat' dir='ltr'><strong>postquam</strong></span> <span class='ocrx_word' id='word_1_135' title='bbox 1251 1933 1536 1987; x_wconf 89' lang='lat' dir='ltr'><strong>ordinatus</strong></span> <span class='ocrx_word' id='word_1_136' title='bbox 1584 1932 1779 1996; x_wconf 80' lang='lat' dir='ltr'><strong>fuerit,</strong></span> <span class='ocrx_word' id='word_1_137' title='bbox 1827 1948 1985 1986; x_wconf 90' lang='lat' dir='ltr'><strong>suum</strong></span> 
     </span>
    </p>
   </div>
   <div class='ocr_carea' id='block_1_22' title="bbox 413 2021 1984 2089">
    <p class='ocr_par' dir='ltr' id='par_1_22' title="bbox 413 2021 1984 2089">
     <span class='ocr_line' id='line_1_22' title="bbox 413 2021 1984 2089; baseline 0.001 -17"><span class='ocrx_word' id='word_1_138' title='bbox 413 2021 668 2073; x_wconf 85' lang='lat' dir='ltr'><strong>thronum</strong></span> <span class='ocrx_word' id='word_1_139' title='bbox 720 2022 1160 2089; x_wconf 88' lang='lat' dir='ltr'><strong>apprehendere,</strong></span> <span class='ocrx_word' id='word_1_140' title='bbox 1208 2031 1260 2076; x_wconf 87' lang='lat' dir='ltr'><strong>et</strong></span> <span class='ocrx_word' id='word_1_141' title='bbox 1321 2021 1374 2074; x_wconf 89' lang='lat' dir='ltr'><strong>in</strong></span> <span class='ocrx_word' id='word_1_142' title='bbox 1427 2037 1492 2074; x_wconf 92' lang='lat' dir='ltr'><strong>eo</strong></span> <span class='ocrx_word' id='word_1_143' title='bbox 1546 2023 1597 2074; x_wconf 89' lang='lat' dir='ltr'><strong>in</strong></span> <span class='ocrx_word' id='word_1_144' title='bbox 1656 2021 1984 2076; x_wconf 87' lang='lat' dir='ltr'><strong>sacerdotali</strong></span> 
     </span>
    </p>
   </div>
   <div class='ocr_carea' id='block_1_23' title="bbox 413 2111 1988 2181">
    <p class='ocr_par' dir='ltr' id='par_1_23' title="bbox 413 2111 1988 2181">
     <span class='ocr_line' id='line_1_23' title="bbox 413 2111 1988 2181; baseline -0.001 -15"><span class='ocrx_word' id='word_1_145' title='bbox 413 2111 805 2166; x_wconf 88' lang='lat' dir='ltr'><strong>constitutione</strong></span> <span class='ocrx_word' id='word_1_146' title='bbox 836 2113 1089 2166; x_wconf 87' lang='lat' dir='ltr'><strong>collocari</strong></span> <span class='ocrx_word' id='word_1_147' title='bbox 1115 2152 1130 2175; x_wconf 92' lang='lat'><strong>,</strong></span> <span class='ocrx_word' id='word_1_148' title='bbox 1177 2121 1228 2166; x_wconf 87' lang='lat' dir='ltr'><strong>et</strong></span> <span class='ocrx_word' id='word_1_149' title='bbox 1273 2113 1352 2166; x_wconf 87' lang='lat' dir='ltr'><strong>sic</strong></span> <span class='ocrx_word' id='word_1_150' title='bbox 1383 2128 1480 2181; x_wconf 90' lang='lat' dir='ltr'><strong>pro</strong></span> <span class='ocrx_word' id='word_1_151' title='bbox 1510 2128 1572 2166; x_wconf 87' lang='lat' dir='ltr'><strong>ea</strong></span> <span class='ocrx_word' id='word_1_152' title='bbox 1600 2128 1720 2181; x_wconf 68' lang='lat' dir='ltr'><strong>quae</strong></span> <span class='ocrx_word' id='word_1_153' title='bbox 1756 2112 1988 2165; x_wconf 84' lang='lat' dir='ltr'><strong>invaluit</strong></span> 
     </span>
    </p>
   </div>
   <div class='ocr_carea' id='block_1_24' title="bbox 411 2203 1985 2274">
    <p class='ocr_par' dir='ltr' id='par_1_24' title="bbox 411 2203 1985 2274">
     <span class='ocr_line' id='line_1_24' title="bbox 411 2203 1985 2274; baseline -0.001 -16"><span class='ocrx_word' id='word_1_154' title='bbox 411 2203 807 2258; x_wconf 87' lang='lat' dir='ltr'><strong>consuetudine</strong></span> <span class='ocrx_word' id='word_1_155' title='bbox 865 2204 975 2274; x_wconf 61' lang='lat'><strong>40</strong></span> <span class='ocrx_word' id='word_1_156' title='bbox 1013 2205 1386 2258; x_wconf 89' lang='lat' dir='ltr'><strong>ordinationes</strong></span> <span class='ocrx_word' id='word_1_157' title='bbox 1437 2213 1491 2258; x_wconf 92' lang='lat' dir='ltr'><strong>et</strong></span> <span class='ocrx_word' id='word_1_158' title='bbox 1527 2205 1738 2269; x_wconf 85' lang='lat' dir='ltr'><strong>omnia,</strong></span> <span class='ocrx_word' id='word_1_159' title='bbox 1768 2219 1888 2273; x_wconf 76' lang='lat' dir='ltr'><strong>quae</strong></span> <span class='ocrx_word' id='word_1_160' title='bbox 1921 2204 1985 2257; x_wconf 89' lang='lat' dir='ltr'><strong>ad</strong></span> 
     </span>
    </p>
   </div>
   <div class='ocr_carea' id='block_1_25' title="bbox 412 2295 1989 2365">
    <p class='ocr_par' dir='ltr' id='par_1_25' title="bbox 412 2295 1989 2365">
     <span class='ocr_line' id='line_1_25' title="bbox 412 2295 1989 2365; baseline -0.001 -15"><span class='ocrx_word' id='word_1_161' title='bbox 412 2296 725 2365; x_wconf 86' lang='lat' dir='ltr'><strong>episcopum</strong></span> <span class='ocrx_word' id='word_1_162' title='bbox 757 2296 1056 2363; x_wconf 87' lang='lat' dir='ltr'><strong>pertinent,</strong></span> <span class='ocrx_word' id='word_1_163' title='bbox 1089 2311 1247 2364; x_wconf 81' lang='lat' dir='ltr'><strong>agere</strong></span> <span class='ocrx_word' id='word_1_164' title='bbox 1277 2305 1331 2348; x_wconf 90' lang='lat' dir='ltr'><strong>et</strong></span> <span class='ocrx_word' id='word_1_165' title='bbox 1361 2305 1593 2349; x_wconf 88' lang='lat' dir='ltr'><strong>tractare</strong></span> <span class='ocrx_word' id='word_1_166' title='bbox 1619 2314 1631 2350; x_wconf 91' lang='lat'>:</span> <span class='ocrx_word' id='word_1_167' title='bbox 1665 2311 1785 2360; x_wconf 91' lang='lat' dir='ltr'><strong>nos,</strong></span> <span class='ocrx_word' id='word_1_168' title='bbox 1817 2295 1989 2349; x_wconf 88' lang='lat' dir='ltr'><strong>bono-</strong></span> 
     </span>
    </p>
   </div>
   <div class='ocr_carea' id='block_1_26' title="bbox 412 2385 1987 2453">
    <p class='ocr_par' dir='ltr' id='par_1_26' title="bbox 412 2385 1987 2453">
     <span class='ocr_line' id='line_1_26' title="bbox 412 2385 1987 2453; baseline -0.001 -13"><span class='ocrx_word' id='word_1_169' title='bbox 412 2401 526 2440; x_wconf 87' lang='lat' dir='ltr'><strong>rem</strong></span> <span class='ocrx_word' id='word_1_170' title='bbox 559 2401 623 2439; x_wconf 90' lang='lat' dir='ltr'><strong>ac</strong></span> <span class='ocrx_word' id='word_1_171' title='bbox 656 2387 1064 2440; x_wconf 87' lang='lat' dir='ltr'><strong>venerationem</strong></span> <span class='ocrx_word' id='word_1_172' title='bbox 1099 2385 1408 2440; x_wconf 87' lang='lat' dir='ltr'><strong>sacerdotio</strong></span> <span class='ocrx_word' id='word_1_173' title='bbox 1438 2395 1744 2445; x_wconf 84' lang='lat' dir='ltr'><strong>servantes,</strong></span> <span class='ocrx_word' id='word_1_174' title='bbox 1780 2394 1834 2439; x_wconf 85' lang='lat' dir='ltr'><strong>et</strong></span> <span class='ocrx_word' id='word_1_175' title='bbox 1863 2400 1987 2453; x_wconf 81' lang='lat' dir='ltr'><strong>gen-</strong></span> 
     </span>
    </p>
   </div>
   <div class='ocr_carea' id='block_1_27' title="bbox 411 2476 1982 2544">
    <p class='ocr_par' dir='ltr' id='par_1_27' title="bbox 411 2476 1982 2544">
     <span class='ocr_line' id='line_1_27' title="bbox 411 2476 1982 2544; baseline 0 -15"><span class='ocrx_word' id='word_1_176' title='bbox 411 2477 561 2532; x_wconf 88' lang='lat' dir='ltr'><strong>tilem</strong></span> <span class='ocrx_word' id='word_1_177' title='bbox 628 2476 885 2544; x_wconf 89' lang='lat' dir='ltr'><strong>iujuriam</strong></span> <span class='ocrx_word' id='word_1_178' title='bbox 948 2491 1292 2544; x_wconf 80' lang='lat' dir='ltr'><strong>nequaquam</strong></span> <span class='ocrx_word' id='word_1_179' title='bbox 1360 2477 1424 2528; x_wconf 87' lang='lat' dir='ltr'><strong>ad</strong></span> <span class='ocrx_word' id='word_1_180' title='bbox 1487 2477 1982 2530; x_wconf 81' lang='lat' dir='ltr'><strong>ecclesiasticarum</strong></span> 
     </span>
    </p>
   </div>
   <div class='ocr_carea' id='block_1_28' title="bbox 407 2567 1988 2638">
    <p class='ocr_par' dir='ltr' id='par_1_28' title="bbox 407 2567 1988 2638">
     <span class='ocr_line' id='line_1_28' title="bbox 407 2567 1988 2638; baseline 0 -17"><span class='ocrx_word' id='word_1_181' title='bbox 407 2568 615 2638; x_wconf 88' lang='lat' dir='ltr'><strong>jurinm</strong></span> <span class='ocrx_word' id='word_1_182' title='bbox 672 2567 968 2636; x_wconf 81' lang='lat' dir='ltr'><strong>perniciem</strong></span> <span class='ocrx_word' id='word_1_183' title='bbox 1031 2568 1272 2621; x_wconf 76' lang='lat' dir='ltr'><strong>exerceri</strong></span> <span class='ocrx_word' id='word_1_184' title='bbox 1338 2568 1576 2621; x_wconf 85' lang='lat' dir='ltr'><strong>volentes</strong></span> <span class='ocrx_word' id='word_1_185' title='bbox 1603 2609 1616 2631; x_wconf 95' lang='lat'><strong>,</strong></span> <span class='ocrx_word' id='word_1_186' title='bbox 1660 2584 1754 2622; x_wconf 89' lang='lat' dir='ltr'><strong>eos</strong></span> <span class='ocrx_word' id='word_1_187' title='bbox 1784 2567 1874 2636; x_wconf 85' lang='lat' dir='ltr'><strong>qui</strong></span> <span class='ocrx_word' id='word_1_188' title='bbox 1908 2569 1988 2621; x_wconf 91' lang='lat' dir='ltr'><strong>sic</strong></span> 
     </span>
    </p>
   </div>
   <div class='ocr_carea' id='block_1_29' title="bbox 411 2660 1986 2728">
    <p class='ocr_par' dir='ltr' id='par_1_29' title="bbox 411 2660 1986 2728">
     <span class='ocr_line' id='line_1_29' title="bbox 411 2660 1986 2728; baseline 0.001 -15"><span class='ocrx_word' id='word_1_189' title='bbox 411 2661 645 2714; x_wconf 86' lang='lat' dir='ltr'><strong>ordinati</strong></span> <span class='ocrx_word' id='word_1_190' title='bbox 679 2668 836 2724; x_wconf 90' lang='lat' dir='ltr'><strong>sunt,</strong></span> <span class='ocrx_word' id='word_1_191' title='bbox 870 2668 922 2713; x_wconf 92' lang='lat' dir='ltr'><strong>et</strong></span> <span class='ocrx_word' id='word_1_192' title='bbox 949 2669 1166 2728; x_wconf 88' lang='lat' dir='ltr'><strong>propter</strong></span> <span class='ocrx_word' id='word_1_193' title='bbox 1192 2660 1498 2728; x_wconf 69' lang='lat' dir='ltr'><strong>praedictam</strong></span> <span class='ocrx_word' id='word_1_194' title='bbox 1535 2675 1754 2712; x_wconf 89' lang='lat' dir='ltr'><strong>causam</strong></span> <span class='ocrx_word' id='word_1_195' title='bbox 1788 2660 1840 2712; x_wconf 91' lang='lat' dir='ltr'><strong>in</strong></span> <span class='ocrx_word' id='word_1_196' title='bbox 1872 2660 1986 2715; x_wconf 90' lang='lat' dir='ltr'><strong>suis</strong></span> 
     </span>
    </p>
   </div>
   <div class='ocr_carea' id='block_1_30' title="bbox 411 2751 1986 2819">
    <p class='ocr_par' dir='ltr' id='par_1_30' title="bbox 411 2751 1986 2819">
     <span class='ocr_line' id='line_1_30' title="bbox 411 2751 1986 2819; baseline 0 -15"><span class='ocrx_word' id='word_1_197' title='bbox 411 2767 520 2805; x_wconf 89' lang='lat' dir='ltr'><strong>non</strong></span> <span class='ocrx_word' id='word_1_198' title='bbox 567 2764 696 2806; x_wconf 80' lang='lat' dir='ltr'><strong>Sunt</strong></span> <span class='ocrx_word' id='word_1_199' title='bbox 727 2751 1010 2805; x_wconf 89' lang='lat' dir='ltr'><strong>constituti</strong></span> <span class='ocrx_word' id='word_1_200' title='bbox 1041 2793 1054 2814; x_wconf 97' lang='lat'><strong>,</strong></span> <span class='ocrx_word' id='word_1_201' title='bbox 1093 2763 1152 2804; x_wconf 91' lang='lat' dir='ltr'><strong>ut</strong></span> <span class='ocrx_word' id='word_1_202' title='bbox 1188 2752 1396 2819; x_wconf 84' lang='lat' dir='ltr'><strong>absque</strong></span> <span class='ocrx_word' id='word_1_203' title='bbox 1431 2752 1542 2804; x_wconf 88' lang='lat' dir='ltr'><strong>ullo</strong></span> <span class='ocrx_word' id='word_1_204' title='bbox 1570 2767 1632 2803; x_wconf 78' lang='lat' dir='ltr'><strong>ex</strong></span> <span class='ocrx_word' id='word_1_205' title='bbox 1667 2766 1727 2803; x_wconf 90' lang='lat' dir='ltr'><strong>ea</strong></span> <span class='ocrx_word' id='word_1_206' title='bbox 1760 2765 1816 2804; x_wconf 90' lang='lat' dir='ltr'><strong>re</strong></span> <span class='ocrx_word' id='word_1_207' title='bbox 1848 2765 1986 2819; x_wconf 68' lang='lat' dir='ltr'><strong>prae-</strong></span> 
     </span>
    </p>
   </div>
   <div class='ocr_carea' id='block_1_31' title="bbox 408 2840 1984 2910">
    <p class='ocr_par' dir='ltr' id='par_1_31' title="bbox 408 2840 1984 2910">
     <span class='ocr_line' id='line_1_31' title="bbox 408 2840 1984 2910; baseline 0.002 -20"><span class='ocrx_word' id='word_1_208' title='bbox 408 2840 614 2910; x_wconf 85' lang='lat' dir='ltr'><strong>judicio</strong></span> <span class='ocrx_word' id='word_1_209' title='bbox 645 2846 1058 2903; x_wconf 79' lang='lat' dir='ltr'><strong>conserventur,</strong></span> <span class='ocrx_word' id='word_1_210' title='bbox 1092 2841 1461 2905; x_wconf 86' lang='lat' dir='ltr'><strong>decrevimus;</strong></span> <span class='ocrx_word' id='word_1_211' title='bbox 1491 2850 1548 2892; x_wconf 90' lang='lat' dir='ltr'><strong>ut</strong></span> <span class='ocrx_word' id='word_1_212' title='bbox 1574 2850 1627 2893; x_wconf 90' lang='lat' dir='ltr'><strong>et</strong></span> <span class='ocrx_word' id='word_1_213' title='bbox 1650 2841 1984 2893; x_wconf 88' lang='lat' dir='ltr'><strong>diversorum</strong></span> 
     </span>
    </p>
   </div>
   <div class='ocr_carea' id='block_1_32' title="bbox 412 2928 1984 2997">
    <p class='ocr_par' dir='ltr' id='par_1_32' title="bbox 412 2928 1984 2997">
     <span class='ocr_line' id='line_1_32' title="bbox 412 2928 1984 2997; baseline -0.003 -13"><span class='ocrx_word' id='word_1_214' title='bbox 412 2931 740 2984; x_wconf 89' lang='lat' dir='ltr'><strong>clericorum</strong></span> <span class='ocrx_word' id='word_1_215' title='bbox 780 2928 1153 2982; x_wconf 87' lang='lat' dir='ltr'><strong>ordinationes</strong></span> <span class='ocrx_word' id='word_1_216' title='bbox 1183 2929 1447 2982; x_wconf 90' lang='lat' dir='ltr'><strong>canonice</strong></span> <span class='ocrx_word' id='word_1_217' title='bbox 1487 2928 1691 2982; x_wconf 80' lang='lat' dir='ltr'><strong>faciant</strong></span> <span class='ocrx_word' id='word_1_218' title='bbox 1713 2968 1727 2989; x_wconf 87' lang='lat'><strong>,</strong></span> <span class='ocrx_word' id='word_1_219' title='bbox 1760 2938 1813 2982; x_wconf 91' lang='lat' dir='ltr'><strong>et</strong></span> <span class='ocrx_word' id='word_1_220' title='bbox 1845 2944 1984 2997; x_wconf 85' lang='lat' dir='ltr'><strong>pra--</strong></span> 
     </span>
    </p>
   </div>
   <div class='ocr_carea' id='block_1_33' title="bbox 415 3018 1981 3089">
    <p class='ocr_par' dir='ltr' id='par_1_33' title="bbox 415 3018 1981 3089">
     <span class='ocr_line' id='line_1_33' title="bbox 415 3018 1981 3089; baseline -0.002 -15"><span class='ocrx_word' id='word_1_221' title='bbox 415 3019 660 3074; x_wconf 66' lang='lat' dir='ltr'><strong>sidentiae</strong></span> <span class='ocrx_word' id='word_1_222' title='bbox 714 3018 1036 3072; x_wconf 82' lang='lat' dir='ltr'><strong>auctoritate</strong></span> <span class='ocrx_word' id='word_1_223' title='bbox 1089 3019 1389 3073; x_wconf 90' lang='lat' dir='ltr'><strong>secundum</strong></span> <span class='ocrx_word' id='word_1_224' title='bbox 1440 3020 1717 3089; x_wconf 86' lang='lat' dir='ltr'><strong>proprium</strong></span> <span class='ocrx_word' id='word_1_225' title='bbox 1779 3029 1981 3074; x_wconf 82' lang='lat' dir='ltr'><strong>statum</strong></span> 
     </span>
    </p>
   </div>
   <div class='ocr_carea' id='block_1_34' title="bbox 414 3109 1986 3178">
    <p class='ocr_par' dir='ltr' id='par_1_34' title="bbox 414 3109 1986 3178">
     <span class='ocr_line' id='line_1_34' title="bbox 414 3109 1986 3178; baseline -0.001 -15"><span class='ocrx_word' id='word_1_226' title='bbox 414 3119 667 3171; x_wconf 86' lang='lat' dir='ltr'><strong>utantur,</strong></span> <span class='ocrx_word' id='word_1_227' title='bbox 700 3117 754 3162; x_wconf 85' lang='lat' dir='ltr'><strong>et</strong></span> <span class='ocrx_word' id='word_1_228' title='bbox 785 3111 855 3162; x_wconf 91' lang='lat' dir='ltr'><strong>sit</strong></span> <span class='ocrx_word' id='word_1_229' title='bbox 897 3109 1049 3162; x_wconf 79' lang='lat' dir='ltr'><strong>iirtna</strong></span> <span class='ocrx_word' id='word_1_230' title='bbox 1086 3124 1150 3161; x_wconf 91' lang='lat' dir='ltr'><strong>ac</strong></span> <span class='ocrx_word' id='word_1_231' title='bbox 1183 3109 1422 3178; x_wconf 82' lang='lat' dir='ltr'><strong>legitima</strong></span> <span class='ocrx_word' id='word_1_232' title='bbox 1446 3124 1782 3178; x_wconf 68' lang='lat' dir='ltr'><strong>quaecunque</strong></span> <span class='ocrx_word' id='word_1_233' title='bbox 1809 3111 1876 3162; x_wconf 90' lang='lat' dir='ltr'><strong>ab</strong></span> <span class='ocrx_word' id='word_1_234' title='bbox 1905 3109 1986 3162; x_wconf 91' lang='lat' dir='ltr'><strong>eis</strong></span> 
     </span>
    </p>
   </div>
   <div class='ocr_carea' id='block_1_35' title="bbox 412 3198 1987 3271">
    <p class='ocr_par' dir='ltr' id='par_1_35' title="bbox 412 3198 1987 3271">
     <span class='ocr_line' id='line_1_35' title="bbox 412 3198 1987 3271; baseline 0.001 -18"><span class='ocrx_word' id='word_1_235' title='bbox 412 3201 658 3271; x_wconf 89' lang='lat' dir='ltr'><strong>procedit</strong></span> <span class='ocrx_word' id='word_1_236' title='bbox 678 3201 1103 3254; x_wconf 89' lang='lat' dir='ltr'><strong>administratio.</strong></span> <span class='ocrx_word' id='word_1_237' title='bbox 1135 3198 1252 3252; x_wconf 87' lang='lat' dir='ltr'><strong>Non</strong></span> <span class='ocrx_word' id='word_1_238' title='bbox 1285 3201 1430 3254; x_wconf 91' lang='lat' dir='ltr'><strong>enim</strong></span> <span class='ocrx_word' id='word_1_239' title='bbox 1464 3217 1493 3254; x_wconf 89' lang='lat' dir='ltr'><strong>a</strong></span> <span class='ocrx_word' id='word_1_240' title='bbox 1524 3213 1767 3269; x_wconf 89' lang='lat' dir='ltr'><strong>tempore</strong></span> <span class='ocrx_word' id='word_1_241' title='bbox 1797 3214 1987 3254; x_wconf 79' lang='lat' dir='ltr'><strong>neces-</strong></span> 
     </span>
    </p>
   </div>
   <div class='ocr_carea' id='block_1_36' title="bbox 413 3290 1986 3359">
    <p class='ocr_par' dir='ltr' id='par_1_36' title="bbox 413 3290 1986 3359">
     <span class='ocr_line' id='line_1_36' title="bbox 413 3290 1986 3359; baseline -0.004 -12"><span class='ocrx_word' id='word_1_242' title='bbox 413 3294 591 3348; x_wconf 89' lang='lat' dir='ltr'><strong>sitatis</strong></span> <span class='ocrx_word' id='word_1_243' title='bbox 641 3301 831 3346; x_wconf 67' lang='lat' dir='ltr'><strong>exat-ta</strong></span> <span class='ocrx_word' id='word_1_244' title='bbox 880 3291 1022 3359; x_wconf 88' lang='lat' dir='ltr'><strong>juris</strong></span> <span class='ocrx_word' id='word_1_245' title='bbox 1081 3291 1465 3346; x_wconf 88' lang='lat' dir='ltr'><strong>observatione</strong></span> <span class='ocrx_word' id='word_1_246' title='bbox 1533 3290 1986 3359; x_wconf 84' lang='lat' dir='ltr'><strong>circumscripta,</strong></span> 
     </span>
    </p>
   </div>
   <div class='ocr_carea' id='block_1_37' title="bbox 413 3382 1668 3454">
    <p class='ocr_par' dir='ltr' id='par_1_37' title="bbox 413 3382 1668 3454">
     <span class='ocr_line' id='line_1_37' title="bbox 413 3382 1668 3454; baseline -0.004 -13"><span class='ocrx_word' id='word_1_247' title='bbox 413 3383 837 3454; x_wconf 84' lang='lat' dir='ltr'><strong>dispensationis</strong></span> <span class='ocrx_word' id='word_1_248' title='bbox 869 3383 1136 3436; x_wconf 88' lang='lat' dir='ltr'><strong>terminus</strong></span> <span class='ocrx_word' id='word_1_249' title='bbox 1166 3382 1668 3438; x_wconf 87' lang='lat' dir='ltr'><strong>circumscribetur.</strong></span> 
     </span>
    </p>
   </div>
   <div class='ocr_carea' id='block_1_38' title="bbox 417 3650 1988 3726">
    <p class='ocr_par' dir='ltr' id='par_1_38' title="bbox 417 3650 1988 3726">
     <span class='ocr_line' id='line_1_38' title="bbox 417 3650 1988 3726; baseline -0.001 -22"><span class='ocrx_word' id='word_1_250' title='bbox 417 3654 618 3726; x_wconf 77' lang='lat' dir='ltr'><strong>Synodi</strong></span> <span class='ocrx_word' id='word_1_251' title='bbox 670 3650 1281 3726; x_wconf 53' lang='lat' dir='ltr'><strong>Conslantinopolilana:</strong></span> <span class='ocrx_word' id='word_1_252' title='bbox 1315 3667 1430 3726; x_wconf 69' lang='lat' dir='ltr'><strong>qua:</strong></span> <span class='ocrx_word' id='word_1_253' title='bbox 1487 3651 1681 3726; x_wconf 74' lang='lat' dir='ltr'><strong>dicitur</strong></span> <span class='ocrx_word' id='word_1_254' title='bbox 1720 3651 1891 3718; x_wconf 77' lang='lat' dir='ltr'><strong>prima</strong></span> <span class='ocrx_word' id='word_1_255' title='bbox 1939 3660 1988 3703; x_wconf 86' lang='lat' dir='ltr'><strong>et</strong></span> 
     </span>
    </p>
   </div>
   <div class='ocr_carea' id='block_1_39' title="bbox 485 3720 1990 3790">
    <p class='ocr_par' dir='ltr' id='par_1_39' title="bbox 485 3720 1990 3790">
     <span class='ocr_line' id='line_1_39' title="bbox 485 3720 1990 3790; baseline -0.003 -14"><span class='ocrx_word' id='word_1_256' title='bbox 485 3724 713 3776; x_wconf 76' lang='lat' dir='ltr'><strong>secunda</strong></span> <span class='ocrx_word' id='word_1_257' title='bbox 739 3725 789 3773; x_wconf 81' lang='lat' dir='ltr'><strong>in</strong></span> <span class='ocrx_word' id='word_1_258' title='bbox 815 3722 1003 3784; x_wconf 83' lang='lat' dir='ltr'><strong>templo</strong></span> <span class='ocrx_word' id='word_1_259' title='bbox 1037 3720 1352 3774; x_wconf 80' lang='lat' dir='ltr'><strong>Sanctorum</strong></span> <span class='ocrx_word' id='word_1_260' title='bbox 1380 3721 1747 3790; x_wconf 77' lang='lat' dir='ltr'><strong>Apostolorum</strong></span> <span class='ocrx_word' id='word_1_261' title='bbox 1773 3735 1990 3788; x_wconf 76' lang='lat' dir='ltr'><strong>congre-</strong></span> 
     </span>
    </p>
   </div>
   <div class='ocr_carea' id='block_1_40' title="bbox 489 3793 970 3864">
    <p class='ocr_par' dir='ltr' id='par_1_40' title="bbox 489 3793 970 3864">
     <span class='ocr_line' id='line_1_40' title="bbox 489 3793 970 3864; baseline -0.004 -18"><span class='ocrx_word' id='word_1_262' title='bbox 489 3808 637 3864; x_wconf 75' lang='lat' dir='ltr'><strong>gata,</strong></span> <span class='ocrx_word' id='word_1_263' title='bbox 674 3809 839 3844; x_wconf 75' lang='lat' dir='ltr'><strong>cotton</strong></span> <span class='ocrx_word' id='word_1_264' title='bbox 885 3793 970 3845; x_wconf 80' lang='grc'><strong>16.</strong></span> 
     </span>
    </p>
   </div>
   <div class='ocr_carea' id='block_1_41' title="bbox 490 3903 1988 3975">
    <p class='ocr_par' dir='ltr' id='par_1_41' title="bbox 490 3903 1988 3975">
     <span class='ocr_line' id='line_1_41' title="bbox 490 3903 1988 3975; baseline -0.002 -14"><span class='ocrx_word' id='word_1_265' title='bbox 490 3909 574 3961; x_wconf 84' lang='grc'><strong>16.</strong></span> <span class='ocrx_word' id='word_1_266' title='bbox 620 3908 846 3974; x_wconf 85' lang='lat' dir='ltr'><strong>Propter</strong></span> <span class='ocrx_word' id='word_1_267' title='bbox 885 3907 1260 3959; x_wconf 89' lang='lat' dir='ltr'><strong>contentiones</strong></span> <span class='ocrx_word' id='word_1_268' title='bbox 1283 3915 1332 3958; x_wconf 88' lang='lat' dir='ltr'><strong>et</strong></span> <span class='ocrx_word' id='word_1_269' title='bbox 1363 3907 1644 3968; x_wconf 89' lang='lat' dir='ltr'><strong>tumultus,</strong></span> <span class='ocrx_word' id='word_1_270' title='bbox 1681 3905 1772 3975; x_wconf 89' lang='lat' dir='ltr'><strong>qui</strong></span> <span class='ocrx_word' id='word_1_271' title='bbox 1809 3906 1861 3959; x_wconf 92' lang='lat' dir='ltr'><strong>in</strong></span> <span class='ocrx_word' id='word_1_272' title='bbox 1897 3903 1988 3958; x_wconf 90' lang='lat' dir='ltr'><strong>Dei</strong></span> 
     </span>
    </p>
   </div>
   <div class='ocr_carea' id='block_1_42' title="bbox 416 3998 1989 4068">
    <p class='ocr_par' dir='ltr' id='par_1_42' title="bbox 416 3998 1989 4068">
     <span class='ocr_line' id='line_1_42' title="bbox 416 3998 1989 4068; baseline -0.004 -12"><span class='ocrx_word' id='word_1_273' title='bbox 416 4000 658 4056; x_wconf 82' lang='lat' dir='ltr'><strong>Ecclesia</strong></span> <span class='ocrx_word' id='word_1_274' title='bbox 682 4001 1027 4068; x_wconf 75' lang='lat' dir='ltr'><strong>contingunt,</strong></span> <span class='ocrx_word' id='word_1_275' title='bbox 1054 3999 1158 4052; x_wconf 91' lang='lat' dir='ltr'><strong>hoc</strong></span> <span class='ocrx_word' id='word_1_276' title='bbox 1188 4015 1403 4066; x_wconf 82' lang='lat' dir='ltr'><strong>quoque</strong></span> <span class='ocrx_word' id='word_1_277' title='bbox 1432 4009 1513 4052; x_wconf 90' lang='lat' dir='ltr'><strong>est</strong></span> <span class='ocrx_word' id='word_1_278' title='bbox 1545 3998 1770 4051; x_wconf 85' lang='lat' dir='ltr'><strong>delinire</strong></span> <span class='ocrx_word' id='word_1_279' title='bbox 1799 4012 1989 4050; x_wconf 88' lang='lat' dir='ltr'><strong>neces-</strong></span> 
     </span>
    </p>
   </div>
   <div class='ocr_carea' id='block_1_43' title="bbox 419 4089 1988 4162">
    <p class='ocr_par' dir='ltr' id='par_1_43' title="bbox 419 4089 1988 4162">
     <span class='ocr_line' id='line_1_43' title="bbox 419 4089 1988 4162; baseline -0.005 -12"><span class='ocrx_word' id='word_1_280' title='bbox 419 4096 649 4158; x_wconf 86' lang='lat' dir='ltr'><strong>sarium,</strong></span> <span class='ocrx_word' id='word_1_281' title='bbox 690 4103 748 4147; x_wconf 89' lang='lat' dir='ltr'><strong>ut</strong></span> <span class='ocrx_word' id='word_1_282' title='bbox 793 4095 1083 4162; x_wconf 78' lang='lat' dir='ltr'><strong>episcopus</strong></span> <span class='ocrx_word' id='word_1_283' title='bbox 1127 4091 1276 4144; x_wconf 89' lang='lat' dir='ltr'><strong>nullo</strong></span> <span class='ocrx_word' id='word_1_284' title='bbox 1320 4092 1481 4143; x_wconf 88' lang='lat' dir='ltr'><strong>modo</strong></span> <span class='ocrx_word' id='word_1_285' title='bbox 1529 4091 1894 4145; x_wconf 88' lang='lat' dir='ltr'><strong>constituatur</strong></span> <span class='ocrx_word' id='word_1_286' title='bbox 1935 4089 1988 4142; x_wconf 90' lang='lat' dir='ltr'><strong>in</strong></span> 
     </span>
    </p>
   </div>
   <div class='ocr_carea' id='block_1_44' title="bbox 418 4181 1990 4253">
    <p class='ocr_par' dir='ltr' id='par_1_44' title="bbox 418 4181 1990 4253">
     <span class='ocr_line' id='line_1_44' title="bbox 418 4181 1990 4253; baseline -0.005 -11"><span class='ocrx_word' id='word_1_287' title='bbox 418 4189 680 4252; x_wconf 61' lang='lat' dir='ltr'><strong>Ecvlesia,</strong></span> <span class='ocrx_word' id='word_1_288' title='bbox 719 4187 802 4241; x_wconf 90' lang='lat' dir='ltr'><strong>cui</strong></span> <span class='ocrx_word' id='word_1_289' title='bbox 843 4186 934 4253; x_wconf 86' lang='lat' dir='ltr'><strong>qui</strong></span> <span class='ocrx_word' id='word_1_290' title='bbox 973 4191 1168 4253; x_wconf 67' lang='lat' dir='ltr'><strong>praeest</strong></span> <span class='ocrx_word' id='word_1_291' title='bbox 1220 4182 1399 4236; x_wconf 87' lang='lat' dir='ltr'><strong>adhuc</strong></span> <span class='ocrx_word' id='word_1_292' title='bbox 1429 4182 1579 4244; x_wconf 82' lang='lat' dir='ltr'><strong>vivit,</strong></span> <span class='ocrx_word' id='word_1_293' title='bbox 1613 4188 1772 4234; x_wconf 88' lang='lat' dir='ltr'><strong>etest</strong></span> <span class='ocrx_word' id='word_1_294' title='bbox 1812 4181 1990 4234; x_wconf 81' lang='lat' dir='ltr'><strong>adhuc</strong></span> 
     </span>
    </p>
   </div>
   <div class='ocr_carea' id='block_1_45' title="bbox 419 4273 1987 4351">
    <p class='ocr_par' dir='ltr' id='par_1_45' title="bbox 419 4273 1987 4351">
     <span class='ocr_line' id='line_1_45' title="bbox 419 4273 1987 4351; baseline -0.008 -15"><span class='ocrx_word' id='word_1_295' title='bbox 419 4283 472 4336; x_wconf 90' lang='lat' dir='ltr'><strong>in</strong></span> <span class='ocrx_word' id='word_1_296' title='bbox 505 4282 723 4351; x_wconf 84' lang='lat' dir='ltr'><strong>proprio</strong></span> <span class='ocrx_word' id='word_1_297' title='bbox 753 4280 962 4332; x_wconf 90' lang='lat' dir='ltr'><strong>honore</strong></span> <span class='ocrx_word' id='word_1_298' title='bbox 997 4276 1351 4336; x_wconf 90' lang='lat' dir='ltr'><strong>constitutus,</strong></span> <span class='ocrx_word' id='word_1_299' title='bbox 1385 4275 1489 4327; x_wconf 92' lang='lat' dir='ltr'><strong>nisi</strong></span> <span class='ocrx_word' id='word_1_300' title='bbox 1529 4273 1860 4342; x_wconf 83' lang='lat' dir='ltr'><strong>episcopatui</strong></span> <span class='ocrx_word' id='word_1_301' title='bbox 1890 4287 1987 4326; x_wconf 88' lang='lat' dir='ltr'><strong>sua</strong></span> 
     </span>
    </p>
   </div>
   <div class='ocr_carea' id='block_1_46' title="bbox 418 4362 1983 4442">
    <p class='ocr_par' dir='ltr' id='par_1_46' title="bbox 418 4362 1983 4442">
     <span class='ocr_line' id='line_1_46' title="bbox 418 4362 1983 4442; baseline -0.008 -13"><span class='ocrx_word' id='word_1_302' title='bbox 418 4384 613 4442; x_wconf 78' lang='lat' dir='ltr'><strong>Sponte</strong></span> <span class='ocrx_word' id='word_1_303' title='bbox 658 4369 1073 4425; x_wconf 86' lang='lat' dir='ltr'><strong>renuntiaverit.</strong></span> <span class='ocrx_word' id='word_1_304' title='bbox 1122 4368 1346 4436; x_wconf 87' lang='lat' dir='ltr'><strong>Oportet</strong></span> <span class='ocrx_word' id='word_1_305' title='bbox 1385 4367 1530 4420; x_wconf 87' lang='lat' dir='ltr'><strong>enim</strong></span> <span class='ocrx_word' id='word_1_306' title='bbox 1579 4379 1798 4418; x_wconf 87' lang='lat' dir='ltr'><strong>causam</strong></span> <span class='ocrx_word' id='word_1_307' title='bbox 1845 4362 1983 4431; x_wconf 87' lang='lat' dir='ltr'><strong>ejus,</strong></span> 
     </span>
    </p>
   </div>
   <div class='ocr_carea' id='block_1_47' title="bbox 420 4452 1986 4531">
    <p class='ocr_par' dir='ltr' id='par_1_47' title="bbox 420 4452 1986 4531">
     <span class='ocr_line' id='line_1_47' title="bbox 420 4452 1986 4531; baseline -0.006 -17"><span class='ocrx_word' id='word_1_308' title='bbox 420 4462 514 4531; x_wconf 92' lang='lat' dir='ltr'><strong>qui</strong></span> <span class='ocrx_word' id='word_1_309' title='bbox 549 4469 632 4514; x_wconf 85' lang='lat' dir='ltr'><strong>est</strong></span> <span class='ocrx_word' id='word_1_310' title='bbox 659 4460 975 4528; x_wconf 83' lang='lat' dir='ltr'><strong>episcopatu</strong></span> <span class='ocrx_word' id='word_1_311' title='bbox 1010 4456 1382 4524; x_wconf 84' lang='lat' dir='ltr'><strong>expellendus,</strong></span> <span class='ocrx_word' id='word_1_312' title='bbox 1413 4454 1677 4507; x_wconf 88' lang='lat' dir='ltr'><strong>canonice</strong></span> <span class='ocrx_word' id='word_1_313' title='bbox 1706 4452 1986 4506; x_wconf 78' lang='lat' dir='ltr'><strong>examina-</strong></span> 
     </span>
    </p>
   </div>
   <div class='ocr_carea' id='block_1_48' title="bbox 425 4543 1986 4615">
    <p class='ocr_par' dir='ltr' id='par_1_48' title="bbox 425 4543 1986 4615">
     <span class='ocr_line' id='line_1_48' title="bbox 425 4543 1986 4615; baseline -0.005 -13"><span class='ocrx_word' id='word_1_314' title='bbox 425 4560 532 4603; x_wconf 90' lang='lat' dir='ltr'><strong>tam</strong></span> <span class='ocrx_word' id='word_1_315' title='bbox 569 4551 633 4602; x_wconf 88' lang='lat' dir='ltr'><strong>ad</strong></span> <span class='ocrx_word' id='word_1_316' title='bbox 663 4549 820 4601; x_wconf 84' lang='lat' dir='ltr'><strong>linem</strong></span> <span class='ocrx_word' id='word_1_317' title='bbox 848 4547 998 4615; x_wconf 91' lang='lat' dir='ltr'><strong>prius</strong></span> <span class='ocrx_word' id='word_1_318' title='bbox 1026 4546 1216 4599; x_wconf 86' lang='lat' dir='ltr'><strong>deduci</strong></span> <span class='ocrx_word' id='word_1_319' title='bbox 1256 4563 1270 4599; x_wconf 76' lang='grc' dir='ltr'><strong>ι</strong></span> <span class='ocrx_word' id='word_1_320' title='bbox 1309 4545 1503 4599; x_wconf 88' lang='lat' dir='ltr'><strong>deinde</strong></span> <span class='ocrx_word' id='word_1_321' title='bbox 1528 4553 1647 4612; x_wconf 86' lang='lat' dir='ltr'><strong>post</strong></span> <span class='ocrx_word' id='word_1_322' title='bbox 1676 4543 1794 4612; x_wconf 83' lang='lat' dir='ltr'><strong>ejus</strong></span> <span class='ocrx_word' id='word_1_323' title='bbox 1823 4544 1986 4611; x_wconf 80' lang='lat' dir='ltr'><strong>deva</strong></span> 
     </span>
    </p>
   </div>
   <div class='ocr_carea' id='block_1_49' title="bbox 419 4633 1986 4706">
    <p class='ocr_par' dir='ltr' id='par_1_49' title="bbox 419 4633 1986 4706">
     <span class='ocr_line' id='line_1_49' title="bbox 419 4633 1986 4706; baseline -0.006 -9"><span class='ocrx_word' id='word_1_324' title='bbox 419 4643 699 4702; x_wconf 85' lang='lat' dir='ltr'><strong>sitionem,</strong></span> <span class='ocrx_word' id='word_1_325' title='bbox 731 4642 959 4693; x_wconf 84' lang='lat' dir='ltr'><strong>alterum</strong></span> <span class='ocrx_word' id='word_1_326' title='bbox 993 4640 1046 4690; x_wconf 91' lang='lat' dir='ltr'><strong>in</strong></span> <span class='ocrx_word' id='word_1_327' title='bbox 1093 4639 1212 4706; x_wconf 84' lang='lat' dir='ltr'><strong>ejtis</strong></span> <span class='ocrx_word' id='word_1_328' title='bbox 1241 4638 1608 4706; x_wconf 84' lang='lat' dir='ltr'><strong>episcopatum</strong></span> <span class='ocrx_word' id='word_1_329' title='bbox 1649 4635 1890 4705; x_wconf 83' lang='lat' dir='ltr'><strong>provehi.</strong></span> <span class='ocrx_word' id='word_1_330' title='bbox 1930 4633 1986 4688; x_wconf 89' lang='lat' dir='ltr'><strong>Si</strong></span> 
     </span>
    </p>
   </div>
   <div class='ocr_carea' id='block_1_50' title="bbox 421 4723 1985 4800">
    <p class='ocr_par' dir='ltr' id='par_1_50' title="bbox 421 4723 1985 4800">
     <span class='ocr_line' id='line_1_50' title="bbox 421 4723 1985 4800; baseline -0.004 -18"><span class='ocrx_word' id='word_1_331' title='bbox 421 4730 544 4800; x_wconf 92' lang='lat' dir='ltr'><strong>quis</strong></span> <span class='ocrx_word' id='word_1_332' title='bbox 565 4740 743 4782; x_wconf 83' lang='lat' dir='ltr'><strong>autem</strong></span> <span class='ocrx_word' id='word_1_333' title='bbox 769 4730 1057 4794; x_wconf 87' lang='lat' dir='ltr'><strong>cpiscopus</strong></span> <span class='ocrx_word' id='word_1_334' title='bbox 1080 4724 1130 4778; x_wconf 90' lang='lat' dir='ltr'><strong>in</strong></span> <span class='ocrx_word' id='word_1_335' title='bbox 1160 4723 1383 4793; x_wconf 85' lang='lat' dir='ltr'><strong>proprio</strong></span> <span class='ocrx_word' id='word_1_336' title='bbox 1409 4723 1614 4776; x_wconf 87' lang='lat' dir='ltr'><strong>honore</strong></span> <span class='ocrx_word' id='word_1_337' title='bbox 1637 4723 1985 4784; x_wconf 87' lang='lat' dir='ltr'><strong>constitutus,</strong></span> 
     </span>
    </p>
   </div>
   <div class='ocr_carea' id='block_1_51' title="bbox 420 4815 1988 4887">
    <p class='ocr_par' dir='ltr' id='par_1_51' title="bbox 420 4815 1988 4887">
     <span class='ocr_line' id='line_1_51' title="bbox 420 4815 1988 4887; baseline -0.006 -10"><span class='ocrx_word' id='word_1_338' title='bbox 420 4838 520 4877; x_wconf 89' lang='lat' dir='ltr'><strong>nec</strong></span> <span class='ocrx_word' id='word_1_339' title='bbox 562 4822 677 4876; x_wconf 91' lang='lat' dir='ltr'><strong>vult</strong></span> <span class='ocrx_word' id='word_1_340' title='bbox 713 4822 1047 4882; x_wconf 89' lang='lat' dir='ltr'><strong>renuntiare,</strong></span> <span class='ocrx_word' id='word_1_341' title='bbox 1096 4833 1193 4872; x_wconf 90' lang='lat' dir='ltr'><strong>nec</strong></span> <span class='ocrx_word' id='word_1_342' title='bbox 1235 4817 1511 4887; x_wconf 83' lang='lat' dir='ltr'><strong>proprium</strong></span> <span class='ocrx_word' id='word_1_343' title='bbox 1570 4815 1825 4884; x_wconf 81' lang='lat' dir='ltr'><strong>populum</strong></span> <span class='ocrx_word' id='word_1_344' title='bbox 1870 4830 1988 4883; x_wconf 87' lang='lat' dir='ltr'><strong>pas-</strong></span> 
     </span>
    </p>
   </div>
   <div class='ocr_carea' id='block_1_52' title="bbox 417 4903 1987 4974">
    <p class='ocr_par' dir='ltr' id='par_1_52' title="bbox 417 4903 1987 4974">
     <span class='ocr_line' id='line_1_52' title="bbox 417 4903 1987 4974; baseline -0.006 -9"><span class='ocrx_word' id='word_1_345' title='bbox 417 4926 562 4972; x_wconf 89' lang='lat' dir='ltr'><strong>cere,</strong></span> <span class='ocrx_word' id='word_1_346' title='bbox 599 4909 693 4962; x_wconf 84' lang='lat' dir='ltr'><strong>sed</strong></span> <span class='ocrx_word' id='word_1_347' title='bbox 727 4924 755 4960; x_wconf 89' lang='lat' dir='ltr'><strong>a</strong></span> <span class='ocrx_word' id='word_1_348' title='bbox 781 4922 881 4961; x_wconf 88' lang='lat' dir='ltr'><strong>suo</strong></span> <span class='ocrx_word' id='word_1_349' title='bbox 915 4907 1229 4974; x_wconf 84' lang='lat' dir='ltr'><strong>episcopatu</strong></span> <span class='ocrx_word' id='word_1_350' title='bbox 1259 4903 1538 4966; x_wconf 79' lang='lat' dir='ltr'><strong>recedens,</strong></span> <span class='ocrx_word' id='word_1_351' title='bbox 1572 4903 1855 4970; x_wconf 89' lang='lat' dir='ltr'><strong>plusquam</strong></span> <span class='ocrx_word' id='word_1_352' title='bbox 1891 4919 1987 4956; x_wconf 87' lang='lat' dir='ltr'><strong>sex</strong></span> 
     </span>
    </p>
   </div>
   <div class='ocr_carea' id='block_1_53' title="bbox 417 4993 1987 5064">
    <p class='ocr_par' dir='ltr' id='par_1_53' title="bbox 417 4993 1987 5064">
     <span class='ocr_line' id='line_1_53' title="bbox 417 4993 1987 5064; baseline -0.006 -9"><span class='ocrx_word' id='word_1_353' title='bbox 417 5000 703 5055; x_wconf 86' lang='lat' dir='ltr'><strong>mensibus</strong></span> <span class='ocrx_word' id='word_1_354' title='bbox 734 4999 784 5050; x_wconf 91' lang='lat' dir='ltr'><strong>in</strong></span> <span class='ocrx_word' id='word_1_355' title='bbox 817 4999 924 5051; x_wconf 89' lang='lat' dir='ltr'><strong>alio</strong></span> <span class='ocrx_word' id='word_1_356' title='bbox 955 4997 1073 5050; x_wconf 91' lang='lat' dir='ltr'><strong>loco</strong></span> <span class='ocrx_word' id='word_1_357' title='bbox 1101 4996 1279 5064; x_wconf 83' lang='lat' dir='ltr'><strong>degat,</strong></span> <span class='ocrx_word' id='word_1_358' title='bbox 1315 5011 1414 5048; x_wconf 88' lang='lat' dir='ltr'><strong>nec</strong></span> <span class='ocrx_word' id='word_1_359' title='bbox 1439 4995 1588 5059; x_wconf 66' lang='lat' dir='ltr'><strong>regio</strong></span> <span class='ocrx_word' id='word_1_360' title='bbox 1613 4993 1772 5061; x_wconf 89' lang='lat' dir='ltr'><strong>jussu</strong></span> <span class='ocrx_word' id='word_1_361' title='bbox 1801 4995 1987 5046; x_wconf 88' lang='lat' dir='ltr'><strong>deten-</strong></span> 
     </span>
    </p>
   </div>
   <div class='ocr_carea' id='block_1_54' title="bbox 421 5085 1986 5157">
    <p class='ocr_par' dir='ltr' id='par_1_54' title="bbox 421 5085 1986 5157">
     <span class='ocr_line' id='line_1_54' title="bbox 421 5085 1986 5157; baseline -0.006 -10"><span class='ocrx_word' id='word_1_362' title='bbox 421 5101 529 5155; x_wconf 84' lang='lat' dir='ltr'><strong>tus,</strong></span> <span class='ocrx_word' id='word_1_363' title='bbox 551 5107 648 5144; x_wconf 88' lang='lat' dir='ltr'><strong>nec</strong></span> <span class='ocrx_word' id='word_1_364' title='bbox 678 5091 759 5145; x_wconf 90' lang='lat' dir='ltr'><strong>sui</strong></span> <span class='ocrx_word' id='word_1_365' title='bbox 781 5089 1102 5157; x_wconf 63' lang='lat' dir='ltr'><strong>patriarchae</strong></span> <span class='ocrx_word' id='word_1_366' title='bbox 1123 5085 1424 5139; x_wconf 87' lang='lat' dir='ltr'><strong>ministerio</strong></span> <span class='ocrx_word' id='word_1_367' title='bbox 1451 5085 1782 5147; x_wconf 89' lang='lat' dir='ltr'><strong>deserviens,</strong></span> <span class='ocrx_word' id='word_1_368' title='bbox 1812 5099 1986 5152; x_wconf 88' lang='lat' dir='ltr'><strong>neque</strong></span> 
     </span>
    </p>
   </div>
   <div class='ocr_carea' id='block_1_55' title="bbox 417 5174 1988 5252">
    <p class='ocr_par' dir='ltr' id='par_1_55' title="bbox 417 5174 1988 5252">
     <span class='ocr_line' id='line_1_55' title="bbox 417 5174 1988 5252; baseline -0.008 -14"><span class='ocrx_word' id='word_1_369' title='bbox 417 5200 448 5238; x_wconf 73' lang='grc' dir='ltr'><strong>ει</strong></span> <span class='ocrx_word' id='word_1_370' title='bbox 480 5185 630 5252; x_wconf 81' lang='lat' dir='ltr'><strong>gravi</strong></span> <span class='ocrx_word' id='word_1_371' title='bbox 658 5183 871 5242; x_wconf 86' lang='lat' dir='ltr'><strong>morbo,</strong></span> <span class='ocrx_word' id='word_1_372' title='bbox 902 5190 956 5233; x_wconf 90' lang='lat' dir='ltr'><strong>et</strong></span> <span class='ocrx_word' id='word_1_373' title='bbox 985 5181 1078 5248; x_wconf 92' lang='lat' dir='ltr'><strong>qui</strong></span> <span class='ocrx_word' id='word_1_374' title='bbox 1111 5185 1170 5231; x_wconf 87' lang='lat' dir='ltr'><strong>ut</strong></span> <span class='ocrx_word' id='word_1_375' title='bbox 1201 5177 1424 5229; x_wconf 89' lang='lat' dir='ltr'><strong>omnino</strong></span> <span class='ocrx_word' id='word_1_376' title='bbox 1452 5174 1653 5227; x_wconf 83' lang='lat' dir='ltr'><strong>moveri</strong></span> <span class='ocrx_word' id='word_1_377' title='bbox 1685 5189 1790 5226; x_wconf 92' lang='lat' dir='ltr'><strong>non</strong></span> <span class='ocrx_word' id='word_1_378' title='bbox 1815 5175 1988 5242; x_wconf 88' lang='lat' dir='ltr'><strong>possit</strong></span> 
     </span>
    </p>
   </div>
   <div class='ocr_carea' id='block_1_56' title="bbox 416 5265 1985 5336">
    <p class='ocr_par' dir='ltr' id='par_1_56' title="bbox 416 5265 1985 5336">
     <span class='ocr_line' id='line_1_56' title="bbox 416 5265 1985 5336; baseline -0.006 -10"><span class='ocrx_word' id='word_1_379' title='bbox 416 5275 629 5336; x_wconf 73' lang='lat' dir='ltr'><strong>eﬂieiat,</strong></span> <span class='ocrx_word' id='word_1_380' title='bbox 665 5279 926 5333; x_wconf 85' lang='lat' dir='ltr'><strong>retentus,</strong></span> <span class='ocrx_word' id='word_1_381' title='bbox 965 5271 1008 5322; x_wconf 92' lang='lat' dir='ltr'><strong>is</strong></span> <span class='ocrx_word' id='word_1_382' title='bbox 1039 5269 1181 5321; x_wconf 79' lang='lat' dir='ltr'><strong>nulla</strong></span> <span class='ocrx_word' id='word_1_383' title='bbox 1213 5283 1279 5321; x_wconf 81' lang='lat' dir='ltr'><strong>ex</strong></span> <span class='ocrx_word' id='word_1_384' title='bbox 1314 5282 1476 5333; x_wconf 87' lang='lat' dir='ltr'><strong>supra</strong></span> <span class='ocrx_word' id='word_1_385' title='bbox 1507 5265 1610 5335; x_wconf 69' lang='grc'><strong>41</strong></span> <span class='ocrx_word' id='word_1_386' title='bbox 1643 5265 1797 5317; x_wconf 88' lang='lat' dir='ltr'><strong>dictis</strong></span> <span class='ocrx_word' id='word_1_387' title='bbox 1823 5279 1985 5317; x_wconf 86' lang='lat' dir='ltr'><strong>causa</strong></span> 
     </span>
    </p>
   </div>
   <div class='ocr_carea' id='block_1_57' title="bbox 419 5355 1984 5437">
    <p class='ocr_par' dir='ltr' id='par_1_57' title="bbox 419 5355 1984 5437">
     <span class='ocr_line' id='line_1_57' title="bbox 419 5355 1984 5437; baseline -0.008 -19"><span class='ocrx_word' id='word_1_388' title='bbox 419 5367 748 5437; x_wconf 83' lang='lat' dir='ltr'><strong>prohibitus,</strong></span> <span class='ocrx_word' id='word_1_389' title='bbox 776 5374 828 5418; x_wconf 88' lang='lat' dir='ltr'><strong>et</strong></span> <span class='ocrx_word' id='word_1_390' title='bbox 855 5379 885 5416; x_wconf 90' lang='lat' dir='ltr'><strong>a</strong></span> <span class='ocrx_word' id='word_1_391' title='bbox 919 5378 1019 5415; x_wconf 91' lang='lat' dir='ltr'><strong>suo</strong></span> <span class='ocrx_word' id='word_1_392' title='bbox 1044 5361 1359 5429; x_wconf 85' lang='lat' dir='ltr'><strong>episcopatu</strong></span> <span class='ocrx_word' id='word_1_393' title='bbox 1391 5359 1608 5420; x_wconf 89' lang='lat' dir='ltr'><strong>absens,</strong></span> <span class='ocrx_word' id='word_1_394' title='bbox 1643 5364 1694 5408; x_wconf 89' lang='lat' dir='ltr'><strong>et</strong></span> <span class='ocrx_word' id='word_1_395' title='bbox 1727 5355 1868 5407; x_wconf 89' lang='lat' dir='ltr'><strong>ultra</strong></span> <span class='ocrx_word' id='word_1_396' title='bbox 1898 5370 1984 5407; x_wconf 91' lang='lat' dir='ltr'><strong>se-</strong></span> 
     </span>
    </p>
   </div>
   <div class='ocr_carea' id='block_1_58' title="bbox 418 5445 1987 5524">
    <p class='ocr_par' dir='ltr' id='par_1_58' title="bbox 418 5445 1987 5524">
     <span class='ocr_line' id='line_1_58' title="bbox 418 5445 1987 5524; baseline -0.01 -12"><span class='ocrx_word' id='word_1_397' title='bbox 418 5466 618 5512; x_wconf 88' lang='lat' dir='ltr'><strong>mestre</strong></span> <span class='ocrx_word' id='word_1_398' title='bbox 651 5465 864 5524; x_wconf 89' lang='lat' dir='ltr'><strong>tempus</strong></span> <span class='ocrx_word' id='word_1_399' title='bbox 897 5455 950 5506; x_wconf 93' lang='lat' dir='ltr'><strong>in</strong></span> <span class='ocrx_word' id='word_1_400' title='bbox 983 5453 1090 5506; x_wconf 89' lang='lat' dir='ltr'><strong>alio</strong></span> <span class='ocrx_word' id='word_1_401' title='bbox 1132 5451 1252 5504; x_wconf 92' lang='lat' dir='ltr'><strong>loco</strong></span> <span class='ocrx_word' id='word_1_402' title='bbox 1281 5449 1501 5516; x_wconf 75' lang='lat' dir='ltr'><strong>degens,</strong></span> <span class='ocrx_word' id='word_1_403' title='bbox 1532 5449 1600 5500; x_wconf 90' lang='lat' dir='ltr'><strong>ab</strong></span> <span class='ocrx_word' id='word_1_404' title='bbox 1635 5446 1874 5514; x_wconf 85' lang='lat' dir='ltr'><strong>episcopi</strong></span> <span class='ocrx_word' id='word_1_405' title='bbox 1903 5445 1987 5497; x_wconf 86' lang='lat' dir='ltr'><strong>di-</strong></span> 
     </span>
    </p>
   </div>
   <div class='ocr_carea' id='block_1_59' title="bbox 417 5535 1982 5617">
    <p class='ocr_par' dir='ltr' id='par_1_59' title="bbox 417 5535 1982 5617">
     <span class='ocr_line' id='line_1_59' title="bbox 417 5535 1982 5617; baseline -0.01 -16"><span class='ocrx_word' id='word_1_406' title='bbox 417 5548 620 5617; x_wconf 77' lang='lat' dir='ltr'><strong>gnitate</strong></span> <span class='ocrx_word' id='word_1_407' title='bbox 657 5555 710 5599; x_wconf 91' lang='lat' dir='ltr'><strong>ct</strong></span> <span class='ocrx_word' id='word_1_408' title='bbox 747 5547 953 5598; x_wconf 85' lang='lat' dir='ltr'><strong>honore</strong></span> <span class='ocrx_word' id='word_1_409' title='bbox 989 5543 1213 5597; x_wconf 90' lang='lat' dir='ltr'><strong>omnino</strong></span> <span class='ocrx_word' id='word_1_410' title='bbox 1266 5539 1609 5593; x_wconf 86' lang='lat' dir='ltr'><strong>alienabitur.</strong></span> <span class='ocrx_word' id='word_1_411' title='bbox 1658 5536 1792 5588; x_wconf 84' lang='lat' dir='ltr'><strong>Eum</strong></span> <span class='ocrx_word' id='word_1_412' title='bbox 1840 5535 1982 5588; x_wconf 85' lang='lat' dir='ltr'><strong>enim</strong></span> 
     </span>
    </p>
   </div>
   <div class='ocr_carea' id='block_1_60' title="bbox 415 5627 1984 5706">
    <p class='ocr_par' dir='ltr' id='par_1_60' title="bbox 415 5627 1984 5706">
     <span class='ocr_line' id='line_1_60' title="bbox 415 5627 1984 5706; baseline -0.008 -15"><span class='ocrx_word' id='word_1_413' title='bbox 415 5639 506 5706; x_wconf 88' lang='lat' dir='ltr'><strong>qui</strong></span> <span class='ocrx_word' id='word_1_414' title='bbox 533 5654 644 5693; x_wconf 75' lang='lat' dir='ltr'><strong>sua:</strong></span> <span class='ocrx_word' id='word_1_415' title='bbox 673 5639 791 5692; x_wconf 76' lang='lat' dir='ltr'><strong>fidei</strong></span> <span class='ocrx_word' id='word_1_416' title='bbox 826 5637 1186 5690; x_wconf 88' lang='lat' dir='ltr'><strong>commissum</strong></span> <span class='ocrx_word' id='word_1_417' title='bbox 1220 5647 1433 5702; x_wconf 76' lang='lat' dir='ltr'><strong>gregem</strong></span> <span class='ocrx_word' id='word_1_418' title='bbox 1470 5628 1690 5698; x_wconf 74' lang='lat' dir='ltr'><strong>negligit</strong></span> <span class='ocrx_word' id='word_1_419' title='bbox 1722 5638 1774 5681; x_wconf 91' lang='lat' dir='ltr'><strong>et</strong></span> <span class='ocrx_word' id='word_1_420' title='bbox 1797 5629 1849 5680; x_wconf 93' lang='lat' dir='ltr'><strong>in</strong></span> <span class='ocrx_word' id='word_1_421' title='bbox 1878 5627 1984 5679; x_wconf 92' lang='lat' dir='ltr'><strong>alio</strong></span> 
     </span>
    </p>
   </div>
   <div class='ocr_carea' id='block_1_61' title="bbox 417 5719 1981 5801">
    <p class='ocr_par' dir='ltr' id='par_1_61' title="bbox 417 5719 1981 5801">
     <span class='ocr_line' id='line_1_61' title="bbox 417 5719 1981 5801; baseline -0.01 -16"><span class='ocrx_word' id='word_1_422' title='bbox 417 5731 536 5786; x_wconf 80' lang='lat' dir='ltr'><strong>ltco</strong></span> <span class='ocrx_word' id='word_1_423' title='bbox 568 5747 732 5801; x_wconf 87' lang='lat' dir='ltr'><strong>supra</strong></span> <span class='ocrx_word' id='word_1_424' title='bbox 775 5739 1038 5786; x_wconf 87' lang='lat' dir='ltr'><strong>semestre</strong></span> <span class='ocrx_word' id='word_1_425' title='bbox 1077 5738 1291 5797; x_wconf 88' lang='lat' dir='ltr'><strong>tempus</strong></span> <span class='ocrx_word' id='word_1_426' title='bbox 1340 5724 1484 5792; x_wconf 73' lang='lat' dir='ltr'><strong>degit</strong></span> <span class='ocrx_word' id='word_1_427' title='bbox 1511 5763 1526 5789; x_wconf 89' lang='lat'><strong>,</strong></span> <span class='ocrx_word' id='word_1_428' title='bbox 1565 5719 1753 5775; x_wconf 86' lang='lat' dir='ltr'><strong>statuit</strong></span> <span class='ocrx_word' id='word_1_429' title='bbox 1795 5728 1981 5772; x_wconf 87' lang='lat' dir='ltr'><strong>sancta</strong></span> 
     </span>
    </p>
   </div>
   <div class='ocr_carea' id='block_1_62' title="bbox 2104 573 3672 645">
    <p class='ocr_par' dir='ltr' id='par_1_62' title="bbox 2104 573 3672 645">
     <span class='ocr_line' id='line_1_62' title="bbox 2104 573 3672 645; baseline 0.002 -21"><span class='ocrx_word' id='word_1_430' title='bbox 2104 588 2190 624; x_wconf 85' lang='grc' dir='ltr'><strong>ναι</strong></span> <span class='ocrx_word' id='word_1_431' title='bbox 2217 575 2329 635; x_wconf 89' lang='grc' dir='ltr'>τοῖς</span> <span class='ocrx_word' id='word_1_432' title='bbox 2361 575 2440 636; x_wconf 85' lang='grc' dir='ltr'>εἰς</span> <span class='ocrx_word' id='word_1_433' title='bbox 2469 573 2669 645; x_wconf 83' lang='grc' dir='ltr'>κλῆρον</span> <span class='ocrx_word' id='word_1_434' title='bbox 2708 573 3051 643; x_wconf 79' lang='grc' dir='ltr'><strong>βουλομένοις</strong></span> <span class='ocrx_word' id='word_1_435' title='bbox 3097 575 3360 644; x_wconf 80' lang='grc' dir='ltr'><strong>προάγειν</strong></span> <span class='ocrx_word' id='word_1_436' title='bbox 3386 575 3564 638; x_wconf 76' lang='grc' dir='ltr'>τινὰς,</span> <span class='ocrx_word' id='word_1_437' title='bbox 3593 579 3672 638; x_wconf 86' lang='grc' dir='ltr'><strong>εἱς</strong></span> 
     </span>
    </p>
   </div>
   <div class='ocr_carea' id='block_1_63' title="bbox 2099 662 3670 738">
    <p class='ocr_par' dir='ltr' id='par_1_63' title="bbox 2099 662 3670 738">
     <span class='ocr_line' id='line_1_63' title="bbox 2099 662 3670 738; baseline 0.004 -23"><span class='ocrx_word' id='word_1_438' title='bbox 2099 662 2160 715; x_wconf 86' lang='grc' dir='ltr'><strong>τὸ</strong></span> <span class='ocrx_word' id='word_1_439' title='bbox 2204 665 2356 732; x_wconf 88' lang='grc' dir='ltr'>γένος</span> <span class='ocrx_word' id='word_1_440' title='bbox 2399 666 2812 730; x_wconf 82' lang='grc' dir='ltr'>ἀποϐλέποντας</span> <span class='ocrx_word' id='word_1_441' title='bbox 2858 666 2951 718; x_wconf 81' lang='grc' dir='ltr'><strong>τοῦ</strong></span> <span class='ocrx_word' id='word_1_442' title='bbox 2987 667 3492 738; x_wconf 77' lang='grc' dir='ltr'>προχειριζομένου,</span> <span class='ocrx_word' id='word_1_443' title='bbox 3536 668 3670 721; x_wconf 81' lang='grc' dir='ltr'>ἀλλὰ</span> 
     </span>
    </p>
   </div>
   <div class='ocr_carea' id='block_1_64' title="bbox 2039 750 3671 828">
    <p class='ocr_par' dir='ltr' id='par_1_64' title="bbox 2039 750 3671 828">
     <span class='ocr_line' id='line_1_64' title="bbox 2039 750 3671 828; baseline 0.004 -25"><span class='ocrx_word' id='word_1_444' title='bbox 2039 823 2050 828; x_wconf 84' lang='lat'>_</span> <span class='ocrx_word' id='word_1_445' title='bbox 2093 751 2484 820; x_wconf 72' lang='grc' dir='ltr'><strong>δοκιμάζοντας</strong></span> <span class='ocrx_word' id='word_1_446' title='bbox 2512 757 2558 806; x_wconf 80' lang='grc' dir='ltr'>εἰ</span> <span class='ocrx_word' id='word_1_447' title='bbox 2577 754 2716 820; x_wconf 81' lang='grc' dir='ltr'>ἄξιοι</span> <span class='ocrx_word' id='word_1_448' title='bbox 2744 750 2852 807; x_wconf 82' lang='grc' dir='ltr'>εἷεν</span> <span class='ocrx_word' id='word_1_449' title='bbox 2880 755 3019 806; x_wconf 78' lang='grc' dir='ltr'>κατὰ</span> <span class='ocrx_word' id='word_1_450' title='bbox 3049 757 3173 817; x_wconf 70' lang='grc' dir='ltr'>τοὺς</span> <span class='ocrx_word' id='word_1_451' title='bbox 3201 758 3453 820; x_wconf 79' lang='grc' dir='ltr'><strong>τεθέντας</strong></span> <span class='ocrx_word' id='word_1_452' title='bbox 3477 758 3536 810; x_wconf 86' lang='grc' dir='ltr'><strong>ἑν</strong></span> <span class='ocrx_word' id='word_1_453' title='bbox 3560 761 3671 820; x_wconf 89' lang='grc' dir='ltr'>τοῖς</span> 
     </span>
    </p>
   </div>
   <div class='ocr_carea' id='block_1_65' title="bbox 2097 841 3671 917">
    <p class='ocr_par' dir='ltr' id='par_1_65' title="bbox 2097 841 3671 917">
     <span class='ocr_line' id='line_1_65' title="bbox 2097 841 3671 917; baseline 0.006 -25"><span class='ocrx_word' id='word_1_454' title='bbox 2097 841 2262 910; x_wconf 79' lang='grc' dir='ltr'><strong>ἱεροῖς</strong></span> <span class='ocrx_word' id='word_1_455' title='bbox 2283 844 2514 895; x_wconf 84' lang='grc' dir='ltr'>κανόσιν</span> <span class='ocrx_word' id='word_1_456' title='bbox 2542 846 2697 914; x_wconf 81' lang='grc' dir='ltr'>ὅρους</span> <span class='ocrx_word' id='word_1_457' title='bbox 2726 846 2784 897; x_wconf 86' lang='grc' dir='ltr'><strong>ἑν</strong></span> <span class='ocrx_word' id='word_1_458' title='bbox 2817 845 3004 916; x_wconf 84' lang='grc' dir='ltr'>κλήρῳ</span> <span class='ocrx_word' id='word_1_459' title='bbox 3034 848 3420 917; x_wconf 76' lang='grc' dir='ltr'>καταλεγῆναι,</span> <span class='ocrx_word' id='word_1_460' title='bbox 3449 848 3671 912; x_wconf 72' lang='grc' dir='ltr'>τούτους</span> 
     </span>
    </p>
   </div>
   <div class='ocr_carea' id='block_1_66' title="bbox 2094 932 3668 1011">
    <p class='ocr_par' dir='ltr' id='par_1_66' title="bbox 2094 932 3668 1011">
     <span class='ocr_line' id='line_1_66' title="bbox 2094 932 3668 1011; baseline 0.004 -25"><span class='ocrx_word' id='word_1_461' title='bbox 2094 932 2559 1003; x_wconf 84' lang='grc' dir='ltr'>ἐκκλησιαστικῶς</span> <span class='ocrx_word' id='word_1_462' title='bbox 2584 937 3046 1008; x_wconf 76' lang='grc' dir='ltr'><strong>προχειρίζεσθαι,</strong></span> <span class='ocrx_word' id='word_1_463' title='bbox 3080 940 3187 991; x_wconf 82' lang='grc' dir='ltr'>εἴτε</span> <span class='ocrx_word' id='word_1_464' title='bbox 3239 939 3336 992; x_wconf 77' lang='grc' dir='ltr'><strong>καὶ</strong></span> <span class='ocrx_word' id='word_1_465' title='bbox 3368 941 3433 992; x_wconf 79' lang='grc' dir='ltr'><strong>ἐκ</strong></span> <span class='ocrx_word' id='word_1_466' title='bbox 3468 943 3668 1011; x_wconf 80' lang='grc' dir='ltr'>προγό-</span> 
     </span>
    </p>
   </div>
   <div class='ocr_carea' id='block_1_67' title="bbox 2091 1027 3669 1100">
    <p class='ocr_par' dir='ltr' id='par_1_67' title="bbox 2091 1027 3669 1100">
     <span class='ocr_line' id='line_1_67' title="bbox 2091 1027 3669 1100; baseline 0.004 -22"><span class='ocrx_word' id='word_1_467' title='bbox 2091 1043 2198 1079; x_wconf 89' lang='grc' dir='ltr'>νων</span> <span class='ocrx_word' id='word_1_468' title='bbox 2219 1027 2507 1094; x_wconf 85' lang='grc' dir='ltr'>γεγόνασιν</span> <span class='ocrx_word' id='word_1_469' title='bbox 2542 1027 2750 1098; x_wconf 82' lang='grc' dir='ltr'>ἱερέων,</span> <span class='ocrx_word' id='word_1_470' title='bbox 2785 1029 2891 1081; x_wconf 75' lang='grc' dir='ltr'>εἴτε</span> <span class='ocrx_word' id='word_1_471' title='bbox 2945 1030 3036 1080; x_wconf 70' lang='grc' dir='ltr'><strong>καὶ</strong></span> <span class='ocrx_word' id='word_1_472' title='bbox 3079 1031 3182 1100; x_wconf 79' lang='grc' dir='ltr'><strong>μή·</strong></span> <span class='ocrx_word' id='word_1_473' title='bbox 3214 1030 3350 1082; x_wconf 85' lang='grc' dir='ltr'><strong>ἀλλά</strong></span> <span class='ocrx_word' id='word_1_474' title='bbox 3380 1031 3518 1100; x_wconf 77' lang='grc' dir='ltr'>μηδέ</span> <span class='ocrx_word' id='word_1_475' title='bbox 3551 1049 3669 1084; x_wconf 78' lang='grc' dir='ltr'>τινα</span> 
     </span>
    </p>
   </div>
   <div class='ocr_carea' id='block_1_68' title="bbox 2089 1116 3670 1191">
    <p class='ocr_par' dir='ltr' id='par_1_68' title="bbox 2089 1116 3670 1191">
     <span class='ocr_line' id='line_1_68' title="bbox 2089 1116 3670 1191; baseline 0.003 -23"><span class='ocrx_word' id='word_1_476' title='bbox 2089 1116 2196 1171; x_wconf 85' lang='grc' dir='ltr'><strong>τῶν</strong></span> <span class='ocrx_word' id='word_1_477' title='bbox 2230 1118 2484 1171; x_wconf 86' lang='grc' dir='ltr'>ἁπάντων</span> <span class='ocrx_word' id='word_1_478' title='bbox 2512 1120 2812 1189; x_wconf 83' lang='grc' dir='ltr'>συγχωρεῖν</span> <span class='ocrx_word' id='word_1_479' title='bbox 2860 1119 2945 1170; x_wconf 78' lang='grc' dir='ltr'><strong>ἐπ’</strong></span> <span class='ocrx_word' id='word_1_480' title='bbox 2980 1121 3232 1188; x_wconf 75' lang='grc' dir='ltr'>ἄμϐωνος</span> <span class='ocrx_word' id='word_1_481' title='bbox 3254 1123 3395 1174; x_wconf 71' lang='grc' dir='ltr'>κατὰ</span> <span class='ocrx_word' id='word_1_482' title='bbox 3431 1123 3533 1191; x_wconf 82' lang='grc' dir='ltr'>τὴν</span> <span class='ocrx_word' id='word_1_483' title='bbox 3562 1122 3670 1173; x_wconf 83' lang='grc' dir='ltr'><strong>τῶν</strong></span> 
     </span>
    </p>
   </div>
   <div class='ocr_carea' id='block_1_69' title="bbox 2090 1209 3668 1282">
    <p class='ocr_par' dir='ltr' id='par_1_69' title="bbox 2090 1209 3668 1282">
     <span class='ocr_line' id='line_1_69' title="bbox 2090 1209 3668 1282; baseline -0.001 -18"><span class='ocrx_word' id='word_1_484' title='bbox 2090 1213 2148 1264; x_wconf 85' lang='grc' dir='ltr'><strong>ἑν</strong></span> <span class='ocrx_word' id='word_1_485' title='bbox 2176 1209 2360 1280; x_wconf 85' lang='grc' dir='ltr'>κλήρῳ</span> <span class='ocrx_word' id='word_1_486' title='bbox 2393 1209 2841 1279; x_wconf 81' lang='grc' dir='ltr'>καταλεγομένων</span> <span class='ocrx_word' id='word_1_487' title='bbox 2883 1210 3037 1274; x_wconf 83' lang='grc' dir='ltr'>τάξιν</span> <span class='ocrx_word' id='word_1_488' title='bbox 3066 1215 3190 1273; x_wconf 72' lang='grc' dir='ltr'>τοὺς</span> <span class='ocrx_word' id='word_1_489' title='bbox 3217 1211 3394 1274; x_wconf 78' lang='grc' dir='ltr'>θείους</span> <span class='ocrx_word' id='word_1_490' title='bbox 3443 1212 3524 1281; x_wconf 84' lang='grc' dir='ltr'>τῷ</span> <span class='ocrx_word' id='word_1_491' title='bbox 3553 1211 3668 1282; x_wconf 81' lang='grc' dir='ltr'><strong>λαῷ</strong></span> 
     </span>
    </p>
   </div>
   <div class='ocr_carea' id='block_1_70' title="bbox 2089 1301 3662 1375">
    <p class='ocr_par' dir='ltr' id='par_1_70' title="bbox 2089 1301 3662 1375">
     <span class='ocr_line' id='line_1_70' title="bbox 2089 1301 3662 1375; baseline -0.001 -20"><span class='ocrx_word' id='word_1_492' title='bbox 2089 1302 2278 1369; x_wconf 82' lang='grc' dir='ltr'>λόγους</span> <span class='ocrx_word' id='word_1_493' title='bbox 2305 1303 2629 1369; x_wconf 82' lang='grc' dir='ltr'>ὑποφωνεῖν,</span> <span class='ocrx_word' id='word_1_494' title='bbox 2659 1303 2707 1353; x_wconf 86' lang='grc' dir='ltr'><strong>εἱ</strong></span> <span class='ocrx_word' id='word_1_495' title='bbox 2733 1302 2806 1371; x_wconf 87' lang='grc' dir='ltr'>μή</span> <span class='ocrx_word' id='word_1_496' title='bbox 2838 1318 2891 1353; x_wconf 90' lang='grc' dir='ltr'><strong>τι</strong></span> <span class='ocrx_word' id='word_1_497' title='bbox 2933 1301 2999 1354; x_wconf 86' lang='grc' dir='ltr'><strong>ἂν</strong></span> <span class='ocrx_word' id='word_1_498' title='bbox 3035 1302 3282 1372; x_wconf 80' lang='grc' dir='ltr'>ἰερατικῇ</span> <span class='ocrx_word' id='word_1_499' title='bbox 3315 1306 3493 1374; x_wconf 80' lang='grc' dir='ltr'>κουρᾷ</span> <span class='ocrx_word' id='word_1_500' title='bbox 3525 1307 3662 1375; x_wconf 83' lang='grc' dir='ltr'>χρή-</span> 
     </span>
    </p>
   </div>
   <div class='ocr_carea' id='block_1_71' title="bbox 2090 1393 3664 1464">
    <p class='ocr_par' dir='ltr' id='par_1_71' title="bbox 2090 1393 3664 1464">
     <span class='ocr_line' id='line_1_71' title="bbox 2090 1393 3664 1464; baseline 0.002 -18"><span class='ocrx_word' id='word_1_501' title='bbox 2090 1411 2253 1464; x_wconf 85' lang='grc' dir='ltr'>σηται</span> <span class='ocrx_word' id='word_1_502' title='bbox 2295 1397 2323 1447; x_wconf 98' lang='lat'><strong>6</strong></span> <span class='ocrx_word' id='word_1_503' title='bbox 2352 1393 2616 1459; x_wconf 82' lang='grc' dir='ltr'>τοιοῦτος,</span> <span class='ocrx_word' id='word_1_504' title='bbox 2655 1396 2750 1447; x_wconf 79' lang='grc' dir='ltr'>καὶ</span> <span class='ocrx_word' id='word_1_505' title='bbox 2785 1395 2882 1464; x_wconf 85' lang='grc' dir='ltr'><strong>τὴν</strong></span> <span class='ocrx_word' id='word_1_506' title='bbox 2919 1395 3171 1462; x_wconf 79' lang='grc' dir='ltr'>εὐλογίαν</span> <span class='ocrx_word' id='word_1_507' title='bbox 3213 1396 3316 1447; x_wconf 83' lang='grc' dir='ltr'><strong>ὑπὸ</strong></span> <span class='ocrx_word' id='word_1_508' title='bbox 3337 1396 3432 1449; x_wconf 82' lang='grc' dir='ltr'>τοῦ</span> <span class='ocrx_word' id='word_1_509' title='bbox 3462 1399 3664 1449; x_wconf 73' lang='grc' dir='ltr'>οἰκείου</span> 
     </span>
    </p>
   </div>
   <div class='ocr_carea' id='block_1_72' title="bbox 2088 1485 3663 1556">
    <p class='ocr_par' dir='ltr' id='par_1_72' title="bbox 2088 1485 3663 1556">
     <span class='ocr_line' id='line_1_72' title="bbox 2088 1485 3663 1556; baseline 0.001 -18"><span class='ocrx_word' id='word_1_510' title='bbox 2088 1487 2345 1556; x_wconf 80' lang='grc' dir='ltr'>ποιμένος</span> <span class='ocrx_word' id='word_1_511' title='bbox 2405 1487 2706 1548; x_wconf 86' lang='grc' dir='ltr'>κανονικῶς</span> <span class='ocrx_word' id='word_1_512' title='bbox 2757 1485 3082 1554; x_wconf 80' lang='grc' dir='ltr'>ὕποδέξηται</span> <span class='ocrx_word' id='word_1_513' title='bbox 3115 1501 3130 1516; x_wconf 79' lang='lat'><strong><em>°</em></strong></span> <span class='ocrx_word' id='word_1_514' title='bbox 3153 1487 3200 1538; x_wconf 90' lang='grc' dir='ltr'><strong>εἱ</strong></span> <span class='ocrx_word' id='word_1_515' title='bbox 3238 1487 3295 1539; x_wconf 88' lang='grc' dir='ltr'><strong>δέ</strong></span> <span class='ocrx_word' id='word_1_516' title='bbox 3350 1503 3435 1548; x_wconf 89' lang='grc' dir='ltr'><strong>τις</strong></span> <span class='ocrx_word' id='word_1_517' title='bbox 3474 1503 3663 1554; x_wconf 77' lang='grc' dir='ltr'>φωρα-</span> 
     </span>
    </p>
   </div>
   <div class='ocr_carea' id='block_1_73' title="bbox 2092 1575 3662 1648">
    <p class='ocr_par' dir='ltr' id='par_1_73' title="bbox 2092 1575 3662 1648">
     <span class='ocr_line' id='line_1_73' title="bbox 2092 1575 3662 1648; baseline 0.002 -19"><span class='ocrx_word' id='word_1_518' title='bbox 2092 1575 2210 1646; x_wconf 85' lang='grc' dir='ltr'>θείη</span> <span class='ocrx_word' id='word_1_519' title='bbox 2265 1577 2416 1647; x_wconf 83' lang='grc' dir='ltr'>παρὰ</span> <span class='ocrx_word' id='word_1_520' title='bbox 2460 1577 2530 1629; x_wconf 83' lang='grc' dir='ltr'><strong>τὰ</strong></span> <span class='ocrx_word' id='word_1_521' title='bbox 2578 1575 3034 1648; x_wconf 85' lang='grc' dir='ltr'>προστεταγμένοι</span> <span class='ocrx_word' id='word_1_522' title='bbox 3071 1576 3261 1639; x_wconf 83' lang='grc' dir='ltr'>ποιῶν,</span> <span class='ocrx_word' id='word_1_523' title='bbox 3297 1575 3662 1645; x_wconf 74' lang='grc' dir='ltr'>ἀφοριςέσθω.</span> 
     </span>
    </p>
   </div>
   <div class='ocr_carea' id='block_1_74' title="bbox 2156 1666 3664 1738">
    <p class='ocr_par' dir='ltr' id='par_1_74' title="bbox 2156 1666 3664 1738">
     <span class='ocr_line' id='line_1_74' title="bbox 2156 1666 3664 1738; baseline 0.001 -19"><span class='ocrx_word' id='word_1_524' title='bbox 2156 1667 2256 1730; x_wconf 80' lang='grc' dir='ltr'>λζ’.</span> <span class='ocrx_word' id='word_1_525' title='bbox 2309 1668 2525 1736; x_wconf 84' lang='grc' dir='ltr'>Ἐπειδὴ</span> <span class='ocrx_word' id='word_1_526' title='bbox 2564 1666 2706 1720; x_wconf 83' lang='grc' dir='ltr'>κατὰ</span> <span class='ocrx_word' id='word_1_527' title='bbox 2737 1666 3028 1736; x_wconf 84' lang='grc' dir='ltr'>διαφόρους</span> <span class='ocrx_word' id='word_1_528' title='bbox 3071 1669 3296 1736; x_wconf 79' lang='grc' dir='ltr'>καιροὺς</span> <span class='ocrx_word' id='word_1_529' title='bbox 3328 1667 3664 1738; x_wconf 71' lang='grc' dir='ltr'>βαρϐαρικαὶ</span> 
     </span>
    </p>
   </div>
   <div class='ocr_carea' id='block_1_75' title="bbox 2087 1757 3664 1828">
    <p class='ocr_par' dir='ltr' id='par_1_75' title="bbox 2087 1757 3664 1828">
     <span class='ocr_line' id='line_1_75' title="bbox 2087 1757 3664 1828; baseline 0 -16"><span class='ocrx_word' id='word_1_530' title='bbox 2087 1760 2372 1827; x_wconf 84' lang='grc' dir='ltr'>γεγόνασιν</span> <span class='ocrx_word' id='word_1_531' title='bbox 2389 1759 2586 1828; x_wconf 76' lang='grc' dir='ltr'>ἔφοδοι,</span> <span class='ocrx_word' id='word_1_532' title='bbox 2615 1760 2710 1812; x_wconf 71' lang='grc' dir='ltr'><strong>καὶ</strong></span> <span class='ocrx_word' id='word_1_533' title='bbox 2743 1758 2990 1812; x_wconf 85' lang='grc' dir='ltr'>πλεῖσται</span> <span class='ocrx_word' id='word_1_534' title='bbox 3024 1759 3204 1821; x_wconf 80' lang='grc' dir='ltr'>πόλεις</span> <span class='ocrx_word' id='word_1_535' title='bbox 3237 1757 3490 1811; x_wconf 77' lang='grc' dir='ltr'>ἐντεῦθεν</span> <span class='ocrx_word' id='word_1_536' title='bbox 3530 1759 3664 1812; x_wconf 69' lang='grc' dir='ltr'>ἰπο-</span> 
     </span>
    </p>
   </div>
   <div class='ocr_carea' id='block_1_76' title="bbox 2089 1851 3662 1922">
    <p class='ocr_par' dir='ltr' id='par_1_76' title="bbox 2089 1851 3662 1922">
     <span class='ocr_line' id='line_1_76' title="bbox 2089 1851 3662 1922; baseline 0 -20"><span class='ocrx_word' id='word_1_537' title='bbox 2089 1852 2283 1922; x_wconf 89' lang='grc' dir='ltr'>χείριοι</span> <span class='ocrx_word' id='word_1_538' title='bbox 2325 1854 2438 1913; x_wconf 85' lang='grc' dir='ltr'>τοῖς</span> <span class='ocrx_word' id='word_1_539' title='bbox 2466 1852 2688 1920; x_wconf 78' lang='grc' dir='ltr'>ἀνόμοις</span> <span class='ocrx_word' id='word_1_540' title='bbox 2744 1851 3109 1917; x_wconf 76' lang='grc' dir='ltr'>κατέστησαν,</span> <span class='ocrx_word' id='word_1_541' title='bbox 3154 1851 3228 1913; x_wconf 84' lang='grc' dir='ltr'>ὡς</span> <span class='ocrx_word' id='word_1_542' title='bbox 3285 1851 3540 1903; x_wconf 77' lang='grc' dir='ltr'>ἐντεῦθεν</span> <span class='ocrx_word' id='word_1_543' title='bbox 3589 1851 3662 1920; x_wconf 65' lang='grc' dir='ltr'>μὴ</span> 
     </span>
    </p>
   </div>
   <div class='ocr_carea' id='block_1_77' title="bbox 2088 1943 3660 2013">
    <p class='ocr_par' dir='ltr' id='par_1_77' title="bbox 2088 1943 3660 2013">
     <span class='ocr_line' id='line_1_77' title="bbox 2088 1943 3660 2013; baseline 0.001 -18"><span class='ocrx_word' id='word_1_544' title='bbox 2088 1943 2381 2012; x_wconf 81' lang='grc' dir='ltr'>δυνηθῆναι</span> <span class='ocrx_word' id='word_1_545' title='bbox 2413 1945 2502 1995; x_wconf 77' lang='grc' dir='ltr'><strong>τὸν</strong></span> <span class='ocrx_word' id='word_1_546' title='bbox 2530 1944 2628 2012; x_wconf 80' lang='grc' dir='ltr'><strong>τῆς</strong></span> <span class='ocrx_word' id='word_1_547' title='bbox 2659 1943 2917 2013; x_wconf 83' lang='grc' dir='ltr'>τοιαύτης</span> <span class='ocrx_word' id='word_1_548' title='bbox 2973 1945 3180 2005; x_wconf 84' lang='grc' dir='ltr'>πόλεως</span> <span class='ocrx_word' id='word_1_549' title='bbox 3211 1943 3474 2013; x_wconf 83' lang='grc' dir='ltr'>πρόεδρον</span> <span class='ocrx_word' id='word_1_550' title='bbox 3523 1944 3660 2013; x_wconf 71' lang='grc' dir='ltr'>μετὰ</span> 
     </span>
    </p>
   </div>
   <div class='ocr_carea' id='block_1_78' title="bbox 2088 2033 3657 2105">
    <p class='ocr_par' dir='ltr' id='par_1_78' title="bbox 2088 2033 3657 2105">
     <span class='ocr_line' id='line_1_78' title="bbox 2088 2033 3657 2105; baseline 0 -19"><span class='ocrx_word' id='word_1_551' title='bbox 2088 2035 2186 2105; x_wconf 82' lang='grc' dir='ltr'><strong>τὴν</strong></span> <span class='ocrx_word' id='word_1_552' title='bbox 2217 2034 2303 2086; x_wconf 74' lang='grc' dir='ltr'><strong>ἐπ’</strong></span> <span class='ocrx_word' id='word_1_553' title='bbox 2333 2034 2479 2104; x_wconf 79' lang='grc' dir='ltr'>αὐτῷ</span> <span class='ocrx_word' id='word_1_554' title='bbox 2513 2033 2864 2104; x_wconf 81' lang='grc' dir='ltr'>χειροτονίαν,</span> <span class='ocrx_word' id='word_1_555' title='bbox 2906 2034 2997 2086; x_wconf 79' lang='grc' dir='ltr'><strong>τὸν</strong></span> <span class='ocrx_word' id='word_1_556' title='bbox 3030 2036 3227 2086; x_wconf 85' lang='grc' dir='ltr'>οἰκεῖον</span> <span class='ocrx_word' id='word_1_557' title='bbox 3257 2034 3446 2103; x_wconf 86' lang='grc' dir='ltr'>θρόνον</span> <span class='ocrx_word' id='word_1_558' title='bbox 3491 2051 3657 2086; x_wconf 82' lang='grc' dir='ltr'>κατα-</span> 
     </span>
    </p>
   </div>
   <div class='ocr_carea' id='block_1_79' title="bbox 2087 2124 3660 2196">
    <p class='ocr_par' dir='ltr' id='par_1_79' title="bbox 2087 2124 3660 2196">
     <span class='ocr_line' id='line_1_79' title="bbox 2087 2124 3660 2196; baseline -0.002 -18"><span class='ocrx_word' id='word_1_559' title='bbox 2087 2125 2304 2188; x_wconf 77' lang='grc' dir='ltr'>λαϐεῖν,</span> <span class='ocrx_word' id='word_1_560' title='bbox 2339 2126 2432 2178; x_wconf 80' lang='grc' dir='ltr'>καὶ</span> <span class='ocrx_word' id='word_1_561' title='bbox 2463 2127 2519 2176; x_wconf 78' lang='grc' dir='ltr'><strong>ἐν</strong></span> <span class='ocrx_word' id='word_1_562' title='bbox 2570 2124 2719 2194; x_wconf 82' lang='grc' dir='ltr'>αὑτῷ</span> <span class='ocrx_word' id='word_1_563' title='bbox 2771 2127 3014 2196; x_wconf 83' lang='grc' dir='ltr'>ἱερατικῇ</span> <span class='ocrx_word' id='word_1_564' title='bbox 3052 2125 3382 2178; x_wconf 80' lang='grc' dir='ltr'>καταστάσει</span> <span class='ocrx_word' id='word_1_565' title='bbox 3416 2124 3660 2194; x_wconf 83' lang='grc' dir='ltr'>ὲνιδρυν-</span> 
     </span>
    </p>
   </div>
   <div class='ocr_carea' id='block_1_80' title="bbox 2090 2216 3659 2286">
    <p class='ocr_par' dir='ltr' id='par_1_80' title="bbox 2090 2216 3659 2286">
     <span class='ocr_line' id='line_1_80' title="bbox 2090 2216 3659 2286; baseline -0.002 -16"><span class='ocrx_word' id='word_1_566' title='bbox 2090 2217 2269 2285; x_wconf 82' lang='grc' dir='ltr'>θῆναι,</span> <span class='ocrx_word' id='word_1_567' title='bbox 2304 2219 2398 2269; x_wconf 78' lang='grc' dir='ltr'><strong>καὶ</strong></span> <span class='ocrx_word' id='word_1_568' title='bbox 2449 2217 2590 2269; x_wconf 74' lang='grc' dir='ltr'>οὕτω</span> <span class='ocrx_word' id='word_1_569' title='bbox 2638 2217 2779 2269; x_wconf 82' lang='grc' dir='ltr'>κατὰ</span> <span class='ocrx_word' id='word_1_570' title='bbox 2808 2217 2865 2268; x_wconf 78' lang='grc' dir='ltr'><strong>τὸ</strong></span> <span class='ocrx_word' id='word_1_571' title='bbox 2890 2217 3173 2286; x_wconf 83' lang='grc' dir='ltr'>κρατῆσαν</span> <span class='ocrx_word' id='word_1_572' title='bbox 3212 2216 3331 2275; x_wconf 83' lang='grc' dir='ltr'>έθος</span> <span class='ocrx_word' id='word_1_573' title='bbox 3357 2218 3456 2278; x_wconf 75' lang='grc' dir='ltr'>τὰς</span> <span class='ocrx_word' id='word_1_574' title='bbox 3487 2233 3659 2285; x_wconf 78' lang='grc' dir='ltr'><strong>χειρο⁶</strong></span> 
     </span>
    </p>
   </div>
   <div class='ocr_carea' id='block_1_81' title="bbox 2087 2307 3660 2379">
    <p class='ocr_par' dir='ltr' id='par_1_81' title="bbox 2087 2307 3660 2379">
     <span class='ocr_line' id='line_1_81' title="bbox 2087 2307 3660 2379; baseline -0.003 -17"><span class='ocrx_word' id='word_1_575' title='bbox 2087 2311 2289 2373; x_wconf 84' lang='grc' dir='ltr'>τονίας,</span> <span class='ocrx_word' id='word_1_576' title='bbox 2315 2311 2408 2362; x_wconf 75' lang='grc' dir='ltr'>καὶ</span> <span class='ocrx_word' id='word_1_577' title='bbox 2439 2309 2615 2361; x_wconf 81' lang='grc' dir='ltr'>πάντα</span> <span class='ocrx_word' id='word_1_578' title='bbox 2645 2308 2680 2363; x_wconf 80' lang='grc' dir='ltr'><strong>ἃ.</strong></span> <span class='ocrx_word' id='word_1_579' title='bbox 2720 2309 2797 2379; x_wconf 81' lang='grc' dir='ltr'>τῷ</span> <span class='ocrx_word' id='word_1_580' title='bbox 2828 2309 3110 2377; x_wconf 83' lang='grc' dir='ltr'>έπισκόπῳ</span> <span class='ocrx_word' id='word_1_581' title='bbox 3168 2309 3361 2378; x_wconf 84' lang='grc' dir='ltr'>ἀνήκει</span> <span class='ocrx_word' id='word_1_582' title='bbox 3398 2307 3660 2379; x_wconf 84' lang='grc' dir='ltr'>πράττειν</span> 
     </span>
    </p>
   </div>
   <div class='ocr_carea' id='block_1_82' title="bbox 2087 2399 3660 2471">
    <p class='ocr_par' dir='ltr' id='par_1_82' title="bbox 2087 2399 3660 2471">
     <span class='ocr_line' id='line_1_82' title="bbox 2087 2399 3660 2471; baseline -0.001 -17"><span class='ocrx_word' id='word_1_583' title='bbox 2087 2418 2146 2454; x_wconf 86' lang='grc' dir='ltr'><strong>τε</strong></span> <span class='ocrx_word' id='word_1_584' title='bbox 2172 2402 2265 2454; x_wconf 78' lang='grc' dir='ltr'><strong>καὶ</strong></span> <span class='ocrx_word' id='word_1_585' title='bbox 2298 2401 2790 2471; x_wconf 76' lang='grc' dir='ltr'>μεταχειρίζεσθαι,</span> <span class='ocrx_word' id='word_1_586' title='bbox 2823 2402 2985 2470; x_wconf 83' lang='grc' dir='ltr'>ἡμεῖς</span> <span class='ocrx_word' id='word_1_587' title='bbox 3011 2399 3071 2451; x_wconf 82' lang='grc' dir='ltr'><strong>τὸ</strong></span> <span class='ocrx_word' id='word_1_588' title='bbox 3119 2400 3300 2468; x_wconf 56' lang='grc' dir='ltr'>τίμιον</span> <span class='ocrx_word' id='word_1_589' title='bbox 3351 2401 3444 2452; x_wconf 77' lang='grc' dir='ltr'><strong>καὶ</strong></span> <span class='ocrx_word' id='word_1_590' title='bbox 3502 2399 3660 2452; x_wconf 78' lang='grc' dir='ltr'>σεϐά-</span> 
     </span>
    </p>
   </div>
   <div class='ocr_carea' id='block_1_83' title="bbox 2092 2490 3662 2564">
    <p class='ocr_par' dir='ltr' id='par_1_83' title="bbox 2092 2490 3662 2564">
     <span class='ocr_line' id='line_1_83' title="bbox 2092 2490 3662 2564; baseline -0.002 -19"><span class='ocrx_word' id='word_1_591' title='bbox 2092 2510 2248 2562; x_wconf 86' lang='grc' dir='ltr'>σμιον</span> <span class='ocrx_word' id='word_1_592' title='bbox 2281 2496 2345 2562; x_wconf 83' lang='grc' dir='ltr'>τῇ</span> <span class='ocrx_word' id='word_1_593' title='bbox 2377 2492 2645 2564; x_wconf 79' lang='grc' dir='ltr'>ἱερωσύνῃ</span> <span class='ocrx_word' id='word_1_594' title='bbox 2696 2493 3071 2561; x_wconf 84' lang='grc' dir='ltr'>φυλάττοντες.</span> <span class='ocrx_word' id='word_1_595' title='bbox 3111 2493 3204 2544; x_wconf 76' lang='grc' dir='ltr'>καὶ</span> <span class='ocrx_word' id='word_1_596' title='bbox 3237 2490 3504 2562; x_wconf 76' lang='grc' dir='ltr'>μηδαμῶς</span> <span class='ocrx_word' id='word_1_597' title='bbox 3528 2490 3662 2560; x_wconf 65' lang='grc' dir='ltr'>πρὸς</span> 
     </span>
    </p>
   </div>
   <div class='ocr_carea' id='block_1_84' title="bbox 2088 2581 3661 2651">
    <p class='ocr_par' dir='ltr' id='par_1_84' title="bbox 2088 2581 3661 2651">
     <span class='ocr_line' id='line_1_84' title="bbox 2088 2581 3661 2651; baseline -0.001 -17"><span class='ocrx_word' id='word_1_598' title='bbox 2088 2583 2264 2651; x_wconf 87' lang='grc' dir='ltr'>λύμην</span> <span class='ocrx_word' id='word_1_599' title='bbox 2327 2583 2435 2634; x_wconf 82' lang='grc' dir='ltr'>τῶν</span> <span class='ocrx_word' id='word_1_600' title='bbox 2482 2583 2950 2651; x_wconf 81' lang='grc' dir='ltr'>ἐκκλησιαστικῶν</span> <span class='ocrx_word' id='word_1_601' title='bbox 3000 2582 3242 2642; x_wconf 84' lang='grc' dir='ltr'>δικαίων,</span> <span class='ocrx_word' id='word_1_602' title='bbox 3288 2585 3387 2650; x_wconf 82' lang='grc' dir='ltr'>τὴν</span> <span class='ocrx_word' id='word_1_603' title='bbox 3440 2581 3661 2649; x_wconf 82' lang='grc' dir='ltr'>ἑθνικὴν</span> 
     </span>
    </p>
   </div>
   <div class='ocr_carea' id='block_1_85' title="bbox 2088 2673 3661 2744">
    <p class='ocr_par' dir='ltr' id='par_1_85' title="bbox 2088 2673 3661 2744">
     <span class='ocr_line' id='line_1_85' title="bbox 2088 2673 3661 2744; baseline -0.002 -18"><span class='ocrx_word' id='word_1_604' title='bbox 2088 2675 2350 2742; x_wconf 78' lang='grc' dir='ltr'>ἐπήρειαν</span> <span class='ocrx_word' id='word_1_605' title='bbox 2385 2673 2722 2742; x_wconf 70' lang='grc' dir='ltr'>ἐνεργεῖσθαι</span> <span class='ocrx_word' id='word_1_606' title='bbox 2754 2674 3094 2744; x_wconf 77' lang='grc' dir='ltr'>βουλόμενοι,</span> <span class='ocrx_word' id='word_1_607' title='bbox 3126 2676 3239 2737; x_wconf 88' lang='grc' dir='ltr'>τοῖς</span> <span class='ocrx_word' id='word_1_608' title='bbox 3301 2673 3441 2726; x_wconf 73' lang='grc' dir='ltr'>οὕτω</span> <span class='ocrx_word' id='word_1_609' title='bbox 3488 2691 3661 2742; x_wconf 86' lang='grc' dir='ltr'>χε-ρο-</span> 
     </span>
    </p>
   </div>
   <div class='ocr_carea' id='block_1_86' title="bbox 2087 2765 3661 2836">
    <p class='ocr_par' dir='ltr' id='par_1_86' title="bbox 2087 2765 3661 2836">
     <span class='ocr_line' id='line_1_86' title="bbox 2087 2765 3661 2836; baseline -0.003 -18"><span class='ocrx_word' id='word_1_610' title='bbox 2087 2766 2374 2834; x_wconf 84' lang='grc' dir='ltr'>τονηθεῖσι,</span> <span class='ocrx_word' id='word_1_611' title='bbox 2407 2767 2498 2817; x_wconf 78' lang='grc' dir='ltr'><strong>καὶ</strong></span> <span class='ocrx_word' id='word_1_612' title='bbox 2527 2765 2613 2818; x_wconf 73' lang='grc' dir='ltr'>διὰ</span> <span class='ocrx_word' id='word_1_613' title='bbox 2645 2767 2742 2833; x_wconf 78' lang='grc' dir='ltr'><strong>τὴν</strong></span> <span class='ocrx_word' id='word_1_614' title='bbox 2797 2767 3172 2836; x_wconf 82' lang='grc' dir='ltr'>προκειμένην</span> <span class='ocrx_word' id='word_1_615' title='bbox 3227 2765 3408 2817; x_wconf 79' lang='grc' dir='ltr'>αἰτίαν</span> <span class='ocrx_word' id='word_1_616' title='bbox 3448 2765 3506 2816; x_wconf 83' lang='grc' dir='ltr'>ὲν</span> <span class='ocrx_word' id='word_1_617' title='bbox 3549 2765 3661 2824; x_wconf 82' lang='grc' dir='ltr'>τοῖς</span> 
     </span>
    </p>
   </div>
   <div class='ocr_carea' id='block_1_87' title="bbox 2091 2856 3660 2925">
    <p class='ocr_par' dir='ltr' id='par_1_87' title="bbox 2091 2856 3660 2925">
     <span class='ocr_line' id='line_1_87' title="bbox 2091 2856 3660 2925; baseline -0.004 -16"><span class='ocrx_word' id='word_1_618' title='bbox 2091 2857 2299 2910; x_wconf 82' lang='grc' dir='ltr'>ἑαυτῶν</span> <span class='ocrx_word' id='word_1_619' title='bbox 2331 2856 2405 2925; x_wconf 82' lang='grc' dir='ltr'>μὴ</span> <span class='ocrx_word' id='word_1_620' title='bbox 2447 2856 2815 2923; x_wconf 80' lang='grc' dir='ltr'>ὲγκαταστᾶσι</span> <span class='ocrx_word' id='word_1_621' title='bbox 2860 2857 3089 2921; x_wconf 81' lang='grc' dir='ltr'>θρόνοις,</span> <span class='ocrx_word' id='word_1_622' title='bbox 3121 2858 3187 2908; x_wconf 85' lang='grc' dir='ltr'><strong>τὸ</strong></span> <span class='ocrx_word' id='word_1_623' title='bbox 3237 2856 3533 2923; x_wconf 84' lang='grc' dir='ltr'>ἀπόκριτον</span> <span class='ocrx_word' id='word_1_624' title='bbox 3563 2870 3660 2923; x_wconf 75' lang='grc' dir='ltr'><strong>τηο</strong></span> 
     </span>
    </p>
   </div>
   <div class='ocr_carea' id='block_1_88' title="bbox 2093 2946 3662 3020">
    <p class='ocr_par' dir='ltr' id='par_1_88' title="bbox 2093 2946 3662 3020">
     <span class='ocr_line' id='line_1_88' title="bbox 2093 2946 3662 3020; baseline -0.001 -19"><span class='ocrx_word' id='word_1_625' title='bbox 2093 2950 2299 3020; x_wconf 90' lang='grc' dir='ltr'>ρεῖσθαι</span> <span class='ocrx_word' id='word_1_626' title='bbox 2332 2946 2753 3017; x_wconf 87' lang='grc' dir='ltr'>συνεωράκαμεν</span> <span class='ocrx_word' id='word_1_627' title='bbox 2792 2963 2806 2976; x_wconf 75' lang='grc' dir='ltr'><strong>ο</strong></span> <span class='ocrx_word' id='word_1_628' title='bbox 2843 2947 2982 3000; x_wconf 83' lang='grc' dir='ltr'>ὥστε</span> <span class='ocrx_word' id='word_1_629' title='bbox 3029 2949 3124 3001; x_wconf 74' lang='grc' dir='ltr'>καὶ</span> <span class='ocrx_word' id='word_1_630' title='bbox 3161 2948 3496 3018; x_wconf 84' lang='grc' dir='ltr'>χειροτονίας</span> <span class='ocrx_word' id='word_1_631' title='bbox 3532 2947 3662 3017; x_wconf 83' lang='grc' dir='ltr'>κλη-</span> 
     </span>
    </p>
   </div>
   <div class='ocr_carea' id='block_1_89' title="bbox 2091 3038 3663 3110">
    <p class='ocr_par' dir='ltr' id='par_1_89' title="bbox 2091 3038 3663 3110">
     <span class='ocr_line' id='line_1_89' title="bbox 2091 3038 3663 3110; baseline -0.002 -18"><span class='ocrx_word' id='word_1_632' title='bbox 2091 3041 2258 3110; x_wconf 83' lang='grc' dir='ltr'>ρικὼν</span> <span class='ocrx_word' id='word_1_633' title='bbox 2285 3038 2556 3106; x_wconf 83' lang='grc' dir='ltr'>διαφόρων</span> <span class='ocrx_word' id='word_1_634' title='bbox 2591 3039 2893 3100; x_wconf 86' lang='grc' dir='ltr'>κανονικῶς</span> <span class='ocrx_word' id='word_1_635' title='bbox 2938 3042 3131 3103; x_wconf 85' lang='grc' dir='ltr'>ποιεῖν,</span> <span class='ocrx_word' id='word_1_636' title='bbox 3174 3039 3268 3092; x_wconf 76' lang='grc' dir='ltr'>καὶ</span> <span class='ocrx_word' id='word_1_637' title='bbox 3300 3040 3366 3107; x_wconf 84' lang='grc' dir='ltr'>τῇ</span> <span class='ocrx_word' id='word_1_638' title='bbox 3401 3039 3500 3106; x_wconf 82' lang='grc' dir='ltr'>τῆς</span> <span class='ocrx_word' id='word_1_639' title='bbox 3532 3054 3663 3108; x_wconf 84' lang='grc' dir='ltr'>προ-</span> 
     </span>
    </p>
   </div>
   <div class='ocr_carea' id='block_1_90' title="bbox 2015 3125 3661 3204">
    <p class='ocr_par' dir='ltr' id='par_1_90' title="bbox 2015 3125 3661 3204">
     <span class='ocr_line' id='line_1_90' title="bbox 2015 3125 3661 3204; baseline -0.001 -24"><span class='ocrx_word' id='word_1_640' title='bbox 2015 3146 2057 3204; x_wconf 78' lang='lat' dir='ltr'><strong><em>C</em></strong></span> <span class='ocrx_word' id='word_1_641' title='bbox 2091 3128 2269 3197; x_wconf 77' lang='grc' dir='ltr'>εδρίας</span> <span class='ocrx_word' id='word_1_642' title='bbox 2294 3125 2547 3196; x_wconf 81' lang='grc' dir='ltr'>αὐθεντίᾳ</span> <span class='ocrx_word' id='word_1_643' title='bbox 2579 3126 2720 3179; x_wconf 85' lang='grc' dir='ltr'>κατὰ</span> <span class='ocrx_word' id='word_1_644' title='bbox 2757 3126 2848 3178; x_wconf 79' lang='grc' dir='ltr'><strong>τὸν</strong></span> <span class='ocrx_word' id='word_1_645' title='bbox 2879 3128 3007 3180; x_wconf 80' lang='grc' dir='ltr'>ἴδιον</span> <span class='ocrx_word' id='word_1_646' title='bbox 3037 3129 3161 3197; x_wconf 83' lang='grc' dir='ltr'>ὅρον</span> <span class='ocrx_word' id='word_1_647' title='bbox 3193 3127 3518 3198; x_wconf 81' lang='grc' dir='ltr'>κεχρῆσθαι.</span> <span class='ocrx_word' id='word_1_648' title='bbox 3570 3127 3661 3179; x_wconf 78' lang='grc' dir='ltr'><strong>καὶ</strong></span> 
     </span>
    </p>
   </div>
   <div class='ocr_carea' id='block_1_91' title="bbox 2094 3216 3660 3291">
    <p class='ocr_par' dir='ltr' id='par_1_91' title="bbox 2094 3216 3660 3291">
     <span class='ocr_line' id='line_1_91' title="bbox 2094 3216 3660 3291; baseline -0.002 -20"><span class='ocrx_word' id='word_1_649' title='bbox 2094 3220 2316 3289; x_wconf 74' lang='grc' dir='ltr'>βεϐαίαν</span> <span class='ocrx_word' id='word_1_650' title='bbox 2377 3221 2469 3272; x_wconf 82' lang='grc' dir='ltr'><strong>καὶ</strong></span> <span class='ocrx_word' id='word_1_651' title='bbox 2521 3221 2918 3291; x_wconf 82' lang='grc' dir='ltr'>νενομισμένην</span> <span class='ocrx_word' id='word_1_652' title='bbox 2964 3216 3104 3272; x_wconf 82' lang='grc' dir='ltr'>εἶναι</span> <span class='ocrx_word' id='word_1_653' title='bbox 3145 3221 3322 3272; x_wconf 78' lang='grc' dir='ltr'>πᾶσαν</span> <span class='ocrx_word' id='word_1_654' title='bbox 3358 3220 3448 3271; x_wconf 78' lang='grc' dir='ltr'><strong>ὑπ’</strong></span> <span class='ocrx_word' id='word_1_655' title='bbox 3487 3218 3660 3272; x_wconf 79' lang='grc' dir='ltr'>αὐτῶν</span> 
     </span>
    </p>
   </div>
   <div class='ocr_carea' id='block_1_92' title="bbox 2093 3309 3662 3384">
    <p class='ocr_par' dir='ltr' id='par_1_92' title="bbox 2093 3309 3662 3384">
     <span class='ocr_line' id='line_1_92' title="bbox 2093 3309 3662 3384; baseline -0.002 -20"><span class='ocrx_word' id='word_1_656' title='bbox 2093 3313 2390 3383; x_wconf 77' lang='grc' dir='ltr'>προϊοῦσαν</span> <span class='ocrx_word' id='word_1_657' title='bbox 2434 3314 2718 3384; x_wconf 85' lang='grc' dir='ltr'>διοίκησιν.</span> <span class='ocrx_word' id='word_1_658' title='bbox 2772 3314 2846 3366; x_wconf 82' lang='grc' dir='ltr'><strong>Οὐ</strong></span> <span class='ocrx_word' id='word_1_659' title='bbox 2891 3312 3000 3383; x_wconf 81' lang='grc' dir='ltr'><strong>γὰρ</strong></span> <span class='ocrx_word' id='word_1_660' title='bbox 3033 3312 3137 3364; x_wconf 81' lang='grc' dir='ltr'><strong>ὑπὸ</strong></span> <span class='ocrx_word' id='word_1_661' title='bbox 3161 3311 3255 3363; x_wconf 83' lang='grc' dir='ltr'>τοῦ</span> <span class='ocrx_word' id='word_1_662' title='bbox 3285 3309 3386 3379; x_wconf 78' lang='grc' dir='ltr'>τῆς</span> <span class='ocrx_word' id='word_1_663' title='bbox 3423 3311 3662 3378; x_wconf 78' lang='grc' dir='ltr'>ἀνάγκης</span> 
     </span>
    </p>
   </div>
   <div class='ocr_carea' id='block_1_93' title="bbox 2096 3403 3659 3476">
    <p class='ocr_par' dir='ltr' id='par_1_93' title="bbox 2096 3403 3659 3476">
     <span class='ocr_line' id='line_1_93' title="bbox 2096 3403 3659 3476; baseline -0.003 -18"><span class='ocrx_word' id='word_1_664' title='bbox 2096 3405 2289 3472; x_wconf 83' lang='grc' dir='ltr'>καιροῦ</span> <span class='ocrx_word' id='word_1_665' title='bbox 2319 3406 2755 3476; x_wconf 70' lang='grc' dir='ltr'>περιγραφείσης</span> <span class='ocrx_word' id='word_1_666' title='bbox 2788 3407 2886 3474; x_wconf 85' lang='grc' dir='ltr'>τῆς</span> <span class='ocrx_word' id='word_1_667' title='bbox 2924 3404 3232 3473; x_wconf 78' lang='grc' dir='ltr'>ἀκριϐείας,</span> <span class='ocrx_word' id='word_1_668' title='bbox 3265 3405 3294 3456; x_wconf 90' lang='lat'><strong>6</strong></span> <span class='ocrx_word' id='word_1_669' title='bbox 3329 3403 3429 3473; x_wconf 81' lang='grc' dir='ltr'>τῆς</span> <span class='ocrx_word' id='word_1_670' title='bbox 3460 3403 3659 3456; x_wconf 84' lang='grc' dir='ltr'>οἰκονο-</span> 
     </span>
    </p>
   </div>
   <div class='ocr_carea' id='block_1_94' title="bbox 2097 3498 2893 3569">
    <p class='ocr_par' dir='ltr' id='par_1_94' title="bbox 2097 3498 2893 3569">
     <span class='ocr_line' id='line_1_94' title="bbox 2097 3498 2893 3569; baseline -0.001 -18"><span class='ocrx_word' id='word_1_671' title='bbox 2097 3499 2229 3568; x_wconf 87' lang='grc' dir='ltr'>μίας</span> <span class='ocrx_word' id='word_1_672' title='bbox 2250 3498 2372 3568; x_wconf 87' lang='grc' dir='ltr'>ὅρος</span> <span class='ocrx_word' id='word_1_673' title='bbox 2395 3498 2893 3569; x_wconf 86' lang='grc' dir='ltr'>περιορισθήσεται.</span> 
     </span>
    </p>
   </div>
   <div class='ocr_carea' id='block_1_95' title="bbox 2091 3631 3660 3701">
    <p class='ocr_par' dir='ltr' id='par_1_95' title="bbox 2091 3631 3660 3701">
     <span class='ocr_line' id='line_1_95' title="bbox 2091 3631 3660 3701; baseline -0.006 -10"><span class='ocrx_word' id='word_1_674' title='bbox 2091 3637 2362 3691; x_wconf 75' lang='grc' dir='ltr'>Συνόδου</span> <span class='ocrx_word' id='word_1_675' title='bbox 2396 3643 2445 3688; x_wconf 87' lang='grc' dir='ltr'>α’</span> <span class='ocrx_word' id='word_1_676' title='bbox 2492 3633 2588 3686; x_wconf 72' lang='grc' dir='ltr'>καὶ</span> <span class='ocrx_word' id='word_1_677' title='bbox 2609 3635 2671 3698; x_wconf 74' lang='grc' dir='ltr'>,θ’</span> <span class='ocrx_word' id='word_1_678' title='bbox 2698 3631 3212 3701; x_wconf 76' lang='grc' dir='ltr'>συγκροτηθείσης</span> <span class='ocrx_word' id='word_1_679' title='bbox 3249 3631 3318 3701; x_wconf 70' lang='grc' dir='ltr'><strong>ἐν</strong></span> <span class='ocrx_word' id='word_1_680' title='bbox 3348 3633 3660 3684; x_wconf 73' lang='grc' dir='ltr'>Κωνσταν-</span> 
     </span>
    </p>
   </div>
   <div class='ocr_carea' id='block_1_96' title="bbox 2162 3700 3659 3772">
    <p class='ocr_par' dir='ltr' id='par_1_96' title="bbox 2162 3700 3659 3772">
     <span class='ocr_line' id='line_1_96' title="bbox 2162 3700 3659 3772; baseline -0.007 -12"><span class='ocrx_word' id='word_1_681' title='bbox 2162 3707 2502 3760; x_wconf 79' lang='grc' dir='ltr'>τινουπόλει</span> <span class='ocrx_word' id='word_1_682' title='bbox 2530 3705 2598 3756; x_wconf 74' lang='grc' dir='ltr'><strong>ἐν</strong></span> <span class='ocrx_word' id='word_1_683' title='bbox 2616 3703 2694 3768; x_wconf 86' lang='grc' dir='ltr'>τῴ</span> <span class='ocrx_word' id='word_1_684' title='bbox 2721 3700 2860 3772; x_wconf 75' lang='grc' dir='ltr'>ινιιῷ</span> <span class='ocrx_word' id='word_1_685' title='bbox 2902 3701 3020 3755; x_wconf 82' lang='grc' dir='ltr'><strong>τῶν</strong></span> <span class='ocrx_word' id='word_1_686' title='bbox 3055 3700 3659 3768; x_wconf 74' lang='grc' dir='ltr'>ἈγίωνἈποστόλων</span> 
     </span>
    </p>
   </div>
   <div class='ocr_carea' id='block_1_97' title="bbox 2161 3776 2493 3839">
    <p class='ocr_par' dir='ltr' id='par_1_97' title="bbox 2161 3776 2493 3839">
     <span class='ocr_line' id='line_1_97' title="bbox 2161 3776 2493 3839; baseline -0.006 -9"><span class='ocrx_word' id='word_1_687' title='bbox 2161 3776 2364 3830; x_wconf 80' lang='grc' dir='ltr'>κανὼν</span> <span class='ocrx_word' id='word_1_688' title='bbox 2396 3782 2493 3839; x_wconf 80' lang='grc' dir='ltr'>ις’.</span> 
     </span>
    </p>
   </div>
   <div class='ocr_carea' id='block_1_98' title="bbox 2167 3881 3656 3954">
    <p class='ocr_par' dir='ltr' id='par_1_98' title="bbox 2167 3881 3656 3954">
     <span class='ocr_line' id='line_1_98' title="bbox 2167 3881 3656 3954; baseline -0.005 -13"><span class='ocrx_word' id='word_1_689' title='bbox 2167 3907 2250 3952; x_wconf 78' lang='grc' dir='ltr'>ις.</span> <span class='ocrx_word' id='word_1_690' title='bbox 2287 3887 2385 3940; x_wconf 68' lang='lat' dir='ltr'><strong>Atii</strong></span> <span class='ocrx_word' id='word_1_691' title='bbox 2401 3886 2497 3948; x_wconf 84' lang='grc' dir='ltr'><strong>τὰς</strong></span> <span class='ocrx_word' id='word_1_692' title='bbox 2525 3885 2854 3954; x_wconf 84' lang='grc' dir='ltr'>φιλονεικίας</span> <span class='ocrx_word' id='word_1_693' title='bbox 2877 3900 2936 3935; x_wconf 91' lang='grc' dir='ltr'><strong>τε</strong></span> <span class='ocrx_word' id='word_1_694' title='bbox 2968 3883 3061 3935; x_wconf 70' lang='grc' dir='ltr'><strong>καὶ</strong></span> <span class='ocrx_word' id='word_1_695' title='bbox 3081 3881 3344 3952; x_wconf 79' lang='grc' dir='ltr'>ταραχὰς,</span> <span class='ocrx_word' id='word_1_696' title='bbox 3371 3881 3472 3944; x_wconf 77' lang='grc' dir='ltr'>τὰς</span> <span class='ocrx_word' id='word_1_697' title='bbox 3509 3883 3566 3934; x_wconf 82' lang='grc' dir='ltr'><strong>ἐν</strong></span> <span class='ocrx_word' id='word_1_698' title='bbox 3595 3883 3656 3949; x_wconf 82' lang='grc' dir='ltr'>τῇ</span> 
     </span>
    </p>
   </div>
   <div class='ocr_carea' id='block_1_99' title="bbox 2090 3972 3654 4046">
    <p class='ocr_par' dir='ltr' id='par_1_99' title="bbox 2090 3972 3654 4046">
     <span class='ocr_line' id='line_1_99' title="bbox 2090 3972 3654 4046; baseline -0.008 -12"><span class='ocrx_word' id='word_1_699' title='bbox 2090 3980 2184 4034; x_wconf 81' lang='grc' dir='ltr'>τοῦ</span> <span class='ocrx_word' id='word_1_700' title='bbox 2223 3979 2356 4032; x_wconf 81' lang='grc' dir='ltr'>Θεοῦ</span> <span class='ocrx_word' id='word_1_701' title='bbox 2398 3977 2695 4046; x_wconf 74' lang='grc' dir='ltr'>Ἐκκλησία</span> <span class='ocrx_word' id='word_1_702' title='bbox 2719 3973 3140 4044; x_wconf 79' lang='grc' dir='ltr'>συμῦαινούσας,</span> <span class='ocrx_word' id='word_1_703' title='bbox 3165 3974 3258 4025; x_wconf 73' lang='grc' dir='ltr'><strong>καὶ</strong></span> <span class='ocrx_word' id='word_1_704' title='bbox 3285 3972 3446 4024; x_wconf 78' lang='grc' dir='ltr'>τοῦτο</span> <span class='ocrx_word' id='word_1_705' title='bbox 3485 3972 3654 4042; x_wconf 78' lang='grc' dir='ltr'>ὁρίσαι</span> 
     </span>
    </p>
   </div>
   <div class='ocr_carea' id='block_1_100' title="bbox 2091 4064 3655 4141">
    <p class='ocr_par' dir='ltr' id='par_1_100' title="bbox 2091 4064 3655 4141">
     <span class='ocr_line' id='line_1_100' title="bbox 2091 4064 3655 4141; baseline -0.006 -15"><span class='ocrx_word' id='word_1_706' title='bbox 2091 4071 2386 4141; x_wconf 84' lang='grc' dir='ltr'>ἀναγκαῖόν</span> <span class='ocrx_word' id='word_1_707' title='bbox 2423 4071 2538 4120; x_wconf 81' lang='grc' dir='ltr'>ὲστι</span> <span class='ocrx_word' id='word_1_708' title='bbox 2565 4084 2579 4098; x_wconf 87' lang='grc'>⁶</span> <span class='ocrx_word' id='word_1_709' title='bbox 2614 4068 2706 4120; x_wconf 86' lang='grc' dir='ltr'>τοῦ</span> <span class='ocrx_word' id='word_1_710' title='bbox 2735 4066 2924 4137; x_wconf 81' lang='grc' dir='ltr'>μηδενὶ</span> <span class='ocrx_word' id='word_1_711' title='bbox 2945 4066 3130 4137; x_wconf 87' lang='grc' dir='ltr'>τρόπῳ</span> <span class='ocrx_word' id='word_1_712' title='bbox 3167 4064 3466 4116; x_wconf 74' lang='grc' dir='ltr'>ἐπίσκοπον</span> <span class='ocrx_word' id='word_1_713' title='bbox 3496 4080 3655 4116; x_wconf 85' lang='grc' dir='ltr'>κατα-</span> 
     </span>
    </p>
   </div>
   <div class='ocr_carea' id='block_1_101' title="bbox 2091 4157 3656 4238">
    <p class='ocr_par' dir='ltr' id='par_1_101' title="bbox 2091 4157 3656 4238">
     <span class='ocr_line' id='line_1_101' title="bbox 2091 4157 3656 4238; baseline -0.008 -17"><span class='ocrx_word' id='word_1_714' title='bbox 2091 4171 2281 4238; x_wconf 77' lang='grc' dir='ltr'>στῆναι</span> <span class='ocrx_word' id='word_1_715' title='bbox 2309 4168 2363 4218; x_wconf 80' lang='grc' dir='ltr'><strong>ἑν</strong></span> <span class='ocrx_word' id='word_1_716' title='bbox 2401 4169 2468 4235; x_wconf 83' lang='grc' dir='ltr'>τῇ</span> <span class='ocrx_word' id='word_1_717' title='bbox 2497 4163 2815 4232; x_wconf 77' lang='grc' dir='ltr'>Ἐκκλησία,</span> <span class='ocrx_word' id='word_1_718' title='bbox 2848 4157 2915 4232; x_wconf 74' lang='grc' dir='ltr'>ἧς</span> <span class='ocrx_word' id='word_1_719' title='bbox 2944 4161 3023 4213; x_wconf 74' lang='grc' dir='ltr'>ἔτι</span> <span class='ocrx_word' id='word_1_720' title='bbox 3053 4161 3080 4210; x_wconf 85' lang='lat'><strong>6</strong></span> <span class='ocrx_word' id='word_1_721' title='bbox 3110 4157 3392 4229; x_wconf 87' lang='grc' dir='ltr'>προεστὼς</span> <span class='ocrx_word' id='word_1_722' title='bbox 3439 4157 3528 4228; x_wconf 80' lang='grc' dir='ltr'><strong>ζῇ,</strong></span> <span class='ocrx_word' id='word_1_723' title='bbox 3568 4159 3656 4209; x_wconf 75' lang='grc' dir='ltr'>καὶ</span> 
     </span>
    </p>
   </div>
   <div class='ocr_carea' id='block_1_102' title="bbox 2091 4248 3655 4330">
    <p class='ocr_par' dir='ltr' id='par_1_102' title="bbox 2091 4248 3655 4330">
     <span class='ocr_line' id='line_1_102' title="bbox 2091 4248 3655 4330; baseline -0.008 -17"><span class='ocrx_word' id='word_1_724' title='bbox 2091 4263 2149 4313; x_wconf 87' lang='grc' dir='ltr'><strong>ἑν</strong></span> <span class='ocrx_word' id='word_1_725' title='bbox 2170 4264 2234 4330; x_wconf 82' lang='grc' dir='ltr'>τῇ</span> <span class='ocrx_word' id='word_1_726' title='bbox 2273 4259 2378 4330; x_wconf 80' lang='grc' dir='ltr'>ἰδίᾳ</span> <span class='ocrx_word' id='word_1_727' title='bbox 2408 4257 2722 4309; x_wconf 76' lang='grc' dir='ltr'>συνίσταται</span> <span class='ocrx_word' id='word_1_728' title='bbox 2757 4256 2913 4323; x_wconf 84' lang='grc' dir='ltr'>τιμῇ,</span> <span class='ocrx_word' id='word_1_729' title='bbox 2941 4251 3017 4322; x_wconf 84' lang='grc' dir='ltr'>μὴ</span> <span class='ocrx_word' id='word_1_730' title='bbox 3046 4251 3206 4311; x_wconf 74' lang='grc' dir='ltr'>αὐτὸς</span> <span class='ocrx_word' id='word_1_731' title='bbox 3236 4249 3378 4301; x_wconf 87' lang='grc' dir='ltr'>ἑκὼν</span> <span class='ocrx_word' id='word_1_732' title='bbox 3406 4248 3505 4320; x_wconf 78' lang='grc' dir='ltr'>τὴν</span> <span class='ocrx_word' id='word_1_733' title='bbox 3543 4249 3655 4300; x_wconf 86' lang='grc' dir='ltr'>ἑπι-</span> 
     </span>
    </p>
   </div>
   <div class='ocr_carea' id='block_1_103' title="bbox 2093 4340 3655 4419">
    <p class='ocr_par' dir='ltr' id='par_1_103' title="bbox 2093 4340 3655 4419">
     <span class='ocr_line' id='line_1_103' title="bbox 2093 4340 3655 4419; baseline -0.006 -17"><span class='ocrx_word' id='word_1_734' title='bbox 2093 4353 2299 4418; x_wconf 80' lang='grc' dir='ltr'>σκοπὴν</span> <span class='ocrx_word' id='word_1_735' title='bbox 2332 4350 2726 4419; x_wconf 83' lang='grc' dir='ltr'>παραιτήσεται</span> <span class='ocrx_word' id='word_1_736' title='bbox 2756 4362 2770 4374; x_wconf 85' lang='grc'><strong>·</strong></span> <span class='ocrx_word' id='word_1_737' title='bbox 2803 4345 2907 4414; x_wconf 83' lang='grc' dir='ltr'>χρὴ</span> <span class='ocrx_word' id='word_1_738' title='bbox 2924 4343 3032 4411; x_wconf 76' lang='grc' dir='ltr'>γὰρ</span> <span class='ocrx_word' id='word_1_739' title='bbox 3059 4342 3323 4411; x_wconf 84' lang='grc' dir='ltr'>πρότερον</span> <span class='ocrx_word' id='word_1_740' title='bbox 3355 4340 3455 4409; x_wconf 81' lang='grc' dir='ltr'>τὴν</span> <span class='ocrx_word' id='word_1_741' title='bbox 3485 4341 3655 4392; x_wconf 86' lang='grc' dir='ltr'>αἰτίαν</span> 
     </span>
    </p>
   </div>
   <div class='ocr_carea' id='block_1_104' title="bbox 2019 4430 3655 4526">
    <p class='ocr_par' dir='ltr' id='par_1_104' title="bbox 2019 4430 3655 4526">
     <span class='ocr_line' id='line_1_104' title="bbox 2019 4430 3655 4526; baseline -0.009 -31"><span class='ocrx_word' id='word_1_742' title='bbox 2019 4473 2061 4526; x_wconf 78' lang='lat' dir='ltr'><strong>D</strong></span> <span class='ocrx_word' id='word_1_743' title='bbox 2088 4441 2182 4494; x_wconf 82' lang='grc' dir='ltr'>τοῦ</span> <span class='ocrx_word' id='word_1_744' title='bbox 2215 4441 2496 4511; x_wconf 83' lang='grc' dir='ltr'>μέλλοντος</span> <span class='ocrx_word' id='word_1_745' title='bbox 2527 4438 2625 4506; x_wconf 82' lang='grc' dir='ltr'>τῆς</span> <span class='ocrx_word' id='word_1_746' title='bbox 2679 4433 2983 4502; x_wconf 76' lang='grc' dir='ltr'>ἐπισκοπῆς</span> <span class='ocrx_word' id='word_1_747' title='bbox 3029 4430 3414 4492; x_wconf 82' lang='grc' dir='ltr'>ἑκδιὼκεσθαι,</span> <span class='ocrx_word' id='word_1_748' title='bbox 3447 4445 3655 4482; x_wconf 85' lang='grc' dir='ltr'>κανονι-</span> 
     </span>
    </p>
   </div>
   <div class='ocr_carea' id='block_1_105' title="bbox 2091 4517 3658 4599">
    <p class='ocr_par' dir='ltr' id='par_1_105' title="bbox 2091 4517 3658 4599">
     <span class='ocr_line' id='line_1_105' title="bbox 2091 4517 3658 4599; baseline -0.01 -13"><span class='ocrx_word' id='word_1_749' title='bbox 2091 4533 2198 4596; x_wconf 86' lang='grc' dir='ltr'>κῶς</span> <span class='ocrx_word' id='word_1_750' title='bbox 2243 4530 2632 4599; x_wconf 76' lang='grc' dir='ltr'>ἐξεταζομένην</span> <span class='ocrx_word' id='word_1_751' title='bbox 2676 4530 2754 4589; x_wconf 87' lang='grc' dir='ltr'><strong>εἱς</strong></span> <span class='ocrx_word' id='word_1_752' title='bbox 2802 4525 2975 4594; x_wconf 88' lang='grc' dir='ltr'>πέρας</span> <span class='ocrx_word' id='word_1_753' title='bbox 3026 4523 3255 4591; x_wconf 79' lang='grc' dir='ltr'>ἄγεσθαι</span> <span class='ocrx_word' id='word_1_754' title='bbox 3291 4538 3305 4551; x_wconf 87' lang='grc'><strong>·</strong></span> <span class='ocrx_word' id='word_1_755' title='bbox 3348 4517 3449 4573; x_wconf 82' lang='grc' dir='ltr'>εἷθ’</span> <span class='ocrx_word' id='word_1_756' title='bbox 3489 4520 3658 4579; x_wconf 75' lang='grc' dir='ltr'>οὕτως</span> 
     </span>
    </p>
   </div>
   <div class='ocr_carea' id='block_1_106' title="bbox 2091 4611 3656 4693">
    <p class='ocr_par' dir='ltr' id='par_1_106' title="bbox 2091 4611 3656 4693">
     <span class='ocr_line' id='line_1_106' title="bbox 2091 4611 3656 4693; baseline -0.01 -16"><span class='ocrx_word' id='word_1_757' title='bbox 2091 4625 2231 4693; x_wconf 77' lang='grc' dir='ltr'>μετὰ</span> <span class='ocrx_word' id='word_1_758' title='bbox 2262 4626 2360 4693; x_wconf 82' lang='grc' dir='ltr'>τὴν</span> <span class='ocrx_word' id='word_1_759' title='bbox 2396 4621 2562 4674; x_wconf 77' lang='grc' dir='ltr'>αὑτοῦ</span> <span class='ocrx_word' id='word_1_760' title='bbox 2614 4617 2954 4687; x_wconf 85' lang='grc' dir='ltr'>καθαίρεσιν,</span> <span class='ocrx_word' id='word_1_761' title='bbox 2993 4615 3181 4683; x_wconf 78' lang='grc' dir='ltr'>ἕτερον</span> <span class='ocrx_word' id='word_1_762' title='bbox 3235 4612 3351 4665; x_wconf 82' lang='grc' dir='ltr'>ἀντ’</span> <span class='ocrx_word' id='word_1_763' title='bbox 3380 4611 3550 4664; x_wconf 77' lang='grc' dir='ltr'>αὐτοῦ</span> <span class='ocrx_word' id='word_1_764' title='bbox 3580 4611 3656 4669; x_wconf 86' lang='grc' dir='ltr'><strong>είς</strong></span> 
     </span>
    </p>
   </div>
   <div class='ocr_carea' id='block_1_107' title="bbox 2085 4703 3657 4788">
    <p class='ocr_par' dir='ltr' id='par_1_107' title="bbox 2085 4703 3657 4788">
     <span class='ocr_line' id='line_1_107' title="bbox 2085 4703 3657 4788; baseline -0.011 -18"><span class='ocrx_word' id='word_1_765' title='bbox 2085 4720 2183 4788; x_wconf 82' lang='grc' dir='ltr'>τὴν</span> <span class='ocrx_word' id='word_1_766' title='bbox 2232 4713 2534 4782; x_wconf 74' lang='grc' dir='ltr'>ἐπισκοπὴν</span> <span class='ocrx_word' id='word_1_767' title='bbox 2582 4707 3028 4782; x_wconf 76' lang='grc' dir='ltr'>προϐιϐάζεσθαι.</span> <span class='ocrx_word' id='word_1_768' title='bbox 3066 4707 3128 4758; x_wconf 81' lang='grc' dir='ltr'>Εἰ</span> <span class='ocrx_word' id='word_1_769' title='bbox 3167 4705 3222 4758; x_wconf 86' lang='grc' dir='ltr'><strong>δέ</strong></span> <span class='ocrx_word' id='word_1_770' title='bbox 3246 4721 3330 4765; x_wconf 86' lang='grc' dir='ltr'><strong>τις</strong></span> <span class='ocrx_word' id='word_1_771' title='bbox 3390 4703 3500 4756; x_wconf 85' lang='grc' dir='ltr'><strong>τῶν</strong></span> <span class='ocrx_word' id='word_1_772' title='bbox 3545 4706 3657 4756; x_wconf 78' lang='grc' dir='ltr'>ἑπι-</span> 
     </span>
    </p>
   </div>
   <div class='ocr_carea' id='block_1_108' title="bbox 2091 4797 3657 4874">
    <p class='ocr_par' dir='ltr' id='par_1_108' title="bbox 2091 4797 3657 4874">
     <span class='ocr_line' id='line_1_108' title="bbox 2091 4797 3657 4874; baseline -0.01 -13"><span class='ocrx_word' id='word_1_773' title='bbox 2091 4810 2307 4861; x_wconf 83' lang='grc' dir='ltr'>σκόπων</span> <span class='ocrx_word' id='word_1_774' title='bbox 2348 4808 2404 4859; x_wconf 87' lang='grc' dir='ltr'><strong>ἑν</strong></span> <span class='ocrx_word' id='word_1_775' title='bbox 2433 4807 2500 4874; x_wconf 81' lang='grc' dir='ltr'>τῇ</span> <span class='ocrx_word' id='word_1_776' title='bbox 2536 4804 2642 4874; x_wconf 83' lang='grc' dir='ltr'>ἰδίᾳ</span> <span class='ocrx_word' id='word_1_777' title='bbox 2675 4803 3058 4868; x_wconf 79' lang='grc' dir='ltr'>συνιστάμενος</span> <span class='ocrx_word' id='word_1_778' title='bbox 3091 4799 3243 4867; x_wconf 77' lang='grc' dir='ltr'>τιμῇ,</span> <span class='ocrx_word' id='word_1_779' title='bbox 3285 4797 3420 4866; x_wconf 78' lang='grc' dir='ltr'>μήτε</span> <span class='ocrx_word' id='word_1_780' title='bbox 3467 4812 3657 4864; x_wconf 85' lang='grc' dir='ltr'>παραι-</span> 
     </span>
    </p>
   </div>
   <div class='ocr_carea' id='block_1_109' title="bbox 2084 4885 3658 4962">
    <p class='ocr_par' dir='ltr' id='par_1_109' title="bbox 2084 4885 3658 4962">
     <span class='ocr_line' id='line_1_109' title="bbox 2084 4885 3658 4962; baseline -0.007 -16"><span class='ocrx_word' id='word_1_781' title='bbox 2084 4895 2291 4947; x_wconf 87' lang='grc' dir='ltr'>τεῖσθαι</span> <span class='ocrx_word' id='word_1_782' title='bbox 2321 4893 2581 4962; x_wconf 79' lang='grc' dir='ltr'>βούλοιτο,</span> <span class='ocrx_word' id='word_1_783' title='bbox 2620 4891 2760 4960; x_wconf 74' lang='grc' dir='ltr'>μήτε</span> <span class='ocrx_word' id='word_1_784' title='bbox 2808 4890 2900 4940; x_wconf 82' lang='grc' dir='ltr'><strong>τὸν</strong></span> <span class='ocrx_word' id='word_1_785' title='bbox 2956 4889 3157 4939; x_wconf 87' lang='grc' dir='ltr'>οἰκεῖον</span> <span class='ocrx_word' id='word_1_786' title='bbox 3199 4885 3374 4937; x_wconf 82' lang='grc' dir='ltr'>ἐθέλοι</span> <span class='ocrx_word' id='word_1_787' title='bbox 3439 4885 3658 4953; x_wconf 83' lang='grc' dir='ltr'>ποιμαί-</span> 
     </span>
    </p>
   </div>
   <div class='ocr_carea' id='block_1_110' title="bbox 2087 4976 3657 5052">
    <p class='ocr_par' dir='ltr' id='par_1_110' title="bbox 2087 4976 3657 5052">
     <span class='ocr_line' id='line_1_110' title="bbox 2087 4976 3657 5052; baseline -0.008 -12"><span class='ocrx_word' id='word_1_788' title='bbox 2087 5005 2197 5041; x_wconf 88' lang='grc' dir='ltr'>νειν</span> <span class='ocrx_word' id='word_1_789' title='bbox 2239 4987 2386 5046; x_wconf 74' lang='grc' dir='ltr'>λαὸν,</span> <span class='ocrx_word' id='word_1_790' title='bbox 2429 4984 2561 5036; x_wconf 80' lang='grc' dir='ltr'>ἀλλὰ</span> <span class='ocrx_word' id='word_1_791' title='bbox 2619 4984 2718 5052; x_wconf 83' lang='grc' dir='ltr'>τῆς</span> <span class='ocrx_word' id='word_1_792' title='bbox 2786 4980 2992 5043; x_wconf 81' lang='grc' dir='ltr'>οἰκείας</span> <span class='ocrx_word' id='word_1_793' title='bbox 3053 4978 3293 5037; x_wconf 73' lang='grc' dir='ltr'>ἀποστὰς</span> <span class='ocrx_word' id='word_1_794' title='bbox 3332 4976 3657 5036; x_wconf 81' lang='grc' dir='ltr'>ἐπισκοπῆς,</span> 
     </span>
    </p>
   </div>
   <div class='ocr_carea' id='block_1_111' title="bbox 2087 5068 3656 5149">
    <p class='ocr_par' dir='ltr' id='par_1_111' title="bbox 2087 5068 3656 5149">
     <span class='ocr_line' id='line_1_111' title="bbox 2087 5068 3656 5149; baseline -0.008 -18"><span class='ocrx_word' id='word_1_795' title='bbox 2087 5079 2229 5149; x_wconf 77' lang='grc' dir='ltr'>ὑπὲρ</span> <span class='ocrx_word' id='word_1_796' title='bbox 2268 5078 2328 5129; x_wconf 83' lang='grc' dir='ltr'><strong>τὸ</strong></span> <span class='ocrx_word' id='word_1_797' title='bbox 2361 5077 2628 5146; x_wconf 79' lang='grc' dir='ltr'>ἑξάμηνον</span> <span class='ocrx_word' id='word_1_798' title='bbox 2676 5076 2734 5126; x_wconf 82' lang='grc' dir='ltr'>ἐν</span> <span class='ocrx_word' id='word_1_799' title='bbox 2788 5074 2957 5141; x_wconf 82' lang='grc' dir='ltr'>ἑτέρῳ</span> <span class='ocrx_word' id='word_1_800' title='bbox 3011 5069 3273 5138; x_wconf 79' lang='grc' dir='ltr'>διατρίϐοι</span> <span class='ocrx_word' id='word_1_801' title='bbox 3309 5068 3485 5138; x_wconf 85' lang='grc' dir='ltr'>τόπῳ,</span> <span class='ocrx_word' id='word_1_802' title='bbox 3528 5069 3656 5137; x_wconf 78' lang='grc' dir='ltr'>μήτε</span> 
     </span>
    </p>
   </div>
   <div class='ocr_carea' id='block_1_112' title="bbox 2085 5161 3660 5233">
    <p class='ocr_par' dir='ltr' id='par_1_112' title="bbox 2085 5161 3660 5233">
     <span class='ocr_line' id='line_1_112' title="bbox 2085 5161 3660 5233; baseline -0.009 -13"><span class='ocrx_word' id='word_1_803' title='bbox 2085 5172 2204 5230; x_wconf 88' lang='grc' dir='ltr'>ταῖς</span> <span class='ocrx_word' id='word_1_804' title='bbox 2259 5167 2354 5219; x_wconf 80' lang='grc' dir='ltr'>τοῦ</span> <span class='ocrx_word' id='word_1_805' title='bbox 2398 5166 2596 5219; x_wconf 86' lang='grc' dir='ltr'>οἰκείου</span> <span class='ocrx_word' id='word_1_806' title='bbox 2652 5163 2993 5233; x_wconf 77' lang='grc' dir='ltr'>πατριάρχου</span> <span class='ocrx_word' id='word_1_807' title='bbox 3050 5161 3416 5228; x_wconf 87' lang='grc' dir='ltr'>λειτουργίαις</span> <span class='ocrx_word' id='word_1_808' title='bbox 3463 5161 3660 5229; x_wconf 73' lang='grc' dir='ltr'>ὑπηρε-</span> 
     </span>
    </p>
   </div>
   <div class='ocr_carea' id='block_1_113' title="bbox 2086 5251 3658 5328">
    <p class='ocr_par' dir='ltr' id='par_1_113' title="bbox 2086 5251 3658 5328">
     <span class='ocr_line' id='line_1_113' title="bbox 2086 5251 3658 5328; baseline -0.01 -15"><span class='ocrx_word' id='word_1_809' title='bbox 2086 5261 2366 5328; x_wconf 84' lang='grc' dir='ltr'>τούμενος,</span> <span class='ocrx_word' id='word_1_810' title='bbox 2415 5258 2551 5327; x_wconf 85' lang='grc' dir='ltr'>μήτε</span> <span class='ocrx_word' id='word_1_811' title='bbox 2584 5258 2688 5326; x_wconf 78' lang='grc' dir='ltr'>μὴν</span> <span class='ocrx_word' id='word_1_812' title='bbox 2721 5255 2824 5307; x_wconf 82' lang='grc' dir='ltr'>ὑπὸ</span> <span class='ocrx_word' id='word_1_813' title='bbox 2860 5256 3018 5307; x_wconf 83' lang='grc' dir='ltr'>νόσου</span> <span class='ocrx_word' id='word_1_814' title='bbox 3047 5252 3301 5322; x_wconf 86' lang='grc' dir='ltr'>χαλεπῶς</span> <span class='ocrx_word' id='word_1_815' title='bbox 3333 5268 3390 5303; x_wconf 90' lang='grc' dir='ltr'><strong>τε</strong></span> <span class='ocrx_word' id='word_1_816' title='bbox 3425 5251 3521 5302; x_wconf 73' lang='grc' dir='ltr'><strong>καὶ</strong></span> <span class='ocrx_word' id='word_1_817' title='bbox 3549 5251 3658 5303; x_wconf 80' lang='grc' dir='ltr'>ἀκιο</span> 
     </span>
    </p>
   </div>
   <div class='ocr_carea' id='block_1_114' title="bbox 2087 5339 3657 5419">
    <p class='ocr_par' dir='ltr' id='par_1_114' title="bbox 2087 5339 3657 5419">
     <span class='ocr_line' id='line_1_114' title="bbox 2087 5339 3657 5419; baseline -0.01 -14"><span class='ocrx_word' id='word_1_818' title='bbox 2087 5351 2277 5419; x_wconf 82' lang='grc' dir='ltr'>νησίαν</span> <span class='ocrx_word' id='word_1_819' title='bbox 2299 5348 2630 5417; x_wconf 80' lang='grc' dir='ltr'>ἐμποιούσης</span> <span class='ocrx_word' id='word_1_820' title='bbox 2671 5345 2909 5416; x_wconf 84' lang='grc' dir='ltr'>παντελῆ</span> <span class='ocrx_word' id='word_1_821' title='bbox 2946 5346 3302 5414; x_wconf 83' lang='grc' dir='ltr'>συνεχόμενος</span> <span class='ocrx_word' id='word_1_822' title='bbox 3324 5381 3338 5402; x_wconf 85' lang='grc'><strong>,</strong></span> <span class='ocrx_word' id='word_1_823' title='bbox 3375 5343 3402 5393; x_wconf 81' lang='grc' dir='ltr'>ὁ</span> <span class='ocrx_word' id='word_1_824' title='bbox 3425 5339 3657 5400; x_wconf 74' lang='grc' dir='ltr'>τοιοῦτος</span> 
     </span>
    </p>
   </div>
   <div class='ocr_carea' id='block_1_115' title="bbox 2087 5433 3659 5508">
    <p class='ocr_par' dir='ltr' id='par_1_115' title="bbox 2087 5433 3659 5508">
     <span class='ocr_line' id='line_1_115' title="bbox 2087 5433 3659 5508; baseline -0.01 -13"><span class='ocrx_word' id='word_1_825' title='bbox 2087 5439 2176 5495; x_wconf 71' lang='grc' dir='ltr'>οὖν</span> <span class='ocrx_word' id='word_1_826' title='bbox 2205 5442 2232 5493; x_wconf 93' lang='lat'><strong>6</strong></span> <span class='ocrx_word' id='word_1_827' title='bbox 2265 5439 2403 5492; x_wconf 83' lang='grc' dir='ltr'><strong>κατὰ</strong></span> <span class='ocrx_word' id='word_1_828' title='bbox 2435 5437 2703 5508; x_wconf 84' lang='grc' dir='ltr'>μηδεμίαν</span> <span class='ocrx_word' id='word_1_829' title='bbox 2729 5435 2839 5489; x_wconf 75' lang='grc' dir='ltr'><strong>τῶν</strong></span> <span class='ocrx_word' id='word_1_830' title='bbox 2876 5436 3178 5506; x_wconf 88' lang='grc' dir='ltr'>εἱρημένων</span> <span class='ocrx_word' id='word_1_831' title='bbox 3208 5433 3536 5503; x_wconf 77' lang='grc' dir='ltr'>προφάσεων</span> <span class='ocrx_word' id='word_1_832' title='bbox 3565 5446 3659 5482; x_wconf 81' lang='grc' dir='ltr'>κω·</span> 
     </span>
    </p>
   </div>
   <div class='ocr_carea' id='block_1_116' title="bbox 2086 5521 3656 5600">
    <p class='ocr_par' dir='ltr' id='par_1_116' title="bbox 2086 5521 3656 5600">
     <span class='ocr_line' id='line_1_116' title="bbox 2086 5521 3656 5600; baseline -0.011 -14"><span class='ocrx_word' id='word_1_833' title='bbox 2086 5533 2365 5600; x_wconf 77' lang='grc' dir='ltr'>λυόμενος,</span> <span class='ocrx_word' id='word_1_834' title='bbox 2396 5530 2497 5599; x_wconf 77' lang='grc' dir='ltr'>τῆς</span> <span class='ocrx_word' id='word_1_835' title='bbox 2548 5527 2757 5588; x_wconf 82' lang='grc' dir='ltr'>οἰκείας</span> <span class='ocrx_word' id='word_1_836' title='bbox 2800 5529 3164 5597; x_wconf 82' lang='grc' dir='ltr'>ἀφιστάμενος</span> <span class='ocrx_word' id='word_1_837' title='bbox 3212 5525 3539 5590; x_wconf 74' lang='grc' dir='ltr'>ἐπισκοπῆς,</span> <span class='ocrx_word' id='word_1_838' title='bbox 3570 5521 3656 5571; x_wconf 78' lang='grc' dir='ltr'><strong>καὶ</strong></span> 
     </span>
    </p>
   </div>
   <div class='ocr_carea' id='block_1_117' title="bbox 2089 5611 3655 5694">
    <p class='ocr_par' dir='ltr' id='par_1_117' title="bbox 2089 5611 3655 5694">
     <span class='ocr_line' id='line_1_117' title="bbox 2089 5611 3655 5694; baseline -0.012 -16"><span class='ocrx_word' id='word_1_839' title='bbox 2089 5620 2244 5694; x_wconf 75' lang='grc' dir='ltr'>ὑπὲρ⁹</span> <span class='ocrx_word' id='word_1_840' title='bbox 2273 5623 2365 5676; x_wconf 84' lang='grc' dir='ltr'><strong>τὸν</strong></span> <span class='ocrx_word' id='word_1_841' title='bbox 2413 5621 2770 5691; x_wconf 76' lang='grc' dir='ltr'>ἑξαμηνιαῖον</span> <span class='ocrx_word' id='word_1_842' title='bbox 2821 5620 3009 5692; x_wconf 91' lang='grc' dir='ltr'>χρόνον</span> <span class='ocrx_word' id='word_1_843' title='bbox 3040 5620 3096 5670; x_wconf 83' lang='grc' dir='ltr'><strong>έν</strong></span> <span class='ocrx_word' id='word_1_844' title='bbox 3151 5617 3319 5685; x_wconf 82' lang='grc' dir='ltr'>ἑτέρῳ</span> <span class='ocrx_word' id='word_1_845' title='bbox 3376 5611 3655 5682; x_wconf 75' lang='grc' dir='ltr'>διατρίϐων</span> 
     </span>
    </p>
   </div>
   <div class='ocr_carea' id='block_1_118' title="bbox 2089 5702 3644 5786">
    <p class='ocr_par' dir='ltr' id='par_1_118' title="bbox 2089 5702 3644 5786">
     <span class='ocr_line' id='line_1_118' title="bbox 2089 5702 3644 5786; baseline -0.012 -15"><span class='ocrx_word' id='word_1_846' title='bbox 2089 5717 2262 5786; x_wconf 83' lang='grc' dir='ltr'>τύπῳ,</span> <span class='ocrx_word' id='word_1_847' title='bbox 2294 5716 2392 5786; x_wconf 81' lang='grc' dir='ltr'>τῆς</span> <span class='ocrx_word' id='word_1_848' title='bbox 2433 5713 2527 5768; x_wconf 82' lang='grc' dir='ltr'>τοῦ</span> <span class='ocrx_word' id='word_1_849' title='bbox 2558 5714 2860 5768; x_wconf 75' lang='grc' dir='ltr'>ἐπισκόπου</span> <span class='ocrx_word' id='word_1_850' title='bbox 2891 5713 3055 5783; x_wconf 83' lang='grc' dir='ltr'>τιμῆς</span> <span class='ocrx_word' id='word_1_851' title='bbox 3100 5728 3157 5764; x_wconf 84' lang='grc' dir='ltr'><strong>τε</strong></span> <span class='ocrx_word' id='word_1_852' title='bbox 3192 5709 3283 5764; x_wconf 66' lang='grc' dir='ltr'><strong>καὶ</strong></span> <span class='ocrx_word' id='word_1_853' title='bbox 3315 5707 3470 5773; x_wconf 76' lang='grc' dir='ltr'>ἀξίας</span> <span class='ocrx_word' id='word_1_854' title='bbox 3505 5702 3644 5758; x_wconf 57' lang='lat'><strong>6.116-</strong></span> 
     </span>
    </p>
   </div>
  </div>
