3904 6248
123 267 213 332 489

954 254 1355 318 SYNTAGMA
1387 243 1775 310 CANONUM.
1830 266 1895 283 -ν
1934 237 2082 302 ΤΙΤ.
2125 241 2174 314 Ι,
2204 241 2362 301 CAP-
2404 240 2503 303 VI.

3264 236 3368 299 490

125 376 474 451 τριωθήτεται
524 370 809 432 παντελῶς
844 384 860 401 ⁸
889 367 981 420 τὸν
1010 366 1117 435 γὰρ
1176 362 1277 431 τῆς
1310 354 1694 451 ἐμπιστευθεί-
1728 399 1735 414 λ

1822 352 2060 422 :ynodns,
2090 359 2146 403 ut
2180 365 2207 402 a
2233 350 2560 412 sacerdotio,
2593 365 2689 419 per
2717 350 2857 417 quod
2894 362 3117 418 pascere
3148 349 3366 403 ordina-

128 447 217 540 σης
246 466 388 536 αὑτῷ
414 463 832 533 καταμελοῦντα
853 458 1110 528 ποίμνης,
1146 455 1241 507 καὶ
1272 453 1330 503 ἐν
1357 450 1532 519 ἑτέρῳ
1554 447 1694 540 ὑπέρ

130 537 192 614 το
222 559 489 628 ἑξάμηνον
542 550 999 625 χρονοτριϐοὓντα
1048 547 1221 615 τόπῳ,
1261 543 1460 614 ὥρισεν
1497 541 1530 610 ή
1567 537 1697 603 ἁγία

1804 454 1890 498 tus
1939 450 2042 507 est,
2100 441 2307 494 alienus
2348 440 2573 493 omnino
2624 442 3006 502 constituatur.
3061 451 3111 495 et
3158 440 3212 493 in
3254 440 3374 508 ejus

1804 531 2152 598 episeOpatus
2180 530 2383 594 locum,
2414 530 2552 585 alius
2576 547 2674 600 pro
2704 532 2824 601 ipso
2856 545 3262 601 promoveatur.

130 619 337 711 σύνοὺος
382 619 487 701 ’καὶ
675 619 1084 714 ἀρχιερωσύνης
1138 638 1206 691 δι’
1260 630 1328 706 ἦς
1380 631 1692 701 ποιμαίνειν
1766 620 2008 715 ἐτάχθη,Δ
2052 619 2331 715 παντελῶς
2405 621 2679 693 ἀλλότριον
2736 622 3084 687 καθεστάναι,
3139 624 3234 678 καὶ
3292 625 3374 677 εἰς

127 745 214 798 τὸν
238 738 400 795 αὑτοῦ
431 738 534 809 τῆς
579 712 892 804 ἐπισκοπῆς
940 732 1125 796 τόπον,
1155 728 1342 798 ἕτερον
1379 725 1493 781 ἀντ’
1535 717 1699 775 αὑτοῦ
1739 712 2203 785 προχειρίζεσθαι.

131 879 445 939 Βωιλείου
468 871 765 941 ἐπιστολὴ
793 870 942 938 πρὸς
977 866 1120 932 τοὺς
1169 861 1693 934 χωρεπισκόπους.

2095 851 2291 906 Basilii
2317 852 2540 921 epistola
2569 854 2639 906 ad
2672 853 3089 923 cltorepiscopos.

130 975 306 1028 Ὥστε
332 969 418 1041 μὴ
457 967 730 1038 τίνεσθαι
770 962 948 1030 χωρὶς
971 956 1181 1020 αὑτοῦ,
1212 951 1515 1021 ὑπηρέτας
1543 947 1701 1014 παρὰ

1822 940 1955 1006 ὶιιοά
1991 942 2109 1011 ﬁeri
2142 958 2247 996 non
2277 951 2479 1011 oportet
2508 946 2638 1006 sine,
2688 944 2825 1011 ipso,
2874 946 3145 998 ministros
3189 960 3373 999 contra

688 1053 833 1119 τοὺς
853 1053 1134 1114 κανόνας.

194 1154 346 1207 Πάνυ
376 1149 629 1222 μεὰυπεῖ
657 1148 740 1201 ὅτι
766 1142 1142 1198 ἐπιλελοίπασι
1160 1136 1348 1230 λοιπὸν
1366 1135 1421 1230 ei
1453 1131 1562 1230 τῶν
1592 1129 1702 1230 Πα-

125 1222 300 1315 τέρων
346 1242 589 1303 κανόνες,
632 1240 726 1291 καὶ
755 1238 903 1289 πᾶσα
941 1232 1196 1304 ἀκρίϐεια
1222 1228 1330 1280 τῶν
1366 1222 1703 1321 Ἑκκλησιιρν

124 1314 491 1405 ἀπελήλαται,
544 1331 639 1382 καὶ
690 1326 967 1397 φοϐοῦμαι
1024 1324 1097 1392 μὴ
1151 1318 1293 1373 κατὰ
1342 1314 1536 1405 μικρὸν
1601 1314 1704 1405 τῆς

126 1403 453 1490 ἀδιαφορίας
476 1420 680 1488 ταύτης
712 1417 816 1487 ὁδῷ
844 1413 1159 1485 προϊούσης,
1185 1412 1264 1472 εἰς
1305 1404 1546 1474 παντελῆ
1574 1403 1705 1466 σύγ-

127 1532 284 1585 χυσιν
315 1512 449 1585 ἔλθῃ
480 1513 548 1564 τὰ
578 1511 676 1579 τῆς
724 1502 1398 1595 Ἐκκλησίας-πράγματοι.
1422 1494 1705 1595 Τοίζςὲπ-

128 1583 461 1676 ηρετοῦντας
485 1596 884 1670 τῇἘκκλησίᾳ,
911 1596 945 1664 ἡ
969 1592 1135 1646 πάλαι
1158 1593 1277 1651 ταῖς
1296 1587 1391 1640 τοῦ
1417 1583 1551 1638 Θεοῦ
1583 1583 1706 1635 Ἐκ-

2456 1050 2698 1087 canones.

1874 1122 2273 1179 Permolestum
2326 1123 2455 1177 mihi
2490 1134 2590 1190 est,
2636 1125 2782 1193 quod
2832 1127 2943 1195 jam
2986 1142 3228 1183 canones
3274 1129 3376 1184 Pa-

1803 1225 1950 1270 trum
1983 1216 2299 1280 defecerint,
2349 1232 2413 1271 ae
2451 1219 2740 1287 disciplina
2773 1222 2954 1274 otnnis
3002 1236 3066 1274 ex
3116 1221 3375 1277 Eeclesiis

1806 1306 1996 1360 abacta
2021 1307 2127 1371 sit;
2155 1316 2208 1361 et
2233 1308 2400 1362 timeo
2451 1324 2519 1362 ne
2548 1311 2832 1378 paulatim,
2878 1314 2979 1365 hac
3019 1313 3376 1367 indiﬂ‘erentia

1806 1396 2204 1465 progrediente,
2256 1412 2343 1451 res
2378 1398 2760 1454 ecclesiasticae
2790 1402 2844 1454 in
2882 1417 3150 1456 summam
3182 1402 3376 1457 confu-

1808 1489 2017 1543 sionem
2037 1488 2380 1542 delabantur.
2411 1489 2709 1546 Observata
2742 1494 2871 1547 olim
2898 1494 2951 1546 in
2988 1494 3079 1547 Dei
3118 1495 3378 1550 Ecclesiis

1806 1581 2163 1643 consuetudo,
2188 1580 2441 1636 Ecclesia:
2471 1584 2750 1657 ministros
2770 1587 2918 1639 omni
2945 1587 3219 1656 diligentia
3250 1604 3380 1656 pro-

130 1652 386 1765 κλησίαις
438 1652 904 1761 ἐμπολιτευοιμένη
932 1652 945 1664 ’
977 1684 1237 1754 συνήθεια
1328 1678 1468 1751 μετὰ
1512 1676 1696 1745 πάσης
1734 1656 1735 1659 Ἴ

1822 1676 1968 1726 batos
2003 1671 2367 1726 admittebat:
2419 1689 2483 1727 ac
2527 1675 2579 1727 in
2618 1691 2835 1729 onmem
2876 1692 3063 1731 eorum
3096 1680 3260 1732 vitam
3295 1695 3381 1734 se-

127 1784 421 1855 ἀκριϐεὲας
466 1781 833 1851 δοκιμάζουσα
887 1776 1234 1847 παρεὸἑχετο,
1267 1772 1361 1825 καὶ
1398 1768 1709 1837 ἐπολυπραο

129 1892 163 1942 γ
170 1877 389 1945 μονεῖτο
411 1874 561 1926 πᾶσα
576 1870 755 1923 αὐτῶν
776 1871 809 1938 ἡ
824 1867 1135 1937 ἀναστροφὴ
1153 1865 1202 1916 εἰ
1223 1865 1296 1934 μὴ
1310 1858 1707 1930 λοίδοροίείσιν,

131 1968 181 2017 εί
220 1966 298 2035 μὴ
353 1963 603 2034 μέθυσοι,
629 1963 678 2014 εί
709 1961 784 2030 μὴ
817 1958 1096 2029 πρόχειροι
1118 1952 1386 2046 πρὸςμτάς
1438 1946 1708 2046 μάχας,εί

138 2053 587 2121 ωιδαγωγοῦσιν
618 2049 822 2103 ἑαυτῶν
840 2048 937 2119 τὴν
967 2046 1214 2116 νεότητα,
1242 2042 1382 2095 ὥστε
1410 2037 1709 2107 κατορθοῦν

138 2145 406 2199 δύνασθαι
450 2144 541 2196 τὸν
576 2139 867 2209 ἀγιασμὸν,
893 2129 955 2189 οὗ
984 2135 1155 2205 χωρὶς
1198 2132 1369 2194 οὐδεὶς
1403 2130 1591 2197 ὄψεται
1619 2124 1711 2177 τὸν

139 2235 350 2304 Κύριον
379 2249 394 2263 ·
438 2232 531 2284 καὶ
576 2229 738 2281 τοῦτο
762 2222 1022 2295 ἐξήταζον
1068 2221 1164 2291 μὲν
1224 2215 1584 2304 πρεσϐύτεροι
1616 2210 1713 2304 καὶ

136 2302 402 2387 διάκονοι,
431 2326 480 2376 οἱ
515 2320 889 2379 συνοικοῦντες
925 2315 1128 2378 αὐτοῖς,
1156 2308 1487 2376 ἐπανέφερον
1518 2303 1574 2356 δὲ
1602 2302 1714 2362 τοῖς

134 2415 608 2488 χωρεπισκόποις,
633 2408 683 2463 οἳ
729 2408 827 2469 τὰς
853 2404 1004 2472 παρὰ
1035 2402 1144 2455 τῶν
1190 2396 1460 2467 ἀληθινῶς
1511 2407 1715 2488 μαρτυ-

135 2482 384 2581 ρούντων
423 2506 711 2573 δεξάμενοι
757 2500 991 2569 ψήφους,
1022 2496 1116 2548 καὶ
1164 2492 1575 2586 ὑπομνήσαντες
1624 2482 1716 2586 τον

135 2571 463 2661 ἐπίσκοπον,
506 2571 679 2654 οὕτως
732 2588 1055 2660 ἐνηρίθμουν
1087 2580 1480 2665 τδνὺπηρέτην
1510 2574 1586 2640 τῷ
1619 2571 1714 2625 τά-

140 2708 316 2763 γματι
356 2688 439 2757 τῷ
470 2681 730 2757 ἱερατικῷ
758 2697 773 2710 ⁶
812 2680 905 2733 νῦν
934 2679 990 2731 δὲ
1020 2677 1237 2747 πρῶτον
1269 2673 1366 2743 μὲν
1393 2669 1540 2763 ημᾶς
1580 2682 1718 2734 παρ-

131 2758 438 2853 ῶσὰμενοι,
458 2777 552 2830 καὶ
578 2774 712 2846 μηδέ
727 2770 967 2839 ἐπαναφὲ
976 2786 1089 2840 ρειν
1114 2768 1244 2837 ἡμῖν
1266 2758 1713 2853 καταδεχόμενοι,

136 2878 213 2937 είς
230 2848 468 2933 ἑαυτοὺς
490 2867 588 2937 τὴν
610 2866 738 2933 ὃλην
758 2861 1152 2932 περιεστήσατε
1175 2851 1458 2909 αὑθεντίαν
1487 2865 1500 2879 ·
1529 2848 1719 2937 ἔπειτα

136 2960 707 3037 ηταρρᾳθυμοῦντες
733 2954 828 3009 τοῦ
855 2942 1598 3037 πράγματος,πρεσϐυτέροις
1621 2936 1716 3037 καὶ

135 3032 410 3118 staﬁva;
439 3032 774 3123 ἐπετρέψατε
797 3050 889 3113 οὓς
917 3049 982 3101 ἂν
1016 3043 1272 3098 ἐθέλωσιν
1296 3036 1402 3092 ἀπὸ
1427 3032 1717 3123 ἁνεξετάσξ

134 3165 231 3202 του
264 3146 380 3217 βίου
414 3121 984 3212 κατάπροσπάθειαν,
1012 3136 1045 3207 ἢ
1077 3136 1174 3203 τὴν
1198 3132 1305 3185 ἀπὸ
1328 3121 1716 3217 συγγενείας,ῃῆ

136 3238 235 3308 τὴν
263 3212 325 3301 ἐξ
354 3236 521 3304 ἄλλης
556 3234 698 3296 τινὸς
734 3229 937 3300 φιλίας,
972 3226 1283 3291 ἐπεισάγειν
1310 3222 1377 3290 τῇ
1423 3212 1721 3282 Ἐκκλησία

136 3331 267 3393 τοὺς
316 3327 576 3391 ἀναξίους
610 3341 626 3356 ·
676 3325 753 3377 διὸ
796 3320 982 3375 πολλοὶ
1022 3319 1121 3388 μὲν
1179 3313 1445 3383 ὑπηρέται
1494 3322 1720 3377 καταρι-

137 3420 410 3490 θμοῦνται
466 3418 587 3471 καθ’
615 3416 852 3483 ἑκάστην
886 3411 1099 3479 κώμην,
1129 3407 1276 3469 ἄξιος
1296 3404 1354 3502 et
1381 3396 1722 3502 λειτουργίας

139 3509 545 3580 θυσιαστηρίου
595 3506 790 3569 οὐδεὶς,
828 3504 904 3564 ὼς
954 3502 1112 3570 ὑμεῖς
1164 3496 1318 3591 αὐτοὶ
1372 3496 1720 3591 μαρτυξεῖτξν

136 3601 479 3671 ἀποροῦντες
512 3597 721 3665 ἀνδρῶν
751 3597 809 3646 ἐν
836 3594 955 3655 ταῖς
995 3585 1401 3682 ψηφηφορίαιςᾷ
1434 3580 1589 3682 Ἐπεί
1632 3580 1724 3631 οὖν

137 3692 253 3759 ὁρῶ
284 3692 346 3742 τὺ
371 3690 611 3760 πρᾶγμα
630 3686 814 3739 λοιπὸν
835 3687 915 3746 εἰς
939 3684 1235 3750 ἀνήκεστον
1258 3675 1465 3747 προϊὸν,
1493 3673 1725 3741 μάλιστα

137 3780 237 3832 νῦν
275 3782 386 3835 τῶν
415 3780 683 3832 πλείστων
712 3776 861 3845 φόϐῳ
877 3774 979 3842 τῆς
1017 3768 1398 3841 στρατολογίας
1426 3761 1726 3816 εἰσποιούν-

134 3888 247 3925 των
290 3872 523 3932 ἑαυτοὺς
581 3870 648 3937 τῇ
714 3864 1005 3936 ὑπηρεσίᾳ,
1072 3857 1383 3926 ἀναγκαίως
1444 3849 1605 3925 ἦλθον
1647 3853 1726 3914 εἰς

133 3964 200 4015 τὸ
243 3960 669 4016 ἀνανεώσασθαι
713 3960 839 4021 τοὺς
882 3956 990 4009 τῶν
1044 3953 1301 4022 Πατέρων
1351 3948 1602 4011 κανόνας,
1633 3946 1727 3998 καὶ

132 4054 448 4107 ἐπιστέλλω
472 4053 602 4122 ὑμῖν
628 4049 946 4103 ἀποστεῖλαί
1000 4064 1091 4118 μοι
1121 4046 1217 4116 τὴν
1257 4043 1578 4113 ἀναγραφὴν
1601 4041 1728 4093 ἐκά-

135 4162 288 4216 στης
334 4144 532 4214 κώμης
565 4144 672 4196 τῶν
696 4141 1131 4213 ὑπηρετούντων,
1168 4138 1260 4189 καὶ
1291 4136 1395 4189 ὑπὸ
1422 4136 1561 4196 τίνος
1588 4132 1733 4200 εἰσή-

127 4254 261 4290 κται
301 4238 541 4299 ἕκαστος
574 4236 670 4287 καὶ
691 4236 748 4287 ἐν
779 4234 919 4302 ποίῳ
964 4232 1064 4302 βίῳ
1106 4230 1273 4283 ἐστίν.
1309 4228 1499 4296 Ἔχετε
1543 4225 1600 4278 δὲ
1636 4224 1731 4275 καὶ

1810 1760 1939 1814 dulo
1967 1760 2385 1830 inquirebatur:
2412 1778 2599 1817 annon
2646 1776 2825 1820 essent
2882 1768 3151 1831 maledici.
3195 1784 3377 1824 annoo

1809 1850 2035 1915 ebriosi,
2071 1866 2251 1906 annon
2296 1854 2531 1922 prompti
2562 1855 2627 1909 ad
2680 1872 2913 1925 pugnas,
2949 1862 3013 1910 an
3039 1860 3377 1927 juventutem

1811 1956 1969 1997 suam
2017 1941 2315 2009 frenarent,
2380 1945 2455 1998 ita
2505 1953 2563 1999 ut
2612 1951 3055 2015 sanctimoniam,
3108 1953 3226 2006 sine
3272 1968 3382 2022 qua

1815 2032 1987 2087 Deum
2040 2049 2203 2089 nemo
2249 2037 2453 2091 videbit
2501 2037 2567 2102 δ’,
2603 2053 2860 2105 exercere
2908 2050 3151 2110 possent.
3203 2045 3382 2112 Atque

1822 2123 1927 2178 hoc
1960 2124 2339 2179 examinabant
2369 2126 2587 2195 quidem
2621 2131 2916 2199 presbyteri
2952 2139 3005 2185 et
3030 2132 3266 2197 diaconi,
3291 2136 3382 2202 qui

1813 2231 1921 2269 una
1971 2232 2094 2271 eum
2149 2217 2284 2286 ipsis
2322 2219 2638 2274 habitabant
2684 2238 2696 2274 :
2734 2222 3046 2277 referebant
3090 2234 3269 2277 autem
3316 2225 3383 2279 ad

1816 2308 2262 2377 cliorepiscopos,
2291 2311 2382 2376 qui
2417 2326 2540 2365 cum
2567 2313 2823 2382 suffragia
2854 2314 3074 2368 testium
3109 2317 3383 2369 veracium

1815 2400 2171 2468 accepissent,
2209 2416 2271 2455 ac
2296 2402 2611 2471 epise0pnm
2641 2405 3071 2472 admonuissent,
3092 2407 3171 2462 sic
3201 2423 3386 2461 sacra-

1786 2500 1998 2543 torum
2027 2506 2254 2544 numero
2287 2493 2596 2547 ministrum
2628 2497 2993 2551 aseribebant.
3027 2499 3181 2551 Nune
3205 2511 3383 2553 autem

1817 2583 2056 2650 primum
2098 2585 2316 2652 quidem
2349 2601 2447 2641 nos
2473 2589 2804 2650 exciuentes,
2831 2604 2893 2641 ac
2924 2605 2992 2642 ne
3023 2589 3224 2645 referre
3264 2594 3386 2660 qni-

1818 2673 1941 2727 dem
1994 2676 2059 2728 ad
2090 2692 2189 2731 nos
2235 2678 2461 2747 dignati,
2515 2694 2729 2733 omnem
2770 2680 2823 2734 in
2874 2684 3232 2750 vosmetipsos
3279 2684 3387 2755 42

1820 2768 2200 2823 auctoritatem
2235 2771 2632 2826 transtulistis:
2662 2773 2856 2827 deinde
2889 2791 3000 2828 rem
3029 2777 3384 2845 negligentes.

1819 2859 2157 2931 presbyteris
2184 2872 2237 2915 ιιι
2260 2863 2507 2917 diaconis
2542 2865 2886 2933 pet-misistis,
2923 2876 2981 2918 ut
3002 2881 3137 2934 quos
3166 2869 3387 2932 vellent,

1818 2949 1931 3023 yita
1977 2966 2084 3004 non
2132 2953 2463 3016 examinata,
2496 2952 2795 3008 secundum
2823 2958 2990 3011 animi
3026 2959 3390 3021 aﬂ'ectioneni,

1825 3048 1919 3094 aut
1964 3056 2030 3095 ex
2081 3046 2552 3113 consanguinitate
2594 3056 2790 3112 ortam,
2818 3057 2913 3101 ant
2942 3066 3005 3102 ex
3058 3050 3161 3103 alia
3208 3052 3389 3119 aliqua

1827 3130 2089 3194 amicitia,
2110 3132 2161 3184 in
2187 3131 2484 3187 Ecclesiam
2518 3135 2770 3205 indignos
2798 3138 3221 3193 introducerent.
3252 3139 3393 3205 Qua-

1821 3230 2047 3290 propter
2070 3224 2221 3277 multi
2261 3226 2479 3294 quidem
2513 3226 2750 3282 ministri
2796 3229 2849 3282 in
2883 3245 3209 3299 unoquoque
3256 3248 3393 3301 pago

1822 3323 2221 3368 numerantur:
2276 3318 2369 3369 sed
2407 3317 2602 3386 dignus
2655 3320 2960 3374 ministerio
3017 3323 3269 3376 altarium
3325 3340 3392 3377 ne

1822 3419 1967 3457 unus
2008 3406 2247 3472 quidem,
2295 3416 2355 3461 ut
2383 3422 2480 3462 vos
2532 3410 2631 3478 ipsi
2681 3412 3067 3477 testiﬁcamini,
3105 3415 3388 3469 hominum

1824 3496 2051 3561 penuria
2081 3496 2391 3552 laborantes
2429 3500 2482 3551 in
2520 3500 2899 3557 electionibus.
2929 3505 3199 3569 Quoniam
3228 3507 3393 3576 igitur

1824 3588 1983 3641 video
2016 3602 2126 3641 rem
2162 3588 2214 3641 in
2245 3592 2445 3645 malum
2475 3593 2585 3661 jam
2618 3594 2919 3649 insanabile
2943 3598 3214 3666 progredi,
3252 3615 3393 3652 nunc

1824 3678 2149 3745 praesertim,
2191 3695 2315 3733 cum
2364 3682 2583 3749 plurimi
2635 3684 2838 3737 militia:
2882 3697 3048 3748 metu,
3081 3687 3290 3756 seipsos
3338 3688 3393 3742 in

1828 3766 2199 3823 ministerium
2241 3772 2558 3839 conjiciant,
2606 3775 2916 3827 necessario
2951 3777 3155 3830 accessi
3197 3780 3264 3831 ad
3294 3777 3394 3830 Pa-

1830 3868 1972 3914 trum
2017 3878 2255 3917 canones
2314 3864 2697 3927 renovandos;
2764 3879 2826 3917 ac
2875 3867 3030 3919 vobis
3080 3869 3281 3932 scribo,
3340 3882 3399 3923 ut

1830 3953 2060 4009 mittatis
2116 3954 2251 4007 mihi
2321 3955 2630 4024 catalogum
2705 3957 3082 4011 ministrorum
3135 3962 3400 4030 cujusque

1828 4047 1975 4117 pagi,
2004 4058 2057 4099 et
2087 4064 2117 4100 a
2148 4063 2258 4114 quo
2294 4050 2527 4117 quisque
2553 4048 2899 4102 introductus
2931 4049 3020 4111 sit,
3054 4058 3109 4102 et
3134 4068 3253 4119 qua:
3281 4052 3399 4121 ejus

1829 4139 1901 4193 sit
1940 4139 2154 4191 vivendi
2202 4139 2362 4193 ratio.
2414 4138 2617 4192 Habete
2647 4148 2911 4193 autemet
2960 4140 3062 4210 ipsi
3114 4144 3257 4212 apud
3305 4160 3401 4198 vos

1834 4231 2163 4300 catalognm,
2202 4240 2259 4283 ut
2288 4247 2411 4285 eum
2447 4232 2666 4300 scriptis
2701 4231 2842 4300 apud
2885 4248 2985 4285 nos
3021 4235 3273 4303 repositis
3309 4253 3399 4290 ve-

125 4331 296 4382 αὐτοὶ
343 4328 476 4398 παρ’
524 4329 741 4388 ἑαυτοῖς
776 4326 876 4395 τὴν
929 4325 1271 4395 ἀναγραφὴν,
1312 4321 1452 4374 ὥστε
1503 4317 1729 4386 συγκρί-

1834 4330 1944 4377 stra
1979 4322 2349 4386 conferantur,
2385 4340 2482 4377 nec
2512 4326 2769 4394 cuiquam
2806 4325 2964 4379 liceat
2986 4328 3245 4391 seipsunt,
3276 4345 3399 4383 cum

123 4422 334 4473 νεσθαι
390 4423 507 4482 τοῖς
536 4420 670 4488 παρ’
720 4419 853 4487 ἡμῖν
897 4416 1277 4485 ἀποκειμένοις
1313 4413 1605 4482 γράμμασι
1661 4408 1729 4461 τὰ

126 4512 416 4579 ὑμέτερα,
444 4511 539 4562 καὶ
561 4510 753 4580 μηδενὶ
772 4508 970 4573 ἐξεῖναι
986 4507 1174 4559 ἑαυτὸν
1201 4506 1289 4558 ὅτε
1316 4504 1562 4575 βούλεται
1584 4517 1699 4571 παρ
1716 4528 1730 4540 -

148 4604 470 4671 εγγράφειν
495 4619 509 4632 ·
551 4600 695 4653 οὓτω
735 4600 834 4667 μέν
871 4616 954 4651 τοι
1010 4598 1146 4667 μετά
1171 4596 1272 4665 τὴν
1308 4599 1531 4665 πρώτην
1556 4593 1726 4645 ἐπινέ-

142 4711 351 4763 μησιν,
390 4691 447 4743 et
484 4686 629 4753 τινες
684 4691 790 4742 ὑπὸ
835 4689 1219 4759 πρεσϐυτέρων
1253 4687 1605 4756 εἰσήχθησαν,
1642 4686 1738 4737 ἐπὶ

127 4784 263 4845 τοὺς
287 4782 525 4845 λαῖκοὺς
549 4780 935 4851 ἀπορριςάῶσιν
956 4799 969 4813 ο
1003 4779 1207 4834 ἄνωθεν
1233 4778 1290 4831 δὲ
1314 4780 1538 4846 γένηται
1558 4776 1737 4831 αὐτῶν

130 4877 271 4946 παρ’
301 4874 470 4942 ὑμῶν
496 4872 748 4936 ἐξέτασις
783 4889 796 4901 ·
833 4873 937 4924 κᾶν
966 4872 1061 4938 μὲν
1078 4871 1218 4931 ἄξιοι
1245 4864 1367 4932 ὦσι,
1398 4873 1464 4939 τῇ
1497 4869 1737 4940 ὑμετέρᾳ

344 4965 855 5035 παραδεχθήτωσαν
894 4981 907 4993 ⁸
937 4966 1061 5017 ἐπεὶ
1097 4962 1431 5031 καθαρίσατε
1472 4961 1570 5031 τὴν
1612 4961 1738 5013 Ἐκ-

131 5057 413 5126 κ).ησίαν,
443 5057 570 5117 τοὺς
600 5054 854 5119 ἀναξίους
880 5056 1046 5121 αὐτῆς
1077 5052 1472 5114 ἀπελαύνοντες
1494 5068 1509 5083 ⁸
1531 5052 1625 5104 καὶ
1644 5050 1735 5103 τοῦ

133 5146 372 5202 λοιποῦ,
408 5146 693 5211 ἐξετάζετε
730 5146 827 5215 μὲν
852 5147 977 5208 τοὺς
1010 5146 1189 5209 ἀξίους
1225 5147 1318 5198 καὶ
1349 5144 1742 5214 παραδέχεσθε.

133 5239 232 5307 Μὴ
281 5238 665 5309 ἐπαριθμεῖτε
693 5239 750 5291 δὲ
790 5241 919 5308 πρὶν
966 5241 1045 5300 είς
1092 5239 1236 5307 ἡμᾶς
1260 5239 1643 5306 ἐπανενεγκεῖν
1670 5254 1685 5269 ο
1708 5238 1742 5308 ἢ

132 5333 485 5397 γινώσκετε,
513 5333 599 5385 ὅτι
628 5331 817 5395 λαῖκος
854 5333 1007 5384 ἔσται
1030 5335 1057 5384 ὁ
1074 5331 1200 5383 ἄνευ
1221 5332 1495 5402 ἡμετέρας
1518 5332 1743 5402 γνώμης

132 5424 219 5486 εἰς
262 5424 591 5493 ὑπηρεσίαν
626 5423 1008 5494 παραδεχθείς.

210 5598 263 5630 ⁸⁹
298 5598 479 5653 Hebr.
515 5616 613 5661 xu,
654 5601 736 5654 H.

466 5715 741 5777 Parant.
775 5721 891 5776 (in.
925 5719 1064 5777 till".

1832 4414 2087 4477 voluerit,
2122 4416 2443 4469 inscribere.
2477 4415 2551 4469 Ita
2593 4431 2746 4479 sane,
2796 4417 2841 4470 si
2893 4418 2984 4485 qui
3018 4427 3142 4486 post
3172 4420 3401 4487 primam

1836 4504 2187 4559 indictiOnem
2218 4522 2249 4559 a
2294 4507 2627 4577 presbyteris
2673 4508 2965 4563 introducti
3014 4508 3235 4574 fuerint,
3272 4513 3434 4566 inti-r-

1841 4598 2009 4652 laicos
2063 4598 2401 4667 rejiciantur.
2443 4600 2641 4655 Eorum
2681 4615 2862 4658 autem
2896 4622 3122 4659 examen
3158 4607 3226 4660 de
3273 4607 3411 4662 inte-

1841 4703 1939 4758 gro
1970 4691 2214 4757 repetite,
2250 4699 2303 4743 et
2360 4691 2405 4744 si
2458 4691 2604 4759 digiti
2652 4695 2870 4753 fuerint.
2921 4696 3180 4765 suﬂ‘ragio
3230 4708 3412 4751 vestro

1842 4777 2232 4844 suscipiantur.
2267 4776 2573 4847 Expurgate
2606 4778 2927 4847 Ecclesiam,
2971 4781 3222 4849 indignos
3254 4800 3316 4837 ex
3349 4801 3410 4838 ea

1841 4867 2140 4935 ejicientes.
2193 4871 2371 4937 Atque
2406 4869 2459 4921 in
2507 4881 2783 4939 posterum
2817 4874 3126 4927 examinate
3169 4878 3409 4943 quidem,

1807 4973 1811 4977 '
1842 4962 1937 5029 qui
1968 4962 2117 5031 digni
2144 4961 2271 5025 sint,
2303 4971 2357 5014 ct
2393 4977 2489 5017 eos
2520 4964 2827 5018 admittite:
2858 4966 2950 5019 sed
2996 4967 3147 5035 prius
3178 4982 3283 5019 non
3329 4983 3415 5020 as-

1845 5054 2059 5118 cribite,
2088 5068 2248 5122 quam
2274 5054 2339 5107 ad
2374 5070 2475 5109 nos
2501 5057 2836 5123 retuleritis;
2870 5068 2962 5112 aut
2997 5060 3187 5113 scitote
3214 5061 3412 5113 laicum

1847 5145 2092 5200 futurum
2128 5161 2269 5212 esse,
2302 5148 2398 5215 qui
2441 5148 2563 5204 sine
2611 5162 2800 5206 nostro
2826 5152 3031 5219 judicio
3080 5153 3131 5206 in
3167 5152 3415 5206 ministe-

1847 5239 1989 5293 rium
2028 5237 2192 5294 fuerit
2215 5240 2508 5296 admissus.

3121 5720 3191 5777 15
