3904 6248
505 290 605 355 491

648 397 833 469 Cyrilli
867 413 930 451 ex
954 397 1173 466 epistola
1204 397 1271 450 ad
1302 395 1560 450 Domuum
1603 411 1826 461 canones
1856 394 1906 458 ι,
1926 394 1981 448 5.

580 557 633 610 1.
654 555 1000 625 Unaquaeque
1031 570 1118 610 res
1144 561 1351 617 nostra,
1370 551 1589 623 quando
1603 551 1792 605 ordine
1805 549 2070 605 canonico

506 657 655 701 recta
681 647 945 715 procedit,
981 646 1186 700 nullum
1214 645 1436 717 quidem
1468 645 1524 697 in
1580 642 1741 697 nobis
1775 642 2065 695 tumultum

504 737 810 806 ingenera',
844 746 898 791 et
924 753 954 790 a
1000 736 1390 790 nonnullorum
1428 733 1805 789 maledicentia
1846 734 2063 796 liberat,

502 828 591 882 vel
646 827 829 896 potius
865 826 972 898 43
1023 842 1211 882 eorum
1262 827 1353 896 qui
1400 826 1619 894 sapiunt
1656 825 1868 879 laudem
1910 826 2068 880 nobis

502 919 778 974 conciliat.
807 917 939 984 Quis
971 917 1113 971 enim
1138 931 1245 972 non
1281 917 1476 980 obviis,
1503 925 1564 969 ut
1596 915 1772 980 aiunt,
1806 914 1950 970 ulnis
1971 929 2067 969 ex-

504 1012 672 1081 cipiat
699 1010 767 1064 de
798 1008 1073 1077 aliquibus
1100 1007 1366 1077 prolatam
1418 1006 1767 1071 sententiam,
1800 1020 1921 1073 quae
1966 1019 2067 1058 nec

501 1101 607 1155 lmc
636 1114 736 1153 nec
774 1098 900 1152 illuc
932 1096 1261 1151 inclinetur?
1307 1094 1405 1149 Vel
1430 1094 1703 1163 quomodo
1740 1108 1846 1145 non
1879 1094 1951 1146 sit
1995 1092 2065 1146 ab

498 1192 647 1246 omni
721 1188 1146 1260 reprehensione
1220 1188 1497 1251 alienum,
1553 1183 1636 1238 vel
1710 1183 1891 1253 potius
1947 1198 2065 1237 ma-

496 1296 737 1353 gnopere
794 1277 1149 1344 laudandum,
1198 1279 1246 1331 si
1295 1287 1442 1331 recte
1496 1274 1722 1344 etjuste
1750 1273 2067 1344 judicetur?

500 1374 567 1427 Et
620 1380 736 1426 haec
792 1370 1012 1441 quidem
1073 1383 1220 1423 nunc
1272 1367 1455 1423 scribo
1511 1366 1578 1420 ad
1633 1365 1887 1434 pietatem
1918 1373 2062 1418 tuam

498 1478 619 1532 quae
672 1463 727 1515 in
794 1459 986 1514 litteris
1050 1459 1117 1513 ad
1173 1472 1259 1512 me
1316 1465 1371 1511 et
1416 1456 1884 1526 religiosissimum
1949 1453 2061 1509 fra-

499 1563 638 1608 trem
674 1561 923 1606 nostrum
982 1558 1037 1603 ct
1085 1549 1469 1617 coepiscopum
1552 1545 1803 1600 Proclum
1856 1544 2060 1608 missis,

495 1645 811 1713 episcopum
874 1642 1094 1713 quidem
1153 1639 1420 1703 nominet,
1482 1638 1748 1708 imprimis
1786 1640 1934 1707 pium
1997 1650 2062 1690 ac

494 1736 808 1804 religiosum
848 1732 1070 1787 Petrum
1105 1749 1120 1786 :
1152 1745 1279 1786 cum
1333 1729 1455 1799 ipse
1500 1728 1846 1789 lamentetur,
1898 1741 2066 1795 seque
2091 1725 2139 1785 B

496 1822 565 1876 ab
594 1821 836 1877 Ecclesia
864 1820 967 1876 sibi
993 1818 1255 1873 attributa
1284 1826 1479 1886 praeter
1507 1816 1772 1869 rationem
1823 1814 2060 1884 ejectum

500 1927 627 1967 esse
655 1913 820 1969 dicat.
856 1909 984 1964 Erat
1011 1918 1191 1964 autem
1219 1916 1653 1963 consentaneum
1681 1913 1740 1959 ut
1759 1906 1839 1959 vel
1878 1919 2063 1960 sacer-

494 2004 632 2058 dotii
662 2018 859 2058 nomen
886 2017 1010 2056 cum
1036 2016 1093 2055 re
1116 2001 1359 2064 haberet,
1390 1998 1493 2059 vel,
1525 1998 1571 2052 si
1601 2011 1711 2050 non
1732 1995 2063 2063 eratdignus

496 2103 557 2150 ut
583 2093 744 2148 altari
773 2100 1061 2162 prmesset,
1091 2104 1189 2145 nec
1221 2090 1336 2158 ipsa
1366 2087 1585 2158 quidem
1640 2086 1932 2156 episcopus
1965 2100 2062 2139 vo-

497 2188 710 2240 catione
737 2186 934 2254 dignus
967 2166 1279 2237 haberetur.
1313 2179 1418 2234 Sed
1450 2178 1505 2233 id
1539 2177 1771 2232 fortasse
1803 2177 1948 2247 quod
1974 2177 2060 2230 di-

497 2293 585 2344 co,
615 2278 814 2331 durum
839 2289 961 2329 esse
981 2283 1035 2327 et
1064 2272 1350 2327 churitatis
1391 2285 1587 2338 expers
1624 2268 1918 2324 videbitur.
1954 2266 2063 2322 Res

497 2376 678 2422 autem
722 2379 910 2419 revera
965 2377 1073 2417 non
1117 2362 1193 2415 ita
1223 2375 1283 2414 se
1338 2360 1518 2412 liabet.
1568 2356 1682 2412 Nos
1715 2357 1859 2412 enim
1917 2356 2060 2410 senis

500 2461 686 2528 utique
725 2454 972 2511 misereri
1013 2464 1290 2524 putamus,
1327 2453 1371 2506 si
1395 2450 1571 2506 solum
1629 2448 1678 2503 ei
1706 2463 1904 2502 nomen
1936 2447 2063 2501 reli-

501 2546 943 2619 querimus;sed
997 2543 1170 2597 multo
1227 2542 1419 2595 inclitis
1474 2548 1592 2594 erat
1642 2538 1785 2592 aliud
1843 2550 2061 2606 quoque

498 2639 870 2694 considerare.
920 2635 1068 2691 Dicit
1102 2636 1246 2689 enim
1303 2649 1363 2687 se
1411 2646 1566 2687 suam
1625 2629 1847 2698 quidem
1903 2642 2064 2697 posse

499 2744 719 2785 causam
762 2727 1015 2798 probare,
1061 2733 1117 2780 at
1153 2723 1484 2779 defensionis
1538 2731 1751 2788 tempus
1784 2718 1892 2771 sibi
1956 2732 2061 2770 nou

502 2835 626 2877 esse
657 2821 865 2883 datum,
899 2832 1000 2871 nec
1040 2813 1374 2869 auditionem
1409 2810 1727 2864 canonicam
1762 2807 1866 2862 sibi
1896 2806 2066 2861 fuisse

506 2924 847 2967 concessam.
879 2908 977 2963 Sin
1001 2915 1185 2961 autem
1216 2904 1320 2958 tale
1344 2902 1470 2972 quid
1500 2900 1705 2955 factum
1748 2906 1914 2963 esset,
1949 2897 2066 2966 ipsa

503 3009 752 3056 actorum
790 2997 1075 3068 productio
1099 2991 1587 3050 eum-convicisset
1650 3003 1803 3044 reum
1837 2986 2065 3056 imposi-

1649 287 1911 349 ΡΗΟἸἹΙ
1950 285 2451 347 ΡΑΤΒΙΑΒΟΗΕ
2481 286 2589 348 CP.

2104 409 2149 455 Α
2177 393 2477 461 Κυρίλλου
2520 393 2590 447 ἐκ
2628 391 2739 460 τῆς
2781 393 2933 461 πρὸς
2967 395 3196 463 Δόμνον
3243 393 3585 465 ἐπιστολῆς
3644 415 3754 451 κα-

3652 288 3757 353 492

2811 489 2934 538 νῶν
2948 492 2997 538 α’
3038 492 3088 554 γ’

2239 579 2288 624 α’
2312 572 2560 626 Ἕκαστα
2581 572 2686 626 τῶν
2725 573 2846 627 καθ’
2879 576 3024 644 ἡμᾶς
3049 577 3415 647 πραγμάτων,
3445 575 3580 630 ὅταν
3615 576 3751 630 εὐθὺ

2172 663 2447 733 φέρωνται
2469 665 2759 734 κανονικῆς
2783 666 3061 733 εὐταξίας,
3085 669 3277 722 οὐδένα
3311 667 3413 738 μὲν
3437 669 3573 739 ἡμῖν
3593 669 3748 721 ἐντί-

2169 772 2287 809 κτει
2307 755 2555 839 θόρυϐον,
2580 753 2912 812 ἀποῦιλάττει
2930 758 2988 812 δὲ
3011 760 3101 814 καὶ⁸
3125 763 3226 831 τῆς
3254 762 3408 832 παρά
3433 778 3601 815 τινων
3625 762 3754 815 δυσ-

2169 848 2400 917 φημίας,
2440 848 2640 917 μᾶλλον
2661 848 2719 901 δέ
2745 850 2839 902 καὶ
2866 849 2964 914 τὰς
2994 852 3142 923 παρὰ
3171 853 3278 906 τῶν
3314 849 3375 906 εὖ
3408 852 3753 923 φρονούντων

2166 938 2440 1008 εὐφημίας
2466 940 2595 1008 ἡμῖν
2627 938 2894 1010 προξενεῖ.
2927 941 3023 1003 Τίς
3055 942 3162 1011 γὰρ
3190 944 3289 996 οὐκ
3316 942 3382 996 ἂν
3428 943 3754 1007 ἀποδέξαιτο

2165 1030 2343 1099 ψῆφον
2364 1030 2716 1101 ἀπροσκλινῆ,
2732 1033 2875 1104 ἥπερ
2898 1033 2962 1085 ἂν
2992 1034 3199 1100 γένοιτο
3221 1033 3348 1103 περί
3368 1051 3531 1087 τινων
3550 1049 3565 1097 ;
3581 1034 3617 1102 ἢ
3631 1025 3753 1095 πῶς

2163 1119 2225 1171 τὸ
2245 1119 2447 1188 κρίνειν
2462 1119 2636 1188 ὀρθῶς
2658 1122 2752 1172 καὶ
2768 1122 3006 1189 ἐννόμως
3031 1123 3132 1174 οὐκ
3145 1122 3551 1190 ἀνεπίπληκτον
3568 1122 3746 1185 ἔσται,

2168 1208 2367 1277 μᾶλλον
2387 1208 2444 1261 δὲ
2464 1210 2664 1273 παντὸς
2683 1210 2906 1264 ἐπαίνου
2939 1211 3161 1281 μεστόν.
3186 1212 3297 1264 Καὶ
3320 1208 3494 1265 ταοςα
3545 1214 3747 1282 γράφω

2164 1297 2277 1350 νυνί
2308 1314 2322 1328 ’
2352 1299 2451 1368 τῆς
2483 1298 2584 1368 σῆς
2636 1297 2943 1363 θεοσεϐείας
2966 1301 3025 1352 ἐν
3052 1302 3165 1363 τοῖς
3215 1301 3410 1353 ἑαυτοῦ
3454 1302 3748 1371 γράμμασι

2162 1390 2275 1452 τοῖς
2309 1389 2550 1443 σταλεῖσι
2582 1389 2718 1460 πρὸς
2749 1390 2850 1459 ἐμέ
2897 1406 2958 1443 τε
2993 1392 3201 1444 καὶτὸν
3237 1392 3533 1445 ὁσιώτατόν
3555 1409 3617 1444 τε
3640 1394 3740 1444 καὶ

2164 1479 2570 1547 θεοφιλέστατον
2614 1480 2837 1549 ἀδελφὸν
2857 1480 3014 1551 ἡμῶν
3042 1482 3136 1533 καὶ
3178 1480 3573 1535 συνεπίσκοπον
3594 1482 3742 1552 Πρό-

2162 1568 2310 1629 κλον.
2337 1568 2633 1621 ἐπίσκοπον
2684 1568 2786 1638 μὲν
2816 1567 3209 1637 όνομαζούσης,
3239 1568 3330 1621 τὸν
3351 1567 3749 1621 εὐλαϐέστατον

2166 1658 2261 1709 καὶ
2292 1655 2717 1709 θεοσεϐέστατον
2763 1656 2967 1725 Πέτρον
2992 1673 3006 1687 ·
3032 1656 3194 1709 αὑτοῦ
3228 1656 3284 1709 δὲ
3316 1656 3615 1721 κλαίοντος,
3648 1657 3743 1709 καὶ

2165 1748 2263 1818 τῆς
2284 1747 2678 1817 ἐκνεμηθείσης
2704 1746 3030 1817 Ἐκκλησίας
3058 1746 3204 1816 αὺτῷ
3228 1747 3554 1816 παραλόγως
3588 1762 3748 1815 κεκιο,

2167 1839 2361 1910 νῆσθαι
2392 1840 2664 1907 λέγοντος.
2691 1833 2800 1890 Ἦν
2820 1838 2864 1890 δ’
2886 1837 3197 1902 ἀκόλουθον,
3226 1837 3260 1907 ἢ
3288 1837 3348 1890 τὸ
3377 1837 3477 1907 τῆς
3510 1836 3740 1907 ἱερωσύ-

2166 1954 2262 2008 νης
2292 1936 2465 2005 ὄνομα
2499 1934 2638 2005 μετὰ
2667 1933 2763 1987 τοῦ
2789 1936 3110 2006 πράγματος
3133 1933 3276 2003 ἔχειν
3319 1933 3503 1995 αὑτὸν,
3536 1932 3569 2002 ἢ
3608 1931 3741 2000 γοῦν

2167 2029 2325 2097 εἴπερ
2356 2021 2425 2097 ἦν
2454 2026 2604 2093 ἄξιος
2642 2025 2736 2079 τοῦ
2786 2027 2861 2095 μὴ
2897 2025 3227 2096 προεστάναι
3253 2021 3397 2075 θείου
3447 2021 3740 2091 θυσιαστη-

2172 2116 2311 2188 ρίου,
2341 2116 2463 2187 μηδ’
2489 2116 2624 2187 αὐτῇ
2653 2116 2915 2185 τιμᾶσθαι
2952 2117 3018 2186 τῇ
3045 2114 3234 2185 κλήσει
3262 2114 3359 2182 τῆς
3380 2111 3692 2181 ἐπισκοπῆς
3718 2128 3734 2144 ·

2168 2207 2280 2264 ἀλλ’
2310 2209 2439 2271 ἴσως
2478 2208 2678 2273 δόξειεν
2713 2208 2778 2261 ἂν
2803 2208 2869 2278 τῇ
2899 2210 2966 2277 σῇ
2995 2204 3296 2274 θεοσεϐείᾳ,
3328 2202 3565 2272 σκληρὸς
3594 2197 3738 2254 εἷναί

2165 2317 2250 2363 τις
2274 2299 2370 2354 καὶ
2403 2298 2762 2369 άφιλάλληλος
2785 2300 2814 2352 ό
2846 2299 2977 2368 παρ’
2998 2296 3132 2367 ἐμοῦ
3157 2295 3333 2362 λόγος.
3358 2295 3513 2363 Ἔχει
3553 2294 3613 2347 δὲ
3639 2295 3740 2363 οὐχ

2167 2391 2309 2445 οὕτω
2330 2391 2472 2445 κατὰ
2495 2391 2557 2443 τὸ
2589 2389 2808 2459 ἀληθές.
2852 2389 3102 2459 Ἑλεῆσαι
3133 2387 3239 2457 γὰρ
3268 2386 3409 2455 τάχα
3437 2401 3544 2437 που
3577 2385 3737 2453 νομί-

2168 2482 2333 2552 ζομεν
2363 2481 2452 2535 τδν
2490 2480 2821 2551 πρεσϐύτην,
2858 2480 3027 2550 μόνην
3059 2477 3325 2547 αὐτῷτὴν
3357 2475 3550 2545 κλῆσιν
3570 2473 3741 2541 ἀφέν-

2168 2591 2259 2637 τες
2292 2591 2306 2606 ·
2347 2573 2542 2643 μακρῷ
2572 2572 2630 2624 δὲ
2653 2568 2721 2643 ἦν
2755 2571 2978 2642 ἄμεινον
3012 2569 3263 2639 ἐννοῆσαι
3294 2569 3389 2620 καὶ
3418 2564 3481 2619 τὸ
3501 2565 3691 2634 ἕτερον
3713 2578 3731 2593 ·

2169 2667 2368 2734 φάσκει
2391 2664 2521 2733 γὰρ,
2552 2662 2812 2715 δύνασθαι
2858 2660 2957 2732 μὲν
2993 2660 3257 2728 συστῆναι
3281 2660 3349 2729 τῇ
3379 2656 3560 2726 οἰκείᾳ
3599 2656 3739 2707 ὑπο-

2167 2754 2348 2826 λήψει,
2385 2755 2445 2807 οὐ
2466 2753 2646 2807 λαϐεῖν
2667 2753 2723 2807 δὲ
2753 2752 2941 2822 καιρὸν
2973 2750 3267 2818 ἀπολογίας
3296 2764 3311 2779 θ
3337 2746 3463 2802 οὔτε
3491 2747 3602 2816 μὴν
3647 2747 3741 2799 dx-

2173 2849 2357 2916 ρόασιν
2387 2845 2533 2916 αὑτῷ
2580 2843 2923 2913 προτεθεῖναι
2970 2841 3277 2910 κανονικην.
3316 2838 3381 2891 Εἰ
3410 2837 3470 2890 δὲ
3496 2835 3738 2904 ἐγεγόνει

2168 2954 2223 2989 τι
2244 2935 2501 3001 τοιοῦτον,
2525 2934 2663 3005 αὑτὴ
2688 2935 2796 2988 τῶν
2822 2933 3229 3004 ὑπομνημάτων
3265 2930 3300 3000 ἠ
3351 2944 3619 2990 συστασις
3659 2926 3740 2978 δι-

2175 3024 2404 3096 ήλεγξεν
2443 3025 2506 3079 ἂν
2540 3025 2724 3089 αὐτὸν,
2757 3023 2789 3095 ἢ
2823 3024 3018 3078 ἁλόντα
3064 3024 3178 3086 τοῖς
3208 3020 3528 3089 αἰτιάμασιν
3560 3019 3743 3088 ἔνοχον

503 3101 683 3148 torum
712 3090 816 3161 ipsi
870 3088 1188 3148 criminum,
1224 3100 1320 3139 nec
1370 3089 1513 3138 esset
1545 3080 1690 3151 quod
1743 3095 1803 3134 se
1865 3078 2065 3148 injuria

2171 3071 2649 3185 δίποπέφασμένον,
2682 3071 2789 3166 κά(
2813 3071 3181 3183 saevive—1';
3450 3110 3631 3161 εἰπεῖν

502 3182 762 3239 aﬂ‘ectum
791 3186 1109 3252 quereretur
1134 3176 1253 3244 ;vel
1286 3181 1434 3230 certe
1462 3170 1773 3226 absolutum
1811 3183 1934 3222 eum
1967 3166 2066 3220 dc-

501 3276 746 3338 clarans,
773 3286 966 3327 rursus
1018 3269 1341 3324 concederet
1399 3273 1459 3319 ut
1503 3271 1760 3335 praeesset
1812 3258 2069 3313 Ecclesiae

504 3380 627 3435 quae
651 3365 726 3418 illi
758 3362 1000 3431 subjecta
1028 3358 1151 3414 fuit.
1179 3357 1316 3413 Cum
1347 3364 1529 3411 autem
1576 3352 1715 3407 uiltil
1744 3348 1946 3405 factum
1998 3347 2070 3403 sit

507 3454 796 3525 ejusmodi,
826 3455 895 3507 de
920 3467 977 3506 re
995 3452 1211 3519 quidem
1240 3449 1347 3502 altu
1379 3460 1508 3501 voce
1534 3443 1803 3514 queritur,
1827 3448 1882 3495 et
1926 3440 2070 3493 intu-

506 3548 791 3606 lerabilem
852 3544 1103 3615 injuriam
1151 3558 1212 3597 se
1265 3539 1398 3595 dicit
1447 3538 1745 3606 accepisse,
1784 3543 1839 3588 et
1882 3532 2069 3599 inique

503 3640 737 3708 ejectum
802 3650 945 3699 esse,
1001 3633 1261 3703 adjicieus
1325 3643 1440 3683 rem
1478 3640 1694 3681 omnem
1748 3622 2067 3677 faniiliarem

507 3744 664 3785 suam
698 3727 1003 3795 ademptam
1035 3724 1137 3778 sibi
1170 3721 1362 3776 fuisse.
1404 3716 1520 3772 Tua
1552 3718 1732 3785 itaque
1781 3715 2065 3773 sanctitas,

492 3814 862 3869 considerans
890 3821 944 3865 et
973 3811 1115 3880 quod
1146 3807 1256 3881 44.
1295 3806 1495 3861 divinis
1542 3803 1841 3859 canonibus
1892 3800 2069 3855 sanci-

508 3918 619 3963 tum
641 3915 745 3971 est,
769 3905 986 3975 etquod
1025 3902 1284 3957 Ecclesiae
1314 3897 1592 3960 convenit,
1628 3896 1802 3965 iisque
1831 3894 1922 3962 qui
1942 3898 2069 3945 sunt

506 4000 560 4053 in
592 4012 752 4055 sacro
793 3995 1098 4051 ministerio
1122 3992 1342 4054 initiati,
1384 4000 1437 4043 et
1468 3997 1782 4042 nostrarum
1809 3994 2068 4054 praeterea

503 4090 809 4145 litterarum
838 4087 1104 4142 rationem
1133 4084 1360 4144 ducens,
1389 4081 1550 4135 sistat
1584 4077 1732 4132 senis
1760 4076 2064 4144 lacrymas;

502 4184 627 4237 etsi
650 4182 780 4235 velit
836 4178 1052 4249 quidem
1109 4190 1233 4229 cum
1264 4173 1331 4227 iis
1360 4171 1567 4242 judicio
1617 4165 1946 4223 contendere
1975 4162 2068 4230 qui

504 4273 735 4330 crimina
765 4271 819 4325 in
838 4284 963 4325 eum
988 4268 1305 4330 intendunt,
1345 4263 1486 4333 apud
1520 4260 1867 4317 sanctitatem
1919 4264 2065 4309 tuam

509 4379 604 4431 pro
642 4377 798 4416 more
827 4361 1017 4430 litiget,
1061 4372 1172 4412 una
1198 4356 1406 4411 scilicet
1431 4348 1810 4407 assistentibus
1835 4346 1929 4417 qui
1973 4345 2064 4399 tibi

506 4456 742 4509 subsunt
792 4450 1067 4521 episcopis
1136 4446 1243 4502 nisi
1282 4446 1422 4500 forte
1480 4444 1692 4512 aliquos
1745 4446 1961 4494 recusat
2008 4448 2066 4491 ut

505 4549 812 4610 suspector.
842 4535 1061 4591 Nullum
1092 4535 1238 4589 enim
1271 4528 1810 4602 religiosissimorum
1850 4526 2061 4594 episco-

507 4644 698 4700 porum
748 4630 802 4682 in
860 4627 1084 4679 fratrem
1132 4622 1355 4676 inimico
1387 4634 1512 4675 esse
1552 4618 1734 4671 animo
1766 4614 2064 4669 credimus.

506 4717 585 4774 Ne
617 4725 801 4772 autem
830 4715 917 4770 hic
965 4720 1255 4784 prmtextus
1302 4709 1545 4764 futurum
1602 4707 1669 4760 de
1704 4720 1770 4758 eo
1800 4703 2066 4773 judicium

504 4811 789 4874 dissolvat,
821 4816 883 4862 ut
931 4821 1038 4859 non
1076 4804 1197 4874 jure
1226 4802 1429 4856 factum
1461 4813 1583 4853 esse
1637 4795 1905 4859 videatur,
1959 4808 2067 4846 non

506 4916 667 4971 grave
697 4909 779 4954 est
827 4915 856 4952 a
910 4911 1173 4952 consessu
1231 4895 1424 4949 abesse
1463 4904 1655 4945 eorum
1696 4888 1791 4959 qui
1831 4885 2067 4955 suspecti

506 4998 635 5048 sunt
669 4991 902 5059 aliquos.

576 5152 631 5207 ὅ.
654 5145 1285 5204 Renuntiationisaulem
1304 5139 1516 5195 libellos
1544 5151 1651 5191 non
1674 5148 1771 5190 sua
1793 5132 2070 5187 voluntate

508 5243 607 5299 sed
636 5241 802 5296 veluti
832 5239 883 5293 vi
915 5254 979 5292 ac
1014 5244 1183 5302 metu,
1222 5242 1277 5287 et
1320 5232 1627 5300 aliquorum
1677 5224 1840 5280 minis
1862 5238 1919 5278 se
1958 5235 2069 5276 tra-

507 5334 714 5388 didisse
745 5331 894 5387 dicit.
923 5327 1042 5383 lam
1080 5342 1208 5380 vero
1229 5325 1335 5378 alia
1354 5336 1572 5393 quoque
1601 5333 1690 5374 res
1715 5325 1954 5386 est,qute
1976 5331 2067 5370 ec-

505 5423 827 5481 clesiasticae
856 5417 1240 5477 consuetudini
1286 5431 1394 5470 non
1425 5416 1622 5483 placet,
1663 5411 1857 5465 oll‘erre
1887 5425 2067 5464 sacer-

503 5514 659 5568 dotes
694 5511 907 5580 aliquos
963 5503 1384 5563 renuntiationis
1413 5501 1649 5556 libellos.
1698 5497 1833 5553 Nam
1863 5496 1908 5551 si
1942 5505 2069 5550 sunt

503 5600 651 5670 digni
681 5599 774 5669 qui
823 5610 978 5652 sacra
1023 5591 1286 5664 mysteria
1317 5590 1538 5651 obeant,
1565 5588 1620 5641 in
1669 5586 1738 5640 iis
1770 5594 2065 5646 maneant;

502 5692 586 5744 sin
607 5701 784 5744 autem
814 5686 1045 5759 indigni,
1071 5699 1170 5741 nec
1202 5697 1299 5754 per
1353 5678 1814 5737 renuutiationcm
1845 5674 2066 5744 quidem

2169 3206 2493 3276 ἠδικημένον
2521 3221 2535 3235 ·
2562 3206 2595 3275 ἢ
2627 3203 2757 3273 γοῦν
2778 3202 3060 3273 ἐλεύθερον
3099 3201 3445 3270 ἀποφήνασα,
3478 3197 3558 3261 ὡς
3582 3198 3745 3251 πάλιν

2170 3297 2340 3350 ἐδίδου
2388 3295 2449 3348 τὸ
2493 3295 2823 3365 προεστάναι
2872 3294 2970 3363 τῆς
3026 3291 3372 3361 Ἐκκλησίας,
3407 3289 3443 3358 ἢ
3499 3290 3598 3341 καὶ
3640 3286 3745 3340 ὑπὸ

2168 3389 2328 3458 χεῖρα
2380 3387 2571 3455 γέγονε
2623 3384 2722 3455 τὴν
2765 3383 2929 3437 αὐτοῦ
2976 3398 2991 3412 ·
3046 3382 3258 3444 οὐδενὸς
3301 3379 3359 3432 δὲ
3410 3377 3742 3448 πεπραγμέ-

2168 3494 2260 3530 νου
2276 3474 2517 3530 τοιούτου
2550 3514 2566 3540 ,
2632 3472 2875 3543 καταϐοᾷ
2934 3470 3029 3525 τοῦ
3096 3470 3423 3542 πράγματος
3459 3508 3478 3536 ,
3526 3467 3744 3521 ἀδικίαν

2167 3568 2438 3638 ἀφόρητον
2476 3565 2770 3635 ὑποστῆναι
2825 3579 2983 3635 φησι,
3029 3562 3126 3616 καὶ
3171 3562 3427 3627 ἀθέσμως
3480 3557 3742 3626 ἐκϐεϐλῆ-

2173 3660 2341 3724 σθαι,
2385 3658 2747 3728 προσεπάγων
2811 3657 2892 3709 δτι
2956 3655 3050 3708 καὶ
3106 3652 3364 3724 ἡρπάσθη
3427 3652 3613 3705 πάντα
3671 3650 3741 3703 τά

2170 3749 2320 3819 αὐτῷ
2361 3746 2709 3819 προσήκοντα
2737 3746 3017 3816 χρήματα.
3050 3746 3116 3797 Ἦ
3146 3745 3212 3815 σὴ
3259 3742 3551 3812 τοιγαροῦν
3596 3740 3739 3794 65:6-

2166 3856 2266 3909 της
2316 3837 2567 3891 ἐννοοῦσα
2596 3836 2778 3889 καὶτὸ
2807 3837 2920 3898 τοῖς
2971 3833 3137 3896 θείοις
3182 3831 3371 3886 κανόσι
3411 3829 3624 3892 δοκοῦν,
3648 3829 3740 3880 καὶ

2166 3930 2228 3983 τὸ
2258 3929 2467 4000 πρέπον
2520 3926 2815 3998 Ἐκκλησία
2840 3925 2935 3978 καὶ
2968 3925 3080 3986 τοῖς
3101 3921 3454 3991 τεταγμένοις
3482 3921 3563 3983 είς
3592 3919 3739 3988 ἱερὰν

2167 4019 2531 4088 λειτουργίαν,
2558 4015 2638 4068 ἐτι
2667 4032 2728 4068 τε
2767 4016 2903 4084 πρὸς
2942 4012 3153 4075 τούτοις
3184 4014 3280 4065 καὶ
3307 4011 3375 4064 τά
3407 4009 3539 4080 παρ’
3580 4008 3738 4078 ἡμῶν

2166 4111 2547 4182 δυσωπηθεῖσα
2601 4111 2923 4181 γράμματα,
2977 4106 3228 4177 στησάτω
3277 4104 3374 4157 τοῦ
3428 4102 3735 4174 πρεσϐύτου

2165 4208 2227 4261 τὸ
2250 4207 2500 4278 δάκρυον.
2540 4206 2650 4258 Καὶ
2677 4206 2724 4256 εἰ
2759 4204 2856 4273 μὲν
2882 4202 3056 4255 ἕλοιτο
3084 4197 3413 4254 δικάσασθαι
3447 4198 3586 4269 πρὸς
3614 4196 3737 4257 τοὺς

2169 4298 2475 4364 ἐπάγοντας
2501 4294 2650 4364 αὑτῷ
2677 4295 2774 4356 τὰς
2797 4291 2995 4354 αἰτίας,
3029 4288 3330 4351 δικαζέσθω
3356 4289 3501 4341 κατὰ
3520 4287 3583 4339 τὺ
3611 4287 3734 4338 εἰω-

2098 4402 2143 4458 ο
2172 4388 2261 4450 θὸς
2295 4387 2388 4439 ἐπὶ
2411 4386 2509 4456 τῆς
2537 4387 2637 4455 σῆς
2688 4383 3016 4446 θεοσεϐείας,
3066 4380 3465 4450 συμπαρόντων
3496 4377 3733 4447 δηλονότι

2166 4478 2273 4532 τῶν
2297 4476 2401 4531 ὑπὸ
2420 4477 2519 4546 τὴν
2545 4475 2713 4545 αὐτῆς
2736 4476 2896 4545 χεῖρα
2917 4471 3359 4525 θεοσεϐεστάτων
3376 4467 3693 4520 ἐπισκόπων
3716 4478 3733 4494 ⁸

2167 4571 2345 4636 ἐκτὸς,
2384 4571 2432 4622 εί
2466 4568 2539 4639 μὴ
2565 4565 2882 4636 παραιτοῖτό
2909 4580 3061 4626 τινας
3087 4561 3163 4625 ὡς
3192 4561 3473 4622 ὑπόπτους
3508 4574 3526 4591 ο
3548 4555 3737 4609 οὐδένα

2173 4662 2272 4733 μὲν
2303 4660 2414 4733 γάρ
2453 4660 2561 4713 τῶν
2582 4656 3014 4711 θεοσεϐεστάτων
3049 4653 3363 4708 ἐπισκόπων
3396 4648 3568 4721 ἐχθρά
3608 4663 3737 4717 φρο-

2167 4756 2278 4807 νεῖν
2314 4751 2527 4821 ἀδελφῷ
2558 4747 2906 4818 πιστεύομεν.
2932 4746 3052 4801 Ἰνα
3090 4745 3146 4798 δέ
3173 4745 3249 4814 μὴ
3279 4742 3552 4813 πρόφασις
3599 4738 3735 4806 αὕτη

2167 4846 2393 4913 γένηται
2430 4842 2528 4913 τὴν
2552 4840 2818 4911 ἐσομένην
2844 4838 2930 4892 ἐπ’
2957 4838 3107 4908 αὐτῷ
3139 4836 3321 4907 κρίσιν
3353 4830 3733 4903 παραλύουσα,

2169 4935 2306 5008 πρὸς
2337 4934 2398 4988 τὸ
2429 4934 2506 5005 μὴ
2538 4935 2596 4986 ἐν
2635 4932 2757 5001 δίκῃ
2789 4927 3119 4996 πεποιῆσθαι
3168 4927 3370 4989 δοκεῖν,
3418 4923 3575 4977 οὐδέν
3622 4924 3733 4974 ἐστι

2168 5028 2233 5080 τὸ
2254 5024 2457 5079 λυποῦν
2479 5026 2699 5077 ἀπεῖναι
2716 5022 2810 5075 τοῦ
2834 5019 3108 5088 συνεδρίου
3126 5018 3236 5071 τῶν
3257 5019 3315 5070 ἐν
3336 5013 3546 5085 ὑποψίᾳ
3566 5012 3733 5071 τινάς.

2238 5124 2287 5188 γ’
2317 5117 2463 5180 ’Τοὺς
2506 5115 2563 5169 δὲ
2594 5116 2695 5184 τῆς
2737 5113 3123 5182 παραιτήσεως
3150 5105 3450 5171 λιϐἑλλους,
3480 5104 3542 5157 οὐ
3598 5103 3735 5155 κατὰ

2168 5210 2487 5282 προαίρεσιν
2515 5206 2742 5271 οἰκείαν,
2787 5203 2902 5258 ἀλλ’
2942 5202 3018 5264 ὡς
3053 5202 3112 5267 ἐξ
3159 5199 3405 5267 ἀνάγκης
3432 5194 3527 5249 καὶ
3574 5192 3733 5263 φόϐου

2168 5302 2384 5371 καὶτῆς
2415 5317 2574 5353 τινων
2595 5300 2695 5352 ἀπε
2708 5296 2845 5365 ιλῆς,
2881 5290 3155 5347 ἐπιδοῦναί
3191 5306 3325 5360 φησι
3355 5302 3369 5317 ο
3401 5286 3500 5341 καὶ
3541 5285 3734 5352 ἑτέρως

2167 5397 2250 5460 δὲ,
2281 5393 2515 5466 πρᾶγμά
2538 5394 2685 5443 ἐστιν
2703 5389 2829 5443 οὑτε
2864 5389 2975 5449 τοῖς
3000 5386 3099 5455 τῆς
3142 5378 3474 5450 Ἐκκλησίας
3506 5377 3735 5447 ἀρέσκον

2168 5487 2410 5558 θεσμοῖς,
2443 5485 2504 5537 τὸ
2531 5483 2807 5544 λιϐέλλους
2843 5478 3228 5549 παραιτήσεως
3253 5470 3561 5542 προσάγειν
3585 5466 3735 5523 τινὰς

2165 5578 2275 5631 τῶν
2300 5574 2619 5647 ίερουργῶν.
2647 5572 2711 5626 Εί
2751 5571 2860 5641 γάρ
2886 5572 3021 5623 εἰσιν
3047 5567 3189 5633 ἄξιοι
3243 5562 3339 5617 τοῦ
3379 5560 3732 5630 λειτουργεῖν,

2169 5671 2411 5725 ἔστωσαν
2441 5670 2499 5722 ἐν
2524 5666 2698 5736 τούτῳ
2727 5678 2741 5695 ·
2780 5665 2828 5718 εί
2863 5662 2922 5716 δὲ
2965 5658 3172 5723 ἀνάξιοι
3205 5655 3283 5728 μὴ
3319 5654 3432 5708 ἀπὸ
3470 5649 3735 5723 παραιτή-
