3904 6248
221 176 328 241 493

972 175 1375 239 SYNTAGMA
1412 177 1890 239 CANONUM.—
1927 178 2075 239 TIT.
2104 177 2156 250 Ι,
2191 178 2348 238 CAP.
2391 178 2491 252 VI,
2532 178 2664 240 VII.

3368 181 3476 246 494

226 305 365 352 σεως
398 286 686 356 ἐξίτωσαν,
711 290 1152 359 κατεγνωσμένοι
1188 291 1247 343 δὲ
1288 290 1489 361 μᾶλλον
1535 292 1631 343 ἐπὶ
1661 289 1801 361 πρά-

1938 299 2125 355 xeant,
2168 292 2261 346 sed
2296 293 2482 362 potius
2537 302 2757 363 propter
2796 302 2946 364 gesta
3001 294 3374 369 condemnati,
3406 302 3475 356 de

226 397 438 452 γμασιν
474 397 491 412 ο
520 374 596 434 ὧν
626 380 692 434 ἀν
718 397 803 443 τις
836 380 1034 448 πολλὴν
1068 382 1356 453 ποιήσαιτο
1386 382 1485 451 τὴν
1513 380 1807 451 καταβοὴν,

222 474 302 536 ὡς
330 473 435 537 ἔξω
465 474 769 543 τρεχόντων
802 472 981 538 πάσης
1018 472 1362 536 ἀκολουθίας.
1409 472 1681 542 Πρόσειπε
1710 471 1810 542 τὴν

226 562 378 633 παρὰ
408 562 492 615 σοὶ
516 562 875 633 ἀδελφότηταο
906 564 964 615 σὲ
985 564 1018 633 ή
1041 562 1138 615 σὺν
1166 563 1299 633 ἡμῖν
1327 564 1386 615 ἐν
1412 561 1602 633 Κυρίῳ
1636 577 1808 630 προσ·-

227 654 511 727 αγορεύει.

235 747 345 800 Τοῦ
401 745 587 799 αὐτοῦ
633 745 702 798 ἐκ
757 742 866 811 τῆς
906 742 1054 810 πρὸς
1097 742 1167 796 ἐν
1212 742 1395 809 Λιϐύῃ
1448 741 1545 795 καί
1587 744 1808 795 Πεντα-

333 840 509 891 πόλει
535 838 910 901 ἐπισκόπους
940 834 1294 902 ἐπιστολῆς,
1333 834 1535 887 κανὼν
1580 841 1629 887 α’
1653 841 1703 902 γ’

298 936 371 983 α’.
413 931 627 982 Νεωστ“ι
672 930 1053 1002 γεγαμηκότες
1086 925 1252 990 τινὲς,
1286 926 1379 978 καὶ
1402 921 1513 978 οἷον
1539 925 1599 989 ἐξ
1627 925 1807 981 αὐτῶν

224 1020 563 1083 καταϐάντες
598 1019 705 1074 τῶν
728 1021 1050 1089 νυμφώνων,
1077 1016 1485 1087 συναρπάζουσί
1517 1033 1669 1079 τινας
1702 1016 1809 1069 τῶν

224 1113 659 1178 θεοφιλεστάτων
687 1113 1025 1175 ἐπισκόπων,
1060 1109 1154 1162 καὶ
1190 1108 1405 1172 οὐδενὸς
1434 1109 1576 1178 τάχα
1608 1126 1711 1161 που
1742 1110 1810 1162 τὰ

225 1204 349 1256 κατ’
401 1205 600 1267 αὐτοὺς
652 1205 1118 1272 ἀπαγγέλλοντος,
1154 1200 1585 1274 χειροτονοῦνται
1620 1200 1809 1271 κληρι-

224 1298 311 1348 κοὶ
344 1296 517 1366 ἤγουν
541 1296 931 1365 πρεσϐύτεροι.

296 1395 368 1455 γ’.
406 1388 626 1457 Ἐπειδὴ
660 1388 845 1440 τοίνυν
890 1389 1025 1459 πρὸς
1063 1387 1370 1457 οἰκοδομὴν,
1398 1386 1473 1449 ὼς
1507 1385 1663 1456 ἔφην,
1701 1384 1809 1437 τῶν

220 1480 373 1533 λαῶν
401 1481 581 1533 πάντα
613 1482 718 1550 χρὴ
748 1480 1086 1550 πράττεσθαι
1114 1481 1244 1553 παρ’
1276 1479 1453 1549 ἡμῶν,
1482 1478 1811 1550 ἐπιτηρείτω

219 1570 403 1624 ταῦτα
438 1572 473 1641 ἡ
502 1570 783 1624 θεοσέϐεια
817 1572 991 1640 ὑμῶν,
1023 1572 1117 1623 καὶ
1148 1572 1197 1623 εἰ
1237 1571 1423 1640 μέλλοι
1452 1588 1535 1634 τις
1567 1587 1810 1640 χειροτο-

1913 383 2114 451 quibus
2140 382 2431 452 quisquam
2454 391 2788 452 conquestus
2822 382 2986 438 fuerit
3032 384 3108 437 uti
3140 400 3170 439 a
3204 396 3354 441 recto
3386 403 3479 441 or-

1913 476 2042 531 dine
2076 476 2480 532 aberrantibus.
2518 476 2704 532 Saluta
2744 476 3138 532 fraternitatem
3170 496 3293 548 qua:
3334 482 3478 552 apud

1910 573 1965 620 te
2014 574 2097 621 est
2138 584 2154 634 ;
2194 582 2317 637 quae
2354 576 2438 623 est
2491 569 2633 639 apud
2691 583 2815 636 nos,
2858 578 2910 623 te
2947 570 3003 625 in
3044 569 3273 626 Domino
3334 572 3481 627 salu-

1912 665 2012 712 tat.

1915 748 2172 817 Ejusdem
2199 750 2437 818 epistola:
2469 750 2537 803 ad
2572 752 2839 819 episcopos
2869 751 2959 820 qui
2997 760 3118 804 sunt
3140 753 3196 805 in
3224 751 3391 822 Libya
3432 761 3483 807 et

2348 843 2652 911 Pentapoli,
2679 859 2902 896 canones
2936 845 2988 909 1,
3021 845 3074 899 5.

1983 935 2034 989 1.
2071 934 2302 1001 Quidam
2332 935 2427 1004 qui
2467 950 2668 989 uxores
2695 943 2942 989 recenter
2974 935 3263 1001 duxerunt,
3298 943 3354 991 et
3416 950 3485 990 ex

1914 1012 2051 1098 ipsis
2080 1026 2247 1081 veluti
2308 1026 2567 1080 thalamis
2608 1026 2836 1096 egressi,
2867 1026 3080 1094 aliquos
3103 1040 3170 1080 ex
3199 1028 3486 1082 sanctissi-

1912 1118 2016 1172 mis
2039 1116 2311 1186 episcopis
2347 1117 2638 1185 arripiunt,
2688 1125 2743 1170 et
2780 1116 2929 1169 nullo
2957 1117 3023 1170 de
3047 1116 3128 1170 eis
3181 1117 3369 1185 utique
3393 1132 3485 1172 re—

1912 1211 2222 1274 nuntiante,
2255 1208 2584 1263 ordinantur
2616 1206 2804 1262 clerici
2836 1221 2930 1261 seu
2972 1206 3271 1277 presbyteri

1982 1384 2032 1437 1.
2055 1382 2323 1449 Quoniam
2354 1397 2487 1453 ergo
2517 1383 2584 1438 ad
2611 1383 3128 1446 aediﬁcationem,ut
3148 1382 3281 1445 dixi,
3316 1397 3490 1453 popu-

1910 1475 2112 1541 lorum,
2138 1476 2318 1529 omnia
2351 1474 2509 1546 45a
2544 1475 2704 1531 nobis
2747 1475 2993 1529 facienda
3028 1483 3190 1536 sunt,
3227 1476 3340 1529 haec
3392 1490 3487 1527 ve—

1912 1578 2023 1621 stra
2060 1568 2314 1622 observet
2342 1569 2535 1637 pietas,
2571 1577 2626 1623 et
2664 1568 2711 1622 si
2768 1576 2853 1623 est
2882 1567 3099 1637 quidem
3155 1567 3489 1620 ordinandus

221 1632 770 1733 veiaeatt'xlqptxog,
822 1632 1270 1733 ereptspyaCéaoui
1316 1662 1407 1715 τὸν
1450 1632 1806 1731 βίον-ἀὖτοῆ

1938 1660 2168 1725 :lericus,
2195 1660 2262 1714 de
2290 1660 2399 1714 vita
2425 1660 2544 1729 ejus
2596 1660 2855 1729 inquirat,
2893 1667 2949 1713 et
2982 1673 3051 1712 an
3103 1674 3326 1712 uxorem
3386 1658 3487 1713 ha—

226 1755 323 1806 καὶ
353 1754 587 1824 πότερόν
620 1770 751 1806 ποτε
781 1754 1027 1824 γαμετὴν
1052 1754 1217 1825 ἔχειῆ
1248 1751 1332 1819 οὓ,
1357 1754 1450 1805 καὶ
1475 1752 1589 1816 πῶς
1615 1753 1649 1822 ἢ
1682 1753 1811 1806 πότε

218 1846 490 1913 ἠγάγετο,
509 1844 604 1898 καὶ
631 1846 681 1897 εί
704 1845 995 1916 ἀπέσχετο,
1023 1846 1119 1898 καὶ
1147 1845 1196 1897 εἰ
1232 1844 1307 1914 μή
1336 1860 1419 1906 τις
1445 1843 1566 1896 ἐστὶ
1589 1843 1696 1896 τῶν
1722 1844 1815 1896 ἐκ·

220 1936 608 2008 ϐεϐλημένων,
646 1937 680 2008 ἢ
717 1938 849 2006 παρ’
884 1938 1073 2007 ἐτέρου
1126 1934 1551 1989 θεοσεϐεστάτου
1587 1936 1810 1989 ἐπισκόο

223 2031 426 2102 που,ῆ
478 2030 544 2082 ἐκ
606 2030 987 2100 μοναστηρίων
1020 2046 1032 2058 ³
1088 2028 1185 2082 καὶ
1232 2027 1356 2081 τότε
1416 2027 1814 2097 χειροτονείτω,

220 2124 555 2194 ἀδιάϐλητον
589 2121 906 2191 εὑρεθέντα.
941 2121 1287 2192 Τηρήσωμεν
1318 2117 1426 2188 γὰρ
1452 2117 1597 2171 οὕτω
1642 2117 1815 2172 καθα-

223 2214 321 2284 ρὸν
342 2214 438 2267 καὶ
465 2212 525 2266 τὸ
552 2211 763 2266 ἑαυτῶν
789 2211 1047 2275 συνειδὸς,
1076 2210 1171 2265 καὶ
1190 2207 1518 2280 ἀδιάϐλητον
1541 2209 1638 2279 τὴν
1667 2209 1817 2280 ἱερὰν

220 2306 320 2357 καὶ
355 2304 563 2375 σεπτὴν
589 2304 955 2374 λειτουργίαν.

325 2417 625 2484 Θεοφίλου
664 2415 732 2469 ἐκ
766 2414 871 2469 τοῦ
908 2416 1367 2486 ὑπομνηστικοῦ
1412 2415 1616 2470 κανὼν
1645 2421 1720 2479 ς’.

300 2505 380 2571 ς’.
412 2507 549 2571 Περὶ
606 2506 715 2559 τῶν
772 2506 1101 2575 ὀφειλόντων
1154 2509 1615 2578 χειροτονεῖσθαι,
1665 2498 1819 2569 οὗτος

223 2600 374 2652 ἔστω
406 2599 575 2662 τύπος
595 2614 610 2628 ·
642 2598 719 2662 ὥς
755 2615 817 2651 τε
848 2599 957 2652 πᾶν
986 2599 1048 2651 τὸ
1090 2600 1353 2669 ἱερατεῖον
1384 2600 1694 2669 συμφωνεῖν
1730 2598 1822 2649 καὶ

224 2690 530 2762 αἱρεῖσθαι,
573 2690 668 2744 καὶ
700 2690 824 2743 τότε
877 2691 968 2745 τὸν
1017 2692 1316 2745 ἐπίσκοπον
1354 2690 1701 2761 δοκιμάζειν·
1728 2689 1823 2741 καὶ

224 2784 613 2845 συναινοῦντος
666 2782 817 2853 αὑτῷ
878 2782 973 2836 τοῦ
1036 2784 1340 2854 ίερατείου,
1386 2784 1712 2854 χειροτονεῖν
1765 2782 1823 2833 ἐν

227 2875 381 2945 μέσῃ
419 2878 485 2944 τῇ
533 2874 821 2943 ἐκκλησίᾳ,
854 2872 1125 2944 παρόντος
1153 2873 1248 2925 τοῦ
1278 2872 1409 2925 λαοῦ
1438 2874 1532 2926 καὶ
1562 2889 1823 2942 προσερω-

1913 1752 2055 1817 beat,
2087 1767 2294 1816 annon,
2343 1761 2397 1806 et
2445 1765 2683 1821 quonam
2709 1752 2870 1805 modo
2899 1750 3075 1813 duxit,
3107 1761 3161 1804 et
3199 1750 3484 1814 abstinuit,

1912 1848 1967 1894 et
1991 1842 2038 1895 si
2066 1856 2173 1895 non
2198 1849 2283 1895 est
2309 1840 2510 1910 aliquis
2539 1854 2606 1894 ex
2629 1840 2697 1896 iis
2726 1840 2818 1909 qui
2837 1840 2997 1909 ejecti
3022 1849 3147 1894 sunt
3184 1854 3214 1894 a
3244 1839 3483 1894 sanctis-

1913 1929 2054 1985 simo
2084 1929 2348 1999 episcopo
2401 1930 2487 1983 vel
2534 1944 2602 1983 ex
2632 1930 2967 1984 monasterio
3011 1947 3025 1983 :
3062 1938 3191 1985 tunc
3214 1929 3261 1984 si
3310 1928 3488 1983 incul-

1914 2030 2073 2091 patus
2108 2022 2363 2077 inventus
2389 2021 2577 2088 fuerit,
2611 2022 2848 2077 ordinet.
2886 2022 2963 2076 Ita
2985 2022 3131 2076 enim
3165 2032 3219 2077 et
3243 2030 3488 2077 nostram

1917 2113 2307 2168 conscientiam
2345 2128 2539 2183 puram
2562 2113 3038 2178 conservabimus,
3071 2121 3126 2167 et
3157 2113 3491 2183 inculpatum

1917 2220 2135 2261 sacrum
2166 2221 2233 2261 ac
2263 2205 2579 2261 venerabile
2604 2209 2956 2276 mysterium.

2231 2402 2517 2473 Theophili
2535 2405 2921 2459 commonitorii
2940 2419 3111 2458 canon
3137 2404 3189 2459 6.

1995 2492 2047 2547 6.
2080 2493 2154 2548 De
2180 2493 2249 2549 iis
2276 2496 2366 2564 qui
2403 2496 2693 2551 ordinandi
2726 2497 2989 2551 sunthaec
3016 2497 3121 2549 erit
3163 2494 3339 2548 forma
3370 2512 3384 2547 :
3420 2492 3493 2547 Ut

1923 2584 2185 2655 quidquid
2212 2595 2295 2640 est
2344 2587 2702 2641 sacerdotalis
2740 2586 2951 2639 ordinis
2982 2587 3288 2640 consentiat
3317 2593 3371 2638 et
3394 2583 3500 2636 eli-

1924 2685 2045 2745 gat;
2082 2685 2135 2729 et
2164 2684 2295 2730 tunc
2315 2676 2606 2746 episcopus
2624 2678 2917 2738 examinet,
2942 2676 3024 2729 vel
3047 2674 3097 2728 ei
3120 2675 3283 2728 etiam
3309 2688 3499 2727 assen-

1927 2768 2093 2821 tiente
2112 2768 2435 2821 sacerdmali
2464 2768 2658 2822 ordine
2706 2770 2758 2821 in
2790 2767 2967 2821 media
2993 2767 3225 2821 ecclesia
3261 2766 3498 2829 ordinet,

1927 2870 2190 2928 praesente
2234 2859 2453 2927 populo,
2486 2860 2537 2912 el
2567 2859 2827 2927 episcopo
2856 2858 3188 2927 alloquente,
3220 2873 3287 2911 an
3328 2860 3494 2911 etiam

224 2966 452 3029 νοῦντος
500 2966 596 3019 τοῦ
645 2966 972 3029 ἐπισκόπου,
1000 2966 1049 3018 εἰ
1080 2965 1175 3019 καὶ
1204 2965 1234 3017 ό
1268 2964 1396 3028 λαὸς
1416 2963 1639 3018 δύναται
1674 2962 1822 3033 αὐτῷ

1938 2951 2101 3019 possit
2126 2952 2172 3006 ei
2206 2953 2440 3020 populus
2472 2950 2613 3006 ferre
2644 2951 3040 3005 testimonium.
3088 2948 3373 3005 Ordinatio
3400 2965 3502 3004 au-

228 3061 543 3130 μαρτυρεῖν
582 3058 891 3130 χειροτονία
924 3057 980 3111 δὲ
1012 3057 1285 3128 λαθραίως
1318 3057 1393 3128 μὴ
1431 3056 1663 3125 γινέσθω
1684 3073 1698 3087 ⁸
1724 3056 1822 3123 τῆς

224 3153 346 3222 γὰρ
392 3150 721 3221 Ἐκκλησίας
772 3151 998 3220 εἰρήνην
1052 3149 1315 3218 ἐχούσης,
1349 3148 1552 3219 πρέπει
1604 3148 1826 3200 πάντων

223 3241 343 3293 τῶν
374 3240 546 3308 ἁγίων
581 3240 683 3302 τὰς
717 3239 1052 3310 χειροτονίας
1081 3240 1175 3292 ἐπὶ
1202 3238 1301 3308 τῆς
1346 3237 1641 3309 ἐκκλησίας
1680 3238 1830 3306 γίνε-

228 3332 387 3387 σθαι.
442 3332 533 3385 Ἔν
575 3332 634 3384 δὲ
678 3334 746 3402 τῇ
791 3330 999 3400 ἐνορία,
1024 3331 1074 3383 εἰ
1120 3329 1219 3399 μὲν
1250 3328 1684 3399 κοινωνήσαντές
1718 3326 1828 3379 εἰσί

226 3440 384 3487 τινες
414 3427 536 3485 ταῖς
575 3421 685 3475 τῶν
733 3420 1180 3491 κοινωνησάντων
1240 3419 1513 3490 γνώμαις,
1560 3420 1635 3489 μὴ
1678 3418 1829 3472 ἄλλοι

229 3514 778 3587 χειροτονείσθωσαν,
812 3511 948 3566 ἀλλὰ
985 3510 1097 3565 τῶν
1121 3510 1338 3583 ἀληθῶς
1361 3510 1659 3581 ὸρθοδόξων
1692 3508 1829 3578 κλη-

231 3609 411 3679 ρικῶν
458 3607 894 3678 δογματιζόντων
916 3644 931 3667 ,
966 3604 1233 3675 παρόντος
1276 3603 1438 3657 πάλιν
1469 3601 1564 3654 τοῦ
1605 3600 1831 3653 ἐπισκό·

230 3719 366 3762 που,
396 3701 495 3752 καὶ⁵
525 3696 973 3770 προσφωνοῦντος
1010 3694 1278 3765 παρόντος
1309 3692 1405 3746 τοῦ
1451 3689 1581 3746 λαοῦ
1620 3691 1783 3761 μόνον
1812 3730 1829 3756 ,

230 3794 323 3847 ἵνα
352 3792 429 3861 μὴ
472 3789 780 3861 περιδρομή
813 3804 898 3851 τις
926 3786 1165 3858 γίνηται.

305 3881 529 3934 Βιϐλίον
575 3885 646 3933 α’.
687 3880 795 3933 τίτ.
825 3877 895 3946 γ’.
923 3876 1063 3931 διάτ.
1106 3876 1195 3948 ιβ’,
1229 3875 1273 3929 λ’
1321 3875 1431 3946 μβ’,
1463 3876 1570 3946 μζ’.
1605 3874 1703 3945 νβ’.
1737 3875 1832 3927 καὶ

229 3961 343 4016 τίτ.
376 3958 423 4013 α’
472 3959 581 4011 τῶν
614 3957 847 4029 νεαρῶν,
888 3956 1030 4011 διάτ.
1058 3953 1126 4020 α’,
1162 3957 1229 4025 β’,
1267 3955 1353 4020 ιζ’.
1390 3956 1559 4027 νεαρὰ
1590 3961 1666 4019 ς’,
1698 3950 1829 4024 ρλζ’.

303 4051 451 4120 Περὶ
512 4050 607 4103 τοῦ
672 4051 747 4120 μὴ
790 4050 987 4120 χρῆναι
1026 4051 1139 4112 τοῖς
1167 4048 1343 4117 ὄχλοις
1370 4045 1685 4117 ἐπιτρέπειν
1721 4045 1832 4098 τῶν

229 4146 435 4216 ἱερέων
467 4143 749 4213 ἐπιλογήν.

305 4236 568 4290 ΚΕΦΔΛ.
596 4233 673 4289 -Z'.
710 4264 779 4276 -—
815 4231 1088 4289 Συνόδου
1125 4230 1478 4295 Λαοδικείας
1503 4231 1706 4283 κανὼν
1736 4234 1827 4296 ιγ’.

231 4337 329 4400 ιγ’.
399 4328 544 4397 Περὶ
592 4326 700 4381 τοῦ
745 4325 831 4396 μὴ
891 4324 1017 4391 τοῖς
1076 4324 1285 4393 ὄχλοις
1330 4321 1671 4389 ἐπιτρέπειν
1729 4320 1835 4385 τὰς

224 4422 501 4491 ἐκλογὰς
568 4419 863 4473 ποιεῖσθαι
937 4416 1059 4472 τῶν
1138 4416 1492 4486 μελλόντων
1553 4413 1835 4468 καθίστα-

221 4519 379 4572 σθαι
410 4516 461 4566 εἰ
465 4532 500 4578 ς
518 4512 831 4579 ἱερατείαν.

344 4601 625 4657 Συνόδου
668 4600 915 4665 Νικαίας
952 4598 1018 4651 τὸ
1057 4597 1339 4665 δεύτερον
1385 4595 1587 4650 κανὼν
1626 4600 1695 4662 γ’.

300 4697 378 4760 γ’.
415 4691 607 4744 Πᾶσαν
637 4687 818 4757 ψῆφον
848 4688 1142 4757 γινομένην
1184 4687 1335 4756 παρὰ
1382 4686 1680 4757 ἀρχόντων,
1709 4686 1831 4737 ἐπι-

227 4784 471 4847 σκόπου,
515 4781 551 4849 ἧ
601 4779 995 4850 πρεσϐυτέρου,
1029 4778 1062 4847 ἢ
1106 4778 1377 4842 διακόνου,
1408 4777 1611 4847 ἄκυρον
1648 4777 1835 4846 μένειν

226 4876 376 4929 κατὰ
420 4874 518 4925 τὸν
569 4872 773 4925 κανόνα
800 4872 890 4924 τὸν
922 4870 1185 4938 λέγοντα⁸
1218 4870 1283 4922 Et
1311 4885 1395 4930 τις
1416 4867 1715 4928 ἐπίσκοπος
1744 4883 1836 4919 κο-

228 4968 459 5037 σμικοῖς
508 4964 742 5034 ἄρχουσι
788 4962 1156 5032 χρησάμενος,
1198 4959 1266 5013 δι’
1308 4959 1490 5012 αὐτῶν
1533 4955 1834 5027 ἐκκλησίας

226 5057 506 5125 γένηται,
551 5050 955 5123 καθαιρείσθω⁹
990 5052 1086 5103 καὶΙ
1132 5047 1579 5119 ὰφοριζέσθωσαν
1637 5046 1732 5098 καὶ
1785 5046 1833 5097 ot

227 5146 631 5209 κοινωνοῦντες
678 5142 828 5213 αὐτῷ
878 5143 1102 5204 πάντες.
1138 5142 1231 5193 Δεῖ
1276 5140 1386 5208 γὰρ
1429 5139 1520 5191 τὸν
1573 5136 1836 5207 μέλλοντα

230 5237 674 5309 προϐιϐάζεσθαι
704 5238 785 5299 είς
810 5235 1136 5304 ἐπισκοπὴν,
1177 5233 1281 5286 ὑπὸ
1314 5230 1633 5284 ἐπισκόπων
1666 5227 1835 5296 ψηφίσ

231 5332 467 5396 ζεσθαι,
522 5328 710 5390 καθὼς
764 5329 915 5397 παρὰ
954 5327 1065 5379 τῶν
1106 5325 1279 5394 ἁγίων
1326 5323 1588 5392 Πατέρων
1636 5319 1746 5372 τῶν
1777 5320 1835 5370 ἐν

232 5421 449 5491 Νικαίᾳ
481 5420 719 5490 ὥρισται
750 5420 807 5470 ἐν
838 5417 916 5488 τῷ
948 5417 1132 5470 κανόνι
1168 5414 1248 5486 τῷ
1276 5414 1527 5482 λέγοντι,
1578 5409 1831 5464 Ἐπίσκοο

233 5529 340 5566 πον
367 5514 669 5583 προσήκει,
702 5528 755 5563 κ.
781 5527 830 5563 τ.
862 5509 913 5564 λ.

310 5619 356 5651 ⁵ο
393 5619 533 5674 Can.
572 5620 638 5673 51
678 5620 906 5687 apostol.
998 5619 1042 5650 "
1082 5617 1219 5709 Cau.
1250 5619 1302 5671 4.

1933 3050 2039 3095 tem
2077 3058 2181 3096 non
2220 3043 2315 3096 ﬁat
2342 3042 2675 3097 clanculum.
2704 3042 2945 3097 Ecclesia
2979 3042 3125 3096 enim
3179 3056 3368 3111 pacem
3400 3042 3505 3095 ba-

1931 3135 2094 3189 bente
2138 3136 2292 3189 decet
2326 3134 2694 3204 praesentibus
2722 3135 2927 3189 sanctis
2971 3115 3346 3188 ordinationes
3389 3132 3506 3186 ﬁeri

1930 3227 1984 3281 in
2014 3226 2282 3281 ecclesiis.
2308 3225 2368 3279 In
2400 3225 2621 3293 regione
2647 3234 2829 3280 autem
2868 3224 2915 3280 si
2943 3225 3036 3292 qui
3068 3226 3201 3286 sint,
3227 3224 3322 3294 qui
3356 3238 3509 3279 com-

1930 3316 2327 3371 municantium
2358 3315 2558 3370 animis
2591 3314 3160 3379 communicaverint;
3191 3328 3301 3367 non
3350 3313 3510 3368 aliter

1929 3409 2274 3470 ordinentur,
2296 3422 2461 3477 quam
2495 3406 2586 3470 iis,
2613 3405 2706 3476 qui
2746 3413 2880 3460 sunt
2901 3420 3026 3459 vere
3056 3403 3349 3459 orthodoxi
3394 3404 3511 3459 cle-

1931 3502 2052 3567 rici,
2082 3499 2549 3563 examinantibus,
2578 3505 2848 3568 praesente
2899 3510 3091 3551 rursus
3111 3495 3393 3564 episcopo,
3453 3500 3512 3548 et

1933 3602 2262 3664 praesentem
2293 3592 2552 3661 populum
2583 3590 2918 3661 alloquente,
2960 3602 3028 3644 ue
3061 3586 3363 3643 intercedat
3404 3584 3511 3640 ali-

1932 3701 2038 3756 qua
2071 3684 2492 3741 circumventio.

2008 3864 2222 3918 Textus.
2281 3862 2404 3917 Lib.
2472 3861 2596 3917 cod.
2626 3861 2679 3922 1,
2711 3859 2796 3915 tit.
2848 3860 2904 3923 5,
2936 3856 3157 3913 constit.
3190 3856 3278 3921 12,
3305 3854 3397 3919 50,
3420 3852 3510 3922 ἐξ,

1934 3954 2024 4017 47,
2057 3952 2160 4016 52,
2198 3960 2252 4005 et
2288 3952 2374 4005 tit.
2423 3950 2448 4004 1
2486 3949 2831 4003 Novellarum
2861 3946 3085 4002 constit.
3110 3945 3165 4007 1,
3202 3943 3239 3997 2
3265 3953 3318 3999 et
3351 3942 3438 3997 17.

2006 4043 2338 4097 Electionem
2370 4040 2715 4095 sacerdotum
2747 4037 3079 4107 promiscuae
3119 4034 3257 4104 plebi
3287 4032 3517 4103 permit-

1937 4135 2150 4189 tendam
2193 4149 2300 4186 non
2333 4146 2476 4186 esse.

1989 4224 2099 4297 46
2124 4225 2275 4280 CAP.
2328 4222 2444 4276 Vll.
2472 4251 2541 4261 —-
2571 4219 2799 4275 Concilii
2845 4217 3131 4272 Laodiceni
3175 4232 3344 4269 canon
3378 4216 3467 4269 15.

1868 4305 1911 4359 Ῑ)
1938 4318 2024 4371 15.
2071 4314 2113 4368 T
2117 4314 2259 4368 urbis
2310 4329 2414 4366 non
2448 4327 2560 4366 esse
2602 4309 3031 4379 permittendum,
3067 4323 3248 4361 eorum
3271 4307 3362 4375 qui
3392 4311 3516 4359 sunt

1938 4411 1994 4463 in
2018 4408 2312 4463 sacerdotio
2350 4404 2703 4461 constituendi
2737 4402 3043 4456 electionem
3074 4400 3267 4469 facere.

2295 4580 2530 4636 Concilii
2570 4578 2779 4632 Nicwni
2815 4590 2877 4639 ιι,
2911 4591 3080 4629 canon
3108 4576 3164 4630 5.

2013 4674 2066 4727 5.
2109 4671 2339 4726 Omnem
2387 4666 2707 4723 electionem
2737 4682 2861 4735 qua:
2897 4667 2958 4720 lit
3004 4681 3034 4720 a
3085 4664 3519 4734 magistratibus,

1944 4763 2211 4833 episcopi,
2244 4760 2327 4815 vel
2382 4760 2705 4830 presbyteri,
2742 4759 2826 4812 vel
2859 4757 3099 4822 diaconi,
3147 4756 3356 4811 irritam
3401 4770 3523 4809 ma-

1947 4869 2100 4918 nere,
2155 4870 2221 4909 ex
2280 4866 2491 4907 canone
2545 4851 2761 4905 dicente
2808 4866 2823 4904 :
2879 4849 2934 4903 Si
2976 4849 3103 4918 quis
3166 4848 3454 4918 episcopus
3472 4845 3521 4878 '°

1947 4946 2308 5001 saecularibus
2334 4943 2756 5014 magistratibus
2790 4956 2946 5007 usus,
2974 4956 3069 5010 per
3097 4954 3194 4995 eos
3231 4936 3519 4993 ecclesiam

1946 5034 2271 5099 obtinuerit,
2331 5032 2642 5101 deponatur
2698 5038 2753 5084 et
2808 5039 3145 5099 sesi-egetur,
3208 5033 3264 5080 et
3328 5037 3521 5078 omnes

1943 5128 2040 5198 qui
2073 5142 2199 5182 cum
2246 5141 2313 5181 eo
2342 5124 2772 5180 communicant.
2809 5121 3036 5193 Oportet
3081 5119 3229 5175 enim
3268 5131 3393 5171 eum
3426 5116 3520 5183 qui

1941 5230 2026 5276 est
2081 5219 2490 5290 promovendus
2556 5217 2624 5271 ad
2679 5216 3054 5286 episcopatum
3124 5212 3193 5265 ab
3248 5208 3522 5279 episcopis

1939 5314 2087 5383 eligi,
2147 5308 2611 5381 quemadmodum
2670 5322 2701 5362 a
2755 5306 2961 5361 sanctis
3013 5302 3265 5358 Patribus
3326 5296 3521 5353 Nicaeae.

1939 5405 2218 5457 decretum
2253 5408 2340 5454 est
2387 5401 2442 5453 in
2500 5412 2734 5458 canone,
2772 5396 2863 5465 qui
2913 5393 3135 5457 dicit“;
3188 5388 3514 5459 Episcopum

1943 5503 2179 5564 oportet,
2211 5503 2343 5558 cte.,
2377 5501 2433 5546 ut
2465 5508 2584 5563 pag.
2619 5490 2741 5544 467.
