3904 6248
414 235 527 303 495

1576 228 1831 291 ΡΗΟΤῙΙ
1868 229 2368 290 PATRIARCH/E
2410 229 2517 289 (ΣΡ.

3561 229 3659 292 496

484 347 638 405 CAP.
673 346 812 414 Vlll.
842 376 909 387 --
952 344 1089 411 Quid
1142 344 1187 398 si
1232 345 1452 398 exsistat
1513 345 1863 397 contradictio
1925 344 1977 394 in

2154 342 2401 414 ΚΕΨΑΛ.
2445 344 2510 396 Η.
2547 372 2615 414 -τ
2646 341 2781 414 Περὶ
2830 340 2939 414 τῆς
2978 341 3291 414 γινομένης
3322 343 3655 413 ἀντιλογίας

404 422 640 492 episcopi
672 419 996 473 ordinatione
1019 416 1045 468 Γ

727 509 953 564 Concilii
987 507 1320 574 Autiocheni,
1357 522 1527 560 canon
1577 506 1664 560 l9.

486 600 574 656 l9.
609 598 909 668 Episcopus
956 611 1025 650 ne
1061 595 1368 659 ordinetur,
1408 605 1514 650 etc.
1537 632 1553 658 ,
1596 604 1656 647 ut
1694 608 1818 665 pag.
1855 592 1980 649 475.

669 689 892 745 Concilii
937 687 1386 757 Carthaginensis,
1435 703 1605 740 canon
1648 686 1737 740 50.

416 783 556 851 Quot
595 782 723 835 addi
776 780 994 834 debeant
1058 778 1287 849 episcopi
1331 793 1546 831 numero
1594 776 1984 841 ordinaturum,

484 876 531 929 si
560 874 623 927 de
661 872 957 927 ordinando
986 872 1224 941 episcopo
1251 870 1410 939 fuerit
1438 868 1841 921 contradictum.

490 1049 580 1104 50.
616 1047 720 1103 Sed
743 1055 798 1103 et
820 1047 952 1102 illud
972 1054 1056 1103 est
1078 1045 1422 1102 statuendum
1438 1047 1482 1077 ⁸⁸
1517 1043 1653 1115 (16),
1679 1053 1739 1098 ιιι
1766 1042 1989 1113 quando

414 1141 482 1197 ad
529 1139 838 1210 eligendum
893 1138 1211 1207 episc0pum
1269 1137 1731 1203 convenerimus,
1784 1135 1831 1190 si
1879 1148 1989 1204 qua

414 1228 773 1285 contradictio
806 1226 973 1282 fuerit
1007 1227 1218 1292 oborta,
1253 1226 1381 1296 quia
1413 1224 1541 1279 talia
1592 1231 1819 1279 tractata
1860 1230 1991 1279 sunt

416 1322 561 1390 apud
595 1334 719 1385 nos,
752 1332 861 1372 non
891 1327 1226 1388 praesumant
1253 1314 1359 1386 47
1386 1315 1453 1369 ad
1475 1314 1820 1385 purgandum
1861 1328 1987 1369 eum

418 1412 513 1482 qui
530 1411 865 1465 ordinandus
882 1419 985 1474 est,
1002 1418 1110 1463 tres
1124 1408 1362 1479 episcopi
1380 1407 1637 1462 sufﬁcere
1656 1424 1670 1460 :
1690 1406 1785 1462 sed
1808 1413 1991 1476 postu-

422 1504 565 1555 letur
592 1500 658 1553 ad
689 1514 979 1553 numerum
1007 1497 1449 1568 supradictorum
1484 1510 1625 1548 unus
1664 1494 1747 1548 vel
1782 1494 1911 1557 duo,
1935 1500 1991 1547 et

421 1590 479 1643 in
511 1588 703 1643 eadem
752 1589 906 1658 plebe
954 1588 1044 1642 cui
1084 1583 1423 1641 ordinandus
1477 1591 1579 1647 est,
1630 1582 1993 1637 discutiantur

2085 412 2182 464 ἐπὶ
2211 410 2283 479 τῇ
2322 412 2652 480 χειροτονίᾳ
2680 412 2786 465 τοῦ
2815 410 3168 464 ἐπισκόπου.

2303 502 2574 557 Συνόδου
2642 503 2992 570 Ἀντιοχείας
3073 501 3276 555 κανὼν
3363 503 3453 557 ιϐ’.

2161 595 2250 651 ιθν.
2296 596 2622 648 Ἐπίσκοπον
2646 595 2720 664 μὴ
2741 594 3182 665 χειροτονεῖσθαι,
3205 611 3259 647 κ.
3293 610 3347 647 τ.
3370 593 3425 646 λ.

2158 686 2428 742 Συνόδου
2447 686 2865 756 Καρθαγέννης
2896 684 3094 739 κανὼν
3114 704 3171 740 ν.

2086 777 2272 830 Πόσοι
2291 776 2609 830 ἐπίσκοποι
2622 776 3017 844 προστεθῆναι
3033 776 3345 845 ὀφείλουσι
3359 777 3442 840 τῷ
3456 775 3669 844 ἀριθμῷ

2159 862 2277 917 τῶν
2303 863 2825 932 χειροτονούντων,
2870 864 2977 915 ἐὰν
3018 863 3152 931 περὶ
3198 862 3305 915 τοῦ
3340 861 3669 932 μέλλοντος

2161 952 2618 1021 χειροτονεῖσθαι
2637 953 2973 1007 ἐπισκόπου
2990 953 3301 1021 ἀντιλογία
3333 952 3597 1021 γένηται.

2157 1046 2200 1098 ν’
2237 1046 2441 1098 Ἐκεῖνο
2475 1045 2531 1098 δὲ
2562 1045 2743 1117 ὁρίσαι
2763 1044 2871 1098 δεῖ·
2909 1044 3049 1097 ὥστε
3078 1045 3172 1097 ἐάν
3212 1062 3343 1098 ποτε
3391 1044 3533 1115 πρὸς
3561 1046 3673 1097 ἐπι-ι

2087 1137 2251 1208 λογὴν
2286 1138 2588 1190 ἐπισκόπου
2638 1136 2998 1206 συνέλθωμεν,
3046 1137 3375 1207 καὶάναφυῇ
3414 1154 3501 1199 τις
3528 1141 3669 1190 ἀντι-

2088 1229 2468 1297 λογία,ἐπειδὴ
2502 1229 2570 1282 τὰ
2597 1227 2824 1281 τοιαῦτα
2859 1230 2989 1299 παρ’
3018 1230 3149 1298 ἡμῖν
3179 1228 3667 1298 ἐτρακταῖσθησαν,

2087 1321 2355 1392 τολμηρὸν
2382 1316 2523 1375 εῖναι
2552 1320 2737 1374 λοιπὸν
2766 1324 2913 1393 τρεῖς
2965 1321 3157 1391 μόνους
3185 1320 3320 1392 πρὸς
3340 1320 3403 1372 τὸ
3438 1321 3667 1390 καθᾶραι

2086 1412 2178 1465 τὸν
2198 1412 2780 1485 χειροτονηθησόμενυν
2824 1411 3111 1482 εὑρεθῆναι
3131 1427 3146 1440 ’
3177 1411 3316 1465 ἀλλὰ
3344 1411 3425 1481 τῷ
3453 1412 3670 1481 προλεχ-

2090 1504 2235 1558 θέντι
2268 1504 2489 1576 ἀριθμῷ
2505 1504 2775 1576 προστεθῇ
2791 1499 2872 1568 εἷς
2898 1504 2993 1557 κα)⁸
3030 1503 3143 1556 δύο·
3163 1504 3257 1556 καὶ
3271 1506 3362 1555 ἐπὶ
3380 1502 3550 1556 αὑτοῦ
3581 1503 3666 1555 τοῦ

2090 1596 2219 1649 λαοῦ
2260 1596 2425 1650 αὑτοῦ
2474 1590 2537 1649 οὗ
2586 1596 2769 1667 μέλλει
2834 1594 3294 1666 χειροτονεῖσθαι,
3339 1594 3666 1661 ἐξετασθῶσι

421 1686 599 1755 primo
634 1694 879 1753 personae
924 1676 1439 1734 contradicentium.
1498 1673 1781 1728 Postremo
1823 1672 1989 1726 etiam

2109 1688 2312 1758 πρῶτον
2359 1688 2428 1741 τὰ
2459 1688 2726 1758 πρόσωπα
2762 1688 2870 1741 τῶν
2914 1686 3333 1754 ἀντιλεγόντων·
3363 1687 3425 1748 ἐς
3456 1686 3669 1755 ὓστερον

418 1778 510 1832 illa
529 1791 651 1846 quae
679 1774 1034 1843 objiciuntur,
1063 1777 1464 1838 pertractentur
1497 1784 1510 1819 :
1541 1773 1596 1819 et
1642 1779 1767 1818 cum
1802 1777 1995 1832 purga-

417 1880 508 1923 tus
539 1867 706 1921 fuerit
733 1866 788 1919 in
816 1870 1112 1933 conspectu
1139 1858 1379 1929 publico,
1443 1857 1518 1911 ita
1575 1856 1796 1909 demum
1847 1852 1996 1907 ordi-

419 1969 597 2014 netur.
652 1956 710 2011 Si
757 1956 862 2009 hoc
903 1968 1030 2009 cum
1062 1958 1258 2006 vestra:
1284 1946 1591 2005 sanctitatis
1642 1945 1828 1998 animo
1856 1958 1993 1998 con-

419 2051 608 2107 cordat
640 2090 656 2116 ,
742 2048 1029 2104 roboretur
1099 2052 1293 2099 vestrae
1371 2036 1699 2111 dignationis
1763 2050 1993 2105 respon-

420 2148 597 2198 sione.

489 2237 573 2290 Ab
638 2234 911 2289 universis
972 2228 1245 2298 episcopis
1319 2226 1523 2281 dictum
1593 2238 1677 2281 est
1755 2247 1767 2282 :
1850 2227 1997 2284 Satis

422 2329 620 2397 placet.

495 2415 713 2469 Temtus.
749 2413 860 2468 Tit.
896 2415 949 2469 1.
976 2411 1327 2469 Novellarum
1379 2421 1557 2469 const.
1586 2411 1612 2464 l
1643 2410 1756 2465 2et
1820 2408 1907 2475 l7,
1942 2410 1995 2463 in

419 2509 619 2577 quibus
645 2507 809 2562 etiam
844 2505 913 2560 de
969 2506 1274 2575 objectione
1302 2506 1563 2560 adversus
1593 2501 1995 2557 ordinationem

419 2599 747 2655 clericorum
776 2608 830 2652 et
854 2598 1145 2666 praesulum
1174 2595 1510 2668 [tractatur.]
1539 2594 1721 2649 Prima
1764 2606 2001 2662 namque

421 2699 600 2747 const.
628 2691 715 2746 tit.
751 2691 774 2745 l
813 2689 1157 2744 Novellarum
1180 2729 1197 2756 ,
1222 2689 1379 2759 jubet
1421 2689 1800 2758 episcoporum
1855 2684 2001 2740 ordi-

421 2781 671 2836 nationes
694 2795 878 2836 coram
909 2780 1061 2835 omni
1089 2780 1291 2848 p0pulo
1321 2778 1568 2845 ecclesia:
1596 2777 1736 2842 fieri,
1777 2777 2001 2845 insuper

422 2880 478 2927 et
504 2886 884 2941 quemcunque
940 2871 1349 2926 contradicendi
1411 2869 1723 2924 facultatem
1775 2868 1997 2922 habere.

425 2959 495 3014 Et
527 2961 571 3013 si
607 2959 829 3029 quidem
885 2968 1013 3014 ante
1058 2960 1461 3015 ordinationem
1495 2958 1854 3013 contradictio
1882 2957 1996 3020 ﬁat,

2093 1778 2223 1849 γὰρ,
2260 1778 2356 1832 καὶ¹
2397 1778 2466 1832 τὰ
2504 1778 2902 1850 προτεθειμένα
2927 1776 3264 1847 συζευχθῶσι
3285 1794 3300 1807 ·
3334 1775 3433 1828 καὶ
3458 1777 3547 1829 ὅτε
3576 1793 3667 1827 και

2095 1867 2261 1938 θαρὺς
2318 1867 2514 1938 φανείη
2563 1869 2657 1921 ἐπὶ
2688 1866 2957 1938 δημοσίας
3003 1866 3342 1937 προσόψεως,
3386 1860 3669 1927 εἷθόὖτως

2094 1957 2534 2032 χειροτονηθείη·
2583 1957 2681 2012 ἐὰν
2734 1958 2893 2011 τοῦτο
2950 1957 3283 2028 ἀποδέχηται
3342 1957 3379 2027 ἠ
3443 1957 3670 2025 ὑμετέρα

2096 2050 2490 2121 άγιωσύνη,τῇ
2537 2050 2865 2120 ὁμονοητικῇ
2923 2049 3209 2119 ἀποκρίσει
3264 2046 3357 2099 τοῦ
3417 2044 3669 2115 ὑμετέρου

2097 2139 2407 2210 ἀξιώματος
2422 2168 2427 2171 η
2444 2139 2791 2210 βεδαιωθείη.

2179 2228 2312 2283 Ἀπὸ
2332 2230 2550 2283 πάντων
2582 2229 2690 2281 τῶν
2750 2228 3065 2281 ἐπισκόπων
3109 2225 3324 2297 ἐλέχθη,
3354 2226 3512 2280 Πάνυ
3551 2226 3672 2295 ἀρέ-

2100 2334 2244 2371 σκει.

2168 2413 2357 2475 Τίτλος
2388 2410 2435 2465 α’
2487 2410 2597 2466 τῶν
2628 2411 2868 2483 νεαρῶν,
2900 2411 3041 2465 διάτ.
3067 2416 3140 2478 α’,
3173 2408 3238 2480 β’,
3276 2408 3364 2475 ιζ’,
3390 2411 3451 2462 ἐν
3483 2404 3564 2472 οἷς
3588 2407 3673 2461 καὶ

2100 2505 2228 2576 περὶ
2279 2504 2587 2572 ἀντιλογίας
2630 2502 2963 2574 χειροτονίας
3005 2502 3287 2572 κληρικῶν
3317 2501 3419 2555 καὶ
3446 2500 3673 2571 ἡγουμέ-

2102 2612 2233 2651 νων·
2272 2597 2307 2667 η
2337 2596 2436 2663 μὲν
2474 2595 2583 2666 γὰρ
2611 2592 2660 2648 α’
2692 2593 2955 2659 διάταξις,
2984 2592 3079 2647 τοῦ
3105 2590 3152 2645 α’
3183 2592 3288 2645 τίτ·
3323 2593 3442 2645 τῶν
3478 2591 3672 2660 νεαρῶν

2100 2686 2538 2760 παρακελεύεται
2577 2686 2676 2748 τὰς
2705 2686 2812 2740 τῶν
2846 2684 3162 2737 ἐπισκόπων
3199 2683 3562 2754 χειροτονίας,
3591 2682 3671 2733 ἐπὶ

2102 2779 2300 2842 παντὸς
2334 2776 2429 2831 τοῦ
2466 2776 2596 2830 λαοῦ
2643 2778 2742 2847 τῆς
2781 2774 3076 2844 ἐκκλησίας
3122 2774 3395 2842 γίνεσθαι,
3440 2774 3576 2844 πρὸς
3619 2772 3673 2824 τὸ

2101 2872 2290 2925 ἄδειαν
2319 2870 2467 2940 ἔχειν
2516 2869 2697 2924 πάντα
2736 2867 2829 2922 τὸν
2866 2866 3191 2937 βουλόμενον
3222 2864 3562 2933 ἀντιλέγεινο
3589 2865 3671 2916 καὶ

2103 2963 2153 3014 εἴ
2182 2978 2246 3029 γε
2277 2962 2383 3033 πρὸ
2421 2961 2520 3031 τῆς
2564 2959 2899 3030 χειροτονίας
2940 2959 3148 3027 γένοιτο
3176 2960 3209 3029 ἡ
3239 2957 3579 3029 ἀντίρρησις,
3605 2953 3671 3025 μὴ

424 3068 495 3108 ne
539 3052 691 3122 prius
737 3052 1012 3107 ordinatio
1051 3051 1330 3122 procedat,
1387 3066 1551 3122 quam
1597 3049 1999 3106 examinatione

2109 3053 2368 3123 πρότερον
2396 3050 2828 3123 χειροτονείσθω,
2855 3052 2985 3120 πρὶν
3019 3049 3086 3104 ἂν
3109 3051 3142 3119 ἡ
3168 3050 3418 3113 ἐξέτασις
3441 3047 3670 3116 γένηται,

424 3143 607 3198 habita
658 3144 883 3197 omnino
927 3143 1079 3196 illum
1129 3144 1474 3198 innocentem
1502 3156 1625 3196 esse
1668 3148 1898 3196 constet.
1938 3138 1998 3192 Si

425 3248 557 3288 vero
587 3242 711 3286 ante
742 3232 1203 3287 examinationem
1235 3232 1520 3286 ordinatus
1544 3229 1883 3301 [quisquam]
1909 3230 1999 3294 sit,

427 3327 475 3381 is
506 3342 612 3379 una
646 3340 771 3380 eum
801 3340 866 3378 eo
894 3325 987 3394 qui
1038 3325 1337 3387 ordinavit,
1397 3326 1709 3381 sacerdotio
1761 3325 1999 3379 excidat.

425 3417 497 3473 At
537 3417 585 3471 si
626 3417 721 3485 qui
778 3424 905 3469 ante
953 3417 1354 3470 ordinationem
1403 3416 1757 3481 contradixit,
1800 3415 2004 3469 calum-

427 3508 618 3563 niandi
659 3508 842 3561 animo
870 3521 994 3561 eum
1033 3506 1086 3561 id
1136 3506 1330 3563 fecisse
1372 3517 1648 3577 appareat,
1680 3518 1771 3562 aut
1798 3504 2000 3579 [reum]

430 3610 539 3653 non
605 3594 827 3651 damnet
877 3609 942 3649 ac
993 3595 1299 3661 convincat,
1333 3596 1494 3650 abeo
1522 3598 1614 3665 qui
1668 3596 2004 3651 ordinationi

430 3695 649 3754 praeest,
680 3684 735 3737 in
764 3690 1085 3753 perpetuum
1132 3700 1162 3736 ιι
1184 3694 1373 3738 sancta
1402 3685 1790 3738 communione
1819 3699 2004 3748 segre-

431 3784 612 3848 gctur,
650 3783 814 3845 atque
842 3776 1114 3830 ordinatio
1145 3787 1456 3845 peragatur.
1490 3776 1742 3831 Secunda
1774 3775 2002 3848 [autem]

430 3877 610 3924 const.
663 3868 910 3938 ejusdem
954 3871 1039 3922 tit.
1096 3870 1215 3924 ait:
1266 3869 1321 3923 Si
1391 3869 1753 3924 contradictio
1808 3868 1904 3922 ﬁat
1936 3869 2006 3923 ob

434 3958 648 4033 [talem]
687 3974 932 4025 causam,
971 3975 1093 4031 quas
1126 3962 1431 4016 secundum
1460 3964 1605 4032 leges
1634 3972 1726 4016 aut
1762 3976 2006 4017 canones

431 4053 836 4108 ordinationem
895 4052 1162 4123 impedire
1193 4056 1402 4124 possit;
1452 4065 1507 4109 et
1545 4074 1559 4110 :
1591 4054 1745 4120 Quod
1777 4067 2006 4127 utraque

430 4155 585 4214 parte
629 4153 912 4214 praesente,
959 4155 1054 4200 aut
1085 4147 1177 4200 ubi
1212 4155 1504 4202 accusator
1533 4149 1601 4202 ad
1649 4160 1759 4203 tres
1794 4165 2008 4205 menses

430 4237 833 4295 accusationem
863 4236 1165 4306 adimplere
1201 4238 1496 4301 distulerit,
1527 4240 1861 4294 examinatio
1891 4241 2008 4295 fieri

435 4327 706 4401 [debeat];
763 4338 860 4383 et:
901 4329 1058 4394 Quod
1092 4329 1141 4381 si
1193 4338 1486 4383 accusator
1531 4339 1621 4383 aut
1656 4346 1763 4383 non
1793 4332 2004 4399 probet,

2104 3149 2197 3201 καὶ
2225 3150 2369 3217 φανῇ
2393 3144 2729 3215 πανταχόθεν
2747 3143 3038 3205 ἀνεύθυνος
3055 3158 3069 3172 '
3097 3145 3145 3194 εί
3162 3141 3221 3194 δὲ
3244 3142 3353 3210 πρὸ
3383 3143 3485 3209 τῆς
3502 3140 3670 3215 ἐξετά-

2105 3253 2243 3298 σεως
2287 3236 2715 3306 χειροτονηθείη,
2757 3233 2851 3290 καὶ
2902 3234 3002 3302 τῆς
3043 3231 3315 3301 ίερατείας
3372 3232 3671 3283 ἐκπεσεῖται

2105 3327 2203 3380 σὺν
2230 3327 2379 3396 αὑτῴ
2403 3326 2480 3397 τῷ
2514 3326 2969 3399 χειροτονήσαντι.
2999 3323 3062 3375 Εἰ
3097 3324 3196 3393 μέν
3233 3339 3317 3375 τοι
3354 3325 3388 3375 6
3433 3321 3565 3392 πρὸς
3586 3323 3671 3388 τὴν

2104 3417 2439 3491 χειροτονίαν
2467 3414 2760 3483 ἀντειπὼν,
2801 3414 3144 3483 συκοφάντης
3169 3412 3391 3482 φανείη,
3419 3414 3452 3483 ἢ
3486 3414 3557 3483 μὴ
3580 3414 3670 3464 ἐπι

2105 3508 2334 3574 εξέλθοι,
2359 3506 2673 3578 χωριζέσθω
2719 3505 2981 3575 διηνεκῶς
3023 3507 3123 3574 τῆς
3161 3504 3319 3571 ἁγίας
3375 3501 3669 3561 κοινωνίας,

2108 3598 2259 3668 παρὰ
2292 3598 2387 3649 τοῦ
2426 3596 2524 3667 τὴν
2568 3594 2901 3666 χειροτονίαν
2947 3593 3257 3655 ποιοῦντοςθ
3289 3594 3322 3661 ἡ
3350 3591 3415 3644 δὲ
3446 3606 3668 3661 χειροτοο

2108 3687 2195 3742 νία
2220 3688 2454 3757 γινέσθω
2473 3705 2485 3718 ·
2511 3690 2543 3758 ἡ
2592 3687 2650 3741 δὲ
2682 3686 2727 3757 β’
2756 3686 2999 3751 διάταξις
3036 3684 3132 3737 τοῦ
3162 3685 3325 3738 αὑτοῦ
3360 3686 3472 3738 τίτ.
3504 3684 3668 3753 φησὶν,

2106 3779 2187 3832 ὅτι
2218 3780 2312 3833 ἐὰν
2347 3782 2381 3851 ἡ
2410 3779 2729 3851 ἀντίρρησις
2776 3780 2868 3832 ἐπὶ
2922 3778 3073 3849 αἰτίᾳ.
3118 3778 3367 3848 γένηται,
3399 3775 3672 3847 ἐμποδίσαι

2106 3871 2171 3939 τῇ
2203 3870 2508 3941 χειροτονίᾳ
2564 3868 2840 3941 δυναμένῃ
2882 3870 3023 3924 κατὰ
3070 3868 3196 3931 τοὺς
3227 3868 3431 3937 νόμους
3477 3867 3509 3937 ἦ
3560 3866 3672 3926 τοὺς

2108 3962 2338 4024 κανόνας
2358 3976 2373 3991 ⁸
2404 3962 2497 4015 καὶ¹
2552 3964 2635 4016 ὅτι
2672 3964 2938 4034 παρόντος
2990 3964 3252 4033 ἐκατέρου
3295 3961 3521 4032 μέρους,
3551 3960 3673 4029 ἠέξ-

2110 4050 2291 4115 έτασις
2338 4052 2545 4120 γίνεται
2598 4054 2631 4123 ἡ
2672 4052 2765 4107 τοῦ
2818 4056 3150 4124 κατηγόρου,
3189 4057 3281 4109 ἐπὶ
3318 4060 3475 4128 τρεῖς
3517 4055 3672 4126 μῆνας

2111 4143 2538 4213 ὑπερτιθεμένου
2598 4144 2884 4215 πληρῶσαι
2913 4148 3013 4217 τὴν
3063 4149 3437 4217 κατηγορίαν·
3467 4148 3560 4199 καὶ
3604 4146 3673 4196 ὅτι

2114 4236 2189 4307 μὴ
2216 4236 2430 4296 δεικνὺς
2474 4239 2503 4291 6
2547 4238 2852 4309 κατήγορος
2905 4238 2937 4308 ἢ
2987 4239 3337 4308 ἀποφεύγων,
3366 4239 3673 4293 ὲκὸάλλεται

2110 4326 2211 4394 τῆς
2265 4328 2533 4398 ἐπαρχίας
2559 4330 2617 4382 ἐν
2720 4333 2876 4385 οἰκεῖ.
2909 4332 2949 4383 Γ
2956 4333 3205 4401 ινομένης
3235 4332 3292 4383 δὲ
3321 4332 3423 4401 τῆς
3454 4346 3674 4403 χειροτοο

433 4429 528 4472 aut
552 4418 819 4490 aufugiat,
847 4419 1264 4488 ejiciaturextra
1290 4421 1651 4489 provinciam,
1690 4421 1744 4475 in
1772 4438 1879 4490 qua
1915 4422 1999 4475 ba-

2115 4419 2231 4483 νίας
2260 4421 2481 4492 πρὸτῆς
2503 4420 2821 4487 ἐξετάσεως,
2852 4422 2880 4474 6
2909 4422 3008 4491 μὲν
3039 4422 3442 4493 χειροτονηθεὶς
3470 4420 3675 4486 ἐξωθεῖ-

434 4511 591 4565 bitat.
640 4512 709 4564 At
738 4512 783 4565 si
813 4512 1086 4565 ordinatio
1124 4520 1252 4564 ante
1281 4512 1744 4568 examinationem
1781 4516 1892 4578 fiat,
1927 4529 2010 4568 0r-

434 4602 654 4656 dinatus
721 4600 1072 4674 [sacerdotio]
1127 4602 1239 4674 48
1298 4604 1601 4671 expellatur
1657 4622 1671 4658 :
1729 4605 2010 4659 ordinator

436 4704 615 4752 autem
648 4697 703 4751 in
732 4712 937 4751 annum
964 4713 995 4751 a
1029 4712 1188 4753 sacro
1228 4698 1529 4752 ministerio
1580 4709 1853 4761 arceatur,
1885 4700 2011 4753 uni-

436 4803 700 4857 versaque
723 4789 897 4858 ipsius
932 4789 1239 4844 substantia
1269 4790 1388 4857 ejus
1405 4788 1660 4845 Ecclesiae
1688 4792 2005 4860 applicetur.

437 4881 615 4950 Atque
654 4881 841 4934 eadem
878 4879 1039 4951 [hazc]
1069 4880 1414 4943 constitutio,
1467 4882 1630 4934 etiam
1672 4883 1727 4934 in
1781 4881 2006 4936 ordina-

435 4973 585 5025 tione
645 4972 969 5026 clericorum
1024 4973 1212 5027 eadem
1274 4972 1388 5026 vult
1433 4972 1702 5026 obtinere.
1772 4972 2002 5028 Constit.

436 5069 615 5115 autem
651 5062 715 5114 17
742 5061 987 5130 ejusdem
1016 5062 1101 5118 tit.
1132 5062 1266 5116 dicit
1304 5079 1316 5115 :
1352 5060 1407 5114 Si
1431 5061 1555 5129 quis
1587 5078 1917 5131 quacunque
1943 5065 2010 5117 dc

436 5166 601 5207 causa
643 5154 1006 5208 ordinandum
1038 5163 1277 5216 accuset,
1337 5153 1572 5223 primum
1618 5164 1927 5218 accusator,
1960 5155 2009 5208 si

438 5242 875 5297 criminationem
907 5251 1286 5310 persequetur,
1319 5242 1662 5297 examinator
1697 5260 1711 5296 :
1751 5244 1834 5298 sin
1860 5244 2006 5299 desi—

508 5378 553 5409 ⁸²
580 5378 884 5433 Concilium
912 5378 1081 5432 Al'ric.
1116 5394 1235 5449 cap.
1276 5378 1358 5431 l7.

2114 4528 2207 4564 ται
2228 4529 2242 4544 ’
2275 4514 2303 4565 ὁ
2350 4512 2408 4566 δὲ
2471 4515 2873 4584 χειροτονήσας,
2902 4514 2995 4566 ἐπὶ
3025 4514 3268 4566 ἐνιαυτὸν
3295 4514 3563 4567 κωλύεται
3587 4511 3675 4578 τῆς

2118 4601 2269 4666 θείας
2297 4603 2659 4675 λειτουργίας,
2693 4607 2787 4659 καὶ
2816 4608 2963 4659 πᾶσα
2989 4608 3022 4676 ή
3052 4607 3212 4659 οὐσία
3252 4606 3420 4658 αὑτοῦ
3453 4621 3672 4674 προσκυ·

2119 4696 2308 4765 ροῦται
2358 4699 2425 4767 τῇ
2477 4698 2601 4750 κατ’
2649 4697 2811 4751 αὐτὸν
2868 4697 3183 4767 Ἐκκλησία.
3233 4697 3297 4749 Ἦ
3326 4697 3467 4768 αὑτὴ
3496 4698 3550 4748 δὲ
3576 4694 3673 4747 διά·

2116 4788 2267 4852 ταξις
2313 4788 2454 4842 θέλει
2488 4790 2558 4843 τὰ
2588 4790 2730 4843 αὐτὰ
2777 4792 2999 4861 κρατεῖν
3052 4790 3145 4843 καὶ
3178 4791 3271 4842 ἐπὶ
3302 4794 3425 4851 ταῖς
3457 4801 3676 4859 χειροτο-

2120 4877 2259 4941 νίαις
2280 4878 2389 4931 τῶν
2423 4878 2727 4949 κληρικῶν’
2752 4882 2783 4950 ὴ
2811 4880 2869 4932 δὲ
2902 4880 2964 4944 ιζ’
2997 4878 3237 4943 διάταξις
3261 4878 3357 4929 τοῦ
3390 4877 3553 4931 αὑτοῦ
3582 4877 3672 4924 τίτ.

2120 4971 2305 5040 φησὶν,
2327 4971 2409 5023 δτι
2432 4974 2573 5034 τινος
2600 4972 3029 5042 κατηγοροῦντος
3046 5011 3059 5035 ,
3091 4972 3174 5039 ἐφ’
3204 4971 3495 5041 οξᾳδήποτε
3521 4965 3674 5034 αἰτία,

2119 5061 2213 5114 τοῦ
2262 5063 2547 5130 μέλλοντος
2584 5065 3026 5134 χειροτονεῖσθαι,
3071 5063 3307 5131 γινέσθω
3348 5064 3605 5131 πρότερον
3644 5058 3673 5123 ἡ

2119 5152 2399 5219 ἐξέτασις,
2440 5153 2535 5207 τοῦ
2570 5156 2875 5224 κατηγόρου
2906 5154 3233 5218 ἐπεξιόντος.
3281 5155 3346 5205 Εἰ
3389 5154 3445 5205 δὲ
3472 5152 3673 5204 ἀπολει-

2119 5244 2307 5315 φθῇ,ἧ
2342 5245 2727 5311 ἀναϐάλλεται,
2767 5245 2989 5298 ποιείτω
3027 5247 3123 5311 τὴν
3159 5247 3386 5316 ζήτησιν
3422 5248 3449 5297 6
3486 5241 3674 5314 μέλλων

1949 5494 2154 5550 ΝΟΤΑΕ
2167 5537 2179 5547 .

517 5603 629 5674 (16)
658 5601 827 5659 Cone.
853 5604 1107 5673 Carthag.
1143 5620 1222 5669 ιιι,
1261 5620 1377 5674 cap.
1417 5604 1505 5657 40.
1554 5602 1620 5658 Et
1674 5606 1984 5663 Fcrrandus
2023 5624 2142 5679 cap.
2178 5608 2232 5673 5,
2266 5626 2331 5665 ex
2365 5610 2537 5666 Couc.
2574 5609 2852 5682 Cartliag.,
2880 5612 2963 5666 tit.
2992 5612 3044 5666 l.
