3886 6240
221 356 324 421 4‘37

988 355 1387 420 SYNTAGMA
1426 355 1811 418 CANONUM.
1833 380 1902 389 -
1922 355 2067 416 ΤΙΤ.
2099 357 2148 429 Ι,
2178 357 2335 418 CAP.
2366 359 2531 434 VIII,
2565 361 2672 424 XI.

3377 370 3483 435 ιθε

222 473 587 544 χειροτονεῖν,¹
613 470 750 527 εἴσω
790 470 958 540 τριῶν
999 470 1186 541 μηνῶν
1211 486 1225 500 ο
1262 470 1358 523 καὶ
1384 468 1480 521 ἐὰν
1514 467 1791 525 ἀνεύθυνος

1913 473 2036 527 stat,
2102 475 2200 522 aut
2245 468 2478 535 diﬂ‘erat,
2519 472 2877 532 ordinaturus
2934 475 3074 531 intra
3107 485 3220 535 tres
3262 496 3483 540 menses

220 570 393 637 φανῇ,
422 565 691 633 παρόντος
716 563 750 633 ἢ
777 561 1192 629 ἀπολειφθέντος
1214 558 1305 614 τοῦ
1330 558 1660 628 κατηγόρου,
1689 573 1803 626 χει-

1909 566 2175 624 praesente
2204 566 2301 613 aut
2332 560 2556 616 absente
2579 572 2901 619 accusatore
2930 576 3211 635 appareat,
3252 568 3488 645 [ipsum]

221 658 552 731 ροτονείσθω
571 675 584 689 ·
619 656 714 711 καὶ
748 656 777 709 ό
803 655 1127 726 κατήγορος,
1157 653 1207 706 εἰ
1240 651 1338 721 μὲν
1370 649 1629 719 κληρικός
1658 649 1791 701 ἐστ-ιι

1913 645 2179 700 ordinato.
2232 648 2533 704 Accusator
2579 660 2764 705 autem
2810 654 2857 707 si
2902 654 3136 711 clericus
3174 657 3266 721 sit,
3308 660 3487 728 gradu.

218 750 549 804 ἐκϐάλλεται
576 748 667 803 τοῦ
695 748 907 819 βαθμοῦ
946 746 1143 801 αὑτοῦ·
1179 748 1229 799 εί
1256 745 1312 798 δὲ
1344 743 1553 808 λαῖκὺς,
1587 758 1804 812 σωφρο-

218 839 455 904 νίζεται.
481 841 593 909 Τῆς
614 840 673 892 δέ
689 838 1018 911 χειροτονίας
1034 836 1324 907 γινομένης
1355 835 1461 907 πρὸ
1480 832 1799 901 ἐξετάσεως,

217 934 325 1001 τῆς
372 931 673 1001 ἱερωσύνης
704 932 732 984 ό
764 929 1162 1002 χειροτονηθεὶς
1201 928 1296 983 καὶ
1342 929 1371 981 ό
1420 926 1802 997 χειροτονήσας

214 1022 600 1077 ὲκϐάλλονται.
632 1022 794 1090 Λέγει
831 1022 887 1076 δὲ
916 1021 984 1075 τὰ
1014 1018 1153 1074 αὐτὰ
1184 1022 1404 1091 κρατεῖν
1440 1018 1535 1071 καὶ
1561 1016 1654 1070 ἐπὶ
1683 1033 1798 1086 χει-

219 1111 442 1183 ροτονίᾳ
472 1113 807 1179 ἐπισκόπων,
842 1113 938 1165 καὶ
972 1111 1283 1182 κληρικῶν,
1330 1109 1425 1163 καὶ¹
1458 1108 1797 1179 ἡγουμένων.

285 1206 540 1260 ΚΕΦΑΛ.
572 1203 851 1271 Θ.-Περὶ
880 1202 986 1258 τοῦ
1018 1197 1329 1272 χρόνουοῦ
1347 1199 1519 1269 ἐντὸς
1544 1199 1637 1253 δεῖ
1657 1197 1800 1268 τοὺς

207 1295 595 1361 ἐπισκόπους
612 1293 1099 1364 χειροτονεῖσθαι.

475 1387 746 1442 Συνόδου
782 1385 1169 1453 Χαλκηδόνος
1194 1383 1395 1439 κανὼν
1421 1382 1519 1438 κε’.

284 1488 389 1535 κε’.
438 1480 766 1549 Ἐπειδήπερ
814 1478 957 1541 τινὲς
990 1476 1099 1530 τῶν
1141 1474 1556 1546 μητροπολιτῶν
1593 1473 1669 1538 ὡς
1698 1490 1796 1526 πε-

209 1571 584 1642 ριηχήθημεν,
632 1568 895 1639 ἀμελοῦσι
930 1567 1037 1619 τῶν
1069 1564 1565 1634 ἐγκεχειρισμένων
1614 1563 1795 1625 αὐτοῖς

204 1664 518 1733 ποιμνίων,
578 1660 675 1715 καὶ
715 1658 1106 1713 ἀναϐάλλονται
1153 1656 1253 1719 τὰς
1301 1654 1636 1725 χειροτονίας
1687 1652 1797 1706 τῶν

203 1754 554 1815 ἐπισκόπων,
578 1751 725 1815 ἔδοξε
747 1752 814 1819 τῇ
836 1748 970 1818 ἁγίᾳ
1002 1746 1226 1815 συνόδῳ,
1253 1745 1403 1819 ἐντὸς
1425 1743 1592 1814 τριῶν
1612 1743 1797 1813 μηνῶν

203 1845 462 1913 γίνεσθαι
501 1842 599 1904 τὰς
624 1840 957 1912 χειροτονίας
977 1838 1085 1892 τῶν
1120 1837 1433 1890 ἐπισκόπων
1450 1852 1467 1866 ο
1490 1838 1537 1888 εί
1563 1838 1635 1906 μή
1666 1852 1794 1888 ποτε

203 1934 323 2004 ἄρα
354 1932 731 2002 ἀπαραίτητος
758 1930 994 2000 ἀνάγκη,
1023 1929 1436 1999 παρασκευάσω
1471 1926 1794 1994 ἐπιταθῆναι

201 2026 302 2078 τὸν
347 2024 450 2087 τῆς
498 2022 768 2093 ἀναϐολῆς
811 2022 1034 2090 χρόνον.
1078 2019 1223 2074 Είδὲ
1255 2018 1329 2090 μὴ
1355 2018 1515 2072 τοῦτο
1557 2020 1792 2089 ποιήσοι,

203 2114 536 2169 ὑποκεῖσθαι
578 2114 744 2168 αὐτὸν
772 2110 1211 2183 ἐκκλησιαστικῷ
1244 2109 1524 2181 ἐπιτιμίῳ,
1553 2108 1653 2179 τὴν
1695 2109 1795 2179 μέν

198 2223 289 2260 τοι
338 2206 598 2276 πρόσοδον
632 2206 734 2274 τῆς
764 2204 1102 2275 χηρευούσης
1139 2202 1438 2274 ἐκκλησίας
1466 2200 1612 2255 σώαν
1642 2201 1793 2272 παρά

198 2298 286 2367 τῷ
314 2297 583 2366 οἰκονόμῳ
604 2296 703 2363 τῆς
735 2295 906 2363 αὐτῆς
931 2292 1230 2363 ἐκκλησίας
1259 2290 1647 2359 φυλάττεσθαι.

586 2385 857 2440 Συνόδου
888 2384 1072 2451 ἕκτης
1108 2382 1310 2436 κανὼν
1342 2382 1424 2436 ιδ’.

283 2478 367 2531 ιδ’.
409 2479 470 2531 '0
493 2477 600 2529 τῶν
642 2476 814 2544 ἁγίων
848 2475 941 2528 καὶ
991 2473 1273 2544 θεοφόρων
1327 2472 1487 2542 ἡμῶν
1532 2468 1792 2543 Πατέρων

203 2569 485 2639 κρατείτω
534 2572 715 2622 κανὼν
733 2566 827 2621 καὶ
877 2567 934 2618 ὲν
979 2564 1174 2635 τούτῳ,
1230 2564 1372 2617 ὥστε
1420 2562 1793 2634 πρεσϐύτερον

201 2662 321 2732 πρὸ
345 2661 389 2713 λ’
418 2660 575 2724 ἐτῶν,
620 2660 695 2729 μὴ
725 2657 1174 2729 χειροτονεῖσθαι,
1205 2655 1309 2709 κᾶν
1339 2658 1481 2710 πάνυ
1577 2654 1726 2719 ἄξιος
1764 2656 1793 2708 ὁ

202 2748 1093 2821 ἄνθρωπος,ἀλλ’ἁποτηρεῖσθαι.
1119 2747 1176 2801 Ὀ
1210 2746 1318 2818 γὰρ
1349 2746 1553 2817 Κύριος
1586 2744 1793 2817 Ἰησοῦς

199 2846 447 2914 Χριστὸς
480 2846 537 2897 ἐν
567 2842 645 2915 τῷ
674 2834 980 2912 τριακοστῷ
1029 2840 1139 2893 ἔτει
1191 2838 1517 2908 ἐϐαπτίσθη,
1551 2839 1647 2892 καὶ
1690 2839 1791 2909 ἧρ-

205 2937 342 3001 ξατο
359 2936 657 2989 διδάσκεινο
692 2933 895 3004 ὁμοίως
944 2932 1083 3003 μήτε
1117 2932 1365 2985 διάκονον
1398 2932 1506 3003 πρὸ
1546 2931 1655 2984 τῶν
1714 2941 1791 2984 κε’

202 3028 371 3094 ἐτῶν,
407 3027 440 3098 ἢ
470 3027 814 3082 διακόνισσαν
844 3024 951 3091 πρὸ
992 3023 1100 3077 τῶν
1139 3029 1189 3095 μ’
1213 3025 1421 3095 χρόνων
1452 3026 1787 3094 χειροτονεῖ-

202 3122 357 3176 σθαι.

285 3216 353 3268 Ἢ
405 3215 456 3286 β’
497 3214 739 3279 διάταξις
769 3214 863 3268 τοῦ
896 3220 944 3268 α’
975 3233 1082 3270 τιτ.
1126 3215 1233 3268 τῶν
1258 3213 1469 3282 νεαρῶν
1498 3229 1684 3281 φησιν,
1708 3213 1784 3264 ὅτι

205 3308 305 3362 ἐὰν
351 3307 695 3378 ὐπὲρθωνται
733 3310 783 3359 ot
807 3308 906 3378 τῆς
936 3308 1142 3371 πόλεως
1194 3307 1288 3360 ἐπὶ
1308 3304 1367 3370 ἒξ
1405 3305 1577 3375 μῆνας
1624 3304 1790 3373 ψηφίο

203 3401 407 3454 σασθαι
432 3402 525 3454 τὸν
548 3400 861 3464 ἐπίσκοπον,
882 3398 1105 3453 ποιείτω
1130 3400 1227 3469 τὴν
1262 3398 1596 3468 χειροτονίαν
1623 3390 1666 3464 ᾧ
1687 3414 1791 3448 τινι

201 3493 476 3563 ἁρμόζει,
514 3492 742 3563 κινδύνῳ
789 3494 888 3563 τῆς
940 3490 1137 3545 ἑαυτοῦ
1184 3490 1397 3560 ψυχῆς,
1456 3487 1565 3542 τῶν
1616 3487 1792 3542 ἄλλων

204 3584 429 3637 πάντων
456 3583 1053 3655 παραφυλαττομένων.

277 3697 533 3751 ΚΕΦΑΛ.
567 3697 609 3749 I.
637 3726 708 3736 —
733 3696 869 3763 Περὶ
898 3696 1004 3749 τοῦ
1027 3694 1113 3764 μὴ
1146 3692 1609 3763 χειροτονεῖσθαὶ
1659 3708 1792 3746 τινα

203 3788 549 3840 ἐπίσκοπον
585 3786 624 3854 ἣ
666 3787 1072 3854 πρεσϐύτερον
1114 3785 1153 3853 ἢ
1198 3784 1499 3849 διάκονον,
1551 3784 1693 3851 πρὶν
1751 3783 1789 3851 ἢ

203 3880 443 3944 πάντας
498 3877 639 3945 τοὺς
673 3878 741 3933 ἐν
774 3878 855 3944 τῷ
916 3878 1058 3945 οἴκῳ
1123 3877 1336 3941 αὐτοῦ,
1397 3874 1790 3944 Χριστιανοὺς

204 3971 463 4037 ὀρθοδόξ
467 3988 575 4036 ους
612 3971 875 4040 ποιήσει.

468 4125 739 4181 Συνόδου
768 4124 1148 4193 Καρθαγένης
1182 4123 1386 4177 κανὼν
1418 4122 1528 4187 λς’.

276 4236 369 4302 λς’
387 4237 552 4291 Ὥστε
582 4238 934 4300 ἐπισκόπους,
961 4239 1055 4291 καὶ⁹
1088 4236 1517 4308 πρεσϐυτέρους,
1546 4236 1639 4290 καὶ
1671 4236 1790 4290 δια-

204 4331 400 4393 κόνους
431 4331 505 4400 μὴ
527 4330 968 4402 χειροτονεῖσθαι,
1004 4331 1135 4399 πρὶν
1168 4328 1201 4399 ἢ
1237 4328 1444 4391 πάντας
1472 4330 1600 4391 τοὺς
1631 4328 1690 4380 ἐν
1710 4325 1791 4398 τῷ

206 4422 342 4491 οἴκῳ
368 4412 570 4485 αὐτῶν,
606 4423 963 4493 Χριστιανοὺς
1002 4420 1316 4489 ὀρθοδόξους
1347 4420 1687 4488 ποιήσουσιν.

278 4475 392 4566 Ιέαὶ
424 4513 457 4581 ἡ
492 4519 542 4582 η’
558 4475 810 4577 διάταξις
833 4511 927 4564 τοῦ
945 4475 997 4563 ἐ’
1019 4475 1121 4564 τίτ.
1155 4475 1249 4563 τοῦ
1287 4475 1336 4564 α’
1366 4475 1593 4579 βιϐλίου,
1625 4510 1722 4565 καὶ
1748 4512 1780 4582 ὴ
1814 4475 1865 4535 D

202 4604 300 4658 τοῦ
377 4604 446 4656 ια’
497 4604 625 4669 τίτ.,
660 4603 1028 4674 τιμωροῦνται
1105 4603 1231 4665 τοὺς
1288 4600 1635 4671 Σαμαρείτας
1689 4602 1783 4654 καὶ

205 4692 479 4763 ’Έλληνας
529 4692 950 4763 βαπτιζομένους
1008 4693 1100 4745 καὶ
1138 4693 1213 4761 μὴ
1261 4693 1638 4762 προσάγοντας
1686 4693 1785 4754 τὰς

204 4784 456 4855 γαμετὰς
517 4783 696 4838 αὐτῶν
760 4786 853 4837 καὶ
894 4784 1089 4847 παῖδας
1112 4784 1355 4847 καὶτοὺς
1376 4784 1433 4835 ἐν
1472 4784 1585 4846 τοῖς
1616 4782 1785 4845 οἴκοις

203 4876 412 4939 αὐτῶν,
438 4875 517 4945 τῷ
550 4876 689 4945 ἁγίῳ
716 4874 1071 4945 βαπτίσματι.

279 4986 533 5039 ΚΕΦΑΛ.
556 4982 663 5039 IA’.
694 4987 836 5054 Περὶ
883 4985 1003 5039 τῶν
1039 4986 1160 5040 ἀπὸ
1204 4986 1429 5040 λαῑκῶν
1468 4985 1793 5056 γινομένων

198 5078 575 5132 ἐπισκόπων.

542 5170 815 5225 Συνόδου
847 5169 1150 5238 Σαρδικῆς
1179 5169 1380 5223 κανὼν
1413 5177 1466 5222 ι’.

274 5263 311 5316 ι’
338 5262 617 5325 Ἅπαντες
643 5263 693 5314 οἱ
715 5261 1003 5315 ἐπίσκοποι
1029 5261 1393 5332 ἀπεκρίναντο
1413 5262 1669 5333 ἀρέσκειν
1693 5262 1786 5314 αύ-

197 5358 340 5422 τοῖς,
389 5356 487 5409 καὶ
532 5353 989 5425 πρεπωδεστάτην
1026 5349 1165 5407 εἶναι
1195 5353 1293 5423 τὴν
1320 5352 1630 5423 συμϐουλὴν
1655 5352 1786 5406 ταύ-

199 5466 327 5516 την.
358 5448 462 5501 Ὅσ
476 5462 547 5510 ιος
591 5446 887 5509 ἐπίσκοπος
930 5441 1074 5512 εἷπε,
1132 5445 1244 5498 Καὶ
1301 5445 1459 5498 τοῦτο
1482 5445 1785 5514 ἀναγκαῖον

200 5536 343 5593 εἶναι
394 5538 638 5608 νομίζω⁹
677 5540 726 5591 εί
760 5538 898 5608 μετὰ
939 5537 1122 5609 πάσης
1164 5536 1450 5607 ἀκριϐείας
1472 5538 1564 5591 καὶ
1594 5538 1786 5606 ἐπιμεο

201 5633 353 5697 λείας
382 5629 716 5697 ἐξετάζοιτο,
750 5631 889 5684 ὥστε
913 5629 1007 5685 ἐάν
1035 5647 1120 5694 τις
1151 5628 1461 5700 πλούσιοςῆ
1501 5627 1781 5698 σχολαστι-

1905 735 2168 805 ejicitor:
2222 738 2268 793 si
2317 739 2509 804 laicus,
2558 742 2876 813 castigator.
2927 743 2983 799 Si
3033 748 3309 803 ordinatio
3354 761 3481 804 ante

1904 829 2365 885 examinationem
2409 832 2524 897 ﬁat,
2566 835 2871 889 sacerdotio
2900 846 2954 891 et
2997 839 3277 895 ordinator
3303 850 3358 896 et
3387 857 3479 896 or-

1904 920 2124 979 dinatus
2185 923 2495 994 ejiciuntor.
2529 926 2707 996 Atque
2744 927 2882 984 dicit
2909 930 3095 995 eadem
3142 935 3391 990 obtinere
3422 936 3484 989 in.

1902 1016 2249 1071 ordinatione
2277 1018 2628 1086 clericorum,
2652 1020 3059 1092 episcoporum,
3097 1033 3151 1079 et
3180 1027 3476 1095 praesulnm

1903 1103 2439 1181 [monasteriorum].

1970 1197 2125 1253 CAP.
2156 1199 2245 1253 IX.
2279 1230 2349 1240 —
2377 1200 2533 1255 Intra
2552 1201 2693 1271 quod
2713 1210 2912 1273 tempus
2936 1206 3164 1274 episcopi
3191 1207 3476 1262 ordinandi

1900 1288 2035 1341 sint.

2180 1376 2407 1432 Concilii
2432 1377 2869 1436 Chalcedonensis
2894 1400 3064 1438 canou
3092 1384 3183 1439 25.

1976 1466 2066 1521 25.
2097 1465 2363 1534 Quoniam
2394 1468 2642 1524 nonnulli
2669 1473 3114 1540 metropolitani,
3146 1482 3208 1528 ut
3241 1488 3384 1543 saepe
3443 1491 3475 1529 a

1897 1558 2056 1613 nobis
2080 1558 2325 1614 auditum
2355 1568 2458 1624 est,
2498 1569 2552 1615 et
2588 1576 2783 1631 greges
2816 1564 2919 1618 sibi
2952 1565 3277 1622 commissos
3304 1567 3475 1637 negli-

1898 1660 2050 1720 gunt,
2089 1658 2144 1704 et
2172 1651 2552 1721 episcoporum
2610 1655 2981 1713 ordinationes
3043 1656 3317 1722 differunt.
3348 1676 3476 1715 san-

1898 1752 1999 1796 clas
2031 1742 2240 1814 synodo
2273 1744 2476 1812 placuit
2504 1753 2564 1799 ut
2593 1746 2734 1801 intra
2783 1755 2891 1802 tres
2931 1764 3145 1806 menses
3188 1752 3473 1820 episcopo—

1896 1847 2017 1885 rum
2058 1831 2429 1887 ordinationes
2480 1832 2654 1900 ﬁant,
2705 1835 2814 1891 nisi
2865 1836 3222 1895 inexorabilis
3287 1841 3481 1911 utique

1896 1924 2194 1978 necessitas
2225 1922 2465 1979 effecerit
2490 1934 2552 1980 ut
2575 1926 2857 1982 dilationis
2890 1936 3104 1997 tempus
3125 1941 3470 2000 prorogetur.

1896 2014 1950 2068 Si
1984 2025 2166 2069 autem
2197 2016 2301 2071 hoc
2330 2032 2441 2071 non
2467 2017 2717 2084 fecerint,
2740 2035 2837 2075 eos
2870 2022 3258 2078 ecclesiasticae
3299 2039 3485 2094 prensa

1895 2107 2114 2175 Sttlljici.
2147 2106 2336 2163 Vidua:
2366 2125 2497 2163 vero
2532 2111 2779 2166 ecclesia:
2831 2114 3087 2180 reditum,
3126 2117 3267 2186 apud
3299 2119 3478 2174 eccle~

1894 2196 1989 2250 sise
2026 2211 2374 2252 oeconomum
2405 2200 2617 2254 salvum
2643 2200 2934 2257 custodiri.

2023 2384 2035 2392 ’
2106 2395 2217 2468 49
2249 2396 2474 2454 Concilii
2500 2400 2804 2455 atrumenici
2835 2416 2886 2457 Vl
2936 2419 3106 2457 canon
3147 2405 3238 2459 l4.

1966 2489 2051 2544 M.
2091 2487 2415 2545 Sanctorum
2444 2490 2862 2563 divinorumque
2881 2493 3106 2549 Patrum
3150 2503 3481 2551 nostrorum.

1894 2593 2071 2632 canon
2105 2579 2157 2632 in
2192 2579 2279 2635 his
2308 2595 2527 2650 quoque
2550 2580 2748 2645 valeat,
2791 2594 2853 2636 ut
2879 2584 3162 2655 presbyter
3205 2597 3334 2641 ante
3373 2588 3472 2641 tri-

1892 2670 2042 2739 ginta
2078 2683 2252 2723 annos
2291 2684 2402 2724 non
2438 2670 2745 2737 ordinetur,
2791 2672 3005 2728 etiamsi
3033 2675 3103 2729 sit
3135 2676 3298 2730 homo
3319 2677 3471 2731 valde

1891 2758 2111 2827 dignus,
2169 2759 2263 2814 sed
2313 2771 2625 2815 reservetur
2657 2761 2726 2819 ⁸³.
2787 2761 3051 2819 Dominus
3111 2766 3258 2819 enim
3312 2765 3477 2821 Jesus

1891 2850 2141 2904 Christus
2194 2849 2469 2905 tricesimo
2500 2866 2643 2905 anno
2689 2852 2998 2922 baptizatus
3044 2864 3146 2920 est,
3200 2866 3255 2912 et
3305 2860 3474 2928 cmpit

1892 2942 2105 2996 docere.
2156 2940 2416 2997 Similiter
2463 2959 2563 2998 nec
2618 2944 2881 3001 diaconus
2927 2957 3053 3004 ante
3104 2949 3479 3020 quadraginta

1892 3049 2067 3089 annos
2090 3033 2374 3089 ordinetur
2400 3034 2467 3089 ⁸⁸.

1967 3204 2182 3264 Textus.
2216 3210 2404 3266 Const.
2431 3210 2487 3278 Ξ,
2518 3210 2602 3266 tit.
2633 3212 2659 3265 1
2705 3210 3052 3268 Novellarum
3096 3216 3212 3272 ait:
3246 3216 3303 3270 Si
3334 3216 3485 3271 civi-.

1893 3304 2020 3357 tatis
2046 3302 2257 3373 [clerici
2296 3310 2349 3357 et
2375 3301 2666 3375 primores]
2701 3303 2842 3359 ultra
2872 3320 2967 3359 sex
3005 3320 3223 3360 menses
3254 3306 3470 3375 episco-

1892 3410 2018 3464 pum
2051 3395 2347 3449 decernere
2373 3394 2646 3461 diﬂ'erant,
2676 3395 2721 3451 is
2743 3395 2835 3466 qui
2863 3395 3151 3451 ordinandi
3169 3398 3261 3467 jus
3285 3398 3481 3463 habet,

1891 3486 2132 3555 pi-riculo
2158 3487 2353 3540 animre
2387 3501 2502 3540 suae
2532 3484 2901 3558 [episcopum]
2931 3488 3220 3544 ordinato:
3256 3488 3475 3562 [atque].

1891 3581 1994 3632 alia
2028 3578 2211 3632 omnia
2242 3586 2550 3633 servantur.

1962 3689 2113 3745 CAP.
2142 3690 2211 3744 Χ.
2264 3721 2308 3730 -
2338 3690 2491 3756 Quod
2524 3708 2674 3746 nemo
2699 3694 2770 3746 sit
2797 3694 3069 3761 episcopus
3096 3691 3174 3746 vel
3208 3691 3483 3761 presbyter

1893 3783 1969 3836 vel
2040 3784 2294 3837 diaconus
2370 3784 2697 3839 ordinandus
2806 3794 3090 3856 antequam
3152 3785 3462 3838 domesticos

1891 3891 2069 3930 omnes
2101 3876 2280 3944 fecerit
2305 3876 2647 3933 orthodoxos.

2172 4134 2400 4189 Concilii
2425 4132 2858 4202 Carthaginensis
2885 4148 3057 4185 canon
3094 4132 3185 4185 56.

1964 4226 2050 4281 56.
2087 4224 2159 4280 Ut
2182 4225 2419 4295 episcopi
2456 4224 2523 4289 ⁸⁸,
2554 4232 2609 4279 et
2636 4223 2977 4295 presbyteri,
3022 4232 3075 4278 et
3100 4221 3318 4277 diaconi
3362 4237 3469 4275 non

1893 4319 2216 4373 ordinentur
2247 4317 2569 4388 priusquam
2602 4331 2796 4373 omnes
2817 4316 2908 4384 qui
2935 4325 3065 4370 sunt
3096 4316 3152 4370 in
3183 4315 3348 4370 domo
3375 4330 3469 4369 eo-

1894 4425 2037 4470 rum,
2065 4409 2409 4464 Christianos
2434 4409 2733 4464 catholicos
2758 4409 3007 4463 fecerint.

1970 4499 2188 4553 Textus.
2210 4498 2384 4553 Etiam
2413 4507 2593 4553 const.
2624 4498 2708 4563 18,
2741 4498 2822 4554 tit.
2847 4500 2902 4563 5,
2931 4499 3022 4553 lib.
3044 4514 3083 4560 ι,
3109 4505 3357 4552 etconst.
3381 4496 3468 4559 10,

1890 4588 1972 4641 tit.
2000 4587 2057 4649 2,
2084 4586 2317 4656 puniunt
2340 4583 2714 4640 Samaritanos
2735 4593 2788 4639 et
2810 4600 3051 4655 paganos
3074 4584 3394 4653 baptizatos.
3419 4584 3466 4638 si

1890 4692 2091 4732 uxores
2122 4693 2252 4731 suas
2288 4686 2340 4731 et
2366 4676 2566 4732 liberos
2595 4692 2735 4746 quos
2753 4677 2901 4730 domi
2935 4676 3160 4743 habent,
3186 4678 3252 4731 ad
3280 4690 3470 4731 sacro-

1894 4781 2145 4825 sanctum
2174 4768 2440 4837 baptisma
2464 4782 2571 4821 non
2604 4766 2901 4821 adducant.

1968 4981 2074 5052 50
2100 4980 2250 5034 CAP.
2284 4978 2528 5033 XL—De
2557 4980 2623 5034 iis
2653 4981 2742 5049 qui
2764 4981 2826 5033 de
2842 4980 2984 5034 laica
3019 4983 3312 5035 conditione
3334 4982 3481 5050 ﬁunt

1888 5071 2138 5141 episcopi.

2230 5163 2453 5220 Concilii
2492 5161 2821 5218 Sardicensis
2854 5180 3026 5218 canon
3058 5165 3138 5216 10.

1967 5257 2052 5312 10.
2081 5254 2285 5311 Omnes
2311 5255 2553 5324 episc0pi
2595 5255 2854 5308 dixerunt
2887 5254 2967 5308 eis
3000 5255 3232 5323 placere,
3272 5263 3327 5309 et
3348 5268 3471 5308 esse

1889 5349 2467 5405 convenientissimum
2488 5348 2591 5402 hoc
2619 5347 2929 5401 consilium.
2950 5346 3149 5401 Hosius
3181 5346 3483 5417 episcOpus

1888 5441 2063 5498 dixit:
2110 5439 2226 5496 Hoc
2253 5454 2470 5510 quoque
2523 5439 2890 5494 necessarium
2920 5438 3195 5502 existimo,
3249 5449 3309 5493 ut
3344 5453 3470 5492 cum

1900 5534 2047 5587 onmi
2072 5548 2204 5587 cura
2252 5542 2306 5585 ct
2334 5530 2612 5600 diligentia
2640 5531 3023 5595 examinetur;
3069 5537 3126 5583 ut
3157 5529 3202 5584 si
3244 5530 3369 5599 quis
3398 5544 3469 5584 ex

1895 5626 2011 5680 loro
2060 5623 2175 5677 sive
2229 5622 2402 5687 dives,
2453 5622 2567 5676 sive
2591 5618 2994 5686 scholasticus,
3019 5620 3310 5690 cpiscopus
3351 5618 3480 5674 tleri.

272 5745 315 5778 ’³
344 5744 592 5800 Neocaes.
636 5758 757 5799 can.
798 5744 882 5799 ll.
961 5744 1006 5777 “
1036 5743 1289 5800 Clialccd.
1322 5760 1440 5800 can.
1474 5744 1557 5798 15.
1637 5743 1681 5774 ⁸⁸
1723 5742 1890 5797 Cone.
1919 5740 2173 5810 Carthag.
2221 5752 2278 5791 Ill
2309 5775 2321 5800 ,
2353 5750 2474 5806 cap.
2506 5734 2602 5803 18;
2635 5733 2930 5790 concilium
2961 5734 3131 5791 Αἴης.
3176 5750 3295 5806 cap.
3327 5734 3395 5795 5..
