3904 6248
434 349 542 412 499

1592 349 1853 409 ΡΙΙΟΤΙΙ
1894 352 2394 412 PATRIARCHAE
2423 355 2533 414 (ΞΡ.

3590 343 3685 405 500

437 458 637 527 dignus
659 454 941 517 habeatur,
960 468 1072 508 non
1103 455 1252 522 prius
1275 455 1646 510 constituatur
1674 496 1688 519 ,
1717 473 1882 525 quam
1938 458 2000 511 le-

2118 458 2233 520 κδς,
2270 460 2377 511 ἀπὸ
2399 459 2500 529 τῆς
2532 458 2738 528 ἀγορᾶς
2766 456 2969 521 ἀξιοῖτο
2999 455 3295 519 ἐπίσκοπος
3322 452 3596 521 γίνεσθαι,
3618 454 3685 522 μὴ

437 545 605 602 οιοιείε
641 554 695 599 et
734 544 950 603 diaconi
980 553 1034 599 et
1063 544 1362 615 presbyteri
1384 545 1747 600 ministerium
1791 560 2012 615 perege-

436 638 543 691 rit:
579 645 637 689 ut
664 635 717 688 in
751 651 1079 705 unoquoque
1116 638 1310 705 gradu,
1363 638 1408 692 si
1440 638 1635 708 dignus
1669 639 2014 693 existimatus

436 726 623 790 fuerit,
654 727 720 781 ad
751 728 1096 800 episcopatus
1129 728 1405 800 fastigium
1432 746 1527 798 per
1556 730 2002 799 progressionem

433 819 607 887 possit
636 817 953 873 ascendere.
992 818 1223 873 Habebit
1249 831 1429 874 autem
1457 820 1887 889 uniuscujusque
1919 834 2008 872 or-

433 905 577 959 dinis
603 907 804 975 gradus
828 922 938 960 non
970 908 1180 961 minimi
1216 908 1426 963 sciliCet
1476 911 1737 977 temporis
1779 909 2013 977 longitu-

434 997 637 1063 dinem,
675 1012 770 1067 per
819 999 963 1067 quod
1005 1008 1059 1053 et
1105 1000 1259 1065 ﬁdes,
1302 1011 1357 1053 et
1407 1016 1618 1056 morum
1651 1001 1911 1069 probitas,
1959 1011 2013 1055 et

434 1086 765 1153 constantia,
801 1096 856 1139 et
907 1089 1211 1142 moderatio
1259 1090 1430 1158 possit
1456 1091 1714 1159 cognosci
1767 1100 1863 1145 :et
1896 1093 2012 1159 ipse

426 1178 622 1241 divino
684 1180 987 1233 sacerdotio
1034 1181 1232 1249 dignus
1284 1182 1652 1245 existimatus,
1710 1183 2007 1236 maximum

436 1269 702 1324 honorem
737 1283 1079 1341 assequetur.
1121 1273 1307 1342 Neque
1351 1275 1494 1327 enim
1525 1276 1800 1339 convenit,
1833 1290 2010 1343 neque

435 1360 664 1413 scientia
688 1369 741 1414 et
784 1362 925 1415 bona
945 1366 1286 1421 conversatio
1328 1364 1431 1417 hoc
1467 1363 1677 1433 recipit,
1718 1375 1776 1418 ut
1805 1373 2011 1421 temere

434 1460 491 1503 et
529 1452 718 1505 leviter
742 1453 808 1505 ad
864 1454 914 1507 id
956 1454 1267 1516 accedatur,
1322 1467 1377 1508 ut
1406 1457 1712 1524 episcopus,
1761 1457 1841 1509 vel
1886 1470 2009 1524 pre-

434 1540 642 1613 sbyter,
664 1543 747 1595 vel
775 1543 1040 1598 diaconus
1062 1557 1310 1616 prompte
1338 1561 1402 1599 ac
1428 1545 1585 1599 facile
1613 1546 2004 1599 constituatur.

436 1630 528 1685 Sic
568 1633 712 1685 enim
750 1633 944 1687 merito
993 1635 1304 1705 neophytus
1349 1636 1713 1700 existimetur,
1751 1636 2004 1706 quando-

430 1722 652 1793 quidem
708 1734 761 1777 et
805 1724 1157 1780 beatissimus
1198 1726 1515 1795 Apostolus,
1566 1726 1661 1795 qui
1694 1726 1798 1780 fuit
1842 1727 2003 1780 etiam

430 1814 621 1868 doctor
666 1818 927 1884 gentium,
961 1818 1311 1885 prohibuisse
1349 1820 1504 1886 plane
1537 1818 1776 1884 videtur,
1819 1834 1885 1871 ne
1914 1834 2000 1873 ce-
2030 1802 2079 1861 B

431 1907 573 1961 leres
623 1908 756 1962 ﬁant
793 1909 1165 1965 ordinationes
1211 1913 1280 1964 ⁵⁸.
1322 1910 1647 1981 Longissimi
1680 1909 1825 1963 enim
1861 1918 1998 1963 tem-

428 2001 577 2069 poris
608 2001 859 2070 probatio
882 2011 936 2055 et
960 2004 1453 2069 conversationem,
1485 2013 1539 2057 et
1563 2003 1999 2074 uniuscujusque

428 2108 609 2149 mores
639 2110 748 2148 non
779 2095 1209 2164 improbabiliter
1234 2095 1540 2165 exprimere
1566 2096 1782 2165 poterit.

427 2393 531 2464 51
558 2393 757 2465 Synodi
783 2393 1381 2466 Constantinopolitanae
1404 2399 1588 2466 prima:
1608 2407 1657 2452 et
1692 2402 1930 2452 secunda:
1948 2398 2005 2450 in

501 2466 701 2588 templo]
738 2475 1043 2520 sanctorum
1088 2468 1444 2536 apostolorum
1489 2479 1851 2539 congregatw,
1911 2483 2004 2521 ca~

496 2550 599 2587 non
707 2574 723 2588 .

499 2641 587 2694 17.
602 2640 657 2695 ln
676 2642 1079 2713 omnibuslboni
1099 2645 1453 2700 ecclesiastici
1474 2645 1681 2701 ordinis
1697 2660 1884 2699 curam
1908 2660 1998 2715 ge-

424 2742 629 2797 rentes,
660 2736 762 2788 hoc
795 2751 1017 2804 quoque
1047 2737 1273 2790 delinire
1311 2741 1679 2792 necessarium
1718 2738 1996 2800 duximus,

428 2835 488 2876 ut
514 2825 696 2881 nullus
730 2828 984 2897 deinceps
1013 2829 1205 2895 laicus,
1235 2830 1318 2883 vel
1348 2831 1647 2885 monachus
1676 2841 1893 2900 repente
1929 2830 1997 2884 ad

424 2915 786 2983 episcopalem
832 2918 1172 2972 altitudinem
1214 2921 1556 2984 eveheretur,
1595 2922 1688 2974 sed
1724 2921 1777 2974 in
1821 2920 1996 2974 eccle-

424 3006 657 3061 siasticis
703 3008 962 3077 gradibus
1006 3011 1242 3079 primum
1275 3011 1639 3075 examinatus,
1671 3011 1749 3065 sic
1785 3012 1999 3079 episco-

423 3098 560 3165 palis
585 3100 863 3170 dignitatis
894 3104 1294 3157 ordinationem
1337 3104 1658 3173 susciperet.
1699 3103 1811 3159 Etsi
1849 3105 1995 3157 enim

2117 549 2381 619 πρότερον
2428 548 2820 614 καθίστασθαι,
2847 548 2943 600 ἐὰν
2986 547 3059 617 μὴ
3094 547 3189 599 xui.
3218 544 3573 613 ἀναγνώστου
3602 545 3689 597 καὶ

2115 637 2363 690 διακόνου
2414 638 2508 691 καὶ
2562 637 2973 708 πρεσϐυτέρου,
3030 636 3334 706 ὑπηρεσίαν
3387 635 3684 686 ἑκτελέσοι·

2118 728 2203 782 ἵνα
2228 730 2349 783 καθ’
2376 731 2603 783 ἕκαστον
2634 730 2862 800 βαθμὸν,
2896 731 2990 783 ὲάν
3036 746 3140 798 περ
3186 728 3334 791 ἄξιος
3380 726 3685 801 νομισθείη,

2118 824 2198 885 είς
2233 822 2332 891 τὴν
2367 823 2530 892 ἁψῖδα
2562 823 2661 891 τῆς
2691 824 2994 893 ἐπισκοπῆς
3025 821 3162 874 κατὰ
3192 820 3476 890 προκοπὴν
3506 818 3689 885 διαδῆ-

2114 931 2201 965 ναι
2249 913 2526 983 δυνηθείη.
2556 913 2709 979 Ἕξει
2755 914 2812 966 δὲ
2852 914 3082 966 ἑκάστου
3114 913 3392 983 τάγματος
3430 913 3459 963 ὁ
3491 909 3691 978 βαθμὸς

2112 1004 2213 1055 ούκ
2234 1003 2513 1073 ἐλαχίστου
2544 1003 2783 1073 δηλονότι
2812 1003 3002 1072 χρόνου
3033 1002 3236 1072 μῆκος*
3268 1001 3336 1052 δι’
3365 995 3425 1052 οὗ
3453 1002 3487 1068 ἡ
3519 998 3690 1059 πίστις

2113 1094 2418 1156 αὐτοῦ,καὶ
2466 1096 2499 1163 ἡ
2557 1094 2665 1151 τῶν
2714 1095 3054 1163 πραγμάτων
3110 1092 3512 1159 καλοκαγαθία,
3547 1090 3690 1159 καίὴ

2114 1188 2429 1256 στερῤότης,
2460 1187 2553 1239 καὶ⁸
2581 1189 2614 1256 ὴ
2638 1188 2929 1252 ἐπιείκεια,
2947 1185 3223 1254 γνώριμος
3252 1182 3510 1252 γενέσθαι
3541 1181 3691 1249 δυνή-

2112 1293 2286 1341 σεται,
2319 1278 2409 1329 καὶ
2432 1278 2594 1341 αὐτὸς
2636 1277 2783 1342 ἄξιος
2822 1277 2920 1347 τῆς
2973 1277 3121 1339 θείας
3183 1274 3488 1345 ἱερωσύνης
3542 1289 3692 1341 νομι-

2113 1367 2288 1433 σθεὶς,
2311 1368 2407 1439 τῆς
2442 1369 2705 1440 μεγίστης
2731 1368 3024 1421 ἀπολαύσει
3054 1366 3242 1437 τιμῆς.
3260 1364 3397 1417 Οὔτε
3425 1366 3538 1433 γὰρ
3564 1380 3693 1431 προ-

2113 1459 2277 1528 σῆκόν
2340 1460 2507 1522 ἐστιν,
2544 1458 2666 1512 οὔτε
2701 1461 2735 1529 ἡ
2769 1462 3070 1531 ἐπιστήμη,
3112 1458 3235 1511 οὔτε
3266 1461 3299 1529 ή
3327 1456 3515 1525 ἀγαθὴ
3564 1456 3693 1507 ἀνα-

2112 1551 2341 1619 στροφὴ,
2373 1550 2679 1620 ἐπιδέχεται
2705 1551 2992 1621 τολμηρῶς
3036 1552 3132 1604 καὶ
3163 1550 3380 1618 κούφως
3415 1548 3514 1601 ἐπὶ
3539 1546 3693 1599 τοῦτο

2114 1639 2272 1706 ἰέναι,
2305 1640 2446 1693 ὥστε
2484 1642 2517 1712 ἢ
2569 1642 2864 1695 ἐπίσκοπον
2895 1643 2927 1713 ἢ
2962 1641 3335 1713 πρεσϐύτερον
3382 1641 3414 1709 ἦ
3448 1639 3695 1691 διάκονον

2110 1733 2417 1811 προχείρως
2461 1732 2840 1786 καθίστασθαι.
2874 1734 3028 1786 Ούτω
3060 1734 3169 1804 γὰρ
3196 1733 3260 1786 ἂν
3312 1732 3545 1793 εἰκότως
3579 1732 3694 1782 νεό-

2110 1841 2277 1892 φυτος
2300 1826 2605 1895 νομισθείη,
2627 1827 2812 1898 ἐπειδὴ
2847 1828 3082 1897 μάλιστα
3110 1828 3203 1879 καὶ
3220 1828 3248 1878 ὁ
3270 1830 3694 1897 μακαριώτατος

2118 1915 2457 1981 ’Λπόστολος,
2484 1916 2540 1980 ὃς
2577 1918 2669 1970 καὶ
2694 1918 2801 1970 τῶν
2842 1918 3013 1971 ἐθνῶν
3043 1920 3332 1987 γεγένηται
3358 1916 3695 1978 διδάσκαλος,

2107 2007 2353 2076 φαίνεται
2386 2010 2633 2073 κωλύσας
2650 2010 2868 2079 ταχείας
2900 2010 3148 2076 γίνεσθαι
3173 2012 3270 2072 τὰς
3304 2008 3690 2065 καταστάσεις-

2105 2096 2211 2149 Τοῦ
2236 2097 2344 2166 γὰρ
2376 2099 2641 2168 μηκίστου
2666 2098 2857 2168 χρόνου
2886 2101 2919 2169 ἡ
2941 2098 3253 2169 δοκιμασία,
3300 2099 3399 2167 τὴν
3429 2098 3597 2149 ἀναστ
3610 2112 3694 2161 ρο-

2118 2188 2223 2259 φὴν
2270 2191 2363 2243 καὶ
2392 2192 2481 2244 τὸν
2526 2193 2755 2247 ἑκάστου
2785 2194 2990 2261 τρόπον
3009 2235 3025 2260 ,
3054 2194 3153 2246 οὐκ
3186 2192 3497 2253 ἀπεικότως
3528 2191 3691 2242 ὲκτυσ

2115 2280 2253 2335 ποῦν
2282 2282 2588 2353 δυνήσεται.

2182 2395 2448 2451 Συνόόοιι
2493 2397 2545 2451 α’
2576 2398 2635 2461 β’
2659 2398 3178 2467 συγκροτηθεισης
3209 2398 3279 2451 ἐν
3301 2396 3383 2463 τῷ
3422 2396 3550 2464 ναῷ
3579 2397 3694 2452 τῶν

2414 2468 2599 2538 ἁγίων
2637 2469 2999 2523 ἀποστόλων
3035 2469 3237 2522 κανὼν
3268 2468 3355 2532 ιζ’.

2184 2642 2251 2706 ιζ’
2292 2644 2381 2697 Ἐν
2418 2647 2550 2698 πᾶσι
2578 2646 2678 2715 τῆς
2709 2644 3174 2715 ὲκκλησιαστικῆς
3222 2642 3479 2708 εὐταξίας
3535 2660 3693 2713 φρον·

2104 2736 2368 2802 στίζοντες,
2406 2739 2675 2793 καὶτοῦτο
2706 2739 2887 2809 ὁρίσαι
2914 2739 3209 2806 ἀναγκαῖον
3236 2736 3479 2803 ἐθέμεθα
3502 2751 3515 2763 '
3554 2736 3689 2788 ὥστε

2104 2827 2195 2879 τοῦ
2227 2827 2440 2893 λοιποῦ,
2488 2830 2693 2903 μηδένα
2718 2830 2826 2881 τῶν
2856 2829 3059 2882 λαῐκῶν
3091 2829 3123 2901 ἢ
3162 2827 3411 2898 μοναχῶν
3434 2867 3447 2890 ,
3481 2828 3688 2896 ἀθρόως

2106 2917 2187 2980 εἰς
2247 2918 2308 2970 τὸ
2348 2918 2445 2987 τῆς
2499 2918 2803 2989 ἐπισκοπῆς
2850 2918 2981 2988 ὕψος
3009 2917 3344 2986 ἀνάγεσθαι,
3383 2918 3523 2969 ἀλλὰ
3580 2919 3686 2977 τοῖς

2104 3008 2577 3077 ὲκκλησιαστικοῖς
2650 3009 2881 3080 βαθμοῖς
2948 3008 3336 3079 ἐξεταζόμενον
3389 3010 3687 3078 πρότερον,

2103 3101 2245 3154 οὕτω
2293 3104 2392 3171 τῆς
2440 3105 2746 3173 ἐπισκοπῆς
2780 3106 2877 3172 τὴν
2911 3104 3246 3174 χειροτονίαν
3303 3102 3684 3171 ὑποδέχεσθαι.

424 3189 730 3260 hucusque
762 3194 985 3261 quidam
1025 3210 1091 3247 ex
1121 3195 1405 3247 monachis
1444 3207 1499 3249 et
1536 3194 1716 3259 laicis,
1751 3195 1997 3263 exigente

2114 3192 2164 3244 Et
2198 3194 2306 3263 γὰρ
2338 3194 2429 3245 καὶ
2471 3196 2632 3264 μέχρι
2664 3194 2755 3246 τοῦ
2791 3195 2906 3259 νῦν,
2936 3195 3044 3248 ἀπὸ
3074 3193 3183 3247 τῶν
3228 3193 3433 3245 λαῖκῶν
3462 3193 3495 3263 ἢ
3524 3209 3681 3261 μονα-

422 3284 776 3348 ltecessitate,
838 3286 1132 3354 episcopali
1180 3286 1389 3340 honore
1440 3286 1622 3341 statim
1675 3286 1823 3354 digni
1872 3285 2002 3338 lacti

421 3383 569 3437 sunt,
599 3375 692 3443 qui
720 3385 773 3429 et
800 3377 997 3435 virtute
1031 3380 1318 3431 excellenti
1344 3378 1517 3441 fuere,
1556 3388 1610 3433 et
1640 3395 1793 3434 suam
1827 3379 2003 3433 eccle-

422 3466 559 3518 siam
591 3467 643 3520 in
678 3467 849 3521 altum
874 3469 1140 3532 extulere,
1172 3471 1221 3523 id
1261 3479 1441 3525 tamen
1469 3470 1611 3539 quod
1647 3486 1771 3524 raro
1797 3471 1998 3535 evenit,

420 3558 669 3612 ecclesiae
698 3560 871 3629 legem
895 3576 1240 3630 nequaquam
1270 3572 1593 3627 statuentes,
1627 3564 1997 3629 decernimus,

424 3660 482 3704 ut
513 3651 564 3705 id
597 3651 852 3723 deinceps
872 3654 1094 3707 minime
1122 3655 1214 3708 ﬁat
1244 3656 1350 3711 nisi
1372 3656 1416 3710 is
1444 3658 1536 3725 qui
1564 3660 1665 3712 rite
1689 3657 1997 3723 ordinatur,

424 3757 519 3810 per
540 3746 742 3812 gradus
773 3746 1139 3800 sacerdotales
1178 3748 1526 3815 processerit,
1571 3748 1623 3800 in
1667 3762 2000 3819 unoquoque

421 3834 613 3893 ordine
646 3844 858 3907 tempus
890 3839 1255 3909 praistitutum
1281 3840 1606 3910 adimplens.

490 4017 707 4071 Textus.
733 4016 920 4075 Const.
941 4018 995 4085 2,
1014 4018 1534 4086 tit.lNovellarum,
1572 4035 1681 4075 non
1730 4021 2000 4090 permittit

416 4109 763 4165 exlaicorum
802 4110 1310 4183 [statu]confestim
1342 4113 1629 4186 [aliquem]
1677 4114 1995 4184 episcopum

415 4204 587 4256 creari
609 4223 622 4257 :
643 4206 733 4265 sed
761 4204 1039 4283 [requirit]
1060 4217 1117 4260 ut
1138 4209 1287 4276 prius
1314 4210 1546 4264 clericus
1574 4210 1687 4274 ﬁat,
1722 4219 1774 4262 et
1802 4210 1865 4261 ad
1890 4220 1998 4263 tres

416 4311 631 4351 menses
659 4299 972 4367 Scripturas
989 4310 1042 4353 et
1078 4317 1319 4355 canones
1339 4303 1534 4356 discat.
1570 4302 1760 4357 Const.
1812 4315 1993 4356 autem

416 4384 659 4453 ejusdem
699 4388 794 4445 lib.
829 4396 883 4443 et
918 4392 1002 4445 tit.
1037 4391 1172 4456 vult,
1206 4399 1265 4444 ut
1308 4408 1413 4444 non
1449 4393 1632 4446 minus
1663 4408 1753 4446 sex
1786 4393 1993 4449 mensi-

415 4476 518 4528 bus
544 4475 779 4531 clericus
805 4479 958 4547 prins
988 4488 1085 4533 aut
1112 4482 1416 4537 monachus
1448 4482 1633 4537 fuerit.

2102 3282 2213 3353 χῶν
2264 3302 2443 3347 τινες,
2493 3286 2832 3356 ἀπαιτούσης
2887 3286 3094 3355 χρείας,
3150 3286 3465 3357 παραυτίκα
3523 3288 3685 3356 τιμῆς

2102 3371 2243 3435 ἄξιοι
2273 3374 2563 3441 γεγόνασιν
2597 3375 2925 3444 ἐπισκοπῆς,
2961 3377 3130 3447 ἀρετῇ
3162 3393 3219 3427 τε
3244 3376 3646 3446 διαπρέψαντες
3666 3414 3681 3437 ,

2102 3464 2196 3516 καὶ
2230 3466 2328 3533 τὴν
2358 3464 2477 3517 κατ’
2508 3465 2706 3528 αὐτοὺς
2755 3466 3050 3537 ἐκκλησίαν
3082 3466 3425 3535 ύψώσαντες,
3463 3467 3597 3518 ἀλλὰ
3624 3467 3689 3519 τό

2100 3572 2163 3623 γε
2197 3557 2423 3610 σπάνιον
2449 3556 2687 3625 οὐδαμοῦ
2713 3559 2873 3627 νόμον
2899 3558 2998 3627 τῆς
3031 3558 3356 3628 Ἐκκλησίας
3386 3558 3681 3627 τιθέμενοι,

2099 3650 2355 3719 ὁρίζομεν
2401 3651 2497 3703 τοῦ
2545 3651 2732 3705 λοιποῦ
2774 3652 2968 3721 μηκέτι
3005 3650 3163 3704 τοῦτο
3211 3652 3502 3720 γίνεσθαιο
3536 3654 3584 3704 εί
3611 3652 3688 3723 μὴ

2100 3744 2243 3796 κατὰ
2280 3744 2435 3811 λόγον
2471 3746 2498 3796 ὁ
2528 3745 3026 3814 χειροτονούμενος,
3056 3745 3146 3797 τὸν
3172 3744 3445 3814 ἱερατικὸν
3487 3743 3681 3813 προέλ-

2100 3838 2183 3889 θοι
2224 3835 2467 3905 βαθμὸν,
2502 3838 2560 3890 ἐν
2607 3838 2824 3908 ἑκάστῳ
2850 3837 3093 3907 τάγματι
3146 3837 3237 3890 τὸν
3290 3838 3685 3907 νενομισμένον

2097 3928 2289 3999 χρόνον
2318 3930 2536 4000 ἁποπλη
2545 3931 2673 4000 ρῶν.

2184 4021 2247 4074 Ἦ
2281 4022 2327 4091 β’
2354 4022 2598 4087 διάταξις
2626 4024 2719 4077 τοῦ
2746 4031 2793 4077 α’
2820 4024 2928 4081 τίτ.
2958 4024 3067 4077 τῶν
3104 4021 3334 4095 νεαρῶν,
3366 4024 3428 4075 ού
3467 4040 3683 4093 συγχω‹

2100 4112 2184 4177 ρεί
2206 4110 2313 4161 απὸ
2329 4109 2531 4162 λαῐκῶν
2552 4110 2753 4173 εὐθέως
2776 4110 3069 4163 ἐπίσκοπον
3091 4109 3685 4179 χειροτονεῖσθαι,ἁλλὰ

2098 4201 2365 4270 πρότερον
2402 4201 2682 4271 κληρικδν,
2715 4203 2807 4254 καὶ
2845 4202 3028 4271 μένειν
3054 4204 3143 4253 ἐπὶ
3176 4204 3327 4271 τρεῖς
3361 4202 3561 4270 μῆνας,
3587 4201 3685 4262 τὰς

2096 4292 2318 4361 Γραφὰς
2352 4293 2735 4362 διδασκόμενον
2766 4295 2859 4345 καὶ
2887 4294 3013 4356 τοὺς
3035 4294 3296 4356 κανόνας·
3339 4296 3373 4363 ὴ
3416 4295 3472 4345 δὲ
3504 4300 3553 4345 α’
3575 4292 3688 4345 διά·

2097 4381 2250 4445 ταξις
2299 4381 2393 4434 τοῦ
2453 4382 2618 4436 αὐτοῦ
2674 4382 2777 4434 τίτ.
2818 4381 3065 4451 βούλεται
3108 4382 3267 4433 αὑτὸν
3298 4382 3401 4451 ούχ
3437 4375 3599 4450 ἦττον
3629 4379 3688 4445 ἒξ

2107 4473 2292 4543 μηνῶν
2327 4473 2785 4545 προκληρωθῆναι
2816 4474 2849 4543 ἢ
2885 4475 3247 4543 προμονάσαι.

485 4562 637 4618 CAP.
670 4564 784 4619 XII.
818 4597 886 4607 —
918 4567 1193 4637 Quomodo
1230 4572 1272 4624 is
1298 4573 1387 4640 qui
1417 4587 1481 4624 ea:
1509 4574 1815 4642 paganitate
1846 4589 1992 4627 vene-

2182 4583 2433 4636 ΚΕΦΛΛ.
2470 4580 2567 4634 1Β’.
2595 4611 2665 4619 —
2692 4582 2823 4648 Πῶς
2845 4584 2877 4635 ό
2910 4581 3165 4647 ἐθνικὸς,
3184 4581 3219 4649 ἢ
3257 4582 3574 4650 ὀὲν-νόσῳ,
3594 4582 3629 4652 ἦ
3650 4584 3684 4636 ὀ

415 4655 507 4720 fit,
553 4656 630 4710 vel
690 4660 746 4710 in
792 4661 971 4713 morbo
1007 4660 1083 4714 vel
1118 4674 1346 4720 recenler
1379 4664 1675 4731 baptizatus
1713 4665 1894 4734 fuerit,
1930 4664 2005 4718 vel

429 4766 647 4819 pravam
696 4753 857 4809 vitam
927 4754 1174 4820 duxerit,
1237 4756 1511 4809 ordinetur
1570 4759 1839 4827 episcopus
1908 4766 2001 4810 aut

423 4841 664 4898 clericus.

851 4934 1226 5002 Apostolorum
1251 4954 1419 4989 canon
1454 4938 1543 4993 80.

481 5022 551 5078 80
590 5022 723 5095 [79].
766 5023 902 5079 Eum
957 5027 1048 5095 qui
1085 5043 1150 5082 ex
1202 5029 1309 5081 vita
1360 5030 1543 5096 gentili
1599 5031 1894 5085 accesserit
1937 5038 1992 5085 et

413 5114 721 5183 baptizatus
771 5116 955 5180 fuerit,
994 5120 1075 5172 vel
1111 5136 1175 5173 ex
1217 5121 1462 5190 improha
1499 5123 1714 5175 vivendi
1751 5124 1986 5189 ratione,

410 5222 521 5259 non
562 5216 645 5263 est
677 5224 893 5278 arquum
928 5210 1032 5279 52
1069 5215 1317 5279 protinus
1354 5214 1668 5281 episcopum
1704 5214 1838 5267 ﬁeri.
1876 5215 1987 5267 lni-

410 5310 580 5362 quum
608 5306 690 5349 est
723 5298 892 5363 enim,
942 5307 999 5350 ut
1046 5299 1138 5366 qui
1181 5300 1262 5352 sui
1318 5300 1561 5354 nondum
1594 5302 1983 5369 experientiam

410 5383 732 5450 ostenderit,
778 5385 850 5438 sit
879 5385 1113 5440 aliorum
1144 5388 1417 5457 magister,
1456 5388 1561 5442 nisi
1603 5386 1747 5443 forte
1770 5390 1874 5443 hoc
1896 5390 1984 5443 di-

410 5474 533 5528 vina
560 5475 730 5545 gratia
760 5476 871 5530 llat.

814 5587 1039 5643 Concilii
1066 5589 1272 5644 Nicami
1305 5606 1475 5644 canon
1508 5590 1560 5645 2.

479 5679 534 5733 2.
565 5678 836 5743 Quoniam
878 5682 1071 5746 multa,
1119 5682 1207 5736 vel
1237 5682 1582 5750 necessitate,
1626 5683 1714 5738 vel
1742 5684 1983 5755 urgenti-

482 5795 527 5835 ιθ
558 5792 579 5856 ι
618 5793 760 5849 Tim.
800 5798 933 5863 m,l
979 5814 1128 5872 seqq.
1160 5817 1173 5865 ;
1201 5815 1252 5868 v,
1276 5800 1307 5857 9
1342 5815 1493 5872 seqq.

2108 4669 2323 4722 νεωστὶ
2372 4667 2750 4735 βαπτισθεὶς,
2797 4669 2893 4721 καί
2919 4679 2950 4721 ο
2991 4670 3059 4721 ἐκ
3089 4671 3329 4737 φαύλης
3358 4670 3679 4740 διαγωγῆς,

2106 4761 2527 4831 χειροτονεῖται
2555 4763 2888 4826 ἐπίσκοπος
2918 4761 2955 4830 ἢ
2998 4764 3304 4831 κληρικός.

2523 4939 2579 4993 Ἀ
2588 4940 2907 4993 ποστόλων
2930 4939 3131 4991 κανὼν
3164 4945 3244 4991 π’.

2170 5030 2245 5085 π’.
2295 5032 2400 5085 Τὸν
2450 5031 2509 5098 ἐξ
2549 5031 2764 5084 ὲθνικοῦ
2803 5032 2920 5100 βίου
2952 5030 3320 5099 προσελθόντα
3351 5034 3449 5083 καὶ
3483 5033 3682 5103 βαπτι-

2094 5120 2389 5189 σθέντα,ἥ
2443 5121 2507 5171 ὲκ
2569 5121 2778 5187 φαύλης
2835 5118 3133 5187 διαγωγῆς,
3186 5119 3249 5170 οὐ
3304 5120 3516 5173 δίκαιόν
3567 5125 3682 5175 ἐστι

2098 5212 2350 5284 παραυτά
2386 5211 2827 5281 προχειρίζεσθαι
2852 5211 3179 5262 ἐπίσκοπον·
3213 5211 3400 5263 ἄδικον
3422 5212 3555 5281 γὰρ,
3591 5214 3682 5264 τὶν

2098 5302 2325 5371 μηδέπω
2354 5305 2547 5369 πεῖραν
2572 5300 2997 5367 ἐπιδειξάμενον,
3024 5299 3223 5366 ἑτέρων
3249 5294 3389 5351 εἶναι
3424 5300 3680 5353 διδάσκα-

2094 5392 2211 5444 λονο
2250 5393 2298 5443 εί
2330 5392 2403 5461 μή
2438 5407 2538 5443 που
2568 5390 2709 5442 κατὰ
2740 5389 2888 5441 θείαν
2920 5388 3079 5457 χάριν
3099 5387 3257 5439 τοῦτο
3287 5390 3540 5458 γένηται.

2434 5588 2708 5643 Συνόδου
2738 5588 2984 5655 Νικαίας
3004 5588 3205 5642 κανὼν
3231 5588 3299 5657 β’.

2164 5683 2227 5754 β’.
2279 5680 2499 5749 Ἐπειδὴ
2534 5679 2704 5734 πολλὰ
2723 5681 2842 5751 ἦτοι
2872 5680 2976 5734 ὑπὸ
2994 5679 3312 5751 ἀνάγκης,ἧ
3334 5680 3515 5747 ἄλλως
3530 5682 3678 5736 ἒπει-

1574 5800 1616 5832 ⁸⁷
1655 5799 1825 5861 Laod.
1858 5802 1924 5868 5;
1956 5802 2108 5858 Sard.
2150 5801 2243 5865 15;
2278 5796 2493 5855 Cwlcst.
2529 5798 2617 5855 2|.
