3904 6248
217 287 304 349 ibi

922 286 1320 348 SYN'I’AGMA
1359 288 1744 350 CANONUM.
1776 291 2006 350 -T1T.
2038 290 2087 352 Ῑ.
2129 290 2290 351 CAP.
2323 286 2610 347 XI-XIIL

3347 289 3448 354 502

230 394 444 467 γομένων
487 392 593 447 τῶν
635 391 957 463 ἀνθρώπων,
1004 393 1231 461 ἐγένετο·
1252 394 1405 465 παρά
1434 395 1528 447 τὸν
1557 406 1756 448 κανονα
1787 446 1788 451 η

1907 411 1963 450 us
1987 393 2189 463 alioqui
2217 392 2548 452 hominibus.
2581 397 2774 459 praeter
2813 403 3076 445 canonem
3117 392 3448 448 ecclesiasti-

225 487 300 541 τὸν
345 483 805 556 ἐκκλησιαστικὸν,
849 482 990 537 ὥστε
1032 484 1353 556 ἀνθρώπους
1405 486 1514 540 ἀπὺ
1551 487 1762 540 ὲθνικοῦ

1907 502 1986 540 um
2022 484 2162 540 facta
2197 492 2345 549 sunt,
2381 492 2439 537 ut
2482 482 2750 537 homines.
2795 483 2887 552 qui
2915 497 2946 537 e
2995 483 3103 537 vita
3144 485 3332 553 gentili
3377 488 3444 540 ad

221 578 322 650 βίον
363 577 484 646 άρτι
533 573 929 646 προσελθόντας
973 577 1041 644 τῇ
1086 574 1302 640 πίστει,
1338 577 1434 629 καὶ
1485 578 1541 629 ὲν
1600 577 1765 647 ὀλίγῳ

1907 580 2026 634 dem
2063 592 2240 648 nuper
2286 583 2658 639 accesserunt,
2711 583 2764 629 et
2795 575 2995 644 exiguo
3026 584 3272 643 tempore
3301 587 3450 632 cate-

221 666 376 736 χρόνῳ
418 664 855 734 κατηχηθέντας,
910 663 1074 726 εὐθὺς
1133 663 1227 718 ἐπὶ
1280 665 1340 717 τὸ
1399 667 1768 737 πνευματικὸν

1907 667 2149 733 humeni,
2197 667 2249 720 id
2285 674 2388 730 est,
2419 665 2616 718 initiati
2653 664 2828 730 luere,
2858 666 3040 720 statim
3073 668 3138 720 ad
3169 667 3448 722 lavacrum

219 757 417 828 λουτρὸν
438 757 610 822 ἄγειν,
638 756 734 810 καὶ
760 756 874 826 ἅμα
905 755 984 826 τῷ
1013 755 1660 827 βαπτισθῆναιπροάγειν
1689 762 1770 823 είς

219 848 516 918 ἐπισκοπὴν,
542 847 574 919 ἦ
609 848 690 911 είς
717 845 1129 916 πρεσόυτέριον,
1156 847 1338 912 καλῶς
1382 848 1560 915 ἔδοξεν
1600 849 1766 918 ἔχειν,

220 939 297 993 τοῦ
337 937 516 991 Αοιποῦ
561 938 726 1009 μηδὲν
779 938 1020 992 τοιοῦτον
1065 938 1335 1006 γίνεσθαι.
1367 940 1477 993 Καὶ
1513 940 1623 1009 γὰρ
1669 940 1772 992 καὶ

217 1031 390 1100 χρόνου
425 1029 504 1082 δεῖ
525 1029 603 1096 τῷ
626 1029 1021 1099 κατηχουμένῳ
1037 1043 1054 1060 ⁸
1079 1028 1180 1082 ita).
1205 1029 1344 1099 μετὰ
1370 1029 1432 1083 τδ
1462 1029 1771 1100 βάπτισμα,

216 1119 514 1190 δοκιμασίας
531 1120 629 1172 πλε
639 1119 797 1183 ίονος.
810 1120 988 1189 Σαφὲς
1005 1119 1114 1190 γὰρ
1134 1121 1194 1172 τὸ
1220 1121 1578 1174 ἀποστολικδν
1593 1121 1776 1190 γράμ-

219 1229 285 1282 μα
314 1211 371 1264 τὸ
396 1211 550 1278 λέγον
575 1227 590 1244 ο
615 1212 711 1279 Μὴ
752 1213 1078 1280 νεόφυτονο
1111 1212 1211 1265 ἵνα
1237 1211 1323 1280 μὴ
1357 1213 1665 1280 τυφωθεὶς,
1691 1214 1778 1278 εἰς

217 1300 375 1369 κρῖμα
423 1302 659 1370 ἐμπέσῃ
711 1303 809 1356 καὶ
861 1302 1084 1370 πατίδα
1141 1302 1257 1356 τοῦ
1301 1302 1603 1356 διαϐόλου.
1637 1304 1696 1357 Et
1723 1303 1778 1356 δὲ

215 1393 478 1463 προϊόντος
505 1392 603 1446 τοῦ
631 1393 822 1462 χρόνου
847 1393 1076 1462 ψυχικόν
1098 1409 1149 1445 τι
1176 1391 1486 1463 ἁμάρτημα
1517 1392 1774 1462 εὑρεθείη

217 1484 334 1552 περὶ
379 1483 439 1535 τὸ
487 1484 804 1555 πρόσωπον,
853 1485 948 1536 καὶ
997 1484 1275 1554 ἐλέγχοιτο
1293 1484 1398 1536 ὑπὸ
1430 1483 1582 1553 δύοῆ
1613 1483 1778 1553 τριῶν

221 1573 518 1644 μαρτύρων,
560 1573 862 1628 πεπαύσθω
893 1576 920 1627 ὁ
948 1573 1193 1636 τοιοῦτος
1237 1574 1330 1627 τοῦ
1361 1575 1592 1644 κλήρου.
1628 1575 1689 1627 '0
1723 1574 1780 1626 δὲ

1871 760 2114 830 spiritale
2162 759 2454 814 deducant.
2497 756 2562 811 Et
2606 759 2767 834 simul
2811 773 2875 814 ae
2926 758 3183 828 baptizati
3220 759 3448 826 fuerint,

1872 854 1937 907 ad
1961 852 2336 922 episcopatum
2367 852 2451 906 vel
2481 850 2914 920 presbyteratum
2940 849 3262 918 provehant,
3304 859 3452 905 recte

1875 945 2072 999 habere
2101 944 2281 997 visum
2317 950 2420 1007 est,
2456 951 2515 996 ut
2545 942 2803 1010 deinceps
2851 941 3004 1004 nihil,
3030 942 3136 994 tale
3167 941 3280 995 ﬁat.
3312 940 3448 994 Nam

1874 1044 1928 1091 et
1954 1035 2345 1091 catechumeno
2391 1042 2637 1103 tempore
2697 1048 2835 1101 opus
2882 1042 2986 1096 est,
3013 1040 3068 1087 et
3098 1043 3224 1102 post
3273 1034 3451 1103 bapti-

1877 1141 2053 1202 smum
2107 1124 2424 1194 probatione
2454 1124 2682 1194 majore.
2705 1123 2966 1194 Apertum
3008 1127 3155 1180 enim
3196 1135 3278 1180 est
3315 1128 3452 1180 seri--

1877 1225 2026 1285 ptum
2061 1214 2441 1284 apostolicum,
2472 1215 2618 1284 quod
2664 1214 2835 1269 dicit:
2893 1213 3016 1268 Non
3039 1217 3353 1285 neophytum
3382 1217 3451 1275 ⁵³.

1880 1307 1930 1361 id
1958 1316 2062 1367 est,
2106 1321 2298 1361 recens
2341 1307 2641 1374 plantatum
2678 1321 2692 1357 :
2737 1305 2821 1360 Ne
2852 1307 3070 1375 inﬂatus
3103 1311 3156 1360 in
3186 1307 3454 1375 judicium

1881 1393 2082 1446 incidat
2140 1403 2190 1446 et
2240 1391 2440 1445 diaboli
2476 1392 2743 1461 laqueum.
2792 1392 2848 1446 Si
2895 1405 3077 1448 autem
3131 1395 3456 1463 procedente

1883 1493 2144 1553 tempore,
2186 1483 2421 1538 animale
2475 1484 2692 1553 aliquod
2746 1494 3028 1553 peccatum
3071 1485 3216 1539 circa
3267 1501 3456 1555 perso-

1885 1591 2009 1628 nam
2057 1575 2337 1628 inventum
2387 1573 2570 1640 fuerit,
2611 1582 2664 1629 et
2693 1590 2723 1628 a
2752 1575 2965 1629 duobus
2995 1576 3074 1629 vel
3116 1576 3289 1630 tribus
3333 1591 3454 1642 per-

217 1665 352 1732 παρά
371 1664 539 1718 ταῦτα
568 1666 762 1728 ποιῶν,
803 1665 877 1728 ὡς
907 1665 1207 1719 ὑπεναντία
1233 1669 1300 1736 τῇ
1336 1666 1550 1736 μεγάλῃ
1578 1665 1781 1734 συνόδῳ

1907 1668 2036 1722 ιοηίε
2067 1667 2458 1722 convincatur:
2485 1673 2683 1732 cesset,
2723 1666 2854 1736 quia
2904 1666 3028 1719 talis
3079 1672 3183 1729 est,
3223 1680 3253 1718 a
3285 1664 3451 1718 clero.

219 1730 631 1825 θρασυνόμενος,
685 1754 846 1816 αὐτὸς
916 1730 1437 1826 κινδυνεύσει-*περί
1649 1730 1779 1807 [διον

1907 1759 1984 1824 Qui
2019 1765 2200 1812 autem
2233 1768 2429 1826 praeter
2459 1757 2574 1811 haec
2606 1730 2762 1822 facit:
2783 1765 2842 1810 ut
2876 1756 2969 1824 qui
3000 1770 3210 1825 magum
3242 1755 3468 1826 synodo.

221 1845 418 1914 κλῆρον.

430 2022 703 2077 Συνόδου
729 2023 1197 2090 Νεοκαισαρείας
1221 2021 1424 2076 κανὼν
1458 2019 1548 2092 ιβ’.

282 2112 362 2185 ιβ’.
403 2115 528 2170 Ἐἀν
589 2115 762 2168 νοσῶν
796 2133 880 2179 τις
939 2114 1206 2185 φωτισθῇ,
1257 2116 1337 2176 είς
1387 2113 1787 2185 πρεσϐυτέριον

221 2207 430 2274 ἄγεσθαι
470 2208 532 2260 οὐ
570 2207 820 2263 δύναται.
872 2208 986 2262 Οὐκ
1034 2210 1099 2261 ὲκ
1149 2206 1526 2279 προαιρέσεως
1587 2206 1696 2276 γὰρ
1750 2206 1784 2275 ἡ

221 2295 384 2360 πίστις
405 2294 572 2350 αὐτοῦ
595 2334 612 2360 ,
642 2295 756 2350 ἀλλ’
792 2295 850 2361 ἐξ
884 2296 1128 2365 ἀνάγκης
1148 2312 1160 2324 ·
1199 2295 1247 2346 ει
1281 2295 1356 2366 μὴ
1385 2295 1526 2366 τάχα
1563 2294 1654 2347 διὰ
1685 2292 1784 2363 τὴν

225 2387 346 2453 μεςά
369 2385 538 2440 ταῦτα
572 2387 744 2440 αὑτοῦ
773 2387 1008 2457 σπουδὴν
1037 2386 1132 2440 καὶ
1160 2389 1344 2440 πίστιν
1365 2388 1459 2440 καὶ
1476 2386 1565 2441 διὰ
1591 2384 1787 2439 σπάνιν

226 2475 536 2548 ἀνθρώπων.

500 2569 780 2625 Συνόδου
799 2569 1149 2634 Λαοδικείας
1178 2567 1380 2622 κανὼν
1406 2566 1475 2634 γ’.

281 2666 344 2730 γ’.
379 2662 512 2733 Περὶ
531 2660 632 2714 τοῦ
664 2661 869 2731 μὴξδεῖν
891 2661 1220 2730 προσφάτως
1242 2657 1785 2728 φωτισθέντα,προσ-

222 2753 430 2820 ἀγεσθαι
459 2756 518 2807 ὲν
589 2753 831 2821 τάγματι
871 2751 1155 2822 ἱερατικῷ.

287 2846 522 2900 ΚΕΦΑΛ.
564 2846 747 2900 ΙΓ’.-
773 2844 904 2908 Πῶς
921 2841 1232 2912 σχολάζων
1263 2842 1594 2906 ἐπίσκοπος
1628 2838 1787 2905 γίνε-

231 2954 314 2991 ται
338 2941 412 3003 εἰς
451 2935 884 3008 σχολάζουσαν
915 2933 1277 2999 ἐπισκοπὴν.

489 3029 768 3084 Συνόδου
814 3027 1177 3095 Ἀντιοχείας
1200 3023 1400 3078 κανὼν
1431 3030 1524 3088 ις’.

287 3121 373 3186 ις’.
406 3123 469 3175 ΕΞ
497 3139 588 3184 τις
611 3120 911 3182 ἐπίσκοπος
947 3117 1246 3188 σχολάζων,
1291 3116 1382 3168 ἐπί
1413 3114 1784 3186 σχολάζουσαν

226 3212 501 3284 ἐκκλησίαν
540 3213 740 3265 ἑαυτὸν
779 3209 1096 3280 ἐπιρῤίῲας,
1127 3207 1438 3277 ὑφαρπάζοι
1476 3207 1566 3260 τὸν
1597 3204 1786 3276 θρόνον

226 3301 333 3372 δίχα
363 3303 579 3356 συνόδου
633 3300 868 3364 τελείας,
897 3299 1086 3352 τοῦτον
1133 3297 1438 3367 ἀπόϐλητον
1479 3293 1640 3358 εἶναι,
1684 3295 1787 3350 κᾶν

228 3398 271 3447 εἰ
298 3398 395 3458 πᾶς
431 3396 609 3459 ὁλαδς
653 3394 713 3447 ὃν
743 3394 1064 3463 ὑφήρπασεν
1107 3391 1283 3443 ἕλοιτο
1320 3390 1480 3443 αὐτόν
1505 3406 1521 3421 ο
1575 3387 1789 3443 τελείαν

225 3487 276 3539 δὲ
307 3488 512 3557 ἐκείνην
555 3483 703 3541 εῖναι
744 3477 1045 3556 σύνοδον,ᾗ
1095 3481 1438 3553 συμπάρεστι
1481 3479 1578 3534 καὶ
1616 3479 1644 3530 ὁ
1691 3478 1790 3548 τῆς

232 3579 602 3649 μητροπόλεως
632 3579 952 3639 ἐπίσκοπος.

287 3717 526 3772 ΚΕΦΛΛ.
554 3717 658 3770 ῙΔ’.
681 3728 749 3756 -‘-—
775 3713 924 3767 Πότε
948 3711 1196 3766 δύναται
1235 3709 1514 3780 γενέσθαι
1545 3708 1792 3763 ἐπίσκο-

230 3823 327 3876 πος
358 3810 393 3879 ἤ
425 3808 716 3879 unprde
734 3806 1045 3874 εὐνοῦχος,
1071 3803 1110 3872 ἣ
1155 3803 1356 3870 ἄλλως
1410 3803 1681 3873 ἐμπαθὴς
1725 3803 1791 3856 τὸ

229 3900 400 3970 σῶμα.

455 3993 839 4050 Ἆποστόλων
871 3991 1071 4046 κανὼν
1107 3991 1191 4046 κα¹
1221 3987 1301 4060 κβ¹
1341 3985 1418 4052 οζ⁹
1448 3987 1548 4059 οηθ.

285 4085 385 4138 κα⁹.
428 4084 703 4154 Εὐνοῦχος
733 4085 780 4136 εί
817 4083 914 4153 μὲν
944 4083 1004 4147 ἐξ
1051 4081 1311 4152 ἐπηρείας
1345 4080 1648 4151 ἀνθρώπων
1673 4081 1794 4148 ὲγέ-

226 4177 334 4228 νετό
363 4193 464 4243 τις,
490 4176 527 4247 ἢ
561 4177 621 4228 ὲν
663 4175 890 4245 διωγμῷ
923 4173 1172 4245 ἀφῃρέθη
1225 4173 1291 4226 τά
1333 4172 1442 4225 τῶν
1489 4171 1720 4241 ἀνδρῶν,
1759 4171 1792 4240 ἦ

225 4267 381 4330 οὕτως
407 4268 532 4337 ἔφυ,
561 4268 660 4321 καὶ
686 4268 831 4321 ἐστιν
861 4267 1010 4333 ἄξιος
1033 4264 1364 4333 ἐπισκοπῆς,
1394 4263 1650 4332 γινέσθω.

285 4357 386 4426 κβιο
425 4359 484 4412 '0
526 4358 956 4428 ἀκρωτηριάσας
984 4355 1197 4418 ἑαυτὸν,
1228 4355 1302 4425 μὴ
1336 4353 1570 4422 γινέσθω
1600 4354 1788 4424 κληριε-
1822 4389 1868 4446 D

226 4447 309 4510 κός
331 4464 344 4481 ο
393 4451 800 4520 αὑτοφονευτὴς
841 4449 950 4519 γάρ
984 4450 1131 4500 ἐστιν
1179 4446 1398 4511 ἑαυτοῦ,
1429 4447 1524 4500 καὶ
1571 4447 1671 4514 τῆς
1695 4445 1790 4498 τοῦ

227 4535 348 4591 Θεοῦ
385 4542 753 4612 δημιουργίας
793 4540 985 4610 ἐχθρός
999 4583 1011 4593 .

287 4632 377 4695 οξ.
410 4631 481 4686 El
505 4650 592 4696 τις
617 4633 898 4703 ἀνάπηρος
1000 4632 1092 4685 τὸν
1115 4627 1476 4700 ὀφθαλμὸν,ἢ
1509 4627 1570 4680 τδ
1607 4625 1797 4688 σκέλος

229 4723 623 4792 πεπληγμένος,
669 4724 816 4788 ἄξιος
849 4724 904 4777 δέ
943 4725 1089 4776 ἐστιν
1140 4723 1465 4792 ἐπισκοπῆς,
1495 4717 1798 4788 γιγνέσθω·

229 4812 411 4885 οὐγὰρ
456 4815 610 4887 λὼὁη
664 4814 915 4885 σώματος
966 4815 1126 4867 αὐτὸν
1177 4813 1401 4884 μιαίνει,
1447 4809 1580 4864 ἀλλά
1619 4807 1797 4878 ψυχῆς

237 4904 522 4974 μολυσμός.

294 4994 385 5062 οη’.
420 4993 623 5063 Κωφὸς
646 4993 703 5046 δὲ
749 4994 825 5046 ὣν
871 4994 966 5047 καί
1000 4992 1221 5061 τυφλὸς,
1271 4993 1346 5063 μὴ
1398 4991 1635 5060 γινέσθω
1677 4990 1802 5042 ὲπί-

237 5101 452 5147 σκοπος·
491 5087 593 5156 οὐχ
621 5086 701 5148 ὼς
723 5087 1124 5156 μεμιαμμένος,
1159 5085 1272 5139 ἀλλ’
1302 5086 1386 5138 ἵνα
1418 5083 1492 5155 μὴ
1511 5084 1579 5137 τὰ
1605 5083 1801 5150 ἐκκλη-

240 5175 479 5230 σιαστικά
509 5176 996 5247 παρεμποδίζοιτο.

1883 1848 2146 1903 adversus
2187 1862 2308 1902 esse
2357 1847 2576 1910 audeat,
2613 1847 2729 1916 ipse
2757 1847 2823 1902 de
2847 1848 3112 1902 clericatu
3150 1847 3202 1901 in
3238 1849 3455 1918 pericu-

1884 1943 1994 1995 lum
2029 1941 2229 1993 veniet.

2164 2027 2387 2084 Coucilii
2415 2027 2849 2081 Neocazsariensis
2874 2043 3041 2080 canon
3073 2026 3158 2079 12.

1958 2122 2042 2175 12.
2083 2119 2138 2174 Si
2170 2121 2292 2189 quis
2336 2128 2606 2188 aegrotans
2645 2119 2691 2150 ⁸⁹
2734 2117 2898 2171 fuerit
2941 2119 3304 2180 illuminalus,
3350 2133 3474 2171 non.

1884 2220 2063 2282 potest
2107 2211 2161 2265 in
2194 2210 2569 2280 presbyterum
2617 2207 2796 2263 evehi.
2828 2207 2986 2262 Fides
3020 2209 3169 2262 enim
3202 2208 3321 2277 ejus
3351 2224 3458 2261 mm

1885 2315 1969 2358 est
1994 2318 2058 2357 ex
2092 2302 2368 2365 instituto,
2396 2301 2489 2356 sed
2540 2315 2604 2354 ex
2640 2299 2968 2355 necessitate
3012 2299 3119 2354 nisi
3161 2298 3296 2353 forte
3332 2315 3461 2371 pro-

1885 2403 2004 2465 pter
2034 2408 2373 2464 consequens
2405 2393 2524 2462 ejus
2553 2392 2793 2447 studium
2833 2400 2886 2446 et
2918 2391 3044 2456 ﬁde,
3074 2391 3478 2460 hominumque

1885 2488 2187 2543 raritatem.

2277 2578 2508 2634 Concilii
2536 2577 2822 2631 Laodiceni
2862 2592 3027 2630 canon
3057 2576 3106 2629 5.

1956 2669 2010 2724 5.
2041 2667 2154 2723 Non
2186 2679 2436 2738 Oportere
2459 2684 2554 2722 eos
2582 2669 2674 2738 qui
2705 2677 2833 2722 sunt
2859 2664 3378 2727 recensilluminati,
3409 2663 3463 2717 in

1889 2760 2134 2815 Ordinem
2172 2759 2568 2814 sacerdotalem
2609 2757 2943 2827 promoveri.

1960 2849 2063 2920 53
2092 2849 2244 2904 CAP.
2273 2848 2412 2903 Xlll.
2447 2880 2517 2890 —-
2548 2848 2820 2914 Quomodo
2843 2864 3033 2902 vacans
3073 2847 3346 2916 episcopus
3375 2861 3467 2899 υιι-

1895 2951 2099 2996 cantem
2131 2943 2485 3010 episcopatum
2512 2950 2746 3010 occupet.

2224 3032 2447 3088 Concilii
2484 3032 2792 3087 Antiocheui
2844 3048 3012 3084 canon
3048 3029 3139 3084 16.

1961 3125 2047 3180 16.
2099 3125 2155 3178 Si
2187 3125 2309 3194 quis
2341 3139 2539 3179 vacans
2573 3125 2686 3195 (l7)
2737 3124 3030 3193 episcopus
3072 3122 3123 3174 in
3185 3124 3486 3174 vacantem.

1887 3217 2169 3272 ecclesiam
2211 3214 2544 3284 irrumpens,
2578 3215 2758 3269 sedem
2789 3212 3081 3282 arripuerit
3108 3211 3314 3278 absque
3342 3223 3468 3279 per-

1889 3309 2028 3362 fecta
2057 3305 2288 3377 synodo,
2319 3305 2366 3358 is
2389 3304 2462 3359 sit
2489 3304 2719 3373 ejectus,
2753 3302 2966 3356 etiamsi
2997 3301 3179 3356 omnis
3207 3301 3467 3370 p0pu|us,

1888 3413 2050 3468 quem
2079 3396 2297 3459 invasit,
2332 3410 2457 3449 eum
2496 3395 2738 3465 elegerit.
2775 3393 2859 3446 Sit
2889 3401 3072 3448 autem
3106 3393 3197 3446 illa
3228 3389 3466 3461 perfecta

1890 3490 2174 3562 synodus,
2236 3489 2324 3544 cui
2393 3503 2503 3543 una
2561 3501 2779 3556 quoque
2856 3487 3011 3542 adest
3087 3485 3466 3556 metropolita-

1901 3599 2028 3638 “US.

1961 3716 2114 3772 CAP.
2161 3713 2300 3770 XIV.
2343 3744 2414 3756 —
2446 3714 2719 3779 Quomodo
2761 3713 3025 3766 eunuchus
3077 3711 3154 3765 vel
3201 3710 3358 3764 aliter
3417 3709 3473 3762 in

1894 3823 2108 3877 corpore
2143 3807 2382 3870 vitiatus,
2404 3806 2522 3874 ﬁeri
2555 3805 2824 3873 episcopus
2851 3810 2944 3855 aut
2972 3801 3194 3855 clericus
3223 3801 3407 3871 possit.

2118 3982 2490 4052 Apostolorum
2521 3996 2748 4034 canones
2778 3977 2869 4045 21,
2900 3977 2993 4041 22,
3034 3978 3122 4041 77,
3153 3977 3244 4030 78.

1959 4076 2020 4128 21
2044 4071 2548 4146 [20]:Eunuchus°°
2571 4071 2616 4125 si
2645 4087 2707 4124 ex
2738 4071 3021 4124 hominum
3039 4067 3254 4138 quidem
3276 4064 3475 4134 injuria

1895 4166 2072 4220 factus
2093 4165 2183 4229 sit,
2223 4163 2308 4217 vel
2335 4163 2390 4216 in
2412 4162 2787 4230 persecutione
2812 4158 3064 4213 virilibus
3101 4157 3346 4226 privatus
3379 4155 3470 4217 sit,

1896 4259 1981 4313 vel
2013 4257 2091 4311 sic
2119 4265 2279 4310 natus
2307 4263 2410 4320 est,
2429 4260 2484 4307 et
2507 4253 2706 4320 dignus
2735 4259 2840 4313 est,
2870 4250 2984 4304 ﬁat.

1965 4349 2036 4402 22
2064 4345 2198 4420 [21].
2239 4345 2342 4412 Qui
2373 4345 2613 4414 seipsum
2651 4342 2943 4405 mutilavit,
2976 4355 3044 4396 ne
3087 4340 3157 4395 sit
3199 4337 3468 4394 clericus:

1895 4449 1978 4496 est
2009 4439 2092 4494 sui
2127 4435 2423 4496 homicida,
2454 4445 2506 4490 et
2541 4433 2635 4488 Dei
2657 4432 2860 4503 opiﬁcii
2902 4431 3096 4487 hostis.

1976 4618 2041 4672 Π
2077 4615 2214 4688 [76].
2249 4612 2304 4668 Si
2333 4613 2458 4683 quis
2488 4611 2530 4642 “
2553 4609 2635 4664 vel
2676 4608 2836 4663 oculo
2865 4607 3114 4668 orbatus,
3146 4604 3230 4658 vel
3273 4601 3480 4688 femore

1905 4686 2531 4769 oblmsus,—episcopatu
2587 4705 2768 4749 autem
2819 4694 3020 4764 dignus
3072 4693 3164 4756 sit,
3207 4691 3320 4744 ﬁat.
3361 4686 3478 4742 Non

1901 4800 2050 4854 enim
2105 4794 2358 4864 corporis
2415 4793 2679 4849 damnum
2730 4804 2855 4844 eum
2911 4789 3130 4858 polluit,
3161 4786 3257 4842 sed
3286 4785 3480 4839 animae

1901 4889 2229 4959 inquinatio.

1975 4983 2043 5036 78
2073 4979 2210 5052 [77].
2242 4977 2347 5045 Qui
2374 4986 2553 5031 autem
2592 4983 2678 5030 est
2707 4973 2913 5029 surdus
2963 4981 3018 5026 et
3065 4986 3262 5033 caecus,
3310 4983 3378 5022 ne
3409 4967 3481 5021 sit

1900 5076 2190 5146 episcopus
2231 5090 2244 5124 :
2283 5086 2390 5125 non
2439 5078 2500 5124 ut
2548 5069 2810 5138 pollutus,
2865 5065 2959 5122 sed
2996 5079 3065 5118 ne
3111 5059 3490 5117 ecclesiastica

1905 5166 2294 5237 impediantur.

301 5339 344 5372 ⁸⁸
383 5340 430 5395 ll
463 5340 613 5398 Tim.
637 5356 720 5408 Ill,
752 5341 804 5396 6.
833 5377 848 5382 -
885 5340 930 5372 ⁵⁸
962 5337 1210 5393 Distinet.
1241 5337 1304 5389 77
1339 5337 1400 5392 Si
1455 5339 1572 5403 quis
1615 5338 1666 5389 in
1696 5333 2028 5404 argritudine.
2107 5332 2152 5362 ⁸ο
2188 5327 2436 5383 Distinet.
2475 5326 2528 5378 5.
2605 5326 2645 5355 ⁶¹
2682 5320 2934 5376 Antioch.
2962 5333 3012 5371 e.
3037 5316 3125 5370 25.

1750 5438 1986 5522 more.

313 5628 414 5700 “9i
446 5628 550 5684 ille
573 5639 630 5684 et
659 5645 890 5700 sequens
929 5645 1102 5700 canon
1134 5631 1372 5685 citantur
1403 5637 1510 5700 act.
1538 5627 1616 5700 ΔΗ
1671 5641 1799 5700 con-

1907 5623 2304 5690 ecclesiastiei,
2356 5621 2421 5676 de
2475 5633 2583 5690 quo
2634 5616 2788 5687 plura
2843 5605 3103 5666 Justellus
3154 5607 3247 5677 qui
3290 5605 3493 5671 edidit.

250 5698 350 5752 cilii
374 5695 849 5768 Chalcedonensis,
874 5697 1240 5770 dicunturun
1266 5701 1335 5756 95
1388 5707 1440 5754 et
1489 5697 1556 5752 96
1597 5697 1809 5751 codicis
1919 5695 2139 5764 aliique.
