3886 6240
407 243 508 305 503
1552 238 1813 297 PHOTII
1856 237 2354 301 PATRIARCHXE
2394 245 2508 309 CP.
3554 243 3670 307 504

812 360 1040 416 Concilii
1072 358 1125 411 Ν
1131 359 1279 412 icwni
1307 375 1474 413 canon
1507 359 1558 412 1.

2424 363 2692 418 Συνόὸου
2720 364 2963 428 Νικαὶας
2994 361 3196 417 κανὼν
3232 369 3306 417 α’.

474 454 583 526 54
630 453 679 506 1.
708 452 763 508 Si
789 452 912 521 quis
950 468 980 505 a
1010 450 1234 504 medicis
1268 451 1321 502 in
1347 450 1541 503 morbo
1569 449 1808 512 excisus,
1828 449 1911 503 vel
1940 465 1962 503 ιι

2147 460 2217 506 α’.
2251 452 2320 505 ΕΙ
2346 471 2429 517 τις
2464 456 2522 507 ὲν
2566 454 2706 524 νόσῳ
2753 453 2858 507 ὑπὸ
2910 453 3110 524 ἰατρῶν
3156 450 3575 524 ὲχειρουργήθη,
3620 456 3664 522 ἢ

403 545 658 600 Barbaris
705 553 957 599 exsectus
988 552 1091 605 est,
1130 543 1178 596 is
1213 542 1267 597 in
1302 542 1450 596 clero
1495 549 1730 595 maneat.
1763 539 1819 595 Si
1847 541 1962 610 quis

2078 544 2181 596 ὑπὸ
2204 543 2493 614 βαρϐάρων
2514 544 2806 612 ὲξετμήθη,
2833 535 2987 607 οὗτος
3019 542 3231 612 μενέτω
3254 544 3315 594 ὲν
3336 541 3418 611 τῷ
3450 543 3664 612 κλήρῳ·

346 651 351 655 '
405 645 586 688 autem
621 649 744 687 cum
792 641 933 686 esset
994 647 1183 694 sanus,
1233 631 1472 700 seipsum
1520 630 1786 696 exsecuit,
1845 645 1962 685 eum

2077 637 2125 688 εί
2152 637 2209 689 δέ
2237 654 2317 699 τις
2346 636 2603 704 ὑγιαίνων
2633 637 2825 689 ἑαυτὸν
2858 636 3103 706 ἐξέτεμε,
3131 636 3328 689 τοῦτον
3372 636 3471 688 καὶ
3496 637 3553 688 ἐν
3577 637 3667 704 τῷ

401 726 565 778 etiam
612 724 667 777 in
724 723 870 777 clero
901 724 1273 775 examinatum
1327 736 1545 775 cessare
1589 722 1866 783 convenit,
1916 730 1962 775 et

2077 726 2263 795 κλήρῳ
2313 725 2720 793 ἐξεταζόμενον,
2752 724 3065 776 πεπαῦσθαι
3104 724 3410 793 προσήκει·
3468 722 3560 774 καὶ
3588 724 3669 775 ἑκ

402 814 656 881 deinceps
690 812 897 865 nullum
933 811 1090 865 talem
1131 820 1344 880 oportet
1395 810 1722 881 promoveri.
1770 811 1962 876 Quem-

2076 814 2171 866 τοῦ
2200 813 2379 885 δεῦρο,
2419 813 2619 884 μηδένα
2645 813 2750 865 τῶν
2779 812 3037 866 τοιούτων
3061 813 3260 883 χρῆναι
3289 811 3666 881 προάγεσθαι.

400 904 690 955 admodum
733 910 914 975 autem
952 902 1054 955 hoc
1078 901 1430 955 manifestum
1472 910 1577 966 est,
1603 901 1747 971 quod
1778 901 1844 955 de
1878 902 1962 966 iis,

2078 908 2286 973 Ὠσπερ
2314 907 2373 959 δὲ
2396 906 2554 959 τοῦτο
2584 905 2870 974 πρόδηλον,
2899 906 2981 957 ὅτι
3016 906 3146 975 περὶ
3171 904 3281 956 τῶν
3304 902 3667 972 ἐπιτηδευόν-

399 994 492 1063 qui
524 997 588 1048 de
626 972 893 1047 industria
924 994 1025 1047 hoc
1058 1004 1241 1062 agant,
1276 1000 1329 1046 et
1375 1009 1433 1047 se
1467 993 1616 1062 ipsos
1643 993 1843 1046 audent
1874 1007 1962 1045 ex-

2076 1014 2183 1049 των
2205 972 2267 1047 τδ
2292 997 2547 1065 πρᾶγμα,
2596 995 2692 1048 καὶ
2721 972 3046 1063 τολμώντων
3090 972 3323 1056 έαυτοὺς
3370 993 3667 1062 ἐκτέμνειν

398 1083 600 1146 cidere,
632 1084 831 1137 dictum
882 1093 963 1137 est
1000 1101 1013 1137 :
1070 1084 1194 1137 item
1237 1084 1283 1137 si
1314 1082 1480 1150 aliqui
1532 1097 1559 1133 a
1601 1080 1856 1135 Barbaris
1886 1079 1962 1133 vel

2074 1084 2329 1151 εἴρηται·
2362 1083 2535 1147 οὕτως
2579 1084 2634 1135 εί
2657 1101 2801 1147 τινες
2840 1084 2947 1136 ὑπὸ
2976 1083 3269 1154 βαρϐάρων
3312 1084 3347 1151 ἢ
3377 1082 3666 1135 δεσποτῶν

398 1175 638 1228 dominis
690 1175 913 1229 castrati
970 1176 1078 1228 sint
1132 1174 1480 1228 inveniantur
1536 1183 1716 1228 autem
1751 1184 1805 1228 et
1837 1173 1962 1229 alio-

2073 1174 2516 1244 εὐνουχίσθησαν,
2573 1175 2911 1241 εὑρίσκοιντο
2960 1174 3016 1227 δὲ
3064 1174 3239 1237 ἄλλως
3292 1174 3480 1239 ἄξιοι,
3526 1174 3664 1234 τοὺς

399 1266 493 1337 qui
525 1265 697 1335 digni,
732 1267 868 1319 tales
901 1266 953 1318 in
979 1266 1184 1321 clerum
1214 1266 1452 1320 admittit
1477 1282 1673 1320 canon.

2072 1265 2346 1328 τοιούτους
2379 1267 2459 1328 είς
2490 1265 2688 1336 κλῆρον
2712 1265 2996 1335 προσίεται
3024 1269 3053 1319 ὁ
3080 1266 3281 1318 κανών.

465 1355 679 1409 Textus.
696 1356 883 1410 Civilis
905 1357 985 1409 lex
1009 1372 1104 1410 eos
1126 1357 1218 1425 qui
1237 1357 1444 1424 seipsos
1461 1366 1554 1410 aut
1570 1356 1706 1409 alios
1726 1365 1962 1411 castraut

2152 1358 2213 1411 Ὀ
2240 1357 2515 1419 πολιτικὸς
2540 1359 2702 1425 νόμος
2730 1358 2855 1420 τοὺς
2886 1357 3164 1426 ἑαυτοὺςῆ
3199 1357 3427 1427 ἑτέρους
3467 1356 3659 1409 εὐνου-

399 1444 762 1499 diversimode
807 1444 999 1513 punit:
1034 1446 1167 1498 alias
1219 1446 1393 1512 capite
1420 1485 1435 1505 ,
1469 1444 1604 1498 alias
1644 1442 1962 1516 [bonorum]

2072 1449 2321 1519 χίζοντας
2346 1449 2613 1518 διαφόρως
2644 1452 2988 1519 τιμωρεῖται,
3020 1449 3150 1502 ποτὲ
3183 1449 3283 1518 μὲν
3310 1446 3655 1517 κεφαλικῶς,

397 1532 771 1600 publicatione
798 1541 851 1585 et
879 1532 1094 1596 exsilio,
1132 1532 1267 1585 alias
1302 1531 1525 1585 talione.
1554 1532 1792 1586 Omnino
1821 1533 1962 1586 enim

2072 1541 2201 1595 ποτὲ
2228 1541 2282 1593 δὲ
2309 1540 2567 1611 δημεύσει
2598 1540 2693 1593 καὶ
2738 1540 2939 1611 ὲξορίᾳ,
2979 1541 3107 1593 ποτὲ
3138 1540 3194 1593 δὲ
3224 1537 3613 1607 ταυτοπαθεία
3640 1554 3659 1569 ’

399 1618 453 1672 in
488 1629 670 1673 nostra
707 1619 981 1688 republica
1035 1618 1304 1672 neminem
1346 1618 1657 1671 eunuchum
1698 1619 1812 1673 ﬁeri
1844 1635 1962 1688 per-

2072 1633 2298 1685 καθόλου
2328 1633 2437 1703 γὰρ
2471 1633 2529 1685 ὲν
2554 1634 2619 1701 τῇ
2654 1630 2901 1701 πολιτείᾳ
2928 1633 2959 1698 ἡ
2971 1631 3105 1699 μῶν,
3137 1631 3329 1683 οὐδένα
3376 1630 3666 1698 συγχωρεί

398 1712 566 1766 mittit
593 1727 607 1765 :
647 1712 739 1766 sed
765 1713 905 1781 apud
933 1712 1201 1765 Barbaros
1237 1710 1411 1764 solum
1436 1708 1727 1764 Barbaros.
1756 1711 1811 1764 Si
1842 1710 1962 1780 quis

2072 1698 2474 1797 sbvouXECsaB'at
2497 1741 2511 1756 '
2544 1698 2681 1778 ἀλλὰ
2710 1698 3186 1795 παρα-βαρϐάροις
3218 1725 3404 1792 μόνοις
3442 1721 3661 1793 βαρϐά-

396 1816 580 1860 tamen
624 1805 765 1873 apud
796 1820 894 1858 nos
940 1812 1213 1858 castratus
1261 1804 1353 1866 sit,
1395 1803 1533 1855 liber
1565 1802 1642 1863 ﬁt,
1699 1803 1742 1857 si
1774 1819 1962 1857 servus

2072 1836 2217 1890 ρους.
2253 1820 2314 1871 Ei
2342 1818 2399 1871 δέ
2425 1836 2508 1881 τις
2536 1817 2663 1887 παρ’
2698 1819 2830 1886 ἡμῖν
2864 1816 3205 1886 εὐνουχισθῇ,
3242 1816 3660 1884 ἐλευθεροῦται,

399 1895 585 1957 fuerit,
624 1896 787 1947 etiam
832 1894 876 1946 si
914 1904 1135 1962 propter
1168 1893 1417 1947 morbum
1449 1903 1722 1947 castratos
1761 1893 1870 1947 sit:
1910 1902 1962 1947 ut

2072 1909 2227 1979 εἴπερ
2250 1906 2318 1981 ἦν
2345 1908 2550 1974 δοῦλος,
2579 1908 2681 1962 κᾶν
2710 1908 2798 1961 διὰ
2825 1908 2978 1960 νόσον
3020 1907 3339 1977 εὐνουχισθῇ
3365 1922 3382 1937 ·
3416 1906 3495 1968 ὡς
3538 1906 3658 1974 βιϐ,

398 1984 493 2036 lib.
528 1999 582 2036 Iv
611 1990 731 2035 cod.
755 1982 942 2043 tit.«i‘2,
964 1989 1138 2034 const.
1172 1979 1319 2045 1,2;
1367 1991 1420 2033 et
1445 1980 1540 2033 lib.
1576 1995 1765 2039 XLVIII.
1806 1980 1962 2043 tit.8,

2072 1998 2222 2052 δ’τοῦ
2276 1979 2403 2051 me.
2437 1999 2544 2051 τίτ.
2599 1996 2688 2067 μβ¹
2719 1997 2859 2053 διάτ.
2908 2004 2956 2049 α’
2986 1998 3077 2049 καὶ
3128 1995 3194 2065 β’,
3234 1997 3331 2049 καὶ
3387 1994 3498 2063 βιϐ.
3538 2002 3657 2065 μη’,

398 2072 667 2140 digestum
697 2068 749 2131 4,
775 2068 829 2131 5,
862 2069 913 2131 6,
952 2067 1039 2133 11,
1082 2078 1135 2121 et
1171 2068 1224 2122 in
1254 2068 1471 2122 novella
1521 2069 1805 2122 sanctione
1839 2068 1962 2135 142,

2072 2110 2174 2146 τιτ.
2204 2098 2274 2162 η’,
2306 2090 2444 2143 διάτ.
2486 2088 2532 2158 γ’
2556 2089 2597 2142 δ’
2620 2096 2660 2142 ε’
2699 2090 2752 2154 ς’
2787 2096 2854 2143 ια’
2875 2105 2888 2120 °
2932 2090 3026 2142 καὶ
3069 2089 3127 2141 ὲν
3160 2089 3227 2158 τῇ
3260 2087 3394 2157 περὶ
3422 2086 3534 2139 τῶν
3559 2085 3658 2137 εύ-

396 2159 465 2214 de
496 2158 579 2211 his
601 2158 693 2225 qui
717 2156 996 2210 eunuchos
1036 2154 1260 2209 faciunt.
1950 2132 1957 2135 ν

2072 2132 2422 2252 νουχιέόντων
2450 2132 2575 2254 ρίιβ¹
2605 2132 2798 2250 νεαρῷ.
3199 2142 3210 2158 ⁸

482 2248 632 2305 CAP.
672 2248 786 2300 XV.
814 2279 885 2289 --
911 2247 1280 2301 Dazmoniacus
1307 2247 1363 2301 in
1395 2247 1592 2300 clerum
1616 2264 1717 2302 non
1749 2250 1962 2318 recipia-

2130 2247 2383 2331 ΚΕΦΑΛ.
2414 2247 2725 2342 υθέ-Περί
2880 2269 3365 2340 δαιμονιζόμενον
3384 2267 3475 2339 μὴ
3505 2272 3657 2333 κλη-

402 2350 508 2394 tur.
533 2340 899 2409 Apostolorum
939 2355 1105 2392 canon
1131 2339 1217 2393 78.
2068 2367 2335 2409 MﬁﬂﬂaL
2668 2339 2680 2342 '
2954 2374 2959 2380 .

472 2372 508 2394 ι.
533 2372 899 2409 ημυοουιυια...
939 2372 1105 2392 tum...
1138 2372 1217 2393 ευ.

472 2432 540 2486 79
571 2430 708 2504 [78].
744 2430 801 2485 Si
833 2431 957 2500 quis
988 2430 1289 2486 dmmonem
1322 2429 1541 2497 habeat,
1583 2446 1651 2485 ne
1685 2431 1778 2485 iiat
1810 2431 1962 2485 cleri-

2072 2372 2337 2434 ροῦσθαι.
2954 2374 2959 2380 ‘

2486 2457 2871 2509 Ἀποστόλων
2906 2454 3109 2509 κανὼν
3135 2453 3231 2507 οθ’.

398 2541 519 2591 cus,
556 2526 650 2581 sed
702 2540 876 2593 neque
906 2540 1031 2579 cum
1072 2525 1323 2582 ﬁdelibus
1368 2534 1643 2596 precetur.
1694 2526 1962 2597 Purgatus

2137 2549 2232 2601 οϐ’.
2275 2547 2400 2601 Ἐάν
2423 2566 2504 2611 τις
2531 2547 2760 2618 δαίμονα
2806 2547 2927 2617 ἔχῃ,
2970 2546 3231 2617 κληρικδς
3269 2544 3346 2617 μὴ
3387 2543 3654 2612 γινέσθω,

398 2629 578 2679 autem
612 2620 944 2687 recipiatur;
976 2620 1102 2674 etsi
1135 2620 1211 2674 sit
1242 2619 1460 2690 dignuS,
1496 2618 1614 2674 ﬁat.
1980 2630 1983 2631 ν
2069 2638 2204 2693 ἀλλὰ
2239 2639 2313 2708 μὴ
2357 2639 2415 2691 δὲ
2451 2640 2565 2702 τοῖς
2617 2640 2827 2701 πιστοῖς
2870 2637 3249 2707 συνευχέσθω·
3295 2634 3660 2706 καθαρισθεὶς

2068 2729 2146 2796 δὲ,
2181 2729 2559 2800 προσδεχέσθω
2582 2747 2595 2760 °
2629 2730 2723 2784 καὶ
2760 2730 2912 2801 ἐὰνῇ
2946 2728 3114 2794 ἄξιος,
3137 2727 3396 2796 γινέσθω.

469 2803 575 2874 55
602 2804 754 2858 CAP.
792 2803 933 2859 XVI.
963 2837 1034 2846 —
1056 2806 1130 2860 De
1166 2822 1225 2860 eo
1251 2806 1339 2876 qui
1380 2820 1486 2859 non
1512 2804 1830 2871 obtemperat
1854 2802 1962 2871 epi-

2142 2822 2393 2876 ΚΕΦΑΛ.
2432 2823 2546 2889 lq".
2570 2853 2638 2863 —
2659 2822 2796 2890 Περὶ
2826 2821 2932 2875 τοῦ
2957 2819 3043 2889 μὴ
3071 2818 3541 2887 πειθαρχοῦντος
3572 2814 3661 2879 τῷ

400 2914 554 2965 scopo
580 2897 771 2950 valenti
801 2899 973 2967 ipsum
1008 2899 1080 2951 ad
1100 2898 1351 2967 majorem
1380 2896 1602 2967 gradum
1629 2894 1897 2952 ordinare.

2074 2913 2201 2978 ἰδίῳ
2254 2916 2595 2981 ἐπισκόπῳ,
2647 2914 3003 2984 βουλομένῳ
3055 2911 3420 2982 χειροτονεῖν
3465 2910 3661 2965 αὐτὸν

2074 3008 2160 3072 εὶς
2182 3006 2422 3076 μείζονα
2447 3008 2706 3073 βιιθμόιε.

680 3091 907 3147 Conciiii
948 3093 1377 3164 Carthaginensis
1408 3109 1577 3147 canon
1598 3093 1688 3149 51.

2138 3069 2150 3072 ν
2182 3069 2199 3076 -
2320 3069 2589 3155 Evr-doce
2622 3098 3041 3167 Καρθαγέννης
3070 3097 3272 3151 κανὼν
3300 3095 3405 3148 λα’.

470 3184 559 3239 51.
589 3182 645 3237 Si
681 3186 772 3254 qui
803 3184 990 3239 clerici
1018 3185 1087 3238 ab
1124 3184 1396 3254 episcopis
1437 3186 1550 3239 suis
1582 3188 1815 3254 promoti
1842 3198 1962 3240 con-

2146 3191 2247 3248 λα’.
2291 3193 2417 3245 Ἐάν
2461 3208 2544 3252 τις
2576 3190 2836 3260 κληρικὸς
2884 3190 2949 3241 ὲκ
2979 3188 3088 3240 τῶν
3137 3187 3283 3239 ἰδίων
3334 3183 3658 3237 ἐπισκόπων

404 3280 744 3349 tempserint.
806 3294 907 3334 nec
942 3279 1056 3334 illic
1106 3288 1384 3343 maneant,
1421 3281 1564 3333 unde
1590 3278 1845 3334 recedere
1874 3294 1962 3333 no-

2076 3285 2542 3358 προϐιὸαζόμενος
2585 3285 2927 3353 καταξρονῇ,
2978 3281 3112 3352 μηδὲ
3153 3281 3274 3332 ἐκεῖ
3319 3278 3478 3349 μείνῃ
3528 3276 3658 3331 ὅθεν

397 3395 639 3441 luerunt.

2077 3378 2429 3448 ἀναχωρῆσαι
2458 3376 2557 3427 οὐκ
2586 3375 2873 3444 ἠθέλησεν.

469 3478 603 3532 Item
639 3478 844 3547 placuit
878 3477 942 3539 θ’,
982 3481 1040 3524 ιιι
1068 3469 1379 3539 quicunque
1420 3468 1621 3530 clerici,
1650 3467 1734 3521 vel
1761 3466 1962 3520 diaconi

2157 3467 2387 3537 Ὁμοίως
2415 3466 2631 3541 ἦρεσεν,
2669 3466 2755 3518 ἵνα
2788 3464 3089 3534 οἱοιδήποτε
3116 3463 3372 3533 κληρικοὶ
3407 3462 3502 3515 καὶ
3531 3460 3659 3515 διά·

396 3586 496 3639 pro
528 3570 952 3624 necessitatibus
988 3566 1350 3622 Ecclesiarum
1405 3576 1513 3614 non
1561 3560 1962 3629 obtemperave-

2076 3578 2243 3625 κονοι,
2287 3560 2380 3612 ἐὰν
2414 3560 2487 3629 μὴ
2542 3558 2878 3628 πειθαρχῶσι
2912 3558 3024 3619 τοῖς
3075 3556 3397 3616 ἐπισκόποις
3448 3556 3653 3621 αὐτῶν,

397 3661 509 3716 rint
543 3660 818 3730 episcopis
849 3659 985 3723 suis,
1007 3659 1313 3712 volentibus
1352 3666 1447 3705 eos
1478 3650 1544 3702 ad
1573 3650 1835 3703 honorem
1859 3663 1962 3702 am-

2077 3652 2417 3722 βουλομένοις
2438 3651 2528 3703 διά
2541 3667 2694 3712 τινας
2728 3647 3132 3717 ἁναγκαστικὰς
3173 3648 3352 3710 αἰτίας
3382 3649 3491 3700 τῶν
3525 3649 3655 3701 Ἕκ-

400 3752 626 3821 pliorem
656 3749 806 3821 [mss.
841 3746 1144 3819 meliorem]
1180 3750 1232 3802 in
1259 3764 1357 3802 sua
1382 3742 1609 3799 ecclesia
1635 3754 1962 3808 promovere,

2075 3745 2314 3813 κλησιῶν
2357 3742 2538 3796 αὐτῶν
2567 3741 2789 3805 τούτους
2832 3742 2968 3811 πρὸς
3019 3741 3271 3811 μείζονας
3321 3741 3653 3796 ἀναϐιϐάσαι

402 3860 503 3899 nec
550 3844 660 3897 illic
706 3843 1018 3897 ministrent
1069 3842 1120 3896 in
1171 3843 1338 3913 gradu
1376 3857 1498 3905 suo,
1547 3833 1687 3887 unde
1720 3832 1962 3888 recede”

2072 3836 2239 3904 τιμὰς
2279 3835 2337 3887 ἐν
2374 3836 2438 3903 τῇ
2480 3833 2779 3904 Ἐκκλησία
2826 3832 3029 3895 αὐτῶν,
3075 3832 3210 3901 μηδὲ
3244 3832 3304 3883 ὲν
3352 3831 3545 3899 ἐκείνῳ
3572 3831 3653 3897 τῷ

398 3936 708 3997 t.oluerunt.
2074 3927 2268 3998 βαθμῴ
2318 3926 2736 3997 διακονήσωσιν,
2777 3925 2835 3992 ἐξ
2872 3921 2933 3979 οὗ
2982 3926 3337 3995 ἀναχωρῆσαι
3387 3925 3487 3975 οὐκ
3525 3926 3655 3992 ᾔθε-

2072 4022 2264 4089 λησαν.

929 4133 1121 4187 Basilii
1140 4149 1311 4187 canon
1361 4132 1447 4188 10.

2543 4111 2868 4165 Βασιλείου
2893 4109 3094 4161 κανὼν
3118 4116 3167 4162 ι’.

466 4227 553 4281 10.
584 4225 687 4291 Qui
717 4226 903 4295 jurant
936 4242 996 4281 se
1042 4227 1442 4281 ordinationem
1476 4241 1583 4282 non
1624 4239 1962 4298 accepturos,

2142 4216 2192 4264 t'.
2220 4209 2283 4262 Οἱ
2308 4203 2603 4277 ὀμνύοντες
2632 4203 2706 4271 μὴ
2739 4201 3136 4270 καταδέχεσθαι
3166 4200 3264 4271 τὴν
3288 4200 3649 4271 χειροτονία-ι,

395 4312 691 4384 ejurames,
741 4328 808 4369 ne
853 4323 1117 4382 cogantur
1153 4313 1417 4382 pejerare.
1444 4312 1559 4368 Etsi
1584 4315 1727 4368 enim
1753 4315 1962 4369 videtur

2072 4298 2427 4368 ἐξομνύμενοι
2469 4296 2543 4367 μὴ
2583 4291 3085 4362 ἁναγκαζέσθωσαν
3122 4294 3422 4362 ἐπιορκεῖν.
3450 4292 3510 4343 Ei
3541 4293 3650 4361 γὰρ

396 4407 595 4476 aliquis
618 4422 741 4462 esse
779 4421 980 4470 canon,
1005 4405 1097 4474 qui
1121 4404 1390 4473 ejusmodi
1427 4404 1745 4459 hominibus
1772 4420 1962 4458 conce-

2072 4388 2166 4441 καὶ
2197 4388 2343 4439 δοκεῖ
2391 4403 2474 4447 τις
2502 4379 2641 4437 εἶναι
2681 4382 2860 4436 κανὼν
2906 4384 2935 4435 ὁ
2987 4380 3282 4452 συγχωρῶν
3332 4384 3445 4442 τοῖς
3474 4380 3652 4433 τοιού-

396 4499 531 4562 dat;
561 4497 896 4566 experientia
944 4506 1125 4551 tamen
1177 4496 1534 4565 cognovimus
1556 4511 1651 4551 eos
1680 4497 1774 4566 qui
1816 4500 1962 4565 peie—

2072 4491 2205 4538 τοις,
2237 4473 2374 4526 ἀλλὰ
2428 4473 2595 4542 πείρᾳ
2627 4472 2967 4539 ἐγνώκαμεν,
3004 4473 3085 4524 ὅτι
3128 4472 3228 4529 οὐκ
3258 4472 3574 4524 εὐοδοῦνται
3602 4474 3650 4524 oi.

395 4600 611 4650 rarum,
664 4587 849 4642 felices
900 4588 1078 4642 exitus
1123 4603 1228 4640 non
1266 4588 1487 4642 habere.
1547 4588 1962 4643 Consideranda

398 4691 577 4733 autem
624 4688 752 4735 sunt
807 4688 862 4732 et
904 4680 1113 4748 species
1155 4679 1537 4748 jurisjurandi,
1582 4691 1635 4733 et
1676 4681 1864 4741 verba,
1914 4692 1962 4733 et

2073 4657 2260 4726 ὅρκου,
2302 4655 2396 4707 καὶ
2421 4655 2490 4706 τὰ
2515 4654 2760 4723 ῥήματα,
2786 4652 2882 4707 καὶ
2902 4653 2999 4720 τὴν
3029 4652 3270 4707 διάθεσιν
3297 4654 3393 4721 ἀφ’
3416 4650 3484 4724 ἧς
3507 4656 3651 4722 ὀμω-

397 4770 616 4824 animus
665 4785 775 4838 quo
816 4770 1156 4839 iuraverunt,
1203 4779 1252 4829 et
1290 4770 1564 4838 sigillatim
1614 4786 1737 4839 quae
1789 4770 1962 4824 verbis

2080 4749 2305 4815 μόκασι,
2339 4747 2434 4798 καὶ
2462 4745 2564 4808 τὰς
2600 4745 2743 4797 κατὰ
2772 4744 2967 4796 λεπτὸν
3004 4746 3063 4797 ὲν
3093 4746 3205 4806 τοῖς
3237 4744 3446 4814 ῥήμασι
3480 4760 3647 4813 προσ-

396 4862 577 4915 addita
602 4860 841 4923 fuerunt,
880 4860 1015 4913 adeo
1046 4869 1104 4913 ut
1144 4860 1188 4914 si
1222 4860 1368 4912 nulla
1411 4875 1638 4928 prorsus
1676 4860 1749 4913 sit
1780 4860 1855 4913 rei
1884 4860 1962 4914 le-

2072 4839 2265 4905 θὴκαςο
2288 4838 2361 4900 ὡς
2382 4838 2476 4887 ἐὰν
2511 4834 2797 4906 μηδεμίαῇ
2826 4834 3138 4905 μηδαμόθεν
3160 4835 3514 4904 παραμυθία,
3542 4835 3645 4906 χρὴ

396 4949 609 5003 niendze
640 4948 800 5012 ratio,
851 4948 984 5002 tales
1018 4948 1243 5001 omnino
1278 4947 1583 5000 dimittendi
1629 4947 1757 5001 sint.
1810 4946 1962 5012 Quod

2072 4931 2348 4994 παντελῶς
2371 4932 2465 5001 ὲᾷν
2488 4931 2611 4993 τοὺς
2625 4929 2920 4992 τοιούτους.
2942 4929 3015 4982 Τὸ
3032 4929 3131 4998 μέν
3149 4946 3231 4983 τοι
3253 4930 3396 4982 κατὰ
3410 4932 3644 5001 Σεϐῆρον

397 5046 575 5093 autem
608 5035 803 5094 attinet
835 5034 899 5087 ad
928 5033 1114 5088 Severi
1149 5033 1447 5102 negotium,
1472 5032 1721 5086 videlicet
1745 5034 1809 5087 ad
1839 5050 1962 5103 pre-

2072 5026 2321 5095 πρᾶγμα,
2349 5024 2468 5092 ἢτοι
2486 5023 2575 5075 τὸν
2594 5022 2700 5075 ὑπὸ
2718 5021 2907 5074 τούτου
2930 5022 3378 5091 χειροτονηθέντα
3410 5023 3645 5095 πρεσϐύ-

396 5126 675 5193 sbyterum
708 5121 776 5175 ab
804 5122 925 5190 ipso
953 5121 1286 5185 ordinatum,
1318 5120 1533 5173 videtur
1568 5119 1683 5173 nihi
1716 5136 1803 5174 res
1828 5130 1962 5173 tem-

2072 5134 2126 5169 τε
2139 5133 2249 5187 ρον,
2280 5115 2536 5184 τοιαύτην
2557 5114 2680 5168 τινά
2703 5131 2792 5184 μοι
2841 5114 2989 5167 δοκεῖ
3021 5114 3379 5184 παραμυθίαν
3400 5115 3567 5185 ἔχειν,
3598 5116 3641 5167 εί

396 5219 767 5281 peramentum
813 5208 1082 5273 ejusmodi
1128 5208 1347 5271 habere,
1385 5208 1430 5261 si
1472 5207 1612 5260 idem
1650 5214 1704 5260 et
1752 5207 1846 5260 tibi
1883 5208 1962 5260 vi-

2072 5212 2158 5265 m‘.
2173 5211 2255 5262 σοὶ
2279 5208 2561 5260 συνδοκεῖ·
2589 5207 2680 5258 τὸν
2712 5206 2884 5277 ἁγρδν
2929 5208 3138 5260 ἐκεῖνον
3168 5207 3263 5259 τὸν
3293 5208 3641 5276 ἐπικείμενον

395 5302 610 5354 deatur.
634 5300 836 5369 Agrum
863 5300 1011 5353 illum
1033 5297 1264 5352 Misthiae
1288 5296 1619 5364 subjectum,
1644 5297 1730 5350 cui
1761 5297 1852 5350 ille
1885 5299 1962 5349 vir

2072 5305 2132 5373 τῇ
2183 5300 2412 5370 Μισθίᾳ,
2447 5294 2492 5366 ᾧ
2557 5298 2962 5368 ἐπεκηρύχθηό
3031 5297 3341 5368 ἄνθρωπος,
3394 5300 3641 5351 κέλευσον

398 5391 645 5445 addictus
680 5391 802 5453 fuit,
849 5392 982 5460 jube
1023 5389 1255 5444 Vasodis
1285 5389 1533 5453 subesse.
1569 5388 1661 5443 Sic
1697 5389 1843 5449 enim
1871 5405 1962 5443 nec

2072 5393 2359 5453 Οὐασόδοις
2415 5391 2716 5444 ὑποτελεῖν,
2744 5390 2901 5443 Οὕτω
2941 5390 3049 5459 γὰρ
3081 5392 3332 5453 κάκεῖνος
3353 5391 3413 5442 ού
3438 5409 3640 5461 παρορ-

402 5480 667 5551 pejerabit
704 5482 792 5535 ille
822 5497 853 5535 a
893 5482 1013 5535 loco
1040 5496 1149 5533 non
1200 5479 1480 5545 recedens,
1532 5495 1632 5534 nec
1662 5480 1962 5550 Longinus,

2072 5486 2246 5553 κήσει,
2273 5482 2348 5551 μὴ
2372 5480 2669 5549 ἀναχωρῶν
2696 5479 2790 5532 τοῦ
2816 5479 2981 5532 τόπου
3002 5494 3015 5508 ⁶
3045 5479 3181 5531 καὶὸ
3209 5479 3473 5546 Λογγῖνος
3514 5482 3640 5549 ἔχων

398 5587 576 5643 ξτειιιιι
612 5572 819 5628 habens
870 5574 1179 5641 Cyriucum,
1215 5573 1267 5625 in
1303 5586 1468 5625 causa
1497 5572 1599 5627 erit
1623 5589 1721 5626 cur
1754 5573 1962 5627 deserta

2072 5571 2162 5624 τὸν
2190 5570 2466 5636 κυριακὸν
2490 5569 2603 5637 μεθ’
2633 5567 2850 5633 ἑαυτοῦ,
2867 5568 2965 5620 οὐκ
2990 5566 3267 5637 ἐρημώσει
3288 5569 3386 5638 τὴν
3416 5568 3607 5635 Ἐκκλτ

469 5682 516 5728 1³
543 5682 797 5755 Carthag.
835 5700 913 5750 III,
950 5698 1065 5754 (up.
1106 5684 1175 5751 49
1209 5695 1261 5738 ct
1291 5682 1374 5749 1'2,
1402 5692 1594 5763 quaest.
1633 5684 1686 5747 ’5,
1732 5699 1853 5753 cap.
1901 5682 1969 5744 Ι;’
2001 5682 2256 5752 Carthag.
2301 5698 2382 5749 ιιι,
2419 5695 2539 5751 cap.
2574 5679 2641 5732 49
2671 5688 2722 5733 et
2759 5680 2842 5743 12,
2880 5689 3067 5751 quzest.
3097 5680 3151 5745 '5,
3186 5693 3305 5749 cap.
3344 5678 3399 5737 1.

2072 4567 2543 4635 παρορκήσαντες.
2596 4562 2826 4614 Σκοπεῖν
2883 4562 2938 4614 δὲ
2996 4562 3077 4613 δεῖ
3122 4563 3219 4615 καὶ⁹
3273 4562 3335 4613 τὸ
3362 4559 3503 4625 εἶδος
3557 4563 3647 4616 τοῦ
