3886 6240
215 244 325 308 505

934 238 1337 302 SYNTAGMA
1380 234 1767 297 CANONUM.
1797 261 1867 274 -·
1894 236 2043 298 ΤΙΤ.
2075 237 2125 309 Ῑ,
2165 239 2318 299 CAP.
2361 242 2482 315 Π,
2524 244 2676 305 XVI.

3367 242 3472 305 506

215 353 365 418 σίαν,
391 352 509 406 ούδέ
535 351 634 421 τὴν
659 349 853 404 ἐαυτοῦ
884 350 1059 421 ψυχὴν
1094 350 1183 403 διὰ
1212 351 1310 419 τῆς
1340 348 1541 420 ἀργίας
1568 347 1792 402 καταδι-

1920 350 2006 419 56
2037 350 2107 405 sit
2132 352 2386 417 ecclesia,
2442 370 2616 424 neque
2666 356 2909 410 animam
2945 369 3100 410 suam
3157 367 3254 423 per
3296 354 3469 407 otium

215 447 385 499 κὰσει
406 461 419 475 ’
450 444 542 497 καὶ
565 444 724 512 ἡμεῖς
750 442 974 511 δόξομεν
1008 442 1083 512 μὴ
1107 441 1258 511 παρά
1279 442 1511 503 κανόνας
1540 442 1715 493 ποιεῖν
1742 438 1795 491 τί

215 534 760 605 συμπεριφερόμενοι
793 533 870 603 τῷ
899 532 1182 603 Κυριακῷ,
1214 532 1470 599 ὀμόσαντι
1508 531 1605 599 μὲν
1654 547 1796 598 συμ-

214 626 561 696 παραμένειν
603 624 912 687 Μινδὰνοις,
959 622 1378 691 καταδεξαμένῳ
1411 621 1467 673 δὲ
1507 620 1603 690 τὴν
1634 620 1800 688 μετά-

214 720 395 772 θεσιν.
430 720 496 771 Ἦ
522 720 629 788 γὰρ
658 717 915 779 ἐπάνοδος
946 716 1157 785 φυλακὴ
1204 714 1355 767 ἔσται
1392 713 1487 765 τοῦ
1511 714 1673 782 ὅρκου
1694 728 1706 742 ·
1738 711 1800 764 τὸ

213 814 278 865 ὢ
308 811 449 877 εἶξαι
492 812 654 867 αὐτὸν
691 815 757 882 τῇ
790 811 1095 881 οἰκονομίᾳ,
1133 810 1213 871 είς
1257 809 1519 879 ἐπορκίαν
1564 808 1711 876 αὐτῷ
1736 806 1797 859 οὐ

212 899 625 971 λογισθήσεται,
656 900 743 952 διὰ
768 900 829 953 τὸ
865 900 939 970 μὴ
972 898 1329 969 προσκεῖσθαι
1361 896 1438 967 τῷ
1466 898 1635 968 ὅρκῳ,
1664 894 1799 965 μηδὲ

215 991 368 1060 πρὸς
401 991 569 1060 βραχὺ
592 992 943 1061 ἀναχωρῆσαι
968 989 1271 1051 Μινδάνων,
1296 988 1431 1041 ἀλλὰ
1462 986 1800 1057 παραμένειν

214 1085 305 1145 εἰς
335 1084 399 1135 τὸ
429 1083 647 1152 ἐφεξῆς.
678 1084 903 1153 Σεὸήρῳ
924 1083 979 1134 δέ
1008 1078 1461 1153 προφασιζομένῳ
1486 1078 1585 1148 τὴν
1607 1078 1796 1148 λήθην,

215 1176 392 1242 ἡμεῖς
422 1175 842 1244 συγχωρήσομεν
899 1174 1163 1237 εἰπόντες,
1216 1174 1298 1227 ὅτι
1327 1174 1356 1225 ὁ
1406 1170 1515 1225 τῶν
1543 1170 1800 1241 κρυπτῶν

214 1265 496 1337 γνώστης,
524 1267 583 1320 ού
615 1268 931 1337 περιόψεται
971 1268 1070 1335 τὴν
1104 1266 1297 1319 ἑαυτοῦ
1341 1264 1670 1334 Ἐκκλησίαν
1695 1263 1801 1316 ὑπὸ

214 1357 469 1411 τοιούτου
482 1357 545 1409 λυ
553 1359 906 1427 μαινομένην,
926 1358 1207 1420 ποιοῦντος
1238 1358 1335 1427 μὲν
1362 1358 1727 1418 ἀκανονίστως
1740 1357 1801 1409 τὸ

216 1449 499 1518 ὲξάρχῆς.
527 1449 677 1519 ὅρκῳ
698 1449 753 1501 δὲ
786 1440 1253 1518 καταδεσμοῦντος
1281 1448 1432 1518 παρά
1452 1449 1522 1501 τὰ
1552 1447 1800 1514 Εὐαγγέ-

217 1542 342 1601 ita,
375 1535 675 1611 παρορκείν
704 1540 761 1593 δὲ
786 1542 1125 1602 διδάσκοντος
1151 1540 1217 1593 δι’
1248 1536 1324 1592 ῶν
1361 1540 1646 1609 μετετέθη,
1668 1540 1803 1608 ψευ-

219 1630 456 1699 δομένου
506 1631 563 1682 δὲ
621 1629 717 1683 νῦν
746 1630 813 1683 δι’
855 1624 929 1684 ὧν
990 1630 1090 1699 τὴν
1152 1630 1322 1702 λήθην
1381 1630 1798 1701 σχηματίζεται.

237 1721 462 1790 Ἐπειδὴ
492 1721 547 1773 δὲ
594 1721 693 1774 οὐκ
735 1722 901 1790 ἐσμὲν
948 1722 1185 1792 καρδιῶν
1216 1725 1419 1792 κριταὶ,
1473 1722 1586 1775 ἀλλ’
1618 1722 1676 1786 ἐξ
1724 1715 1800 1775 ὧν

220 1810 501 1879 ἀκούομεν
526 1812 802 1881 κρίνομεν,
832 1812 1009 1881 δῶμεν
1043 1811 1119 1882 τῷ
1148 1813 1336 1880 Κυρίῳ
1369 1812 1469 1882 τὴν
1497 1812 1800 1880 ἐκδίκησιν,

220 1900 387 1952 αὐτοὶ
436 1900 492 1953 δὲ
531 1900 857 1970 ἀδιακρίτως
903 1901 1065 1953 αὑτὸν
1112 1901 1424 1973 δεξώμεθα,
1476 1902 1806 1973 συγγνώμην

220 1992 411 2055 δόντες
445 1991 768 2061 ἀνθρωπίνῳ
798 1992 960 2047 πάθει
993 1995 1061 2064 τῇ
1098 1993 1264 2065 λήθῃ.

302 2248 555 2302 ΚΕΦΑΛ.
589 2248 901 2317 ῙΖ¹.-Περὶ
931 2249 1271 2303 ἐπισκόπου
1305 2249 1343 2318 ἢ
1374 2248 1659 2318 κληρικοῦ
1687 2265 1807 2317 χει-

224 2336 671 2405 ροτονηθὼπος
722 2337 817 2390 καί
873 2337 958 2405 μὴ
1025 2337 1342 2406 δεχθέυντος
1398 2338 1514 2393 ὑπὸ
1555 2337 1665 2406 τῆς
1694 2353 1808 2391 πα-

230 2428 485 2493 (Ῑοικίας,
525 2428 564 2495 ἢ
609 2428 697 2497 μὴ
742 2429 1246 2500 καταδεξαμένου,
1272 2431 1309 2499 ἢ
1338 2429 1417 2498 μὴ
1443 2431 1807 2499 δυνηθέντος

231 2518 542 2573 ἀπελθεῖν.

653 2612 1039 2667 Ἀποστόλων
1066 2613 1267 2666 κανὼν
1286 2615 1396 2679 λς’.

304 2700 416 2765 λς’.
450 2701 519 2755 El
551 2719 635 2764 τις
674 2702 1066 2773 χειροτονηθεὶς
1114 2705 1429 2769 ἐπίσκοπος,
1461 2705 1535 2775 μὴ
1582 2705 1810 2759 καταδέ-

233 2809 386 2861 χοιτο
412 2793 510 2863 τὴν
543 2794 885 2860 λειτουργίαν
908 2796 1004 2847 καὶ
1028 2796 1125 2859 τὴν
1154 2796 1401 2864 φροντίδα
1429 2797 1523 2849 τοῦ
1555 2796 1685 2850 λαοῦ
1711 2797 1809 2868 τὴν

234 2883 667 2953 ἐηειρισθεῖσαν
685 2884 851 2954 αὐτῷ,
880 2885 1065 2938 τοῦτον
1091 2887 1473 2956 ἀφωρισμένον
1497 2888 1807 2957 τυγχάνειν,

1900 440 2198 495 damnabit.
2242 440 2429 510 Neque
2471 460 2571 499 nos
2611 445 2813 515 aliquid
2867 457 3063 514 prmter
3090 460 3328 498 canones
3360 442 3471 497 clli-

1899 546 2023 587 cere
2057 533 2379 597 videbimur,
2415 538 2915 591 accommodationc
2950 544 3163 589 utentes
3189 536 3241 587 in
3284 535 3472 604 Cyria-

1900 640 2045 687 cum,
2083 628 2173 696 qui
2210 643 2332 680 cum
2361 643 2420 681 se
2448 627 2716 700 Mindanis
2750 644 3173 697 permansurum
3201 628 3466 696 jurasset,

1901 726 2080 770 tamen
2130 719 2543 772 translationem
2596 721 2857 788 suscepit.
2906 718 3134 773 Reditus
3183 719 3328 770 enim
3366 717 3470 769 erit

1896 809 2257 879 jurisjurandi
2300 810 2629 863 observatio.
2663 809 3010 863 ()Economize
3067 818 3250 862 autem
3285 823 3313 858 a
3356 806 3469 860 dis-

1901 901 2217 969 pensatione
2252 898 2297 952 si
2327 900 2573 962 cesserit,
2606 898 2659 953 id
2702 899 2750 952 ei
2785 899 3009 968 perjurii
3066 898 3188 951 loco
3228 910 3336 949 non
3370 895 3471 947 im-

1903 992 2219 1061 ptttabitur,
2252 991 2449 1061 quippe
2499 990 2621 1061 quia
2665 989 3010 1059 jurijurando
3061 990 3330 1057 adjectum
3359 1000 3467 1039 non

1900 1092 1985 1137 est
2015 1097 2084 1137 ne
2112 1082 2391 1152 paululum
2420 1082 2637 1151 quidem
2674 1080 2944 1135 Mindanis
2972 1093 3335 1137 recessurum.
3376 1076 3470 1130 sed

1900 1173 2158 1243 deinceps
2196 1188 2634 1243 permansurum.
2658 1171 2770 1227 Nos
2796 1180 2977 1225 autem
3006 1173 3207 1224 Severo
3238 1169 3472 1224 oblivio-

1901 1281 2026 1321 nem
2058 1266 2303 1320 causanti
2348 1266 2429 1317 sic
2469 1264 2839 1333 ignoscemus,
2863 1270 2925 1316 ut
2960 1277 3085 1315 eum
3131 1275 3473 1324 moneamus,

1902 1357 2239 1412 orcultorum
2276 1355 2607 1423 cognitorem
2638 1369 2790 1407 suam
2836 1354 3008 1422 ipsius
3036 1351 3332 1405 Eeclesiam
3363 1366 3473 1403 non

1903 1462 2191 1517 passurum
2238 1447 2306 1499 ab
2356 1445 2623 1515 ejusmodi
2679 1444 2900 1499 homine
2953 1442 3313 1497 labefactari:
3381 1441 3473 1509 qui

1904 1548 2098 1608 pneter
2117 1551 2355 1592 canones
2389 1537 2457 1591 ab
2478 1536 2633 1589 initio
2673 1534 2820 1599 fecit,
2856 1550 2924 1589 ne
2952 1532 3313 1603 jurejurando
3339 1547 3473 1585 con-

1908 1642 1989 1685 tra
2057 1630 2348 1701 Evangelia
2416 1632 2687 1700 astringit,
2775 1638 2831 1685 et
2890 1628 3192 1699 perjurium
3238 1624 3469 1680 transfe-

1911 1724 2074 1776 rendo
2101 1722 2309 1786 edocet,
2347 1736 2409 1775 ac
2439 1731 2739 1791 postremo,
2770 1722 2900 1775 dum
2946 1720 3277 1774 oblivionem
3310 1717 3477 1771 simu—

1910 1812 2006 1874 lat,
2054 1813 2333 1867 mentitur.
2384 1812 2488 1866 Sed
2521 1814 2779 1881 quoniam
2824 1811 3073 1866 cordinm
3111 1810 3327 1878 judiees
3364 1808 3472 1860 non

1908 1919 2121 1969 sumus,
2158 1905 2252 1957 sed
2287 1919 2353 1957 ex
2390 1905 2456 1958 iis
2504 1920 2625 1973 qua:
2682 1904 2963 1965 audimus,
3010 1902 3345 1971 judicamus,
3385 1900 3477 1952 tle-

1908 2012 2033 2051 mus
2064 1995 2293 2049 Domino
2323 1996 2639 2060 vindictam,
2673 2009 2909 2063 eumque
2943 1993 3076 2047 citra
3118 2006 3347 2045 examen
3380 2004 3477 2043 su-

1910 2087 2227 2156 Spiciamus,
2281 2088 2518 2141 humano
2559 2087 2713 2151 vitio,
2755 2086 3017 2142 oblivioni
3067 2085 3294 2146 scilicet,
3324 2083 3478 2152 igno-

1910 2186 2143 2234 scentes.

1978 2270 2130 2325 CAP.
2158 2268 2452 2325 XVl.—De
2472 2269 2707 2337 episcopo
2740 2278 2833 2322 aut
2880 2269 3069 2323 clerico
3093 2267 3334 2320 ordinato
3369 2264 3482 2334 qui-

1908 2364 2045 2425 dem,
2103 2362 2193 2415 sed
2233 2363 2322 2431 qui
2378 2379 2411 2414 a
2463 2378 2557 2415 suo
2589 2363 2796 2415 αἰωρεδὶ
2825 2361 2903 2415 vel
2929 2360 3162 2428 parwcia
3199 2374 3302 2411 non
3344 2355 3479 2408 reci-

1908 2456 2088 2525 pitur,
2150 2454 2226 2507 vel
2290 2453 2639 2505 ministerium
2702 2453 2925 2520 recipere
2982 2457 3229 2510 recusat,
3290 2445 3368 2501 vel
3423 2446 3478 2497 in

1909 2547 2187 2599 stationem
2210 2560 2360 2597 suam
2393 2544 2571 2611 nequit
2603 2543 2765 2596 abire.

2347 2634 2715 2702 Apostolorum
2744 2649 2911 2686 canon
2941 2629 3030 2684 '56.

1979 2724 2047 2778 56
2077 2724 2209 2795 [δη.
2244 2724 2299 2777 Si
2348 2728 2472 2792 quis
2514 2725 2801 2777 ordinatus
2842 2722 3133 2789 cpiscopus
3167 2733 3275 2771 non
3306 2713 3483 2770 susci-

1910 2818 2023 2886 piat
2046 2816 2410 2870 ministerium
2447 2818 2534 2878 "',
2565 2826 2619 2868 et
2649 2830 2835 2869 curam
2865 2814 2967 2867 sibi
3004 2810 3376 2870 commissam,
3410 2805 3484 2860 sit

1915 2919 2248 2979 segregatus,
2317 2909 2490 2963 donec
2550 2925 2669 2963 eam
2723 2906 3025 2975 susceperit
3078 2901 3380 2960 :similiter
3429 2906 3485 2952 et

234 2975 344 3035 ἓως
376 2975 441 3027 ἂν
468 2975 861 3045 καταδέξηται·
894 2976 1157 3041 ὡσαύτως
1193 2978 1286 3031 καὶ
1318 2978 1686 3048 πρεσϐύτερος
1712 2978 1807 3032 καὶ

1920 3002 2215 3073 presbyter,
2244 3013 2297 3057 et
2338 3003 2627 3055 diaconus.
2672 3000 2766 3053 Sin
2805 3007 2989 3053 autem
3038 2995 3348 3056 recesserit,
3382 3006 3485 3045 nec

233 3065 503 3127 διάκονος.
542 3064 604 3118 Ei
640 3067 697 3119 δὲ
743 3067 995 3121 ἀπελθὼν
1032 3069 1107 3139 μὴ
1153 3070 1363 3141 δεχθείη
1412 3072 1471 3125 οὐ
1526 3071 1677 3142 παρὰ
1712 3071 1808 3143 τὴν

234 3157 429 3213 ἑαυτοῦ
462 3159 705 3233 γνώμην,
727 3162 864 3215 ἀλλὰ
890 3160 1041 3233 παρὰ
1071 3161 1168 3232 τὴν
1200 3163 1293 3216 τοῦ
1323 3164 1451 3217 λαοῦ
1484 3164 1807 3234 μοχθηρίαν,

233 3254 401 3315 αὐτὸς
441 3254 539 3323 μὲν
569 3254 709 3309 ἔστω
744 3257 1057 3322 ἐπίσκοπος,
1091 3260 1117 3311 ὁ
1143 3258 1201 3310 δὲ
1230 3259 1427 3327 κλῆρος
1473 3259 1569 3327 τῆς
1603 3258 1811 3321 πόλεως

236 3345 604 3415 ἀφοριζέσθω,
638 3345 719 3397 ὅτι
740 3346 979 3399 τοιούτου
1008 3347 1138 3431 iam”).
1178 3348 1551 3402 ἀνυποτάκτου
1585 3350 1811 3402 παιδευ-

236 3438 328 3490 ταὶ
354 3437 457 3490 οὐκ
482 3436 748 3489 ἐγένοντο.

560 3528 831 3583 Συνόδου
867 3529 1155 3598 Ἀγκύρας
1175 3531 1374 3583 κανὼν
1404 3537 1492 3600 ιη’.

311 3625 402 3687 ιη’.
432 3619 498 3671 Oi
526 3636 668 3682 τινες
701 3620 990 3673 ἐπίσκοποι
1024 3621 1453 3685 κατασταθέντες
1486 3622 1579 3676 καὶ
1623 3623 1697 3694 μὴ
1728 3624 1814 3677 δε-

238 3711 461 3781 χθέντες
491 3710 595 3763 ὑπὸ
624 3711 724 3780 τῆς
775 3712 1065 3780 παροικίας
1106 3713 1321 3783 ἐκείνης
1376 3716 1456 3777 είς
1484 3715 1552 3783 ἢν
1596 3715 1814 3785 ώνομά-

242 3801 472 3870 σθησαν,
500 3801 711 3870 ἑτέραις
760 3800 1031 3869 βούλοιντο
1080 3803 1394 3871 παροικίαις
1440 3805 1670 3869 ἐπιέναι,
1720 3808 1817 3860 καὶ

243 3892 529 3963 βιάζεσθαι
553 3893 679 3954 τοὺς
708 3891 1076 3956 καθεστῶτας,
1111 3894 1204 3945 καὶ
1241 3894 1457 3957 στάσεις
1490 3899 1659 3948 κινεῖν
1692 3899 1815 3950 κατ’

241 3986 445 4049 αὐτῶν,
477 3985 695 4047 τούτους
741 3984 1122 4054 ἀφορίζεσθαιο
1156 3985 1249 4039 ἐὰν
1298 3986 1397 4052 μέν
1429 4004 1512 4040 τοι
1548 3987 1820 4058 βούλοιντο

242 4080 322 4141 εἰς
354 4078 418 4131 τὸ
470 4079 861 4147 πρεσϐυτέριον
893 4077 1240 4145 καθέζεσθαι,
1273 4080 1402 4134 ἔνθα
1442 4075 1581 4152 ἦσαν
1622 4082 1819 4151 πρότε-

244 4187 337 4241 ρον
370 4168 755 4240 πρεσϐύτεροι,
794 4169 869 4239 μὴ
917 4169 1317 4224 ἀποϐάλλεσθαι
1370 4172 1567 4235 αὐτοὺς
1612 4173 1710 4241 τῆς
1741 4190 1822 4225 τι-

245 4262 377 4333 μῆς.
426 4263 551 4319 Ἐὰν
594 4262 651 4315 δὲ
681 4262 1105 4327 διαστασιάζωσι
1131 4264 1269 4333 πρὸς
1304 4265 1431 4328 τοὺς
1474 4265 1821 4329 καθεστῶτας

242 4356 364 4409 ἐκεῖ
392 4354 741 4418 ἐπισκόπους,
778 4354 1128 4426 ἀφαιρεῖσθαι
1168 4356 1367 4419 αὐτοὺς
1394 4357 1489 4410 καὶ
1516 4358 1616 4428 τὴν
1653 4359 1820 4429 τιμὴν

239 4448 338 4501 τοῦ
374 4446 788 4518 πρεσϐυτερίου,
810 4448 903 4500 καὶ
924 4447 1166 4514 γίνεσθαι
1200 4449 1395 4513 αὐτοὺς
1423 4450 1819 4519 ἐκκηρύκτους.

462 4535 731 4589 Eva-(560v
777 4536 1135 4605 Ἀντιοχείας
1179 4536 1380 4591 κανὼν
1411 4539 1476 4603 ιζ’
1510 4545 1602 4609 ιη’.

321 4628 411 4692 ιζ’.
442 4626 510 4679 Εἴ
537 4643 620 4690 τις
671 4626 968 4691 ἐπίσκοπος
1016 4630 1349 4698 χειροθεσίαν
1401 4630 1699 4684 ἐπισκόπου
1728 4632 1825 4686 λα-

243 4720 381 4783 ϐὼν,
425 4719 519 4770 καὶ
557 4717 793 4788 ὁρισθεὶς
828 4720 1157 4788 προεστᾶναι
1192 4718 1343 4786 λαοῦ,
1382 4721 1456 4790 μὴ
1484 4721 1825 4787 καταδέξοιτο

242 4810 345 4879 τὴν
371 4808 729 4878 λειτουργίαν,
756 4809 887 4878 μηδέ
914 4809 1133 4862 ἀπιέναι
1160 4810 1395 4863 πείθοιτο
1422 4813 1501 4874 είς
1529 4811 1628 4883 τὴν
1653 4815 1827 4883 ἐγχει-

251 4902 532 4975 ρισθεῖσαν
579 4900 727 4969 αὐτῷ
780 4900 1126 4970 Ἐκκλησίαν,
1160 4901 1346 4956 τοῦτον
1370 4897 1509 4955 εἶναι
1531 4904 1826 4973 ἀκοινώνηο

245 5011 343 5047 τον
362 5007 379 5023 ⁸
416 4993 521 5055 ἕως
548 4992 595 5044 τ’
628 4992 695 5045 ἂν
725 4992 1090 5060 ἀναγκασθεὶς
1126 4993 1492 5058 καταδέξοιτο,
1521 4994 1555 5065 ἢ
1587 4996 1747 5068 ὁρίσῃ
1774 5014 1827 5049 τι

250 5086 386 5155 περὶ
414 5081 580 5138 αὑτοῦ
605 5084 639 5155 ή
670 5083 851 5137 τελεία
881 5084 1095 5149 σύνοδος
1123 5084 1233 5139 τῶν
1262 5086 1403 5139 κατά
1432 5086 1529 5158 τὴν
1556 5088 1829 5159 ἐπαρχίαν

249 5178 591 5231 ἐπισκόπων.

326 5268 415 5337 ιη’.
455 5268 523 5321 Εἴ
568 5287 652 5332 τις
699 5269 996 5332 ἐπίσκοπος
1050 5269 1449 5340 χειροτονηθεὶς
1505 5271 1585 5334 είς
1634 5288 1831 5341 παροι-

252 5364 401 5428 κίαν,
439 5361 516 5433 μὴ
543 5362 769 5415 ἁπέλθοι
798 5364 876 5427 εἰς
922 5365 987 5433 ἢν
1017 5362 1418 5432 ἐχειροτονήθη,
1459 5363 1519 5414 ού
1554 5362 1704 5432 παρὰ
1733 5362 1831 5433 τὴν

253 5454 451 5512 ἑαυτοῦ
498 5454 701 5519 αἰτίαν,
737 5454 849 5506 ἀλλ’
875 5455 992 5525 ἦτοι
1019 5455 1109 5507 διὰ
1134 5455 1231 5525 τὴν
1270 5455 1363 5508 τοῦ
1396 5455 1524 5508 λαοῦ
1558 5456 1832 5526 παραίτη-

254 5563 360 5607 σιν,
420 5546 546 5616 ear
589 5544 782 5615 ἑτέραν
831 5547 1010 5599 αἰτίαν
1053 5548 1154 5600 οὐκ
1188 5546 1248 5611 ἐξ
1300 5546 1465 5600 αὐτοῦ
1511 5548 1829 5619 γενομένην,

326 5639 393 5675 ⁸⁸·
419 5638 599 5698 (Ioue.
632 5637 990 5709 Epltcsinum.

1913 3103 2199 3164 susceptus
2252 3092 2433 3154 fuerit,
2473 3107 2581 3144 non
2637 3106 2737 3143 sua
2773 3089 2993 3157 quidem
3027 3087 3331 3144 voluntate,
3386 3080 3480 3134 sed

1912 3193 2132 3255 prepter
2159 3183 2261 3252 57
2293 3182 2477 3250 populi
2522 3180 2947 3248 improbitatem,
2977 3177 3091 3244 ipse
3118 3175 3336 3242 quidem
3367 3185 3485 3224 ma-

1912 3287 2039 3331 neat
2067 3276 2374 3344 cpiscopus,
2407 3272 2641 3325 clericus
2668 3282 2848 3323 autem
2879 3268 3121 3321 civitatis
3148 3270 3483 3332 scgregetur,

1912 3366 2056 3437 quod
2093 3364 2357 3435 ejusmodi
2395 3362 2612 3417 rebellis
2640 3370 2694 3415 et
2724 3357 3010 3415 insolentis
3049 3354 3229 3426 populi
3267 3352 3487 3406 institu-

1914 3469 2061 3514 tores
2097 3473 2203 3512 non
2234 3456 2458 3511 iuerint.

2287 3546 2514 3603 Concilii
2559 3542 2825 3613 Ancyrani
2842 3556 3010 3594 canon
3029 3538 3115 3593 18.

1987 3642 2073 3697 18.
2100 3642 2158 3697 Si
2213 3641 2307 3711 qui
2365 3637 2647 3694 constituti
2684 3635 2951 3705 episcopi,
2983 3641 3038 3687 et
3086 3631 3153 3685 ab
3198 3629 3285 3683 illa
3329 3640 3490 3696 paro-

1916 3735 2061 3799 chia,
2118 3735 2169 3787 in
2221 3748 2385 3802 quam
2427 3728 2690 3785 nominati
2754 3727 3011 3788 luerunt,
3067 3739 3174 3776 non
3229 3718 3489 3786 suscepti,

1918 3829 2053 3882 alias
2085 3826 2253 3880 velint
2307 3823 2595 3892 parochias
2624 3819 2905 3877 invadere,
2952 3826 3005 3869 et
3035 3815 3101 3868 iis
3134 3812 3225 3881 qui
3287 3808 3493 3863 Consti-

1918 3922 2019 3975 tuti
2059 3925 2207 3981 sunt,
2264 3916 2374 3968 vim
2424 3913 2639 3974 afferre,
2694 3919 2750 3965 et
2786 3909 3081 3963 seditiones
3133 3905 3395 3957 adversus
3426 3900 3493 3951 il-

1926 4013 2011 4065 los
2050 4010 2312 4069 excitare,
2348 4021 2443 4060 eos
2477 4002 2772 4073 segregari.
2835 4000 2932 4053 Sin
2981 4006 3160 4051 autem
3199 3993 3365 4047 velint
3434 3990 3497 4043 in

1920 4100 2258 4172 presbyterio
2296 4096 2559 4161 residere,
2593 4096 2645 4148 in
2667 4108 2777 4162 quo
2811 4092 2964 4161 pritts
3016 4096 3173 4142 erant
3204 4082 3493 4154 presbyte-

1921 4196 1991 4257 ri,
2017 4194 2165 4261 ipsos
2196 4191 2401 4244 honore
2428 4204 2535 4242 non
2569 4186 2797 4240 moveri.
2829 4182 2983 4248 Quod
3015 4180 3059 4234 si
3093 4179 3354 4231 adversus
3375 4186 3498 4234 eos,

1924 4286 2016 4356 qui
2047 4284 2158 4338 illic
2182 4280 2467 4337 constituti
2500 4285 2654 4343 sunt,
2689 4276 2979 4345 episc0pos
3011 4269 3309 4324 seditiones
3347 4264 3497 4318 exei-

1926 4377 2180 4438 taverint,
2235 4376 2501 4429 honorem
2536 4383 2756 4440 quoque
2800 4362 3121 4436 presbyterii
3172 4360 3240 4413 ab
3269 4358 3352 4413 eis
3397 4371 3499 4410 au-

1926 4469 2077 4537 lerri,
2116 4478 2171 4524 et
2198 4467 2319 4520 illos
2344 4464 2619 4518 abdicatos
2643 4459 2802 4514 effici.

2183 4553 2406 4611 Concilii
2436 4548 2744 4604 Antiocheni
2775 4561 3000 4599 canones
3038 4543 3126 4607 1⁸7,
3158 4540 3247 4596 18.

1990 4650 2077 4704 17.
2111 4648 2169 4702 Si
2200 4649 2324 4717 quis
2346 4645 2635 4713 episcopus
2666 4647 2887 4708 accepta
2919 4634 3262 4690 ordinatione
3291 4640 3347 4684 et
3378 4643 3498 4683 ma-

1925 4756 2094 4797 nuum
2116 4736 2466 4807 impositione
2495 4731 2758 4801 episcopi,
2786 4737 2840 4783 et
2868 4726 3069 4796 populo
3101 4736 3333 4792 praeesse
3372 4719 3498 4789 jus-

1927 4851 2042 4900 sus,
2076 4846 2275 4887 munus
2300 4845 2408 4883 non
2434 4826 2758 4894 susceperit,
2793 4836 2892 4875 nec
2940 4829 3000 4872 ut
3048 4817 3115 4870 ad
3145 4815 3247 4871 sibi
3277 4825 3502 4866 concre-

1928 4929 2093 4984 ditam
2122 4923 2405 4980 ecclesiam
2448 4918 2830 4989 proﬁciscatur
2864 4909 3165 4982 permoveri
3221 4904 3420 4974 possit,
3453 4901 3504 4956 is

1928 5021 2001 5076 sit
2025 5014 2553 5073 excommunicatus,
2595 5010 2772 5065 donec
2810 5016 3037 5061 coactus
3083 4999 3384 5066 suscipiat,
3418 4993 3502 5047 vel

1930 5110 2165 5181 perfecta
2232 5106 2474 5177 synodus
2524 5104 2910 5172 episcoporum
2960 5090 3376 5165 provincialium
3433 5087 3503 5140 de

1932 5204 2048 5273 ipso
2076 5199 2285 5269 aliquid
2316 5198 2595 5252 decernat.

2000 5294 2085 5347 18.
2133 5292 2190 5345 Si
2219 5289 2345 5361 quis
2408 5286 2695 5339 ordinatus
2750 5296 2856 5335 non
2896 5278 3019 5332 ierit
3067 5277 3120 5330 itt
3164 5269 3504 5344 parochiam,

1934 5382 1998 5436 ad
2032 5396 2193 5451 quam
2223 5360 2309 5434 est
2339 5377 2645 5438 ordinatus,
2681 5388 2788 5427 non
2820 5386 2919 5425 sua
2942 5367 3164 5437 quidem
3193 5363 3372 5432 culpa,
3412 5360 3509 5415 sed

1934 5483 2155 5543 propter
2195 5470 2385 5541 populi
2444 5466 2844 5523 recusationem
2869 5502 2885 5527 ,
2924 5461 3010 5514 vel
3049 5459 3286 5526 aliquam
3342 5454 3507 5508 aliam

1934 5581 2180 5629 causam,
2219 5579 2341 5633 quae
2378 5577 2410 5617 a
2464 5577 2523 5617 se
2552 5575 2660 5614 non
2694 5557 2873 5612 oritur
2951 5553 3000 5609 is
3029 5552 3101 5608 sit
3124 5560 3178 5607 et
3204 5548 3431 5603 honoris
3456 5552 3512 5599 ct
