3904 6248
332 277 432 341 507

1476 273 1738 333 PHOTII
1776 272 2281 333 ΡΑΤΒΙΑΒΟΗίΕ
2319 272 2428 335 CP.

3492 266 3603 329 508

332 388 581 445 muneris
608 388 904 458 particeps,
936 384 1237 440 dummodo
1272 384 1477 439 nullam
1527 387 1694 440 rebus
1721 385 1910 440 Eccle-

2049 385 2205 439 οὖτον
2253 385 2497 456 μετέχειν
2526 385 2627 453 τῆς
2673 384 2839 456 τιμῆς
2885 382 2981 437 καῖ¹
3028 378 3373 451 λειτουργίας
3419 378 3605 447 μόνον.

334 484 449 547 size,
490 484 542 536 in
568 497 673 550 qua
703 479 973 543 convenit,
1026 478 1338 533 molestiam
1380 477 1590 533 afferat.
1635 478 1688 532 ls
1727 485 1909 532 autem

337 576 389 630 id
427 574 707 642 suscipiat,
758 572 902 639 quod
941 570 1180 640 perfecta
1228 570 1525 640 provincia:
1554 569 1817 638 synodus,
1849 582 1913 623 eo

336 666 479 737 quod
510 665 576 719 ad
600 680 657 719 se
682 664 908 718 allatum
934 672 1016 717 est
1052 662 1320 729 judicato,
1358 660 1631 715 statuerit.

408 844 517 913 58
544 843 698 897 CAP.
737 841 926 896 XVIII.
966 871 1037 881 ——
1071 840 1224 907 Quod
1276 838 1520 894 morienti
1544 838 1783 909 episcopo
1811 856 1916 894 non

339 936 457 989 licet
503 937 667 989 alium
704 951 800 1004 pro
849 951 903 987 se
938 936 1207 986 ordinare.

772 1024 1151 1093 Apostolorum
1182 1040 1349 1076 canon
1381 1023 1474 1078 76.

407 1112 477 1167 '76
518 1112 655 1185 [78].
693 1113 855 1180 Quod
888 1128 997 1167 non
1027 1121 1243 1181 oportet
1274 1112 1590 1181 episcopum
1625 1111 1801 1178 fratri,
1835 1113 1919 1168 vel

340 1203 475 1267 ﬁlio,
505 1205 588 1259 vel
636 1206 727 1260 alii
795 1214 1029 1276 cognato
1078 1204 1493 1273 gratiﬁcantem,
1530 1204 1761 1257 humana
1789 1204 1921 1259 all‘e-

340 1299 520 1355 etione
548 1299 615 1354 ad
662 1299 1015 1370 episc0patus
1054 1299 1397 1368 dignitatem,
1435 1314 1596 1366 quem
1651 1300 1782 1364 vult,
1825 1300 1922 1354 cli-

344 1407 489 1462 gere.
523 1391 880 1461 Episcopatus
911 1393 1053 1446 enim
1088 1392 1331 1445 haerech
1364 1390 1542 1445 facere
1564 1391 1775 1459 justum
1812 1408 1921 1445 non

342 1493 449 1547 est,
505 1498 568 1537 ea
625 1499 746 1551 quae
781 1484 877 1537 Dei
925 1494 1053 1537 sunt
1088 1483 1435 1551 largienteni.
1485 1481 1541 1535 Si
1575 1483 1698 1551 quis
1739 1492 1921 1537 autem

346 1571 451 1625 boc
484 1570 693 1637 fecerit,
737 1571 889 1624 irrita
920 1571 1143 1637 quidem
1177 1570 1373 1625 electio
1409 1578 1652 1637 maneat,
1686 1571 1803 1640 ipse
1827 1588 1924 1625 au-

344 1670 453 1716 tem
492 1663 868 1733 segregatione
899 1662 1182 1716 multetur.

683 1838 907 1892 Concilii
936 1841 1248 1892 Antiocheni
1282 1857 1455 1893 canon
1490 1840 1581 1895 25.

414 1929 505 1982 25.
531 1928 640 1984 Nec
666 1930 824 1984 liceat
852 1931 1108 1999 episcopo
1139 1932 1305 1984 alium
1348 1947 1445 2000 pro
1463 1948 1520 1986 se
1543 1947 1920 1987 successorem

344 2024 700 2089 constituere,
734 2025 947 2078 etiamsi
984 2023 1056 2077 sit
1090 2024 1142 2076 in
1174 2024 1279 2077 line
1313 2025 1453 2078 vitze.
1498 2023 1555 2077 Si
1580 2025 1706 2093 quid
1740 2034 1921 2079 autem

347 2115 439 2167 llat
465 2113 758 2183 ejusmodi,
788 2114 943 2169 irrita
974 2115 1041 2169 sit
1076 2116 1421 2171 constitutio.
1452 2117 1711 2171 Servetur
1742 2128 1920 2170 autem

344 2204 485 2258 ritus
510 2204 947 2268 ecclesiasticus,
978 2204 1071 2275 qui
1116 2205 1379 2270 continet,
1415 2220 1521 2259 non
1550 2206 1706 2261 aliter
1728 2207 1924 2262 debere

346 2295 486 2356 ﬁeri,
529 2310 692 2365 quam
735 2310 862 2349 cum
905 2295 1112 2367 synodo
1163 2306 1218 2350 ct
1259 2296 1465 2365 judicio
1513 2297 1920 2368 episcoporum,

346 2386 441 2455 qui
473 2394 598 2455 post
638 2384 879 2441 defuncti
925 2386 1309 2442 dormitionem
1358 2396 1680 2459 potestatem
1725 2391 1927 2446 habent

348 2477 571 2548 dignum
604 2479 959 2548 provehendi.

417 2657 567 2712 CAP.
597 2658 815 2713 XIX.—
848 2658 1035 2715 Parva'
1061 2660 1178 2731 urbi
1204 2663 1280 2715 vel
1301 2678 1433 2732 pago
1453 2680 1667 2732 prorsus
1701 2682 1805 2719 non
1834 2667 1926 2721 de-

352 2759 439 2803 tur
469 2751 760 2819 eniswpus.

692 2842 919 2896 Concilii
958 2844 1266 2898 Antiocheni
1290 2862 1458 2899 canon
1487 2847 1576 2901 57.

423 2931 513 2988 57.
553 2931 708 2998 Quod
740 2949 848 2987 non
871 2943 1086 3003 oportet
1116 2935 1168 2987 in
1202 2936 1337 2991 vicis
1370 2944 1424 2991 et
1458 2938 1611 3005 pagis
1644 2938 1928 3009 episcopos

356 3026 635 3089 constitui,
663 3028 761 3079 sed
792 3026 1156 3093 periodeutas,
1187 3028 1288 3081 hoc
1335 3038 1438 3093 est,
1471 3030 1929 3086 circumcursato-

355 3129 445 3168 res
480 3131 493 3167 :
528 3129 623 3169 eos
660 3128 843 3168 autem
877 3116 971 3185 qui
1011 3115 1118 3186 59
1153 3117 1303 3187 prius
1355 3120 1640 3173 constituti
1688 3121 1933 3185 fuerunt,

356 3205 488 3258 nihil
517 3221 676 3267 agere
710 3208 829 3261 sine
859 3217 1040 3261 mente
1063 3210 1307 3277 episcopi
1351 3210 1446 3278 qui
1477 3219 1561 3264 est
1613 3212 1666 3265 in
1695 3214 1932 3268 civitate.

362 3297 631 3350 Similiter
685 3309 865 3351 autem
915 3308 970 3352 et
1022 3301 1371 3370 presbyteros
1414 3301 1551 3355 nihil
1612 3318 1773 3373 agere
1819 3306 1938 3361 sine

358 3400 543 3444 mente
569 3390 833 3461 cpiscOpi.

675 3482 901 3535 Concilii
935 3481 1261 3537 Sardicensis
1325 3502 1493 3541 canon
1524 3486 1577 3541 6.

432 3570 629 3626 Hosius
668 3573 1111 3642 episcopusdixit
1138 3593 1153 3625 ξ
1184 3574 1238 3629 Si
1266 3576 1553 3647 contigerit
1596 3578 1650 3632 in
1682 3594 1787 3633 una
1818 3594 1942 3649 pro-

357 3662 560 3725 vincia,
585 3672 714 3727 etc.,
744 3675 800 3716 ut
830 3681 952 3734 pag.
975 3665 1098 3719 481.
1119 3665 1352 3719 Additur
1378 3667 1500 3723 hic:
1521 3667 1942 3738 Responderunt

361 3768 552 3807 omnes
588 3773 600 3807 :
636 3753 838 3809 Placet.

434 3844 585 3902 CAP.
616 3846 736 3900 XX.
765 3877 836 3886 —
871 3846 1052 3918 Neque
1097 3849 1153 3902 in
1187 3866 1293 3903 una
1330 3853 1599 3920 provincia
1630 3855 1941 3917 metropoli-

372 3940 487 3991 tani
509 3938 635 4000 duo,
672 3955 834 4008 neque
858 3941 912 3993 in
944 3957 1051 3993 una
1078 3942 1204 3996 urbe
1227 3943 1331 3997 duo
1363 3946 1588 4014 episc0pi
1619 3948 1746 4010 sint,
1782 3964 1942 4020 neque

362 4030 569 4083 duabus
591 4029 809 4083 urbibus
840 4048 974 4085 unus
999 4033 1222 4087 clericus
1244 4034 1541 4104 deputetur.

752 4120 977 4176 Concilii
1026 4122 1242 4178 Νίσιεηὶ
1295 4142 1465 4180 canon
1498 4125 1554 4181 8.

433 4216 486 4271 8.
518 4215 595 4271 De
625 4216 713 4270 bis
741 4216 787 4247 ”
818 4217 912 4286 qui
960 4233 1021 4271 se
1047 4220 1328 4281 catharos,
1355 4217 1407 4271 id
1440 4228 1524 4274 est
1569 4235 1738 4289 puros
1769 4237 1943 4291 quan-

362 4310 541 4379 doque
576 4309 883 4369 nominant,
922 4308 987 4360 ad
1022 4308 1346 4363 catholicam
1403 4318 1584 4365 autem
1635 4321 1692 4367 et
1724 4324 1943 4382 aposto-

2023 479 2188 547 μηδὲν
2220 477 2654 548 παρενοχλοῦντα
2676 480 2786 541 τοῖς
2808 477 3099 547 πράγμασι
3123 476 3223 544 τῆς
3263 470 3602 539 Ἐκκλησίας

2020 567 2147 621 ἔνθα
2180 568 2245 621 ἂν
2278 568 2592 634 συνάγοιτο·
2625 567 2941 637 ἐκδέχεσθαι
2970 566 3027 618 δὲ
3055 563 3242 617 τοῦτον
3278 562 3307 615 ὃ
3339 563 3406 615 ἂν
3443 562 3611 631 ἠτῆς

2019 658 2287 728 ὲπαρχίας
2334 658 2516 711 τελεία
2571 657 2785 721 σύνοδος
2817 657 3050 727 κρίνασα
3096 654 3159 708 τὸ
3184 653 3599 725 παριστάμενον

2022 750 2202 820 ὁρίσῃ.

2094 843 2346 895 ΚΕΦΑΛ.
2376 842 2698 910 ῙΗ¹.-Περί
2722 840 2826 894 τοῦ
2850 840 2935 908 μὴ
2956 839 3249 893 δύνασθαι
3273 836 3383 891 τὸν
3406 839 3606 888 τελευ-

2023 931 2133 988 τῶν
2144 949 2217 987 τα
2231 931 2811 998 ἐπίσκοπον,ἕτερον
2847 929 2974 983 ἀντ’
2996 926 3181 981 αὐτοῦ
3216 923 3603 996 χειροτονεῖν.

2426 1024 2810 1078 Ἀποστόλων
2839 1017 3039 1073 κανὼν
3066 1016 3170 1083 ος⁹.

2098 1124 2204 1181 ος¹.
2238 1117 2362 1170 Ὅτι
2394 1115 2469 1188 μὴ
2497 1115 2603 1186 χρὴ
2640 1112 2731 1166 τὸν
2777 1111 3077 1165 ἐπίσκοπον
3103 1106 3181 1179 τῷ
3220 1105 3492 1177 ἀδελφῷῆ
3525 1102 3607 1173 τῷ

2027 1209 2128 1279 υἱῷ
2157 1208 2189 1279 ἢ
2219 1208 2389 1279 ἑτέρῳ
2441 1206 2696 1274 συγγενεῖ
2744 1202 3104 1274 χαριζόμενον
3146 1200 3206 1252 τὸ
3250 1197 3467 1265 ἀξίωμα
3504 1196 3608 1263 τῆς

2029 1300 2356 1369 ἐπισκοπῆς,
2406 1297 2732 1368 χειροτονεῖν
2787 1294 2847 1346 ὃν
2897 1292 3166 1362 βούλεται.
3218 1287 3608 1359 Κληρονόμυυς

2028 1393 2137 1461 γὰρ
2164 1391 2265 1460 τῆς
2315 1387 2617 1456 ἐπισκοπῆς
2666 1384 2959 1446 ποιεῖσθαι,
3012 1382 3073 1434 οὐ
3124 1380 3355 1442 δίκαιον,
3390 1376 3462 1430 τὰ
3505 1374 3606 1427 τοῦ

2029 1483 2164 1535 Θεοῦ
2196 1481 2555 1553 χαριζόμενον
2583 1476 2746 1531 πάθει
2774 1474 3127 1545 ἀνθρωπίνῳ·
3160 1472 3222 1524 οὑ
3249 1471 3358 1541 γὰρ
3386 1470 3485 1539 τὴν
3508 1465 3609 1519 τοῦ

2030 1576 2166 1630 Ε)εοῦ
2227 1574 2550 1644 Ἐκκλησίαν
2584 1570 2689 1623 ὑπὸ
2727 1567 3091 1640 κληρονομίαν
3130 1565 3335 1634 ὀφείλει
3374 1561 3607 1615 τιθέναι.

2036 1670 2097 1721 Ei
2127 1668 2183 1721 δέ
2206 1684 2290 1730 τις
2311 1665 2469 1719 τοῦτο
2508 1664 2743 1733 ποιήσει,
2772 1661 2972 1730 ἄκυρος
3006 1658 3104 1727 μὲν
3138 1656 3277 1709 ἔστω
3304 1656 3340 1725 ἡ
3366 1668 3612 1723 χειροτο-

1955 1743 1999 1799 Β
2028 1761 2139 1824 νία,
2172 1760 2333 1821 αὐτὸς
2364 1758 2421 1810 δὲ
2454 1754 2801 1826 ἐπιτιμᾶσθω
2832 1748 3145 1821 ἁφορισμῷ.

2288 1848 2558 1902 Συνόδου
2601 1844 2966 1912 Ἀντιοχείας
2997 1840 3201 1894 κανὼν
3226 1844 3336 1907 κγ’.

2094 1947 2201 2009 κγ’.
2242 1940 2571 1993 Ἐπίσκοπον
2616 1936 2689 2007 μὴ
2720 1935 2940 2000 ἐξεῖναι,
2983 1930 3097 1984 ἀντ’
3130 1928 3294 1982 αὐτοῦ
3344 1926 3614 1994 καθιστᾷν

2024 2034 2210 2104 ἓτερον
2260 2029 2456 2085 ἑαυτοῦ
2506 2028 2779 2098 διάδοχον·
2808 2025 2910 2079 κᾶν
2960 2022 3096 2091 πρὸς
3149 2023 3215 2090 τῇ
3247 2018 3473 2087 τελευτῇ
3508 2014 3610 2068 τοῦ

2028 2126 2138 2195 βίου
2161 2122 2398 2193 τυγχάνῃ
2416 2138 2428 2151 ·
2460 2122 2507 2173 εί
2536 2120 2592 2172 δέ
2619 2136 2671 2170 τι
2696 2116 2905 2171 τοιοῦτο
2940 2114 3200 2183 γίγνοιτο,
3238 2111 3443 2180 ἄκυρον
3470 2104 3616 2160 εἶναι

2028 2218 2127 2287 τὴν
2164 2212 2523 2270 κατάστασιν
2558 2207 2923 2279 φυλάττεσθαι
2956 2206 3012 2257 δὲ
3042 2204 3134 2257 τὸν
3170 2200 3370 2272 θεσμὸν
3396 2199 3489 2251 τὸν
3513 2199 3617 2250 ὲκ·-

2027 2306 2440 2381 κλησιαστικδν,
2474 2303 2798 2373 περιέχοντα
2833 2299 2908 2369 μὴ
2936 2298 3045 2350 δεῖν
3066 2295 3242 2357 ἄλλως
3274 2290 3545 2381 γίνεσθαι,

2031 2380 2170 2469 μετὰ
2219 2396 2437 2449 συνόδου
2469 2395 2563 2447 καὶ
2606 2390 2937 2459 ἐπικρίσεως
2980 2386 3295 2439 ἐπισκόπων
3328 2380 3435 2434 τῶν
3471 2380 3624 2449 μετὰ.

2027 2494 2124 2565 τὴν
2155 2492 2411 2562 κοίμησιν
2434 2488 2528 2542 τοῦ
2560 2482 3019 2554 ἀναπαυσαμένου
3051 2480 3151 2533 τὴν
3180 2475 3426 2542 ἐξουσίαν
3458 2472 3626 2543 ἑχόν-

2028 2602 2135 2638 των
2163 2583 2257 2636 τοῦ
2287 2579 2622 2652 προάγεσθαι
2649 2579 2745 2630 τὸν
2778 2575 2947 2640 ἄξιον.

2100 2674 2347 2727 ΚΕΦΑΛ.
2375 2674 2474 2729 ΙΘ’.
2500 2700 2569 2712 -
2615 2669 2752 2735 Περὶ
2809 2666 2917 2719 τοῦ
2942 2666 3026 2734 μὴ
3057 2661 3264 2725 ἁπλῶς
3304 2659 3375 2713 ἐν
3429 2658 3614 2710 πόλει

2025 2767 2283 2835 ,ϐραχείᾳ
2308 2765 2345 2833 ἢ
2371 2763 2533 2833 κώμῃ
2568 2762 2837 2831 γίνεσθαι
2874 2758 3230 2810 ἐπίσκοπον.

2307 2855 2573 2909 Συνόδου
2603 2851 2955 2914 Λαοδικείας
2997 2863 3074 2901 κα
3090 2846 3211 2900 νὼν
3240 2842 3339 2906 νίζ’.

2102 2950 2201 3012 νζ’.
2233 2947 2437 3001 Ὅτιοὺ
2467 2945 2547 2997 δεῖ
2574 2946 2631 2996 ὲν
2662 2946 2781 3005 ταῖς
2811 2940 3027 3009 κώμαις
3054 2938 3154 2991 καὶ
3185 2938 3241 2988 ὲν
3265 2937 3380 2996 ταῖς
3408 2933 3632 3002 χώραις

2036 3036 2396 3093 καθίστασθαι
2429 3035 2761 3096 ἐπισκόπους
2789 3031 2924 3086 ἀλλὰ
2952 3026 3326 3100 περιοδευτὰς,
3356 3026 3481 3087 τοὺς
3518 3024 3627 3092 μέν

2039 3149 2120 3185 τοι
2169 3130 2271 3201 ἤδη
2324 3126 2893 3199 προκαταστοιθέντας,
2951 3122 3120 3193 μηδὲν
3173 3119 3435 3189 πράττειν
3489 3115 3633 3167 ἄνευ

2039 3221 2263 3291 γνώμης
2295 3220 2388 3273 τοῦ
2426 3219 2727 3273 ἐπισκόπου
2757 3217 2850 3268 τοῦ
2874 3217 2930 3267 ὲν
2954 3216 3020 3284 τῇ
3054 3212 3205 3265 πόλει
3231 3227 3243 3239 ·
3273 3206 3539 3267 ὡσαύτως
3571 3206 3634 3256 δὲ

2042 3314 2135 3367 καὶ
2156 3314 2282 3375 τοὺς
2306 3310 2736 3382 πρεσϐυτέρους,
2766 3306 2931 3377 μηδὲν
2961 3304 3220 3375 πράττειν
3242 3301 3367 3355 ἄνευ
3394 3298 3635 3367 γνώμης

2041 3406 2135 3460 τοῦ
2168 3406 2493 3460 ἐπισκόπου.

2348 3493 2618 3548 Συνόδου
2658 3488 2957 3558 Σαρδικῆς
2995 3486 3194 3541 κανὼν
3225 3489 3299 3549 ς’.

2114 3589 2300 3650 Ὀσιος
2329 3586 2622 3648 ἐπίσκοπος
2645 3579 2798 3636 εἶπεν
2816 3598 2830 3613 ο
2880 3581 3003 3633 Ἐὰν
3033 3577 3215 3648 συμϐῇ
3243 3578 3297 3628 ὲν
3322 3573 3420 3644 μιᾷ
3448 3572 3556 3623 ἐπα
3567 3588 3633 3641 ρ-

2043 3679 2156 3752 χίᾳ,
2184 3696 2236 3732 κ.
2269 3695 2321 3733 τ.
2361 3676 2410 3730 λ.
2458 3677 2846 3745 Ἀπεκρίναντο
2884 3671 3105 3735 πάντες,
3150 3668 3420 3738 Ἀρέσκει.

2118 3859 2371 3913 ΚΕΦΑΛ.
2407 3856 2493 3910 ις’.
2539 3885 2595 3894 -
2628 3853 2766 3922 Περὶ
2796 3851 2901 3906 τοῦ
2941 3851 3025 3921 μὴ
3051 3846 3202 3905 εἶναι
3230 3844 3420 3916 ἐνμιᾷ
3452 3845 3641 3911 ἐπαρ-

2044 3950 2145 4019 χίᾳ
2221 3949 2330 4003 δύο
2382 3946 2845 4017 μητροπολίτας,
2910 3944 2949 4011 ἢ
3000 3943 3069 3995 ἐν
3135 3939 3244 4010 μιᾷ
3291 3940 3463 3993 πόλει
3512 3938 3639 3993 δύο

2050 4041 2444 4105 ἐπισκόπους,
2476 4038 2514 4107 ἢ
2556 4039 2626 4091 ἐν
2662 4036 2771 4091 δύο
2800 4037 3056 4088 πόλεσιν
3099 4033 3206 4087 ἕνα
3244 4031 3554 4099 κληρικόν.

2392 4130 2666 4185 Συνόδου
2692 4129 2938 4194 Νικαίας
2966 4125 3167 4179 κανὼν·
3193 4132 3263 4196 η’.

2112 4233 2182 4297 η’,
2218 4225 2354 4293 Περὶ
2377 4224 2484 4276 τῶν
2510 4221 2883 4290 ὀνομαζόντων
2926 4218 3023 4289 μὲν
3057 4218 3289 4279 ἑαυτοὺς
3327 4215 3638 4285 καθαροὺς,

2047 4314 2507 4385 προσερχομένων
2533 4312 2589 4365 δὲ
2612 4313 2677 4382 τῇ
2719 4310 2981 4380 καθολικῇ
3009 4311 3101 4361 καὶ
3126 4306 3456 4376 ἀποστολικῇ
3500 4306 3643 4358 Ἐκ-

364 4402 522 4454 licam
557 4400 854 4454 Ecclesiam
901 4400 1187 4466 accedunt,
1241 4412 1446 4456 sanet-te
1492 4418 1702 4472 magna:
1731 4406 1933 4477 synodo

2049 4408 2264 4478 κλησία,
2312 4406 2457 4470 ἔδοξε
2504 4408 2572 4475 τῇ
2624 4402 2756 4474 ἁγία
2801 4402 2896 4455 καὶ⁵
2949 4400 3161 4471 μεγάλῃ
3210 4397 3432 4466 συνόδῳ,
3483 4396 3642 4450 ὥστε

362 4494 545 4548 visum
580 4501 682 4556 est,
729 4501 788 4546 ut
836 4492 1106 4561 impositis
1159 4494 1241 4549 eis
1291 4495 1547 4549 manibus
1576 4496 1656 4550 sic
1700 4497 1752 4550 in
1792 4499 1940 4552 clero

366 4594 643 4639 maneant.
681 4588 820 4638 Ante
849 4587 1035 4639 omnia
1084 4596 1266 4641 autem
1306 4588 1412 4644 hoc
1441 4588 1493 4641 in
1544 4590 1763 4659 scriptis
1798 4591 1942 4659 ipsos

364 4677 608 4747 proﬁteri
635 4680 908 4743 convenit,
956 4678 1104 4748 quod
1153 4680 1512 4735 adhaerebunt
1540 4691 1594 4736 et
1640 4691 1942 4751 sequentur

368 4769 655 4822 catholicae
703 4770 949 4824 ecclesiae
982 4771 1222 4839 decreta,
1271 4772 1325 4825 id
1353 4780 1437 4827 est
1462 4789 1584 4841 quae
1613 4782 1667 4827 et
1709 4790 1831 4828 cum
1860 4775 1944 4829 di-

370 4859 543 4926 gamis
583 4861 1087 4927 communicabunt,
1113 4870 1167 4917 et
1201 4878 1326 4918 cum
1382 4864 1449 4918 iis
1481 4865 1573 4933 qui
1606 4866 1658 4917 in
1687 4881 1946 4935 persecu-

368 4950 519 5005 tione
542 4950 677 5020 lapsi
726 4960 874 5019 sunt,
916 4954 970 5007 in
1011 4956 1213 5023 quibus
1262 4963 1318 5009 et
1347 4964 1562 5025 tempus
1588 4958 1943 5013 constitutum

370 5053 475 5105 est,
501 5052 555 5097 et
584 5045 963 5113 opportunitas
996 5046 1285 5115 praeﬁnita,
1321 5056 1382 5102 ut
1432 5048 1536 5117 ipsi
1560 5056 1862 5117 sequantur
1890 5052 1943 5105 in

371 5133 627 5189 omnibus
657 5133 912 5189 Ecclesiae
941 5136 1183 5190 decreta.
1214 5135 1321 5191 Uni
1370 5152 1500 5207 ergo
1539 5153 1729 5193 omnes
1754 5141 1867 5194 sive
1890 5141 1946 5194 in

372 5225 531 5286 vicis,
563 5225 676 5279 sive
706 5226 761 5279 in
784 5227 1031 5291 urbibus,
1059 5228 1160 5298 ipsi
1188 5230 1292 5283 soli
1317 5229 1945 5298 inveniunturordinati,

375 5315 471 5383 qui
503 5316 859 5372 inveniuntur
904 5318 959 5372 in
996 5319 1163 5383 clero,
1196 5328 1359 5374 erunt
1404 5320 1460 5374 in
1490 5322 1680 5376 eodem
1734 5322 1945 5378 ordine.

376 5407 437 5462 Si
465 5417 647 5463 autem
666 5412 956 5466 catholicae
976 5412 1221 5468 ecclesia:
1240 5413 1498 5483 episcopo
1524 5414 1605 5468 vel
1637 5415 1950 5486 presbytero

375 5501 673 5555 exsistente
706 5504 971 5558 accedunt
1002 5504 1191 5573 aliqui,
1226 5504 1433 5560 clarum
1467 5514 1573 5570 est,
1604 5508 1748 5576 quod
1774 5507 1951 5562 eccle-

379 5587 477 5643 siae
503 5589 724 5658 quidem
776 5592 1019 5665 episcopi
1066 5593 1387 5667 dignitatem
1416 5594 1636 5651 habebit
1667 5610 1681 5649 :
1712 5594 1807 5666 qui
1854 5609 1953 5651 au-

454 5699 499 5733 ⁶³
525 5700 689 5757 Leon.
722 5703 809 5756 Μ.

2042 4496 2548 4569 χειροθετουμένους
2574 4494 2770 4555 αὐτοὺς
2796 4533 2807 4552 ,
2838 4493 3016 4562 μένειν
3041 4490 3213 4551 οὕτως
3233 4488 3382 4558 ἐντῷ
3414 4488 3512 4554 κλή
3525 4505 3640 4557 ρῳ,

2043 4590 2148 4660 πρὸ
2181 4590 2393 4643 πάντων
2427 4588 2485 4641 δὲ
2518 4586 2675 4639 τοῦτο
2720 4582 3052 4653 ὁμολογῆσαι
3086 4583 3287 4643 αὐτοὺς
3328 4580 3640 4649 ἐγγράφως

2047 4682 2335 4751 προσήκει,
2368 4681 2448 4732 ὅτι
2498 4676 2853 4747 συνθήσονται
2898 4673 2992 4727 καὶ
3045 4671 3469 4742 ἀκολουθήσουσι
3511 4674 3644 4734 τοῖς

2044 4774 2139 4843 τῆς
2166 4771 2459 4839 καθολικῆς
2484 4769 2578 4821 καὶ
2600 4767 2961 4835 ἁποστολικῆς
3002 4764 3328 4833 Ἐκκλησίας
3354 4763 3599 4829 δόγμασι
3622 4780 3639 4793 ·

2044 4863 2293 4917 τουτέστι
2352 4862 2447 4914 καὶ
2496 4860 2746 4929 διγάμοις
2796 4860 3095 4922 κοινωνεῖν,
3142 4858 3239 4908 καὶ
3285 4856 3397 4915 τοῖς
3448 4853 3505 4903 ὲν
3555 4852 3642 4920 τῷ

2045 4952 2272 5023 διωγμῷ
2300 4951 2816 5022 παραπεπτωκόσιν,
2842 4948 2926 5017 ἐφ’
2950 4939 3025 5002 ὧν
3048 4948 3142 5001 καὶ
3164 4946 3352 5016 χρόνος
3370 4943 3641 4996 τέτακται

2047 5044 2236 5114 καιρὸς
2295 5043 2564 5111 ὥρισταιο
2605 5041 2746 5095 ὥστε
2799 5040 2995 5101 αὐτοὺς
3041 5037 3353 5091 ἀκολουθεῖν
3384 5035 3443 5085 ὲν
3493 5036 3640 5087 πᾶσι

2044 5139 2157 5199 τοῖς
2190 5136 2421 5205 δόγμασι
2453 5136 2555 5204 τῆς
2606 5132 2895 5202 καθολικῆς
2936 5130 3299 5199 Ἐκκλησίας·
3348 5126 3476 5181 ἔνθα
3530 5128 3643 5195 μὲν

2047 5225 2139 5281 οὖν
2179 5228 2400 5290 πάντες,
2432 5225 2541 5279 εἴτε
2590 5226 2647 5277 ὲν
2678 5224 2909 5293 κώμαις,
2942 5222 3051 5274 εἴτε
3096 5223 3155 5273 ὲν
3193 5221 3433 5283 πόλεσιν,
3474 5219 3645 5271 αὐτοὶ

2051 5320 2199 5392 μόνοι
2222 5319 2556 5391 εὑρίσκοιντο
2577 5315 3063 5388 χειροτονηθέντες,
3089 5314 3138 5367 oi
3169 5312 3549 5383 εὑρισκόμενοι
3578 5313 3642 5361 ἐν

2048 5414 2125 5483 τῷ
2152 5414 2358 5483 κλήρῳ,
2408 5412 2618 5464 ἔσονται
2658 5412 2714 5463 ὲν
2752 5407 2829 5477 τῷ
2869 5408 3016 5477 αὐτῷ
3052 5407 3309 5476 σχήματι.
3343 5404 3406 5455 El
3443 5402 3502 5454 δὲ
3529 5395 3638 5451 τοῦ

2049 5504 2148 5569 τῆς
2176 5502 2471 5572 καθολικῆς
2512 5500 2836 5569 Ἐκκλησίας
2864 5495 3218 5566 ἐπισκόπουῆ
3251 5491 3639 5563 πρεσϐυτέρου

2051 5596 2222 5660 ὄντος,
2273 5589 2667 5665 προσέρχονταί
2699 5607 2860 5657 τινες,
2909 5588 3173 5659 πρόδηλον
3202 5585 3278 5648 ὡς
3309 5586 3337 5638 ό
3370 5584 3472 5654 μὲν
3508 5584 3640 5635 ἐπί-
