3904 6248
241 345 338 405 539

933 344 1329 403 SYNTAGMA
1361 343 1748 403 CANU‘NUM.
1782 368 1853 378 -
1882 344 2030 405 ΤΙΤ.
2081 347 2130 419 Ι,
2173 347 2330 406 CAP.
2364 346 2683 408 XVI-XXI.

3361 340 3466 404 510

243 471 429 516 σκοπος
463 454 563 522 τῆς
592 453 890 523 ἐκκλησίας
931 455 1042 518 ἔξει
1076 456 1138 507 τὸ
1184 454 1401 525 ἀξίωμα
1434 457 1527 509 τοῦ
1577 457 1802 509 ἐπισκό-

1942 475 2015 514 am
2048 462 2187 529 apud
2240 477 2366 525 eos,
2407 464 2499 532 qui
2550 464 2753 517 eatbari
2806 463 3102 525 dicuntur,
3152 459 3466 513 nominatur

241 562 337 598 που
356 560 372 576 ·
403 546 429 597 ὁ
453 544 510 596 δὲ
540 546 943 615 ὀνομαζόμενος
970 548 1119 615 παρὰ
1146 549 1258 608 τοῖς
1279 547 1591 614 λεγομένοις
1626 548 1801 600 καθα-

244 640 352 708 ροῖς
399 637 715 701 ἐπίσκοπος,
746 638 844 707 τὴν
890 637 985 689 τοῦ
1029 636 1400 707 πρεσϐυτέρου
1445 640 1611 707 τιμὴν
1658 638 1801 701 ἕξει·

244 728 375 798 πλὴν
416 722 465 780 εί
513 728 590 799 μὴ
618 729 727 800 ἄρα
753 729 933 797 δοκοίη
971 728 1049 798 τῷ
1083 728 1366 797 ἐπισκόπῳ
1395 728 1495 796 τῆς
1523 729 1688 798 τιμῆς
1712 726 1805 780 τοῦ

241 819 495 886 ὀνόματος
528 818 692 871 αὐτὸν
739 819 1005 889 μετέχειν.
1048 819 1112 870 Et
1136 818 1192 871 δὲ
1214 817 1373 871 τοῦτο
1401 818 1547 888 αὑτῷ
1574 817 1647 888 μὴ
1675 818 1806 888 ἀρέ-

245 925 378 971 σκοι,
421 909 700 978 ὲπινοήσει
737 910 902 963 τόπον
946 908 979 978 ἢ
1006 910 1421 979 χωρεπισκόπου
1445 909 1478 979 ἢ
1505 910 1810 981 πρεσϐυτέ-

244 1014 353 1067 ρου,
378 999 517 1069 ὑπὲρ
538 999 632 1051 τοῦ
661 1002 718 1053 ὲν
746 999 822 1068 τῷ
856 998 1045 1069 κλήρῳ
1070 999 1204 1062 ὅλως
1226 1000 1403 1053 δοκεῖν
1429 996 1589 1065 εἶναι,
1622 1000 1706 1055 ἵνα
1732 1002 1809 1073 μὴ

241 1092 297 1143 ὲν
326 1092 390 1161 τῇ
424 1091 578 1143 πόλει
612 1091 707 1143 δύο
738 1091 1031 1143 ἐπίσκοποι
1058 1085 1211 1152 ὦσιν.

474 1183 747 1237 Συνόδου
791 1183 1181 1249 Χαλκηδόνος
1212 1182 1411 1235 κανὼν
1442 1184 1526 1252 ιβ’.

308 1269 393 1339 ιβ’.
424 1266 632 1324 Ἦλθεν
684 1272 762 1334 είς
792 1274 959 1342 ἡμᾶς,
1004 1271 1079 1331 ὥς
1108 1290 1253 1335 τινες
1282 1272 1435 1341 παρὰ
1474 1273 1571 1335 τὰς
1608 1274 1809 1343 ἐκκλη-

244 1360 525 1422 σιαστικὰς
576 1360 808 1430 θεσμοὺς
855 1363 1296 1432 προσδραμόντες
1338 1363 1694 1424 δυναστείαις,
1724 1362 1813 1415 διὰ

245 1451 645 1520 πραγματικῶν
675 1452 775 1520 τὴν
804 1453 935 1521 μίαν
958 1453 1227 1523 ἐπαρχίαν
1259 1456 1337 1515 είς
1369 1453 1462 1505 δύο
1489 1454 1810 1521 κατέτεμον,

243 1542 313 1605 ὡς
356 1545 421 1596 ὲκ
469 1542 664 1596 τούτου
693 1544 787 1597 δύο
835 1545 1238 1615 μητροπολίτας
1288 1541 1426 1598 εἶναι
1463 1546 1523 1597 ὲν
1559 1547 1624 1614 τῇ
1676 1545 1813 1615 αὐτῇ

245 1633 481 1703 ἐπαρχία
504 1649 517 1661 ·
566 1634 731 1704 ὥρισε
769 1635 950 1688 τοίνυν
980 1638 1012 1706 ἡ
1044 1636 1174 1705 ἁγία
1205 1635 1423 1697 σύνοδος
1460 1635 1554 1686 τοῦ
1600 1635 1811 1699 λοιποῦ,

250 1726 409 1793 μηδὲν
433 1725 651 1779 τοιοῦτο
673 1726 973 1795 τολμᾶσθαι
1016 1727 1166 1797 παρά
1192 1728 1286 1779 τοῦ
1318 1728 1616 1779 ἐπισκόπου
1640 1743 1653 1755 ·
1692 1726 1814 1778 ἐπεὶ

245 1815 330 1865 τὸν
352 1815 515 1867 τοῦτο
543 1816 943 1887 ἐπιχειροῦντα,
974 1819 1260 1870 ἐκπίπτειν
1289 1817 1381 1869 τοῦ
1414 1817 1545 1869 ίδίου
1575 1816 1781 1886 βαθμοῦ
1800 1832 1813 1845 ·

246 1906 358 1958 ὅσαι
405 1907 460 1958 δὲ
492 1907 594 1977 ἤδη
632 1907 816 1970 πόλεις
866 1908 953 1961 διὰ
1005 1910 1347 1979 γραμμάτων
1404 1908 1697 1979 βασιλικῶν
1741 1907 1818 1977 τῷ

246 1997 337 2064 τῆς
384 1996 778 2067 μητροπόλεως
822 1998 1163 2068 ἐτιμήθησαν
1204 1999 1448 2069 ὀνόματι,
1484 1999 1654 2068 μόνης
1686 1999 1819 2050 ἀπο-

248 2086 559 2140 λαυέτωσαν
604 2089 703 2157 τῆς
734 2090 918 2160 τιμῆς,
955 2091 1049 2142 καὶ
1081 2090 1109 2141 ὁ
1147 2090 1246 2161 τὴν
1292 2091 1621 2161 Ἐκκλησίαν
1652 2090 1822 2159 αὐτῆς

249 2178 453 2231 διοικῶν
511 2179 812 2242 ἐπίσκοπος
834 2195 849 2209 ·
899 2179 1142 2249 δηλονότι
1193 2180 1515 2249 σωζομένων
1564 2183 1630 2250 τῇ
1679 2164 1822 2233 κατὰ

250 2271 511 2339 ἀλήθειαν
550 2273 880 2342 μητροπόλει
918 2273 1025 2325 τῶν
1052 2272 1268 2325 οίκείων
1291 2273 1536 2325 δικαίων.

372 2363 651 2417 Συνόδου
672 2364 920 2428 Νικαίας
948 2363 1014 2416 τὸ
1047 2362 1349 2431 δεύτερον,
1377 2362 1579 2416 κανὼν
1608 2368 1689 2416 ιε’.

251 2431 373 2486 Ὀτι
400 2435 472 2488 οὐ
507 2432 607 2487 δεῖ
630 2432 923 2500 κληρικὸν
946 2432 1018 2486 ἐν
1048 2433 1235 2489 δυσὶν
1266 2434 1620 2500 ἐκκλησίαις
1652 2447 1824 2486 κατα·

873 2500 1212 2556 τάττεσθαι.

319 2598 395 2649 ιε’.
423 2592 709 2662 Κληρικδς
730 2592 837 2646 ἀπὸ
856 2592 949 2646 τοῦ
975 2592 1263 2665 παρόντος,
1303 2592 1376 2662 μὴ
1406 2589 1825 2645 καταταττὲσθω

250 2684 306 2736 ὲν
332 2684 482 2736 δυσὶν
528 2682 879 2752 ἐκκλησίαις·
926 2682 1196 2752 ἐμπορίας
1218 2682 1326 2752 γὰρ
1366 2682 1458 2734 καὶ
1502 2683 1827 2750 αἰσχροκερ-

252 2774 388 2836 δείας
420 2774 556 2827 ἴδιον
587 2771 767 2836 τοῦτο,
798 2774 890 2825 καὶ
912 2773 1189 2843 ἀλλότριον
1207 2773 1376 2841 ὲκκλη
1389 2772 1674 2838 σιαστικῆς
1702 2786 1828 2822 συν⁴

254 2864 454 2932 ηθείας.
537 2861 883 2932 Ἦκούσαμεν
934 2864 1043 2932 γὰρ
1080 2862 1138 2926 ἐξ
1194 2861 1364 2929 αὐτῆς
1412 2861 1512 2929 τῆς
1549 2860 1830 2929 Κυριακῆς

258 2957 455 3024 φωνῆς,
475 2959 559 3009 δτι
590 2957 651 3008 οὐ
680 2954 903 3008 δύναταί
931 2972 1013 3016 τις
1041 2954 1161 3007 δυσὶ
1189 2952 1394 3021 κυρίοις
1423 2950 1693 3004 δουλεύειν
1712 2964 1726 2979 ⁸
1763 2951 1833 3005 Ἡ

258 3049 360 3116 τὰρ
375 3051 478 3101 τὸν
493 3048 609 3101 ἕνα
619 3047 869 3115 μισήσει
904 3047 999 3099 καὶ
1038 3048 1145 3098 τὸν
1164 3045 1367 3112 ἕτερον
1379 3043 1699 3111 ἀγαπήσει,
1724 3042 1828 3096 τοῦ

260 3140 387 3205 ἐνὸς
399 3138 737 3201 ἀνθέξεται,
757 3138 854 3189 καὶ
874 3136 980 3190 τοῦ
999 3137 1203 3203 ἑτέρου
1224 3133 1686 3203 καταφρονήσει·
1704 3134 1833 3187 ἕκα-
1861 3116 1903 3174 C

258 3248 395 3296 στος
409 3227 544 3297 οὖν,
567 3229 711 3283 κατὰ
724 3229 820 3298 τὴν
839 3229 1199 3297 ἁποστολικὴν
1216 3227 1416 3296 φωνὴν,
1436 3228 1504 3279 ὲν
1516 3221 1563 3293 ᾧ
1576 3226 1827 3292 ἐκλήθη,

258 3324 521 3386 ἐντούτῳ
556 3323 785 3391 ὀφείλει
810 3322 1017 3390 μένειν
1042 3321 1140 3375 καὶ
1171 3319 1598 3387 προσεδρεύειν
1624 3318 1694 3370 ἐν
1723 3316 1832 3387 μιᾷ

260 3416 571 3481 ἐκκλησίᾳ.
615 3414 697 3466 Τὰ
724 3414 831 3482 γὰρ
864 3412 929 3466 δι’
960 3412 1401 3481 αἰσχροκέρδειαν
1451 3410 1710 3479 γινόμενα
1742 3410 1833 3461 ἐπὶ

258 3506 865 3575 τῶν’ὲκκλησιαστικῶν
900 3504 1262 3575 πραγμάτων,
1294 3502 1546 3574 ἀλλότρια
1577 3501 1669 3554 τοῦ
1698 3501 1832 3554 Θεοῦ

264 3598 672 3668 καθεστήκασι·
711 3598 846 3666 πρδς
892 3597 949 3648 δὲ
985 3595 1081 3667 τὴν
1110 3595 1205 3647 τοῦ
1259 3594 1376 3665 βίου
1402 3595 1593 3647 τούτου
1622 3595 1832 3667 χρείαν,

262 3688 668 3759 ἐπιτηδεύματα
714 3688 820 3739 εἰσὶ
851 3687 1115 3757 διάφορα·
1165 3686 1223 3750 ἐξ
1274 3685 1454 3740 αὐτῶν
1492 3687 1546 3739 εἴ
1590 3704 1672 3748 τις
1711 3685 1835 3755 βού-

263 3779 416 3842 λοιτο,
464 3781 536 3833 τὰ
589 3778 823 3849 χρειώδη
876 3778 970 3831 τοῦ
1021 3776 1272 3846 σώματος
1318 3774 1648 3845 ποριζὲσθω.
1690 3778 1836 3847 Ἔφη

263 3873 364 3943 γὰρ
392 3873 421 3925 ὁ
462 3870 814 3937 Ἀπόστολος,
872 3869 1003 3936 Ταῖς
1027 3870 1252 3939 χρείαις
1277 3888 1395 3938 μου
1422 3870 1519 3923 καὶ
1546 3865 1838 3935 τοῗςνοῦσι

263 3966 380 4030 μετ’
400 3964 574 4034 ἐμοῦ,
605 3962 992 4030 ὑπηρέτησαν
1016 3964 1074 4014 αὶ
1096 3960 1292 4029 χεῖρες
1314 3956 1509 4016 αὗται·
1541 3961 1634 4013 καὶ
1666 3959 1839 4013 ταῦτα

268 4057 357 4126 μὲν
384 4059 443 4111 ὲν
483 4055 667 4124 ταύτῃ
697 4057 765 4124 τῇ
796 4052 1143 4123 θεοφυλάκτῳ
1173 4051 1361 4104 πόλει·
1408 4054 1465 4104 ὲν
1492 4051 1549 4103 δὲ
1595 4054 1706 4115 τοῖς
1735 4051 1840 4116 ἔξω

265 4149 477 4219 χωρίοις
504 4146 603 4201 διὰ
638 4146 738 4217 τὴν
778 4143 1011 4213 ἔλλειψιν
1053 4143 1164 4195 τῶν
1207 4143 1532 4214 ἀνθρώπων,
1580 4160 1840 4214 παραχω-

268 4239 478 4311 ρείσθω.

344 4346 405 4400 Ἦ
451 4344 838 4407 Ἐλενόποντος
878 4343 971 4396 δύο
1003 4342 1394 4414 μετροπολίτας
1426 4341 1538 4412 ἔχει
1571 4341 1644 4405 ὡς
1674 4341 1707 4411 ἡ
1754 4334 1841 4411 κη’

264 4438 447 4507 νεαρὰ·
493 4438 527 4507 ἡ
574 4435 929 4504 Παφλαγονία
966 4436 1273 4507 διαιρόρους,
1323 4434 1398 4496 ὡς
1451 4433 1595 4504 ήκθ’
1647 4432 1836 4501 νεαρά·
1876 4468 1918 4522 D

268 4524 357 4577 καὶ
379 4526 414 4593 ἡ
437 4524 656 4595 Φρυγία
689 4525 1036 4595 Καπατιανὴ,
1068 4525 1161 4577 καὶ
1205 4527 1241 4594 ὴ
1280 4524 1507 4593 δευτέρα
1537 4525 1836 4577 Καππαδο-

269 4616 381 4670 κία·
414 4616 546 4669 οὔτε
576 4616 634 4667 δὲ
660 4614 753 4667 δύο
781 4615 988 4667 πόλεών
1025 4633 1108 4677 τις
1163 4610 1303 4667 εἶναι
1355 4613 1575 4666 δύναται
1629 4614 1849 4666 ἐπίσκο-

1906 552 2202 620 episcopus
2233 554 2360 622 60,
2405 555 2703 622 presbyteri
2739 554 3001 607 honorem
3056 552 3274 606 habebit
3310 568 3323 603 :
3361 550 3466 602 nisi

1908 643 2097 711 utique
2117 644 2368 711 episcopo
2391 646 2597 712 placeat
2627 645 2800 713 ipsum
2822 645 3058 698 nominis
3080 645 3335 696 honorem
3366 643 3469 695 im-

1910 733 2130 802 pertire.
2165 732 2221 786 Si
2251 745 2426 787 autem
2461 733 2506 764 “
2541 734 2643 787 hoc
2669 734 2741 786 illi
2768 749 2874 786 non
2906 735 3133 801 placeat,
3167 732 3248 784 vel
3306 730 3469 783 clior"

1912 824 2175 893 episc0pi,
2211 824 2295 877 vel
2336 824 2635 894 presbyteri
2680 824 2858 877 locum
2881 823 3228 893 excogitabit,
3268 829 3325 874 ut
3348 835 3469 874 esse

1910 915 2133 970 omnino
2163 916 2216 969 in
2256 916 2402 971 clero
2458 915 2725 981 videatur,
2773 930 2842 970 ne
2865 917 2920 969 in
2971 914 3187 969 civitate
3219 912 3330 967 duo
3361 911 3473 966 sint

1909 1008 2168 1080 episc0pi.

2192 1190 2410 1244 Concilii
2439 1187 2875 1243 Chalcedonensis
2901 1201 3070 1239 canon
3099 1184 3188 1237 12.

1983 1285 2069 1339 19..
2112 1282 2365 1338 Pervenit
2390 1282 2455 1336 ad
2482 1296 2580 1335 nos
2609 1281 2675 1345 ⁸⁸,
2711 1278 2856 1349 quod
2909 1277 3150 1347 quidam,
3180 1287 3301 1328 cum
3335 1285 3475 1340 prae-

1914 1378 2142 1432 territus
2177 1372 2583 1429 ecclesiasticos
2618 1370 2682 1423 ad
2716 1376 3033 1439 potentatus
3094 1363 3475 1420 accessissent.

1914 1482 2010 1537 per
2033 1463 2393 1534 pragmaticas
2445 1476 2609 1514 unam
2642 1458 2979 1528 provinciam
3017 1456 3069 1507 in
3106 1454 3245 1507 duas
3282 1451 3480 1505 divise-

1917 1568 2040 1614 runt
2069 1576 2083 1611 :
2126 1558 2294 1610 ut'cx
2326 1568 2390 1606 eo
2420 1552 2527 1605 duo
2549 1558 2731 1605 essent
2761 1544 3158 1616 metropolitani
3189 1545 3241 1597 in
3293 1542 3481 1595 eadem

1916 1648 2213 1719 provincia.
2248 1645 2450 1699 Statuit
2481 1657 2609 1712 ergo
2630 1656 2786 1695 sacra
2818 1639 3079 1709 synodus,
3107 1651 3173 1688 ne
3195 1633 3483 1702 ρρίεοοιιιιε

1919 1742 2171 1806 deinceps
2194 1736 2298 1789 taie
2329 1733 2459 1804 quid
2487 1733 2680 1786 audeat
2719 1749 2731 1783 :
2765 1730 3025 1798 quoniam
3060 1728 3104 1780 is
3134 1726 3223 1794 qui
3261 1725 3363 1776 hoc
3395 1738 3486 1791 ag-

1920 1830 2186 1900 greditur,
2227 1842 2254 1879 a
2282 1840 2383 1879 suo
2436 1824 2605 1893 gradu
2657 1821 2879 1874 exridit.
2925 1819 3273 1884 Quaecunque
3303 1821 3483 1866 autem

1920 1923 2167 1977 civitates
2199 1933 2294 1986 per
2331 1917 2548 1970 litteras
2579 1912 2962 1980 imperatorias
3006 1905 3322 1975 metropolis
3388 1917 3487 1956 no-

1921 2014 2068 2068 mine
2095 2013 2372 2064 honoratae
2412 2016 2558 2068 sunt,
2589 2005 2707 2059 solo
2739 2003 2949 2056 honore
2989 1999 3263 2061 fruantur,
3293 2005 3346 2048 et
3393 1993 3485 2062 qui

1921 2105 2042 2174 ejus
2116 2100 2415 2155 Ecclesium
2480 2096 2827 2150 administrat
2882 2091 3191 2161 episcopus,
3271 2093 3487 2141 servato

1924 2195 2132 2253 scilicet
2155 2207 2295 2248 verte
2330 2187 2647 2257 metropolis
2680 2200 2782 2240 suo
2809 2183 2955 2253 jure.

2207 2348 2432 2405 Concilii
2459 2342 2665 2399 Nicreni
2693 2340 2908 2394 secundi
2937 2354 3105 2390 canon
3134 2335 3219 2389 15.

2031 2401 2270 2480 Clertcus
2295 2422 2348 2473 in
2374 2416 2577 2471 duabus
2608 2413 2840 2466 ecclesiis
2874 2424 2975 2462 non
3006 2405 3257 2460 collocari
3292 2401 3463 2455 debet.

1999 2603 2088 2667 15,
2123 2599 2365 2664 Clericus
2394 2594 2461 2648 ab
2491 2593 2593 2647 hoc
2612 2589 2867 2657 deinceps
2896 2592 3136 2653 tempore
3185 2581 3238 2634 in
3286 2579 3497 2633 duabus

1929 2694 2174 2750 ecclesiis
2204 2706 2310 2744 non
2337 2688 2650 2742 collocetur.
2679 2679 2791 2734 Hoc
2822 2677 2967 2732 enim
3002 2682 3086 2729 est
3108 2669 3497 2740 negotiationis

1933 2797 1987 2843 et
2017 2785 2191 2854 turpis
2247 2781 2384 2836 lucri
2429 2778 2731 2847 proprium,
2771 2771 2917 2827 etab
2948 2764 3320 2822 ecclesiastica
3369 2774 3500 2813 con-

1935 2850 2222 2935 suetudine
2249 2876 2506 2928 alienum.
2534 2871 2612 2922 Ab
2637 2869 2751 2937 ipsa
2775 2863 2918 2918 enim
2940 2857 3155 2912 Domini
3182 2868 3314 2907 voce
3344 2850 3499 2905 audi-

1936 2971 2117 3022 vimus
2141 2982 2248 3019 non
2283 2977 2443 3032 posse
2491 2958 2802 3028 quempiam
2865 2949 3077 3005 duobus
3107 2941 3343 3000 dominis
3383 2954 3501 2993 scr-

1938 3063 2051 3115 vire
2085 3076 2098 3111 :
2148 3057 2235 3111 Vel
2265 3057 2404 3109 enim
2435 3068 2594 3107 unum
2646 3051 2765 3101 odio
2796 3044 3023 3105 habebit,
3060 3049 3109 3094 et
3141 3037 3364 3089 alterum
3414 3031 3502 3083 di-

1938 3153 2092 3220 liget:
2116 3159 2207 3202 aut
2243 3163 2405 3200 unum
2440 3141 2739 3204 sustinebit,
2779 3147 2825 3192 et
2851 3136 3078 3188 alterum
3115 3133 3404 3183 contemnet
3433 3122 3499 3173 “.

1942 3242 2307 3311 Unusquisque
2362 3252 2507 3306 ergo,
2545 3242 2603 3287 ut
2658 3248 2759 3286 vox
2791 3239 2873 3283 est
2901 3223 3215 3295 apostolica,
3251 3219 3307 3271 in
3332 3232 3413 3278 eo,
3447 3215 3502 3265 in

1936 3350 2036 3405 quo
2062 3307 2275 3386 vocatus
2299 3336 2396 3392 est,
2431 3324 2579 3377 debet
2603 3336 2832 3382 manere,
2866 3326 2914 3369 et
2946 3316 2999 3367 in
3025 3329 3131 3365 una
3157 3307 3372 3362 ecclesia
3416 3320 3504 3357 as-

1938 3426 2105 3481 sidere
2133 3423 2201 3474 “7.
2254 3418 2387 3485 Quae
2419 3416 2563 3473 enim
2593 3421 2813 3483 propter
2846 3419 3004 3477 turpe
3042 3406 3252 3458 lucrum
3282 3405 3411 3453 sunt
3450 3410 3504 3446 ιιι

1940 3516 2324 3574 ecclesiasticis
2370 3509 2624 3581 negotiis,
2691 3522 2754 3560 ea
2817 3520 2847 3558 a
2883 3504 2993 3556 Deo
3039 3508 3167 3553 sunt
3193 3495 3386 3549 aliena.
3422 3488 3504 3541 Ad

1943 3610 2103 3680 hujus
2122 3618 2300 3662 autem
2325 3603 2449 3657 vitae
2468 3601 2571 3672 61
2601 3613 2758 3653 usum
2794 3602 2920 3650 sunt
2950 3592 3162 3647 diversa
3190 3582 3365 3640 studia
3392 3598 3405 3632 :
3440 3593 3507 3680 es

1942 3668 2032 3758 iis'
2054 3714 2220 3769 ergo,
2279 3697 2326 3751 si
2372 3668 2508 3764 quis
2530 3691 2680 3753 velit,
2714 3704 2778 3743 ea
2840 3700 2962 3755 quae
2991 3689 3119 3737 sunt
3166 3673 3413 3769 corporis
3441 3668 3509 3724 ad

1942 3805 2103 3845 usum
2121 3762 2444 3842 necessaria
2474 3785 2775 3848 comparet.
2812 3773 2956 3828 Dixit
2978 3770 3122 3826 enim
3156 3762 3452 3835 Apostolus
3492 3775 3507 3810 :

1948 3880 2077 3937 Usui
2106 3894 2218 3932 meo
2252 3886 2299 3931 et
2326 3877 2389 3929 iis
2435 3873 2526 3943 qui
2579 3885 2781 3924 mecum
2813 3876 2934 3919 sunt
2979 3858 3514 3917 subministraverant

1944 3990 2132 4029 manus
2169 3986 2296 4025 meae
2324 3968 2390 4024 ⁸⁸.
2420 3966 2487 4021 Et
2509 3967 2614 4020 hoc
2640 3960 2861 4033 quidem
2894 3959 2947 4012 in
2974 3957 3075 4010 hac
3105 3969 3136 4008 a
3169 3952 3278 4006 Deo
3328 3955 3512 4002 custo-

1945 4067 2058 4121 dita
2086 4064 2320 4119 civitate.
2341 4060 2395 4114 ln
2424 4060 2492 4113 iis
2506 4064 2687 4112 autem
2707 4066 2829 4123 quae
2859 4057 3010 4102 extra
3036 4052 3165 4100 sunt
3193 4040 3353 4105 locis,
3379 4050 3511 4106 pro—

1946 4166 2064 4229 pter
2090 4154 2371 4209 hominum
2402 4149 2667 4218 inpiam,
2698 4140 3069 4214 permittatur.

2023 4337 2236 4394 Textus.
2260 4332 2667 4399 Helenoponlus
2687 4325 2824 4379 duos
2846 4314 3299 4385 metropolitanos
3324 4306 3514 4399 habet:

1952 4392 2098 4483 utiS
2134 4421 2355 4476 Novella
2385 4392 2599 4491 [tradit]
2629 4432 2643 4468 :
2696 4404 3066 4479 Paphlagonia
3094 4401 3425 4491 multos,uut
3449 4392 3521 4446 29

1950 4511 2171 4578 Novella
2199 4527 2213 4563 :
2246 4485 2837 4580 [sici-ctiamil’lirygia
2867 4492 3276 4580 Capaliaua,__et
3310 4485 3522 4549 (lappa-

1952 4573 2111 4656 doeia
2152 4573 2412 4652 secunda.
2448 4590 2635 4660 Neque
2670 4588 2723 4640 in
2762 4584 2977 4638 duabus
3004 4573 3318 4633 civitatibus
3344 4576 3526 4660 potest

271 4722 385 4769 πος·
410 4707 681 4777 ἐξῄρηται
707 4707 734 4757 ὁ
763 4706 1007 4774 Τομέως,
1037 4656 1197 4769 αθτὺς
1245 4704 1354 4775 γὰρ
1384 4706 1478 4758 καὶ
1507 4706 1617 4756 τῶν
1645 4704 1827 4757 λοιπῶ·

1955 4690 2078 4760 quis
2105 4702 2228 4741 esse
2251 4684 2565 4753 episcopus.
2596 4675 2871 4743 Excipitur
2900 4670 3190 4739 episcopus
3212 4656 3523 4714 Tomensis.

2156 4776 2159 4777 '
2343 4772 2374 4777 --
2758 4766 2768 4777 -
2843 4763 2879 4777 σε
2984 4774 3015 4777 --
3072 4752 3306 4777 c_,-..i.:....
3342 4762 3523 4777 mm...“

271 4797 575 4867 ἐκκλησιῶν
607 4795 840 4858 Σκυθίας
853 4799 1086 4871 προνοεῖ·
1113 4796 1208 4849 καὶ
1228 4799 1260 4866 ὴ
1283 4796 1637 4861 Λεοντόπολις
1681 4797 1853 4847 Ἰσαυ-

276 4890 410 4957 ρίας,
453 4889 563 4942 ὑπὸ
588 4888 687 4940 τὸν
734 4887 1033 4941 ἐπίσκοπόν
1092 4889 1242 4940 ἐστιν
1298 4888 1843 4958 Ἰσαυροπόλεως,ὡς

1956 4752 2048 4835 ΙἸΙε
2079 4776 2223 4831 enim
2279 4752 2614 4841 reliquarum
2659 4763 3022 4819 ecclesiarum
3072 4752 3307 4824 Scythia:
3339 4762 3525 4801 curam

1960 4872 2115 4944 gerit.
2158 4865 2345 4942 [Tum]
2394 4876 2448 4919 et
2480 4858 2827 4928 Leontopolis
2858 4851 3081 4908 Isauriae
3114 4846 3216 4903 sub
3269 4843 3528 4944 episqopo

277 4929 473 5049 α’
504 4978 601 5033 τοῦ
637 4979 789 5042 κώδ.,
812 4979 916 5031 τίτ.
939 4976 987 5031 α’
1019 4978 1256 5032 διάτ.λε’·
1290 4978 1411 5031 οὔτε
1556 4929 1855 5050 ἡγούμενος
1961 4929 2285 5031 ἴεθυτουοιίδ
2305 4967 2408 5020 θεῖν
2434 4963 2494 5007 ιη
2528 4954 2620 5007 “b'
2654 4969 2670 5005 ¹
2702 4948 2823 5004 θθδ·
2864 4946 2952 5050 ut;
3065 4945 3241 4995 cons"
3278 4933 3366 5050 δεῇ

276 5029 479 5136 γίνεται
524 5070 626 5123 δύο
676 5068 1068 5139 μοναστηρίων,
1128 5069 1206 5132 ὡς
1256 5069 1397 5124 διάτ.
1446 5069 1524 5122 λθ¹
1560 5029 1657 5121 τοῦ
1689 5029 1827 5120 αὐτο·

1963 5053 2099 5128 bet].
2151 5029 2336 5121 Neque
2378 5046 2578 5119 pracsul
2615 5036 2958 5117 [quisquam]
2988 5036 3222 5089 duorum
3256 5029 3529 5079 monaste-

278 5161 474 5215 τίτλου.

346 5251 604 5305 ΚΕΦΑΛ.
654 5250 781 5301 KA'.
808 5278 877 5289 —
906 5250 1062 5321 Περίδ
1083 5249 1200 5303 τῶν
1231 5249 1729 5319 χειροτονούντων
1795 5247 1865 5300 ἐν

285 5344 408 5410 ταῖς
421 5344 508 5413 μὴ
536 5341 755 5406 οὔσαις
782 5339 883 5393 ὑπ’
909 5341 1130 5406 αὐτοὺς
1154 5343 1411 5395 πόλεσιν
1460 5341 1499 5409 ἢ
1525 5340 1857 5409 ἐπαρχίαις.

677 5432 1065 5485 ’Δποστόλων
1101 5431 1311 5486 κανὼν
1349 5432 1456 5486 λέ’.

351 5524 449 5581 λε’.
488 5523 819 5579 Ἐπίσκοπον
859 5524 933 5595 μὴ
960 5526 1165 5598 τολμᾷν
1196 5526 1300 5591 ἔξω
1329 5525 1447 5579 τῶν
1477 5523 1673 5578 ἑαυτοῦ
1705 5523 1866 5593 ὅρων,

290 5634 346 5678 κ.
366 5636 417 5675 τ.
440 5618 494 5675 λ.

1963 5151 2169 5205 riormn
2196 5146 2278 5206 ﬁt,
2315 5152 2371 5196 ut
2402 5149 2576 5196 const.
2602 5140 2668 5192 59
2696 5134 2937 5204 ejusdem
2968 5130 3050 5182 tit.

2032 5239 2185 5295 CAP.
2220 5220 2605 5291 XMr—Deliis
2633 5232 2721 5300 qui
2743 5225 3095 5282 ordinationes
3124 5212 3326 5287 faciunt
3346 5209 3400 5262 in
3438 5221 3533 5259 ιιι·-

1970 5334 2117 5389 bibus
2156 5329 2498 5401 provinciisve
2522 5340 2623 5377 non
2649 5322 2783 5375 suis.

2410 5415 2778 5484 Apostolorum
2810 5422 2977 5461 canon
2996 5402 3087 5457 55.

2045 5517 2133 5574 55.
2159 5514 2460 5584 Episcopus
2483 5525 2548 5563 ne
2580 5507 2776 5561 audeat
2800 5509 2951 5556 extra
2969 5509 3098 5552 suos
3124 5492 3279 5553 nites,
3312 5494 3441 5547 ete.,
3478 5491 3535 5534 ut

1976 5628 2097 5683 pag.
2130 5607 2259 5663 475.

364 5761 410 5795 ’δ
434 5762 643 5834 Ancyr.
674 5758 757 5830 12,
786 5759 1023 5816 Neocaes.
1056 5756 1307 5812 Antioch.
1338 5754 1423 5808 10.
1466 5755 1511 5787 θ’
1546 5752 1793 5809 Distinet.

1967 5749 2011 5782 “
2047 5744 2233 5802 Matth.
2270 5756 2347 5809 vt,
2381 5740 2472 5794 2t.
2510 5738 2557 5769 ⁸⁷
2584 5735 2605 5791 l
2637 5734 2765 5789 Cor:
2797 5745 2895 5795 vn,
2926 5725 3016 5782 20.
3092 5726 3139 5760 ⁸⁸
3173 5721 3289 5776 Act.
3318 5731 3410 5783 xx,
3444 5712 3532 5768 31.
