3904 6248
396 281 499 347 511
1523 288 1793 349 PIIO’I‘II
1828 284 2340 350 PATRIABCH/E
2363 291 2473 354 CP.
3551 298 3666 358 512

635 403 858 458 Consilii
892 402 1199 457 Antioclieni
1230 421 1459 459 canones
1492 407 1579 467 13.
1609 406 1701 458 2'2.
1990 411 2035 465 Α

1990 411 2035 465 Α
2241 407 2511 462 Συνόδου
2554 408 2916 478 Ἀντιοχείας
2955 413 3156 467 κανὼν
3192 413 3285 484 ιγ’,
3310 418 3434 471 κε’.

465 496 551 549 15.
570 493 758 548 Nullus
780 493 1062 563 episcopus
1080 496 1276 552 audeat
1292 496 1359 550 ab
1382 512 1486 551 una
1508 498 1811 566 provincia,
1832 506 1960 562 etc.,

2135 499 2226 569 ιγ’.
2252 501 2475 572 Μηδένα
2520 505 2816 560 ἐπίσκοπον
2846 507 3057 579 τολμᾷν
3101 509 3195 578 ἀφ’
3224 510 3429 584 ἑτέρας
3476 508 3666 579 ἐπαρ-

393 597 449 640 ut
468 603 587 655 pag.
618 587 742 639 475.

2064 593 2207 663 χίας,
2240 611 2294 648 κ.
2322 611 2376 647 τ.
2406 593 2457 649 λ.

463 678 759 747 Episcopus
794 677 846 730 in
880 678 1041 731 aliam
1072 679 1370 744 civitatem,
1407 688 1537 743 etc.,
1568 688 1623 731 ut
1653 695 1775 748 pag.
1806 678 1931 732 475.

2131 684 2237 739 κδ’.
2255 686 2581 741 Ἐπίσκοπον
2597 688 2668 758 μὴ
2680 687 2977 743 ἐπιϐαίνειν
2988 690 3242 764 ἀλλοτρίᾳ
3257 692 3448 761 πόλει,
3470 712 3531 749 κ.
3548 710 3604 747 τ.
3617 692 3670 747 λ.

756 768 983 821 Concilii
1012 770 1315 823 Antiocheni
1342 787 1508 823 canon
1548 770 1600 824 8.

2413 782 2685 835 Συνόδου
2719 782 2971 850 Ἐφέσου
3009 784 3211 838 κανὼν
3235 803 3273 853 η

460 858 549 911 22.
592 858 694 924 Qui
727 875 855 913 vero
897 861 1014 913 ausi
1054 861 1253 915 fuerint
1300 870 1395 916 aut
1444 876 1770 931 componere
1802 861 1960 917 iidem

2133 870 2273 933 Τοὺς
2319 870 2378 925 δὲ
2434 871 2813 943 τολμῶνταςῆ
2856 875 3161 931 συντιθέναι
3186 878 3369 932 πίστιν
3424 876 3671 948 ἑτέραν,

306 946 307 959 ¹
393 950 638 1014 alteram,
674 961 801 1015 etc.,
843 962 900 1004 ut
933 968 1056 1022 pag.
1093 952 1217 1008 478.

764 992 801 1015 .,
843 962 900 1004 ut
933 968 1056 1022 pag.
1093 952 1217 1008 478.
2066 979 2121 1016 κ.
2161 979 2212 1016 τ.
2254 962 2303 1017 λ.

462 1043 570 1112 62
604 1042 753 1097 CAP.
786 1043 951 1097 ΧΧΙΙ.
988 1074 1058 1084 —-
1097 1044 1170 1098 De
1205 1045 1272 1099 iis
1322 1045 1411 1114 qui
1441 1046 1847 1116 magistratuum
1868 1064 1965 1114 pa-

2135 1053 2382 1107 ΚΕΦΑΛ.
2418 1055 2549 1109 ΚΒ’.
2580 1085 2651 1096 -
2676 1055 2818 1124 Περὶ
2853 1054 2972 1108 τῶν
2995 1055 3093 1110 διὰ
3125 1058 3526 1124 προστασίας
3559 1057 3672 1126 ἁρ-

393 1134 612 1185 trocinio
643 1133 889 1186 ecclesias
911 1134 1160 1190 obtinent.

2066 1146 2315 1213 χόντων,
2340 1148 2669 1217 γινομένων
2703 1147 3005 1218 ἐγκρατῶ-
3034 1149 3398 1217 ἐκκλησιῶν.

846 1225 1218 1292 Apostolorum
1248 1241 1417 1278 canon
1449 1225 1535 1281 50.

2511 1238 2896 1294 Ἀποστόλων
2926 1241 3127 1294 κανὼν
3151 1240 3215 1296 λ’.

460 1314 530 1368 3O
552 1312 691 1385 [‘29].
723 1314 779 1368 Si
808 1316 931 1385 quis
986 1317 1276 1385 epis‘COpus
1323 1318 1675 1373 saecularibus
1706 1319 1965 1389 principi-

2137 1323 2182 1378 λ’
2217 1326 2286 1380 Et
2316 1344 2400 1390 τις
2433 1327 2733 1393 ἐπίσκοπος
2762 1332 3047 1399 κοσμικοῖς
3077 1329 3306 1401 ἄρχουσι
3356 1348 3475 1401 χρη
3489 1331 3674 1400 σάμε-

392 1406 495 1460 bus
526 1422 659 1461 usus
694 1422 791 1476 per
823 1423 917 1461 eos
951 1409 1237 1462 ecclesiam
1267 1409 1498 1478 adeptus
1532 1410 1621 1475 sit,
1655 1411 1931 1480 deponatu

2133 1437 2174 1482 ς,
2195 1419 2453 1472 διἀύτῶν
2469 1420 2741 1490 ἐγκρατὴς
2756 1420 3081 1490 Ἐκκλησίας
3101 1422 3350 1492 γένηται,
3365 1421 3675 1489 καθαιρεί-

392 1504 445 1552 et
473 1507 807 1567 segregetur,
834 1511 889 1551 et
914 1514 1104 1552 omnes
1138 1500 1229 1568 qui
1261 1499 1335 1551 illi
1371 1502 1798 1555 communicant.

2134 1529 2179 1565 ω
2192 1513 2281 1564 καί⁵
2298 1510 2663 1582 ἀφοριζέσθω,
2682 1512 2774 1566 καὶ
2790 1514 2840 1565 οἱ
2860 1512 3244 1577 κοινωνοῦντες
3258 1512 3412 1581 αὐτῷ
3428 1513 3673 1575 πάντες.

703 1591 928 1647 Concilii
955 1590 1163 1644 Nica’ni
1185 1592 1396 1645 secundi
1424 1608 1591 1644 canon
1613 1593 1666 1645 3.
2200 1606 2245 1657 Σ

2200 1604 2473 1658 Συνόδου
2494 1606 2741 1672 Νικαίας
2768 1606 2834 1658 τὸ
2861 1605 3143 1673 δεύτερον
3172 1606 3375 1659 κανὼν
3409 1613 3492 1673 γ’.

466 1683 518 1737 5.
539 1683 766 1739 Omnem
783 1684 1103 1738 electionem
1123 1699 1243 1753 quae
1261 1685 1317 1737 fit
1332 1700 1361 1737 a
1390 1683 1818 1753 magistratibus,
1833 1695 1962 1746 etc.,
1994 1747 2008 1802 1

481 1794 581 1802 -..η-
640 1777 726 1802 rm

2140 1704 2213 1765 γ’.
2229 1698 2417 1751 Πᾶσαν
2440 1697 2620 1768 ψῆφον
2640 1696 2930 1769 γινομένην
2958 1696 3109 1767 παρά
3129 1697 3431 1767 ἀρχόντων,
3456 1713 3519 1750 κ.
3541 1713 3598 1749 τ.
3618 1696 3670 1750 λ.

394 1786 451 1829 ut
479 1794 599 1847 pag.
630 1777 753 1832 494.

466 1870 618 1923 CAP.
654 1868 995 1924 XXlll.—De
1025 1871 1091 1923 iis
1121 1871 1208 1939 qui
1227 1869 1287 1922 ob
1323 1871 1725 1923 matrimonium
1748 1870 1823 1923 vel
1846 1886 1966 1923 con-

2137 1874 2385 1927 ΚΕΦΔΛ.
2414 1874 2542 1927 K1".
2564 1903 2637 1913 —
2654 1872 2792 1943 Περὶ
2810 1871 2920 1926 τῶν
2948 1871 3045 1927 διὰ
3067 1872 3257 1943 τάμον
3284 1873 3323 1941 ἢ
3356 1877 3672 1927 acnuam-

396 1958 698 2013 cubinatum
720 1975 819 2011 non
837 1959 968 2028 ﬁunt
987 1959 1211 2029 episcopi
1230 1968 1320 2011 aut
1344 1959 1539 2011 clerici.

2130 1965 2264 2032 ιὸν’,
2303 1964 2385 2035 μὴ
2437 1964 2978 2035 χειροτονουμένων
3032 1966 3381 2020 ἐπισκόπων
3428 1965 3470 2033 ἢ
3519 1968 3672 2031 κλη-

2061 2074 2270 2126 ρικων.

467 2143 837 2212 Apostolorum
867 2158 1090 2197 canones
1120 2142 1207 2206 17,
1240 2140 1326 2206 18,
1362 2141 1447 2196 19.

2154 2148 2539 2203 Ἀποστόλων
2573 2150 2776 2203 κανὼν
2804 2149 2868 2214 ιζ’
2894 2148 2964 2219 ιη’
2998 2148 3085 2203 ιθ’.

472 2234 538 2287 17
568 2232 704 2305 [16].
741 2233 841 2296 Qui
879 2241 998 2302 post
1027 2242 1279 2287 sanetum
1309 2232 1353 2264 ⁶⁹
1386 2231 1715 2301 baptismum
1754 2231 1971 2288 duobus

2144 2237 2230 2302 ιζ’.
2269 2237 2329 2290 '0
2362 2236 2483 2290 δυσὶ
2512 2237 2712 2306 γάμοις
2741 2236 3083 2309 συμπλακεὶς
3118 2240 3257 2310 μετά
3276 2242 3341 2295 τὸ
3369 2243 3670 2313 βάπτισμα

399 2326 671 2396 coniugiis
703 2325 866 2379 fuerit
914 2326 1235 2394 implicitus,
1293 2328 1378 2380 vel
1412 2325 1670 2380 habuerit
1700 2326 1932 2380 concubi

2129 2327 2408 2396 παλλακὴν
2424 2326 2785 2396 κτησάμενος,
2807 2329 2868 2381 οὐ
2896 2326 3117 2382 δύναται
3152 2324 3288 2384 εῖναι
3305 2332 3666 2403 ἐπίσκοποςῆ

401 2434 552 2482 nam,
592 2434 702 2473 non
742 2425 920 2487 potest
951 2433 1074 2473 esse
1101 2404 1388 2487 episcopus
1411 2419 1457 2451 ⁷⁸
1484 2457 1499 2483 ,
1553 2420 1637 2474 vel
1665 2419 1943 2489 presbyter

2123 2418 2438 2490 ρεσὸύτερος
2486 2418 2520 2489 ἢ
2574 2419 2821 2483 διάκονος
2893 2418 3028 2484 ὅλως
3064 2421 3158 2473 τοῦ
3198 2424 3517 2494 καταλόγου
3568 2424 3665 2479 τοῦ

403 2512 486 2566 vel
516 2512 797 2575 diaconus,
833 2511 918 2565 vel
949 2510 1173 2565 omnino
1201 2526 1269 2565 ex
1302 2526 1531 2565 numero
1562 2511 1912 2566 sacerdotali.
2074 2516 2368 2587 ἱερατικοῦ.

479 2603 542 2655 18
571 2600 705 2672 [17].
736 2601 841 2666 Qui
879 2602 1097 2655 viduam
1131 2603 1335 2672 accepit
1367 2604 1437 2668 τί,
1478 2603 1564 2657 vel
1603 2602 1854 2671 ejectam,
1891 2602 1973 2657 vel

2150 2616 2217 2680 ιη’
2262 2609 2320 2663 '0
2348 2608 2522 2681 χήραν
2554 2608 2752 2674 λαϐὼν,
2780 2608 2812 2680 ἢ
2842 2607 3326 2680 ἐκδεδλημὲνην,ῆ
3353 2609 3595 2679 ἑταίραν
3632 2605 3666 2677 ἢ

405 2694 745 2747 meretricem
764 2696 831 2755 τ’,
858 2694 938 2748 vel
959 2709 1193 2759 servam,
1218 2695 1300 2747 vel
1324 2695 1543 2747 mimam
1562 2709 1657 2748 seu
1678 2694 1946 2748 scenoiam

2128 2704 2294 2768 κέτιν,
2325 2702 2357 2772 ἢ
2393 2701 2499 2755 τῶν
2526 2701 2621 2754 ἐπὶ
2678 2705 2901 2772 σκηνῆς,
2963 2703 3025 2754 οὐ
3066 2701 3288 2754 δύναται
3338 2696 3485 2753 εἶναι
3541 2700 3666 2752 ἐπί-

408 2800 515 2836 non
549 2795 725 2852 potest
759 2799 881 2839 esse
916 2787 1220 2855 presbyter,
1260 2786 1345 2840 vel
1376 2787 1698 2854 episcopus,
1743 2788 1825 2840 vel
1857 2787 1950 2841 dia-

2127 2810 2279 2857 ιοπος
2303 2793 2334 2863 ἢ
2366 2792 2733 2864 πρεσϐύτερος
2762 2793 3077 2865 ἢδιάκονος,
3100 2792 3285 2864 ἢόλως
3312 2790 3406 2845 τοῦ
3428 2790 3669 2845 καταλό-

407 2890 602 2937 conus,
630 2877 715 2929 vel
750 2879 974 2930 omnino
1000 2894 1064 2932 ex
1096 2894 1327 2931 numero
1351 2880 1692 2932 sacerdotali.

1096 2894 1327 2931 numero
1351 2880 1692 2932 sacerdotali.
2077 2902 2175 2953 γου
2211 2883 2303 2936 τοῦ
2325 2882 2617 2953 ἱερατικοῦ.

452 2962 542 3015 ⁷19
572 2961 710 3034 [18].
740 2962 842 3028 Qui
864 2965 1001 3018 duas
1027 2980 1244 3019 sorores
1268 2966 1441 3029 duxit,
1462 2966 1541 3018 vel
1569 2965 1973 3028 consobrinam,

2152 2975 2216 3028 ιθ¹
2255 2975 2311 3028 '0
2332 2974 2423 3027 δύο
2437 2975 2670 3044 ἀδελφὰς
2692 2974 2957 3045 ἀγόμενος
2977 2975 3009 3047 ἢ
3029 2975 3335 3047 ἀδελφιδῆν,
3354 2976 3415 3028 οὑ
3439 2975 3667 3029 δύναται

406 3069 514 3109 non
552 3063 727 3124 potest
751 3070 870 3109 esse
898 3055 1153 3110 clericus.

2005 3076 2050 3138 (ζ
2082 3063 2220 3122 εἶναι
2244 3068 2524 3137 κληρικός.
2928 3102 2937 3111 ι

597 3146 824 3202 Concilii
851 3150 1152 3202 arcumenici
1178 3150 1314 3201 sexti
1345 3164 1569 3204 canones
1602 3150 1655 3214 3,
1698 3149 1783 3204 12.

2201 3161 2472 3216 Συνόδου
2510 3157 2934 3229 οὶκουμενικῆς
2960 3158 3139 3224 ἕκτης
3170 3156 3373 3211 κανὼν
3417 3165 3495 3227 γ’,
3534 3158 3624 3230 ιβ’.

809 3241 885 3295 De
915 3242 1231 3312 presbyteris
1260 3252 1308 3295 et
1335 3244 1541 3297 clericis

2458 3251 2595 3321 Περὶ
2626 3250 2828 3319 ἱερέων
2850 3249 2949 3304 καὶ
2969 3248 3292 3316 κ.2ηρικῶν.

470 3332 526 3385 5.
555 3329 823 3397 Quoniam
860 3348 989 3388 vero
1036 3334 1157 3401 pius
1209 3332 1522 3403 Christique
1559 3343 1774 3388 amator
1804 3334 1976 3403 impe-

2151 3352 2197 3412 γ¹
2240 3344 2456 3413 Ἐπειδὴ
2480 3343 2536 3397 δὲ
2564 3344 2592 3396 ό
2618 3344 2846 3413 εὐσεϐὴς
2872 3343 2966 3395 καὶ
2997 3341 3339 3412 φιλόχριστος
3368 3341 3536 3412 ἡμῶν
3574 3339 3668 3411 βα-

406 3432 557 3477 rator
587 3424 957 3492 noster,3hanc
976 3433 1218 3479 sanctam
1246 3433 1294 3478 et
1320 3427 1680 3481 universalem
1713 3426 1948 3497 synodur

2124 3434 2262 3496 ιλεὺς
2285 3437 2351 3502 τῇ
2374 3434 2507 3503 ἁγίᾳ
2537 3432 2712 3506 ταύτῃ
2751 3432 2848 3485 καὶ
2890 3433 3242 3501 οἰκουμενικῇ
3272 3429 3666 3499 προσεφώνησε

407 3514 678 3569 allocutus
706 3523 807 3579 est,
838 3525 893 3568 ut
924 3530 1019 3569 eos
1038 3515 1143 3585 63
1170 3516 1263 3585 qui
1298 3517 1351 3569 in
1381 3517 1584 3571 clerum
1630 3516 1787 3571 relati
1832 3523 1949 3572 sunt

2128 3525 2313 3595 υνόδῳ,
2349 3524 2488 3578 ὥστε
2522 3527 2647 3588 τοὺς
2698 3527 2755 3578 ὲν
2812 3524 3002 3594 κλήρῳ
3054 3522 3552 3591 καταλεγομένους,
3582 3520 3670 3574 καὶ

410 3607 532 3661 aliis
572 3608 754 3661 divina
789 3607 1199 3671 transmittunt,
1238 3623 1404 3676 puros
1436 3620 1489 3663 et
1521 3625 1551 3663 a
1590 3611 1748 3678 culpa
1783 3624 1847 3663 ac
1897 3624 1952 3662 re

2127 3618 2268 3681 λλοις
2331 3617 2400 3670 τὰ
2474 3616 2594 3668 θεῖα
2648 3615 3175 3685 διαπορθμεύοντας,
3209 3612 3488 3684 καθαροὺς
3536 3614 3669 3667 ἀπο-

408 3699 774 3768 prehensione
812 3698 1022 3752 alienos
1076 3700 1361 3755 ministros
1412 3701 1682 3767 efﬁciant;
1739 3710 1793 3755 et
1841 3715 1948 3770 quo

2130 3707 2254 3775 ἦναι
2285 3707 2380 3761 καὶ
2410 3706 2756 3777 λειτουργοὺς
2784 3703 3072 3775 ἀμώμους,
3105 3704 3201 3757 καὶ
3233 3706 3334 3774 τῆς
3361 3705 3565 3773 νοερᾶς
3582 3700 3667 3755 τοῦ

411 3792 765 3861 intelligentia
799 3793 1118 3863 percipitur,
1147 3795 1327 3861 magni
1359 3794 1473 3859 Dei,
1508 3795 1599 3865 qui
1631 3803 1785 3849 estet
1812 3795 1953 3849 sacri

2128 3796 2326 3864 ,sydlou
2355 3795 2491 3847 Θεοῦ
2542 3796 2633 3848 καὶ
2691 3795 2929 3866 θύματος
2980 3795 3074 3849 καὶ
3121 3794 3424 3866 ἀρχιερέως
3481 3795 3670 3855 θυσίας

413 3885 597 3939 ficium
657 3894 711 3940 et
770 3886 1011 3956 pontifex
1040 3928 1054 3949 ,
1112 3888 1383 3942 sacrificio
1414 3887 1646 3959 dignos;
1681 3896 1737 3942 et
1771 3902 1895 3958 qum
1923 3901 1953 3942 e

2129 3886 2292 3951 ξίους,
2314 3886 2661 3956 ἀνακαθᾶραι
2682 3904 2741 3939 τε
2775 3888 2843 3938 τὰ
2873 3887 2932 3951 ἐξ
2961 3887 3216 3957 ἀθέσμων
3237 3886 3434 3955 γάμων
3464 3887 3670 3947 τούτοις

413 3976 637 4031 nefariis
665 3978 867 4046 nuptiis
891 3980 955 4033 iis
1000 3979 1181 4034 inusta
1211 3988 1339 4034 sunt
1369 3982 1568 4049 probra
1608 3995 1671 4034 ac
1700 3980 1955 4034 dedecora

2129 3981 2440 4051 πιτριὸἑντα
2472 3980 2640 4050 μύση·
2670 3981 2806 4051 πρὸς
2836 3979 3013 4050 τούτῳ
3032 3997 3092 4032 τε
3122 3978 3230 4032 τῶν
3272 3978 3374 4048 μὲν
3401 3978 3504 4049 τῆς
3543 3977 3671 4031 Ῥω-

416 4077 710 4138 repurgeut
742 4087 755 4123 :
790 4078 843 4123 et
872 4080 1133 4138 praeterea
1180 4071 1273 4141 qui
1323 4082 1454 4127 sunt
1488 4058 1851 4126 sanctissimae
1882 4068 1958 4125 Ro

2128 4075 2272 4128 ,αίων
2325 4073 2638 4141 ἁγιωτάτης
2704 4069 3054 4139 Ἐκκλησίας,
3109 4070 3200 4123 τὸν
3226 4073 3327 4135 τῆς
3385 4068 3670 4140 ἀκριὸείας

419 4176 703 4214 manorum
758 4162 1001 4218 ecclesi'e
1063 4174 1270 4218 exactae
1324 4163 1677 4233 perfectionis
1728 4178 1961 4218 eanouer

2129 4163 2397 4234 ηρηθῆναι
2430 4162 2634 4215 κανόνα
2692 4159 3131 4232 προτιθεμένων,
3180 4160 3290 4213 τῶν
3343 4158 3402 4212 δὲ
3442 4158 3551 4212 ὑπὸ
3588 4156 3671 4209 τὸν

415 4255 742 4308 servandum
772 4263 1113 4325 proponant;
1138 4256 1229 4323 qui
1253 4272 1379 4311 vero
1400 4258 1503 4311 sub
1525 4256 1629 4310 hoc
1658 4261 1690 4309 a‘
1720 4254 1832 4309 Deo
1859 4270 1957 4311 con

2129 4256 2191 4323 ἧς
2219 4252 2583 4321 θεοφυλάκτου
2612 4249 2817 4318 ταύτης
2859 4249 2956 4303 καὶ
2986 4248 3256 4319 βασιλίδος
3312 4248 3521 4309 πόλεως
3553 4243 3671 4316 θρό-

419 4347 698 4399 servandae
734 4347 1048 4415 imperantis
1078 4349 1232 4402 urbis
1266 4350 1487 4415 throno,
1511 4347 1656 4418 quod
1685 4354 1767 4402 est
1798 4347 1961 4401 huma

2130 4363 2207 4409 ον,
2230 4344 2324 4397 τὸν
2360 4342 2460 4414 τῆς
2506 4340 2916 4410 φιλανθρωπίας
2973 4340 3068 4393 καὶ
3109 4338 3477 4410 συμπαθείας,
3502 4339 3587 4401 είς
3620 4335 3672 4388 ἒν

420 4435 608 4489 uitatis
641 4445 695 4489 et
730 4438 1115 4491 misericordia:
1136 4455 1151 4503 ;
1176 4438 1465 4507 utriusque
1493 4446 1716 4508 paterne
1743 4446 1796 4490 et
1829 4437 1962 4490 simu

2126 4435 2384 4506 εμφότερα
2417 4411 2689 4505 *μίξαντες
2750 4430 3034 4502 πατρικῶς
3061 4430 3197 4501 ὁμοῦ
3238 4431 3332 4484 καὶ
3388 4428 3668 4498 θεοφιλῶς,

423 4526 675 4597 religiose
704 4528 900 4593 mistis,
938 4537 995 4582 ut
1023 4545 1198 4599 neque
1220 4531 1363 4599 quod
1390 4537 1473 4584 est
1506 4529 1637 4583 mite
1660 4544 1724 4583 ac
1743 4542 1965 4582 mansue

2130 4544 2171 4590 ig
2208 4527 2345 4596 μήτε
2375 4525 2435 4578 τὸ
2456 4526 2627 4595 πρᾶον
2662 4523 2907 4588 ἔκλυτον,
2941 4523 3078 4593 μήτε
3133 4521 3332 4589 στῦφον
3364 4520 3425 4573 τδ
3474 4520 3672 4587 αὐστη-

423 4628 562 4685 tum,
601 4621 925 4677 dissolutum
962 4640 977 4678 :
1010 4639 1187 4693 neque
1213 4625 1359 4694 quod
1386 4632 1469 4680 est
1495 4633 1798 4686 austerum,
1833 4622 1964 4676 astri

2130 4620 2189 4671 ὸν
2216 4617 2656 4687 καταλείψοιμεν,
2685 4616 2780 4671 καὶ
2815 4618 3051 4687 μάλιστα
3077 4611 3170 4666 τοῦ
3195 4612 3255 4676 ἐξ
3284 4610 3509 4680 ἀγνοίας
3532 4608 3672 4663 πτώ-

425 4713 624 4766 ctivum
652 4713 1062 4782 relinquamus;
1094 4724 1147 4769 et
1175 4716 1412 4769 maxime
1443 4731 1566 4769 cum
1592 4730 1656 4768 ex
1685 4712 1967 4784 ignoranti:

2134 4728 2267 4774 ,ατος
2295 4712 2373 4773 είς
2402 4711 2501 4763 οὐκ
2533 4709 2729 4777 ὀλίγων
2771 4707 2982 4779 ἀνδρῶν
3011 4705 3217 4776 πλῆθος
3244 4704 3526 4775 διήκοντος
3564 4718 3676 4757 συν-

424 4804 612 4872 lapsus
649 4805 700 4858 in
722 4820 829 4859 non
847 4807 1098 4877 exiguam
1130 4808 1412 4862 hominum
1444 4807 1844 4860 multitudinem
1868 4821 1962 4875 per

2130 4804 2339 4874 ιρῶμεν,
2372 4802 2511 4855 ὥστε
2544 4803 2671 4866 τοὺς
2721 4800 2821 4871 μὲν
2857 4800 2979 4853 δυσὶ
3019 4799 3218 4868 γάμοις
3249 4796 3672 4867 περιπαρέντας,

425 4898 607 4959 vadat,
643 4896 1008 4963 decernimus,
1064 4904 1125 4951 ut
1172 4898 1265 4967 qui
1314 4897 1526 4951 duobus
1556 4896 1775 4965 quidem
1811 4893 1967 4948 matri

2135 4897 2200 4949 ιαὶ
2232 4896 2392 4966 μέχρι
2434 4890 2532 4965 τῆς
2571 4891 3059 4947 πεντεκαιδεκάτου
3091 4888 3184 4942 τοῦ
3218 4888 3524 4951 διελθόντος
3550 4888 3677 4941 ἰαν-

426 4994 627 5048 moniis
659 4994 914 5065 implicati
940 4994 1111 5061 fuere,
1146 5004 1203 5050 et
1230 5010 1405 5065 usque
1435 4993 1501 5047 ad
1537 4992 1807 5048 decimum
1836 4992 1965 5061 quin

2132 4987 2355 5058 ιουαρίου
2409 4984 2610 5055 μηνὸς,
2661 4983 2762 5053 τῆς
2824 4980 3201 5053 παρελθούσης
3251 4975 3293 5031 δ’
3330 4975 3674 5039 ίνδικτιῶνος,

429 5096 540 5141 tum
576 5087 834 5155 prmtcriti
894 5090 1099 5143 mensis
1147 5088 1388 5143 Januarii
1447 5087 1734 5157 praeterita:
1794 5092 1971 5155 quart:

2136 5101 2259 5147 τους
2296 5080 2455 5152 ςργθ¹
2483 5079 2616 5151 (19),
2646 5076 3008 5139 δουλωθέντας
3050 5076 3116 5144 τῇ
3144 5072 3391 5144 ἁμαρτίᾳ
3413 5112 3428 5136 ,
3476 5070 3573 5125 καὶ
3612 5067 3678 5140 μὴ

504 5203 548 5232 δ’
583 5203 715 5326 Dis-tr.
748 5205 819 5285 ξιῖ
859 5203 919 5259 Si
958 5206 1074 5275 quis
1106 5215 1242 5275 post.
1303 5205 1349 5235 '°
1379 5206 1436 5258 S.
1468 5203 1632 5259 Basil.
1661 5218 1786 5259 can.
1825 5202 1912 5264 12,
1956 5199 2023 5254 ad
2065 5197 2263 5267 Amph.
2326 5196 2369 5227 '“
2409 5194 2544 5250 Dist.
2572 5194 2607 5249 4
2642 5192 2703 5249 Si
2739 5192 2856 5263 quis
2885 5192 3072 5245 duam.
3157 5185 3371 5242 "-Vide
3406 5186 3513 5256 leg.
3542 5186 3599 5249 5.
3623 5184 3679 5238 de

504 5289 643 5326 mma
720 5291 824 5326 rm.

432 5287 643 5327 summa
672 5287 710 5326 ἰ
720 5291 824 5328 1⁸111.

1937 5358 2164 5414 ΝΟΤᾸΕ.

510 5483 621 5552 (l8)
650 5482 787 5554 Auni
822 5483 1024 5537 Christi
1058 5483 1180 5554 τοο.
1238 5483 1302 5537 Et
1329 5483 1408 5537 sic
1446 5482 1650 5554 conditi
1675 5480 1730 5534 hi
1766 5494 2007 5554 canones
2174 5474 2753 5554 (towerperaingpuq
2776 5462 3678 5554 Βενετθείειιιξἤργηδεῖιξςςξξῇξυ

438 5535 626 5606 mense
674 5535 1110 5623 Serprtein—brihvel
1143 5535 1364 5605 Octobri
1389 5535 1653 5623 ejusdch
1690 5551 1840 5603 anni.
1869 5549 2010 5623 _Vide
2119 5535 2565 5623 apud’Bevér‘egii
2599 5535 2926 5623 Paudeetas,
2949 5535 3681 5623 ﬂuamaptidglfiomgcanp:

437 5602 1175 5691 διιιξιὶιιὲιιᾱιίέιῆἜιῖὲιὶοίεπῖ
1200 5602 1903 5689 ἽίὶογιιέιιιῆιὶιιίΠΡοευιιιιιὶ,
1965 5602 2016 5673 et
2122 5602 2245 5670 nem
2281 5631 2404 5691 eum
2432 5602 2772 5691 Balsamouis
2812 5602 3057 5691 scholiii‘.
3100 5602 3678 5691 ntimcrorum'rmenda

442 5673 1039 5749 Μαι,ἲιῖπῖ’Ᾱιῖίειίιιῖίιη,
1078 5673 1564 5746 ii...-.;...,....j”“”
1624 5673 1640 5675 ί
1678 5673 1757 5689 ’ν’
1815 5673 1824 5674 ί
1895 5673 1903 5684 ’
2127 5704 2233 5741 ιιυυ
2267 5686 2485 5740 desunt.
2542 5682 2748 5751 ιιυτηευ
2799 5690 2977 5735 autem
3008 5675 3265 5731 Trullana
3306 5673 3549 5742 synodus
3586 5685 3678 5724 ιιοη
