3904 6248
223 228 311 292 513

818 224 1216 285 SYNTAGMA
1267 222 1655 285 CANONUM.
1684 248 1752 258 -
1776 222 1924 283 ΤΙΤ.
1969 220 2018 296 Ι,
2056 221 2211 281 CAP.
2241 221 2433 296 XXII,
2474 220 2699 281 XXIII.

3332 224 3434 289 514

226 336 424 404 ὲκνῆψαι
450 333 643 402 ταύτης
674 333 1073 402 προελομένους
1095 373 1109 397 ,
1154 332 1469 403 καθαιρέσει
1509 334 1762 403 κανονικῇ

1869 332 2180 386 indictionls
2224 330 2336 401 (18)
2363 371 2379 396 ,
2420 331 2547 384 anni
2602 329 2700 394 [αι.
2731 328 2893 402 6197]
2950 333 3127 387 sexies
3162 334 3434 391 millesimi

228 426 495 480 ὑποϐαλεῖν
524 424 648 486 τοὺς
681 423 737 475 δὲ
768 423 843 494 τῷ
867 423 1094 493 τοιούτῳ
1124 424 1222 493 μὲν
1254 424 1352 493 τῆς
1383 424 1640 494 διγαμίας
1666 424 1763 477 πά-

225 520 291 571 θει
327 513 726 586 περιπεσόντας,
762 514 867 581 πρὸ
907 514 963 567 δὲ
999 514 1097 584 τῆς
1124 515 1284 584 ἡμῶν
1314 514 1663 582 ἐπιγνώσεως
1698 514 1760 567 τὸ

225 606 465 676 σομφέρον
494 603 887 672 ὲπεγνωκότας,
917 606 1011 657 καὶ
1036 604 1096 656 τὸ
1127 604 1296 658 κακὸν
1328 604 1386 668 ἐξ
1415 605 1626 659 ἑαυτῶν
1663 623 1761 659 πε-

225 694 530 767 ρικόιῖιαντας,
573 694 663 745 κα⁹ι
694 694 884 762 πόρρω
916 694 1015 761 τὴν
1044 692 1202 763 ξένην
1223 694 1430 763 ταύτην
1470 696 1564 745 καὶ
1608 694 1760 747 νόθον

222 784 503 856 συμπλοκὴν
536 783 919 848 ὲκδιώξαντας·
955 784 988 853 ἢ
1021 785 1113 837 καὶ
1135 778 1211 837 ὧν
1234 786 1290 837 αἱ
1331 786 1468 837 κατὰ
1509 784 1760 856 δεύτερον

222 878 371 947 γάμον
396 877 643 943 γυναῖκες
659 875 760 945 ἤδη
788 876 1258 945 τετελευτήκασιν,
1281 875 1314 946 ἥ
1344 879 1437 929 καὶ
1460 876 1616 930 αὐτοὶ
1639 879 1761 929 ἐπι-

220 968 428 1037 στροφὴν
453 961 612 1028 εἶδον,
647 966 1054 1036 μεταμαθόντες
1094 966 1192 1038 τὴν
1232 968 1616 1039 σωφροσύνην,
1669 968 1760 1020 καὶ

219 1060 310 1112 τῶν
336 1055 510 1128 πρώην
537 1058 720 1120 αὐτοῖς
747 1056 1243 1128 παρανομηθέντων
1269 1059 1482 1128 ταχέως
1514 1059 1761 1113 ἐπιλαθό-

220 1166 369 1219 μενοι,
420 1148 526 1199 εἴτε
562 1146 923 1218 πρεσϐύτεροι
954 1151 1065 1201 εἴτε
1095 1148 1332 1202 διάκονοι
1371 1150 1523 1211 ὄντες
1560 1152 1760 1219 τυγχά-

216 1257 355 1303 νοιεν,
372 1238 586 1301 τούτους
602 1238 745 1303 εδοξε
774 1239 1082 1293 πεπαῦσθαι
1124 1241 1222 1310 μὲν
1270 1240 1449 1309 πάσης
1482 1242 1759 1311 ἱερατικῆς

215 1330 546 1400 λειτουργίας,
573 1331 692 1400 ἦτοι
712 1331 1012 1399 ἐνεργείας,
1047 1331 1148 1400 ἤδη
1179 1332 1271 1382 ἐπὶ
1299 1333 1459 1400 ῥητόν
1484 1348 1606 1382 τινα
1636 1332 1760 1401 χρό-

214 1440 290 1475 νον
315 1422 750 1491 ὲπιτιμηθένταςο
792 1424 889 1490 τῆς
926 1422 982 1474 δὲ
1032 1421 1199 1490 τιμῆς
1224 1422 1322 1490 τῆς
1370 1421 1513 1474 κατὰ
1542 1423 1640 1490 τὴν
1667 1440 1761 1474 κα-

216 1513 387 1580 θέδραν
438 1514 530 1563 καὶ
567 1512 755 1563 στάσιν
808 1510 1075 1580 μετέχειν,
1118 1510 1484 1580 ἀρκουμένους
1528 1514 1588 1578 τῇ
1629 1527 1763 1578 προ-

214 1603 346 1672 εδρίᾳ
392 1605 482 1655 καὶ
522 1603 956 1672 προσκλαίοντας
1003 1603 1082 1671 τῷ
1122 1602 1312 1672 Κυρίῳ
1344 1602 1761 1672 συγχωρηθῆναι

212 1695 371 1757 αὐτοῖς
415 1694 474 1745 τὸ
503 1694 570 1747 ἐκ
615 1694 715 1762 τῆς
749 1692 970 1760 ἀγνοίας
1029 1691 1308 1762 ἀνόμημα.
1361 1692 1623 1759 Εὑλογεῖν
1651 1693 1760 1763 γὰρ

212 1784 390 1854 ἕτερον,
422 1784 508 1836 τὸν
543 1784 614 1837 τὰ
643 1786 816 1836 οἰκεῖα
850 1782 1105 1852 τημελεῖν
1134 1783 1419 1850 ὀφείλοντα
1446 1783 1760 1853 τραύματα,

211 1878 559 1930 ἀνακόλουθονο
601 1878 727 1941 τοὺς
760 1878 856 1947 μέν
879 1894 960 1930 τοι
986 1880 1198 1946 γαμετῇ
1223 1877 1321 1946 μὲν
1348 1880 1445 1948 μιᾷ¹
1469 1876 1763 1945 συναφθέν-

210 1970 456 2036 τας,χήρα
480 1967 537 2020 δὲ
562 1969 599 2037 ἡ
619 1965 1030 2037 προσληφθεῖσα
1054 1965 1348 2034 ἐτύγχανεν
1368 1966 1401 2036 ἢ
1425 1965 1763 2034 ἐκϐεϐλημέ-

212 2073 284 2125 νη,
301 2055 549 2118 ὡσαύτως
574 2057 631 2109 δὲ
657 2057 749 2109 καὶ
772 2058 894 2118 τοὺς
924 2056 1059 2127 μετά
1096 2056 1193 2126 τὴν
1244 2056 1573 2127 χειροτονίαν
1600 2057 1763 2126 γάμῳ

210 2145 278 2198 ἑνὶ
296 2146 588 2215 παρανόμῳ
610 2148 1138 2217 προσομιλήσαντας,
1166 2149 1412 2201 τουτέστι
1462 2147 1764 2217 πρεσϐυτέ-

210 2258 342 2311 ρους,
358 2240 449 2293 καὶ
461 2240 769 2307 διακόνους,
787 2241 879 2294 καὶ
898 2242 1303 2306 ὑποδιακόνους,
1322 2241 1423 2311 ἥδη
1443 2242 1534 2291 ἐπὶ
1559 2239 1761 2309 βραχύν

207 2348 311 2383 τινα
351 2330 536 2400 χρόνον
571 2330 889 2400 εἱρχθέντας
920 2332 1016 2401 τῆς
1056 2332 1206 2402 ἱερᾶς
1259 2328 1634 2399 λειτουργίας,
1671 2328 1763 2380 καὶ⁵

210 2422 629 2491 ἐπιτιμηθέντας,
659 2421 813 2484 αὖθις
835 2423 1028 2484 αὐτοὺς
1046 2424 1104 2474 ὲν
1124 2425 1233 2483 τοῖς
1248 2420 1468 2483 οἰκείοις
1484 2421 1764 2472 ἀποκατα-

209 2518 377 2582 στῆναι
408 2515 665 2584 βαθμοῖς,
724 2514 990 2584 μηδαμῶς
1020 2516 1076 2566 έν
1110 2514 1293 2584 ἑτέρῳ
1326 2512 1530 2583 μείζονι
1565 2511 1764 2580 προκό-

207 2620 413 2666 πτοντας
462 2603 684 2673 βαθμῷ·
748 2603 1029 2673 προδήλως
1063 2603 1409 2664 διαλυθέντος
1458 2602 1643 2663 αὐτοῖς
1670 2600 1763 2653 τοῦ

205 2693 423 2763 ἀθέσμου
481 2694 844 2749 συνοικεσίου.
878 2694 1066 2747 Ταῦτα
1096 2694 1152 2748 δὲ
1201 2697 1315 2758 τοῖς
1364 2695 1764 2764 καταληφθεῖσι

210 2785 349 2854 μέχρι
375 2786 468 2855 τῆς
501 2785 996 2838 πεντεκαιδεκάτου
1045 2786 1119 2848 ὼς
1146 2786 1356 2856 εἴρηται
1378 2786 1469 2839 τοῦ
1533 2786 1767 2839 Ἰανουα-

209 2877 310 2945 pica
361 2878 549 2945 μηνὸς,
581 2876 624 2927 δ’
687 2877 1036 2943 ίνδικτιῶνος,
1091 2880 1149 2931 ὲν
1203 2882 1317 2941 τοῖς
1374 2879 1766 2950 προδηλωθεῖσι

206 2967 489 3037 πταίσμασι
542 2970 645 3021 καὶ
705 2969 885 3038 μόνον,
935 2970 1223 3038 ἱερατικῶς
1269 2969 1344 3044 (1)
1383 2970 1764 3039 ὲτυπώσαμεν,

206 3062 463 3134 ὁρίζοντες
518 3064 636 3118 ἀπὸ
688 3063 783 3116 τοῦ
843 3066 1108 3136 παρόντος
1143 3065 1239 3118 καὶ
1261 3065 1644 3136 ἀνανεούμενοι
1677 3065 1767 3117 τὸν

206 3156 386 3207 κανόνα
413 3156 502 3208 τὸν
538 3154 948 3224 διαγορεύοντα,
982 3156 1072 3209 τὸν
1116 3157 1236 3209 δυσὶ
1273 3158 1471 3225 γάμοιν
1522 3156 1770 3224 συμπλα-
1794 3152 1837 3175 υ

206 3244 350 3299 κέντα
376 3247 511 3315 μετὰ
532 3246 601 3298 τὸ
622 3246 925 3315 βάπτισμα,
946 3247 978 3317 ἦ
1011 3246 1289 3318 παλλακὴν
1311 3248 1673 3316 κτησάμενον,
1694 3247 1767 3315 μὴ

205 3336 439 3390 δύνασθαι
462 3334 604 3389 εἶναι
624 3338 925 3389 ἐπίσκοπον
946 3338 977 3406 ἢ
1008 3338 1375 3409 πρεσϐύτερον
1397 3338 1713 3409 ἣδιάκονον,
1734 3337 1765 3408 ἢ

207 3426 327 3489 ὅλως
345 3427 432 3479 τοῦ
472 3427 784 3495 καταλόγου
809 3427 905 3481 τοῦ
955 3428 1253 3496 ἱερατικοῦ.
1294 3428 1569 3489 Ὡσαύτως
1594 3426 1649 3478 δὲ
1677 3428 1768 3477 καὶ

207 3518 283 3567 τὸν
299 3520 463 3587 χήραν
491 3518 751 3581 λαϐόντα,
775 3519 807 3588 ἢ
839 3518 1269 3589 ἐκϐεϐλημένην,
1294 3519 1326 3589 ἢ
1359 3519 1603 3589 ἑταίραν,
1630 3517 1661 3586 ἦ
1695 3519 1767 3568 οξ-

209 3610 359 3673 κέτιν,
381 3611 411 3679 ἢ
432 3611 541 3662 τῶν
576 3612 675 3663 ἐπὶ
700 3611 927 3680 σκηνῆς,
970 3610 1045 3679 μὴ
1075 3610 1336 3663 δύνασθαι
1368 3607 1507 3662 εἶναι
1540 3610 1763 3660 ἐπίσκο-

207 3701 347 3771 πονῆ
395 3702 772 3773 πρεσϐύτερον
802 3701 836 3771 ἢ
865 3701 1132 3767 διάκονον,
1162 3700 1194 3771 ἢ
1226 3699 1361 3763 ὅλως
1409 3698 1502 3752 τοῦ
1535 3698 1765 3751 καταλό-

207 3808 291 3857 γου
310 3793 397 3845 τοῦ
432 3792 737 3863 ἱερατικοῦ.

268 3881 326 3933 ιϐ’
364 3885 469 3935 Καὶ
498 3884 663 3937 τοῦτο
721 3883 778 3936 δὲ
807 3884 887 3945 εἱς
912 3882 1112 3951 γνῶσιν
1163 3880 1435 3952 ἡμετέραν
1466 3875 1629 3951 ἦλθεν
1648 3920 1662 3943 ,
1689 3880 1764 3942 ὡς

205 3972 254 4024 ὲν
278 3976 335 4043 τῇ
374 3974 609 4043 ’Δφρικῇ
647 3972 743 4026 καὶ
772 3974 945 4043 Λιϐύῃ
980 3973 1072 4025 καὶ
1100 3973 1303 4042 ἑτέροις
1332 3970 1536 4037 τόποις,
1583 3972 1632 4022 oi
1656 3969 1763 4021 τῶν

203 4064 364 4117 ἐκεῖσε
393 4066 810 4135 θεοφιλέστατοι
848 4064 1120 4134 πρόεδροι,
1153 4064 1418 4115 συνοικεῖν
1458 4065 1578 4126 ταῖς
1608 4061 1764 4124 ἰδίαις

201 4158 444 4224 γαμεταῖς
474 4158 575 4208 καὶ
606 4156 746 4225 μετά
774 4155 872 4223 τὴν
901 4156 988 4207 ἐπ’
1022 4155 1202 4215 αὐτοῖς
1239 4152 1606 4222 προελθοῦσαν
1650 4168 1761 4222 χει-

202 4250 427 4314 ροτονίαν
446 4248 509 4299 οὐ
553 4244 969 4314 παραιτοῦνται,
1025 4242 1357 4312 πρόσκομμα
1420 4243 1531 4304 τοῖς
1583 4240 1762 4303 ἄλλοις

198 4337 420 4401 τιθέντες
449 4336 691 4391 ἐνταῦθα
729 4336 822 4389 καὶ
880 4334 1199 4389 σκάνδαλον.
1234 4333 1443 4403 Πολλῆς
1493 4327 1587 4385 οὖν
1629 4333 1760 4404 ἡμῖν

1871 421 2155 475 centesimi
2187 422 2341 482 noni,
2377 430 2600 489 peccato
2653 421 2999 487 servierunt,
3047 432 3101 476 et
3130 439 3237 477 non
3273 425 3341 478 ab
3369 443 3435 480 co

1864 513 2188 581 resipiscere
2213 512 2530 574 voluerunt,
2584 512 2909 581 depositioui
2938 515 3217 569 canonica:
3256 516 3433 585 subji-

1862 618 2019 667 cere;
2057 618 2151 657 eos
2178 611 2381 668 autem,
2407 604 2499 671 qui
2538 604 2660 658 talis
2694 606 2913 672 quidem
2954 606 3202 673 bigamia?
3235 609 3435 677 probro

1862 706 1927 745 ac
1974 691 2229 745 dedecori
2267 691 2527 760 implicati
2588 693 2737 747 luere
2761 732 2776 757 ,
2813 703 2939 749 ante
2969 708 3215 749 nostrum
3250 708 3430 750 autem

1861 782 2141 834 decretum
2170 782 2220 835 id
2252 782 2395 850 quod
2430 782 2559 835 utile
2586 792 2667 837 est
2692 795 3049 853 agnoverunt,
3078 795 3130 840 et
3161 789 3362 840 malum
3403 804 3433 841 a

1861 886 1921 924 se
1950 871 2321 937 absciderunt,
2375 882 2428 926 et
2482 872 2622 925 hanc
2672 874 3035 949 adulterinam
3093 886 3148 929 et
3200 877 3430 931 alienam

1862 964 2305 1033 congressionem
2352 965 2537 1033 procul
2571 965 2903 1034 abegerunt;
2966 968 3049 1020 vel
3107 982 3202 1023 eos
3244 970 3431 1032 etiam,

1861 1070 2098 1124 quorum
2128 1070 2329 1113 uxores
2378 1056 2431 1109 in
2479 1058 2733 1110 secundis
2789 1058 2993 1125 nuptiis
3035 1059 3148 1128 jam
3203 1073 3434 1116 mortua:

1862 1158 2027 1213 sunt;
2059 1147 2147 1200 vel
2180 1148 2283 1215 ipsi
2311 1147 2474 1200 etiam
2502 1147 2568 1201 ad
2605 1148 3013 1202 conversionem
3056 1162 3431 1219 respexerunt,

1861 1250 1914 1293 et
1981 1239 2375 1293 continentiam
2411 1240 2757 1305 didicerunt,
2826 1250 2879 1295 et
2910 1242 3152 1309 priorum
3207 1259 3433 1297 suorum

1864 1331 2211 1399 iniquitatum
2241 1332 2391 1384 obliti
2434 1340 2583 1393 sunt,
2638 1332 2750 1386 sive
2800 1334 2906 1387 sint
2931 1334 3271 1404 presbyteri,
3320 1337 3437 1391 she

1861 1422 2097 1483 diaconi,
2122 1436 2217 1476 eos
2250 1423 2318 1476 ab
2346 1422 2494 1475 omni
2529 1424 2744 1492 quidem
2773 1426 3095 1479 sacerdotali
3129 1428 3435 1483 ministerio

1861 1510 1972 1581 64
2015 1513 2129 1565 sive
2185 1514 2444 1567 exercitio
2478 1514 2589 1581 jam
2652 1530 2901 1579 cessare,
2940 1517 3206 1584 praeﬁnito
3252 1518 3436 1588 aliquo

1866 1612 2107 1671 tempore
2147 1606 2388 1673 punitos,
2439 1605 2705 1658 honorum
2740 1616 2919 1659 autem
2967 1607 3018 1659 in
3071 1609 3329 1662 cathedra
3380 1618 3435 1663 et

1865 1696 2103 1748 statione
2130 1695 2480 1763 participare,
2507 1696 2683 1763 prima
2715 1698 2842 1749 sede
2867 1706 3183 1762 contentos;
3222 1707 3275 1751 ct
3308 1714 3431 1752 cum

1795 1763 1832 1816 Β
1864 1783 1989 1837 ﬂetu
2014 1798 2045 1837 a
2068 1785 2292 1838 domino
2333 1787 2693 1854 postulantes,
2747 1796 2803 1839 nt
2831 1787 2910 1841 eis
2941 1788 3277 1841 condonetur
3308 1804 3435 1856 pec-

1862 1885 2043 1930 catum
2066 1877 2406 1946 ignorantiae.
2434 1875 2621 1947 Neque
2654 1877 2797 1930 enim
2821 1879 3102 1940 convenit,
3129 1890 3186 1931 ut
3214 1879 3257 1931 is
3278 1880 3431 1932 alteri

1862 1965 2172 2032 benedicat,
2205 1968 2297 2037 qui
2352 1969 2508 2023 debet
2557 1970 2774 2038 propria
2826 1984 3021 2024 curare
3051 1970 3297 2026 vulnera.
3331 1970 3438 2026 Eos

1864 2072 2016 2120 vero,
2050 2060 2141 2127 qui
2177 2061 2269 2112 uni
2309 2059 2527 2127 quidem
2565 2059 2721 2112 uxori
2752 2060 2987 2127 copulati
3018 2070 3165 2125 sunt,
3194 2062 3238 2115 si
3276 2060 3437 2116 vidua

1864 2156 2002 2210 erat,
2036 2165 2157 2218 qua:
2190 2158 2413 2218 accepta
2440 2160 2524 2203 est
2552 2168 2566 2204 :
2599 2150 2850 2204 similiter
2902 2159 2958 2205 et
2988 2165 3083 2205 eos
3108 2190 3123 2215 ,
3170 2152 3261 2221 qui
3314 2167 3436 2221 poSt

1865 2239 2263 2294 ordinationem
2294 2241 2389 2293 uni
2442 2243 2793 2294 matrimonio
2841 2256 2899 2295 se
2941 2242 3303 2311 applicarunt,
3335 2244 3437 2298 hoc

1864 2340 1968 2395 est,
2003 2332 2371 2402 presbyteros,
2404 2331 2686 2399 diaconos,
2721 2344 2774 2387 et
2808 2333 3230 2402 hypodiaconos,
3286 2336 3436 2390 brevi

1869 2419 2057 2489 aliquo
2095 2428 2341 2490 tempore
2375 2436 2403 2473 a
2436 2436 2596 2475 sacro
2628 2422 2931 2477 ministerio
2969 2425 3275 2490 prohibitos
3303 2465 3319 2490 ,
3383 2436 3439 2479 ct

1867 2512 2110 2581 punitos,
2138 2528 2333 2568 rursus
2361 2513 2594 2583 propriis
2619 2515 2875 2583 gradibus
2900 2515 3137 2577 restitui,
3170 2516 3237 2569 ad
3272 2516 3437 2569 alium

1867 2603 2094 2674 gradum
2130 2616 2472 2674 nequaquam
2505 2606 2921 2673 promovendos,
2956 2607 3036 2661 eis
3060 2607 3267 2661 nelario
3296 2609 3442 2663 vidc-

1866 2695 1993 2749 licet
2030 2694 2296 2750 dissoluto
2326 2695 2603 2765 conjugio.
2646 2694 2769 2749 llaec
2796 2704 2975 2749 autem
3009 2698 3063 2750 in
3103 2698 3186 2751 his
3222 2699 3312 2767 qui
3342 2701 3438 2753 de-

1866 2786 2120 2854 prehensi
2146 2797 2273 2840 sunt
2290 2802 2462 2857 usque
2485 2788 2551 2841 ad
2578 2789 2844 2843 decimum
2868 2789 3139 2856 quintum,
3160 2800 3218 2843 ut
3237 2790 3439 2843 dictum

1866 2888 1970 2942 est,
2005 2881 2210 2933 mensis
2256 2876 2504 2932 Januarii
2537 2888 2745 2949 quarta:
2802 2879 3137 2945 indictiouis,
3179 2881 3233 2934 in
3292 2882 3442 2950 prius

1867 2968 2156 3023 declaratis
2193 2969 2426 3031 delictis,
2458 2971 2630 3024 solum
2664 2972 2845 3024 valere
2878 2972 3196 3037 statuimus;
3245 2972 3443 3028 abhinc

1868 3057 2185 3112 deﬁnientes
2215 3066 2269 3111 et
2299 3070 2627 3114 renovanles
2649 3074 2913 3113 cauonem
2940 3062 3006 3123 ⁷³,
3043 3060 3136 3129 qui
3161 3061 3291 3114 dicit
3316 3078 3439 3115 eum

1871 3150 1964 3218 qui
2000 3150 2215 3205 duobus
2248 3152 2614 3205 matrimoniis
2644 3162 2764 3220 post
2782 3152 3106 3221 baptismum
3137 3153 3444 3220 implicatus

1872 3238 2053 3301 fuerit,
2083 3241 2166 3293 vel
2200 3240 2565 3293 concubinam
2603 3241 2896 3307 habuerit,
2960 3256 3066 3294 non
3120 3257 3278 3309 posse
3320 3258 3443 3297 esse

1870 3332 2185 3400 episcopum
2212 3370 2228 3396 ,
2276 3332 2359 3385 vel
2414 3332 2795 3403 presbyterum
2827 3374 2842 3397 ,
2895 3334 2980 3387 vel
3013 3334 3325 3398 diaconum,
3359 3336 3441 3388 vel

1870 3422 2095 3477 omnino
2122 3438 2186 3477 ex
2210 3423 2533 3478 sacerdotali
2559 3423 2826 3493 catalogo.
2853 3424 3114 3478 Similiter
3139 3433 3193 3479 et
3231 3426 3323 3494 qui
3361 3427 3441 3478 vi-

1869 3511 2029 3563 duam
2062 3511 2293 3580 accepit,
2326 3512 2409 3565 vel
2435 3511 2737 3576 dimissam,
2785 3511 2864 3563 vel
2918 3512 3295 3576 meretricem,
3360 3512 3443 3566 vel

1868 3615 2103 3665 servam,
2140 3601 2225 3654 vel
2255 3601 2553 3665 scenicam,
2616 3616 2723 3655 non
2757 3615 2919 3669 posse
2955 3615 3076 3655 esse
3103 3600 3440 3669 episcopum,

1868 3689 1949 3741 vel
1975 3692 2374 3760 presbyterum,
2404 3692 2488 3747 vel
2517 3691 2833 3759 diaconum,
2860 3691 2944 3746 vel
2983 3692 3207 3747 omnino
3255 3709 3318 3747 ex
3354 3708 3443 3747 sa-

1866 3782 2128 3837 cerdotali
2158 3784 2427 3853 catalogo.

1936 3872 2022 3925 12.
2060 3872 2242 3927 Porro
2268 3874 2373 3928 hoc
2399 3873 2447 3905 ⁷⁸
2470 3888 2689 3943 quoque
2712 3873 2776 3927 ad
2802 3881 3047 3927 nostram
3077 3874 3438 3943 cognitionem

1864 3967 2131 4035 pervenit,
2165 3966 2309 4035 quod
2341 3968 2392 4019 in
2426 3965 2611 4019 Africa
2635 3973 2688 4019 et
2710 3964 2879 4035 Libya
2911 3975 2966 4018 et
2998 3965 3119 4018 aliis
3150 3965 3286 4019 10cis
3313 3966 3437 4035 qui-

1863 4055 1987 4110 dam
2018 4072 2082 4110 ex
2124 4057 2212 4119 iis,
2250 4057 2344 4126 qui
2394 4056 2507 4111 illic
2538 4065 2689 4121 sunt,
2734 4055 3133 4124 religiosissimi
3179 4057 3442 4123 praesules

1864 4164 1986 4202 cum
2018 4149 2253 4217 propriis
2310 4148 2574 4201 uxoribus
2604 4186 2619 4211 ,
2673 4146 2835 4199 etiam
2886 4155 3172 4213 postquam
3221 4144 3328 4213 65
3371 4145 3438 4197 ad

1861 4256 1957 4296 eos
1980 4240 2251 4310 processit
2279 4239 2571 4302 ordinatio,
2600 4253 2706 4291 una
2738 4238 2982 4291 habitare
3013 4252 3122 4290 non
3153 4246 3428 4303 recusant,

1860 4349 1927 4388 ex
1950 4347 2015 4387 eo
2045 4332 2259 4402 populis
2287 4330 2677 4385 oﬂ'endiculum
2702 4339 2756 4384 et
2776 4329 3095 4384 scandalum
3119 4328 3424 4383 all‘ercntes.

197 4430 413 4500 σπουδῆς
445 4429 640 4498 οῦσης,
673 4427 765 4480 τοῦ
812 4426 991 4481 πάντα
1044 4425 1180 4497 πρὸς
1207 4424 1472 4494 ὠφέλειαν
1520 4424 1628 4476 τῶν
1659 4423 1761 4476 ὑπὸ

1865 4425 2001 4480 Cum
2030 4426 2215 4497 itaque
2248 4423 2490 4479 studium
2518 4433 2766 4477 nostrum
2794 4422 2846 4476 in
2880 4436 2944 4476 eo
2973 4436 3300 4491 magnopere
3339 4420 3431 4473 la-

197 4526 339 4592 χεῖρα
361 4525 636 4593 ποιμνίων
662 4520 1111 4593 διαπράττεσθαι,
1129 4519 1306 4584 ἔδοξεν
1330 4518 1470 4571 ὥστε
1494 4516 1761 4589 μηδαμῶς

197 4627 244 4663 τι
265 4613 500 4666 τοιοῦτον
529 4612 643 4665 ἀπὸ
670 4612 763 4664 τοῦ
809 4610 902 4665 νῦν
933 4608 1235 4678 γίγνεσθαι.
1269 4606 1437 4659 Τοῦτο
1466 4606 1524 4658 δέ
1558 4622 1759 4675 φαμεν,

198 4704 286 4755 οὐκ
306 4704 389 4757 ἐπ’
418 4704 683 4775 άθετήσει
712 4703 745 4774 ἢ
773 4704 1050 4772 ἀνατροπῇ
1076 4701 1184 4754 τῶν
1211 4698 1583 4760 ἀποστολικῶς
1615 4713 1760 4749 νενο-

201 4796 607 4867 μοθετημένων,
637 4796 773 4849 ἀλλά
804 4798 904 4865 τῆς
966 4793 1240 4864 σωτηρίας
1289 4793 1383 4845 καὶ
1439 4791 1538 4860 τῆς
1567 4791 1659 4842 ἐπὶ
1700 4790 1760 4841 τὸ

198 4892 426 4955 κρεῖττον
477 4889 769 4961 προκοπῆς
810 4887 921 4940 τῶν
968 4885 1113 4938 λαῶν
1152 4881 1593 4955 προμηθούμενοι
1626 4920 1642 4943 ,
1668 4881 1761 4932 καὶ

196 4980 279 5033 τοῦ
320 4984 391 5052 μὴ
422 4982 615 5035 δοῦναι
646 4983 833 5051 μῶμον
861 4979 983 5033 τινὰ
1022 4980 1163 5032 κατὰ
1209 4979 1305 5047 τῆς
1342 4976 1618 5045 ἱερατικῆς
1660 4989 1760 5026 κα-

198 5074 516 5134 ταστάσεως.
556 5071 697 5138 Φῆσὶ
750 5071 856 5138 γάρ
909 5070 937 5121 ὁ
997 5068 1139 5129 θεῖος
1177 5066 1529 5126 Ἀπόστολος·
1560 5062 1759 5116 Πάντα

198 5161 265 5224 εἱς
295 5160 480 5227 δόξαν
512 5161 665 5216 Θεοῦ
694 5161 931 5223 ποιεῖτε,
974 5161 1351 5228 ἀπρόσκοποι
1382 5158 1621 5227 γίνεσθε
1660 5154 1757 5207 καὶ

210 5252 510 5321 Ἰουδαίοις
533 5255 638 5308 καὶ
656 5254 913 5321 Ἕλλησι
937 5253 1035 5307 καὶ
1056 5252 1127 5321 τῇ
1146 5252 1476 5320 Ἑκκλησίςι
1488 5249 1592 5303 τοῦ
1613 5248 1759 5302 Θεοῦ

262 5388 304 5420 ⁷³
328 5388 461 5444 (Jan.
494 5399 679 5459 apost.
710 5389 773 5442 17
806 5390 885 5444 18.

1864 4516 2042 4582 boret,
2064 4524 2123 4570 ut
2149 4516 2332 4570 omnia
2368 4514 2433 4569 ad
2472 4513 2650 4585 gregis
2686 4514 2740 4565 in
2771 4528 2964 4567 manus
2994 4519 3210 4567 nostras
3250 4511 3430 4566 traditi

1860 4608 2127 4677 nobisque
2176 4605 2460 4661 commissi
2499 4606 2786 4658 utilitatem
2828 4604 2995 4668 ﬁant,
3048 4603 3204 4657 nobis
3251 4603 3430 4657 visum

1858 4710 1961 4762 est,
1984 4706 2042 4752 ut
2072 4698 2207 4752 nihil
2237 4697 2508 4765 ejusmodi
2545 4698 2803 4765 deinceps
2833 4696 2942 4750 ullo
2977 4696 3140 4749 modo
3172 4694 3283 4749 ﬁat.
3318 4693 3431 4748 lloc

1859 4801 2040 4845 autem
2071 4791 2307 4845 dicimus
2333 4831 2347 4856 ,
2390 4806 2497 4843 non
2549 4790 2613 4842 ad
2660 4804 2723 4843 ea
2754 4788 3015 4841 abolenda
3056 4800 3111 4841 et
3140 4789 3431 4841 evertenda

1860 4898 1983 4951 qua:
2016 4881 2309 4951 apostolice
2334 4889 2490 4933 antea
2530 4882 2831 4933 constituta
2872 4889 3001 4933 sunt
3034 4879 3099 4943 ⁷⁵,
3133 4880 3229 4934 sed
3260 4894 3432 4947 popu-

1863 4972 2035 5024 lorum
2088 4968 2280 5023 salutis
2333 4978 2386 5021 et
2429 4969 2494 5022 ad
2532 4970 2757 5022 meliora
2811 4968 3208 5038 pr0gressionis
3242 4982 3427 5018 curam

1861 5068 2129 5129 gerentes,
2164 5071 2217 5112 et
2239 5073 2307 5112 ne
2330 5068 2507 5112 status
2533 5060 2935 5113 ecclesiasticus
2968 5059 3058 5112 illo
3084 5058 3281 5125 probro
3311 5054 3427 5107 alli-

1860 5150 2052 5201 ciatur.
2102 5147 2242 5201 Dicit
2290 5148 2431 5221 enim
2488 5148 2705 5204 divinus
2759 5148 3091 5216 Apostolus:
3131 5144 3317 5199 Omnia
3359 5142 3426 5194 ad

1861 5240 1958 5293 Dei
1982 5240 2207 5310 glariam
2228 5239 2384 5308 facile
2409 5254 2427 5293 :
2449 5242 2562 5294 sine
2584 5241 2897 5309 o/fendiculo
2922 5248 3103 5307 estote,
3126 5247 3173 5291 et
3197 5235 3427 5299 Ιιιιίιυίιι,

988 5390 1035 5421 ⁷⁸
1065 5386 1263 5442 Confer
1292 5402 1416 5441 can.
1443 5392 1616 5454 apost.
1658 5382 1711 5436 9.
1781 5383 1825 5413 ⁷⁵
1856 5380 1990 5435 Can.
2027 5392 2203 5451 apost.
2231 5384 2283 5437 5.

1670 5489 1902 5545 NOTAE.

205 5628 333 5669 anno
386 5612 508 5685 ςρθ’
544 5614 687 5669 6109
714 5630 832 5669 ενι-ω
862 5614 1296 5683 Constantiuop.,
1320 5613 1409 5668 sed
1448 5610 1608 5683 ςριιίγ
1642 5609 1762 5665 6191

1865 5608 1874 5660 Ι
1906 5616 1985 5662 est
2013 5603 2215 5659 Christi
2252 5604 2375 5670 691,
2407 5605 2673 5659 Cclchrala
2710 5604 2822 5655 fuit.
2876 5604 2998 5659 Mai.
