3886 6240
418 206 524 271 ἷῐ5

1562 200 1826 263 ΡΗΟἸῚΙ
1853 196 2354 260 ΡΑΤΒῙΑΒΟΗᾹΞ
2395 197 2503 259 CP.

3562 196 3659 260 516

415 326 467 371 et
496 314 727 379 θνατοῖς,
759 322 809 369 et
846 314 943 369 Dei
982 311 1265 377 Ecclesiae,
1319 312 1759 383 quemadmodum
1794 320 1842 363 et
1899 326 1989 380 ego

2122 306 2285 371 εαθὼς
2323 307 2481 374 κάτω
2516 304 2714 359 πάντα
2734 304 2923 361 πᾶσιν
2946 304 3019 375 (Ι)
3043 304 3301 372 ἀρέσκω,
3348 307 3436 376 μὴ
3479 306 3663 376 ζητῶν

416 406 656 460 omnibus
688 407 745 458 in
775 404 1014 458 omnibus
1041 404 1245 471 placeo,
1279 418 1382 457 non
1414 418 1649 472 quaerens
1673 415 1838 451 meam
1877 400 1988 451 uti-

417 495 643 556 litatem,
666 494 755 546 sed
786 492 1093 557 multorum,
1122 502 1177 545 ut
1210 501 1496 545 serventur.
1540 489 1846 544 Imitatores
1889 490 1990 542 mei

416 594 599 648 estote,
627 584 760 635 sicut
789 592 838 636 ct
861 599 952 653 ego
990 582 1274 635 Christi".
1307 582 1364 635 Si
1385 583 1507 649 quis
1524 590 1703 634 autem
1732 581 1837 635 tale
1860 582 1988 650 quid

422 688 583 742 agere
617 674 990 741 deprehensus
1021 671 1204 736 fuerit,
1241 670 1565 739 deponatur.

493 858 579 909 12.
610 855 797 910 Canon
825 856 1048 911 omnino
1087 856 1333 926 digamos
1357 870 1386 910 a
1412 855 1719 909 ministerio
1741 854 1987 908 exclusit.

493 1030 710 1083 Textus.
753 1030 893 1101 Lege
926 1033 1009 1084 tit.
1055 1032 1076 1084 1
1124 1031 1491 1098 Novellarum,
1523 1044 1698 1087 const.
1728 1034 1779 1095 l,
1810 1032 1865 1096 2,
1905 1033 1988 1099 l7,

421 1120 476 1174 in
511 1122 715 1189 quibus
758 1122 994 1186 dicitur,
1044 1139 1168 1176 eum
1201 1124 1294 1192 qui
1328 1125 1638 1193 episcopus,
1690 1127 1990 1195 presbyter,

422 1212 710 1277 diaconus,
748 1224 843 1265 aut
885 1214 1298 1282 hypodiacouus
1332 1216 1603 1270 creandos
1640 1225 1755 1280 est,
1795 1216 1994 1270 debere

423 1318 546 1356 esse
572 1304 859 1372 virginem.
898 1315 994 1358 aut
1020 1320 1084 1357 ex
1126 1305 1435 1374 virginitate
1466 1322 1628 1359 unam
1683 1305 1991 1378 [duntaxat]

428 1408 650 1446 uxorem
686 1394 952 1463 virginem
990 1395 1235 1449 duxisse.

492 1482 649 1536 CAP.
684 1482 873 1536 XXIV.
908 1513 973 1521 —
1005 1483 1081 1537 De
1119 1485 1187 1536 iis
1232 1486 1321 1553 qui
1350 1487 1573 1552 pecunia
1607 1487 1994 1543 ordinationem

423 1571 500 1625 cel
526 1573 745 1640 ofﬁcium
776 1574 1077 1641 impetrant,

844 1666 1231 1731 Apostolorum
1261 1681 1428 1718 canon
1448 1665 1455 1675 '
1477 1667 1569 1721 29.

493 1753 564 1806 29
592 1751 728 1824 [28].
763 1752 820 1807 Si
850 1757 975 1824 quis
1003 1758 1292 1825 episcopus
1327 1774 1419 1825 per
1452 1759 1714 1826 pecunias
1758 1758 1900 1814 hanc
1923 1761 1995 1814 sit

422 1843 740 1912 dignitatem
789 1854 1092 1909 assecutus,
1124 1846 1208 1898 vel
1242 1846 1540 1915 presbyter,
1578 1849 1663 1902 vel
1708 1849 1992 1913 diaconus,

423 1933 730 2001 deponatur
760 1934 869 2003 66
900 1946 954 1987 et
992 1936 1126 2003 ipse,
1163 1946 1217 1988 et
1253 1937 1342 2004 qui
1378 1952 1502 1989 eum
1534 1939 1827 2002 ordinavit,
1868 1950 1922 1992 et
1964 1953 1996 1992 a

424 2027 811 2080 communione
840 2029 1067 2082 omnino
1101 2030 1473 2096 exscindatur,
1506 2042 1566 2086 ut
1590 2031 1777 2087 Simon
1808 2034 1995 2106 Magos

423 2132 457 2171 a
484 2133 569 2172 me
603 2117 767 2173 Petro
793 2119 859 2174 ".

729 2207 954 2262 Coucilii
982 2210 1415 2267 Chalcedonensis
1442 2231 1610 2269 canon
1637 2217 1693 2271 2.

494 2295 551 2383 2.
596 2296 655 2349 Si
691 2298 816 2366 quis
855 2301 1166 2369 episcopus,
1211 2316 1433 2373 propter
1474 2308 1735 2375 pecunias
1782 2310 2000 2364 ordina-

428 2388 635 2441 tionem
665 2389 876 2455 fecerit,
923 2401 976 2445 et
1024 2409 1131 2446 non
1164 2397 1408 2449 venalem
1445 2401 1674 2468 gratiam
1722 2402 1772 2453 in
1810 2403 1999 2455 vendi-

427 2480 629 2533 tionem
662 2481 967 2547 deduxerit,
1016 2494 1069 2535 et
1106 2494 1327 2554 propter
1369 2491 1630 2556 pecunias
1669 2493 2002 2545 ordinaverit

384 2638 387 2639 ν
432 2572 775 2641 episcopum,
828 2575 909 2627 vel
956 2576 1433 2647 chon-episcopum,
1476 2582 1554 2635 vel
1600 2585 1997 2655 presbytcrtun,

435 2665 520 2719 vel
580 2667 897 2731 diaconum,
944 2669 1026 2720 vel
1088 2671 1324 2737 aliquem
1375 2687 1564 2726 eorum
1607 2677 1699 2743 qtti
1754 2678 1805 2729 in
1855 2678 2002 2731 clero

442 2765 905 2818 annumerantur,
954 2758 1037 2809 vel
1098 2770 1319 2826 propter
1376 2764 1639 2829 pecunias
1696 2766 2003 2832 promoveri

435 2858 813 2910 (eeonomum,
865 2847 947 2900 vel
992 2848 1362 2916 defensorem,
1410 2855 1494 2905 vel
1546 2857 1994 2922 paratuonarium

430 2936 516 2990 Vel
564 2937 789 2988 omnino
844 2938 1082 3006 aliquem
1136 2956 1202 2993 ex
1257 2956 1491 3004 canone,
1545 2945 1715 3011 turpis
1764 2955 2004 3012 qumslus

432 3027 604 3094 gratia
636 3043 650 3079 :
684 3028 775 3094 qui
811 3028 916 3081 hoc
961 3038 1204 3085 tentasse
1245 3034 1525 3086 convictus
1564 3034 1745 3099 fuerit,
1775 3037 1841 3087 de
1878 3051 2003 3103 pro-

433 3118 555 3186 prio
584 3120 752 3187 gradu
800 3118 852 3171 itt
894 3122 1195 3188 periculum
1248 3127 1427 3177 veniat
1456 3142 1469 3179 :
1497 3134 1551 3179 et
1583 3128 1675 3195 qui
1725 3135 1808 3180 est
1857 3129 2003 3180 ordi—

436 3216 618 3271 natus,
653 3223 721 3260 ex
768 3212 1110 3265 ordinatione
1157 3213 1238 3265 vel
1281 3215 1623 3282 promotioue
1669 3230 1792 3284 quae
1832 3216 2005 3270 instar

437 3312 796 3354 mercatorum
848 3305 1213 3368 venundatur,
1265 3306 1402 3359 nihil
1431 3306 1691 3375 juvetur:
1725 3307 1818 3361 sed
1860 3308 1931 3361 sit
1973 3324 2004 3361 a

437 3398 707 3467 dignitate
734 3396 818 3449 vel
847 3396 1132 3450 curatione
1169 3396 1379 3451 alienus
1408 3412 1571 3465 quam
1608 3397 1853 3465 pecuniis
1879 3398 2005 3450 ade-

440 3498 564 3556 ptus
606 3498 708 3542 est.
761 3486 817 3539 Si
859 3490 982 3554 quis
1022 3496 1202 3540 autem
1258 3497 1539 3555 sequester
1580 3498 1635 3541 et
1678 3490 2005 3543 intercessor

438 3582 577 3632 adeo
628 3578 878 3645 turpibus
937 3586 991 3629 et
1053 3577 1278 3631 nefariis
1347 3579 1511 3633 lucris
1572 3579 1863 3648 apparuit,
1921 3580 2007 3633 hic

438 3685 657 3737 quoque
673 3671 717 3721 si
736 3670 807 3721 sit
835 3668 1051 3736 quidem
1077 3669 1307 3723 clericus
1331 3671 1551 3738 proprio
1570 3672 1734 3740 gradu
1759 3672 2003 3725 excidat:

442 3761 488 3813 si
517 3762 590 3814 sit
619 3769 799 3812 autetn
822 3761 1011 3823 laicus,
1039 3759 1120 3810 vel
1148 3761 1467 3825 monachus,
1497 3763 2004 3820 anatltematizetur.

662 3842 893 3905 ‘Concilii
923 3851 1225 3904 azcumeuici
1257 3867 1302 3904 vt
1330 3869 1549 3908 canones
1581 3854 1670 3919 22,
1698 3854 1786 3909 25.

510 3943 604 3998 22.
639 3942 746 3997 Eos
776 3944 869 4011 qui
901 3945 1148 4011 pecuniis
1180 3945 1525 4011 ordinantur,
1562 3947 1675 4000 sive
1704 3949 2006 4017 episcopos,

440 4034 558 4089 sive
604 4033 1011 4102 qualescunque
1041 4033 1291 4097 clericos,
1332 4044 1385 4088 et
1442 4050 1549 4088 non
1602 4051 1700 4105 per
1729 4038 2009 4090 examina-

442 4124 642 4176 tionem
676 4139 741 4176 ac
769 4124 894 4177 vita:
932 4125 1277 4189 electionem,
1302 4123 1499 4192 deponi
1524 4125 1808 4194 jubentus,
1836 4130 1931 4183 sed
1957 4138 2011 4183 et

439 4214 605 4267 etiam
632 4214 723 4281 qui
748 4213 1140 4266 ordinaverunt
1168 4211 1232 4266 ⁷³.

518 4304 609 4357 25.
650 4302 717 4357 Ut
747 4305 929 4357 nullus
956 4305 1270 4372 episcopus,
1307 4304 1421 4358 sive
1446 4305 1729 4375 presbyter
1755 4306 1868 4361 sive
1892 4306 2009 4361 dia-

2022 1649 2070 1706 Β

2088 398 2156 451 τὸ
2181 397 2441 465 ἐμαυτοῦ
2456 395 2792 465 συμφέρον,
2833 395 2997 449 ἀλλὰ
3023 396 3091 448 τὸ
3123 394 3241 448 τῶν
3280 395 3551 456 πολλῶν,
3570 399 3663 451 ἵνα

2090 486 2350 540 σωθῶσιο
2372 488 2621 555 μιμηταί
2654 503 2772 555 μου
2827 488 3089 555 γίνεσθε,
3118 486 3315 550 καθὼς
3341 488 3507 556 κάγὼ
3532 489 3655 555 Χρι·

2089 576 2260 630 ατοῦ.
2285 579 2351 629 El
2395 577 2462 630 δέ
2490 594 2582 643 τις
2606 578 2903 646 φωραθείη
2932 577 3012 647 :zo
3047 578 3325 632 τοιοῦτον
3372 579 3662 646 πράττων,

2091 668 2507 736 καθαιρείσθω.

2541 759 2863 813 Βασιλείου
2903 758 3103 812 κανὼν
3129 759 3218 813 ιϐ’.

2165 847 2397 912 ιϐ’.Τοὺς
2413 850 2676 920 διγὰμους
2692 849 2972 913 παντελῶς
2989 858 3016 903 ο
3038 850 3240 917 κανὼν,
3255 851 3353 922 τῆς
3372 850 3667 921 ὑπηρεσίας

2091 939 2433 993 ἀπέκλεισεν.

2162 1031 2278 1084 Τίτ.
2329 1028 2377 1083 α’
2404 1029 2511 1082 τῶν
2538 1030 2770 1100 νεαρῶν,
2816 1032 2953 1086 διάτ.
2999 1036 3049 1085 α’
3084 1030 3131 1102 β’
3161 1031 3246 1098 ιζ’,
3291 1032 3349 1082 ὲν
3394 1026 3484 1093 αῖς
3530 1033 3671 1101 εἴρη-

2092 1137 2179 1172 ται
2239 1120 2320 1172 ὅτι
2378 1123 2406 1171 ὁ
2460 1124 2932 1190 χειροτονούμενος
2995 1123 3292 1185 ἐπίσκοπος
3349 1121 3384 1190 ἢ
3434 1123 3671 1191 πρεσϐύ-

2092 1228 2245 1281 τερος
2270 1211 2302 1266 ἢ
2335 1211 2579 1275 διάκονος
2608 1214 2640 1283 ἢ
2666 1214 3038 1274 ὑποδιάκονος,
3072 1212 3275 1279 ὀφείλει
3306 1208 3447 1264 εἶναι
3473 1213 3672 1282 παρθέο

2095 1318 2190 1364 νος
2220 1301 2253 1371 ἢ
2282 1302 2345 1352 ἐκ
2373 1302 2644 1371 παρθένου
2681 1306 3070 1374 μονογαμήσας
3101 1303 3394 1373 παρθένον.

2166 1484 2414 1537 ΚΕΦΑΛ.
2446 1486 2570 1538 ΚΔ’.
2599 1515 2669 1524 —
2698 1487 2835 1553 Περὶ
2876 1487 3013 1555 τῶνξ
3040 1486 3140 1539 ἐπὶ
3187 1487 3457 1555 χρήμασι
3488 1506 3672 1558 χειρο-

2093 1574 2471 1643 τονουμένων
2499 1576 2535 1641 ἢ
2560 1577 2987 1644 λαμϐανόντων
3017 1579 3315 1646 ὀφερίκιον.

2531 1663 2918 1719 Ἀποστόλων
2944 1669 3148 1720 κανὼν
3165 1668 3268 1721 κθ’.

2164 1752 2247 1807 κθ⁹
2265 1753 2332 1807 Et
2350 1772 2434 1818 τις
2457 1755 2749 1819 ἐπίσκοπος
2782 1758 2869 1811 διὰ
2890 1760 3209 1829 χρημάτων,
3236 1760 3336 1830 τῆς
3362 1760 3523 1824 ἀξίας
3545 1763 3675 1815 tati-

2094 1860 2193 1913 της
2221 1845 2495 1916 ἐγκρατὴς
2531 1849 2779 1917 γένηται,
2841 1849 2873 1917 ἢ
2920 1849 3309 1921 πρεσϐύτερος,
3349 1854 3385 1923 ἢ
3412 1853 3674 1919 διάκονος,

2095 1934 2465 2004 καθαιρείσθω
2494 1938 2588 1989 καὶ
2618 1938 2781 2000 αὐτὸς
2814 1940 2909 1991 καὶ
2938 1941 2966 1991 ὁ
3004 1943 3416 2011 χειροτονήσας,
3462 1945 3558 1995 καὶ
3589 1946 3676 1995 ὲκ-

2104 2028 2389 2079 κοπτέσθω
2438 2029 2755 2081 παντάπασι
2794 2030 2892 2099 τῆς
2946 2032 3252 2095 κοινωνίας,
3295 2032 3374 2096 ὡς
3433 2035 3616 2105 Σίμων
3647 2036 3676 2085 ὁ

2097 2116 2281 2184 Μάγος
2317 2117 2410 2168 ὑπ’
2449 2118 2584 2186 ἐμοῦ
2617 2120 2847 2188 Πέτρου.

2373 2209 2638 2264 Evr-(560v
2663 2209 3046 2276 Χαλκηδόνος
3071 2212 3271 2263 κανὼν
3302 2212 3365 2279 β’.

2171 2298 2219 2370 β’
2250 2299 2316 2352 Et
2343 2317 2426 2362 τις
2459 2301 2750 2363 ἐπίσκοπος
2775 2302 2865 2353 ἐπὶ
2882 2303 3123 2372 χρήμασι
3153 2303 3494 2374 χειροτονίαν
3524 2306 3677 2375 ποιὴ-

2102 2407 2275 2453 σαιτο,
2313 2393 2405 2442 καὶ
2456 2392 2534 2454 εἰς
2596 2395 2795 2461 πρᾶσιν
2843 2392 3146 2461 καταγάγοι
3165 2396 3261 2464 τὴν
3290 2396 3541 2463 ἄπρατον
3585 2399 3681 2465 χά-

2106 2500 2187 2553 ριν
2211 2522 2226 2547 ,
2281 2483 2376 2534 καὶ
2414 2485 2781 2552 χειροτονήσοι
2820 2484 2912 2535 ἐπὶ
2961 2484 3233 2555 χρήμασιν
3296 2486 3677 2554 ἐπίσκοπον,ἢ

2102 2571 2589 2643 χωρεπίσκοπον,ἣ
2616 2574 3088 2645 πρεσϐυτέρουςῆ
3112 2577 3465 2647 διακόνους,ῆ
3496 2580 3677 2648 ἕτερον

2103 2680 2223 2715 τινα
2254 2662 2362 2716 τῶν
2394 2664 2451 2715 ὲν
2480 2664 2557 2733 τῷ
2607 2666 2789 2734 κλήρῳ
2836 2667 3380 2735 καταριθμουμένων,
3410 2669 3441 2739 ἢ
3476 2671 3682 2738 προϐἁ·

2102 2755 2246 2808 λοιτο
2302 2755 2395 2808 ἐπὶ
2435 2756 2713 2825 χρήμασιν
2759 2759 3058 2827 οἰκονόμον,
3095 2759 3126 2827 ἢ
3157 2758 3397 2824 ἔκδικον,
3440 2761 3473 2830 ᾖ
3511 2779 3685 2830 παρα-

2109 2848 2383 2917 μονάριον,
2407 2847 2439 2919 ἢ
2476 2848 2610 2910 ὅλως
2638 2848 2757 2900 τινὰ
2772 2848 2863 2900 τοῦ
2884 2851 3104 2911 κανόνος
3135 2849 3205 2901 δι’
3228 2852 3679 2921 αἰσχροκέρδειαν

2107 2939 2335 2990 οἰκείαν.
2366 2940 2429 2989 '0
2446 2938 2599 2989 τοῦτο
2621 2939 2972 3009 ἐπιχειρήσας
2992 2940 3288 3008 ἐλεγχθεὶς,
3317 2942 3675 2994 κινδυνευέτω

2109 3030 2237 3098 περὶ
2268 3029 2358 3080 τὸν
2400 3031 2597 3082 οἰκεῖον
2632 3030 2857 3099 βαθμὸν,
2892 3031 2985 3084 καὶ
3014 3032 3041 3082 ὁ
3084 3033 3559 3103 χειροτονούμενος
3584 3054 3687 3104 μη-

2108 3120 2196 3172 δὲν
2226 3123 2289 3173 ἐκ
2338 3123 2438 3190 τῆς
2473 3122 2594 3173 κατ’
2637 3122 2903 3191 ἐμπορίαν
2936 3122 3251 3189 ὼφελείσθω
3286 3127 3620 3194 χειροτονίας
3652 3128 3685 3195 ἢ

2109 3210 2400 3281 προϐολῆς’
2436 3211 2551 3265 ἀλλ’
2576 3211 2717 3264 ἔστω
2746 3212 3025 3281 ἀλλότριος
3044 3213 3145 3281 τῆς
3177 3214 3333 3281 ἀξίας
3357 3217 3391 3286 ἢ
3409 3215 3503 3269 τοῦ
3527 3234 3688 3287 φρον-

2106 3303 2388 3371 τίσματος,
2411 3296 2583 3374 οὗπερ
2612 3303 2709 3357 ἐπὶ
2735 3305 3015 3374 χρήμασιν
3054 3304 3263 3375 ἔτυχεν.
3296 3307 3358 3359 Εἰ
3401 3307 3461 3359 δέ
3486 3326 3573 3372 τις
3592 3310 3690 3362 καὶ

2111 3393 2410 3461 μεσιτεύων
2443 3395 2638 3465 φανείη
2669 3399 2785 3459 τοῖς
2815 3394 2987 3459 οὕτως
3015 3398 3259 3467 αἰσχροῖς
3286 3398 3383 3450 καὶ
3406 3398 3687 3469 ἀθεμίτοις

2107 3483 2376 3553 λήμμασι,
2418 3487 2511 3539 καὶ
2537 3482 2690 3549 οὗτος
2719 3488 2766 3538 εί
2803 3487 2902 3556 μὲν
2934 3486 3194 3558 κληρικὸς
3218 3490 3326 3556 εἴη,
3360 3490 3456 3542 τοῦ
3486 3490 3687 3544 οἰκείου

2108 3575 2425 3629 ὲκπιπτέτω
2457 3577 2688 3648 βαθμοῦ·
2723 3578 2771 3630 εἰ
2806 3579 2863 3631 δὲ
2892 3577 3077 3641 λαῖκὸς
3115 3577 3149 3647 ἦ
3196 3578 3465 3648 μονάζων,
3494 3582 3687 3634 ἀναθε-

2112 3664 2450 3733 ματιζέσθω.

2183 3840 2455 3893 Συνόδου
2484 3840 2909 3909 οίκουμενικῆς
2938 3840 3121 3910 ἕκτης
3143 3840 3345 3895 κανὼν
3363 3843 3474 3907 κϐν,
3504 3841 3611 3911 κγ’.

2182 3932 2268 3982 κϐν
2299 3933 2435 3994 Τοὺς
2459 3933 2551 3984 ἐπὶ
2581 3935 2826 4003 χρήμασι
2852 3934 3379 4003 χειροτονουμένους,
3403 3934 3516 3987 εἴτε
3560 3938 3685 3986 ἐστι·

2112 4024 2369 4091 σκόπους,
2395 4025 2425 4095 ἢ
2455 4026 2803 4094 οἰουσδήποτε
2831 4027 3144 4096 κληρικοὺς,
3174 4027 3266 4078 καὶ
3287 4027 3348 4078 οὐ
3373 4029 3515 4079 κατά
3549 4027 3689 4080 δοκιι

2120 4116 2333 4184 μασίαν
2353 4120 2447 4169 καὶ
2477 4116 2573 4169 τοῦ
2601 4117 2716 4187 βίου
2740 4119 2971 4187 αἵρεσιν,
2996 4117 3376 4185 καθαιρεῖσθαι
3411 4121 3687 4189 προστάσο

2114 4223 2298 4277 σομεν,
2329 4209 2463 4261 ἀλλὰ
2491 4211 2587 4262 καὶ
2624 4210 2752 4272 τοὺς
2794 4211 3299 4279 χειροτονήσαντας.

2185 4306 2269 4367 κγ’
2301 4301 2433 4370 Περὶ
2460 4299 2553 4351 τοῦ
2593 4300 2800 4369 μηδένα
2828 4301 2937 4352 τῶν
2964 4300 3074 4352 εἴτε
3117 4300 3451 4365 ἐπισκόπων,
3490 4301 3524 4371 ῆ
3557 4319 3689 4371 πρε-

442 4407 637 4457 conus,
680 4394 1090 4445 immaculatam
1126 4394 1371 4461 praebens
1408 4396 1879 4459 communionem,
1943 4398 2002 4450 ah

2122 4390 2410 4460 σϐυτέρων,
2432 4392 2463 4463 ἢ
2487 4391 2767 4455 διακόνων,
2790 4392 2888 4459 τῆς
2910 4392 3173 4461 ἀχρὰντου
3204 4392 3551 4461 μεταδιδόντα
3576 4411 3691 4445 κοιο

440 4502 507 4540 eo
527 4486 619 4555 qui
650 4489 1045 4549 communicat,
1088 4486 1208 4554 ejus
1234 4488 1663 4557 participationis
1682 4491 1851 4558 gratia
1880 4489 2011 4542 obo-

443 4580 563 4641 los,
622 4578 707 4631 vel
748 4579 998 4646 quamvis
1060 4578 1220 4631 aliam
1262 4581 1494 4647 speciem
1550 4581 1748 4649 exigat.
1782 4580 1897 4633 Non
1929 4588 2013 4634 est

441 4671 588 4723 enim
616 4668 824 4723 venalis
856 4668 1052 4736 gratia,
1088 4683 1187 4722 nec
1215 4684 1312 4736 pro
1346 4658 1594 4739 pecuniis
1627 4672 1863 4739 Spiritus
1885 4685 2013 4724 san-

444 4761 832 4814 ctilicationem
864 4760 1244 4829 impartimur:
1275 4764 1365 4815 sed
1394 4776 1453 4815 ea
1483 4762 1550 4816 iis
1576 4766 1668 4831 qui
1697 4763 1843 4831 digni
1863 4772 2009 4826 sunt,

446 4852 656 4921 absque
688 4852 794 4905 ulla
829 4860 913 4905 est
944 4851 1237 4905 calliditate
1276 4855 1751 4908 communicanda.
1793 4853 1847 4907 Si
1890 4856 2013 4923 quis

446 4954 626 4998 autem
662 4958 875 5006 eorum,
903 4944 996 5013 qui
1027 4952 1155 4997 sunt
1179 4945 1228 4996 in
1261 4944 1390 4998 cleri
1422 4947 1689 5016 catalogo,
1721 4947 1828 5017 67
1857 4948 1927 5001 ab
1949 4962 2014 5001 eo

448 5037 537 5090 cui
582 5036 987 5089 immaculatam
1048 5035 1288 5103 impertit
1333 5038 1800 5102 communionem,
1852 5038 2013 5091 ullam

448 5128 685 5197 speciem
721 5128 939 5196 exigere
994 5126 1147 5180 visus
1183 5128 1361 5192 fuerit,
1392 5127 1718 5195 deponatur,
1750 5137 1809 5181 ut
1849 5130 2021 5182 simo-

449 5221 589 5273 ttiaci
619 5234 833 5274 errores
862 5228 914 5271 et
946 5220 1195 5271 maleﬁcii
1222 5220 1504 5272 azmulator
1533 5220 1597 5273 7°.

449 5314 675 5367 Coucilii
726 5310 935 5365 Nicwui
986 5312 1201 5363 secundi
1248 5327 1472 5363 canones
1520 5311 1574 5375 4,
1614 5310 1667 5375 5,
1723 5310 1808 5364 19.
1872 5310 2023 5376 Quod

610 5384 836 5452 episcopi
866 5383 929 5435 ab
964 5384 1107 5434 omni
1147 5383 1375 5435 simouia
1414 5396 1593 5433 cavere
1622 5378 1860 5433 debeant.

519 5541 573 5598 4.
607 5539 789 5596 Ριινςο
803 5540 1048 5596 veritatis
1066 5538 1267 5593 Paulus
1294 5536 1511 5591 divinus
1532 5534 1810 5605 apostolus
1828 5551 2020 5606 quem-

522 5689 570 5721 "
599 5687 620 5743 Ι
646 5687 775 5744 Cor.
805 5689 967 5755 x,’51,
1001 5689 1090 5742 53.
1167 5688 1211 5721 ⁷⁷
1238 5684 1357 5740 Act.
1392 5700 1505 5755 vtu,
1541 5684 1606 5740 l8
1641 5700 1795 5755 seqq.
1873 5686 1917 5719 ⁷⁸
1946 5688 2199 5743 Chalced.
2231 5703 2353 5743 can.
2379 5688 2433 5741 2.

2118 4485 2332 4549 νωνίας,
2371 4485 2522 4553 παρὰ
2556 4485 2647 4536 τοῦ
2679 4486 2996 4554 μετέχοντος
3040 4486 3409 4554 εἰσπράττειν,
3440 4488 3540 4552 τῆς
3578 4501 3690 4538 τοι·

2120 4574 2293 4643 αὑτης
2324 4576 2675 4646 μεταλήψεως
2703 4577 2882 4645 χάριν,
2923 4575 3194 4643 ὀϐολοὺςῆ
3230 4574 3369 4637 εἶδος
3390 4576 3687 4628 τὺοίονοῦν.

2120 4667 2254 4718 Οὐδὲ
2308 4670 2418 4736 γὰρ
2469 4668 2796 4739 πεπραμένη
2828 4669 2862 4736 ή
2912 4668 3090 4735 χάρις,
3145 4666 3265 4717 οὐδὲ
3310 4667 3556 4736 χρήμασι
3597 4667 3689 4719 τὸν

2129 4756 2404 4825 ἁγιασμὸν
2450 4756 2545 4807 τοῦ
2601 4755 2917 4825 Πνεύματος
2968 4756 3374 4825 μεταδ.δόαμεν,
3402 4756 3537 4809 ἀλλὰ
3579 4761 3689 4819 τοῖς

2116 4846 2287 4910 ἀξίοις
2315 4847 2407 4899 τοῦ
2439 4847 2610 4917 δώρου
2667 4847 3119 4916 ἀπανουργεύτως
3173 4847 3512 4916 μεταδοτέον.
3544 4849 3604 4901 Εἰ
3636 4850 3690 4901 δὲ

2121 4938 2318 5008 φανείη
2344 4956 2427 5002 τις
2457 4940 2564 4993 τῶν
2585 4941 2642 4991 ὲν
2671 4942 2858 5009 κλήρῳ
2917 4939 3389 5009 καταλεγομένων,
3444 4942 3689 4993 ἁπαιτῶν

2122 5030 2213 5083 τὸν
2243 5024 2287 5098 ᾧ
2324 5031 2645 5100 μεταδίδωσι
2704 5031 2801 5099 τῆς
2838 5030 3106 5101 ἀχράντου
3160 5032 3448 5093 κοινωνίας
3476 5032 3540 5083 τὸ
3588 5034 3687 5083 oio-

2124 5119 2249 5172 νοῦν
2280 5117 2440 5185 εἶδος,
2494 5120 2880 5190 καθαιρείσθω,
2912 5120 2986 5181 ὡς
3029 5119 3129 5189 τῆς
3162 5119 3405 5187 Σίμωνος
3449 5118 3687 5190 ζηλωτής

2127 5212 2335 5279 πλάνης
2368 5213 2461 5263 καὶ
2486 5212 2841 5280 κακουργίας.

2132 5308 2404 5361 Συνόδου
2444 5307 2694 5371 Νικαίας
2726 5308 2791 5358 τὸ
2832 5306 3116 5373 δεύτερον
3164 5304 3370 5357 κανὼν
3399 5306 3464 5368 δ’,
3500 5314 3563 5372 ε’,
3610 5307 3687 5360 ιϐ’.

2202 5377 2340 5443 Περὶ
2372 5378 2476 5429 τοῦ
2518 5377 2851 5445 ἀπέχεσθαι
2894 5376 3035 5440 τοὺς
3077 5376 3455 5443 ἐπισκόπους
3497 5379 3690 5442 πάσης

2202 5448 2608 5513 δωρονίηψίας.

2198 5536 2241 5590 δ’
2288 5538 2347 5589 '0
2394 5536 2571 5607 κῆρυξ
2622 5535 2721 5605 τῆς
2745 5536 3001 5607 ἀληθείας
3030 5535 3256 5604 ⁵Παῦλος
3316 5538 3347 5588 ὁ
3396 5534 3540 5600 θεῖος
3568 5533 3688 5589 ἀπύ-

2516 5688 2557 5721 ⁷⁹
2590 5685 2756 5743 Cone.
2792 5684 3139 5742 Laodicensis
3174 5699 3298 5739 can.
3328 5684 3415 5737 5t.
