3886 6240
251 262 368 329 517

1037 261 1438 322 SYNTAGMA
1475 254 1861 320 CANONUM.
1886 248 1957 290 -ί
1987 254 2134 314 TIT.
2163 253 2214 328 Ι,
2237 254 2398 315 CAP.
2426 252 2645 314 XXIV.

3416 252 3520 319 518

255 376 471 437 στολος,
505 373 671 426 οἱονεὶ
718 372 919 426 κανόνα
956 371 1129 434 τιθεὶς
1172 372 1287 432 τοῖς
1352 367 1619 435 Ἐφεσίων
1659 382 1833 435 πρεσ-

1944 365 2065 419 dam
2098 363 2265 418 veluti
2322 377 2589 417 canonem
2620 360 2985 432 Ephesiorum
3043 361 3377 433 presbyteris
3410 381 3517 419 im-

252 466 537 534 6υτέροις,
598 446 806 530 μᾶλλον
852 460 908 513 δὲ
959 460 1057 513 καὶ
1114 458 1281 513 παντὶ
1325 455 1585 527 ίερατικῷ
1624 454 1846 525 πληρώ-

254 574 399 624 ματι
426 597 442 618 ,
485 553 659 614 οὑτως
706 551 1122 622 ὲπαρῤησιάσθη
1164 547 1332 603 είπών
1357 565 1373 581 °
1444 547 1750 616 Ἀργυρίου
1804 546 1843 614 ἢ

249 647 521 714 χρυσίου
548 645 587 713 ἢ
616 641 935 712 ἱματισμοῦ
959 641 1207 706 οὐδενὸς
1228 640 1576 708 ἐπεθύμησα
1600 653 1615 668 ·
1649 638 1846 691 πάντα

246 735 549 799 ὑπέδειξα
571 733 735 802 ὑμῖν,
770 732 859 785 ὅτι
882 731 1069 796 οὕτως
1096 728 1453 793 κοπιῶντας,
1483 725 1843 794 ἀντιλαμϐά-

244 832 473 882 νεσθαι
516 826 610 879 δεῖ
629 824 747 878 τῶν
777 824 1225 885 ἀσθενούντων,
1246 819 1541 890 μακάριον
1593 818 1845 886 ἡγούμε-

250 936 363 973 νοι
398 918 465 971 τὸ
494 916 742 969 διδόναι.
760 914 857 967 Διὸ
879 914 976 966 καί
1000 911 1167 980 ἡμεῖς
1201 909 1677 979 μαθητευθέντες
1704 908 1841 975 παρ’

240 1005 471 1067 αὐτοῦ,
502 1002 769 1071 ὁρίζομεν
784 1002 1066 1070 μηδόλως
1106 997 1553 1067 αἰσχροκερδῶς
1584 996 1835 1049 ἐπινοεῖ-

246 1101 403 1151 σθαι
435 1096 793 1157 ἐπίσκοπον,
817 1089 1335 1160 προφασιζόμενον
1390 1089 1719 1159 προφάσεις
1771 1088 1841 1140 ἐν

245 1188 587 1256 ἁμαρτίαις,
619 1184 894 1240 ἀπαιτεῖν
938 1184 1171 1251 χρυσὸν
1196 1181 1235 1248 ἢ
1268 1180 1528 1249 ἄργυρον
1558 1179 1595 1247 ἢ
1638 1178 1841 1245 ἕτερον

244 1277 445 1343 εἶδος,
472 1277 613 1341 τοὺς
643 1276 745 1329 ὑπ’
778 1273 965 1328 αὐτὸν
992 1272 1321 1337 τελοῦντας
1371 1270 1766 1335 ἐπισκόπους,
1795 1270 1834 1337 ἢ

245 1365 608 1435 κληρικοὺς,
636 1364 673 1431 ἢ
702 1362 1031 1432 μοναχούς.
1066 1361 1203 1431 Φησὶ
1244 1360 1350 1429 γὰρ
1384 1360 1413 1411 ὁ
1470 1358 1790 1419 Ἀπόστολος
1820 1372 1835 1387 ⁸

249 1457 488 1510 Ἀδικοι
515 1454 844 1520 βασιλείαν
884 1452 1032 1506 Θεοῦ
1056 1454 1127 1504 οὐ
1145 1448 1706 1518 κληρονομήσουσι’
1739 1448 1837 1502 καὶ

243 1552 375 1603 οὐκ
407 1549 634 1616 ὀφείλει
656 1546 728 1599 τὰ
761 1545 943 1598 τέκνα
976 1544 1100 1608 τοῖς
1150 1540 1399 1611 γονεῦσι
1428 1540 1825 1608 θησαυρίζειν,

244 1637 399 1691 ἀλλ’
440 1639 495 1689 ot
514 1634 714 1704 γονεῖς
766 1633 891 1697 τοῖς
920 1633 1173 1697 τέκνοις.
1205 1632 1376 1693 Εἰτις
1401 1625 1493 1683 οὖν
1554 1629 1620 1683 δι’
1662 1631 1831 1683 ἀπαί-

1950 472 2181 525 ponens,
2212 456 2298 509 vel
2324 456 2589 509 universae
2610 456 2791 525 potius
2814 455 3145 509 sacerdotali
3172 456 3520 511 multitudini

1947 548 2027 604 sic
2057 548 2226 602 libere
2258 547 2397 601 dixit
2426 563 2439 598 :
2472 549 2761 616 Argentum
2780 549 2856 601 vel
2874 563 3065 600 aurum
3089 546 3169 600 oel
3192 558 3376 601 vestem
3404 548 3523 601 nul-

1946 641 2051 694 lius
2076 640 2367 709 concupiui,
2403 641 2583 693 omnia
2619 640 2757 693 vobis
2784 640 3008 701 ostendi,
3040 640 3177 709 quod
3209 649 3412 707 oportet
3443 641 3520 693 sic

1945 730 2245 784 laborantes
2279 731 2519 798 infirmos
2558 733 2820 800 suscipere
2846 772 2860 795 ,
2898 732 3026 785 dare
3089 730 3297 785 beatum
3335 733 3521 785 existi-

1944 841 2096 878 mans
2124 825 2213 878 ⁸⁰·.
2252 825 2522 891 Quocirca
2540 825 2608 879 ab
2633 840 2697 879 eo
2717 825 2889 879 edocti
2908 826 3219 889 statuimus,
3250 841 3318 879 ne
3346 829 3519 895 turpis

1944 915 2084 970 lucri
2120 917 2295 986 gratia
2331 917 2593 985 episcopo
2624 917 2679 971 in
2731 926 2964 972 mentem
3004 920 3209 983 veniat,
3257 920 3518 988 quaerenti

1943 1007 2329 1061 excusationes
2361 1008 2414 1061 in
2451 1009 2714 1078 peccatis,
2749 1025 2941 1062 aurum
2975 1010 3060 1063 vel
3090 1019 3395 1079 argentum,
3432 1010 3519 1065 vel

1943 1096 2111 1149 ullam
2140 1097 2301 1150 aliam
2341 1099 2578 1167 speciem
2604 1099 2672 1153 ab
2703 1100 2769 1153 iis
2795 1099 2885 1167 qui
2922 1100 3020 1153 sibi
3045 1100 3278 1153 subsunt
3300 1103 3516 1171 episco-

1946 1185 2056 1254 pis,
2091 1186 2176 1239 vel
2210 1186 2447 1252 clericis,
2481 1186 2565 1241 vel
2613 1188 2896 1241 monachis
2929 1187 3164 1251 exigere.
3203 1186 3341 1239 Dicit
3369 1189 3517 1241 enim

1940 1276 2273 1346 Apostolus:
2306 1276 2507 1346 lnjusti
2538 1294 2751 1346 regnum
2783 1276 2875 1330 Dei
2906 1293 3004 1329 non
3056 1276 3392 1345 possidebunt
3420 1278 3462 1308 ⁸¹
3499 1295 3514 1330 :

1940 1381 2044 1421 nec
2095 1366 2296 1421 debent
2349 1366 2501 1419 liberi
2556 1367 2873 1435 parentibus
2934 1367 3247 1419 thesaurum
3301 1380 3515 1434 parare,

1939 1457 2035 1513 sed
2078 1469 2335 1527 parentes
2368 1456 2574 1511 liberis.
2609 1456 2663 1510 Si
2687 1458 2809 1526 quis
2833 1472 2963 1526 ergo
2999 1473 3095 1527 per
3124 1457 3241 1510 auri
3274 1456 3515 1509 exactio-

1940 1564 2067 1602 nem
2104 1548 2190 1603 vel
2230 1547 2468 1615 alicujus
2518 1548 2742 1601 alterius
2774 1547 3004 1615 speciei,
3040 1546 3123 1601 vel
3161 1556 3383 1614 propter
3414 1545 3518 1599 ali-

1938 1652 2105 1705 quam
2148 1638 2423 1706 propriam
2482 1636 2826 1691 affectionem
2885 1651 2915 1689 a
2974 1636 3280 1690 ministerio
3329 1650 3517 1690 arcere

244 1747 418 1800 τησιν
450 1726 655 1799 χρυσοῦ
680 1726 715 1797 ἢ
750 1725 939 1794 ἑτέρου
983 1723 1125 1787 τινὸς
1174 1722 1367 1786 εἴδους,
1402 1723 1512 1774 εἴτε
1576 1721 1666 1775 διά
1716 1739 1836 1775 τινα

1949 1728 2208 1783 inventus
2255 1728 2440 1790 fuerit,
2490 1728 2571 1782 vel
2604 1742 2890 1797 segregare
2938 1742 3161 1781 suorum
3190 1726 3515 1781 clericorum

250 1818 618 1882 ίδιοπάθειαν,
650 1814 897 1885 εὑρεθείη
922 1812 1202 1883 ἀπείργων
1229 1812 1330 1881 τῆς
1355 1810 1717 1881 λειτουργίας,
1742 1812 1839 1863 καὶ

246 1909 534 1980 ἀφορίζων
562 1908 687 1962 τινὰ
742 1907 850 1959 τῶν
886 1906 978 1958 ὑπ’
1006 1904 1169 1957 αὑτὸν
1227 1902 1523 1972 κληρικῶν,
1558 1903 1591 1973 ἢ
1645 1902 1839 1956 σεπτὸν

247 2004 387 2058 ναὸν
424 2001 641 2067 κλείων,
670 2000 747 2062 ὡς
779 1998 854 2069 μὴ
891 1997 1138 2065 γίνεσθαι
1177 1998 1234 2049 ὲν
1263 1996 1413 2067 αὐτῷ
1444 1996 1544 2059 τὰς
1574 1995 1669 2048 τοῦ
1703 1994 1839 2048 Θεοῦ

246 2093 627 2164 λειτουργίας,
664 2092 743 2153 είς
777 2090 1080 2158 ἀναίσθητα
1111 2088 1209 2155 τὴν
1246 2086 1443 2140 ἑαυτοῦ
1490 2087 1689 2157 μανίαν
1716 2090 1836 2139 ὲπι-

248 2185 520 2254 πέμπων,
556 2181 879 2251 ἀναίσθητος
916 2178 1084 2241 ὅντως
1131 2178 1269 2243 ἐστὶ,
1302 2179 1395 2230 καὶ
1442 2180 1508 2247 τῇ
1562 2194 1837 2230 ταυτοπα-

248 2276 389 2346 θείᾳ
445 2272 818 2335 ὑποκείσεται,
855 2270 953 2325 καὶ
1002 2268 1321 2338 ἐπιστρέψει
1376 2270 1404 2321 ὁ
1457 2268 1617 2331 πόνος
1673 2267 1838 2320 αὑτοῦ

251 2358 362 2417 ἐπὶ
389 2365 489 2435 τὴν
514 2361 755 2432 κεφαλὴν
789 2358 973 2424 αὑτοῦ,
1015 2359 1091 2423 ὡς
1130 2358 1449 2429 παραϐάτου
1489 2357 1590 2426 τῆς
1624 2357 1840 2427 ἐντολῆς

248 2455 403 2509 Θεοῦ
443 2455 536 2507 καὶ
563 2453 673 2506 τῶν
699 2451 1075 2506 ἀποστολικῶν
1104 2447 1422 2513 διατάξεων.
1461 2449 1839 2519 Παραγγέλλει

248 2550 373 2619 γὰρ
406 2547 502 2600 καὶ
534 2546 736 2615 Πέτρος
759 2547 793 2614 ἡ
821 2544 1094 2614 κορυφαία
1113 2543 1221 2595 τῶν
1242 2541 1555 2595 ἀποστόλων
1579 2526 1837 2609 ἀκρότης,

148 2624 151 2625 ν
252 2638 616 2708 Ποιμαίνετε
652 2636 719 2689 τὸ
752 2636 822 2688 ἐν
863 2634 1009 2703 ὑμῖν
1050 2634 1331 2702 ποίμνιον
1373 2631 1479 2684 τοῦ
1514 2630 1681 2695 Θεοῦ,
1714 2631 1840 2683 ἐπι-

250 2730 646 2793 σκοποῦντες
668 2726 753 2795 μὴ
774 2724 1189 2795 ἀναγκαστῶς,
1222 2723 1361 2776 ἀλλ’
1380 2723 1674 2787 ἑκουσίως
1690 2720 1841 2773 κατὰ

252 2822 455 2875 Θεόν·
501 2819 587 2888 μὴ
633 2814 1096 2886 αἰσχροκερδῶς,
1148 2813 1307 2866 ἀλλὰ
1344 2813 1655 2879 προθύμως
1687 2826 1702 2842 ο
1751 2815 1838 2880 μὴ

250 2916 348 2979 ὡς
379 2911 916 2978 κατακυριεύοντες
937 2906 1056 2960 τῶν
1092 2906 1355 2972 κλήρων,
1389 2904 1526 2955 ἀλλ’
1558 2902 1637 2966 ὡς
1664 2902 1840 2955 τύποι

254 3004 570 3074 γινόμενοι
610 2999 717 3053 τοῦ
765 2996 1042 3065 ποιμνίου
1070 3012 1084 3025 ο
1119 2992 1217 3045 καὶ
1255 2986 1699 3059 φανερωθέντος
1734 2987 1840 3040 τοῦ

253 3091 714 3160 ἀρχιποίμενος,
776 3084 1074 3154 κομιεῖσθε
1121 3084 1228 3136 τὸν
1284 3083 1686 3149 ἀμαράντινον
1728 3079 1838 3147 τῆς
1866 3078 1909 3137 C

256 3183 455 3248 δόξης
474 3180 800 3249 στέφανον.

257 3298 402 3350 Ὀτι
469 3298 522 3348 oi
604 3292 987 3357 ὀνειδίζοντες
1021 3290 1162 3355 τοὺς
1220 3288 1593 3357 κληρικοὺς,
1628 3285 1725 3339 διὰ
1774 3284 1842 3357 τὸ

336 3364 615 3429 τετάχθαι
643 3364 713 3415 ἐν
752 3356 1080 3429 Ἐκκλησία
1097 3359 1274 3429 χωρίς
1293 3356 1548 3422 δύσεων,
1573 3356 1842 3425 ἐπιτιμίῳ

337 3437 709 3488 ὑπόκεινται.

334 3532 376 3577 ε’
418 3523 686 3593 Ἀμαρτία
716 3520 853 3591 πρὸς
886 3519 1115 3572 θάνατον
1154 3518 1322 3581 ἐστὶν,
1346 3518 1474 3571 ὅταν
1500 3517 1642 3579 τινὲς
1665 3517 1843 3586 ἀμαρ-

258 3620 544 3678 τάνοντες,
575 3612 896 3683 ἀδιόρθωτοι
931 3611 1177 3680 μείνωσι.
1210 3609 1283 3662 Τὸ
1320 3609 1376 3660 δὲ
1400 3608 1591 3660 τούτου
1638 3610 1838 3678 χεῖρον,

260 3710 365 3780 ea»
386 3708 480 3759 καὶ
500 3704 897 3776 τραχηλιῶντες
928 3700 1411 3763 κατεξανίστανται
1435 3699 1535 3768 τῆς
1562 3698 1842 3761 εὐσεϐείας

261 3800 363 3852 καὶ
409 3798 508 3867 τῆς
550 3794 829 3863 ἀληθείας,
864 3791 1274 3862 προτιμώμενοι
1322 3791 1414 3842 τὸν
1452 3792 1716 3859 μαμωνᾶν
1745 3792 1842 3859 τῆς

260 3889 360 3941 τοῦ
399 3886 533 3940 Θεοῦ
583 3885 849 3955 ὑπακοῆς,
881 3885 977 3935 καὶ
1029 3882 1138 3933 τῶν
1177 3881 1476 3933 κανονικῶν
1512 3880 1676 3933 αὑτοῦ
1727 3881 1842 3933 δια-

259 3981 476 4047 τάξεων
504 3980 579 4049 μὴ
630 3978 997 4045 ἀντεχόμενοι.
1047 3976 1135 4027 Ἐν
1177 3973 1388 4034 τούτοις
1435 3972 1535 4024 οὑκ
1584 3971 1701 4024 ἐστι
1732 3972 1842 4023 Κύ-

264 4087 387 4142 ριος
435 4072 464 4122 ὁ
525 4069 675 4132 Θεὸς,
727 4070 775 4119 εί
836 4067 1001 4136 μήπω
1063 4064 1510 4127 ταπεινωθέντες,
1565 4063 1658 4116 τοῦ
1710 4064 1839 4117 ἰδίου

264 4159 588 4227 σφάλματος
647 4154 1005 4223 ἁνανήψουτι.
1060 4153 1184 4221 Χρὴ
1233 4152 1343 4223 γὰρ
1392 4150 1594 4219 μᾶλλον
1645 4150 1841 4212 αὐτοὺς

258 4246 664 4321 προσέρχεσθαι
713 4244 792 4314 τῷ
839 4243 977 4312 Θεῷ,
1032 4244 1125 4295 καὶ
1180 4245 1317 4313 μετά
1376 4242 1841 4310 συντετριμμένης

256 4340 518 4410 καρδίας,
550 4339 648 4409 τὴν
671 4339 864 4406 ἄφεσιν
890 4335 1081 4388 τούτου
1102 4334 1195 4386 τοῦ
1219 4334 1614 4403 ἁμαρτήματος
1630 4334 1722 4385 καὶ
1742 4333 1840 4402 τὴν

1941 1821 2204 1890 aliquem,
2247 1821 2333 1876 vel
2369 1822 2739 1875 venerandum
2766 1820 3024 1889 templum
3056 1820 3328 1883 claudere,
3359 1836 3427 1874 ne
3459 1820 3513 1873 in

1940 1927 2005 1967 eo
2052 1912 2236 1967 divina
2264 1912 2396 1966 (iant
2427 1910 2753 1971 ministeria,
2776 1910 2842 1963 ad
2869 1911 2921 1964 id
2944 1910 3089 1979 quod
3122 1925 3227 1963 non
3246 1920 3329 1963 est
3350 1925 3514 1964 sensu

1940 2002 2225 2072 praeditum
2253 2017 2408 2057 suam
2442 2001 2710 2055 insaniam
2738 2001 3057 2065 immittens,
3075 2009 3158 2053 est
3184 2014 3371 2052 revera
3397 1998 3515 2052 sine

1942 2110 2130 2158 sensu,
2162 2105 2215 2147 ct
2253 2093 2468 2147 talionis
2492 2093 2596 2147 erit
2619 2091 2721 2160 legi
2751 2090 3042 2155 obnoxius,
3077 2099 3132 2145 et
3167 2090 3317 2144 labor
3342 2090 3514 2159 ipsius

1941 2186 1996 2239 in
2032 2193 2195 2250 caput
2230 2183 2349 2252 ejus
2381 2182 2621 2248 redibit,
2665 2190 2724 2235 ut
2770 2183 2862 2251 qui
2916 2183 2988 2237 sit
3022 2182 3259 2236 mandati
3311 2181 3403 2235 Dei
3462 2190 3516 2236 ct

1942 2270 2363 2338 apostolicarum
2402 2270 2756 2324 traditionum
2807 2280 3200 2339 trausgrcssor.
3252 2271 3516 2339 Praecepit

1946 2363 2089 2415 enim
2124 2371 2175 2415 et
2215 2361 2409 2417 Petrus
2455 2378 2709 2433 suprema
2749 2363 3121 2432 apostolorum
3173 2364 3462 2417 summitas
3496 2380 3511 2417 :

1942 2453 2157 2508 Pascite
2205 2472 2411 2525 gregem
2442 2455 2679 2520 Domini,
2712 2458 3069 2525 episcopatum
3112 2465 3373 2525 gerentes,
3412 2472 3515 2509 non

1940 2563 2031 2615 per
2058 2547 2181 2609 vim,
2224 2548 2314 2601 sed
2347 2557 2529 2617 sponte
2558 2566 2620 2602 ac
2658 2548 2970 2613 voluntarie,
3000 2550 3285 2602 secundum
3319 2549 3515 2604 Deum'

1943 2653 2103 2706 neque
2134 2638 2302 2705 turpis
2340 2637 2480 2690 lucri
2503 2640 2701 2707 gratia,
2739 2640 2829 2691 sed
2868 2648 3102 2707 prompte
3134 2648 3182 2692 et
3214 2640 3463 2693 alacriter
3494 2654 3515 2694 :

1942 2744 2032 2779 nec
2064 2739 2118 2781 ut
2144 2729 2257 2797 68
2286 2729 2615 2782 dominatum
2639 2730 2692 2781 in
2714 2729 2910 2783 clerum
2938 2730 3247 2795 obtinentes,
3279 2732 3367 2783 sed
3396 2748 3515 2800 gre-

1942 2818 2020 2886 gis
2054 2817 2379 2885 exemplaria
2410 2818 2714 2871 exsistentes
2743 2836 2763 2883 ;
2818 2829 2869 2872 et
2920 2836 3040 2873 cum
3071 2836 3305 2873 summus
3336 2830 3518 2890 pastor

1943 2911 2267 2978 apparuerit,
2300 2926 2416 2979 qua:
2437 2925 2529 2962 nec
2565 2912 2831 2979 corrumpi
2860 2928 2953 2965 nec
2980 2927 3299 2966 marcescere
3321 2920 3517 2981 potest,

1944 3000 2125 3069 gloria:
2152 3019 2399 3057 coronam
2423 3006 2658 3074 referetis
2682 3006 2751 3060 ⁸⁸.

1950 3266 2015 3321 Ut
2048 3268 2085 3319 ii
2110 3268 2199 3336 qui
2227 3268 2442 3320 clericos
2467 3267 2669 3333 injuria
2699 3266 2929 3336 afﬁciunt
2953 3266 3090 3336 quod
3115 3267 3225 3320 sine
3273 3267 3393 3319 auri
3423 3268 3521 3320 da-

2008 3339 2147 3389 tione
2170 3338 2382 3405 fuerunt
2434 3338 2489 3389 in
2520 3337 2756 3390 Ecclesia
2804 3339 3075 3390 constituti
3127 3353 3291 3405 paena:
3331 3338 3518 3406 subju-

2015 3423 2139 3459 cean
2150 3418 2188 3460 ι.

2016 3497 2068 3549 5.
2101 3496 2197 3550 Est
2226 3505 2510 3564 peccatum
2549 3494 2618 3549 ad
2666 3502 2923 3559 mortem,
2976 3494 3197 3564 quando
3229 3502 3520 3564 peccantes

1946 3589 2118 3657 aliqui
2147 3598 2369 3642 manent
2389 3589 2813 3657 incorrigibilcs.
2836 3587 2952 3642 lloc
2970 3598 3149 3642 autem
3166 3588 3519 3654 estdeterius,

1942 3682 2163 3750 quando
2194 3689 2249 3734 et
2285 3690 2463 3735 erecta
2496 3681 2708 3736 cervice
2737 3682 3001 3735 adversus
3030 3682 3286 3751 pietatem
3326 3692 3379 3735 et
3429 3698 3520 3737 ve-

1942 3773 2157 3826 ritatem
2196 3774 2521 3842 insurgunt,
2556 3788 2866 3827 mammona
2896 3773 2991 3826 Dei
3023 3773 3344 3828 obedientim
3376 3789 3517 3842 prae-

1943 3864 2203 3929 ferentes,
2240 3873 2293 3919 et
2342 3866 2462 3933 ejus
2513 3865 2812 3920 canonicas
2846 3866 3267 3921 constitutiones
3300 3882 3406 3920 non
3438 3867 3518 3920 fe—

1940 3966 2142 4012 rentes.
2181 3954 2236 4008 ln
2290 3956 2357 4010 iis
2409 3971 2540 4026 ergo
2588 3972 2697 4010 non
2739 3966 2824 4011 est
2868 3957 3134 4011 Dominus
3176 3958 3354 4022 Deus,
3409 3959 3517 4013 nisi

1941 4046 2082 4100 forte
2110 4046 2401 4100 humilitati
2435 4064 2462 4102 a
2496 4062 2597 4102 suo
2650 4048 2845 4101 delicto
2893 4049 3240 4117 resipuerint.
3289 4046 3517 4116 Oportet

1940 4139 2087 4191 enim
2128 4154 2193 4192 eo
2232 4139 2405 4208 magis
2434 4138 2545 4191 Deo
2573 4138 2904 4207 supplicare,
2942 4150 2996 4193 et
3030 4155 3153 4192 cum
3184 4142 3348 4193 corde
3382 4155 3515 4193 con-

1942 4231 2073 4284 trito
2100 4229 2263 4299 hujus
2292 4231 2503 4300 peccati
2550 4230 2935 4284 remissionem
2970 4239 3026 4283 et
3057 4231 3511 4283 condonationem

1944 4335 2155 4393 petere,
2213 4334 2267 4377 et
2325 4338 2435 4377 non
2491 4322 2558 4377 de
2598 4322 2783 4375 illicita
2815 4322 3109 4375 donatione
3148 4337 3205 4375 se
3258 4321 3507 4390 jactare:

255 4428 619 4500 συγχώρησιν
643 4426 932 4489 αἰτεῖσθαι,
956 4426 1076 4495 οὐχ).
1099 4423 1495 4494 ἀναὸρὺνεσθαι
1523 4427 1589 4493 τῇ
1616 4424 1838 4493 ἀθέσμῳ

1944 4413 2081 4467 Deus
2111 4415 2247 4466 enim
2286 4428 2442 4481 prope
2472 4420 2549 4465 est
2599 4413 2664 4463 iis
2695 4412 2786 4481 qui
2830 4419 2949 4463 sunt
2994 4411 3223 4463 contrito
3254 4410 3411 4462 corde
3441 4410 3510 4463 ⁸³.

253 4524 435 4575 δόσει.
478 4520 670 4587 Ἑγγὺς
699 4520 808 4589 γὰρ
841 4518 1044 4585 Κύριος
1072 4519 1179 4579 τοῖς
1231 4515 1709 4586 συντετριμμένοις
1739 4515 1836 4586 τὴν

256 4614 521 4684 καρδίαν.
554 4613 691 4674 Τοὺς
721 4610 813 4663 οὑν
851 4610 1312 4679 ὲγκαυχωμένους
1344 4608 1432 4661 διὰ
1473 4608 1671 4670 δόσεως
1705 4625 1836 4676 χρυ-

258 4705 386 4758 σίου
443 4700 703 4770 τετάχθαι
764 4700 822 4751 ἐν
875 4699 1210 4768 Ἐκκλησία,
1274 4697 1370 4749 καὶ
1414 4696 1585 4767 ταύτῃ
1626 4699 1690 4767 τῇ
1740 4715 1835 4750 πο-

257 4794 409 4865 νηρᾷ
456 4791 715 4861 συνηθείᾳ
755 4788 1146 4853 ὲπελπίζοντας
1201 4789 1268 4857 τῇ
1320 4787 1673 4857 ἀλλοτριούσῃ
1727 4786 1835 4839 ἀπὸ

255 4885 399 4940 Θεοῦ
452 4884 545 4936 καὶ
582 4883 760 4950 πάσης
812 4879 1131 4950 ἱερωσύνης,
1165 4879 1259 4931 καὶ
1314 4879 1377 4930 ὲκ
1406 4877 1595 4929 τούτου
1627 4878 1835 4931 ἀναιδεῖ

261 4975 545 5046 προσώπρ
575 4973 670 5025 καὶ
698 4970 1129 5040 ἀπερικαλὺπτῳ
1164 4968 1412 5037 στὸματι,
1455 4967 1836 5030 ὀνειδιστικοίς

258 5067 442 5131 λόγοις
470 5063 594 5126 τοὺς
627 5061 693 5114 δι’
721 5060 921 5132 ἀρετῆς
948 5059 1061 5129 βίου
1095 5059 1199 5112 ὑπὸ
1215 5059 1306 5110 τοῦ
1333 5054 1499 5126 ἁγίου
1526 5058 1838 5128 Πνεὺματος

258 5157 611 5223 ὲκλεγέντας,
673 5154 766 5205 καὶ
814 5150 1222 5217 καταταγέντας
1269 5150 1426 5211 ἐκτὸς
1476 5149 1673 5210 δόσεως
1716 5166 1841 5217 χρυ-

263 5249 381 5300 σίου
415 5245 799 5316 ἀτιμάζοντας,
830 5243 1022 5314 πρῶτα
1060 5242 1159 5312 μὲν
1196 5240 1351 5293 τοῦτο
1412 5242 1719 5303 ποιοῦντας,
1750 5241 1839 5292 τὸν

261 5340 491 5406 ἔσχατον
522 5336 729 5406 βαθμὸν
767 5332 1065 5401 λαμϐάνειν
1112 5331 1207 5384 τοῦ
1264 5330 1465 5384 οἰκείου
1522 5332 1835 5399 τάγματοςο

262 5434 311 5484 εί
366 5432 425 5484 δὲ
470 5430 802 5500 ὲπιμένοιεν,
829 5427 895 5479 δι’
946 5425 1220 5493 ἐπιτιμίου
1268 5423 1633 5495 διορθοῦσθαι.
1666 5425 1728 5476 Εἰ
1776 5423 1834 5477 δέ

258 5539 341 5584 τις
374 5521 468 5574 ἐπὶ
501 5522 810 5591 χειροτονίᾳ
848 5520 987 5587 φανῇ
1037 5516 1195 5574 τοῦτό
1221 5533 1349 5568 ποτε
1383 5514 1719 5586 πεποιηκὼς,
1751 5533 1835 5585 γι·-

331 5634 399 5669 ⁷³⁶
437 5636 563 5690 Act.
603 5652 696 5697 xx,
739 5635 807 5687 55
840 5650 989 5704 seqq.
1100 5634 1143 5667 "'
1189 5632 1206 5685 l
1239 5633 1367 5688 Cor.
1404 5650 1478 5697 Vl,
1519 5632 1572 5687 9.

1944 4504 2051 4559 Eos
2085 4520 2234 4574 ergo,
2263 4505 2352 4573 qui
2379 4520 2474 4573 per
2496 4504 2614 4557 auri
2646 4503 2920 4557 dationein
2949 4516 3009 4556 se
3040 4501 3212 4555 fuisse
3246 4503 3297 4554 in
3325 4501 3512 4555 Eccle-

1941 4596 2020 4649 sia
2049 4595 2379 4649 constitutos
2412 4594 2734 4664 gloriantur,
2756 4603 2808 4647 et
2846 4594 2898 4646 in
2922 4608 2984 4647 ea
3010 4593 3252 4662 improba
3277 4608 3514 4647 consue-

1941 4688 2126 4742 tudine
2154 4702 2304 4755 spem
2337 4687 2556 4751 habent,
2594 4702 2716 4755 quae
2742 4702 2770 4740 a
2799 4684 2908 4740 Deo
2941 4694 2994 4739 et
3031 4685 3100 4739 ab
3134 4686 3283 4741 omni
3328 4700 3511 4740 sacer-

1938 4774 2089 4827 ilotio
2119 4775 2357 4839 alienat;
2411 4782 2466 4828 et
2520 4775 2641 4828 ideo
2675 4775 2989 4844 impudente
3042 4776 3236 4841 vultu,
3298 4784 3353 4829 et
3415 4792 3510 4829 ore

1937 4877 2154 4935 aperto,
2184 4866 2470 4935 probrosis
2509 4875 2564 4920 et
2599 4867 3015 4921 contumeliosis
3052 4867 3233 4921 verbis
3268 4882 3383 4931 eos,
3414 4867 3507 4935 qui

1933 4969 2159 5027 propter
2190 4967 2368 5014 actam
2402 4974 2465 5013 ex
2521 4959 2725 5014 virtute
2778 4959 2943 5013 vitam
2982 4974 3011 5012 a
3064 4967 3255 5014 sancto
3302 4959 3506 5028 Spiritu

1936 5050 2122 5104 Selecti
2157 5052 2505 5120 ordinatique
2530 5058 2656 5105 sunt
2686 5060 2881 5117 praeter
2905 5050 3023 5103 auri
3052 5048 3349 5110 dationem,
3383 5049 3506 5099 vili-
3568 5122 3569 5125 η

1935 5144 2177 5215 pendunt
2208 5158 2272 5198 ac
2292 5143 2607 5214 negligunt;
2643 5142 2879 5212 primum
2907 5140 3123 5211 quidem
3154 5154 3247 5194 eos
3278 5139 3369 5207 qui
3402 5138 3507 5192 hoc

1937 5236 2145 5291 iaciunt
2174 5234 2428 5288 ultimum
2476 5232 2682 5301 proprii
2724 5231 2934 5286 ordinis
2968 5228 3193 5297 gradum
3239 5240 3457 5279 sumere
3487 5242 3501 5278 :

1938 5331 2020 5384 sin
2054 5337 2232 5383 autem
2266 5326 2774 5396 perseveraverint,
2829 5322 3032 5376 inﬂicta
3077 5334 3293 5389 quoque
3345 5334 3505 5388 poena

1940 5422 2142 5490 corrigi
2178 5420 2542 5475 decernimus.
2596 5417 2652 5471 Si
2685 5417 2807 5487 quis
2842 5424 3023 5469 autem
3057 5414 3109 5467 iu
3164 5414 3508 5467 ordinatione

1941 5516 2045 5571 hoc
2075 5514 2406 5584 quandoque
2461 5510 2657 5565 fecisse
2704 5508 2854 5562 visus
2893 5505 3093 5570 fuerit,
3149 5505 3239 5559 iiut
3288 5512 3348 5558 ut
3394 5508 3507 5560 vult

1685 5633 1731 5664 ⁷⁵
1767 5631 1785 5685 l
1817 5632 1959 5687 Petr.
2003 5648 2057 5696 v,
2102 5632 2224 5685 2-4.
2300 5632 2345 5663 ⁷⁸
2379 5627 2521 5683 Psal.
2552 5639 2707 5685 χχιιι.
2744 5622 2828 5678 l9.
