3904 6248
392 216 495 281 519

1528 220 1791 281 ΡΗΟΤΙΙ
1840 220 2344 282 ΡΑΤΒΙΛΒΟΗᾹΞ
2377 222 2485 282 CP.

3542 226 3647 287 520

393 345 573 385 canon
614 329 972 400 apostolicus,
1011 328 1108 399 qui
1132 329 1264 385 dicit
1303 348 1316 383 :
1361 328 1416 385 Si
1447 333 1573 401 quis
1606 331 1654 365 ’δ
1683 334 1954 402 episcopu:

2075 335 2248 388 νέσθω
2281 335 2420 388 κατὰ
2453 334 2546 387 τὸν
2595 335 2952 390 ἀποστολικδν
2995 339 3192 392 κανόνα
3231 339 3323 391 τὸν
3374 339 3601 407 λέγοντα
3632 353 3647 371 ⁸

393 437 491 491 per
527 424 790 491 pecunias
822 423 962 475 hanc
1018 424 1090 476 sit
1149 423 1471 492 dignitatem
1510 435 1827 489 assecutus,
1884 426 1970 480 vel

390 516 697 585 presbyter,
725 515 810 569 vel
842 516 1131 580 diaconus,
1180 516 1486 584 deponatur
1529 528 1585 570 et
1640 517 1756 586 ipse
1787 525 1841 572 et
1873 518 1968 588 qui

390 608 686 674 ordinavit,
727 616 782 661 et
817 610 1174 663 exseindatur
1208 611 1435 663 omnino
1476 626 1504 663 a
1553 613 1967 677 communione,

389 707 451 752 ut
477 698 588 769 69
623 698 812 753 Simon
847 699 1045 769 Magos
1084 716 1115 753 a
1150 716 1236 754 me
1266 700 1445 755 Petro.
1483 701 1546 755 Et
1574 703 1849 757 secundus
1875 718 1969 755 ea-

390 806 495 844 non
520 802 836 845 sanctorum
857 790 928 844 Pa
938 794 1197 861 trum,qui
1212 792 1555 847 Chalcedone
1571 801 1965 852 convenerunt,

386 883 481 951 qui
518 882 652 935 dicit
682 903 695 935 :
726 884 784 935 Si
816 883 943 951 quis
969 884 1012 915 ⁷⁸
1053 887 1345 953 episcopus
1382 886 1631 953 pecuniis
1663 886 1968 938 ordinatio-

386 984 514 1023 nem
542 970 755 1035 fecerit,
796 980 851 1024 et
884 988 990 1026 non
1022 974 1266 1026 venalem
1301 975 1527 1042 gratiam
1561 976 1612 1027 in
1634 976 1962 1044 emptionem

385 1060 696 1124 deduxerit,
752 1071 808 1114 et
847 1064 1096 1130 pecuniis
1129 1066 1471 1119 ordinaverit
1501 1067 1842 1135 episcopum,
1883 1067 1967 1121 vel

383 1152 871 1220 chorepiscopnm,
909 1154 994 1206 vel
1047 1155 1447 1225 presbyterum,
1506 1158 1594 1210 vel
1646 1158 1962 1222 diaconum,

384 1242 469 1292 vel
499 1241 735 1306 aliquem
770 1257 956 1294 eorum
990 1244 1083 1310 qui
1119 1243 1172 1296 in
1221 1246 1369 1298 clero
1398 1256 1795 1300 enumerantur
1820 1286 1835 1310 ,
1880 1246 1963 1299 vel

384 1329 635 1397 pecuniis
660 1333 994 1397 promoverit
1033 1348 1381 1387 (economum
1406 1374 1420 1396 ,
1474 1335 1559 1389 vel
1596 1336 1961 1401 defensorem,

387 1421 467 1473 vel
491 1423 955 1488 paramonarium,
994 1427 1077 1477 vel
1112 1427 1339 1478 omnino
1364 1426 1602 1494 aliquem
1649 1443 1713 1481 ex
1755 1442 1963 1482 canone

387 1512 563 1579 turpis
603 1512 736 1563 lucri
771 1516 943 1581 gratia
978 1534 991 1566 :
1026 1515 1121 1583 qui
1151 1515 1253 1569 hoc
1284 1532 1577 1585 aggressus
1616 1532 1737 1571 esse
1767 1517 1961 1570 convi-

384 1612 506 1654 ctus
558 1601 742 1667 fuerit,
800 1605 1006 1672 proprii
1039 1606 1239 1673 gradus
1290 1608 1341 1659 id
1376 1609 1540 1660 faciat
1588 1607 1873 1676 periculo:
1907 1618 1961 1661 et

2073 427 2147 480 Εἴ
2174 444 2263 492 τις
2292 426 2625 488 ἐπίσκοπος
2656 426 2755 481 διὰ
2802 428 3122 498 χρημάτων
3168 428 3277 499 τῆς
3302 431 3481 497 ἀξίας
3509 433 3642 487 tat}-

2068 532 2177 583 της
2191 514 2482 585 ἐγκρατὴς
2500 520 2761 585 γένηται,
2784 520 2822 586 ἢ
2845 521 3266 586 πρεσϐύτερος,
3283 521 3320 587 ἢ
3337 521 3642 584 διάκονος,

2068 609 2459 673 καθαιρείσθω
2492 613 2588 660 καὶ
2613 609 2797 673 αὐτὸς
2826 610 2924 661 καί
2968 611 3001 662 d
3052 610 3512 678 χειροτονήσας,
3543 609 3645 662 καί

2069 700 2583 755 ἐκκοπτέσθωσαν
2640 704 2989 757 παντάπασι
3043 706 3141 757 καὶ
3189 720 3411 757 κοιναν
3437 720 3514 768 ας
3560 702 3642 765 ὡς

2067 792 2266 861 Σίμων
2278 795 2312 845 ό
2320 793 2514 862 μάγος
2531 794 2630 847 ὑπ’
2650 793 2797 863 ἐμοῦ
2817 796 3065 863 Πέτρου.
3094 794 3366 857 Ὡσαύτως
3388 794 3645 846 καὶκατὰ

2066 884 2157 935 τὸν
2185 881 2436 954 δεύτερον
2467 883 2667 936 κανόνα
2704 883 2814 937 τῶν
2866 885 2924 936 ὲν
2955 884 3258 955 Χαλκηδόνι
3294 885 3461 936 ὁσίων
3523 883 3640 933 Πα-

2066 974 2239 1043 τέρων
2274 974 2430 1044 ἡμῶν
2480 972 2571 1026 τὸν
2624 972 2850 1040 λέγοντα
2880 991 2895 1005 ο
2928 975 3000 1026 ΕΖ
3031 991 3121 1038 τις
3167 975 3504 1037 ἐπίσκοπος
3539 972 3643 1022 ἐπὶ

2066 1064 2329 1132 χρήμασι
2361 1068 2737 1133 χειροτονίαν
2784 1066 3120 1129 ποιήσοιτο,
3153 1064 3251 1117 καὶ
3284 1065 3372 1129 είς
3410 1060 3642 1130 πρᾶσιν

2065 1156 2385 1225 καταγάγοι
2413 1156 2527 1225 τὴν
2555 1158 2827 1225 ἄπρατον
2860 1156 3056 1225 χάριν,
3088 1156 3186 1209 καὶ
3223 1153 3643 1225 χειροτονήσοι

2062 1246 2157 1298 ἐπὶ
2209 1247 2514 1315 χρήμασιν
2575 1248 2912 1302 ἐπίσκοπον
2975 1248 3013 1315 ἢ
3083 1248 3545 1315 χωρεπίσκοπον
3597 1243 3639 1310 ἢ

2064 1338 2467 1404 πρεσϐύτερον
2494 1378 2510 1403 ,
2553 1338 2591 1405 ἢ
2639 1338 2923 1392 διάκονον
2964 1338 3003 1406 ἢ
3069 1353 3202 1390 τινα
3263 1336 3381 1389 τῶν
3429 1337 3501 1388 ἐν
3556 1334 3639 1398 τῷ

2064 1428 2265 1494 κλήρῳ
2297 1429 2874 1497 καταριθμουμένων,
2899 1431 2936 1496 ἢ
2977 1431 3335 1495 προϐάλοιτο
3366 1428 3465 1479 ἐπὶ
3494 1424 3642 1494 χρή-

2056 1534 2248 1586 μασιν
2280 1521 2599 1588 οἰκονόμον
2640 1522 2678 1586 ἢ
2720 1520 2962 1573 ἔκδικον
3010 1520 3045 1590 ἣ
3090 1518 3556 1587 παραμονὰριον,
3595 1517 3637 1585 ἦ

2066 1609 2223 1675 ὅλως
2251 1613 2381 1664 τινὰ
2413 1612 2518 1664 τοῦ
2572 1615 2843 1675 κανόνος,
2895 1612 2969 1663 δι’
3019 1610 3513 1679 αἱσχροκέρδειαν
3556 1611 3639 1662 cl-

382 1693 477 1761 qui
513 1694 831 1755 ordinatur,
884 1711 948 1749 ex
998 1711 1059 1749 ea
1094 1699 1441 1752 ordinatione
1474 1699 1559 1752 vel
1591 1700 1954 1767 promotione,

2066 1702 2256 1754 κείαν.
2304 1700 2368 1754 '0
2398 1702 2575 1755 τοῦτο
2626 1701 3015 1770 ἐπιχειρήσας
3060 1678 3383 1770 ἐλεγχθεὶς,
3425 1700 3635 1753 κινδυ-

381 1798 505 1851 qua:
537 1788 715 1851 pretio
754 1784 880 1837 dato
908 1784 1081 1838 instar
1118 1795 1440 1841 mercatum
1475 1787 1617 1841 facta
1664 1797 1783 1851 est,
1822 1787 1958 1841 nihil

381 1874 599 1944 juvetur
628 1890 643 1927 :
677 1875 771 1928 sed
806 1876 878 1929 sit
906 1876 1122 1931 alienus
1161 1894 1190 1929 a
1230 1878 1491 1947 dignitate
1513 1919 1530 1944 ,
1575 1878 1656 1931 vel
1710 1893 1954 1942 munere,

384 1982 479 2020 seu
509 1968 794 2020 curatione
823 2007 839 2031 ,
878 1982 1041 2034 quam
1080 1970 1329 2035 pecuniis
1383 1979 1668 2024 assecutus
1724 1980 1829 2023 est.
1900 1969 1955 2021 Si

383 2058 510 2129 quis
541 2067 724 2111 autem
775 2059 940 2112 rebus
987 2059 1124 2111 adeo
1160 2060 1409 2128 turpibus
1437 2069 1490 2112 et
1540 2060 1706 2114 lucris
1756 2060 1957 2113 illicitis

383 2152 714 2205 intercessor
748 2166 844 2204 seu
886 2164 1166 2219 sequester
1214 2153 1553 2221 apparuerit,
1584 2152 1673 2205 hic
1713 2165 1954 2219 quoque,

388 2243 435 2297 si
490 2243 560 2295 sit
596 2242 816 2310 quidem
848 2243 1083 2296 clericus
1109 2284 1123 2307 ,
1169 2257 1213 2313 ,α
1252 2242 1469 2312 proprio
1501 2243 1670 2309 gradu
1702 2242 1951 2307 excidat;

384 2331 470 2387 sin
502 2340 684 2385 autem
717 2331 916 2396 laicus,
942 2332 1030 2386 vel
1063 2334 1391 2398 monachus,
1422 2338 1756 2401 segregetur.

384 2605 454 2661 Ut
488 2608 600 2660 sine
626 2607 926 2660 muneribus
960 2607 1091 2675 ﬁant
1135 2608 1512 2660 monachorum
1539 2622 1605 2660 ac
1645 2608 1953 2661 monialium

965 2701 1372 2754 nominationes.

452 2790 543 2843 19.
585 2787 759 2841 Tanta
806 2789 1163 2843 exsecrabilis
1224 2790 1467 2843 avaritiae
1504 2789 1652 2843 labes
1682 2787 1953 2843 Ecclesia-

390 2896 512 2934 rum
533 2879 819 2948 praefectos
843 2879 1067 2941 invasit,
1108 2890 1168 2933 ut
1214 2880 1461 2933 nonnulli
1494 2894 1683 2933 eorutn
1710 2879 1950 2931 virorum

384 2986 449 3026 ac
480 2972 795 3033 mulierum,
824 2971 914 3038 qui
949 2971 1018 3038 pii
1050 2985 1115 3024 ac
1156 2971 1400 3040 religiosi
1424 2970 1705 3035 dicuntur,
1738 2970 1950 3023 Domini

2064 1788 2284 1843 νευέτω
2315 1793 2399 1855 εὶς
2440 1790 2547 1843 τόν
2578 1790 2734 1843 Ζδιον
2772 1791 3034 1859 βαθμὸν,
3064 1791 3163 1843 καί
3196 1794 3229 1843 ὀ
3260 1790 3638 1858 χειροτονού-

2059 1894 2243 1946 μενος
2278 1878 2477 1946 μηδὲν
2518 1879 2587 1931 ἐκ
2635 1880 2744 1944 τῆς
2774 1882 2902 1932 κατ’
2949 1881 3240 1947 ἐμπορίαν
3286 1881 3636 1947 ὠφελεῖσθαι

2065 1970 2437 2037 χειροτονίας
2486 1971 2525 2037 ἢ
2576 1970 2907 2038 προβολῆς,
2940 1971 3075 2025 ἀλλ’
3103 1971 3259 2024 ἔστω
3315 1972 3635 2037 ἀλλότριος

2064 2059 2174 2127 τῆς
2202 2052 2376 2125 ἀξίας
2408 2060 2445 2126 ἢ
2471 2062 2575 2115 τοῦ
2615 2064 3074 2130 φροντίσματος,
3118 2058 3306 2127 ιῦπερ
3336 2064 3436 2113 ἐπὶ
3488 2062 3634 2129 χρή-

2056 2162 2249 2215 μασιν
2288 2150 2610 2217 ἔτυχεν-,Εἰ
2646 2151 2713 2203 δέ
2759 2168 2849 2216 τις
2878 2152 2970 2202 κα“
3023 2150 3358 2219 μεσιτεύων
3414 2150 3630 2217 φανείη

2061 2238 2186 2303 τοῖς
2208 2239 2396 2304 οὕτως
2433 2239 2707 2308 αίσχροῖς
2740 2242 2840 2293 καί
2881 2242 3181 2308 ἀθεμίτοις
3212 2239 3507 2308 λήμμασι,
3533 2238 3632 2291 καὶ

2060 2325 2237 2393 οὗτος
2265 2331 2317 2382 εὶ
2344 2330 2461 2398 μὲν
2490 2332 2778 2398 κληρικός
2817 2332 2933 2397 εἴη,
2962 2331 3031 2383 ἐκ
3066 2331 3173 2384 τοῦ
3211 2333 3434 2383 οἰκείου
3464 2330 3631 2382 sm.

2060 2418 2251 2473 πτέτω
2301 2421 2542 2491 ,βαθμοῦ
2571 2439 2585 2454 ο
2613 2426 2665 2476 εί
2723 2422 2791 2476 δέ
2834 2423 3051 2489 λαῖκὸς
3095 2422 3133 2491 ἣ
3168 2423 3459 2492 μονακὸςν
3483 2422 3632 2490 dir"?

2055 2507 2319 2575 ριζέσθω.

2059 2601 2199 2667 Περὶ
2230 2601 2336 2655 τοῦ
2361 2602 2533 2668 ἐκτὸς
2554 2603 2784 2658 δόσεων
2813 2607 2919 2671 τὰς
2947 2607 3281 2675 καταταγὰς
3326 2606 3445 2659 τῶν
3474 2610 3631 2675 ἱερα-

2130 2690 2309 2743 τικῶν
2326 2694 2609 2763 μωαχῶν
2631 2713 2692 2748 τε
2724 2698 2820 2749 καὶ
2837 2690 3215 2765 μοναστριῶν
3265 2698 3558 2766 γίνεσθαι.

2134 2778 2217 2833 ιϐ’.
2234 2780 2495 2833 Τοσοῦτον
2512 2783 2857 2852 κατενεμήθη
2882 2784 2977 2851 τῆς
2996 2785 3355 2853 φιλαργυρίας
3382 2783 3443 2835 τὸ
3462 2783 3631 2853 μῦσος

2058 2871 2139 2933 εἰς
2165 2873 2291 2933 τοὺς
2346 2874 2617 2944 ἡγήτορας
2649 2875 2759 2927 τῶν
2807 2874 3335 2946 Ἐκκλησιῶν,ὦστε
3388 2876 3483 2927 καί
3543 2893 3628 2928 τι·-

2062 2977 2155 3022 νας
2199 2960 2309 3013 τῶν
2360 2961 2668 3031 λεγομένων
2726 2964 2971 3016 εύλαϐῶν
3024 2963 3233 3033 ἀνδρῶν
3280 2981 3341 3016 τε
3387 2964 3483 3016 καὶ
3528 2980 3628 3031 γυ-

389 3060 793 3114 mandatiobliti
818 3058 1095 3125 fallantur,
1117 3068 1171 3112 et
1212 3027 1305 3114 eous
1331 3062 1421 3129 qui
1467 3060 1531 3114 ad
1565 3059 1954 3139 saCerdotalem

2061 3052 2263 3104 ναικῶν
2292 3091 2307 3116 ,
2378 3053 2805 3123 ἐπιλαθομένους
2852 3054 2960 3107 τῶν
3015 3054 3242 3109 ὲντολῶν
3274 3054 3371 3107 τοῦ
3422 3056 3629 3126 Κυρίου

380 3153 630 3205 ordinem
682 3161 733 3203 et
769 3153 936 3203 vitam
987 3151 1345 3204 monasticam
1383 3152 1543 3204 acced
1562 3160 1679 3214 unt,
1710 3150 1957 3219 pecuniis

382 3245 670 3297 admittan'
702 3257 714 3291 :
747 3252 800 3294 et
855 3257 1091 3309 quorum
1150 3244 1440 3310 reprobum
1498 3251 1581 3295 est
1608 3241 1954 3309 principium,

384 3335 697 3388 universum
763 3347 983 3401 quoque
1045 3333 1400 3400 rejiciendum
1458 3332 1708 3393 eliicitur,
1771 3340 1829 3384 ut
1877 3332 1956 3385 ait

382 3443 613 3496 magnus
636 3424 908 3478 Basilius:
947 3439 1045 3477 nec
1075 3425 1219 3476 enim
1252 3423 1362 3476 Deo
1398 3424 1521 3477 licet
1553 3432 1604 3476 et
1631 3438 1955 3477 mammonae

379 3521 584 3574 Servirc
612 3519 677 3569 ⁸⁸.
729 3518 784 3568 Si
818 3531 939 3582 quis
970 3530 1099 3583 ergo
1147 3515 1394 3568 inventus
1438 3517 1598 3568 luerit
1630 3517 1729 3568 hoc
1751 3513 1952 3581 facere,

379 3612 471 3681 qui
500 3612 603 3663 hoc
647 3611 795 3673 facit,
838 3623 882 3660 Si
928 3608 999 3660 sit
1056 3608 1272 3675 quidem
1308 3609 1617 3678 cpiscopus,
1644 3610 1724 3663 vel
1767 3626 1953 3662 mona-

381 3702 531 3754 sterii
563 3700 873 3767 praefectus,
909 3700 990 3749 vel
1024 3712 1089 3749 ex
1123 3699 1454 3751 sacerdotali
1483 3700 1697 3762 ordine,
1726 3701 1804 3751 Vel
1828 3715 1950 3754 ces-

380 3802 484 3857 set,
540 3793 619 3845 vel
677 3792 980 3860 deponatur
1013 3802 1071 3844 ut
1103 3791 1217 3843 vult
1265 3807 1440 3845 canon
1491 3791 1951 3846 Chalcedonensis

381 3882 596 3952 synodi.
628 3880 722 3933 Siti
763 3891 941 3932 autem
967 3880 1280 3933 monasterii
1313 3880 1624 3949 praefectus,
1645 3880 1749 3948 70
1771 3896 1798 3931 a
1834 3894 1949 3932 IIIO-

388 3974 633 4026 nastez-in
658 3976 1004 4038 extrudatur,
1035 3980 1086 4024 et
1118 3972 1210 4024 alii
1244 3972 1573 4024 monasterio
1607 3972 1849 4023 tradatur
1882 3969 1950 4023 ad

379 4068 799 4136 subjectionem.
843 4063 1104 4117 Similiter
1155 4074 1208 4117 et
1272 4061 1589 4117 monasterii
1639 4060 1947 4130 prmfeelus,

378 4164 471 4232 qui
494 4161 819 4232 presbyterii
869 4159 1269 4212 ordinationem
1328 4155 1509 4209 habet.
1552 4153 1623 4207 De
1675 4155 1741 4207 iis
1766 4162 1946 4207 autem

378 4270 500 4324 quae
544 4255 742 4307 dantur
788 4251 973 4304 liberis
1017 4266 1046 4302 a
1078 4248 1395 4317 parentibus
1425 4246 1598 4299 instar
1652 4246 1831 4299 dolis:
1864 4247 1945 4299 vel

2057 3142 2483 3213 ἐξαπατηθῆναι,
2518 3146 2611 3196 καὶ
2661 3144 2747 3197 διὰ
2786 3146 3009 3215 χρυσίου
3066 3146 3163 3208 τὰς
3212 3147 3461 3216 εἰσδοχὰς
3520 3147 3628 3199 τῶν

2057 3233 2509 3303 προσερχομένων
2543 3233 2621 3302 τῷ
2652 3251 2709 3286 τε
2745 3235 3004 3304 ἱερατικῷ
3032 3236 3268 3304 τάγματι
3298 3236 3393 3287 καὶ
3423 3234 3501 3305 τῷ
3528 3253 3626 3305 μοι

2055 3327 2210 3394 νήρει
2264 3325 2364 3394 βίῳ
2418 3326 2725 3378 ποιεῖσθαιο
2762 3326 3092 3393 καὶγίνεται
3138 3320 3277 3394 ὦνὴ
3317 3327 3464 3396 ἀρχὴ
3510 3326 3628 3380 ἁδό-

2056 3429 2215 3480 κιμος
2261 3414 2354 3464 καὶ
2406 3413 2465 3465 τὸ
2521 3416 2628 3465 πᾶν
2678 3414 3003 3483 ἀπόϐλητον,
3043 3414 3117 3476 ὣς
3162 3432 3326 3485 φησιν
3372 3418 3402 3467 ὁ
3458 3417 3628 3485 μέγας

2055 3504 2354 3566 Βασίλειος.
2407 3504 2541 3557 Οὐδὲ
2588 3504 2697 3575 γὰρ
2745 3505 2863 3575 Θεῷ
2918 3506 3005 3559 διὰ
3064 3509 3301 3575 μαμωνᾶ
3352 3506 3625 3559 δουλεύειν

2054 3593 2281 3657 ἔξεστιν.
2310 3595 2378 3649 Εῐ
2400 3612 2483 3658 τις
2512 3594 2604 3649 οὖν
2658 3595 2855 3666 εὑρεθῇ
2881 3597 3037 3648 τοῦτο
3074 3596 3264 3656 ποιῶν,
3288 3598 3339 3649 εἰ
3374 3598 3477 3667 μὲν
3506 3598 3625 3651 ἐπί-

2056 3702 2257 3747 σκοπος
2280 3687 2313 3755 ἢ
2346 3687 2646 3756 ἡγούμενος
2668 3688 2702 3757 ἦ
2733 3704 2817 3750 τις
2835 3687 2930 3739 τοῦ
2957 3688 3233 3757 ἱερατικοῦ
3268 3690 3555 3757 τυγχάνει,
3584 3688 3618 3758 ἢ

2053 3776 2353 3830 παυσάσθω
2370 3778 2403 3843 ἢ
2425 3779 2792 3849 καθαιρείσθω
2824 3795 2838 3809 ο
2867 3781 3007 3833 κατὰ
3037 3781 3127 3832 τὸν
3154 3780 3405 3849 δεύτερον
3429 3782 3623 3834 κανόνα

2052 3865 2153 3933 τῆς
2190 3866 2247 3917 ἐν
2278 3866 2581 3937 Χαλκηδόνι
2616 3870 2779 3935 ἁγίας
2821 3869 3058 3925 συνόδου.
3087 3870 3151 3922 Εἰ
3178 3871 3234 3923 δὲ
3296 3872 3616 3939 ἡγούμενος,

2052 3957 2407 4027 ἐκδιωχθήτω
2435 3961 2501 4012 ἐκ
2526 3960 2617 4012 τοῦ
2644 3962 3029 4030 μοναστηρίου,
3054 3964 3147 4014 καὶ
3175 3964 3538 4033 παραδοθήτω
3563 3966 3619 4015 ἐν

2052 4046 2223 4116 ἑτέρῳ
2275 4050 2621 4119 μοναστηρίῳ
2672 4052 2809 4119 πρὸς
2853 4052 3157 4123 ὑποταγὴν.
3216 4055 3493 4119 Ὡσαύτως
3529 4058 3619 4109 καὶ

2050 4137 2351 4206 ἡγούμενος
2400 4139 2473 4209 μὴ
2532 4140 2670 4210 ἔχων
2728 4144 3067 4212 χειροτονίαν
3103 4146 3500 4217 πρεσϐυτέρου,
3529 4148 3615 4200 ἐπὶ

2047 4228 2105 4281 δὲ
2130 4230 2241 4281 τῶν
2272 4229 2423 4299 παρὰ
2454 4232 2651 4297 γονέων
2683 4232 2975 4302 διδομένων
3003 4235 3159 4305 δίκην
3194 4238 3485 4306 πῳικῴων
3508 4242 3615 4299 τοῖς

381 4320 543 4398 rebus
568 4347 683 4400 suis
707 4343 946 4412 propriis
967 4340 1187 4400 oblatis,
1244 4338 1621 4407 pl'OﬁlCltllbllS
1651 4339 1711 4390 iis
1741 4338 1833 4405 qui
1882 4352 1944 4390 ea

2061 4320 2277 4381 τέκνοις,
2304 4321 2337 4389 ἦ
2359 4320 2671 4390 ίδιοκτήτων
2695 4324 2875 4376 αὐτῶν
2904 4326 3241 4395 πραγμάτων
3268 4330 3617 4397 προσαγομέ-

375 4436 631 4499 offerunt,
667 4450 789 4488 esse
854 4435 963 4486 Deo
1014 4442 1352 4493 consecrata,
1393 4430 1681 4483 statuimus
1727 4438 1784 4480 ut
1830 4429 1943 4480 sive

376 4534 593 4591 exeant,
627 4542 688 4578 ea
719 4527 772 4579 in
807 4524 1138 4577 monasterio
1162 4531 1432 4583 maneant,
1460 4530 1518 4573 ut
1562 4520 1663 4573 fuit
1700 4520 1943 4588 ipsorum

375 4618 677 4687 professio;
709 4619 811 4671 nisi
841 4618 884 4672 is
922 4618 1012 4687 qui
1038 4625 1229 4685 prazest
1256 4614 1312 4666 in
1329 4614 1483 4682 culpa
1516 4612 1699 4666 fuerit.

373 4882 568 4937 Basilii
612 4898 676 4935 ex
742 4881 981 4951 Epistula
1023 4881 1091 4933 nd
1161 4880 1574 4947 chorepiscopos.
1625 4876 1778 4943 Quod
1839 4892 1945 4929 non

669 4987 904 5041 oporteat
936 4977 1099 5042 pretio
1134 4991 1318 5025 manus
1360 4974 1643 5040 imponere.

446 5067 545 5121 Rei
578 5070 879 5137 turpitudo,
918 5066 983 5119 de
1027 5082 1130 5135 qua
1173 5066 1375 5129 scriho,
1420 5064 1520 5115 hoc
1555 5062 1671 5128 ipso
1700 5059 1842 5127 quod
1891 5057 1945 5109 in

376 5156 746 5225 su5picionem
799 5156 1025 5208 omnino
1070 5155 1215 5207 venit
1259 5168 1321 5206 ac
1372 5166 1702 5213 sermonem,
1762 5148 1946 5201 dolore

373 5249 616 5301 animum
662 5261 841 5298 meum
896 5244 1171 5313 implevit:
1228 5244 1491 5296 hactenus
1536 5254 1667 5293 sane
1716 5236 1831 5290 visa
1866 5245 1949 5290 est

377 5337 508 5390 tnihi
535 5335 890 5389 incredibilis.
924 5332 1079 5398 Quod
1110 5348 1240 5401 ergo
1262 5333 1326 5385 de
1359 5331 1449 5383 illa
1478 5328 1683 5389 scribo,
1713 5328 1803 5394 qui
1840 5326 1940 5380 sibi

375 5425 489 5493 ipse
524 5423 778 5476 conscius
809 5430 913 5485 esl,
959 5421 1189 5488 accipiat
1215 5429 1270 5472 ut
1316 5416 1613 5481 medelam;
1642 5413 1734 5483 qui
1759 5422 1936 5466 autem

445 5605 489 5635 '“
519 5604 653 5657 Cati.
721 5602 805 5656 30.
872 5602 915 5631 ⁸³
961 5599 1092 5653 Can.
1124 5599 1176 5650 '2.

2050 4426 2175 4475 νων,
2235 4411 2639 4479 ὁμολογούντων
2686 4413 2792 4466 τῶν
2829 4419 3211 4484 προσαγόντων
3253 4418 3429 4474 ταῦτα
3483 4417 3615 4473 εἶναι

2050 4500 2401 4568 ὰφιερωμένα
2434 4501 2513 4571 τῷ
2541 4502 2680 4572 Θεῷ,
2706 4503 2961 4573 ὁρίζομεν
2985 4507 3086 4559 κάν
3112 4523 3170 4557 τε
3196 4508 3401 4577 μείναι,
3434 4510 3534 4561 κᾶν
3558 4527 3616 4562 τε

2052 4588 2275 4651 ἐξέλθοι.
2316 4590 2501 4658 μένειν
2533 4592 2670 4644 αὑτὰ
2721 4594 2778 4646 ὲν
2825 4593 2904 4662 τῷ
2950 4598 3296 4667 μοναστηρίῳ
3345 4601 3489 4653 κατὰ
3523 4601 3615 4669 τὴν

2048 4682 2341 4752 ὑπόσχεσιν
2376 4684 2539 4736 αὑτοῦ
2562 4701 2577 4716 ·
2612 4687 2661 4737 εἰ
2712 4687 2785 4757 μὴ
2820 4682 2908 4760 ᾖή
2942 4690 3092 4743 αἰτία
3120 4691 3214 4743 τοῦ
3250 4694 3612 4761 προεστῶτος,

2045 4774 2139 4826 τοῦ
2168 4776 2401 4839 ἐξελθεῖν
2429 4778 2590 4828 αὑτὸν
2619 4777 2879 4847 δηλονότι.

2049 4868 2373 4918 Βασιλείου
2399 4867 2465 4918 ἐκ
2522 4866 2631 4934 τῆς
2687 4869 2837 4935 πρὸς
2886 4872 3029 4937 τοὺς
3073 4872 3452 4938 ἐπισκόπους
3498 4858 3619 4928 ἐπι-

2119 4956 2351 5024 στολῆς
2374 4956 2528 5012 ὥστε
2565 4960 2649 5027 μὴ
2683 4962 3045 5027 χειροτονεῖν
3072 4964 3168 5016 ἐπὶ
3219 4966 3546 5032 χρήμασιν.

2122 5046 2192 5098 Τὸ
2219 5048 2311 5099 τοῦ
2343 5050 2666 5117 πράγματος
2706 5051 2905 5103 ἄτοπον
2942 5054 3071 5123 περὶ
3099 5047 3158 5105 οὗ
3187 5055 3404 5121 γράφω,
3435 5056 3522 5109 διὰ
3566 5054 3613 5105 τί

2054 5138 2151 5207 μὲν
2199 5139 2335 5203 ὅλως
2382 5142 2710 5212 ὑπωπτεύθη
2760 5146 2853 5195 καὶ
2900 5144 3157 5215 ἐλαλήθη,
3201 5147 3395 5215 ὀδύνης
3452 5148 3614 5215 ἐπλή-

2058 5230 2197 5298 ρωσέ
2231 5247 2332 5298 μου
2357 5231 2456 5301 τὴν
2485 5232 2683 5302 ψυχὴν,
2714 5233 2849 5295 τέως
2868 5234 2925 5285 δὲ
2961 5237 3133 5304 ἐφάνη
3160 5254 3249 5306 μοι
3274 5239 3521 5291 ἄπιστον.
3549 5237 3614 5286 Τὸ

2050 5320 2142 5373 οὖν
2172 5323 2304 5393 περὶ
2351 5323 2514 5376 αὑτοῦ
2560 5326 2815 5396 γράμμα,
2842 5325 2871 5376 ὁ
2916 5327 3014 5396 μὲν
3050 5330 3405 5395 συνεγνωκὼς
3444 5327 3615 5396 ἑαυτῷ

2046 5414 2291 5480 δεξάσθω
2319 5415 2394 5478 ὡς
2446 5416 2601 5487 ἴαμα,
2632 5419 2659 5471 ὁ
2690 5417 2747 5470 δὲ
2795 5417 2871 5488 μὴ
2922 5421 3273 5487 συνεγνωκὼς
3307 5424 3383 5486 ὡς
3416 5438 3613 5491 προςν-
