3904 6248
173 273 264 340 521
970 278 1369 339 SYNTAGMA
1398 275 1782 338 CANONUM.
1820 299 1888 309 —
1915 275 2063 335 TIT.
2112 275 2161 346 Ι,
2204 275 2361 335 CAP.
2398 276 2605 336 XXIV.

3296 276 3401 339 522

173 386 482 457 λακτήριον,
513 387 544 440 ὀ
589 386 647 440 δὲ
680 387 970 459 ἀδιάφορος
995 390 1133 459 ὅπερ
1157 389 1464 460 ἀπεύχομαι
1488 390 1572 457 ἐφ’
1607 389 1735 457 ύμῖν

1860 400 1947 439 ιοιι
1975 388 2251 451 conscius,
2290 396 2345 440 ut
2367 384 2833 456 prmmunitionem
2862 401 2877 451 ;
2909 382 3222 440 indiderens
3250 400 3400 445 vero.

173 476 457 547 εὑρεθῆναι
485 475 564 539 ὡς
613 477 701 529 διὰ
748 477 1072 546 μαρτυρίαν.
1107 478 1173 529 Τί
1195 477 1251 530 δέ
1298 479 1446 529 ἐστιν
1474 478 1503 530 ὃ
1555 478 1735 545 λέγω;

174 568 305 636 φασί
336 565 481 628 τινές
512 583 671 630 τινας
700 567 856 636 ὑμῶν
882 566 1031 636 παρὰ
1073 567 1183 619 τῶν
1241 567 1735 638 χειροτονουμένων

173 657 468 727 λαμϐάνειν
521 660 810 727 χρήματα,
880 658 1219 720 ἐπισκιάζειν
1271 659 1328 711 δὲ
1379 659 1599 729 ὀνόματι
1647 660 1741 711 εύ-

172 750 411 813 σεϐείας.
445 749 616 802 Τοῦτο
639 750 695 803 δὲ
722 750 901 820 χεῖρόν
933 751 1100 805 ἐστιν.
1144 751 1269 803 Ἐὰν
1294 751 1400 818 γάρ
1429 768 1512 812 τις
1539 752 1599 803 τὸ
1643 768 1744 805 κα-

173 841 267 893 κὸν
288 844 346 892 ἐν
371 843 718 911 προσχήματι
748 843 841 894 τοῦ
872 843 1074 909 ἀγαθοῦ
1110 846 1259 914 ποιῇ,
1290 845 1630 906 διπλασίονος
1660 862 1743 896 τι-

178 929 390 998 μωρίας
436 930 581 981 ὲστὶν
619 930 769 995 ἄξιος
802 947 814 961 ⁸
848 931 982 983 διότι
1036 933 1166 983 αὑτό
1214 949 1271 983 τε
1311 934 1372 985 τὸ
1407 934 1507 985 οὐκ
1544 933 1745 1001 ἀγαθὸν

174 1019 490 1088 ἐργάζεται,
520 1022 613 1071 καὶ
656 1022 917 1091 κέχρηται
948 1023 1027 1084 εἰς
1075 1023 1134 1073 τὸ
1171 1024 1384 1076 τελέσαι
1424 1024 1520 1093 τὴν
1565 1026 1745 1094 ἁμαρ-

173 1112 315 1175 τίαν,
349 1111 425 1173 ὡς
456 1113 522 1164 ἂν
557 1112 702 1165 εἴποι
742 1130 845 1175 τις,
878 1114 957 1185 τῷ
1000 1116 1150 1185 καλῷ
1182 1117 1445 1185 συνεργῷ.
1484 1118 1667 1170 Ταῦτα
1698 1120 1745 1171 εί

172 1198 346 1261 οὕτως
406 1200 537 1269 ἔχει,
574 1203 666 1253 τοῦ
716 1202 904 1255 λοιποῦ
944 1205 1016 1274 μὴ
1054 1205 1308 1271 γινέσθω,
1339 1207 1471 1259 ἀλλὰ
1519 1207 1747 1276 διορθω-

176 1289 327 1359 θήτω
360 1307 375 1320 ·
413 1293 533 1343 ἐπεὶ
575 1294 786 1363 ἀνάγκη
837 1296 1015 1362 λέγειν
1053 1297 1187 1365 πρὸς
1222 1298 1312 1349 τὸν
1364 1298 1651 1367 δεχόμενον
1687 1299 1747 1351 τὸ

176 1382 458 1449 ἀργύριον,
491 1383 627 1453 ὅπερ
676 1385 874 1455 ἐρρέθη
915 1388 1065 1456 παρὰ
1103 1388 1212 1439 τῶν
1248 1390 1555 1441 ἀποστόλων
1611 1390 1746 1459 πρὸς

174 1475 262 1526 τὸν
304 1474 527 1527 θέλοντα
563 1476 767 1541 δοῦναι,
794 1478 879 1530 ἵνα
924 1477 1239 1547 Πνεύματος
1275 1481 1429 1547 ἁγίου
1459 1481 1747 1548 μετουσίαν

176 1566 453 1636 ὠνήσηται
473 1585 486 1597 ·
514 1569 583 1620 Τὸ
600 1570 881 1637 ἀργύριόν
904 1585 1020 1623 σου
1045 1572 1165 1623 σὺν
1193 1572 1290 1623 σοὶ
1315 1575 1400 1637 εὶς
1421 1572 1745 1629 ἀπώλειαν.

180 1659 522 1728 Κουφοτερος
550 1663 657 1731 γὰρ
677 1664 704 1714 ὁ
736 1662 803 1713 δι’
831 1664 1087 1733 ἀπειρίαν
1108 1664 1423 1735 ὠνήσασθαι
1446 1665 1634 1731 θέλων,
1657 1666 1689 1735 ἢ
1720 1668 1748 1717 ὁ

180 1751 509 1818 πιπράσκων
539 1752 636 1819 τὴν
674 1752 770 1805 τοῦ
802 1754 934 1806 Θεοῦ
965 1755 1172 1825 δωρεάν
1203 1771 1218 1786 ο
1245 1756 1445 1827 πράσις
1472 1757 1578 1827 γὰρ
1622 1758 1742 1823 ὲγέ-

179 1854 297 1889 νετο
315 1854 331 1868 ο
355 1842 449 1894 καὶ
472 1840 500 1892 δ
530 1843 593 1893 σὺ
622 1842 833 1912 δωρεὰν
866 1844 1056 1907 ἔλαϐες
1090 1845 1184 1897 ἐὰν
1213 1847 1416 1915 πωλῇς,
1445 1848 1644 1899 ὡσανεὶ
1663 1864 1747 1898 πε-

181 1933 461 1999 πραμένος
497 1932 573 2001 τῷ
602 1933 815 2003 Σατανᾷ
841 1974 855 1997 ,
885 1936 1232 2010 ἀφαιρεθήσῃ
1258 1939 1348 1989 τοῦ
1378 1939 1711 2009 χαρίσματος
1732 1955 1746 1969 ⁸

183 2023 485 2091 καπηλείαν
516 2024 623 2095 γὰρ
656 2025 971 2095 ὲπεισάγεις
1001 2030 1113 2089 τοῖς
1140 2030 1525 2095 πνευματικοῖς
1564 2029 1655 2080 καὶ
1682 2029 1748 2098 τῇ

194 2114 538 2186 Ἐκκλησία,
597 2117 724 2169 ἔνθα
773 2118 1185 2187 πεπιστεύμεθα
1229 2119 1388 2188 σῶμα
1450 2121 1544 2172 καὶ
1613 2114 1750 2189 αἷμα

182 2205 420 2272 Χριστοῦ
451 2223 466 2236 ·
498 2209 671 2261 ταῦτα
693 2208 864 2272 οὕτως
897 2209 1140 2277 γίνεσθαι
1169 2210 1228 2262 οὐ
1270 2212 1397 2280 χρή.
1431 2212 1495 2263 Ὃ
1527 2210 1583 2262 δέ
1633 2213 1749 2263 ἐστι

180 2296 234 2347 τὸ
279 2297 567 2367 τέχνασμα
619 2299 803 2366 λέγωο
896 2298 1178 2369 νομίζουσι
1236 2302 1311 2370 μὴ
1384 2301 1744 2370 ἁμαρτάνειν·

179 2387 253 2457 τῷ
297 2389 373 2457 μὴ
402 2389 519 2458 ἅμα
546 2390 1012 2459 προσλαμϐάνειν,
1042 2392 1176 2446 ἀλλὰ
1210 2392 1349 2462 μετὰ
1377 2392 1476 2463 τὴν
1509 2409 1751 2462 χειροτο-

182 2478 295 2529 νίαν
332 2479 633 2549 λαμϐάνειν
668 2496 683 2510 ⁸
714 2481 902 2533 λαϐεῖν
941 2482 997 2534 δέ
1047 2483 1194 2535 ἐστιν
1229 2483 1522 2553 ὁτεδήποτε
1555 2484 1611 2536 τὸ
1658 2484 1752 2534 λα-

182 2568 313 2622 ϐεῖν.
352 2571 669 2640 Παρακαλῶ
719 2568 810 2624 οὖν
850 2573 1055 2644 ταύτην
1088 2575 1186 2645 τὴν
1234 2575 1513 2644 πρόσοδον,
1551 2576 1750 2645 μᾶλλον

181 2661 234 2714 δὲ
262 2662 366 2732 τὴν
400 2663 768 2733 προσαγωγὴν
790 2665 886 2733 τὴν
918 2666 1011 2717 ἐπὶ
1040 2666 1265 2733 γέενναν
1296 2666 1590 2719 ἀποθέσθαι
1617 2685 1630 2698 ·
1658 2669 1752 2720 καὶ

186 2756 255 2825 μὴ
306 2755 409 2817 τὰς
462 2760 648 2824 χεῖρας
710 2757 1039 2826 μολύναντες
1096 2758 1358 2820 τοιούτοις
1433 2758 1749 2827 λήμμασιν,

182 2847 412 2908 ἑαυτοὺς
476 2848 729 2912 ἀναξίους
788 2850 1051 2919 ποιήσητε
1115 2849 1210 2902 τοῦ
1274 2851 1539 2904 ἐπιτελεῖν
1621 2850 1753 2919 ἅγια

186 2940 484 3009 μυστήρια.
512 2939 795 3006 Σύγγνωτε
835 2941 891 2992 δέ
930 2954 1021 3009 μοι
1052 2955 1067 2969 °
1095 2939 1311 3010 πρῶτον
1372 2940 1472 3010 μὲν
1503 2942 1577 3003 ὼς
1630 2944 1755 2995 ἁπι-

1841 475 1986 545 quod
2011 476 2228 545 quidem
2253 476 2513 545 deprecor
2544 490 2609 529 ne
2636 476 2690 528 in
2719 474 2873 529 vobis
2891 476 3209 544 reperiatur,
3235 484 3291 530 ut
3312 492 3410 546 per

1841 561 2284 617 obtestationem.
2315 562 2457 627 Quid
2487 571 2666 616 autem
2700 570 2804 624 est,
2834 563 2979 631 quod
3007 562 3166 617 dico?
3207 562 3411 617 Dicun-

1848 659 1935 705 tur
1971 642 2211 706 nonnulli
2246 668 2310 706 ex
2342 653 2497 706 vobis
2526 653 2594 706 ab
2629 653 2694 707 iis
2736 652 2829 722 qui
2872 653 3217 717 ordinantur,
3241 668 3406 722 pecu-

1844 740 1963 796 nias
2004 741 2287 810 accipere,
2334 742 2495 811 idque
2547 741 2757 809 pietatis
2802 741 3021 796 nomine
3075 742 3408 797 inumbrarc.

1844 828 1959 882 Hoc
2009 838 2189 881 autem
2245 828 2396 897 pejus
2427 840 2529 882 est.
2581 828 2789 881 Etenim
2840 828 2883 882 si
2917 829 3041 898 quis
3077 828 3274 881 malum
3308 829 3412 882 sub

1846 915 2024 981 specie
2054 915 2179 968 boui
2204 916 2434 985 perﬁcit,
2463 931 2621 978 poena
2652 915 2849 983 duplici
2878 916 3072 982 dignus
3101 925 3209 969 est:
3236 931 3414 985 quan-

1845 1002 2135 1069 doquidem
2190 1012 2244 1054 et
2272 1002 2413 1070 quod
2464 1018 2571 1055 non
2602 1003 2803 1054 bonum
2834 1011 2939 1065 est,
2973 1001 3123 1065 facit,
3159 1010 3213 1055 et
3244 1003 3413 1056 utitur

1847 1095 1913 1146 ad
1955 1104 2233 1162 peccatum
2286 1094 2733 1148 committendum
2781 1094 2945 1157 bono,
2997 1103 3057 1146 ut
3107 1093 3177 1147 ita
3210 1094 3410 1159 dicam,

1848 1184 2119 1251 adjuture.
2157 1181 2281 1237 Haec
2309 1184 2354 1235 si
2389 1184 2459 1236 ita
2491 1199 2548 1237 se
2579 1183 2802 1248 habent,
2837 1182 3094 1251 deinceps
3121 1198 3226 1235 non
3258 1182 3411 1245 ﬁant,

1848 1274 1941 1327 sed
1985 1275 2345 1327 emendentur
2375 1292 2386 1326 :
2439 1273 2707 1343 siquidem
2752 1288 2977 1328 necesse
3006 1282 3085 1327 est
3115 1273 3295 1327 dicere
3322 1288 3416 1326 ar-

1848 1372 2067 1434 gentum
2100 1364 2406 1432 accipienti.
2440 1365 2586 1433 quod
2615 1364 2683 1417 ab
2710 1364 2974 1433 apostolis
3000 1363 3205 1418 dictum
3230 1372 3313 1417 est
3340 1363 3415 1425 ei,

1848 1460 1940 1528 qui
1977 1460 2107 1512 dare
2133 1460 2368 1523 volebat,
2399 1466 2455 1510 ut
2481 1458 2715 1526 Spiritus
2736 1457 2910 1512 sancti
2940 1458 3416 1526 participationem

1849 1560 2085 1604 emeret:
2123 1550 2352 1603 Pecunia
2393 1560 2482 1601 tua
2508 1559 2676 1603 tecum
2712 1551 2780 1601 sit
2809 1551 2862 1601 in
2891 1548 3234 1614 perditionem
3276 1549 3413 1603 “°".

1854 1639 1985 1693 Nam
2021 1641 2194 1694 levius
2224 1639 2491 1707 delinquit
2532 1639 2625 1706 qui
2663 1652 2773 1707 pne
2822 1638 3039 1691 inscitia
3066 1652 3251 1692 emere
3282 1638 3416 1702 vult,

1776 1711 1822 1769 Β
1856 1748 2015 1801 quam
2062 1732 2152 1800 qui
2193 1731 2283 1785 Dei
2334 1733 2533 1785 donum
2575 1731 2779 1784 vendit.
2822 1728 3071 1783 Venditio
3096 1728 3242 1785 enim
3278 1728 3418 1783 facta

1850 1836 1967 1889 est;
1999 1834 2052 1879 et
2090 1824 2233 1893 quod
2267 1832 2321 1877 tu
2374 1824 2540 1892 gratis
2586 1822 2866 1890 accepisti,
2910 1821 2961 1875 id
2992 1821 3039 1876 si
3077 1821 3416 1887 vendideris,

1854 1920 2114 1979 tanquam
2170 1912 2273 1980 71
2335 1910 2549 1964 Satanae
2598 1910 2849 1963 venditus
2901 1910 3071 1977 gratia
3113 1908 3417 1976 privabere.

1852 2002 1988 2055 Nam
2021 2002 2411 2070 cauponariam
2440 2000 2741 2054 iutroducis
2775 2000 2827 2053 in
2864 2014 2951 2054 res
2996 1998 3329 2068 spirituales,
3365 2007 3421 2052 ct

1852 2095 1904 2149 in
1940 2097 2112 2164 ipsam
2144 2094 2466 2160 Ecclesiam,
2510 2095 2599 2147 ubi
2633 2108 2831 2162 corpus
2866 2099 2919 2146 et
2947 2091 3184 2161 jsanguis
3216 2090 3418 2147 Christi

1853 2187 2167 2242 concredita
2218 2186 2378 2241 nobis
2420 2195 2567 2240 sunt.
2618 2185 2741 2239 Haec
2772 2186 2843 2238 ita
2877 2183 2993 2237 ﬁeri
3046 2198 3151 2237 non
3183 2191 3417 2253 oportet.

1854 2272 2022 2338 Quale
2050 2284 2231 2327 autem
2266 2272 2338 2326 sit
2384 2271 2696 2336 artiﬁcium,
2736 2270 2936 2325 dicam.
2981 2268 3180 2324 Putant
3208 2285 3266 2325 se
3298 2271 3420 2326 ideo

1852 2381 1961 2419 non
2013 2380 2265 2434 peccare,
2312 2364 2458 2433 quod
2495 2378 2601 2417 non
2647 2371 2773 2417 ante
2800 2362 3093 2430 accipiant,
3146 2362 3241 2417 sed
3298 2370 3423 2431 post

1853 2456 2250 2510 ordinationem
2284 2455 2571 2523 accipiant.
2607 2454 2864 2522 Accipere
2899 2462 3078 2507 autem
3114 2464 3197 2508 est
3248 2469 3424 2522 quan-

1855 2546 2144 2614 docunque
2192 2545 2460 2613 accipere.
2510 2544 2659 2614 Rogo
2714 2545 2917 2614 itaque,
2966 2545 3201 2598 reditum
3249 2545 3422 2608 illurn,

1855 2638 1966 2691 imo
1992 2638 2169 2705 potius
2195 2636 2336 2690 viam
2377 2637 2429 2689 in
2460 2636 2760 2705 gehennam
2794 2636 3077 2691 ducentem
3114 2635 3423 2704 relinquite,

1858 2742 1955 2781 nec
2011 2742 2204 2782 manus
2260 2727 2531 2797 ejusmodi
2584 2726 2907 2781 muneribus
2970 2725 3423 2789 contaminantes,

1865 2819 2120 2888 indignos
2163 2835 2258 2875 vos
2311 2819 2573 2883 eﬂiciatis,
2628 2819 2719 2887 qui
2774 2819 3030 2889 mysteria
3060 2828 3247 2872 sancta
3287 2817 3425 2873 cele—

1858 2910 2045 2965 hretis.
2082 2911 2345 2980 Ignoscite
2379 2923 2560 2964 autem
2598 2911 2752 2964 mihi.
2784 2909 3030 2964 Primum
3052 2910 3271 2978 quidem
3303 2919 3427 2963 tau-
3514 2926 3521 2939 ·

184 3003 393 3096 στήσας
423 3070 435 3093 ,
467 3003 675 3081 εἶτα-δὲ
720 3029 794 3091 ὼς
840 3003 1083 3091 πεισθεὶς
1130 3003 1385 3094 διπειλῶί
1411 3027 1464 3080 εί
1501 3046 1584 3091 τις
1615 3030 1751 3098 μετὰ

1860 3018 2023 3072 quam
2070 3018 2178 3057 non
2235 3004 2480 3067 credens,
2517 3003 2709 3057 deinde
2759 3012 3017 3072 tanquam
3076 3004 3233 3057 ﬁdem
3267 3003 3426 3057 adhi-

186 3120 391 3186 ταύτην
423 3135 523 3187 μου
561 3118 658 3187 τὴν
687 3118 970 3188 ἐπιστολήν
1013 3118 1237 3192 πράξειέ
1278 3136 1331 3171 τι
1356 3118 1614 3183 τοιοῦτον,
1647 3120 1754 3172 τῶν

192 3206 286 3274 μὲν
318 3207 555 3258 ἐνταῦθα
588 3206 989 3276 θυσιαστηρίων
1024 3206 1387 3277 ἀναχωρήσει,
1420 3206 1643 3277 ζητήσει
1701 3208 1757 3260 δὲ

188 3294 315 3347 ἔνθα
353 3296 456 3365 τὴν
506 3295 598 3347 τοῦ
648 3294 785 3347 Θεοῦ
814 3295 1033 3366 ,δωρεὰν
1075 3295 1380 3366 ἀγοράζων,
1417 3297 1755 3365 μεταπωλεῖν

188 3385 433 3438 δύναται.
492 3386 682 3454 Ἡμεῖς
732 3386 841 3454 γὰρ
882 3387 976 3437 καὶ
1018 3388 1072 3438 αί
1116 3385 1433 3456 Ἐκκλησίαι
1480 3386 1573 3438 τοῦ
1621 3384 1755 3439 Θεοῦ

188 3478 447 3548 τοιαύτην
494 3478 781 3547 συνήθειαν
819 3478 935 3539 οὐκ,
975 3477 1191 3547 ἔχομεν.
1230 3479 1325 3530 ’Ἑν
1380 3478 1438 3531 δὲ
1500 3478 1758 3547 προσθεὶς

190 3570 471 3637 παύσομαι
506 3584 519 3598 ’
569 3569 656 3623 διὰ
716 3570 1076 3638 φιλαργυρίαν
1120 3569 1328 3636 γίνεται
1385 3568 1594 3621 ταῦτα·
1629 3570 1661 3638 ἡ
1702 3569 1759 3621 δὲ

190 3661 529 3732 φιλαργυρία
577 3662 670 3713 καὶ
720 3661 842 3730 ῥίζα
889 3662 1107 3712 πάντων
1136 3660 1245 3713 τῶν
1290 3660 1475 3713 κακῶν
1496 3663 1635 3724 ἐστι,
1664 3660 1759 3712 καὶ

188 3752 513 3823 ὀνομάζεται
547 3752 944 3822 εἰδωλολατρία.
974 3752 1065 3821 Μὴ
1094 3747 1186 3804 οὖν
1216 3751 1310 3804 τοῦ
1337 3752 1574 3822 Χριστοῦ
1622 3768 1758 3822 προ-

189 3850 458 3914 τιμήσητε
509 3845 580 3896 τὰ
636 3845 851 3909 εἴδωλα,
891 3845 977 3897 διὰ
1014 3845 1207 3915 μικρὸν
1260 3844 1521 3914 ἀργύριον
1554 3862 1568 3877 ·
1626 3846 1759 3915 μηδὲ

190 3938 349 3991 πάλιν
380 3936 475 3989 τὸν
523 3936 721 3988 Ἰούδαν
766 3935 1099 4006 μιμήσησθε,
1134 3936 1379 4007 λήμματι
1421 3936 1759 4006 προδιδόντες

189 4027 463 4100 δεύτερον,
498 4028 589 4080 τὸν
641 4027 788 4091 ἅπαξ
814 4027 953 4097 ὑπὲρ
991 4026 1149 4096 ήμῶν
1174 4027 1553 4096 σταυρωθέντα
1588 4044 1602 4059 ο
1635 4028 1759 4079 ἐπεὶ

186 4123 368 4174 καὶτὰ
398 4120 576 4191 χωρία
603 4122 695 4173 καὶ
721 4122 777 4174 αἱ
826 4122 1001 4190 χεῖρες
1041 4119 1149 4172 τῶν
1186 4120 1313 4182 τοὺς
1342 4120 1586 4189 καρποὺς
1634 4119 1758 4172 τού-

186 4229 310 4278 τους
334 4213 662 4283 δεχομένων,
702 4210 1005 4279 Ἀκελδαμὰ
1028 4210 1407 4281 κληθήσονται.

185 4302 522 4372 Γενναδίου
551 4302 651 4354 καί
703 4301 811 4370 τῆς
849 4302 971 4355 σὺν
1008 4303 1165 4367 αὑτῷ
1194 4304 1480 4365 συνόδου,
1520 4305 1587 4357 ἐκ
1647 4304 1757 4372 τῆς

1866 3094 2018 3159 bens,
2062 3094 2399 3148 interuiinor.
2442 3093 2498 3147 Si
2533 3094 2655 3161 quis
2694 3102 2816 3162 post
2845 3094 2988 3147 hanc
3021 3108 3197 3147 meam
3221 3094 3426 3161 episto-

1862 3185 1968 3238 lam
2001 3186 2106 3238 tale
2133 3185 2335 3254 aliquid
2370 3183 2673 3249 admiserit,
2710 3184 2777 3238 ab
2813 3184 2898 3237 his
2929 3184 3150 3252 quidem
3185 3200 3304 3251 quae
3340 3183 3430 3239 hic

1864 3284 1992 3330 sunt
2037 3275 2298 3329 altaribus
2338 3275 2587 3329 secedet:
2616 3285 2824 3344 quaeret
2859 3284 3038 3329 autem
3073 3276 3163 3330 ubi
3201 3275 3296 3330 Dei
3331 3277 3432 3331 do-

1864 3382 1995 3420 num
2026 3382 2215 3421 emens
2258 3367 2437 3421 denuo
2484 3366 2775 3421 divendere
2801 3375 2985 3435 queat.
3032 3366 3142 3421 Nos
3187 3366 3332 3420 enim
3365 3381 3429 3419 ac

1865 3458 1958 3513 Dei
2006 3458 2261 3513 Ecclesia:
2306 3458 2757 3513 consuetudinem
2793 3460 2952 3512 talem
3003 3474 3109 3512 non
3141 3458 3427 3513 habemus.

1862 3547 2129 3601 Caeterum
2184 3564 2293 3603 uno
2332 3550 2517 3602 addito
2558 3549 2836 3619 ,desinam.
2878 3548 3108 3617 Propter
3143 3550 3428 3604 avaritiam

1866 3638 1966 3692 ista
1996 3638 2152 3692 tiunt.
2180 3638 2414 3692 Avaritia
2437 3649 2619 3693 autem
2645 3649 2697 3692 et
2721 3639 2873 3692 radix
2893 3640 3159 3693 malorum
3182 3641 3430 3694 omnium

1865 3738 1969 3793 est,
1993 3739 2046 3783 et
2065 3739 2291 3782 vocatur
2318 3728 2648 3783 idololatria.
2669 3728 2845 3784 Nolite
2867 3729 3029 3799 igitur
3055 3730 3269 3785 Christo
3289 3746 3430 3800 pra":-

1865 3817 2009 3874 ferre
2033 3821 2328 3875 simulacra
2351 3822 2421 3876 ob
2451 3822 2724 3876 modicum
2753 3832 3034 3890 argentum
3058 3838 3073 3886 ;
3108 3836 3217 3876 nec.
3239 3838 3430 3877 rursus

1862 3910 2057 3967 Judam
2108 3913 2328 3978 imitari,
2376 3920 2619 3982 quastus
2665 3928 2828 3967 causa
2897 3912 3097 3967 iterum
3153 3914 3432 3969 tradentes

1863 4020 2011 4070 eum,
2065 4006 2160 4075 qui
2197 4006 2361 4060 semel
2392 4021 2490 4075 pro
2517 4006 2674 4060 nobis
2704 4005 2999 4059 crucifixus
3026 4017 3128 4059 est.
3174 4005 3429 4075 Alioquin

1864 4109 1917 4153 et
1946 4099 2061 4167 agri
2094 4108 2149 4153 et
2171 4114 2365 4153 manus
2383 4113 2593 4162 eorum,
2621 4095 2713 4166 qui
2738 4098 2837 4151 hos
2867 4095 3069 4150 fructus
3102 4096 3429 4165 percipiunt,

1865 4188 2150 4243 Aceldatna
2186 4190 2542 4243 vocabuntur.
2692 4248 2695 4251 _

1870 4280 2131 4334 Gennadii
2178 4281 2497 4345 patriarcha
2548 4288 2599 4333 et
2645 4278 2833 4349 synodi
2878 4294 2995 4330 cum
3035 4278 3146 4347 ipso
3205 4278 3430 4346 epistola

252 4351 1290 4441 modo;spargagaaragcaav;
1311 4351 1751 4441 λιῆτρὶλπὶἇλιὶᾶξ

1934 4351 2199 4420 encyctica
2265 4352 2333 4402 ad
2387 4366 2561 4403 omnes
2626 4351 2987 4402 sanctissimos
3051 4351 3429 4417 metropolitas,

1943 4422 2072 4441 ._-._J
2101 4436 2199 4441 ---η
2242 4430 2467 4441 _.,-_-n._-
2506 4423 2666 4441 ...μΑιΣΑ
2703 4436 2886 4441 -.-----.-
2920 4421 3180 4441 ζ--.-.,...,...-

252 4440 616 4507 ἐπιστολῆς,
641 4440 796 4493 ὥστε
818 4442 901 4510 μὴ
925 4443 1285 4511 χειροτονεῖν
1304 4440 1403 4495 ἐπὶ
1432 4444 1755 4512 χρήμασιν.

190 4528 277 4594 Τῷ
326 4533 766 4600 θεοφιλεστάτῳ
808 4534 906 4586 καί
970 4534 1269 4599 όσιωτάτῳ
1317 4533 1761 4603 συλλειτουργῷ

254 4624 406 4689 τῷδε
460 4625 805 4692 Γεννάδιος,
855 4627 953 4680 καὶ
1006 4627 1045 4693 ἡ
1090 4625 1434 4693 ἐνδημοῦσα
1474 4624 1545 4693 τῇ
1592 4629 1761 4695 φιλο-

256 4719 482 4785 χρίστφ
514 4719 613 4771 καὶ
660 4718 934 4781 βασιλίδι
978 4719 1607 4773 Κωνσταντινουπόλει
1654 4720 1761 4786 νέᾳ

272 4810 461 4880 Ῥώμῃ
494 4813 633 4883 ἁγία
652 4814 931 4879 σύνοδος.

268 4901 330 4954 ’0
374 4907 651 4973 Δεσπότης
697 4905 850 4975 ήμῶν
880 4904 974 4957 καὶ
1019 4904 1150 4966 Θεὸς
1179 4904 1272 4956 καὶ
1309 4902 1498 4972 Σωτὴρ
1532 4899 1757 4970 Ἰησοῦς,

184 4995 498 5065 ἐγχειρίσας
525 5000 640 5059 τοῖς
661 4997 836 5063 ἁγίοις
885 4995 1050 5049 αὐτοῦ
1097 4995 1365 5065 μαθηταῖς
1394 4994 1486 5045 τοῦ
1517 4994 1761 5061 Εὐαγγε-

183 5080 300 5143 λίοιι
322 5085 385 5136 τὸ
412 5087 690 5156 κήρυγμα,
717 5086 1064 5148 διδασκάλους
1098 5086 1304 5147 τούτοις
1332 5087 1443 5147 τοῖς
1462 5084 1563 5137 ἀνὰ
1580 5086 1759 5137 πᾶσαν

182 5177 283 5247 τὴν
321 5180 643 5249 οἰκουμένην
696 5179 1002 5251 ἀνθρώποις
1050 5179 1470 5245 ἐξαποστείλας,
1525 5194 1760 5249 παρεκε-

184 5267 417 5321 λεύσατο
449 5271 745 5342 διαρρήδην
774 5273 841 5343 ἢν
875 5274 1127 5342 εἰλήφασι
1166 5273 1295 5343 παρ’
1334 5272 1497 5324 αὑτοῦ
1530 5270 1756 5340 δωρεὰν,

183 5358 391 5426 ταύτης
406 5360 499 5412 καὶ
514 5363 707 5424 αὐτοὺς
724 5365 831 5424 τοῖς
849 5362 1155 5432 ἀνθρώποις
1180 5361 1513 5430 μεταδιδόναι
1528 5362 1756 5431 δωρεὰν,

188 5446 266 5516 μὴ
290 5451 601 5519 κτωμένους
624 5453 759 5523 ὑπὲρ
773 5454 942 5523 αὐτῆς
959 5454 990 5524 ἦ
1006 5454 1248 5524 χαλκὸνῆ
1272 5454 1530 5524 ἄργυρον,
1561 5454 1593 5524 ἢ
1631 5471 1759 5523 χρυ-

1934 4422 2072 4489 quod
2100 4436 2202 4473 non
2234 4430 2467 4487 oporteat
2503 4423 2669 4487 pretio
2701 4436 2886 4471 manus
2918 4421 3201 4479 imponere.

1862 4511 2276 4582 Religiosissimo
2314 4521 2361 4565 et
2404 4512 2739 4565 sanctissimo
2774 4513 2827 4562 in
2866 4512 3032 4563 sacris
3074 4510 3433 4564 comministro

1936 4604 2009 4658 N.
2043 4604 2369 4669 Gennadius,
2401 4614 2448 4656 et
2483 4620 2596 4673 qua:
2632 4604 2685 4655 in
2716 4602 2915 4659 Christi
2945 4613 3157 4657 amante
3189 4604 3332 4672 regia
3356 4605 3435 4656 ri-

1933 4697 2095 4749 vitale
2117 4694 2577 4763 Constantinopoli
2593 4711 2721 4747 nova
2738 4694 2926 4758 Roma,
2950 4704 3131 4746 coacta
3150 4703 3226 4747 est
3246 4704 3433 4747 sancta

1932 4788 2161 4857 synodus

1933 4883 2066 4934 Cum
2120 4880 2381 4935 Dominus
2429 4888 2483 4934 et
2528 4879 2668 4934 Deus
2728 4879 2976 4932 Salvator
3028 4887 3215 4930 noster
3272 4873 3432 4927 Jesus

1862 4973 2115 5027 Cbrisuts
2173 4974 2277 5042 72
2334 4972 2450 5026 suis
2499 4971 2783 5040 discipulis
2836 4968 3109 5037 Evangelii
3168 4964 3429 5036 praedica-

1864 5064 2064 5117 tionem
2093 5065 2432 5127 credidisset,
2463 5078 2663 5131 cosque
2693 5078 2789 5132 per
2815 5062 3125 5113 ιιιεινυιειιιιι
3160 5067 3427 5109 terrarum

1862 5158 2046 5207 orbem
2076 5155 2216 5209 inter
2250 5155 2499 5207 homines
2532 5154 2598 5206 ad
2622 5152 2925 5207 docendum
2954 5151 3212 5209 misisset,
3242 5153 3430 5215 aperte

1857 5245 2040 5315 jussit,
2065 5257 2119 5299 ut
2153 5248 2295 5315 quod
2328 5248 2495 5315 gratis
2528 5246 2883 5313 accepissent,
2915 5242 2994 5294 eis
3023 5252 3240 5308 qquuc
3260 5234 3429 5303 gratis

1860 5339 2071 5398 darent,
2099 5354 2202 5391 non
2231 5353 2447 5401 aurum,
2472 5336 2551 5389 vel
2576 5343 2883 5403 argentum,
2909 5337 3004 5383 aut
3034 5328 3167 5379 alias
3203 5325 3429 5376 omnino

1863 5431 2170 5485 materiales
2188 5444 2239 5483 et
2259 5441 2501 5483 terrenas
2528 5427 2813 5482 facultates
2840 5440 2934 5492 pro
2954 5424 3030 5474 eis
3057 5417 3424 5487 acquirentcs.

187 5505 301 5600 οὖν.
316 5540 355 5608 ἦ
368 5505 487 5595 τίνα
497 5505 808 5613 περιουσίαν
1008 5505 1145 5610 gito;
1167 5505 1368 5617 ύλίκην.
1380 5505 1751 5616 ἢιγειίιδήῗίιίὴ

1860 5522 2185 5578 leestibus
2234 5521 2379 5575 cuitu
2435 5528 2489 5574 et
2529 5514 2911 5586 spiritunlibus
2960 5512 3119 5565 donis
3168 5505 3312 5560 nulla
3345 5510 3430 5557 est

258 5630 382 5663 ⁸⁸⁸⁸⁸
411 5636 528 5689 Act.
568 5652 660 5688 vm
680 5677 693 5699 ,
722 5637 812 5690 20.

510 5733 777 5794 Ριιτιιοι..
814 5734 931 5792 Gn.
982 5734 1134 5794 CIV.

3067 5715 3139 5771 17
