3904 6248
502 333 605 395 5‘33

1661 323 1920 384 PIIOTII
1958 320 2334 383 PATRIARC
2344 319 2465 381 ΗΖΕ
2511 318 2621 379 CP.

3623 309 3709 376 52L

501 460 627 503 cum
667 440 898 496 terrenis
947 446 1003 492 ct
1053 432 1439 504 temporalibus
1497 433 1853 487 mutuationis
1902 431 2095 489 ratius

2200 428 2276 500 ’ἀρ
2304 422 2447 481 εἶναι
2504 425 2613 477 τῶν
2649 424 2985 495 ἐπουρανίων
3033 424 3126 476 καὶ
3161 421 3537 491 πνευματικῶν
3576 439 3708 491 χαρι-

504 539 619 592 lloc
655 541 834 589 autem
866 536 1195 599 praeceptum
1234 542 1342 581 non
1377 524 1553 580 solum
1601 524 1727 587 illis,
1769 523 1861 578 sed
1905 524 2069 577 etiam

504 626 664 681 nobis
705 637 798 692 per
842 619 965 672 illos
1001 616 1170 679 dedit,
1210 630 1346 683 quos
1396 614 1449 667 in
1503 612 1718 666 illorum
1768 612 1993 681 gradum
2018 618 2073 665 et

502 719 678 770 locutu
705 711 1035 767 substituere
1061 709 1315 777 dignatus
1340 715 1423 759 est
1448 724 1460 758 :
1491 714 1545 759 et
1571 712 1805 774 oportet,
1832 704 1973 757 sicut
1997 702 2072 755 illi

502 816 653 871 tunc,
681 819 783 858 nos
812 816 1032 871 quoque
1086 814 1231 853 nunc
1257 806 1510 852 accurate
1544 805 1596 851 et
1639 795 1924 865 diligenter
1958 808 2074 848 ser-

501 912 661 960 vare,
712 910 812 949 nec
844 895 896 947 in
931 893 999 947 iis
1051 888 1366 945 ratiocinari
1412 887 1710 956 sophistica
1757 886 2071 950 calliditate,

504 997 604 1038 nec
634 982 808 1036 aleam
838 978 1201 1049 periculosam
1239 976 1420 1046 jacere
1455 994 1468 1030 :
1501 975 1705 1037 Gratis,
1757 974 1951 1043 inquit,
1984 990 2076 1027 ac-

506 1074 740 1143 cepistis,
770 1072 936 1142 gratis
968 1071 1090 1123 date
1114 1110 1128 1135 ,
1175 1085 1277 1122 non
1307 1069 1629 1137 possidentes
1656 1082 1726 1119 res
1747 1107 1761 1129 ,
1794 1082 1954 1135 neque
1980 1081 2078 1118 au-

508 1182 648 1230 rum,
678 1180 837 1234 neque
863 1172 1138 1232 argentum
1167 1162 1221 1213 in
1255 1161 1402 1214 zonis
1429 1159 1613 1213 vestris
1637 1158 1702 1213 οι.
1729 1156 1967 1226 Simplex
1994 1163 2079 1211 est

505 1266 562 1311 et
594 1266 777 1324 aperta
808 1251 972 1318 hujus
1007 1248 1247 1302 mandati
1277 1248 1437 1311 ratio,
1467 1261 1590 1317 quae
1630 1245 1765 1300 nihil
1794 1245 1958 1300 habet
1982 1259 2079 1297 va-

509 1346 674 1408 rium,
710 1340 844 1395 nihil
875 1338 1152 1408 quod;non
1184 1338 1258 1391 sit
1294 1335 1450 1390 facile
1471 1341 1526 1390 et
1559 1334 1909 1404 eXplicatum,
1944 1331 2080 1386 nihil

510 1434 659 1506 quod
695 1431 997 1501 sophistica
1039 1427 1383 1497 expositione
1416 1432 1593 1496 egeat.
1640 1424 1681 1477 Α
1729 1440 1835 1490 me,
1881 1423 2078 1493 inquit,

515 1523 805 1595 accepistis
828 1521 1147 1591 dignitatem
1196 1516 1508 1573 sacerdotii.
1540 1516 1598 1572 Si
1637 1517 1771 1570 mihi
1822 1532 1920 1585 pro
1964 1516 2083 1583 ipso

511 1632 705 1688 parum
734 1616 863 1686 quid
904 1613 988 1667 vel
1037 1625 1295 1680 magnum
1349 1608 1616 1674 solvistis,
1669 1618 1722 1661 et
1769 1608 1871 1665 hoc
1916 1622 1945 1661 a
1998 1621 2085 1661 me

511 1708 792 1765 venditum
834 1715 941 1771 est,
983 1720 1083 1759 vos
1112 1718 1333 1773 quoque
1370 1702 1549 1772 ipsum
1583 1701 1704 1755 aliis
1736 1700 1950 1754 vendite
1980 1717 1993 1751 :
2037 1684 2085 1753 si

2180 519 2403 590 σμάτων
2435 516 2670 587 ἀμοιϐὴν
2702 517 2770 567 τὰ
2795 515 2972 586 γεηρὰ
2998 516 3091 567 καὶ
3118 514 3378 583 ἐπίκηρα.
3406 513 3608 583 Ταύτην
3629 514 3712 581 τὴν

2172 610 2391 680 ἐντολὴν
2422 609 2484 661 οὐ
2528 607 2687 677 μόνον
2720 606 2969 667 ἐκείνοις,
2996 606 3129 658 ἀλλὰ
3152 606 3245 657 καὶ
3277 606 3407 673 ἡμῖν
3433 603 3497 655 δι’
3522 603 3713 657 ἐκείνων

2173 701 2506 762 ἐντέταλται,
2545 697 2638 760 οὓς
2668 698 2747 759 είς
2775 696 2865 748 τὸν
2895 696 3115 749 ἐκείνων
3141 695 3345 765 βαθμὸν
3375 710 3433 746 τε
3462 694 3555 746 xal.
3575 694 3712 746 τόπον

2175 791 2570 860 ὐπεισαγαγεϊν
2617 787 2945 856 κατηξίωσε.
2981 786 3089 839 Καὶ
3132 786 3211 838 δεῖ
3261 785 3512 855 καθάπερ
3547 785 3714 836 ἐκεῖνοι

2174 884 2330 947 τότε,
2392 881 2488 934 καὶ
2543 880 2689 950 ἡμᾶς
2749 878 2845 931 νῦν
2901 875 3144 948 ἀκριϐῶς
3197 875 3483 945 φυλάττειν
3536 891 3592 926 τε
3643 874 3718 925 καὶ

2176 975 2535 1047 παρατηρεῖν,
2553 974 2645 1026 καὶ
2670 972 2743 1044 μὴ
2764 971 3074 1041 σοφίζεσθαι
3091 970 3158 1023 τά
3173 970 3462 1038 ἀσόφιστα,
3493 966 3617 1037 μηδὲ
3642 967 3719 1019 κύ-

2178 1065 2270 1117 ϐον
2333 1064 2694 1134 ἀναρριπτεῖν
2758 1061 3118 1114 ἐπικίνδυνον.
3171 1058 3403 1127 Δωρεὰγ
3468 1057 3719 1119 ἐλάϐετε,

2178 1155 2331 1226 φησι,
2363 1153 2591 1220 δωρεὰν
2631 1152 2769 1207 δότε
2795 1169 2809 1185 ο
2861 1152 2946 1223 μὴ
2980 1150 3292 1218 κτήσησθε
3330 1149 3562 1217 χαλκόν
3594 1149 3721 1215 μήτε

2180 1245 2463 1316 ἄργυρον,
2514 1244 2669 1313 μήτε
2725 1242 2960 1311 χρυσὸν
2998 1243 3087 1307 είς
3136 1241 3244 1308 τὰς
3301 1239 3488 1304 ζώνας
3547 1238 3721 1306 ὑμῶν’

2179 1337 2383 1401 ἁπλοῦς
2413 1336 2504 1389 καὶ⁵
2536 1336 2712 1405 σαφὴς
2736 1336 2764 1387 ὁ
2791 1334 2889 1405 τῆς
2921 1333 3140 1402 ἐντολῆς
3162 1331 3365 1402 ταύτης
3400 1332 3554 1399 λόγος
3584 1331 3724 1393 ἐστὶν,

2181 1429 2332 1483 οὐδὲν
2376 1428 2618 1482 ποικίλον
2663 1428 2800 1497 ἔχων
2843 1425 2961 1478 οὐδὲ
2999 1425 3341 1492 δυσέφικτον,
3366 1422 3487 1475 οὐδὲ
3520 1437 3726 1487 σοφιστι-

2182 1521 2283 1591 κῆς
2299 1520 2548 1591 δεόμενον
2573 1519 2905 1589 ἐξηγήσεως.
2941 1515 3076 1587 Παρ⁹
3112 1514 3269 1584 ἐμοῦ,
3304 1514 3491 1582 φησὶν.
3510 1510 3725 1577 ἐδέξασθε

2183 1611 2245 1666 τὸ
2280 1611 2381 1680 τῆς
2430 1609 2838 1681 ἀρχιερωσύνης
2888 1607 3126 1677 ἀξίωμα.
3183 1607 3246 1659 Ei
3286 1606 3383 1675 μὲν
3427 1604 3563 1671 ὑπὲρ
3593 1600 3729 1655 αὐτοῦ

2191 1702 2384 1774 μικρὸν
2412 1702 2445 1772 ἢ
2489 1702 2633 1771 μέγα
2665 1718 2717 1754 τι
2744 1697 3131 1762 κατεϐάλεσθε,
3170 1696 3266 1750 καὶ
3313 1694 3474 1748 τοῦτο
3503 1694 3621 1762 ὑμῖν
3650 1691 3728 1742 πέ-

514 1810 697 1857 autem
745 1798 916 1870 gratis
963 1795 1277 1864 accepistis,
1326 1809 1424 1848 vos
1466 1808 1683 1861 quoque
1724 1791 1893 1861 gratis
1937 1791 2082 1845 date.

2200 1764 2398 1863 πραται
2428 1764 2741 1862 παρ’-ἐμοῦ,
2766 1789 2996 1843 πωλεῖτε
3036 1786 3132 1841 καὶ
3173 1786 3328 1855 ὑμεῖς
3354 1784 3559 1852 ἑτέροις
3605 1778 3729 1831 αὐτό.

513 1890 658 1957 Quid
715 1889 819 1943 hoc
862 1895 947 1941 est
993 1884 1252 1937 mandato
1308 1881 1583 1951 apertius?
1628 1881 1768 1947 Quid
1809 1890 1986 1936 autem
2020 1882 2088 1937 iis

516 1982 610 2052 qui
638 1990 863 2051 parent,
893 1976 1114 2031 utilius?
1137 1973 1225 2028 Va:
1255 1973 1360 2028 illis
1390 1987 1576 2027 revera
1608 1973 1695 2041 qui
1747 1972 1840 2026 Dei
1886 1974 2091 2028 donum

517 2072 820 2141 acquirere,
857 2069 937 2122 vel
973 2066 1100 2121 illud
1130 2079 1231 2134 pro
1264 2062 1491 2132 pecunia
1522 2062 1651 2117 dare
1672 2063 1725 2117 in
1744 2062 1985 2117 animum
2014 2063 2096 2116 in-

508 2166 744 2221 ducunt.
767 2162 823 2215 lu
849 2159 917 2213 l‘el
942 2159 1087 2213 enim
1118 2152 1500 2210 amaritudinis
1521 2161 1577 2208 et
1604 2153 1878 2207 vinculum
1903 2153 2100 2224 iniqui-

517 2256 646 2311 tatis
668 2256 727 2319 ii,
744 2253 895 2323 juxta
914 2249 1088 2305 sancti
1106 2247 1251 2302 Petri
1276 2247 1599 2301 sententiam
1620 2245 1688 2309 ⁸³,
1714 2261 1742 2298 a
1762 2260 1859 2299 sua
1892 2245 2098 2299 malitia

516 2342 900 2416 comprehensi
929 2349 1074 2396 sunt.
1108 2338 1258 2394 Unde
1284 2347 1339 2393 et
1369 2344 1685 2392 sanctorum
1731 2344 1786 2389 et
1816 2336 2096 2391 beatorum

519 2440 741 2495 Patrum
775 2442 976 2490 sanctae
1007 2446 1217 2502 magnae
1254 2428 1445 2501 synodi
1486 2427 1835 2483 cacumenicae
1875 2427 2103 2481 Chalce-

520 2534 663 2589 done
676 2534 1016 2597 congregatre
1036 2523 1168 2579 huic
1188 2521 1291 2591 legi
1313 2519 1606 2575 Dominica:
1625 2519 1729 2590 73
1751 2520 2003 2573 convenit
2018 2533 2108 2573 ca-

521 2639 655 2687 non,
679 2620 772 2691 qui
801 2620 880 2674 sic
906 2634 934 2671 a
966 2615 1124 2670 nobis
1154 2621 1341 2683 aperte
1368 2611 1559 2666 iisdem
1580 2611 1758 2664 verbis
1792 2609 1971 2664 editus
1999 2615 2106 2663 est.

2193 1883 2335 1937 Είδὲ
2376 1883 2584 1952 δωρεὰν
2627 1882 2906 1950 είλήφατε,
2936 1878 3053 1931 δότε
3104 1877 3197 1930 καὶ
3230 1876 3388 1944 ὑμεῖς
3441 1870 3656 1940 δωρεάν.
3681 1868 3732 1918 Τί

2195 1975 2294 2043 τῆς
2326 1972 2547 2043 ἐντολῆς
2575 1968 2777 2039 ταύτης
2813 1968 3183 2039 σαφέστερον;
3216 1963 3349 2017 τίδὲ
3379 1963 3494 2024 τοῖς
3540 1956 3733 2025 πειθαρ-

2200 2064 2356 2136 χοῦσι
2389 2061 2825 2131 λυσιτελέστερον
2846 2077 2862 2126 ;
2886 2058 3025 2114 Οὐαὶ
3063 2056 3140 2127 τῷ
3179 2055 3293 2110 ὄντι
3321 2055 3435 2115 τοῖς
3470 2047 3735 2136 κτήσασθαι

2205 2134 2304 2225 τὴν
2324 2151 2419 2205 τοῦ
2453 2150 2587 2204 Θεοῦ
2634 2148 2863 2219 δωρεὰν,
2890 2147 2924 2217 ἢ
2966 2146 3163 2199 διδόναι
3191 2142 3395 2210 ταύτην
3424 2138 3515 2192 διὰ
3557 2134 3738 2225 χρημά-

2200 2223 2309 2296 των
2342 2241 2693 2310 ὑπειληφόσιν
2721 2241 2734 2292 l
2766 2240 2843 2303 είς
2868 2238 2978 2304 γὰρ
3006 2235 3169 2306 χολὴν
3220 2230 3447 2303 πικρίας
3505 2229 3594 2281 καὶ
3642 2223 3739 2278 σύν-

2204 2334 2401 2404 δεσμον
2438 2334 2651 2396 ἀδικίας
2677 2332 2725 2385 οἱ
2754 2328 2984 2384 τοιοῦτοι
3029 2325 3172 2379 κατά
3216 2324 3316 2394 τὴν
3364 2320 3628 2390 ἀπόφασιν
3666 2313 3740 2367 τεῦ

2210 2426 2365 2493 ἁγίου
2425 2425 2631 2493 Πέτρου
2694 2422 3019 2491 ὑπάρχουσι,
3051 2414 3450 2484 συλληφθέντες
3511 2409 3609 2463 ὑπὸ
3662 2408 3742 2472 τῆς

2214 2516 2423 2570 ἑαυτῶν
2447 2514 2826 2585 φιλαργυρίας.
2868 2512 3029 2565 Ὅθεν
3061 2510 3154 2563 καὶ
3190 2506 3299 2559 τῶν
3344 2504 3511 2558 ὁσίων
3542 2505 3627 2556 καὶ
3657 2518 3740 2570 μα·

2214 2608 2419 2677 καρίων
2445 2607 2701 2676 Πατέρων
2730 2604 2836 2658 τῶν
2856 2605 2954 2672 τῆς
2984 2600 3144 2668 ἁγίας
3178 2598 3275 2650 καὶ
3307 2595 3551 2666 μεγάλης
3580 2591 3661 2645 καὶ
3685 2590 3736 2640 οἱ.

520 2677 851 2783 nouns-nni};
881 2707 1096 2760 συνόδου
1130 2677 1232 2775 της
1261 2705 1319 2756 ὲν
1351 2700 1655 2773 Χαλκηδόνι
1707 2698 2101 2769 συναχθείσης,
2142 2697 2220 2767 τῷ
2279 2696 2593 2766 Δεσποτικῷ
2644 2692 2817 2763 τούτῳ
2879 2691 3030 2760 νόμῳ
3061 2686 3299 2758 συνᾴδων
3341 2686 3370 2738 ὁ
3414 2682 3542 2753 περὶ
3586 2677 3743 2733 τούτου

529 2804 731 2869 κανὼν,
768 2801 901 2869 ἡμῖν
952 2795 1138 2864 σαφῶς
1184 2795 1383 2849 οὑτωσὶ
1439 2793 1648 2860 λέξεσιν
1695 2792 1883 2853 αὑταῖς
1927 2789 2333 2861 ὲκπεφώνηται.

544 2889 548 2893 ’
598 2894 653 2949 Si
672 2894 797 2963 quis
812 2891 1099 2960 episcopus
1120 2886 1386 2957 pecuniis,
1403 2895 1531 2949 etc.,
1551 2894 1606 2938 ut
1625 2901 1806 2953 supra,
1836 2901 1958 2955 pag.
1978 2882 2103 2938 515.

598 2981 972 3036 Pulcherrima
1002 2987 1056 3032 et
1086 2976 1245 3030 valde
1275 2977 1359 3043 pia
1389 2984 1516 3030 sunt
1542 2973 1705 3042 hujus
1733 2975 1960 3029 canonis
1982 2988 2107 3028 san-

2282 2881 2350 2934 Ei'
2372 2897 2456 2944 τις
2474 2878 2769 2940 ἐπίσκοπος
2794 2875 2889 2929 ἐπὶ
2917 2875 3183 2945 χρήμασι,
3210 2887 3266 2924 κ.
3292 2886 3342 2921 τ.
3374 2867 3427 2920 λ.

2283 2972 2559 3026 Κάλλιστα
2604 2969 2699 3022 καὶ
2746 2967 2865 3020 λίαν
2893 2964 3092 3033 εὐσεϐῆ
3107 2961 3200 3015 τοῦ
3225 2959 3451 3020 κανόνος
3481 2955 3583 3008 τῶν
3609 2950 3747 3019 ἁγίων

533 3082 751 3128 ctorum
801 3068 1024 3122 Patrum
1056 3074 1344 3137 praecepta,
1380 3064 1471 3133 qui
1503 3078 1723 3119 omnem
1765 3064 2095 3119 invasionem

2212 3064 2469 3134 Πατέρων
2500 3061 2733 3132 ὑπάρχει
2777 3058 2845 3111 τὰ
2878 3054 3334 3127 παραγγέλματα,
3361 3049 3544 3100 πᾶσαν
3591 3042 3746 3137 ἔφοδον

531 3165 833 3219 satanicam
879 3160 1317 3228 diabolicumqne
1362 3169 1651 3222 conatum,
1688 3156 1781 3226 qui
1821 3157 1875 3209 in
1903 3155 2095 3210 donum

2217 3132 2509 3226 σατανικὴν
2539 3153 2634 3206 καὶ
2660 3152 2770 3204 πᾶν
2811 3150 3115 3219 ἐγχείρημα
3151 3141 3460 3198 διαϐολικὸν
3504 3136 3632 3191 κατά

535 3255 821 3327 spirituale
871 3250 1194 3315 intenditur,
1228 3226 1458 3318 repellit
1501 3257 1556 3302 et
1620 3246 1904 3300 rescindit.
1949 3243 2095 3297 Nullc

2215 3250 2590 3321 πνευματικῆς
2624 3246 2925 3317 φερόμενον
2947 3241 3177 3312 δωρεᾶς,
3198 3234 3421 3292 ἀπωθοῦ
3431 3233 3566 3305 μενὰ
3595 3245 3649 3282 τε
3675 3226 3751 3279 καὶ

534 3349 680 3403 enim
711 3345 872 3399 modo
902 3342 1016 3396 vult
1043 3337 1408 3394 ordinationis
1434 3336 1831 3406 promotioncm
1860 3333 2104 3403 pecuniis

536 3446 630 3492 aut
660 3434 798 3500 ﬁeri,
830 3441 921 3487 aut
946 3429 1171 3497 suscipi,
1227 3443 1329 3481 nec
1358 3426 1426 3479 ab
1454 3441 1520 3479 eo
1547 3423 1640 3494 qui
1677 3424 1823 3477 illam
1868 3430 2105 3487 exercet,

538 3542 643 3583 nec
673 3526 742 3579 ab
775 3540 840 3578 eo
883 3522 975 3591 qui
1011 3517 1372 3574 ordinationis
1416 3516 1813 3586 promotioncm
1858 3516 2059 3585 accipit
2091 3533 2105 3569 :

538 3621 633 3675 sed
680 3632 781 3672 nec
828 3626 953 3668 ante
979 3624 1191 3680 tempus
1241 3609 1631 3675 ordinationis,
1666 3624 1766 3663 nec
1801 3619 1942 3677 post,
1990 3607 2107 3661 (lari

540 3709 805 3779 pecunias
829 3704 1080 3760 concedit
1108 3722 1121 3757 :
1156 3703 1402 3756 omnium
1432 3701 1574 3755 enim
1610 3701 1663 3753 in
1688 3700 1791 3754 hac
1814 3714 2032 3768 quoque
2055 3714 2111 3753 re

541 3817 662 3856 esse
685 3800 898 3861 sordes,
921 3809 1318 3864 munerumque
1338 3792 1744 3863 corrUptionem
1773 3792 2111 3862 pronuntiat.

544 3894 817 3961 Quoniam
860 3901 1042 3944 tamen
1095 3889 1163 3943 iis
1200 3887 1275 3941 ita
1326 3893 1509 3955 aperte
1548 3884 1858 3955 prohibitis,
1891 3883 2110 3953 quidam

544 3984 743 4039 suntin
773 3982 1085 4037 Galatarum
1111 3976 1349 4032 Ecclesia
1368 3974 1691 4044 deprehensi
1714 3982 1932 4043 propter
1958 3981 2115 4041 turpe

546 4076 758 4128 lucrum
794 4081 847 4125 ct
879 4070 1164 4122 avaritiam
1196 4067 1311 4119 haec
1334 4064 1599 4119 salutaria
1630 4074 1683 4117 et
1715 4064 1953 4117 humana
1978 4077 2115 4131 prae-

543 4174 699 4235 repta
727 4162 1001 4230 negligere
1028 4168 1081 4212 et
1101 4154 1405 4226 transgredi
1441 4171 1455 4207 :
1484 4169 1545 4208 ea
1576 4168 1794 4223 quoque
1819 4154 1937 4222 ipsa
1960 4152 2115 4207 nobis

546 4270 810 4313 renovare
844 4254 1021 4306 visum
1048 4259 1131 4306 est
1154 4265 1278 4303 cum
1310 4249 1412 4302 hac
1438 4254 1628 4301 saneta
1655 4246 1882 4316 synodo,
1918 4261 2039 4314 qua:
2062 4244 2115 4298 in

550 4350 650 4402 hac
675 4356 932 4411 regnante
965 4354 1104 4393 nova
1145 4337 1318 4390 Roma
1375 4349 1521 4389 nunc
1552 4332 1662 4403 agit
1700 4351 1712 4386 :
1749 4345 1806 4387 ut
1827 4334 1944 4388 sine
1968 4333 2118 4387 omni

549 4437 764 4506 penitus
811 4430 1146 4492 inventione,
1190 4434 1239 4479 et
1279 4424 1432 4478 omni
1478 4433 1769 4493 prattexlu,
1815 4422 2121 4490 callidoque

2210 3343 2606 3398 ἀνακύπτοντα.
2638 3338 2712 3391 Οὐ
2753 3335 3000 3407 βούλεται
3047 3331 3156 3402 γὰρ
3206 3328 3463 3398 οὐδαμῶς
3516 3323 3598 3377 διὰ
3643 3333 3752 3389 χρη·

2217 3436 2402 3505 μάτων
2466 3430 2757 3499 γίνεσθαι,
2810 3426 2909 3496 τὴν
2967 3420 3237 3495 προϐολὴν
3283 3419 3386 3488 τῆς
3458 3408 3752 3505 χειροτονίας

2210 3501 2242 3594 ἦ
2277 3522 2654 3591 ὑποδέχεσθαι,
2692 3517 2816 3571 οὔτε
2865 3514 3017 3585 παρὰ
3055 3512 3148 3566 τοῦ
3189 3513 3391 3579 ταύτην
3422 3501 3752 3594 ἐνεργοῦντος,

2209 3590 2331 3669 οὔτε
2388 3590 2536 3683 παρὰ
2563 3610 2656 3663 τοῦ
2684 3609 2782 3678 τῆς
2830 3604 3163 3678 χειροτονίας
3203 3602 3302 3673 τὴν
3339 3596 3609 3669 προϐολὴν
3650 3590 3753 3644 ὑποσ

2209 3703 2503 3774 δεχομένου
2529 3716 2541 3729 °
2578 3697 2690 3752 ἀλλ’
2737 3697 2859 3750 οὐδὲ
2889 3695 2996 3767 πρὸ
3045 3693 3141 3746 τοῦ
3175 3690 3366 3761 καιροῦ
3396 3689 3500 3756 τῆς
3549 3692 3754 3774 χειροτο-

2210 3765 2351 3857 νίας,
2401 3791 2519 3844 οὐδὲ
2571 3787 2707 3859 μετὰ
2737 3786 2829 3840 τὸν
2864 3765 3056 3854 καιρὸν
3112 3782 3212 3850 τῆς
3267 3774 3618 3849 χειροτονίας,
3658 3765 3755 3819 οὔτι

2213 3883 2353 3937 κατά
2385 3883 2474 3934 τὸν
2499 3878 2687 3946 καιρὸν
2717 3875 2880 3929 αὑτὸν
2908 3875 3005 3943 τῆς
3033 3870 3363 3942 χειροτονίας
3379 3866 3522 3933 ὑπὲρ
3544 3862 3634 3929 τῆς
3664 3872 3756 3927 χει-

2216 3972 2459 4045 ροτονίας
2493 3971 2751 4039 χρήματα
2781 3963 3017 4017 δίδοσθαι
3050 3961 3325 4031 συγχωρεῖ
3354 3974 3367 3988 ·
3401 3953 3627 4009 καθόλου
3667 3946 3753 4014 γὰρ

2213 4041 2313 4134 τὴν
2341 4063 2435 4116 ἐπὶ
2473 4060 2551 4130 τῷ
2596 4058 2883 4127 πράγματι
2942 4053 3118 4123 τούτῳ
3152 4048 3481 4120 δωροδοκίαν
3519 4041 3759 4108 ἀπέ-,ξησεν

2216 4156 2390 4225 ὂμως’
2419 4150 2608 4219 ἐπειδὴ
2631 4148 2725 4201 νῦν
2747 4146 2922 4199 καίτοι
2943 4141 3225 4214 προδήλως
3253 4136 3459 4190 τούτων
3488 4132 3651 4190 οὕτως
3691 4140 3761 4175 κε-

2218 4212 2565 4314 κωλυμένων,
2593 4212 2957 4309 ἐφωράθησάν
2992 4212 3151 4294 τινες
3199 4228 3341 4282 κατὰ
3386 4226 3492 4296 τὴν
3540 4212 3760 4314 Γαλατῶν

2218 4304 2607 4403 ὀλιγωροῦντες
2635 4304 2745 4380 ’καὶ
2790 4304 3229 4395 παραϐαίνοντες
3254 4314 3323 4368 δι’
3352 4304 3765 4403 αἰσχροκέρδειαν

2222 4398 2324 4478 καὶ.
2345 4398 2709 4492 φιλαργυρίαν
2733 4416 2803 4469 τὰ
2849 4415 3091 4483 σωτήρια
3115 4407 3285 4462 ταῦτα
3312 4404 3407 4458 καὶ
3449 4398 3767 4492 φιλάνθρωπα

551 4479 764 4506 πίνη-’νυ
812 4479 969 4484 ---·νν-
1003 4479 1146 4492 νηί-ι
1480 4479 1496 4493 ι
1757 4479 1767 4486 -
2030 4479 2046 4490 .

551 4530 885 4586 commento,
912 4518 1132 4587 impiam
1178 4516 1319 4569 hanc
1357 4523 1412 4566 et
1453 4513 1721 4577 odiosam,
1770 4528 1892 4579 quae
1937 4511 2095 4564 ηοεοὶς

2222 4479 2657 4585 παραγγέλῇαέα
2689 4549 2705 4576 ,
2776 4507 2836 4561 εὖ
2890 4479 3037 4575 ἔχειν
3104 4500 3248 4563 ἔδοξε
3294 4495 3388 4549 καὶ
3437 4493 3571 4587 ἡμῖν
3602 4527 3617 4553 ,
3657 4479 3769 4587 αὺτᾶ

552 4612 829 4687 quomodo
866 4612 917 4665 in
951 4606 1328 4664 sanctissimas
1363 4602 1637 4658 Ecclesias
1675 4602 1864 4667 subiit,
1900 4616 2095 4655 consue

2224 4574 2397 4659 ταῦτα
2424 4574 2597 4658 ’πάλιν
2651 4574 3061 4655 ἀνανεώσασθαι
3106 4590 3245 4663 μετὰ
3301 4588 3401 4657 τῆς
3467 4574 3770 4687 ἐνδημὲἱξηξ

555 4663 821 4687 ‘l"""“"
866 4663 914 4665 ’π
962 4663 969 4664 ί
1852 4663 1859 4667 .

552 4705 796 4760 tudinem
848 4700 1071 4755 omnino
1126 4694 1545 4760 exscindamus;
1610 4702 1670 4746 ut
1712 4706 1836 4745 cum
1886 4706 2022 4761 pura
2066 4705 2095 4745 e

2226 4697 2385 4765 ἁγίας
2437 4695 2654 4748 συνόδου
2694 4694 2751 4745 ὲν
2798 4688 2969 4759 ταύτῃ
2997 4688 3063 4756 τῇ
3098 4678 3454 4789 βασιλευούσῃ
3487 4672 3582 4742 νέᾳ
3607 4663 3773 4789 ἐΡώμτ.

554 4799 759 4866 absque
808 4794 913 4848 ulla
957 4787 1356 4861 cauponatione
1393 4799 1583 4839 eorum
1624 4783 1719 4854 qui
1772 4782 2095 4836 ordinantur

2226 4759 2816 4845 κ’ωνσταντινουπόλει,
2850 4778 2993 4831 ὥστε
3034 4776 3157 4844 δίχα
3201 4770 3381 4838 πάσης
3451 4759 3768 4866 «peace-afui,

554 4844 891 4943 rendntiatio
921 4883 988 4937 ab
1013 4844 1351 4935 antistitibus
1396 4874 1537 4929 facta
1570 4844 1759 4939 fuerit,
1788 4871 1962 4941 gratia
2003 4869 2095 4939 Spi

2228 4879 2324 4932 καὶ
2382 4875 2583 4938 παντὸς
2652 4868 2955 4942 σοφισμοῦ,
3011 4866 3109 4935 τὴν
3173 4860 3346 4930 ἀσεϐῆ
3401 4858 3499 4910 καὶ
3549 4844 3771 4943 βδελυρὰν

555 4981 698 5035 ritus
749 4975 922 5033 sancti
962 4986 1197 5041 superne
1226 4967 1423 5023 veniat.
1458 4964 1667 5031 Quibus
1697 4963 1884 5018 nescio
1926 4976 1993 5016 an
2028 4977 2094 5031 pe

2229 4968 2437 5038 ταύτην
2500 4966 2599 5018 οὐκ
2654 4961 2753 5018 οἷδ’
2805 4964 2951 5023 ὅπως
2992 4950 3417 5010 ἐπεισελθοῦσαν
3465 4947 3588 5006 ταῖς
3632 4941 3773 5004 ἁγιω·

556 5074 845 5143 pecunlam
880 5063 1275 5137 promotioncm
1311 5055 1661 5121 facientibus,
1716 5062 1772 5108 et
1806 5068 1970 5107 manu
2014 5066 2095 5107 n01

2233 5028 2422 5121 τάταις
2462 5056 2811 5127 Ἐκκλησίαις
2854 5047 3133 5110 παντελῶς
3185 5042 3443 5112 ἐκτεμεῖν
3473 5052 3489 5066 ’
3521 5037 3609 5088 ἵνα
3652 5028 3763 5129 ἀλτγ

558 5124 693 5235 pure
733 5124 1015 5231 operante,
1064 5155 1133 5209 ad
1193 5166 1319 5207 eum
1361 5148 1456 5220 qui
1502 5152 1855 5216 promovetur
1898 5144 2095 5199 accedit

2239 5148 2348 5212 θῶς
2369 5124 2750 5217 ἀκαπηλεύῖτου
2782 5143 2876 5197 καὶ
2902 5140 3150 5210 καθαρᾶς
3175 5135 3328 5205 παρὰ
3350 5132 3463 5184 τῶν
3510 5124 3776 5197 ἀρχιερέων

558 5222 858 5312 secundum
890 5246 999 5319 74
1030 5259 1222 5301 vocem
1255 5238 1555 5311 Evangelii,
1586 5245 1641 5291 et
1672 5250 1785 5290 non
1826 5235 2009 5305 potius
2046 5250 2095 5291 re

2237 5243 2338 5311 τῆς
2400 5239 2496 5293 ἐπὶ
2538 5239 2647 5292 τῶν
2704 5231 3199 5308 χειροτονουμένων
3257 5223 3615 5319 ἀναρρήσεως
3664 5222 3777 5319 γινο-

558 5347 793 5402 trahitur
842 5304 1015 5411 gratia
1064 5335 1239 5392 sancti
1282 5332 1541 5403 Spiritus.
1588 5327 1745 5381 Scias
1786 5341 1938 5397 ergo,
1983 5343 2016 5382 ο
2048 5329 2095 5381 vi

2239 5304 2428 5403 μένης,
2462 5330 2666 5385 ἀνωθεν
2795 5304 2889 5381 τοῦ
2942 5325 3097 5394 ἁγίου
3142 5318 3461 5388 Πνεῦματος
3484 5310 3640 5411 χάρις
3678 5304 3778 5411 Et}:

560 5390 783 5402 .......---
842 5390 1015 5411 Dm---
1326 5390 1339 5403 ,
1848 5390 1875 5397 _
1925 5390 1930 5391 ί

560 5433 973 5507 religiosissime
1014 5438 1070 5483 et
1099 5424 1251 5481 omni
1289 5439 1354 5478 ex
1386 5429 1541 5491 parte
1584 5416 1949 5486 sanctissime,
1982 5434 2092 5490 quo

2236 5426 2415 5496 φοιτᾷ.
2447 5424 2513 5477 Ὀ
2567 5421 2663 5476 νῦν
2723 5437 2788 5488 γε
2848 5420 2946 5473 οὐκ
2983 5415 3121 5480 οἶδα,
3153 5413 3201 5466 εί
3243 5409 3331 5463 διά
3374 5404 3668 5507 χρημάτωῖ
3702 5390 3779 5488 τῂν

561 5488 876 5601 quicunque
921 5521 1086 5593 hujus
1137 5515 1424 5576 convictus
1470 5511 1633 5567 fuerit
1674 5510 1988 5583 episcOpus,
2047 5532 2095 5570 vt

2238 5488 2506 5588 προϐολὴν
2536 5512 2895 5584 ποιουμένων,
2924 5511 3019 5563 καὶ
3063 5508 3124 5560 οὐ
3170 5504 3269 5573 τῆς
3311 5496 3495 5601 χειρὸς
3558 5488 3780 5601 καί)ῖὲ

603 5568 876 5596 ...μη-,μυ
921 5568 1085 5593 ...τ--
1143 5568 1417 5576 --ω---η
1707 5568 1725 5581 ,
1861 5568 1878 5583 ,
1974 5568 1986 5579 ,
2092 5568 2095 5570 .

562 5568 1004 5686 ciborepiscopus,
1038 5611 1120 5666 vel
1168 5609 1368 5673 viator,
1415 5603 1500 5658 vel
1539 5601 1839 5672 presbyter,
1884 5604 1970 5657 vel
2014 5605 2095 5660 dia

2241 5568 2589 5686 ἐνεργούσης,
2620 5568 2894 5677 ἐπιφοιτᾷ,
2914 5603 2994 5673 τῷ
3040 5568 3506 5671 προχειριζομὲνῳ
3545 5576 3678 5637 κατὰ
3702 5568 3781 5634 τὴν

632 5732 673 5762 ⁸⁸
708 5727 899 5783 Matth.
925 5740 1041 5789 ιιι,
1067 5723 1119 5790 8,
1146 5722 1198 5777 9.
1288 5719 1332 5751 "
1357 5716 1475 5771 Act.
1502 5726 1621 5766 vm.
1655 5712 1747 5766 20.
