3904 6248
220 307 311 372 525

1041 315 1435 375 SYNTAGMA
1488 316 1874 377 CANONUM.
1910 344 1977 353 -
2014 318 2161 377 TIT.
2198 319 2247 393 Ι,
2280 320 2435 381 CAP.
2481 323 2688 383 X‘XIV.

3364 328 3469 389 526

219 425 399 497 φωνὴν
445 424 545 479 τοῦ
576 429 939 500 κηρύγματος
961 467 977 493 ,
1021 431 1117 483 καὶ
1143 431 1262 500 οὐχὶ
1293 431 1633 485 συστέλλεται
1666 434 1789 503 μᾶλι

1908 447 2118 498 conus,
2161 434 2242 489 vel
2291 434 2470 505 quivis
2521 438 2662 492 alius
2704 452 2769 493 ex
2811 452 3021 495 canone
3049 440 3135 497 vel
3172 455 3242 498 ex
3288 441 3463 510 laicis,

218 521 306 573 λον
332 522 367 591 ἡ
401 520 497 573 τοῦ
559 522 721 590 ἁγίου
749 522 1065 590 Πνεύματος
1098 526 1277 593 χάρις.
1344 524 1683 577 Ἴσθιτοίνυν
1724 526 1794 578 τὰ

219 615 398 667 πάντα
417 650 433 676 ,
464 613 856 669 θεοσεϐέστατε
877 631 890 644 ·
933 615 1110 669 πάντα
1134 615 1224 669 τὸν
1245 614 1482 670 ὁντινοῦν
1509 616 1798 686 ἁλισκόμε-

216 722 313 756 νον
348 705 437 756 ἐπὶ
471 706 700 776 τοιούτῳ
743 709 850 760 τινὶ
896 706 1211 772 ἐπίσκοπον,
1244 708 1277 776 ἢ
1337 707 1710 779 περιοδευτὴν,
1764 710 1798 777 ἢ

218 795 612 865 πρεσϐύτερον,
643 797 677 867 ἦ
707 798 971 864 διάκονον,
1006 799 1039 869 ἢ
1084 798 1240 853 ἄλλον
1294 799 1416 852 τινὰ
1452 798 1650 871 δήποτε
1703 799 1798 852 τοῦ

216 887 448 949 κανόνος
494 887 527 956 ἢ
578 888 808 956 λαῖκδν,
871 891 1033 961 κοινῷ
1077 891 1307 961 δόγματι
1340 891 1448 944 τῶν
1502 892 1801 962 ἀρχιερέων

215 975 657 1047 κατακεκρίσθαι
686 977 784 1031 καὶ
834 982 985 1049 κοινῇ
1012 979 1198 1048 ψήφῳ·
1228 979 1409 1042 καθὼς
1444 981 1572 1050 περὶ
1610 979 1798 1032 τούτου

214 1066 321 1118 καὶ
344 1069 370 1119 ό
403 1068 512 1119 τῶν
557 1068 730 1136 ἁγίων
771 1071 1027 1140 Πατέρων
1055 1071 1237 1124 κανὼν
1272 1072 1482 1140 φθάσας
1529 1070 1795 1127 διαλαλεῖ.

213 1159 319 1209 Δεῖ
368 1159 475 1227 γὰρ
515 1154 655 1213 εἶναι
693 1161 850 1231 χάριν
887 1161 985 1231 τὴν
1026 1161 1204 1232 χάριν,
1239 1162 1334 1214 καὶ
1379 1161 1629 1232 μηδαμοῦ
1668 1163 1799 1231 παρ’

213 1251 363 1320 αὑτῇ
424 1251 731 1321 μεσιτεύειν
769 1251 1049 1323 ἀργύριον.
1078 1253 1261 1305 Ἔστω
1304 1249 1483 1304 τοίνυν
1529 1251 1626 1305 καὶ
1651 1249 1799 1304 ἔστιν

211 1346 633 1416 ἁποκήρυκτος,
664 1348 761 1400 καλ⁸
787 1346 969 1417 πάσης
1006 1347 1287 1417 ἱερατικῆς
1301 1345 1456 1410 ἀξίας
1484 1363 1544 1399 τε
1569 1346 1663 1399 καὶ
1690 1345 1801 1399 λει-

211 1438 481 1509 τουργίας
516 1438 813 1508 ἀλλότριος,
852 1439 945 1491 καὶ
976 1441 1042 1509 τῇ
1068 1436 1282 1509 κατάρᾳ
1305 1438 1399 1491 τοῦ
1455 1437 1799 1507 ἀναθέματος

214 1530 611 1600 ὑποκείμενος,
640 1531 669 1583 ὃ
712 1548 772 1583 τε
831 1528 1061 1583 κτᾶσθαι
1110 1528 1316 1598 ταύτην
1366 1527 1455 1581 διὰ
1498 1528 1797 1599 χρημάτων

210 1623 495 1691 οἰόμενος,
533 1621 631 1675 καὶ
659 1623 687 1674 ὁ
717 1621 922 1690 ταύτην
966 1619 1225 1691 παρέχειν
1252 1610 1341 1671 ὲτῖι
1386 1621 1661 1690 χρήμασιν
1690 1620 1795 1671 ὑπ-

212 1712 595 1783 ισχνούμενος,
655 1713 766 1765 εἴτε
823 1711 1081 1781 κληρικὸς
1125 1710 1233 1766 εἴτε
1291 1711 1478 1775 λαῖκδς
1519 1711 1635 1781 εἴη,
1692 1710 1796 1764 κᾶν

209 1805 517 1874 ἐλέγχοιτο,
581 1803 684 1857 κᾶν
723 1802 798 1873 μὴ
827 1802 1102 1872 ἐλέγχοιτο
1136 1801 1293 1854 τοῦτο
1338 1800 1625 1858 ποιεῖν.οὑ
1680 1801 1788 1869 γὰρ

209 1890 328 1948 οἷόν
352 1912 416 1947 τε
447 1893 879 1963 συμὸιϐασθῆναί
905 1910 1035 1947 ποτε
1072 1893 1141 1946 τὰ
1178 1892 1486 1963 άσύμϐατα,
1516 1891 1635 1945 οὐδὲ
1668 1890 1786 1962 Θεῷ

212 1986 584 2054 συμφωνῆσαι
623 1985 717 2038 τὸν
744 1986 1029 2055 μαμωνᾶν,
1058 1984 1092 2055 ἢ
1123 1986 1250 2048 τοὺς
1276 1983 1451 2055 τούτῳ
1501 1982 1782 2036 δουλεύον-

208 2094 313 2139 τας
338 2076 620 2131 δουλεῦσαι
653 2076 792 2147 Θεῷ.
824 2078 1126 2147 Δεσποτικὴ
1169 2077 1261 2130 καὶ
1292 2075 1430 2146 αὕτη
1476 2077 1625 2128 ἐστὶν
1653 2074 1788 2128 ἀπό-

176 2220 181 2223 .
208 2185 381 2236 φάσις
402 2168 804 2237 ἀναμφίλεκτος
833 2185 848 2198 ο
879 2170 961 2222 Οὐ
995 2169 1261 2224 δύνασθε
1301 2167 1422 2233 Θεῷ
1474 2166 1787 2221 δουλεύειν

132 2242 143 2263 ’
205 2258 313 2311 καὶ
360 2256 634 2326 μαμωνᾷ.
684 2257 902 2320 Τούτοις
958 2257 1382 2329 ἐπιθαρροῦντες
1441 2258 1601 2328 ἡμεῖς
1648 2255 1787 2309 κατὰ

204 2346 464 2415 δύναμιν,
505 2348 601 2400 καὶ
645 2347 855 2410 τούτοις
896 2348 1212 2410 ὑπείκοντες
1276 2348 1412 2417 μετὰ
1462 2345 1555 2399 τοῦ
1615 2345 1787 2419 ταῦτα

207 2438 492 2507 φήσαντος
547 2438 693 2491 κατὰ
744 2438 853 2491 τῶν
914 2437 1087 2492 ταῦτα
1133 2437 1635 2510 παρανομούντων,
1685 2435 1784 2506 τὴν

203 2528 487 2595 ἀπόφασιν
532 2526 900 2597 πεποιήμεθα.
922 2529 1267 2600 Φροντισάτω
1294 2528 1350 2580 δὲ
1375 2528 1471 2581 καὶ
1493 2529 1526 2597 ἡ
1554 2526 1620 2596 σὴ
1646 2528 1787 2579 ὁσιό-

202 2635 309 2688 της
336 2617 515 2671 ταῦτα
542 2617 632 2670 διὰ
657 2618 836 2688 πάσης
863 2619 1261 2689 παραφυλακῆς
1302 2618 1619 2688 ποιουμένη,
1648 2617 1784 2687 δῆλα

201 2710 554 2778 καταστῆσαι
590 2709 655 2762 δι’
678 2711 1046 2782 ἀντιγράφων,
1070 2711 1165 2765 καὶ
1188 2711 1299 2773 τοῖς
1328 2710 1432 2763 ὑπὸ
1449 2709 1509 2762 σὲ
1540 2708 1783 2778 θεοφιλε-

203 2803 431 2865 στάτοις
455 2803 779 2865 ἐπισκόποις
806 2802 899 2855 καὶ
926 2802 1315 2873 περιοδευταῖς,
1349 2801 1442 2854 καὶ
1467 2802 1577 2863 τοῖς
1606 2799 1781 2861 ἄλλοις

201 2893 415 2945 ἅπασιν
438 2907 452 2920 ·
486 2892 573 2944 ἵνα
604 2894 661 2945 ὲν
693 2892 773 2944 ἐνὶ
819 2892 1088 2960 πνεύματι
1131 2892 1226 2944 καὶ
1267 2892 1366 2961 μιᾷ
1407 2889 1551 2961 ψυχῇ
1579 2890 1779 2952 πάντες

1911 526 2194 580 communi
2223 527 2528 581 antistitum
2563 528 2801 594 decreto,
2828 533 3215 603 communique
3243 542 3465 590 senten-

1903 615 1976 669 tia
2000 616 2395 672 condemnatus
2416 625 2518 682 est,
2539 618 2677 673 sicut
2703 620 2770 673 de
2791 621 2891 675 hoc
2911 636 3129 691 quoque
3147 632 3463 679 sanctorum

1903 705 2126 760 Patrum
2161 709 2478 777 praecedens
2520 723 2695 763 canon
2738 711 2998 781 loquitur.
3046 711 3271 783 Oportet
3317 716 3462 769 enim

1903 798 2132 868 gratiam
2181 813 2399 867 semper
2444 814 2567 855 esse
2610 801 2858 869 gratiam,
2896 812 2949 857 et
2993 813 3275 873 argentum
3322 806 3465 874 apud

1904 903 2023 943 eam
2066 903 2411 958 nequaquam
2455 890 2813 946 intercedere.
2850 891 2934 947 Sit
2978 909 3106 963 ergo
3129 883 3183 948 et
3207 894 3277 948 ab
3315 897 3461 949 omni

1904 980 2227 1035 sacerdotali
2262 979 2528 1049 dignitate
2549 990 2604 1036 et
2636 981 2945 1038 mlnisterio
2983 985 3218 1050 alienus,
3248 994 3302 1040 et
3331 1000 3466 1039 ana-

1903 1070 2157 1126 thematis
2206 1070 2329 1125 loco
2370 1072 2668 1140 subjectus,
2723 1073 2816 1143 qui
2861 1083 2913 1127 ct
2959 1090 3018 1129 sc
3060 1089 3157 1144 per
3200 1078 3464 1145 pecunias

1902 1161 2190 1229 acquirere
2224 1161 2528 1224 existimat,
2578 1171 2629 1217 et
2680 1166 2772 1233 qui
2819 1179 2937 1218 eam
2987 1167 3234 1234 pecuniis
3264 1168 3465 1221 habere

1899 1252 2207 1320 pollicetur,
2252 1252 2367 1305 sive
2400 1253 2474 1307 sit
2515 1253 2764 1320 clericus,
2811 1256 2927 1311 sive
2976 1256 3167 1322 laicus,
3215 1258 3329 1312 sive
3359 1258 3465 1311 hoc

1899 1338 2078 1395 facere
2111 1339 2488 1405 convincatur,
2516 1342 2632 1395 sive
2654 1356 2757 1396 non
2784 1359 2799 1396 :
2832 1344 2959 1412 quia
2987 1344 3100 1398 ﬁeri
3130 1360 3236 1399 non
3259 1356 3461 1414 potest,

1899 1437 1960 1484 ut
2003 1431 2329 1485 conveniant
2373 1446 2493 1500 quae
2538 1434 2831 1488 convenire
2886 1444 3203 1505 nequeunt,
3263 1451 3365 1490 nec
3404 1446 3463 1491 ut

1899 1537 2209 1577 mammona
2244 1521 2351 1577 Deo
2390 1525 2728 1590 consentiat;
2756 1526 2842 1580 vel
2883 1536 2945 1581 ut
2976 1528 3069 1597 qui
3102 1527 3151 1582 ei
3195 1530 3459 1594 serviunt,

1899 1610 2010 1666 Deo
2038 1614 2298 1667 serviant.
2330 1613 2543 1683 Domini
2589 1624 2673 1670 est
2710 1618 3003 1681 sententia,
3040 1619 3125 1672 cui
3158 1621 3460 1676 contradici

1900 1718 2006 1757 non
2026 1712 2206 1772 potest
2228 1722 2241 1757 :
2261 1701 2383 1756 Non
2402 1706 2617 1771 potestis
2635 1704 2745 1759 Deo
2769 1708 2962 1760 servire
2983 1717 3032 1760 et
3055 1724 3368 1764 mammona:
3393 1710 3458 1763 ³³.

1825 1775 1867 1829 Β
1895 1791 2006 1847 Nos
2075 1794 2129 1848 in
2166 1794 2253 1848 his
2293 1808 2392 1863 pro
2431 1795 2636 1850 viribus
2676 1795 3047 1863 conﬁdentes,
3111 1807 3165 1852 et
3224 1800 3305 1853 eis
3345 1814 3463 1853 cre-

1894 1884 2104 1947 dentes,
2133 1900 2257 1940 cum
2290 1900 2356 1941 eo
2382 1887 2474 1956 qui
2506 1886 2623 1941 haec
2649 1886 2808 1951 dixit,
2854 1889 3121 1943 adversus
3150 1904 3246 1945 eos
3278 1889 3370 1959 qui
3402 1891 3455 1942 in

1892 1976 1962 2031 iis
1994 1985 2241 2047 peccant,
2291 1976 2614 2031 sententiam
2655 1978 3001 2047 protulimus.
3034 1977 3150 2033 Tua
3192 1980 3459 2036 sanctitas

1891 2080 2079 2121 curam
2105 2077 2276 2137 gerat,
2324 2068 2471 2121 omni
2516 2067 2756 2123 adhibita
2808 2069 3107 2139 diligentia,
3133 2080 3192 2125 ut
3218 2071 3331 2125 haec
3361 2087 3459 2140 per

1894 2159 2224 2229 transcripta
2254 2159 2591 2227 exemplaria
2625 2161 2979 2215 innotescant
3017 2171 3071 2215 et
3094 2161 3456 2217 sanctissimis

1893 2250 2165 2319 episcopis
2187 2251 2279 2319 qui
2313 2250 2407 2304 tibi
2447 2251 2703 2316 subsunt,
2751 2260 2805 2307 et
2834 2252 3224 2322 περιοδευταίς,
3254 2264 3303 2307 et
3334 2252 3456 2307 aliis

1893 2341 2150 2395 omnibus
2182 2360 2195 2395 :
2226 2351 2285 2395 ut
2316 2341 2370 2395 in
2404 2356 2517 2395 uno
2570 2344 2765 2411 spiritu
2802 2352 2855 2397 et
2887 2359 2994 2398 una
3038 2344 3218 2415 anima
3261 2356 3455 2397 omnes

1894 2431 2057 2486 simul
2103 2433 2393 2502 constipati
2434 2434 2731 2487 Christiani
2787 2434 3050 2489 adversus
3102 2448 3451 2489 communem

1834 2523 1844 2529 ’
1895 2522 2203 2590 inimicum,
2237 2522 2329 2578 Dei
2360 2526 2585 2591 auxilio,
2612 2526 2886 2595 possimus
2916 2525 3162 2579 avaritiae
3194 2525 3451 2590 radicem,

1890 2630 2010 2684 qum
2030 2616 2098 2669 ab
2127 2616 2219 2669 illo
2246 2616 2297 2669 in
2330 2617 2490 2671 nobis
2520 2617 2679 2670 insita
2698 2625 2802 2679 est,
2833 2631 2956 2671 cum
2983 2615 3241 2670 omnibus
3260 2629 3450 2669 eorum

1888 2707 2159 2763 malorum
2224 2707 2561 2778 germinibus
2630 2708 2971 2763 exscindere.
3036 2705 3264 2760 Omnem
3331 2721 3453 2775 qua:

1889 2806 2067 2854 tecum
2092 2806 2175 2853 est
2199 2798 2253 2851 in
2271 2798 2490 2853 Christo
2508 2798 2903 2852 fraternitatem
2925 2799 3250 2852 salutamus.
3275 2796 3453 2851 Fortis

1885 2890 2154 2945 exsistens
2168 2890 2222 2943 in
2238 2889 2474 2954 Christo,
2494 2905 2587 2943 ora
2603 2905 2700 2960 pro
2720 2890 2895 2953 nobis,
2908 2890 3249 2944 sanctissime
3262 2888 3448 2943 frater.

197 2982 341 3053 ὁμοῦ
371 2982 691 3053 Χριστιανοὶ
739 2982 1189 3053 συμφραξάμενοι
1227 2981 1370 3035 κατὰ
1420 2982 1515 3035 τοῦ
1567 2980 1748 3034 κοινοῦ
1795 2979 2110 3050 δυσμενοῦς,
2163 2979 2470 3050 ἰσχύσωμεν
2510 2981 2605 3033 σὺν
2639 2979 2755 3049 Θεῷ
2799 2982 2899 3050 τὴν
2950 2981 3041 3033 ὑπ’
3095 2981 3304 3033 ἐκείνου
3349 2998 3452 3048 φυ-

197 3075 489 3128 τευθεῖσαν
511 3074 568 3128 ὲν
589 3077 719 3144 ἡμῖν
744 3073 840 3145 τῆς
869 3075 1230 3146 φιλαργυρίας
1248 3075 1424 3147 ῥίζαν,
1447 3075 1563 3145 ἅμα
1580 3075 1745 3126 πᾶσιν
1768 3073 1934 3143 αὐτῆς
1965 3073 2071 3126 τῶν
2088 3074 2273 3126 κακῶν
2305 3077 2417 3135 τοῖς
2454 3072 2828 3143 βλάστημασιν
2858 3073 3129 3141 ἐκτεμεῖν.
3152 3074 3339 3125 Πᾶσαν
3351 3074 3451 3140 τὴν

198 3172 300 3225 σὺν
324 3172 414 3224 σοὶ
436 3172 496 3225 ἐν
514 3171 733 3243 Χριστῷ
759 3171 1090 3242 ἀδελφότητα
1111 3169 1609 3242 προσαγορεύομεν.
1644 3165 1982 3236 Ἐρῤωμένος
2009 3166 2065 3217 ὲν
2082 3165 2270 3235 Κυρίῳ
2296 3164 2595 3234 ὑπερεύχου
2620 3164 2794 3232 ἡμῶν,
2828 3163 3203 3231 θεοφιλέστατε
3231 3164 3447 3232 ἀδελφέ.

267 3261 561 3326 Γεννάδιος
612 3264 912 3327 ἐπίσκοπος
958 3260 1619 3325 Κωνσταντινουπόλεως,
1654 3256 1782 3320 νέας

212 3352 442 3424 Ῥώμης
472 3352 785 3424 ὑπέγραψα.

282 3529 648 3593 ’Δναστάσιος
704 3530 999 3594 ἐπίσκοπος
1056 3529 1457 3601 μητροπολίτης
1506 3528 1779 3600 Ἀγκύρας

200 3638 275 3673 υπ

268 3713 543 3783 Εὑνόμιος
574 3712 971 3783 μητροπολίτης
994 3711 1363 3783 Νικομηδείας
1399 3712 1493 3763 ὑπ.

264 3893 481 3959 Πέτρο;
523 3892 925 3963 μητροπολίτης
950 3891 1187 3954 Νικαίας
1218 3892 1313 3946 ὑπ.

269 4003 600 4073 Περγάμιος
659 4004 1063 4075 μητροπολίτης
1113 4002 1440 4072 Ἀντιοχείας
1475 4002 1576 4072 τῆς
1618 4003 1773 4056 Πισι-

192 4093 312 4156 δίας
339 4094 439 4146 ὑπ.

269 4184 494 4249 Παῦλος
537 4185 940 4257 μητροπολίτης
966 4182 1497 4256 Μαρκιανουπόλεως
1519 4184 1611 4237 ὑπ.

280 4369 585 4439 Νουνέχιος
621 4368 1023 4439 μητροπολίτης
1049 4368 1371 4432 Λαοδικείας
1411 4369 1505 4421 ὑπ.

259 4550 477 4623 Πέτρος
512 4549 915 4621 μητροπολίτης
956 4551 1220 4623 Γαγγρῶν
1253 4552 1346 4605 ὑπ.

266 4754 581 4824 Καρτέριος
612 4754 1018 4824 μητροπολίτης
1038 4752 1515 4817 Κλαυδιουπόλεως
1551 4753 1643 4810 ὑπ.

275 4934 594 5006 Ἀγαπητδς
629 4934 1030 5006 μητροπολίτης
1066 4934 1246 4989 Ῥόδου
1269 4937 1362 4989 ὑπ.

256 5133 609 5205 Ἐλευθέριος
640 5131 1043 5203 μητροπολίτης
1066 5131 1406 5203 Χαλκηδόνος
1439 5132 1533 5185 ὑπ.

260 5317 539 5384 Στέφανος
578 5315 980 5387 μητροπολίτης
1018 5315 1371 5385 Ἱεραπόλεως
1422 5315 1518 5386 τῆς
1550 5315 1765 5384 Εὐφρα-

188 5408 380 5477 maia;
400 5410 496 5463 ὑπ.

260 5500 564 5571 Γρηγόριος
599 5498 1003 5569 μητροπολίτης
1041 5498 1532 5569 Ἀδριανουπόλεως
1561 5500 1653 5553 ὑπ.

258 5681 566 5744 Λουκιανὸς
601 5680 1004 5752 μητροπολίτης
1037 5680 1213 5751 Βύζης
1240 5682 1333 5736 ὑπ.

255 5769 307 5801 ⁸³
350 5768 536 5824 Matth.
581 5785 656 5830 vr,
697 5769 788 5824 24.

1963 3258 2071 3329 76
2092 3256 2402 3311 Gennadius
2420 3257 2706 3326 episcopus
2726 3254 3271 3323 Constantinopoleos
3298 3270 3449 3310 novae

1808 3335 1850 3390 (ἶ
1886 3347 2071 3402 Romae
2102 3346 2430 3415 subscripsi.

1932 3438 2168 3493 Joannes
2180 3440 2465 3509 episcOpus
2477 3434 3109 3507 metropoleoslleracleze
3124 3438 3443 3507 subscripsi.

1945 3530 2265 3585 Anastasius
2309 3529 2599 3599 episcopus
2644 3528 3009 3598 metropoleos
3059 3530 3286 3599 Ancyrae
3313 3528 3447 3583 sub-

1876 3621 2089 3690 scripsi.

1946 3710 2245 3766 Eunomius
2273 3710 2562 3780 episcopus
2594 3709 2961 3781 metropoleos
2978 3710 3311 3766 Nicomedia:
3324 3711 3446 3767 sub-

1883 3806 2103 3874 scripsi.

1950 3897 2140 3951 Petrus
2165 3894 2454 3963 episc0pus
2488 3893 2852 3964 metropoleos
2878 3894 3069 3949 Nicaea:
3094 3897 3413 3966 subscripsi.

1952 3986 2267 4056 Pergamius
2300 3986 2589 4054 episcopus
2619 3987 2983 4054 metropoleos
3007 3986 3309 4043 Antiochiae
3349 3987 3441 4043 Pio

1881 4078 2034 4133 sidiae
2062 4077 2385 4145 subscripsi.

1947 4167 2150 4223 Paulus
2173 4168 2459 4238 episcopus
2483 4163 2849 4235 metrOpoleos
2874 4164 3284 4236 Marcianopolis
3309 4166 3436 4221 sub-

1879 4260 2094 4329 scripsi.

1949 4351 2265 4407 Nunechius
2305 4350 2593 4419 episcopus
2625 4346 2982 4415 metropoleos
3003 4345 3284 4401 Laodicea:
3311 4346 3437 4401 sub-

1877 4459 1981 4499 scrt
1990 4458 2094 4511 ρει.

1797 4504 1850 4563 D
1946 4504 2137 4587 Petrus
2177 4531 2468 4600 episcopus
2506 4528 2877 4599 metropoleos
2918 4526 3261 4595 Gangrorum
3306 4526 3408 4581 sub

1872 4642 2089 4695 SCI‘IpSI.

1943 4740 2222 4824 Cartcrjus
2269 4737 2557 4806 episcopus
2596 4730 2961 4801 metropoleos
3007 4729 3439 4802 Claudiopolita—

1871 4850 2063 4890 norum
2097 4830 2415 4898 subscripsi.

1938 4923 2213 4992 Agapetus
2272 4918 2562 4989 episcopus
2630 4913 2996 4983 metropoleos
3065 4911 3241 4966 Rhodi
3307 4912 3435 4965 sub-

1902 5028 2086 5069 CI‘IDSI.

1902 5030 1977 5069 cn
2020 5030 2086 5067 sn.

1872 5030 1898 5071 s
1947 5030 2300 5161 Eiieutberius
2354 5100 2649 5171 episcopus
2682 5094 3047 5165 metropoleos
3074 5088 3431 5146 Chalcedonis

1868 5200 2250 5357 ευέῗέἷιιιῗιῗίίυε
2272 5283 2562 5354 episcopus
2594 5277 2958 5347 metropoleos
2985 5267 3286 5339 Hicrapolis
3318 5266 3430 5323 Eu-

1866 5381 2154 5453 phratesize
2184 5373 2504 5443 subscripsi.

1941 5471 2237 5541 Gregorius
2288 5467 2574 5537 episcopus
2626 5456 2986 5527 metmpoleos
3047 5447 3430 5518 AdrianOpolis

1864 5562 2178 5630 subscripsi.

1933 5654 2207 5711 Lucianus
2227 5654 2516 5725 episcopus
2538 5651 2897 5723 metropoleos
2914 5651 3069 5721 Byza:
3104 5645 3424 5715 subscripsi.
