3886 6240
352 234 450 301 531

1479 232 1739 290 PHOTII
1786 231 2057 293 PATRIA
2067 233 2287 293 ΠΟΗιλΕ
2346 237 2456 296 CP.

3510 230 3636 295 532

351 344 528 416 magis
553 357 744 399 eorum
777 342 871 414 qui
906 356 1002 413 per
1027 340 1291 412 pecunias
1323 355 1520 396 manus
1546 341 1954 410 imposuerunt,

2058 346 2480 416 παραϐαινόντων
2506 344 2603 407 τὰς
2631 343 2920 407 κανονικάς
2952 342 3249 407 διατάξεις,
3319 340 3416 395 καὶ
3472 342 3630 397 πάνυ

351 438 435 494 vcl
469 439 758 507 imponunt
804 432 921 507 [Gn
954 434 1038 489 vel
1073 448 1269 488 manus
1307 432 1718 503 impositionem
1766 448 1926 487 acce-

354 526 613 599 perunt];
667 526 827 580 Petro
867 524 1052 579 divino
1092 523 1363 594 apostolo,
1416 524 1577 593 cujus
1607 523 1928 578 cathedram

353 620 545 673 sortita
595 626 681 673 est
720 616 959 671 fraterna
996 616 1256 671 sanctitas
1285 622 1492 678 vestra,
1527 614 1627 669 hos
1669 623 1929 685 tanquam

357 711 636 763 Simonem
709 707 925 778 Magum
992 706 1319 776 deponente.
1380 706 1558 776 Hujus
1626 705 1707 760 rei
1759 705 1932 776 gratia

358 814 464 853 non
512 796 967 868 subterfugimus,
1001 813 1113 868 quo
1145 797 1330 853 minus
1369 796 1760 851 annuntiemus
1788 796 1933 850 veri-

357 898 544 952 tatem,
580 888 955 943 custodientes
1004 896 1058 941 ct
1104 896 1355 943 tenentes
1385 903 1509 957 quae
1558 902 1589 940 a
1642 889 1848 941 sanctis
1881 895 1937 941 et

357 979 749 1034 laudatissimis
789 979 1053 1048 apostolis
1084 988 1139 1032 et
1182 979 1634 1033 memorabilibus
1678 977 1935 1032 Patribus

360 1070 563 1126 nostris
593 1070 857 1125 canonice
890 1079 1019 1124 sunt
1048 1069 1257 1137 prolata
1283 1087 1296 1123 :
1349 1080 1402 1124 et
1428 1070 1527 1125 hos
1555 1070 1648 1138 qui
1675 1069 1807 1139 quid
1839 1069 1937 1123 ho-

363 1178 480 1215 rum
509 1161 964 1231 contempserint,
1013 1160 1416 1214 abominamur.
1474 1160 1644 1230 Igitur
1698 1160 1938 1214 fraterna

359 1263 414 1308 et
443 1269 661 1310 summo
688 1253 998 1308 sacerdotio
1022 1252 1278 1306 decorata
1301 1252 1564 1307 sanctitas
1586 1262 1788 1316 vestra,
1816 1252 1939 1320 jure

362 1361 429 1400 ac
459 1346 761 1401 secundum
790 1344 881 1399 Dei
911 1344 1245 1399 voluntatem
1278 1344 1644 1414 pontiﬁcalem
1676 1345 1940 1400 ordinans

365 1437 617 1505 pietatem
653 1434 771 1507 [Gr.
814 1451 1036 1491 sacrum
1081 1436 1483 1489 hierarehieum
1516 1436 1827 1505 gubernans
1850 1451 1942 1488 or-

365 1527 596 1600 dinem],
638 1528 1074 1597 opinatissimam
1112 1528 1273 1581 habet
1324 1527 1574 1597 gloriam.
1614 1527 1763 1580 Dixit
1794 1528 1939 1580 enim

365 1635 463 1689 per
488 1619 804 1689 prophetam
840 1620 1051 1689 primus
1075 1627 1131 1673 et
1154 1633 1381 1686 magnus
1412 1633 1662 1672 summus
1681 1619 1938 1672 sacerdos

364 1711 618 1766 Christus
654 1711 797 1765 Deus
832 1720 1049 1765 noster:
1115 1710 1238 1764 Vivo
1288 1726 1403 1780 ego,
1454 1710 1544 1763 sed
1588 1710 1942 1780 gloriﬁcantes
1978 1695 2017 1749 Β

366 1820 448 1857 me
502 1802 813 1873 gloriﬁcabo
854 1802 921 1855 ⁸⁸.
973 1800 1127 1855 Nosti
1184 1803 1354 1866 enim,
1416 1803 1498 1855 vir
1552 1802 1945 1863 desideriorum

368 1894 627 1963 Spiritus,
662 1893 791 1962 quia
830 1893 1171 1947 tolerabilior
1202 1901 1286 1948 est
1311 1893 1610 1947 Macedonii
1655 1901 1710 1947 et
1752 1907 1946 1945 eorum

368 1979 461 2047 qui
489 1979 634 2033 circa
663 1979 841 2047 ipsum
872 1987 1021 2043 sunt,
1051 1977 1289 2047 Spiritus
1312 1979 1755 2047 impugnatorum
1781 1977 1947 2046 impia

370 2071 616 2126 hmresis.
675 2071 787 2125 lllis
858 2072 1003 2124 enim
1058 2079 1364 2143 creaturam
1444 2080 1499 2124 et
1558 2085 1776 2124 servum
1853 2068 1948 2123 Dei

371 2176 437 2217 ac
504 2161 682 2217 Patris
741 2161 1004 2230 Spiritum
1066 2161 1233 2215 delire
1296 2160 1639 2225 fatentibus,
1718 2161 1807 2215 isti
1864 2159 1951 2215 sui

374 2256 549 2325 ipsius
611 2270 758 2320 eum,
844 2265 906 2309 ut
984 2262 1300 2319 autumant,
1392 2269 1610 2308 servum
1687 2252 1947 2308 alliciunt.

373 2344 567 2401 Omnis
599 2345 746 2400 enim
791 2344 1049 2399 dominus
1098 2345 1244 2413 quod
1282 2344 1554 2408 habuerit,
1600 2345 1648 2399 si
1695 2344 1949 2410 voluerit,

374 2439 694 2503 venumdat,
747 2437 866 2494 sive
907 2452 1150 2501 servum,
1205 2437 1321 2493 sive
1366 2438 1513 2493 aliud
1570 2437 1703 2507 quid
1761 2451 1951 2492 eorum

374 2549 499 2604 quae
524 2532 785 2603 possidet.
820 2532 1087 2587 Similiter
1124 2540 1177 2585 et
1205 2531 1299 2601 qui
1339 2531 1491 2595 emit,
1546 2530 1802 2584 dominus
1854 2544 1953 2583 vo-

377 2625 499 2680 lens
543 2639 665 2679 esse
710 2624 831 2693 ejus
861 2622 1010 2693 quod
1048 2623 1267 2683 emerit,
1297 2638 1393 2691 per
1425 2623 1658 2691 pretium
1714 2622 1957 2690 pecunia}

376 2718 511 2773 illud
541 2718 795 2787 acquirit.
832 2717 908 2770 Ita
953 2727 1007 2770 et
1038 2716 1131 2785 qui
1181 2718 1342 2779 hanc,
1381 2716 1648 2784 iniquam,
1684 2716 1955 2769 actionem

378 2818 702 2878 Operantur,
771 2809 1068 2863 detrahunt
1122 2806 1350 2875 Spiritui
1415 2816 1626 2871 sancto,
1675 2808 1958 2875 aequaliter

374 2912 666 2971 peccantes
716 2902 799 2956 his
837 2902 930 2971 qtti
968 2901 1370 2968 blasphemant,
1408 2901 1652 2954 dicentes
1703 2901 1754 2953 in
1803 2899 1958 2954 Beel-

380 2992 553 3047 zebub
600 2991 799 3060 ejicere
844 2990 1113 3044 daemonia
1148 2989 1426 3043 Christum
1458 2982 1525 3042 ⁸³.
1554 2988 1733 3057 Atque
1768 2997 1827 3042 ut
1862 3004 1957 3041 ve-

380 3084 496 3137 rius
546 3082 817 3147 dicamus,
876 3079 1028 3135 Judae
1064 3088 1459 3149 comparantur
1532 3078 1805 3139 tradituri,
1865 3078 1960 3145 qui

379 3175 475 3230 Dei
504 3175 845 3229 occisoribus
879 3171 1082 3227 Judaeis
1108 3171 1283 3240 pretio
1313 3169 1523 3240 argenti
1550 3170 1834 3223 Christum
1867 3185 1962 3222 ve-

379 3265 681 3319 numdedit.
714 3264 849 3318 Cum
886 3277 1020 3330 ergo
1061 3271 1284 3316 sanctus
1317 3260 1558 3330 Spiritus
1597 3261 1964 3315 consubstan-

381 3357 528 3412 tialis
572 3356 646 3412 sit
696 3356 915 3411 Christo
952 3354 1061 3408 Deo
1098 3362 1312 3417 nostro,
1343 3352 1590 3421 ejusdem
1629 3354 1858 3406 omnino
1911 3360 1966 3406 et

381 3448 483 3517 ipsi
502 3448 768 3518 portionis
787 3455 970 3510 erunt,
993 3445 1173 3514 soul
1196 3455 1478 3499 ostensum
1503 3452 1607 3498 est.
1631 3443 1684 3499 Si
1707 3459 1835 3498 vero
1858 3458 1964 3498 non

380 3537 636 3594 venditur
664 3537 1037 3605 (perspicuum
1071 3534 1216 3590 enim
1248 3542 1354 3599 est,
1389 3533 1534 3603 quod
1565 3523 1717 3588 nullo
1750 3533 1957 3599 modo),

382 3645 492 3684 non
526 3636 615 3681 est
640 3626 830 3695 procul
864 3626 1030 3679 dubio
1087 3625 1142 3678 in
1173 3624 1255 3679 eis
1285 3625 1459 3694 gratia
1512 3624 1749 3694 Spiritus
1787 3621 1964 3677 sancti

382 3718 439 3774 id
482 3723 590 3781 est,
619 3715 911 3770 sacerdOtii
946 3714 1233 3769 sanctitas.
1266 3714 1399 3767 Nam
1438 3714 1582 3783 quod
1610 3729 1716 3766 non
1743 3728 1966 3781 accepe-

384 3819 536 3872 runt,
573 3823 681 3863 non
715 3808 938 3861 habent.
970 3807 1244 3860 Mcmores
1278 3820 1409 3874 ergo
1449 3806 1559 3859 sint
1582 3805 1755 3859 sancti
1795 3804 1964 3869 Petri,

384 3900 454 3954 ad
480 3916 607 3955 eum
647 3900 739 3970 qui
783 3899 887 3953 hoc
916 3897 1170 3952 studebat
1217 3897 1292 3951 ita
1340 3898 1687 3952 dicentibus:
1732 3896 1855 3951 Non
1888 3908 1966 3953 est

386 3991 484 4048 tibi
532 4007 679 4061 pars,
734 4005 897 4059 neque
948 4003 1065 4042 sors
1115 3989 1170 4040 in
1209 4002 1448 4040 sermone
1479 3988 1575 4039 hoc
1602 3986 1669 4038 9°.
1725 3985 1782 4040 Si
1819 3988 1965 4042 enim

384 4082 755 4138 vcnumdatur
792 4078 1087 4134 sacerdotii
1116 4078 1373 4146 dignitas,
1417 4092 1547 4146 ergo
1582 4077 1856 4147 superﬂua
1885 4088 1970 4133 est

387 4173 729 4244 apudipsos
780 4171 905 4225 vitae
945 4154 1248 4240 probabilis
1282 4168 1446 4233 actio,
1505 4177 1559 4222 et
1612 4170 1666 4222 in
1717 4170 1970 4223 castitate

387 4256 624 4335 aliisque
679 4264 979 4318 virtutibus
1048 4263 1418 4317 conversatio.
1498 4260 1818 4331 Superﬂuus
1886 4270 1970 4316 est

2033 458 2095 509 γε
2126 440 2327 507 μᾶλλον
2358 438 2469 492 τῶν
2495 438 2589 491 ἐπὶ
2620 439 2867 507 χρήμασι
2898 434 3408 507 χειροτονησάντων
3437 433 3468 498 ἢ
3500 450 3629 503 χει-

2037 532 2450 604 ροτονηθέντων,
2505 530 2715 599 Πέτρου
2754 528 2848 581 τοῦ
2883 528 3029 582 θείου
3069 526 3399 589 ἀποστόλου,
3431 518 3490 576 οὗ
3527 527 3633 577 καὶ

2032 630 2133 699 τὴν
2162 626 2429 696 καθέδραν
2454 620 2806 693 ἐκληρώσατο
2828 624 2861 691 ή
2889 620 3149 690 ἀδελφικὴ
3185 619 3346 688 ὑμῶν
3365 618 3629 685 ἁγιότης,

2036 722 2111 783 ὼς
2143 719 2364 789 Σίμωνα
2392 717 2485 770 τὸν
2514 716 2707 782 Μάγον
2752 713 2947 766 τούτου
3000 712 3353 774 καθελόντος.
3414 709 3633 762 Τούτου

2035 812 2223 864 ἕνεκεν
2250 809 2349 878 οὐχ
2377 804 2819 874 ὑποστελλόμεθα
2839 803 2933 856 τοῦ
2964 802 3324 870 ἀναγγέλλειν
3350 800 3454 870 τὴν
3484 800 3631 866 ἀλή-

2038 902 2211 962 θειαν,
2258 897 2618 968 φυλάττοντες
2662 894 2759 949 καὶ
2813 893 3146 964 κρατοῦντες
3183 894 3253 947 τὰ
3302 892 3463 961 παρά
3512 890 3634 940 τῶν

2038 995 2209 1063 ἁγίων
2232 992 2326 1046 καὶ
2369 988 2751 1058 πανευφήμων
2785 987 3127 1047 ἀποστόλων,
3158 986 3255 1039 καὶ
3307 984 3420 1036 τῶν
3454 982 3635 1035 ἀοιδί-

2044 1103 2159 1157 μων
2184 1082 2445 1154 Πατέρων
2477 1081 2640 1151 ἡμῶν
2677 1077 2978 1140 κανονικῶς
3002 1076 3310 1129 ἐκδοθέντα.
3344 1074 3457 1125 Καὶ
3491 1074 3549 1125 εἴ
3578 1088 3633 1121 τι

2040 1177 2245 1230 τούτων
2270 1172 2558 1245 παρεϐἀθη
2604 1171 2710 1224 ὑπό
2743 1186 2926 1233 τινων,
2979 1164 3400 1238 βδελυττόμεθα.
3439 1163 3501 1214 'll
3533 1162 3634 1214 οὖν

2042 1266 2305 1337 ἁδελφικὴ
2335 1266 2488 1335 ὑμῶν
2519 1258 2968 1333 ἀρχιεροπρεπὴς
3002 1256 3310 1325 ἁγιωσύνη,
3344 1254 3633 1321 ὲνθέσμως

2045 1361 2140 1415 καὶ
2169 1358 2312 1413 κατά
2361 1356 2496 1410 Θεοῦ
2530 1355 2803 1425 βούλησιν,
2840 1351 3259 1422 πρυτανεύουσα
3292 1348 3392 1419 τὴν
3441 1351 3635 1416 leg/ap-

2046 1453 2204 1527 χικὴν
2240 1449 2543 1520 ἁγιστείαν,
2579 1447 2863 1516 διαϐόητον
2896 1445 3007 1514 ἔχει
3036 1444 3136 1511 τὴν
3195 1441 3378 1505 δόξαν.
3425 1439 3633 1510 Εἰρηκε

2046 1548 2156 1617 γὰρ
2176 1544 2262 1599 διὰ
2283 1542 2375 1596 τοῦ
2405 1541 2686 1611 προφήτου
2718 1541 2745 1591 ὁ
2781 1535 2993 1607 πρῶτος
3020 1536 3114 1588 καὶ
3137 1534 3313 1603 μέγας
3337 1532 3636 1602 ἀρχιερεὺς

2050 1636 2286 1707 Χριστὸς
2314 1636 2342 1687 ὁ
2374 1633 2524 1696 Θεὸς,
2548 1631 2642 1684 καὶ
2676 1629 2771 1682 νῦν
2798 1645 2952 1697 φησι,
2979 1625 3070 1678 Ζῶ
3093 1626 3227 1695 ἐγὼ,
3259 1625 3399 1677 ἀλλ’
3424 1622 3463 1689 ἧ
3494 1622 3636 1684 τοὺς

2048 1722 2406 1788 δοξάζοντάς
2431 1736 2507 1789 με
2533 1718 2795 1782 δοξάσω.
2826 1712 2988 1778 Οἶδας
3012 1714 3139 1784 γὰρ.
3172 1715 3303 1783 ἆνερ
3326 1712 3637 1780 ἐπιθυμιῶν

2048 1815 2157 1867 τῶν
2208 1811 2302 1865 τοῦ
2354 1809 2691 1880 Πνεύματος,
2730 1808 2813 1860 ὅτι
2854 1805 3201 1875 φορητοτὲρα
3252 1802 3459 1873 μᾶλλόν
3514 1805 3637 1854 ἐστι

2049 1902 2386 1960 Μακεδονίου
2419 1900 2515 1953 καὶ
2539 1899 2648 1951 τῶν
2682 1898 2825 1967 ἀμφὶ
2868 1895 3033 1949 αὐτὸν
3087 1893 3574 1963 πνευματομάχων
3606 1892 3638 1958 η

2051 1993 2318 2064 δυσσεϐὴς
2352 1991 2563 2060 αἵρεσις
2586 2006 2599 2020 ·
2633 1989 2859 2041 ἐκείνων
2888 1984 2998 2055 γὰρ
3050 1982 3280 2051 κτίσμα,
3311 1983 3411 2034 καὶ
3446 1979 3661 2032 δοῦλον.

2051 2086 2145 2140 τοῦ
2167 2082 2303 2137 Θεοῦ
2336 2082 2432 2136 καὶ
2455 2077 2688 2149 Πατρδς,
2733 2077 2794 2129 τὸ
2835 2076 2988 2142 ἆγιον
3048 2073 3275 2142 Πνεῦμα
3325 2069 3640 2138 ληρῳδούν-

2053 2194 2183 2242 των,
2208 2170 2355 2231 οὗτοι
2387 2172 2599 2227 ἑαυτῶν
2626 2170 2701 2232 ὡς
2727 2165 2947 2221 δοκοῦσι
2969 2166 3155 2218 δοῦλον
3202 2162 3337 2216 αὐτὸ
3384 2158 3603 2213 ποιοῦσι
3622 2173 3636 2187 ·

2056 2269 2163 2330 πᾶς
2188 2243 2295 2336 γὰρ
2319 2262 2603 2331 δεσπότης,
2620 2260 2648 2312 ὅ
2667 2276 2720 2312 τι
2745 2258 2809 2311 ἂν
2833 2256 2942 2327 ἔχοι
2970 2256 3019 2306 εί
3050 2253 3288 2323 βούλοιτο
3313 2248 3637 2319 πιπράσκει,

2055 2362 2169 2418 εἴτε
2214 2358 2431 2428 οἰκέτην
2460 2355 2569 2408 εἴτε
2616 2354 2804 2423 ἕτερον
2839 2350 2867 2401 ὃ
2902 2350 3164 2417 κέκτηται
3188 2363 3202 2376 ·
3235 2344 3504 2405 ὡσαύτως
3544 2340 3642 2393 καὶ

2054 2457 2083 2508 ὀ
2114 2448 2423 2522 ἀγοράζων,
2474 2447 2741 2513 δεσπότης
2777 2441 3101 2511 βουλόμενος
3142 2432 3285 2489 εἶναι
3314 2434 3411 2487 τοῦ
3439 2434 3639 2522 ᾑγοραο

2059 2544 2280 2613 σμένου,
2309 2539 2399 2593 διὰ
2444 2537 2609 2607 τιμῆς
2640 2532 2904 2604 ἀργυρίου
2934 2530 3092 2581 τοῦτο
3123 2528 3343 2580 κτᾶται.
3376 2521 3563 2582 Οὕτως
3592 2521 3640 2571 οἱ

2058 2611 2264 2702 ταύτην
2293 2632 2393 2695 τὴν
2428 2629 2666 2697 ἄθεσμον
2718 2625 2917 2694 πρᾶξιν
2943 2619 3301 2691 ἐργαζόμενοι
3340 2611 3639 2667 καταϐιϐά-

2062 2727 2215 2791 ζουσι
2242 2722 2304 2774 τὸ
2344 2720 2568 2788 Πνεῦμα
2621 2716 2681 2767 τὸ
2714 2716 2891 2782 ἆγιον,
2953 2712 3042 2763 ῑσα
3074 2706 3488 2778 ἁμαρτάνοντες
3530 2704 3644 2762 τοῖς

2064 2811 2477 2888 βλασφημοῦσιν
2507 2814 2564 2862 ἐν
2593 2805 2923 2869 Βεελζεϐοὺλ
2958 2801 3242 2855 ἐκϐάλλειν
3271 2799 3339 2851 τά
3394 2795 3643 2863 δαιμόνια

2061 2887 2153 2964 τὸν
2189 2905 2423 2979 Χριστόν
2446 2919 2457 2932 ·
2487 2903 2520 2972 ἢ
2547 2902 2607 2955 τό
2638 2918 2702 2968 γε
2735 2897 3096 2968 ἀληθέστερον
3122 2894 3317 2954 εἰπεῖν,
3342 2887 3641 2958 παρεοίκα-

1987 3024 2029 3081 C
2065 3018 2150 3053 σιν
2188 2978 2359 3067 Ἰούδᾳ.
2384 2996 2462 3066 τῷ
2488 2993 2744 3064 προδότῃ,
2792 2989 2850 3052 ὃς
2880 2990 2992 3050 τοῖς
3027 2984 3329 3044 θεοκτύνοις
3371 2978 3644 3081 Ἰουδαίοις

2063 3089 2233 3159 τιμῆς
2258 3064 2524 3157 ἀργυρίου
2549 3084 2640 3136 τὸν
2670 3079 2905 3152 Χριστὸν
2942 3075 3393 3147 ἀπεμπολήσατο.
3436 3072 3523 3131 Ὡς
3553 3064 3644 3120 οὖν

2063 3181 2125 3235 τὸ
2152 3180 2306 3247 ἅγιον
2331 3175 2556 3244 Πνεῦμα
2599 3170 2884 3244 όμοούσιόν
2939 3170 3058 3220 ἐστι
3123 3163 3348 3236 Χριστῷ
3401 3161 3483 3230 τῷ
3523 3159 3640 3229 Θεῷ

2063 3269 2243 3342 ἡμῶν,
2284 3270 2385 3340 τῆς
2418 3266 2591 3336 αὐτῆς
2618 3262 2781 3319 παντί
2814 3278 2915 3314 που
2957 3259 3115 3328 δῆλον
3150 3257 3367 3309 ἔσονται
3405 3253 3641 3324 μερίδος,

2064 3364 2139 3426 ὡς
2168 3362 2567 3416 ἀποδέδεικται.
2616 3358 2680 3411 Εἰ
2725 3356 2780 3410 δὲ
2825 3355 2885 3408 ού
2918 3354 3295 3422 πιπράσκεται
3351 3347 3641 3418 (πρόδηλον

2066 3455 2175 3525 γὰρ
2212 3451 2511 3523 οὐδαμῶς),
2535 3448 2955 3520 ἀναμφιλέκτως
2983 3446 3084 3499 οὐκ
3135 3443 3284 3497 ἐστιν
3313 3444 3373 3494 ὲν
3396 3442 3581 3501 αὐτοῖς
3614 3440 3646 3505 ἡ

2067 3549 2228 3619 χάρις
2263 3544 2358 3597 τοῦ
2384 3543 2541 3612 ἁγίου
2590 3539 2934 3609 Πνεύματος,
2992 3537 3168 3606 ἦτοιή
3221 3534 3323 3603 τῆς
3366 3530 3647 3598 ἁγιστείας

2069 3636 2363 3709 ἱερωσύνη,
2400 3635 2495 3688 καὶ
2526 3633 2555 3685 ὃ
2582 3632 2682 3685 οὐκ
2723 3630 2916 3682 ἔλαϐον
2945 3629 3065 3681 οὐδὲ
3104 3626 3288 3695 ἔχουσι
3312 3642 3327 3657 ο
3363 3621 3645 3694 μνησθῶσι

2067 3729 2161 3782 τοῦ
2215 3727 2370 3795 ἁγίου
2433 3725 2640 3795 Πέτρου
2677 3722 2814 3793 πρὸς
2868 3720 2959 3774 τὸν
3007 3719 3166 3772 τοῦτο
3218 3714 3648 3785 ἐπιτηδεύσαντα

2070 3819 2213 3873 οὕτω
2232 3818 2504 3885 λέγον-τός’
2532 3816 2653 3867 Οὐκ
2677 3813 2811 3866 ἐστι
2841 3824 2941 3863 σοι
2965 3809 3135 3879 μερὶς
3163 3806 3305 3860 οὐδὲ
3327 3803 3555 3872 κλῆρος
3582 3802 3650 3854 ἐι·

2072 3909 2153 3975 τῷ
2184 3910 2346 3977 λόγῳ
2375 3906 2586 3969 τούτῳ.
2619 3903 2684 3956 El
2717 3903 2827 3971 γὰρ
2859 3899 3259 3971 ἀπεμπολεῖται
3293 3898 3327 3966 η
3356 3896 3458 3964 τῆς
3490 3896 3647 3962 ἱερω-

2074 4001 2240 4073 σύνης
2287 4000 2434 4065 ἀξία,
2487 3997 2595 4067 ἄρα
2626 3994 2857 4066 περιττὴ
2889 3993 3019 4063 παρ’
3052 3993 3237 4052 αὐτοῖς
3283 3991 3318 4060 ἡ
3374 3987 3517 4042 κατά
3560 3985 3650 4039 τὸν

2074 4093 2189 4165 βίον
2224 4091 2399 4161 σεμνὴ
2423 4091 2692 4153 πολιτεία,
2723 4088 2817 4142 καὶ
2841 4088 2874 4156 ἡ
2899 4088 2958 4139 ὲν
2992 4083 3186 4153 ἁγνείᾳ
3219 4083 3314 4134 καὶ
3334 4082 3505 4151 ἀρετῇ
3524 4080 3651 4132 ἀνα-

2079 4183 2287 4255 στροφή
2307 4199 2321 4210 ·
2350 4182 2606 4251 περιττὸς
2656 4180 2777 4232 κατ’
2813 4178 3013 4240 αὐτοὺς
3075 4177 3170 4228 καὶ
3214 4173 3425 4235 Παῦλος
3457 4174 3485 4224 ό
3512 4171 3651 4234 θεῖος

2073 4274 2373 4335 ἀπόστολος
2397 4273 2664 4326 διδάσκων
2686 4289 2700 4303 ⁸
2742 4270 2843 4323 Δεῖ
2860 4270 2965 4323 τὸν
2998 4269 3341 4321 ἐπίσκοπον
3367 4264 3654 4329 ἁνεπίληο

388 4357 695 4413 secundum
757 4356 907 4425 ipsos
957 4355 1124 4408 etiam
1173 4356 1376 4409 Paulus
1428 4354 1648 4410 divinus
1692 4356 1954 4422 apostolus

2078 4381 2232 4418 πτον
2266 4360 2442 4425 εἶναι,
2479 4362 2785 4431 σώφρονα,
2817 4362 3104 4429 κόσμιον,
3149 4355 3495 4410 διδακτικόν
3517 4396 3531 4417 ,
3566 4354 3654 4419 ἐπ’·

396 4452 586 4508 dicens
615 4488 631 4512 ,
662 4458 901 4517 oportere
929 4448 1231 4516 episcopum
1286 4446 1792 4514 irrepreltensibilem
1820 4464 1930 4501 esse
1956 4488 1971 4512 ,

391 4544 698 4611 prudentem
733 4582 750 4607 ,
820 4550 1067 4594 ornatum
1104 4578 1118 4602 ,
1194 4538 1459 4593 doctorem
1494 4577 1510 4602 ,
1568 4541 1915 4593 continentem
1955 4579 1970 4601 ,

392 4636 649 4699 sobrium,
705 4631 1103 4701 amplectentem
1153 4647 1272 4684 eum
1314 4633 1404 4700 qui
1443 4633 1732 4685 secundum
1776 4633 1975 4686 doctri-

392 4744 517 4784 nam
538 4739 616 4782 est
665 4726 872 4796 ﬁdelem
913 4740 1225 4788 sermonem,
1261 4733 1317 4777 nt
1364 4733 1545 4793 potens
1574 4726 1646 4779 sit
1703 4725 1975 4779 exhortari

390 4824 451 4875 in
492 4819 741 4874 doctrina
786 4834 941 4881 sana,
993 4828 1043 4871 et
1092 4832 1179 4869 eos
1236 4818 1326 4885 qui
1365 4818 1741 4870 contradicunt
1781 4834 1972 4887 argue-

392 4929 450 4966 τι
498 4913 569 4964 ³⁸.
617 4908 970 4964 Proferentur
1030 4907 1415 4980 [evanescunt]
1469 4908 1635 4977 igitur
1691 4909 1807 4961 hare
1850 4924 1972 4961 om-

393 5004 484 5056 nia
519 5001 587 5057 de
616 5001 899 5055 venditore
934 5016 997 5055 ac
1035 5008 1289 5069 emptore
1319 5000 1567 5054 beneﬁcii
1606 5000 1972 5072 [sacerdotii].

392 5093 567 5148 Porro
594 5092 837 5162 subjecta
890 5101 1205 5146 sanctorum
1243 5090 1555 5144 testimonia
1589 5090 1826 5142 alienum
1858 5106 1976 5143 om-

394 5186 528 5241 nino
550 5201 579 5240 a
610 5183 923 5240 sacerdotio
956 5184 1313 5254 pronuntiant
1338 5198 1462 5237 eum
1508 5183 1603 5252 qui
1635 5182 1847 5236 dederit
1875 5183 1977 5236 ali-

394 5279 617 5348 quando
651 5278 734 5334 vel
771 5278 1045 5348 acceperit
1076 5278 1128 5330 in
1161 5278 1347 5346 aliquo
1384 5286 1649 5344 tempore,
1683 5275 1795 5333 sive
1834 5276 1975 5329 scili-

2077 4449 2289 4519 κρατῆ,
2318 4450 2651 4517 νηφαλέον,
2686 4446 3092 4514 ἀντεχόμενον
3113 4442 3219 4495 τοῦ
3251 4440 3403 4495 κατὰ
3430 4439 3544 4506 τὴν
3576 4438 3654 4490 δι-

2076 4542 2278 4612 δαχὴν
2323 4539 2545 4595 πιστοῦ
2598 4541 2811 4609 λόγου,
2837 4538 2939 4590 ἵνα
2960 4536 3221 4596 δυνατὸς
3249 4529 3291 4604 ᾗ
3350 4533 3448 4586 καί
3472 4546 3655 4598 παραο

2077 4632 2292 4686 καλεῖν
2334 4633 2403 4685 ἐν
2442 4630 2517 4699 τῇ
2544 4630 2905 4700 ὑγιαινούσῃ
2939 4628 3326 4691 διδασκαλίᾳ,
3371 4625 3470 4679 καὶ
3517 4622 3653 4687 τοὺς

2077 4726 2505 4795 ἀντιλέγοντας
2521 4726 2813 4793 ἐλέγχειν.
2833 4724 3054 4792 Οἴχεται
3070 4721 3250 4773 τοίνυν
3284 4718 3461 4773 ταῦτα
3485 4718 3655 4771 πάντα

2076 4822 2143 4874 ὲκ
2187 4818 2281 4871 τοῦ
2322 4818 2529 4888 πράτου
2593 4817 2688 4869 καὶ
2738 4814 3045 4884 ἀγοραστοῦ
3069 4813 3166 4883 τῆς
3224 4811 3545 4883 ἱερωσύνης.
3591 4811 3651 4861 Αἱ

2066 4906 2171 4971 γοῦν
2200 4909 2562 4977 ὑποκείμεναι
2578 4907 2885 4974 ἁγιόλεκτοι
2912 4906 3158 4976 χρήσεις,
3182 4904 3467 4971 ἀλλότριον
3482 4904 3646 4971 πάντη

2080 5002 2178 5071 τῆς
2211 4999 2509 5069 ἱερωσύνης
2562 4998 2960 5067 ἀποφαίνονται
2990 4998 3082 5051 τόν
3129 5014 3258 5049 ποτε
3312 4998 3474 5050 δόντα
3558 4997 3651 5047 λα-

2083 5094 2245 5146 ϐόντα
2271 5094 2330 5146 ὲν
2355 5093 2655 5163 οίῳδήποτε
2721 5091 2918 5163 χρόνῳ.
2987 5090 3151 5143 Ἀλλὰ
3210 5091 3308 5143 καὶ
3362 5091 3541 5151 πάσας
3565 5089 3654 5149 τὰς

2083 5184 2354 5255 προϐολὰς
2377 5184 2477 5247 τάς
2507 5185 2961 5252 ἐκκλησιαστικάς
2988 5182 3316 5255 ἀφαιροῦσιν
3343 5182 3439 5233 ἐπι
3462 5182 3527 5249 τῇ
3556 5178 3655 5230 τῶν

2083 5277 2382 5347 χρημάτων
2400 5276 2562 5330 δόσει.

394 5379 485 5427 cet
520 5381 648 5427 ante
714 5387 914 5427 manus
962 5370 1393 5441 itnpositionem,
1463 5370 1579 5425 sive
1642 5370 1694 5422 in
1746 5385 1941 5424 manus
2005 5370 2378 5441 impositione,
2436 5371 2549 5426 sive
2604 5380 2728 5440 post
2778 5386 2975 5425 manus
3023 5367 3461 5439 impositionem.
3508 5361 3651 5417 Acci-

398 5481 528 5538 pere
595 5477 682 5522 est
735 5468 880 5522 enim
954 5467 1201 5537 accipere
1252 5466 1708 5536 quandocunque.
1761 5465 1866 5521 Sed
1919 5475 1973 5521 ct
2012 5482 2203 5523 omnes
2234 5467 2613 5537 promotioncs
2677 5465 3083 5523 ecclesiasticas
3135 5461 3400 5519 auferunt
3466 5461 3521 5516 iu
3562 5458 3648 5513 da-

399 5558 547 5614 lione
581 5560 958 5627 pecuniarum.

487 5652 531 5682 “
568 5652 702 5723 llcg.
731 5668 791 5720 ιι,
821 5654 911 5709 50.
995 5655 1041 5688 ⁸ο
1100 5654 1231 5710 Luc.
1267 5669 1326 5721 ιι,
1362 5656 1446 5711 13.

1530 5654 1573 5688 9'
1598 5655 1698 5710 Act
1756 5670 1819 5709 vn
1838 5670 1875 5722 t,
1911 5654 2001 5708 9.1.

2090 5655 2130 5685 9‘
2160 5653 2179 5707 ι
2204 5650 2345 5708 Tim.
2384 5666 2460 5715 ιιι,
2491 5650 2557 5715 2;
2590 5649 2694 5703 Tit.
2728 5668 2761 5706 ι.
