3904 6248
217 254 301 318 533
960 248 1357 310 SYNTAGMA
1390 249 1756 312 CANONUM

1871 276 1893 283 -
1926 250 2071 312 ΤΙΤ,
2114 252 2162 326 ῐ,
2194 252 2351 312 CAP.
2385 255 2590 317 XXIV.
3317 259 3429 326 επ

392 363 595 422 Κανῶν
626 363 747 418 τῶν
781 362 964 433 ἁγίων
1010 365 1394 427 ἀποστόλων,
1425 362 1531 419 κθ’.

273 460 359 514 κθ⁹.
398 459 458 511 Et
480 473 561 520 τις
588 456 884 519 ἐπίσκοπος
913 454 1000 509 διὰ
1032 455 1350 527 χρημάτων,
1380 473 1434 512 κ.
1469 472 1520 509 τ.
1542 454 1593 509 λ.

310 551 393 603 Ἐκ
427 547 540 602 τῶν
572 547 852 615 Πράξεων
879 544 997 599 τῶν
1028 546 1213 616 ἁγίων
1257 546 1639 601 ἀποστόλων.

282 640 407 693 Ἰδὼν
429 639 482 691 δέ
507 640 537 691 ὁ
570 637 755 706 Σίμων
807 640 889 692 ὅτι
919 638 1007 690 διὰ
1041 637 1141 708 τῆς
1171 635 1471 700 ἐπιθέσεως
1500 635 1610 690 τῶν
1640 653 1751 706 χει-

214 734 306 805 ρῦν
326 730 424 784 τῶν
447 730 760 783 ἀποστόλων
819 730 1019 783 δίδοται
1057 731 1119 783 τὸ
1169 728 1398 799 Πνεῦμα
1446 729 1508 782 τὸ
1567 727 1747 797 ἅγιον,

213 825 551 895 προσήνεγκεν
582 820 768 885 αὐτοῖς
798 821 1061 891 χρήματα
1080 820 1275 890 λέγων,
1306 821 1437 875 Δότε
1464 820 1632 891 κάμοὶ
1652 819 1751 892 τὴν

212 914 426 981 ἐξουσίαν
450 913 655 983 ταύτην
675 929 689 945 ⁸
710 912 795 966 ἵνα
821 907 865 981 ᾧ
886 912 952 966 ἂν
970 912 1142 968 ἐπιθῶ
1159 912 1260 976 τὰς
1280 915 1469 983 χεῖρας
1497 912 1751 984 λαμϐάνῃ

212 1005 406 1075 Πνεῦμα
435 1006 610 1071 ἅγιον.
636 1003 844 1077 Πέτρος
898 1006 956 1059 δὲ
993 1003 1115 1059 εἶπε
1146 1006 1283 1076 πρὸς
1321 1005 1504 1072 αὑτὸν,
1538 1004 1612 1059 To
1646 1006 1752 1075 ap-

210 1096 371 1165 γύριόν
397 1113 485 1148 σου
516 1097 617 1150 σὺν
646 1095 731 1150 σοὶ
759 1097 843 1167 εἴη
889 1098 968 1160 είς
996 1097 1270 1151 ἀπώλειαν
1309 1098 1392 1151 ὅτι
1414 1096 1513 1167 τὴν
1538 1096 1750 1166 δωρεὰν

207 1188 287 1244 τοῦ
314 1189 438 1243 Θεοῦ
466 1189 724 1259 ἐνόμισας
753 1189 841 1243 διὰ
882 1193 1184 1260 χρημάτων
1222 1190 1479 1255 κτᾶσθαι,
1507 1190 1609 1243 οὐκ
1633 1189 1750 1244 ἐστι

210 1298 278 1335 σοι
294 1282 436 1353 μερὶς
448 1282 570 1335 οὐδέ
594 1281 792 1351 κλῆρος
811 1283 869 1335 ἐν
891 1280 971 1352 τῷ
998 1281 1141 1352 λόγῳ
1158 1280 1402 1353 τούτῳοή
1430 1281 1537 1352 γὰρ
1554 1282 1752 1352 καρδία

207 1390 285 1427 σου
317 1374 408 1426 οὐκ
432 1373 579 1425 ἔστιν
608 1372 790 1426 εὐθεῖα
811 1371 1038 1426 ἐνώπιον
1068 1372 1163 1426 τοῦ
1200 1372 1360 1426 Θεοῦ.
1404 1372 1751 1443 Μετανόησον

204 1461 284 1517 οἷν
303 1464 399 1517 ἀπὸ
424 1464 521 1532 τῆς
551 1463 752 1528 κακίας
779 1464 1004 1535 ταύτης,
1032 1464 1127 1517 καὶ
1152 1463 1373 1535 δεήθητι
1403 1462 1497 1517 τοῦ
1520 1463 1679 1528 Θεοῦ,
1700 1465 1750 1517 εί

1774 366 1825 424 Δ

2124 365 2311 421 Conon
2330 379 2634 424 sanctorum
2664 370 3022 440 apostolorum
3045 373 3138 431 29.

1919 455 2007 511 29.
2042 455 2099 511 Si
2137 457 2261 526 quis
2287 459 2572 529 episcopus
2603 464 2868 531 pecuniis,
2890 473 3021 529 etc.,
3055 475 3111 519 ut
3138 480 3261 536 pag.
3290 464 3417 524 5l5.

2105 546 2183 602 De
2215 547 2435 603 Actibus
2464 560 2765 605 sanctorum
2797 554 3177 622 apostolorum.

1921 638 2057 695 Cum
2107 641 2334 697 vidisset
2380 651 2558 697 autem
2612 641 2825 711 Simon,
2876 645 3007 715 quia
3058 662 3155 716 per
3191 646 3422 718 imposi-

1852 731 2056 786 tionem
2076 746 2271 787 manus
2284 733 2655 801 apostolorum
2679 735 2900 789 daretur
2913 734 3152 806 Spiritus
3173 748 3418 802 sanctus,

1851 822 2051 878 obtulit
2097 823 2179 879 eis
2227 824 2539 894 pecuniam,
2571 825 2794 881 dicens:
2860 826 2992 882 Date
3030 836 3085 883 et
3112 828 3246 882 mihi
3280 829 3422 883 hanc

1850 922 2197 984 potestatem,
2243 922 2307 968 ut
2333 914 2643 984 cuicunque
2681 916 2993 986 imposuero
3023 934 3240 983 manus,
3273 921 3422 974 acci-

1851 1006 1966 1077 piat
2010 1005 2273 1076 Spiritum
2342 1017 2612 1062 sanctum.
2676 1006 2870 1063 Petrus
2927 1018 3107 1063 autem
3160 1010 3298 1064 dixit
3355 1012 3421 1061 ad

1851 1112 1976 1154 eum
2016 1114 2030 1150 :
2064 1096 2295 1152 Pecunia
2323 1104 2416 1152 tua
2441 1106 2619 1153 tecum
2675 1100 2745 1154 sit
2779 1100 2841 1153 in
2867 1100 3222 1169 perditionem
3248 1117 3263 1157 :
3293 1100 3421 1169 quia

1853 1189 2059 1245 donum
2107 1188 2201 1244 Dei
2242 1190 2565 1244 existimasti
2618 1191 2848 1259 pecunia
2881 1191 3171 1260 possideri,
3200 1207 3307 1246 non
3339 1201 3424 1246 est

1852 1282 1952 1338 tibi
1995 1298 2143 1352 pars,
2199 1297 2376 1351 neque
2404 1297 2526 1337 sors
2555 1282 2609 1336 in
2652 1297 2907 1337 sermone
2936 1285 3082 1337 isto:
3134 1297 3231 1336 cor
3273 1283 3421 1336 enim

1853 1386 2007 1431 tuum
2060 1389 2170 1429 non
2223 1382 2307 1429 est
2351 1383 2561 1428 rectum
2619 1388 2803 1428 coram
2843 1373 2974 1427 Deo.
3029 1371 3422 1427 Paenitentiam

1852 1464 2036 1534 itaque
2068 1479 2166 1533 age
2211 1465 2279 1518 ab
2307 1464 2410 1518 hac
2463 1463 2702 1533 nequitia
2732 1471 2846 1526 tua,
2876 1474 2932 1518 et
2972 1476 3108 1531 roga
3141 1462 3332 1527 Deum,
3374 1463 3422 1515 si

205 1554 295 1624 ἄρα
315 1553 638 1625 ἀφεθήσεταί
656 1570 737 1606 σοι
757 1555 790 1623 ή
809 1554 1019 1607 ἐπίνοια
1039 1553 1139 1623 τῆς
1162 1554 1390 1624 καρδίας
1410 1570 1526 1617 σου,
1548 1555 1628 1617 είς
1642 1553 1750 1625 γὰρ

207 1646 344 1716 χολὴν
370 1646 591 1717 πικρίας
620 1648 715 1698 καὶ
747 1645 1039 1716 σύνδεσμον
1060 1645 1275 1709 ἀδικίας
1300 1645 1411 1715 ὁρῶ
1442 1662 1502 1699 σε
1522 1645 1677 1703 ὄντα.

1854 1558 1993 1613 forte
2035 1555 2345 1610 remittatur
2399 1557 2492 1610 tibi
2547 1556 2663 1610 haec
2692 1555 2951 1624 cogitatio
3000 1555 3182 1611 cordis
3227 1554 3327 1608 tui.
3363 1551 3423 1607 lu

1856 1650 1977 1706 felle
2014 1649 2161 1703 enim
2213 1647 2593 1703 amaritudinis
2634 1655 2689 1703 et
2732 1646 3065 1716 obligatione
3119 1645 3430 1715 iniquitatis

1850 1741 2006 1797 video
2034 1750 2088 1795 te
2112 1724 2323 1795 esse”.

464 1825 560 1878 Ἐκ
592 1822 701 1905 τῆς
728 1824 932 1891 τρίτης
953 1820 1074 1875 τῶν
1107 1821 1462 1895 Βασιλκειῶν.

2228 1830 2314 1883 Ea:
2344 1830 2478 1884 libro
2510 1829 2661 1883 tertio
2685 1826 3003 1898 Regnorum.

266 1916 360 1970 Καὶ
383 1916 478 1969 οὐκ
507 1914 846 1983 ἐπέστρεψεν
901 1913 1182 1983 Ἱεροϐοὰμ
1236 1914 1344 1968 ἀπὸ
1388 1914 1488 1984 τῆς
1547 1913 1748 1979 κακίας

1920 1924 2036 1980 Non
2067 1933 2151 1980 est
2196 1938 2450 1977 reversus
2479 1920 2769 1976 Jeroboam
2809 1920 2875 1975 de
2901 1922 2989 1975 via
3020 1935 3120 1975 sua
3160 1918 3422 1989 pessima.

207 2006 351 2061 αὑτοῦ
374 2023 387 2038 ο
422 2006 518 2061 καὶ
542 2005 852 2075 ἐπέστρεψε
898 2005 991 2058 καὶ
1032 2005 1289 2075 ἐποίησεν
1327 2007 1389 2058 ἐκ
1431 2004 1630 2075 μέρους
1652 2005 1747 2058 τοῦ

1871 2018 1945 2074 sed
1984 2033 2015 2074 c
2066 2017 2345 2072 contrario
2392 2016 2523 2070 fecit
2570 2014 2639 2069 de
2674 2010 2992 2068 novissimis
3027 2013 3213 2083 populi
3243 2026 3425 2065 sacer-

206 2098 316 2153 λαοῦ
343 2099 496 2168 ἱερεῖς
527 2097 784 2167 ὑψηλῶν·
810 2099 838 2150 ὁ
858 2096 1181 2167 βουλόμενος
1208 2096 1449 2167 ἐπλήρου
1472 2097 1570 2166 τὴν
1592 2099 1749 2167 χεῖρα

1871 2110 2005 2164 Iotes
2047 2107 2411 2163 excelsorum.
2481 2105 2807 2174 Quicunque
2864 2104 3105 2168 volebat,
3165 2102 3426 2170 implebat

206 2191 367 2253 αὐτοῦ,
392 2191 482 2243 καὶ
513 2190 733 2257 ἐγένετο
762 2189 939 2259 ἱερεὺς
976 2190 1055 2251 εἰς
1088 2188 1157 2241 τὰ
1185 2187 1383 2257 ὑψηλὰ,
1409 2189 1505 2241 καὶ
1536 2189 1755 2257 ἐγένετο

1871 2216 2074 2255 nanum
2130 2214 2282 2254 suam
2339 2206 2393 2252 et
2442 2198 2602 2252 ﬁebat
2648 2196 2905 2252 sacerdos
2957 2195 3323 2260 excelsorum,
3370 2200 3428 2248 et

210 2282 338 2350 ῥῆμα
363 2280 510 2333 τοῦτο
548 2281 634 2342 είς
664 2279 936 2349 ἁμαρτίαν
982 2277 1063 2348 τῷ
1114 2277 1250 2349 οἴκῳ
1314 2279 1616 2350 Ἰεροϐοὰμ,
1658 2281 1753 2334 καὶ

1871 2302 2076 2363 impter
2128 2292 2270 2346 hanc
2318 2304 2540 2345 causam
2589 2289 2837 2359 peccavit
2890 2288 3087 2342 domus
3112 2284 3433 2353 Jeroboam,

208 2374 274 2434 εἰς
299 2372 524 2443 ὄλεθρον,
557 2371 657 2424 καὶ
700 2372 781 2435 εἰς
806 2370 1114 2442 ἀφανισμὸν
1167 2370 1276 2425 ἀπὸ
1307 2371 1601 2443 προσώπου
1654 2372 1755 2442 τῆς

1871 2394 1910 2440 3t
1944 2399 2134 2440 eversa
2164 2391 2274 2447 est,
2306 2392 2360 2438 et
2393 2381 2566 2437 deleta
2600 2382 2834 2450 desuper
2865 2378 3002 2434 facie
3033 2386 3194 2435 terrae
3218 2377 3297 2433 ”..

208 2480 313 2533 TGC-

434 2555 528 2609 Ἐκ
556 2557 675 2624 τῆς
702 2555 981 2623 τετάρτης
1012 2555 1131 2611 τῶν
1158 2556 1509 2612 Βασιλειῶν.

2229 2555 2313 2608 Ex
2339 2554 2471 2609 libro
2510 2565 2699 2625 quarto
2730 2555 3047 2624 Regnorum.

266 2647 365 2700 Καὶ
392 2647 696 2717 ἐπέστρεψε
729 2649 951 2719 Νεεμὰν
980 2650 1115 2720 πρὸς
1153 2650 1442 2715 Ἐλισσαιὲ,
1477 2650 1639 2713 αὐτὸς
1662 2648 1756 2702 καὶ

1925 2648 2305 2717 Reversusque
2346 2644 2592 2700 Naaman
2641 2646 2709 2701 ad
2761 2648 2939 2702 virum
2990 2648 3082 2702 Dei
3137 2662 3263 2702 cum
3310 2644 3446 2699 uni-~

209 2738 338 2791 πᾶσα
362 2740 391 2809 ἡ
412 2738 737 2810 παρεμϐολὴ
768 2739 952 2804 αὑτοῦ,
981 2741 1076 2794 καὶ
1093 2736 1225 2811 ἦλθε
1254 2742 1349 2794 καὶ
1394 2741 1597 2811 ἔστηκε
1627 2740 1756 2793 ἐνώ-

1871 2756 2015 2798 verso
2062 2740 2327 2797 comitatu
2378 2753 2501 2804 suo,
2534 2738 2684 2794 venit
2738 2748 2792 2794 et
2842 2739 2994 2795 stetit
3026 2754 3209 2794 coram
3244 2754 3329 2800 eo,
3380 2746 3441 2791 et

210 2843 315 2878 πίον
344 2827 519 2893 αὑτοῦ,
542 2830 640 2881 καὶ
672 2826 852 2881 εἶπεν·
893 2830 1028 2883 Ἰδοὺ
1059 2830 1122 2901 δὴ
1145 2829 1363 2896 ἔγνωκα
1408 2831 1490 2883 ὅτι
1514 2833 1613 2883 οὐκ
1642 2830 1756 2885 ἔστι

1871 2836 1973 2890 ait:
2006 2834 2142 2890 Vere
2174 2834 2291 2889 scio
2321 2832 2471 2903 quod
2497 2847 2606 2887 non
2639 2832 2710 2887 sit
2750 2830 2893 2887 Deus
2926 2833 3063 2886 alius
3094 2832 3147 2885 in
3182 2831 3435 2884 universa

209 2916 321 2979 Θεὸς
342 2918 394 2970 ἐν
426 2922 573 2991 πάσῃ
606 2921 677 2989 τῇ
710 2922 804 2990 γῇ,
834 2919 948 2972 ἀλλ’
981 2920 1013 2990 ἦ
1039 2919 1098 2973 ἐν
1140 2920 1220 2991 τῷ
1258 2920 1497 2991 Ἰσραήλ.
1528 2921 1637 2974 Καὶ
1668 2922 1756 2975 νῦν

1871 2936 2005 2981 terra
2038 2966 2052 2987 .
2107 2926 2213 2982 nisi
2256 2935 2467 2981 tantum
2512 2924 2567 2979 in
2614 2923 2803 2979 Israel.
2857 2922 3098 2978 Obsecro
3147 2922 3330 2992 itaque
3376 2928 3439 2976 ut

210 3010 323 3061 λάϐε
348 3010 441 3081 τὴν
470 3010 728 3079 εὐλογίαν
757 3013 908 3082 παρὰ
944 3012 1038 3065 τοῦ
1080 3012 1270 3066 δούλου
1297 3030 1411 3067 σου.
1450 3015 1561 3068 Καὶ
1605 3011 1756 3068 εἶπεν

1871 3019 2099 3087 accipias
2124 3016 2558 3098 benedictionem
2592 3030 2622 3069 a
2657 3029 2817 3069 servo
2847 3022 2959 3067 tuo.
2987 3015 3055 3067 At
3089 3012 3182 3066 ille
3210 3025 3441 3080 respon-

221 3102 459 3156 Ἐλισσαιέ
479 3105 576 3175 ’Ζῇ
609 3102 816 3173 Κύριος
843 3096 886 3171 ᾧ
919 3104 1199 3175 παρέστην
1230 3106 1461 3159 ἐνώπιον
1488 3105 1677 3171 αὐτοῦ,
1712 3109 1756 3161 εί

1871 3110 1969 3165 dit:
2001 3106 2145 3162 Vivit
2176 3107 2464 3171 Dominus,
2498 3092 2625 3159 ante
2653 3119 2813 3173 quem
2850 3113 2959 3169 sto,
2992 3103 3120 3172 quia
3148 3117 3258 3155 non
3289 3101 3439 3155 acci-

210 3193 459 3262 λήψομαιο
490 3196 586 3247 καὶ
632 3195 1007 3264 παρεϐιάσατο
1037 3197 1199 3249 αὑτὸν
1231 3196 1439 3262 λαϐεῖν,
1480 3198 1573 3250 καὶ¹
1606 3197 1760 3266 ἠπεί-

212 3283 343 3346 θησε.
371 3285 474 3339 Καὶ
505 3288 640 3356 μετ’
671 3288 869 3357 ὀλίγα*
897 3288 1005 3341 Καὶ
1032 3282 1151 3341 εἷπε
1181 3288 1330 3353 Γιεζὶ
1369 3288 1431 3341 τὸ
1479 3289 1764 3359 παιδάριον

221 3373 465 3429 Ἐλισσαιέ
487 3394 501 3408 ·
536 3378 675 3431 Ἰδοὺ
712 3376 965 3445 ἐφείσατο
993 3380 1020 3431 ὁ
1064 3378 1250 3449 κύριός
1283 3396 1382 3448 μου
1411 3379 1505 3434 τοῦ
1546 3380 1765 3449 Νεεμὰν

212 3463 292 3518 τοῦ
322 3467 485 3538 Σύρου
506 3468 601 3522 τοῦ
629 3468 817 3521 λαϐεῖν
836 3471 899 3521 ἐκ
929 3470 1107 3539 χειρὸς
1128 3468 1292 3522 αὐτοῦ
1311 3461 1386 3522 ὧν
1416 3470 1659 3540 ἐνήνοχε.
1689 3471 1763 3542 Ζῇ

214 3558 417 3626 Κύριος.
450 3562 498 3614 εἰ
532 3560 608 3632 μὴ
639 3559 956 3629 δραμοῦμαι
983 3560 1165 3614 ὀπίσω
1187 3559 1375 3625 αὐτοῦ,
1400 3560 1496 3613 καὶ
1522 3561 1765 3631 λήψομαι

215 3649 325 3718 παρ’
350 3651 508 3704 αὑτοῦ
540 3667 634 3703 τι·
656 3650 752 3703 καῖ¹
778 3651 962 3716 ἐδίωξε
996 3651 1148 3713 Γιεζὶ
1181 3651 1355 3704 ὀπίσω
1384 3652 1625 3721 Νεεμὰν.
1653 3652 1761 3705 Καὶ

210 3742 338 3806 μετὰ
362 3744 611 3811 βραχέα.
647 3743 757 3796 Καὶ
786 3739 904 3795 εἷπε
934 3742 1172 3811 Νεεμάν,
1198 3742 1344 3796 Λάϐε
1396 3741 1459 3813 δὴ
1508 3742 1767 3797 τάλαντον

216 3831 450 3901 ἀργυρίου
468 3852 493 3865 ἠ
511 3834 608 3888 καὶ
636 3834 798 3888 ἔλαϐε
821 3832 913 3887 δύο
941 3834 1177 3887 τάλαντα
1216 3834 1485 3904 ἀργυρίου
1537 3837 1593 3886 ἐν
1649 3834 1767 3888 δυσὶ

218 3921 464 3988 θυλάκοις.
498 3924 715 3979 καὶδύο
769 3925 1178 3995 ἀλλασσομένας
1222 3924 1438 3985 στολάς.
1477 3924 1583 3978 Kal
1637 3926 1767 3993 μετ’

215 4011 379 4082 ἕτερα·
406 4019 512 4069 Καὶ
534 4013 660 4070 εἷπε
688 4017 822 4087 πρὸς
842 4017 1000 4069 αὐτὸν
1032 4015 1325 4068 Ἐλισσαιὲε
1362 4016 1555 4079 Πόθεν,
1582 4015 1767 4083 Γιεζίς

1865 3203 2028 3272 piam.
2077 3200 2327 3270 Cumque
2367 3199 2479 3254 vim
2529 3197 2753 3265 iaceret,
2803 3199 3022 3266 penitus
3072 3209 3178 3248 non
3213 3191 3441 3263 acquie-

1864 3294 1942 3348 vit
2001 3292 2067 3346 “.
2139 3294 2210 3345 Et
2282 3298 2398 3359 post
2457 3304 2629 3358 pauca
2682 3306 2701 3342 :
2772 3285 3029 3355 Dixitque
3094 3284 3242 3339 Giezi
3307 3296 3443 3352 puer

1868 3385 1967 3440 viri
2012 3383 2134 3438 Dei:
2183 3382 2427 3452 Pepercit
2470 3381 2727 3436 dominus
2795 3393 2951 3433 meus
3014 3374 3259 3431 Naaman
3306 3375 3442 3446 Syro

1869 3476 1979 3540 isti,
2013 3481 2071 3527 ut
2102 3480 2219 3526 ‘non
2254 3471 2527 3539 acciperet
2570 3470 2638 3523 ab
2667 3484 2734 3523 eo
2761 3484 2884 3538 quae
2916 3467 3116 3521 attulit.
3163 3463 3307 3519 Vivit
3342 3464 3447 3518 Do-

1868 3568 2073 3632 minus,
2110 3566 2237 3635 quia
2278 3579 2497 3620 curram
2547 3570 2673 3632 post
2703 3577 2853 3637 eum,
2894 3568 2949 3613 et
2978 3558 3241 3628 accipiam
3284 3555 3353 3609 ab
3380 3570 3445 3609 eo

1867 3660 2093 3730 aliquid.
2154 3658 2220 3711 Et
2277 3666 2500 3713 secutus
2544 3662 2627 3710 est
2684 3653 2833 3708 Giezi
2872 3663 2995 3722 post
3031 3663 3242 3721 tergum
3297 3646 3443 3702 Naa-

1869 3767 1995 3807 man
2060 3749 2130 3804 “.
2195 3749 2273 3803 Et
2331 3755 2455 3816 post:
2522 3762 2735 3815 pauca:
2807 3743 2873 3797 Et
2943 3743 3080 3799 dixit
3159 3740 3445 3794 Naaman:

1871 3840 2067 3909 Accipe
2090 3839 2345 3893 talentum
2377 3836 2622 3906 argenti;
2659 3841 2716 3888 et
2756 3832 2935 3903 coegit
2979 3847 3125 3895 eum,
3155 3829 3449 3899 ligavitque

1869 3928 1978 3983 duo
2027 3926 2229 3980 talenta
2260 3921 2471 3992 argenti
2518 3921 2572 3976 in
2609 3921 2824 3975 duobus
2856 3918 3054 3983 saccis,
3109 3924 3162 3970 et
3209 3914 3446 3982 duplicia

1870 4020 2191 4074 vestimenta
2240 4016 2306 4070 ".
2360 4015 2430 4069 Et
2478 4023 2594 4081 post
2638 4012 2789 4066 alia:
2855 4010 2927 4064 Et.
2968 4009 3110 4063 dixit
3164 4005 3443 4061 Elisaeus:

216 4106 296 4157 καὶ
320 4101 434 4159 εἷπε
472 4109 643 4173 Γιεζλ,
674 4109 747 4161 Οὐ
774 4108 1105 4178 πεπόρευται
1134 4107 1161 4158 ὁ
1194 4106 1380 4169 δοῦλός
1406 4124 1497 4159 σου
1520 4107 1646 4160 ἔνθα
1678 4107 1756 4159 καπ

1873 4110 2026 4167 Unde
2070 4111 2219 4165 venit
2249 4108 2398 4163 Giezi
2422 4109 2444 4161 ’ἶ
2471 4106 2573 4174 Qui
2620 4105 2935 4172 respondit:
2971 4101 3084 4153 Non
3122 4098 3217 4151 ivit
3258 4110 3450 4151 servus
3550 4144 3553 4145 ν

216 4194 355 4247 ἐνθαο
386 4196 478 4249 καὶ
498 4193 622 4250 εἷπε
654 4198 788 4266 πρὸς
811 4197 973 4250 αὑτὸν
1018 4196 1311 4249 Ἑλισσαιέ⁸
1345 4197 1475 4266 Οὐχὶ
1508 4197 1541 4267 ή
1574 4197 1756 4268 καρδία

1875 4214 2002 4258 tuus
2049 4214 2346 4272 quoquam.
2404 4199 2473 4251 At
2528 4197 2616 4249 ille
2648 4195 2760 4248 ait:
2801 4192 2993 4246 Nonne
3033 4207 3127 4245 cor
3159 4204 3339 4243 meum
3393 4188 3445 4240 iu

220 4300 307 4352 μου
332 4284 599 4358 ἐπορεύθη
635 4286 777 4356 μετὰ
813 4285 903 4338 σοῦ
932 4302 946 4352 ;
994 4287 1087 4339 καὶ
1119 4282 1236 4338 οἶδα
1265 4286 1354 4339 ὅτε
1387 4287 1756 4356 ἐπέστρεψενί

1876 4292 2131 4363 praesenti
2160 4298 2299 4354 erat,
2329 4287 2549 4357 quando
2595 4298 2851 4339 reversus
2880 4291 2965 4336 est
2997 4282 3160 4336 homo
3187 4280 3251 4333 de
3283 4293 3448 4332 curru

217 4373 341 4443 ἀνὴρ
365 4377 467 4427 ἀπὸ
499 4376 595 4429 τοῦ
655 4377 904 4446 ἅρματος
938 4377 1017 4439 εἰς
1050 4377 1373 4447 συνάντησίν
1403 4394 1517 4443 σου,
1553 4379 1647 4431 καὶ
1672 4378 1756 4433 νῦι

1874 4399 1975 4441 suo
2015 4383 2070 4437 in
2096 4395 2386 4435 occursum
2419 4378 2535 4431 tui?
2565 4375 2721 4430 Nunc
2751 4375 2912 4444 igitur
2941 4371 3200 4439 accepisti
3226 4370 3334 4438 82
3364 4386 3451 4420 ar—

215 4458 386 4528 ελαϐες
407 4466 467 4518 τὸ
498 4468 786 4537 ἀργύριον,
820 4471 914 4521 καὶ
942 4470 1036 4522 νῦν
1068 4470 1257 4535 ἔλαϐες
1299 4472 1368 4525 τὰ
1435 4473 1643 4543 ἱμάτια,
1678 4474 1756 4528 καὶ

1876 4483 2123 4545 gentum,
2176 4479 2230 4526 et
2274 4468 2535 4539 accepisti
2577 4476 2788 4520 vestes:
2841 4474 2897 4517 ut
2931 4478 3083 4517 emas
3117 4460 3337 4525 oliveta,
3387 4464 3434 4512 et

217 4550 345 4625 λήψῃ
374 4560 429 4609 ἐν
458 4559 643 4622 αὐτοῖς
671 4560 903 4629 κήπους,
928 4562 1021 4613 καὶ
1046 4562 1300 4630 ἐλαιᾶινα,
1330 4564 1422 4617 καὶ
1450 4564 1771 4634 ἀμπελῶνα,

219 4646 296 4696 καί
313 4645 574 4714 πρόϐατα,
596 4650 692 4700 καὶ
724 4648 871 4717 βόας,
886 4654 980 4701 καὶ
996 4652 1208 4717 παῖδας,
1238 4654 1333 4706 καὶ
1347 4654 1657 4721 παιδίσκας,
1680 4659 1775 4711 καὶ

218 4734 245 4803 ή
271 4734 432 4807 λέπρα
459 4738 685 4808 Νεεμέιν
713 4739 1099 4809 κολληθήσεται
1124 4745 1181 4796 ἐν
1212 4746 1292 4797 σοὶ
1306 4746 1399 4799 καὶ
1418 4747 1476 4798 ἐν
1504 4746 1582 4817 τῷ
1611 4749 1777 4820 σπέρ-

220 4826 331 4891 ματί
357 4844 445 4878 σου
477 4829 556 4890 είς
574 4829 671 4879 τὸν
692 4828 885 4895 αἰῶηα.
922 4831 1029 4884 Καὶ
1053 4830 1273 4902 ἐξῆλθεν
1303 4834 1368 4887 ἐκ
1398 4834 1495 4887 τοῦ
1551 4838 1769 4909 προσώ-

220 4930 306 4965 πκυ
349 4916 508 4969 αὐτοῦ
535 4917 949 4987 λελεπρωμενος
971 4921 1103 4973 ὡσεί¹
1129 4922 1281 4991 χιών.

254 5007 350 5060 Τοῦ
380 5008 549 5077 ἁγίου
595 5010 923 5080 Βασιλείου
954 5012 1022 5065 ἐκ
1059 5011 1169 5079 τῆς
1208 5017 1295 5080 είς
1342 5016 1446 5069 τὸν
1487 5018 1736 5073 Ἡσαΐαν

820 5079 1155 5148 ἑρμηνείας.

280 5162 468 5231 Νόμων
488 5165 679 5221 ἔδωκε
698 5170 783 5234 είς
798 5170 1110 5237 βοήθειαν,
1134 5173 1234 5225 ἵνα
1257 5175 1527 5231 εἴπωσινο
1554 5182 1677 5250 Οὐχ
1699 5182 1779 5244 ὡς

222 5252 277 5344 τύ
294 5254 449 5323 ῥῆμα
467 5260 673 5344 ςοῦτο,
700 5263 829 5331 περὶ
852 5259 923 5319 οὗ
948 5267 1056 5318 οὐκ
1077 5265 1208 5320 ἔστι
1234 5267 1390 5336 δῶρα
1411 5270 1619 5327 δοῦναι
1643 5276 1777 5344 περὶ

223 5342 388 5397 αὐτοῦ
406 5363 419 5376 ο
448 5341 605 5412 οὗτος
632 5350 692 5403 δὲ
723 5352 749 5403 ὁ
778 5353 940 5421 νόμος
964 5355 1064 5407 οὐκ
1093 5356 1238 5410 ἔστιν
1261 5359 1336 5422 ὡς
1357 5360 1417 5413 τὸ
1443 5364 1593 5433 ῥῆμα
1622 5341 1780 5420 τοῦτο

225 5430 739 5510 τὸέγγαστρίμυθον·
774 5444 834 5496 ού
864 5445 971 5515 γὰρ
998 5448 1133 5516 πρὸς
1162 5448 1377 5521 ἀπάτην
1405 5430 1771 5527 ἐπινενόηται,

1622 5597 1709 5660 δάε

1818 5597 1863 5627 ⁸³
1901 5593 1962 5648 IV
2020 5593 2152 5663 Reg.
2211 5609 2265 5658 ν,
2330 5589 2411 5655 15,
2472 5586 2554 5640 l6.

1878 4568 2087 4633 vineas,
2146 4575 2201 4618 et
2260 4577 2412 4627 oves,
2481 4567 2535 4613 et
2584 4558 2772 4621 boves,
2834 4562 2889 4608 et
2963 4567 3174 4617 servos,
3230 4559 3285 4606 et
3358 4566 3423 4602 an

1876 4660 2058 4715 cillas:
2111 4656 2205 4711 sed
2261 4656 2409 4723 lepra
2450 4652 2696 4706 Naaman
2751 4646 3053 4702 adhaerebit
3098 4645 3195 4699 tibi
3255 4652 3309 4699 et
3365 4657 3453 4697 se-

1878 4750 2011 4806 mini
2043 4749 2220 4805 tuoin
2275 4746 2687 4813 sempiternum.
2742 4742 3112 4813 Etegressus
3142 4745 3227 4793 est
3276 4735 3344 4790 ab
3389 4748 3454 4788 eo

1877 4844 2129 4914 leprosus
2153 4840 2312 4911 quasi
2341 4839 2430 4892 nix
2461 4838 2530 4891 υτ.

2020 5016 2204 5072 Sancti
2238 5013 2430 5069 Basilii
2475 5028 2539 5066 ea:
2565 5006 2947 5064 commentario
2995 5006 3051 5058 in
3086 5001 3311 5057 Isaiam.

1947 5175 2135 5246 Legem
2166 5173 2331 5243 igitur
2365 5170 2509 5224 dedit
2554 5168 2607 5221 in
2650 5166 2937 5226 auxilium,
2974 5169 3031 5215 ut
3075 5159 3252 5246 dicunt
3280 5170 3298 5207 :
3327 5150 3449 5205 Non

1886 5270 2022 5322 sicut
2058 5274 2264 5326 verbum
2293 5268 2409 5326 hoc,
2455 5262 2519 5313 de
2555 5276 2657 5329 quo
2695 5274 2798 5312 nou
2841 5264 2916 5308 est
2966 5265 3184 5305 ntunera
3212 5245 3340 5298 dare
3366 5244 3449 5311 de

1884 5382 1943 5419 eo
1964 5368 2030 5420 93.
2063 5366 2187 5420 “an
2219 5371 2397 5417 autem
2431 5360 2515 5411 lex
2556 5369 2664 5408 non
2703 5367 2762 5406 se
2792 5349 2954 5402 habet
2985 5345 3129 5398 sicut
3163 5340 3265 5393 hoc
3319 5352 3453 5391 ven-

1887 5460 2103 5529 triloqui
2153 5456 2397 5511 verbum.
2445 5449 2559 5503 Non
2605 5444 2749 5499 enim
2805 5439 2871 5494 ad
2912 5436 3098 5490 fucum
3146 5428 3452 5486 faciendum

2665 5581 2709 5613 9⁵
2752 5575 2883 5633 ibid.
2940 5574 3028 5627 20.
3116 5570 3160 5602 ⁹⁶
3188 5567 3319 5623 ibid.
3363 5564 3451 5620 23.
