3904 6248
467 269 573 336 535

1620 263 1882 326 PHOTlI
1915 263 2417 325 PATRIARCH/E
2450 268 2558 329 (ΣΡ.

3606 267 3696 331 536

465 382 776 454 excogitata
820 389 924 448 est,
963 379 1043 435 uti
1089 378 1181 435 illa
1236 377 1358 450 ejus
1410 378 1574 432 verba
1617 393 1631 427 :
1666 377 1758 432 sed
1789 376 2038 431 veritatis

2151 377 2330 452 ὥσπερ
2367 384 2574 446 ἐκεῖνα,
2611 381 2725 435 ἀλλ’
2753 380 3008 451 ἀληθείας
3042 379 3158 433 ἐστὶ
3205 378 3542 442 διδάσκαλος.
3596 381 3696 433 Κά-

464 481 552 528 est
595 471 881 540 magistra.
932 467 1110 538 Atque
1154 467 1232 522 illi
1285 466 1507 537 quidem
1554 466 1928 520 vaticinantur
1970 465 2042 519 ob

467 574 773 633 argentum.
815 561 930 616 Hoc
977 577 1214 630 namque
1262 561 1558 616 ridiculum
1607 568 1712 624 est,
1755 559 1903 629 quod
1945 558 2040 628 qui

466 655 839 722 decipiuntur,
867 655 1156 723 pecuniam
1178 653 1343 706 etiam
1368 667 1465 719 pro
1489 649 1754 704 mendacii
1791 649 2041 703 mercede

467 747 548 800 eis
577 745 811 800 solvant.
859 743 975 798 lloe
1001 751 1186 798 autem
1228 741 1480 806 verbum,
1510 740 1642 809 legis
1675 739 1904 804 scilicet,
1935 739 2042 794 tale

469 855 575 893 non
619 847 724 900 est,
761 845 822 890 ut
863 851 1090 890 munera
1139 836 1340 890 dentur
1383 849 1484 902 pro
1532 847 1618 887 eo.
1658 830 1794 885 Nam
1823 833 1916 902 qui
1947 831 2041 886 Dei

467 929 698 1000 gratiam
729 928 949 993 vendat,
983 942 1146 982 nemo
1168 937 1272 982 est.
1305 925 1486 980 Gratis
1515 925 1811 992 accepistis,
1842 923 2039 992 inquit,

467 1021 636 1089 gratis
677 1019 800 1074 date
822 1021 891 1074 °°.
926 1019 1088 1074 Vides
1123 1017 1414 1088 quomodo
1455 1017 1650 1071 Petrus
1688 1016 1893 1069 Simoni
1942 1030 2044 1084 pro

466 1112 838 1180 comparando
883 1111 1124 1180 Spiritus
1174 1109 1355 1165 sancti
1386 1109 1533 1162 dono
1578 1107 1863 1178 pecuniam
1908 1107 2043 1161 olfe-

468 1203 608 1256 renti
639 1201 1053 1256 succensuerit?
1079 1201 1315 1255 Pecunia
1339 1199 1482 1254 enim
1517 1209 1628 1261 tua,
1654 1198 1847 1266 inquit,
1875 1207 2042 1251 tecum

468 1295 535 1347 sit
569 1294 623 1346 in
655 1293 1025 1360 perditionem,
1069 1293 1322 1362 quoniam
1369 1290 1685 1343 existimasti
1713 1289 1910 1342 donum
1946 1289 2042 1342 Dei

466 1385 697 1452 pecuniis
737 1384 984 1452 parari‘.
1042 1382 1234 1452 Itaque
1276 1381 1551 1450 Evangelii
1584 1395 1768 1436 sermo
1807 1396 1915 1434 non
1961 1389 2044 1434 est

468 1477 611 1530 sicut
663 1477 827 1530 verba
877 1492 908 1530 a
973 1475 1336 1542 ventriloquis
1387 1473 1628 1527 vendita.
1673 1471 1845 1538 Quam
1895 1472 2042 1526 enim

469 1565 643 1632 possit
691 1565 818 1634 quis
862 1563 1160 1633 rependere
1213 1563 1706 1617 remunerationem
1766 1560 2042 1630 Evangelii

467 1656 650 1708 verbis
690 1655 949 1725 d‘lgnam?
990 1655 1248 1708 Davidem
1297 1655 1420 1708 audi
1467 1655 1651 1707 animo
1697 1653 2038 1722 pendentem,

467 1761 532 1800 ac
567 1747 832 1800 dicentem
869 1763 882 1799 :
913 1745 1053 1811 Quid
1084 1746 1371 1798 retribuam
1407 1743 1632 1796 Domino
1673 1758 1768 1811 pro
1798 1743 2039 1797 omnibus

467 1853 585 1908 qua:
627 1838 869 1892 retribuit
916 1838 1128 1891 niihi'?
1166 1835 1282 1891 Non
1326 1844 1410 1892 est
1456 1837 1620 1908 igitur
1651 1851 1879 1890 munera
1911 1837 2042 1889 dare

469 1929 538 1985 de
573 1946 660 1990 eo.
692 1945 812 2000 qua
837 1931 958 1999 ejus
987 1930 1134 1984 dono
1165 1930 1374 1999 possint
1406 1929 1664 1983 conferri.
1700 1927 1879 1982 Unum
1921 1941 2043 1981 mu-

472 2038 580 2076 nus
605 2021 826 2092 dignum
860 2021 1046 2087 fuerit,
1077 2023 1124 2076 si
1159 2021 1213 2074 id
1238 2020 1385 2091 quod
1418 2021 1512 2075 dat
1545 2019 1909 2074 custodiatur.
1937 2017 2042 2084 Qui

469 2115 565 2169 tibi
601 2115 749 2168 hunc
774 2115 1093 2168 thesaurum
1138 2115 1433 2176 concessit,
1467 2113 1584 2167 dari
1627 2113 1857 2182 pretium
1895 2110 2044 2167 haud

468 2206 659 2274 exigit,
699 2206 794 2260 sed
826 2205 1134 2260 custodiam
1167 2219 1226 2259 re
1255 2205 1380 2259 data
1410 2205 1652 2274 dignam.

468 2297 579 2368 83
609 2296 860 2366 Ejusdem
883 2314 947 2352 ex
974 2296 1197 2376 epistola
1229 2296 1297 2348 ad
1326 2295 1743 2376 cliorepiscopos,
1773 2297 1912 2365 quod
1939 2311 2045 2351 non

781 2377 1016 2435 oporteat
1053 2369 1217 2436 pretio
1249 2382 1432 2419 manus
1465 2369 1741 2436 imponere.

547 2521 745 2577 Putant
767 2538 827 2577 se
867 2524 986 2578 ideo
1020 2539 1124 2578 non
1179 2537 1427 2592 peccare,
1461 2524 1605 2592 quod
1655 2540 1763 2579 non
1799 2535 1924 2580 ante
1953 2541 2044 2580 ac—

471 2617 696 2686 cipiant,
744 2616 840 2673 sed
897 2625 1021 2687 post
1071 2617 1473 2670 ordinationem
1517 2617 1810 2686 accipiant.
1881 2616 2043 2672 Aeci-

472 2727 600 2780 pcre
619 2719 797 2764 autem
826 2718 904 2763 est
929 2709 1370 2778 quandocunque
1390 2708 1655 2777 accipere.
1673 2710 1822 2779 llogo
1841 2711 2042 2778 itaque,

475 2802 708 2856 reditum
751 2802 926 2867 illum,
963 2803 1078 2856 sive
1115 2803 1294 2871 potius
1333 2802 1473 2854 viam
1509 2801 1561 2854 in
1597 2801 1900 2867 gehennam
1940 2803 2044 2858 du-

473 2901 684 2947 centem
714 2894 1022 2962 relinquite,
1048 2909 1148 2947 nec
1183 2908 1378 2947 rnanus
1402 2891 1672 2960 ejusmodi
1723 2893 2045 2949 muneribus

473 2987 930 3053 contaminantes,
965 2987 1215 3058 indignos
1251 3003 1348 3043 vos
1381 2986 1625 3043 elliciatis
1653 2985 1747 3054 qui
1782 2985 2040 3056 mysteria

476 3085 664 3133 sancta
688 3079 986 3134 celebretis.
1021 3078 1110 3133 Sic
1137 3081 1295 3133 etiam
1320 3097 1440 3148 paq.
1477 3079 1604 3134 522.

724 3172 808 3226 Ea:
834 3172 940 3225 vita
961 3173 1134 3226 sancti
1150 3171 1373 3226 Joannis
1405 3171 1781 3244 Chrysostomi.

550 3332 797 3386 Accessit
821 3333 886 3387 ad
917 3347 1018 3387 nos
1045 3330 1353 3399 episc0pos,
1391 3331 1584 3399 prolixi
1612 3333 1883 3388 sermonis
1915 3348 2048 3387 cau-

477 3440 559 3490 sa,
579 3425 844 3480 Eusebius
876 3435 1161 3479 accusator
1184 3438 1275 3478 sex
1299 3423 1631 3491 reliquorum
1650 3425 2046 3494 episcoporum,

485 3533 682 3587 regans
710 3527 767 3571 ut
795 3519 859 3570 ad
891 3517 1331 3571 communionem
1368 3515 1766 3570 admitteretur.
1817 3517 2049 3570 Contra-

478 3611 668 3664 dicunt
732 3610 953 3678 quidam
996 3606 1257 3678 episcopi,
1299 3606 1631 3674 adduntque,
1685 3607 2048 3661 calumniator

481 3717 606 3754 cum
642 3708 808 3764 esset,
842 3713 949 3752 non
995 3706 1245 3767 eportere
1275 3697 1451 3765 ipsum
1479 3698 1712 3752 admitti.
1748 3697 1879 3752 Post
1935 3699 2049 3751 haec

481 3793 804 3861 supplicavit
854 3791 1041 3846 dicens
1081 3809 1093 3845 :
1129 3791 1400 3856 Quoniam
1440 3807 1607 3845 causa
1671 3793 1774 3846 ista
1828 3790 2048 3845 biennio

478 3883 714 3938 maxima
749 3899 812 3936 ex
837 3891 988 3951 parte
1009 3883 1319 3937 examinata
1355 3890 1462 3949 est,
1488 3892 1543 3938 et
1574 3884 1639 3937 ad
1673 3883 1892 3936 testium
1949 3882 2048 3936 ad-

478 3987 696 4031 ventum
744 3975 884 4030 faeta
931 3985 1013 4031 est
1054 3976 1262 4042 dilatio,
1313 3993 1446 4049 rogo
1484 3978 1736 4046 pietatem
1785 3985 2044 4039 vestram,

479 4079 537 4123 ut
569 4069 725 4123 lmdie
759 4069 984 4138 jamjam
1015 4077 1184 4124 testes
1222 4072 1548 4139 producam.
1603 4068 1724 4139 Etsi,
1757 4069 1899 4122 enim
1935 4071 2048 4122 An-

480 4161 701 4215 toninus
754 4171 1003 4214 mortuus
1031 4171 1137 4225 est,
1166 4161 1260 4230 qui
1288 4177 1543 4215 nummos
1572 4160 1780 4231 accepit
1813 4170 1865 4212 ct
1897 4159 2044 4213 ordi-

481 4255 648 4317 navit,
693 4263 930 4308 attamen
984 4262 1280 4323 supersunt
1309 4261 1364 4307 et
1411 4254 1502 4322 qui
1537 4255 1824 4318 dederunt,
1873 4263 1925 4308 et
1955 4254 2045 4321 qui

2143 475 2309 526 κεῖνοι
2343 473 2443 542 μὲν
2471 474 2559 525 ἐπ’
2589 472 2841 543 ἀργυρίῳ
2873 471 3247 542 μαντεύονται·
3273 472 3430 525 τοῦτο
3455 471 3568 542 γάρ
3593 473 3696 526 ἐστι

2139 565 2202 616 τδ
2236 563 2640 631 καταγέλαστον
2702 564 2785 616 ὅτι
2826 563 2918 616 καὶ
2963 561 3225 633 ἀργύριον
3281 563 3462 626 αὐτοῖς
3495 562 3697 616 τελοῦσι

2143 656 2330 726 μισθὸν
2353 654 2446 708 τοῦ
2464 654 2692 724 ψεύδους
2713 655 2762 706 ei
2780 649 3146 723 ἀπατώμενοι.
3176 651 3346 706 Τοῦτο
3372 653 3430 706 δὲ
3453 653 3695 722 τδ’ρἦα,

2139 745 2378 799 τοιοῦτόν
2402 748 2518 799 ἐστι
2551 744 2644 798 τοῦ
2679 743 2992 814 νομοθέτου,
3031 744 3130 796 οὐκ
3159 743 3272 796 ἔστι
3301 742 3544 796 τοιοῦτον
3572 741 3700 796 ὥστε

2138 839 2286 910 δῶρα
2319 839 2502 892 δοῦναι
2564 839 2692 908 περὶ
2743 835 2908 890 αὐτοῦ
2934 851 2950 869 ·
3009 836 3182 899 οὐδεὶς
3245 835 3354 906 γὰρ
3404 835 3503 905 τὴν
3553 835 3700 906 χάριν

2139 932 2233 986 τοῦ
2263 931 2395 984 Θεοῦ
2421 930 2758 984 ἀποδίδοται·
2784 931 3037 996 Δωρεὰν,
3073 928 3240 998 φησιν
3260 967 3275 989 ,
3307 926 3579 990 ἐλάϐετε,
3610 925 3702 980 δω-

2133 1023 2282 1092 ρεὰν
2307 1023 2464 1076 δότε.
2515 1021 2678 1094 Ὁρᾷς
2707 1022 2822 1086 πῶς
2847 1022 3196 1092 ἠγανάκτησε
3244 1018 3448 1086 Πέτρος
3487 1018 3585 1070 ἐπὶ
3635 1017 3700 1087 τῷ

2142 1117 2366 1187 Σίμωνι,
2398 1115 2659 1186 ἀργύριον
2691 1115 2830 1184 ὑπὲρ
2862 1115 2960 1182 τῆς
2985 1113 3078 1166 τοῦ
3123 1112 3442 1181 Πνεύματος
3496 1110 3702 1180 χάριτος

2143 1207 2613 1278 προσκομίσαντι;
2651 1205 2722 1260 Τὸ
2751 1207 2861 1274 γὰρ
2907 1204 3190 1273 ἀργύριόν
3235 1218 3374 1266 σου,
3404 1203 3564 1272 φησι,
3599 1201 3701 1254 σὺν

2143 1300 2240 1353 σοί
2275 1300 2370 1365 εἴη
2407 1302 2493 1362 είς
2521 1298 2845 1360 ἀπώλειαν,
2876 1297 2966 1351 ὅτι
2996 1297 3282 1365 ἐνόμισας
3320 1293 3437 1362 τὴν
3490 1292 3703 1360 δωρεὰν

2144 1387 2250 1441 τοῦ
2281 1387 2429 1440 Θεοῦ
2457 1384 2554 1440 διὰ
2581 1385 2898 1455 χρημάτων
2950 1384 3222 1440 κτᾶσθαι.
3264 1384 3380 1436 Οὐκ
3443 1383 3594 1436 ἔστιν
3624 1379 3704 1436 οὖν

2144 1478 2173 1530 ὁ
2220 1477 2315 1531 τοῦ
2355 1477 2687 1546 Εύαγγελίου
2720 1477 2879 1544 λόγος
2911 1477 2988 1540 ὼς
3022 1476 3090 1529 τὰ
3139 1475 3466 1545 πωλούμενα
3499 1475 3702 1545 ῥήματα

2144 1569 2250 1622 τῶν
2272 1567 2746 1639 ἐγγαστριμύθων.
2776 1568 2841 1620 Τί
2868 1567 2976 1638 γὰρ
3000 1567 3065 1621 ἄν
3094 1584 3177 1630 τις
3200 1565 3309 1638 δῴη
3351 1567 3502 1632 ἀξιον
3538 1565 3702 1618 αὐτῶν

2147 1661 2533 1728 ἀντάλλαγμα;
2586 1659 2749 1712 ἄκουε
2807 1659 2899 1712 τοῦ
2935 1658 3098 1712 Δαεὶδ
3143 1657 3479 1728 ἀποροῦντος
3509 1659 3602 1711 καὶ
3630 1656 3703 1710 λέ-

2145 1769 2330 1820 γοντος
2354 1769 2367 1782 ·
2403 1755 2464 1805 Τί
2483 1750 2884 1806 ἀνταποδώσω
2904 1751 2984 1817 τῷ
2999 1751 3194 1817 Κυρίῳ
3211 1749 3343 1818 περὶ
3363 1749 3609 1802 πάντων
3630 1741 3704 1801 ὧν

2142 1843 2520 1900 ἀνταπέδωκέ
2556 1861 2690 1912 μου
2731 1846 2842 1897 Οὐκ
2875 1842 3019 1895 ἐστιν
3051 1841 3143 1896 οὖν
3190 1841 3337 1910 δῶρα
3375 1839 3564 1893 δοῦναι
3589 1841 3702 1910 περὶ

2142 1936 2354 2002 τούτου,
2392 1936 2618 2000 ἀντάξια
2647 1936 2746 2005 τῆς
2797 1934 2891 1988 ἀπ’
2937 1932 3104 1986 αὑτοῦ
3137 1932 3381 2002 χάριτος.
3415 1931 3516 1984 Ἐν
3546 1931 3703 2001 δῶρον

2143 2030 2293 2096 ἄξιον
2321 2031 2354 2100 ἡ
2388 2028 2602 2099 φυλακὴ
2632 2027 2728 2081 τοῦ
2762 2025 3098 2096 δωρηθέντος
3119 2041 3132 2054 ·
3166 2025 3195 2076 ὁ
3221 2021 3346 2085 δούς
3393 2038 3478 2074 σοι
3506 2022 3597 2075 τὸν
3622 2021 3703 2090 θη-

2146 2123 2366 2192 σαυρὸν,
2399 2124 2519 2193 ούχὶ
2546 2122 2712 2191 τιμὴν
2744 2119 2968 2174 ἀπαιτεῖ
3007 2116 3101 2170 τοῦ
3145 2115 3410 2182 δοθέντος,
3447 2115 3586 2170 ἀλλὰ
3611 2130 3700 2182 φυ-

2145 2190 2315 2288 λακην
2343 2190 2496 2279 ἀξίαν
2520 2190 2614 2266 τοῦ
2635 2211 2940 2282 δεδομένου.
3785 2190 3798 2206 ’

2151 2309 2261 2364 Τοῦ
2290 2308 2477 2362 αὑτοῦ
2515 2306 2582 2361 ἐκ
2614 2304 2725 2373 τῆς
2759 2301 3090 2373 ἐπιστολῆς
3119 2298 3229 2373 τῇς
3258 2298 3408 2366 πρὸς
3439 2296 3582 2373 rei);

2214 2379 2434 2432 ἑαυτὸν
2468 2365 2840 2440 ἐπισκόπους
2860 2415 2876 2439 ,
2916 2365 3073 2426 ὥστε
3103 2365 3187 2438 μὴ
3227 2365 3594 2439 χειροτονεῖν
3617 2365 3704 2420 ἐπὶ

2215 2463 2416 2518 χρημα
2425 2486 2436 2499 ·

2216 2541 2517 2612 Νομίζουσι
2544 2539 2619 2610 μὴ
2651 2537 2981 2608 ἁμαρτάνειν
3015 2533 3091 2603 τῷ
3119 2533 3193 2604 μὴ
3223 2532 3340 2600 ἅμα
3363 2527 3706 2600 προσλαμὸἁ·

2147 2651 2278 2697 νειν,
2320 2632 2456 2686 ἀλλὰ
2486 2630 2625 2702 μετὰ
2657 2631 2758 2700 τὴν
2796 2627 3133 2699 χειροτονίαν
3167 2622 3487 2693 λαμϐάνειν.
3520 2620 3705 2674 Λαϐεἷν

2147 2728 2205 2781 δέ
2247 2729 2363 2779 ἐστι
2396 2725 2455 2778 τὸ
2483 2723 2668 2776 λαϐεῖν
2699 2722 3009 2788 ὁτεδήποτε.
3046 2714 3354 2787 Παρακαλῶ
3381 2707 3476 2766 οὖν
3512 2709 3703 2778 ταύτην

2146 2819 2248 2888 τὴν
2278 2816 2558 2882 πρόσοδον,
2594 2814 2800 2885 μᾶλλον
2845 2812 2902 2864 δὲ
2941 2810 3038 2880 τὴν
3082 2802 3446 2878 προσαγωγὴν
3486 2800 3581 2872 τὴν
3625 2799 3707 2852 ἐπὶ

2148 2907 2371 2977 γέενναν
2402 2903 2735 2958 ἀποθέσθαι·
2781 2902 2876 2955 καὶ
2907 2898 2982 2971 μὴ
3009 2897 3108 2960 τὰς
3150 2897 3338 2966 χεῖρας
3387 2892 3706 2962 μολύναντας

2151 2999 2413 3059 τοιούτοις
2447 2999 2750 3068 λήμμασιν,
2785 2992 3011 3055 ἑαυτοὺς
3042 2988 3295 3054 ἀναξίους
3326 2986 3594 3056 ποιήσητε
3622 2979 3704 3035 τοῦ

2150 3087 2415 3142 ἐπιτελεῖν
2455 3085 2585 3154 ἅγια
2614 3085 2904 3156 μυστήρια.

2165 3183 2258 3235 Ἐκ
2304 3179 2413 3234 τοῦ
2447 3180 2593 3244 ,βίου
2640 3177 2746 3231 τοῦ
2783 3177 2956 3298 ἀγίέυ
3003 3170 3284 3227 Ἰωάννου
3324 3166 3433 3221 τοῦ
3487 3166 3706 3234 Χρυσο-

2815 3263 2890 3298 στ
2927 3262 3059 3298 ιιου.

2815 3262 3059 3314 στομου.

2221 3345 2530 3418 Προσῆλθεν
2581 3344 2608 3396 ὁ
2651 3341 2748 3410 τῆς
2794 3335 3168 3408 μακρηγορίας
3217 3333 3347 3404 ἡμῖν
3394 3329 3566 3391 αἴτιος
3609 3327 3708 3385 τοῖς

2149 3435 2469 3497 ἐπισκόποις
2505 3435 2668 3486 πᾶσιν
2703 3429 2962 3491 Εὐσέϐιος
2987 3431 3014 3480 ὁ
3044 3426 3347 3495 κατήγορος
3373 3421 3482 3474 τῶν
3512 3420 3572 3485 ἒξ
3611 3418 3708 3470 λοι-

2151 3525 2268 3578 πῶν
2326 3523 2670 3584 ἐπισκόπων,
2731 3519 2897 3582 ἀξιῶν
2965 3515 3218 3586 δεχθῆναι
3279 3514 3360 3574 είς
3415 3509 3706 3564 κοινωνίαν.

2151 3612 2638 3686 Προσαντιλέγουσί
2671 3627 2814 3672 τινες
2857 3607 2965 3661 τῶν
2994 3605 3324 3667 ἐπισκόπων,
3362 3602 3436 3671 μὴ
3479 3602 3586 3654 δεῖν
3618 3599 3707 3651 αύ-

2149 3707 2242 3760 τὸν
2273 3704 2524 3776 δεχθῆναι
2564 3703 2640 3764 ὡς
2683 3700 3040 3767 συκοφάντην.
3089 3695 3214 3747 Ἐπὶ
3264 3691 3468 3753 τούτοις
3511 3689 3707 3741 ἱκέτευε

2150 3801 2321 3868 λέγων
2347 3813 2359 3826 ·
2391 3795 2608 3864 Ἐπειδὴ
2634 3795 2666 3862 ἡ
2697 3793 2818 3861 δίκη
2851 3791 2911 3842 τὸ
2943 3788 3189 3840 πλεῖστον
3217 3784 3380 3855 μέρος
3402 3782 3491 3834 ἐπὶ
3509 3781 3598 3848 ἐτη
3624 3777 3709 3829 δύο

2151 3886 2505 3955 ἐϐασανίσθη,
2535 3885 2612 3946 εἰς
2637 3883 2916 3952 μάρτυρας
2940 3879 2994 3930 δὲ
3027 3878 3313 3944 γεγένηται
3344 3877 3374 3942 ἡ
3409 3869 3706 3939 ὑπέρθεσις,

2149 3981 2343 4050 δέομαι
2381 3977 2480 4046 τῆς
2537 3973 2808 4046 ὑμετέρας
2860 3969 3134 4036 θεοφιλίας
3181 3967 3421 4036 σήμερον
3468 3961 3707 4029 παραυτὰ

2149 4069 2330 4126 δοῦναί
2369 4086 2435 4140 με
2480 4069 2605 4129 τοὺς
2653 4066 2956 4136 μάρτυρας.
3005 4061 3068 4112 Ei
3113 4059 3222 4127 γὰρ
3259 4059 3354 4110 καὶ
3414 4057 3706 4112 Ἀντωνῖνος

2150 4165 2538 4233 τετελεύτηκεν
2561 4159 2876 4218 ἐπίσκοπος,
2904 4156 2932 4207 ὁ
2954 4152 3134 4204 λαϐὼν
3163 4151 3221 4203 τὺ
3248 4149 3470 4218 χρυσίον
3503 4147 3592 4198 καὶ
3614 4160 3710 4213 χει-

2155 4258 2485 4330 ροτονήσας,
2534 4251 2648 4305 ἀλλ’
2682 4245 2774 4304 οὖν
2816 4265 2880 4316 γε
2924 4246 3174 4315 μένουσιν
3205 4243 3255 4294 οἱ
3292 4239 3580 4299 δεδωκότες
3624 4236 3710 4288 καὶ

479 4347 710 4400 ordinati
754 4357 898 4400 sunt.
929 4344 1148 4401 Justum
1178 4345 1351 4399 visum
1393 4356 1477 4400 est
1529 4347 1778 4416 praesenti
1833 4348 2042 4416 synodo

2153 4327 2644 4420 χειροτονηθέντες.
2685 4338 3005 4394 Ἑδικαίωσε
3041 4335 3218 4388 τοίνυν
3247 4335 3279 4404 ἡ
3317 4331 3560 4402 παροῦσα
3592 4327 3710 4380 σύν-

480 4457 592 4494 rem
621 4441 880 4509 perquiri.
909 4441 1106 4510 Incipit
1127 4456 1292 4496 causa
1314 4455 1342 4492 a
1374 4441 1600 4494 lectione
1629 4452 1902 4503 actorum,
1926 4453 2048 4508 qum

478 4533 629 4603 prius
666 4532 804 4586 facta
825 4532 1062 4588 fuerant.
1087 4533 1322 4604 lngressi
1351 4542 1477 4588 sunt
1523 4541 1705 4596 testes,
1738 4531 1965 4601 ingrcssi
1995 4541 2049 4584 et

478 4642 568 4680 sex
609 4623 682 4677 illi
714 4624 808 4692 qui
841 4625 1124 4692 pecuniam
1156 4625 1440 4687 dederant,
1469 4623 1774 4677 etordinati
1805 4621 2042 4676 fuerant.

481 4715 544 4766 Et
571 4712 724 4766 initio
779 4711 998 4782 quidem
1037 4713 1327 4780 negabant.
1362 4711 1699 4764 lnstanlibus
1746 4720 1923 4764 autem
1967 4721 2046 4763 te-

475 4805 651 4858 stibus
705 4804 901 4872 partim
962 4804 1138 4866 laieis,
1179 4803 1372 4872 partim
1431 4802 1795 4871 presbyteris,
1847 4801 2048 4872 quibus

476 4897 750 4952 conlidere
802 4897 1148 4959 videbantur,
1201 4909 1409 4949 necnon
1468 4895 1790 4948 mulieribus
1819 4896 2048 4964 quibus-

474 4992 624 5054 dam,
669 4991 764 5061 qui
814 4991 979 5044 etiam
1015 4989 1303 5060 pignorum
1372 5003 1468 5042 seu
1520 5003 1807 5040 munerum
1841 4989 2050 5056 species

474 5084 750 5147 dicebant,
795 5095 849 5138 et
874 5083 1016 5138 loca.
1045 5091 1099 5136 et
1141 5092 1384 5149 tempora
1405 5119 1419 5142 ,
1457 5087 1510 5133 ct
1535 5081 1893 5148 quantitatem
1921 5097 2045 5136 eum

474 5193 662 5232 eorum
719 5174 1053 5230 conscientia
1102 5187 1248 5230 recta
1299 5193 1407 5230 non
1449 5182 1633 5236 esset,
1705 5174 1848 5228 ultro
1919 5187 2048 5228 eon-

477 5273 719 5331 Iitcntur,
749 5268 849 5321 levi
911 5266 1153 5321 adhibita
1195 5267 1521 5323 necessitate
1559 5284 1571 5320 :
1608 5265 1881 5330 Dedimus,
1916 5281 2048 5319 eon-

477 5360 681 5414 fessum
710 5370 814 5426 est,
842 5369 896 5414 et
925 5363 1160 5415 ordinati
1200 5375 1390 5413 sumus
1422 5375 1436 5412 :
1471 5357 1630 5410 talem
1666 5367 1918 5425 putantes
1938 5355 2050 5427 84

479 5466 601 5507 esse
632 5453 1109 5514 conSuetudinem,
1138 5460 1197 5504 ut
1227 5451 1535 5504 videremur
1557 5463 1585 5501 a
1608 5450 1762 5502 curia
1812 5449 2046 5502 liberati.

479 5538 546 5596 Et
577 5555 723 5596 nunc
743 5558 983 5608 oramus,
1012 5543 1056 5597 si
1088 5541 1171 5598 ias
1197 5552 1300 5609 est,
1333 5543 1504 5595 simus
1528 5541 1578 5594 in
1614 5540 1916 5595 ministerio
1950 5542 2050 5596 Ec-

552 5698 594 5731 "
621 5697 812 5756 Matth.
845 5717 898 5763 Χ.
932 5702 983 5757 8.
1063 5705 1221 5759 ’Act.
1259 5700 1493 5757 “11.98.
1539 5703 1556 5730 ²
1584 5699 1724 5755 l‘sal.
1763 5716 1880 5754 cxv.
1924 5701 2004 5754 l2.

2150 4418 2267 4503 οδος
2303 4439 2604 4509 ζητηθῆναι
2635 4435 2694 4486 τὸ
2724 4434 2974 4504 πρᾶγμα·
3018 4429 3240 4498 ἄρχεται
3291 4427 3323 4495 ἡ
3376 4423 3619 4481 ὑπόθεσις
3656 4418 3712 4480 ἐξ

2149 4530 2593 4600 ἀναγνωσμάτων
2633 4524 2738 4578 τῶν
2781 4523 2975 4592 πρώην
3023 4517 3373 4590 πραχθέντων
3401 4511 3712 4582 ύπομνημά·

2149 4643 2278 4678 των.
2313 4621 2572 4690 Εἰσῆλθον
2601 4619 2650 4670 οἱ
2687 4617 2983 4686 μάρτυρες,
3016 4614 3109 4663 καὶ
3147 4607 3394 4676 εἰσῆλθον
3437 4607 3483 4658 οἱ
3514 4605 3568 4668 ἒξ
3609 4601 3711 4652 τῶν

2149 4714 2459 4770 δεδωκότων
2487 4712 2579 4765 καὶ
2607 4705 3109 4778 χειροτονηθέντων.
3153 4704 3239 4754 Ἐν
3270 4703 3411 4772 ἀρχῇ
3444 4697 3710 4768 ἠρνοῦντο·

2155 4805 2528 4875 ἐπιμενόντων
2583 4799 2639 4852 δὲ
2675 4797 2785 4850 τῶν
2842 4792 3160 4866 μαρτύρων,
3207 4790 3318 4842 τῶν
3372 4790 3469 4859 μὲν
3496 4785 3706 4846 λαῖκῶν,

2151 4899 2258 4951 τῶν
2289 4897 2343 4949 δὲ
2371 4893 2776 4966 πρεσϐυτέριον,
2809 4884 2888 4952 οἷς
2934 4887 3075 4950 ἔδοξε
3103 4883 3498 4956 τεθαρρηκέναι
3518 4921 3532 4944 ,
3560 4878 3712 4931 τινῶν

2150 4992 2206 5044 δὲ
2225 4987 2634 5057 καὶγυναικῶν,
2657 4985 2752 5038 καὶ
2772 4982 2839 5036 τὰ
2864 4981 2975 5046 εἴδη
2997 4979 3106 5032 τῶν
3137 4976 3409 5047 ἐνεχύρων
3435 4973 3708 5040 λεγόντων,

2153 5083 2248 5136 καὶ
2268 5081 2393 5144 τοὺς
2417 5080 2633 5142 τόπους,
2660 5077 2753 5128 καὶ
2781 5075 2903 5136 τοὺς
2927 5074 3172 5143 καιροὺς,
3199 5070 3293 5122 καὶ
3317 5069 3412 5136 τὴν
3433 5064 3708 5130 ποσότητα,

2149 5175 2210 5226 οὑ
2243 5174 2386 5225 πάνυ
2422 5169 2602 5232 καλῶς
2630 5167 2808 5222 αὐτῶν
2834 5165 3182 5234 διακειμένης
3212 5163 3309 5231 τῆς
3347 5157 3709 5224 συνειδήσεως,

2153 5267 2465 5335 αὐθαίρετοι
2498 5262 2818 5333 ὁμολογοῦσι
2843 5259 2964 5328 δίχα
2993 5257 3191 5324 πολλῆς
3216 5256 3480 5321 ἀνάγκης,
3512 5251 3588 5302 ὅτι
3614 5248 3708 5296 Δε-

2155 5361 2410 5430 δώκαμεν
2455 5358 2549 5411 καὶ
2589 5356 2910 5423 γεγόναμεν·
2943 5350 3198 5418 τοιαύτην
3240 5348 3554 5416 νομίσαντες
3580 5341 3710 5392 ἁκο-

2151 5429 2367 5506 λουθίαν
2398 5448 2556 5512 εἶναι,
2586 5449 2674 5501 ἵνα.
2697 5447 2937 5514 δόξωμεν
2962 5443 3060 5512 τῆς
3097 5440 3293 5510 βουλῆς
3331 5438 3432 5506 τῆς
3457 5429 3706 5503 δημοσίας

2153 5543 2590 5617 ἐλευθεροῦσθαι·
2633 5540 2725 5594 καὶ
2755 5538 2848 5592 νῦν
2873 5534 3126 5605 δεόμεθα.
3167 5534 3214 5584 εἰ
3251 5530 3354 5600 μέν
3388 5531 3529 5593 ἐστιν
3548 5525 3704 5584 ὅσιον,
