3886 6240
240 183 345 247 537

1054 190 1448 252 SYNTAGMA
1468 192 1855 253 CANONUM-
1895 216 1928 227 --
1952 217 1965 227 ·
1988 193 2134 253 ΤΙΤ.
2156 194 2205 265 Ι,
2248 195 2405 255 CAP.
2441 195 2648 257 XXIV.

3398 195 3502 259 538

240 300 387 364 qna;
410 293 548 353 εἷναι
568 298 626 353 ὲν
642 301 709 369 τῇ
732 298 1041 371 λειτουργίᾳ
1064 302 1167 369 τῆς
1206 302 1552 370 Ἐκκλησίας,
1575 304 1697 355 ἐπεὶ
1721 303 1828 355 κᾶν
1856 307 1882 361 Α

1974 307 2108 360 ‘esia:
2141 324 2154 359 :
2192 307 2273 359 sin
2309 307 2510 367 minus,
2544 322 2766 367 aurum,
2794 306 2939 374 quod
2970 306 3249 371 dedimus,
3273 304 3502 372 recipia-

240 390 304 439 1".
336 387 557 455 χρυσίον
585 387 615 440 δ
642 388 956 458 δεδώκαμεν
987 389 1075 441 ἵνα
1116 390 1389 458 λάϐωμεν·
1434 392 1542 443 τῶν
1580 392 1688 460 γὰρ
1721 408 1820 458 γυ-

244 478 449 530 ναικῶν
487 478 644 548 ἡμῶν
676 478 987 548 δεδώκαμεν
1013 496 1156 543 τινες
1188 480 1377 550 σκεύη.
1431 482 1488 534 '0
1533 482 1590 534 δὲ
1646 482 1824 535 Ἰωάν-

241 583 348 634 νης
375 566 511 636 πρὸς
555 565 727 619 ταῦτα
760 568 1025 636 ὑπέσχετο
1075 571 1140 637 τῇ
1194 569 1416 639 συνόδῳ,
1456 571 1535 622 ὅτι
1584 568 1689 622 Τοῦ
1725 570 1824 637 μὲν

246 655 636 727 βουλευτηρίου
676 657 787 725 ἐγὼ
815 659 1011 720 αὐτοὺς
1042 659 1136 710 σὺν
1161 658 1279 728 Θεῷ
1306 660 1636 713 ἀπαλλάσσω
1660 658 1826 721 ἀξιώ-

246 766 354 811 σας
386 748 478 800 τὸν
507 748 752 818 βασιλέα,
779 750 935 818 ὑμεῖς
962 748 1017 801 δὲ
1047 750 1386 817 προστάξατε
1419 750 1616 811 αὐτοὺς
1643 748 1828 801 λαΰεῖν

242 840 276 891 ὂ
298 839 594 900 δεδώκασι,
622 841 775 910 παρὰ
798 838 904 893 τῶν
919 839 1229 891 Ἀντωνίνου
1258 839 1627 908 κληρονόμων.
1653 839 1827 907 Προσο

245 931 447 993 ἐταξεν
492 932 525 999 ή
579 928 831 992 σύνοδος,
889 929 951 981 τὸ
997 930 1097 998 μὲν
1141 929 1362 999 χρυσίον
1399 930 1597 991 αὐτοὺς
1645 929 1830 981 λαὸεἰν

246 1024 411 1093 παρά
439 1021 545 1074 τῶν
588 1022 901 1075 ’Δντωνίνου
934 1020 1309 1089 κληρονόμων,
1341 1022 1616 1073 κοινωνεῖν
1646 1019 1701 1071 δὲ
1745 1018 1830 1071 ἐν-

245 1113 347 1165 δον
375 1112 469 1165 τοῦ
512 1112 897 1181 θυσιαστηρίου
917 1127 931 1141 ·
978 1107 1119 1164 εἶναι
1160 1112 1216 1164 δὲ
1244 1111 1351 1162 ἀπὸ
1394 1112 1607 1178 ἱερέων,
1639 1110 1725 1163 ἵνα
1756 1108 1832 1179 μὴ

244 1204 467 1258 τούτων
517 1204 1015 1273 συγχωρηθέντων,
1044 1204 1161 1266 ἔθος
1205 1203 1429 1271 γένηται
1470 1201 1756 1254 Ἰουδαῖκδν
1799 1200 1832 1271 ἢ

248 1295 559 1361 Αίγύπτιον
587 1294 681 1347 τοῦ
709 1295 907 1347 πωλεῖν
933 1296 1027 1347 καὶ
1048 1294 1338 1364 ἀγοράζειν
1376 1294 1477 1363 τὴν
1507 1292 1834 1363 ἱερωσύνην.

248 1386 401 1439 Φασὶ
428 1386 539 1457 γὰρ
578 1387 667 1438 τὸν
694 1385 952 1452 λυμεῶνα
981 1387 1076 1436 καί⁵
1111 1384 1463 1453 ψευδώνυμον
1489 1385 1836 1454 πατριάρχην

249 1480 374 1532 τῶν
418 1478 712 1539 Ἰουδαίων,
746 1480 865 1530 κατ’
895 1478 1010 1540 ἔτος
1044 1477 1291 1547 ἀμείϐειν
1321 1478 1355 1547 ἢ
1390 1480 1520 1547 παρ’
1548 1478 1667 1541 ἔτος
1711 1478 1838 1539 τοὺς

250 1570 767 1643 ἁρχισυναγώγους,
792 1573 881 1621 ἐπὶ
906 1569 1137 1638 συλλογῇ
1164 1570 1257 1621 τοῦ
1282 1570 1567 1638 ἀργυρίου.
1609 1568 1838 1637 Ὁμοίως

1927 411 2051 449 mus
2087 418 2097 450 :
2134 396 2354 464 quidam
2393 397 2537 449 enim
2568 412 2597 449 e
2629 397 2786 451 nobis
2829 411 3060 451 uxorum
3109 395 3501 465 supellcctilem

1925 484 2195 538 dedimus.
2235 485 2315 536 Ad
2348 486 2464 538 haec
2503 483 2746 539 Joannes
2791 485 3001 555 synodo
3049 484 3325 553 pollicitus
3365 489 3450 537 est
3484 498 3500 535 :

1926 574 2081 639 Quod
2110 575 2174 627 ad
2219 575 2428 628 curiam
2464 574 2683 644 quidem
2738 576 2950 635 attinet,
2983 588 3084 639 ego
3118 588 3237 634 eos,
3270 571 3379 625 Deo
3417 571 3507 637 ju-

1931 672 2109 724 rante,
2162 661 2424 725 liberabo,
2474 672 2700 716 exorato
2750 662 3079 731 imperatore
3141 676 3282 713 :vos
3324 666 3503 711 autent

1929 754 2202 817 mandate,
2246 764 2304 806 ttt
2332 754 2401 807 ab
2434 755 2737 808 luet-edibus
2785 754 3043 807 Antonini
3080 752 3182 821 ipsi
3211 752 3504 819 accipiant,

1928 858 2050 912 qua:
2103 844 2389 897 dederunt.
2446 840 2707 911 Praecepit
2737 844 2996 913 synodus.
3030 852 3090 896 ut
3139 857 3329 895 aurum
3368 840 3510 895 acci-

1931 942 2122 1004 perent
2173 934 2243 988 ab
2282 934 2591 989 haeredibus
2636 935 2922 995 Antonini,
2958 944 3011 988 et
3041 933 3513 988 communicarent

1935 1027 2077 1080 intra
2105 1028 2277 1081 altare
2338 1046 2351 1081 :
2398 1035 2584 1081 essent
2623 1037 2807 1081 autem
2857 1026 2968 1093 jam
3030 1040 3136 1078 non
3168 1024 3503 1085 sacerdotes,

1934 1133 2029 1172 sex
2090 1132 2157 1171 ex
2214 1119 2609 1183 sacerdotibus,
2670 1134 2775 1181 ne,
2810 1118 2856 1172 si
2905 1116 3008 1169 ista
3065 1114 3511 1175 concederentur,

1936 1225 2057 1264 mos
2090 1210 2243 1263 licret
2279 1208 2541 1264 Judaicns
2573 1219 2663 1262 aut
2689 1208 2978 1279 Aigyptins
3002 1249 3017 1273 ,
3051 1205 3317 1260 vendendi
3352 1214 3517 1272 atque

1936 1301 2152 1354 emendi
2201 1300 2589 1355 sacerdotium.
2648 1301 2845 1355 Dicunt
2874 1300 3019 1354 enim
3067 1296 3433 1367 pestilentem,
3464 1303 3520 1347 et

1946 1393 2146 1447 falsum
2167 1391 2483 1447 Judaorum
2511 1392 2873 1462 patriarcham
2897 1433 2913 1456 ,
2942 1389 3173 1460 singulis
3207 1387 3389 1449 annis,
3425 1394 3523 1439 aut

1941 1501 2087 1539 anno
2145 1484 2465 1551 interiecto,
2524 1498 2809 1553 synagogas
2860 1480 3137 1550 principes
3185 1488 3401 1531 mutare
3455 1475 3521 1528 ad

1942 1571 2330 1624 eorradendam
2359 1573 2666 1639 pecuniam,
2695 1569 2945 1623 similiter
2969 1576 3024 1620 et
3047 1565 3209 1633 hujus
3242 1562 3521 1624 aemulum,

255 1639 479 1718 τὸν
501 1663 751 1732 ζηλωτὴν
778 1660 982 1714 τούτων
1013 1661 1101 1713 τὸν
1134 1660 1445 1727 Αἰγυπτίων
1476 1660 1839 1730 πατριάρχην·
1872 1639 1882 1695 Ῑ

1974 1662 2317 1733 Egyptiorum
2374 1661 2737 1729 patriarcham
2765 1700 2779 1723 ,
2816 1669 2874 1712 ut
2921 1657 3208 1726 impleatur
3238 1653 3368 1708 illud
3402 1668 3526 1721 pro-

256 1758 357 1809 ῖια
393 1754 655 1825 πληρωθῇ
683 1754 745 1807 τὸ
778 1752 1133 1833 προφητικὸν*
1170 1753 1234 1805 Οἱ
1264 1751 1438 1818 ἱερεῖς
1476 1749 1666 1819 αὐτῆς
1700 1751 1845 1819 μετὰ

256 1847 475 1913 δώρων
500 1844 932 1912 ἀπεκρίναντοζ,
963 1843 1062 1896 καὶ
1082 1843 1136 1896 ot
1163 1841 1461 1911 προφῆται
1489 1841 1681 1911 αὐτῆς
1698 1842 1849 1911 μετὰ

257 1938 561 2007 ἀργυρίου
584 1936 998 2005 ἐμαντεύοντο.

282 2035 388 2086 Ἐκ
418 2030 539 2085 τῶν
558 2030 833 2084 κανόνων
865 2028 982 2080 τῶν
1011 2030 1103 2095 χλ¹
1134 2027 1318 2095 ἁγίων
1347 2024 1622 2095 Πατέρων
1645 2024 1762 2078 τῶν
1782 2023 1852 2077 ἐν

493 2099 832 2165 Χαλκηδόνι
862 2094 1302 2162 συνελθόντων,
1337 2098 1536 2150 κανὼν
1566 2094 1633 2165 β’.

349 2188 417 2243 6⁸.
446 2192 511 2243 Εῖ
525 2206 607 2252 τις
628 2190 922 2250 ἐπίσκοπος
955 2187 1047 2239 ἐπὶ
1076 2188 1321 2258 χρήμασι
1344 2186 1673 2257 χειροτονίαν
1691 2185 1850 2253 ποιή-

270 2301 459 2347 σαιτο,
486 2300 541 2336 κ.
571 2298 622 2335 τ.
649 2279 703 2334 λ.

282 2376 395 2428 Ἐκ
436 2372 547 2441 τῆς
587 2371 913 2441 ἐγκυκλίου
946 2367 1280 2433 ἐπιστολῆς
1326 2367 1657 2421 Γενναδίου
1690 2369 1853 2420 Κων-

769 2441 1348 2504 σταντινουπόλεως.

356 2535 517 2588 Ἐστι
548 2535 725 2588 τοίνυν
754 2534 1157 2603 ἀποκήρυκτος,
1192 2548 1247 2584 κ.
1286 2548 1337 2584 τ.
1370 2533 1421 2584 λ.
1455 2546 1620 2596 usque
1648 2530 1716 2582 ad
1747 2548 1854 2600 μα-

276 2629 468 2699 μωνᾷ.

292 2722 402 2775 Ἐκ
464 2718 582 2773 τῶν
608 2718 878 2772 κανόνων
939 2715 1049 2783 τῆς
1083 2715 1279 2855 ,ἁγίίές
1335 2713 1515 2781 ἕκτης
1568 2714 1857 2777 συνόδου,

956 2803 1156 2839 κανων
1188 2804 1221 2837 κ
1280 2825 1293 2839 ο

956 2803 1156 2839 κανων
1188 2803 1264 2839 κβ
1280 2825 1293 2839 ο

358 2881 468 2937 κδ’.
502 2880 641 2944 Τοὺς
672 2879 763 2931 ἐπὶ
793 2879 1034 2949 χρήμασι
1062 2874 1570 2949 χειροτονουμένους
1592 2916 1605 2939 ,
1636 2892 1691 2928 κ.
1722 2893 1773 2927 τ.
1808 2874 1857 2929 λ.

374 2974 726 3041 ’Λκούσωμεν
769 2969 941 3023 ταῦτα
989 2968 1165 3020 πάντα
1212 2968 1307 3020 καὶ
1350 2967 1763 3034 ὲνωτισώμεθα,
1799 2967 1860 3019 οὐ
1895 2980 1935 3037 α

286 3067 458 3137 μόνον
486 3063 762 3135 ἀρχιερεῖς
807 3060 899 3114 καὶ¹
944 3061 1132 3129 ἱερεῖς,
1178 3060 1273 3112 καλ⁵
1305 3060 1354 3110 οἱ
1385 3058 1462 3127 τῷ
1502 3058 1688 3128 κλήρῳ
1732 3076 1865 3111 κατ-

285 3156 685 3229 ηριθμημένοι,
724 3153 859 3207 ἀλλά
888 3154 981 3205 καὶ
1012 3152 1212 3213 πάντες
1249 3151 1297 3202 οἱ
1346 3147 1727 3213 κατοικοῦντες
1775 3151 1872 3219 τὴν

288 3248 645 3317 οἰκουμένην.
694 3246 787 3297 Δεῖ
818 3243 925 3314 γὰρ
965 3242 1363 3313 περισσοτέρως
1406 3242 1552 3310 ἡμᾶς
1587 3241 1875 3310 προσέχειν

292 3341 409 3399 τιῖς
445 3336 789 3399 ἀκουσθεῖσι,
854 3334 927 3403 μή
984 3349 1114 3385 ποτε
1178 3330 1617 3401 παραρῤυῶμεν·
1674 3330 1756 3382 ὃτι
1813 3330 1873 3381 οὐ

296 3430 562 3499 ᾳθαρτοῖς
609 3425 856 3496 ἀργυρίῳ
899 3425 931 3494 ἢ
984 3422 1189 3494 χρυσίῳ
1225 3421 1610 3491 ὴγοράσθημεν
1664 3424 1727 3473 ὲκ
1780 3421 1877 3488 τῆς

300 3521 543 3588 ματαίας
571 3516 875 3585 παραδότου
905 3514 1251 3581 ἀναστροφῆς
1270 3551 1284 3573 ,
1322 3510 1454 3563 ἀλλά
1480 3510 1645 3579 τιμίῳ
1678 3510 1873 3578 αἵματι

295 3611 346 3664 ὠ
416 3607 585 3678 ἀμνοῦ
616 3606 848 3676 ἀμώμου
878 3604 972 3658 καλ⁹
1003 3603 1231 3657 ἀσπίλου
1274 3601 1442 3671 Ἰησοῦ
1480 3599 1735 3671 Χριστοῦ.
1774 3599 1879 3652 Οὖ-

295 3720 415 3763 τως
443 3702 589 3770 ἡμᾶς
616 3699 840 3762 δίδαξον,
875 3697 1006 3766 ἆνερ
1032 3694 1313 3765 ἱερώτατε,
1344 3693 1569 3746 ἕπεσθαι
1600 3695 1712 3753 τοῖς
1750 3709 1884 3762 γρα-

302 3797 490 3863 φικοῖς
523 3794 617 3846 καὶ
640 3791 1011 3857 εὐαγγελικοῖς
1054 3788 1147 3840 καὶ
1184 3785 1559 3847 ἀποστολικοῖς
1583 3787 1885 3845 κανονικοῖς

298 3904 363 3940 τε
394 3886 488 3937 καὶ
518 3885 802 3952 πατρικοῖς
826 3879 1271 3950 παραγγέλμασι.
1301 3876 1609 3945 Πειθόμεθα
1633 3876 1741 3944 γὰρ
1775 3877 1887 3935 τοῖς

304 3978 525 4047 ῥήμασι
557 3974 651 4025 τοῦ
689 3973 950 4041 στόματος
988 3970 1164 4038 ὑμῶν.
1196 3968 1321 4020 Ἐπὶ
1353 3967 1461 4019 τῶν
1503 3967 1725 4036 ὑψηλῶν
1759 3966 1889 4017 ἀνά-

303 4065 465 4135 εηθι,
500 4062 713 4133 ὖψωσον
741 4066 796 4113 ἐν
832 4061 974 4129 ἰσχύϊ
1002 4059 1099 4129 τὴν
1135 4059 1319 4128 φωνήν
1360 4072 1476 4109 σουο
1507 4056 1801 4125 πορεύθητι
1834 4056 1890 4105 ὲν

303 4155 620 4224 πλατυσμῴ
642 4194 656 4218 ,
687 4152 920 4223 κήρυξον
966 4150 1104 4220 μετά
1133 4151 1465 4220 παρρησίας·
1495 4149 1642 4209 ὅπως
1689 4146 1889 4216 ἐξαρθῇ

304 4248 413 4301 καὶ
443 4250 522 4309 εἰς
545 4246 871 4314 ἀφανισμόν·
904 4245 1183 4312 οἰχήσεται
1215 4243 1247 4309 ἡ
1275 4241 1360 4293 διά
1388 4242 1683 4309 χρημάτων
1716 4256 1891 4308 χειρο-

1948 1755 2165 1822 phetze:
2220 1752 2527 1806 Sacerdotes
2576 1752 2690 1820 ejus
2729 1767 2849 1803 cum
2895 1748 3196 1802 muneribus
3246 1746 3525 1815 responde-

1948 1848 2096 1912 bant,
2124 1858 2172 1900 et
2199 1845 2466 1915 propheta
2495 1843 2610 1913 ejus
2636 1860 2756 1906 cum
2785 1844 3009 1912 pecunia
3028 1840 3453 1896 vaticinabantur
3483 1838 3523 1891 ³.

1951 2034 2037 2089 Ea:
2073 2034 2359 2088 canonibus
2389 2039 2753 2086 sexcentarum
2783 2029 3004 2083 Patrum
3041 2024 3370 2081 Chalcedone
3406 2036 3533 2075 con-

2445 2112 2779 2171 gregatarum
2808 2115 2979 2152 canon
3006 2096 3065 2151 2.

2024 2201 2077 2254 2.
2120 2199 2177 2253 Si
2210 2199 2335 2269 quis
2365 2196 2651 2265 episcopus
2686 2202 2904 2263 pr0pter
2948 2190 3207 2261 pecunias
3236 2183 3533 2240 ordinatio-

1955 2308 2077 2347 nem
2117 2290 2324 2353 fecerit,
2360 2298 2465 2342 etc.
2491 2297 2546 2340 ut
2578 2302 2699 2355 pag.
2732 2285 2856 2339 5l5.

2028 2381 2113 2435 Ea:
2165 2381 2389 2449 epistola
2437 2378 2716 2498 encycticat
2744 2373 3003 2456 Gennadii
3050 2362 3534 2433 Constantinopoli-

2723 2461 2834 2498 am.

2723 2461 2834 2498 ant.

2030 2542 2110 2598 Sit
2140 2556 2289 2612 ergo,
2312 2546 2443 2603 etc.,
2467 2550 2628 2606 usque
2666 2532 2735 2587 ad
2771 2531 3111 2590 Mammonae,
3139 2534 3197 2579 ut
3226 2540 3351 2594 pag.
3376 2519 3504 2577 526.

2032 2714 2117 2769 Ea:
2169 2708 2456 2766 canonibus
2513 2714 2712 2761 sancite
2779 2699 2966 2825 gyznodi
3018 2695 3346 2752 aecumenicaz
3393 2708 3469 2758 Vl,

2589 2790 2757 2825 canon
2863 2810 2877 2823 .

2589 2790 2757 2827 canon
2784 2790 2877 2825 ΖΖ.

2021 2874 2114 2930 22.
2134 2872 2239 2925 Eos
2252 2869 2341 2939 qui
2355 2866 2495 2923 datis
2510 2863 2753 2936 pecuniis
2771 2861 3109 2920 ordinantur,
3124 2864 3226 2910 etc.
3239 2894 3253 2920 ,
3273 2862 3327 2906 ut
3346 2868 3397 2922 p.
3417 2851 3544 2905 515.

2036 2961 2303 3032 Agedum,
2336 2956 2563 3011 auribus
2600 2951 2982 3017 mentibusque
3026 2949 3147 2999 haec
3194 2942 3358 2996 verba
3397 2953 3548 2993 reco-

1976 3030 2172 3115 lamus,
2205 3050 2298 3106 sed
2326 3064 2433 3102 non
2469 3046 2645 3101 solum
2698 3035 3153 3108 archipresbyteri
3195 3049 3258 3088 ac
3291 3030 3550 3087 sacerdo-

1975 3158 2079 3211 tes,
2111 3146 2550 3209 elericorumquc
2609 3137 2663 3189 in
2713 3146 2941 3188 numero
2983 3127 3267 3190 accensiti,
3307 3126 3399 3180 sed
3432 3138 3553 3175 om-

1976 3256 2074 3295 nes
2120 3247 2387 3291 terrarum
2441 3229 2667 3296 incolat;
2699 3226 2864 3295 idque
2910 3237 2976 3276 eo
3017 3220 3192 3290 magis
3221 3234 3329 3287 quo
3374 3216 3553 3269 minus

1977 3334 2137 3405 plane
2187 3324 2614 3383 conl‘undamur.
2670 3317 2787 3374 Non
2850 3316 2993 3371 enim
3048 3312 3142 3365 vili
3201 3309 3553 3364 denariorum

1979 3397 2153 3494 pretio
2199 3428 2323 3489 post
2375 3429 2573 3470 vanam
2625 3408 2904 3466 traditoris
2974 3402 3389 3475 paenitentiam,
3460 3397 3556 3453 sed

1980 3489 2221 3584 pretioso
2272 3507 2537 3579 sanguine
2582 3502 2709 3557 Jesu
2756 3497 2982 3561 Christi,
3041 3494 3163 3565 agni
3220 3489 3558 3545 innocentis-

1982 3605 2103 3659 simi
2140 3611 2192 3657 et
2227 3578 2581 3659 immaiculati,
2630 3590 2897 3659 redempti
2931 3603 3146 3641 sumus.
3183 3583 3442 3651 Dignare,
3475 3578 3559 3633 vir

1987 3694 2356 3756 sanctissime,
2412 3688 2567 3743 nobis
2607 3694 2915 3740 monstrare
2962 3680 3127 3744 viam,
3164 3692 3273 3746 qua
3316 3673 3560 3743 Scriptu-

1989 3803 2174 3842 rarnm
2202 3826 2215 3848 ,
2250 3781 2653 3852 evangeliorum
2685 3819 2698 3841 ,
2742 3773 3166 3847 apostolicorum
3208 3782 3477 3823 canonum
3509 3773 3562 3819 et

1988 3887 2300 3935 sanctorum
2346 3875 2566 3927 Patrum
2626 3867 2915 3939 praeceptis
2976 3863 3292 3917 insistentes
3342 3872 3563 3927 progre-

1988 3973 2222 4025 diamur.
2262 3964 2462 4019 Vestrae
2507 3973 2744 4028 namque
2789 3956 3053 4011 doctrina:
3094 3952 3322 4007 docilem
3374 3962 3560 4000 aurem

1990 4061 2230 4131 praebere
2289 4054 2446 4108 nobis
2506 4050 2656 4105 cordi
2718 4055 2818 4101 est.
2888 4044 3135 4099 Asccnde
3196 4056 3387 4095 versus
3450 4053 3566 4091 ca:-

1993 4128 2143 4212 lum,
2186 4150 2293 4202 alta
2355 4160 2488 4199 voce
2547 4144 2761 4203 clama;
2812 4139 2951 4190 viam
3020 4136 3209 4188 insiste
3269 4148 3296 4184 a
3353 4128 3566 4200 populis

1996 4243 2215 4307 tritam;
2279 4254 2402 4293 eum
2475 4233 2623 4288 omni
2697 4231 2948 4283 libertate
3015 4224 3405 4293 evangelizato.
3474 4218 3568 4271 Sic

307 4340 511 4405 θεσία,
540 4308 631 4389 καὶ
662 4308 767 4387 πᾶν
794 4334 845 4385 εἴ
875 4352 926 4385 τι
951 4308 1121 4402 ταύτῃ
1156 4308 1245 4383 δια
1288 4308 1651 4400 φιλαργυρίαν
1678 4330 1882 4382 ἀδικίαν

1996 4332 2139 4387 enim
2181 4327 2297 4381 auri
2366 4325 2534 4378 fames
2577 4336 2699 4375 cum
2749 4316 3005 4369 omnibus
3051 4329 3171 4381 ane
3224 4311 3347 4365 inde
3394 4309 3571 4362 ﬂuunt.

306 4444 379 4479 τε
410 4426 505 4477 καὶ
543 4424 809 4493 ἐμπορίαν
857 4420 1255 4491 αἰσχροκερδῶς
1303 4421 1642 4489 παρέπεται*
1690 4419 1893 4487 ταύτης

322 4520 431 4587 γὰρ
466 4517 601 4585 μετά
630 4515 739 4566 τῶν
776 4513 1196 4582 συστοιχούντων
1228 4514 1361 4581 αὐτῇ
1398 4510 1792 4581 ἐξαιρουμένης
1830 4513 1894 4561 ἐκ

309 4606 416 4660 τοῦ
458 4603 982 4674 περιουσίουολαοῦ,
1013 4602 1105 4653 τοῦ
1146 4602 1219 4671 τῷ
1264 4602 1489 4669 ὀνόματι
1524 4598 1759 4668 Χριστοῦ
1803 4615 1898 4650 κε-

314 4698 621 4768 κλημένου,
654 4698 746 4748 καὶ
788 4695 995 4763 δωρεὰν
1028 4693 1280 4762 τυχόντος
1307 4691 1402 4759 τῆς
1436 4688 1862 4757 ἀπολυτρώσεως
1882 4727 1897 4752 ,

316 4793 507 4844 πάντα
535 4790 603 4841 τὰ
630 4792 695 4857 τῇ
732 4786 899 4855 κακία
930 4784 1265 4852 συνεπόμενα
1299 4783 1579 4850 μιάσματα
1608 4778 1900 4849 πρόρριζον

322 4881 887 4951 συνεκτμηθήσονται·
922 4878 1014 4930 καὶ
1034 4878 1081 4928 οἱ
1106 4878 1267 4946 ἱερεῖς
1289 4875 1361 4937 ὼς
1390 4874 1564 4942 φοίνιξ
1589 4873 1899 4942 ἀνθήσουσι,

232 5003 238 5006 ·
320 4975 565 5046 Χριστοῦ
606 4973 833 5025 εὐωδίαν
867 4974 980 5032 τοῖς
1016 4968 1341 5037 σωζομένοις
1390 4968 1753 5037 ἐμπνέοντες,
1802 4966 1897 5017 καὶ

321 5073 393 5139 τῇ
446 5065 745 5134 Ἐκκλησία
779 5061 1058 5123 ὲπινικίως
1084 5061 1441 5130 προσᾴδοντες
1462 5074 1476 5089 ·
1510 5057 1772 5124 Περιεῖλε
1801 5056 1906 5110 Κύ-

331 5177 449 5229 ριος
500 5158 568 5211 ἐκ
613 5156 731 5209 σοῦ
767 5156 838 5208 τὰ
873 5151 1208 5223 ἁδικήματά
1240 5166 1377 5205 σου’
1432 5151 1513 5203 ἔτι
1546 5150 1600 5202 δὲ
1651 5149 1745 5202 καὶ⁹
1781 5148 1907 5210 τοὺς

327 5248 698 5321 δρεπομένους
756 5242 1153 5312 γλυκάζοντες,
1204 5241 1566 5311 πληθύνοντές
1614 5256 1675 5292 τε
1709 5239 1907 5302 αὐτούς

330 5346 392 5393 ὲν
447 5338 612 5408 γήρει
658 5334 839 5397 πίονι,
884 5335 982 5400 τῆς
1022 5333 1296 5403 μακαρίας
1322 5332 1464 5400 λέγω
1495 5332 1586 5384 καὶ
1632 5330 1908 5402 ἀκηράτου

334 5429 480 5497 ζωῆς
511 5423 881 5495 κληρονόμους
913 5421 1375 5483 ἀναδεικνύοντες.

408 5588 428 5617 ³
453 5585 619 5640 Micb.
652 5597 734 5648 ut,
758 5581 843 5635 ll.

1998 4416 2354 4496 cupiditatum
2427 4418 2586 4470 undis
2639 4427 2854 4484 pessum
2918 4410 3035 4463 ibit.
3097 4405 3205 4460 Fac
3271 4412 3327 4457 ut
3384 4413 3570 4473 gentes

1996 4534 2118 4586 qu.u
2178 4531 2206 4568 a
2266 4512 2484 4565 Christo
2549 4521 2745 4559 nomen
2808 4503 3016 4555 ducunt
3074 4507 3127 4551 et
3182 4513 3302 4565 qua:
3358 4496 3561 4548 redemo

2000 4608 2200 4681 ptiouis
2262 4602 2520 4657 beneﬁcio
2579 4598 2740 4651 salva:
2789 4601 3123 4656 evaserunt,
3197 4590 3265 4642 ab
3318 4585 3573 4641 omnibus

2001 4676 2205 4772 peccati
2254 4692 2509 4748 sordibus
2562 4688 2874 4740 abluantur.
2932 4684 3023 4735 Sic
3071 4680 3214 4733 enim
3266 4676 3574 4731 sacerdotes

2002 4764 2145 4842 sicut
2191 4785 2368 4855 palma
2412 4780 2702 4837 ﬂorebunt,
2751 4773 3063 4840 Christique
3113 4771 3312 4822 bonttm
3349 4764 3570 4817 odorem

2005 4879 2252 4932 lidelibus
2310 4871 2649 4927 insulllaules
2697 4864 2994 4918 Ecclesium
3043 4868 3207 4912 cantu
3258 4869 3359 4907 suo
3405 4851 3576 4919 reple-

2006 4972 2139 5024 buut
2161 4968 2459 5021 clamantes
2493 4978 2505 5015 :
2540 4958 2792 5013 Dominus
2826 4968 2872 5008 te
2896 4971 2927 5006 a
2960 4950 3186 5021 peccatis
3217 4948 3320 4999 tuis
3349 4942 3575 4995 munda-

2006 5060 2098 5113 vit.
2138 5056 2229 5112 Sic
2256 5054 2412 5108 electi
2445 5051 2762 5120 gaudebunt
2791 5046 2917 5115 quia
2956 5048 3210 5096 senectus
3238 5047 3428 5088 eorum
3460 5026 3579 5082 fcli-~

2007 5148 2186 5203 citatis
2227 5146 2348 5199 olco
2397 5118 2563 5194 uncta
2592 5146 2696 5205 est,
2724 5144 2779 5190 et
2803 5134 2916 5205 jam
2946 5130 3068 5183 vita:
3100 5134 3313 5181 aeternae
3344 5118 3578 5176 beatitu—

2007 5241 2189 5295 dinem
2225 5234 2492 5308 praelibat.
