3886 6240
338 269 442 333 ἱόἶ

1509 267 1769 327 ΡΙῙΟΤΙΙ
1802 267 2302 330 PATRIARCH/E
2343 271 2451 330 (ΖΡ.

3487 264 3604 327 540

413 375 633 428 Textus.
665 372 808 443 Lege
831 373 930 429 lib.
965 387 1004 436 ι,
1042 370 1134 426 tit.
1160 371 1216 438 5,
1249 379 1426 426 eonst.
1454 372 1546 437 50,
1572 372 1661 440 tl;
1692 383 1748 429 et
1774 375 1854 428 tit.
1882 374 1903 426 t

2085 375 2236 432 Βιϐλ.
2271 378 2348 435 A',
2377 392 2483 429 τιτ.
2509 375 2579 441 α’,
2601 374 2737 428 διάτ.
2769 373 2833 435 λ’,
2865 379 2971 442 μα’·
2997 373 3087 427 καὶ
3110 389 3217 425 τιτ.
3246 379 3298 424 α’
3331 371 3443 425 τῶν
3470 390 3603 426 νεα.-

337 467 707 530 Novellarum,
731 473 910 522 const.
943 465 997 529 1,
1021 464 1076 530 2,
1104 464 1192 528 Η,
1222 464 1276 517 in
1305 464 1506 534 quibus
1525 466 1688 520 etiam
1710 465 1912 521 dicitur

337 562 406 615 de
438 559 809 622 insinuativis,
841 573 963 627 quae
991 555 1061 611 ab
1084 556 1355 626 episcopis
1378 565 1433 612 et
1451 556 1666 612 clericis
1689 557 1908 622 dantur,

337 662 412 712 ct.
435 652 578 721 quod
607 649 848 720 Byzantii
882 647 1107 720 [solum]
1127 647 1330 718 Magna:
1349 648 1612 711 ecclesiae,
1642 663 1754 702 non
1785 663 1913 702 vero

339 742 504 793 etiam
538 742 767 793 aliarum
825 737 1253 811 [ecclesiarum]
1302 739 1485 793 clerici
1540 738 1658 793 lucc
1688 740 1910 810 collegis

340 828 455 883 suis
486 830 637 882 dant.
673 828 773 894 Qui
811 844 939 883 vero
972 829 1062 882 illa
1093 829 1226 882 dant
1252 868 1266 891 ,
1319 845 1424 882 non
1477 829 1610 884 dare
1653 831 1912 899 amplius,

338 934 504 988 quam
529 921 690 975 unius
717 919 845 973 anni
880 920 1077 974 diaria.
1114 919 1292 991 [Quod
1307 918 1494 991 etiam]
1517 935 1692 989 neque
1722 935 1909 974 curam

338 1011 802 1079 qualemcunque,
829 1024 1006 1078 neque
1031 1010 1559 1064 administrationem
1585 1011 1915 1066 ecclesiasti-

341 1115 460 1152 cam
488 1113 585 1167 per
619 1099 1027 1170 [quarumpiam
1081 1099 1289 1170 rerum]
1351 1101 1624 1155 dationem
1676 1117 1910 1166 sumere,

340 1188 422 1238 vel
451 1201 751 1254 pauperum
778 1186 1053 1249 domibus,
1091 1187 1463 1250 xenodocliiis,
1492 1189 1744 1243 domuive
1777 1188 1918 1259 [ριιὶ-

343 1275 510 1346 piam]
574 1292 744 1330 sacrae
793 1277 992 1346 praetici
1023 1278 1313 1346 quisquam
1347 1287 1543 1346 potest.
1597 1279 1728 1346 Quae
1785 1295 1915 1334 vero

343 1379 561 1437 propter
593 1372 708 1424 haec
739 1370 936 1423 dantur
961 1379 1056 1424 aut
1081 1371 1496 1440 promittuntur,
1525 1387 1586 1426 ea
1613 1373 1802 1426 omnia
1825 1387 1915 1425 ec-

342 1461 564 1516 clesiam
599 1476 880 1514 sacramve
909 1461 1130 1516 domum
1154 1462 1447 1516 vindicare.
1488 1463 1787 1532 Episcopos
1817 1480 1916 1517 au-

345 1562 449 1604 tem
476 1552 789 1607 facultatem
844 1553 1065 1615 habere,
1105 1563 1162 1607 ut
1201 1564 1296 1607 aut
1333 1566 1459 1608 ante
1489 1563 1582 1609 aut
1612 1563 1733 1624 post
1763 1556 1915 1610 ordi-

342 1645 618 1698 nationem
644 1644 894 1710 ecclesiis
922 1643 1232 1716 [quidlibet]
1265 1645 1520 1699 oﬂ‘erant.

411 1733 561 1790 CAP.
605 1733 695 1787 XX
709 1733 843 1788 V.—
858 1734 939 1788 Ne
961 1735 1319 1789 ordinationes
1349 1737 1624 1790 iterantur.

765 1912 1140 1980 Apostolorum
1181 1930 1352 1968 canon
1387 1913 1482 1971 68.

413 2003 502 2058 68.
528 2003 583 2057 Si
606 2004 729 2072 quis
751 2007 1056 2074 episcopus,
1093 2007 1174 2060 vel
1197 2009 1498 2079 presbyter,
1533 2008 1616 2063 vel
1655 2006 1920 2064 diaconus

345 2095 642 2149 secundam
697 2095 1096 2151 ordinationem
1131 2099 1201 2152 ab
1245 2099 1354 2152 alio
1391 2103 1718 2168 susceperit,
1752 2101 1918 2168 depo-

347 2197 568 2241 naturet
585 2188 720 2255 ipse,
749 2198 804 2241 et
831 2188 920 2256 qui
942 2188 1238 2252 ordinavit,
1266 2191 1367 2244 nisi
1391 2191 1576 2259 utique
1592 2193 1915 2255 constiterit,

345 2279 490 2348 quod
539 2278 606 2331 ab
646 2278 916 2333 luereticis
943 2279 1343 2334 ordinationem
1388 2283 1604 2336 habeat.
1635 2281 1740 2348 Qui
1771 2284 1917 2337 enim

346 2370 416 2422 ab
461 2369 542 2423 eis
591 2368 847 2436 baptizati
900 2377 951 2422 et
1009 2368 1244 2422 ordinati
1299 2378 1460 2434 sunt,
1513 2380 1572 2426 ut
1609 2373 1796 2427 ﬁdeles
1837 2372 1919 2426 vel

345 2459 531 2515 clerici
559 2459 699 2526 sint,
727 2458 845 2513 fieri
884 2474 992 2512 non
1022 2469 1200 2528 potest
1228 2459 1462 2531 (ὅθ-21).

555 2634 783 2692 Concilii
809 2635 1242 2707 Cartlzaginensis
1276 2637 1389 2706 (22)
1424 2656 1594 2692 canon
1620 2639 1710 2695 48.

351 2722 428 2779 De
464 2723 961 2794 rebaptizationibus
1001 2733 1051 2794 et
1100 2725 1579 2779 reordinationibus
1629 2727 1704 2781 vel
1751 2735 1927 2783 trans-

804 2792 1090 2846 lationibus
1123 2795 1504 2863 episcoporum.

421 2887 509 2941 48.
547 2886 686 2940 Illud
719 2895 900 2940 autem
935 2886 1286 2956 suggerimus
1311 2885 1333 2917 ⁸
1387 2887 1704 2942 mandatum
1746 2890 1928 2958 nobis,

350 2979 494 3047 quod
527 2977 690 3031 etiam
728 2977 781 3030 in
828 2974 1098 3045 Capuensi
1150 2978 1393 3046 plenaria
1443 2981 1653 3048 synodo
1709 2981 1925 3036 videtur

351 3077 642 3132 statutum,
686 3076 744 3123 ut
778 3083 886 3122 non
916 3068 1074 3122 liceat
1113 3067 1228 3122 ﬁeri
1262 3067 1742 3140 rebaptizationes,
1772 3088 1923 3127 reor-

351 3161 682 3224 dinationes,
733 3161 816 3214 Vel
868 3161 1258 3217 translationes
1312 3161 1723 3232 episcoporum.
1782 3161 1918 3219 Nam

353 3254 678 3309 Cresconius
701 3253 841 3307 villa:
890 3252 1216 3323 Rbegiensis
1262 3254 1556 3323 episcopus
1585 3294 1600 3319 ,
1637 3255 1795 3324 plebe
1825 3271 1923 3311 sua

353 3341 632 3408 derelicta,
684 3343 1013 3398 Tubieusem
1075 3344 1186 3414 (23)
1241 3345 1442 3399 invasit
1497 3342 1820 3408 Ecclesiam,
1875 3356 1931 3402 et

357 3449 530 3504 usque
559 3435 720 3491 hodie
741 3435 1129 3500 commonitus,
1163 3438 1463 3491 secundum
1499 3439 1643 3507 quod
1667 3447 1927 3493 statutum

356 3531 552 3592 fuerat,
584 3527 894 3598 relinquere
919 3529 1166 3582 eamdem
1189 3543 1351 3598 quam
1385 3529 1663 3584 invaserat
1693 3531 1930 3600 plebem,

357 3621 704 3688 contempsit.
734 3619 1013 3674 Adversus
1050 3620 1212 3673 istum
1263 3636 1384 3690 qua:
1426 3624 1779 3690 pronuntiata
1822 3622 1932 3678 fue-

362 3717 502 3772 rant,
534 3711 854 3763 confirmata
894 3710 1112 3778 quidem
1144 3710 1454 3766 audivimus
1491 3728 1505 3764 :
1539 3714 1634 3766 sed
1672 3715 1930 3782 petimus,

362 3801 662 3854 secundum
698 3801 840 3869 quod
874 3801 1036 3855 nobis
1066 3801 1382 3854 mandatum
1419 3811 1524 3865 est,
1551 3812 1611 3857 ut
1634 3803 1932 3871 dignemini

363 3891 496 3944 dare
528 3889 804 3953 ﬁduciam,
840 3888 1078 3958 quojam
1109 3889 1438 3944 necessitate
1465 3890 1582 3960 ipsa
1613 3902 1841 3962 cogente
1866 3892 1932 3946 li-

362 3980 554 4035 berum
587 3981 745 4034 nobis
774 3980 843 4036 sit
867 3989 1135 4034 rectorem
1162 3980 1456 4052 provincia:
1492 3983 1794 4036 secundum
1823 3983 1933 4054 87

363 4082 564 4128 statuta
596 4072 1116 4142 gloriosissimorum
1147 4073 1451 4142 principum
1492 4073 1755 4131 adversus
1782 4077 1933 4132 illum

363 4165 512 4219 adire
547 4183 560 4218 :
597 4173 652 4216 ut
682 4163 774 4232 qui
821 4162 939 4216 miti
988 4163 1364 4217 admonitione
1407 4165 1713 4219 sanctitatis
1743 4175 1936 4222 vestra:

363 4256 711 4324 acquiescere
742 4255 936 4319 noluit,
981 4264 1034 4308 et
1062 4255 1351 4309 emendare
1406 4254 1686 4321 illicitum,
1745 4267 1936 4312 aucto-

368 4346 830 4416 ritatejudiciaria
874 4346 1128 4414 protinus
1160 4347 1504 4401 excludatur.

436 4436 686 4491 Aurelius
717 4437 1008 4505 episcopus
1038 4436 1175 4490 dixit
1209 4453 1222 4488 :
1265 4437 1489 4491 Servata
1543 4437 1717 4492 forma
1768 4437 1937 4494 disci-

366 4531 528 4600 plima
569 4545 676 4582 non
727 4529 1091 4583 aestimabitur
1140 4531 1412 4600 appetitus
1435 4532 1570 4601 (24),
1601 4532 1646 4587 si
1685 4547 1715 4585 a
1757 4541 1936 4588 vestra

369 4621 631 4676 charitate
655 4620 896 4674 modeste
919 4631 1220 4674 conventus
1255 4624 1505 4678 recedere
1533 4624 1936 4688 detrectaverit,

367 4728 493 4768 cum
535 4711 721 4776 fuerit,
747 4729 844 4766 suo
870 4721 1184 4781 contemptu
1220 4723 1273 4766 et
1302 4713 1645 4767 contumacia
1683 4713 1936 4777 faciente,

368 4806 533 4859 ctiam
592 4808 913 4860 auctoritate
954 4805 1246 4874 judiciaria
1298 4814 1602 4860 conventus
1645 4805 1744 4878 [αι.
1800 4823 1932 4862 con-

368 4895 592 4968 victus].

440 4986 755 5042 Honoratus
792 4994 847 5041 et
879 4985 1136 5040 Urbanus
1191 4985 1431 5054 episc0pi
1484 4987 1740 5041 dixerunt
1772 5005 1785 5041 :
1824 4987 1942 5044 Hoc

370 5090 498 5144 ergo
521 5076 777 5129 omnibus
801 5075 1012 5144 placet?
1039 5076 1116 5129 Al)
1139 5075 1409 5130 universis
1441 5075 1711 5146 episcopis
1729 5077 1936 5133 dictum

370 5176 458 5222 est
489 5185 501 5221 :
535 5169 740 5234 Placet,
772 5177 825 5222 et
846 5168 1053 5237 justum
1086 5175 1190 5223 est.

441 5259 465 5291 ⁸
491 5261 792 5316 Concilium
824 5261 996 5317 Afric.
1037 5276 1164 5316 can.
1192 5261 1279 5316 15.

2019 467 2127 536 ρῶν
2143 468 2284 521 διάτ.
2313 467 2382 532 α’,
2401 466 2467 537 β’,
2500 472 2588 530 ια’,
2619 469 2678 521 ἐν
2705 461 2792 529 αἷς
2821 466 3034 536 εἴρηται
3056 464 3298 533 καὶπερὶ
3321 463 3433 516 τῶν
3462 463 3605 516 διδοο

2022 556 2199 626 μένων
2226 555 2636 626 ἐμφανιστικῶν
2663 557 2813 627 παρὰ
2835 556 3146 609 ἐπισκόπων
3171 555 3267 607 καὶ
3293 552 3604 623 κληρικῶνο

2017 647 2112 698 καὶ
2139 647 2222 699 ὅτι
2244 647 2300 700 ἐν
2317 645 2599 716 Βυζαντίῳ
2630 647 2779 717 μόνοι
2800 647 2854 698 oi
2871 646 2966 715 τῆς
2988 645 3248 714 Μεγάλης
3275 643 3603 713 ἐκκλησίας,

2015 738 2077 790 οὐ
2112 738 2218 808 μὴν
2246 739 2297 791 oi
2336 739 2445 792 τῶν
2473 737 2647 792 ἄλλων
2678 735 2928 806 κληρικοὶ
2949 775 2964 800 ,
2992 736 3106 798 τοῖς
3147 734 3332 788 αὐτῶν
3363 734 3608 801 συγκλη-

2021 831 2190 900 ρικοῖς
2225 829 2399 883 ταῦτα
2426 829 2662 882 διδόασιν
2681 844 2695 858 ο
2723 829 2778 880 οι·
2804 827 2860 880 δέ
2889 826 3220 896 παρέχοντες
3244 867 3259 890 ,
3306 826 3370 878 οὐ
3396 825 3609 878 διδόασι

2017 921 2178 973 πλέον
2217 920 2335 984 ἐνὸς
2368 919 2616 973 ἐνιαυτοῦ
2645 919 2849 990 διὰρια·
2889 915 3011 970 οὔτε
3041 917 3098 970 δέ
3127 916 3440 986 φρόντισμα
3464 917 3610 967 οἱον-

2015 1008 2234 1079 δήποτε,
2267 1009 2299 1078 ἢ
2332 1007 2596 1077 διοίκησιν
2626 1003 3084 1074 ἐκκλησιαστικὴν
3113 1005 3207 1057 ἐπὶ
3234 1005 3382 1058 δόσει
3403 1021 3489 1066 τις
3515 1003 3609 1055 δύ-

2016 1116 2173 1151 ναται
2197 1098 2400 1163 λαϐεῖν,
2431 1097 2464 1168 ἦ
2487 1100 2578 1150 ἐπὶ
2603 1099 2712 1150 τῶν
2732 1097 2964 1167 πτωχῶν
2984 1096 3251 1164 γίνεσθαι,
3276 1097 3310 1166 ἢ
3347 1095 3601 1159 ξενῶνος,

2017 1191 2050 1259 ἢ
2080 1189 2309 1258 εὐαγοῦς
2343 1191 2494 1243 οίκου
2527 1190 2828 1260 προστῆναι
2857 1207 2870 1220 ·
2903 1189 3081 1242 πάντα
3110 1188 3172 1240 δέ
3200 1187 3271 1240 τὰ
3301 1187 3395 1240 ἐπὶ
3427 1187 3608 1257 τούτῳ

2016 1281 2267 1351 διδόμενα
2291 1281 2324 1353 ἣ
2354 1282 2758 1351 ὑπισχνούμενα
2776 1321 2791 1346 ,
2819 1283 2852 1353 ή
2899 1279 3192 1350 Ἐκκλησία
3215 1321 3230 1345 ,
3267 1281 3302 1349 ἢ
3331 1281 3360 1333 ὁ
3398 1279 3607 1347 εὐαγὴς

2017 1373 2194 1440 οἶκος,
2231 1376 2457 1428 ἐκδικεῖ.
2505 1373 2784 1438 Ἐξουσίάν
2831 1372 2889 1425 δὲ
2939 1373 3153 1442 ἔχουσιν
3189 1373 3239 1424 οἱ
3275 1371 3602 1433 ἐπίσκοποι,

2017 1466 2113 1518 καὶ
2139 1467 2246 1536 πρὸ
2269 1467 2368 1534 τῆς
2395 1463 2748 1535 χειροτονίας,
2787 1463 2882 1517 καὶ
2911 1463 3052 1534 μετὰ
3080 1462 3252 1517 ταῦτα
3273 1503 3290 1530 ,
3317 1463 3439 1526 ταῖς
3479 1462 3608 1515 Ἑκ-

2019 1559 2210 1629 κλησίσ
2223 1575 2269 1620 ις
2300 1557 2477 1609 αὐτῶν
2516 1555 2866 1628 προσφέρειν.

1945 1707 1986 1761 Β
2085 1733 2334 1788 ΚΕΦΑΛ.
2374 1731 2504 1787 ΚΕ¹.
2535 1729 2676 1800 Περὶ
2703 1728 2810 1784 τοῦ
2834 1703 2921 1799 μὴ
2966 1729 3239 1798 τίνεσθαι
3285 1727 3606 1797 ἁναχειρο-

2009 1839 2308 1890 σονησεις.

2443 1911 2817 1968 Ἀποστόλων
2847 1908 3046 1964 κανὼν
3071 1910 3170 1978 ξη’.

2084 2003 2183 2075 ξτί.
2219 2005 2288 2058 Εἴ
2311 2021 2391 2067 τις
2422 2003 2736 2068 ἐπίσκοπος,
2775 2002 2810 2072 ἢ
2841 2001 3233 2072 πρεσϐύτερος,
3266 1998 3300 2070 ἢ
3333 1999 3604 2061 διάκονος.

2013 2098 2267 2167 δευτέραν
2297 2095 2627 2166 χειροτονίαν
2656 2093 2869 2158 δέξεται
2905 2093 3060 2162 παρά
3085 2109 3234 2154 τινος
3254 2132 3270 2156 ,
3305 2091 3604 2161 καθαιρεί-

2019 2193 2130 2242 σθω
2182 2190 2272 2241 καὶ
2318 2189 2476 2250 αὐτὸς
2511 2187 2604 2238 καὶ
2647 2188 2675 2239 ό
2716 2186 3099 2256 χειροτονήσας
3122 2223 3137 2249 ,
3172 2185 3222 2236 εί
3275 2184 3350 2252 μή
3377 2199 3454 2249 γε
3488 2183 3598 2250 ἄρα

2020 2279 2247 2347 συσταίη
2275 2319 2288 2343 ,
2321 2278 2400 2330 ὃτι
2449 2277 2599 2346 παρὰ
2640 2275 2934 2345 αἱρετικῶν
2965 2273 3079 2344 ἔχει
3112 2273 3210 2339 τὴν
3235 2271 3602 2342 χειροτονίανο

2018 2373 2143 2432 τοὺς
2175 2369 2282 2438 γὰρ
2316 2367 2576 2438 περὶτῶν
2601 2365 2857 2418 τοιούτων
2899 2362 3385 2434 χειροτονηθέντας
3430 2361 3464 2431 ἢ
3501 2360 3604 2429 βα-

2022 2459 2375 2524 πτισθέντας,
2412 2455 2535 2510 οὔτε
2568 2456 2793 2520 πιστοὺς
2836 2453 2960 2509 οὕτε
2994 2453 3295 2524 κληρικοὶις
3337 2450 3483 2506 εἶναι
3509 2453 3605 2504 δυε-

2021 2553 2199 2607 νατόν.

2269 2642 2537 2696 Συνόδου
2562 2641 2980 2712 Καρθαγέννης
3011 2639 3214 2696 κανὼν
3243 2644 3354 2710 μην.

2096 2735 2235 2805 Περὶ
2291 2735 2830 2801 ἀναϐαπτισμάτων
2883 2734 2982 2788 καὶ
3033 2728 3535 2801 ἀναχριροτονιῶν
3563 2727 3608 2797 ἦ

2394 2804 2777 2866 μεταόἀσεων
2808 2805 3177 2859 ἐπισκόπων.

2104 2902 2214 2966 μην.
2257 2894 2464 2947 Ἐκεῖνο
2497 2893 2552 2946 δέ
2576 2893 2924 2964 ἀναφέρομεν
2947 2891 3202 2945 ἐνταλθέν
3232 2891 3392 2959 ἡμῖν,
3422 2887 3485 2938 τὸ
3509 2884 3601 2936 καὶ

2033 2991 2090 3043 ἐν
2127 2991 2192 3058 τῇ
2225 2987 2424 3056 συνόδῳ
2450 2988 2514 3056 τῇ
2542 2987 2600 3038 ἐν
2630 2985 2832 3056 Καπύῃ
2856 2984 3094 3055 ὁρισθὲν,
3118 2983 3258 3037 ὥστε
3296 2983 3373 3052 μὴ
3405 2978 3608 3046 ἐξεῖναι

2025 3079 2268 3150 γίνεσθαι
2305 3076 2692 3138 ἀναϐαπτίσεις
2713 3118 2728 3142 ,
2769 3075 2802 3146 ἢ
2834 3077 3340 3146 ἀναχειροτονήσεις
3371 3077 3404 3147 ἢ
3441 3095 3608 3146 μετα-

2025 3177 2265 3246 κινήσεις
2298 3173 2632 3226 ἐπισκόπων.
2670 3169 3018 3242 Κρεσκὼνιος
3051 3166 3142 3224 οὖν
3176 3171 3272 3223 τοῦ
3316 3170 3610 3239 Ῥεκένσης

2025 3266 2196 3337 ἀγροῦ
2228 3265 2523 3327 ἐπίσκοπος
2555 3265 2976 3334 καταφρονήσας
3003 3260 3098 3315 τοῦ
3156 3261 3288 3315 ἰδίου
3321 3260 3456 3315 λαοῦ
3482 3301 3498 3327 ,
3538 3265 3612 3332 τῇ

2026 3359 2118 3412 τοῦ
2151 3357 2346 3428 Βικένη
2393 3356 2563 3427 ἐπέϐη
2600 3354 2897 3424 Ἐκκλησία
2925 3369 2939 3383 ·
2974 3353 3070 3407 καλ⁵
3097 3351 3202 3415 ἕως
3237 3353 3338 3418 τῆς
3367 3354 3611 3423 σήμερον

2028 3449 2287 3512 πολλάκις
2338 3445 2709 3516 ὑπομνησθεὶς
2746 3444 2886 3498 κατὰ
2921 3443 2982 3497 τὺ
3007 3443 3223 3514 ὁρισθὲν
3277 3442 3608 3495 καταλιπεῖν

2028 3542 2125 3611 τὴν
2165 3539 2332 3609 αὐτὴν
2381 3537 2708 3607 Ἐκκλησίαν
2822 3553 2928 3589 τινι
2969 3533 3224 3603 ἐπῆλθεν,
3265 3534 3368 3604 οὐχ
3410 3533 3612 3588 εἵλετο.

2030 3633 2167 3702 Περὶ
2187 3631 2378 3684 τούτου
2407 3630 2464 3682 δέ
2488 3630 2554 3682 τὰ
2577 3627 3022 3698 προαγγελθέντα
3052 3625 3245 3695 βέϐαια
3265 3623 3611 3695 ἠκούσαμεν,

2031 3725 2124 3778 καὶ
2156 3721 2408 3792 αἰτοῦμεν
2435 3721 2575 3774 κατὰ
2603 3721 2662 3772 τὸ
2687 3718 2904 3772 ὲνταλέν
2931 3719 3084 3787 ἡμῖν,
3113 3717 3200 3770 ἵνα
3231 3717 3612 3786 καταξιὼσητε

2031 3815 2210 3870 δοῦναι
2240 3813 2551 3884 παρρησίαν
2575 3811 2660 3863 ἐπ’
2687 3809 2872 3872 ἀδείας
2899 3811 3029 3879 ἡμῖν
3054 3808 3326 3876 γενέσθαι·
3362 3809 3446 3861 ὅτι
3473 3807 3612 3876 αὕτη

2033 3908 2066 3976 ἡ
2091 3905 2307 3974 ἀνάγκη
2337 3899 2747 3973 παρασκευάζει
2780 3896 2860 3969 τῷ
2899 3897 3122 3968 ἄρχοντι
3150 3895 3252 3967 τῆς
3279 3897 3466 3967 χώρας
3493 3895 3618 3948 κατ’

2035 3995 2242 4048 ἐκείνου
2276 3989 2619 4062 προσελθεῖν,
2645 3986 2787 4042 κατὰ
2814 3987 2914 4050 τὰς
2945 3985 3236 4052 διαστίξεις
3265 3986 3376 4039 τῶν
3405 3986 3617 4050 ἐνδοξο-

2033 4085 2213 4137 τάτων
2239 4081 2532 4152 βασιλέωνο
2563 4079 2651 4134 ἵνα
2671 4079 2698 4132 ὁ
2731 4080 2799 4149 τῇ
2829 4079 2987 4148 πράῳ
3019 4077 3326 4146 ὑπομνήσει
3354 4078 3454 4146 τῆς
3484 4077 3618 4145 ὑμε-

2034 4175 2198 4242 τέρας
2226 4169 2536 4241 ἁγιωσύνης
2563 4169 2932 4240 πειθαρχῆσαι
2960 4166 3034 4237 μὴ
3073 4166 3327 4236 θελήσας,
3357 4167 3453 4218 καὶ
3475 4167 3630 4236 διορ-

2038 4262 2314 4317 θώσασθαι
2369 4261 2428 4314 τὸ
2497 4259 2931 4331 ἀσυγχώρητον,
2996 4255 3254 4328 αὑθεντίᾳ.
3319 4257 3624 4328 ἀρχοντικῇ

1959 4362 2004 4418 D
2035 4354 2291 4426 παραχρῆ
2301 4369 2375 4422 μα
2406 4350 2646 4420 κωλυθῇ.

2107 4445 2371 4518 Αὐρήλιος
2397 4443 2693 4503 ἐπίσκοπος
2718 4434 2890 4492 εἶπεν·
2923 4437 3295 4508 Φυλαχθέντος
3322 4435 3416 4490 τοῦ
3442 4437 3624 4490 τύπου

2035 4543 2136 4611 τῆς
2168 4536 2591 4608 καταστάσεως,
2632 4532 2706 4603 μὴ
2737 4530 2904 4602 κριθῇ
2953 4530 3050 4600 τῆς
3082 4530 3303 4582 συνόδου
3334 4529 3619 4598 ὑπάρχων,

2037 4631 2132 4685 ἐὰν
2174 4627 2430 4691 ἐπιεικῶς
2469 4624 2714 4697 αἰτηθεὶς
2754 4622 2907 4692 παρὰ
2950 4622 3048 4690 τῆς
3078 4621 3353 4691 ὑμετέρας
3397 4621 3620 4688 ἀγάπης

2037 4723 2337 4791 ἀποστῆναι
2368 4717 2745 4789 παρῃτήσατο,
2765 4711 2954 4783 ἐπειδὴ
2986 4715 3050 4764 ἐκ
3077 4712 3176 4779 τῆς
3208 4711 3418 4774 οἰκείας
3441 4729 3615 4764 κατα.-

2046 4812 2359 4883 φρονήσεως
2411 4808 2507 4862 καὶ
2553 4805 2864 4878 μονοτονίας
2913 4803 3205 4874 περιῆλθεν
3256 4804 3338 4865 είς
3366 4801 3620 4872 ἀρχοντι-

2046 4903 2146 4973 κὴν
2174 4901 2443 4966 ἐξουσίαν.

2128 4993 2430 5061 Ὁνωράτος
2455 4988 2550 5044 καὶ
2567 4987 2844 5060 Οὐρϐανδς
2867 4985 2918 5040 oi
2936 4985 3226 5039 ἐπίσκοποι
3247 4978 3424 5038 εἵπον-
3449 4980 3622 5036 Τοῦτο

2045 5086 2180 5138 πᾶσι
2220 5084 2446 5155 ἀρέσκει
2474 5100 2489 5115 ο
2519 5082 2629 5137 ἀπὸ
2666 5081 2886 5137 πάντων
2915 5077 3232 5133 ἐπισκόπων
3261 5074 3461 5148 ἐλέχθη
3483 5092 3499 5108 ·
3529 5075 3620 5128 Δί-

2044 5178 2199 5232 καιόν
2225 5179 2393 5244 ἐστιν,
2421 5177 2671 5248 ἀρέσκει.

1915 5359 2146 5418 ΝΟΤιιΕ.

448 5450 661 5523 (593])
686 5450 1008 5523 intelligitur
1032 5451 1097 5505 de
1135 5450 1588 5523 Cataphrygibus,
1621 5459 1683 5507 ut
1705 5467 1827 5523 cap.
1874 5453 1940 5509 19

374 5523 574 5592 concil.
602 5520 745 5592 Ne,
776 5533 830 5576 et
854 5522 924 5576 95
953 5533 1120 5577 sextae
1147 5520 1362 5592 synodi.

377 5590 756 5718 anﬁigsgpnc.
781 5592 1034 5662 Carthag.
1059 5608 1140 5658 ιιι,
1164 5590 1286 5647 ean.
1313 5592 1404 5658 58;
1435 5591 1720 5663 Capuense
1742 5593 1941 5648 concil.

2139 5461 2230 5526 ‘25)
2268 5458 2379 5513 MS.
2420 5479 2438 5510 ‹
2473 5458 2950 5529 Tubuniensem.._.
2979 5463 3052 5529 et_
3075 5451 3360 5529 usque_in_
3377 5450 3558 5529 hodie.
3590 5467 3609 5499 ι

2140 5520 2231 5607 24)
2285 5529 2394 5585 lloc
2434 5538 2536 5593 est,
2591 5547 2609 5580 ι
2659 5543 2768 5582 ιιοιι
2829 5520 3188 5582 ωειὶωιώἰιιιὶ·
3231 5522 3282 5578 ei
3335 5520 3477 5577 facta
3537 5520 3615 5572 in-

2069 5613 2204 5652 una.
2254 5619 2271 5649 ι

2177 5461 2209 5512 5

2179 5531 2208 5581 .t
