3886 6240
177 207 266 274 Ml

947 201 1350 262 SYNTAGMA
1379 197 1771 260 CANONUM.
1802 220 1873 231 -·
1899 195 2046 254 ΤῘΤ.
2086 194 2136 267 Ι,
2170 193 2329 252 CAP.
2371 188 2560 250 XXVI

3303 177 3410 240 542

240 319 482 376 ΚΕΦΛΛ.
519 317 664 383 KG’.
687 346 755 355 ——
782 315 918 382 Περὶ
949 314 1055 368 τοῦ
1077 314 1164 383 μὴ
1188 312 1451 382 μετιέναι
1480 310 1726 364 ἐπίσκο-

1905 305 2057 360 CAP.
2096 301 2285 358 XXVI.
2317 327 2394 343 —-
2419 299 2504 356 Ne
2542 300 2812 368 episcopus
2840 294 2915 350 uel
2951 291 3173 348 clericus
3198 289 3262 343 de
3301 303 3410 341 una

175 428 286 466 πον
321 411 360 478 ἢ
381 406 666 475 κληρωτὸν
688 403 806 460 ἀπὸ
841 407 1073 469 πόλεως
1106 405 1193 468 είς
1220 402 1422 456 πόλιν.

444 524 710 594 Συνόὸου
744 537 992 604 Νικαίας
1020 533 1220 589 κανὼν
1247 540 1328 600 ιε’,
1356 539 1451 599 ις’.

243 673 322 727 ιε’.
369 671 466 725 Διὰ
493 670 583 724 τὸν
612 669 780 724 πολὺν
824 668 1064 738 τάραχον
1105 667 1328 729 καὶτὰς
1375 664 1594 728 πάσεις
1634 662 1736 727 τὰς

180 765 456 835 γινομένας
483 803 499 824 ,
562 761 706 825 ἔδοξε
783 760 1098 814 παντάπασι
1163 755 1583 827 περιαιρεθῆναι
1634 755 1733 825 τὴν

183 855 454 926 συνήθειαν
485 851 584 923 τὴν
632 851 784 922 παρὰ
823 851 914 904 τὸν
947 849 1146 912 κανόνα
1178 847 1499 918 εὑρεθεῖσαν
1538 845 1596 898 ἑν
1622 861 1736 898 τισι

187 947 420 1016 μέρεσιν,
469 943 609 997 ὥστε
663 941 772 995 ἀπὺ
822 942 1031 1002 πόλεως
1080 941 1161 1002 εἰς
1217 938 1376 992 πόλιν
1435 938 1509 1008 μὴ
1571 954 1739 1008 μετα-

184 1038 394 1099 ϐαίνειν,
443 1037 578 1103 μήτε
612 1031 930 1092 ἐπίσκοπον,
976 1031 1115 1098 μήτε
1161 1026 1550 1098 πρεσϐύτερον,
1599 1027 1739 1096 μήτε

183 1129 435 1182 διάκονον.
466 1125 528 1176 Ei
555 1123 613 1176 δέ
641 1140 745 1186 τις,
788 1121 927 1191 μετὰ
956 1121 1044 1172 τὸν
1064 1121 1160 1189 τῆς
1179 1119 1340 1187 ἁγίας
1373 1119 1466 1171 καὶ
1495 1118 1740 1187 μεγάλης

187 1218 391 1272 συνόδου
417 1217 563 1285 ὅρον,
599 1213 822 1284 τοιούτῳ
865 1215 971 1267 τινὶ
1000 1212 1424 1283 ἐπιχειρήσειεν,
1460 1212 1494 1280 ἢ
1527 1209 1740 1282 ἐπιδοίη

187 1309 362 1364 ἑαυτὸν
391 1308 680 1375 πράγματι
705 1304 951 1374 τοιούτῳ,
982 1303 1399 1372 ἀκυρωθήσεται
1444 1299 1745 1365 ἐξὰπαντος

187 1399 240 1451 τὸ
266 1396 691 1465 κατασκεύασμα
711 1434 726 1458 ο
757 1393 849 1446 καὶ
879 1390 1460 1459 ἀποκαταδταθήσεται
1494 1391 1559 1460 τῇ
1621 1390 1746 1442 Ἕκ’

187 1490 367 1560 κλησίᾳ
453 1490 484 1541 ὁ
514 1487 862 1556 ἐπίσκοποςῆ
893 1489 920 1538 ὁ
944 1485 1311 1554 πρεσϐύτερος
1340 1483 1742 1553 ἐχειροτονήθη.

253 1579 340 1643 ις’.
364 1581 522 1631 Ὅσοι
552 1576 956 1648 ῥιψοκινδύνως,
996 1576 1132 1646 μήτε
1163 1575 1253 1627 τὸν
1293 1574 1454 1644 φόϐον
1481 1571 1574 1626 τοῦ
1609 1573 1744 1626 Θεοῦ

1848 397 1900 449 in
1923 396 2090 450 aliam
2111 395 2375 448 civitatem
2405 391 2818 460 transferantur.

2142 522 2341 593 διίησάὶ
2369 520 2604 575 Nicwtta!
2639 532 2858 571 canones
2886 515 2974 581 15,
3011 511 3098 568 16.

1913 658 2003 712 15.
2040 655 2311 726 Propter'
2371 653 2602 707 multum
2660 649 2952 705 tumultum
3001 655 3054 699 et
3117 639 3414 698 seditiones

1843 765 1966 822 quae
2001 749 2160 814 liunt,
2199 745 2424 800 omnino
2455 745 2634 798 visum
2666 751 2750 796 est
2785 748 2844 794 ut
2891 733 3259 800 consuetudo,
3292 746 3416 801 qua:

1844 849 2041 912 praeter
2079 853 2344 894 eanonem
2396 837 2450 891 in
2501 835 2778 890 nonnullis
2817 831 3063 901 partibus
3113 826 3413 886 invenitur,

1829 931 2066 986 .tollatur
2100 946 2115 981 :
2149 937 2208 981 ut
2244 941 2275 980 a
2306 926 2524 980 civitate
2564 924 2618 976 in
2647 922 2922 976 civitatem
2968 932 3068 972 nec
3102 916 3415 984 episcopus,

1847 1037 1949 1075 nec
1984 1018 2292 1090 presbyter,
2325 1031 2426 1070 nec
2467 1015 2736 1069 diaconus
2771 1017 3034 1064 transeat.
3066 1008 3123 1060 Si
3155 1006 3279 1076 quis
3321 1020 3418 1058 au-

1849 1120 1958 1167 tem
1984 1118 2108 1179 post
2137 1117 2343 1164 sanctae
2372 1116 2425 1160 et
2449 1120 2657 1173 magna:
2696 1101 2888 1172 synodi
2912 1099 3280 1154 deﬁnitionem
3313 1095 3420 1150 tale

1849 1201 2124 1274 quidpiam
2154 1213 2444 1269 aggressus
2481 1197 2663 1259 fuerit,
2703 1195 2787 1248 vel
2830 1209 2889 1247 se
2916 1193 2995 1245 rei
3031 1188 3298 1259 ejusmodi
3328 1189 3422 1240 de-

1850 1291 2010 1355 derit,
2057 1289 2201 1358 quod
2255 1288 2458 1341 factum
2499 1285 2621 1348 erit,
2663 1284 2891 1339 omnino
2943 1277 3329 1338 inﬁrmabitur,
3365 1284 3422 1328 et

1852 1381 2106 1436 Ecclesiae
2149 1379 2479 1440 restituetur,
2526 1376 2614 1430 cui
2672 1375 2962 1444 episcopus
3006 1371 3088 1424 vel
3140 1367 3424 1438 presbyter

1851 1475 2135 1530 ordinat-us
2169 1473 2334 1527 fuerit

1924 1566 2012 1620 16.
2056 1563 2424 1631 Quicunque“
2468 1569 2671 1614 temere
2722 1566 2778 1612 et
2822 1553 3264 1614 inconsiderate,
3321 1562 3424 1602 nec

189 1672 285 1742 πρδ
324 1646 629 1739 ὀφθαλμῶν
667 1668 903 1738 ἔχοντες,
959 1669 1095 1737 μήτε
1149 1667 1242 1719 τὸν
1289 1664 1744 1735 ἐκκλησιαστικὸν

1868 1660 1945 1715 )ei
1991 1661 2242 1714 timorem
2281 1672 2390 1727 prae
2425 1656 2600 1710 oculis
2635 1655 2914 1714 habentes,
2963 1665 3063 1704 nec
3091 1646 3424 1703 ecclesiasti—

192 1762 374 1816 κανόνα
414 1762 640 1825 εἰδότες,
672 1760 1084 1830 ἀναχωρήσουσι
1114 1757 1214 1827 τῆς
1257 1756 1584 1823 Ἐκκλησίας
1614 1773 1752 1825 πρεο

194 1853 425 1922 σϐύτεροι
455 1854 488 1924 ἢ
521 1854 781 1916 διάκονοι,
817 1852 850 1921 ἢ
885 1852 1021 1914 ὅλως
1067 1854 1125 1904 ἐν
1165 1850 1240 1920 τῷ
1272 1850 1457 1903 κανόνι
1511 1846 1755 1912 ἐξεταζό-

196 1963 350 2015 μενοι,
378 1940 522 1999 οὗτοι
547 1944 797 2014 οὐδαμῶς
816 1945 995 1996 δεκτοὶ
1023 1942 1326 2010 ὀφείλουσιν
1346 1936 1485 1993 εἶναι
1509 1941 1566 1992 ἐν
1589 1939 1754 2008 ἑτέρᾳ.

193 2037 436 2108 ἐκκλησίᾳ
456 2055 470 2068 ·
508 2038 646 2091 ἀλλὰ
677 2039 856 2089 πᾶσαν
895 2035 1076 2096 αὐτοῖς
1107 2034 1350 2101 ἀνάγκην
1380 2031 1609 2084 ἕπεσθαι
1647 2031 1752 2101 χρὴ

195 2128 538 2199 ἀναστρέφειν
568 2131 650 2192 είς
675 2127 771 2190 τὰς
807 2126 1016 2179 ἑαυτῶν
1055 2126 1365 2194 παροικίας,
1401 2126 1433 2194 ἦ
1467 2124 1754 2193 ἐπιμένον-

195 2237 281 2282 τας
314 2220 709 2288 ἀκοινωνήτους
740 2213 876 2270 εἶναι
915 2219 1203 2288 προσήκει.
1251 2217 1312 2268 Εἰ
1342 2216 1399 2268 δέ
1425 2215 1517 2268 καὶ
1548 2215 1754 2284 τολμή-

199 2311 296 2364 σειέ
335 2327 416 2374 τις
462 2309 788 2380 ὑφαρπάσαι
827 2307 919 2359 τὸν
965 2307 1042 2377 τῷ
1081 2308 1255 2377 ἑτέρῳ
1290 2306 1612 2376 διαφέροντα
1662 2304 1756 2357 καὶ

197 2402 557 2472 χειροτονῆσαι
596 2403 653 2453 ἐν
682 2403 748 2470 τῇ
787 2400 952 2452 αὐτοῦ
1007 2399 1336 2470 Ἐκκλησία,
1380 2397 1453 2467 μὴ
1483 2414 1757 2464 συγκατα-

198 2489 458 2558 τιθεμένου
491 2489 590 2542 τοῦ
622 2489 753 2541 ἰδίου
787 2487 1090 2541 ἐπισκόπου
1131 2479 1191 2540 οὗ
1237 2486 1580 2556 ἀνεχώρησεν
1629 2488 1656 2538 ό
1699 2487 1757 2539 ἐν

198 2580 265 2652 τῷ
291 2583 465 2635 κανόνι
496 2581 910 2649 ἐξεταζόμενος,
946 2581 1146 2650 ἄκυρος
1181 2580 1320 2632 ἔστω
1347 2579 1379 2647 ἡ
1407 2578 1730 2648 χειροτονία.

430 2669 708 2726 Συνόδου
763 2672 1129 2738 Ἀντιοχείας
1167 2668 1368 2722 κανὼν
1403 2673 1509 2720 κα’.

260 2761 358 2815 κα’.
390 2761 724 2814 Ἐπίσκοπον
738 2762 843 2815 ἀπὸ
863 2761 1148 2832 παροικίας
1163 2760 1353 2830 ἑτέρας
1368 2759 1444 2822 είς
1465 2759 1657 2828 ἑτέραν
1682 2757 1756 2828 μὴ

205 2853 565 2922 μεθίστασθαι,
601 2854 738 2924 μήτε
770 2854 1104 2924 αὐθαιρέτως
1121 2851 1512 2922 ἐπιρῤίπτοντα
1542 2849 1756 2914 ἑαυτὸν,

206 2947 327 3016 μήτε
366 2947 466 2999 ὑπὸ
497 2946 651 3000 λαῶν
684 2945 1092 3014 ἐκϐιαζόμενον,
1139 2944 1274 3013 μήτε
1308 2943 1413 2994 ὑπὸ
1442 2939 1758 2993 ἐπισκόπων

203 3038 645 3108 ἀναγκαζόμενον
682 3038 864 3108 μένειν
909 3037 964 3089 δὲ
998 3037 1075 3099 είς
1108 3035 1174 3105 ῆν
1202 3032 1490 3104 ἐκληρώθη
1527 3033 1632 3086 ὑπὸ
1660 3030 1756 3084 τοῦ

205 3129 324 3181 Θεοῦ
351 3129 407 3194 ἐξ
435 3129 617 3201 ἀρχῆς
641 3128 925 3200 ἐκκλησίᾳ,
951 3127 1045 3179 καὶ
1078 3127 1151 3196 μὴ
1181 3124 1538 3194 μεθίστασθαι
1567 3123 1758 3192 αὐτῆς,

205 3219 333 3271 κατὰ
379 3220 466 3274 τὸν
516 3220 624 3291 ἤδη
678 3220 941 3291 πρότερον
995 3217 1123 3287 περὶ
1174 3215 1364 3269 τούτου
1413 3213 1762 3285 ἐξενεχθέντα

207 3326 336 3380 ορον.

365 3403 637 3459 Συνόδου
667 3401 1050 3468 Χαλκηδόνος
1073 3398 1275 3453 κανὼν
1310 3404 1373 3462 ε’,
1416 3396 1470 3463 ι’,
1499 3402 1571 3451 κ’.

270 3504 328 3552 ε’.
357 3498 489 3569 Περὶ
516 3494 630 3549 τῶν
662 3492 1096 3564 μεταϐαινόντων
1123 3490 1232 3543 ἀπὸ
1258 3489 1464 3552 πόλεως
1496 3489 1573 3551 είς
1605 3486 1761 3540 πόλιν

211 3589 501 3643 ἐπισκόπων
529 3589 565 3658 ἢ
602 3584 900 3656 κληρικῶν,
933 3583 1080 3646 ἔδοξε
1107 3584 1231 3645 τοὺς
1264 3581 1392 3644 περὶ
1429 3579 1636 3633 τούτων
1675 3596 1766 3631 τε-

213 3681 381 3746 θέντας
405 3681 638 3741 κανόνας
667 3677 817 3748 παρὰ
846 3677 955 3730 τῶν
991 3674 1164 3744 ἁγίων
1194 3673 1453 3744 Πατέρων
1497 3671 1642 3741 ἔχειν
1669 3670 1766 3742 τὴν

217 3773 334 3827 ἰδίαν
356 3773 529 3845 ἰσχύν.

279 3864 324 3920 ι’.
356 3869 445 3936 Μὴ
484 3866 686 3932 ἐξεῖναι
716 3861 972 3931 κληρικδν
1003 3862 1060 3914 ἐν
1102 3859 1195 3913 δύο
1223 3858 1432 3911 πόλεων
1463 3856 1605 3910 κατὰ
1635 3873 1771 3910 ταυ-

1851 1771 1975 1809 cum
2007 1768 2269 1808 canonem
2312 1752 2552 1806 scientes
2585 1747 2888 1818 presbyteri
2928 1744 3012 1798 vel
3057 1740 3294 1802 diaconi,
3343 1739 3424 1792 vel

1851 1845 1965 1915 88
1989 1845 2304 1912 quicunque
2334 1841 2560 1895 omnino
2595 1839 2650 1891 in
2687 1851 2897 1892 canone
2927 1841 3303 1894 recensentur,
3356 1828 3426 1882 al)

1852 1937 2098 1992 ccclesiis
2147 1935 2497 2000 secesserint,
2546 1933 2583 1986 ii
2639 1931 2694 1985 in
2747 1929 2925 1982 aliena
2987 1924 3220 1978 ecclesia
3275 1919 3427 1974 nullo

1855 2029 2016 2083 modo
2047 2028 2216 2095 recipi
2252 2026 2473 2088 debent,
2521 2023 2616 2077 sed
2669 2020 2898 2074 omnino
2933 2013 3158 2085 cogendi
3198 2018 3328 2066 sunt
3370 2011 3424 2064 in

1855 2134 1987 2175 suas
2043 2117 2290 2186 ipsorum
2345 2114 2639 2184 parochias
2694 2107 3033 2164 redire:vel
3085 2104 3130 2157 si
3176 2114 3428 2172 perseve-

1855 2219 1998 2271 rent,
2042 2223 2136 2261 COS
2179 2222 2209 2260 a
2257 2204 2647 2260 communione
2703 2207 2983 2269 separatos
3030 2209 3151 2250 esse
3191 2199 3424 2260 oportet.

1857 2299 1955 2355 Sin
1993 2306 2174 2351 autem
2207 2297 2370 2349 etiam
2412 2310 2581 2348 ausus
2605 2293 2625 2324 '
2658 2292 2822 2346 fuerit
2853 2288 3122 2358 quiSpiam
3157 2299 3305 2346 eum,
3333 2280 3428 2349 qui

1857 2393 1923 2448 ad
1957 2392 2125 2445 alium
2156 2389 2390 2458 pertinet
2416 2387 2720 2454 subripere,
2743 2392 2799 2438 et
2825 2383 3079 2437 ordinare
3102 2378 3156 2433 in
3196 2375 3427 2430 ecclesia

1857 2502 1962 2541 non
1993 2484 2364 2538 consentiente
2399 2480 2617 2550 proprio
2649 2479 2904 2546 episcopo
2932 2513 2947 2537 ,
2996 2489 3024 2526 a
3055 2485 3165 2540 quo
3204 2470 3433 2522 recessit.

1857 2583 1949 2652 qui
1987 2582 2038 2635 in
2081 2594 2288 2637 canone
2329 2586 2617 2640 censetur,
2661 2573 2814 2626 irrita
2845 2569 2912 2623 sit
2942 2567 3236 2622 ordinatio.

2193 2673 2420 2730 Caecilii
2453 2667 2765 2723 Antiocheni
2799 2679 2967 2718 canon
3002 2661 3095 2714 Ἡ.

1929 2769 2019 2823 21.
2069 2769 2372 2838 Episc0pus
2427 2763 2496 2817 ah
2555 2761 2661 2814 alia
2721 2757 2977 2827 parochia
3042 2754 3096 2807 in
3147 2751 3307 2804 aliam
3366 2762 3436 2802 ne

1861 2869 2120 2923 transeat,
2164 2873 2264 2912 nec
2308 2871 2369 2911 se
2397 2869 2495 2908 sua
2525 2859 2720 2921 sponte
2755 2849 3030 2915 ingerens,
3060 2859 3158 2898 nec
3192 2859 3219 2894 a
3263 2855 3437 2910 popu‘

1865 2954 1931 3008 lis
1955 2953 2006 3005 vi
2057 2951 2308 3011 adactus,
2365 2961 2462 3000 nec
2499 2945 2566 2998 ab
2607 2939 2882 3011 episcopis
2924 2944 3187 2991 coactus:
3222 2940 3438 2984 maneat

1863 3054 2043 3098 autem
2078 3044 2128 3095 in
2169 3055 2233 3096 ea
2277 3053 2442 3108 quam
2476 3051 2505 3090 a
2541 3035 2652 3090 Deo
2696 3033 2927 3088 sortitus
2975 3037 3061 3084 est
3090 3025 3346 3084 ecclesia.
3382 3028 3438 3074 et

1864 3137 1932 3192 ab
1979 3150 2042 3189 ea
2089 3149 2198 3186 non
2233 3128 2476 3194 recedat,
2523 3125 2826 3183 secundum
2858 3122 3136 3176 decretum
3186 3117 3340 3187 prius
3371 3114 3437 3168 de

1860 3241 1928 3282 ea
1958 3239 2016 3279 re
2045 3223 2270 3278 editum.

2022 3399 2245 3455 Concilii
2267 3391 2703 3450 Chalcedonensis
2742 3404 2968 3444 canones
2996 3386 3049 3449 5,
3086 3385 3175 3448 10,
3203 3383 3296 3439 ‘20.

1939 3493 1993 3547 5.
2025 3490 2098 3545 De
2127 3489 2421 3558 episcopis,
2458 3485 2540 3539 vel
2568 3482 2805 3544 clericis,
2837 3481 2927 3549 qui
2960 3496 2990 3532 a
3025 3479 3242 3532 civitate
3273 3477 3325 3528 in
3361 3473 3438 3527 ci-

1869 3585 2086 3639 vitatem
2128 3586 2432 3641 transeunt,
2466 3574 2670 3645 placuit
2694 3588 2790 3627 eos
2819 3571 2910 3639 qui
2941 3569 3068 3623 editi
3096 3574 3225 3622 sunt
3248 3581 3277 3618 a
3309 3579 3438 3618 san-

1868 3679 1971 3733 ctis
1996 3675 2251 3729 Pati-ibus
2283 3685 2544 3733 canones,
2574 3668 2720 3722 vires
2761 3665 3029 3720 obtinere.

1944 3859 2030 3913 10.
2065 3858 2186 3912 Νοη
2231 3856 2395 3909 licere
2458 3851 2658 3908 clerico
2685 3848 2738 3902 in
2772 3846 3004 3901 duarum
3044 3842 3324 3896 civitatum
3357 3854 3447 3894 ec-

213 3959 292 4013 τδν
327 3929 722 4026 καταλέγεσθαι
785 3929 1123 4024 ἐκκλησίαις,
1165 3953 1223 4005 ἑν
1345 3968 1403 4004 τε
1448 3949 1548 4021 τὴν
1600 3948 1752 4018 ἀρχὴε

1873 3951 2053 4007 clesiis
2083 3949 2272 4003 eodem
2321 3955 2568 4014 tempore
2609 3942 2663 3994 in
2709 3939 3016 4006 cataIOgum
3066 3932 3280 3996 referri,
3304 3939 3358 3984 et
3392 3929 3445 3982 in

215 4020 594 4118 ἐχειροτονήθη,
621 4047 715 4100 καὶ
743 4047 799 4098 ἐν
888 4020 1227 4114 προσέφυγεν
1254 4020 1328 4104 ib;
1360 4020 1567 4110 μείζονι
1590 4040 1749 4107 δῆθεν

1874 4059 1937 4097 ea
1971 4043 2024 4096 in
2091 4055 2200 4110 qua
2233 4053 2266 4092 a
2316 4035 2590 4107 principio
2655 4033 2944 4086 ordinatus
2968 4037 3071 4092 est,
3106 4036 3160 4080 et
3203 4025 3255 4077 in
3281 4038 3365 4086 ea,
3393 4020 3446 4072 in

214 4111 294 4194 δίἆ
315 4111 465 4212 δόξης
486 4111 658 4211 ’κενῆς
686 4111 998 4206 ἐπιθυμίαν.
1034 4111 1172 4198 Τοὺς
1190 4134 1246 4186 δέ
1275 4151 1339 4201 γε
1368 4134 1526 4186 τοῦτο
1550 4130 1752 4183 ποιοῦν¹

1877 4146 2042 4202 quam
2076 4139 2334 4197 tanquam
2363 4126 2430 4179 ad
2471 4122 2756 4192 majorem,
2786 4117 3049 4186 confugit,
3083 4124 3302 4184 propter
3334 4111 3454 4164 ina-

215 4250 334 4299 τας,
381 4204 866 4286 διποκαθίστασθαι-
908 4230 974 4299 τῇ
1030 4227 1134 4298 ἰδίᾳ
1196 4224 1459 4296 ἐκκλησίᾳ
1516 4226 1574 4277 ἐν
1719 4223 1752 4273 ἐέ

1881 4224 1966 4278 nis
2001 4221 2185 4292 gloria:
2219 4217 2569 4288 cupiditatem
2596 4231 2609 4267 :
2637 4228 2732 4269 eos
2759 4220 2941 4266 autem
2967 4208 3058 4278 qui
3085 4208 3189 4260 hoc
3213 4204 3448 4267 faciunt,

220 4296 372 4394 ἀρχῆς
400 4323 908 4396 ἐχειροτονήθησαν,
941 4296 1034 4374 καὶ
1063 4296 1179 4371 ἐκεῖ
1222 4319 1382 4387 μόνον
1411 4316 1750 4384 λειτουργεῖν

1881 4315 2115 4386 pr0pria:
2141 4311 2388 4368 ecclesia:
2417 4308 2652 4372 restitui,
2696 4307 2750 4359 in
2793 4319 2900 4373 qua
2930 4303 2999 4356 ab
3037 4300 3196 4355 initio
3216 4296 3450 4351 ordinati

220 4389 534 4484 E-lnpévnsot
581 4389 815 4483 ἥδη-τις
863 4411 1122 4481 μετετέθη
1175 4410 1233 4474 ἐξ
1273 4408 1438 4478 ἄλλης
1485 4407 1565 4470 είς
1607 4406 1752 4476 ἄλληε

1877 4416 2028 4472 sunt,
2062 4415 2121 4459 ut
2167 4405 2277 4458 illic
2301 4403 2480 4458 solum
2537 4400 2890 4454 ministrent:
2928 4394 3020 4449 sed
3051 4393 3096 4447 si
3153 4390 3266 4460 jam
3299 4389 3453 4458 quis-

221 4501 513 4570 ἐκκλησίαν,
571 4501 740 4571 μηδὲν
801 4502 913 4562 τοῖς
961 4502 1060 4568 τῆς
1113 4497 1383 4568 προτέρας
1446 4496 1740 4565 ἐκκλησίας

1875 4501 2017 4570 piam
2042 4514 2105 4552 ex
2134 4497 2237 4551 alia
2259 4497 2312 4549 in
2341 4496 2501 4549 aliam
2525 4491 2812 4546 ecclesiam
2843 4489 3138 4542 translatus
3179 4491 3284 4546 est,
3322 4479 3455 4534 nihil

223 4590 326 4660 ῆτοι
376 4593 478 4643 τῶν
535 4593 627 4645 ὑπ’
690 4591 858 4661 αὐτὴν
909 4590 1252 4660 μαρτυρείων
1304 4590 1337 4660 ἣ
1404 4589 1682 4659 πτωχείων
1743 4589 1752 4637 i

1875 4591 2074 4660 prioris
2098 4588 2342 4642 ecclesia:
2371 4587 2453 4640 vel
2474 4599 2664 4639 eorum
2697 4596 2816 4651 quae
2843 4580 2944 4633 sub
2970 4592 3032 4632 ea
3059 4583 3187 4632 sunt
3246 4581 3455 4642 marty-

226 4679 541 4752 ξενοδοχείων
568 4685 936 4736 ἐπικοινωνεῖν
968 4683 1289 4750 πράγμασι·
1322 4682 1449 4743 τοὺς
1474 4680 1529 4733 δέ
1563 4697 1628 4748 γε
1658 4679 1752 4732 τολ

1879 4684 2108 4745 riorum,
2139 4679 2222 4734 vel
2258 4676 2822 4747 ptochotrophiorum,
2855 4672 2933 4724 vel
2958 4669 3169 4724 xenodo
3205 4667 3455 4720 chiorum

231 4774 456 4840 μιῖλντας,
507 4776 644 4845 μετὰ
685 4774 774 4826 τὸν
809 4775 931 4843 ὅρον
989 4773 1091 4842 τῆς
1150 4773 1395 4841 μεγάλης
1445 4773 1538 4824 καὶ
1595 4773 1744 4823 οἰκου

1885 4775 2048 4830 rebus
2101 4769 2526 4827 communicare.
2581 4768 2688 4822 Eos
2722 4776 2898 4819 autem
2942 4762 3034 4832 qui
3085 4759 3204 4815 ausi
3258 4757 3459 4810 fuerint

230 4865 436 4934 μενικῆς
479 4866 679 4937 ταύτης
720 4864 960 4929 συνόδου,
995 4865 1256 4935 πράττειν
1293 4881 1344 4917 τι
1378 4865 1488 4917 τῶν
1540 4863 1634 4915 νῦν
1669 4863 1752 4915 ἀπη

1885 4876 2010 4936 post
2033 4880 2243 4936 magna:
2258 4865 2418 4934 hujus
2433 4868 2488 4916 et
2506 4859 2829 4914 universalis
2854 4855 3046 4926 synodi
3066 4851 3455 4910 deﬁnitionem,

229 4956 610 5062 ηγορευμένων,
639 4958 835 5036 ὥρισεν
863 4961 897 5028 ἡ
928 4956 1058 5025 ἁγία
1101 4955 1316 5018 σύνοδος
1358 4956 1646 5009 ἐκπίπτειν
1683 4957 1752 5007 τοί

1887 4961 2094 5030 aliquid
2149 4974 2340 5014 eorum
2387 4955 2500 5025 89
2531 4969 2652 5022 qua:
2699 4959 2829 5006 sunt
2885 4947 3156 5018 prohibita
3182 4984 3196 5008 ,
3237 4942 3413 4994 facere
3440 4977 3456 5001 ,

2036 5053 2042 5061 .
2234 5058 2242 5062 .
2475 5049 2486 5062 .
2656 5060 2671 5062 α
2720 5042 2933 5062 μμ--..ε-
2988 5039 3150 5062 ---ειη
3187 5032 3433 5062 Λ-ηελοιιη

231 5043 413 5097 οἰκείου
448 5046 678 5117 βαθμοῦ.
733 5032 740 5036 ’
1633 5097 1635 5099 ι

1887 5053 2074 5109 Statuit
2096 5058 2283 5106 sancta
2319 5049 2558 5118 synodus
2582 5060 2676 5100 eos
2720 5042 2938 5113 proprio
2985 5039 3151 5108 gradu
3186 5032 3454 5088 excidere.

293 5141 357 5188 κ’.
407 5138 715 5210 Κληρικοὺς
756 5139 833 5202 εἰς
882 5139 1179 5210 ἐκκλησίαν
1231 5139 1552 5202 τελοῦντας,
1589 5135 1752 5189 καθὼ.

1959 5143 2049 5196 20.
2084 5141 2320 5195 Clericos
2369 5139 2422 5191 in
2473 5135 2720 5191 ecclesiis
2783 5129 3087 5185 ministerio
3141 5126 3456 5192 fungentes,

238 5224 327 5295 ήδη
351 5227 645 5298 ὡρίσαμεν,
685 5231 758 5298 μὴ
787 5230 985 5294 ἐξεῖναι
1037 5231 1114 5292 είς
1155 5229 1322 5299 ἄλλης
1349 5229 1560 5292 πόλεως
1587 5230 1778 5282 τάττε-

1887 5233 2344 5304 quemadmodum
2381 5232 2492 5299 jam
2524 5228 2834 5289 statuimus,
2881 5238 2987 5276 non
3031 5220 3193 5272 licere
3229 5216 3282 5270 in
3321 5215 3461 5268 alius

240 5312 348 5370 σθαι
374 5319 679 5391 ἐκκλησίαν,
707 5322 840 5375 ἀλλὰ
868 5323 1114 5393 στέργειν
1145 5321 1359 5390 ἐκείνην
1383 5322 1441 5376 ἐν
1539 5319 1714 5372 λειτου
1725 5337 1783 5390 ρ-

1888 5323 2124 5378 civitatis
2151 5322 2378 5378 ecclesia
2409 5320 2651 5375 ordinari
2687 5335 2699 5370 :
2729 5315 2821 5371 sed
2865 5313 2956 5367 illa
2988 5324 3108 5366 esse
3147 5314 3455 5372 contentos,

337 5508 556 5584 prost.
591 5516 689 5583 {5;
728 5517 936 5572 Sardie.
986 5519 1048 5584 l;
1085 5516 1280 5574 Leonis
1309 5517 1397 5574 58.

248 5508 689 5640 Mr;cAgc;st.|15;
728 5517 936 5572 Sardic.
986 5519 1048 5584 l;
1085 5516 1280 5601 Leonis
1309 5517 1397 5574 58.
1507 5517 1736 5589 “Apost.
1772 5517 1836 5573 l5
1865 5529 1918 5574 et
1948 5519 2052 5586 55;
2091 5519 2348 5575 Antioch.
2375 5518 2443 5584 5;
2475 5517 2666 5572 Cltalc.
2700 5515 2734 5570 ὅ
2764 5523 2817 5571 et
2838 5513 2929 5568 20.
3062 5510 3296 5581 ’Apost.
3360 5505 3458 5570 16;

389 5624 401 5639 .
510 5628 526 5652 ,
594 5605 751 5645 nnoc.
781 5589 874 5655 ιρις
908 5588 1093 5645 Gelas.
1137 5589 1218 5644 εὖ.

1507 5517 1526 5547 ⁸
1547 5518 1736 5589 Apost.
1772 5517 1836 5573 l5
1865 5529 1918 5574 et
1948 5519 2052 5586 55;
2091 5519 2348 5575 Antioch.
2375 5518 2443 5584 5;
2475 5517 2666 5572 Cltalc.
2700 5515 2734 5570 ὅ
2764 5523 2817 5571 et
2838 5513 2929 5568 20.
