3904 6248
405 240 510 305 543

1556 242 1817 302 ΡΗΟΤΙΙ
1864 242 2365 303 ΡΑΤΒΙΑΒΕΗᾹΞ
2400 243 2508 304 CP.

3558 239 3661 305 54$

409 354 465 407 in
496 364 599 419 qua
634 350 705 404 ab
732 348 893 404 initio
922 357 982 403 ut
1004 335 1406 415 ministrarent,
1442 348 1589 419 digni
1619 350 1788 404 habiti
1820 362 1985 405 sunt:

2103 356 2210 421 γεῖν
2245 353 2305 417 ἐξ
2338 353 2511 422 ἀρχῆς
2552 350 2883 422 ἠξιώθησαν·
2929 351 3086 414 ἐκτὸς
3127 350 3369 415 ἐκείνων,
3414 350 3471 403 οἵ
3518 367 3659 411 τινες

409 452 605 511 ιιι-αξιοι·
630 443 751 496 illos
789 440 881 510 qui
922 440 1123 494 amissa
1156 455 1255 494 sua
1288 440 1483 508 patria,
1518 440 1572 492 in
1612 440 1775 492 aliam
1808 443 1983 495 eccle-

410 534 545 586 siam
596 529 907 584 necessario
974 529 1329 583 transierunt.
1377 526 1434 581 Si
1485 528 1578 597 qui
1633 536 1814 581 autem
1870 529 1986 595 epi-

411 624 559 687 scopi
605 631 727 692 post
758 623 859 677 hoc
894 622 1194 683 decretum,
1244 619 1502 673 clericum
1558 620 1650 688 qui
1706 619 1771 673 ad
1818 620 1984 674 alium

410 717 724 782 episcopum
787 711 1038 780 pertinet,
1073 709 1436 778 susceperint,
1493 708 1699 777 placuit
1721 724 1843 764 esse
1887 725 1985 764 ex-

410 803 870 866 cmmnunicatos,
904 816 1137 869 eumque
1180 802 1270 869 qui
1307 808 1592 868 susceptus
1623 810 1726 861 est,
1756 812 1809 852 et
1835 815 1983 866 eum,

411 894 499 963 qui
530 895 770 962 suscepit
800 934 815 957 ,
847 893 1019 947 donec
1048 891 1282 946 clericus
1308 891 1401 959 qui
1434 890 1704 959 migravit,
1740 890 1795 943 in
1830 905 1986 944 suam

411 986 697 1039 ecclesiam
722 987 925 1039 redeat.

622 1096 845 1151 Concilii
874 1095 1203 1149 Surdicensis
1230 1108 1451 1147 canones
1486 1095 1534 1155 l,
1561 1090 1618 1157 2,
1652 1090 1741 1146 i5.

415 1164 617 1220 Sancta
686 1166 919 1235 synodus
978 1166 1218 1219 Sat-(lica:
1279 1172 1599 1232 congregata
1652 1176 1715 1214 ea:
1767 1160 1988 1215 diversis

660 1237 966 1305 provinciis,
1005 1236 1241 1303 deﬁnivit
1274 1251 1388 1303 qua:
1418 1242 1732 1302 sequuntur.

487 1324 720 1379 l.Osius
752 1327 903 1379 urbis
926 1326 1191 1380 Corduba:
1217 1322 1789 1394 (25)episcopusdixit
1821 1340 1835 1376 :
1870 1319 1987 1374 Non

414 1429 522 1470 tam
561 1418 701 1471 mala
734 1418 1089 1479 consuetudo,
1127 1432 1289 1485 quam
1322 1414 1783 1484 perniciosissima
1804 1427 1987 1466 rerum

415 1508 746 1574 corruptela,
773 1516 857 1560 est
894 1523 955 1560 ex
988 1508 1120 1576 ipsis
1153 1506 1522 1560 fundamentis
1553 1505 1989 1572 penitusexstir-

412 1598 589 1665 panda
633 1615 645 1649 :
685 1612 752 1650 ne
780 1597 867 1650 cui
895 1598 1152 1665 episcopo
1184 1597 1347 1651 liceat
1375 1612 1403 1648 a
1448 1611 1615 1663 parva
1655 1596 1876 1648 civitate
1930 1593 1989 1646 in

414 1685 575 1737 aliam
624 1686 880 1754 migrare.
935 1684 1067 1753 Ejus
1119 1686 1265 1738 enim
1319 1699 1500 1738 causa:
1548 1693 1846 1751 praztextus
1902 1690 1985 1735 est
2016 1697 2062 1754 Β

415 1761 762 1838 manifestus,
790 1784 1012 1844 propter
1048 1790 1210 1843 quem
1263 1774 1393 1827 talia
1440 1780 1742 1825 tentantur.
1798 1768 1989 1825 Nullus

413 1868 559 1919 «tim
590 1865 881 1934 episcopus
904 1866 1082 1919 adhuc
1110 1864 1341 1918 inveniri
1375 1864 1571 1933 potuit,
1597 1862 1689 1932 qui
1732 1877 1762 1915 a
1796 1862 1988 1931 majori

416 1957 637 2013 civitate
665 1958 718 2011 in
752 1959 1016 2011 minorem
1054 1959 1286 2010 transire
1332 1956 1623 2010 studuerit.
1660 1951 1814 2007 Unde
1858 1969 1991 2005 con-

417 2058 525 2103 stat
572 2064 669 2103 eos
697 2050 907 2103 ardenti
934 2050 1085 2116 plura
1112 2047 1345 2102 habendi
1383 2048 1678 2117 cupiditate
1711 2044 1988 2110 succendi,

417 2146 473 2193 et
502 2142 676 2207 magis
706 2138 1030 2209 arrogantia:
1062 2138 1288 2202 servire,
1325 2148 1384 2192 ut
1419 2137 1703 2191 videantur
1728 2137 1990 2205 majorem

421 2229 624 2282 habere
658 2236 1007 2296 potestatem.
1035 2227 1291 2280 Placetne
1317 2226 1418 2279 hoc
1445 2224 1726 2289 ornatibus,
1762 2233 1821 2277 ut
1844 2222 1991 2291 ejus—

420 2321 567 2374 n.odi
625 2321 942 2388 improbitas
1004 2319 1253 2373 acerbius
1310 2317 1666 2372 vindicetur?
1729 2314 1992 2368 Existimo

417 2410 563 2463 enim
603 2424 699 2463 eos
728 2424 798 2464 ne
830 2409 1096 2463 laicurum
1131 2408 1348 2479 quidem
1379 2407 1574 2461 debere
1604 2406 1804 2460 habere
1845 2420 1991 2459 com-

420 2503 761 2557 munionem.

488 2725 694 2780 Omnes
723 2726 961 2796 episcopi
996 2727 1252 2782 dixerunt
1284 2745 1298 2780 :
1330 2725 1513 2780 Placet
1537 2724 1812 2780 omnibus.

487 2905 545 2957 ‘2.
576 2904 739 2958 Osius
766 2905 1056 2973 episcopus
1084 2902 1252 2957 dixit:
1290 2902 1347 2957 Si
1367 2905 1493 2971 quis
1518 2911 1697 2955 autem
1725 2901 1859 2955 adeo
1884 2901 1993 2971 90

420 2998 664 3063 insanus,
703 2998 783 3051 vel
813 2998 989 3051 audax
1022 2996 1357 3057 inveniatur,
1403 3005 1462 3049 ut
1513 2995 1580 3049 de
1625 2995 1693 3049 iis
1742 2994 1990 3049 videatur

419 3090 655 3158 aliquam
686 3088 881 3143 afferre
912 3088 1323 3144 excusationem
1347 3129 1362 3152 ,
1393 3102 1646 3143 asserens
1690 3087 1790 3141 sibi
1824 3106 1854 3139 a
1890 3101 1988 3156 po—

420 3182 548 3250 pulo
577 3180 771 3233 allatas
800 3195 921 3234 esse
954 3179 1196 3243 litteras;
1226 3178 1432 3232 clarum
1463 3189 1547 3230 eat
1568 3175 1811 3245 potuisse
1850 3191 1991 3244 pau-

419 3290 513 3327 cos
548 3274 764 3341 aliquos
804 3271 1054 3326 mercede
1104 3280 1159 3324 et
1212 3272 1388 3339 pretio
1445 3278 1733 3337 corruptos
1781 3269 1836 3321 in
1892 3266 1994 3321 Ec—

418 3366 582 3417 clesia
617 3365 937 3418 seditionem
971 3376 1211 3422 movere,
1246 3370 1304 3414 ut
1353 3361 1603 3415 eumdem
1658 3360 1849 3427 utique
1893 3373 1993 3427 po-

420 3455 623 3507 stulent
654 3454 853 3507 habere
886 3454 1221 3523 episcopum.
1250 3450 1484 3505 Omnino
1503 3466 1632 3519 ergo
1656 3450 1756 3503 has
1775 3450 1993 3503 fraudes

419 3556 474 3600 et
504 3557 647 3598 artes
680 3545 984 3614 puniendas
1014 3560 1135 3599 esse
1163 3544 1451 3608 existimo;
1486 3553 1543 3598 ut
1590 3557 1751 3596 nemo
1799 3541 1993 3611 possit,

420 3639 512 3706 qui
563 3646 646 3691 est
694 3636 984 3705 ejusmodi,
1030 3652 1098 3690 ne
1152 3637 1205 3688 in
1259 3635 1362 3688 fine
1394 3634 1610 3703 quidem
1654 3632 1790 3685 laica
1840 3646 1994 3687 com-

422 3729 684 3780 nuntioue
708 3727 905 3795 dignus
935 3726 1146 3780 haberi.
1181 3726 1265 3780 An
1298 3740 1429 3795 ergo
1461 3726 1577 3780 bazc
1618 3724 1826 3793 placeat
1869 3737 1995 3779 sen-

423 3816 618 3881 tentia,
657 3818 999 3884 respondete.

490 3993 909 4063 Besponderunt
938 4010 951 4047 :
980 3991 1206 4047 Placent
1243 4006 1365 4060 quae
1396 3990 1540 4044 dicta
1571 3995 1718 4043 sunt.

496 4086 583 4141 15.
623 4086 787 4141 Osius
832 4087 1123 4154 episc0pus
1174 4086 1312 4137 dixit
1346 4101 1361 4137 :
1390 4081 1502 4135 Hoc
1527 4095 1749 4151 quoque
1802 4094 1994 4135 omnes

421 4182 777 4246 dellniamns,
821 4189 880 4233 ut
922 4179 967 4233 si
993 4179 1118 4247 quis
1163 4178 1454 4247 episcopus
1494 4192 1560 4230 ex
1595 4175 1700 4229 alia
1734 4173 1992 4243 parochia

421 4273 551 4327 velit
608 4274 843 4326 alienum
897 4272 1209 4326 ministrum
1269 4270 1388 4324 sine
1457 4282 1733 4322 consensu
1789 4264 1993 4335 proprii

420 4364 658 4432 episcopi
699 4365 752 4416 in
794 4363 978 4432 aliquo
1013 4364 1180 4431 gradu
1219 4361 1572 4423 constituere,
1625 4359 1777 4411 irrita
1804 4365 1860 4410 et
1905 4357 1991 4409 in-

424 4456 578 4508 ﬁrma
614 4457 884 4523 ejusmodi
911 4454 1230 4509 constitutio
1270 4453 1633 4506 exiStimetur.
1671 4449 1725 4502 Si
1757 4449 1850 4515 qui
1890 4464 1991 4502 au-

421 4555 528 4598 tem
594 4545 695 4597 hoc
744 4546 848 4600 sibi
906 4545 1041 4613 ipsis
1102 4542 1482 4611 permiserint,
1534 4557 1564 4593 a
1622 4538 1880 4593 fratribus
1938 4546 1991 4592 et

421 4636 753 4705 coepiscopis
779 4644 833 4689 et
867 4636 1149 4689 admoneri
1182 4642 1235 4687 et
1272 4633 1468 4701 corrigi
1509 4631 1726 4686 debent.

492 4836 694 4891 Omnes
750 4837 1003 4891 dixerunt
1045 4852 1061 4890 :
1098 4834 1210 4889 Hoc
1269 4851 1489 4905 quoque
1550 4834 1831 4888 decretum
1887 4840 1991 4886 stet

421 4929 635 4981 firmum
670 4935 725 4980 et
760 4926 1055 4979 immobile.

611 5018 836 5071 Concilii
866 5018 1302 5086 Carthaginiensis
1331 5034 1551 5071 canones
1583 5020 1669 5083 54,
1704 5021 1793 5074 90.

497 5106 565 5162 Ut
646 5109 849 5161 alienus
930 5107 1151 5229 clericuls
1220 5108 1442 5247 (maxime
1521 5112 1851 5178 suscipiatur
1921 5109 1985 5163 ab

1078 5194 1185 5230 ato
1243 5179 1352 5247 -').

1078 5179 1185 5230 alio
1220 5179 1352 5247 (εδ).

2085 445 2448 506 ἀπολέσαντες
2490 445 2590 506 τὰς
2644 444 2781 505 ἰδίας
2816 443 3101 514 πατρίδας,
3151 444 3259 495 ἀπὸ
3302 443 3555 510 ἀνάγκης
3583 445 3660 506 είς

2085 534 2251 603 ἄλλην
2276 535 2568 604 ἐκκλησίαν
2602 534 2888 603 μετῆλθον.
2922 536 2983 587 Et
3005 535 3063 587 δέ
3092 552 3173 596 τις
3198 534 3500 597 ἐπίσκοπος
3527 535 3663 603 μετὰ

2083 627 2175 679 τὸν
2207 627 2332 696 ὅρον
2352 626 2563 688 τοῦτον,
2596 626 2740 696 ἄλλῳ
2772 626 3056 695 ἐπισκὸπῳ
3086 627 3435 695 προσήκοντα
3460 624 3664 689 δέξοιτο

2086 716 2364 787 κληρικὸν,
2387 717 2566 783 ἔδοξεν
2594 718 2955 785 ἀκοινώνητον
2992 714 3129 770 εἶναι
3162 720 3255 771 καὶ
3282 718 3373 771 τὸν
3404 718 3665 787 δεχθέντα

2085 808 2180 861 καί⁸
2235 807 2325 860 τὸν
2371 807 2699 877 δεξάμενον·
2752 808 2859 872 ἓως
2904 808 2968 862 ἂν
3004 812 3031 861 ὁ
3085 810 3359 879 μεταστὰς
3398 810 3664 880 κληρικὸς

2085 899 2166 962 είς
2186 899 2285 969 τὴν
2317 898 2455 953 ίδίαν
2484 899 2753 969 ἐπανέλθῃ
2777 901 3091 971 ἐκκλησίαν.

2331 1139 2600 1214 Συνόδρυ
2630 1142 2924 1211 Σαρδικῆς
2944 1144 3147 1214 κανὼν
3170 1144 3241 1208 α’,
3270 1144 3336 1214 β’,
3366 1143 3452 1198 ιε’.

2099 1205 2338 1282 Ἠᾔάγία-
2358 1210 2617 1276 σύνοδος
2637 1214 2674 1280 ἡ
2709 1205 2777 1264 ἓν·
2799 1205 3058 1281 Σάρδικῆ
3093 1205 3576 1282 συγκροτηθεῖσα
3596 1215 3663 1270 ἐκ

2159 1276 2459 1345 διαφόρων
2482 1276 2784 1349 ἐπαρχιῶν
2818 1276 2994 1350 ὢρισε
3019 1276 3091 1337 τὰ
3118 1276 3589 1353 ὑποτεταῖηαένα.

2159 1374 2227 1421 α’.
2263 1369 2445 1432 "Octo;
2475 1370 2771 1435 ἐπίσκοπος
2802 1372 3007 1436 πόλεως
3036 1373 3347 1444 Κορδούὸης
3376 1369 3551 1427 εἶπεν·
3591 1372 3664 1426 Οὐ

2088 1459 2407 1530 τοσοῦτονή
2457 1461 2636 1530 φαύλη
2686 1463 2968 1533 συνήθεια,
3022 1465 3145 1516 ὅσον
3192 1466 3225 1534 ή
3274 1465 3663 1535 βλαϐερωτάτη

2089 1551 2197 1604 τῶν
2228 1552 2567 1621 πραγμάτων
2595 1553 2862 1624 διαφθορὰ
2881 1595 2895 1617 ,
2947 1554 3004 1621 ἐξ
3032 1555 3209 1608 αὑτῶν
3245 1556 3352 1609 τῶν
3398 1557 3667 1626 θεμελίων

2092 1642 2235 1695 ἐστὶν
2265 1644 2584 1713 ἐκριζωτέα·
2621 1646 2707 1698 ἵνα
2738 1647 2928 1716 μηδενὶ
2957 1647 3064 1701 τῶν
3086 1649 3399 1703 ἐπισκόπων
3431 1650 3528 1719 ἐξῇ
3559 1650 3667 1701 ἀπὸ

2092 1733 2296 1796 πόλεως
2346 1737 2547 1804 μικρᾶς
2597 1736 2675 1797 εἰς
2724 1737 2917 1807 ἑτέραν
2965 1739 3118 1791 πόλιν
3157 1739 3540 1807 μεθίστασθαι.
3599 1740 3665 1791 Ἡ

2091 1825 2198 1893 γὰρ
2232 1825 2325 1894 τῆς
2374 1824 2551 1887 αἰτίας
2583 1825 2784 1895 ταύτης
2833 1828 3104 1897 πρόφασις
3147 1829 3356 1899 φανερὰ
3381 1829 3450 1881 δι’
3483 1829 3552 1899 ῆν
3598 1829 3667 1881 τὶ

2090 1914 2311 1966 τοιαῦτα
2342 1916 2721 1985 ἐπιχειρεῖται.
2758 1918 2945 1981 Οὐδεὶς
2976 1919 3083 1988 γὰρ
3127 1919 3346 1971 πώποτε
3376 1920 3667 1989 εὑρεθῆναι

2091 2005 2387 2068 ἐπίσκοπος
2426 2005 2746 2076 δεδύνηται,
2778 2007 2835 2071 ὃς
2881 2009 2987 2060 ἀπὸ
3037 2008 3281 2077 μείζονος
3325 2010 3540 2072 πόλεως
3588 2011 3668 2072 εἰς

2092 2097 2505 2167 ἐλαχιστοτέραν
2555 2098 2709 2151 πόλιν
2756 2099 3053 2152 ἐσπούδασε
3120 2101 3493 2170 μεταστῆναι·
3548 2102 3668 2154 ὅθεν

2094 2190 2389 2258 συνέστηκε
2421 2187 2668 2259 διαπύρῳ
2700 2189 3016 2255 πλεονεξίας
3046 2192 3229 2259 τρόπῳ
3268 2192 3669 2243 ὑπεκκαίεσθαι

2091 2278 2216 2341 τοὺς
2246 2279 2552 2342 τοιούτους,
2585 2261 2679 2332 καί
2713 2281 2911 2350 μᾶλλον
2940 2285 3007 2351 τῇ
3044 2281 3336 2351 ἀλαζονεία
3367 2282 3666 2344 δουλεύειν,

2092 2372 2238 2433 ὅπως
2267 2370 2514 2435 ἐξουσίαν
2559 2372 2765 2425 δοκοῖεν
2812 2374 3034 2443 μείζονα
3064 2373 3385 2440 κεκτῆσθαι.
3439 2376 3502 2426 Εἰ
3536 2376 3670 2426 πᾶσι

2090 2463 2267 2516 τοίνυν
2300 2465 2455 2517 τοῦτο
2487 2464 2736 2534 ἀρέσκει,
2769 2464 2906 2519 ὥστε
2954 2466 3052 2535 τὴν
3082 2466 3337 2536 τοιαύτην
3369 2467 3673 2536 σκαιότητα

2091 2555 2486 2625 αὐστηρότερον
2514 2557 2901 2626 ἐκδικηθῆναι,
2947 2555 3186 2626 ἠγοῦμαι
3232 2559 3341 2628 γὰρ
3375 2558 3516 2627 μηδέ
3549 2558 3671 2611 λαῖ-

2090 2644 2203 2699 κῶν
2231 2644 2373 2714 ἔχειν
2399 2645 2524 2707 τοὺς
2549 2646 2821 2708 τοιούτους
2851 2648 3046 2716 χρῆναι
3074 2645 3379 2698 κοινωνίαν.

2162 2730 2437 2800 ’Ἅπαντες
2481 2737 2529 2790 οἱ
2597 2739 2885 2792 ἐπίσκοποι
2944 2734 3134 2791 εἷπον·
3203 2736 3374 2790 Τοῦτο
3446 2739 3671 2809 ἀρέσκει

2090 2831 2277 2883 πᾶσιν.

2164 2939 2229 3010 β’,
2271 2940 2456 3005 Ὅσιος
2503 2941 2799 3005 ἐπίσκοπος
2848 2937 3020 2996 εἶπεν·
3071 2943 3136 2995 El
3182 2941 3240 2994 δέ
3286 2958 3373 3003 τις
3430 2941 3676 3005 τοιοῦτος

2016 3042 2059 3103 c
2091 3030 2400 3103 εὑρίσκοιτο
2428 3032 2701 3102 μανιώδης
2724 3031 2757 3103 ἢ
2783 3032 3073 3103 τολμηρὸς,
3096 3033 3171 3096 ὠς
3193 3036 3323 3105 περὶ
3351 3034 3464 3086 τῶν
3499 3033 3676 3085 τοιού-

2093 3138 2201 3176 των
2236 3120 2385 3186 δόξαι
2412 3122 2533 3174 τινὰ
2579 3122 2764 3192 φέρειν
2799 3122 3150 3193 παραίτησιν,
3194 3122 3677 3192 διαϐεϐαιούμενον

2093 3214 2200 3267 ἀπὸ
2226 3213 2319 3267 τοῦ
2353 3214 2587 3283 πλήθους
2616 3215 2808 3267 ἑαυτὸν
2840 3215 3166 3285 κεκομίσθαι
3198 3216 3547 3285 γράμμαται
3581 3215 3678 3283 δῆ-

2093 3305 2185 3358 λόν
2212 3305 2358 3359 ἐστιν
2382 3304 2597 3373 ὀλίγους
2622 3306 2774 3369 τινὰς
2804 3306 3143 3376 δεδυνῆσθαι,
3181 3307 3359 3376 μισθῷ
3391 3308 3486 3359 καὶ
3511 3308 3677 3376 τιμή-

2098 3414 2228 3466 ματι
2259 3396 2689 3467 διαφθαρέντας,
2720 3398 2777 3449 ἐν
2805 3400 2871 3467 τῇ
2913 3396 3177 3467 ἐκκλησίᾳ
3212 3397 3554 3461 στασιάζειν,
3598 3397 3675 3460 ὡς

2093 3488 2257 3557 δῆθεν
2302 3489 2395 3542 τὸν
2441 3491 2601 3544 αὐτὸν
2638 3489 2781 3561 ἐχειν
2815 3490 3113 3543 ἐπίσκοπον
3152 3490 3459 3554 ἀξιοῦντας.
3522 3491 3675 3543 Καθ-

2095 3580 2242 3645 άπαξ
2280 3577 2372 3633 οὖν
2415 3583 2513 3645 τὰς
2558 3582 2817 3645 τοιαύτας
2867 3582 3217 3654 ῥᾳδιουργίας
3248 3582 3344 3635 καὶ
3381 3582 3575 3651 τέχνας
3609 3582 3672 3633 οὗ

2092 3673 2336 3736 δεκτέας,
2361 3673 2497 3725 ἀλλὰ
2530 3674 2731 3743 μᾶλλον
2760 3674 3057 3736 κολαστέας
3093 3668 3232 3727 εἶναι
3259 3674 3487 3743 νομίζω,
3532 3672 3674 3724 ὥστε

2099 3764 2303 3835 μηδένα
2329 3764 2568 3818 τοιοῦτον
2594 3766 2725 3835 μηδὲ
2747 3766 2803 3818 ἐν
2828 3765 2907 3837 τῷ
2930 3765 3072 3819 τέλει
3102 3765 3298 3833 λαῖκῆς
3331 3764 3462 3833 γοῦν
3492 3764 3677 3827 ἀξιοῦ-

2097 3858 2222 3911 σθαι
2258 3856 2560 3919 κοινωνίας.
2601 3857 2664 3910 Εἰ
2694 3857 2874 3910 τοίνυν
2917 3857 3140 3928 ἀρέσκει
3188 3855 3331 3925 αὕτη
3381 3858 3412 3926 ἡ
3446 3854 3674 3924 γνώμη,

2096 3944 2485 4015 ἀποκρίνασθε.

2176 4036 2603 4107 ’Δπεκρίναντο]·
2636 4036 2717 4088 Τὰ
2745 4035 3006 4106 λεχθέντα
3038 4036 3256 4105 ἤρεσεν.

2169 4135 2251 4184 ιε’.
2288 4128 2477 4190 Ὅσιος
2519 4128 2818 4190 ἐπίσκοπος
2865 4121 3008 4179 εἶπε·
3047 4128 3157 4181 Καὶ
3190 4128 3351 4182 τοῦτο
3386 4128 3440 4180 δὲ
3472 4128 3674 4190 πάντες

2094 4219 2389 4291 δρίσωμεν,
2419 4219 2505 4272 ἵνα
2537 4219 2698 4282 εἴτις
2728 4219 3028 4283 ἐπίσκοπος
3066 4219 3124 4284 ἐξ
3155 4220 3349 4290 ἐτέρας
3378 4220 3677 4290 παροικίας

2099 4312 2332 4383 βουληθῇ
2379 4312 2657 4382 ἀλλότριον
2729 4310 3039 4381 ὑπηρέτην,
3092 4311 3263 4381 λωρὶς
3306 4314 3406 4382 τῆς
3470 4329 3678 4377 συγκα-

2016 4386 2367 4469 1)ταθέσεως
2413 4406 2506 4458 τού
2578 4406 2709 4458 ἰδίου
2767 4405 3106 4470 ἐπισκόπου,
3164 4405 3245 4469 εἷς
3291 4424 3413 4458 τινα
3465 4407 3683 4475 βαθμὸν

2096 4498 2453 4566 καταστῆσαι,
2484 4496 2686 4564 ἄκυρος
2714 4496 2807 4548 καὶ
2855 4495 3110 4557 ἀϐέϐαιος
3159 4499 3190 4566 ἡ
3254 4498 3587 4558 κατάστασις
3644 4500 3680 4568 ἡ

2096 4588 2317 4658 τοιαύτη
2365 4587 2669 4657 νομίζοιτο·
2707 4587 2759 4639 εί
2804 4603 2949 4649 τινες
2992 4586 3049 4639 δὲ
3090 4586 3248 4639 τοῦτο
3298 4587 3678 4660 ἐπιτρέψειαν,

2102 4680 2250 4750 παρὰ
2311 4677 2419 4730 τῶν
2465 4677 2709 4747 ἀδελφῶν
2755 4678 2849 4730 καὶ
2900 4679 3319 4731 συνεπισκὸπων
3373 4680 3527 4749 ἡμῶν
3580 4683 3680 4733 καὶ

2101 4770 2612 4839 ὑπομιμνήσκεσθαι
2650 4770 2745 4823 καὶ
2771 4770 3113 4840 διορθοῦσθαι
3144 4771 3473 4838 ὀφείλουσιν.

2167 4863 2439 4925 ’Ἅπαντες
2486 4862 2779 4933 εἰρήκασι·
2845 4860 2955 4916 Καὶ
3018 4855 3176 4924 οὗτος
3239 4865 3267 4915 ὁ
3310 4864 3435 4933 ὅρος
3495 4864 3682 4932 στήτω

2094 4954 2410 5015 ἀσάλευτος.

2307 5047 2352 5096 Σ
2360 5041 2576 5097 υνόδου
2597 5046 3012 5112 Καρθαγέννης
3040 5041 3243 5096 κανὼν
3269 5041 3363 5107 νδ’,
3387 5041 3460 5108 ιζ.

2095 5131 2235 5200 Περὶ
2277 5131 2381 5184 τοῦ
2420 5131 2779 5199 ἀλλοτρίους
2826 5133 3153 5198 κληρικοὺς
3196 5131 3484 5200 μηδαμῶς
3535 5130 3679 5200 παρ’

2356 5201 2571 5271 ἐτέρων
2608 5200 3008 5269 ὑποδέχεσθαι
3036 5201 3407 5257 ἐπισκόπων.

1918 5378 2153 5436 NOTIE.

495 5471 887 5542 (25)Canones
939 5474 1090 5539 istos,
1146 5492 1252 5527 non
1300 5493 1457 5531 serus
1505 5488 1666 5543 atque
1711 5473 1996 5528 Africanos

424 5544 616 5614 Latine
634 5543 799 5614 fuisse
826 5545 1059 5614 primum
1084 5546 1256 5598 editos
1276 5548 1430 5600 docet
1452 5546 1738 5614 Dionysius
1758 5543 1997 5612 Exiguus

424 5614 478 5666 in
512 5611 838 5667 Praifationc’
878 5612 943 5666 ad
1004 5614 1332 5685 Stephanum
1382 5618 1547 5687 opisc.
1590 5611 1993 5671 Salouilaaum.

2178 5477 2291 5546 (26)
2331 5476 2541 5530 Coucil.
2590 5476 2845 5547 Cartbag.
2904 5492 2986 5541 Ill,
3038 5493 3158 5547 cap.
3206 5478 3295 5541 44,
3341 5489 3395 5535 ct
3445 5479 3684 5539 Fet-ran-

2105 5547 2204 5602 dus
2231 5564 2349 5616 cap.
2383 5547 2471 5610 :27,
2505 5562 2567 5601 ex
2598 5547 2792 5603 concil.
2830 5548 3085 5617 Carthag.
3117 5550 3199 5603 tit.
3234 5550 3323 5603 53.
