3886 6240
359 286 465 363 547

1522 278 1780 338 ΡΠΟΤῙῙ
1809 277 2312 338 PATRIARCII/E
2350 279 2459 339 CP.

3519 277 3626 338 558

358 403 523 447 natur
566 399 621 446 et
660 390 794 462 ipse,
833 397 887 443 et
925 387 1020 457 qui
1070 401 1194 442 eum
1246 395 1441 458 praeter
1502 389 1768 443 rationem
1825 405 1941 444 sus-

2055 390 2445 460 ιιαταισχύνων,
2479 391 2629 458 τόγε
2676 388 2957 459 έπάύτῷ,
3004 390 3094 443 τον
3138 390 3238 462 τὴν
3287 395 3629 463 χειροτονίαν

359 484 523 554 cepit.

437 664 526 717 18.
565 661 674 715 Eos
697 660 791 730 qui
823 659 1127 714 barbaricae
1181 657 1512 713 incursionis
1544 664 1827 725 praetextu,
1859 655 1942 708 vel

362 757 549 824 aliquo
580 755 688 807 alio
730 752 894 806 modo
933 761 1156 822 propter
1184 751 1423 820 aliquam
1469 749 1939 803 circumstantiam

362 847 723 915 emigrarunt,
759 845 1014 908 clericos,
1045 851 1331 912 postquam
1377 840 1574 895 modus
1606 841 1695 894 ille
1734 855 1797 893 ac
1836 842 1945 893 circ

364 937 700 990 cumstantia
761 936 1010 997 cessarit,
1079 935 1162 986 Vel
1214 933 1514 987 barbaricae
1575 932 1939 993 incursiones,

365 1037 586 1096 propter
624 1040 771 1095 quas
808 1032 1168 1086 recesserant,
1203 1037 1396 1075 rursus
1445 1023 1499 1073 in
1533 1035 1662 1074 suas
1688 1020 1944 1088 juhemus

369 1118 628 1172 ecclesias
664 1115 898 1178 reverti,
929 1129 1028 1167 nec
1075 1127 1168 1166 eas
1214 1112 1306 1165 diu
1358 1111 1566 1180 absque
1594 1111 1740 1179 justa
1779 1124 1942 1163 causa

368 1209 688 1274 relinquere.
725 1205 779 1256 Si
807 1204 931 1272 quis
959 1212 1140 1256 autem
1185 1217 1316 1264 non,
1351 1211 1408 1253 ιιι
1438 1215 1679 1269 priesens
1704 1200 1815 1253 vult
1845 1215 1938 1253 ea-

365 1315 497 1365 non,
531 1299 743 1360 adierit,
778 1308 1111 1364 segregetur,
1145 1295 1320 1348 donec
1368 1294 1435 1346 ad
1469 1309 1620 1347 suam
1658 1292 1944 1346 ecclesiam

367 1389 571 1443 redeat.
608 1389 721 1440 Hoc
757 1388 933 1455 ipsum
959 1393 1137 1439 autem
1165 1383 1326 1438 etiam
1359 1383 1415 1437 in
1443 1397 1510 1438 eo
1541 1382 1636 1436 (iat
1663 1382 1943 1451 episcopo,

368 1481 460 1550 qui
497 1481 649 1534 illum
676 1479 906 1533 detinet.

435 1679 524 1731 20.
560 1676 637 1732 Ne
665 1677 826 1731 liceat
853 1675 1109 1745 episcopo
1156 1672 1212 1726 in
1245 1672 1348 1726 alia
1374 1672 1440 1737 ¹¹,
1471 1687 1593 1742 quae
1645 1671 1709 1726 ad
1749 1686 1808 1725 se
1840 1686 1945 1726 non

2041 481 2190 550 αύτῷ
2240 482 2636 544 ὲπιτεθεικὸτα,
2690 483 3060 552 καθαιρείσθω
3100 485 3195 537 καὶ
3241 484 3412 547 αὐτὸς
3458 487 3562 538 καὶ
3601 487 3631 538 ὁ

2043 573 2375 642 παραλόγως
2399 573 2558 625 αὑτὸν
2585 575 3037 644 προσδεξάμενος.

2116 664 2207 733 ιη’.
2274 664 2415 726 Τοὺς
2471 665 2744 734 προφάσει
2793 665 3132 735 βαρϐαρικῆς
3185 663 3494 735 ἐπιδρομῆς
3524 707 3542 728 ,
3595 668 3629 736 ἢ

2041 756 2217 818 ἄλλως
2247 774 2364 819 πως
2393 759 2457 809 ἐκ
2482 755 2856 826 περιστάσεως
2878 796 2892 818 ,
2933 757 3271 824 μετανάστας
3294 759 3635 826 γενομένους

2042 847 2338 916 κληρικοὺς
2357 887 2370 909 ,
2405 848 2568 917 ἡνίκα
2596 847 2641 900 δ’
2689 848 2755 901 ἂν
2787 849 2816 899 ὁ
2848 848 3048 916 τρόπος
3084 849 3268 910 αὐτοῖς
3293 848 3638 915 άποπαύση-

2041 956 2167 1004 ται,
2199 938 2232 1008 ἢ
2262 939 2317 991 ai
2352 939 2458 991 τῶν
2494 939 2781 1010 βαρϐάρων
2818 938 3142 1008 ἐπιδρομαὶ,
3186 938 3252 991 δι’
3287 939 3323 992 ἃ
3359 939 3461 1010 τὴν
3495 939 3645 990 ἀνα-

2043 1018 2286 1100 χώρησιν
2315 1030 2672 1099 ἐποιήσαντο,
2709 1030 2863 1092 αὖθις
2907 1031 2966 1083 ὲν
3006 1033 3125 1093 ταῖς
3162 1030 3395 1093 οἰκείαις
3425 1030 3640 1099 ἐκκλη-

2047 1121 2192 1184 σίαις
2222 1120 2633 1191 προστάσσομεν
2658 1121 3085 1191 ἐπανέρχεσθαι,
3126 1122 3221 1174 καὶ
3255 1122 3330 1190 μὴ
3358 1120 3454 1172 ὲπὶ
3489 1121 3640 1174 πολὺ

2045 1215 2248 1277 ταύτας
2282 1214 2705 1284 ἀπροφασίστως
2739 1212 3190 1281 καταὶιμπάνειν.
3234 1213 3299 1264 Εἰ
3331 1212 3389 1264 δέ
3422 1229 3512 1274 τις
3559 1213 3641 1282 μὴ

2046 1301 2190 1356 κατὰ
2235 1302 2326 1355 τὸν
2374 1303 2620 1372 παρόντα
2656 1300 2972 1369 διαγένηται
3004 1300 3237 1364 κανόνα,
3272 1301 3643 1370 ἁφαριζέσθω

2050 1394 2245 1463 μέχρις
2281 1392 2347 1446 ἂν
2374 1393 2510 1462 πρὸς
2531 1393 2629 1462 τὴν
2657 1393 2863 1444 οἰκείαν
2896 1392 3192 1460 ἐκκλησίαν
3221 1393 3639 1462 έπαναδράμοι.

2048 1487 2124 1539 Τὸ
2149 1486 2280 1540 αὐτὸ
2328 1486 2386 1539 δὲ
2424 1485 2582 1538 τοῦτο
2623 1485 2719 1538 καὶ
2758 1485 2851 1537 ἐπὶ
2879 1483 2959 1553 τῷ
2999 1485 3285 1554 κατέχοντι
3311 1487 3477 1538 αὑτὸν
3503 1487 3645 1537 ἑπι-

2049 1577 2238 1647 σκόπῳ
2268 1576 2520 1645 γινέσθω.

2123 1675 2192 1724 κ’.
2225 1670 2316 1739 Μὴ
2347 1668 2549 1734 ὲξέστω
2579 1668 2860 1739 ὲπισκόπῳ
2888 1668 2968 1731 είς
3000 1668 3195 1740 ἑτέραν
3236 1669 3335 1739 τὴν
3367 1669 3447 1738 μὴ
3475 1667 3643 1736 αὐτῷ

369 1771 620 1839 pet-tinet,
665 1769 884 1822 civitate
912 1767 1124 1836 publice
1157 1765 1377 1818 docere.
1403 1763 1458 1816 Si
1481 1764 1605 1833 quis
1641 1771 1819 1816 autem
1849 1763 1941 1816 hoc

2055 1762 2434 1830 προσήκουσαν
2467 1761 2617 1813 πόλιν
2643 1761 2877 1832 δημοσίᾳ
2901 1761 3174 1814 διδάσκειν
3195 1778 3208 1792 ·
3240 1760 3370 1830 εί,δέ
3399 1777 3486 1822 τις
3519 1777 3650 1827 φω-

371 1860 549 1914 l'acere
590 1859 958 1928 deprehensus
987 1855 1182 1918 fuerit,
1236 1857 1303 1907 ab
1343 1855 1654 1923 episcopatu
1683 1853 1945 1921 desistat,

369 1951 666 2020 presbyteri
700 1958 879 2002 autem
913 1962 1139 2001 munere
1169 1945 1453 2015 fungatur.

438 2043 546 2114 93
571 2042 785 2096 Textus.
805 2041 992 2094 Const.
1009 2041 1041 2095 9
1063 2048 1116 2095 et
1147 2038 1233 2103 10,
1261 2041 1339 2093 tit.
1363 2039 1387 2092 1
1407 2037 1747 2093 Novellarum
1769 2040 1945 2104 aiunt,

371 2133 513 2201 quod
568 2132 623 2184 in
674 2131 918 2198 Magnam
966 2127 1245 2182 ecclesiam
1293 2127 1945 2197 ConstantinOpolitanam

372 2225 601 2278 aliarum
633 2221 750 2289 ejus
779 2221 1133 2273 ecelcsiarmn
1171 2217 1353 2272 clerici
1384 2217 1807 2273 transferantur.

447 2397 599 2453 CAP.
648 2395 860 2450 XXVII.
893 2426 962 2436 —
1012 2396 1087 2449 De
1119 2411 1177 2448 eo
1216 2397 1306 2463 qui
1336 2396 1535 2464 peccati
1579 2411 1722 2460 reus,
1754 2396 1946 2451 nihilo-

372 2491 546 2543 minus
586 2489 861 2541 ordinams
889 2488 1011 2554 fuit.

675 2577 904 2631 Concilii
939 2574 1152 2629 Νίσαηή
1202 2592 1426 2630 canones
1459 2577 1512 2639 9,
1547 2577 1634 2632 ‘lO.

441 2669 495 2726 9.
521 2669 578 2724 Si
631 2669 724 2737 qui
769 2670 903 2722 citra
952 2666 1410 2720 cxaminationcm
1469 2668 1513 2698 ι’
1552 2667 1783 2736 promoti
1820 2672 1949 2720 sunt

370 2760 694 2832 presbyteri,
728 2760 810 2812 vel
835 2757 1130 2811 examinati
1149 2771 1247 2810 sua
1279 2764 1501 2825 peccata
1528 2755 1764 2811 confessi
1799 2765 1944 2820 sunt,

369 2852 558 2919 eisque
604 2850 891 2911 confessis,
944 2858 1144 2915 printer
1193 2862 1456 2901 canonem
1516 2846 1648 2900 moti
1700 2848 1946 2901 homines

2049 1849 2242 1920 ραθείη
2261 1849 2419 1902 τοῦτο
2454 1849 2643 1914 ποιῶν,
2674 1851 2772 1919 τῆς
2801 1848 3108 1918 ἐπισκοπῆς
3135 1847 3395 1901 παυέσθω
3414 1888 3430 1912 ,
3466 1846 3545 1898 τὰ
3583 1844 3646 1896 δὲ

2045 1939 2141 1993 τοῦ
2172 1939 2544 2010 πρεσϐυτέρου
2572 1941 2882 2010 ὲνεργείτω.

2132 2029 2196 2084 Ἦ
2229 2031 2284 2084 δὲ
2309 2031 2355 2084 θ’
2391 2032 2485 2084 καὶ
2517 2038 2548 2084 ι’
2580 2032 2721 2086 διάτ.
2749 2031 2844 2084 τοῦ
2875 2031 3043 2085 α’τίτ.
3073 2032 3183 2085 τῶν
3216 2031 3430 2100 νεαρῶν
3457 2029 3644 2096 λέγει,

2046 2121 2166 2184 πῶς
2233 2123 2315 2185 είς
2364 2121 2464 2192 τὴν
2517 2122 2776 2194 Μεγάλην
2836 2123 3132 2194 ἐκκλησίαν
3181 2124 3648 2174 Κωνσταντινου-

2047 2211 2257 2274 πόλεως
2307 2211 2358 2264 οἱ
2399 2210 2509 2265 τῶν
2551 2211 2724 2266 ἄλλων
2786 2213 2955 2283 αὐτῆς
3007 2210 3314 2282 ἐκκλησιῶν
3367 2210 3648 2280 κληρικοὶ

2047 2303 2445 2373 μετατίθενται.

2115 2395 2367 2450 ΚΕΦΑΔ.
2399 2394 2525 2450 ΚΖ’.
2542 2425 2612 2436 -
2637 2396 2776 2463 Περὶ
2802 2395 2910 2450 τοῦ
2931 2394 3326 2466 ὑποκειμένου
3354 2393 3646 2463 ἁμαρτῆ-

2043 2501 2202 2555 ματι,
2236 2486 2331 2539 καὶ
2367 2489 2908 2556 χειροτονηθέντος.

2357 2581 2626 2636 Συνόδου
2650 2581 2898 2646 Νικαίας
2924 2580 3126 2634 κανὼν
3150 2578 3196 2631 θ’
3219 2617 3235 2642 ,
3273 2585 3325 2632 ι’.

2116 2675 2179 2729 θ’.
2220 2674 2439 2738 Είτινες
2469 2671 2838 2736 ἀνεξετάστως
2856 2669 3212 2741 προήχθησαν
3231 2667 3641 2738 πρεσϐύτεροι,

2046 2767 2080 2840 ἢ
2107 2769 2521 2839 ἀνακρινόμενοι
2553 2764 2908 2835 ὡμολόγησαν
2931 2763 3000 2814 τὰ
3023 2761 3385 2832 ἡμαρτημένα
3412 2762 3642 2824 αὐτοῖς,

2047 2859 2139 2910 καὶ
2159 2857 2606 2928 ὁμολογησάντων
2629 2855 2829 2920 αὐτῶν,
2864 2855 3015 2925 παρὰ
3056 2854 3257 2906 κανόνα
3308 2851 3643 2921 κινούμενοι

375 2958 566 2994 manus
595 2941 990 3009 imposuerunt,
1031 2953 1127 2992 eos
1160 2953 1334 2992 canon
1361 2952 1468 2991 non
1498 2939 1754 2991 admittit.
1793 2938 1941 2998 Quod

2055 2948 2095 3000 οἱ
2130 2948 2428 3018 ἄνθρωποι,
2466 2949 2579 3009 τοῖς
2595 2945 2856 3007 τοιούτοις
2882 2949 3038 3014 χεῖρα
3074 2944 3474 3009 ἐπιτεθείκασι,
3499 2944 3648 2996 20'5-

372 3043 458 3089 est
478 3035 621 3088 enim
643 3048 672 3086 a
697 3031 1115 3101 reprehensione
1135 3030 1391 3097 alienum,
1416 3029 1654 3084 defendit
1676 3029 1941 3084 Ecclesia.

2055 3058 2170 3103 τους
2220 3041 2247 3092 ὁ
2280 3039 2459 3092 κανὼν
2512 3039 2574 3090 οὐ
2613 3039 2933 3108 προσίεται·
2975 3039 3035 3091 τὸ
3084 3036 3195 3108 γὰρ
3247 3036 3642 3106 ἀνεπίληπτον

443 3227 532 3283 i0.
572 3227 889 3296 Quicunque
919 3243 983 3281 ex
1019 3227 1083 3282 iis
1109 3227 1201 3296 qui
1227 3227 1361 3296 lapsi
1391 3226 1638 3290 sunt,ch
1664 3241 1759 3294 per
1791 3225 1943 3296 igno-

371 3319 628 3378 rantiam,
655 3319 737 3371 vel
772 3318 1072 3371 scientibus
1108 3317 1174 3370 iis
1206 3317 1298 3386 qui
1335 3324 1753 3385 promoverunt,
1792 3315 1942 3368 ordi-

374 3409 482 3462 nati
514 3417 662 3472 sunt,
694 3408 797 3460 hoc
827 3406 1198 3461 ecclesiastico
1223 3404 1418 3460 canoni
1460 3416 1568 3456 non
1605 3401 1938 3470 praeiudicat.

370 3501 413 3556 li
444 3502 586 3555 enim
613 3501 812 3569 cogniti
842 3501 1210 3567 deponuntur.

545 3590 766 3644 Concilii
793 3590 997 3643 Νἱεωιιὶ
1035 3588 1481 3641 Neoca'sarieusis
1513 3603 1678 3640 canon
1715 3585 1768 3640 9.

443 3679 499 3734 Si
555 3680 878 3750 presbyter,
937 3680 1028 3749 qui
1087 3694 1316 3747 corpore
1365 3679 1516 3746 prius
1579 3685 1941 3747 peccaverat,

371 3780 654 3840 promotus
691 3770 872 3834 fuerit,
907 3759 960 3822 et
996 3770 1040 3824 si
1088 3780 1214 3822 ante
1247 3769 1644 3824 ordinationem
1690 3782 1944 3836 peccasse

371 3863 656 3917 confessus
699 3860 880 3923 fuerit,
917 3878 981 3915 ne
1023 3862 1233 3926 oll‘rrat,
1279 3875 1506 3914 manens
1546 3861 1598 3912 iu
1631 3859 1770 3922 aliis,
1820 3874 1945 3928 pro-

373 3965 491 4025 pter
519 3956 661 4008 aliud
702 3955 821 4022 ejus
873 3956 1024 4007 bona:
1053 3954 1175 4007 vita:
1217 3953 1478 4008 studium.
1528 3949 1754 4020 Reliqua
1799 3950 1942 4004 enim

372 4055 592 4114 pecrata
654 4045 842 4098 dicunt
890 4045 1034 4098 tnttlti
1100 4059 1357 4097 manuum
1404 4042 1748 4111 impositione
1806 4041 1940 4094 tolli.

371 4135 525 4202 Quod
564 4136 608 4190 si
649 4135 762 4204 ipsa
808 4151 913 4188 non
962 4135 1306 4196 confiteatur,
1359 4142 1541 4203 aperte
1589 4141 1768 4187 autem
1805 4148 1940 4185 con-

375 4229 516 4283 viuci
554 4243 660 4281 non
697 4227 954 4296 poluerit,
990 4227 1136 4280 illius
1171 4241 1386 4296 quoque
1414 4225 1462 4279 ei
1492 4225 1584 4279 liat
1613 4232 1868 4295 potestas.

866 4317 1060 4370 Basilii
1122 4332 1288 4369 canon
1341 4316 1429 4368 97.

2043 3133 2302 3202 ὲκδικεῖἡ
2332 3131 2592 3202 καθολικὴ
2629 3130 2945 3202 Ἐκκλησία.

2116 3230 2167 3276 ι’.
2213 3222 2369 3277 ’Όσοι
2395 3223 2886 3293 προεχειρίσθησαν
2922 3221 3033 3275 τῶν
3067 3220 3640 3292 παραπεπτωκότων,

2043 3314 2183 3368 κατά
2205 3315 2449 3383 ἄγνοιαν,
2489 3315 2638 3384 ἦκα).
2675 3315 3004 3386 προειδότων
3037 3314 3148 3367 τῶν
3188 3314 3643 3384 προχειρισαμέ-

2043 3423 2183 3469 νων,
2214 3405 2370 3460 τοῦτο
2417 3408 2478 3460 οὐ
2521 3407 2800 3477 προκρίνει
2843 3407 2921 3478 τῷ
2961 3407 3147 3460 κανόνι
3199 3405 3279 3476 τῷ
3328 3405 3645 3476 ἐκκλησια-

2046 3495 2214 3565 στικῷ
2242 3512 2257 3525 ·
2288 3496 2624 3562 γνωσθέντες
2651 3491 2758 3566 γάρ
2783 3494 3193 3566 καθαιροῦνται.

2259 3587 2529 3641 Συγόδου
2587 3587 3049 3654 Νεοκαισαρείας
3084 3585 3287 3638 κανὼν
3341 3599 3363 3638 1

2116 3683 2493 3755 Πρεσϐύτερος
2551 3681 2646 3734 ἐὰν
2712 3677 3155 3750 προημαρτηκὼς
3217 3676 3428 3747 σώματι
3493 3693 3640 3746 προ-

2043 3775 2204 3846 αχθῇ,
2244 3776 2337 3828 καὶ¹
2371 3773 2677 3843 ὁμολογήσῃ
2713 3772 2796 3825 ὅτι
2839 3771 3055 3840 ἥμαρτε
3093 3769 3197 3839 πρὸ
3225 3769 3323 3838 τῆς
3372 3784 3639 3836 χειροτο-

2043 3868 2181 3933 νίας,
2219 3865 2295 3936 μὴ
2345 3865 2740 3936 προσφερέτω,
2798 3863 2971 3932 μένων
2998 3863 3055 3914 ὲν
3094 3863 3207 3922 τοῖς
3251 3860 3484 3923 λοιποῖς,
3537 3859 3637 3912 διὰ

2041 3957 2141 4028 τὴν
2196 3955 2362 4026 άλλην
2416 3955 2673 4023 σπουδήν.
2731 3954 2813 4006 Τὰ
2866 3954 2974 4023 γὰρ
3030 3952 3192 4004 λοιπά
3242 3951 3638 4020 ἁμαρτήματα

2043 4047 2250 4116 ἔφασαν
2280 4048 2327 4099 οἱ
2367 4045 2552 4098 πολλοὶ
2579 4046 2675 4098 καὶ
2703 4045 2802 4114 τὴν
2836 4043 3174 4114 χειροθεσίαν
3204 4042 3446 4111 ἀφιέναι.
3497 4042 3637 4095 Ἐὰν

2042 4137 2099 4192 δὲ
2133 4137 2294 4199 αὐτὸς
2351 4137 2427 4207 μὴ
2481 4135 2739 4205 ὁμολογῇ,
2787 4133 3107 4204 ἐλεγχθῆναι
3151 4133 3207 4185 δὲ
3255 4131 3516 4202 φανερῶς
3553 4134 3635 4202 μὴ

2041 4228 2267 4298 δυνηθῇ,
2299 4227 2386 4281 ἐπ’
2416 4226 2568 4296 αὐτῷ
2598 4227 2790 4296 ἐκείνῳ
2817 4225 3084 4278 ποιεῖσθαι
3109 4224 3207 4294 τὴν
3236 4222 3515 4287 ἐξουσίαν.

2465 4321 2791 4375 Βασιλείου
2829 4320 3031 4372 κανὼν
3056 4317 3158 4382 κζ’.

439 4411 530 4464 27.
586 4410 658 4464 De
699 4409 1010 4478 presbytero
1035 4446 1049 4470 ,
1091 4407 1184 4474 qui
1220 4406 1454 4460 insciens
1500 4405 1697 4460 illicitis
1737 4403 1941 4474 nuptiis

2115 4412 2218 4478 κζ’.
2237 4413 2373 4485 Περ)⁸
2389 4411 2483 4466 τοῦ
2505 4413 2874 4483 πρεσϐυτέρου
2891 4411 2985 4464 τοῦ
3001 4412 3140 4464 κατὰ
3154 4411 3369 4479 ἄγνοιαν
3384 4408 3632 4481 άθέσμῳ

372 4498 679 4568 implicatus
735 4508 837 4563 est,
898 4499 1060 4552 statui
1115 4512 1234 4565 qua:
1286 4498 1590 4564 oportebat,
1652 4496 1938 4550 cathedrae

371 4594 586 4662 quidem
621 4592 934 4660 participem
968 4605 1106 4653 esse,
1145 4591 1237 4644 sed
1270 4606 1300 4644 a
1336 4591 1557 4660 reliquis
1587 4589 1788 4645 muniis
1818 4590 1945 4642 abs-

373 4683 564 4737 tinere.
606 4680 740 4734 Nam
773 4681 904 4735 satis
947 4689 1028 4734 est
1074 4680 1348 4748 ejusu'todi
1386 4681 1588 4734 homini
1630 4681 1810 4734 venia.
1878 4678 1944 4732 Ut

370 4782 554 4829 autem
583 4775 747 4828 alium
792 4773 1095 4838 benedicat,
1140 4773 1230 4844 qui
1279 4774 1499 4843 propria
1547 4787 1744 4828 curare
1783 4773 1942 4827 debet

369 4865 616 4931 vulnera,
672 4863 898 4917 minime
950 4875 1398 4918 consentaneum.
1444 4863 1755 4918 Benedictio
1795 4864 1940 4918 enim

370 4957 820 5012 sanctiﬁcationis
864 4954 974 5026 94
1003 4956 1424 5010 communicatio
1469 4965 1578 5010 est.
1637 4956 1808 5021 Quam
1848 4956 1942 5025 qui

369 5066 476 5104 non
508 5050 687 5114 habet,
718 5057 996 5118 prepterea
1023 5048 1164 5117 quod
1196 5048 1432 5104 insciens
1461 5047 1648 5118 lapsus
1683 5057 1940 5117 est,quo-

368 5142 530 5196 modo
555 5142 677 5195 aliis
713 5141 1018 5207 impcrtiet?
1060 5140 1246 5210 itaque
1291 5155 1391 5194 nec
1437 5141 1653 5209 publice
1694 5155 1793 5194 nec
1825 5140 1940 5209 pri-

369 5233 530 5284 vatim
569 5231 871 5296 benedicat,
903 5246 1001 5286 nec
1027 5247 1224 5301 corpus
1247 5231 1445 5286 Christi
1479 5232 1766 5285 distribuat
1790 5232 1934 5296 aliis,

367 5337 466 5376 nec
499 5323 731 5390 quodvis
769 5321 920 5377 aliud
970 5339 1188 5377 sacrum
1223 5338 1422 5377 tnunus
1452 5322 1636 5388 obeat,
1673 5322 1788 5384 sed,
1836 5322 1937 5377 bo-

365 5413 589 5467 norilica
618 5413 744 5467 sede
776 5419 1086 5477 contentus,
1117 5421 1268 5482 roget
1297 5427 1423 5466 cum
1457 5411 1714 5481 lacrymis
1750 5409 1936 5466 Domi—

367 5519 518 5566 num,
549 5513 608 5556 ut
629 5503 732 5557 sibi
755 5502 1078 5573 ignorantia:
1112 5510 1393 5573 peccatum
1424 5502 1752 5557 remittatur.

435 5666 474 5695 “
504 5664 690 5736 Apost.
727 5679 848 5720 can.
877 5663 976 5732 l4;
1009 5664 1264 5722 Antioch.
1296 5678 1419 5721 can.
1455 5663 1540 5721 16.
1611 5665 1652 5698 ¹¹
1686 5663 1924 5722 Neocazs.
1958 5665 2009 5721 9.

2040 4502 2204 4572 γάμῳ
2267 4503 2704 4573 περιπαρέντος,
2767 4501 2939 4569 ὥρισα
2999 4500 3035 4554 ὃ.
3081 4500 3292 4572 ἐχρῆν,
3340 4498 3631 4570 καθέδρας

2043 4593 2144 4663 μὲν
2195 4593 2460 4662 μετέχειν,
2493 4592 2601 4646 τῶν
2629 4593 2686 4644 δὲ
2714 4591 2912 4645 λοιπῶν
2943 4592 3231 4661 ἐνεργειῶν
3261 4591 3577 4660 ἀπέχεσθαι
3609 4607 3624 4621 ·

2038 4681 2271 4754 ἀρκετὸν
2311 4683 2421 4752 γάρ
2473 4681 2551 4752 τῷ
2602 4682 2829 4752 τοιούτῳ
2886 4683 2920 4753 ἡ
2978 4680 3314 4750 συγγνώμηο
3365 4680 3627 4749 εὐλογεῖν

2037 4771 2094 4824 δὲ
2139 4771 2326 4842 ἓτερον
2370 4772 2462 4827 τὸν
2502 4773 2571 4827 τὰ
2615 4775 2792 4826 οἰκεία
2826 4773 3083 4843 τημελεῖν
3129 4771 3406 4841 ὀφείλοντα
3437 4773 3627 4842 τραύ-

2043 4880 2190 4934 ματα
2244 4865 2624 4919 ἀνακόλουθον.
2673 4864 2908 4933 Εὐλογία
2953 4865 3059 4934 γάρ
3114 4861 3385 4933 άγιασμοῦ
3435 4864 3623 4931 μετά-

2038 4955 2182 5018 δοσίς
2228 4956 2394 5010 ἐστιν.
2461 4954 2522 5010 '0
2570 4955 2626 5008 δὲ
2688 4956 2850 5009 τυῦτο
2909 4955 2984 5026 μὴ
3029 4955 3167 5026 ἔχων
3208 4954 3295 5008 διὰ
3325 4953 3386 5006 τὸ
3415 4953 3486 5007 ἐκ
3518 4955 3622 5024 τῆς

2036 5047 2258 5115 ἀγνοίας
2301 5050 2674 5118 παράπτωμα,
2723 5047 2840 5111 πῶς
2875 5047 3044 5118 ἑτέρῳ
3072 5045 3402 5117 μεταδώσει;
3452 5047 3618 5117 Μητε

2035 5137 2215 5191 τοίνυν
2242 5138 2495 5209 δημοσία,
2542 5140 2678 5209 μήτε
2709 5137 2814 5209 ἰδίᾳ
2843 5137 3146 5207 εὐλογείτω,
3185 5139 3323 5208 μήτε
3347 5138 3407 5190 τὸ
3444 5138 3618 5208 σῶμα

2035 5229 2130 5282 τοῦ
2163 5229 2400 5300 Χριστοῦ
2433 5230 2788 5300 κατανεμέτω
2818 5229 3045 5301 ἑτέροις,
3073 5229 3210 5299 μήτε
3237 5245 3291 5281 τι
3327 5227 3454 5283 ἄλλο
3510 5229 3618 5280 λεια

2034 5322 2332 5392 τουργείτω
2357 5339 2372 5354 ·
2417 5321 2534 5376 ἀλλ’
2581 5321 2920 5393 ἀρκούμενος
2978 5322 3044 5392 τῇ
3097 5319 3380 5393 προεδρίᾳ,
3434 5337 3614 5391 προσ-

2037 5411 2270 5464 κλαιέτω
2297 5410 2376 5480 τῷ
2410 5411 2601 5484 Κυρίῳ
2641 5410 3062 5484 συγχωρηθῆναι
3090 5409 3240 5481 αὐτῷ
3275 5411 3339 5463 τὸ
3395 5411 3462 5463 ἐκ
3508 5411 3611 5481 τῆς

2033 5500 2255 5569 ἀγνοίας
2280 5501 2450 5571 άνόμη
2461 5518 2558 5571 μα.
