  <div class='ocr_page' id='page_1' title='image "/cluster/home/n/w/nwhite01/storage/ocr_20150623/104 pt.4/mdp.39015061931229/284.png"; bbox 0 0 3886 6240; ppageno 0'>
   <div class='ocr_carea' id='block_1_1' title="bbox 252 216 1786 306">
    <p class='ocr_par' dir='ltr' id='par_1_1' title="bbox 252 219 1786 306">
     <span class='ocr_line' id='line_1_1' title="bbox 252 219 1786 306; baseline -0.018 -1"><span class='ocrx_word' id='word_1_1' title='bbox 252 242 381 306; x_wconf 65' lang='grc'><strong>549</strong></span> <span class='ocrx_word' id='word_1_2' title='bbox 1003 228 1410 293; x_wconf 76' lang='lat' dir='ltr'><strong>SYNTAGMA</strong></span> <span class='ocrx_word' id='word_1_3' title='bbox 1441 219 1786 285; x_wconf 78' lang='lat' dir='ltr'><strong>CANONUN</strong></span> 
     </span>
    </p>
   </div>
   <div class='ocr_carea' id='block_1_2' title="bbox 2003 216 3537 306">
    <p class='ocr_par' dir='ltr' id='par_1_2' title="bbox 2003 216 3537 290">
     <span class='ocr_line' id='line_1_2' title="bbox 2003 216 3537 290; baseline 0.003 -14"><span class='ocrx_word' id='word_1_4' title='bbox 2003 217 2124 277; x_wconf 86' lang='grc' dir='ltr'>ΓΙΤ.</span> <span class='ocrx_word' id='word_1_5' title='bbox 2163 217 2212 290; x_wconf 90' lang='grc' dir='ltr'>Ῐ,</span> <span class='ocrx_word' id='word_1_6' title='bbox 2247 219 2406 278; x_wconf 83' lang='lat' dir='ltr'><strong>CAP.</strong></span> <span class='ocrx_word' id='word_1_7' title='bbox 2441 220 2710 282; x_wconf 83' lang='lat' dir='ltr'><strong>XXVIII.</strong></span> <span class='ocrx_word' id='word_1_8' title='bbox 3432 216 3537 282; x_wconf 74' lang='lat'><strong>550</strong></span> 
     </span>
    </p>
   </div>
   <div class='ocr_carea' id='block_1_3' title="bbox 321 327 1855 421">
    <p class='ocr_par' dir='ltr' id='par_1_3' title="bbox 321 333 1828 421">
     <span class='ocr_line' id='line_1_3' title="bbox 321 333 1828 421; baseline -0.017 -14"><span class='ocrx_word' id='word_1_9' title='bbox 321 349 618 421; x_wconf 69' lang='grc' dir='ltr'><strong>Θεοφίλου</strong></span> <span class='ocrx_word' id='word_1_10' title='bbox 640 345 709 400; x_wconf 77' lang='grc' dir='ltr'><strong>ἐκ</strong></span> <span class='ocrx_word' id='word_1_11' title='bbox 729 340 837 399; x_wconf 83' lang='grc' dir='ltr'><strong>τοῦ</strong></span> <span class='ocrx_word' id='word_1_12' title='bbox 864 338 1324 411; x_wconf 72' lang='grc' dir='ltr'>ὖπομνηστικοῦ</span> <span class='ocrx_word' id='word_1_13' title='bbox 1343 334 1544 388; x_wconf 79' lang='grc' dir='ltr'>κανὼν</span> <span class='ocrx_word' id='word_1_14' title='bbox 1573 333 1635 395; x_wconf 83' lang='grc' dir='ltr'>δ’,</span> <span class='ocrx_word' id='word_1_15' title='bbox 1668 337 1732 395; x_wconf 83' lang='grc' dir='ltr'>ε’,</span> <span class='ocrx_word' id='word_1_16' title='bbox 1754 335 1828 421; x_wconf 62' lang='grc' dir='ltr'>ηέ.</span> 
     </span>
    </p>
   </div>
   <div class='ocr_carea' id='block_1_4' title="bbox 1793 327 3327 421">
    <p class='ocr_par' dir='ltr' id='par_1_4' title="bbox 1793 327 3327 398">
     <span class='ocr_line' id='line_1_4' title="bbox 1793 327 3327 398; baseline 0.004 -18"><span class='ocrx_word' id='word_1_17' title='bbox 1793 335 1828 384; x_wconf 85' lang='grc'>’.</span> <span class='ocrx_word' id='word_1_18' title='bbox 1894 336 1940 388; x_wconf 71' lang='grc' dir='ltr'><strong>Α</strong></span> <span class='ocrx_word' id='word_1_19' title='bbox 2183 327 2458 398; x_wconf 72' lang='lat' dir='ltr'><strong>Theophili</strong></span> <span class='ocrx_word' id='word_1_20' title='bbox 2484 330 2871 385; x_wconf 82' lang='lat' dir='ltr'><strong>commonitorii</strong></span> <span class='ocrx_word' id='word_1_21' title='bbox 2901 346 3070 384; x_wconf 87' lang='lat' dir='ltr'><strong>canon</strong></span> <span class='ocrx_word' id='word_1_22' title='bbox 3097 331 3148 397; x_wconf 80' lang='grc'>4,</span> <span class='ocrx_word' id='word_1_23' title='bbox 3177 331 3234 396; x_wconf 82' lang='grc'><strong>5,</strong></span> <span class='ocrx_word' id='word_1_24' title='bbox 3272 330 3327 386; x_wconf 88' lang='lat'><strong>8.</strong></span> 
     </span>
    </p>
   </div>
   <div class='ocr_carea' id='block_1_5' title="bbox 342 416 1876 509">
    <p class='ocr_par' dir='ltr' id='par_1_5' title="bbox 342 416 1850 509">
     <span class='ocr_line' id='line_1_5' title="bbox 342 416 1850 509; baseline -0.016 -14"><span class='ocrx_word' id='word_1_25' title='bbox 342 443 405 495; x_wconf 81' lang='grc' dir='ltr'>δ’.</span> <span class='ocrx_word' id='word_1_26' title='bbox 436 416 576 509; x_wconf 61' lang='grc' dir='ltr'><strong>ἰιερὶ</strong></span> <span class='ocrx_word' id='word_1_27' title='bbox 603 436 658 490; x_wconf 81' lang='grc' dir='ltr'>δὲ</span> <span class='ocrx_word' id='word_1_28' title='bbox 705 436 925 500; x_wconf 83' lang='grc' dir='ltr'>Πανοὺφ</span> <span class='ocrx_word' id='word_1_29' title='bbox 971 431 1066 483; x_wconf 84' lang='grc' dir='ltr'><strong>τοῦ</strong></span> <span class='ocrx_word' id='word_1_30' title='bbox 1093 427 1461 487; x_wconf 77' lang='grc' dir='ltr'><strong>καταστάντος</strong></span> <span class='ocrx_word' id='word_1_31' title='bbox 1511 421 1762 509; x_wconf 81' lang='grc' dir='ltr'>διακόνου</span> <span class='ocrx_word' id='word_1_32' title='bbox 1789 420 1850 471; x_wconf 82' lang='grc' dir='ltr'>ὲν</span> 
     </span>
    </p>
   </div>
   <div class='ocr_carea' id='block_1_6' title="bbox 2004 416 3538 509">
    <p class='ocr_par' dir='ltr' id='par_1_6' title="bbox 2023 416 3538 493">
     <span class='ocr_line' id='line_1_6' title="bbox 2023 416 3538 493; baseline 0.005 -24"><span class='ocrx_word' id='word_1_33' title='bbox 2023 417 2079 470; x_wconf 80' lang='grc'>4.</span> <span class='ocrx_word' id='word_1_34' title='bbox 2116 416 2192 471; x_wconf 87' lang='lat' dir='ltr'><strong>De</strong></span> <span class='ocrx_word' id='word_1_35' title='bbox 2219 417 2472 488; x_wconf 85' lang='lat' dir='ltr'><strong>Panuph,</strong></span> <span class='ocrx_word' id='word_1_36' title='bbox 2497 420 2590 489; x_wconf 91' lang='lat' dir='ltr'><strong>qui</strong></span> <span class='ocrx_word' id='word_1_37' title='bbox 2639 422 2691 475; x_wconf 92' lang='lat' dir='ltr'><strong>in</strong></span> <span class='ocrx_word' id='word_1_38' title='bbox 2725 420 2868 493; x_wconf 86' lang='lat' dir='ltr'><strong>Lyco</strong></span> <span class='ocrx_word' id='word_1_39' title='bbox 2899 423 3166 476; x_wconf 83' lang='lat' dir='ltr'><strong>diaconus</strong></span> <span class='ocrx_word' id='word_1_40' title='bbox 3197 421 3538 477; x_wconf 85' lang='lat' dir='ltr'><strong>constitutus</strong></span> 
     </span>
    </p>
   </div>
   <div class='ocr_carea' id='block_1_7' title="bbox 253 506 1787 602">
    <p class='ocr_par' dir='ltr' id='par_1_7' title="bbox 253 506 1787 602">
     <span class='ocr_line' id='line_1_7' title="bbox 253 506 1787 602; baseline -0.015 -17"><span class='ocrx_word' id='word_1_41' title='bbox 253 535 343 602; x_wconf 81' lang='grc' dir='ltr'>τῇ</span> <span class='ocrx_word' id='word_1_42' title='bbox 373 506 534 598; x_wconf 79' lang='grc' dir='ltr'><strong>Λυκῷ</strong></span> <span class='ocrx_word' id='word_1_43' title='bbox 571 528 808 597; x_wconf 78' lang='grc' dir='ltr'>ζητῆσαι</span> <span class='ocrx_word' id='word_1_44' title='bbox 838 542 852 555; x_wconf 82' lang='lat'><strong>&#39;</strong></span> <span class='ocrx_word' id='word_1_45' title='bbox 881 522 975 576; x_wconf 76' lang='grc' dir='ltr'>καὶ</span> <span class='ocrx_word' id='word_1_46' title='bbox 1028 522 1078 574; x_wconf 82' lang='grc' dir='ltr'>εί</span> <span class='ocrx_word' id='word_1_47' title='bbox 1132 521 1230 590; x_wconf 78' lang='grc' dir='ltr'>μὲν</span> <span class='ocrx_word' id='word_1_48' title='bbox 1275 515 1526 588; x_wconf 81' lang='grc' dir='ltr'><strong>εὑρεθείη</strong></span> <span class='ocrx_word' id='word_1_49' title='bbox 1561 506 1715 572; x_wconf 74' lang='grc' dir='ltr'>οὗτος</span> <span class='ocrx_word' id='word_1_50' title='bbox 1767 511 1787 563; x_wconf 83' lang='grc' dir='ltr'>ἐ</span> 
     </span>
    </p>
   </div>
   <div class='ocr_carea' id='block_1_8' title="bbox 2009 506 3543 602">
    <p class='ocr_par' dir='ltr' id='par_1_8' title="bbox 2009 514 3543 584">
     <span class='ocr_line' id='line_1_8' title="bbox 2009 514 3543 584; baseline 0.004 -22"><span class='ocrx_word' id='word_1_51' title='bbox 2009 517 2060 574; x_wconf 67' lang='grc' dir='ltr'><strong>ιι,</strong></span> <span class='ocrx_word' id='word_1_52' title='bbox 2111 523 2355 576; x_wconf 69' lang='lat' dir='ltr'><strong>quaerere</strong></span> <span class='ocrx_word' id='word_1_53' title='bbox 2407 521 2668 581; x_wconf 84' lang='lat' dir='ltr'><strong>oportet;</strong></span> <span class='ocrx_word' id='word_1_54' title='bbox 2723 523 2778 567; x_wconf 88' lang='lat' dir='ltr'><strong>ct</strong></span> <span class='ocrx_word' id='word_1_55' title='bbox 2834 515 2879 567; x_wconf 88' lang='lat' dir='ltr'><strong>si</strong></span> <span class='ocrx_word' id='word_1_56' title='bbox 2925 514 2971 570; x_wconf 89' lang='lat' dir='ltr'><strong>is</strong></span> <span class='ocrx_word' id='word_1_57' title='bbox 3030 515 3246 584; x_wconf 83' lang='lat' dir='ltr'><strong>quidem</strong></span> <span class='ocrx_word' id='word_1_58' title='bbox 3290 514 3543 568; x_wconf 76' lang='lat' dir='ltr'><strong>inventus</strong></span> 
     </span>
    </p>
   </div>
   <div class='ocr_carea' id='block_1_9' title="bbox 259 589 1793 691">
    <p class='ocr_par' dir='ltr' id='par_1_9' title="bbox 259 589 1793 691">
     <span class='ocr_line' id='line_1_9' title="bbox 259 589 1793 691; baseline -0.014 -17"><span class='ocrx_word' id='word_1_59' title='bbox 259 589 682 691; x_wconf 59' lang='grc' dir='ltr'>κατηχούμενος</span> <span class='ocrx_word' id='word_1_60' title='bbox 699 589 1012 684; x_wconf 57' lang='grc' dir='ltr'>τυγχάνων,</span> <span class='ocrx_word' id='word_1_61' title='bbox 1040 589 1142 681; x_wconf 82' lang='grc' dir='ltr'>τὴν</span> <span class='ocrx_word' id='word_1_62' title='bbox 1160 609 1448 676; x_wconf 79' lang='grc' dir='ltr'><strong>ἀδελφιδῆν</strong></span> <span class='ocrx_word' id='word_1_63' title='bbox 1486 603 1681 658; x_wconf 78' lang='grc' dir='ltr'>ἑαυτοῦ</span> <span class='ocrx_word' id='word_1_64' title='bbox 1713 619 1793 671; x_wconf 75' lang='grc' dir='ltr'>πρε</span> 
     </span>
    </p>
   </div>
   <div class='ocr_carea' id='block_1_10' title="bbox 2006 589 3540 691">
    <p class='ocr_par' dir='ltr' id='par_1_10' title="bbox 2006 602 3540 670">
     <span class='ocr_line' id='line_1_10' title="bbox 2006 602 3540 670; baseline 0.001 -15"><span class='ocrx_word' id='word_1_65' title='bbox 2006 602 2148 668; x_wconf 87' lang='lat' dir='ltr'><strong>terit,</strong></span> <span class='ocrx_word' id='word_1_66' title='bbox 2194 617 2316 656; x_wconf 91' lang='lat' dir='ltr'><strong>cum</strong></span> <span class='ocrx_word' id='word_1_67' title='bbox 2338 613 2482 658; x_wconf 89' lang='lat' dir='ltr'><strong>esset</strong></span> <span class='ocrx_word' id='word_1_68' title='bbox 2511 605 2958 670; x_wconf 77' lang='lat' dir='ltr'><strong>cateeltumenus,</strong></span> <span class='ocrx_word' id='word_1_69' title='bbox 3007 605 3192 660; x_wconf 77' lang='lat' dir='ltr'><strong>fratris</strong></span> <span class='ocrx_word' id='word_1_70' title='bbox 3239 605 3320 659; x_wconf 87' lang='lat' dir='ltr'><strong>sui</strong></span> <span class='ocrx_word' id='word_1_71' title='bbox 3377 604 3540 658; x_wconf 88' lang='lat' dir='ltr'><strong>ﬁliam</strong></span> 
     </span>
    </p>
   </div>
   <div class='ocr_carea' id='block_1_11' title="bbox 258 691 1792 782">
    <p class='ocr_par' dir='ltr' id='par_1_11' title="bbox 258 695 1792 782">
     <span class='ocr_line' id='line_1_11' title="bbox 258 695 1792 782; baseline -0.013 -17"><span class='ocrx_word' id='word_1_72' title='bbox 258 713 454 782; x_wconf 75' lang='grc' dir='ltr'>γάμου</span> <span class='ocrx_word' id='word_1_73' title='bbox 482 708 767 762; x_wconf 82' lang='grc' dir='ltr'>κοινωνίαν</span> <span class='ocrx_word' id='word_1_74' title='bbox 794 706 1106 775; x_wconf 81' lang='grc' dir='ltr'>δεξάμενος,</span> <span class='ocrx_word' id='word_1_75' title='bbox 1169 699 1309 772; x_wconf 83' lang='grc' dir='ltr'>μετὰ</span> <span class='ocrx_word' id='word_1_76' title='bbox 1343 699 1400 750; x_wconf 82' lang='grc' dir='ltr'>δὲ</span> <span class='ocrx_word' id='word_1_77' title='bbox 1455 697 1518 749; x_wconf 75' lang='grc' dir='ltr'><strong>τὸ</strong></span> <span class='ocrx_word' id='word_1_78' title='bbox 1563 695 1792 765; x_wconf 64' lang='grc' dir='ltr'>βάπτισι</span> 
     </span>
    </p>
   </div>
   <div class='ocr_carea' id='block_1_12' title="bbox 2006 691 3540 782">
    <p class='ocr_par' dir='ltr' id='par_1_12' title="bbox 2006 691 3540 766">
     <span class='ocr_line' id='line_1_12' title="bbox 2006 691 3540 766; baseline 0.001 -20"><span class='ocrx_word' id='word_1_79' title='bbox 2006 708 2015 746; x_wconf 83' lang='grc' dir='ltr'><strong>ι</strong></span> <span class='ocrx_word' id='word_1_80' title='bbox 2045 691 2377 747; x_wconf 77' lang='lat' dir='ltr'><strong>matrimonii</strong></span> <span class='ocrx_word' id='word_1_81' title='bbox 2400 695 2720 749; x_wconf 88' lang='lat' dir='ltr'><strong>societatem</strong></span> <span class='ocrx_word' id='word_1_82' title='bbox 2744 696 3042 766; x_wconf 90' lang='lat' dir='ltr'><strong>accepisse,</strong></span> <span class='ocrx_word' id='word_1_83' title='bbox 3065 706 3190 766; x_wconf 92' lang='lat' dir='ltr'><strong>post</strong></span> <span class='ocrx_word' id='word_1_84' title='bbox 3211 698 3540 764; x_wconf 77' lang='lat' dir='ltr'><strong>baptismum</strong></span> 
     </span>
    </p>
   </div>
   <div class='ocr_carea' id='block_1_13' title="bbox 263 781 1797 870">
    <p class='ocr_par' dir='ltr' id='par_1_13' title="bbox 263 788 1797 870">
     <span class='ocr_line' id='line_1_13' title="bbox 263 788 1797 870; baseline -0.012 -16"><span class='ocrx_word' id='word_1_85' title='bbox 263 804 358 864; x_wconf 86' lang='grc' dir='ltr'><strong>εἰς</strong></span> <span class='ocrx_word' id='word_1_86' title='bbox 386 800 588 870; x_wconf 82' lang='grc' dir='ltr'>κλῆρον</span> <span class='ocrx_word' id='word_1_87' title='bbox 606 797 814 868; x_wconf 75' lang='grc' dir='ltr'><strong>ἀχθεὶς,</strong></span> <span class='ocrx_word' id='word_1_88' title='bbox 852 796 1058 865; x_wconf 82' lang='grc' dir='ltr'>μενέτω</span> <span class='ocrx_word' id='word_1_89' title='bbox 1087 795 1144 846; x_wconf 81' lang='grc' dir='ltr'>ὲν</span> <span class='ocrx_word' id='word_1_90' title='bbox 1178 791 1258 859; x_wconf 84' lang='grc' dir='ltr'><strong>τῷ</strong></span> <span class='ocrx_word' id='word_1_91' title='bbox 1287 789 1495 859; x_wconf 84' lang='grc' dir='ltr'>κλήρῳ,</span> <span class='ocrx_word' id='word_1_92' title='bbox 1520 788 1651 853; x_wconf 85' lang='grc' dir='ltr'>εῐγε</span> <span class='ocrx_word' id='word_1_93' title='bbox 1671 800 1797 837; x_wconf 89' lang='grc' dir='ltr'>κεκο</span> 
     </span>
    </p>
   </div>
   <div class='ocr_carea' id='block_1_14' title="bbox 2004 781 3538 870">
    <p class='ocr_par' dir='ltr' id='par_1_14' title="bbox 2004 781 3538 850">
     <span class='ocr_line' id='line_1_14' title="bbox 2004 781 3538 850; baseline 0.003 -15"><span class='ocrx_word' id='word_1_94' title='bbox 2004 781 2254 836; x_wconf 82' lang='lat' dir='ltr'><strong>telerum</strong></span> <span class='ocrx_word' id='word_1_95' title='bbox 2299 791 2604 849; x_wconf 83' lang='lat' dir='ltr'><strong>promotus,</strong></span> <span class='ocrx_word' id='word_1_96' title='bbox 2630 785 2682 839; x_wconf 90' lang='lat' dir='ltr'><strong>in</strong></span> <span class='ocrx_word' id='word_1_97' title='bbox 2740 787 2886 841; x_wconf 89' lang='lat' dir='ltr'><strong>clero</strong></span> <span class='ocrx_word' id='word_1_98' title='bbox 2939 797 3176 850; x_wconf 89' lang='lat' dir='ltr'><strong>maneat,</strong></span> <span class='ocrx_word' id='word_1_99' title='bbox 3240 787 3285 842; x_wconf 85' lang='lat' dir='ltr'><strong>si</strong></span> <span class='ocrx_word' id='word_1_100' title='bbox 3350 787 3440 840; x_wconf 90' lang='lat' dir='ltr'><strong>illa</strong></span> <span class='ocrx_word' id='word_1_101' title='bbox 3475 803 3538 839; x_wconf 87' lang='lat' dir='ltr'><strong>ex</strong></span> 
     </span>
    </p>
   </div>
   <div class='ocr_carea' id='block_1_15' title="bbox 268 873 1802 964">
    <p class='ocr_par' dir='ltr' id='par_1_15' title="bbox 268 875 1802 964">
     <span class='ocr_line' id='line_1_15' title="bbox 268 875 1802 964; baseline -0.013 -16"><span class='ocrx_word' id='word_1_102' title='bbox 268 911 452 964; x_wconf 82' lang='grc' dir='ltr'>μηται</span> <span class='ocrx_word' id='word_1_103' title='bbox 488 891 695 960; x_wconf 75' lang='grc' dir='ltr'>ἐκείνη,</span> <span class='ocrx_word' id='word_1_104' title='bbox 748 889 840 941; x_wconf 71' lang='grc' dir='ltr'>καὶ</span> <span class='ocrx_word' id='word_1_105' title='bbox 869 887 1006 956; x_wconf 84' lang='grc' dir='ltr'>μετὰ</span> <span class='ocrx_word' id='word_1_106' title='bbox 1056 885 1118 938; x_wconf 77' lang='grc' dir='ltr'><strong>τὸ</strong></span> <span class='ocrx_word' id='word_1_107' title='bbox 1166 884 1449 954; x_wconf 80' lang='grc' dir='ltr'><strong>βάπτισμα</strong></span> <span class='ocrx_word' id='word_1_108' title='bbox 1476 881 1536 933; x_wconf 83' lang='grc' dir='ltr'>οὑ</span> <span class='ocrx_word' id='word_1_109' title='bbox 1591 875 1802 934; x_wconf 67' lang='grc' dir='ltr'>κεκοινιί</span> 
     </span>
    </p>
   </div>
   <div class='ocr_carea' id='block_1_16' title="bbox 2012 873 3546 964">
    <p class='ocr_par' dir='ltr' id='par_1_16' title="bbox 2019 873 3546 945">
     <span class='ocr_line' id='line_1_16' title="bbox 2019 873 3546 945; baseline 0.002 -17"><span class='ocrx_word' id='word_1_110' title='bbox 2019 882 2070 928; x_wconf 90' lang='lat' dir='ltr'><strong>ta</strong></span> <span class='ocrx_word' id='word_1_111' title='bbox 2098 873 2366 944; x_wconf 80' lang='lat' dir='ltr'><strong>migrarit,</strong></span> <span class='ocrx_word' id='word_1_112' title='bbox 2391 882 2446 928; x_wconf 91' lang='lat' dir='ltr'><strong>et</strong></span> <span class='ocrx_word' id='word_1_113' title='bbox 2476 883 2598 944; x_wconf 89' lang='lat' dir='ltr'><strong>post</strong></span> <span class='ocrx_word' id='word_1_114' title='bbox 2649 877 2976 945; x_wconf 88' lang='lat' dir='ltr'><strong>baptismum</strong></span> <span class='ocrx_word' id='word_1_115' title='bbox 3006 894 3129 932; x_wconf 91' lang='lat' dir='ltr'><strong>cum</strong></span> <span class='ocrx_word' id='word_1_116' title='bbox 3180 894 3241 931; x_wconf 89' lang='lat' dir='ltr'><strong>ea</strong></span> <span class='ocrx_word' id='word_1_117' title='bbox 3272 894 3390 932; x_wconf 89' lang='lat' dir='ltr'><strong>rem</strong></span> <span class='ocrx_word' id='word_1_118' title='bbox 3439 895 3546 931; x_wconf 81' lang='lat' dir='ltr'><strong>non</strong></span> 
     </span>
    </p>
   </div>
   <div class='ocr_carea' id='block_1_17' title="bbox 263 964 1797 1054">
    <p class='ocr_par' dir='ltr' id='par_1_17' title="bbox 263 969 1797 1054">
     <span class='ocr_line' id='line_1_17' title="bbox 263 969 1797 1054; baseline -0.012 -16"><span class='ocrx_word' id='word_1_119' title='bbox 263 1001 448 1054; x_wconf 84' lang='grc' dir='ltr'>νηκεν</span> <span class='ocrx_word' id='word_1_120' title='bbox 499 982 658 1052; x_wconf 77' lang='grc' dir='ltr'>αὐτῇ.</span> <span class='ocrx_word' id='word_1_121' title='bbox 714 981 778 1033; x_wconf 78' lang='lat' dir='ltr'><strong>Et</strong></span> <span class='ocrx_word' id='word_1_122' title='bbox 845 979 903 1032; x_wconf 84' lang='grc' dir='ltr'>δὲ</span> <span class='ocrx_word' id='word_1_123' title='bbox 954 975 1146 1038; x_wconf 82' lang='grc' dir='ltr'>πιστὸς</span> <span class='ocrx_word' id='word_1_124' title='bbox 1207 973 1491 1042; x_wconf 79' lang='grc' dir='ltr'><strong>τυγχάνων</strong></span> <span class='ocrx_word' id='word_1_125' title='bbox 1539 969 1639 1041; x_wconf 76' lang='grc' dir='ltr'>τὴν</span> <span class='ocrx_word' id='word_1_126' title='bbox 1685 970 1797 1022; x_wconf 67' lang='grc' dir='ltr'><strong>αὐτὲ</strong></span> 
     </span>
    </p>
   </div>
   <div class='ocr_carea' id='block_1_18' title="bbox 2005 964 3539 1054">
    <p class='ocr_par' dir='ltr' id='par_1_18' title="bbox 2006 964 3539 1023">
     <span class='ocr_line' id='line_1_18' title="bbox 2006 964 3539 1023; baseline 0.001 -6"><span class='ocrx_word' id='word_1_127' title='bbox 2006 964 2239 1020; x_wconf 82' lang='lat' dir='ltr'><strong>abuerit.</strong></span> <span class='ocrx_word' id='word_1_128' title='bbox 2289 965 2384 1020; x_wconf 89' lang='lat' dir='ltr'><strong>Sin</strong></span> <span class='ocrx_word' id='word_1_129' title='bbox 2439 977 2622 1020; x_wconf 89' lang='lat' dir='ltr'><strong>autem</strong></span> <span class='ocrx_word' id='word_1_130' title='bbox 2683 982 2806 1022; x_wconf 93' lang='lat' dir='ltr'><strong>cum</strong></span> <span class='ocrx_word' id='word_1_131' title='bbox 2859 979 3005 1023; x_wconf 89' lang='lat' dir='ltr'><strong>esset</strong></span> <span class='ocrx_word' id='word_1_132' title='bbox 3068 970 3240 1022; x_wconf 88' lang='lat' dir='ltr'><strong>ﬁdelis</strong></span> <span class='ocrx_word' id='word_1_133' title='bbox 3290 972 3539 1022; x_wconf 78' lang='lat' dir='ltr'><strong>cmndem</strong></span> 
     </span>
    </p>
   </div>
   <div class='ocr_carea' id='block_1_19' title="bbox 264 1054 1798 1142">
    <p class='ocr_par' dir='ltr' id='par_1_19' title="bbox 264 1059 1798 1142">
     <span class='ocr_line' id='line_1_19' title="bbox 264 1059 1798 1142; baseline -0.011 -14"><span class='ocrx_word' id='word_1_134' title='bbox 264 1073 567 1142; x_wconf 77' lang='grc' dir='ltr'><strong>ἀδελφιδῆν</strong></span> <span class='ocrx_word' id='word_1_135' title='bbox 631 1068 822 1124; x_wconf 72' lang='grc' dir='ltr'><strong>ἑαυτοῦ</strong></span> <span class='ocrx_word' id='word_1_136' title='bbox 877 1067 1012 1136; x_wconf 71' lang='grc' dir='ltr'>πρὸς</span> <span class='ocrx_word' id='word_1_137' title='bbox 1061 1065 1243 1136; x_wconf 83' lang='grc' dir='ltr'>γάμου</span> <span class='ocrx_word' id='word_1_138' title='bbox 1285 1062 1568 1116; x_wconf 74' lang='grc' dir='ltr'>κοινωνίαν</span> <span class='ocrx_word' id='word_1_139' title='bbox 1617 1059 1798 1124; x_wconf 82' lang='grc' dir='ltr'>ὲδέξατ</span> 
     </span>
    </p>
   </div>
   <div class='ocr_carea' id='block_1_20' title="bbox 2011 1054 3545 1142">
    <p class='ocr_par' dir='ltr' id='par_1_20' title="bbox 2011 1054 3545 1122">
     <span class='ocr_line' id='line_1_20' title="bbox 2011 1054 3545 1122; baseline 0.003 -17"><span class='ocrx_word' id='word_1_140' title='bbox 2011 1054 2163 1109; x_wconf 62' lang='grc' dir='ltr'>τιιιὶε</span> <span class='ocrx_word' id='word_1_141' title='bbox 2194 1055 2280 1108; x_wconf 89' lang='lat' dir='ltr'><strong>sui</strong></span> <span class='ocrx_word' id='word_1_142' title='bbox 2322 1054 2488 1109; x_wconf 87' lang='lat' dir='ltr'><strong>ﬁliam</strong></span> <span class='ocrx_word' id='word_1_143' title='bbox 2521 1057 2576 1111; x_wconf 91' lang='lat' dir='ltr'><strong>in</strong></span> <span class='ocrx_word' id='word_1_144' title='bbox 2609 1058 2944 1112; x_wconf 89' lang='lat' dir='ltr'><strong>matrimonii</strong></span> <span class='ocrx_word' id='word_1_145' title='bbox 2993 1059 3308 1112; x_wconf 88' lang='lat' dir='ltr'><strong>societatem</strong></span> <span class='ocrx_word' id='word_1_146' title='bbox 3363 1058 3545 1122; x_wconf 74' lang='lat' dir='ltr'><strong>duxit,</strong></span> 
     </span>
    </p>
   </div>
   <div class='ocr_carea' id='block_1_21' title="bbox 268 1144 1802 1230">
    <p class='ocr_par' dir='ltr' id='par_1_21' title="bbox 268 1150 1802 1230">
     <span class='ocr_line' id='line_1_21' title="bbox 268 1150 1802 1230; baseline -0.011 -13"><span class='ocrx_word' id='word_1_147' title='bbox 268 1165 424 1216; x_wconf 74' lang='grc' dir='ltr'>ἔστω</span> <span class='ocrx_word' id='word_1_148' title='bbox 453 1160 547 1215; x_wconf 80' lang='grc' dir='ltr'><strong>τοῦ</strong></span> <span class='ocrx_word' id='word_1_149' title='bbox 586 1160 793 1230; x_wconf 82' lang='grc' dir='ltr'><strong>κλήρου</strong></span> <span class='ocrx_word' id='word_1_150' title='bbox 841 1156 1148 1224; x_wconf 77' lang='grc' dir='ltr'><strong>ἀλλότριος.</strong></span> <span class='ocrx_word' id='word_1_151' title='bbox 1199 1154 1272 1208; x_wconf 88' lang='grc' dir='ltr'>Οὑ</span> <span class='ocrx_word' id='word_1_152' title='bbox 1312 1153 1422 1222; x_wconf 79' lang='grc' dir='ltr'><strong>γάρ</strong></span> <span class='ocrx_word' id='word_1_153' title='bbox 1453 1150 1738 1219; x_wconf 85' lang='grc' dir='ltr'>πρόκριμα</span> <span class='ocrx_word' id='word_1_154' title='bbox 1779 1165 1802 1200; x_wconf 83' lang='grc' dir='ltr'><strong>τ</strong></span> 
     </span>
    </p>
   </div>
   <div class='ocr_carea' id='block_1_22' title="bbox 2009 1144 3543 1230">
    <p class='ocr_par' dir='ltr' id='par_1_22' title="bbox 2017 1145 3543 1220">
     <span class='ocr_line' id='line_1_22' title="bbox 2017 1145 3543 1220; baseline 0.002 -23"><span class='ocrx_word' id='word_1_155' title='bbox 2017 1153 2036 1197; x_wconf 95' lang='lat' dir='ltr'><strong>t</strong></span> <span class='ocrx_word' id='word_1_156' title='bbox 2085 1160 2114 1198; x_wconf 93' lang='lat' dir='ltr'><strong>a</strong></span> <span class='ocrx_word' id='word_1_157' title='bbox 2143 1145 2288 1200; x_wconf 91' lang='lat' dir='ltr'><strong>clero</strong></span> <span class='ocrx_word' id='word_1_158' title='bbox 2329 1147 2563 1204; x_wconf 87' lang='lat' dir='ltr'><strong>alienus.</strong></span> <span class='ocrx_word' id='word_1_159' title='bbox 2620 1149 2739 1204; x_wconf 84' lang='lat' dir='ltr'><strong>Non</strong></span> <span class='ocrx_word' id='word_1_160' title='bbox 2772 1160 2859 1204; x_wconf 88' lang='lat' dir='ltr'><strong>est</strong></span> <span class='ocrx_word' id='word_1_161' title='bbox 2898 1149 3044 1204; x_wconf 88' lang='lat' dir='ltr'><strong>enim</strong></span> <span class='ocrx_word' id='word_1_162' title='bbox 3089 1150 3346 1220; x_wconf 87' lang='lat' dir='ltr'><strong>episeopo</strong></span> <span class='ocrx_word' id='word_1_163' title='bbox 3375 1149 3543 1218; x_wconf 84' lang='lat' dir='ltr'><strong>Apol-</strong></span> 
     </span>
    </p>
   </div>
   <div class='ocr_carea' id='block_1_23' title="bbox 265 1231 1799 1320">
    <p class='ocr_par' dir='ltr' id='par_1_23' title="bbox 265 1239 1796 1320">
     <span class='ocr_line' id='line_1_23' title="bbox 265 1239 1796 1320; baseline -0.009 -15"><span class='ocrx_word' id='word_1_164' title='bbox 265 1252 567 1320; x_wconf 80' lang='grc' dir='ltr'><strong>ὲπισκόπῳ</strong></span> <span class='ocrx_word' id='word_1_165' title='bbox 635 1249 794 1318; x_wconf 81' lang='grc' dir='ltr'>φέρει</span> <span class='ocrx_word' id='word_1_166' title='bbox 865 1245 1185 1310; x_wconf 83' lang='grc' dir='ltr'>Ἀπόλλωνι,</span> <span class='ocrx_word' id='word_1_167' title='bbox 1247 1243 1294 1296; x_wconf 83' lang='grc' dir='ltr'>εἰ</span> <span class='ocrx_word' id='word_1_168' title='bbox 1351 1239 1411 1306; x_wconf 81' lang='grc' dir='ltr'>ἐξ</span> <span class='ocrx_word' id='word_1_169' title='bbox 1469 1239 1694 1308; x_wconf 78' lang='grc' dir='ltr'><strong>ἀγνοίας</strong></span> <span class='ocrx_word' id='word_1_170' title='bbox 1724 1256 1796 1291; x_wconf 91' lang='grc' dir='ltr'>κα</span> 
     </span>
    </p>
   </div>
   <div class='ocr_carea' id='block_1_24' title="bbox 2017 1231 3551 1320">
    <p class='ocr_par' dir='ltr' id='par_1_24' title="bbox 2017 1233 3551 1309">
     <span class='ocr_line' id='line_1_24' title="bbox 2017 1233 3551 1309; baseline 0.007 -27"><span class='ocrx_word' id='word_1_171' title='bbox 2017 1233 2062 1282; x_wconf 88' lang='lat' dir='ltr'><strong>ni</strong></span> <span class='ocrx_word' id='word_1_172' title='bbox 2124 1233 2499 1301; x_wconf 70' lang='lat' dir='ltr'><strong>praejudicium</strong></span> <span class='ocrx_word' id='word_1_173' title='bbox 2559 1238 2604 1292; x_wconf 90' lang='lat' dir='ltr'><strong>si</strong></span> <span class='ocrx_word' id='word_1_174' title='bbox 2662 1253 2787 1293; x_wconf 89' lang='lat' dir='ltr'><strong>eum</strong></span> <span class='ocrx_word' id='word_1_175' title='bbox 2845 1254 2940 1309; x_wconf 90' lang='lat' dir='ltr'><strong>per</strong></span> <span class='ocrx_word' id='word_1_176' title='bbox 3003 1240 3366 1309; x_wconf 83' lang='lat' dir='ltr'><strong>ignorantiam</strong></span> <span class='ocrx_word' id='word_1_177' title='bbox 3422 1255 3551 1293; x_wconf 79' lang='lat' dir='ltr'><strong>cen-</strong></span> 
     </span>
    </p>
   </div>
   <div class='ocr_carea' id='block_1_25' title="bbox 270 1323 2168 1412">
    <p class='ocr_par' dir='ltr' id='par_1_25' title="bbox 270 1323 2168 1412">
     <span class='ocr_line' id='line_1_25' title="bbox 270 1323 2168 1412; baseline -0.011 -16"><span class='ocrx_word' id='word_1_178' title='bbox 270 1344 514 1412; x_wconf 81' lang='grc' dir='ltr'>έστησεν</span> <span class='ocrx_word' id='word_1_179' title='bbox 553 1341 735 1393; x_wconf 86' lang='grc' dir='ltr'>αὑτόν.</span> <span class='ocrx_word' id='word_1_180' title='bbox 1967 1323 2168 1376; x_wconf 82' lang='lat' dir='ltr'><strong>stituit.</strong></span> 
     </span>
    </p>
   </div>
   <div class='ocr_carea' id='block_1_26' title="bbox 347 1413 1881 1503">
    <p class='ocr_par' dir='ltr' id='par_1_26' title="bbox 347 1418 1858 1503">
     <span class='ocr_line' id='line_1_26' title="bbox 347 1418 1858 1503; baseline -0.009 -18"><span class='ocrx_word' id='word_1_181' title='bbox 347 1433 416 1487; x_wconf 85' lang='grc' dir='ltr'>ε’.</span> <span class='ocrx_word' id='word_1_182' title='bbox 453 1431 592 1503; x_wconf 71' lang='grc' dir='ltr'><strong>Περὶ</strong></span> <span class='ocrx_word' id='word_1_183' title='bbox 647 1428 841 1483; x_wconf 83' lang='grc' dir='ltr'>Ἰακὼὸ</span> <span class='ocrx_word' id='word_1_184' title='bbox 897 1427 1130 1497; x_wconf 80' lang='grc' dir='ltr'>ζητῆσαι</span> <span class='ocrx_word' id='word_1_185' title='bbox 1163 1442 1178 1458; x_wconf 80' lang='grc'><em>’</em></span> <span class='ocrx_word' id='word_1_186' title='bbox 1247 1425 1294 1478; x_wconf 87' lang='grc' dir='ltr'>εί</span> <span class='ocrx_word' id='word_1_187' title='bbox 1355 1419 1710 1491; x_wconf 84' lang='grc' dir='ltr'>άναγνὼστης</span> <span class='ocrx_word' id='word_1_188' title='bbox 1760 1418 1858 1482; x_wconf 82' lang='grc' dir='ltr'>ὢν,</span> 
     </span>
    </p>
   </div>
   <div class='ocr_carea' id='block_1_27' title="bbox 2017 1413 3551 1503">
    <p class='ocr_par' dir='ltr' id='par_1_27' title="bbox 2039 1413 3551 1491">
     <span class='ocr_line' id='line_1_27' title="bbox 2039 1413 3551 1491; baseline 0.007 -24"><span class='ocrx_word' id='word_1_189' title='bbox 2039 1413 2094 1467; x_wconf 81' lang='lat'><strong>5.</strong></span> <span class='ocrx_word' id='word_1_190' title='bbox 2128 1413 2203 1469; x_wconf 86' lang='lat' dir='ltr'><strong>De</strong></span> <span class='ocrx_word' id='word_1_191' title='bbox 2225 1415 2396 1470; x_wconf 85' lang='lat' dir='ltr'><strong>Jacob</strong></span> <span class='ocrx_word' id='word_1_192' title='bbox 2419 1433 2666 1487; x_wconf 79' lang='lat' dir='ltr'><strong>quaerere</strong></span> <span class='ocrx_word' id='word_1_193' title='bbox 2691 1430 2926 1491; x_wconf 75' lang='lat' dir='ltr'><strong>opm-tet.</strong></span> <span class='ocrx_word' id='word_1_194' title='bbox 2961 1422 3018 1476; x_wconf 90' lang='lat' dir='ltr'><strong>Si</strong></span> <span class='ocrx_word' id='word_1_195' title='bbox 3041 1425 3186 1478; x_wconf 89' lang='lat' dir='ltr'><strong>enim</strong></span> <span class='ocrx_word' id='word_1_196' title='bbox 3217 1426 3385 1480; x_wconf 81' lang='lat' dir='ltr'><strong>lector</strong></span> <span class='ocrx_word' id='word_1_197' title='bbox 3413 1434 3551 1489; x_wconf 87' lang='lat' dir='ltr'><strong>erat,</strong></span> 
     </span>
    </p>
   </div>
   <div class='ocr_carea' id='block_1_28' title="bbox 269 1505 1803 1594">
    <p class='ocr_par' dir='ltr' id='par_1_28' title="bbox 269 1513 1803 1594">
     <span class='ocr_line' id='line_1_28' title="bbox 269 1513 1803 1594; baseline -0.009 -17"><span class='ocrx_word' id='word_1_198' title='bbox 269 1524 591 1594; x_wconf 74' lang='grc' dir='ltr'><strong>ἐγκλήματι</strong></span> <span class='ocrx_word' id='word_1_199' title='bbox 647 1521 900 1593; x_wconf 82' lang='grc' dir='ltr'><strong>πορνείας</strong></span> <span class='ocrx_word' id='word_1_200' title='bbox 940 1518 1239 1580; x_wconf 87' lang='grc' dir='ltr'>ὑπεύθυνος</span> <span class='ocrx_word' id='word_1_201' title='bbox 1279 1513 1488 1584; x_wconf 78' lang='grc' dir='ltr'>ἐδείχθη</span> <span class='ocrx_word' id='word_1_202' title='bbox 1515 1553 1531 1577; x_wconf 90' lang='grc'><strong>,</strong></span> <span class='ocrx_word' id='word_1_203' title='bbox 1575 1513 1668 1566; x_wconf 77' lang='grc' dir='ltr'><strong>καὶ</strong></span> <span class='ocrx_word' id='word_1_204' title='bbox 1711 1528 1803 1580; x_wconf 76' lang='grc' dir='ltr'>παι</span> 
     </span>
    </p>
   </div>
   <div class='ocr_carea' id='block_1_29' title="bbox 2020 1505 3554 1594">
    <p class='ocr_par' dir='ltr' id='par_1_29' title="bbox 2020 1505 3554 1570">
     <span class='ocr_line' id='line_1_29' title="bbox 2020 1505 3554 1570; baseline 0.01 -14"><span class='ocrx_word' id='word_1_205' title='bbox 2020 1505 2268 1560; x_wconf 91' lang='lat' dir='ltr'><strong>.crimini</strong></span> <span class='ocrx_word' id='word_1_206' title='bbox 2310 1508 2690 1566; x_wconf 77' lang='lat' dir='ltr'><strong>fornicationis</strong></span> <span class='ocrx_word' id='word_1_207' title='bbox 2743 1512 2910 1568; x_wconf 78' lang='lat' dir='ltr'><strong>fui-se</strong></span> <span class='ocrx_word' id='word_1_208' title='bbox 2949 1530 3076 1569; x_wconf 92' lang='lat' dir='ltr'><strong>eum</strong></span> <span class='ocrx_word' id='word_1_209' title='bbox 3117 1517 3416 1569; x_wconf 81' lang='lat' dir='ltr'><strong>obnoxium</strong></span> <span class='ocrx_word' id='word_1_210' title='bbox 3465 1532 3554 1570; x_wconf 89' lang='lat' dir='ltr'><strong>os-</strong></span> 
     </span>
    </p>
   </div>
   <div class='ocr_carea' id='block_1_30' title="bbox 188 1597 1722 1684">
    <p class='ocr_par' dir='ltr' id='par_1_30' title="bbox 188 1602 1722 1684">
     <span class='ocr_line' id='line_1_30' title="bbox 188 1602 1722 1684; baseline -0.009 -16"><span class='ocrx_word' id='word_1_211' title='bbox 188 1662 196 1669; x_wconf 91' lang='lat'><strong>.</strong></span> <span class='ocrx_word' id='word_1_212' title='bbox 266 1614 388 1667; x_wconf 82' lang='grc' dir='ltr'>τῶν</span> <span class='ocrx_word' id='word_1_213' title='bbox 442 1612 825 1684; x_wconf 75' lang='grc' dir='ltr'>πρεσϐυτέρων</span> <span class='ocrx_word' id='word_1_214' title='bbox 879 1607 1163 1678; x_wconf 76' lang='grc' dir='ltr'>ἐξεϐλήθη,</span> <span class='ocrx_word' id='word_1_215' title='bbox 1215 1602 1335 1659; x_wconf 77' lang='grc' dir='ltr'>εἶτα</span> <span class='ocrx_word' id='word_1_216' title='bbox 1393 1603 1722 1674; x_wconf 82' lang='grc' dir='ltr'>κεχειροτόνι</span> 
     </span>
    </p>
   </div>
   <div class='ocr_carea' id='block_1_31' title="bbox 2021 1597 3555 1684">
    <p class='ocr_par' dir='ltr' id='par_1_31' title="bbox 2021 1597 3555 1671">
     <span class='ocr_line' id='line_1_31' title="bbox 2021 1597 3555 1671; baseline 0.008 -25"><span class='ocrx_word' id='word_1_217' title='bbox 2021 1609 2184 1649; x_wconf 83' lang='lat' dir='ltr'><strong>nsum</strong></span> <span class='ocrx_word' id='word_1_218' title='bbox 2218 1597 2307 1659; x_wconf 87' lang='lat' dir='ltr'><strong>sit,</strong></span> <span class='ocrx_word' id='word_1_219' title='bbox 2353 1605 2406 1650; x_wconf 91' lang='lat' dir='ltr'><strong>et</strong></span> <span class='ocrx_word' id='word_1_220' title='bbox 2446 1613 2476 1651; x_wconf 89' lang='lat' dir='ltr'><strong>a</strong></span> <span class='ocrx_word' id='word_1_221' title='bbox 2511 1600 2840 1669; x_wconf 77' lang='lat' dir='ltr'><strong>presbyteris</strong></span> <span class='ocrx_word' id='word_1_222' title='bbox 2878 1602 2950 1656; x_wconf 90' lang='lat' dir='ltr'><strong>sit</strong></span> <span class='ocrx_word' id='word_1_223' title='bbox 2994 1606 3218 1671; x_wconf 87' lang='lat' dir='ltr'><strong>ejectus,</strong></span> <span class='ocrx_word' id='word_1_224' title='bbox 3253 1606 3449 1659; x_wconf 82' lang='lat' dir='ltr'><strong>deinde</strong></span> <span class='ocrx_word' id='word_1_225' title='bbox 3509 1607 3555 1659; x_wconf 90' lang='lat' dir='ltr'><strong>is</strong></span> 
     </span>
    </p>
   </div>
   <div class='ocr_carea' id='block_1_32' title="bbox 271 1685 1805 1773">
    <p class='ocr_par' dir='ltr' id='par_1_32' title="bbox 271 1696 1802 1773">
     <span class='ocr_line' id='line_1_32' title="bbox 271 1696 1802 1773; baseline -0.008 -14"><span class='ocrx_word' id='word_1_226' title='bbox 271 1701 439 1768; x_wconf 68' lang='grc' dir='ltr'>οὗτος</span> <span class='ocrx_word' id='word_1_227' title='bbox 468 1703 846 1768; x_wconf 79' lang='grc' dir='ltr'>ὲκῦαλλέσθω,</span> <span class='ocrx_word' id='word_1_228' title='bbox 899 1700 1162 1773; x_wconf 80' lang='grc' dir='ltr'>ἀκριϐοῦς</span> <span class='ocrx_word' id='word_1_229' title='bbox 1210 1699 1509 1765; x_wconf 76' lang='grc' dir='ltr'><strong>ἐξετάσεως</strong></span> <span class='ocrx_word' id='word_1_230' title='bbox 1541 1696 1802 1765; x_wconf 83' lang='grc' dir='ltr'><strong>γινομένη</strong></span> 
     </span>
    </p>
   </div>
   <div class='ocr_carea' id='block_1_33' title="bbox 2023 1685 3557 1773">
    <p class='ocr_par' dir='ltr' id='par_1_33' title="bbox 2023 1687 3557 1758">
     <span class='ocr_line' id='line_1_33' title="bbox 2023 1687 3557 1758; baseline 0.009 -20"><span class='ocrx_word' id='word_1_231' title='bbox 2023 1693 2043 1738; x_wconf 92' lang='grc' dir='ltr'><strong>ι</strong></span> <span class='ocrx_word' id='word_1_232' title='bbox 2095 1687 2417 1752; x_wconf 87' lang='lat' dir='ltr'><strong>ordinatus,</strong></span> <span class='ocrx_word' id='word_1_233' title='bbox 2473 1691 2763 1758; x_wconf 87' lang='lat' dir='ltr'><strong>ejiciatur,</strong></span> <span class='ocrx_word' id='word_1_234' title='bbox 2821 1704 3075 1749; x_wconf 88' lang='lat' dir='ltr'><strong>accurata</strong></span> <span class='ocrx_word' id='word_1_235' title='bbox 3149 1696 3557 1752; x_wconf 84' lang='lat' dir='ltr'><strong>examinatione</strong></span> 
     </span>
    </p>
   </div>
   <div class='ocr_carea' id='block_1_34' title="bbox 274 1774 1808 1875">
    <p class='ocr_par' dir='ltr' id='par_1_34' title="bbox 274 1784 1808 1865">
     <span class='ocr_line' id='line_1_34' title="bbox 274 1784 1808 1865; baseline -0.008 -17"><span class='ocrx_word' id='word_1_236' title='bbox 274 1796 376 1848; x_wconf 77' lang='grc' dir='ltr'>καὶ</span> <span class='ocrx_word' id='word_1_237' title='bbox 410 1793 485 1865; x_wconf 81' lang='grc' dir='ltr'>μὴ</span> <span class='ocrx_word' id='word_1_238' title='bbox 519 1794 675 1863; x_wconf 85' lang='grc' dir='ltr'>μόνον</span> <span class='ocrx_word' id='word_1_239' title='bbox 711 1795 776 1845; x_wconf 84' lang='grc' dir='ltr'><strong>ὲκ</strong></span> <span class='ocrx_word' id='word_1_240' title='bbox 805 1791 1155 1862; x_wconf 83' lang='grc' dir='ltr'>ψιθυρισμῶν</span> <span class='ocrx_word' id='word_1_241' title='bbox 1189 1787 1589 1860; x_wconf 80' lang='grc' dir='ltr'>ἦκακολογιῶν</span> <span class='ocrx_word' id='word_1_242' title='bbox 1623 1784 1808 1854; x_wconf 65' lang='grc' dir='ltr'>ύποψίι</span> 
     </span>
    </p>
   </div>
   <div class='ocr_carea' id='block_1_35' title="bbox 2022 1774 3556 1875">
    <p class='ocr_par' dir='ltr' id='par_1_35' title="bbox 2022 1784 3556 1842">
     <span class='ocr_line' id='line_1_35' title="bbox 2022 1784 3556 1842; baseline 0.008 -12"><span class='ocrx_word' id='word_1_243' title='bbox 2022 1784 2146 1840; x_wconf 90' lang='lat' dir='ltr'><strong>cta;</strong></span> <span class='ocrx_word' id='word_1_244' title='bbox 2179 1792 2288 1830; x_wconf 91' lang='lat' dir='ltr'><strong>non</strong></span> <span class='ocrx_word' id='word_1_245' title='bbox 2338 1789 2516 1834; x_wconf 91' lang='lat' dir='ltr'><strong>autem</strong></span> <span class='ocrx_word' id='word_1_246' title='bbox 2562 1797 2626 1834; x_wconf 76' lang='lat' dir='ltr'><strong>ex</strong></span> <span class='ocrx_word' id='word_1_247' title='bbox 2673 1784 2916 1838; x_wconf 88' lang='lat' dir='ltr'><strong>susurris</strong></span> <span class='ocrx_word' id='word_1_248' title='bbox 2955 1787 3038 1840; x_wconf 82' lang='lat' dir='ltr'><strong>vel</strong></span> <span class='ocrx_word' id='word_1_249' title='bbox 3089 1787 3389 1842; x_wconf 88' lang='lat' dir='ltr'><strong>maledictis</strong></span> <span class='ocrx_word' id='word_1_250' title='bbox 3438 1799 3556 1842; x_wconf 83' lang='lat' dir='ltr'><strong>orta</strong></span> 
     </span>
    </p>
   </div>
   <div class='ocr_carea' id='block_1_36' title="bbox 272 1869 1806 1955">
    <p class='ocr_par' dir='ltr' id='par_1_36' title="bbox 272 1879 1806 1955">
     <span class='ocr_line' id='line_1_36' title="bbox 272 1879 1806 1955; baseline -0.006 -17"><span class='ocrx_word' id='word_1_251' title='bbox 272 1889 359 1948; x_wconf 84' lang='grc' dir='ltr'>είς</span> <span class='ocrx_word' id='word_1_252' title='bbox 377 1886 544 1939; x_wconf 83' lang='grc' dir='ltr'>αὑτὸν</span> <span class='ocrx_word' id='word_1_253' title='bbox 572 1886 890 1955; x_wconf 78' lang='grc' dir='ltr'>γενομένης.</span> <span class='ocrx_word' id='word_1_254' title='bbox 936 1884 997 1936; x_wconf 79' lang='grc' dir='ltr'><strong>Εἰ</strong></span> <span class='ocrx_word' id='word_1_255' title='bbox 1023 1883 1080 1936; x_wconf 79' lang='grc' dir='ltr'>δὲ</span> <span class='ocrx_word' id='word_1_256' title='bbox 1114 1882 1189 1952; x_wconf 82' lang='grc' dir='ltr'><strong>μὴ</strong></span> <span class='ocrx_word' id='word_1_257' title='bbox 1239 1879 1487 1953; x_wconf 79' lang='grc' dir='ltr'>εὑρεθείη</span> <span class='ocrx_word' id='word_1_258' title='bbox 1535 1879 1806 1932; x_wconf 87' lang='grc' dir='ltr'>ὑπεύθυνο</span> 
     </span>
    </p>
   </div>
   <div class='ocr_carea' id='block_1_37' title="bbox 2023 1869 3557 1955">
    <p class='ocr_par' dir='ltr' id='par_1_37' title="bbox 2055 1869 3557 1936">
     <span class='ocr_line' id='line_1_37' title="bbox 2055 1869 3557 1936; baseline 0.011 -19"><span class='ocrx_word' id='word_1_259' title='bbox 2055 1879 2179 1919; x_wconf 87' lang='lat' dir='ltr'><strong>eum</strong></span> <span class='ocrx_word' id='word_1_260' title='bbox 2210 1869 2544 1936; x_wconf 88' lang='lat' dir='ltr'><strong>suspicione.</strong></span> <span class='ocrx_word' id='word_1_261' title='bbox 2595 1872 2687 1924; x_wconf 86' lang='lat' dir='ltr'><strong>Sin</strong></span> <span class='ocrx_word' id='word_1_262' title='bbox 2719 1885 2900 1927; x_wconf 86' lang='lat' dir='ltr'><strong>autem</strong></span> <span class='ocrx_word' id='word_1_263' title='bbox 2954 1890 3062 1928; x_wconf 90' lang='lat' dir='ltr'><strong>non</strong></span> <span class='ocrx_word' id='word_1_264' title='bbox 3101 1877 3267 1932; x_wconf 87' lang='lat' dir='ltr'><strong>fuerit</strong></span> <span class='ocrx_word' id='word_1_265' title='bbox 3306 1881 3557 1933; x_wconf 83' lang='lat' dir='ltr'><strong>inventus</strong></span> 
     </span>
    </p>
   </div>
   <div class='ocr_carea' id='block_1_38' title="bbox 275 1954 1809 2045">
    <p class='ocr_par' dir='ltr' id='par_1_38' title="bbox 275 1954 1809 2045">
     <span class='ocr_line' id='line_1_38' title="bbox 275 1954 1809 2045; baseline -0.007 -18"><span class='ocrx_word' id='word_1_266' title='bbox 275 1976 500 2045; x_wconf 80' lang='grc' dir='ltr'><strong>μενέτω</strong></span> <span class='ocrx_word' id='word_1_267' title='bbox 533 1975 592 2026; x_wconf 83' lang='grc' dir='ltr'>ὲν</span> <span class='ocrx_word' id='word_1_268' title='bbox 617 1973 695 2044; x_wconf 84' lang='grc' dir='ltr'>τῷ</span> <span class='ocrx_word' id='word_1_269' title='bbox 729 1954 914 2044; x_wconf 80' lang='grc' dir='ltr'>κλήρῳ</span> <span class='ocrx_word' id='word_1_270' title='bbox 936 1986 952 2001; x_wconf 77' lang='grc'><strong>⁸</strong></span> <span class='ocrx_word' id='word_1_271' title='bbox 985 1971 1046 2025; x_wconf 91' lang='grc' dir='ltr'><strong>οὑ</strong></span> <span class='ocrx_word' id='word_1_272' title='bbox 1072 1971 1180 2042; x_wconf 84' lang='grc' dir='ltr'>γὰρ</span> <span class='ocrx_word' id='word_1_273' title='bbox 1205 1970 1286 2024; x_wconf 85' lang='grc' dir='ltr'><strong>δεῖ</strong></span> <span class='ocrx_word' id='word_1_274' title='bbox 1311 1971 1431 2032; x_wconf 86' lang='grc' dir='ltr'>ταῖς</span> <span class='ocrx_word' id='word_1_275' title='bbox 1461 1965 1718 2038; x_wconf 77' lang='grc' dir='ltr'><strong>ματαίαις</strong></span> <span class='ocrx_word' id='word_1_276' title='bbox 1745 1965 1809 2018; x_wconf 83' lang='grc' dir='ltr'><strong>διι</strong></span> 
     </span>
    </p>
   </div>
   <div class='ocr_carea' id='block_1_39' title="bbox 2021 1954 3555 2045">
    <p class='ocr_par' dir='ltr' id='par_1_39' title="bbox 2021 1954 3555 2035">
     <span class='ocr_line' id='line_1_39' title="bbox 2021 1954 3555 2035; baseline 0.012 -30"><span class='ocrx_word' id='word_1_277' title='bbox 2021 1954 2186 2008; x_wconf 78' lang='lat' dir='ltr'><strong>imini</strong></span> <span class='ocrx_word' id='word_1_278' title='bbox 2251 1957 2547 2023; x_wconf 79' lang='lat' dir='ltr'><strong>obnoxius,</strong></span> <span class='ocrx_word' id='word_1_279' title='bbox 2587 1971 2807 2016; x_wconf 86' lang='lat' dir='ltr'><strong>maneat</strong></span> <span class='ocrx_word' id='word_1_280' title='bbox 2837 1963 2890 2017; x_wconf 84' lang='lat' dir='ltr'><strong>in</strong></span> <span class='ocrx_word' id='word_1_281' title='bbox 2937 1966 3136 2021; x_wconf 88' lang='lat' dir='ltr'><strong>clero:</strong></span> <span class='ocrx_word' id='word_1_282' title='bbox 3187 1981 3364 2035; x_wconf 84' lang='lat' dir='ltr'><strong>neque</strong></span> <span class='ocrx_word' id='word_1_283' title='bbox 3410 1970 3555 2023; x_wconf 88' lang='lat' dir='ltr'><strong>enim</strong></span> 
     </span>
    </p>
   </div>
   <div class='ocr_carea' id='block_1_40' title="bbox 273 2045 3258 2132">
    <p class='ocr_par' dir='ltr' id='par_1_40' title="bbox 273 2045 3258 2132">
     <span class='ocr_line' id='line_1_40' title="bbox 273 2045 3258 2132; baseline 0.011 -55"><span class='ocrx_word' id='word_1_284' title='bbox 273 2063 472 2126; x_wconf 58' lang='grc' dir='ltr'><strong>ϐολαῖς</strong></span> <span class='ocrx_word' id='word_1_285' title='bbox 496 2063 803 2132; x_wconf 44' lang='lat' dir='ltr'><strong>“ﬂexa”.</strong></span> <span class='ocrx_word' id='word_1_286' title='bbox 1969 2045 2123 2098; x_wconf 78' lang='lat' dir='ltr'><strong>\anis</strong></span> <span class='ocrx_word' id='word_1_287' title='bbox 2156 2046 2446 2102; x_wconf 86' lang='lat' dir='ltr'><strong>calumniis</strong></span> <span class='ocrx_word' id='word_1_288' title='bbox 2467 2049 2710 2104; x_wconf 89' lang='lat' dir='ltr'><strong>animum</strong></span> <span class='ocrx_word' id='word_1_289' title='bbox 2737 2051 2997 2108; x_wconf 89' lang='lat' dir='ltr'><strong>adbibere</strong></span> <span class='ocrx_word' id='word_1_290' title='bbox 3027 2065 3258 2124; x_wconf 86' lang='lat' dir='ltr'><strong>oportet.</strong></span> 
     </span>
    </p>
   </div>
   <div class='ocr_carea' id='block_1_41' title="bbox 358 2134 1892 2224">
    <p class='ocr_par' dir='ltr' id='par_1_41' title="bbox 358 2150 1867 2224">
     <span class='ocr_line' id='line_1_41' title="bbox 358 2150 1867 2224; baseline -0.003 -18"><span class='ocrx_word' id='word_1_291' title='bbox 358 2159 431 2223; x_wconf 85' lang='grc' dir='ltr'><strong>η’.</strong></span> <span class='ocrx_word' id='word_1_292' title='bbox 487 2153 704 2224; x_wconf 81' lang='grc' dir='ltr'>Ἐπειδὴ</span> <span class='ocrx_word' id='word_1_293' title='bbox 750 2153 924 2224; x_wconf 74' lang='grc' dir='ltr'>Ἰέραξ</span> <span class='ocrx_word' id='word_1_294' title='bbox 953 2153 1100 2207; x_wconf 83' lang='grc' dir='ltr'>τόνδε</span> <span class='ocrx_word' id='word_1_295' title='bbox 1138 2152 1337 2205; x_wconf 78' lang='grc' dir='ltr'>ὡσανεὶ</span> <span class='ocrx_word' id='word_1_296' title='bbox 1368 2152 1459 2206; x_wconf 67' lang='grc' dir='ltr'><strong>ἐπὶ</strong></span> <span class='ocrx_word' id='word_1_297' title='bbox 1487 2150 1709 2220; x_wconf 68' lang='grc' dir='ltr'>πορνεία</span> <span class='ocrx_word' id='word_1_298' title='bbox 1747 2151 1867 2204; x_wconf 84' lang='grc' dir='ltr'>δια-</span> 
     </span>
    </p>
   </div>
   <div class='ocr_carea' id='block_1_42' title="bbox 2028 2134 3562 2224">
    <p class='ocr_par' dir='ltr' id='par_1_42' title="bbox 2039 2134 3562 2212">
     <span class='ocr_line' id='line_1_42' title="bbox 2039 2134 3562 2212; baseline 0.009 -24"><span class='ocrx_word' id='word_1_299' title='bbox 2039 2136 2095 2190; x_wconf 72' lang='grc'>3.</span> <span class='ocrx_word' id='word_1_300' title='bbox 2137 2134 2409 2200; x_wconf 81' lang='lat' dir='ltr'><strong>Quoniam</strong></span> <span class='ocrx_word' id='word_1_301' title='bbox 2441 2136 2642 2197; x_wconf 81' lang='lat' dir='ltr'><strong>Hicrax</strong></span> <span class='ocrx_word' id='word_1_302' title='bbox 2681 2141 2814 2196; x_wconf 87' lang='lat' dir='ltr'><strong>dicit</strong></span> <span class='ocrx_word' id='word_1_303' title='bbox 2858 2144 3147 2212; x_wconf 88' lang='lat' dir='ltr'><strong>quemdam</strong></span> <span class='ocrx_word' id='word_1_304' title='bbox 3193 2161 3300 2200; x_wconf 90' lang='lat' dir='ltr'><strong>non</strong></span> <span class='ocrx_word' id='word_1_305' title='bbox 3365 2145 3562 2202; x_wconf 88' lang='lat' dir='ltr'><strong>debere</strong></span> 
     </span>
    </p>
   </div>
   <div class='ocr_carea' id='block_1_43' title="bbox 271 2226 1805 2310">
    <p class='ocr_par' dir='ltr' id='par_1_43' title="bbox 271 2235 1774 2310">
     <span class='ocr_line' id='line_1_43' title="bbox 271 2235 1774 2310; baseline 0.003 -22"><span class='ocrx_word' id='word_1_306' title='bbox 271 2236 639 2308; x_wconf 72' lang='grc' dir='ltr'>ϐαλλόμενον,</span> <span class='ocrx_word' id='word_1_307' title='bbox 671 2240 772 2292; x_wconf 88' lang='grc' dir='ltr'>οὑκ</span> <span class='ocrx_word' id='word_1_308' title='bbox 800 2239 1038 2307; x_wconf 71' lang='grc' dir='ltr'>ὀφείλειν</span> <span class='ocrx_word' id='word_1_309' title='bbox 1084 2241 1143 2292; x_wconf 83' lang='grc' dir='ltr'>ὲν</span> <span class='ocrx_word' id='word_1_310' title='bbox 1171 2239 1248 2308; x_wconf 82' lang='grc' dir='ltr'>τῷ</span> <span class='ocrx_word' id='word_1_311' title='bbox 1294 2240 1482 2310; x_wconf 83' lang='grc' dir='ltr'>κλήρῳ</span> <span class='ocrx_word' id='word_1_312' title='bbox 1526 2235 1688 2304; x_wconf 87' lang='grc' dir='ltr'>εῐναι,</span> <span class='ocrx_word' id='word_1_313' title='bbox 1746 2240 1774 2292; x_wconf 90' lang='grc' dir='ltr'>ὁ</span> 
     </span>
    </p>
   </div>
   <div class='ocr_carea' id='block_1_44' title="bbox 2025 2226 3559 2310">
    <p class='ocr_par' dir='ltr' id='par_1_44' title="bbox 2025 2226 3559 2309">
     <span class='ocr_line' id='line_1_44' title="bbox 2025 2226 3559 2309; baseline 0.012 -33"><span class='ocrx_word' id='word_1_314' title='bbox 2025 2242 2090 2281; x_wconf 86' lang='lat' dir='ltr'><strong>.se</strong></span> <span class='ocrx_word' id='word_1_315' title='bbox 2127 2226 2183 2280; x_wconf 89' lang='lat' dir='ltr'><strong>in</strong></span> <span class='ocrx_word' id='word_1_316' title='bbox 2232 2228 2400 2296; x_wconf 90' lang='lat' dir='ltr'><strong>clero,</strong></span> <span class='ocrx_word' id='word_1_317' title='bbox 2443 2242 2502 2284; x_wconf 91' lang='lat' dir='ltr'><strong>ut</strong></span> <span class='ocrx_word' id='word_1_318' title='bbox 2545 2233 2639 2301; x_wconf 89' lang='lat' dir='ltr'><strong>qui</strong></span> <span class='ocrx_word' id='word_1_319' title='bbox 2693 2235 2766 2287; x_wconf 89' lang='lat' dir='ltr'><strong>sit</strong></span> <span class='ocrx_word' id='word_1_320' title='bbox 2797 2233 3178 2292; x_wconf 79' lang='lat' dir='ltr'><strong>fornicationis</strong></span> <span class='ocrx_word' id='word_1_321' title='bbox 3226 2251 3559 2309; x_wconf 82' lang='lat' dir='ltr'><strong>accusatus;</strong></span> 
     </span>
    </p>
   </div>
   <div class='ocr_carea' id='block_1_45' title="bbox 272 2317 1806 2400">
    <p class='ocr_par' dir='ltr' id='par_1_45' title="bbox 272 2329 1806 2400">
     <span class='ocr_line' id='line_1_45' title="bbox 272 2329 1806 2400; baseline -0.001 -18"><span class='ocrx_word' id='word_1_322' title='bbox 272 2329 590 2392; x_wconf 74' lang='grc' dir='ltr'><strong>ἐπίσκοπος</strong></span> <span class='ocrx_word' id='word_1_323' title='bbox 661 2329 932 2384; x_wconf 80' lang='grc' dir='ltr'>Ἀπόλλων</span> <span class='ocrx_word' id='word_1_324' title='bbox 983 2330 1385 2400; x_wconf 80' lang='grc' dir='ltr'>διῖσχυρίσατο,</span> <span class='ocrx_word' id='word_1_325' title='bbox 1450 2331 1510 2382; x_wconf 85' lang='grc' dir='ltr'>τὸ</span> <span class='ocrx_word' id='word_1_326' title='bbox 1568 2330 1806 2400; x_wconf 62' lang='grc' dir='ltr'>τηνικαῢλ</span> 
     </span>
    </p>
   </div>
   <div class='ocr_carea' id='block_1_46' title="bbox 2026 2317 3560 2400">
    <p class='ocr_par' dir='ltr' id='par_1_46' title="bbox 2026 2318 3560 2394">
     <span class='ocr_line' id='line_1_46' title="bbox 2026 2318 3560 2394; baseline 0.009 -22"><span class='ocrx_word' id='word_1_327' title='bbox 2026 2318 2163 2387; x_wconf 88' lang='lat' dir='ltr'><strong>pollo</strong></span> <span class='ocrx_word' id='word_1_328' title='bbox 2221 2331 2404 2375; x_wconf 89' lang='lat' dir='ltr'><strong>autem</strong></span> <span class='ocrx_word' id='word_1_329' title='bbox 2466 2324 2758 2394; x_wconf 87' lang='lat' dir='ltr'><strong>episcopus</strong></span> <span class='ocrx_word' id='word_1_330' title='bbox 2823 2335 2953 2381; x_wconf 88' lang='lat' dir='ltr'><strong>tunc</strong></span> <span class='ocrx_word' id='word_1_331' title='bbox 3009 2329 3295 2384; x_wconf 83' lang='lat' dir='ltr'><strong>aﬂlrmavit</strong></span> <span class='ocrx_word' id='word_1_332' title='bbox 3355 2333 3560 2386; x_wconf 89' lang='lat' dir='ltr'><strong>nullum</strong></span> 
     </span>
    </p>
   </div>
   <div class='ocr_carea' id='block_1_47' title="bbox 279 2415 1813 2493">
    <p class='ocr_par' dir='ltr' id='par_1_47' title="bbox 279 2421 1813 2493">
     <span class='ocr_line' id='line_1_47' title="bbox 279 2421 1813 2493; baseline -0.001 -19"><span class='ocrx_word' id='word_1_333' title='bbox 279 2422 501 2492; x_wconf 75' lang='grc' dir='ltr'>μηδένα</span> <span class='ocrx_word' id='word_1_334' title='bbox 531 2422 835 2493; x_wconf 80' lang='grc' dir='ltr'>κατήγορον</span> <span class='ocrx_word' id='word_1_335' title='bbox 877 2423 936 2475; x_wconf 78' lang='grc' dir='ltr'>ὲν</span> <span class='ocrx_word' id='word_1_336' title='bbox 977 2423 1126 2492; x_wconf 83' lang='grc' dir='ltr'>μέσῳ</span> <span class='ocrx_word' id='word_1_337' title='bbox 1148 2421 1465 2490; x_wconf 73' lang='grc' dir='ltr'><strong>ἐληλυθέναι</strong></span> <span class='ocrx_word' id='word_1_338' title='bbox 1515 2423 1634 2476; x_wconf 83' lang='grc' dir='ltr'>κατ’</span> <span class='ocrx_word' id='word_1_339' title='bbox 1683 2423 1813 2474; x_wconf 87' lang='grc' dir='ltr'>αὐτο</span> 
     </span>
    </p>
   </div>
   <div class='ocr_carea' id='block_1_48' title="bbox 2027 2415 3561 2493">
    <p class='ocr_par' dir='ltr' id='par_1_48' title="bbox 2027 2415 3561 2491">
     <span class='ocr_line' id='line_1_48' title="bbox 2027 2415 3561 2491; baseline 0.01 -27"><span class='ocrx_word' id='word_1_340' title='bbox 2027 2420 2346 2467; x_wconf 83' lang='lat' dir='ltr'><strong>:cusatorem</strong></span> <span class='ocrx_word' id='word_1_341' title='bbox 2379 2415 2644 2472; x_wconf 86' lang='lat' dir='ltr'><strong>adversus</strong></span> <span class='ocrx_word' id='word_1_342' title='bbox 2666 2434 2791 2472; x_wconf 88' lang='lat' dir='ltr'><strong>eum</strong></span> <span class='ocrx_word' id='word_1_343' title='bbox 2823 2421 2878 2472; x_wconf 92' lang='lat' dir='ltr'><strong>in</strong></span> <span class='ocrx_word' id='word_1_344' title='bbox 2926 2422 3160 2475; x_wconf 85' lang='lat' dir='ltr'><strong>medium</strong></span> <span class='ocrx_word' id='word_1_345' title='bbox 3201 2425 3561 2491; x_wconf 83' lang='lat' dir='ltr'><strong>processisse,</strong></span> 
     </span>
    </p>
   </div>
   <div class='ocr_carea' id='block_1_49' title="bbox 279 2503 1813 2585">
    <p class='ocr_par' dir='ltr' id='par_1_49' title="bbox 279 2507 1813 2585">
     <span class='ocr_line' id='line_1_49' title="bbox 279 2507 1813 2585; baseline 0 -20"><span class='ocrx_word' id='word_1_346' title='bbox 279 2514 630 2578; x_wconf 76' lang='grc' dir='ltr'><strong>ἐξεταζέσθω</strong></span> <span class='ocrx_word' id='word_1_347' title='bbox 672 2515 767 2567; x_wconf 74' lang='grc' dir='ltr'><strong>καὶ</strong></span> <span class='ocrx_word' id='word_1_348' title='bbox 803 2507 981 2576; x_wconf 73' lang='grc' dir='ltr'>οὗτος.</span> <span class='ocrx_word' id='word_1_349' title='bbox 1037 2515 1147 2568; x_wconf 77' lang='grc' dir='ltr'><strong>Καὶ</strong></span> <span class='ocrx_word' id='word_1_350' title='bbox 1201 2515 1253 2567; x_wconf 85' lang='grc' dir='ltr'>εί</span> <span class='ocrx_word' id='word_1_351' title='bbox 1289 2514 1389 2584; x_wconf 78' lang='grc' dir='ltr'>μὲν</span> <span class='ocrx_word' id='word_1_352' title='bbox 1448 2516 1752 2585; x_wconf 78' lang='grc' dir='ltr'>κατήγορός</span> <span class='ocrx_word' id='word_1_353' title='bbox 1787 2531 1813 2565; x_wconf 86' lang='grc' dir='ltr'><strong>τ</strong></span> 
     </span>
    </p>
   </div>
   <div class='ocr_carea' id='block_1_50' title="bbox 2029 2503 3563 2585">
    <p class='ocr_par' dir='ltr' id='par_1_50' title="bbox 2035 2507 3563 2584">
     <span class='ocr_line' id='line_1_50' title="bbox 2035 2507 3563 2584; baseline 0.009 -26"><span class='ocrx_word' id='word_1_354' title='bbox 2035 2519 2064 2558; x_wconf 93' lang='lat' dir='ltr'><strong>c</strong></span> <span class='ocrx_word' id='word_1_355' title='bbox 2088 2519 2307 2574; x_wconf 89' lang='lat' dir='ltr'><strong>quoque</strong></span> <span class='ocrx_word' id='word_1_356' title='bbox 2335 2507 2679 2563; x_wconf 80' lang='lat' dir='ltr'><strong>examinetur</strong></span> <span class='ocrx_word' id='word_1_357' title='bbox 2705 2525 2721 2574; x_wconf 93' lang='lat'><strong>;</strong></span> <span class='ocrx_word' id='word_1_358' title='bbox 2754 2521 2810 2563; x_wconf 89' lang='lat' dir='ltr'><strong>et</strong></span> <span class='ocrx_word' id='word_1_359' title='bbox 2831 2512 2874 2565; x_wconf 90' lang='lat' dir='ltr'><strong>si</strong></span> <span class='ocrx_word' id='word_1_360' title='bbox 2909 2512 3109 2581; x_wconf 84' lang='lat' dir='ltr'><strong>aliquis</strong></span> <span class='ocrx_word' id='word_1_361' title='bbox 3152 2516 3371 2584; x_wconf 88' lang='lat' dir='ltr'><strong>quidem</strong></span> <span class='ocrx_word' id='word_1_362' title='bbox 3399 2531 3563 2571; x_wconf 86' lang='lat' dir='ltr'><strong>accu-</strong></span> 
     </span>
    </p>
   </div>
   <div class='ocr_carea' id='block_1_51' title="bbox 287 2597 1821 2677">
    <p class='ocr_par' dir='ltr' id='par_1_51' title="bbox 287 2605 1818 2676">
     <span class='ocr_line' id='line_1_51' title="bbox 287 2605 1818 2676; baseline 0.001 -19"><span class='ocrx_word' id='word_1_363' title='bbox 287 2605 602 2672; x_wconf 81' lang='grc' dir='ltr'>ἀναφύεται</span> <span class='ocrx_word' id='word_1_364' title='bbox 655 2606 891 2670; x_wconf 82' lang='grc' dir='ltr'>πίστεως</span> <span class='ocrx_word' id='word_1_365' title='bbox 940 2606 1107 2670; x_wconf 78' lang='grc' dir='ltr'>ἄξιος,</span> <span class='ocrx_word' id='word_1_366' title='bbox 1157 2605 1251 2660; x_wconf 82' lang='grc' dir='ltr'>καὶ</span> <span class='ocrx_word' id='word_1_367' title='bbox 1313 2607 1374 2659; x_wconf 81' lang='grc' dir='ltr'><strong>τὸ</strong></span> <span class='ocrx_word' id='word_1_368' title='bbox 1425 2606 1678 2676; x_wconf 74' lang='grc' dir='ltr'>ἔγκλημα</span> <span class='ocrx_word' id='word_1_369' title='bbox 1739 2608 1818 2661; x_wconf 84' lang='grc' dir='ltr'>άπ</span> 
     </span>
    </p>
   </div>
   <div class='ocr_carea' id='block_1_52' title="bbox 2033 2597 3567 2677">
    <p class='ocr_par' dir='ltr' id='par_1_52' title="bbox 2033 2597 3567 2677">
     <span class='ocr_line' id='line_1_52' title="bbox 2033 2597 3567 2677; baseline 0.009 -30"><span class='ocrx_word' id='word_1_370' title='bbox 2033 2605 2127 2648; x_wconf 91' lang='lat' dir='ltr'><strong>tor</strong></span> <span class='ocrx_word' id='word_1_371' title='bbox 2158 2597 2261 2650; x_wconf 85' lang='lat' dir='ltr'><strong>ﬁde</strong></span> <span class='ocrx_word' id='word_1_372' title='bbox 2283 2597 2484 2668; x_wconf 79' lang='lat' dir='ltr'><strong>dignus</strong></span> <span class='ocrx_word' id='word_1_373' title='bbox 2518 2601 2792 2663; x_wconf 78' lang='lat' dir='ltr'><strong>exoritur,</strong></span> <span class='ocrx_word' id='word_1_374' title='bbox 2844 2611 2899 2655; x_wconf 91' lang='lat' dir='ltr'><strong>et</strong></span> <span class='ocrx_word' id='word_1_375' title='bbox 2921 2604 3124 2658; x_wconf 86' lang='lat' dir='ltr'><strong>crimen</strong></span> <span class='ocrx_word' id='word_1_376' title='bbox 3157 2607 3414 2673; x_wconf 74' lang='lat' dir='ltr'><strong>probatur</strong></span> <span class='ocrx_word' id='word_1_377' title='bbox 3441 2624 3567 2677; x_wconf 86' lang='lat' dir='ltr'><strong>pro—</strong></span> 
     </span>
    </p>
   </div>
   <div class='ocr_carea' id='block_1_53' title="bbox 287 2684 1821 2770">
    <p class='ocr_par' dir='ltr' id='par_1_53' title="bbox 287 2695 1821 2768">
     <span class='ocr_line' id='line_1_53' title="bbox 287 2695 1821 2768; baseline 0.001 -19"><span class='ocrx_word' id='word_1_378' title='bbox 287 2695 623 2763; x_wconf 77' lang='grc' dir='ltr'>δεῖκνυνται,</span> <span class='ocrx_word' id='word_1_379' title='bbox 682 2698 995 2768; x_wconf 82' lang='grc' dir='ltr'>φερομένων</span> <span class='ocrx_word' id='word_1_380' title='bbox 1035 2697 1326 2768; x_wconf 87' lang='grc' dir='ltr'>μαρτύρων</span> <span class='ocrx_word' id='word_1_381' title='bbox 1375 2699 1737 2764; x_wconf 77' lang='grc' dir='ltr'>ἀξιοπίστων,</span> <span class='ocrx_word' id='word_1_382' title='bbox 1777 2700 1821 2751; x_wconf 60' lang='grc' dir='ltr'><strong>τι</strong></span> 
     </span>
    </p>
   </div>
   <div class='ocr_carea' id='block_1_54' title="bbox 2029 2684 3563 2770">
    <p class='ocr_par' dir='ltr' id='par_1_54' title="bbox 2029 2685 3563 2766">
     <span class='ocr_line' id='line_1_54' title="bbox 2029 2685 3563 2766; baseline 0.008 -29"><span class='ocrx_word' id='word_1_383' title='bbox 2029 2685 2154 2739; x_wconf 77' lang='lat' dir='ltr'><strong>ictis</strong></span> <span class='ocrx_word' id='word_1_384' title='bbox 2206 2687 2310 2740; x_wconf 88' lang='lat' dir='ltr'><strong>ﬁde</strong></span> <span class='ocrx_word' id='word_1_385' title='bbox 2353 2687 2532 2758; x_wconf 83' lang='lat' dir='ltr'><strong>dignis</strong></span> <span class='ocrx_word' id='word_1_386' title='bbox 2586 2692 2838 2758; x_wconf 85' lang='lat' dir='ltr'><strong>testibus,</strong></span> <span class='ocrx_word' id='word_1_387' title='bbox 2870 2695 3100 2749; x_wconf 88' lang='lat' dir='ltr'><strong>ecclesia</strong></span> <span class='ocrx_word' id='word_1_388' title='bbox 3144 2695 3251 2766; x_wconf 84' lang='lat'><strong>95</strong></span> <span class='ocrx_word' id='word_1_389' title='bbox 3283 2697 3563 2766; x_wconf 83' lang='lat' dir='ltr'><strong>ejiciatur;</strong></span> 
     </span>
    </p>
   </div>
   <div class='ocr_carea' id='block_1_55' title="bbox 291 2777 1825 2861">
    <p class='ocr_par' dir='ltr' id='par_1_55' title="bbox 291 2786 1825 2861">
     <span class='ocr_line' id='line_1_55' title="bbox 291 2786 1825 2861; baseline 0.002 -23"><span class='ocrx_word' id='word_1_390' title='bbox 291 2786 592 2856; x_wconf 70' lang='grc' dir='ltr'>ἐκκλησίας</span> <span class='ocrx_word' id='word_1_391' title='bbox 625 2787 969 2841; x_wconf 79' lang='grc' dir='ltr'>ὲκϐαλλέσθω</span> <span class='ocrx_word' id='word_1_392' title='bbox 991 2805 1005 2820; x_wconf 78' lang='grc' dir='ltr'><strong><em>ο</em></strong></span> <span class='ocrx_word' id='word_1_393' title='bbox 1027 2791 1076 2841; x_wconf 83' lang='grc' dir='ltr'><strong>εἰ</strong></span> <span class='ocrx_word' id='word_1_394' title='bbox 1101 2790 1156 2842; x_wconf 84' lang='grc' dir='ltr'>δὲ</span> <span class='ocrx_word' id='word_1_395' title='bbox 1186 2790 1279 2842; x_wconf 84' lang='grc' dir='ltr'>τοῦ</span> <span class='ocrx_word' id='word_1_396' title='bbox 1321 2790 1524 2861; x_wconf 83' lang='grc' dir='ltr'>κλήρου</span> <span class='ocrx_word' id='word_1_397' title='bbox 1560 2790 1707 2854; x_wconf 82' lang='grc' dir='ltr'>ἄξιός</span> <span class='ocrx_word' id='word_1_398' title='bbox 1737 2792 1825 2843; x_wconf 79' lang='grc' dir='ltr'><strong>εστ</strong></span> 
     </span>
    </p>
   </div>
   <div class='ocr_carea' id='block_1_56' title="bbox 2032 2777 3566 2861">
    <p class='ocr_par' dir='ltr' id='par_1_56' title="bbox 2032 2780 3566 2856">
     <span class='ocr_line' id='line_1_56' title="bbox 2032 2780 3566 2856; baseline 0.01 -26"><span class='ocrx_word' id='word_1_399' title='bbox 2032 2793 2064 2830; x_wconf 87' lang='grc' dir='ltr'><strong>ιι</strong></span> <span class='ocrx_word' id='word_1_400' title='bbox 2099 2789 2282 2833; x_wconf 92' lang='lat' dir='ltr'><strong>autem</strong></span> <span class='ocrx_word' id='word_1_401' title='bbox 2312 2780 2511 2850; x_wconf 84' lang='lat' dir='ltr'><strong>dignus</strong></span> <span class='ocrx_word' id='word_1_402' title='bbox 2567 2791 2653 2838; x_wconf 89' lang='lat' dir='ltr'><strong>est</strong></span> <span class='ocrx_word' id='word_1_403' title='bbox 2685 2784 2854 2851; x_wconf 84' lang='lat' dir='ltr'><strong>clero,</strong></span> <span class='ocrx_word' id='word_1_404' title='bbox 2879 2794 2933 2840; x_wconf 87' lang='lat' dir='ltr'><strong>et</strong></span> <span class='ocrx_word' id='word_1_405' title='bbox 2979 2786 3045 2840; x_wconf 88' lang='lat' dir='ltr'><strong>de</strong></span> <span class='ocrx_word' id='word_1_406' title='bbox 3076 2787 3197 2856; x_wconf 77' lang='lat' dir='ltr'><strong>eius</strong></span> <span class='ocrx_word' id='word_1_407' title='bbox 3231 2791 3566 2845; x_wconf 83' lang='lat' dir='ltr'><strong>continentia</strong></span> 
     </span>
    </p>
   </div>
   <div class='ocr_carea' id='block_1_57' title="bbox 292 2870 1826 2952">
    <p class='ocr_par' dir='ltr' id='par_1_57' title="bbox 292 2876 1826 2952">
     <span class='ocr_line' id='line_1_57' title="bbox 292 2876 1826 2952; baseline 0.003 -24"><span class='ocrx_word' id='word_1_408' title='bbox 292 2877 397 2928; x_wconf 66' lang='lat' dir='ltr'><strong>atat</strong></span> <span class='ocrx_word' id='word_1_409' title='bbox 459 2876 554 2929; x_wconf 75' lang='grc' dir='ltr'>ἐπὶ</span> <span class='ocrx_word' id='word_1_410' title='bbox 633 2877 956 2952; x_wconf 75' lang='grc' dir='ltr'>σωφροσύνῃ</span> <span class='ocrx_word' id='word_1_411' title='bbox 1026 2882 1422 2952; x_wconf 84' lang='grc' dir='ltr'><strong>μαρτυρεῖται,</strong></span> <span class='ocrx_word' id='word_1_412' title='bbox 1504 2880 1716 2950; x_wconf 86' lang='grc' dir='ltr'>μενέτω</span> <span class='ocrx_word' id='word_1_413' title='bbox 1806 2882 1826 2932; x_wconf 81' lang='grc' dir='ltr'>ἐ</span> 
     </span>
    </p>
   </div>
   <div class='ocr_carea' id='block_1_58' title="bbox 1532 2870 3066 2952">
    <p class='ocr_par' dir='ltr' id='par_1_58' title="bbox 1532 2870 3066 2938">
     <span class='ocr_line' id='line_1_58' title="bbox 1532 2870 3066 2938; baseline 0.008 -19"><span class='ocrx_word' id='word_1_414' title='bbox 1532 2880 1716 2933; x_wconf 73' lang='grc' dir='ltr'>ιενέτω</span> <span class='ocrx_word' id='word_1_415' title='bbox 1806 2882 1866 2934; x_wconf 69' lang='grc' dir='ltr'><strong>ὲν</strong></span> <span class='ocrx_word' id='word_1_416' title='bbox 1983 2870 2360 2924; x_wconf 86' lang='lat' dir='ltr'><strong>testimonium</strong></span> <span class='ocrx_word' id='word_1_417' title='bbox 2390 2871 2616 2938; x_wconf 84' lang='lat' dir='ltr'><strong>feratur,</strong></span> <span class='ocrx_word' id='word_1_418' title='bbox 2650 2874 2702 2928; x_wconf 89' lang='lat' dir='ltr'><strong>in</strong></span> <span class='ocrx_word' id='word_1_419' title='bbox 2732 2889 2799 2930; x_wconf 88' lang='lat' dir='ltr'><strong>co</strong></span> <span class='ocrx_word' id='word_1_420' title='bbox 2827 2886 3066 2933; x_wconf 88' lang='lat' dir='ltr'><strong>maneat.</strong></span> 
     </span>
    </p>
   </div>
   <div class='ocr_carea' id='block_1_59' title="bbox 293 2966 2588 3078">
    <p class='ocr_par' dir='ltr' id='par_1_59' title="bbox 293 2966 2588 3078">
     <span class='ocr_line' id='line_1_59' title="bbox 293 2966 2588 3078; baseline -0.002 -60"><span class='ocrx_word' id='word_1_421' title='bbox 293 2966 496 3036; x_wconf 86' lang='grc' dir='ltr'>τούτῳ.</span> <span class='ocrx_word' id='word_1_422' title='bbox 1104 3012 1106 3014; x_wconf 36' lang='grc' dir='ltr'><strong>τ</strong></span> <span class='ocrx_word' id='word_1_423' title='bbox 1901 3016 1948 3078; x_wconf 79' lang='lat' dir='ltr'>c</span> <span class='ocrx_word' id='word_1_424' title='bbox 2585 2976 2588 2978; x_wconf 80' lang='grc'><strong>·</strong></span> 
     </span>
     <span class='ocr_line' id='line_1_60' title="bbox 373 3054 1802 3078; baseline 0 0"><span class='ocrx_word' id='word_1_425' title='bbox 373 3056 590 3078; x_wconf 67' lang='grc' dir='ltr'><strong>νυιΙιᾹΔ</strong></span> <span class='ocrx_word' id='word_1_426' title='bbox 659 3054 772 3078; x_wconf 61' lang='grc'><strong>111⁵19</strong></span> <span class='ocrx_word' id='word_1_427' title='bbox 940 3058 1066 3078; x_wconf 57' lang='lat' dir='ltr'><strong>rr_,!</strong></span> <span class='ocrx_word' id='word_1_428' title='bbox 1113 3058 1172 3078; x_wconf 32' lang='grc' dir='ltr'><em>κ’</em></span> <span class='ocrx_word' id='word_1_429' title='bbox 1272 3061 1330 3078; x_wconf 64' lang='grc' dir='ltr'><strong>ι.</strong></span> <span class='ocrx_word' id='word_1_430' title='bbox 1404 3061 1453 3078; x_wconf 41' lang='grc' dir='ltr'><strong>’.Α</strong></span> <span class='ocrx_word' id='word_1_431' title='bbox 1535 3059 1639 3078; x_wconf 25' lang='grc' dir='ltr'><strong>κοῖα</strong></span> <span class='ocrx_word' id='word_1_432' title='bbox 1736 3076 1802 3078; x_wconf 29' lang='grc' dir='ltr'><strong>ω..</strong></span> 
     </span>
    </p>
   </div>
   <div class='ocr_carea' id='block_1_60' title="bbox 369 3054 1903 3167">
    <p class='ocr_par' dir='ltr' id='par_1_60' title="bbox 369 3054 1877 3129">
     <span class='ocr_line' id='line_1_61' title="bbox 369 3054 1877 3129; baseline 0.004 -21"><span class='ocrx_word' id='word_1_433' title='bbox 369 3056 623 3111; x_wconf 75' lang='grc' dir='ltr'>ΚΕΦΑΛ.</span> <span class='ocrx_word' id='word_1_434' title='bbox 659 3054 792 3113; x_wconf 80' lang='lat' dir='ltr'><strong>KH&#39;.</strong></span> <span class='ocrx_word' id='word_1_435' title='bbox 826 3087 898 3098; x_wconf 89' lang='lat'>—</span> <span class='ocrx_word' id='word_1_436' title='bbox 931 3058 1070 3128; x_wconf 80' lang='grc' dir='ltr'>Περὶ</span> <span class='ocrx_word' id='word_1_437' title='bbox 1102 3058 1206 3127; x_wconf 84' lang='grc' dir='ltr'>τῆς</span> <span class='ocrx_word' id='word_1_438' title='bbox 1253 3061 1490 3128; x_wconf 71' lang='grc' dir='ltr'>ἡλικίας</span> <span class='ocrx_word' id='word_1_439' title='bbox 1523 3059 1642 3114; x_wconf 85' lang='grc' dir='ltr'>τῶν</span> <span class='ocrx_word' id='word_1_440' title='bbox 1685 3076 1877 3129; x_wconf 80' lang='grc' dir='ltr'>χειρο-</span> 
     </span>
    </p>
   </div>
   <div class='ocr_carea' id='block_1_61' title="bbox 2036 3054 3570 3167">
    <p class='ocr_par' dir='ltr' id='par_1_61' title="bbox 2049 3084 3570 3167">
     <span class='ocr_line' id='line_1_62' title="bbox 2049 3084 3570 3167; baseline 0.009 -28"><span class='ocrx_word' id='word_1_441' title='bbox 2049 3084 2201 3139; x_wconf 86' lang='lat' dir='ltr'><strong>CAP.</strong></span> <span class='ocrx_word' id='word_1_442' title='bbox 2274 3085 2514 3142; x_wconf 74' lang='lat' dir='ltr'><strong>XXVIII.</strong></span> <span class='ocrx_word' id='word_1_443' title='bbox 2570 3119 2638 3129; x_wconf 93' lang='lat'><strong>—</strong></span> <span class='ocrx_word' id='word_1_444' title='bbox 2676 3090 2749 3144; x_wconf 85' lang='lat' dir='ltr'><strong>De</strong></span> <span class='ocrx_word' id='word_1_445' title='bbox 2821 3092 3239 3146; x_wconf 82' lang='lat' dir='ltr'><strong>ordinandorum</strong></span> <span class='ocrx_word' id='word_1_446' title='bbox 3302 3097 3570 3167; x_wconf 70' lang='lat' dir='ltr'><strong>utriusque</strong></span> 
     </span>
    </p>
   </div>
   <div class='ocr_carea' id='block_1_62' title="bbox 287 3147 2340 3232">
    <p class='ocr_par' dir='ltr' id='par_1_62' title="bbox 287 3147 2340 3232">
     <span class='ocr_line' id='line_1_63' title="bbox 287 3147 2340 3232; baseline 0.009 -31"><span class='ocrx_word' id='word_1_447' title='bbox 287 3147 679 3217; x_wconf 79' lang='grc' dir='ltr'>τονουμένων</span> <span class='ocrx_word' id='word_1_448' title='bbox 715 3149 981 3217; x_wconf 66' lang='grc' dir='ltr'>ἀρρένων</span> <span class='ocrx_word' id='word_1_449' title='bbox 1025 3150 1124 3203; x_wconf 77' lang='grc' dir='ltr'><strong>καὶ</strong></span> <span class='ocrx_word' id='word_1_450' title='bbox 1151 3151 1425 3218; x_wconf 83' lang='grc' dir='ltr'><strong>θηλειῶν.</strong></span> <span class='ocrx_word' id='word_1_451' title='bbox 1977 3192 2130 3230; x_wconf 54' lang='lat' dir='ltr'><strong>“xu:</strong></span> <span class='ocrx_word' id='word_1_452' title='bbox 2163 3189 2340 3232; x_wconf 69' lang='grc' dir='ltr'>ωιαιε,</span> 
     </span>
    </p>
   </div>
   <div class='ocr_carea' id='block_1_63' title="bbox 517 3241 2051 3331">
    <p class='ocr_par' dir='ltr' id='par_1_63' title="bbox 517 3241 1667 3310">
     <span class='ocr_line' id='line_1_64' title="bbox 517 3241 1667 3310; baseline 0.003 -17"><span class='ocrx_word' id='word_1_453' title='bbox 517 3241 786 3295; x_wconf 69' lang='lat' dir='ltr'><strong>Evr-660v</strong></span> <span class='ocrx_word' id='word_1_454' title='bbox 833 3243 1297 3310; x_wconf 80' lang='grc' dir='ltr'>Νεοκαισαρείας</span> <span class='ocrx_word' id='word_1_455' title='bbox 1332 3242 1532 3296; x_wconf 84' lang='grc' dir='ltr'>κανὼν</span> <span class='ocrx_word' id='word_1_456' title='bbox 1576 3249 1667 3297; x_wconf 81' lang='grc' dir='ltr'>ια’.</span> 
     </span>
    </p>
   </div>
   <div class='ocr_carea' id='block_1_64' title="bbox 1760 3241 3294 3331">
    <p class='ocr_par' dir='ltr' id='par_1_64' title="bbox 2257 3268 3294 3331">
     <span class='ocr_line' id='line_1_65' title="bbox 2257 3268 3294 3331; baseline 0.008 -8"><span class='ocrx_word' id='word_1_457' title='bbox 2257 3268 2483 3324; x_wconf 84' lang='lat' dir='ltr'><strong>Concilit&#39;</strong></span> <span class='ocrx_word' id='word_1_458' title='bbox 2519 3269 2972 3327; x_wconf 73' lang='lat' dir='ltr'><strong>Neocwsariensis</strong></span> <span class='ocrx_word' id='word_1_459' title='bbox 3007 3291 3172 3330; x_wconf 83' lang='lat' dir='ltr'><strong>canon</strong></span> <span class='ocrx_word' id='word_1_460' title='bbox 3210 3278 3294 3331; x_wconf 88' lang='grc'><strong>11.</strong></span> 
     </span>
    </p>
   </div>
   <div class='ocr_carea' id='block_1_65' title="bbox 370 3329 1904 3435">
    <p class='ocr_par' dir='ltr' id='par_1_65' title="bbox 370 3329 1874 3404">
     <span class='ocr_line' id='line_1_66' title="bbox 370 3329 1874 3404; baseline 0.002 -19"><span class='ocrx_word' id='word_1_461' title='bbox 370 3329 465 3385; x_wconf 83' lang='grc' dir='ltr'>ια’.</span> <span class='ocrx_word' id='word_1_462' title='bbox 493 3332 767 3402; x_wconf 79' lang='grc' dir='ltr'>Πρεσϐύτε</span> <span class='ocrx_word' id='word_1_463' title='bbox 779 3349 867 3402; x_wconf 87' lang='grc' dir='ltr'>ρος</span> <span class='ocrx_word' id='word_1_464' title='bbox 889 3332 994 3404; x_wconf 85' lang='grc' dir='ltr'><strong>πρὸ</strong></span> <span class='ocrx_word' id='word_1_465' title='bbox 1016 3333 1121 3386; x_wconf 87' lang='grc' dir='ltr'>τῶν</span> <span class='ocrx_word' id='word_1_466' title='bbox 1139 3333 1180 3385; x_wconf 88' lang='grc' dir='ltr'><strong>λ’</strong></span> <span class='ocrx_word' id='word_1_467' title='bbox 1197 3335 1331 3386; x_wconf 83' lang='grc' dir='ltr'><strong>ὲτῶν</strong></span> <span class='ocrx_word' id='word_1_468' title='bbox 1352 3336 1426 3404; x_wconf 85' lang='grc' dir='ltr'>μὴ</span> <span class='ocrx_word' id='word_1_469' title='bbox 1449 3334 1874 3404; x_wconf 85' lang='grc' dir='ltr'>χειροτονείσθω,</span> 
     </span>
    </p>
   </div>
   <div class='ocr_carea' id='block_1_66' title="bbox 2034 3329 3568 3435">
    <p class='ocr_par' dir='ltr' id='par_1_66' title="bbox 2053 3357 3568 3435">
     <span class='ocr_line' id='line_1_67' title="bbox 2053 3357 3568 3435; baseline 0.01 -25"><span class='ocrx_word' id='word_1_470' title='bbox 2053 3357 2140 3412; x_wconf 85' lang='grc'><strong>11.</strong></span> <span class='ocrx_word' id='word_1_471' title='bbox 2170 3360 2458 3431; x_wconf 82' lang='lat' dir='ltr'><strong>Presbyter</strong></span> <span class='ocrx_word' id='word_1_472' title='bbox 2495 3362 2537 3393; x_wconf 82' lang='lat'><strong>&quot;</strong></span> <span class='ocrx_word' id='word_1_473' title='bbox 2593 3374 2718 3418; x_wconf 88' lang='lat' dir='ltr'><strong>ante</strong></span> <span class='ocrx_word' id='word_1_474' title='bbox 2751 3366 2969 3435; x_wconf 81' lang='lat' dir='ltr'><strong>triginta</strong></span> <span class='ocrx_word' id='word_1_475' title='bbox 3001 3383 3174 3421; x_wconf 87' lang='lat' dir='ltr'><strong>annos</strong></span> <span class='ocrx_word' id='word_1_476' title='bbox 3210 3383 3314 3422; x_wconf 89' lang='lat' dir='ltr'><strong>non</strong></span> <span class='ocrx_word' id='word_1_477' title='bbox 3349 3370 3568 3425; x_wconf 87' lang='lat' dir='ltr'><strong>ordine-</strong></span> 
     </span>
    </p>
   </div>
   <div class='ocr_carea' id='block_1_67' title="bbox 292 3423 1826 3529">
    <p class='ocr_par' dir='ltr' id='par_1_67' title="bbox 292 3423 1826 3494">
     <span class='ocr_line' id='line_1_68' title="bbox 292 3423 1826 3494; baseline 0.001 -19"><span class='ocrx_word' id='word_1_478' title='bbox 292 3423 400 3475; x_wconf 83' lang='grc' dir='ltr'>ὲάν</span> <span class='ocrx_word' id='word_1_479' title='bbox 453 3423 549 3474; x_wconf 82' lang='grc' dir='ltr'><strong>καὶ</strong></span> <span class='ocrx_word' id='word_1_480' title='bbox 592 3423 732 3474; x_wconf 85' lang='grc' dir='ltr'>πάνυ</span> <span class='ocrx_word' id='word_1_481' title='bbox 791 3423 876 3494; x_wconf 82' lang='grc' dir='ltr'><strong>εἴη</strong></span> <span class='ocrx_word' id='word_1_482' title='bbox 932 3425 960 3475; x_wconf 88' lang='grc' dir='ltr'>ὁ</span> <span class='ocrx_word' id='word_1_483' title='bbox 1018 3425 1303 3494; x_wconf 80' lang='grc' dir='ltr'>ἄνθρωπος</span> <span class='ocrx_word' id='word_1_484' title='bbox 1364 3425 1532 3490; x_wconf 77' lang='grc' dir='ltr'>ἄξιος,</span> <span class='ocrx_word' id='word_1_485' title='bbox 1585 3425 1699 3478; x_wconf 81' lang='grc' dir='ltr'><strong>ἀλλ’</strong></span> <span class='ocrx_word' id='word_1_486' title='bbox 1737 3426 1826 3478; x_wconf 73' lang='grc' dir='ltr'><strong>ἀπε</strong></span> 
     </span>
    </p>
   </div>
   <div class='ocr_carea' id='block_1_68' title="bbox 2031 3423 3565 3529">
    <p class='ocr_par' dir='ltr' id='par_1_68' title="bbox 2031 3451 3565 3528">
     <span class='ocr_line' id='line_1_69' title="bbox 2031 3451 3565 3528; baseline 0.007 -24"><span class='ocrx_word' id='word_1_487' title='bbox 2031 3465 2093 3516; x_wconf 88' lang='lat' dir='ltr'><strong>tr,</strong></span> <span class='ocrx_word' id='word_1_488' title='bbox 2129 3452 2340 3505; x_wconf 87' lang='lat' dir='ltr'><strong>etiamsi</strong></span> <span class='ocrx_word' id='word_1_489' title='bbox 2375 3451 2540 3507; x_wconf 88' lang='lat' dir='ltr'><strong>fuerit</strong></span> <span class='ocrx_word' id='word_1_490' title='bbox 2597 3459 2760 3509; x_wconf 86' lang='lat' dir='ltr'><strong>homo</strong></span> <span class='ocrx_word' id='word_1_491' title='bbox 2796 3458 2957 3512; x_wconf 68' lang='lat' dir='ltr'><strong>valde</strong></span> <span class='ocrx_word' id='word_1_492' title='bbox 3004 3458 3219 3528; x_wconf 81' lang='lat' dir='ltr'><strong>dignus,</strong></span> <span class='ocrx_word' id='word_1_493' title='bbox 3252 3461 3344 3514; x_wconf 85' lang='lat' dir='ltr'><strong>sed</strong></span> <span class='ocrx_word' id='word_1_494' title='bbox 3387 3477 3565 3514; x_wconf 85' lang='lat' dir='ltr'><strong>reser-</strong></span> 
     </span>
    </p>
   </div>
   <div class='ocr_carea' id='block_1_69' title="bbox 290 3513 1824 3608">
    <p class='ocr_par' dir='ltr' id='par_1_69' title="bbox 290 3513 1824 3585">
     <span class='ocr_line' id='line_1_70' title="bbox 290 3513 1824 3585; baseline 0.001 -19"><span class='ocrx_word' id='word_1_495' title='bbox 290 3513 599 3583; x_wconf 87' lang='grc' dir='ltr'>τηρείσθω.</span> <span class='ocrx_word' id='word_1_496' title='bbox 652 3513 711 3565; x_wconf 85' lang='lat'><strong>&#39;0</strong></span> <span class='ocrx_word' id='word_1_497' title='bbox 740 3515 848 3584; x_wconf 78' lang='grc' dir='ltr'>γὰρ</span> <span class='ocrx_word' id='word_1_498' title='bbox 883 3514 1084 3584; x_wconf 84' lang='grc' dir='ltr'>Κύριος</span> <span class='ocrx_word' id='word_1_499' title='bbox 1130 3515 1341 3585; x_wconf 77' lang='grc' dir='ltr'>Ἰησοῦς</span> <span class='ocrx_word' id='word_1_500' title='bbox 1396 3515 1630 3585; x_wconf 83' lang='grc' dir='ltr'>Χριστὸς</span> <span class='ocrx_word' id='word_1_501' title='bbox 1684 3517 1743 3568; x_wconf 84' lang='grc' dir='ltr'>ὲν</span> <span class='ocrx_word' id='word_1_502' title='bbox 1799 3533 1824 3569; x_wconf 83' lang='grc' dir='ltr'><strong>τ</strong></span> 
     </span>
    </p>
   </div>
   <div class='ocr_carea' id='block_1_70' title="bbox 2038 3513 3572 3608">
    <p class='ocr_par' dir='ltr' id='par_1_70' title="bbox 2038 3542 3572 3608">
     <span class='ocr_line' id='line_1_71' title="bbox 2038 3542 3572 3608; baseline 0.008 -12"><span class='ocrx_word' id='word_1_503' title='bbox 2038 3555 2154 3596; x_wconf 78' lang='lat' dir='ltr'><strong>:tur.</strong></span> <span class='ocrx_word' id='word_1_504' title='bbox 2208 3542 2475 3598; x_wconf 88' lang='lat' dir='ltr'><strong>Dominus</strong></span> <span class='ocrx_word' id='word_1_505' title='bbox 2504 3545 2648 3598; x_wconf 88' lang='lat' dir='ltr'><strong>enitn</strong></span> <span class='ocrx_word' id='word_1_506' title='bbox 2695 3545 2851 3602; x_wconf 88' lang='lat' dir='ltr'><strong>Jesus</strong></span> <span class='ocrx_word' id='word_1_507' title='bbox 2892 3548 3146 3604; x_wconf 82' lang='lat' dir='ltr'><strong>Christus</strong></span> <span class='ocrx_word' id='word_1_508' title='bbox 3189 3551 3243 3604; x_wconf 91' lang='lat' dir='ltr'><strong>in</strong></span> <span class='ocrx_word' id='word_1_509' title='bbox 3298 3553 3572 3608; x_wconf 84' lang='lat' dir='ltr'><strong>tricesimo</strong></span> 
     </span>
    </p>
   </div>
   <div class='ocr_carea' id='block_1_71' title="bbox 290 3605 1824 3710">
    <p class='ocr_par' dir='ltr' id='par_1_71' title="bbox 290 3605 1767 3678">
     <span class='ocr_line' id='line_1_72' title="bbox 290 3605 1767 3678; baseline 0.003 -20"><span class='ocrx_word' id='word_1_510' title='bbox 290 3605 612 3677; x_wconf 82' lang='grc' dir='ltr'>τριακοστῷ</span> <span class='ocrx_word' id='word_1_511' title='bbox 646 3605 755 3658; x_wconf 79' lang='grc' dir='ltr'>ἔτει</span> <span class='ocrx_word' id='word_1_512' title='bbox 783 3607 1055 3677; x_wconf 76' lang='grc' dir='ltr'>ἐφωτίσθη</span> <span class='ocrx_word' id='word_1_513' title='bbox 1092 3608 1187 3660; x_wconf 78' lang='grc' dir='ltr'>καὶ</span> <span class='ocrx_word' id='word_1_514' title='bbox 1217 3609 1417 3678; x_wconf 73' lang='grc' dir='ltr'>ἤρξατο</span> <span class='ocrx_word' id='word_1_515' title='bbox 1444 3609 1736 3663; x_wconf 81' lang='grc' dir='ltr'>διδάσκειν.</span> <span class='ocrx_word' id='word_1_516' title='bbox 1763 3633 1767 3636; x_wconf 91' lang='grc'><strong>·</strong></span> 
     </span>
    </p>
   </div>
   <div class='ocr_carea' id='block_1_72' title="bbox 1655 3605 3189 3710">
    <p class='ocr_par' dir='ltr' id='par_1_72' title="bbox 1655 3626 3189 3710">
     <span class='ocr_line' id='line_1_73' title="bbox 1655 3626 3189 3710; baseline 0.025 -52"><span class='ocrx_word' id='word_1_517' title='bbox 1655 3626 1736 3663; x_wconf 73' lang='grc' dir='ltr'>ιιν.</span> <span class='ocrx_word' id='word_1_518' title='bbox 1763 3633 1767 3636; x_wconf 89' lang='grc'><strong>·</strong></span> <span class='ocrx_word' id='word_1_519' title='bbox 1981 3651 2122 3690; x_wconf 87' lang='lat' dir='ltr'><strong>anno</strong></span> <span class='ocrx_word' id='word_1_520' title='bbox 2147 3635 2453 3706; x_wconf 85' lang='lat' dir='ltr'><strong>baptizatus</strong></span> <span class='ocrx_word' id='word_1_521' title='bbox 2477 3649 2561 3692; x_wconf 90' lang='lat' dir='ltr'><strong>est</strong></span> <span class='ocrx_word' id='word_1_522' title='bbox 2589 3638 2654 3703; x_wconf 72' lang='lat'><strong>“,</strong></span> <span class='ocrx_word' id='word_1_523' title='bbox 2690 3651 2743 3695; x_wconf 87' lang='lat' dir='ltr'><strong>et</strong></span> <span class='ocrx_word' id='word_1_524' title='bbox 2771 3643 2939 3710; x_wconf 67' lang='lat' dir='ltr'><strong>erepit</strong></span> <span class='ocrx_word' id='word_1_525' title='bbox 2971 3644 3189 3697; x_wconf 89' lang='lat' dir='ltr'><strong>docere.</strong></span> 
     </span>
    </p>
   </div>
   <div class='ocr_carea' id='block_1_73' title="bbox 586 3697 2120 3786">
    <p class='ocr_par' dir='ltr' id='par_1_73' title="bbox 586 3697 1601 3768">
     <span class='ocr_line' id='line_1_74' title="bbox 586 3697 1601 3768; baseline 0.003 -18"><span class='ocrx_word' id='word_1_526' title='bbox 586 3697 855 3752; x_wconf 82' lang='grc' dir='ltr'>Συνόδου</span> <span class='ocrx_word' id='word_1_527' title='bbox 877 3699 1266 3768; x_wconf 77' lang='grc' dir='ltr'><strong>Χαλκηδόνος</strong></span> <span class='ocrx_word' id='word_1_528' title='bbox 1298 3700 1502 3753; x_wconf 82' lang='grc' dir='ltr'>κανὼν·-</span> <span class='ocrx_word' id='word_1_529' title='bbox 1522 3707 1601 3754; x_wconf 86' lang='grc' dir='ltr'>ιε’.</span> 
     </span>
    </p>
   </div>
   <div class='ocr_carea' id='block_1_74' title="bbox 1756 3697 3290 3786">
    <p class='ocr_par' dir='ltr' id='par_1_74' title="bbox 2220 3697 3290 3786">
     <span class='ocr_line' id='line_1_75' title="bbox 2220 3697 3290 3786; baseline 0.006 -9"><span class='ocrx_word' id='word_1_530' title='bbox 2220 3697 2237 3706; x_wconf 52' lang='grc'><strong>-</strong></span> <span class='ocrx_word' id='word_1_531' title='bbox 2281 3725 2505 3779; x_wconf 82' lang='lat' dir='ltr'><strong>Concilii</strong></span> <span class='ocrx_word' id='word_1_532' title='bbox 2527 3697 2964 3784; x_wconf 65' lang='lat' dir='ltr'><strong>Clinicedonensis</strong></span> <span class='ocrx_word' id='word_1_533' title='bbox 2997 3712 3167 3785; x_wconf 77' lang='lat' dir='ltr'><strong>canon</strong></span> <span class='ocrx_word' id='word_1_534' title='bbox 3205 3731 3290 3786; x_wconf 70' lang='grc'>15.</span> 
     </span>
    </p>
   </div>
   <div class='ocr_carea' id='block_1_75' title="bbox 379 3789 1913 3882">
    <p class='ocr_par' dir='ltr' id='par_1_75' title="bbox 379 3789 1883 3862">
     <span class='ocr_line' id='line_1_76' title="bbox 379 3789 1883 3862; baseline 0.004 -22"><span class='ocrx_word' id='word_1_535' title='bbox 379 3795 465 3841; x_wconf 87' lang='grc' dir='ltr'>ιε’.</span> <span class='ocrx_word' id='word_1_536' title='bbox 485 3789 840 3842; x_wconf 85' lang='grc' dir='ltr'>Διακὸνισσαν</span> <span class='ocrx_word' id='word_1_537' title='bbox 857 3790 930 3860; x_wconf 80' lang='grc' dir='ltr'>μὴ</span> <span class='ocrx_word' id='word_1_538' title='bbox 947 3791 1366 3862; x_wconf 86' lang='grc' dir='ltr'>χειροτονεῖσθαι</span> <span class='ocrx_word' id='word_1_539' title='bbox 1379 3795 1612 3858; x_wconf 87' lang='grc' dir='ltr'>γυναῖκα</span> <span class='ocrx_word' id='word_1_540' title='bbox 1627 3791 1733 3862; x_wconf 85' lang='grc' dir='ltr'><strong>πρὸ</strong></span> <span class='ocrx_word' id='word_1_541' title='bbox 1747 3791 1883 3847; x_wconf 82' lang='grc' dir='ltr'><strong>ὲτῶν</strong></span> 
     </span>
    </p>
   </div>
   <div class='ocr_carea' id='block_1_76' title="bbox 2037 3789 3571 3882">
    <p class='ocr_par' dir='ltr' id='par_1_76' title="bbox 2059 3816 3571 3882">
     <span class='ocr_line' id='line_1_77' title="bbox 2059 3816 3571 3882; baseline 0.008 -14"><span class='ocrx_word' id='word_1_542' title='bbox 2059 3816 2148 3872; x_wconf 85' lang='grc'>15.</span> <span class='ocrx_word' id='word_1_543' title='bbox 2182 3817 2554 3873; x_wconf 88' lang='lat' dir='ltr'><strong>Diaconissam</strong></span> <span class='ocrx_word' id='word_1_544' title='bbox 2585 3836 2690 3874; x_wconf 93' lang='lat' dir='ltr'><strong>non</strong></span> <span class='ocrx_word' id='word_1_545' title='bbox 2741 3837 2862 3877; x_wconf 87' lang='lat' dir='ltr'><strong>esse</strong></span> <span class='ocrx_word' id='word_1_546' title='bbox 2899 3825 3176 3878; x_wconf 86' lang='lat' dir='ltr'><strong>mulierem</strong></span> <span class='ocrx_word' id='word_1_547' title='bbox 3219 3826 3571 3882; x_wconf 81' lang='lat' dir='ltr'><strong>ordinandam</strong></span> 
     </span>
    </p>
   </div>
   <div class='ocr_carea' id='block_1_77' title="bbox 293 3879 1827 3982">
    <p class='ocr_par' dir='ltr' id='par_1_77' title="bbox 293 3879 1827 3954">
     <span class='ocr_line' id='line_1_78' title="bbox 293 3879 1827 3954; baseline 0.003 -24"><span class='ocrx_word' id='word_1_548' title='bbox 293 3879 734 3948; x_wconf 84' lang='grc' dir='ltr'>τεσσαράκοντα,</span> <span class='ocrx_word' id='word_1_549' title='bbox 765 3880 858 3932; x_wconf 56' lang='grc' dir='ltr'><strong>καὶ⁵</strong></span> <span class='ocrx_word' id='word_1_550' title='bbox 878 3881 1078 3950; x_wconf 87' lang='grc' dir='ltr'>ταύτην</span> <span class='ocrx_word' id='word_1_551' title='bbox 1101 3882 1238 3950; x_wconf 74' lang='grc' dir='ltr'>μετὰ</span> <span class='ocrx_word' id='word_1_552' title='bbox 1259 3880 1519 3952; x_wconf 77' lang='grc' dir='ltr'>ἀκριϐοῦς</span> <span class='ocrx_word' id='word_1_553' title='bbox 1542 3881 1827 3954; x_wconf 85' lang='grc' dir='ltr'>δοκιμασία</span> 
     </span>
    </p>
   </div>
   <div class='ocr_carea' id='block_1_78' title="bbox 2041 3879 3575 3982">
    <p class='ocr_par' dir='ltr' id='par_1_78' title="bbox 2041 3912 3575 3982">
     <span class='ocr_line' id='line_1_79' title="bbox 2041 3912 3575 3982; baseline 0.005 -20"><span class='ocrx_word' id='word_1_554' title='bbox 2041 3918 2113 3963; x_wconf 80' lang='lat' dir='ltr'><strong>tte</strong></span> <span class='ocrx_word' id='word_1_555' title='bbox 2138 3925 2342 3964; x_wconf 90' lang='lat' dir='ltr'><strong>annum</strong></span> <span class='ocrx_word' id='word_1_556' title='bbox 2379 3912 2881 3982; x_wconf 79' lang='lat' dir='ltr'><strong>quadragesimum,</strong></span> <span class='ocrx_word' id='word_1_557' title='bbox 2916 3923 2969 3968; x_wconf 89' lang='lat' dir='ltr'><strong>et</strong></span> <span class='ocrx_word' id='word_1_558' title='bbox 2999 3931 3118 3969; x_wconf 88' lang='lat' dir='ltr'><strong>eam</strong></span> <span class='ocrx_word' id='word_1_559' title='bbox 3161 3931 3286 3970; x_wconf 90' lang='lat' dir='ltr'><strong>cum</strong></span> <span class='ocrx_word' id='word_1_560' title='bbox 3315 3927 3575 3971; x_wconf 81' lang='lat' dir='ltr'><strong>accurata</strong></span> 
     </span>
    </p>
   </div>
   <div class='ocr_carea' id='block_1_79' title="bbox 296 3969 1830 4079">
    <p class='ocr_par' dir='ltr' id='par_1_79' title="bbox 296 3969 1830 4042">
     <span class='ocr_line' id='line_1_80' title="bbox 296 3969 1830 4042; baseline 0.003 -22"><span class='ocrx_word' id='word_1_561' title='bbox 296 3971 372 4021; x_wconf 81' lang='grc' dir='ltr'>Εί</span> <span class='ocrx_word' id='word_1_562' title='bbox 408 3969 467 4021; x_wconf 84' lang='grc' dir='ltr'><strong>δέ</strong></span> <span class='ocrx_word' id='word_1_563' title='bbox 507 3986 570 4036; x_wconf 87' lang='grc' dir='ltr'><strong>γε</strong></span> <span class='ocrx_word' id='word_1_564' title='bbox 599 3969 863 4041; x_wconf 82' lang='grc' dir='ltr'>δεξαμένη</span> <span class='ocrx_word' id='word_1_565' title='bbox 892 3971 988 4040; x_wconf 82' lang='grc' dir='ltr'>τὴν</span> <span class='ocrx_word' id='word_1_566' title='bbox 1016 3970 1381 4042; x_wconf 87' lang='grc' dir='ltr'>χειροθεσίαν,</span> <span class='ocrx_word' id='word_1_567' title='bbox 1423 3972 1518 4026; x_wconf 74' lang='grc' dir='ltr'>καὶ</span> <span class='ocrx_word' id='word_1_568' title='bbox 1545 3973 1736 4042; x_wconf 84' lang='grc' dir='ltr'>χρόνον</span> <span class='ocrx_word' id='word_1_569' title='bbox 1767 3990 1830 4026; x_wconf 70' lang='grc' dir='ltr'><strong>τιι</strong></span> 
     </span>
    </p>
   </div>
   <div class='ocr_carea' id='block_1_80' title="bbox 2039 3969 3573 4079">
    <p class='ocr_par' dir='ltr' id='par_1_80' title="bbox 2039 3985 3573 4074">
     <span class='ocr_line' id='line_1_81' title="bbox 2039 3985 3573 4074; baseline 0.005 -21"><span class='ocrx_word' id='word_1_570' title='bbox 2039 3985 2417 4055; x_wconf 82' lang='lat' dir='ltr'><strong>taminationc.</strong></span> <span class='ocrx_word' id='word_1_571' title='bbox 2460 4001 2516 4056; x_wconf 90' lang='lat' dir='ltr'><strong>Si</strong></span> <span class='ocrx_word' id='word_1_572' title='bbox 2549 4012 2730 4056; x_wconf 90' lang='lat' dir='ltr'><strong>autem</strong></span> <span class='ocrx_word' id='word_1_573' title='bbox 2759 4015 3047 4074; x_wconf 85' lang='lat' dir='ltr'><strong>postquam</strong></span> <span class='ocrx_word' id='word_1_574' title='bbox 3076 4007 3415 4062; x_wconf 87' lang='lat' dir='ltr'><strong>ordinatione</strong></span> <span class='ocrx_word' id='word_1_575' title='bbox 3449 4023 3573 4062; x_wconf 90' lang='lat' dir='ltr'><strong>sus-</strong></span> 
     </span>
    </p>
   </div>
   <div class='ocr_carea' id='block_1_81' title="bbox 296 4062 3579 4166">
    <p class='ocr_par' dir='ltr' id='par_1_81' title="bbox 296 4062 3579 4166">
     <span class='ocr_line' id='line_1_82' title="bbox 296 4062 3579 4166; baseline 0.005 -37"><span class='ocrx_word' id='word_1_576' title='bbox 296 4062 699 4166; x_wconf 54' lang='grc' dir='ltr'><strong>ξτξράμείναεξα</strong></span> <span class='ocrx_word' id='word_1_577' title='bbox 746 4062 1207 4166; x_wconf 33' lang='grc' dir='ltr'><strong>τῇηλξιττξυγξίᾳο</strong></span> <span class='ocrx_word' id='word_1_578' title='bbox 1250 4063 1445 4166; x_wconf 58' lang='grc' dir='ltr'><strong>έίξυτὴν</strong></span> <span class='ocrx_word' id='word_1_579' title='bbox 1479 4063 1646 4166; x_wconf 51' lang='grc' dir='ltr'>ξπιδίξ</span> <span class='ocrx_word' id='word_1_580' title='bbox 1700 4064 1883 4166; x_wconf 39' lang='lat' dir='ltr'><strong>{dp-‘9’</strong></span> <span class='ocrx_word' id='word_1_581' title='bbox 1990 4104 2147 4161; x_wconf 89' lang='lat' dir='ltr'><strong>cepta</strong></span> <span class='ocrx_word' id='word_1_582' title='bbox 2181 4091 2488 4147; x_wconf 85' lang='lat' dir='ltr'><strong>ministerio</strong></span> <span class='ocrx_word' id='word_1_583' title='bbox 2523 4093 2708 4161; x_wconf 87' lang='lat' dir='ltr'><strong>aliquo</strong></span> <span class='ocrx_word' id='word_1_584' title='bbox 2759 4062 3005 4162; x_wconf 64' lang='lat' dir='ltr'><strong>iempore</strong></span> <span class='ocrx_word' id='word_1_585' title='bbox 3051 4098 3373 4165; x_wconf 88' lang='lat' dir='ltr'><strong>permansit,-</strong></span> <span class='ocrx_word' id='word_1_586' title='bbox 3436 4097 3579 4164; x_wconf 86' lang='lat' dir='ltr'><strong>seip-</strong></span> 
     </span>
    </p>
   </div>
   <div class='ocr_carea' id='block_1_82' title="bbox 299 4152 1833 4254">
    <p class='ocr_par' dir='ltr' id='par_1_82' title="bbox 299 4152 1833 4227">
     <span class='ocr_line' id='line_1_83' title="bbox 299 4152 1833 4227; baseline 0.005 -25"><span class='ocrx_word' id='word_1_587' title='bbox 299 4152 584 4221; x_wconf 81' lang='grc' dir='ltr'>ὐϐρίσασα</span> <span class='ocrx_word' id='word_1_588' title='bbox 613 4152 713 4221; x_wconf 80' lang='grc' dir='ltr'>τὴν</span> <span class='ocrx_word' id='word_1_589' title='bbox 765 4152 856 4204; x_wconf 85' lang='grc' dir='ltr'>τού</span> <span class='ocrx_word' id='word_1_590' title='bbox 899 4154 1031 4205; x_wconf 78' lang='grc' dir='ltr'><strong>Θεοῦ</strong></span> <span class='ocrx_word' id='word_1_591' title='bbox 1069 4155 1250 4223; x_wconf 85' lang='grc' dir='ltr'>χάριν,</span> <span class='ocrx_word' id='word_1_592' title='bbox 1281 4155 1316 4225; x_wconf 78' lang='grc' dir='ltr'><strong>ἡ</strong></span> <span class='ocrx_word' id='word_1_593' title='bbox 1359 4155 1581 4225; x_wconf 88' lang='grc' dir='ltr'>τοιαύτη</span> <span class='ocrx_word' id='word_1_594' title='bbox 1612 4156 1833 4227; x_wconf 81' lang='grc' dir='ltr'>ἀναθεμ‹</span> 
     </span>
    </p>
   </div>
   <div class='ocr_carea' id='block_1_83' title="bbox 2044 4152 3578 4254">
    <p class='ocr_par' dir='ltr' id='par_1_83' title="bbox 2044 4152 3578 4254">
     <span class='ocr_line' id='line_1_84' title="bbox 2044 4152 3578 4254; baseline 0.004 -22"><span class='ocrx_word' id='word_1_595' title='bbox 2044 4152 2106 4232; x_wconf 62' lang='lat' dir='ltr'><strong>lin</strong></span> <span class='ocrx_word' id='word_1_596' title='bbox 2135 4181 2488 4234; x_wconf 85' lang='lat' dir='ltr'><strong>matrimonio</strong></span> <span class='ocrx_word' id='word_1_597' title='bbox 2520 4182 2824 4246; x_wconf 87' lang='lat' dir='ltr'><strong>tradiderit,</strong></span> <span class='ocrx_word' id='word_1_598' title='bbox 2855 4183 2949 4237; x_wconf 89' lang='lat' dir='ltr'><strong>Dei</strong></span> <span class='ocrx_word' id='word_1_599' title='bbox 2975 4152 3164 4254; x_wconf 71' lang='lat' dir='ltr'><strong>gratia:</strong></span> <span class='ocrx_word' id='word_1_600' title='bbox 3206 4184 3464 4254; x_wconf 91' lang='lat' dir='ltr'><strong>injuriam</strong></span> <span class='ocrx_word' id='word_1_601' title='bbox 3499 4187 3578 4238; x_wconf 65' lang='lat' dir='ltr'><strong>l‘a-</strong></span> 
     </span>
    </p>
   </div>
   <div class='ocr_carea' id='block_1_84' title="bbox 299 4241 1833 4345">
    <p class='ocr_par' dir='ltr' id='par_1_84' title="bbox 299 4241 1472 4316">
     <span class='ocr_line' id='line_1_85' title="bbox 299 4241 1472 4316; baseline 0.003 -20"><span class='ocrx_word' id='word_1_602' title='bbox 299 4241 542 4306; x_wconf 77' lang='grc' dir='ltr'>τιζὲσθω</span> <span class='ocrx_word' id='word_1_603' title='bbox 578 4245 716 4312; x_wconf 84' lang='grc' dir='ltr'>μετὰ</span> <span class='ocrx_word' id='word_1_604' title='bbox 760 4243 854 4296; x_wconf 84' lang='grc' dir='ltr'>τοῦ</span> <span class='ocrx_word' id='word_1_605' title='bbox 902 4245 1040 4316; x_wconf 78' lang='grc' dir='ltr'>αὑτῇ</span> <span class='ocrx_word' id='word_1_606' title='bbox 1092 4245 1472 4316; x_wconf 79' lang='grc' dir='ltr'>συναφθέντος.</span> 
     </span>
    </p>
   </div>
   <div class='ocr_carea' id='block_1_85' title="bbox 2047 4241 3581 4345">
    <p class='ocr_par' dir='ltr' id='par_1_85' title="bbox 2047 4273 3581 4345">
     <span class='ocr_line' id='line_1_86' title="bbox 2047 4273 3581 4345; baseline 0.004 -21"><span class='ocrx_word' id='word_1_607' title='bbox 2047 4286 2162 4334; x_wconf 86' lang='lat' dir='ltr'><strong>ens,</strong></span> <span class='ocrx_word' id='word_1_608' title='bbox 2189 4287 2252 4324; x_wconf 87' lang='lat' dir='ltr'><strong>ea</strong></span> <span class='ocrx_word' id='word_1_609' title='bbox 2286 4285 2392 4325; x_wconf 89' lang='lat' dir='ltr'><strong>una</strong></span> <span class='ocrx_word' id='word_1_610' title='bbox 2407 4286 2534 4326; x_wconf 92' lang='lat' dir='ltr'><strong>cum</strong></span> <span class='ocrx_word' id='word_1_611' title='bbox 2561 4273 2656 4326; x_wconf 88' lang='lat' dir='ltr'><strong>illo</strong></span> <span class='ocrx_word' id='word_1_612' title='bbox 2683 4275 2776 4343; x_wconf 89' lang='lat' dir='ltr'><strong>qui</strong></span> <span class='ocrx_word' id='word_1_613' title='bbox 2802 4273 2850 4329; x_wconf 88' lang='lat' dir='ltr'><strong>ei</strong></span> <span class='ocrx_word' id='word_1_614' title='bbox 2879 4276 3206 4345; x_wconf 86' lang='lat' dir='ltr'><strong>conjunetus</strong></span> <span class='ocrx_word' id='word_1_615' title='bbox 3228 4283 3334 4342; x_wconf 89' lang='lat' dir='ltr'><strong>est,</strong></span> <span class='ocrx_word' id='word_1_616' title='bbox 3354 4276 3581 4330; x_wconf 87' lang='lat' dir='ltr'><strong>anathe-</strong></span> 
     </span>
    </p>
   </div>
   <div class='ocr_carea' id='block_1_86' title="bbox 1919 4349 2304 4418">
    <p class='ocr_par' dir='ltr' id='par_1_86' title="bbox 1919 4349 2304 4418">
     <span class='ocr_line' id='line_1_87' title="bbox 1919 4349 2304 4418; baseline 0 -1"><span class='ocrx_word' id='word_1_617' title='bbox 1919 4349 1964 4406; x_wconf 79' lang='lat' dir='ltr'><strong>D</strong></span> <span class='ocrx_word' id='word_1_618' title='bbox 1994 4363 2250 4417; x_wconf 82' lang='lat' dir='ltr'><strong>matizetu</strong></span> <span class='ocrx_word' id='word_1_619' title='bbox 2261 4379 2304 4418; x_wconf 92' lang='lat' dir='ltr'><strong>r.</strong></span> 
     </span>
    </p>
   </div>
   <div class='ocr_carea' id='block_1_87' title="bbox 526 4465 2060 4550">
    <p class='ocr_par' dir='ltr' id='par_1_87' title="bbox 526 4465 1673 4537">
     <span class='ocr_line' id='line_1_88' title="bbox 526 4465 1673 4537; baseline 0.003 -17"><span class='ocrx_word' id='word_1_620' title='bbox 526 4465 800 4522; x_wconf 84' lang='grc' dir='ltr'>Συνοδου</span> <span class='ocrx_word' id='word_1_621' title='bbox 840 4469 1256 4537; x_wconf 74' lang='grc' dir='ltr'>Καρθαγέννης</span> <span class='ocrx_word' id='word_1_622' title='bbox 1309 4469 1512 4524; x_wconf 81' lang='grc' dir='ltr'>κανὼν</span> <span class='ocrx_word' id='word_1_623' title='bbox 1575 4469 1673 4535; x_wconf 83' lang='grc' dir='ltr'>ις’.</span> 
     </span>
    </p>
   </div>
   <div class='ocr_carea' id='block_1_88' title="bbox 1843 4465 3377 4550">
    <p class='ocr_par' dir='ltr' id='par_1_88' title="bbox 2189 4473 3377 4550">
     <span class='ocr_line' id='line_1_89' title="bbox 2189 4473 3377 4550; baseline 0.005 -21"><span class='ocrx_word' id='word_1_624' title='bbox 2189 4473 2416 4529; x_wconf 84' lang='lat' dir='ltr'><strong>Concilii</strong></span> <span class='ocrx_word' id='word_1_625' title='bbox 2449 4476 2886 4532; x_wconf 79' lang='lat' dir='ltr'><strong>Chalcedonensis</strong></span> <span class='ocrx_word' id='word_1_626' title='bbox 2928 4479 3040 4550; x_wconf 74' lang='lat'><strong>(29)</strong></span> <span class='ocrx_word' id='word_1_627' title='bbox 3081 4497 3248 4534; x_wconf 84' lang='lat' dir='ltr'><strong>canon</strong></span> <span class='ocrx_word' id='word_1_628' title='bbox 3290 4483 3377 4536; x_wconf 92' lang='grc' dir='ltr'>1ο.</span> 
     </span>
    </p>
   </div>
   <div class='ocr_carea' id='block_1_89' title="bbox 383 4557 1917 4640">
    <p class='ocr_par' dir='ltr' id='par_1_89' title="bbox 383 4557 1887 4631">
     <span class='ocr_line' id='line_1_90' title="bbox 383 4557 1887 4631; baseline 0.002 -20"><span class='ocrx_word' id='word_1_629' title='bbox 383 4557 562 4611; x_wconf 83' lang='grc' dir='ltr'>Ὥστε</span> <span class='ocrx_word' id='word_1_630' title='bbox 627 4558 861 4627; x_wconf 78' lang='grc' dir='ltr'>μηδένα</span> <span class='ocrx_word' id='word_1_631' title='bbox 927 4560 1266 4614; x_wconf 80' lang='grc' dir='ltr'><strong>ἐπίσκοπον</strong></span> <span class='ocrx_word' id='word_1_632' title='bbox 1317 4561 1356 4630; x_wconf 77' lang='grc' dir='ltr'>ἢ</span> <span class='ocrx_word' id='word_1_633' title='bbox 1407 4563 1811 4630; x_wconf 82' lang='grc' dir='ltr'>πρεσϐύτερον</span> <span class='ocrx_word' id='word_1_634' title='bbox 1847 4564 1887 4631; x_wconf 78' lang='grc' dir='ltr'><strong>ἢ</strong></span> 
     </span>
    </p>
   </div>
   <div class='ocr_carea' id='block_1_90' title="bbox 2049 4557 3583 4640">
    <p class='ocr_par' dir='ltr' id='par_1_90' title="bbox 2068 4561 3583 4640">
     <span class='ocr_line' id='line_1_91' title="bbox 2068 4561 3583 4640; baseline 0.007 -24"><span class='ocrx_word' id='word_1_635' title='bbox 2068 4561 2135 4616; x_wconf 91' lang='lat' dir='ltr'><strong>Ut</strong></span> <span class='ocrx_word' id='word_1_636' title='bbox 2159 4565 2338 4618; x_wconf 84' lang='lat' dir='ltr'><strong>nullus</strong></span> <span class='ocrx_word' id='word_1_637' title='bbox 2370 4568 2665 4636; x_wconf 74' lang='lat' dir='ltr'><strong>episcopus,</strong></span> <span class='ocrx_word' id='word_1_638' title='bbox 2702 4571 2987 4640; x_wconf 81' lang='lat' dir='ltr'><strong>presbyter,</strong></span> <span class='ocrx_word' id='word_1_639' title='bbox 3018 4579 3067 4624; x_wconf 88' lang='lat' dir='ltr'><strong>et</strong></span> <span class='ocrx_word' id='word_1_640' title='bbox 3095 4572 3351 4626; x_wconf 77' lang='lat' dir='ltr'><strong>diaconus</strong></span> <span class='ocrx_word' id='word_1_641' title='bbox 3389 4575 3583 4628; x_wconf 80' lang='lat' dir='ltr'><strong>condu-</strong></span> 
     </span>
    </p>
   </div>
   <div class='ocr_carea' id='block_1_91' title="bbox 297 4647 1831 4733">
    <p class='ocr_par' dir='ltr' id='par_1_91' title="bbox 297 4647 1831 4720">
     <span class='ocr_line' id='line_1_92' title="bbox 297 4647 1831 4720; baseline 0.003 -18"><span class='ocrx_word' id='word_1_642' title='bbox 297 4647 594 4702; x_wconf 77' lang='grc' dir='ltr'>διάκονον</span> <span class='ocrx_word' id='word_1_643' title='bbox 647 4649 910 4718; x_wconf 72' lang='grc' dir='ltr'>ἕιιληψ-ίν</span> <span class='ocrx_word' id='word_1_644' title='bbox 964 4667 1097 4704; x_wconf 88' lang='grc' dir='ltr'>τινα</span> <span class='ocrx_word' id='word_1_645' title='bbox 1148 4651 1477 4720; x_wconf 77' lang='grc' dir='ltr'>λαμϐάνειν</span> <span class='ocrx_word' id='word_1_646' title='bbox 1505 4669 1521 4683; x_wconf 91' lang='grc'><strong>·</strong></span> <span class='ocrx_word' id='word_1_647' title='bbox 1579 4654 1678 4706; x_wconf 77' lang='grc' dir='ltr'>καὶ</span> <span class='ocrx_word' id='word_1_648' title='bbox 1736 4654 1831 4707; x_wconf 81' lang='grc' dir='ltr'><strong>ὥσ·</strong></span> 
     </span>
    </p>
   </div>
   <div class='ocr_carea' id='block_1_92' title="bbox 2045 4647 3579 4733">
    <p class='ocr_par' dir='ltr' id='par_1_92' title="bbox 2051 4657 3579 4733">
     <span class='ocr_line' id='line_1_93' title="bbox 2051 4657 3579 4733; baseline 0.009 -28"><span class='ocrx_word' id='word_1_649' title='bbox 2051 4670 2111 4705; x_wconf 83' lang='lat' dir='ltr'><strong>or</strong></span> <span class='ocrx_word' id='word_1_650' title='bbox 2135 4657 2375 4722; x_wconf 78' lang='lat' dir='ltr'><strong>exsistat,</strong></span> <span class='ocrx_word' id='word_1_651' title='bbox 2399 4668 2445 4710; x_wconf 85' lang='lat' dir='ltr'><strong>et</strong></span> <span class='ocrx_word' id='word_1_652' title='bbox 2467 4668 2524 4711; x_wconf 86' lang='lat' dir='ltr'><strong>ut</strong></span> <span class='ocrx_word' id='word_1_653' title='bbox 2555 4660 2772 4713; x_wconf 78' lang='lat' dir='ltr'><strong>lectores</strong></span> <span class='ocrx_word' id='word_1_654' title='bbox 2795 4677 2983 4716; x_wconf 77' lang='lat' dir='ltr'><strong>uxores</strong></span> <span class='ocrx_word' id='word_1_655' title='bbox 3006 4665 3292 4733; x_wconf 82' lang='lat' dir='ltr'><strong>accipiant,</strong></span> <span class='ocrx_word' id='word_1_656' title='bbox 3323 4677 3370 4718; x_wconf 84' lang='lat' dir='ltr'><strong>et</strong></span> <span class='ocrx_word' id='word_1_657' title='bbox 3406 4666 3579 4719; x_wconf 76' lang='lat' dir='ltr'><strong>clerici</strong></span> 
     </span>
    </p>
   </div>
   <div class='ocr_carea' id='block_1_93' title="bbox 300 4738 1834 4825">
    <p class='ocr_par' dir='ltr' id='par_1_93' title="bbox 300 4738 1834 4810">
     <span class='ocr_line' id='line_1_94' title="bbox 300 4738 1834 4810; baseline 0.003 -18"><span class='ocrx_word' id='word_1_658' title='bbox 300 4739 453 4804; x_wconf 80' lang='grc' dir='ltr'><strong>τοὺς</strong></span> <span class='ocrx_word' id='word_1_659' title='bbox 510 4738 896 4808; x_wconf 80' lang='grc' dir='ltr'>ἀναγνώστας</span> <span class='ocrx_word' id='word_1_660' title='bbox 948 4742 1202 4810; x_wconf 72' lang='grc' dir='ltr'>γαμετὰς</span> <span class='ocrx_word' id='word_1_661' title='bbox 1240 4741 1569 4810; x_wconf 76' lang='grc' dir='ltr'>λαμϐάνειν</span> <span class='ocrx_word' id='word_1_662' title='bbox 1594 4758 1608 4771; x_wconf 84' lang='grc'><em>’</em></span> <span class='ocrx_word' id='word_1_663' title='bbox 1650 4744 1746 4796; x_wconf 78' lang='grc' dir='ltr'>καὶ</span> <span class='ocrx_word' id='word_1_664' title='bbox 1793 4745 1834 4797; x_wconf 66' lang='grc'><strong>11</strong></span> 
     </span>
    </p>
   </div>
   <div class='ocr_carea' id='block_1_94' title="bbox 2046 4738 3580 4825">
    <p class='ocr_par' dir='ltr' id='par_1_94' title="bbox 2046 4746 3580 4825">
     <span class='ocr_line' id='line_1_95' title="bbox 2046 4746 3580 4825; baseline 0.008 -27"><span class='ocrx_word' id='word_1_665' title='bbox 2046 4746 2296 4801; x_wconf 63' lang='lat' dir='ltr'><strong>bstineam</strong></span> <span class='ocrx_word' id='word_1_666' title='bbox 2325 4749 2389 4801; x_wconf 88' lang='lat' dir='ltr'><strong>ab</strong></span> <span class='ocrx_word' id='word_1_667' title='bbox 2414 4753 2588 4805; x_wconf 76' lang='lat' dir='ltr'><strong>usuris</strong></span> <span class='ocrx_word' id='word_1_668' title='bbox 2611 4768 2630 4806; x_wconf 90' lang='lat'><strong><em>:</em></strong></span> <span class='ocrx_word' id='word_1_669' title='bbox 2659 4764 2707 4808; x_wconf 84' lang='lat' dir='ltr'><strong>et</strong></span> <span class='ocrx_word' id='word_1_670' title='bbox 2732 4770 2833 4824; x_wconf 84' lang='lat' dir='ltr'><strong>quo</strong></span> <span class='ocrx_word' id='word_1_671' title='bbox 2865 4765 3090 4825; x_wconf 73' lang='lat' dir='ltr'><strong>tempore</strong></span> <span class='ocrx_word' id='word_1_672' title='bbox 3113 4757 3190 4811; x_wconf 83' lang='lat' dir='ltr'><strong>vel</strong></span> <span class='ocrx_word' id='word_1_673' title='bbox 3220 4759 3339 4825; x_wconf 76' lang='lat' dir='ltr'><strong>ipsi,</strong></span> <span class='ocrx_word' id='word_1_674' title='bbox 3367 4761 3442 4812; x_wconf 78' lang='lat' dir='ltr'><strong>rei</strong></span> <span class='ocrx_word' id='word_1_675' title='bbox 3474 4763 3580 4812; x_wconf 75' lang='lat' dir='ltr'><strong>vir-</strong></span> 
     </span>
    </p>
   </div>
   <div class='ocr_carea' id='block_1_95' title="bbox 301 4829 1835 4917">
    <p class='ocr_par' dir='ltr' id='par_1_95' title="bbox 301 4829 1835 4900">
     <span class='ocr_line' id='line_1_96' title="bbox 301 4829 1835 4900; baseline 0.003 -18"><span class='ocrx_word' id='word_1_676' title='bbox 301 4829 366 4882; x_wconf 82' lang='grc' dir='ltr'>οί</span> <span class='ocrx_word' id='word_1_677' title='bbox 412 4829 687 4895; x_wconf 74' lang='grc' dir='ltr'><strong>κληρικοὶ</strong></span> <span class='ocrx_word' id='word_1_678' title='bbox 753 4829 1054 4898; x_wconf 74' lang='grc' dir='ltr'>γυναικῶν</span> <span class='ocrx_word' id='word_1_679' title='bbox 1115 4830 1214 4883; x_wconf 77' lang='grc' dir='ltr'>καί</span> <span class='ocrx_word' id='word_1_680' title='bbox 1267 4834 1458 4885; x_wconf 70' lang='grc' dir='ltr'>τόκων</span> <span class='ocrx_word' id='word_1_681' title='bbox 1500 4833 1835 4900; x_wconf 80' lang='grc' dir='ltr'>ἀπέχωνται</span> 
     </span>
    </p>
   </div>
   <div class='ocr_carea' id='block_1_96' title="bbox 1873 4829 3407 4917">
    <p class='ocr_par' dir='ltr' id='par_1_96' title="bbox 1873 4838 3407 4917">
     <span class='ocr_line' id='line_1_97' title="bbox 1873 4838 3407 4917; baseline 0.01 -32"><span class='ocrx_word' id='word_1_682' title='bbox 1873 4849 1887 4864; x_wconf 91' lang='grc'><strong>·</strong></span> <span class='ocrx_word' id='word_1_683' title='bbox 1995 4838 2140 4906; x_wconf 74' lang='lat' dir='ltr'><strong>gines</strong></span> <span class='ocrx_word' id='word_1_684' title='bbox 2167 4851 2558 4909; x_wconf 73' lang='lat' dir='ltr'><strong>consecrentur,</strong></span> <span class='ocrx_word' id='word_1_685' title='bbox 2591 4853 2639 4896; x_wconf 87' lang='lat' dir='ltr'><strong>et</strong></span> <span class='ocrx_word' id='word_1_686' title='bbox 2673 4844 2736 4897; x_wconf 80' lang='lat' dir='ltr'><strong>de</strong></span> <span class='ocrx_word' id='word_1_687' title='bbox 2760 4861 2862 4898; x_wconf 82' lang='lat' dir='ltr'><strong>non</strong></span> <span class='ocrx_word' id='word_1_688' title='bbox 2894 4847 3180 4899; x_wconf 78' lang='lat' dir='ltr'><strong>salutando</strong></span> <span class='ocrx_word' id='word_1_689' title='bbox 3201 4849 3407 4917; x_wconf 86' lang='lat' dir='ltr'><strong>populo.</strong></span> 
     </span>
    </p>
   </div>
   <div class='ocr_carea' id='block_1_97' title="bbox 304 4920 3583 5007">
    <p class='ocr_par' dir='ltr' id='par_1_97' title="bbox 304 4920 3583 5007">
     <span class='ocr_line' id='line_1_98' title="bbox 304 4920 3583 5007; baseline 0.005 -32"><span class='ocrx_word' id='word_1_690' title='bbox 304 4923 408 4976; x_wconf 71' lang='grc' dir='ltr'>καὶ</span> <span class='ocrx_word' id='word_1_691' title='bbox 465 4921 613 4986; x_wconf 79' lang='grc' dir='ltr'>ποίῳ</span> <span class='ocrx_word' id='word_1_692' title='bbox 651 4920 742 4974; x_wconf 84' lang='grc' dir='ltr'><strong>δεῖ</strong></span> <span class='ocrx_word' id='word_1_693' title='bbox 777 4921 958 4990; x_wconf 79' lang='grc' dir='ltr'>καιρῷ</span> <span class='ocrx_word' id='word_1_694' title='bbox 1007 4923 1045 4992; x_wconf 77' lang='grc' dir='ltr'><strong>ἣ</strong></span> <span class='ocrx_word' id='word_1_695' title='bbox 1072 4923 1290 4989; x_wconf 85' lang='grc' dir='ltr'>αὐτοὺς</span> <span class='ocrx_word' id='word_1_696' title='bbox 1336 4923 1374 4992; x_wconf 79' lang='grc' dir='ltr'><em>ἢ</em></span> <span class='ocrx_word' id='word_1_697' title='bbox 1421 4923 1530 4990; x_wconf 85' lang='grc' dir='ltr'><strong>τὰς</strong></span> <span class='ocrx_word' id='word_1_698' title='bbox 1567 4925 1902 4993; x_wconf 79' lang='grc' dir='ltr'>παρθένους</span> <span class='ocrx_word' id='word_1_699' title='bbox 1939 4930 2356 4996; x_wconf 81' lang='grc' dir='ltr'>καθιεροῦσθαι</span> <span class='ocrx_word' id='word_1_700' title='bbox 2390 4933 2523 4988; x_wconf 72' lang='grc' dir='ltr'>’.καί</span> <span class='ocrx_word' id='word_1_701' title='bbox 2587 4936 2858 5004; x_wconf 78' lang='grc' dir='ltr'><strong>περὶτοῦ</strong></span> <span class='ocrx_word' id='word_1_702' title='bbox 2911 4938 2998 5007; x_wconf 80' lang='grc' dir='ltr'>μὴ</span> <span class='ocrx_word' id='word_1_703' title='bbox 3050 4938 3418 5007; x_wconf 70' lang='grc' dir='ltr'>προσκυνεῖν</span> <span class='ocrx_word' id='word_1_704' title='bbox 3476 4939 3583 4991; x_wconf 84' lang='grc' dir='ltr'>τὸν</span> 
     </span>
    </p>
   </div>
   <div class='ocr_carea' id='block_1_98' title="bbox 305 5015 526 5086">
    <p class='ocr_par' dir='ltr' id='par_1_98' title="bbox 305 5015 526 5086">
     <span class='ocr_line' id='line_1_99' title="bbox 305 5015 526 5086; baseline -0.005 0"><span class='ocrx_word' id='word_1_705' title='bbox 305 5015 526 5086; x_wconf 80' lang='grc' dir='ltr'>δῆμον·</span> 
     </span>
    </p>
   </div>
   <div class='ocr_carea' id='block_1_99' title="bbox 382 5108 1916 5190">
    <p class='ocr_par' dir='ltr' id='par_1_99' title="bbox 382 5108 1888 5182">
     <span class='ocr_line' id='line_1_100' title="bbox 382 5108 1888 5182; baseline 0.003 -20"><span class='ocrx_word' id='word_1_706' title='bbox 382 5108 482 5172; x_wconf 80' lang='grc' dir='ltr'>ις’.</span> <span class='ocrx_word' id='word_1_707' title='bbox 517 5109 748 5179; x_wconf 85' lang='grc' dir='ltr'>Ὁμοίως</span> <span class='ocrx_word' id='word_1_708' title='bbox 774 5109 968 5178; x_wconf 74' lang='grc' dir='ltr'>ἠρεσεν</span> <span class='ocrx_word' id='word_1_709' title='bbox 989 5108 1076 5162; x_wconf 82' lang='grc' dir='ltr'>ἵνα</span> <span class='ocrx_word' id='word_1_710' title='bbox 1103 5110 1390 5164; x_wconf 81' lang='grc' dir='ltr'>ἐπίσκοποι</span> <span class='ocrx_word' id='word_1_711' title='bbox 1411 5111 1506 5164; x_wconf 66' lang='grc' dir='ltr'><strong>καὶ¹</strong></span> <span class='ocrx_word' id='word_1_712' title='bbox 1531 5110 1888 5182; x_wconf 79' lang='grc' dir='ltr'>πρεσϐύτεροι</span> 
     </span>
    </p>
   </div>
   <div class='ocr_carea' id='block_1_100' title="bbox 2047 5108 3581 5190">
    <p class='ocr_par' dir='ltr' id='par_1_100' title="bbox 2069 5111 3581 5190">
     <span class='ocr_line' id='line_1_101' title="bbox 2069 5111 3581 5190; baseline 0.003 -24"><span class='ocrx_word' id='word_1_713' title='bbox 2069 5111 2155 5166; x_wconf 90' lang='grc'>16.</span> <span class='ocrx_word' id='word_1_714' title='bbox 2205 5112 2334 5168; x_wconf 85' lang='lat' dir='ltr'><strong>Item</strong></span> <span class='ocrx_word' id='word_1_715' title='bbox 2365 5114 2411 5146; x_wconf 84' lang='grc'>¹⁸</span> <span class='ocrx_word' id='word_1_716' title='bbox 2460 5116 2686 5187; x_wconf 88' lang='lat' dir='ltr'><strong>placuit,</strong></span> <span class='ocrx_word' id='word_1_717' title='bbox 2721 5127 2783 5174; x_wconf 91' lang='lat' dir='ltr'><strong>ut</strong></span> <span class='ocrx_word' id='word_1_718' title='bbox 2835 5120 3096 5190; x_wconf 87' lang='lat' dir='ltr'><strong>episcopi,</strong></span> <span class='ocrx_word' id='word_1_719' title='bbox 3164 5117 3486 5189; x_wconf 85' lang='lat' dir='ltr'><strong>presbyteri,</strong></span> <span class='ocrx_word' id='word_1_720' title='bbox 3531 5125 3581 5170; x_wconf 79' lang='lat' dir='ltr'><strong>rt</strong></span> 
     </span>
    </p>
   </div>
   <div class='ocr_carea' id='block_1_101' title="bbox 306 5200 1840 5278">
    <p class='ocr_par' dir='ltr' id='par_1_101' title="bbox 306 5200 1840 5273">
     <span class='ocr_line' id='line_1_102' title="bbox 306 5200 1840 5273; baseline 0.001 -19"><span class='ocrx_word' id='word_1_721' title='bbox 306 5202 405 5254; x_wconf 81' lang='grc' dir='ltr'><strong>καὶ</strong></span> <span class='ocrx_word' id='word_1_722' title='bbox 437 5200 695 5267; x_wconf 87' lang='grc' dir='ltr'>διάκονοι,</span> <span class='ocrx_word' id='word_1_723' title='bbox 741 5201 1079 5273; x_wconf 82' lang='grc' dir='ltr'><strong>ὲκλήπτορες</strong></span> <span class='ocrx_word' id='word_1_724' title='bbox 1111 5202 1187 5273; x_wconf 78' lang='grc' dir='ltr'><strong>μὴ</strong></span> <span class='ocrx_word' id='word_1_725' title='bbox 1229 5203 1485 5270; x_wconf 84' lang='grc' dir='ltr'>γίνωνται</span> <span class='ocrx_word' id='word_1_726' title='bbox 1513 5202 1547 5272; x_wconf 77' lang='grc' dir='ltr'>ἢ</span> <span class='ocrx_word' id='word_1_727' title='bbox 1574 5207 1840 5273; x_wconf 72' lang='grc' dir='ltr'><strong>προκουρό</strong></span> 
     </span>
    </p>
   </div>
   <div class='ocr_carea' id='block_1_102' title="bbox 2039 5200 3573 5278">
    <p class='ocr_par' dir='ltr' id='par_1_102' title="bbox 2039 5205 3573 5278">
     <span class='ocr_line' id='line_1_103' title="bbox 2039 5205 3573 5278; baseline -0.001 -19"><span class='ocrx_word' id='word_1_728' title='bbox 2039 5205 2210 5261; x_wconf 86' lang='lat' dir='ltr'><strong>iaconi</strong></span> <span class='ocrx_word' id='word_1_729' title='bbox 2266 5220 2372 5262; x_wconf 91' lang='lat' dir='ltr'><strong>non</strong></span> <span class='ocrx_word' id='word_1_730' title='bbox 2430 5208 2542 5264; x_wconf 90' lang='lat' dir='ltr'><strong>sint</strong></span> <span class='ocrx_word' id='word_1_731' title='bbox 2592 5209 2955 5266; x_wconf 88' lang='lat' dir='ltr'><strong>conductores</strong></span> <span class='ocrx_word' id='word_1_732' title='bbox 3010 5218 3103 5264; x_wconf 91' lang='lat' dir='ltr'><strong>aut</strong></span> <span class='ocrx_word' id='word_1_733' title='bbox 3160 5216 3573 5278; x_wconf 81' lang='lat' dir='ltr'><strong>procuratores,</strong></span> 
     </span>
    </p>
   </div>
   <div class='ocr_carea' id='block_1_103' title="bbox 385 5399 2132 5471">
    <p class='ocr_par' dir='ltr' id='par_1_103' title="bbox 385 5399 2132 5471">
     <span class='ocr_line' id='line_1_104' title="bbox 385 5399 2132 5471; baseline 0.003 -19"><span class='ocrx_word' id='word_1_734' title='bbox 385 5401 433 5432; x_wconf 79' lang='grc'><strong>⁸³</strong></span> <span class='ocrx_word' id='word_1_735' title='bbox 472 5399 722 5454; x_wconf 89' lang='lat' dir='ltr'><strong>Distinet.</strong></span> <span class='ocrx_word' id='word_1_736' title='bbox 745 5399 835 5454; x_wconf 86' lang='lat'><strong>78.</strong></span> <span class='ocrx_word' id='word_1_737' title='bbox 915 5400 959 5431; x_wconf 69' lang='grc'><strong>¹⁵</strong></span> <span class='ocrx_word' id='word_1_738' title='bbox 994 5399 1125 5455; x_wconf 89' lang='lat' dir='ltr'><strong>Luc.</strong></span> <span class='ocrx_word' id='word_1_739' title='bbox 1161 5415 1240 5464; x_wconf 88' lang='grc' dir='ltr'>ιιι,</span> <span class='ocrx_word' id='word_1_740' title='bbox 1266 5399 1357 5454; x_wconf 71' lang='grc'>25.</span> <span class='ocrx_word' id='word_1_741' title='bbox 1435 5400 1478 5430; x_wconf 86' lang='grc'><strong>¹⁵</strong></span> <span class='ocrx_word' id='word_1_742' title='bbox 1510 5399 1766 5470; x_wconf 74' lang='lat' dir='ltr'><strong>Cartlrag.</strong></span> <span class='ocrx_word' id='word_1_743' title='bbox 1796 5416 1858 5463; x_wconf 89' lang='grc' dir='ltr'><strong>ιι,</strong></span> <span class='ocrx_word' id='word_1_744' title='bbox 1885 5415 2006 5471; x_wconf 89' lang='lat' dir='ltr'><strong>cap.</strong></span> <span class='ocrx_word' id='word_1_745' title='bbox 2047 5403 2132 5458; x_wconf 79' lang='grc'>15.</span> 
     </span>
    </p>
   </div>
   <div class='ocr_carea' id='block_1_104' title="bbox 1777 5510 2008 5570">
    <p class='ocr_par' dir='ltr' id='par_1_104' title="bbox 1777 5510 2008 5570">
     <span class='ocr_line' id='line_1_105' title="bbox 1777 5510 2008 5570; baseline 0.026 -6"><span class='ocrx_word' id='word_1_746' title='bbox 1777 5510 2008 5570; x_wconf 67' lang='lat' dir='ltr'><strong>NOTAE.</strong></span> 
     </span>
    </p>
   </div>
   <div class='ocr_carea' id='block_1_105' title="bbox 383 5624 2154 5700">
    <p class='ocr_par' dir='ltr' id='par_1_105' title="bbox 383 5624 2154 5700">
     <span class='ocr_line' id='line_1_106' title="bbox 383 5624 2154 5700; baseline 0.003 -21"><span class='ocrx_word' id='word_1_747' title='bbox 383 5626 501 5698; x_wconf 70' lang='lat'><strong>(29)</strong></span> <span class='ocrx_word' id='word_1_748' title='bbox 556 5624 870 5685; x_wconf 85' lang='lat' dir='ltr'><strong>Ferrandus</strong></span> <span class='ocrx_word' id='word_1_749' title='bbox 917 5642 1037 5698; x_wconf 76' lang='lat' dir='ltr'><strong>cap.</strong></span> <span class='ocrx_word' id='word_1_750' title='bbox 1102 5628 1188 5697; x_wconf 83' lang='lat'><strong>70,</strong></span> <span class='ocrx_word' id='word_1_751' title='bbox 1248 5643 1315 5684; x_wconf 80' lang='lat' dir='ltr'><strong>ex</strong></span> <span class='ocrx_word' id='word_1_752' title='bbox 1386 5628 1582 5684; x_wconf 84' lang='lat' dir='ltr'><strong>conci].</strong></span> <span class='ocrx_word' id='word_1_753' title='bbox 1632 5628 1890 5700; x_wconf 79' lang='lat' dir='ltr'><strong>Carthag.</strong></span> <span class='ocrx_word' id='word_1_754' title='bbox 1931 5629 2015 5684; x_wconf 93' lang='lat' dir='ltr'><strong>tit.</strong></span> <span class='ocrx_word' id='word_1_755' title='bbox 2064 5631 2154 5685; x_wconf 68' lang='lat' dir='ltr'><strong>2i.</strong></span> 
     </span>
    </p>
   </div>
  </div>
