3886 6240
412 271 516 339 551

1575 275 1837 336 ΡΠΟΤΙΙ
1887 271 2389 334 PATRIARCHE
2423 271 2532 331 CP.

3570 271 3664 335 552

407 396 586 451 neque
612 379 724 436 ullo
750 379 894 450 turpi
927 379 1144 449 negotio
1168 388 1221 435 et
1252 380 1543 436 inhonesto
1570 384 1772 436 victum
1827 397 1973 449 qua:-

2086 395 2251 447 ιορες,
2283 378 2417 450 μηδὲ
2472 379 2533 430 ἐκ
2573 394 2721 442 τινος
2748 379 2975 451 αἰσχροῦ
3026 381 3059 451 ἢ
3109 380 3308 452 ἀτίμου
3336 381 3665 452 πράγματες

408 482 552 537 rant,
583 474 710 541 quia
740 472 1012 540 respicere
1049 472 1251 525 debent
1284 473 1545 541 Scriptum
1596 488 1746 526 esse:
1780 470 1975 523 Nullas

409 565 646 617 militans
719 562 829 615 Deo
878 563 1116 629 implicat
1166 579 1219 615 se
1266 564 1482 631 negotiis
1530 565 1871 617 swcularibus
1909 564 1972 616 ³⁸.

404 657 537 709 Ιιυιιι
575 656 615 685 ¹⁷
650 654 856 721 (47—50)
878 656 1153 721 placuitut
1187 655 1413 709 lectores
1434 670 1556 708 cum
1584 656 1649 708 ad
1679 670 1853 708 annos
1877 670 1976 723 pu-

404 744 630 795 bertatis
657 743 768 812 96
797 745 1163 810 pervenerint,
1217 751 1484 812 c0gantur
1525 751 1619 793 aut
1652 756 1845 794 uxores
1876 740 1977 792 du-

403 851 543 897 cere,
577 845 671 887 aut
718 836 1111 889 continentiam
1166 836 1426 905 proﬁteri.
1482 836 1607 888 ltem
1660 834 1878 903 placuit,
1915 842 1977 885 ut

402 926 655 984 clericus,
694 928 738 980 si
776 928 1207 980 commodaverit
1248 927 1535 994 pecuniam
1562 926 1799 992 accipiat
1833 922 1967 991 (51),

402 1018 447 1070 si
481 1017 716 1084 speciem
749 1028 1010 1084 quantam
1044 1017 1255 1070 dederit
1278 1017 1545 1085 accipiat:
1584 1024 1638 1069 ct
1663 1025 1720 1068 ut
1744 1024 1871 1067 ante
1900 1014 1973 1066 25

400 1123 573 1160 annos
624 1108 799 1161 aetatis
843 1108 886 1139 ¹⁸
924 1123 1021 1161 nec
1065 1107 1280 1162 diaconi
1328 1108 1653 1161 ordinentur
1685 1105 1820 1174 (32),
1857 1108 1973 1167 (nec

400 1202 634 1269 virgines
665 1202 777 1270 (35)
816 1211 1242 1256 consecrantur:
1282 1211 1417 1255 etut
1451 1200 1684 1254 lectores
1710 1198 1968 1268 populum

400 1306 504 1344 non
541 1293 797 1346 salutent.

574 1382 798 1437 Concilii
837 1384 1141 1438 azcumenici
1182 1400 1233 1437 vi
1257 1399 1500 1448 canones,
1529 1383 1615 1447 14,
1660 1383 1748 1437 15.

470 1476 557 1528 14.
601 1476 923 1529 Sanctorum
951 1477 1370 1543 divinorumque
1396 1475 1617 1529 Patrum
1649 1485 1966 1529 nostrorum

396 1583 569 1622 canon
618 1569 668 1621 in
702 1568 786 1622 bis
816 1584 1035 1637 quoque
1073 1568 1269 1632 valeat,
1307 1579 1365 1621 ut
1405 1568 1685 1638 presbyter
1716 1577 1839 1621 ante
1874 1568 1989 1620 tri-.

396 1660 545 1728 ginta
602 1674 775 1712 annos
826 1674 931 1711 non
980 1659 1282 1719 ordinetur,
1338 1656 1503 1710 etiam
1558 1656 1602 1710 si
1670 1658 1737 1709 sit
1804 1657 1965 1709 homo

2077 468 2283 538 τροφὴν
2311 468 2658 538 πορίζωνται.
2695 471 2997 539 Ὀφείλουσι
3024 472 3132 541 γὰρ
3151 472 3469 540 ἀποϐλέψαι
3502 472 3581 534 εἰς
3613 473 3665 525 τὸ

2077 558 2481 627 γεγραμμένον·
2562 558 2774 625 Οὐδείς
2838 562 3315 629 στρατευόμενος
3372 560 3460 624 τῷ
3532 562 3663 623 Θεῷ,

2075 649 2359 715 ἐμπλέκει
2420 649 2638 702 ἑαυτὸν
2685 650 2989 720 πράγμασι
3047 651 3395 721 κοσμικοῖς·
3474 652 3667 720 ἤρεσεν

2075 739 2214 792 ὥστε
2242 742 2368 804 τοὺς
2393 741 2767 807 ἀναγνώστας,
2824 744 2904 805 είς
2966 743 3057 795 τὸν
3121 743 3312 813 καιρὸν
3360 743 3463 811 τῆς
3533 743 3665 809 ἧεης

2077 832 2407 899 ἐρχομένους
2466 832 2870 899 ἀναγκάζεσθαι
2926 834 2957 902 ἢ
3012 835 3272 903 συμϐἱους
3335 833 3663 900 ἀγαγέσθαι,

2074 924 2105 993 ἦ
2148 925 2474 994 ἐγκράτειαν
2515 927 2821 994 ὁμολογεῖν.
2887 929 3117 997 Ὁμοίως
3174 928 3501 998 1ὶὲρεεσενῖνεπι
3534 928 3663 994 κλη-

2075 1016 2244 1086 ρικὸς,
2268 1018 2361 1069 ἐὰν
2395 1018 2652 1086 χρήματα
2673 1020 2746 1088 δῷ
2780 1022 2837 1072 ὲν
2855 1021 3067 1090 χρήσει,
3093 1020 3160 1071 τὰ
3182 1022 3444 1089 χρήματα
3479 1018 3621 1087 λάϐῃ
3650 1036 3663 1048 ·

2072 1108 2165 1159 ἐὰν
2201 1109 2255 1159 δὲ
2296 1105 2452 1173 εἶδος,
2477 1111 2601 1161 ὅσον
2631 1111 2826 1163 δέδωκε
2856 1112 2995 1179 λάϐῃ
3021 1152 3035 1176 ,
3072 1111 3169 1165 καὶ
3200 1111 3286 1163 ἵνα
3314 1110 3421 1179 πρὸ
3447 1109 3563 1161 τῶν
3594 1116 3664 1161 κε’

2071 1200 2351 1265 ἐνιαυτῶν,
2380 1203 2519 1269 μήτε
2561 1202 2795 1255 διάκονοι
2830 1204 3243 1272 χειροτονῶνται
3267 1219 3281 1232 ·
3316 1201 3454 1256 ἀλλᾶ
3488 1204 3587 1255 καὶ
3619 1204 3664 1254 oi

2070 1289 2411 1357 ἀναγνῶσται
2440 1292 2530 1343 τὸν
2558 1292 2728 1362 δῆμον
2779 1295 2853 1363 μὴ
2886 1293 3293 1364 προσκυνῶσιν.

2176 1401 2444 1455 Συνόδου
2472 1404 2888 1473 οίκουμενικῆς
2916 1407 3096 1472 ἕκτης
3126 1406 3328 1458 κανὼν
3359 1406 3442 1467 ιδ’,
3477 1405 3560 1459 ιε’.

2141 1489 2220 1542 ιδ’.
2265 1492 2322 1543 ὐ
2354 1493 2463 1545 τῶν
2509 1494 2681 1561 ἁγίων
2730 1497 2825 1548 καὶ
2886 1497 3160 1567 θεοφόρων
3210 1497 3368 1565 ἡμῶν
3400 1498 3661 1567 Πατέρων

2068 1581 2340 1649 κρατείτω
2378 1585 2555 1636 κανὼν
2586 1587 2679 1638 καὶ
2729 1589 2787 1639 ὲν
2846 1588 3037 1657 τούτῳ,
3077 1586 3218 1640 ὥστε
3281 1588 3656 1658 πρεσὸύτερον

2067 1674 2174 1739 πρὸ
2212 1673 2253 1724 λ’
2286 1675 2421 1726 ἑτῶν
2458 1677 2531 1745 μὴ
2563 1679 3004 1745 χειροτονεῖσθαι,
3059 1680 3161 1732 κᾶν
3192 1680 3334 1731 πάνυ
3459 1680 3607 1742 ἄξιος
3632 1681 3658 1731 ὁ

394 1751 552 1801 valde
591 1749 809 1817 dignus,
846 1750 937 1802 sed
971 1756 1299 1802 reservetur.
1334 1746 1597 1800 Dominus
1632 1746 1774 1799 enim
1805 1744 1964 1799 Jesus

2086 1765 2395 1834 ἱνθρωπος,
2469 1768 2583 1819 ἀλλ’
2658 1770 3077 1839 ἀποτηρεῖσθαι.
3159 1771 3219 1821 Ὀ
3261 1733 3401 1837 γὰρ..
3458 1771 3659 1839 Κύριος

393 1840 646 1894 Christus
688 1841 968 1893 tricesimo
1013 1855 1158 1893 anno
1192 1838 1500 1907 baptizatus
1556 1845 1660 1899 est,
1705 1846 1758 1889 et
1805 1838 1969 1904 coepit

392 1933 606 1986 ducere.
656 1933 917 1986 Similiter
953 1947 1055 1985 nec
1104 1932 1369 1985 diaconus
1407 1941 1533 1984 ante
1576 1929 1761 2000 viginti
1803 1932 1968 1996 quin-

392 2034 498 2085 quc
528 2035 723 2083 annos,
773 2034 873 2073 nec
900 2019 1212 2073 diaconissa
1243 2028 1370 2072 ante
1397 2017 1757 2087 quadraginta
1797 2014 1980 2069 annos'

393 2112 697 2164 ordinetur.

463 2202 550 2255 15.
603 2201 982 2256 Subdiaconus
1027 2216 1096 2255 ne
1150 2200 1329 2255 minor
1381 2197 1569 2269 viginti
1618 2200 1776 2253 annis
1823 2198 1971 2252 ordi-

394 2303 567 2347 nclnr.
611 2292 826 2361 Siquis
880 2301 1061 2346 autem
1111 2292 1163 2346 in
1195 2291 1391 2361 quovis
1444 2291 1739 2345 sacerdotii
1795 2292 1967 2360 gradu

395 2394 589 2454 printer
633 2385 895 2455 praatinita
943 2395 1188 2455 tempora
1237 2384 1520 2439 ordinatus
1561 2383 1755 2448 fuerit,
1798 2384 1968 2453 depo-

393 2488 572 2530 Il8llll‘.

467 2591 683 2644 Textus.
730 2589 919 2646 Const.
956 2590 1010 2656 9,
1058 2591 1143 2645 tit.
1174 2591 1226 2655 1,
1267 2591 1364 2645 lib.
1393 2607 1434 2655 ι,
1466 2591 1589 2645 cod.
1622 2605 1730 2645 non
1769 2602 1967 2645 conce—

392 2681 859 2736 ditdiaconlssam
891 2681 1027 2744 ﬁeri,
1057 2697 1178 2750 quae
1209 2681 1603 2751 sexagesimum
1633 2698 1834 2735 annum
1860 2696 1966 2735 non

394 2771 689 2837 snperavit.
726 2770 962 2824 Constit.
987 2787 1114 2825 vero
1144 2771 1196 2834 1,
1225 2773 1311 2825 tit.
1338 2773 1390 2837 1,
1430 2771 1778 2825 Novellarum
1812 2771 1964 2836 dicit,

396 2862 555 2933 [satis
579 2878 719 2928 esse,
751 2861 821 2934 si]
848 2864 1240 2932 quinquaginta
1268 2879 1535 2917 annorum
1572 2864 1660 2917 sit.
1687 2862 1751 2915 Et
1778 2865 1820 2916 si
1846 2878 1971 2931 pro-

397 2963 514 3021 pter
559 2952 923 3004 necessariam
966 2950 1202 3018 aliquam
1245 2964 1470 3004 causam
1525 2950 1627 3003 bac
1657 2957 1815 3004 aetate
1846 2947 1969 3019 [ali-

2085 1851 2294 1925 Ἰησοῦς
2323 1860 2554 1927 Χριστὸς
2610 1862 2667 1913 ὲν
2695 1862 2773 1932 τῷ
2829 1863 3135 1933 τριακοστῷ
3180 1863 3290 1915 ἔτει
3330 1862 3655 1930 ἐδαπτίσθη,

2069 1944 2162 1997 καὶ
2208 1946 2411 2014 ἤρξατο
2463 1948 2735 2003 διδάσκειν
2762 1969 2776 1982 ο
2812 1951 3011 2020 ὁμοίως
3074 1953 3211 2021 μήτε
3266 1951 3522 2005 διάκονον
3558 1952 3656 2020 πρὸ

2067 2034 2175 2087 τῶν
2212 2044 2287 2088 κε’
2319 2037 2492 2103 ἐτῶν,
2553 2040 2586 2110 ἢ
2645 2041 2987 2094 διακόνισσαν
3038 2044 3145 2113 πρὸ
3176 2042 3284 2095 τῶν
3342 2048 3395 2111 μ’
3446 2043 3655 2113 χρόνων

2070 2142 2129 2195 χε
2140 2144 2153 2177 ι
2164 2143 2344 2195 ροτονε
2355 2128 2506 2183 ίσθω.

2144 2218 2224 2271 ιε’.
2264 2218 2649 2284 ’Υποδιάκονος
2678 2223 2751 2294 μὴ
2784 2225 2960 2294 ἥττων
2996 2225 3105 2277 τῶν
3138 2231 3215 2277 κε’
3245 2223 3656 2294 χειροτονείσθω

2069 2304 2446 2361 ἐνιαυτῶν.Ἐί
2492 2311 2547 2362 δέ
2602 2330 2684 2374 τις
2714 2315 2821 2366 τῶν
2851 2315 2906 2366 ὲν
2946 2314 3126 2385 οίᾳοῦν
3186 2317 3436 2384 ίερατικῇ
3497 2331 3655 2366 κατα-

2076 2400 2265 2451 στάσει
2300 2403 2450 2470 παρὰ
2476 2402 2602 2465 τοὺς
2621 2404 2937 2473 ὁρισθέντας
2968 2407 3371 2477 χειροτονηθείη
3412 2407 3651 2477 χρόνου-ἵν

2071 2488 2460 2559 καθαιρείσθω.

2154 2580 2220 2632 Ἦ
2252 2581 2296 2632 θ’
2328 2581 2572 2647 διάταξις
2598 2585 2689 2638 τοῦ
2720 2584 2768 2638 α’
2795 2587 2899 2639 τίτ.
2930 2588 3024 2641 τοῦ
3060 2595 3109 2642 o.’
3140 2590 3283 2658 βιὸλ.
3319 2590 3417 2643 τοῦ
3444 2591 3575 2644 κώδ.
3599 2593 3653 2644 οὗ

2072 2677 2347 2741 συγχωρεῖ
2373 2674 2617 2741 γίνεσθαι
2646 2677 3008 2742 διακόνισσαν,
3058 2680 3158 2750 τὴν
3201 2682 3276 2751 μὴ
3327 2682 3647 2752 ὑπερϐᾶσαν

2068 2763 2160 2815 τὸν
2189 2762 2231 2827 ξ’
2251 2766 2496 2818 ἐνιαυτόν
2522 2782 2536 2797 ·
2578 2770 2610 2837 ἡ
2637 2769 2693 2820 δὲ
2725 2770 2922 2825 α’διάτ.
2952 2771 3044 2823 τοῦ
3071 2779 3119 2824 α’
3144 2774 3248 2827 τίτ.
3270 2774 3382 2828 τῶν
3410 2778 3648 2846 νεαρῶν,

2071 2855 2209 2907 ἐτῶν
2236 2855 2406 2927 αὐτὴν
2440 2854 2578 2910 εἶναι
2609 2860 2751 2912 θέλει
2776 2868 2837 2925 ν’,
2864 2862 2939 2926 ὡς
2966 2865 3020 2916 εί
3050 2881 3136 2932 γε,
3172 2866 3259 2917 διά
3294 2885 3418 2919 τινα
3469 2870 3640 2922 αἰτίαν

2072 2946 2393 3012 ἀναγκαίαν,
2429 2948 2665 3002 ἐλάττων
2698 2951 2830 3004 οὖσα
2880 2954 3083 3025 ταύτης
3123 2956 3223 3026 τῆς
3258 2957 3482 3026 ἡλικίας
3512 2964 3646 3028 ἐχει-

398 3042 525 3115 qua]
568 3044 743 3096 minor
775 3042 1023 3096 ordinata
1058 3041 1240 3107 fuerit,
1271 3040 1465 3114 [illam]
1503 3042 1554 3096 in
1577 3042 1966 3096 monasterium

2086 3036 2358 3106 ροτονηθη,
2425 3038 2670 3107 βούλεται
2708 3046 3053 3113 μοναστηρίῳ
3091 3047 3457 3117 ὲμσληθῆναι,
3501 3052 3559 3102 ἐν
3611 3041 3649 3116 ᾦ

396 3136 609 3189 detrudi
637 3135 771 3199 vult,
810 3135 861 3187 in
893 3150 1003 3203 quo
1042 3134 1145 3189 viri
1180 3134 1571 3188 commercium
1607 3148 1713 3186 non
1745 3131 1967 3197 habent,

396 3243 497 3281 nec
538 3228 703 3281 libera
732 3227 947 3281 vivendi
982 3227 1118 3280 ratio
1154 3234 1255 3279 est.
1287 3224 1487 3279 Verum
1519 3231 1694 3277 const.
1747 3222 1781 3274 2
1826 3222 1974 3291 ejus-

396 3321 516 3374 dem
551 3320 635 3372 tit.
685 3318 929 3373 ecclesiae
967 3318 1337 3371 diaconissam
1376 3315 1490 3368 fieri
1537 3329 1646 3367 non
1688 3314 1822 3373 vult,
1852 3326 1974 3380 qua:

397 3412 755 3481 quadraginta
788 3411 949 3464 annis
1004 3412 1183 3462 minor
1220 3408 1308 3462 sit.
1346 3406 1543 3460 Eadem
1595 3420 1757 3474 porro
1790 3410 1971 3460 const.

398 3504 524 3557 ait:
595 3501 967 3557 Ordinandum
1024 3501 1399 3569 presbyterum
1453 3513 1559 3551 non
1608 3496 1804 3549 debere
1853 3510 1973 3548 esse

400 3597 665 3650 minorem
709 3595 866 3647 annis
920 3593 1179 3661 triginta,
1233 3591 1517 3645 diaconum
1569 3587 1660 3648 25,
1716 3588 1968 3639 lectorem

399 3687 701 3740 octodecnn
736 3726 749 3749 ,
786 3684 1101 3752 episcopum
1135 3678 1413 3754 [denique]
1452 3679 1671 3748 triginta
1706 3677 1969 3745 quinque.

401 3775 506 3830 Sed
546 3782 723 3829 const.
777 3775 843 3828 17
889 3774 1133 3843 ejusdem
1171 3772 1252 3825 tit.
1308 3771 1422 3825 vult
1458 3777 1516 3823 ut
1545 3768 1830 3836 episcopus
1876 3766 1974 3821 tri-

400 3868 666 3937 gesimum
699 3880 900 3919 annum
926 3864 1244 3919 excesserit.

462 3958 570 4027 97
592 3957 746 4011 CAP.
779 3954 1125 4011 XXIX—De
1170 3954 1654 4023 clmrcpiscoporum
1689 3953 1971 4017 creatione,

398 4059 447 4101 et
505 4053 713 4117 quando
767 4064 829 4100 ac
876 4047 1134 4116 quomodo
1189 4046 1417 4114 offerant
1470 4044 1830 4113 vel|tradant
1889 4057 1969 4095 res

397 4159 601 4207 sacras,
636 4152 683 4196 et
707 4159 959 4211 quosnam
987 4157 1048 4194 ea:
1066 4141 1139 4193 eis
1172 4140 1419 4193 ordinare
1445 4137 1600 4189 liceat
1627 4152 1719 4189 nec
1745 4151 1826 4189 ne.

753 4233 978 4287 Concilii
1009 4232 1278 4302 Ancyrani
1312 4246 1480 4283 canon
1515 4229 1605 4281 15.

472 4329 559 4381 15.
593 4324 1029 4393 Chorepiscopos
1055 4337 1161 4374 non
1190 4321 1352 4374 licere
1382 4318 1725 4388 presbyteros
1745 4315 1829 4370 vel
1855 4316 1972 4371 dia-

402 4435 574 4475 conos
611 4418 889 4479 ordinare,
943 4415 1036 4467 sed
1075 4428 1251 4481 neque
1293 4411 1443 4464 urbis
1478 4409 1844 4478 presbyteros,
1876 4409 1973 4463 nisi

2086 4408 2272 4473 κόνους
2328 4418 2653 4483 χειροτονεῖν
2706 4430 2722 4447 ·

403 4526 526 4564 cum
563 4508 760 4561 litteris
776 4507 844 4560 ab
865 4506 1122 4575 cpisc0po
1143 4504 1472 4574 permissum
1501 4500 1685 4564 fuerit,
1716 4500 1771 4553 in
1796 4501 1971 4556 aliena

404 4599 681 4668 parochia.

687 4711 912 4765 Concitii
935 4709 1375 4765 Neocwsariensis
1405 4726 1574 4764 canon
1601 4711 1689 4764 13.

474 4807 562 4860 15.
600 4804 800 4858 Viearii
828 4812 1009 4857 autem
1055 4802 1356 4873 presbyteri
1394 4816 1504 4855 non
1538 4810 1768 4870 possunt
1800 4800 1853 4853 in
1880 4797 1980 4853 do—

401 4898 604 4952 minico
642 4895 839 4949 oﬂ‘erre
874 4902 1138 4963 praesente
1166 4893 1444 4961 episcopo,
1468 4891 1550 4945 vel
1575 4892 1724 4945 urbis
1756 4890 1980 4959 presby-

401 4991 533 5045 teris
565 5008 578 5043 :
616 5003 789 5057 neque
845 5002 1038 5056 panem
1075 4988 1207 5040 dare
1252 4983 1607 5054 precationis,
1642 4997 1817 5050 neque
1844 4981 1979 5035 cali—

398 5100 536 5138 cem.
573 5082 667 5136 Sin
695 5090 873 5135 autem
901 5079 1105 5147 absint,
1136 5087 1191 5134 et
1218 5078 1369 5134 solus
1395 5076 1460 5131 ad
1489 5074 1855 5147 precationem
1887 5086 1981 5126 vo-

398 5184 554 5231 catus
581 5176 765 5241 fuerit,
796 5175 909 5230 dat.

452 5287 496 5318 ¹⁶
526 5286 566 5341 ll
619 5286 760 5343 Tim.
790 5304 853 5353 ιι,
882 5287 938 5342 4.
1011 5288 1053 5319 ¹⁷
1078 5287 1336 5359 Carthag.
1366 5302 1443 5351 ιιι,
1470 5299 1589 5353 cap.
1617 5282 1702 5337 19.

2073 3127 2280 3196 ἀνδρῶν
2312 3130 2563 3200 ἐπιμιξία
2583 3133 2681 3185 οὐκ
2708 3134 2874 3198 ἔστιν,
2908 3134 3028 3188 οὔτε
3056 3139 3404 3203 αὐτεξούσιος
3431 3142 3610 3194 δίαιτα
3635 3159 3649 3173 ⁸

2070 3220 2104 3288 ὴ
2144 3218 2245 3287 μέν
2285 3237 2368 3272 τοι
2412 3222 2456 3291 β’
2496 3222 2636 3277 διάτ.
2678 3226 2770 3276 τοῦ
2808 3227 2970 3280 αὑτοῦ
3004 3230 3113 3282 τίτ.
3160 3232 3222 3283 οὐ
3271 3230 3416 3284 θέλει
3473 3234 3650 3286 διακό-

2072 3326 2259 3362 νισσαν
2287 3311 2579 3383 ἐκκλησίας
2627 3316 2895 3383 γίνεσθαι,
2937 3320 3044 3371 τῶν
3074 3328 3126 3391 μ’
3150 3324 3289 3375 ὲτῶν
3316 3325 3543 3394 ἥττονα.
3588 3324 3649 3378 Ἦ

2072 3401 2209 3470 αὑτὴ
2256 3402 2312 3454 δὲ
2371 3403 2509 3457 διάτ.
2562 3408 2829 3474 φησὶ,τὸν
2877 3412 3349 3482 χειροτονούμενον
3415 3416 3648 3485 πρεσϐύ-

2071 3509 2226 3562 τερον
2262 3494 2335 3564 μὴ
2367 3496 2600 3563 ὀφείλειν
2637 3494 2775 3551 εἶναι
2797 3501 2993 3570 ἥττονα
3026 3504 3133 3557 τῶν
3169 3504 3213 3556 λ’
3245 3506 3405 3571 ἐτῶν,
3458 3509 3553 3559 καὶ
3577 3495 3647 3558 κε’

2071 3584 2164 3635 τὸν
2196 3585 2461 3651 διάκονον,
2496 3588 2585 3641 τὸν
2632 3592 2688 3643 δὲ
2720 3592 3072 3664 ἀναγνώστην
3128 3596 3218 3665 ιη’,
3262 3597 3356 3649 καὶ
3391 3598 3486 3651 τὸν
3539 3599 3649 3651 ἐπί-

2075 3693 2273 3730 σκοπον
2313 3678 2385 3732 λε’
2405 3697 2417 3710 ·
2450 3682 2483 3751 ἡ
2520 3682 2575 3735 δὲ
2601 3683 2666 3747 ιζ’
2702 3684 2841 3739 διάτ.
2882 3686 2973 3738 τοῦ
2997 3687 3160 3741 αὑτοῦ
3188 3689 3293 3746 τίτ.
3325 3688 3468 3743 θέλει
3497 3690 3644 3745 αὑτὸν

2073 3771 2510 3843 ὑπερϐεϐηκέναι
2548 3775 2615 3827 τὰ
2648 3775 2688 3827 λ’
2728 3776 2845 3847 ἔτη.

2143 3950 2393 4008 ΚΕΦΑΛ.
2418 3954 2545 4009 ΚΘ.
2578 3986 2648 3996 —-
2677 3958 2812 4025 Περί
2846 3959 3141 4027 ποιήσεως
3162 3966 3640 4030 χωρεπισκόπων,

2073 4040 2170 4094 καὶ
2201 4042 2364 4107 πότε,
2409 4046 2507 4098 καί
2540 4047 2665 4113 πῶς
2684 4052 3133 4118 προσφέρουσιν
3168 4054 3206 4123 ἣ
3243 4055 3637 4125 μεταδιδόασι,

2071 4134 2169 4186 καί
2199 4135 2367 4203 τίνας
2404 4141 2852 4206 χειροτονοῦσιν
2878 4142 2916 4212 ἢ
2948 4146 3041 4198 οὐ.

2362 4232 2631 4286 Συνόδου
2700 4234 2979 4303 Ἀγκύρας
3024 4240 3224 4293 κανὼν
3252 4247 3343 4310 ιγ’.

2147 4325 2234 4386 ιγ’.
2254 4321 2704 4392 Χωρεπισκόποις
2731 4330 2806 4398 μὴ
2832 4328 3029 4393 ἐξεῖναι
3052 4333 3452 4406 πρεσϐυτέρους
3474 4336 3508 4406 ἢ
3533 4335 3639 4388 δια-

2778 4418 2914 4473 mat
2975 4421 3081 4491 μὴν
3133 4422 3268 4491 μηδὲ
3334 4424 3639 4485 ἐπισκόποις

2079 4501 2308 4567 πόλεως,
2335 4508 2503 4575 χωρὶς
2532 4507 2624 4560 τοῦ
2656 4509 3021 4580 ἐπιτραπῆναι
3058 4514 3161 4566 ὑπὸ
3204 4515 3301 4567 τοῦ
3342 4517 3635 4570 ἐπισκόπου

2080 4595 2216 4664 μετὰ
2248 4600 2607 4667 γραμμάτων,
2639 4603 2697 4654 ὲν
2719 4603 2880 4674 ἑτέρᾳ
2910 4607 3191 4676 παροικίᾳ.

2251 4710 2521 4765 Συνόδου
2587 4716 3048 4784 Νεοκαισαρείας
3118 4719 3318 4773 κανὼν
3380 4729 3469 4791 ιγ’.

2147 4796 2235 4867 ιγ’.
2274 4801 2583 4873 Ἐπιχώριοι
2612 4806 2969 4878 πρεσϐύτεροι
2994 4811 3051 4862 ἐν
3075 4811 3152 4880 τῷ
3170 4814 3420 4884 κυριακῷ
3443 4816 3537 4884 τῆς
3552 4816 3637 4867 πό-

2072 4890 2209 4954 λεως
2244 4895 2572 4963 προσφέρειν
2602 4897 2663 4950 οὐ
2690 4897 2962 4965 δύνανται,
2997 4903 3265 4970 παρόντος
3292 4908 3632 4975 ὲπισκόπουῆ

2074 4982 2461 5054 πρεσϐυτέρων
2496 4986 2704 5051 πόλεως
2733 5029 2749 5056 ,
2800 4989 2924 5043 οὔτε
2981 4992 3087 5061 μὴν
3125 4994 3289 5064 ἄρτον
3343 4996 3543 5051 διδόναι
3588 5002 3636 5049 ἐν

2077 5073 2210 5142 εὐχῇ
2266 5073 2385 5125 οὐδὲ
2433 5077 2690 5146 ποτήριον
2716 5094 2732 5109 ο
2776 5079 2871 5134 ἐὰν
2909 5081 2965 5133 δὲ
3005 5082 3207 5151 ἁπῶσι,
3239 5088 3334 5137 καὶ
3366 5089 3449 5150 εἰς
3488 5091 3635 5158 εὐχὴν

2079 5162 2274 5233 κληθῇ,
2307 5166 2468 5232 μόνος
2501 5167 2733 5224 δίδωσιν.

1786 5279 1828 5310 ¹⁸
1858 5276 2117 5344 (Iarthag.
2151 5292 2231 5341 ιιι,
2259 5294 2380 5348 cap.
2412 5279 2497 5335 16.

1901 5365 2135 5421 NOT/E.

472 5469 680 5539 (47-30)
724 5470 789 5524 Et
815 5468 1124 5525 Ferrandus
1146 5485 1269 5539 cap.
1299 5470 1423 5532 129,
1450 5478 1502 5523 et
1528 5482 1686 5522 conc.
1715 5462 1968 5530 Carthag.
2010 5502 2017 5511 ν.

400 5539 477 5591 ιιι.
533 5539 621 5590 ‘27.

469 5610 576 5689 (51)
606 5610 712 5665 Ms.
742 5609 800 5665 Si
839 5611 1244 5667 commodaverit
1277 5609 1551 5679 pecuniam
1572 5651 1587 5676 ,
1616 5619 1663 5663 et
1698 5609 1971 5678 pecuniam

398 5691 644 5745 at‘t'tptul.

2153 5462 2513 5544 (322Atloncil.
2559 5467 2815 5544 carthag.
2854 5489 2935 5535 ιιι,
2967 5490 3088 5544 cap.
3124 5478 3178 5542 .1,
3228 5484 3281 5531 et
3315 5475 3632 5533 Ferrandus.

2080 5535 2459 5615 cap_._1°{l,_ex
2484 5539 2679 5615 congii.
2704 5535 2957 5615 Gartltag.
2991 5535 3071 5615 tiri.
3106 5546 3159 5599 9.

2110 5673 2121 5683 .
2150 5605 2552 5683 (5§)_l§gbertus_
2590 5609 2819 5665 Eborac.
2856 5605 2936 5667 titv.
2976 5614 3066 5681 91,
3110 5616 3259 5671 addit
3294 5633 3309 5672 :
3360 5634 3379 5669 ι
3409 5616 3531 5671 Nisi
3560 5632 3633 5669 ra‘

2081 5676 2322 5729 tionabili
2351 5680 2657 5734 necessitate
2683 5693 2909 5751 cogente.
2947 5704 2965 5737 ι
