3886 6240
223 260 327 323 55‘}

494 366 763 421 Συνόδου
830 366 1197 437 Ἀντιοχείας
1247 369 1452 424 κανὼν
1481 377 1535 425 ι’.

294 456 347 512 ι’.
375 458 519 521 Τοὺς
550 460 606 511 ὲν
652 460 774 521 ταῖς
805 458 1019 529 κώμαις
1050 459 1084 531 ἢ
1114 459 1345 530 χώραις,
1385 461 1419 532 ἢ
1467 463 1596 526 τοὺς
1622 462 1811 517 καλου·

222 550 416 620 μένους
484 551 967 622 χωρεπισκόπους,
1038 552 1088 604 ειί
1146 552 1242 605 καὶ
1298 552 1639 623 χειροθεσίαν
1697 550 1808 607 εἷεν

220 642 540 695 ἐπισκόπων
588 642 892 714 εἰληφότες,
926 643 1072 709 ἔδοξε
1116 647 1182 715 τῇ
1212 645 1345 715 ἁγίᾳ
1380 645 1584 716 συνόδῳ
1606 646 1806 699 ειδέναι

218 735 284 786 τὰ
335 733 549 786 ἑαυτῶν
601 733 798 806 μέτρα,
838 735 947 787 ’καὶ
1000 734 1225 789 διοικεῖν
1278 736 1378 800 τὰς
1435 737 1805 807 ὑποκειμένας

218 825 399 884 αὐτοῖς
424 825 748 895 ἐκκλησίας,
784 826 878 878 καὶ
905 827 971 897 τῇ
994 826 1201 880 τούτων
1229 827 1518 897 ἀρκεῖσθαι
1563 828 1805 899 φροντίδι

221 916 311 967 καὶ
338 915 662 985 κηδεμονίᾳ,
714 916 979 987 καθιστᾷν
1036 935 1098 970 τε
1143 918 1496 986 ἀναγνώστας
1533 921 1629 973 καὶ
1667 921 1802 974 imo-

218 1007 496 1070 διακόνους
546 1009 641 1061 καὶ
672 1008 1012 1078 ἐξορκιστὰς,
1041 1011 1136 1065 καὶ
1174 1013 1241 1081 τῇ
1274 1010 1479 1065 τούτων
1514 1013 1802 1083 ἀρκεῖσθαι

221 1101 543 1169 προαγωγῇ,
604 1099 744 1169 μήτε
792 1100 849 1152 δὲ
910 1101 1283 1171 πρεσϐύτερον
1341 1104 1481 1173 μήτε
1546 1104 1795 1159 διάκονον

219 1191 543 1260 χειροτονεῖν
566 1191 771 1261 τολμᾷν
804 1191 928 1261 δίχα
956 1192 1049 1245 τοῦ
1079 1194 1136 1245 ἐν
1173 1196 1243 1264 τῇ
1276 1193 1431 1247 πόλει
1476 1196 1799 1267 ἐπισκόπου,

218 1274 566 1352 ᾖύπόκειται
596 1282 760 1345 αὐτός
782 1300 843 1335 τε
882 1283 977 1336 καὶ
1004 1285 1038 1354 ἡ
1073 1282 1246 1355 χώρα.
1298 1285 1359 1337 Εί
1406 1286 1463 1339 δὲ
1509 1287 1802 1358 τολμήσειε

216 1389 295 1433 τις
347 1372 665 1443 παραϐῆναι
719 1374 788 1427 τὰ
837 1375 1143 1446 ὁρισθέντα,
1204 1376 1587 1448 καθαιρεῖσθαι
1637 1380 1801 1435 αὐτὸν

218 1463 307 1515 καὶ
352 1456 416 1533 ἦς
451 1464 675 1534 μετέχει
719 1465 886 1536 τιμῆς
912 1482 925 1495 ⁸
966 1467 1387 1536 χωρεπίσκοπον
1434 1468 1494 1521 δὲ
1553 1469 1800 1538 γίνεσθαι

219 1553 315 1606 ὑπὸ
344 1554 436 1605 τοῦ
466 1555 572 1624 τῆς
602 1554 805 1619 πόλεως
887 1557 1171 1612 ὑπόκειται
1196 1559 1515 1614 ἐπισκόπου.

284 1645 613 1699 Βασαείου
673 1646 742 1699 ἐκ
782 1646 892 1715 τῆς
938 1648 1090 1716 πρὸς
1123 1648 1264 1714 τοὺς
1302 1654 1798 1721 χωρεπισκόπους

971 259 1369 323 SYNTAGMA
1409 262 1657 323 CANON
1668 264 1796 324 UM.
1818 264 2051 326 —TIT.
2073 265 2123 324 Ι.
2141 265 2300 324 CAP.
2338 263 2743 326 XXIX-XXX.
3376 266 3481 330 55£

1838 378 1886 434 Α
2268 372 2491 429 Concilii
2519 373 2831 427 Antiocheni
2851 388 3019 426 canon
3043 371 3127 426 10.

1989 465 2072 519 l0.
2092 465 2131 519 li
2150 463 2241 534 qui
2260 474 2386 519 sunt
2405 465 2457 517 in
2478 466 2611 518 vicis
2642 465 2723 518 vel
2751 463 2918 533 pagis,
2933 463 3026 532 qui
3046 464 3302 518 dicuntur
3323 463 3483 519 chor-

1908 555 2175 624 episcOpi,
2217 555 2432 610 etiamsi
2459 555 2706 623 episcopi
2728 554 3127 608 ordinationem
3150 568 3483 611 manuumvo

1908 646 2308 717 impositionetn
2347 646 2676 715 acceperint,
2713 647 2889 700 visum
2919 653 3027 708 est,
3067 653 3128 698 ut
3166 659 3327 700 suum
3361 661 3482 700 mo-

1906 737 2036 791 dum
2089 737 2286 802 sciant,
2346 746 2401 791 et
2448 736 2553 791 sibi
2599 736 2874 805 subjectas
2930 735 3193 791 ecclesias
3243 737 3481 790 admini-

1906 836 2102 891 strent,
2121 842 2423 897 earumque
2451 836 2661 895 cura,et
2682 826 3053 883 sollicitudine
3082 828 3318 897 gerenda
3341 843 3478 883 con-

1908 919 2041 973 tenti
2085 920 2232 975 sint:
2267 920 2607 975 constituant
2653 928 2835 973 autem
2894 920 3148 984 lectores,
3210 920 3475 990 hypodia-

1904 1025 2076 1066 conos
2103 1021 2157 1066 et
2178 1012 2569 1075 exorcistas,et
2593 1025 2781 1066 eorum
2802 1010 3202 1080 promotionem
3226 1011 3476 1066 sulIicerc

1903 1099 2243 1165 existiment,
2287 1114 2389 1155 nec
2432 1099 2830 1169 presbyterum,
2873 1114 2972 1153 nec
2995 1099 3282 1153 diaconum
3323 1100 3473 1154 ordi-

1903 1206 2036 1244 nare
2067 1191 2303 1246 audeant
2333 1192 2541 1260 absque
2571 1191 2726 1246 urbis
2744 1190 3020 1260 episcopo,
3053 1190 3141 1244 cui
3185 1190 3475 1257 subjicitur

1900 1283 2019 1352 ipse
2050 1292 2104 1338 et
2134 1283 2307 1354 regio.
2361 1284 2418 1337 Si
2449 1284 2574 1353 quis
2603 1293 2784 1338 autem
2819 1298 2883 1337 ea
2927 1298 3049 1351 quae
3072 1282 3295 1337 deﬁnita
3342 1289 3473 1336 sunt

1904 1376 2209 1444 transgredi
2268 1376 2486 1440 audeat,
2537 1377 2653 1446 ipse
2680 1390 2899 1446 quoque
2950 1377 3253 1444 deponatur
3299 1375 3367 1429 ab
3402 1388 3471 1428 eo

1901 1464 2110 1521 honore
2132 1482 2293 1536 quem
2326 1468 2509 1523 habet.
2548 1467 2670 1523 Fiat
2698 1482 2880 1522 autem
2922 1468 3349 1538 chorcpiscopus
3400 1468 3472 1523 ab

1898 1558 2156 1627 episcopo
2189 1560 2449 1626 civitatis,
2484 1560 2572 1615 cui
2603 1560 2908 1628 subjicitur.

1974 1648 2088 1718 98
2109 1642 2310 1704 Basilii
2337 1667 2401 1703 ex
2424 1650 2644 1719 epistola
2668 1652 2735 1703 ad
2764 1651 3175 1722 clwrepiscopos,
3196 1650 3348 1716 Quad
3368 1667 3472 1706 non

216 1734 571 1804 ἐπιστολῆς,
614 1736 771 1792 ὥστε
820 1741 909 1809 μὴ
942 1741 1213 1809 τίνεσθαι
1258 1741 1436 1811 χωρὶς
1462 1744 1650 1800 αὐτοῦ
1681 1749 1790 1803 ὑπ-

1899 1748 2134 1807 oporteat
2157 1740 2276 1809 ﬁeri
2311 1742 2582 1796 ministros
2606 1751 2789 1796 contra
2813 1758 3055 1798 canones.

218 1827 422 1895 ηρέτας
445 1830 613 1898 παρὰ
638 1831 782 1898 τοὺς
809 1834 1095 1899 κανόνας.

285 1920 426 1973 Πάνυ
454 1939 524 1989 με
554 1921 720 1975 λυπεῖ
738 1924 819 1978 ὅτι
838 1924 1212 1978 ὲπιλελοίπασι
1241 1925 1449 1996 λοιπὸν,
1480 1949 1535 1985 κ.
1575 1948 1630 1985 τ.
1652 1932 1701 1984 λ.

284 2011 533 2067 ΚΕΦΔΛ.
567 2010 653 2066 Λ’.
685 2042 759 2053 —
780 2015 922 2083 Περὶ
948 2016 1056 2070 τοῦ
1090 2016 1241 2072 ἑπτὰ
1278 2021 1375 2074 καὶ
1391 2024 1621 2092 μόνους
1647 2019 1799 2078 εἷναι

220 2101 527 2171 διακόνους
557 2106 845 2175 ὀφείλειν,
878 2109 993 2164 κᾶν
1018 2112 1058 2180 ἡ
1089 2114 1267 2181 πόλις
1303 2116 1538 2188 μεγάλη

386 2197 668 2251 Συνόδου
695 2201 1166 2271 Νεοκαισαρείας
1190 2207 1394 2261 κανὼν
1428 2209 1507 2277 ιδ’,
1536 2216 1617 2264 ιε’.

287 2286 362 2340 ιδ’.
390 2288 452 2340 Ol
486 2288 544 2341 δὲ
568 2292 978 2361 χωρεπίσκοποι
1015 2297 1123 2349 εἰσ)⁵
1156 2297 1257 2369 μὲν
1284 2302 1364 2364 είς
1391 2302 1563 2357 τύπον
1596 2304 1705 2358 τῶν
1728 2311 1793 2373 o',

220 2377 288 2440 ὡς
311 2378 366 2431 δὲ
412 2379 845 2452 συλλειτουργοὶ,
893 2384 981 2438 διὰ
1008 2386 1109 2456 τὴν
1160 2390 1396 2463 σπουδὴν
1431 2392 1531 2464 τὴν
1559 2396 1641 2460 είς
1666 2397 1794 2459 τοὺς

222 2470 454 2538 πτωχοὺς
469 2510 484 2535 ,
510 2472 881 2543 προσφέρουσι
901 2475 1228 2547 τιμώμενοι.

289 2570 365 2616 ιε’.
388 2566 641 2618 Διάκονοι
664 2566 805 2621 ἑπτὰ
826 2568 1129 2638 ὀφείλουσιν
1150 2566 1289 2625 εἶναι
1302 2572 1444 2627 κατὰ
1458 2574 1550 2628 τὸν
1567 2578 1788 2644 κανόνα,

223 2652 317 2705 κᾶν
350 2655 486 2707 πάνυ
535 2657 752 2727 μεγάλη
869 2660 904 2730 ή
950 2660 1104 2724 πόλις
1127 2677 1142 2693 ο
1172 2663 1439 2735 πεισθήσῃ
1471 2665 1528 2720 δὲ
1560 2666 1668 2722 ἀπὸ
1692 2673 1790 2740 τῆς

223 2742 393 2813 βίϐλου
418 2746 526 2800 τῶν
551 2748 836 2819 Πρόξεων.

361 2838 629 2893 Συνόδου
656 2841 1073 2911 οὶκουμενικῆς
1105 2843 1286 2911 ἕκτης
1318 2847 1521 2901 κανὼν
1544 2848 1642 2913 ις’.

287 2925 376 2991 ις’.
391 2929 613 3001 Ἐπειδὴ
634 2932 689 2983 αί
720 2932 829 2985 τῶν
854 2932 1111 3004 Πράξεων
1132 2934 1327 3004 βίϐλοι,
1346 2937 1485 2991 ἑπτὰ
1506 2938 1785 3003 διακόνους

225 3017 319 3071 ὑπὸ
345 3020 450 3073 τῶν
475 3022 793 3076 ἀποστόλων
818 3026 1156 3096 καταστῆναι
1198 3029 1608 3096 παραδιδόασιν,
1643 3033 1693 3085 οἱ
1726 3032 1783 3085 δὲ

224 3112 313 3181 τῆς
359 3116 495 3169 κατὰ
539 3116 977 3190 Νεοκαισάρειαν
1049 3120 1272 3174 συνόδου
1347 3122 1522 3186 οὕτως
1567 3124 1627 3178 ὲν
1668 3126 1779 3188 τοῖς

224 3203 467 3259 ἐκτεθεῖσι
493 3209 628 3278 παρ’
647 3208 824 3261 αὐτῶν
883 3210 1073 3264 κανόσι
1111 3212 1298 3280 σαφῶς
1350 3214 1625 3285 διεξῆλθον
1650 3258 1664 3282 ,
1702 3217 1783 3270 ὃτι

224 3292 436 3348 διάκονοι
456 3298 602 3351 ἑπτὰ
629 3299 936 3369 ὀφείλουσιν
971 3300 1111 3356 εἶναι
1137 3304 1276 3357 κατὰ
1311 3306 1405 3358 τὸν
1438 3308 1657 3373 κανόνα,
1682 3308 1786 3361 κᾶν

226 3387 349 3438 πάνυ
379 3390 586 3461 μεγάλη
621 3392 655 3460 ὴ
688 3391 838 3455 πόλις
861 3393 967 3463 εἴη,
993 3394 1262 3466 πεισθήσῃ
1288 3395 1345 3449 δὲ
1375 3398 1439 3449 ὲκ
1468 3400 1564 3467 τῆς
1601 3398 1784 3469 βίϐλου

226 3477 321 3529 τῶν
341 3480 614 3550 Πράξεων·
644 3484 803 3558 ἡμεῖς
845 3485 924 3555 τῷ
973 3486 1314 3558 ἀποστολικῷ
1366 3489 1515 3561 ῥητῷ
1539 3491 1628 3545 τὸν
1662 3492 1787 3546 νοῦν

226 3568 615 3639 ὲφαρμόσαντες
664 3573 772 3626 τῶν
832 3577 1118 3647 Πατέρων,
1150 3576 1389 3649 εὕρομεν
1435 3580 1513 3643 ὡς
1567 3582 1595 3634 ό
1626 3583 1785 3646 λόγος

228 3662 389 3725 αὐτοῖς
418 3664 477 3715 οὐ
503 3665 640 3736 περὶ
679 3665 790 3719 τῶν
818 3669 931 3730 τοῖς
983 3670 1305 3741 μυστηρίοις
1351 3670 1785 3743 διακονουμένων

226 3750 412 3821 ἀνδρῶν
470 3751 560 3827 ἦν,
624 3756 758 3810 ἀλλὰ
808 3758 937 3828 περὶ
998 3760 1097 3830 τῆς
1148 3761 1208 3813 ὲν
1267 3762 1389 3825 ταῖς
1432 3764 1641 3833 χρείαις
1672 3764 1783 3816 τῶν

228 3842 485 3909 τραπεζῶν
540 3847 848 3919 ὑπουργίας
878 3867 895 3883 ο
954 3850 1057 3921 τῆς
1100 3851 1210 3906 τῶν
1273 3853 1531 3923 Πράξεων
1602 3855 1782 3926 βίϐλου

227 3930 377 3995 οὕτως
410 3937 677 4009 ἐχούσηςο
723 3941 830 3995 Ἔν
870 3942 1001 4006 ταῖς
1028 3944 1278 4012 ἡμέραις
1322 3945 1583 4014 ἐκείναις
1627 3951 1785 4015 πλη-

228 4024 503 4081 θυνόντων
530 4029 655 4083 τῶν
671 4031 971 4100 μαθητῶν,
1005 4034 1241 4104 ἐγένετο
1272 4037 1613 4107 γογγυσμὸς
1663 4038 1785 4092 τῶν

238 4112 621 4185 Ἑλληνιστῶν
669 4123 811 4190 πρὸς
839 4125 981 4192 τοὺς
1008 4125 1337 4195 Ἑϐραίους,
1368 4129 1458 4183 ὅτι
1490 4133 1783 4198 παρεθεω-

223 4206 416 4271 ροῦντο
458 4212 526 4265 ἐν
551 4214 627 4283 τῇ
657 4214 930 4285 διακονίᾳ
974 4216 1051 4287 τῇ
1101 4220 1471 4289 καθημερινῇ
1514 4225 1573 4276 al
1603 4222 1784 4290 χῆραι

227 4297 435 4353 αὐτῶν·
464 4306 1028 4376 προσκαλεσάμενοι
1063 4310 1131 4362 δὲ
1160 4312 1213 4364 ol
1249 4310 1480 4365 δώδεκα
1514 4312 1582 4366 τό
1620 4312 1782 4380 πλῆ-

1969 1916 2365 1974 Permolestum
2398 1918 2551 1986 mihi,
2571 1926 2679 1975 etc.
2715 1917 2783 1973 Ut
2807 1933 2928 1990 pag.
2962 1916 3090 1975 490.

1967 2008 2121 2065 CAP.
2150 2008 2322 2064 XXX.
2361 2038 2431 2053 --
2484 2008 2553 2064 Ut
2597 2010 2650 2063 in
2680 2025 2995 2080 unaquaque
3048 2010 3196 2075 urbe,
3258 2010 3470 2065 etiamsi

1898 2115 2091 2169 magna
2118 2100 2225 2166 sit,
2252 2115 2354 2154 non
2389 2100 2495 2153 sint
2517 2100 2729 2153 diaconi
2752 2099 2870 2169 plus
2898 2116 3057 2169 quam
3076 2109 3291 2169 septem.

2113 2190 2338 2247 Concilii
2366 2190 2790 2247 Neocazsarensis
2811 2208 3033 2246 canones
3069 2192 3149 2257 14,
3183 2192 3269 2247 15.

1966 2281 2055 2337 14.
2108 2282 2493 2354 Cborepiscopi
2546 2294 2728 2339 autem
2764 2294 2893 2339 sunt
2940 2285 3160 2354 quidem
3202 2285 3257 2339 in
3298 2284 3469 2356 ﬁgura

1894 2374 2233 2444 septuaginta
2270 2392 2283 2427 :
2325 2385 2384 2429 ut
2428 2386 2608 2431 autem
2647 2377 3036 2438 comministri,
3080 2388 3304 2446 propter
3349 2387 3467 2432 stu-

1892 2465 2044 2520 dium
2071 2466 2125 2520 in
2153 2481 2442 2536 pauperes,
2472 2468 2710 2523 offerunt
2741 2469 3011 2523 honorati.

1962 2556 2050 2612 15.
2070 2556 2290 2612 Diaconi
2312 2567 2520 2629 septem
2544 2574 2666 2614 esse
2686 2559 2887 2615 debent
2918 2576 2984 2616 ex
3024 2576 3253 2630 canone,
3281 2563 3470 2619 etiam-

1889 2650 1934 2704 si
1988 2650 2060 2705 sit
2103 2666 2301 2721 magna
2331 2651 2553 2708 civitas.
2603 2651 2735 2723 Ejus
2763 2662 2946 2709 autem
2985 2655 3062 2711 rei
3118 2656 3277 2712 ﬁdem
3305 2657 3466 2713 faciet

1889 2740 2026 2796 liber
2053 2742 2333 2797 Actorum.

2185 2837 2411 2893 Concilii
2431 2836 2731 2892 acumenici
2758 2853 2814 2891 v1
2852 2850 3023 2894 canon
3054 2838 3150 2907 16,

1963 2934 2047 2990 l6.
2087 2932 2360 3000 Quoniam
2390 2934 2625 2986 Actuum
2659 2930 2797 2986 liber
2841 2939 3049 3001 septem
3085 2932 3344 2989 diaconos
3393 2934 3464 2988 ab

1887 3026 2149 3097 apostolis
2222 3023 2554 3079 constitutos
2610 3036 2733 3077 esse
2785 3022 2976 3087 tradit,
3026 3023 3464 3081 Neocaesarensis

1887 3128 2067 3174 autem
2098 3116 2339 3186 synodus
2354 3115 2398 3146 ¹⁹
2425 3115 2506 3169 sic
2532 3116 2584 3168 in
2616 3129 2648 3168 a
2684 3129 2744 3169 se
2770 3114 2930 3169 editis
2950 3116 3249 3170 canonibus
3279 3126 3465 3185 aperte

1886 3210 2181 3276 disseruit;
2221 3208 2365 3279 quod
2396 3216 2601 3277 septem
2628 3206 2828 3262 debent
2867 3221 2991 3263 esse
3025 3208 3241 3263 diaconi
3266 3224 3332 3262 ex
3372 3223 3465 3265 ca-

1887 3317 2049 3367 none,
2078 3301 2293 3356 etiamsi
2320 3300 2393 3356 sit
2418 3298 2569 3353 valde
2600 3313 2794 3367 magna
2839 3297 3055 3362 civitas,
3084 3314 3151 3352 ex
3181 3298 3322 3353 libro
3359 3314 3461 3353 au-

1886 3405 1994 3450 tem
2032 3394 2261 3449 Actunm
2307 3392 2767 3463 persuadeberis:
2810 3407 2912 3447 nos
2971 3406 3098 3446 cum
3140 3392 3286 3447 dicto
3326 3407 3463 3463 apo-

1886 3486 2082 3542 stolico
2127 3485 2349 3541 Patrum
2382 3492 2618 3539 mentem
2679 3484 3115 3554 adaptassemus,
3155 3484 3466 3540 invenimus

1885 3595 1980 3634 eos
2012 3594 2135 3636 esse
2162 3579 2374 3633 locutos
2402 3591 2513 3632 non
2540 3577 2607 3632 de
2633 3577 2787 3641 viris,
2832 3576 2927 3646 qui
2972 3576 3293 3631 ministrant
3337 3592 3461 3649 my-

1884 3669 2067 3725 sueriis
2094 3710 2109 3735 ,
2154 3670 2249 3725 sed
2281 3670 2349 3725 de
2380 3666 2684 3724 ministerio
2739 3667 2885 3736 quod
2915 3666 2971 3720 in
3014 3681 3119 3722 usu
3150 3681 3464 3721 mensarum

1885 3764 2265 3829 adhibebatur,
2317 3777 2445 3818 cum
2498 3761 2634 3815 liber
2672 3761 2909 3814 Actuum
2964 3760 3045 3814 sic
3094 3759 3292 3814 habeat
3341 3776 3355 3813 :
3396 3759 3466 3813 In

1884 3854 2232 3918 diebus,illis
2298 3870 2418 3908 eum
2475 3851 2863 3922 discipulorum
2922 3850 3206 3905 multitudo
3250 3867 3465 3905 cresce-

1885 3959 2000 4012 ret,
2064 3946 2169 4016 fuit
2214 3944 2520 4001 Greecorum
2575 3960 2819 3998 murmur
2875 3945 3124 3997 adversus
3176 3942 3464 4010 Hebrwos,

1883 4038 2022 4108 quod
2050 4035 2474 4106 despiciebantur
2501 4050 2681 4088 eorum
2710 4033 2886 4087 vidua:
2915 4033 2972 4086 in
2999 4032 3294 4087 ministerio
3331 4050 3465 4100 quo-

1884 4131 2109 4185 tidiano.
2139 4128 2252 4199 99
2280 4126 2571 4180 Duodecim
2599 4141 2744 4195 ergo,
2777 4125 3041 4177 accersita
3082 4126 3465 4191 discipulorum

1885 4220 2222 4275 multitudine
2247 4219 2538 4272 dixerunt:
2566 4215 2689 4270 Non
2718 4215 2908 4285 placet,
2941 4223 2997 4268 ut
3046 4217 3197 4270 verbo
3230 4216 3329 4270 Dei
3376 4232 3463 4269 re-

1884 4314 2011 4367 licto
2041 4313 2232 4367 mensis
2258 4312 2578 4374 serviamus;
2604 4308 2867 4378 providete
2895 4324 3017 4377 ergo
3036 4347 3050 4372 ,
3077 4308 3292 4376 fratres,
3323 4310 3461 4363 viros

228 4389 316 4452 θος
337 4388 445 4443 τῶν
458 4394 757 4462 μαθητῶν,
778 4391 969 4449 εἷπον
1007 4400 1129 4451 Οὺκ
1157 4399 1415 4466 ἀρεστόν
1429 4400 1600 4454 ἐστιν
1625 4400 1783 4470 ἡμᾶς

1899 4419 1950 4457 ιω
1979 4402 2147 4469 vobis,
2177 4404 2241 4456 de
2264 4401 2454 4472 quibus
2481 4401 2672 4454 bonum
2697 4401 2763 4453 sit
2797 4402 3157 4454 testimonium
3178 4443 3192 4467 ,
3241 4410 3458 4471 septem,

228 4484 679 4551 καταλείψαντας
693 4486 994 4556 τὸνλόγον
1005 4490 1110 4543 τοῦ
1129 4491 1297 4553 Θεοῦ,
1321 4491 1624 4546 διακονεῖν
1646 4509 1783 4561 τρα-

228 4566 402 4636 πέζαις
423 4588 438 4604 ο
456 4571 880 4643 ’ἐπισκέψασθε
907 4574 1021 4633 οὖν
1046 4620 1059 4644 ,
1091 4580 1342 4648 ἀδελφοὶ
1365 4620 1380 4644 ,
1435 4580 1661 4648 ἄνδρας
1709 4583 1779 4647 ἐξ

228 4658 374 4724 ὑμῶν
398 4668 913 4737 μαρτυρουμένους
940 4670 1110 4735 ἑπτὰ,
1157 4673 1411 4740 πλήρεις
1434 4675 1780 4742 Πνεύματος

228 4750 376 4816 ἁγίου
426 4758 519 4810 καί
554 4760 795 4827 σοφίας,
849 4761 958 4825 οὓς
1017 4764 1484 4833 καταστήσομεν
1524 4765 1623 4819 ἐπὶ
1665 4764 1777 4834 τῆς

230 4844 409 4911 χρείας
458 4852 677 4918 ταύτης
703 4867 717 4880 ·
761 4853 933 4920 ἡμεῖς
988 4854 1057 4906 δὲ
1105 4855 1179 4923 τῇ
1209 4856 1525 4927 προσευχῇ
1564 4858 1663 4911 καὶ
1702 4855 1778 4926 τῇ

230 4928 474 5003 διακονίᾳ
541 4941 650 4995 τοῦ
705 4943 893 5009 λόγου
966 4946 1597 5016 προσκαρτερήσομεν.
1669 4938 1782 5001 Καὶ

232 5020 427 5088 ἤρεσεν
453 5033 483 5082 ὁ
515 5034 696 5101 λόγος
737 5034 837 5087 ἐπί
884 5037 1115 5102 παντὸς
1157 5038 1264 5091 τοῦ
1311 5041 1591 5105 πλήθους
1618 5056 1631 5069 ·
1684 5040 1781 5093 καὶ

232 5111 554 5182 ἐξελέξαντο
576 5125 880 5194 Στέφανον
908 5128 1097 5195 ἄνδρα
1134 5128 1336 5199 πλιξρη
1372 5133 1632 5199 πίστεως
1680 5134 1780 5186 καὶ

236 5205 547 5278 Πνεύματος
568 5216 757 5285 ἁγίου,
790 5217 887 5270 καὶ
925 5220 1247 5285 Φίλιππον,
1300 5221 1399 5274 καὶ
1448 5222 1776 5290 Πρόχορον,

237 5296 319 5348 καὶ
339 5301 634 5372 Νικάνορα,
665 5308 764 5360 καὶ
820 5310 1084 5377 Τίμωνα,
1124 5312 1217 5363 καί
1279 5312 1616 5381 Παρμενᾶν,
1674 5315 1775 5369 καὶ

240 5388 498 5447 Νικόλαον
549 5399 938 5466 προσήλυτον
971 5403 1299 5471 Ἀντιοχέα,
1352 5404 1457 5470 οὓς
1502 5404 1779 5472 ἔστησαν

241 5477 463 5537 ἐνώπιον
512 5489 625 5543 τῶν
684 5493 1066 5547 ἀποστόλων.
1106 5494 1292 5547 Ταῦτα
1343 5495 1716 5566 διερμηνεύων
1749 5498 1778 5549 ό

242 5567 634 5649 τῆςἚκκλησίας
669 5583 986 5648 διδάσκαλος
1030 5586 1282 5656 Ἰωάννης
1315 5590 1343 5639 ὁ
1372 5586 1774 5657 Χρυσόστομος,

307 5685 343 5717 ¹⁹
375 5690 496 5747 (Ian.
530 5696 612 5752 l5.
691 5700 736 5731 ³ο
769 5700 891 5755 Act.
924 5718 997 5775 vt,
1038 5702 1149 5757 1-7.
1228 5703 1272 5734 ¹¹
1303 5701 1504 5758 llomil.
1534 5680 1676 5756 15ἰή
1706 5702 1861 5755 Acta.

425 5788 679 5855 PATBOL.
726 5797 845 5857 Gn.
894 5796 1050 5859 CIV.

1880 4496 2087 4564 Spiritu
2117 4503 2301 4549 sancto
2331 4503 2379 4547 et
2416 4493 2681 4563 sapientia
2728 4491 2929 4562 plenos,
2976 4509 3105 4562 quos
3134 4494 3187 4547 in
3234 4496 3331 4548 hoc
3359 4512 3463 4549 usu

1877 4591 2255 4643 constituemus
2281 4600 2300 4639 :
2332 4602 2423 4639 nos
2454 4596 2632 4639 autem
2664 4586 2721 4638 in
2743 4586 2984 4639 oratione
3015 4596 3064 4639 et
3124 4587 3263 4640 verbi
3304 4590 3463 4643 minis

1876 4681 2040 4735 sterio
2076 4680 2288 4750 fortiter
2317 4675 2784 4747 perseverabimus.
2835 4675 2905 4730 Et
2942 4677 3323 4746 placuitsermo
3368 4697 3460 4733 co-

1875 4790 1993 4827 ram
2028 4772 2172 4826 omni
2227 4770 2587 4833 multitudine,
2630 4768 2962 4838 etelegerunt
3011 4768 3332 4840 Szepltanum
3383 4774 3458 4825 vi-
3566 4830 3569 4831 ν

1880 4877 2000 4914 rum
2034 4858 2245 4929 plenum
2296 4859 2399 4927 ﬁde
2424 4867 2474 4911 et
2532 4856 2742 4927 Spiritu
2777 4867 2984 4921 sancto,
3018 4856 3345 4928 Philippum,
3407 4872 3459 4913 et

1882 4949 2227 5012 Procltorum,
2254 4957 2303 5001 et
2338 4946 2680 5011 Nicanorem,
2722 4958 2771 5000 et
2823 4946 3115 5012 Timonem,
3158 4959 3207 5001 et
3238 4948 3457 5002 Parme-

1883 5058 2025 5103 nam,
2075 5051 2122 5093 et
2180 5038 2468 5092 Nicolaum
2506 5038 2831 5108 proselytum
2888 5040 3290 5103 Antiochenam,
3326 5057 3455 5109 quos

1881 5143 2178 5187 statuerunt
2206 5148 2388 5185 coram
2420 5129 2675 5199 apostolis
2700 5132 2765 5181 ’°.
2800 5129 2926 5184 Hmc
2954 5129 3319 5198 interpretans
3351 5131 3454 5184 Ec-

1887 5222 2066 5276 clesiae
2093 5222 2285 5276 doctor
2308 5220 2548 5275 Joannes
2589 5218 3101 5288 Chrysostomus“,
3154 5217 3233 5272 sic
3268 5234 3457 5287 prose-

1876 5314 2065 5384 quitur
2093 5330 2106 5366 :
2143 5311 2238 5367 Est
2262 5325 2441 5381 operae
2475 5309 2709 5379 pretium
2736 5309 3017 5374 admirari,
3039 5310 3312 5377 quomodo
3346 5328 3455 5366 non

1875 5415 1958 5462 cst
2002 5406 2178 5461 scissa
2231 5404 2526 5459 multitudo
2568 5403 2623 5457 in
2668 5402 2913 5457 virorum
2973 5400 3255 5466 electione,
3320 5417 3458 5471 quo-

1875 5497 2039 5553 modo
2084 5512 2192 5551 non
2226 5505 2354 5551 sunt
2406 5495 2474 5549 ab
2518 5494 2651 5563 ipsis
2682 5492 2864 5560 rejecti
2901 5506 2965 5546 ac
3020 5492 3289 5560 reprobati
3316 5509 3450 5562 apo-

1876 5587 2027 5643 stoli.
2070 5584 2376 5652 Quamnam
2412 5593 2592 5641 autem
2638 5582 2911 5638 habebant
2962 5580 3018 5635 hi
3050 5582 3452 5651 auctoritatem,

2983 5797 3055 5856 18
