3886 6240
370 211 477 275 555

1524 202 1790 264 ῙἮΟΤΙῘ
1827 202 2335 263 PATRIARCHAZ
2354 202 2478 263 GP.

3536 199 3635 265 556

370 332 425 379 et
449 335 615 393 quam
646 322 976 388 acceperunt
1019 312 1443 380 ordinationem,
1474 312 1618 368 scire
1640 321 1725 368 est
1754 326 1947 367 neces-

2062 308 2223 373 )i'nw;
2255 310 2503 375 διέξεισιο
2532 308 2825 380 Θαυμάσαι
2853 310 3005 375 ἄξιον
3034 309 3150 372 πῶς
3172 310 3276 364 οὑκ
3312 308 3551 380 ’ἐσχίσθη
3578 312 3634 365 τὸ

371 415 600 470 sarium.
644 408 921 479 Numquid
950 406 1345 461 diaconorum'!
1367 404 1533 474 Atqui
1567 404 1674 458 hoc
1714 418 1822 456 non
1861 410 1946 457 est

371 504 426 557 in
469 499 737 556 ecclesiis.
792 497 899 551 Sed
949 503 1034 552 est
1074 495 1517 564 presbyterorum
1565 489 1946 561 dispensatio?

370 588 533 658 Atqui
572 586 756 639 nullus
786 582 968 637 adhuc
1008 592 1128 637 erat
1157 581 1469 649 episcopus,
1526 578 1621 633 sed
1664 577 1766 632 soli
1815 592 1945 647 apo-

369 676 514 730 stoli.
546 672 697 728 Unde
722 687 820 725 nec
843 671 1224 731 diaconorum,
1254 683 1353 722 nec
1375 667 1815 737 presbyterorum
1847 679 1948 717 ηοε-

372 775 494 814 men
510 758 1152 823 existimamusapertum
1183 767 1307 807 esse
1332 766 1396 805 ac
1418 750 1789 805 manifestum.
1814 746 1949 803 Prn-

369 860 490 918 pter
520 849 622 901 hoc
654 860 786 915 ergo
816 860 914 899 nos
951 856 1164 911 quoque
1197 839 1580 909 praedicamus,
1622 849 1682 893 ut
1707 837 1951 907 praedicti

370 949 575 1010 septem
610 937 827 992 diaconi
868 950 975 989 non
998 936 1066 988 de
1114 934 1183 988 iis
1214 932 1574 1001 accipiantur,
1620 931 1715 1000 qui
1750 940 1951 1000 myste-

2050 401 2254 473 πλῆθος
2290 401 2383 454 ἐπὶ
2414 404 2480 472 τῇ
2514 402 2724 473 αἱρέσει
2752 401 2862 455 τῶν
2880 402 3112 472 ἀνδρῶν,
3134 403 3252 465 πῶς
3291 403 3396 456 οὑκ
3447 403 3634 457 ἀπεδο-

2051 492 2400 563 κιμάσθησαν
2431 493 2526 545 ὑπ’
2553 494 2734 545 αὑτῶν
2764 494 2815 545 οῖ
2839 494 3129 547 ἀπόστολοι
3163 510 3178 525 ο
3211 494 3397 547 ὁποῖον
3427 493 3490 546 δὲ
3533 494 3633 567 ἄρα

2050 584 2269 654 ἀξίωμα
2298 580 2443 653 εἶχον
2481 577 2647 648 οὗτοι,
2675 584 2770 638 καὶ
2801 586 2962 638 ποίαν
2992 585 3243 651 ἐδέξαντο
3275 587 3631 655 χειροτονίαν,

2052 678 2352 744 ἀναγκαῖον
2383 676 2577 746 μαθεῖν
2600 691 2620 707 ⁸
2648 674 2759 749 ἆρα
2782 679 2883 749 τὴν
2904 680 3013 732 τῶν
3047 679 3346 745 διακόνωνς
3375 680 3475 733 καὶ
3532 682 3630 748 μὴν

2052 766 2213 819 τοῦτο
2249 767 2307 821 ἐν
2346 769 2473 829 ταῖς
2502 767 2823 837 ἐκκλησίαις
2856 769 2959 822 οὑκ
2994 769 3161 822 ἐστιν·
3192 768 3333 821 ἀλλὰ
3358 769 3471 820 τῶν
3510 786 3633 839 πρε-

2052 861 2330 931 σϐυτέρων
2364 862 2517 914 ἐστὶν
2546 862 2580 931 ἡ
2614 862 2897 931 οἰκονομία
2929 876 2944 925 ;
2972 861 3080 913 Καί
3106 879 3187 913 τοι
3213 863 3429 917 οὐδέπω
3465 864 3633 925 οὑδεὶς

2046 952 2342 1015 ἐπίσκοπος
2399 948 2487 1022 ἦν,
2529 952 2644 1005 ἀλλ’
2692 955 2741 1006 οἱ
2776 952 3063 1007 ἀπόστολοι
3115 954 3275 1024 μόνον
3310 972 3324 983 ·
3353 955 3479 1007 ὅθεν
3517 953 3631 1006 οὗτε

370 1034 466 1086 riis
502 1030 771 1093 serviunt,
800 1036 858 1081 ut
913 1025 1175 1095 estprius
1213 1022 1463 1092 exposita
1516 1021 1789 1085 doctrina,
1850 1020 1945 1076 sed

2062 1044 2326 1109 ῑιακόνων,
2381 1020 2505 1097 οὑτε
2555 1046 2945 1116 πρεσϐυτέρων
2981 1020 3214 1100 εἷναι-τὸ
3250 1045 3424 1114 ὄνομα
3482 1046 3629 1113 δῆλον

367 1136 463 1176 eos
496 1118 838 1189 esseﬁquibus
856 1118 957 1173 luit
978 1116 1289 1171 concredita
1311 1132 1375 1169 ac
1393 1114 1591 1169 tradita
1610 1115 1943 1183 dispensatio

368 1211 648 1267 communi
677 1224 860 1264 eorum
886 1222 1009 1272 usu,
1044 1207 1137 1276 qui
1164 1215 1295 1261 tunc
1311 1206 1522 1260 collecti
1545 1205 1763 1260 fuerant
1794 1206 1937 1275 (54),

368 1305 460 1375 qui
501 1303 659 1358 nobis
695 1303 751 1355 in
793 1302 895 1356 hoc
941 1314 1159 1370 quoque
1193 1299 1365 1353 forma
1402 1297 1557 1354 fuere
1584 1298 1941 1354 humanitatis

367 1406 422 1451 et
447 1396 610 1451 studii
652 1397 705 1448 in
729 1410 822 1449 eos
853 1396 947 1464 qui
972 1394 1236 1464 indigent.

2046 1135 2302 1204 φανερόν.
2351 1133 2473 1187 Ἐπὶ
2514 1134 2721 1198 τούτοις
2754 1131 2848 1188 οὑν
2907 1135 3255 1206 κηρύσσομεν
3303 1138 3401 1187 καὶ
3454 1136 3628 1204 ἡμεῖς,

2048 1222 2190 1275 ὥστε
2219 1223 2345 1285 τοὺς
2364 1224 2799 1294 προειρημένους
2824 1225 2964 1278 ἐπτὰ
2984 1225 3289 1289 διακόνους,
3318 1224 3393 1296 μὴ
3417 1226 3513 1277 ἐπὶ
3533 1225 3631 1277 τῶν

2049 1310 2162 1370 τοῖς
2193 1310 2511 1380 μυστηρίοις
2570 1311 3006 1382 διακονουμένων
3057 1313 3120 1365 λα
3130 1314 3299 1383 μϐἀνε
3309 1315 3459 1381 σθαι,
3499 1315 3631 1367 κατᾶ

2052 1400 2151 1471 τὴν
2181 1403 2721 1474 προερμηνευθεῖσαν
2774 1405 3146 1471 διδασκαλίαν,
3193 1406 3330 1459 ἀλλὰ
3361 1407 3491 1469 τοὺς
3542 1406 3633 1475 τὴν

367 1488 678 1557 οἰκονομίαν
741 1487 840 1557 τῆς
879 1486 1064 1554 κοινῆς
1137 1483 1326 1555 χρείας
1372 1481 1484 1535 τῶν
1546 1482 1667 1538 τότε
1719 1487 2199 1560 συνηθροισμένων
2238 1494 2700 1565 ἐγχειρισθέντας,
2744 1496 2969 1560 τούτους
3019 1496 3308 1567 ὑπάρχειν,
3376 1496 3430 1549 οἳ
3472 1496 3631 1558 τύπος

367 1583 501 1653 ἡμῖν
552 1580 654 1632 κὰν
712 1577 887 1646 τούτῳ
922 1577 1182 1646 γεγόνασι
1213 1576 1315 1645 τῆς
1342 1576 1471 1647 περὶ
1494 1576 1622 1639 τοὺς
1654 1575 1943 1646 δεομένους
1984 1583 2394 1655 φιλανθρωπίας
2444 1603 2505 1639 τε
2560 1587 2657 1640 καὶ
2703 1588 2960 1658 σπουδῆς.

441 1670 657 1726 Textus.
696 1669 889 1724 Const.
942 1684 982 1733 ι,
1017 1670 1104 1724 tit.
1143 1671 1166 1724 1
1200 1671 1552 1725 Novellarnm
1583 1668 1748 1734 dicit,
1794 1670 1941 1739 quod
1973 1678 2016 1733 Β

366 1778 562 1817 eorum
597 1776 907 1828 numerum,
940 1760 1108 1830 quiin
1131 1776 1460 1832 unaquaque
1488 1762 1725 1817 ecclesia
1784 1763 1949 1817 mini-

366 1863 565 1918 strant,
613 1855 888 1907 redituum
962 1853 1121 1923 100
1178 1853 1455 1923 quantitas
1519 1860 1574 1907 et
1648 1852 1945 1908 inveterata

367 1945 708 2000 consuetudo
769 1944 1011 1999 deﬁniat.
1065 1945 1258 1999 Const.
1306 1959 1435 1999 vero
1485 1943 1520 1999 9
1559 1942 1806 2013 ejusdem
1858 1944 1943 1997 tit.

363 2039 551 2108 jubet,
596 2047 657 2092 ut
709 2038 762 2091 in
800 2037 992 2107 Magna
1058 2036 1286 2092 ecclesia
1336 2035 1943 2105 Constantinopolitana

368 2133 479 2185 sint
509 2130 816 2201 presbyteri
857 2129 1163 2200 sexaginta,
1217 2129 1435 2183 diaconi
1471 2136 1690 2183 centum
1712 2170 1726 2195 ,
1757 2128 1942 2183 diaco-

368 2222 532 2277 nissze
571 2222 782 2291 viginti,
817 2220 1140 2277 subdiaconi
1189 2220 1487 2291 nonaginta
1510 2262 1525 2286 ,
1560 2220 1792 2274 lectores
1821 2235 1953 2274 cen-

368 2320 481 2366 tum
513 2318 567 2365 et
606 2310 828 2375 decem,
875 2318 1125 2364 cantores
1161 2309 1353 2379 viginti
1416 2309 1692 2379 quinque,
1740 2310 1951 2364 ostiarii

368 2411 613 2458 centum.
668 2401 925 2472 Ejusdem
975 2411 1157 2455 autem
1214 2402 1299 2455 tit.
1342 2411 1517 2456 const.
1569 2402 1658 2464 10,
1708 2403 1858 2470 vult,
1894 2413 1955 2457 ut

368 2493 424 2547 in
452 2493 575 2547 aliis
599 2491 846 2547 ecclesiis
871 2499 1118 2545 servetur
1158 2489 1226 2542 ab
1270 2488 1424 2542 initio
1456 2488 1738 2543 deﬁnitum
1776 2498 1951 2543 statu-

368 2594 505 2639 tum.
553 2583 823 2639 Caeterum
870 2597 967 2652 per
1019 2582 1247 2635 l'nrmam
1291 2579 1496 2635 domini
1554 2578 1789 2634 Heraclii
1827 2595 1954 2634 con-

368 2676 544 2732 stituti
599 2686 722 2730 sunt
776 2675 829 2728 in
880 2673 1071 2729 eadem
1132 2671 1322 2742 Magna
1381 2672 1613 2727 ecclesia
1657 2673 1956 2743 presbyteri

369 2768 667 2837 octoginta,
703 2765 923 2821 diaconi
962 2764 1398 2834 quinquaginta,
1446 2762 1770 2818 diaconissa:
1820 2780 1959 2834 qua-

2128 1675 2191 1730 'H
2205 1676 2261 1730 δὲ
2286 1684 2335 1730 α’
2357 1677 2600 1744 διάταξις
2616 1680 2712 1733 τοῦ
2742 1687 2790 1733 α’
2818 1680 2924 1734 τίτ.
2957 1679 3069 1734 τῶν
3096 1679 3325 1746 Νεαρῶν
3352 1680 3491 1749 φησι
3512 1720 3527 1745 ,
3555 1677 3632 1733 δτι

2049 1765 2141 1820 τὸν
2164 1768 2398 1839 ἀριθμὸν
2418 1770 2527 1823 τῶν
2551 1773 2608 1823 ἐν
2633 1771 2839 1843 ἑκάστῃ
2862 1772 3127 1843 ἐκκλησίᾳ
3151 1772 3629 1843 λειτουργούντων.

2050 1858 2349 1931 ήποσότης
2392 1862 2495 1931 τῆς
2539 1862 2803 1933 προσόδου
2843 1863 2941 1917 καὶ
2996 1864 3030 1933 ἠ
3088 1864 3415 1935 κρατήσασα
3467 1863 3631 1934 ὁρίζει

2052 1947 2332 2018 συνήθεια.
2378 1950 2445 2002 Ἠ
2471 1950 2528 2002 δὲ
2580 1948 2627 2002 θ’
2656 1949 2749 2003 τοῦ
2801 1949 2965 2003 αὑτοῦ
2999 1949 3209 2015 τίτλου,
3255 1951 3443 2004 τάττει
3475 1950 3533 2001 ἐν
3570 1951 3633 2018 τῇ

2047 2038 2278 2111 Μεγάλῃ
2332 2040 2601 2112 ἐκκλησίᾳ
2664 2041 3294 2104 Κωνσταντινουπόλεως
3334 2041 3633 2111 πρεσϐυτέο

2050 2146 2178 2199 ρους
2198 2129 2262 2197 ξ’,
2291 2131 2575 2196 διακόνους
2596 2132 2665 2203 ρ’,
2686 2132 3029 2197 διακονίσσας
3045 2140 3120 2203 μ’,
3153 2132 3544 2196 ὑποδιακόνους
3566 2129 3632 2199 ι’.

2049 2220 2402 2289 ἀναγνώστας
2435 2230 2523 2293 ρι’,
2552 2223 2763 2294 ψάλτας
2795 2231 2894 2290 κε’,
2926 2223 3213 2296 θυρωροὺς
3239 2230 3303 2293 ρ”
3330 2227 3365 2294 ἡ
3393 2223 3454 2278 δὲ
3487 2230 3518 2277 ι’
3545 2223 3634 2277 τοῦ

2050 2307 2216 2361 αὑτοῦ
2245 2308 2351 2364 τίτ.
2378 2310 2518 2365 διάτ.
2549 2311 2799 2381 βούλεται
2820 2314 2877 2365 ἐν
2912 2315 3033 2376 ταῖς
3072 2311 3263 2376 ἄλλαις
3310 2312 3631 2382 ἐκκλησίαις

2052 2398 2414 2466 φυλάττεσθαι
2437 2401 2498 2453 τὸ
2539 2402 2598 2466 ἐξ
2635 2403 2808 2473 ἀρχῆς
2840 2402 3057 2473 ὁρισθὲν
3115 2401 3435 2456 πατοῦτον.
3502 2402 3631 2455 Ἀπὸ

2048 2489 2105 2543 δὲ
2127 2490 2300 2546 τύπου
2321 2492 2415 2545 τοῦ
2440 2493 2702 2548 δεσπότου
2742 2494 3062 2566 Ἡρακλείου
3116 2486 3440 2565 ὡρίσθησαν
3467 2494 3527 2546 ἐν
3570 2495 3633 2564 τῇ

2053 2582 2190 2653 αὑτῇ
2216 2583 2445 2655 Μεγάλῃ
2470 2585 2736 2656 ἐκκλησίᾳ.
2765 2586 3126 2658 πρεσϐύτεροι
3160 2584 3239 2651 π’,
3272 2583 3514 2638 διάκονοι
3539 2591 3630 2653 ρν³,

2054 2673 2391 2727 διακόνισσαι
2413 2681 2486 2744 μ’,
2529 2676 2870 2731 ὑποδιάκονοι
2898 2676 2963 2741 o',
3002 2677 3350 2747 ἁναγνῶσται
3383 2672 3632 2747 ρξ’,ψάλ-

2055 2783 2145 2819 ται
2175 2772 2276 2835 κε’,
2310 2768 2551 2841 θυρωροὶ
2584 2776 2680 2824 οε⁹.

369 2859 646 2931 draginta,
696 2858 1020 2913 subdiaconi
1049 2858 1416 2928 septuaginta,
1462 2858 1695 2913 lectores
1722 2867 1942 2914 centum
1986 2861 2293 2931 sexaginta,
2324 2873 2575 2919 cantores
2600 2863 2789 2936 viginti
2819 2862 3088 2934 quinque,
3147 2865 3360 2921 ostiarii
3415 2876 3633 2937 septua-

370 2960 517 3033 ginta
550 2959 819 3028 quinque.

440 3049 593 3106 CAP.
644 3048 838 3104 XXXI.
885 3080 951 3090 —
980 3047 1210 3114 Quinam
1258 3045 1362 3101 sint
1406 3045 1620 3110 clerici,
1674 3045 1781 3100 sive
1825 3046 1947 3115 qui-

2126 3042 2377 3097 ΚΕΦΔΛ.
2423 3039 2550 3095 AA'.
2602 3072 2673 3083 —
2706 3043 2872 3107 Τίνες
2920 3033 3041 3096 εὶσὶ
3087 3040 3362 3109 κληρικοὶ
3390 3083 3406 3106 ,
3458 3042 3496 3109 ἢ
3534 3040 3635 3108 τῆς

372 3160 494 3199 nam
528 3143 596 3197 ad
625 3142 1039 3197 ecclesiasticum
1066 3139 1308 3193 ordinem
1340 3138 1696 3208 pertinentes?

716 3233 945 3290 Concilii
989 3230 1273 3285 Laodiceni
1313 3245 1480 3283 canon
1510 3229 1602 3283 24.

437 3328 527 3383 24.
549 3326 704 3394 Quod
745 3340 853 3379 non
884 3332 1104 3393 oportet
1132 3329 1395 3385 sacratos,
1428 3335 1458 3374 a
1497 3317 1828 3389 presbyteris
1857 3332 1951 3372 us-

370 3430 477 3485 que
521 3417 587 3469 ad
634 3414 913 3478 diaconos,
967 3420 1022 3466 et
1070 3410 1328 3478 deinceps
1356 3409 1655 3480 quemlibet
1687 3408 1947 3463 ecclesia-

371 3507 492 3562 stici
521 3506 729 3561 ordinis
776 3518 955 3573 usque
1001 3503 1067 3556 ad
1113 3503 1420 3568 ministros,
1460 3501 1544 3555 vel
1584 3501 1836 3566 lectores,
1866 3499 1951 3553 vel

372 3608 649 3664 cantores,
676 3598 765 3652 vel
794 3596 1219 3651 exercitatorum
1255 3592 1498 3659 ordines,
1546 3592 1600 3647 in
1645 3606 1950 3662 cauponam

375 3689 607 3758 ingredi.

444 3778 660 3832 Tcxtus.
716 3777 906 3832 Const.
954 3791 1031 3843 ιι,
1073 3776 1157 3831 tit.
1206 3776 1227 3831 Ι
1278 3774 1667 3839 Novellarnm,
1724 3775 1952 3847 presby-

373 3882 541 3936 teros,
563 3870 847 3936 diaconos,
882 3870 1134 3934 lectores,
1160 3878 1414 3922 cantores
1440 3908 1457 3935 ,
1520 3867 1752 3923 clericos
1789 3864 1955 3940 [esse]

372 3962 521 4018 dicit.
582 3961 725 4027 Quin
786 3961 1186 4016 exorcistarum
1259 3959 1424 4014 etiam
1487 3968 1542 4013 et
1599 3956 1953 4014 ostiariorum

372 4062 547 4108 const.
583 4052 639 4112 6.
666 4053 749 4106 tit.
780 4051 834 4117 ὅ,
869 4051 963 4106 lib.
1001 4066 1041 4106 ι.
1072 4051 1195 4106 cod.
1224 4049 1497 4105 meminit.

438 4231 592 4286 CAP.
625 4230 843 4287 XXXII.
883 4259 954 4270 ——
973 4229 1055 4284 Ne
1100 4231 1146 4285 is
1169 4230 1439 4283 ordinetur
1464 4228 1614 4296 cujus
1636 4243 1772 4282 uxor
1795 4227 1958 4297 fuerit

370 4326 635 4379 adultera.
703 4324 843 4389 Quid
895 4331 1074 4376 autem
1126 4320 1173 4375 si
1227 4320 1407 4374 clerici
1452 4334 1589 4374 uxor
1636 4319 1955 4374 adulterium

370 4414 693 4469 committat?

665 4504 890 4559 Concilii
922 4501 1368 4557 Neoccsariensis
1396 4518 1563 4556 canon
1591 4501 1645 4556 8.

439 4598 492 4652 8.
532 4596 587 4651 Si
628 4597 865 4666 alicujus
895 4610 1052 4661 uxor,
1084 4611 1209 4650 cum
1244 4604 1390 4650 esset
1420 4595 1614 4658 laicus.
1644 4594 1951 4651 adulterata

2051 3131 2562 3203 ἐκκλησιαστικῆς
2588 3133 2812 3199 τάξεως
2844 3150 2865 3198 ;

2290 3227 2560 3283 Συνόδου
2608 3226 2960 3293 Λαοδικείας
3022 3226 3225 3279 κανὼν
3276 3224 3376 3281 κδ’.

2120 3319 2221 3376 κδ’.
2252 3321 2376 3373 Ὀτι
2406 3320 2466 3372 οὑ
2498 3320 2578 3373 δεῖ
2626 3318 2933 3391 ίερατικοὺς
2970 3318 3080 3370 ἀπὸ
3114 3317 3503 3388 πρεσϐυτέρων
3535 3317 3630 3379 ἕως

2050 3415 2334 3478 διακόνων,
2365 3413 2458 3466 καὶ
2488 3409 2614 3481 ἑξῆς
2642 3413 2743 3481 τῆς
2762 3409 3225 3481 ἐκκληωαστικῆς
3257 3408 3487 3474 τάξεως,
3528 3409 3627 3470 ἓως

2052 3504 2362 3576 ὑπηρετῶν,
2408 3503 2441 3574 ἢ
2490 3502 2872 3571 ἀναγνωστῶν,
2926 3502 2963 3573 ἢ
3005 3501 3246 3571 ψαλτῶν,
3310 3503 3345 3573 ἢ
3386 3504 3625 3573 ἐπιορκι-

2057 3597 2221 3660 στῶν,
2252 3596 2286 3667 ἥ
2314 3594 2648 3667 θυρωρῶν,ῆ
2677 3594 2771 3648 τοῦ
2802 3594 3083 3665 τάγματος
3112 3594 3225 3649 τῶν
3248 3595 3525 3666 ἀσκητῶν,
3554 3596 3626 3654 εἰς

2053 3686 2347 3757 καπηλεῖον
2398 3685 2643 3738 είσιέναι.

2132 3780 2203 3833 Ἦ
2232 3780 2277 3849 β’
2306 3777 2549 3843 διάταξις
2585 3776 2683 3830 τοῦ
2714 3776 2762 3830 α’
2787 3777 2893 3831 τίτ.
2921 3777 3033 3829 τῶν
3057 3776 3286 3847 Νεαρῶν
3335 3776 3622 3849 κληρικοὺς

2056 3869 2195 3941 ἔχει,
2228 3868 2659 3941 πρεσϐυτέρους,
2702 3868 3005 3934 διακόνους,
3046 3869 3455 3936 ὑποδιακόνους,
3504 3872 3623 3925 ἀνα·

2055 3959 2325 4029 γνώστας,
2340 3959 2572 4029 ψάλτας.
2612 3960 2679 4012 Ἦ
2694 3958 2876 4027 μέντοι
2904 3959 3119 4023 ς’διάτ.
3134 3959 3228 4012 τοῦ
3252 3965 3307 4027 γ’
3326 3961 3431 4013 τίτ.
3469 3962 3558 4014 τοῦ
3578 3960 3623 4015 α’

2058 4051 2205 4122 βιϐλ.
2261 4050 2356 4105 τοῦ
2414 4049 2546 4105 κώδ.
2600 4051 2696 4105 καὶ
2740 4049 3072 4121 ἐξορκιστῶν
3101 4051 3198 4105 καὶ
3232 4051 3503 4123 πυλωρῶν
3531 4054 3623 4123 μέ-

2059 4161 2281 4215 μνηται.

2128 4236 2381 4290 ΚΕΦΑΛ.
2404 4233 2602 4289 ΛΒ’.-
2624 4234 2763 4305 Περὶ
2797 4233 2906 4289 τοῦ
2925 4232 3012 4304 μὴ
3039 4234 3509 4303 χειροτονεῖσθαι
3532 4230 3621 4290 οὗ·

2058 4345 2222 4394 τινος
2255 4328 2293 4395 ἡ
2318 4327 2473 4398 γυνὴ
2506 4327 2824 4398 ἐμοιχεύθη
2854 4343 2870 4358 ο
2898 4327 2999 4382 καί
3027 4326 3137 4381 ἐὰν
3161 4327 3318 4397 γυνὴ
3338 4327 3621 4398 κληρυιοῦ

1991 4419 2033 4473 Ι)
2052 4417 2364 4488 μοιχευθῇ.

2246 4509 2516 4564 Συνόδου
2575 4512 3045 4578 Νεοκαισαρειας
3088 4510 3293 4563 κανὼν
3350 4515 3422 4579 η’.

2122 4600 2343 4673 η’.Γυνή
2367 4618 2509 4663 τινος
2532 4601 2876 4671 μοιχευθεῖσα
2892 4601 3078 4654 λαῖκοῦ
3094 4601 3266 4664 ὄντος,
3291 4600 3388 4656 ἐὰν
3404 4598 3623 4670 ἐλεγχθῇ

368 4690 541 4745 fuisse
570 4690 820 4744 convicta
848 4688 1035 4755 fuerit,
1068 4688 1114 4743 is
1149 4703 1253 4743 non
1286 4698 1461 4757 potest
1488 4686 1555 4742 ad
1584 4688 1946 4743 ministerium

2062 4693 2323 4764 φανερῶς,
2360 4695 2389 4747 ὁ
2425 4692 2665 4756 τοιοῦτος
2719 4695 2799 4758 είς
2852 4694 3155 4765 ὑπηρεσίαν
3216 4694 3391 4747 ἐλθεῖν
3439 4695 3501 4747 οὑ
3537 4693 3620 4747 δύ-

368 4779 645 4836 accedere.
684 4780 835 4850 101
882 4781 981 4834 Sin
1036 4788 1218 4834 autem
1268 4781 1431 4833 etiam
1474 4789 1595 4847 post
1651 4779 1935 4834 ordinatio

2062 4801 2208 4839 ναται
2242 4803 2256 4817 ο
2314 4784 2411 4838 ἐὰν
2476 4786 2533 4839 δὲ
2603 4788 2744 4856 μετά
2796 4785 2893 4857 τὴν
2943 4786 3279 4857 χειροτονίαν
3343 4786 3620 4856 μοιχευθῇ,

366 4885 491 4925 nem
547 4868 851 4923 adulterata
885 4868 1067 4932 fuerit,
1111 4868 1270 4922 debet
1295 4884 1413 4922 eam
1466 4870 1763 4923 dimittere.
1790 4868 1946 4935 Quod

2062 4877 2253 4946 Βφείλει
2282 4878 2554 4933 ἀπολῦσαι
2593 4880 2763 4951 αὑτήν
2788 4896 2802 4911 °
2856 4880 2952 4933 ἐὰν
3004 4879 3063 4933 δὲ
3103 4878 3261 4949 συζῇ,
3312 4880 3373 4931 ού
3408 4879 3620 4932 δύναται

366 4964 413 5017 si
444 4961 740 5026 cobabitet,
785 4976 891 5015 non
926 4968 1105 5026 potest
1159 4961 1266 5017 sibi
1304 4961 1660 5015 commissum
1696 4961 1946 5016 ministe-

2062 4968 2267 5039 ἔχεσθαι
2287 4969 2388 5039 τῆς
2413 4968 2850 5042 ἐγχειρισθείσης
2878 4968 3029 5039 αὐτῷ
3050 4968 3381 5041 ὑπηρεσίας.

365 5056 506 5108 rium
529 5053 775 5124 exsequi.

438 5145 655 5201 Tenus.
713 5144 888 5199 Etiam
946 5145 1125 5199 civilis
1178 5144 1297 5209 lex,
1344 5158 1698 5215 quoscunque
1745 5159 1945 5200 uxores

2118 5146 2228 5199 Καὶ
2260 5147 2288 5198 ὁ
2330 5144 2605 5209 πολιτικὸς
2634 5145 2797 5214 νόμος
2844 5144 3053 5208 πάντας
3081 5144 3209 5209 τοὺς
3237 5144 3338 5205 τὰς
3364 5144 3620 5212 γυναῖκας

367 5251 495 5290 snas
526 5237 800 5292 adulteras
826 5253 931 5291 non
985 5237 1297 5307 repudiant,
1331 5237 1506 5306 punit.
1536 5237 1729 5293 Const.
1760 5248 1940 5292 autem

2062 5238 2253 5291 ἑαυτῶν
2282 5236 2695 5308 μοιχευομένας,
2723 5237 2797 5307 μὴ
2834 5235 3172 5299 ἀπολύοντας
3200 5236 3530 5305 τιμωρεῖται
3551 5248 3563 5261 '
3590 5232 3619 5301 ἡ

370 5329 426 5391 2,
459 5328 542 5382 tit.
575 5328 629 5393 9,
663 5329 759 5382 lib.
788 5345 841 5382 ix
891 5330 1015 5383 cod.
1060 5330 1309 5382 lenonem
1339 5342 1461 5382 esse
1490 5329 1619 5383 dicit
1662 5342 1811 5390 eum,
1846 5328 1941 5396 qui

2062 5332 2097 5383 ἱὲ
2133 5329 2177 5399 β’
2210 5330 2350 5383 διάτ.
2391 5330 2487 5383 τοῦ
2518 5329 2561 5382 θ’
2588 5330 2694 5385 τίτ.
2734 5329 2831 5383 τοῦ
2872 5330 2915 5382 θ’
2948 5328 3087 5400 βιβλ.
3132 5327 3225 5381 τοῦ
3262 5326 3396 5381 κώδ.
3458 5326 3616 5393 λέγει,

367 5437 592 5477 uxorem
628 5437 782 5477 snam
815 5424 868 5476 in
902 5422 1172 5477 adulterio
1199 5420 1622 5491 deprehensam,
1656 5421 1711 5474 in
1748 5420 1941 5474 matri-

2062 5426 2123 5475 ἑτι
2148 5424 2474 5493 προαγωγὸς
2512 5424 2658 5477 ἐστιν
2691 5426 2718 5476 ὁ
2760 5424 2860 5492 τὴν
2902 5421 3067 5477 αὑτοῦ
3109 5422 3359 5493 γαμετὴν
3406 5433 3616 5490 μοιχευ-

438 5598 553 5665 ('34,
582 5617 600 5649 ι
632 5597 737 5663 Qui
769 5614 892 5653 eum
923 5600 1186 5669 apostolis
1211 5599 1529 5671 congregati
1551 5610 1733 5663 erant,
1760 5606 1813 5653 et
1836 5597 2230 5663 crediderant,»
2258 5600 2434 5669 inquit
2466 5598 2915 5655 Zonaraleard.
