3886 6240
333 186 441 250 557

1029 182 1427 243 SYNTAGMA
1468 175 2093 239 CANONUM.-—TIT.
2122 175 2171 234 Ι.
2203 176 2364 237 CAP.
2402 175 2885 237 XXXI‘XXXVI.

3476 181 3580 244 553

331 274 523 327 θεῖσαν
553 270 630 343 μὴ
671 269 947 336 ἀπολύσας
973 285 988 301 ⁸
1029 272 1091 323 οὐ
1121 270 1227 340 μὴν
1254 270 1283 321 ό
1323 266 1495 336 ψιλῶς
1544 263 1911 324 ὑποπτεύσας.

2034 262 2202 316 uenio
2232 264 2561 318 detinuerit:
2589 280 2699 318 non
2725 274 2933 327 autem,
2964 263 3126 318 etiam
3156 264 3251 335 qui
3279 264 3582 323 adulteram

332 366 582 435 Σήμερον
610 362 668 415 δὲ
704 361 800 415 καὶ
826 362 969 431 μετὰ
1008 359 1164 428 δίκην
1189 358 1415 411 δύναται
1466 359 1493 407 ό
1524 355 1663 424 ἁνὴρ
1704 355 1907 406 ἀναλα-

331 458 450 509 ϐεῖν
479 460 544 509 ὲκ
589 455 683 508 τοῦ
734 451 1096 523 μοναστηρίου
1147 452 1249 519 τὴν
1312 447 1687 519 μοιχευθεῖσαν
1739 442 1907 497 αὐτοῦ

328 549 587 613 γυναῖκα,
610 546 753 599 κατὰ
772 544 871 615 τὴν
911 543 1294 615 παρατήρησιν
1325 541 1422 610 τῆς
1447 540 1576 610 περ).
1631 536 1905 606 repudium

332 633 422 708 ρμ⁹
444 637 664 706 νεαρᾶς.

404 728 655 782 ΚΕΦΑΛ.
713 727 837 781 ΛΓ.
877 756 945 770 —-
990 725 1130 792 Περὶ
1170 722 1277 778 τοῦ
1304 723 1391 792 μὴ
1438 718 1907 791 χειροτονεῖσθαι

326 818 662 885 κληρικοὺς
732 816 1201 885 ἀπολελυμένως
1230 856 1246 881 ,
1298 814 1460 869 ἀλλὰ
1514 810 1753 878 πάντως
1820 814 1907 875 εις

326 908 671 977 ἐκκλησίαν
694 909 732 977 ἢ
762 912 848 977 εὶς
870 908 1303 977 μοναστήριον.
1708 930 1713 937 ·

612 1000 883 1053 Συνόδου
914 998 1298 1068 Χαλκηδόνος
1321 999 1521 1053 κανὼν
1551 1003 1625 1061 ς’.

403 1098 458 1156 ς’
464 1091 705 1163 ,Μηδένα
722 1091 1138 1162 ἀπολελυμένως
1154 1090 1596 1162 χειροτονεῖσθαι.
1616 1088 1754 1158 μήτε
1775 1102 1911 1156 πρε-

329 1183 619 1253 σϐύτερον,
656 1184 795 1254 μήτε
841 1183 1109 1248 διάκονον,
1136 1185 1273 1255 μήτε
1325 1183 1462 1245 ὅλως
1512 1183 1634 1235 τινὰ
1686 1178 1795 1231 τῶν
1851 1180 1910 1231 ὲν

324 1277 408 1346 τῷ
436 1276 871 1348 ἐκκλησιαστικῷ
891 1276 1153 1347 τάγματι,
1180 1278 1227 1328 εί
1256 1274 1333 1347 μὴ
1361 1274 1542 1336 ίδικῶς
1567 1275 1624 1325 ἐν
1644 1270 1909 1341 ἐκκλησίᾳ

329 1370 541 1431 πόλεως
595 1368 628 1437 ἢ
674 1366 886 1438 κώμης,
929 1368 961 1438 ἦ
997 1368 1310 1438 μαρτυρείῳ
1359 1366 1392 1437 ἢ
1452 1362 1818 1437 μοναστηρίῳ,
1879 1361 1909 1414 ὁ

328 1458 809 1529 χειροτονούμενος
853 1457 1309 1530 ὲπικηρύττοιτο·
1356 1458 1482 1521 τοὺς
1520 1456 1578 1509 δὲ
1624 1454 1909 1516 ἀπολύτως

2011 354 2358 410 solummodo
2398 364 2711 423 suspectam
2755 355 3027 411 habuerit.
3064 354 3235 411 Hodie
3260 372 3392 411 vero
3417 360 3583 414 etiam

2010 456 2131 513 post
2159 446 2664 500 condemnationem
2695 456 2874 515 potest
2903 447 3130 501 maritus
3173 464 3400 502 uxorem
3428 465 3584 504 suam

2008 537 2307 590 adulteram
2370 551 2401 591 e
2449 537 2782 591 monasterio
2830 538 3112 604 recipere:
3150 538 3360 610 [idque]
3397 555 3587 596 secun-

2007 628 2138 683 dum
2173 628 2607 682 observationem
2642 627 2887 683 Novella:
2920 629 3041 692 154,
3078 631 3146 685 de
3177 631 3437 699 repudiis.

2080 721 2235 777 CAP.
2256 719 2502 776 XXXIII.
2528 752 2598 761 --
2634 721 2715 775 Ne
2734 702 2910 775 clerici
2944 723 3103 776 libere
3131 724 3469 789 ordinentur,
3494 724 3585 777 sed

2011 815 2223 869 omnino
2265 814 2343 867 vel
2374 822 2528 868 certa:
2556 813 2791 868 ecclesia:
2840 815 2919 867 vel
2967 816 3288 869 monasterio
3332 816 3586 885 deputen-

2008 916 2115 961 tur.

2289 996 2513 1053 Concilii
2538 996 2981 1053 Chalcedonensis
3020 1016 3188 1055 canon
3216 998 3270 1053 6.

2082 1094 2135 1147 ϐ.
2153 1090 2370 1146 Nullum
2395 1091 2642 1146 absolute
2659 1091 3036 1157 ordinari,nec
3062 1092 3458 1162 presbyterum,
3484 1107 3587 1146 nec

2011 1185 2323 1249 diaconum,
2360 1198 2461 1238 nec
2495 1184 2722 1238 omnino
2749 1184 2986 1253 aliquem
3012 1198 3204 1239 eorum
3237 1184 3332 1253 qui
3373 1195 3499 1238 sunt
3529 1184 3584 1238 in

2010 1278 2201 1332 ordine
2225 1276 2617 1343 ecclesiastico,
2653 1276 2759 1331 nisi
2790 1277 3101 1346 specialiter
3151 1277 3204 1329 in
3250 1275 3479 1331 ecclesia
3508 1278 3586 1329 ci-

2011 1369 2217 1437 vitatis,
2278 1369 2362 1423 vel
2412 1369 2558 1440 pagi,
2602 1370 2688 1424 vel
2725 1370 3009 1440 martyrio,
3063 1369 3145 1424 vel
3178 1371 3509 1426 monasterio
3540 1370 3587 1424 is

2012 1461 2105 1531 qui
2154 1460 2462 1524 ordinatur,
2494 1462 2825 1532 designetur.
2857 1460 2963 1516 Eos
2992 1470 3169 1515 autem
3212 1461 3303 1531 qui
3336 1459 3585 1515 absolute

325 1547 865 1621 χειροτονουμένους,
915 1547 1115 1621 ὥρισεν
1170 1550 1203 1619 ή
1257 1548 1391 1616 ἁγία
1428 1548 1645 1611 σύνοδος
1700 1546 1905 1615 ἄκυρον

2032 1553 2359 1619 )rdinantur,
2382 1552 2621 1607 decrevit
2652 1562 2840 1607 sancta
2870 1554 3113 1623 synodus
3144 1553 3356 1607 irritam
3390 1567 3454 1606 ac
3501 1554 3587 1606 in—

322 1641 476 1710 ἐχειν
508 1641 609 1710 τὴν
656 1639 914 1710 τοιαύτην
965 1638 1328 1710 χειροθεσίαν,
1365 1624 1767 1708 καὶίμηδαμοῦ
1825 1635 1912 1690 δύ-

2032 1644 2249 1699 validam
2313 1643 2516 1699 habere
2550 1642 2820 1712 ejusmodi
2857 1622 3118 1697 manuum
3156 1641 3583 1712 impositiouem,

321 1730 526 1785 νασθαι
550 1734 814 1802 ἐνεργεῖν,
842 1732 928 1801 ἐφ’
961 1730 1117 1802 ὕϐρει
1149 1729 1243 1784 τοῦ
1276 1731 1771 1803 χειροτονήσαντος.

403 1934 660 1989 ΚΕΦΔΛ.
688 1933 811 1991 ΛΔ’.
840 1966 909 1977 -
928 1933 1069 2004 Περὶ
1096 1931 1495 2004 περιοδευτῶν
1534 1930 1636 1986 καί
1683 1927 1804 1985 τῶν
1847 1932 1918 1985 ἐν

319 2028 461 2094 ταῖς
511 2028 731 2099 κώμαις
773 2027 1134 2096 ἐκκλησιῶν.

620 2142 893 2198 Συνόδου
927 2140 1281 2209 Λαοδικείας
1304 2141 1506 2196 κανὼν
1535 2141 1612 2207 νζ¹

398 2229 505 2298 vf.
527 2232 651 2287 Ὀτι
672 2234 733 2287 ού
758 2234 837 2287 δεῖ
863 2234 922 2288 ἰιν
954 2236 1076 2299 ταῖς
1104 2234 1317 2304 κώμαις
1349 2235 1442 2287 καὶ
1462 2238 1517 2287 ἐν
1536 2235 1655 2296 ταῖς
1686 2231 1915 2303 χώραις,

316 2323 694 2379 καθίστασθαι
738 2325 1112 2393 ἐπισκόπους,
1164 2324 1303 2378 ἀλλὰ
1345 2324 1699 2395 περιοδευτάς
1727 2340 1739 2353 ·
1790 2324 1917 2386 τοὺς

322 2417 523 2488 μέντοι
574 2416 674 2487 ήδη
704 2416 1277 2487 προκατασταθέντας,
1312 2416 1481 2485 μηδὲν
1506 2415 1765 2486 πράττειν
1788 2413 1915 2467 ἄνευ

318 2505 559 2577 γνώμης
587 2506 682 2559 τοῦ
710 2507 1007 2561 ἐπισκόπου
1035 2506 1130 2560 τοῦ
1160 2509 1218 2561 ὲν
1246 2510 1311 2580 τῇ
1340 2507 1493 2560 πόλει
1524 2522 1539 2537 ’
1576 2506 1837 2570 ὡσαύτως
1857 2506 1917 2560 δὲ

322 2600 431 2652 καὶ
461 2599 587 2660 τοὺς
630 2596 1058 2668 πρεσϐυτέρους,
1094 2597 1260 2668 μηδὲν
1314 2598 1580 2667 πράττειν
1632 2596 1764 2651 ἄνευ
1814 2598 1917 2669 τῆς

319 2688 556 2760 γνώμης
587 2688 681 2743 τοῦ
708 2689 1029 2744 ἐπισκόπου.

419 2782 482 2834 Ἠ
512 2781 567 2832 δὲ
593 2786 661 2834 ια’
688 2778 928 2845 διάταξις
954 2778 1049 2834 τοῦ
1087 2786 1137 2850 γ’
1157 2778 1263 2835 τίτ.
1285 2779 1380 2835 τοῦ
1402 2780 1449 2834 α’
1476 2780 1617 2851 βιδλ.
1654 2781 1823 2851 λέγει,
1853 2783 1917 2834 ἐκ

320 2873 444 2926 τῶν
468 2873 683 2943 χωρίων
718 2873 814 2927 καὶ
828 2874 935 2927 τῶν
963 2873 1189 2943 κωμῶν,
1224 2875 1319 2927 καὶ
1349 2876 1450 2927 οὐκ
1479 2874 1678 2939 ἔξωθεν
1709 2876 1789 2933 είς
1818 2872 1915 2937 τὰς

2017 1746 2072 1789 et
2096 1749 2369 1805 nusquam
2394 1748 2649 1788 exercere
2678 1748 2744 1788 ac
2784 1732 2997 1811 operari
3026 1747 3186 1803 posse
3223 1734 3288 1788 ad
3324 1733 3442 1804 ejus
3495 1735 3591 1804 qui

2018 1825 2287 1879 ordinavit
2316 1823 2598 1893 iujuriam.

2091 1934 2242 1991 CAP.
2274 1934 2518 1992 XXXIV.
2559 1966 2629 1979 -
2676 1934 2754 1991 De
2801 1938 3127 2010 periodeutis
3162 1948 3213 1993 et
3262 1937 3327 1993 de
3357 1938 3590 1993 ecclesiis

2016 2026 2324 2082 rusticanis.

2363 2139 2588 2197 Concilii
2625 2140 2909 2197 Laudiceni
2953 2158 3123 2197 canon
3148 2140 3238 2199 57.

2088 2234 2177 2289 57.
2212 2233 2370 2302 Quod
2424 2250 2531 2289 non
2574 2234 2629 2288 in
2672 2236 2808 2291 vicis
2855 2245 2909 2292 et
2952 2237 3104 2308 pagis
3142 2237 3432 2307 episcopos
3460 2252 3596 2292 con-

2018 2324 2208 2388 stitui,
2259 2325 2351 2380 sed
2396 2325 2554 2396 102
2601 2325 2968 2395 periodcutas,
3025 2326 3130 2381 hoc
3175 2335 3301 2393 est,
3358 2327 3592 2382 circum-

2017 2425 2473 2480 cursatores;eos
2501 2426 2681 2471 autem
2714 2417 2808 2488 qui
2839 2416 2991 2487 prius
3034 2417 3317 2472 constituti
3351 2416 3593 2485 fuerunt,

2020 2507 2150 2561 nihil
2182 2522 2341 2577 agere
2373 2508 2493 2563 sine
2520 2515 2702 2562 mente
2741 2507 2980 2577 episcopi
3013 2508 3105 2578 qui
3142 2517 3226 2563 est
3258 2510 3311 2562 in
3349 2508 3592 2565 civitate.

2019 2598 2284 2654 Similiter
2328 2607 2511 2654 autem
2564 2608 2618 2655 et
2669 2601 3021 2671 presbyteros
3069 2602 3205 2655 nihil
3252 2616 3411 2673 agere
3470 2604 3593 2660 sine

2016 2698 2195 2744 mente
2225 2690 2488 2760 episcopi.

2091 2780 2303 2836 Textus.
2352 2783 2540 2837 Const.
2590 2797 2626 2838 tt
2649 2822 2663 2847 ,
2687 2784 2774 2839 tit.
2812 2784 2865 2846 3,
2896 2782 2992 2837 lib.
3021 2800 3033 2836 t
3062 2822 3077 2846 ,
3102 2782 3273 2848 dicit,
3307 2798 3371 2837 ex
3411 2782 3597 2855 [ipss]

2019 2872 2461 2940 possessionibus
2502 2882 2559 2928 et
2602 2874 2777 2939 vicis,
2831 2890 2941 2928 non
2982 2884 3165 2928 autem
3229 2874 3484 2938 aliunde,
3542 2874 3596 2929 in

318 2964 630 3033 ἐκκλησίας
663 2963 845 3017 αὐτῶν
872 2963 1317 3035 χειροτονεῖσθαι,
1342 2963 1485 3017 ῶστε
1515 2965 1789 3018 συντελεῖν
1816 2964 1912 3034 τὴν

2032 2964 2281 3018 ecclesias
2325 2965 2568 3034 ipsorum
2614 2965 2860 3019 ordinari
2905 2964 3173 3038 [debere],
3211 2975 3270 3019 ut
3319 2965 3594 3035 propriam

326 3054 474 3111 ἰδίαν
510 3054 867 3109 καπιτατιόνα
900 3055 995 3110 καὶ
1042 3053 1105 3108 τὸ
1150 3054 1431 3125 δημόσιον.
1480 3056 1544 3108 Ἢ
1569 3056 1625 3107 δὲ
1661 3062 1733 3121 ις’
1761 3055 1904 3110 διάτ.

320 3151 431 3204 τοῦ
470 3148 635 3202 αὑτοῦ
671 3149 872 3213 τίτλου,
910 3148 1006 3204 καὶ
1039 3151 1072 3219 ή
1103 3147 1149 3220 β’
1176 3147 1271 3203 τοῦ
1308 3153 1358 3200 α’
1391 3148 1495 3202 τίτ.
1526 3146 1636 3198 τῶν
1660 3146 1906 3216 Νεαρῶν,

322 3242 467 3313 φασὶ
496 3242 621 3305 τοὺς
652 3240 1085 3314 ὲναπογράφους,
1104 3242 1197 3293 καὶ
1224 3239 1467 3293 ἀκόντων
1484 3239 1590 3292 τῶν
1611 3238 1909 3303 δεσποτῶν,

323 3337 395 3389 ιν
426 3337 542 3398 ταῖς
571 3336 689 3387 κατ’
742 3335 941 3399 αὐτοὺς
970 3335 1195 3404 κτήσεσι
1244 3332 1669 3404 χειροτονεῖσθαι
1689 3348 1703 3362 ο
1754 3332 1839 3401 ἐφ’
1867 3323 1911 3399 ᾧ

316 3427 423 3481 διὰ
450 3427 562 3479 τῶν
579 3426 851 3480 δεσποτῶν
878 3425 976 3498 τὴν
1005 3425 1366 3479 καπιτατιόνα
1398 3423 1693 3491 συντελεῖν,
1726 3425 1821 3479 καὶ
1842 3423 1911 3476 δι’

327 3515 787 3570 ὑποκαταστάτου
816 3514 1173 3589 λειτουργεῖν.

406 3694 657 3750 ΚΕΦᾹΛ.
700 3694 824 3749 AE'.
864 3726 934 3736 —
968 3696 1103 3763 Περὶ
1143 3694 1251 3749 τοῦ
1288 3694 1406 3751 ὑπὸ
1442 3695 1550 3750 τὸν
1577 3696 1915 3749 ἐπίσκοπον

326 3780 446 3853 τῆς
485 3787 714 3852 πόλεως
738 3783 890 3839 εἶναι
914 3786 1056 3853 τοὺς
1094 3787 1422 3855 κληρικοὺς
1462 3787 1579 3841 τῶν
1611 3787 1915 3855 πτωχείων

324 3876 435 3931 καί
469 3879 887 3948 μονασττιρίων
937 3880 1035 3933 καί
1073 3880 1461 3949 μαρτυρείων.

616 3988 887 4044 Συνόδου
920 3990 1309 4058 Χαλκηδόνος
1346 3991 1548 4045 κανὼν
1578 3997 1627 4063 η’

401 4078 480 4151 η’.
497 4082 557 4135 Oi
584 4081 835 4152 κληρικοὶ
859 4082 967 4135 τῶν
990 4084 1274 4155 πτωχείων
1292 4084 1384 4137 καὶ
1404 4084 1782 4154 μοναστηρίων
1820 4084 1915 4138 καὶ

2011 3054 2400 3125 capitationem
2434 3070 2499 3110 ac
2526 3056 2753 3125 vectigal
2787 3056 3161 3111 contribuant.
3205 3056 3438 3112 Coustit.
3465 3073 3598 3113 vero

2013 3145 2080 3200 16
2111 3148 2355 3217 ejusdem
2392 3146 2479 3202 tit.
2510 3157 2564 3203 et
2599 3148 2669 3214 2,
2717 3150 2802 3204 tit.
2854 3147 3203 3204 Novellarum
3238 3150 3424 3213 aiunt,
3461 3164 3594 3205 cen-

2012 3238 2166 3293 sibus
2217 3246 2545 3305 annotatos,
2591 3239 2755 3294 etiam
2805 3240 2990 3295 invitis
3022 3238 3185 3312 [agri]
3222 3239 3479 3304 dominis,
3539 3240 3593 3294 in

2013 3328 2079 3381 iis
2101 3327 2238 3384 vicis
2266 3328 2321 3382 in
2346 3329 2549 3398 quibus
2580 3331 2898 3392 mansitant,
2924 3332 3167 3389 ordinari
3192 3350 3202 3383 :
3236 3330 3335 3403 [ita
3360 3329 3594 3404 tamen,]

2014 3430 2074 3475 ut
2125 3420 2510 3490 capitationem
2569 3422 2952 3487 contribuere,
3014 3432 3071 3477 et
3123 3438 3219 3493 per
3272 3422 3596 3480 substitutos

2018 3512 2223 3567 ruralia
2252 3513 2519 3582 obsequia
2562 3514 2811 3583 exsequi,
2840 3528 2936 3584 per
2970 3513 3226 3571 dominos
3255 3514 3596 3584 compellan-

2018 3614 2125 3657 tur.

2083 3692 2237 3749 CAP.
2263 3690 2484 3750 XXXV.
2512 3725 2583 3737 --
2612 3693 2683 3750 Ut
2708 3696 2947 3765 episcopo
2986 3697 3129 3750 urbis
3172 3696 3377 3751 subsint
3413 3696 3595 3752 clerici

2016 3792 2122 3835 tam
2159 3782 2216 3836 in
2259 3784 2551 3851 hospitibus
2593 3801 2907 3854 pauperum,
2945 3802 3104 3855 quam
3127 3786 3183 3840 in
3234 3789 3596 3856 monasteriis,

2017 3874 2093 3929 vel
2131 3874 2263 3929 locis
2290 3890 2407 3945 qua:
2434 3878 2689 3930 dicuntur
2711 3879 2976 3947 martyrio
3006 3886 3289 3933 versantes.

2087 3985 2320 4042 Concilii
2353 3988 2801 4044 Chalcedonensis
2841 4004 3014 4041 canon
3039 3988 3093 4044 8.

2087 4080 2143 4137 8.
2178 4080 2377 4135 Clerici
2427 4079 2992 4150 ptochotropbiorum,
3043 4080 3503 4135 monasteriorum
3542 4095 3599 4134 es

329 4173 703 4244 μαρτυρείων,
726 4174 831 4227 ὑπὸ
856 4173 956 4247 τὴν
979 4175 1226 4242 ἐξουσίαν
1252 4176 1361 4227 τῶν
1400 4177 1457 4228 ὲν
1501 4176 1708 4247 ἑκάστῃ
1760 4176 1912 4229 πόλει

2032 4174 2337 4243 Lentplorum
2390 4182 2711 4242 martyrum,
2747 4171 2849 4225 sub
2890 4179 3157 4240 potestate
3189 4175 3595 4241 episcoporum,

327 4268 650 4321 ἐπισκόπων
677 4269 816 4321 κατὰ
844 4268 941 4339 τὴν
969 4266 1079 4321 τῶν
1108 4268 1278 4337 ἁγίων
1310 4269 1571 4339 Πατέρων
1620 4270 1912 4340 παράδοσιν

2032 4266 2111 4336 μή
2136 4274 2265 4320 sunt
2300 4266 2355 4318 in
2378 4278 2710 4335 unaquaque
2741 4263 2964 4318 civitate
2985 4302 2998 4329 ,
3031 4278 3096 4316 ex
3136 4272 3449 4318 sanctorum
3490 4262 3597 4316 Pa-

324 4359 757 4428 διαμενέτωσαν,
797 4361 891 4412 καὶ
924 4359 999 4429 μὴ
1034 4358 1176 4412 κατὰ
1198 4357 1485 4413 αὐθάδειαν
1526 4360 1912 4429 ἁφηνιάτωσαν

2032 4374 2162 4411 ,rum
2215 4356 2525 4418 traditione,
2564 4365 2939 4425 permaneant,
2975 4366 3027 4409 et
3064 4372 3170 4409 non
3206 4371 3299 4422 per
3334 4370 3600 4429 arroganf

326 4447 427 4501 τοῦ
454 4446 581 4500 ἰδίου
608 4447 927 4501 ἐπισκόπου.
979 4450 1043 4502 Οἱ
1063 4448 1119 4501 δὲ
1140 4448 1447 4518 τολμῶντες
1471 4450 1799 4520 ἀνατρέπειν
1814 4452 1915 4521 τὴν

339 4539 588 4608 τοιαύτην
613 4540 946 4595 διατύπωσιν
972 4540 1095 4593 καθ’
1117 4542 1431 4611 οἱανδήποτε
1462 4544 1684 4611 τρόπον,
1721 4546 1814 4596 καὶ
1839 4546 1913 4617 μὴ

336 4633 762 4704 ὁποταττόμενοι
808 4633 886 4703 τῷ
942 4634 1055 4704 ἰδίῳ
1095 4634 1399 4705 ἐπισκόπῳ,
1436 4636 1609 4705 εἰμὲν
1645 4633 1754 4689 εἷεν
1783 4636 1917 4707 κλη-

338 4724 526 4795 ρικοὶ,
584 4726 696 4787 τοῖς
753 4724 861 4777 τῶν
919 4726 1160 4778 κανόνων
1246 4725 1664 4778 ὑποκείσθωσαν
1742 4726 1916 4778 ἐπιτι-

333 4816 481 4888 μίοις
508 4830 523 4845 ·
566 4817 705 4870 εἰδὲ
761 4817 1082 4888 μονάζοντες
1134 4817 1168 4887 ἢ
1221 4817 1420 4884 λαῖκοὶ,
1478 4818 1722 4874 ἔστωσαν
1766 4821 1910 4873 ἀκοι-

327 4925 581 4979 νωνητοι.

404 5023 658 5076 ΚΕΦΑΛ.
689 5019 830 5089 AC4”.
885 5052 956 5064 -
1002 5023 1142 5092 Περὶ
1181 5023 1416 5079 δούλων
1470 5027 1912 5096 κληρουμένων.

756 5116 1144 5170 Ἀποστόλων
1202 5117 1404 5171 κανὼν
1440 5119 1550 5188 πβ’.

405 5209 516 5278 πβ’.
549 5208 780 5270 Οἰκέτας
837 5211 916 5270 εἰς
946 5209 1146 5280 κλῆρον
1174 5211 1617 5281 προχειρίζεσθαι
1652 5212 1779 5266 ἄνευ
1817 5213 1917 5283 τῆς

332 5304 440 5358 τῶν
472 5302 747 5355 δεσποτῶν
777 5302 1021 5372 γνώμης,
1066 5304 1167 5357 οὐκ
1226 5305 1592 5373 ἐπιτρέπομεν
1630 5307 1724 5358 ἐπὶ
1770 5306 1915 5379 λύπῃ

331 5396 440 5449 τῶν
458 5395 841 5465 κεκτημένων⁸
880 5394 1045 5448 οἴκων
1073 5396 1195 5464 ξγάρ
1228 5396 1540 5466 ἀνατροπὴν
1589 5398 1648 5449 τὸ
1706 5396 1917 5451 τοιοῦτο

331 5486 649 5558 ἐργάζεται.
686 5487 745 5539 Εἰ
775 5486 830 5539 δέ
854 5503 983 5539 ποτε
1007 5487 1103 5540 καὶ
1129 5485 1278 5551 ἄξιος
1309 5486 1504 5558 φανείη
1533 5488 1748 5556 οίκέτης
1776 5488 1914 5559 πρὸς

333 5579 668 5651 χειροτονίαν
702 5577 935 5659 βαθμοῦ.
965 5572 1076 5634 οἷος
1114 5582 1210 5651 καὶ
1234 5581 1274 5653 ,ὁ
1315 5579 1593 5657 ἡμέτερος.
1623 5578 1913 5650 Ὀνήσιμος

2021 4453 2147 4505 tiam
2180 4464 2241 4505 se
2297 4465 2328 4503 a
2368 4449 2592 4520 proprio
2632 4448 2911 4519 episcopo,
2945 4448 3233 4519 imperium
3266 4449 3385 4519 ejus
3417 4450 3598 4504 detre-

2018 4550 2252 4605 ctantes,
2301 4541 2630 4596 subducant.
2668 4539 2773 4605 Qui
2831 4542 2971 4595 hanc
3006 4551 3188 4596 autem
3240 4543 3597 4597 constitutio-

2018 4651 2140 4688 nem
2177 4643 2421 4689 avertere
2444 4635 2563 4688 ausi
2605 4632 2835 4699 fuerint,
2890 4634 2937 4690 si
2976 4645 3158 4690 autem
3200 4635 3480 4702 monachi,
3515 4634 3596 4689 vel

2018 4726 2164 4793 laici,
2198 4728 2306 4783 sint
2333 4727 2813 4783 excomtnunicati.

2089 5017 2241 5075 CAP.
2263 5014 2661 5071 XXXVl.-De
2676 5020 2836 5073 servis
2848 5018 2937 5089 qui
2962 5019 3014 5073 in
3033 5018 3229 5072 clerum
3245 5017 3590 5086 recipiuntur.

2458 5112 2829 5182 Apostolorum
2859 5128 3027 5168 canon
3065 5112 3152 5167 82.

2088 5210 2157 5263 82
2192 5209 2333 5283 [Si].
2368 5209 2567 5265 Servos
2600 5208 2654 5261 in
2684 5208 2887 5262 clerum
2920 5205 3143 5275 provehi
3175 5203 3294 5259 sine
3316 5202 3596 5256 voluntate

2021 5305 2177 5375 103
2212 5304 2587 5366 dominorum,
2621 5316 2727 5353 non
2769 5297 3155 5366 permittimus,
3184 5295 3252 5350 ad
3282 5310 3469 5348 eorum
3500 5294 3594 5361 qui

2018 5398 2301 5466 possident
2345 5397 2670 5451 molestiam.
2724 5393 3018 5446 Domorum
3058 5391 3206 5445 enim
3252 5389 3592 5444 eversionem

2021 5490 2142 5543 talia
2174 5488 2435 5543 efficiunt.
2475 5487 2532 5541 Si
2564 5486 2783 5556 quando
2818 5493 2996 5538 autem
3030 5484 3192 5538 etiam
3233 5484 3433 5553 dignus
3475 5496 3594 5537 ser-

2018 5594 2120 5634 vus
2150 5580 2302 5633 visus
2333 5577 2428 5645 sit,
2454 5577 2545 5648 qui
2576 5576 2640 5630 ad
2669 5574 2895 5645 gradum
2921 5573 3174 5645 eligatur,
3202 5571 3383 5644 qualis
3410 5578 3593 5627 noster
