3904 6248
348 284 450 348 559

1499 273 1759 336 ΡΗΟΤΙΙ
1797 273 2302 336 PATRIARCH/E
2328 275 2440 339 ΟΡ.

3482 272 3586 338 560

266 458 267 461 η
346 408 566 465 quoque
596 390 890 446 Onesimus
942 388 1093 444 visus
1138 395 1241 451 est,
1281 395 1335 441 et
1379 385 1589 442 domini
1631 400 1913 443 concesse-

2035 386 2334 458 i<pdv11,xai.
2380 385 2826 456 συγχωρήσουσιν
2888 385 2938 439 oi
2985 384 3237 439 δεσπόται
3289 384 3386 440 καὶ
3442 387 3595 441 ἐλευ-

347 488 459 543 rint
484 501 550 542 ac
578 482 949 547 liberaverint,
978 490 1033 538 et
1066 480 1279 537 aedibus
1302 480 1609 548 emiserint,
1643 481 1756 535 ﬁat.

415 658 604 714 Const.
640 656 730 721 '56,
766 658 848 711 tit.
888 655 957 711 59
986 655 1082 716 lib.
1114 670 1152 722 ι,
1197 655 1316 711 ced.
1348 649 1425 710 ait
1470 671 1686 711 servum
1718 671 1787 710 ne
1821 670 1916 710 vo-

343 749 717 817 lentegquidem
737 748 957 801 domino
977 746 1229 801 clericum
1256 746 1394 810 fieri,
1416 746 1519 801 nisi
1544 746 1695 817 prius
1727 762 1919 801 manu-

348 839 615 893 inittatur.
670 837 859 892 Const.
911 836 988 903 2,
1042 837 1130 891 tit.
1185 837 1212 890 1
1264 836 1607 891 Novellarnm
1661 837 1734 891 ait
1778 852 1794 893 :
1858 835 1916 891 Si

346 935 554 990 sciente
601 947 778 1002 neque
813 932 1223 986 contradicente
1273 929 1495 984 domino
1552 929 1788 984 clericus
1833 927 1918 983 l‘a-

346 1035 466 1079 ctus
496 1024 677 1087 fuerit,
708 1022 880 1095 [eum]
912 1023 1143 1077 liberum
1178 1037 1321 1087 esse,
1353 1036 1414 1076 ac
1455 1021 1567 1075 ﬁeri
1599 1021 1915 1091 ingenuum.

347 1113 404 1168 Si
435 1129 564 1168 vero
618 1111 919 1184 [dominus]
960 1127 1083 1167 cum
1124 1112 1478 1182 ignorasset,
1520 1111 1662 1165 intra
1711 1125 1916 1164 annum

347 1204 447 1276 [illi
473 1203 655 1276 suam]
681 1203 955 1258 fortunam
1001 1203 1275 1268 ostendat,
1329 1202 1481 1275 [eum
1521 1202 1678 1257 illum
1731 1200 1914 1273 posse]

346 1298 611 1367 recipere.
646 1293 939 1367 [Denique]
981 1296 1211 1349 liberum
1252 1294 1479 1356 factum,
1527 1294 1574 1352 si
1612 1293 1917 1347 mundanus

346 1391 458 1456 fiat,
495 1390 718 1445 domino
754 1404 855 1444 suo
884 1389 938 1443 in
969 1388 1284 1443 servitutem
1316 1387 1477 1440 tradi.
1510 1384 1709 1440 Eadem
1736 1392 1916 1439 const.

343 1482 473 1539 dicit
522 1483 893 1551 episcopatum
963 1496 995 1534 a
1038 1479 1219 1534 servili
1275 1487 1438 1549 atque
1487 1477 1917 1547 ascriptitiorum

344 1576 674 1641 conditione,
700 1583 754 1629 et
782 1589 813 1628 a
844 1573 1020 1643 patria
1060 1580 1327 1641 potestate
1374 1571 1626 1625 liberare.
1655 1568 1810 1635 Quod
1834 1568 1918 1637 ip-

343 1690 466 1730 sum
513 1687 644 1727 sane
691 1672 851 1725 etiam
885 1665 1104 1722 Novella
1147 1666 1234 1727 81,
1259 1681 1381 1735 quae
1419 1664 1605 1731 tradit,
1650 1678 1748 1731 per
1779 1677 1918 1733 quas

2019 476 2338 546 θερὼσουσι,
2391 477 2486 529 καὶ
2538 475 2635 530 τοῦ
2684 476 2835 530 οἴκου
2891 476 3099 531 ἑαυτῶν
3147 477 3594 546 ἐξαποστείλωοι,

2018 568 2269 635 γινέσθω.

2099 657 2164 711 Ἦ
2196 658 2254 712 δέ
2272 659 2359 723 λς’
2390 659 2633 726 διάταξις
2647 657 2741 712 τοῦ
2767 658 2817 727 γ’
2842 659 2949 714 τίτ.
2973 661 3066 715 τοῦ
3090 664 3139 714 α’
3160 660 3302 732 βιϐλ.
3325 660 3421 715 τοῦ
3436 661 3596 727 κώδ.,

2019 747 2202 819 φησὶν,
2234 749 2315 802 ὅτι
2344 748 2547 814 δοῦλος,
2580 747 2705 801 οὔτε
2733 751 2873 803 κατά
2910 748 3137 820 γνώμην
3188 749 3283 803 τοῦ
3329 750 3597 804 δεσπότου

2018 838 2339 907 κληροῦται,
2364 840 2412 892 εί
2447 839 2522 910 μὴ
2549 840 2814 910 πρότερον
2843 839 3201 911 ἐλευθεῳθῇ.
3229 840 3299 894 Ἦ
3316 840 3374 894 δὲ
3394 840 3593 911 β’διάτ.

2017 928 2110 983 τοῦ
2136 934 2185 982 α’
2214 930 2319 983 τίτ.
2353 930 2459 983 τῶν
2488 931 2739 1001 Νεαρῶν,
2781 931 2949 1002 φησὶν
2980 931 3063 984 ὅτι
3096 932 3191 984 ἐὰν
3230 930 3599 999 γινώσκοντος

2017 1018 2113 1071 καὶ
2145 1017 2221 1089 μὴ
2252 1018 2626 1088 ἀντιλέγοντος
2661 1019 2756 1073 τοῦ
2784 1019 3049 1073 δεσπότου
3072 1020 3349 1091 κληρωθῇ,
3382 1022 3601 1074 ἐλευθε-

2022 1112 2205 1183 ροῦται
2253 1114 2346 1167 καὶ
2396 1115 2624 1187 εὐγενὴς
2669 1115 2902 1186 γίνεται.
2949 1116 3015 1170 Εί
3043 1115 3101 1169 δὲ
3156 1115 3426 1187 ἠγνόησεν
3466 1118 3605 1171 εῐσω

2017 1206 2260 1261 ἐνιαυτοῦ
2284 1208 2497 1271 δεικνὺς
2533 1210 2635 1279 τὴν
2685 1209 2876 1281 τύχην,
2920 1209 3190 1279 λαμϐάνει
3236 1210 3422 1265 αὐτόν.
3459 1210 3599 1263 Ὀδέ

2018 1294 2489 1369 ἐλευθερούμενος,
2530 1300 2626 1353 ἐὰν
2652 1300 2914 1371 κοσμικὺς
2954 1300 3200 1371 γένηται,
3240 1302 3600 1372 παραδίδοται

2018 1388 2097 1451 είς
2119 1388 2362 1441 δουλείαν
2389 1387 2470 1460 τῷ
2497 1387 2737 1461 δεσπότῃ
2777 1388 2963 1442 αὑτοῦ.
3003 1389 3069 1441 Ἦ
3095 1389 3153 1442 δέ
3184 1390 3324 1459 αὑτὴ
3349 1388 3600 1452 διάταξις

2017 1478 2185 1547 λέγει,
2211 1481 2293 1533 ὅτι
2319 1482 2353 1550 ἡ
2387 1481 2680 1552 ἐπισκοπὴ,
2704 1481 2798 1535 καὶ
2820 1480 3072 1553 δουλικῆς
3095 1481 3189 1535 καὶ
3210 1482 3598 1552 ἐναπογράφου

2017 1570 2185 1642 τύχης
2209 1572 2490 1643 ἐλευθεροῖ
2522 1573 2615 1626 καὶ
2655 1572 3104 1643 ὑπεξουσιότητος
3126 1589 3143 1603 ⁸
3170 1573 3235 1625 τὸ
3270 1572 3479 1626 αὑτὸδὲ
3502 1574 3601 1626 καὶ

2018 1663 2147 1732 ἠοε¹
2173 1664 2343 1735 νεαρά
2380 1665 2417 1734 ἡ
2441 1663 2880 1735 διαλαμϐάνουσα
2920 1664 3012 1718 διὰ
3061 1664 3231 1717 ποίων
3269 1664 3602 1734 ἀξιωμάτων

343 1766 635 1835 dignitates
677 1763 843 1820 curia:
896 1757 1088 1832 [nexu]
1132 1758 1415 1828 patriaque
1468 1762 1739 1827 potestate
1789 1755 1913 1825 quis

2035 1755 2397 1829 ιουλευτηρίου
2435 1775 2519 1822 τις
2553 1757 2932 1829 ἐλευθεροῦται
2961 1759 3056 1812 καὶ
3085 1759 3540 1829 ύπεξουσιότητος
3578 1773 3597 1789 δ

343 1859 624 1914 liberetur.

415 1969 567 2026 CAP.
602 1965 846 2023 XXXVI.
879 1995 944 2007 —
968 1962 1047 2019 De
1080 1961 1420 2029 diaconissis,
1461 1970 1513 2016 et
1553 1958 1693 2031 quod
1725 1956 1915 2012 mulier

341 2060 746 2134 presbyteralem
773 2056 1087 2128 dignitatem
1113 2071 1214 2109 non
1240 2053 1496 2109 obtineat.

725 2169 948 2224 Concilii
992 2168 1203 2223 Nicteni
1245 2182 1415 2221 canon
1446 2163 1534 2219 19.

414 2265 504 2318 19.
532 2262 606 2317 De
639 2259 1014 2323 Paulianistis,
1034 2259 1126 2329 qui
1153 2258 1349 2313 deinde
1372 2256 1440 2310 ad
1467 2253 1751 2311 ecclesiam
1778 2266 1911 2308 con-

344 2354 634 2425 fugerunt,
684 2359 948 2407 statutum
993 2357 1122 2414 est,
1172 2356 1234 2403 ut
1291 2348 1327 2402 ii
1394 2346 1619 2401 omnino
1667 2344 1912 2413 rebapti-

342 2454 558 2502 zentur.
598 2442 654 2498 Si
689 2442 784 2512 qui
831 2454 962 2495 vero
1002 2449 1244 2509 tempore
1282 2437 1560 2508 praeterito
1592 2439 1645 2491 in
1686 2434 1914 2492 clerico.

342 2553 463 2594 rum
501 2547 731 2591 numero
763 2539 941 2596 erant,
972 2531 1016 2586 si
1038 2530 1256 2601 quidem
1280 2544 1311 2583 a
1344 2527 1501 2597 culpa
1532 2535 1588 2581 et
1615 2526 1912 2597 reprehen-

340 2631 497 2684 sione
520 2626 685 2695 aliqui
710 2625 812 2680 visi
836 2622 1058 2690 fuerint,
1089 2620 1750 2691 rebaptizati‘ordinentur
1769 2634 1798 2673 ο
1822 2633 1915 2673 ca-

341 2721 556 2777 tholica:
569 2716 729 2788 104
742 2714 1001 2772 Ecclesia:
1029 2714 1304 2785 episcopo.
1342 2712 1399 2768 Si
1425 2727 1559 2768 vero
1578 2712 1914 2768 examinatio

340 2825 436 2865 eos
483 2823 593 2862 non
626 2822 749 2861 esse
793 2813 951 2875 aptos
980 2803 1363 2873 deprehendit,
1399 2801 1595 2872 deponi
1624 2817 1721 2856 eos
1746 2815 1914 2871 opor-

344 2909 439 2955 tet.
479 2898 745 2953 Similiter
782 2905 963 2951 autem
993 2902 1048 2950 et
1091 2896 1159 2949 de
1208 2894 1559 2959 diaconissis,
1607 2900 1662 2948 et
1689 2892 1915 2949 omnino

342 2991 410 3043 de
450 2988 709 3044 omnibus
738 2985 834 3057 qui
866 2986 1010 3040 inter
1053 2984 1285 3039 clericos
1333 2991 1783 3049 annumerantur,
1824 2997 1914 3037 ea-

2020 1850 2053 1919 ή
2085 1852 2195 1920 γὰρ
2224 1856 2265 1903 o'
2296 1850 2466 1920 νεαρὰ
2491 1850 2809 1905 ἐπισκόπων
2848 1850 2912 1904 οὐ
2959 1851 3254 1922 μέμνηται.

2083 1960 2339 2015 ΚΕΦΑΛ.
2395 1960 2518 2016 AZ’.
2568 1992 2639 2002 —
2685 1961 2825 2032 Περὶ
2869 1962 3297 2027 διακονισσῶν,
3350 1960 3452 2017 καὶ
3506 1961 3598 2016 ὅτι

2016 2051 2167 2121 γυνὴ
2198 2054 2272 2109 οὐ
2308 2053 2533 2125 γίνεται
2566 2053 2958 2125 πρεσϐυτέρα.

2345 2165 2617 2221 Συνόδου
2661 2168 2911 2233 Νικαίας
2956 2166 3159 2221 κανὼν
3206 2166 3294 2221 ιϐ’.

2085 2252 2172 2313 ιϐ’.
2202 2257 2339 2330 Περὶ
2366 2256 2994 2324 τῶνπΠαυλιανισάντων,
3025 2253 3147 2312 εἶτα
3175 2256 3597 2330 προσφυγόντων

2012 2350 2080 2421 τῇ
2112 2350 2377 2422 καθολικῇ
2423 2350 2754 2422 Ἐκκλησία,
2783 2351 2907 2421 ὄρος
2952 2349 3252 2404 ἐπιτέθειται
3282 2348 3599 2418 ιάναϐαπτί-

2013 2438 2207 2504 ζεσθαι
2246 2439 2443 2497 αὐτοὺς
2464 2439 2782 2504 ἐξάπαντος.
2816 2439 2879 2493 Εἰ
2925 2438 2983 2491 δέ
3007 2456 3151 2502 τινες
3192 2438 3271 2509 τῷ
3292 2436 3597 2509 παρεληλυ-

2015 2530 2131 2586 θότι
2188 2531 2366 2602 χρόνῳ
2415 2532 2475 2584 ἐν
2542 2531 2621 2597 τῷ
2672 2530 2861 2603 κλήρῳ
2936 2529 3339 2601 ἐξητάσθησαν,
3394 2532 3444 2582 εί
3498 2530 3597 2600 μὲν

2014 2627 2296 2699 ἄμεμπτοι
2326 2626 2417 2681 καὶ
2453 2624 2810 2694 ἀνεπίληπτοι
2843 2624 3595 2694 φανεῖεν,ἀναϐαπτισθέντες

2014 2717 2526 2791 χειροτονείσθωσαν
2554 2716 2659 2771 ὑπὸ
2686 2718 2778 2771 τοῦ
2802 2717 2902 2787 τῆς
2932 2716 3229 2788 καθολικῆς
3266 2717 3595 2789 Ἐκκλησίας

2016 2809 2336 2865 ἐπισκόπου.
2366 2810 2430 2862 Et
2456 2809 2514 2862 δὲ
2546 2811 2579 2879 ἠ
2629 2809 2919 2880 ἀνάκρισις
2949 2808 3358 2880 ἀνεπιτηδείους
3392 2811 3594 2873 αὐτοὺς

2015 2901 2283 2972 εὑρίσκει,
2340 2898 2724 2969 καθαιρεῖσθαι
2748 2899 2946 2963 αὐτοὺς
2985 2900 3273 2972 προσήκει.
3320 2899 3595 2966 Ὡσαύτως

2014 2993 2070 3045 δὲ
2100 2992 2337 3062 καὶπερὶ
2368 2992 2477 3045 τῶν
2510 2993 2889 3059 διακονισσῶν,
2920 2994 3012 3047 καὶ
3048 2994 3187 3059 ὅλως
3223 2994 3353 3067 περὶ
3395 2994 3507 3048 τῶν
3535 2996 3594 3047 ἐν

341 3083 463 3136 dem
497 3080 671 3134 forma
706 3078 1029 3133 servabitur.
1077 3076 1522 3132 Diaconissarum
1565 3084 1748 3130 autem
1798 3089 1913 3129 me-

2035 3083 2100 3154 ιῷ
2133 3084 2318 3137 κανόνι
2354 3083 2778 3155 ἐξεταζομένων,
2830 3086 2859 3139 ὁ
2889 3085 3049 3149 αὐτὸς
3080 3088 3252 3151 τύπος
3285 3088 3593 3159 περιφυλα-

344 3172 602 3225 minimus
645 3183 768 3239 quae
814 3168 870 3223 in
920 3168 1111 3223 habitu
1148 3166 1371 3239 quidem
1422 3173 1737 3229 censentur,
1784 3179 1916 3235 quo-

343 3262 490 3317 niam
526 3275 627 3316 nec
666 3261 833 3315 ullam
866 3260 1071 3315 habent
1096 3273 1358 3314 manuum
1393 3257 1820 3327 impositioncm,
1857 3263 1916 3311 ut

342 3353 567 3409 omnino
606 3353 754 3409 inter
782 3352 955 3408 laicos
985 3351 1118 3421 ipsa:
1148 3357 1635 3406 connumerentur.

701 3532 927 3587 Concilii
963 3530 1247 3587 Laodiceni
1275 3547 1445 3586 canon
1468 3530 1555 3585 ll.

410 3626 500 3680 11.
525 3623 646 3680 Νοη
673 3634 927 3694 oportere
953 3640 1047 3680 eas
1070 3640 1191 3694 quae
1221 3623 1477 3680 dicuntur
1506 3622 1838 3695 presbyterm
1859 3633 1913 3679 et

341 3716 715 3785 praesidentes,
739 3716 794 3769 in
818 3715 1070 3772 ecclesiis
1098 3714 1379 3771 constitui.

630 3824 856 3881 Concilii
884 3824 1324 3882 Chalcedonensis
1347 3842 1518 3881 canon
1540 3825 1629 3883 15.

413 3912 497 3968 15.
538 3911 917 3972 Diaconissam
966 3931 1076 3971 non
1122 3931 1245 3973 esse
1294 3919 1600 3983 mulierem,
1653 3927 1787 3984 etc.,
1848 3927 1907 3973 ut

340 4019 463 4075 pag.
496 4003 623 4059 550.

588 4093 815 4150 Concilii
841 4097 1146 4151 aecumenici
1172 4097 1308 4151 sexti
1338 4112 1509 4151 canon
1536 4098 1625 4153 14.

408 4184 496 4239 14.
560 4182 885 4242 Sanctorum
923 4188 1348 4259 divinorumque
1385 4186 1628 4255 Patrum,
1681 4196 1813 4254 etc.,
1850 4199 1906 4243 ut

336 4291 458 4346 pag.
481 4276 607 4332 551.

404 4368 560 4425 CAP.
598 4368 887 4426 XXXVIII.
936 4401 1006 4413 —
1044 4372 1317 4439 Quatenus
1372 4391 1463 4446 per
1504 4375 1904 4443 ordinationem

338 4470 550 4528 peccata
579 4460 868 4517 solvantur.

632 4573 858 4630 Concilii
882 4574 1330 4633 Neoewsariensis
1355 4595 1523 4634 canon
1546 4581 1602 4637 9.

412 4668 466 4723 9.
488 4668 546 4723 Si
568 4670 868 4742 presbyter,
882 4673 974 4742 qui
991 4687 1219 4745 corpore
1236 4675 1388 4745 prius
1413 4685 1754 4745 peccaverat,
1772 4686 1904 4742 etc.,

339 4768 397 4813 ut
425 4774 543 4830 pag.
575 4761 698 4818 547.

2022 3173 2303 3243 χθήσεται,
2343 3174 2694 3245 ἐμνήσθημεν
2712 3175 2771 3229 δὲ
2794 3176 2902 3230 τῶν
2926 3178 3284 3234 διακονισσῶν
3304 3181 3415 3235 τῶν
3432 3183 3491 3236 ἐν
3516 3181 3593 3252 τῷ

2023 3265 2261 3336 σχήματι
2291 3265 2700 3334 ἐξετασθεισῶν,
2751 3269 2876 3323 ἐπεὶ
2929 3270 3064 3342 μηδὲ
3110 3273 3450 3344 χειροθεσίαν
3470 3273 3591 3328 τινὰ

2020 3357 2235 3428 ἔχουσιν
2257 3373 2273 3390 ο
2337 3357 2481 3413 ὥστε
2531 3358 2833 3427 ἐξάπαντος
2890 3363 2950 3415 ἐν
2998 3365 3113 3427 τοῖς
3163 3363 3376 3429 λαῖκοῖς
3420 3365 3591 3430 αὐτὰς

2020 3449 2391 3515 ἐξετάζεσθαι.

2320 3544 2588 3600 Συνόδου
2615 3544 2967 3613 Λαοδικείας
2987 3548 3187 3601 κανὼν
3219 3555 3311 3603 ια’.

2091 3630 2183 3689 ια’.
2210 3634 2346 3705 Περὶ
2374 3635 2469 3688 τοῦ
2505 3633 2582 3705 μὴ
2602 3635 2712 3689 δεῖν
2739 3634 2841 3698 τὰς
2866 3636 3167 3706 λεγομένας
3204 3636 3587 3709 πρεσϐύτιδας,

2019 3727 2134 3795 ἦτοι
2152 3725 2599 3797 προκαθημένας,
2624 3727 2684 3779 ἐν
2706 3726 2973 3799 ἐκκλησίᾳ
3003 3727 3383 3783 καθίστασθαι.

2281 3839 2553 3895 Συνόδου
2586 3840 2973 3908 Χαλκηδόνος
3015 3840 3219 3895 κανὼν
3243 3840 3326 3896 ιε’.

2090 3931 2174 3988 ιε’.
2191 3933 2552 3989 Διακόνισσαν
2576 3933 2653 4006 μὴ
2676 3934 3358 4005 χειροτονεῖσθαιγυναῖκα,
3378 3952 3501 3993 κ.τ.
3530 3936 3583 3993 λ.

2130 4112 2404 4168 Συνόδου
2451 4111 2871 4184 οίκουμενικῆς
2906 4113 3085 4183 ἕκτης
3130 4115 3335 4169 κανὼν
3378 4115 3463 4171 ιδ’.

2087 4205 2168 4260 ιδ’.
2216 4206 2276 4258 '0
2304 4204 2414 4258 τῶν
2442 4204 2614 4272 ἁγίων
2659 4205 2757 4259 καὶ
2802 4205 3077 4276 θεοφόρων
3113 4206 3271 4277 iutth
3300 4208 3575 4279 Πατέρων,

2016 4314 2069 4351 κ.
2098 4313 2155 4351 τ..
2174 4295 2226 4350 λ.

2084 4388 2335 4442 ΚΕΦΑΛ.
2377 4387 2510 4442 Aﬂ'.
2542 4417 2599 4427 -—
2640 4388 2783 4457 Περὶ
2802 4386 2924 4444 τῶν
2960 4389 3059 4445 διὰ
3078 4387 3186 4458 τῆς
3211 4392 3577 4461 χειροτονίας

2014 4479 2327 4550 λυομένων
2360 4480 2808 4550 ἁμαρτημάτων.

2261 4593 2532 4648 Συνόδου
2559 4594 3025 4664 Νεοκαισαρείας
3062 4594 3262 4649 κανὼν
3286 4594 3355 4649 θ’.

2090 4684 2153 4739 0'.
2171 4684 2546 4757 Πρεσϐύτερος
2565 4686 2659 4739 ἐὰν
2677 4687 3120 4758 προημαρτηκὼς
3136 4687 3373 4757 σώματι,
3391 4706 3447 4743 κ.
3464 4705 3513 4744 τ.
3530 4686 3574 4740 λ.
