  <div class='ocr_page' id='page_1' title='image "/cluster/home/n/w/nwhite01/storage/ocr_20150623/104 pt.4/mdp.39015061931229/290.png"; bbox 0 0 3886 6240; ppageno 0'>
   <div class='ocr_carea' id='block_1_1' title="bbox 312 305 423 373">
    <p class='ocr_par' dir='ltr' id='par_1_1' title="bbox 312 305 423 373">
     <span class='ocr_line' id='line_1_1' title="bbox 312 305 423 373; baseline 0.018 -2"><span class='ocrx_word' id='word_1_1' title='bbox 312 305 423 373; x_wconf 72' lang='lat'><strong>561</strong></span> 
     </span>
    </p>
   </div>
   <div class='ocr_carea' id='block_1_2' title="bbox 1199 280 1898 369">
    <p class='ocr_par' dir='ltr' id='par_1_2' title="bbox 1199 307 1898 369">
     <span class='ocr_line' id='line_1_2' title="bbox 1199 307 1898 369; baseline -0.003 0"><span class='ocrx_word' id='word_1_2' title='bbox 1199 308 1598 369; x_wconf 84' lang='lat' dir='ltr'><strong>SYNTAGMA</strong></span> <span class='ocrx_word' id='word_1_3' title='bbox 1631 307 1898 369; x_wconf 80' lang='lat' dir='ltr'><strong>CANONI</strong></span> 
     </span>
    </p>
   </div>
   <div class='ocr_carea' id='block_1_3' title="bbox 2014 280 3579 369">
    <p class='ocr_par' dir='ltr' id='par_1_3' title="bbox 2014 280 3579 368">
     <span class='ocr_line' id='line_1_3' title="bbox 2014 280 3579 368; baseline 0 -1"><span class='ocrx_word' id='word_1_4' title='bbox 2014 330 2116 367; x_wconf 91' lang='lat'><strong>.—</strong></span> <span class='ocrx_word' id='word_1_5' title='bbox 2155 307 2303 368; x_wconf 88' lang='lat' dir='ltr'><strong>TIT.</strong></span> <span class='ocrx_word' id='word_1_6' title='bbox 2337 306 2419 366; x_wconf 85' lang='grc' dir='ltr'>ιι.</span> <span class='ocrx_word' id='word_1_7' title='bbox 2458 306 2614 366; x_wconf 86' lang='lat' dir='ltr'><strong>CAP.</strong></span> <span class='ocrx_word' id='word_1_8' title='bbox 2646 308 2693 366; x_wconf 83' lang='grc' dir='ltr'>ι.</span> <span class='ocrx_word' id='word_1_9' title='bbox 3473 280 3579 367; x_wconf 70' lang='grc'><strong>562</strong></span> 
     </span>
    </p>
   </div>
   <div class='ocr_carea' id='block_1_4' title="bbox 1646 610 2259 704">
    <p class='ocr_par' dir='ltr' id='par_1_4' title="bbox 1646 610 2259 704">
     <span class='ocr_line' id='line_1_4' title="bbox 1646 610 2259 704; baseline -0.013 -3"><span class='ocrx_word' id='word_1_10' title='bbox 1646 610 2069 704; x_wconf 88' lang='grc' dir='ltr'><strong>’ἹἹΤΛΟΣ</strong></span> <span class='ocrx_word' id='word_1_11' title='bbox 2142 610 2259 699; x_wconf 87' lang='lat' dir='ltr'><strong>B’.</strong></span> 
     </span>
    </p>
   </div>
   <div class='ocr_carea' id='block_1_5' title="bbox 308 815 3574 885">
    <p class='ocr_par' dir='ltr' id='par_1_5' title="bbox 308 815 3574 885">
     <span class='ocr_line' id='line_1_5' title="bbox 308 815 3574 885; baseline -0.001 -16"><span class='ocrx_word' id='word_1_12' title='bbox 308 816 479 870; x_wconf 79' lang='grc' dir='ltr'><strong>ΠΕΡΙ</strong></span> <span class='ocrx_word' id='word_1_13' title='bbox 512 817 853 873; x_wconf 82' lang='grc' dir='ltr'><strong>ΠΟΙΗΣΕΩΣ</strong></span> <span class='ocrx_word' id='word_1_14' title='bbox 868 817 1273 873; x_wconf 78' lang='grc' dir='ltr'><strong>ΕΚΚΑΗΣΙΩΝ</strong></span> <span class='ocrx_word' id='word_1_15' title='bbox 1306 819 1423 871; x_wconf 77' lang='grc' dir='ltr'><strong>ΚΑΙ</strong></span> <span class='ocrx_word' id='word_1_16' title='bbox 1451 818 1611 872; x_wconf 80' lang='grc' dir='ltr'><strong>ΠΕΡΙ</strong></span> <span class='ocrx_word' id='word_1_17' title='bbox 1632 820 1833 872; x_wconf 86' lang='grc' dir='ltr'><strong>ΙΕΡΩΝ</strong></span> <span class='ocrx_word' id='word_1_18' title='bbox 1862 818 2137 875; x_wconf 83' lang='grc' dir='ltr'><strong>ΣΚΕΥΩΝ</strong></span> <span class='ocrx_word' id='word_1_19' title='bbox 2171 820 2290 872; x_wconf 80' lang='grc' dir='ltr'><strong>ΚΑΙ</strong></span> <span class='ocrx_word' id='word_1_20' title='bbox 2315 819 2816 885; x_wconf 78' lang='grc' dir='ltr'><strong>ΑΝΑΘΗΜΛΤΩΝ,</strong></span> <span class='ocrx_word' id='word_1_21' title='bbox 2854 818 2976 873; x_wconf 77' lang='grc' dir='ltr'><strong>ΚΑΙ</strong></span> <span class='ocrx_word' id='word_1_22' title='bbox 3002 817 3364 873; x_wconf 81' lang='grc' dir='ltr'><strong>ΚΛΗΡΙΚΩΝ</strong></span> <span class='ocrx_word' id='word_1_23' title='bbox 3392 815 3574 869; x_wconf 81' lang='grc' dir='ltr'><strong>ΠΔΡΛ</strong></span> 
     </span>
    </p>
   </div>
   <div class='ocr_carea' id='block_1_6' title="bbox 1130 888 2754 945">
    <p class='ocr_par' dir='ltr' id='par_1_6' title="bbox 1130 888 2754 945">
     <span class='ocr_line' id='line_1_6' title="bbox 1130 888 2754 945; baseline 0.001 -2"><span class='ocrx_word' id='word_1_24' title='bbox 1130 889 1424 945; x_wconf 80' lang='grc' dir='ltr'><strong>ΓΝΩΜΗΝ</strong></span> <span class='ocrx_word' id='word_1_25' title='bbox 1466 889 1863 943; x_wconf 76' lang='grc' dir='ltr'><strong>ΕΠΙΣΚΟΠΩΝ</strong></span> <span class='ocrx_word' id='word_1_26' title='bbox 1893 888 2243 943; x_wconf 80' lang='grc' dir='ltr'><strong>ΙΣΤΩΝΤΩΝ</strong></span> <span class='ocrx_word' id='word_1_27' title='bbox 2272 888 2754 944; x_wconf 77' lang='grc' dir='ltr'><strong>ΘΥΣΙΑΣΤΗΡΙΑ.</strong></span> 
     </span>
    </p>
   </div>
   <div class='ocr_carea' id='block_1_7' title="bbox 1464 1193 2417 1305">
    <p class='ocr_par' dir='ltr' id='par_1_7' title="bbox 1464 1193 2417 1305">
     <span class='ocr_line' id='line_1_7' title="bbox 1464 1193 2417 1305; baseline -0.002 -2"><span class='ocrx_word' id='word_1_28' title='bbox 1464 1193 1622 1267; x_wconf 76' lang='grc' dir='ltr'><strong>Ῑ⁰⁵</strong></span> <span class='ocrx_word' id='word_1_29' title='bbox 1669 1213 2190 1305; x_wconf 86' lang='lat' dir='ltr'><strong>TITULUS</strong></span> <span class='ocrx_word' id='word_1_30' title='bbox 2283 1214 2417 1303; x_wconf 90' lang='lat' dir='ltr'><strong>ll.</strong></span> 
     </span>
    </p>
   </div>
   <div class='ocr_carea' id='block_1_8' title="bbox 308 1400 3581 1474">
    <p class='ocr_par' dir='ltr' id='par_1_8' title="bbox 308 1400 3581 1474">
     <span class='ocr_line' id='line_1_8' title="bbox 308 1400 3581 1474; baseline -0.002 -8"><span class='ocrx_word' id='word_1_31' title='bbox 308 1407 405 1465; x_wconf 84' lang='lat' dir='ltr'><strong>DE</strong></span> <span class='ocrx_word' id='word_1_32' title='bbox 435 1405 971 1466; x_wconf 74' lang='lat' dir='ltr'><strong>EXSTRUCTIONE</strong></span> <span class='ocrx_word' id='word_1_33' title='bbox 1004 1404 1519 1473; x_wconf 80' lang='lat' dir='ltr'><strong>ECCLESIARUM,</strong></span> <span class='ocrx_word' id='word_1_34' title='bbox 1547 1405 1634 1461; x_wconf 88' lang='lat' dir='ltr'><strong>ET</strong></span> <span class='ocrx_word' id='word_1_35' title='bbox 1666 1404 1754 1460; x_wconf 89' lang='lat' dir='ltr'><strong>DE</strong></span> <span class='ocrx_word' id='word_1_36' title='bbox 1798 1403 2045 1461; x_wconf 78' lang='lat' dir='ltr'><strong>SACBIS</strong></span> <span class='ocrx_word' id='word_1_37' title='bbox 2100 1403 2300 1461; x_wconf 82' lang='lat' dir='ltr'><strong>VASIS</strong></span> <span class='ocrx_word' id='word_1_38' title='bbox 2334 1403 2570 1472; x_wconf 83' lang='lat' dir='ltr'><strong>ATQUE</strong></span> <span class='ocrx_word' id='word_1_39' title='bbox 2614 1403 2976 1474; x_wconf 79' lang='lat' dir='ltr'><strong>DONARIIS,</strong></span> <span class='ocrx_word' id='word_1_40' title='bbox 3017 1402 3107 1462; x_wconf 84' lang='lat' dir='ltr'><strong>ET</strong></span> <span class='ocrx_word' id='word_1_41' title='bbox 3141 1402 3229 1461; x_wconf 89' lang='lat' dir='ltr'><strong>DE</strong></span> <span class='ocrx_word' id='word_1_42' title='bbox 3265 1400 3581 1459; x_wconf 81' lang='lat' dir='ltr'><strong>CLERICIS</strong></span> 
     </span>
    </p>
   </div>
   <div class='ocr_carea' id='block_1_9' title="bbox 952 1474 2935 1539">
    <p class='ocr_par' dir='ltr' id='par_1_9' title="bbox 952 1474 2935 1539">
     <span class='ocr_line' id='line_1_9' title="bbox 952 1474 2935 1539; baseline -0.001 -6"><span class='ocrx_word' id='word_1_43' title='bbox 952 1477 1255 1535; x_wconf 67' lang='lat' dir='ltr'><strong>PRA‘JTER</strong></span> <span class='ocrx_word' id='word_1_44' title='bbox 1299 1476 1744 1534; x_wconf 81' lang='lat' dir='ltr'><strong>SENTENTIAM</strong></span> <span class='ocrx_word' id='word_1_45' title='bbox 1770 1474 2079 1534; x_wconf 84' lang='lat' dir='ltr'><strong>EPISCOPI</strong></span> <span class='ocrx_word' id='word_1_46' title='bbox 2115 1475 2421 1530; x_wconf 76' lang='lat' dir='ltr'><strong>ALTARIA</strong></span> <span class='ocrx_word' id='word_1_47' title='bbox 2448 1475 2935 1539; x_wconf 77' lang='lat' dir='ltr'><strong>ElllGENTIBUS.</strong></span> 
     </span>
    </p>
   </div>
   <div class='ocr_carea' id='block_1_10' title="bbox 303 1783 1898 1856">
    <p class='ocr_par' dir='ltr' id='par_1_10' title="bbox 303 1785 1897 1856">
     <span class='ocr_line' id='line_1_10' title="bbox 303 1785 1897 1856; baseline 0.001 -15"><span class='ocrx_word' id='word_1_48' title='bbox 303 1788 321 1833; x_wconf 74' lang='lat'><strong>.&#39;</strong></span> <span class='ocrx_word' id='word_1_49' title='bbox 383 1786 787 1841; x_wconf 74' lang='grc' dir='ltr'><strong>ΚΕΦᾹΛΑῘΟΝ</strong></span> <span class='ocrx_word' id='word_1_50' title='bbox 814 1785 1182 1843; x_wconf 84' lang='grc' dir='ltr'><strong>ΠΡΩΤΟΝ.-</strong></span> <span class='ocrx_word' id='word_1_51' title='bbox 1198 1786 1339 1853; x_wconf 67' lang='grc' dir='ltr'>Περὶ</span> <span class='ocrx_word' id='word_1_52' title='bbox 1378 1788 1778 1856; x_wconf 80' lang='grc' dir='ltr'><strong>καθιερώσεως</strong></span> <span class='ocrx_word' id='word_1_53' title='bbox 1801 1788 1897 1844; x_wconf 79' lang='grc' dir='ltr'><strong>ἐκ·</strong></span> 
     </span>
    </p>
   </div>
   <div class='ocr_carea' id='block_1_11' title="bbox 2014 1783 3581 1856">
    <p class='ocr_par' dir='ltr' id='par_1_11' title="bbox 2070 1783 3581 1844">
     <span class='ocr_line' id='line_1_11' title="bbox 2070 1783 3581 1844; baseline -0.004 0"><span class='ocrx_word' id='word_1_54' title='bbox 2070 1786 2325 1844; x_wconf 82' lang='lat' dir='ltr'><strong>CAPUT</strong></span> <span class='ocrx_word' id='word_1_55' title='bbox 2355 1784 2647 1841; x_wconf 80' lang='lat' dir='ltr'><strong>PRIMUM.</strong></span> <span class='ocrx_word' id='word_1_56' title='bbox 2689 1816 2757 1825; x_wconf 93' lang='lat'>—</span> <span class='ocrx_word' id='word_1_57' title='bbox 2783 1783 2855 1837; x_wconf 84' lang='lat' dir='ltr'><strong>De</strong></span> <span class='ocrx_word' id='word_1_58' title='bbox 2897 1785 3290 1839; x_wconf 85' lang='lat' dir='ltr'><strong>consecratione</strong></span> <span class='ocrx_word' id='word_1_59' title='bbox 3331 1785 3581 1839; x_wconf 83' lang='lat' dir='ltr'><strong>ecclesia-</strong></span> 
     </span>
    </p>
   </div>
   <div class='ocr_carea' id='block_1_12' title="bbox 306 1878 1899 1950">
    <p class='ocr_par' dir='ltr' id='par_1_12' title="bbox 306 1878 1899 1950">
     <span class='ocr_line' id='line_1_12' title="bbox 306 1878 1899 1950; baseline 0.001 -17"><span class='ocrx_word' id='word_1_60' title='bbox 306 1878 590 1947; x_wconf 71' lang='grc' dir='ltr'>ιιλησιῶν</span> <span class='ocrx_word' id='word_1_61' title='bbox 641 1879 739 1934; x_wconf 79' lang='grc' dir='ltr'>καὶ</span> <span class='ocrx_word' id='word_1_62' title='bbox 790 1880 1157 1950; x_wconf 81' lang='grc' dir='ltr'>μαοτυρείων</span> <span class='ocrx_word' id='word_1_63' title='bbox 1195 1879 1282 1949; x_wconf 76' lang='grc' dir='ltr'>μὴ</span> <span class='ocrx_word' id='word_1_64' title='bbox 1336 1878 1602 1948; x_wconf 77' lang='grc' dir='ltr'>ἐχόντων</span> <span class='ocrx_word' id='word_1_65' title='bbox 1635 1881 1899 1949; x_wconf 72' lang='grc' dir='ltr'>λείψανα</span> 
     </span>
    </p>
   </div>
   <div class='ocr_carea' id='block_1_13' title="bbox 306 1971 522 2043">
    <p class='ocr_par' dir='ltr' id='par_1_13' title="bbox 306 1971 522 2043">
     <span class='ocr_line' id='line_1_13' title="bbox 306 1971 522 2043; baseline 0.009 -18"><span class='ocrx_word' id='word_1_66' title='bbox 306 1971 522 2043; x_wconf 78' lang='grc' dir='ltr'><strong>ἁγίων.</strong></span> 
     </span>
    </p>
   </div>
   <div class='ocr_carea' id='block_1_14' title="bbox 478 2060 1723 2133">
    <p class='ocr_par' dir='ltr' id='par_1_14' title="bbox 478 2060 1723 2133">
     <span class='ocr_line' id='line_1_14' title="bbox 478 2060 1723 2133; baseline 0.001 -17"><span class='ocrx_word' id='word_1_67' title='bbox 478 2061 753 2116; x_wconf 80' lang='grc' dir='ltr'>Συνόδου</span> <span class='ocrx_word' id='word_1_68' title='bbox 804 2061 1230 2133; x_wconf 76' lang='grc' dir='ltr'>Καρθαγέννης</span> <span class='ocrx_word' id='word_1_69' title='bbox 1264 2060 1466 2117; x_wconf 77' lang='grc' dir='ltr'>κανὼν</span> <span class='ocrx_word' id='word_1_70' title='bbox 1500 2068 1577 2131; x_wconf 83' lang='grc' dir='ltr'>ς’,</span> <span class='ocrx_word' id='word_1_71' title='bbox 1607 2062 1723 2131; x_wconf 83' lang='grc' dir='ltr'>πγ’.</span> 
     </span>
    </p>
   </div>
   <div class='ocr_carea' id='block_1_15' title="bbox 386 2152 1894 2225">
    <p class='ocr_par' dir='ltr' id='par_1_15' title="bbox 386 2152 1894 2225">
     <span class='ocr_line' id='line_1_15' title="bbox 386 2152 1894 2225; baseline 0.003 -20"><span class='ocrx_word' id='word_1_72' title='bbox 386 2152 570 2205; x_wconf 82' lang='grc' dir='ltr'>Ὥστε</span> <span class='ocrx_word' id='word_1_73' title='bbox 601 2152 830 2221; x_wconf 80' lang='grc' dir='ltr'>χρίσμα</span> <span class='ocrx_word' id='word_1_74' title='bbox 869 2153 988 2207; x_wconf 79' lang='grc' dir='ltr'>ἀπὸ</span> <span class='ocrx_word' id='word_1_75' title='bbox 1046 2153 1461 2223; x_wconf 80' lang='grc' dir='ltr'>πρεσϐυτέρων</span> <span class='ocrx_word' id='word_1_76' title='bbox 1490 2154 1577 2223; x_wconf 82' lang='grc' dir='ltr'>μὴ</span> <span class='ocrx_word' id='word_1_77' title='bbox 1606 2155 1894 2225; x_wconf 80' lang='grc' dir='ltr'>γίνεσθαι.</span> 
     </span>
    </p>
   </div>
   <div class='ocr_carea' id='block_1_16' title="bbox 387 2241 1897 2317">
    <p class='ocr_par' dir='ltr' id='par_1_16' title="bbox 387 2241 1897 2317">
     <span class='ocr_line' id='line_1_16' title="bbox 387 2241 1897 2317; baseline 0.002 -20"><span class='ocrx_word' id='word_1_78' title='bbox 387 2243 467 2308; x_wconf 83' lang='grc' dir='ltr'>ς’.</span> <span class='ocrx_word' id='word_1_79' title='bbox 498 2245 897 2315; x_wconf 78' lang='grc' dir='ltr'>Φουρτουνάτος</span> <span class='ocrx_word' id='word_1_80' title='bbox 919 2245 1217 2309; x_wconf 71' lang='grc' dir='ltr'><strong>ἐπίσκοπος</strong></span> <span class='ocrx_word' id='word_1_81' title='bbox 1257 2241 1431 2299; x_wconf 74' lang='grc' dir='ltr'>εἶπενο</span> <span class='ocrx_word' id='word_1_82' title='bbox 1469 2245 1560 2299; x_wconf 89' lang='grc' dir='ltr'><strong>Ἐν</strong></span> <span class='ocrx_word' id='word_1_83' title='bbox 1603 2248 1726 2311; x_wconf 86' lang='grc' dir='ltr'>ταῖς</span> <span class='ocrx_word' id='word_1_84' title='bbox 1764 2264 1897 2317; x_wconf 87' lang='grc' dir='ltr'>προ-</span> 
     </span>
    </p>
   </div>
   <div class='ocr_carea' id='block_1_17' title="bbox 307 2333 1896 2409">
    <p class='ocr_par' dir='ltr' id='par_1_17' title="bbox 307 2333 1896 2409">
     <span class='ocr_line' id='line_1_17' title="bbox 307 2333 1896 2409; baseline 0.003 -21"><span class='ocrx_word' id='word_1_85' title='bbox 307 2333 611 2398; x_wconf 76' lang='grc' dir='ltr'>λαδούσαις</span> <span class='ocrx_word' id='word_1_86' title='bbox 645 2336 883 2402; x_wconf 83' lang='grc' dir='ltr'><strong>συνόδοις</strong></span> <span class='ocrx_word' id='word_1_87' title='bbox 924 2335 1253 2409; x_wconf 84' lang='grc' dir='ltr'>μεμνήμεθα</span> <span class='ocrx_word' id='word_1_88' title='bbox 1290 2337 1361 2392; x_wconf 86' lang='grc' dir='ltr'>τὰ</span> <span class='ocrx_word' id='word_1_89' title='bbox 1394 2336 1698 2409; x_wconf 80' lang='grc' dir='ltr'><strong>ὁρισθέντα,</strong></span> <span class='ocrx_word' id='word_1_90' title='bbox 1758 2336 1896 2392; x_wconf 82' lang='grc' dir='ltr'>ὥστε</span> 
     </span>
    </p>
   </div>
   <div class='ocr_carea' id='block_1_18' title="bbox 310 2425 1900 2502">
    <p class='ocr_par' dir='ltr' id='par_1_18' title="bbox 310 2425 1900 2502">
     <span class='ocr_line' id='line_1_18' title="bbox 310 2425 1900 2502; baseline 0.005 -25"><span class='ocrx_word' id='word_1_91' title='bbox 310 2425 551 2497; x_wconf 83' lang='grc' dir='ltr'>χρίσμα,</span> <span class='ocrx_word' id='word_1_92' title='bbox 587 2426 993 2500; x_wconf 77' lang='grc' dir='ltr'>ἥκαταλλαγὴν</span> <span class='ocrx_word' id='word_1_93' title='bbox 1022 2428 1447 2500; x_wconf 81' lang='grc' dir='ltr'><strong>μετανοούντων,</strong></span> <span class='ocrx_word' id='word_1_94' title='bbox 1494 2430 1528 2501; x_wconf 78' lang='grc' dir='ltr'>ἢ</span> <span class='ocrx_word' id='word_1_95' title='bbox 1562 2430 1764 2502; x_wconf 83' lang='grc' dir='ltr'>κορῶν,</span> <span class='ocrx_word' id='word_1_96' title='bbox 1805 2430 1900 2485; x_wconf 80' lang='grc' dir='ltr'>καὶ</span> 
     </span>
    </p>
   </div>
   <div class='ocr_carea' id='block_1_19' title="bbox 310 2519 1898 2596">
    <p class='ocr_par' dir='ltr' id='par_1_19' title="bbox 310 2519 1898 2596">
     <span class='ocr_line' id='line_1_19' title="bbox 310 2519 1898 2596; baseline 0.003 -25"><span class='ocrx_word' id='word_1_97' title='bbox 310 2519 525 2583; x_wconf 76' lang='grc' dir='ltr'>τόπων,</span> <span class='ocrx_word' id='word_1_98' title='bbox 550 2519 643 2574; x_wconf 82' lang='grc' dir='ltr'><strong>καὶ</strong></span> <span class='ocrx_word' id='word_1_99' title='bbox 670 2522 810 2575; x_wconf 86' lang='grc' dir='ltr'>ναῶν</span> <span class='ocrx_word' id='word_1_100' title='bbox 859 2521 1187 2590; x_wconf 79' lang='grc' dir='ltr'>καθιέρωσιν</span> <span class='ocrx_word' id='word_1_101' title='bbox 1238 2522 1347 2576; x_wconf 81' lang='grc' dir='ltr'><strong>ἀπὸ</strong></span> <span class='ocrx_word' id='word_1_102' title='bbox 1403 2523 1793 2595; x_wconf 76' lang='grc' dir='ltr'>πρεσϐυτέρων</span> <span class='ocrx_word' id='word_1_103' title='bbox 1822 2523 1898 2596; x_wconf 79' lang='grc' dir='ltr'>μὴ</span> 
     </span>
    </p>
   </div>
   <div class='ocr_carea' id='block_1_20' title="bbox 315 2611 1900 2686">
    <p class='ocr_par' dir='ltr' id='par_1_20' title="bbox 315 2611 1900 2686">
     <span class='ocr_line' id='line_1_20' title="bbox 315 2611 1900 2686; baseline 0.003 -22"><span class='ocrx_word' id='word_1_104' title='bbox 315 2611 571 2680; x_wconf 84' lang='grc' dir='ltr'>γίνεσθαι</span> <span class='ocrx_word' id='word_1_105' title='bbox 595 2629 608 2644; x_wconf 84' lang='grc'><em>’</em></span> <span class='ocrx_word' id='word_1_106' title='bbox 656 2614 753 2669; x_wconf 81' lang='grc' dir='ltr'><strong>ὲάν</strong></span> <span class='ocrx_word' id='word_1_107' title='bbox 784 2613 840 2667; x_wconf 80' lang='grc' dir='ltr'>δέ</span> <span class='ocrx_word' id='word_1_108' title='bbox 876 2631 961 2679; x_wconf 89' lang='grc' dir='ltr'><strong>τις</strong></span> <span class='ocrx_word' id='word_1_109' title='bbox 989 2615 1203 2686; x_wconf 81' lang='grc' dir='ltr'>ἀναφυῇ</span> <span class='ocrx_word' id='word_1_110' title='bbox 1237 2614 1395 2668; x_wconf 86' lang='grc' dir='ltr'>τοῦτο</span> <span class='ocrx_word' id='word_1_111' title='bbox 1422 2615 1696 2683; x_wconf 85' lang='grc' dir='ltr'><strong>πράττων,</strong></span> <span class='ocrx_word' id='word_1_112' title='bbox 1735 2617 1789 2669; x_wconf 90' lang='grc' dir='ltr'><strong>τί</strong></span> <span class='ocrx_word' id='word_1_113' title='bbox 1819 2616 1900 2670; x_wconf 78' lang='grc' dir='ltr'><strong>δεῖ</strong></span> 
     </span>
    </p>
   </div>
   <div class='ocr_carea' id='block_1_21' title="bbox 316 2703 1899 2780">
    <p class='ocr_par' dir='ltr' id='par_1_21' title="bbox 316 2703 1899 2780">
     <span class='ocr_line' id='line_1_21' title="bbox 316 2703 1899 2780; baseline 0.003 -24"><span class='ocrx_word' id='word_1_114' title='bbox 316 2703 457 2774; x_wconf 81' lang='grc' dir='ltr'>περὶ</span> <span class='ocrx_word' id='word_1_115' title='bbox 482 2703 671 2758; x_wconf 87' lang='grc' dir='ltr'>τούτου</span> <span class='ocrx_word' id='word_1_116' title='bbox 717 2706 934 2777; x_wconf 76' lang='grc' dir='ltr'>δρίσαις</span> <span class='ocrx_word' id='word_1_117' title='bbox 973 2706 1241 2780; x_wconf 79' lang='grc' dir='ltr'><strong>Αὐρήλιος</strong></span> <span class='ocrx_word' id='word_1_118' title='bbox 1269 2706 1569 2769; x_wconf 71' lang='grc' dir='ltr'>ἐπίσκοπος</span> <span class='ocrx_word' id='word_1_119' title='bbox 1595 2704 1771 2761; x_wconf 78' lang='grc' dir='ltr'>εἶπεν·</span> <span class='ocrx_word' id='word_1_120' title='bbox 1824 2708 1899 2761; x_wconf 82' lang='grc' dir='ltr'>Τὸ</span> 
     </span>
    </p>
   </div>
   <div class='ocr_carea' id='block_1_22' title="bbox 314 2797 1896 2870">
    <p class='ocr_par' dir='ltr' id='par_1_22' title="bbox 314 2797 1896 2870">
     <span class='ocr_line' id='line_1_22' title="bbox 314 2797 1896 2870; baseline 0.003 -21"><span class='ocrx_word' id='word_1_121' title='bbox 314 2797 588 2867; x_wconf 80' lang='grc' dir='ltr'>ὖμὲτερον</span> <span class='ocrx_word' id='word_1_122' title='bbox 640 2797 858 2865; x_wconf 82' lang='grc' dir='ltr'>ἀξίωμα</span> <span class='ocrx_word' id='word_1_123' title='bbox 910 2800 1114 2870; x_wconf 83' lang='grc' dir='ltr'>ήκουσε</span> <span class='ocrx_word' id='word_1_124' title='bbox 1161 2798 1223 2852; x_wconf 84' lang='grc' dir='ltr'><strong>τὸ</strong></span> <span class='ocrx_word' id='word_1_125' title='bbox 1270 2798 1556 2869; x_wconf 80' lang='grc' dir='ltr'>ἀνενεχθὲν</span> <span class='ocrx_word' id='word_1_126' title='bbox 1599 2800 1753 2870; x_wconf 87' lang='grc' dir='ltr'><strong>παρά</strong></span> <span class='ocrx_word' id='word_1_127' title='bbox 1802 2799 1896 2853; x_wconf 92' lang='grc' dir='ltr'><strong>τοῦ</strong></span> 
     </span>
    </p>
   </div>
   <div class='ocr_carea' id='block_1_23' title="bbox 312 2885 1899 2960">
    <p class='ocr_par' dir='ltr' id='par_1_23' title="bbox 312 2885 1899 2960">
     <span class='ocr_line' id='line_1_23' title="bbox 312 2885 1899 2960; baseline 0.004 -21"><span class='ocrx_word' id='word_1_128' title='bbox 312 2885 549 2954; x_wconf 77' lang='grc' dir='ltr'>ἀδελφοῦ</span> <span class='ocrx_word' id='word_1_129' title='bbox 576 2888 670 2940; x_wconf 64' lang='grc' dir='ltr'><strong>καὶ⁵</strong></span> <span class='ocrx_word' id='word_1_130' title='bbox 724 2887 1136 2959; x_wconf 84' lang='grc' dir='ltr'>συλλειτουργοῦ</span> <span class='ocrx_word' id='word_1_131' title='bbox 1180 2888 1341 2959; x_wconf 81' lang='grc' dir='ltr'>ἡμῶν</span> <span class='ocrx_word' id='word_1_132' title='bbox 1377 2891 1806 2960; x_wconf 81' lang='grc' dir='ltr'>Φουρτουνάτου,</span> <span class='ocrx_word' id='word_1_133' title='bbox 1842 2892 1899 2945; x_wconf 89' lang='grc' dir='ltr'><strong>τί</strong></span> 
     </span>
    </p>
   </div>
   <div class='ocr_carea' id='block_1_24' title="bbox 312 2978 1897 3049">
    <p class='ocr_par' dir='ltr' id='par_1_24' title="bbox 312 2978 1897 3049">
     <span class='ocr_line' id='line_1_24' title="bbox 312 2978 1897 3049; baseline 0.005 -20"><span class='ocrx_word' id='word_1_134' title='bbox 312 2978 460 3048; x_wconf 72' lang='grc' dir='ltr'>πρὸς</span> <span class='ocrx_word' id='word_1_135' title='bbox 483 2978 657 3034; x_wconf 85' lang='grc' dir='ltr'>ταῦτα</span> <span class='ocrx_word' id='word_1_136' title='bbox 704 2979 928 3049; x_wconf 82' lang='grc' dir='ltr'>λέγετε;</span> <span class='ocrx_word' id='word_1_137' title='bbox 969 2981 1103 3035; x_wconf 79' lang='grc' dir='ltr'><strong>Ἀπὸ</strong></span> <span class='ocrx_word' id='word_1_138' title='bbox 1146 2981 1365 3036; x_wconf 81' lang='grc' dir='ltr'>πάντων</span> <span class='ocrx_word' id='word_1_139' title='bbox 1420 2981 1529 3034; x_wconf 84' lang='grc' dir='ltr'>τῶν</span> <span class='ocrx_word' id='word_1_140' title='bbox 1580 2984 1897 3037; x_wconf 73' lang='grc' dir='ltr'>ἐπισκόπων</span> 
     </span>
    </p>
   </div>
   <div class='ocr_carea' id='block_1_25' title="bbox 312 3068 1895 3145">
    <p class='ocr_par' dir='ltr' id='par_1_25' title="bbox 312 3068 1895 3145">
     <span class='ocr_line' id='line_1_25' title="bbox 312 3068 1895 3145; baseline 0.004 -25"><span class='ocrx_word' id='word_1_141' title='bbox 312 3068 541 3141; x_wconf 73' lang='grc' dir='ltr'>ἐλέχθηο</span> <span class='ocrx_word' id='word_1_142' title='bbox 575 3070 892 3142; x_wconf 80' lang='grc' dir='ltr'>Χρίσματος</span> <span class='ocrx_word' id='word_1_143' title='bbox 933 3072 1170 3143; x_wconf 86' lang='grc' dir='ltr'>ποίησις,</span> <span class='ocrx_word' id='word_1_144' title='bbox 1194 3073 1290 3129; x_wconf 80' lang='grc' dir='ltr'>καὶ</span> <span class='ocrx_word' id='word_1_145' title='bbox 1321 3072 1500 3143; x_wconf 84' lang='grc' dir='ltr'>κορῶν</span> <span class='ocrx_word' id='word_1_146' title='bbox 1546 3074 1895 3145; x_wconf 80' lang='grc' dir='ltr'><strong>καθιέρωσις,</strong></span> 
     </span>
    </p>
   </div>
   <div class='ocr_carea' id='block_1_26' title="bbox 2004 1879 3579 1953">
    <p class='ocr_par' dir='ltr' id='par_1_26' title="bbox 2004 1879 3579 1953">
     <span class='ocr_line' id='line_1_26' title="bbox 2004 1879 3579 1953; baseline -0.003 -16"><span class='ocrx_word' id='word_1_147' title='bbox 2004 1897 2123 1937; x_wconf 88' lang='lat' dir='ltr'><strong>rum</strong></span> <span class='ocrx_word' id='word_1_148' title='bbox 2150 1890 2200 1936; x_wconf 87' lang='lat' dir='ltr'><strong>et</strong></span> <span class='ocrx_word' id='word_1_149' title='bbox 2229 1881 2605 1953; x_wconf 75' lang='lat' dir='ltr'><strong>martyriorum</strong></span> <span class='ocrx_word' id='word_1_150' title='bbox 2632 1895 2750 1951; x_wconf 73' lang='lat' dir='ltr'><strong>qua:</strong></span> <span class='ocrx_word' id='word_1_151' title='bbox 2781 1888 3086 1935; x_wconf 87' lang='lat' dir='ltr'><strong>sanctorum</strong></span> <span class='ocrx_word' id='word_1_152' title='bbox 3116 1879 3344 1949; x_wconf 85' lang='lat' dir='ltr'><strong>reliquiis</strong></span> <span class='ocrx_word' id='word_1_153' title='bbox 3378 1885 3579 1933; x_wconf 85' lang='lat' dir='ltr'><strong>carent.</strong></span> 
     </span>
    </p>
   </div>
   <div class='ocr_carea' id='block_1_27' title="bbox 2243 2056 3343 2130">
    <p class='ocr_par' dir='ltr' id='par_1_27' title="bbox 2243 2056 3343 2130">
     <span class='ocr_line' id='line_1_27' title="bbox 2243 2056 3343 2130; baseline -0.002 -16"><span class='ocrx_word' id='word_1_154' title='bbox 2243 2058 2468 2115; x_wconf 81' lang='lat' dir='ltr'><strong>Concilii</strong></span> <span class='ocrx_word' id='word_1_155' title='bbox 2497 2056 2931 2130; x_wconf 81' lang='lat' dir='ltr'><strong>Carthaginensis</strong></span> <span class='ocrx_word' id='word_1_156' title='bbox 2961 2074 3129 2112; x_wconf 85' lang='lat' dir='ltr'><strong>canon</strong></span> <span class='ocrx_word' id='word_1_157' title='bbox 3162 2057 3215 2124; x_wconf 86' lang='lat'><strong>6,</strong></span> <span class='ocrx_word' id='word_1_158' title='bbox 3255 2057 3343 2114; x_wconf 78' lang='lat'><strong>83.</strong></span> 
     </span>
    </p>
   </div>
   <div class='ocr_carea' id='block_1_28' title="bbox 2079 2151 3159 2221">
    <p class='ocr_par' dir='ltr' id='par_1_28' title="bbox 2079 2151 3159 2221">
     <span class='ocr_line' id='line_1_28' title="bbox 2079 2151 3159 2221; baseline 0.002 -15"><span class='ocrx_word' id='word_1_159' title='bbox 2079 2151 2147 2206; x_wconf 89' lang='lat' dir='ltr'><strong>Ut</strong></span> <span class='ocrx_word' id='word_1_160' title='bbox 2175 2152 2405 2207; x_wconf 78' lang='lat' dir='ltr'><strong>chrisma</strong></span> <span class='ocrx_word' id='word_1_161' title='bbox 2434 2169 2468 2206; x_wconf 89' lang='lat' dir='ltr'><strong>a</strong></span> <span class='ocrx_word' id='word_1_162' title='bbox 2493 2152 2811 2221; x_wconf 80' lang='lat' dir='ltr'><strong>presbyteris</strong></span> <span class='ocrx_word' id='word_1_163' title='bbox 2838 2168 2943 2206; x_wconf 88' lang='lat' dir='ltr'><strong>non</strong></span> <span class='ocrx_word' id='word_1_164' title='bbox 2972 2152 3067 2221; x_wconf 81' lang='lat' dir='ltr'><strong>ﬁat</strong></span> <span class='ocrx_word' id='word_1_165' title='bbox 3093 2153 3159 2208; x_wconf 80' lang='lat'><strong>”.</strong></span> 
     </span>
    </p>
   </div>
   <div class='ocr_carea' id='block_1_29' title="bbox 2077 2243 3585 2316">
    <p class='ocr_par' dir='ltr' id='par_1_29' title="bbox 2077 2243 3585 2316">
     <span class='ocr_line' id='line_1_29' title="bbox 2077 2243 3585 2316; baseline -0.003 -15"><span class='ocrx_word' id='word_1_166' title='bbox 2077 2245 2130 2301; x_wconf 89' lang='lat'><strong>6.</strong></span> <span class='ocrx_word' id='word_1_167' title='bbox 2162 2243 2496 2301; x_wconf 85' lang='lat' dir='ltr'><strong>Fortunatus</strong></span> <span class='ocrx_word' id='word_1_168' title='bbox 2516 2245 2807 2316; x_wconf 90' lang='lat' dir='ltr'><strong>episcopus</strong></span> <span class='ocrx_word' id='word_1_169' title='bbox 2837 2243 3009 2300; x_wconf 81' lang='lat' dir='ltr'><strong>dixit:</strong></span> <span class='ocrx_word' id='word_1_170' title='bbox 3037 2243 3096 2298; x_wconf 88' lang='lat' dir='ltr'><strong>ln</strong></span> <span class='ocrx_word' id='word_1_171' title='bbox 3127 2243 3421 2315; x_wconf 61' lang='lat' dir='ltr'><strong>praeteritis</strong></span> <span class='ocrx_word' id='word_1_172' title='bbox 3451 2256 3585 2298; x_wconf 89' lang='lat' dir='ltr'><strong>con-</strong></span> 
     </span>
    </p>
   </div>
   <div class='ocr_carea' id='block_1_30' title="bbox 2004 2334 3581 2411">
    <p class='ocr_par' dir='ltr' id='par_1_30' title="bbox 2004 2334 3581 2411">
     <span class='ocr_line' id='line_1_30' title="bbox 2004 2334 3581 2411; baseline 0.001 -19"><span class='ocrx_word' id='word_1_173' title='bbox 2004 2336 2149 2392; x_wconf 85' lang='lat' dir='ltr'><strong>ciliis</strong></span> <span class='ocrx_word' id='word_1_174' title='bbox 2178 2346 2441 2393; x_wconf 83' lang='lat' dir='ltr'><strong>statutum</strong></span> <span class='ocrx_word' id='word_1_175' title='bbox 2487 2336 2638 2411; x_wconf 87' lang='lat' dir='ltr'><strong>[mss.</strong></span> <span class='ocrx_word' id='word_1_176' title='bbox 2687 2334 3010 2407; x_wconf 81' lang='lat' dir='ltr'><strong>constituta]</strong></span> <span class='ocrx_word' id='word_1_177' title='bbox 3041 2336 3394 2393; x_wconf 87' lang='lat' dir='ltr'><strong>meminimus</strong></span> <span class='ocrx_word' id='word_1_178' title='bbox 3422 2351 3581 2403; x_wconf 87' lang='lat' dir='ltr'><strong>esse,</strong></span> 
     </span>
    </p>
   </div>
   <div class='ocr_carea' id='block_1_31' title="bbox 2003 2429 3580 2500">
    <p class='ocr_par' dir='ltr' id='par_1_31' title="bbox 2003 2429 3580 2500">
     <span class='ocr_line' id='line_1_31' title="bbox 2003 2429 3580 2500; baseline -0.001 -13"><span class='ocrx_word' id='word_1_179' title='bbox 2003 2438 2066 2487; x_wconf 89' lang='lat' dir='ltr'><strong>ut</strong></span> <span class='ocrx_word' id='word_1_180' title='bbox 2101 2431 2341 2486; x_wconf 82' lang='lat' dir='ltr'><strong>chrisma</strong></span> <span class='ocrx_word' id='word_1_181' title='bbox 2378 2430 2465 2485; x_wconf 89' lang='lat' dir='ltr'><strong>vel</strong></span> <span class='ocrx_word' id='word_1_182' title='bbox 2495 2430 2871 2485; x_wconf 81' lang='lat' dir='ltr'><strong>reconciliatio</strong></span> <span class='ocrx_word' id='word_1_183' title='bbox 2914 2429 3299 2500; x_wconf 84' lang='lat' dir='ltr'><strong>poenitentium</strong></span> <span class='ocrx_word' id='word_1_184' title='bbox 3320 2469 3335 2494; x_wconf 92' lang='lat'><strong>,</strong></span> <span class='ocrx_word' id='word_1_185' title='bbox 3368 2444 3580 2486; x_wconf 84' lang='lat' dir='ltr'><strong>necnon</strong></span> 
     </span>
    </p>
   </div>
   <div class='ocr_carea' id='block_1_32' title="bbox 2003 2521 3581 2593">
    <p class='ocr_par' dir='ltr' id='par_1_32' title="bbox 2003 2521 3581 2593">
     <span class='ocr_line' id='line_1_32' title="bbox 2003 2521 3581 2593; baseline -0.001 -14"><span class='ocrx_word' id='word_1_186' title='bbox 2003 2532 2057 2579; x_wconf 89' lang='lat' dir='ltr'><strong>et</strong></span> <span class='ocrx_word' id='word_1_187' title='bbox 2079 2524 2383 2593; x_wconf 84' lang='lat' dir='ltr'><strong>puellarum</strong></span> <span class='ocrx_word' id='word_1_188' title='bbox 2416 2523 2790 2588; x_wconf 88' lang='lat' dir='ltr'><strong>consecratio,</strong></span> <span class='ocrx_word' id='word_1_189' title='bbox 2828 2537 2860 2577; x_wconf 92' lang='lat' dir='ltr'><strong>a</strong></span> <span class='ocrx_word' id='word_1_190' title='bbox 2904 2521 3239 2593; x_wconf 83' lang='lat' dir='ltr'><strong>presbyteris</strong></span> <span class='ocrx_word' id='word_1_191' title='bbox 3268 2536 3377 2576; x_wconf 92' lang='lat' dir='ltr'><strong>non</strong></span> <span class='ocrx_word' id='word_1_192' title='bbox 3405 2521 3537 2577; x_wconf 77' lang='lat' dir='ltr'><strong>fiant</strong></span> <span class='ocrx_word' id='word_1_193' title='bbox 3567 2540 3581 2577; x_wconf 92' lang='lat'><strong>:</strong></span> 
     </span>
    </p>
   </div>
   <div class='ocr_carea' id='block_1_33' title="bbox 2005 2614 3585 2686">
    <p class='ocr_par' dir='ltr' id='par_1_33' title="bbox 2005 2614 3585 2686">
     <span class='ocr_line' id='line_1_33' title="bbox 2005 2614 3585 2686; baseline -0.002 -14"><span class='ocrx_word' id='word_1_194' title='bbox 2005 2617 2051 2672; x_wconf 90' lang='lat' dir='ltr'><strong>si</strong></span> <span class='ocrx_word' id='word_1_195' title='bbox 2091 2618 2216 2686; x_wconf 82' lang='lat' dir='ltr'><strong>quis</strong></span> <span class='ocrx_word' id='word_1_196' title='bbox 2248 2626 2431 2672; x_wconf 89' lang='lat' dir='ltr'><strong>autem</strong></span> <span class='ocrx_word' id='word_1_197' title='bbox 2460 2616 2747 2673; x_wconf 89' lang='lat' dir='ltr'><strong>emerserit</strong></span> <span class='ocrx_word' id='word_1_198' title='bbox 2789 2618 2891 2671; x_wconf 87' lang='lat' dir='ltr'><strong>hoc</strong></span> <span class='ocrx_word' id='word_1_199' title='bbox 2941 2614 3181 2681; x_wconf 86' lang='lat' dir='ltr'><strong>faciens,</strong></span> <span class='ocrx_word' id='word_1_200' title='bbox 3231 2614 3362 2685; x_wconf 87' lang='lat' dir='ltr'><strong>quid</strong></span> <span class='ocrx_word' id='word_1_201' title='bbox 3409 2615 3476 2671; x_wconf 92' lang='lat' dir='ltr'><strong>de</strong></span> <span class='ocrx_word' id='word_1_202' title='bbox 3518 2632 3585 2671; x_wconf 86' lang='lat' dir='ltr'><strong>co</strong></span> 
     </span>
    </p>
   </div>
   <div class='ocr_carea' id='block_1_34' title="bbox 2008 2706 3582 2781">
    <p class='ocr_par' dir='ltr' id='par_1_34' title="bbox 2008 2706 3582 2781">
     <span class='ocr_line' id='line_1_34' title="bbox 2008 2706 3582 2781; baseline 0.001 -19"><span class='ocrx_word' id='word_1_203' title='bbox 2008 2706 2159 2780; x_wconf 85' lang='lat' dir='ltr'><strong>[mss.</strong></span> <span class='ocrx_word' id='word_1_204' title='bbox 2193 2710 2259 2763; x_wconf 87' lang='lat' dir='ltr'><strong>de</strong></span> <span class='ocrx_word' id='word_1_205' title='bbox 2288 2708 2415 2781; x_wconf 85' lang='lat' dir='ltr'><strong>hoc]</strong></span> <span class='ocrx_word' id='word_1_206' title='bbox 2468 2709 2817 2765; x_wconf 86' lang='lat' dir='ltr'><strong>statuendum</strong></span> <span class='ocrx_word' id='word_1_207' title='bbox 2850 2708 2971 2765; x_wconf 88' lang='lat' dir='ltr'><strong>sit?</strong></span> <span class='ocrx_word' id='word_1_208' title='bbox 3009 2707 3268 2763; x_wconf 84' lang='lat' dir='ltr'><strong>Aurelius</strong></span> <span class='ocrx_word' id='word_1_209' title='bbox 3297 2708 3582 2777; x_wconf 88' lang='lat' dir='ltr'><strong>episcopus</strong></span> 
     </span>
    </p>
   </div>
   <div class='ocr_carea' id='block_1_35' title="bbox 2004 2797 3586 2871">
    <p class='ocr_par' dir='ltr' id='par_1_35' title="bbox 2004 2797 3586 2871">
     <span class='ocr_line' id='line_1_35' title="bbox 2004 2797 3586 2871; baseline 0.001 -19"><span class='ocrx_word' id='word_1_210' title='bbox 2004 2798 2179 2853; x_wconf 81' lang='lat' dir='ltr'><strong>dixit:</strong></span> <span class='ocrx_word' id='word_1_211' title='bbox 2220 2799 2439 2854; x_wconf 84' lang='lat' dir='ltr'><strong>Audivit</strong></span> <span class='ocrx_word' id='word_1_212' title='bbox 2480 2799 2721 2870; x_wconf 83' lang='lat' dir='ltr'><strong>dignatio</strong></span> <span class='ocrx_word' id='word_1_213' title='bbox 2744 2810 2923 2856; x_wconf 90' lang='lat' dir='ltr'><strong>vestra</strong></span> <span class='ocrx_word' id='word_1_214' title='bbox 2956 2799 3358 2871; x_wconf 79' lang='lat' dir='ltr'><strong>suggestionem</strong></span> <span class='ocrx_word' id='word_1_215' title='bbox 3398 2797 3586 2854; x_wconf 78' lang='lat' dir='ltr'><strong>fratris</strong></span> 
     </span>
    </p>
   </div>
   <div class='ocr_carea' id='block_1_36' title="bbox 2008 2890 3582 2964">
    <p class='ocr_par' dir='ltr' id='par_1_36' title="bbox 2008 2890 3582 2964">
     <span class='ocr_line' id='line_1_36' title="bbox 2008 2890 3582 2964; baseline -0.001 -18"><span class='ocrx_word' id='word_1_216' title='bbox 2008 2900 2063 2946; x_wconf 87' lang='lat' dir='ltr'><strong>et</strong></span> <span class='ocrx_word' id='word_1_217' title='bbox 2107 2892 2409 2962; x_wconf 89' lang='lat' dir='ltr'><strong>coepiscopi</strong></span> <span class='ocrx_word' id='word_1_218' title='bbox 2458 2892 2629 2948; x_wconf 89' lang='lat' dir='ltr'><strong>nostri</strong></span> <span class='ocrx_word' id='word_1_219' title='bbox 2674 2890 2993 2959; x_wconf 86' lang='lat' dir='ltr'><strong>Fortunati;</strong></span> <span class='ocrx_word' id='word_1_220' title='bbox 3042 2891 3171 2964; x_wconf 85' lang='lat' dir='ltr'><strong>quid</strong></span> <span class='ocrx_word' id='word_1_221' title='bbox 3207 2892 3272 2947; x_wconf 93' lang='lat' dir='ltr'><strong>ad</strong></span> <span class='ocrx_word' id='word_1_222' title='bbox 3304 2892 3420 2947; x_wconf 61' lang='lat' dir='ltr'><strong>haec</strong></span> <span class='ocrx_word' id='word_1_223' title='bbox 3445 2891 3582 2947; x_wconf 88' lang='lat' dir='ltr'><strong>dici-</strong></span> 
     </span>
    </p>
   </div>
   <div class='ocr_carea' id='block_1_37' title="bbox 2003 2984 3584 3057">
    <p class='ocr_par' dir='ltr' id='par_1_37' title="bbox 2003 2984 3584 3057">
     <span class='ocr_line' id='line_1_37' title="bbox 2003 2984 3584 3057; baseline 0.001 -17"><span class='ocrx_word' id='word_1_224' title='bbox 2003 2985 2075 3041; x_wconf 89' lang='lat' dir='ltr'><strong>tis</strong></span> <span class='ocrx_word' id='word_1_225' title='bbox 2095 2985 2119 3040; x_wconf 77' lang='lat'><strong>?</strong></span> <span class='ocrx_word' id='word_1_226' title='bbox 2139 2986 2222 3041; x_wconf 84' lang='lat' dir='ltr'><strong>Ab</strong></span> <span class='ocrx_word' id='word_1_227' title='bbox 2254 2987 2524 3043; x_wconf 85' lang='lat' dir='ltr'><strong>universis</strong></span> <span class='ocrx_word' id='word_1_228' title='bbox 2546 2987 2815 3057; x_wconf 81' lang='lat' dir='ltr'><strong>episcopis</strong></span> <span class='ocrx_word' id='word_1_229' title='bbox 2852 2987 3056 3042; x_wconf 89' lang='lat' dir='ltr'><strong>dictum</strong></span> <span class='ocrx_word' id='word_1_230' title='bbox 3092 2994 3176 3041; x_wconf 90' lang='lat' dir='ltr'><strong>est</strong></span> <span class='ocrx_word' id='word_1_231' title='bbox 3207 3004 3220 3041; x_wconf 93' lang='lat'><strong>:</strong></span> <span class='ocrx_word' id='word_1_232' title='bbox 3257 2984 3584 3041; x_wconf 89' lang='lat' dir='ltr'><strong>Chrismatis</strong></span> 
     </span>
    </p>
   </div>
   <div class='ocr_carea' id='block_1_38' title="bbox 2005 3074 3585 3150">
    <p class='ocr_par' dir='ltr' id='par_1_38' title="bbox 2005 3074 3585 3150">
     <span class='ocr_line' id='line_1_38' title="bbox 2005 3074 3585 3150; baseline 0 -19"><span class='ocrx_word' id='word_1_233' title='bbox 2005 3076 2026 3150; x_wconf 82' lang='grc' dir='ltr'>Ῐ</span> <span class='ocrx_word' id='word_1_234' title='bbox 2046 3094 2145 3132; x_wconf 79' lang='lat' dir='ltr'><strong>ms.</strong></span> <span class='ocrx_word' id='word_1_235' title='bbox 2195 3074 2483 3149; x_wconf 60' lang='lat' dir='ltr'><strong>chrisma]</strong></span> <span class='ocrx_word' id='word_1_236' title='bbox 2516 3077 2806 3143; x_wconf 83' lang='lat' dir='ltr'><strong>confectio,</strong></span> <span class='ocrx_word' id='word_1_237' title='bbox 2838 3087 2891 3133; x_wconf 90' lang='lat' dir='ltr'><strong>et</strong></span> <span class='ocrx_word' id='word_1_238' title='bbox 2919 3077 3218 3148; x_wconf 86' lang='lat' dir='ltr'><strong>puellarum</strong></span> <span class='ocrx_word' id='word_1_239' title='bbox 3243 3077 3585 3132; x_wconf 82' lang='lat' dir='ltr'><strong>consecratio</strong></span> 
     </span>
    </p>
   </div>
   <div class='ocr_carea' id='block_1_39' title="bbox 312 3153 1898 3242">
    <p class='ocr_par' dir='ltr' id='par_1_39' title="bbox 312 3159 1897 3235">
     <span class='ocr_line' id='line_1_39' title="bbox 312 3159 1897 3235; baseline 0.005 -22"><span class='ocrx_word' id='word_1_240' title='bbox 312 3159 430 3213; x_wconf 81' lang='grc' dir='ltr'><strong>ἀπὸ</strong></span> <span class='ocrx_word' id='word_1_241' title='bbox 463 3161 855 3234; x_wconf 76' lang='grc' dir='ltr'>πρεσϐυτέρων</span> <span class='ocrx_word' id='word_1_242' title='bbox 897 3163 976 3235; x_wconf 82' lang='grc' dir='ltr'>μὴ</span> <span class='ocrx_word' id='word_1_243' title='bbox 1013 3163 1260 3233; x_wconf 81' lang='grc' dir='ltr'>γένηται,</span> <span class='ocrx_word' id='word_1_244' title='bbox 1303 3165 1442 3235; x_wconf 86' lang='grc' dir='ltr'>μήτε</span> <span class='ocrx_word' id='word_1_245' title='bbox 1469 3164 1528 3218; x_wconf 85' lang='grc' dir='ltr'><strong>δὲ</strong></span> <span class='ocrx_word' id='word_1_246' title='bbox 1563 3166 1897 3231; x_wconf 85' lang='grc' dir='ltr'>καταλλάξαι</span> 
     </span>
    </p>
   </div>
   <div class='ocr_carea' id='block_1_40' title="bbox 2014 3153 3580 3242">
    <p class='ocr_par' dir='ltr' id='par_1_40' title="bbox 2014 3170 3580 3242">
     <span class='ocr_line' id='line_1_40' title="bbox 2014 3170 3580 3242; baseline -0.003 -17"><span class='ocrx_word' id='word_1_247' title='bbox 2014 3185 2034 3225; x_wconf 83' lang='grc' dir='ltr'><strong>ι</strong></span> <span class='ocrx_word' id='word_1_248' title='bbox 2075 3170 2404 3242; x_wconf 87' lang='lat' dir='ltr'><strong>presbyteris</strong></span> <span class='ocrx_word' id='word_1_249' title='bbox 2450 3186 2560 3227; x_wconf 89' lang='lat' dir='ltr'><strong>non</strong></span> <span class='ocrx_word' id='word_1_250' title='bbox 2610 3172 2704 3225; x_wconf 85' lang='lat' dir='ltr'><strong>ﬁat</strong></span> <span class='ocrx_word' id='word_1_251' title='bbox 2735 3171 2857 3226; x_wconf 89' lang='lat' dir='ltr'><strong>:vel</strong></span> <span class='ocrx_word' id='word_1_252' title='bbox 2881 3170 3233 3226; x_wconf 88' lang='lat' dir='ltr'><strong>reconciliare</strong></span> <span class='ocrx_word' id='word_1_253' title='bbox 3250 3184 3580 3240; x_wconf 88' lang='lat' dir='ltr'><strong>quemquam</strong></span> 
     </span>
    </p>
   </div>
   <div class='ocr_carea' id='block_1_41' title="bbox 312 3250 1897 3327">
    <p class='ocr_par' dir='ltr' id='par_1_41' title="bbox 312 3250 1897 3327">
     <span class='ocr_line' id='line_1_41' title="bbox 312 3250 1897 3327; baseline 0.006 -26"><span class='ocrx_word' id='word_1_254' title='bbox 312 3251 446 3303; x_wconf 76' lang='grc' dir='ltr'>τινὰ</span> <span class='ocrx_word' id='word_1_255' title='bbox 474 3251 554 3314; x_wconf 82' lang='grc' dir='ltr'><strong>είς</strong></span> <span class='ocrx_word' id='word_1_256' title='bbox 569 3250 833 3322; x_wconf 83' lang='grc' dir='ltr'><strong>δημοσίαν</strong></span> <span class='ocrx_word' id='word_1_257' title='bbox 864 3252 1601 3327; x_wconf 22' lang='grc' dir='ltr'>λειτουργίανδπρεσϐυτέρῳ</span> <span class='ocrx_word' id='word_1_258' title='bbox 1655 3254 1897 3327; x_wconf 56' lang='grc' dir='ltr'>ἐξεῖναῳ</span> 
     </span>
    </p>
   </div>
   <div class='ocr_carea' id='block_1_42' title="bbox 311 3342 963 3417">
    <p class='ocr_par' dir='ltr' id='par_1_42' title="bbox 311 3342 963 3417">
     <span class='ocr_line' id='line_1_42' title="bbox 311 3342 963 3417; baseline 0.008 -21"><span class='ocrx_word' id='word_1_259' title='bbox 311 3342 481 3397; x_wconf 78' lang='grc' dir='ltr'>τοῦτο</span> <span class='ocrx_word' id='word_1_260' title='bbox 510 3346 674 3399; x_wconf 77' lang='grc' dir='ltr'>πᾶσιν</span> <span class='ocrx_word' id='word_1_261' title='bbox 717 3345 963 3417; x_wconf 82' lang='grc' dir='ltr'>ἀρέσκει.</span> 
     </span>
    </p>
   </div>
   <div class='ocr_carea' id='block_1_43' title="bbox 391 3434 1832 3510">
    <p class='ocr_par' dir='ltr' id='par_1_43' title="bbox 391 3434 1832 3510">
     <span class='ocr_line' id='line_1_43' title="bbox 391 3434 1832 3510; baseline 0.004 -21"><span class='ocrx_word' id='word_1_262' title='bbox 391 3437 532 3505; x_wconf 75' lang='grc' dir='ltr'>Περὶ</span> <span class='ocrx_word' id='word_1_263' title='bbox 558 3434 678 3492; x_wconf 82' lang='grc' dir='ltr'><strong>τῶν</strong></span> <span class='ocrx_word' id='word_1_264' title='bbox 716 3440 1007 3495; x_wconf 73' lang='grc' dir='ltr'>πλαστῶν</span> <span class='ocrx_word' id='word_1_265' title='bbox 1026 3440 1333 3510; x_wconf 78' lang='grc' dir='ltr'><strong>μνημείων</strong></span> <span class='ocrx_word' id='word_1_266' title='bbox 1367 3438 1488 3494; x_wconf 82' lang='grc' dir='ltr'><strong>τῶν</strong></span> <span class='ocrx_word' id='word_1_267' title='bbox 1497 3440 1832 3509; x_wconf 80' lang='grc' dir='ltr'>μαρτύρων.</span> 
     </span>
    </p>
   </div>
   <div class='ocr_carea' id='block_1_44' title="bbox 396 3529 1906 3603">
    <p class='ocr_par' dir='ltr' id='par_1_44' title="bbox 396 3529 1906 3603">
     <span class='ocr_line' id='line_1_44' title="bbox 396 3529 1906 3603; baseline 0.003 -19"><span class='ocrx_word' id='word_1_268' title='bbox 396 3535 509 3593; x_wconf 87' lang='grc' dir='ltr'><strong>πγ¹.</strong></span> <span class='ocrx_word' id='word_1_269' title='bbox 550 3529 785 3599; x_wconf 79' lang='grc' dir='ltr'>Ὁμοίως</span> <span class='ocrx_word' id='word_1_270' title='bbox 831 3531 1026 3603; x_wconf 76' lang='grc' dir='ltr'>ἧρςσεν</span> <span class='ocrx_word' id='word_1_271' title='bbox 1056 3533 1143 3586; x_wconf 80' lang='grc' dir='ltr'><strong>ἵνα</strong></span> <span class='ocrx_word' id='word_1_272' title='bbox 1194 3532 1261 3587; x_wconf 77' lang='grc' dir='ltr'>τὰ</span> <span class='ocrx_word' id='word_1_273' title='bbox 1305 3530 1580 3602; x_wconf 77' lang='grc' dir='ltr'>πανταχοῦ</span> <span class='ocrx_word' id='word_1_274' title='bbox 1636 3532 1741 3586; x_wconf 83' lang='grc' dir='ltr'><strong>ἀνά</strong></span> <span class='ocrx_word' id='word_1_275' title='bbox 1778 3534 1906 3596; x_wconf 79' lang='grc' dir='ltr'>τοὺς</span> 
     </span>
    </p>
   </div>
   <div class='ocr_carea' id='block_1_45' title="bbox 314 3618 1905 3695">
    <p class='ocr_par' dir='ltr' id='par_1_45' title="bbox 314 3618 1905 3695">
     <span class='ocr_line' id='line_1_45' title="bbox 314 3618 1905 3695; baseline 0.005 -25"><span class='ocrx_word' id='word_1_276' title='bbox 314 3618 528 3688; x_wconf 74' lang='grc' dir='ltr'>ἀγροὺς</span> <span class='ocrx_word' id='word_1_277' title='bbox 563 3621 659 3674; x_wconf 79' lang='grc' dir='ltr'><strong>καὶ</strong></span> <span class='ocrx_word' id='word_1_278' title='bbox 717 3622 843 3685; x_wconf 81' lang='grc' dir='ltr'>τοὺς</span> <span class='ocrx_word' id='word_1_279' title='bbox 896 3621 1229 3693; x_wconf 82' lang='grc' dir='ltr'>ἀμπελῶνας</span> <span class='ocrx_word' id='word_1_280' title='bbox 1284 3622 1667 3695; x_wconf 87' lang='grc' dir='ltr'>θυσιαστήρια,</span> <span class='ocrx_word' id='word_1_281' title='bbox 1701 3623 1905 3679; x_wconf 79' lang='grc' dir='ltr'>ὡσανεὶ</span> 
     </span>
    </p>
   </div>
   <div class='ocr_carea' id='block_1_46' title="bbox 314 3709 1904 3786">
    <p class='ocr_par' dir='ltr' id='par_1_46' title="bbox 314 3709 1904 3786">
     <span class='ocr_line' id='line_1_46' title="bbox 314 3709 1904 3786; baseline 0.005 -23"><span class='ocrx_word' id='word_1_282' title='bbox 314 3711 402 3774; x_wconf 85' lang='grc' dir='ltr'><strong>είς</strong></span> <span class='ocrx_word' id='word_1_283' title='bbox 432 3710 656 3781; x_wconf 91' lang='grc' dir='ltr'>μνήμην</span> <span class='ocrx_word' id='word_1_284' title='bbox 718 3712 1011 3785; x_wconf 89' lang='grc' dir='ltr'>μαρτύρων</span> <span class='ocrx_word' id='word_1_285' title='bbox 1060 3714 1454 3786; x_wconf 81' lang='grc' dir='ltr'>καθιστάμενα,</span> <span class='ocrx_word' id='word_1_286' title='bbox 1501 3716 1559 3769; x_wconf 76' lang='grc' dir='ltr'>ἐν</span> <span class='ocrx_word' id='word_1_287' title='bbox 1584 3709 1666 3779; x_wconf 77' lang='grc' dir='ltr'>οἷς</span> <span class='ocrx_word' id='word_1_288' title='bbox 1690 3714 1808 3769; x_wconf 82' lang='grc' dir='ltr'>οὐδὲ</span> <span class='ocrx_word' id='word_1_289' title='bbox 1846 3716 1904 3771; x_wconf 79' lang='grc' dir='ltr'>ἓν</span> 
     </span>
    </p>
   </div>
   <div class='ocr_carea' id='block_1_47' title="bbox 317 3801 1901 3880">
    <p class='ocr_par' dir='ltr' id='par_1_47' title="bbox 317 3801 1901 3880">
     <span class='ocr_line' id='line_1_47' title="bbox 317 3801 1901 3880; baseline 0.008 -27"><span class='ocrx_word' id='word_1_290' title='bbox 317 3801 487 3871; x_wconf 83' lang='grc' dir='ltr'>σῶμα</span> <span class='ocrx_word' id='word_1_291' title='bbox 535 3802 569 3873; x_wconf 77' lang='grc' dir='ltr'>ἢ</span> <span class='ocrx_word' id='word_1_292' title='bbox 612 3803 840 3874; x_wconf 81' lang='grc' dir='ltr'>λείψανα</span> <span class='ocrx_word' id='word_1_293' title='bbox 876 3807 1172 3879; x_wconf 88' lang='grc' dir='ltr'>μαρτύρων</span> <span class='ocrx_word' id='word_1_294' title='bbox 1228 3810 1566 3879; x_wconf 73' lang='grc' dir='ltr'>ἀποκείμενα</span> <span class='ocrx_word' id='word_1_295' title='bbox 1609 3809 1901 3880; x_wconf 86' lang='grc' dir='ltr'>δείκνυται,</span> 
     </span>
    </p>
   </div>
   <div class='ocr_carea' id='block_1_48' title="bbox 314 3893 1901 3961">
    <p class='ocr_par' dir='ltr' id='par_1_48' title="bbox 314 3893 1901 3961">
     <span class='ocr_line' id='line_1_48' title="bbox 314 3893 1901 3961; baseline 0.009 -15"><span class='ocrx_word' id='word_1_296' title='bbox 314 3893 431 3946; x_wconf 73' lang='grc' dir='ltr'>ἀπὸ</span> <span class='ocrx_word' id='word_1_297' title='bbox 476 3894 584 3947; x_wconf 84' lang='grc' dir='ltr'>τῶν</span> <span class='ocrx_word' id='word_1_298' title='bbox 614 3896 877 3949; x_wconf 80' lang='grc' dir='ltr'>ἐντοπίων</span> <span class='ocrx_word' id='word_1_299' title='bbox 910 3899 1225 3954; x_wconf 73' lang='grc' dir='ltr'>ἐπισκόπων</span> <span class='ocrx_word' id='word_1_300' title='bbox 1273 3902 1321 3954; x_wconf 85' lang='grc' dir='ltr'><strong>εί</strong></span> <span class='ocrx_word' id='word_1_301' title='bbox 1382 3904 1497 3957; x_wconf 80' lang='grc' dir='ltr'>ἔστι</span> <span class='ocrx_word' id='word_1_302' title='bbox 1534 3906 1759 3960; x_wconf 79' lang='grc' dir='ltr'>δυνατὸν</span> <span class='ocrx_word' id='word_1_303' title='bbox 1800 3924 1901 3961; x_wconf 83' lang='grc' dir='ltr'>κα-</span> 
     </span>
    </p>
   </div>
   <div class='ocr_carea' id='block_1_49' title="bbox 316 3986 1901 4068">
    <p class='ocr_par' dir='ltr' id='par_1_49' title="bbox 316 3986 1901 4068">
     <span class='ocr_line' id='line_1_49' title="bbox 316 3986 1901 4068; baseline 0.011 -30"><span class='ocrx_word' id='word_1_304' title='bbox 316 3986 752 4056; x_wconf 80' lang='grc' dir='ltr'>ταστρέφωνται.</span> <span class='ocrx_word' id='word_1_305' title='bbox 796 3989 858 4041; x_wconf 78' lang='lat' dir='ltr'><strong>El</strong></span> <span class='ocrx_word' id='word_1_306' title='bbox 906 3990 962 4044; x_wconf 75' lang='grc' dir='ltr'><strong>δὲ</strong></span> <span class='ocrx_word' id='word_1_307' title='bbox 1001 3991 1159 4046; x_wconf 89' lang='grc' dir='ltr'>τοῦτο</span> <span class='ocrx_word' id='word_1_308' title='bbox 1210 3992 1460 4065; x_wconf 80' lang='grc' dir='ltr'>θορύϐοις</span> <span class='ocrx_word' id='word_1_309' title='bbox 1494 3998 1811 4068; x_wconf 83' lang='grc' dir='ltr'>δημοτικοῖς</span> <span class='ocrx_word' id='word_1_310' title='bbox 1840 4000 1901 4054; x_wconf 88' lang='grc' dir='ltr'><strong>ού</strong></span> 
     </span>
    </p>
   </div>
   <div class='ocr_carea' id='block_1_50' title="bbox 320 4080 1901 4167">
    <p class='ocr_par' dir='ltr' id='par_1_50' title="bbox 320 4080 1901 4167">
     <span class='ocr_line' id='line_1_50' title="bbox 320 4080 1901 4167; baseline 0.011 -40"><span class='ocrx_word' id='word_1_311' title='bbox 320 4080 712 4147; x_wconf 80' lang='grc' dir='ltr'>συγχωρεῖται,</span> <span class='ocrx_word' id='word_1_312' title='bbox 755 4080 904 4149; x_wconf 85' lang='grc' dir='ltr'>ὅμως</span> <span class='ocrx_word' id='word_1_313' title='bbox 933 4082 1003 4135; x_wconf 78' lang='grc' dir='ltr'>τὰ</span> <span class='ocrx_word' id='word_1_314' title='bbox 1037 4082 1218 4167; x_wconf 59' lang='grc' dir='ltr'>πλήθη</span> <span class='ocrx_word' id='word_1_315' title='bbox 1267 4086 1634 4159; x_wconf 84' lang='grc' dir='ltr'>νουθετηθῶσι</span> <span class='ocrx_word' id='word_1_316' title='bbox 1669 4089 1747 4161; x_wconf 79' lang='grc' dir='ltr'>μὴ</span> <span class='ocrx_word' id='word_1_317' title='bbox 1777 4092 1901 4161; x_wconf 83' lang='grc' dir='ltr'><strong>ὀχλ-</strong></span> 
     </span>
    </p>
   </div>
   <div class='ocr_carea' id='block_1_51' title="bbox 316 4171 1904 4252">
    <p class='ocr_par' dir='ltr' id='par_1_51' title="bbox 316 4171 1904 4252">
     <span class='ocr_line' id='line_1_51' title="bbox 316 4171 1904 4252; baseline 0.011 -32"><span class='ocrx_word' id='word_1_318' title='bbox 316 4171 562 4237; x_wconf 82' lang='grc' dir='ltr'>αγωγεῖν</span> <span class='ocrx_word' id='word_1_319' title='bbox 612 4172 739 4235; x_wconf 81' lang='grc' dir='ltr'>τοὺς</span> <span class='ocrx_word' id='word_1_320' title='bbox 766 4172 966 4236; x_wconf 81' lang='grc' dir='ltr'>τόπους</span> <span class='ocrx_word' id='word_1_321' title='bbox 1009 4175 1253 4239; x_wconf 78' lang='grc' dir='ltr'>ἐκείνους</span> <span class='ocrx_word' id='word_1_322' title='bbox 1281 4193 1296 4210; x_wconf 75' lang='grc' dir='ltr'><strong>ο</strong></span> <span class='ocrx_word' id='word_1_323' title='bbox 1341 4179 1437 4232; x_wconf 81' lang='grc' dir='ltr'>καὶ</span> <span class='ocrx_word' id='word_1_324' title='bbox 1467 4179 1554 4233; x_wconf 81' lang='grc' dir='ltr'>ἵνα</span> <span class='ocrx_word' id='word_1_325' title='bbox 1585 4183 1631 4234; x_wconf 86' lang='lat' dir='ltr'><strong>oi</strong></span> <span class='ocrx_word' id='word_1_326' title='bbox 1666 4180 1904 4252; x_wconf 62' lang='lat' dir='ltr'><strong>rddei</strong></span> 
     </span>
    </p>
   </div>
   <div class='ocr_carea' id='block_1_52' title="bbox 314 4262 1902 4340">
    <p class='ocr_par' dir='ltr' id='par_1_52' title="bbox 314 4262 1902 4340">
     <span class='ocr_line' id='line_1_52' title="bbox 314 4262 1902 4340; baseline 0.008 -28"><span class='ocrx_word' id='word_1_327' title='bbox 314 4262 648 4332; x_wconf 84' lang='grc' dir='ltr'>φρονοῦντες</span> <span class='ocrx_word' id='word_1_328' title='bbox 710 4264 953 4335; x_wconf 79' lang='grc' dir='ltr'>μηδεμιᾷ</span> <span class='ocrx_word' id='word_1_329' title='bbox 1016 4265 1408 4340; x_wconf 76' lang='grc' dir='ltr'>δεισιδαιμονίᾳ</span> <span class='ocrx_word' id='word_1_330' title='bbox 1468 4268 1575 4322; x_wconf 84' lang='grc' dir='ltr'><strong>τῶν</strong></span> <span class='ocrx_word' id='word_1_331' title='bbox 1646 4271 1902 4325; x_wconf 87' lang='grc' dir='ltr'>τοιούτων</span> 
     </span>
    </p>
   </div>
   <div class='ocr_carea' id='block_1_53' title="bbox 312 4353 1900 4437">
    <p class='ocr_par' dir='ltr' id='par_1_53' title="bbox 312 4353 1900 4437">
     <span class='ocr_line' id='line_1_53' title="bbox 312 4353 1900 4437; baseline 0.009 -32"><span class='ocrx_word' id='word_1_332' title='bbox 312 4353 502 4407; x_wconf 79' lang='grc' dir='ltr'>τόπων</span> <span class='ocrx_word' id='word_1_333' title='bbox 536 4356 985 4425; x_wconf 87' lang='grc' dir='ltr'>καταδεσμῶνται</span> <span class='ocrx_word' id='word_1_334' title='bbox 1009 4374 1023 4389; x_wconf 76' lang='grc'><strong><em>⁸</em></strong></span> <span class='ocrx_word' id='word_1_335' title='bbox 1067 4359 1159 4413; x_wconf 64' lang='grc' dir='ltr'><strong>καί⁵</strong></span> <span class='ocrx_word' id='word_1_336' title='bbox 1201 4362 1481 4424; x_wconf 83' lang='grc' dir='ltr'>παντελῶς</span> <span class='ocrx_word' id='word_1_337' title='bbox 1526 4364 1663 4435; x_wconf 85' lang='grc' dir='ltr'>μηδὲ</span> <span class='ocrx_word' id='word_1_338' title='bbox 1712 4365 1900 4437; x_wconf 86' lang='grc' dir='ltr'>μνήμη</span> 
     </span>
    </p>
   </div>
   <div class='ocr_carea' id='block_1_54' title="bbox 318 4450 1901 4530">
    <p class='ocr_par' dir='ltr' id='par_1_54' title="bbox 318 4450 1901 4530">
     <span class='ocr_line' id='line_1_54' title="bbox 318 4450 1901 4530; baseline 0.009 -30"><span class='ocrx_word' id='word_1_339' title='bbox 318 4450 617 4521; x_wconf 83' lang='grc' dir='ltr'>μαρτύρων</span> <span class='ocrx_word' id='word_1_340' title='bbox 650 4453 989 4525; x_wconf 76' lang='grc' dir='ltr'>ἐπιτελεσθῇ,</span> <span class='ocrx_word' id='word_1_341' title='bbox 1055 4457 1105 4509; x_wconf 88' lang='grc' dir='ltr'><strong>εί</strong></span> <span class='ocrx_word' id='word_1_342' title='bbox 1155 4457 1228 4529; x_wconf 88' lang='grc' dir='ltr'><strong>μή</strong></span> <span class='ocrx_word' id='word_1_343' title='bbox 1286 4475 1387 4511; x_wconf 90' lang='grc' dir='ltr'><strong>που</strong></span> <span class='ocrx_word' id='word_1_344' title='bbox 1433 4458 1465 4528; x_wconf 80' lang='grc' dir='ltr'>ἢ</span> <span class='ocrx_word' id='word_1_345' title='bbox 1504 4458 1730 4530; x_wconf 78' lang='grc' dir='ltr'>σῶμαή</span> <span class='ocrx_word' id='word_1_346' title='bbox 1778 4477 1901 4515; x_wconf 89' lang='grc' dir='ltr'>τινα</span> 
     </span>
    </p>
   </div>
   <div class='ocr_carea' id='block_1_55' title="bbox 313 4538 1897 4624">
    <p class='ocr_par' dir='ltr' id='par_1_55' title="bbox 313 4538 1897 4624">
     <span class='ocr_line' id='line_1_55' title="bbox 313 4538 1897 4624; baseline 0.008 -28"><span class='ocrx_word' id='word_1_347' title='bbox 313 4543 550 4612; x_wconf 75' lang='grc' dir='ltr'>λείψανα</span> <span class='ocrx_word' id='word_1_348' title='bbox 592 4538 746 4612; x_wconf 81' lang='grc' dir='ltr'>ὦσιν,</span> <span class='ocrx_word' id='word_1_349' title='bbox 778 4546 810 4615; x_wconf 84' lang='grc' dir='ltr'>ἢ</span> <span class='ocrx_word' id='word_1_350' title='bbox 840 4547 1195 4619; x_wconf 83' lang='grc' dir='ltr'>ἀρχαιογονία</span> <span class='ocrx_word' id='word_1_351' title='bbox 1221 4551 1366 4614; x_wconf 77' lang='grc' dir='ltr'>τινὸς</span> <span class='ocrx_word' id='word_1_352' title='bbox 1394 4552 1684 4624; x_wconf 73' lang='grc' dir='ltr'>οἰκήσεως,</span> <span class='ocrx_word' id='word_1_353' title='bbox 1714 4554 1745 4624; x_wconf 84' lang='grc' dir='ltr'>ἦ</span> <span class='ocrx_word' id='word_1_354' title='bbox 1778 4556 1897 4609; x_wconf 87' lang='grc' dir='ltr'>κτί-</span> 
     </span>
    </p>
   </div>
   <div class='ocr_carea' id='block_1_56' title="bbox 316 4636 1897 4715">
    <p class='ocr_par' dir='ltr' id='par_1_56' title="bbox 316 4636 1897 4715">
     <span class='ocr_line' id='line_1_56' title="bbox 316 4636 1897 4715; baseline 0.008 -28"><span class='ocrx_word' id='word_1_355' title='bbox 316 4652 481 4700; x_wconf 87' lang='grc' dir='ltr'>σεως,</span> <span class='ocrx_word' id='word_1_356' title='bbox 546 4636 580 4707; x_wconf 78' lang='grc' dir='ltr'>ἢ</span> <span class='ocrx_word' id='word_1_357' title='bbox 650 4637 860 4702; x_wconf 83' lang='grc' dir='ltr'>πάθους</span> <span class='ocrx_word' id='word_1_358' title='bbox 908 4643 1077 4712; x_wconf 79' lang='grc' dir='ltr'>πιστῇ</span> <span class='ocrx_word' id='word_1_359' title='bbox 1129 4642 1451 4715; x_wconf 84' lang='grc' dir='ltr'>ἀρχαιότητι</span> <span class='ocrx_word' id='word_1_360' title='bbox 1506 4645 1897 4713; x_wconf 73' lang='grc' dir='ltr'>παραδίδοταιο</span> 
     </span>
    </p>
   </div>
   <div class='ocr_carea' id='block_1_57' title="bbox 312 4727 1899 4808">
    <p class='ocr_par' dir='ltr' id='par_1_57' title="bbox 312 4727 1899 4808">
     <span class='ocr_line' id='line_1_57' title="bbox 312 4727 1899 4808; baseline 0.008 -27"><span class='ocrx_word' id='word_1_361' title='bbox 312 4727 420 4782; x_wconf 79' lang='grc' dir='ltr'>ὅσα</span> <span class='ocrx_word' id='word_1_362' title='bbox 461 4730 572 4801; x_wconf 78' lang='grc' dir='ltr'><strong>γὰρ</strong></span> <span class='ocrx_word' id='word_1_363' title='bbox 610 4729 680 4783; x_wconf 87' lang='grc' dir='ltr'>δι’</span> <span class='ocrx_word' id='word_1_364' title='bbox 730 4731 998 4787; x_wconf 79' lang='grc' dir='ltr'>ἐνυπνίων</span> <span class='ocrx_word' id='word_1_365' title='bbox 1050 4732 1147 4786; x_wconf 79' lang='grc' dir='ltr'>καὶ</span> <span class='ocrx_word' id='word_1_366' title='bbox 1201 4735 1451 4804; x_wconf 84' lang='grc' dir='ltr'>ματαίων</span> <span class='ocrx_word' id='word_1_367' title='bbox 1496 4737 1899 4808; x_wconf 74' lang='grc' dir='ltr'>ἀποκαλύψεων</span> 
     </span>
    </p>
   </div>
   <div class='ocr_carea' id='block_1_58' title="bbox 311 4818 1896 4896">
    <p class='ocr_par' dir='ltr' id='par_1_58' title="bbox 311 4818 1896 4896">
     <span class='ocr_line' id='line_1_58' title="bbox 311 4818 1896 4896; baseline 0.008 -23"><span class='ocrx_word' id='word_1_368' title='bbox 311 4818 623 4890; x_wconf 85' lang='grc' dir='ltr'>ἀνθρώπων</span> <span class='ocrx_word' id='word_1_369' title='bbox 668 4822 833 4877; x_wconf 85' lang='grc' dir='ltr'>τινῶν</span> <span class='ocrx_word' id='word_1_370' title='bbox 890 4824 1229 4896; x_wconf 84' lang='grc' dir='ltr'>ὁπουδήποτε</span> <span class='ocrx_word' id='word_1_371' title='bbox 1285 4827 1641 4882; x_wconf 88' lang='grc' dir='ltr'>καθίστανται</span> <span class='ocrx_word' id='word_1_372' title='bbox 1698 4829 1896 4885; x_wconf 86' lang='grc' dir='ltr'>θυσια-</span> 
     </span>
    </p>
   </div>
   <div class='ocr_carea' id='block_1_59' title="bbox 317 4913 1893 5054">
    <p class='ocr_par' dir='ltr' id='par_1_59' title="bbox 317 4913 1893 5054">
     <span class='ocr_line' id='line_1_59' title="bbox 317 4913 1893 5054; baseline 0.01 -92"><span class='ocrx_word' id='word_1_373' title='bbox 317 4914 559 5054; x_wconf 56' lang='grc' dir='ltr'>ἒξήρια,</span> <span class='ocrx_word' id='word_1_374' title='bbox 614 4913 778 4966; x_wconf 79' lang='grc' dir='ltr'>παντὶ</span> <span class='ocrx_word' id='word_1_375' title='bbox 863 4916 1050 4986; x_wconf 87' lang='grc' dir='ltr'>τρόπῳ</span> <span class='ocrx_word' id='word_1_376' title='bbox 1116 4916 1187 4971; x_wconf 87' lang='grc' dir='ltr'>τὰ</span> <span class='ocrx_word' id='word_1_377' title='bbox 1267 4918 1490 4973; x_wconf 84' lang='grc' dir='ltr'>τοιαῦτα</span> <span class='ocrx_word' id='word_1_378' title='bbox 1559 4920 1893 4993; x_wconf 82' lang='grc' dir='ltr'>ἀποδοκιμα-</span> 
     </span>
     <span class='ocr_line' id='line_1_60' title="bbox 389 5017 548 5054; baseline 0.006 -1"><span class='ocrx_word' id='word_1_379' title='bbox 389 5017 548 5054; x_wconf 87' lang='grc' dir='ltr'>ωσιν.</span> 
     </span>
    </p>
   </div>
   <div class='ocr_carea' id='block_1_60' title="bbox 389 5017 548 5056">
    <p class='ocr_par' dir='ltr' id='par_1_60' title="bbox 389 5017 548 5056">
     <span class='ocr_line' id='line_1_61' title="bbox 389 5017 548 5056; baseline 0.019 -3"><span class='ocrx_word' id='word_1_380' title='bbox 389 5017 548 5056; x_wconf 87' lang='grc' dir='ltr'>ωσιν.</span> 
     </span>
    </p>
   </div>
   <div class='ocr_carea' id='block_1_61' title="bbox 529 5093 1686 5170">
    <p class='ocr_par' dir='ltr' id='par_1_61' title="bbox 529 5093 1686 5170">
     <span class='ocr_line' id='line_1_62' title="bbox 529 5093 1686 5170; baseline 0.011 -23"><span class='ocrx_word' id='word_1_381' title='bbox 529 5093 802 5149; x_wconf 81' lang='grc' dir='ltr'>Συνόδου</span> <span class='ocrx_word' id='word_1_382' title='bbox 822 5096 1067 5163; x_wconf 83' lang='grc' dir='ltr'>Νικαίας</span> <span class='ocrx_word' id='word_1_383' title='bbox 1090 5098 1159 5154; x_wconf 82' lang='grc' dir='ltr'>τὸ</span> <span class='ocrx_word' id='word_1_384' title='bbox 1184 5098 1267 5168; x_wconf 78' lang='grc' dir='ltr'><strong>β’,</strong></span> <span class='ocrx_word' id='word_1_385' title='bbox 1288 5103 1491 5156; x_wconf 68' lang='grc' dir='ltr'>κανὼν</span> <span class='ocrx_word' id='word_1_386' title='bbox 1524 5103 1686 5170; x_wconf 71' lang='grc' dir='ltr'><strong>ζ’,ιᾷ</strong></span> 
     </span>
    </p>
   </div>
   <div class='ocr_carea' id='block_1_62' title="bbox 387 5185 1900 5265">
    <p class='ocr_par' dir='ltr' id='par_1_62' title="bbox 387 5185 1900 5265">
     <span class='ocr_line' id='line_1_63' title="bbox 387 5185 1900 5265; baseline 0.013 -28"><span class='ocrx_word' id='word_1_387' title='bbox 387 5185 523 5239; x_wconf 85' lang='grc' dir='ltr'>Ὀτι</span> <span class='ocrx_word' id='word_1_388' title='bbox 562 5187 705 5253; x_wconf 82' lang='grc' dir='ltr'>τοὺς</span> <span class='ocrx_word' id='word_1_389' title='bbox 748 5189 1243 5259; x_wconf 73' lang='grc' dir='ltr'>ἐγκαινισθέντας</span> <span class='ocrx_word' id='word_1_390' title='bbox 1280 5196 1465 5264; x_wconf 83' lang='grc' dir='ltr'>ναοὺς</span> <span class='ocrx_word' id='word_1_391' title='bbox 1492 5197 1667 5265; x_wconf 81' lang='grc' dir='ltr'>ἐκτὸς</span> <span class='ocrx_word' id='word_1_392' title='bbox 1717 5217 1900 5255; x_wconf 84' lang='grc' dir='ltr'>κατα·-</span> 
     </span>
    </p>
   </div>
   <div class='ocr_carea' id='block_1_63' title="bbox 313 5275 1897 5360">
    <p class='ocr_par' dir='ltr' id='par_1_63' title="bbox 313 5275 1897 5360">
     <span class='ocr_line' id='line_1_64' title="bbox 313 5275 1897 5360; baseline 0.01 -29"><span class='ocrx_word' id='word_1_393' title='bbox 313 5275 538 5342; x_wconf 83' lang='grc' dir='ltr'>θέσεως</span> <span class='ocrx_word' id='word_1_394' title='bbox 615 5280 799 5348; x_wconf 76' lang='grc' dir='ltr'>ἁγίων</span> <span class='ocrx_word' id='word_1_395' title='bbox 876 5283 1187 5352; x_wconf 74' lang='grc' dir='ltr'><strong>λειψάνων</strong></span> <span class='ocrx_word' id='word_1_396' title='bbox 1209 5326 1225 5353; x_wconf 92' lang='grc'><strong>,</strong></span> <span class='ocrx_word' id='word_1_397' title='bbox 1315 5286 1457 5342; x_wconf 78' lang='grc' dir='ltr'><strong>δέον</strong></span> <span class='ocrx_word' id='word_1_398' title='bbox 1538 5290 1897 5360; x_wconf 78' lang='grc' dir='ltr'>ἀναπληρω-</span> 
     </span>
    </p>
   </div>
   <div class='ocr_carea' id='block_1_64' title="bbox 313 5367 513 5437">
    <p class='ocr_par' dir='ltr' id='par_1_64' title="bbox 313 5367 513 5437">
     <span class='ocr_line' id='line_1_65' title="bbox 313 5367 513 5437; baseline 0.005 -14"><span class='ocrx_word' id='word_1_399' title='bbox 313 5367 513 5437; x_wconf 58' lang='grc' dir='ltr'>θῆναη</span> 
     </span>
    </p>
   </div>
   <div class='ocr_carea' id='block_1_65' title="bbox 384 5457 1898 5542">
    <p class='ocr_par' dir='ltr' id='par_1_65' title="bbox 384 5457 1898 5542">
     <span class='ocr_line' id='line_1_66' title="bbox 384 5457 1898 5542; baseline 0.01 -29"><span class='ocrx_word' id='word_1_400' title='bbox 384 5457 454 5522; x_wconf 82' lang='grc' dir='ltr'><strong>ζ’.</strong></span> <span class='ocrx_word' id='word_1_401' title='bbox 481 5462 626 5534; x_wconf 66' lang='grc' dir='ltr'>Ἔφη</span> <span class='ocrx_word' id='word_1_402' title='bbox 654 5462 867 5529; x_wconf 83' lang='grc' dir='ltr'>Παῦλος</span> <span class='ocrx_word' id='word_1_403' title='bbox 890 5467 918 5519; x_wconf 82' lang='grc' dir='ltr'><strong>ὁ</strong></span> <span class='ocrx_word' id='word_1_404' title='bbox 948 5465 1090 5531; x_wconf 75' lang='grc' dir='ltr'>θεῖος</span> <span class='ocrx_word' id='word_1_405' title='bbox 1110 5468 1428 5535; x_wconf 86' lang='grc' dir='ltr'>ἀπόστολος·</span> <span class='ocrx_word' id='word_1_406' title='bbox 1463 5470 1644 5526; x_wconf 83' lang='grc' dir='ltr'><strong>Ιινῶν</strong></span> <span class='ocrx_word' id='word_1_407' title='bbox 1670 5473 1898 5542; x_wconf 80' lang='grc' dir='ltr'><strong>ἀνθρώ-</strong></span> 
     </span>
    </p>
   </div>
   <div class='ocr_carea' id='block_1_66' title="bbox 312 5553 1892 5630">
    <p class='ocr_par' dir='ltr' id='par_1_66' title="bbox 312 5553 1892 5630">
     <span class='ocr_line' id='line_1_67' title="bbox 312 5553 1892 5630; baseline 0.011 -28"><span class='ocrx_word' id='word_1_408' title='bbox 312 5560 448 5603; x_wconf 75' lang='grc' dir='ltr'>πων</span> <span class='ocrx_word' id='word_1_409' title='bbox 504 5554 563 5605; x_wconf 87' lang='grc' dir='ltr'>αὶ</span> <span class='ocrx_word' id='word_1_410' title='bbox 608 5553 885 5623; x_wconf 78' lang='grc' dir='ltr'>ἁμαρτίαι</span> <span class='ocrx_word' id='word_1_411' title='bbox 940 5557 1233 5628; x_wconf 73' lang='grc' dir='ltr'>πρόδηλοί</span> <span class='ocrx_word' id='word_1_412' title='bbox 1287 5562 1403 5616; x_wconf 85' lang='grc' dir='ltr'>εἱσι</span> <span class='ocrx_word' id='word_1_413' title='bbox 1430 5603 1444 5630; x_wconf 90' lang='grc'><strong>,</strong></span> <span class='ocrx_word' id='word_1_414' title='bbox 1504 5563 1627 5617; x_wconf 80' lang='grc' dir='ltr'>τισὶ</span> <span class='ocrx_word' id='word_1_415' title='bbox 1674 5562 1743 5618; x_wconf 78' lang='grc' dir='ltr'><strong>δὲ</strong></span> <span class='ocrx_word' id='word_1_416' title='bbox 1796 5567 1892 5620; x_wconf 83' lang='grc' dir='ltr'><strong>καί</strong></span> 
     </span>
    </p>
   </div>
   <div class='ocr_carea' id='block_1_67' title="bbox 2002 3259 3588 3332">
    <p class='ocr_par' dir='ltr' id='par_1_67' title="bbox 2002 3259 3588 3332">
     <span class='ocr_line' id='line_1_68' title="bbox 2002 3259 3588 3332; baseline -0.001 -15"><span class='ocrx_word' id='word_1_417' title='bbox 2002 3261 2057 3317; x_wconf 88' lang='lat' dir='ltr'><strong>in</strong></span> <span class='ocrx_word' id='word_1_418' title='bbox 2075 3262 2295 3332; x_wconf 88' lang='lat' dir='ltr'><strong>publica</strong></span> <span class='ocrx_word' id='word_1_419' title='bbox 2325 3262 2494 3318; x_wconf 88' lang='lat' dir='ltr'><strong>missa</strong></span> <span class='ocrx_word' id='word_1_420' title='bbox 2516 3262 2833 3332; x_wconf 82' lang='lat' dir='ltr'><strong>presbytero</strong></span> <span class='ocrx_word' id='word_1_421' title='bbox 2862 3275 2969 3316; x_wconf 92' lang='lat' dir='ltr'><strong>non</strong></span> <span class='ocrx_word' id='word_1_422' title='bbox 2990 3261 3175 3328; x_wconf 86' lang='lat' dir='ltr'><strong>licere,</strong></span> <span class='ocrx_word' id='word_1_423' title='bbox 3196 3260 3300 3317; x_wconf 90' lang='lat' dir='ltr'><strong>hoc</strong></span> <span class='ocrx_word' id='word_1_424' title='bbox 3328 3259 3588 3316; x_wconf 87' lang='lat' dir='ltr'><strong>omnibus</strong></span> 
     </span>
    </p>
   </div>
   <div class='ocr_carea' id='block_1_68' title="bbox 2005 3355 2202 3427">
    <p class='ocr_par' dir='ltr' id='par_1_68' title="bbox 2005 3355 2202 3427">
     <span class='ocr_line' id='line_1_69' title="bbox 2005 3355 2202 3427; baseline 0 -17"><span class='ocrx_word' id='word_1_425' title='bbox 2005 3355 2202 3427; x_wconf 87' lang='lat' dir='ltr'><strong>placet.</strong></span> 
     </span>
    </p>
   </div>
   <div class='ocr_carea' id='block_1_69' title="bbox 2255 3444 3315 3515">
    <p class='ocr_par' dir='ltr' id='par_1_69' title="bbox 2255 3444 3315 3515">
     <span class='ocr_line' id='line_1_70' title="bbox 2255 3444 3315 3515; baseline 0 -16"><span class='ocrx_word' id='word_1_426' title='bbox 2255 3446 2330 3500; x_wconf 87' lang='lat' dir='ltr'><strong>De</strong></span> <span class='ocrx_word' id='word_1_427' title='bbox 2360 3445 2709 3500; x_wconf 79' lang='lat' dir='ltr'><strong>monumentis</strong></span> <span class='ocrx_word' id='word_1_428' title='bbox 2741 3453 3037 3515; x_wconf 78' lang='lat' dir='ltr'><strong>martyrum</strong></span> <span class='ocrx_word' id='word_1_429' title='bbox 3066 3444 3315 3514; x_wconf 78' lang='lat' dir='ltr'><strong>[actitiis.</strong></span> 
     </span>
    </p>
   </div>
   <div class='ocr_carea' id='block_1_70' title="bbox 2070 3535 3588 3606">
    <p class='ocr_par' dir='ltr' id='par_1_70' title="bbox 2070 3535 3588 3606">
     <span class='ocr_line' id='line_1_71' title="bbox 2070 3535 3588 3606; baseline -0.002 -13"><span class='ocrx_word' id='word_1_430' title='bbox 2070 3538 2159 3593; x_wconf 77' lang='lat'><strong>83.</strong></span> <span class='ocrx_word' id='word_1_431' title='bbox 2208 3535 2339 3592; x_wconf 84' lang='lat' dir='ltr'><strong>Item</strong></span> <span class='ocrx_word' id='word_1_432' title='bbox 2370 3537 2440 3604; x_wconf 79' lang='lat'><strong>”,</strong></span> <span class='ocrx_word' id='word_1_433' title='bbox 2495 3545 2555 3591; x_wconf 91' lang='lat' dir='ltr'><strong>ut</strong></span> <span class='ocrx_word' id='word_1_434' title='bbox 2585 3536 2773 3591; x_wconf 89' lang='lat' dir='ltr'><strong>altaris</strong></span> <span class='ocrx_word' id='word_1_435' title='bbox 2805 3552 2925 3606; x_wconf 77' lang='lat' dir='ltr'><strong>quae</strong></span> <span class='ocrx_word' id='word_1_436' title='bbox 2966 3537 3169 3606; x_wconf 79' lang='lat' dir='ltr'><strong>passim</strong></span> <span class='ocrx_word' id='word_1_437' title='bbox 3211 3551 3306 3606; x_wconf 89' lang='lat' dir='ltr'><strong>per</strong></span> <span class='ocrx_word' id='word_1_438' title='bbox 3335 3550 3497 3606; x_wconf 81' lang='lat' dir='ltr'><strong>agros</strong></span> <span class='ocrx_word' id='word_1_439' title='bbox 3532 3544 3588 3590; x_wconf 91' lang='lat' dir='ltr'><strong>et</strong></span> 
     </span>
    </p>
   </div>
   <div class='ocr_carea' id='block_1_71' title="bbox 2003 3627 3585 3701">
    <p class='ocr_par' dir='ltr' id='par_1_71' title="bbox 2003 3627 3585 3701">
     <span class='ocr_line' id='line_1_72' title="bbox 2003 3627 3585 3701; baseline -0.002 -16"><span class='ocrx_word' id='word_1_440' title='bbox 2003 3644 2101 3701; x_wconf 82' lang='lat' dir='ltr'><strong>per</strong></span> <span class='ocrx_word' id='word_1_441' title='bbox 2127 3630 2245 3685; x_wconf 87' lang='lat' dir='ltr'><strong>vias</strong></span> <span class='ocrx_word' id='word_1_442' title='bbox 2282 3638 2543 3700; x_wconf 82' lang='lat' dir='ltr'><strong>tanquam</strong></span> <span class='ocrx_word' id='word_1_443' title='bbox 2578 3627 2860 3683; x_wconf 64' lang='lat' dir='ltr'><strong>memoriae</strong></span> <span class='ocrx_word' id='word_1_444' title='bbox 2890 3634 3194 3698; x_wconf 83' lang='lat' dir='ltr'><strong>martyrum</strong></span> <span class='ocrx_word' id='word_1_445' title='bbox 3237 3627 3585 3682; x_wconf 87' lang='lat' dir='ltr'><strong>constituun-</strong></span> 
     </span>
    </p>
   </div>
   <div class='ocr_carea' id='block_1_72' title="bbox 2004 3717 3584 3791">
    <p class='ocr_par' dir='ltr' id='par_1_72' title="bbox 2004 3717 3584 3791">
     <span class='ocr_line' id='line_1_73' title="bbox 2004 3717 3584 3791; baseline -0.002 -16"><span class='ocrx_word' id='word_1_446' title='bbox 2004 3728 2114 3788; x_wconf 88' lang='lat' dir='ltr'><strong>tur,</strong></span> <span class='ocrx_word' id='word_1_447' title='bbox 2146 3719 2201 3775; x_wconf 92' lang='lat' dir='ltr'><strong>in</strong></span> <span class='ocrx_word' id='word_1_448' title='bbox 2224 3720 2425 3791; x_wconf 89' lang='lat' dir='ltr'><strong>quibus</strong></span> <span class='ocrx_word' id='word_1_449' title='bbox 2441 3718 2650 3775; x_wconf 90' lang='lat' dir='ltr'><strong>nullum</strong></span> <span class='ocrx_word' id='word_1_450' title='bbox 2674 3734 2877 3788; x_wconf 89' lang='lat' dir='ltr'><strong>corpus</strong></span> <span class='ocrx_word' id='word_1_451' title='bbox 2909 3727 3004 3773; x_wconf 89' lang='lat' dir='ltr'><strong>aut</strong></span> <span class='ocrx_word' id='word_1_452' title='bbox 3022 3717 3262 3789; x_wconf 63' lang='lat' dir='ltr'><strong>reliquiae</strong></span> <span class='ocrx_word' id='word_1_453' title='bbox 3286 3728 3584 3789; x_wconf 87' lang='lat' dir='ltr'><strong>martyrum</strong></span> 
     </span>
    </p>
   </div>
   <div class='ocr_carea' id='block_1_73' title="bbox 2004 3807 3585 3881">
    <p class='ocr_par' dir='ltr' id='par_1_73' title="bbox 2004 3807 3585 3881">
     <span class='ocr_line' id='line_1_74' title="bbox 2004 3807 3585 3881; baseline -0.003 -14"><span class='ocrx_word' id='word_1_454' title='bbox 2004 3811 2239 3867; x_wconf 69' lang='lat' dir='ltr'><strong>condita:</strong></span> <span class='ocrx_word' id='word_1_455' title='bbox 2275 3811 2602 3881; x_wconf 82' lang='lat' dir='ltr'><strong>probantur,</strong></span> <span class='ocrx_word' id='word_1_456' title='bbox 2653 3808 2723 3864; x_wconf 91' lang='lat' dir='ltr'><strong>ab</strong></span> <span class='ocrx_word' id='word_1_457' title='bbox 2766 3808 3041 3879; x_wconf 85' lang='lat' dir='ltr'><strong>episcopis</strong></span> <span class='ocrx_word' id='word_1_458' title='bbox 3079 3809 3175 3879; x_wconf 92' lang='lat' dir='ltr'><strong>qui</strong></span> <span class='ocrx_word' id='word_1_459' title='bbox 3203 3807 3342 3864; x_wconf 87' lang='lat' dir='ltr'><strong>locis</strong></span> <span class='ocrx_word' id='word_1_460' title='bbox 3380 3808 3585 3865; x_wconf 88' lang='lat' dir='ltr'><strong>eisdem</strong></span> 
     </span>
    </p>
   </div>
   <div class='ocr_carea' id='block_1_74' title="bbox 2004 3902 3583 3975">
    <p class='ocr_par' dir='ltr' id='par_1_74' title="bbox 2004 3902 3583 3975">
     <span class='ocr_line' id='line_1_75' title="bbox 2004 3902 3583 3975; baseline -0.001 -16"><span class='ocrx_word' id='word_1_461' title='bbox 2004 3913 2247 3974; x_wconf 64' lang='lat' dir='ltr'><strong>praesunt</strong></span> <span class='ocrx_word' id='word_1_462' title='bbox 2289 3904 2481 3975; x_wconf 73' lang='lat'><strong>106,</strong></span> <span class='ocrx_word' id='word_1_463' title='bbox 2503 3904 2547 3959; x_wconf 91' lang='lat' dir='ltr'><strong>si</strong></span> <span class='ocrx_word' id='word_1_464' title='bbox 2577 3902 2694 3958; x_wconf 77' lang='lat' dir='ltr'><strong>fieri</strong></span> <span class='ocrx_word' id='word_1_465' title='bbox 2720 3910 2921 3971; x_wconf 88' lang='lat' dir='ltr'><strong>potest,</strong></span> <span class='ocrx_word' id='word_1_466' title='bbox 2946 3908 3286 3957; x_wconf 81' lang='lat' dir='ltr'><strong>evertantur.</strong></span> <span class='ocrx_word' id='word_1_467' title='bbox 3319 3902 3376 3956; x_wconf 88' lang='lat' dir='ltr'><strong>Si</strong></span> <span class='ocrx_word' id='word_1_468' title='bbox 3403 3912 3583 3957; x_wconf 81' lang='lat' dir='ltr'><strong>autem</strong></span> 
     </span>
    </p>
   </div>
   <div class='ocr_carea' id='block_1_75' title="bbox 2006 3988 3586 4060">
    <p class='ocr_par' dir='ltr' id='par_1_75' title="bbox 2006 3988 3586 4060">
     <span class='ocr_line' id='line_1_76' title="bbox 2006 3988 3586 4060; baseline 0 -15"><span class='ocrx_word' id='word_1_469' title='bbox 2006 3992 2111 4046; x_wconf 92' lang='lat' dir='ltr'><strong>hoc</strong></span> <span class='ocrx_word' id='word_1_470' title='bbox 2142 4005 2241 4060; x_wconf 89' lang='lat' dir='ltr'><strong>per</strong></span> <span class='ocrx_word' id='word_1_471' title='bbox 2271 3991 2537 4045; x_wconf 86' lang='lat' dir='ltr'><strong>tumultus</strong></span> <span class='ocrx_word' id='word_1_472' title='bbox 2561 3988 2853 4060; x_wconf 88' lang='lat' dir='ltr'><strong>p0pulares</strong></span> <span class='ocrx_word' id='word_1_473' title='bbox 2887 4004 2996 4043; x_wconf 90' lang='lat' dir='ltr'><strong>non</strong></span> <span class='ocrx_word' id='word_1_474' title='bbox 3024 3988 3243 4052; x_wconf 90' lang='lat' dir='ltr'><strong>sinitur,</strong></span> <span class='ocrx_word' id='word_1_475' title='bbox 3283 3990 3470 4059; x_wconf 89' lang='lat' dir='ltr'><strong>plebes</strong></span> <span class='ocrx_word' id='word_1_476' title='bbox 3500 3999 3586 4045; x_wconf 88' lang='lat' dir='ltr'><strong>ta-</strong></span> 
     </span>
    </p>
   </div>
   <div class='ocr_carea' id='block_1_76' title="bbox 2005 4079 3587 4151">
    <p class='ocr_par' dir='ltr' id='par_1_76' title="bbox 2005 4079 3587 4151">
     <span class='ocr_line' id='line_1_77' title="bbox 2005 4079 3587 4151; baseline -0.001 -15"><span class='ocrx_word' id='word_1_477' title='bbox 2005 4096 2131 4136; x_wconf 87' lang='lat' dir='ltr'><strong>men</strong></span> <span class='ocrx_word' id='word_1_478' title='bbox 2161 4080 2583 4146; x_wconf 88' lang='lat' dir='ltr'><strong>admoneantur,</strong></span> <span class='ocrx_word' id='word_1_479' title='bbox 2618 4096 2687 4135; x_wconf 92' lang='lat' dir='ltr'><strong>ne</strong></span> <span class='ocrx_word' id='word_1_480' title='bbox 2717 4079 2810 4134; x_wconf 87' lang='lat' dir='ltr'><strong>illa</strong></span> <span class='ocrx_word' id='word_1_481' title='bbox 2842 4080 2963 4135; x_wconf 84' lang='lat' dir='ltr'><strong>loca</strong></span> <span class='ocrx_word' id='word_1_482' title='bbox 2999 4079 3372 4151; x_wconf 88' lang='lat' dir='ltr'><strong>frequentent,</strong></span> <span class='ocrx_word' id='word_1_483' title='bbox 3407 4082 3587 4151; x_wconf 86' lang='lat' dir='ltr'><strong>utqui</strong></span> 
     </span>
    </p>
   </div>
   <div class='ocr_carea' id='block_1_77' title="bbox 2006 4170 3587 4241">
    <p class='ocr_par' dir='ltr' id='par_1_77' title="bbox 2006 4170 3587 4241">
     <span class='ocr_line' id='line_1_78' title="bbox 2006 4170 3587 4241; baseline 0.001 -16"><span class='ocrx_word' id='word_1_484' title='bbox 2006 4181 2149 4227; x_wconf 90' lang='lat' dir='ltr'><strong>recte</strong></span> <span class='ocrx_word' id='word_1_485' title='bbox 2166 4171 2410 4239; x_wconf 85' lang='lat' dir='ltr'><strong>sapiunt,</strong></span> <span class='ocrx_word' id='word_1_486' title='bbox 2430 4170 2578 4226; x_wconf 89' lang='lat' dir='ltr'><strong>nulla</strong></span> <span class='ocrx_word' id='word_1_487' title='bbox 2601 4171 2673 4226; x_wconf 91' lang='lat' dir='ltr'><strong>ibi</strong></span> <span class='ocrx_word' id='word_1_488' title='bbox 2696 4170 3088 4241; x_wconf 87' lang='lat' dir='ltr'><strong>superstitione</strong></span> <span class='ocrx_word' id='word_1_489' title='bbox 3104 4171 3341 4226; x_wconf 84' lang='lat' dir='ltr'><strong>devincti</strong></span> <span class='ocrx_word' id='word_1_490' title='bbox 3367 4179 3587 4226; x_wconf 81' lang='lat' dir='ltr'><strong>tenean-</strong></span> 
     </span>
    </p>
   </div>
   <div class='ocr_carea' id='block_1_78' title="bbox 2007 4261 3585 4335">
    <p class='ocr_par' dir='ltr' id='par_1_78' title="bbox 2007 4261 3585 4335">
     <span class='ocr_line' id='line_1_79' title="bbox 2007 4261 3585 4335; baseline -0.001 -18"><span class='ocrx_word' id='word_1_491' title='bbox 2007 4272 2115 4317; x_wconf 88' lang='lat' dir='ltr'><strong>tur.</strong></span> <span class='ocrx_word' id='word_1_492' title='bbox 2140 4261 2208 4317; x_wconf 86' lang='lat' dir='ltr'><strong>Et</strong></span> <span class='ocrx_word' id='word_1_493' title='bbox 2246 4263 2476 4318; x_wconf 90' lang='lat' dir='ltr'><strong>omnino</strong></span> <span class='ocrx_word' id='word_1_494' title='bbox 2506 4262 2655 4318; x_wconf 91' lang='lat' dir='ltr'><strong>nulla</strong></span> <span class='ocrx_word' id='word_1_495' title='bbox 2689 4263 2956 4317; x_wconf 89' lang='lat' dir='ltr'><strong>memoria</strong></span> <span class='ocrx_word' id='word_1_496' title='bbox 2994 4273 3292 4335; x_wconf 86' lang='lat' dir='ltr'><strong>martyrum</strong></span> <span class='ocrx_word' id='word_1_497' title='bbox 3325 4264 3585 4334; x_wconf 81' lang='lat' dir='ltr'><strong>probabi-</strong></span> 
     </span>
    </p>
   </div>
   <div class='ocr_carea' id='block_1_79' title="bbox 2004 4354 3587 4425">
    <p class='ocr_par' dir='ltr' id='par_1_79' title="bbox 2004 4354 3587 4425">
     <span class='ocr_line' id='line_1_80' title="bbox 2004 4354 3587 4425; baseline 0.001 -17"><span class='ocrx_word' id='word_1_498' title='bbox 2004 4354 2127 4409; x_wconf 90' lang='lat' dir='ltr'><strong>liter</strong></span> <span class='ocrx_word' id='word_1_499' title='bbox 2157 4364 2487 4425; x_wconf 80' lang='lat' dir='ltr'><strong>acceptetur,</strong></span> <span class='ocrx_word' id='word_1_500' title='bbox 2514 4354 2620 4410; x_wconf 88' lang='lat' dir='ltr'><strong>nisi</strong></span> <span class='ocrx_word' id='word_1_501' title='bbox 2642 4355 2733 4410; x_wconf 90' lang='lat' dir='ltr'><strong>ubi</strong></span> <span class='ocrx_word' id='word_1_502' title='bbox 2756 4369 2958 4424; x_wconf 90' lang='lat' dir='ltr'><strong>corpus</strong></span> <span class='ocrx_word' id='word_1_503' title='bbox 2990 4362 3085 4409; x_wconf 90' lang='lat' dir='ltr'><strong>aut</strong></span> <span class='ocrx_word' id='word_1_504' title='bbox 3112 4355 3311 4425; x_wconf 58' lang='lat' dir='ltr'><strong>aliqua:</strong></span> <span class='ocrx_word' id='word_1_505' title='bbox 3334 4355 3587 4425; x_wconf 67' lang='lat' dir='ltr'><strong>reliquis:</strong></span> 
     </span>
    </p>
   </div>
   <div class='ocr_carea' id='block_1_80' title="bbox 2004 4447 3583 4518">
    <p class='ocr_par' dir='ltr' id='par_1_80' title="bbox 2004 4447 3583 4518">
     <span class='ocr_line' id='line_1_81' title="bbox 2004 4447 3583 4518; baseline 0.001 -17"><span class='ocrx_word' id='word_1_506' title='bbox 2004 4454 2154 4507; x_wconf 83' lang='lat' dir='ltr'><strong>sunt,</strong></span> <span class='ocrx_word' id='word_1_507' title='bbox 2184 4448 2340 4517; x_wconf 88' lang='lat' dir='ltr'><strong>origo</strong></span> <span class='ocrx_word' id='word_1_508' title='bbox 2377 4447 2613 4517; x_wconf 89' lang='lat' dir='ltr'><strong>alicujus</strong></span> <span class='ocrx_word' id='word_1_509' title='bbox 2642 4448 2995 4503; x_wconf 86' lang='lat' dir='ltr'><strong>habitationis</strong></span> <span class='ocrx_word' id='word_1_510' title='bbox 3032 4449 3114 4502; x_wconf 88' lang='lat' dir='ltr'><strong>vel</strong></span> <span class='ocrx_word' id='word_1_511' title='bbox 3147 4449 3419 4518; x_wconf 89' lang='lat' dir='ltr'><strong>passionis</strong></span> <span class='ocrx_word' id='word_1_512' title='bbox 3453 4449 3583 4503; x_wconf 70' lang='grc' dir='ltr'>ίίιιο-</span> 
     </span>
    </p>
   </div>
   <div class='ocr_carea' id='block_1_81' title="bbox 2004 4534 3581 4607">
    <p class='ocr_par' dir='ltr' id='par_1_81' title="bbox 2004 4534 3581 4607">
     <span class='ocr_line' id='line_1_82' title="bbox 2004 4534 3581 4607; baseline 0.001 -17"><span class='ocrx_word' id='word_1_513' title='bbox 2004 4536 2216 4591; x_wconf 88' lang='lat' dir='ltr'><strong>lissima</strong></span> <span class='ocrx_word' id='word_1_514' title='bbox 2261 4536 2479 4607; x_wconf 84' lang='lat' dir='ltr'><strong>origine</strong></span> <span class='ocrx_word' id='word_1_515' title='bbox 2514 4536 2766 4591; x_wconf 89' lang='lat' dir='ltr'><strong>traditur.</strong></span> <span class='ocrx_word' id='word_1_516' title='bbox 2809 4534 2946 4590; x_wconf 80' lang='lat' dir='ltr'><strong>Nam</strong></span> <span class='ocrx_word' id='word_1_517' title='bbox 2987 4551 3110 4607; x_wconf 85' lang='lat' dir='ltr'><strong>quae</strong></span> <span class='ocrx_word' id='word_1_518' title='bbox 3140 4551 3232 4606; x_wconf 91' lang='lat' dir='ltr'><strong>per</strong></span> <span class='ocrx_word' id='word_1_519' title='bbox 3273 4536 3486 4590; x_wconf 85' lang='lat' dir='ltr'><strong>somnia</strong></span> <span class='ocrx_word' id='word_1_520' title='bbox 3526 4545 3581 4591; x_wconf 89' lang='lat' dir='ltr'><strong>et</strong></span> 
     </span>
    </p>
   </div>
   <div class='ocr_carea' id='block_1_82' title="bbox 2001 4627 3579 4699">
    <p class='ocr_par' dir='ltr' id='par_1_82' title="bbox 2001 4627 3579 4699">
     <span class='ocr_line' id='line_1_83' title="bbox 2001 4627 3579 4699; baseline -0.001 -16"><span class='ocrx_word' id='word_1_521' title='bbox 2001 4642 2099 4697; x_wconf 88' lang='lat' dir='ltr'><strong>per</strong></span> <span class='ocrx_word' id='word_1_522' title='bbox 2140 4629 2335 4683; x_wconf 88' lang='lat' dir='ltr'><strong>inanes</strong></span> <span class='ocrx_word' id='word_1_523' title='bbox 2366 4628 2526 4698; x_wconf 88' lang='lat' dir='ltr'><strong>quasi</strong></span> <span class='ocrx_word' id='word_1_524' title='bbox 2565 4627 2934 4683; x_wconf 88' lang='lat' dir='ltr'><strong>revelationes</strong></span> <span class='ocrx_word' id='word_1_525' title='bbox 2977 4627 3351 4699; x_wconf 87' lang='lat' dir='ltr'><strong>quorumlibet</strong></span> <span class='ocrx_word' id='word_1_526' title='bbox 3399 4628 3579 4681; x_wconf 88' lang='lat' dir='ltr'><strong>homi-</strong></span> 
     </span>
    </p>
   </div>
   <div class='ocr_carea' id='block_1_83' title="bbox 2002 4718 3587 4791">
    <p class='ocr_par' dir='ltr' id='par_1_83' title="bbox 2002 4718 3587 4791">
     <span class='ocr_line' id='line_1_84' title="bbox 2002 4718 3587 4791; baseline 0 -18"><span class='ocrx_word' id='word_1_527' title='bbox 2002 4735 2133 4774; x_wconf 90' lang='lat' dir='ltr'><strong>num</strong></span> <span class='ocrx_word' id='word_1_528' title='bbox 2175 4720 2493 4791; x_wconf 86' lang='lat' dir='ltr'><strong>ubicunque</strong></span> <span class='ocrx_word' id='word_1_529' title='bbox 2528 4720 2943 4777; x_wconf 87' lang='lat' dir='ltr'><strong>constituuntur</strong></span> <span class='ocrx_word' id='word_1_530' title='bbox 2978 4720 3195 4786; x_wconf 86' lang='lat' dir='ltr'><strong>altaria,</strong></span> <span class='ocrx_word' id='word_1_531' title='bbox 3239 4720 3387 4774; x_wconf 86' lang='lat' dir='ltr'><strong>omni</strong></span> <span class='ocrx_word' id='word_1_532' title='bbox 3419 4718 3587 4775; x_wconf 86' lang='lat' dir='ltr'><strong>modo</strong></span> 
     </span>
    </p>
   </div>
   <div class='ocr_carea' id='block_1_84' title="bbox 2003 4811 2402 4882">
    <p class='ocr_par' dir='ltr' id='par_1_84' title="bbox 2003 4811 2402 4882">
     <span class='ocr_line' id='line_1_85' title="bbox 2003 4811 2402 4882; baseline 0 -17"><span class='ocrx_word' id='word_1_533' title='bbox 2003 4811 2402 4882; x_wconf 88' lang='lat' dir='ltr'><strong>improbentur.</strong></span> 
     </span>
    </p>
   </div>
   <div class='ocr_carea' id='block_1_85' title="bbox 2252 5102 3316 5162">
    <p class='ocr_par' dir='ltr' id='par_1_85' title="bbox 2252 5102 3316 5162">
     <span class='ocr_line' id='line_1_86' title="bbox 2252 5102 3316 5162; baseline -0.007 -1"><span class='ocrx_word' id='word_1_534' title='bbox 2252 5106 2482 5161; x_wconf 83' lang='lat' dir='ltr'><strong>Concilii</strong></span> <span class='ocrx_word' id='word_1_535' title='bbox 2513 5106 2722 5162; x_wconf 69' lang='lat' dir='ltr'><strong>Nicwni</strong></span> <span class='ocrx_word' id='word_1_536' title='bbox 2754 5123 2790 5161; x_wconf 86' lang='grc' dir='ltr'><strong>ιι</strong></span> <span class='ocrx_word' id='word_1_537' title='bbox 2825 5121 3049 5160; x_wconf 78' lang='lat' dir='ltr'><strong>canones</strong></span> <span class='ocrx_word' id='word_1_538' title='bbox 3078 5104 3109 5156; x_wconf 88' lang='lat'><strong>7</strong></span> <span class='ocrx_word' id='word_1_539' title='bbox 3141 5114 3192 5157; x_wconf 88' lang='lat' dir='ltr'><strong>et</strong></span> <span class='ocrx_word' id='word_1_540' title='bbox 3233 5102 3316 5155; x_wconf 87' lang='lat' dir='ltr'><strong>l7.</strong></span> 
     </span>
    </p>
   </div>
   <div class='ocr_carea' id='block_1_86' title="bbox 2076 5191 3579 5267">
    <p class='ocr_par' dir='ltr' id='par_1_86' title="bbox 2076 5191 3579 5267">
     <span class='ocr_line' id='line_1_87' title="bbox 2076 5191 3579 5267; baseline -0.005 -16"><span class='ocrx_word' id='word_1_541' title='bbox 2076 5196 2305 5267; x_wconf 79' lang='lat' dir='ltr'><strong>Templis</strong></span> <span class='ocrx_word' id='word_1_542' title='bbox 2320 5213 2435 5267; x_wconf 72' lang='lat' dir='ltr'><strong>qua:</strong></span> <span class='ocrx_word' id='word_1_543' title='bbox 2452 5198 2646 5267; x_wconf 78' lang='lat' dir='ltr'><strong>absque</strong></span> <span class='ocrx_word' id='word_1_544' title='bbox 2670 5197 2993 5263; x_wconf 82' lang='lat' dir='ltr'><strong>depositione</strong></span> <span class='ocrx_word' id='word_1_545' title='bbox 3028 5208 3303 5248; x_wconf 87' lang='lat' dir='ltr'><strong>sacrarum</strong></span> <span class='ocrx_word' id='word_1_546' title='bbox 3326 5191 3579 5262; x_wconf 82' lang='lat' dir='ltr'><strong>reliquia-</strong></span> 
     </span>
    </p>
   </div>
   <div class='ocr_carea' id='block_1_87' title="bbox 2001 5285 3306 5361">
    <p class='ocr_par' dir='ltr' id='par_1_87' title="bbox 2001 5285 3306 5361">
     <span class='ocr_line' id='line_1_88' title="bbox 2001 5285 3306 5361; baseline -0.005 -16"><span class='ocrx_word' id='word_1_547' title='bbox 2001 5308 2123 5346; x_wconf 88' lang='lat' dir='ltr'><strong>rum</strong></span> <span class='ocrx_word' id='word_1_548' title='bbox 2157 5292 2369 5361; x_wconf 78' lang='lat' dir='ltr'><strong>fuerunt</strong></span> <span class='ocrx_word' id='word_1_549' title='bbox 2400 5290 2666 5358; x_wconf 85' lang='lat' dir='ltr'><strong>dedicata,</strong></span> <span class='ocrx_word' id='word_1_550' title='bbox 2694 5291 2812 5361; x_wconf 82' lang='lat' dir='ltr'><strong>ﬁeri</strong></span> <span class='ocrx_word' id='word_1_551' title='bbox 2842 5288 2990 5343; x_wconf 80' lang='lat' dir='ltr'><strong>debet</strong></span> <span class='ocrx_word' id='word_1_552' title='bbox 3029 5285 3306 5356; x_wconf 85' lang='lat' dir='ltr'><strong>depositio.</strong></span> 
     </span>
    </p>
   </div>
   <div class='ocr_carea' id='block_1_88' title="bbox 2080 5464 3579 5540">
    <p class='ocr_par' dir='ltr' id='par_1_88' title="bbox 2080 5464 3579 5540">
     <span class='ocr_line' id='line_1_89' title="bbox 2080 5464 3579 5540; baseline -0.004 -15"><span class='ocrx_word' id='word_1_553' title='bbox 2080 5473 2133 5529; x_wconf 86' lang='lat'><strong>7.</strong></span> <span class='ocrx_word' id='word_1_554' title='bbox 2166 5474 2256 5528; x_wconf 89' lang='lat' dir='ltr'><strong>Ait</strong></span> <span class='ocrx_word' id='word_1_555' title='bbox 2283 5471 2483 5527; x_wconf 87' lang='lat' dir='ltr'><strong>Paulus</strong></span> <span class='ocrx_word' id='word_1_556' title='bbox 2507 5472 2724 5527; x_wconf 86' lang='lat' dir='ltr'><strong>divinus</strong></span> <span class='ocrx_word' id='word_1_557' title='bbox 2742 5469 3025 5540; x_wconf 86' lang='lat' dir='ltr'><strong>apostolus</strong></span> <span class='ocrx_word' id='word_1_558' title='bbox 3052 5487 3065 5522; x_wconf 89' lang='lat'><strong>:</strong></span> <span class='ocrx_word' id='word_1_559' title='bbox 3094 5464 3459 5533; x_wconf 77' lang='lat' dir='ltr'><strong>Quorumdam</strong></span> <span class='ocrx_word' id='word_1_560' title='bbox 3489 5467 3579 5519; x_wconf 72' lang='lat' dir='ltr'><strong>lio-</strong></span> 
     </span>
    </p>
   </div>
   <div class='ocr_carea' id='block_1_89' title="bbox 2004 5560 3551 5635">
    <p class='ocr_par' dir='ltr' id='par_1_89' title="bbox 2004 5560 3551 5635">
     <span class='ocr_line' id='line_1_90' title="bbox 2004 5560 3551 5635; baseline -0.006 -16"><span class='ocrx_word' id='word_1_561' title='bbox 2004 5568 2205 5620; x_wconf 86' lang='lat' dir='ltr'><strong>minum</strong></span> <span class='ocrx_word' id='word_1_562' title='bbox 2235 5573 2450 5635; x_wconf 81' lang='lat' dir='ltr'><strong>peccata</strong></span> <span class='ocrx_word' id='word_1_563' title='bbox 2473 5572 2593 5619; x_wconf 87' lang='lat' dir='ltr'><strong>sunt</strong></span> <span class='ocrx_word' id='word_1_564' title='bbox 2619 5563 2925 5633; x_wconf 73' lang='lat' dir='ltr'><strong>manifesta,</strong></span> <span class='ocrx_word' id='word_1_565' title='bbox 2950 5560 3227 5616; x_wconf 82' lang='lat' dir='ltr'><strong>nonnullos</strong></span> <span class='ocrx_word' id='word_1_566' title='bbox 3252 5570 3428 5613; x_wconf 82' lang='lat' dir='ltr'><strong>autem</strong></span> <span class='ocrx_word' id='word_1_567' title='bbox 3456 5574 3551 5611; x_wconf 80' lang='lat' dir='ltr'><strong>ron</strong></span> 
     </span>
    </p>
   </div>
   <div class='ocr_carea' id='block_1_90' title="bbox 284 5702 2813 5792">
    <p class='ocr_par' dir='ltr' id='par_1_90' title="bbox 284 5702 2813 5792">
     <span class='ocr_line' id='line_1_91' title="bbox 284 5702 2813 5792; baseline 0.006 -33"><span class='ocrx_word' id='word_1_568' title='bbox 284 5733 290 5738; x_wconf 89' lang='lat'><em>-</em></span> <span class='ocrx_word' id='word_1_569' title='bbox 394 5702 439 5733; x_wconf 82' lang='lat'>”</span> <span class='ocrx_word' id='word_1_570' title='bbox 469 5703 690 5778; x_wconf 84' lang='lat' dir='ltr'><strong>Cartag.</strong></span> <span class='ocrx_word' id='word_1_571' title='bbox 724 5724 798 5775; x_wconf 84' lang='grc' dir='ltr'><strong>ιι,</strong></span> <span class='ocrx_word' id='word_1_572' title='bbox 830 5725 953 5766; x_wconf 86' lang='lat' dir='ltr'><strong>can.</strong></span> <span class='ocrx_word' id='word_1_573' title='bbox 988 5714 1039 5768; x_wconf 83' lang='grc'><strong>5.</strong></span> <span class='ocrx_word' id='word_1_574' title='bbox 1121 5716 1165 5749; x_wconf 78' lang='grc'><strong>³³</strong></span> <span class='ocrx_word' id='word_1_575' title='bbox 1202 5716 1509 5774; x_wconf 80' lang='lat' dir='ltr'><strong>Conciliqu</strong></span> <span class='ocrx_word' id='word_1_576' title='bbox 1540 5718 1798 5792; x_wconf 76' lang='lat' dir='ltr'><strong>Curtliag.</strong></span> <span class='ocrx_word' id='word_1_577' title='bbox 1825 5737 1874 5788; x_wconf 85' lang='grc' dir='ltr'><strong>ν,</strong></span> <span class='ocrx_word' id='word_1_578' title='bbox 1905 5738 1951 5777; x_wconf 83' lang='lat' dir='ltr'><strong>c.</strong></span> <span class='ocrx_word' id='word_1_579' title='bbox 1982 5722 2043 5777; x_wconf 78' lang='lat' dir='ltr'><strong>ll</strong></span> <span class='ocrx_word' id='word_1_580' title='bbox 2069 5741 2084 5787; x_wconf 71' lang='grc' dir='ltr'><strong>ς</strong></span> <span class='ocrx_word' id='word_1_581' title='bbox 2110 5722 2405 5779; x_wconf 82' lang='lat' dir='ltr'><strong>concilium</strong></span> <span class='ocrx_word' id='word_1_582' title='bbox 2432 5719 2687 5786; x_wconf 81' lang='lat' dir='ltr'><strong>Afric.,c.</strong></span> <span class='ocrx_word' id='word_1_583' title='bbox 2721 5720 2813 5774; x_wconf 81' lang='lat'><strong>50.</strong></span> 
     </span>
    </p>
   </div>
  </div>
