  <div class='ocr_page' id='page_1' title='image "/cluster/home/n/w/nwhite01/storage/ocr_20150623/104 pt.4/mdp.39015061931229/291.png"; bbox 0 0 3904 6248; ppageno 0'>
   <div class='ocr_carea' id='block_1_1' title="bbox 291 337 399 402">
    <p class='ocr_par' dir='ltr' id='par_1_1' title="bbox 291 337 399 402">
     <span class='ocr_line' id='line_1_1' title="bbox 291 337 399 402; baseline -0.009 0"><span class='ocrx_word' id='word_1_1' title='bbox 291 337 399 402; x_wconf 70' lang='lat'><strong>563</strong></span> 
     </span>
    </p>
   </div>
   <div class='ocr_carea' id='block_1_2' title="bbox 1446 336 2391 398">
    <p class='ocr_par' dir='ltr' id='par_1_2' title="bbox 1446 336 2391 398">
     <span class='ocr_line' id='line_1_2' title="bbox 1446 336 2391 398; baseline -0.002 -1"><span class='ocrx_word' id='word_1_2' title='bbox 1446 336 1708 398; x_wconf 86' lang='grc' dir='ltr'><strong>ΡΗΟΤΙΙ</strong></span> <span class='ocrx_word' id='word_1_3' title='bbox 1740 336 2245 397; x_wconf 69' lang='grc' dir='ltr'><strong>ΡΑΤΒΙΑΗΟΗΕ</strong></span> <span class='ocrx_word' id='word_1_4' title='bbox 2282 336 2391 395; x_wconf 82' lang='lat' dir='ltr'><strong>CP.</strong></span> 
     </span>
    </p>
   </div>
   <div class='ocr_carea' id='block_1_3' title="bbox 3445 333 3548 398">
    <p class='ocr_par' dir='ltr' id='par_1_3' title="bbox 3445 333 3548 398">
     <span class='ocr_line' id='line_1_3' title="bbox 3445 333 3548 398; baseline 0 0"><span class='ocrx_word' id='word_1_5' title='bbox 3445 333 3548 398; x_wconf 69' lang='grc'><strong>564</strong></span> 
     </span>
    </p>
   </div>
   <div class='ocr_carea' id='block_1_4' title="bbox 292 440 1869 518">
    <p class='ocr_par' dir='ltr' id='par_1_4' title="bbox 292 443 1867 518">
     <span class='ocr_line' id='line_1_4' title="bbox 292 443 1867 518; baseline -0.004 -16"><span class='ocrx_word' id='word_1_6' title='bbox 292 458 581 518; x_wconf 65' lang='lat' dir='ltr'><strong>sequuntur</strong></span> <span class='ocrx_word' id='word_1_7' title='bbox 606 447 671 499; x_wconf 79' lang='grc'><strong>’⁷.</strong></span> <span class='ocrx_word' id='word_1_8' title='bbox 715 444 1156 501; x_wconf 68' lang='lat' dir='ltr'><strong>Prazcedentibus</strong></span> <span class='ocrx_word' id='word_1_9' title='bbox 1206 453 1386 497; x_wconf 83' lang='lat' dir='ltr'><strong>autem</strong></span> <span class='ocrx_word' id='word_1_10' title='bbox 1443 444 1719 512; x_wconf 78' lang='lat' dir='ltr'><strong>peccatis,</strong></span> <span class='ocrx_word' id='word_1_11' title='bbox 1761 443 1867 498; x_wconf 88' lang='lat' dir='ltr'><strong>alia</strong></span> 
     </span>
    </p>
   </div>
   <div class='ocr_carea' id='block_1_5' title="bbox 1976 440 3550 518">
    <p class='ocr_par' dir='ltr' id='par_1_5' title="bbox 1976 440 3550 515">
     <span class='ocr_line' id='line_1_5' title="bbox 1976 440 3550 515; baseline 0.001 -18"><span class='ocrx_word' id='word_1_12' title='bbox 1976 443 2514 498; x_wconf 78' lang='grc' dir='ltr'>ἐπακολουθοῦσιν.</span> <span class='ocrx_word' id='word_1_13' title='bbox 2586 442 2896 514; x_wconf 75' lang='grc' dir='ltr'>’Δμαρτιῶν</span> <span class='ocrx_word' id='word_1_14' title='bbox 2943 440 3036 495; x_wconf 79' lang='grc' dir='ltr'><strong>οῦν</strong></span> <span class='ocrx_word' id='word_1_15' title='bbox 3084 443 3550 515; x_wconf 80' lang='grc' dir='ltr'>προκαταλαμϐα-</span> 
     </span>
    </p>
   </div>
   <div class='ocr_carea' id='block_1_6' title="bbox 293 535 1866 609">
    <p class='ocr_par' dir='ltr' id='par_1_6' title="bbox 293 535 1866 609">
     <span class='ocr_line' id='line_1_6' title="bbox 293 535 1866 609; baseline -0.003 -18"><span class='ocrx_word' id='word_1_16' title='bbox 293 553 516 609; x_wconf 88' lang='lat' dir='ltr'><strong>quoque</strong></span> <span class='ocrx_word' id='word_1_17' title='bbox 532 554 591 593; x_wconf 88' lang='lat' dir='ltr'><strong>ea</strong></span> <span class='ocrx_word' id='word_1_18' title='bbox 612 549 936 608; x_wconf 87' lang='lat' dir='ltr'><strong>sequuntur.</strong></span> <span class='ocrx_word' id='word_1_19' title='bbox 972 536 1199 606; x_wconf 86' lang='lat' dir='ltr'><strong>lmpiam</strong></span> <span class='ocrx_word' id='word_1_20' title='bbox 1229 551 1359 603; x_wconf 79' lang='lat' dir='ltr'><strong>ergo</strong></span> <span class='ocrx_word' id='word_1_21' title='bbox 1378 535 1629 590; x_wconf 56' lang='lat' dir='ltr'><strong>heresim</strong></span> <span class='ocrx_word' id='word_1_22' title='bbox 1655 549 1866 596; x_wconf 90' lang='lat' dir='ltr'><strong>eorum,</strong></span> 
     </span>
    </p>
   </div>
   <div class='ocr_carea' id='block_1_7' title="bbox 294 628 1909 701">
    <p class='ocr_par' dir='ltr' id='par_1_7' title="bbox 294 628 1909 701">
     <span class='ocr_line' id='line_1_7' title="bbox 294 628 1909 701; baseline -0.004 -16"><span class='ocrx_word' id='word_1_23' title='bbox 294 631 389 701; x_wconf 86' lang='lat' dir='ltr'><strong>qui</strong></span> <span class='ocrx_word' id='word_1_24' title='bbox 422 630 765 685; x_wconf 88' lang='lat' dir='ltr'><strong>Christianos</strong></span> <span class='ocrx_word' id='word_1_25' title='bbox 810 639 1092 691; x_wconf 90' lang='lat' dir='ltr'><strong>accusant,</strong></span> <span class='ocrx_word' id='word_1_26' title='bbox 1144 628 1249 682; x_wconf 88' lang='lat' dir='ltr'><strong>alia</strong></span> <span class='ocrx_word' id='word_1_27' title='bbox 1284 642 1505 697; x_wconf 83' lang='lat' dir='ltr'><strong>quoque</strong></span> <span class='ocrx_word' id='word_1_28' title='bbox 1542 628 1709 696; x_wconf 88' lang='lat' dir='ltr'><strong>impia</strong></span> <span class='ocrx_word' id='word_1_29' title='bbox 1740 640 1861 680; x_wconf 83' lang='lat' dir='ltr'><strong>con-</strong></span> <span class='ocrx_word' id='word_1_30' title='bbox 1899 672 1909 690; x_wconf 86' lang='grc'><strong>,</strong></span> 
     </span>
    </p>
   </div>
   <div class='ocr_carea' id='block_1_8' title="bbox 295 717 1868 787">
    <p class='ocr_par' dir='ltr' id='par_1_8' title="bbox 295 717 1868 787">
     <span class='ocr_line' id='line_1_8' title="bbox 295 717 1868 787; baseline -0.004 -11"><span class='ocrx_word' id='word_1_31' title='bbox 295 731 482 776; x_wconf 88' lang='lat' dir='ltr'><strong>secuta</strong></span> <span class='ocrx_word' id='word_1_32' title='bbox 536 730 683 778; x_wconf 89' lang='lat' dir='ltr'><strong>sunt.</strong></span> <span class='ocrx_word' id='word_1_33' title='bbox 742 719 1211 787; x_wconf 86' lang='lat' dir='ltr'><strong>Quemadmodum</strong></span> <span class='ocrx_word' id='word_1_34' title='bbox 1270 720 1413 774; x_wconf 90' lang='lat' dir='ltr'><strong>enim</strong></span> <span class='ocrx_word' id='word_1_35' title='bbox 1474 717 1868 773; x_wconf 89' lang='lat' dir='ltr'><strong>venerabilium</strong></span> 
     </span>
    </p>
   </div>
   <div class='ocr_carea' id='block_1_9' title="bbox 298 808 1872 880">
    <p class='ocr_par' dir='ltr' id='par_1_9' title="bbox 298 808 1872 880">
     <span class='ocr_line' id='line_1_9' title="bbox 298 808 1872 880; baseline -0.001 -15"><span class='ocrx_word' id='word_1_36' title='bbox 298 812 595 880; x_wconf 76' lang='lat' dir='ltr'><strong>imaginum</strong></span> <span class='ocrx_word' id='word_1_37' title='bbox 627 820 907 880; x_wconf 91' lang='lat' dir='ltr'><strong>aspectum</strong></span> <span class='ocrx_word' id='word_1_38' title='bbox 940 827 1005 865; x_wconf 83' lang='lat' dir='ltr'><strong>ex</strong></span> <span class='ocrx_word' id='word_1_39' title='bbox 1054 811 1286 865; x_wconf 87' lang='lat' dir='ltr'><strong>ecclesia</strong></span> <span class='ocrx_word' id='word_1_40' title='bbox 1332 808 1692 871; x_wconf 87' lang='lat' dir='ltr'><strong>sustulerunt,</strong></span> <span class='ocrx_word' id='word_1_41' title='bbox 1732 808 1872 863; x_wconf 86' lang='lat' dir='ltr'><strong>alios</strong></span> 
     </span>
    </p>
   </div>
   <div class='ocr_carea' id='block_1_10' title="bbox 297 898 1872 970">
    <p class='ocr_par' dir='ltr' id='par_1_10' title="bbox 297 898 1872 970">
     <span class='ocr_line' id='line_1_10' title="bbox 297 898 1872 970; baseline -0.001 -16"><span class='ocrx_word' id='word_1_42' title='bbox 297 919 512 970; x_wconf 87' lang='lat' dir='ltr'><strong>quoque</strong></span> <span class='ocrx_word' id='word_1_43' title='bbox 564 916 746 955; x_wconf 87' lang='lat' dir='ltr'><strong>mores</strong></span> <span class='ocrx_word' id='word_1_44' title='bbox 801 902 1176 968; x_wconf 88' lang='lat' dir='ltr'><strong>reliquerunt,</strong></span> <span class='ocrx_word' id='word_1_45' title='bbox 1220 915 1360 969; x_wconf 90' lang='lat' dir='ltr'><strong>quos</strong></span> <span class='ocrx_word' id='word_1_46' title='bbox 1391 898 1610 969; x_wconf 88' lang='lat' dir='ltr'><strong>quidem</strong></span> <span class='ocrx_word' id='word_1_47' title='bbox 1658 908 1872 968; x_wconf 87' lang='lat' dir='ltr'><strong>oportet</strong></span> 
     </span>
    </p>
   </div>
   <div class='ocr_carea' id='block_1_11' title="bbox 298 988 1870 1059">
    <p class='ocr_par' dir='ltr' id='par_1_11' title="bbox 298 988 1870 1059">
     <span class='ocr_line' id='line_1_11' title="bbox 298 988 1870 1059; baseline -0.004 -15"><span class='ocrx_word' id='word_1_48' title='bbox 298 992 595 1054; x_wconf 68' lang='lat' dir='ltr'><strong>renovari,</strong></span> <span class='ocrx_word' id='word_1_49' title='bbox 650 1001 704 1045; x_wconf 90' lang='lat' dir='ltr'><strong>et</strong></span> <span class='ocrx_word' id='word_1_50' title='bbox 758 1000 864 1045; x_wconf 87' lang='lat' dir='ltr'><strong>tam</strong></span> <span class='ocrx_word' id='word_1_51' title='bbox 914 1007 982 1046; x_wconf 83' lang='lat' dir='ltr'><strong>ex</strong></span> <span class='ocrx_word' id='word_1_52' title='bbox 1010 992 1135 1059; x_wconf 87' lang='lat' dir='ltr'><strong>jure</strong></span> <span class='ocrx_word' id='word_1_53' title='bbox 1181 992 1384 1059; x_wconf 91' lang='lat' dir='ltr'><strong>scripto</strong></span> <span class='ocrx_word' id='word_1_54' title='bbox 1445 989 1526 1044; x_wconf 88' lang='lat' dir='ltr'><strong>sic</strong></span> <span class='ocrx_word' id='word_1_55' title='bbox 1567 988 1870 1043; x_wconf 83' lang='lat' dir='ltr'><strong>observari.</strong></span> 
     </span>
    </p>
   </div>
   <div class='ocr_carea' id='block_1_12' title="bbox 297 1078 1873 1150">
    <p class='ocr_par' dir='ltr' id='par_1_12' title="bbox 297 1078 1873 1150">
     <span class='ocr_line' id='line_1_12' title="bbox 297 1078 1873 1150; baseline -0.003 -16"><span class='ocrx_word' id='word_1_56' title='bbox 297 1079 665 1150; x_wconf 67' lang='lat' dir='ltr'><strong>Quaecumque</strong></span> <span class='ocrx_word' id='word_1_57' title='bbox 700 1095 831 1150; x_wconf 83' lang='lat' dir='ltr'><strong>ergo</strong></span> <span class='ocrx_word' id='word_1_58' title='bbox 874 1081 1076 1149; x_wconf 89' lang='lat' dir='ltr'><strong>templa</strong></span> <span class='ocrx_word' id='word_1_59' title='bbox 1110 1088 1435 1135; x_wconf 84' lang='lat' dir='ltr'><strong>consecrata</strong></span> <span class='ocrx_word' id='word_1_60' title='bbox 1487 1088 1615 1135; x_wconf 87' lang='lat' dir='ltr'><strong>sunt</strong></span> <span class='ocrx_word' id='word_1_61' title='bbox 1665 1078 1873 1146; x_wconf 82' lang='lat' dir='ltr'><strong>absque</strong></span> 
     </span>
    </p>
   </div>
   <div class='ocr_carea' id='block_1_13' title="bbox 297 1171 1871 1243">
    <p class='ocr_par' dir='ltr' id='par_1_13' title="bbox 297 1171 1871 1243">
     <span class='ocr_line' id='line_1_13' title="bbox 297 1171 1871 1243; baseline -0.003 -15"><span class='ocrx_word' id='word_1_62' title='bbox 297 1173 469 1228; x_wconf 86' lang='lat' dir='ltr'><strong>sacris</strong></span> <span class='ocrx_word' id='word_1_63' title='bbox 500 1173 747 1242; x_wconf 90' lang='lat' dir='ltr'><strong>reliquiis</strong></span> <span class='ocrx_word' id='word_1_64' title='bbox 780 1181 1109 1243; x_wconf 77' lang='lat' dir='ltr'><strong>martyrum,</strong></span> <span class='ocrx_word' id='word_1_65' title='bbox 1138 1171 1191 1225; x_wconf 93' lang='lat' dir='ltr'><strong>in</strong></span> <span class='ocrx_word' id='word_1_66' title='bbox 1221 1172 1288 1227; x_wconf 91' lang='lat' dir='ltr'><strong>iis</strong></span> <span class='ocrx_word' id='word_1_67' title='bbox 1316 1172 1433 1226; x_wconf 81' lang='lat' dir='ltr'><strong>fieri</strong></span> <span class='ocrx_word' id='word_1_68' title='bbox 1460 1171 1753 1225; x_wconf 84' lang='lat' dir='ltr'><strong>statuimus</strong></span> <span class='ocrx_word' id='word_1_69' title='bbox 1782 1184 1871 1223; x_wconf 81' lang='lat' dir='ltr'><strong>re-</strong></span> 
     </span>
    </p>
   </div>
   <div class='ocr_carea' id='block_1_14' title="bbox 297 1262 1868 1333">
    <p class='ocr_par' dir='ltr' id='par_1_14' title="bbox 297 1262 1868 1333">
     <span class='ocr_line' id='line_1_14' title="bbox 297 1262 1868 1333; baseline -0.003 -14"><span class='ocrx_word' id='word_1_70' title='bbox 297 1263 1020 1333; x_wconf 89' lang='lat' dir='ltr'><strong>quuiarumdepositionetn</strong></span> <span class='ocrx_word' id='word_1_71' title='bbox 1077 1278 1202 1317; x_wconf 93' lang='lat' dir='ltr'><strong>cum</strong></span> <span class='ocrx_word' id='word_1_72' title='bbox 1261 1262 1538 1317; x_wconf 84' lang='lat' dir='ltr'><strong>consuetis</strong></span> <span class='ocrx_word' id='word_1_73' title='bbox 1591 1262 1868 1331; x_wconf 91' lang='lat' dir='ltr'><strong>precibus.</strong></span> 
     </span>
    </p>
   </div>
   <div class='ocr_carea' id='block_1_15' title="bbox 296 1353 1873 1427">
    <p class='ocr_par' dir='ltr' id='par_1_15' title="bbox 296 1353 1873 1427">
     <span class='ocr_line' id='line_1_15' title="bbox 296 1353 1873 1427; baseline -0.003 -18"><span class='ocrx_word' id='word_1_74' title='bbox 296 1357 597 1427; x_wconf 80' lang='lat' dir='ltr'><strong>Episcopus</strong></span> <span class='ocrx_word' id='word_1_75' title='bbox 630 1364 809 1410; x_wconf 90' lang='lat' dir='ltr'><strong>autem</strong></span> <span class='ocrx_word' id='word_1_76' title='bbox 849 1356 1077 1425; x_wconf 89' lang='lat' dir='ltr'><strong>posthac</strong></span> <span class='ocrx_word' id='word_1_77' title='bbox 1105 1355 1366 1423; x_wconf 87' lang='lat' dir='ltr'><strong>templum</strong></span> <span class='ocrx_word' id='word_1_78' title='bbox 1393 1368 1727 1408; x_wconf 88' lang='lat' dir='ltr'><strong>consecrans</strong></span> <span class='ocrx_word' id='word_1_79' title='bbox 1754 1353 1873 1407; x_wconf 82' lang='lat' dir='ltr'><strong>sine</strong></span> 
     </span>
    </p>
   </div>
   <div class='ocr_carea' id='block_1_16' title="bbox 295 1445 1871 1518">
    <p class='ocr_par' dir='ltr' id='par_1_16' title="bbox 295 1445 1871 1518">
     <span class='ocr_line' id='line_1_16' title="bbox 295 1445 1871 1518; baseline -0.004 -11"><span class='ocrx_word' id='word_1_80' title='bbox 295 1450 504 1507; x_wconf 65' lang='lat' dir='ltr'><strong>sanctis</strong></span> <span class='ocrx_word' id='word_1_81' title='bbox 559 1448 808 1518; x_wconf 90' lang='lat' dir='ltr'><strong>reliquiis</strong></span> <span class='ocrx_word' id='word_1_82' title='bbox 837 1488 852 1514; x_wconf 95' lang='lat'><strong>,</strong></span> <span class='ocrx_word' id='word_1_83' title='bbox 882 1450 1208 1518; x_wconf 84' lang='lat' dir='ltr'><strong>deponatur,</strong></span> <span class='ocrx_word' id='word_1_84' title='bbox 1255 1445 1429 1517; x_wconf 87' lang='lat' dir='ltr'><strong>utqui</strong></span> <span class='ocrx_word' id='word_1_85' title='bbox 1470 1446 1871 1501; x_wconf 84' lang='lat' dir='ltr'><strong>ecclesiasticas</strong></span> 
     </span>
    </p>
   </div>
   <div class='ocr_carea' id='block_1_17' title="bbox 296 1540 1142 1608">
    <p class='ocr_par' dir='ltr' id='par_1_17' title="bbox 296 1540 1142 1608">
     <span class='ocr_line' id='line_1_17' title="bbox 296 1540 1142 1608; baseline -0.004 -14"><span class='ocrx_word' id='word_1_86' title='bbox 296 1540 615 1594; x_wconf 87' lang='lat' dir='ltr'><strong>traditiones</strong></span> <span class='ocrx_word' id='word_1_87' title='bbox 648 1549 1023 1608; x_wconf 80' lang='lat' dir='ltr'><strong>transgressus</strong></span> <span class='ocrx_word' id='word_1_88' title='bbox 1053 1540 1142 1594; x_wconf 87' lang='lat' dir='ltr'><strong>sit.</strong></span> 
     </span>
    </p>
   </div>
   <div class='ocr_carea' id='block_1_18' title="bbox 368 1629 1866 1701">
    <p class='ocr_par' dir='ltr' id='par_1_18' title="bbox 368 1629 1866 1701">
     <span class='ocr_line' id='line_1_18' title="bbox 368 1629 1866 1701; baseline -0.001 -18"><span class='ocrx_word' id='word_1_89' title='bbox 368 1629 451 1684; x_wconf 88' lang='lat' dir='ltr'><strong>Ne</strong></span> <span class='ocrx_word' id='word_1_90' title='bbox 479 1631 594 1700; x_wconf 83' lang='lat' dir='ltr'><strong>quis</strong></span> <span class='ocrx_word' id='word_1_91' title='bbox 626 1646 744 1683; x_wconf 84' lang='lat' dir='ltr'><strong>cum</strong></span> <span class='ocrx_word' id='word_1_92' title='bbox 776 1646 877 1683; x_wconf 82' lang='lat' dir='ltr'><strong>non</strong></span> <span class='ocrx_word' id='word_1_93' title='bbox 898 1630 1087 1683; x_wconf 83' lang='lat' dir='ltr'><strong>habeat</strong></span> <span class='ocrx_word' id='word_1_94' title='bbox 1116 1645 1233 1701; x_wconf 74' lang='lat' dir='ltr'><strong>qua:</strong></span> <span class='ocrx_word' id='word_1_95' title='bbox 1266 1630 1335 1684; x_wconf 85' lang='lat' dir='ltr'><strong>ad</strong></span> <span class='ocrx_word' id='word_1_96' title='bbox 1361 1630 1729 1700; x_wconf 76' lang='lat' dir='ltr'><strong>perfectionem</strong></span> <span class='ocrx_word' id='word_1_97' title='bbox 1748 1646 1866 1697; x_wconf 84' lang='lat' dir='ltr'><strong>per-</strong></span> 
     </span>
    </p>
   </div>
   <div class='ocr_carea' id='block_1_19' title="bbox 297 1721 1410 1791">
    <p class='ocr_par' dir='ltr' id='par_1_19' title="bbox 297 1721 1410 1791">
     <span class='ocr_line' id='line_1_19' title="bbox 297 1721 1410 1791; baseline 0.003 -18"><span class='ocrx_word' id='word_1_98' title='bbox 297 1728 461 1776; x_wconf 72' lang='lat' dir='ltr'><strong>tinent</strong></span> <span class='ocrx_word' id='word_1_99' title='bbox 486 1721 724 1774; x_wconf 86' lang='lat' dir='ltr'><strong>oratoria</strong></span> <span class='ocrx_word' id='word_1_100' title='bbox 756 1722 1021 1787; x_wconf 63' lang='lat' dir='ltr'><strong>aediﬁcare</strong></span> <span class='ocrx_word' id='word_1_101' title='bbox 1045 1722 1410 1791; x_wconf 81' lang='lat' dir='ltr'><strong>aggrediatur.</strong></span> 
     </span>
    </p>
   </div>
   <div class='ocr_carea' id='block_1_20' title="bbox 365 1811 1870 1881">
    <p class='ocr_par' dir='ltr' id='par_1_20' title="bbox 365 1811 1870 1881">
     <span class='ocr_line' id='line_1_20' title="bbox 365 1811 1870 1881; baseline -0.001 -16"><span class='ocrx_word' id='word_1_102' title='bbox 365 1812 450 1866; x_wconf 84' lang='lat' dir='ltr'><strong>l7.</strong></span> <span class='ocrx_word' id='word_1_103' title='bbox 479 1811 708 1878; x_wconf 84' lang='lat' dir='ltr'><strong>Quidam</strong></span> <span class='ocrx_word' id='word_1_104' title='bbox 741 1813 991 1867; x_wconf 86' lang='lat' dir='ltr'><strong>monachi</strong></span> <span class='ocrx_word' id='word_1_105' title='bbox 1025 1813 1140 1867; x_wconf 90' lang='lat' dir='ltr'><strong>suis</strong></span> <span class='ocrx_word' id='word_1_106' title='bbox 1172 1813 1329 1881; x_wconf 82' lang='lat'><strong>107</strong></span> <span class='ocrx_word' id='word_1_107' title='bbox 1370 1811 1717 1869; x_wconf 83' lang='lat' dir='ltr'><strong>monasteriis</strong></span> <span class='ocrx_word' id='word_1_108' title='bbox 1746 1812 1870 1865; x_wconf 89' lang='lat' dir='ltr'><strong>reli-</strong></span> 
     </span>
    </p>
   </div>
   <div class='ocr_carea' id='block_1_21' title="bbox 293 1904 1869 1974">
    <p class='ocr_par' dir='ltr' id='par_1_21' title="bbox 293 1904 1869 1974">
     <span class='ocr_line' id='line_1_21' title="bbox 293 1904 1869 1974; baseline -0.001 -17"><span class='ocrx_word' id='word_1_109' title='bbox 293 1904 415 1968; x_wconf 88' lang='lat' dir='ltr'><strong>ctis,</strong></span> <span class='ocrx_word' id='word_1_110' title='bbox 446 1913 506 1957; x_wconf 88' lang='lat' dir='ltr'><strong>ttt</strong></span> <span class='ocrx_word' id='word_1_111' title='bbox 526 1904 617 1973; x_wconf 88' lang='lat' dir='ltr'><strong>qui</strong></span> <span class='ocrx_word' id='word_1_112' title='bbox 642 1907 913 1974; x_wconf 79' lang='lat' dir='ltr'><strong>imperare</strong></span> <span class='ocrx_word' id='word_1_113' title='bbox 940 1904 1271 1970; x_wconf 83' lang='lat' dir='ltr'><strong>desiderent,</strong></span> <span class='ocrx_word' id='word_1_114' title='bbox 1303 1914 1357 1958; x_wconf 87' lang='lat' dir='ltr'><strong>et</strong></span> <span class='ocrx_word' id='word_1_115' title='bbox 1377 1919 1569 1974; x_wconf 90' lang='lat' dir='ltr'><strong>parere</strong></span> <span class='ocrx_word' id='word_1_116' title='bbox 1591 1914 1869 1970; x_wconf 86' lang='lat' dir='ltr'><strong>recusant,</strong></span> 
     </span>
    </p>
   </div>
   <div class='ocr_carea' id='block_1_22' title="bbox 294 1995 1870 2065">
    <p class='ocr_par' dir='ltr' id='par_1_22' title="bbox 294 1995 1870 2065">
     <span class='ocr_line' id='line_1_22' title="bbox 294 1995 1870 2065; baseline -0.002 -15"><span class='ocrx_word' id='word_1_117' title='bbox 294 1997 534 2050; x_wconf 80' lang='lat' dir='ltr'><strong>Oratoria</strong></span> <span class='ocrx_word' id='word_1_118' title='bbox 574 1995 841 2050; x_wconf 72' lang='lat' dir='ltr'><strong>asdilicare</strong></span> <span class='ocrx_word' id='word_1_119' title='bbox 887 1995 1298 2065; x_wconf 79' lang='lat' dir='ltr'><strong>aggrediuntur.</strong></span> <span class='ocrx_word' id='word_1_120' title='bbox 1352 2010 1476 2049; x_wconf 90' lang='lat' dir='ltr'><strong>cum</strong></span> <span class='ocrx_word' id='word_1_121' title='bbox 1541 2010 1604 2048; x_wconf 85' lang='lat' dir='ltr'><strong>ea</strong></span> <span class='ocrx_word' id='word_1_122' title='bbox 1632 2009 1738 2047; x_wconf 93' lang='lat' dir='ltr'><strong>non</strong></span> <span class='ocrx_word' id='word_1_123' title='bbox 1772 1997 1870 2047; x_wconf 87' lang='lat' dir='ltr'><strong>ha-</strong></span> 
     </span>
    </p>
   </div>
   <div class='ocr_carea' id='block_1_23' title="bbox 296 2084 1872 2157">
    <p class='ocr_par' dir='ltr' id='par_1_23' title="bbox 296 2084 1872 2157">
     <span class='ocr_line' id='line_1_23' title="bbox 296 2084 1872 2157; baseline 0.003 -21"><span class='ocrx_word' id='word_1_124' title='bbox 296 2085 457 2138; x_wconf 81' lang='lat' dir='ltr'><strong>beant</strong></span> <span class='ocrx_word' id='word_1_125' title='bbox 501 2101 622 2154; x_wconf 58' lang='lat' dir='ltr'><strong>quae</strong></span> <span class='ocrx_word' id='word_1_126' title='bbox 651 2086 716 2139; x_wconf 87' lang='lat' dir='ltr'><strong>ad</strong></span> <span class='ocrx_word' id='word_1_127' title='bbox 744 2084 1128 2153; x_wconf 83' lang='lat' dir='ltr'><strong>perfectionem</strong></span> <span class='ocrx_word' id='word_1_128' title='bbox 1160 2087 1458 2157; x_wconf 87' lang='lat' dir='ltr'><strong>pertinent.</strong></span> <span class='ocrx_word' id='word_1_129' title='bbox 1504 2085 1561 2140; x_wconf 91' lang='lat' dir='ltr'><strong>Si</strong></span> <span class='ocrx_word' id='word_1_130' title='bbox 1589 2086 1714 2156; x_wconf 89' lang='lat' dir='ltr'><strong>quis</strong></span> <span class='ocrx_word' id='word_1_131' title='bbox 1743 2101 1872 2156; x_wconf 83' lang='lat' dir='ltr'><strong>ergo</strong></span> 
     </span>
    </p>
   </div>
   <div class='ocr_carea' id='block_1_24' title="bbox 295 2176 1868 2248">
    <p class='ocr_par' dir='ltr' id='par_1_24' title="bbox 295 2176 1868 2248">
     <span class='ocr_line' id='line_1_24' title="bbox 295 2176 1868 2248; baseline 0.001 -17"><span class='ocrx_word' id='word_1_132' title='bbox 295 2177 401 2231; x_wconf 88' lang='lat' dir='ltr'><strong>hoc</strong></span> <span class='ocrx_word' id='word_1_133' title='bbox 424 2176 602 2231; x_wconf 83' lang='lat' dir='ltr'><strong>facere</strong></span> <span class='ocrx_word' id='word_1_134' title='bbox 660 2192 951 2248; x_wconf 81' lang='lat' dir='ltr'><strong>aggressus</strong></span> <span class='ocrx_word' id='word_1_135' title='bbox 1009 2176 1197 2246; x_wconf 88' lang='lat' dir='ltr'><strong>fuerit,</strong></span> <span class='ocrx_word' id='word_1_136' title='bbox 1262 2178 1618 2247; x_wconf 86' lang='lat' dir='ltr'><strong>prohibeatur</strong></span> <span class='ocrx_word' id='word_1_137' title='bbox 1652 2179 1721 2232; x_wconf 89' lang='lat' dir='ltr'><strong>ab</strong></span> <span class='ocrx_word' id='word_1_138' title='bbox 1746 2178 1868 2247; x_wconf 86' lang='lat' dir='ltr'><strong>ejus</strong></span> 
     </span>
    </p>
   </div>
   <div class='ocr_carea' id='block_1_25' title="bbox 295 2268 1871 2340">
    <p class='ocr_par' dir='ltr' id='par_1_25' title="bbox 295 2268 1871 2340">
     <span class='ocr_line' id='line_1_25' title="bbox 295 2268 1871 2340; baseline 0 -18"><span class='ocrx_word' id='word_1_139' title='bbox 295 2270 397 2323; x_wconf 84' lang='lat' dir='ltr'><strong>loci</strong></span> <span class='ocrx_word' id='word_1_140' title='bbox 431 2270 707 2340; x_wconf 82' lang='lat' dir='ltr'><strong>episcopo.</strong></span> <span class='ocrx_word' id='word_1_141' title='bbox 739 2270 795 2323; x_wconf 94' lang='lat' dir='ltr'><strong>Si</strong></span> <span class='ocrx_word' id='word_1_142' title='bbox 827 2270 950 2339; x_wconf 89' lang='lat' dir='ltr'><strong>quis</strong></span> <span class='ocrx_word' id='word_1_143' title='bbox 980 2279 1161 2324; x_wconf 87' lang='lat' dir='ltr'><strong>autem</strong></span> <span class='ocrx_word' id='word_1_144' title='bbox 1201 2285 1263 2324; x_wconf 92' lang='lat' dir='ltr'><strong>ea</strong></span> <span class='ocrx_word' id='word_1_145' title='bbox 1294 2270 1458 2323; x_wconf 89' lang='lat' dir='ltr'><strong>habet</strong></span> <span class='ocrx_word' id='word_1_146' title='bbox 1486 2284 1607 2340; x_wconf 73' lang='lat' dir='ltr'><strong>qua:</strong></span> <span class='ocrx_word' id='word_1_147' title='bbox 1645 2268 1712 2322; x_wconf 89' lang='lat' dir='ltr'><strong>ad</strong></span> <span class='ocrx_word' id='word_1_148' title='bbox 1745 2284 1871 2337; x_wconf 84' lang='lat' dir='ltr'><strong>per-</strong></span> 
     </span>
    </p>
   </div>
   <div class='ocr_carea' id='block_1_26' title="bbox 296 2362 1867 2433">
    <p class='ocr_par' dir='ltr' id='par_1_26' title="bbox 296 2362 1867 2433">
     <span class='ocr_line' id='line_1_26' title="bbox 296 2362 1867 2433; baseline 0.003 -21"><span class='ocrx_word' id='word_1_149' title='bbox 296 2362 581 2417; x_wconf 77' lang='lat' dir='ltr'><strong>fectionem</strong></span> <span class='ocrx_word' id='word_1_150' title='bbox 615 2362 911 2428; x_wconf 76' lang='lat' dir='ltr'><strong>sufﬁciunt,</strong></span> <span class='ocrx_word' id='word_1_151' title='bbox 943 2378 1065 2432; x_wconf 79' lang='lat' dir='ltr'><strong>quae</strong></span> <span class='ocrx_word' id='word_1_152' title='bbox 1110 2363 1178 2418; x_wconf 88' lang='lat' dir='ltr'><strong>ab</strong></span> <span class='ocrx_word' id='word_1_153' title='bbox 1214 2364 1333 2433; x_wconf 89' lang='lat' dir='ltr'><strong>ipso</strong></span> <span class='ocrx_word' id='word_1_154' title='bbox 1362 2363 1662 2417; x_wconf 85' lang='lat' dir='ltr'><strong>deliberata</strong></span> <span class='ocrx_word' id='word_1_155' title='bbox 1717 2371 1867 2425; x_wconf 87' lang='lat' dir='ltr'><strong>sunt,</strong></span> 
     </span>
    </p>
   </div>
   <div class='ocr_carea' id='block_1_27' title="bbox 294 2450 1867 2509">
    <p class='ocr_par' dir='ltr' id='par_1_27' title="bbox 294 2450 1867 2509">
     <span class='ocr_line' id='line_1_27' title="bbox 294 2450 1867 2509; baseline -0.001 -4"><span class='ocrx_word' id='word_1_156' title='bbox 294 2452 359 2505; x_wconf 82' lang='lat' dir='ltr'><strong>ad</strong></span> <span class='ocrx_word' id='word_1_157' title='bbox 390 2452 549 2506; x_wconf 86' lang='lat' dir='ltr'><strong>linem</strong></span> <span class='ocrx_word' id='word_1_158' title='bbox 585 2454 940 2508; x_wconf 74' lang='lat' dir='ltr'><strong>deducantur.</strong></span> <span class='ocrx_word' id='word_1_159' title='bbox 974 2452 1120 2509; x_wconf 89' lang='lat' dir='ltr'><strong>Idem</strong></span> <span class='ocrx_word' id='word_1_160' title='bbox 1155 2464 1337 2508; x_wconf 83' lang='lat' dir='ltr'><strong>autem</strong></span> <span class='ocrx_word' id='word_1_161' title='bbox 1369 2461 1616 2509; x_wconf 87' lang='lat' dir='ltr'><strong>servetur</strong></span> <span class='ocrx_word' id='word_1_162' title='bbox 1672 2451 1728 2506; x_wconf 91' lang='lat' dir='ltr'><strong>in</strong></span> <span class='ocrx_word' id='word_1_163' title='bbox 1766 2450 1867 2504; x_wconf 86' lang='lat' dir='ltr'><strong>lai-</strong></span> 
     </span>
    </p>
   </div>
   <div class='ocr_carea' id='block_1_28' title="bbox 293 2545 717 2600">
    <p class='ocr_par' dir='ltr' id='par_1_28' title="bbox 293 2545 717 2600">
     <span class='ocr_line' id='line_1_28' title="bbox 293 2545 717 2600; baseline -0.005 0"><span class='ocrx_word' id='word_1_164' title='bbox 293 2545 372 2600; x_wconf 91' lang='lat' dir='ltr'><strong>cis</strong></span> <span class='ocrx_word' id='word_1_165' title='bbox 398 2554 451 2599; x_wconf 87' lang='lat' dir='ltr'><strong>et</strong></span> <span class='ocrx_word' id='word_1_166' title='bbox 484 2545 717 2599; x_wconf 77' lang='lat' dir='ltr'><strong>clericis.</strong></span> 
     </span>
    </p>
   </div>
   <div class='ocr_carea' id='block_1_29' title="bbox 368 2634 1871 2709">
    <p class='ocr_par' dir='ltr' id='par_1_29' title="bbox 368 2634 1871 2709">
     <span class='ocr_line' id='line_1_29' title="bbox 368 2634 1871 2709; baseline -0.001 -19"><span class='ocrx_word' id='word_1_167' title='bbox 368 2636 582 2691; x_wconf 76' lang='lat' dir='ltr'><strong>Textus.</strong></span> <span class='ocrx_word' id='word_1_168' title='bbox 623 2636 680 2690; x_wconf 91' lang='lat' dir='ltr'><strong>ln</strong></span> <span class='ocrx_word' id='word_1_169' title='bbox 709 2652 828 2709; x_wconf 86' lang='lat' dir='ltr'><strong>cap.</strong></span> <span class='ocrx_word' id='word_1_170' title='bbox 858 2638 946 2703; x_wconf 77' lang='grc' dir='ltr'>Η,</span> <span class='ocrx_word' id='word_1_171' title='bbox 981 2637 1063 2692; x_wconf 84' lang='grc' dir='ltr'>ιῑι.</span> <span class='ocrx_word' id='word_1_172' title='bbox 1090 2637 1125 2692; x_wconf 81' lang='grc'>5</span> <span class='ocrx_word' id='word_1_173' title='bbox 1175 2637 1457 2707; x_wconf 76' lang='lat' dir='ltr'><strong>praesentis</strong></span> <span class='ocrx_word' id='word_1_174' title='bbox 1494 2634 1675 2706; x_wconf 89' lang='lat' dir='ltr'><strong>operis</strong></span> <span class='ocrx_word' id='word_1_175' title='bbox 1719 2644 1871 2689; x_wconf 87' lang='lat' dir='ltr'><strong>tran-</strong></span> 
     </span>
    </p>
   </div>
   <div class='ocr_carea' id='block_1_30' title="bbox 296 2725 1871 2799">
    <p class='ocr_par' dir='ltr' id='par_1_30' title="bbox 296 2725 1871 2799">
     <span class='ocr_line' id='line_1_30' title="bbox 296 2725 1871 2799; baseline -0.004 -14"><span class='ocrx_word' id='word_1_176' title='bbox 296 2732 515 2799; x_wconf 77' lang='lat' dir='ltr'><strong>scripsi,</strong></span> <span class='ocrx_word' id='word_1_177' title='bbox 568 2731 844 2799; x_wconf 88' lang='lat' dir='ltr'><strong>quomodo</strong></span> <span class='ocrx_word' id='word_1_178' title='bbox 898 2730 991 2784; x_wconf 86' lang='lat' dir='ltr'><strong>fiat</strong></span> <span class='ocrx_word' id='word_1_179' title='bbox 1032 2728 1287 2784; x_wconf 89' lang='lat' dir='ltr'><strong>ecclesia.</strong></span> <span class='ocrx_word' id='word_1_180' title='bbox 1345 2726 1487 2781; x_wconf 89' lang='lat' dir='ltr'><strong>Dicit</strong></span> <span class='ocrx_word' id='word_1_181' title='bbox 1536 2741 1666 2781; x_wconf 74' lang='lat' dir='ltr'><strong>vero</strong></span> <span class='ocrx_word' id='word_1_182' title='bbox 1705 2725 1871 2780; x_wconf 84' lang='lat' dir='ltr'><strong>etiam</strong></span> 
     </span>
    </p>
   </div>
   <div class='ocr_carea' id='block_1_31' title="bbox 295 2821 1867 2893">
    <p class='ocr_par' dir='ltr' id='par_1_31' title="bbox 295 2821 1867 2893">
     <span class='ocr_line' id='line_1_31' title="bbox 295 2821 1867 2893; baseline -0.003 -16"><span class='ocrx_word' id='word_1_183' title='bbox 295 2834 479 2879; x_wconf 85' lang='lat' dir='ltr'><strong>const.</strong></span> <span class='ocrx_word' id='word_1_184' title='bbox 511 2823 595 2887; x_wconf 84' lang='lat' dir='ltr'><strong>l5,</strong></span> <span class='ocrx_word' id='word_1_185' title='bbox 628 2824 710 2879; x_wconf 90' lang='lat' dir='ltr'><strong>tit.</strong></span> <span class='ocrx_word' id='word_1_186' title='bbox 742 2824 799 2889; x_wconf 74' lang='grc' dir='ltr'>Ξ,</span> <span class='ocrx_word' id='word_1_187' title='bbox 831 2823 926 2877; x_wconf 92' lang='lat' dir='ltr'><strong>lib.</strong></span> <span class='ocrx_word' id='word_1_188' title='bbox 956 2839 972 2877; x_wconf 89' lang='grc' dir='ltr'><strong>ι</strong></span> <span class='ocrx_word' id='word_1_189' title='bbox 1001 2823 1124 2878; x_wconf 91' lang='lat' dir='ltr'><strong>cod.</strong></span> <span class='ocrx_word' id='word_1_190' title='bbox 1155 2823 1299 2893; x_wconf 87' lang='lat' dir='ltr'><strong>quod</strong></span> <span class='ocrx_word' id='word_1_191' title='bbox 1331 2821 1377 2876; x_wconf 90' lang='lat' dir='ltr'><strong>si</strong></span> <span class='ocrx_word' id='word_1_192' title='bbox 1422 2823 1547 2891; x_wconf 91' lang='lat' dir='ltr'><strong>quis</strong></span> <span class='ocrx_word' id='word_1_193' title='bbox 1576 2836 1694 2874; x_wconf 88' lang='lat' dir='ltr'><strong>rem</strong></span> <span class='ocrx_word' id='word_1_194' title='bbox 1744 2834 1867 2875; x_wconf 81' lang='lat' dir='ltr'><strong>mo-</strong></span> 
     </span>
    </p>
   </div>
   <div class='ocr_carea' id='block_1_32' title="bbox 297 2916 1872 2985">
    <p class='ocr_par' dir='ltr' id='par_1_32' title="bbox 297 2916 1872 2985">
     <span class='ocr_line' id='line_1_32' title="bbox 297 2916 1872 2985; baseline -0.003 -16"><span class='ocrx_word' id='word_1_195' title='bbox 297 2916 483 2981; x_wconf 83' lang='lat' dir='ltr'><strong>bilem,</strong></span> <span class='ocrx_word' id='word_1_196' title='bbox 533 2916 893 2981; x_wconf 89' lang='lat' dir='ltr'><strong>immobilem,</strong></span> <span class='ocrx_word' id='word_1_197' title='bbox 940 2928 1036 2971; x_wconf 88' lang='lat' dir='ltr'><strong>aut</strong></span> <span class='ocrx_word' id='word_1_198' title='bbox 1087 2916 1323 2985; x_wconf 87' lang='lat' dir='ltr'><strong>seipsam</strong></span> <span class='ocrx_word' id='word_1_199' title='bbox 1378 2921 1708 2979; x_wconf 78' lang='lat' dir='ltr'><strong>moventem,</strong></span> <span class='ocrx_word' id='word_1_200' title='bbox 1744 2927 1872 2981; x_wconf 85' lang='lat' dir='ltr'><strong>per-</strong></span> 
     </span>
    </p>
   </div>
   <div class='ocr_carea' id='block_1_33' title="bbox 296 3001 1871 3077">
    <p class='ocr_par' dir='ltr' id='par_1_33' title="bbox 296 3001 1871 3077">
     <span class='ocr_line' id='line_1_33' title="bbox 296 3001 1871 3077; baseline -0.003 -17"><span class='ocrx_word' id='word_1_201' title='bbox 296 3020 447 3060; x_wconf 72' lang='lat' dir='ltr'><strong>soua:</strong></span> <span class='ocrx_word' id='word_1_202' title='bbox 509 3003 865 3077; x_wconf 87' lang='lat' dir='ltr'><strong>[cujuspiam]</strong></span> <span class='ocrx_word' id='word_1_203' title='bbox 928 3004 1207 3073; x_wconf 90' lang='lat' dir='ltr'><strong>martyris,</strong></span> <span class='ocrx_word' id='word_1_204' title='bbox 1269 3010 1366 3057; x_wconf 87' lang='lat' dir='ltr'><strong>aut</strong></span> <span class='ocrx_word' id='word_1_205' title='bbox 1424 3001 1724 3071; x_wconf 65' lang='lat' dir='ltr'><strong>prophetae,</strong></span> <span class='ocrx_word' id='word_1_206' title='bbox 1775 3009 1871 3055; x_wconf 91' lang='lat' dir='ltr'><strong>aut</strong></span> 
     </span>
    </p>
   </div>
   <div class='ocr_carea' id='block_1_34' title="bbox 1972 534 3546 606">
    <p class='ocr_par' dir='ltr' id='par_1_34' title="bbox 1972 534 3546 606">
     <span class='ocr_line' id='line_1_34' title="bbox 1972 534 3546 606; baseline -0.001 -15"><span class='ocrx_word' id='word_1_207' title='bbox 1972 534 2199 600; x_wconf 85' lang='grc' dir='ltr'>νουσῶν,</span> <span class='ocrx_word' id='word_1_208' title='bbox 2236 536 2333 589; x_wconf 80' lang='grc' dir='ltr'><strong>καὶ</strong></span> <span class='ocrx_word' id='word_1_209' title='bbox 2379 535 2564 605; x_wconf 78' lang='grc' dir='ltr'><strong>ἕτεραι</strong></span> <span class='ocrx_word' id='word_1_210' title='bbox 2591 537 2858 605; x_wconf 73' lang='grc' dir='ltr'><strong>ἁμαρτίαι</strong></span> <span class='ocrx_word' id='word_1_211' title='bbox 2911 538 3249 606; x_wconf 83' lang='grc' dir='ltr'>παρέπονται</span> <span class='ocrx_word' id='word_1_212' title='bbox 3271 538 3498 601; x_wconf 77' lang='grc' dir='ltr'><strong>ταύταις</strong></span> <span class='ocrx_word' id='word_1_213' title='bbox 3530 554 3546 570; x_wconf 77' lang='grc' dir='ltr'><strong>ο</strong></span> 
     </span>
    </p>
   </div>
   <div class='ocr_carea' id='block_1_35' title="bbox 1969 626 3551 701">
    <p class='ocr_par' dir='ltr' id='par_1_35' title="bbox 1969 626 3551 701">
     <span class='ocr_line' id='line_1_35' title="bbox 1969 626 3551 701; baseline 0.001 -19"><span class='ocrx_word' id='word_1_214' title='bbox 1969 633 2038 701; x_wconf 82' lang='grc' dir='ltr'>τῇ</span> <span class='ocrx_word' id='word_1_215' title='bbox 2078 626 2171 684; x_wconf 86' lang='grc' dir='ltr'><strong>οῦν</strong></span> <span class='ocrx_word' id='word_1_216' title='bbox 2194 629 2379 683; x_wconf 82' lang='grc' dir='ltr'>ἀσεϐεῖ</span> <span class='ocrx_word' id='word_1_217' title='bbox 2407 628 2614 700; x_wconf 80' lang='grc' dir='ltr'><strong>αἱρέσει</strong></span> <span class='ocrx_word' id='word_1_218' title='bbox 2636 628 2745 681; x_wconf 86' lang='grc' dir='ltr'>τῶν</span> <span class='ocrx_word' id='word_1_219' title='bbox 2776 629 3419 699; x_wconf 84' lang='grc' dir='ltr'>Χριστιανοκατηγόρων,</span> <span class='ocrx_word' id='word_1_220' title='bbox 3455 633 3551 685; x_wconf 75' lang='grc' dir='ltr'>καὶ</span> 
     </span>
    </p>
   </div>
   <div class='ocr_carea' id='block_1_36' title="bbox 1971 718 3549 791">
    <p class='ocr_par' dir='ltr' id='par_1_36' title="bbox 1971 718 3549 791">
     <span class='ocr_line' id='line_1_36' title="bbox 1971 718 3549 791; baseline -0.002 -15"><span class='ocrx_word' id='word_1_221' title='bbox 1971 721 2107 776; x_wconf 88' lang='grc' dir='ltr'>ἄλλα</span> <span class='ocrx_word' id='word_1_222' title='bbox 2134 720 2458 791; x_wconf 87' lang='grc' dir='ltr'>ἀσεϐήματα</span> <span class='ocrx_word' id='word_1_223' title='bbox 2490 718 2897 789; x_wconf 77' lang='grc' dir='ltr'><strong>συνηκολούθει.</strong></span> <span class='ocrx_word' id='word_1_224' title='bbox 2924 720 3141 790; x_wconf 75' lang='grc' dir='ltr'>Ὠσπερ</span> <span class='ocrx_word' id='word_1_225' title='bbox 3173 724 3280 790; x_wconf 78' lang='grc' dir='ltr'>γὰρ</span> <span class='ocrx_word' id='word_1_226' title='bbox 3309 721 3408 791; x_wconf 80' lang='grc' dir='ltr'>τὴν</span> <span class='ocrx_word' id='word_1_227' title='bbox 3440 722 3549 777; x_wconf 83' lang='grc' dir='ltr'>τῶν</span> 
     </span>
    </p>
   </div>
   <div class='ocr_carea' id='block_1_37' title="bbox 1974 811 3547 883">
    <p class='ocr_par' dir='ltr' id='par_1_37' title="bbox 1974 811 3547 883">
     <span class='ocr_line' id='line_1_37' title="bbox 1974 811 3547 883; baseline -0.001 -16"><span class='ocrx_word' id='word_1_228' title='bbox 1974 813 2187 867; x_wconf 86' lang='grc' dir='ltr'>σεπτῶν</span> <span class='ocrx_word' id='word_1_229' title='bbox 2215 814 2438 867; x_wconf 84' lang='grc' dir='ltr'><strong>εἰκόνων</strong></span> <span class='ocrx_word' id='word_1_230' title='bbox 2490 811 2613 880; x_wconf 70' lang='grc' dir='ltr'>ὄψιν</span> <span class='ocrx_word' id='word_1_231' title='bbox 2660 812 2946 881; x_wconf 81' lang='grc' dir='ltr'>ἀφείλοντο</span> <span class='ocrx_word' id='word_1_232' title='bbox 2976 814 3040 865; x_wconf 85' lang='grc' dir='ltr'><strong>ἐκ</strong></span> <span class='ocrx_word' id='word_1_233' title='bbox 3087 816 3185 883; x_wconf 83' lang='grc' dir='ltr'>τῆς</span> <span class='ocrx_word' id='word_1_234' title='bbox 3228 814 3547 882; x_wconf 79' lang='grc' dir='ltr'>ἐκκλησῖας,</span> 
     </span>
    </p>
   </div>
   <div class='ocr_carea' id='block_1_38' title="bbox 1973 902 3550 977">
    <p class='ocr_par' dir='ltr' id='par_1_38' title="bbox 1973 902 3550 977">
     <span class='ocr_line' id='line_1_38' title="bbox 1973 902 3550 977; baseline 0 -19"><span class='ocrx_word' id='word_1_235' title='bbox 1973 906 2067 959; x_wconf 76' lang='grc' dir='ltr'><strong>καὶ</strong></span> <span class='ocrx_word' id='word_1_236' title='bbox 2091 905 2256 977; x_wconf 70' lang='grc' dir='ltr'>ἕτερά</span> <span class='ocrx_word' id='word_1_237' title='bbox 2286 921 2407 957; x_wconf 86' lang='grc' dir='ltr'>τινα</span> <span class='ocrx_word' id='word_1_238' title='bbox 2446 902 2541 974; x_wconf 75' lang='grc' dir='ltr'>ἔθη</span> <span class='ocrx_word' id='word_1_239' title='bbox 2573 903 2691 957; x_wconf 76' lang='grc' dir='ltr'>ἀντὶ</span> <span class='ocrx_word' id='word_1_240' title='bbox 2722 903 2817 955; x_wconf 84' lang='grc' dir='ltr'><strong>τοῦ</strong></span> <span class='ocrx_word' id='word_1_241' title='bbox 2846 904 3255 974; x_wconf 82' lang='grc' dir='ltr'>ἀπεδοκίμασαν</span> <span class='ocrx_word' id='word_1_242' title='bbox 3303 908 3550 976; x_wconf 80' lang='grc' dir='ltr'>παραλε-</span> 
     </span>
    </p>
   </div>
   <div class='ocr_carea' id='block_1_39' title="bbox 1971 994 3550 1067">
    <p class='ocr_par' dir='ltr' id='par_1_39' title="bbox 1971 994 3550 1067">
     <span class='ocr_line' id='line_1_39' title="bbox 1971 994 3550 1067; baseline 0.001 -18"><span class='ocrx_word' id='word_1_243' title='bbox 1971 996 2240 1061; x_wconf 88' lang='grc' dir='ltr'>λοίπασιν,</span> <span class='ocrx_word' id='word_1_244' title='bbox 2275 994 2311 1050; x_wconf 78' lang='grc' dir='ltr'><strong>ἀ</strong></span> <span class='ocrx_word' id='word_1_245' title='bbox 2333 995 2437 1066; x_wconf 83' lang='grc' dir='ltr'><strong>χρὴ</strong></span> <span class='ocrx_word' id='word_1_246' title='bbox 2458 995 2850 1064; x_wconf 77' lang='grc' dir='ltr'>ἀνανεωθῆναι,</span> <span class='ocrx_word' id='word_1_247' title='bbox 2871 998 2961 1048; x_wconf 73' lang='grc' dir='ltr'><strong>καὶ</strong></span> <span class='ocrx_word' id='word_1_248' title='bbox 2985 997 3126 1049; x_wconf 83' lang='grc' dir='ltr'><strong>κατά</strong></span> <span class='ocrx_word' id='word_1_249' title='bbox 3149 997 3245 1067; x_wconf 80' lang='grc' dir='ltr'>τὴν</span> <span class='ocrx_word' id='word_1_250' title='bbox 3271 998 3550 1066; x_wconf 74' lang='grc' dir='ltr'>ἔγγραφον</span> 
     </span>
    </p>
   </div>
   <div class='ocr_carea' id='block_1_40' title="bbox 1973 1087 3549 1159">
    <p class='ocr_par' dir='ltr' id='par_1_40' title="bbox 1973 1087 3549 1159">
     <span class='ocr_line' id='line_1_40' title="bbox 1973 1087 3549 1159; baseline 0.001 -16"><span class='ocrx_word' id='word_1_251' title='bbox 1973 1089 2068 1143; x_wconf 74' lang='grc' dir='ltr'><strong>καὶ</strong></span> <span class='ocrx_word' id='word_1_252' title='bbox 2099 1090 2344 1159; x_wconf 77' lang='grc' dir='ltr'>ἄγραφον</span> <span class='ocrx_word' id='word_1_253' title='bbox 2376 1088 2735 1157; x_wconf 83' lang='grc' dir='ltr'>θεσμοθεσίαν</span> <span class='ocrx_word' id='word_1_254' title='bbox 2764 1087 2935 1150; x_wconf 77' lang='grc' dir='ltr'>οὕτως</span> <span class='ocrx_word' id='word_1_255' title='bbox 2985 1092 3207 1159; x_wconf 80' lang='grc' dir='ltr'>κρατεῖν</span> <span class='ocrx_word' id='word_1_256' title='bbox 3232 1105 3247 1119; x_wconf 89' lang='grc'><strong>·</strong></span> <span class='ocrx_word' id='word_1_257' title='bbox 3291 1091 3409 1144; x_wconf 84' lang='grc' dir='ltr'>ὅσοι</span> <span class='ocrx_word' id='word_1_258' title='bbox 3454 1090 3549 1145; x_wconf 78' lang='grc' dir='ltr'><strong>οὖν</strong></span> 
     </span>
    </p>
   </div>
   <div class='ocr_carea' id='block_1_41' title="bbox 1975 1177 3551 1249">
    <p class='ocr_par' dir='ltr' id='par_1_41' title="bbox 1975 1177 3551 1249">
     <span class='ocr_line' id='line_1_41' title="bbox 1975 1177 3551 1249; baseline 0.002 -17"><span class='ocrx_word' id='word_1_259' title='bbox 1975 1181 2160 1232; x_wconf 73' lang='grc' dir='ltr'>σεπτοὶ</span> <span class='ocrx_word' id='word_1_260' title='bbox 2211 1180 2329 1232; x_wconf 76' lang='grc' dir='ltr'>ναοὶ</span> <span class='ocrx_word' id='word_1_261' title='bbox 2388 1177 2821 1249; x_wconf 85' lang='grc' dir='ltr'>καθιερώθησαν,</span> <span class='ocrx_word' id='word_1_262' title='bbox 2861 1180 3016 1242; x_wconf 79' lang='grc' dir='ltr'>ἐκτὸς</span> <span class='ocrx_word' id='word_1_263' title='bbox 3075 1180 3245 1247; x_wconf 84' lang='grc' dir='ltr'>ἁγίων</span> <span class='ocrx_word' id='word_1_264' title='bbox 3277 1181 3551 1249; x_wconf 75' lang='grc' dir='ltr'>λειψάνων</span> 
     </span>
    </p>
   </div>
   <div class='ocr_carea' id='block_1_42' title="bbox 1977 1269 3550 1342">
    <p class='ocr_par' dir='ltr' id='par_1_42' title="bbox 1977 1269 3550 1342">
     <span class='ocr_line' id='line_1_42' title="bbox 1977 1269 3550 1342; baseline 0.001 -19"><span class='ocrx_word' id='word_1_265' title='bbox 1977 1270 2292 1342; x_wconf 86' lang='grc' dir='ltr'>μαρτύρων,</span> <span class='ocrx_word' id='word_1_266' title='bbox 2334 1269 2666 1340; x_wconf 77' lang='grc' dir='ltr'>ὁρίζομενὲν</span> <span class='ocrx_word' id='word_1_267' title='bbox 2700 1273 2885 1334; x_wconf 83' lang='grc' dir='ltr'>αὐτοῖς</span> <span class='ocrx_word' id='word_1_268' title='bbox 2943 1271 3238 1324; x_wconf 81' lang='grc' dir='ltr'>κατάθεσιν</span> <span class='ocrx_word' id='word_1_269' title='bbox 3290 1271 3550 1339; x_wconf 84' lang='grc' dir='ltr'>γενέσθαι</span> 
     </span>
    </p>
   </div>
   <div class='ocr_carea' id='block_1_43' title="bbox 1972 1361 3550 1432">
    <p class='ocr_par' dir='ltr' id='par_1_43' title="bbox 1972 1361 3550 1432">
     <span class='ocr_line' id='line_1_43' title="bbox 1972 1361 3550 1432; baseline 0.001 -17"><span class='ocrx_word' id='word_1_270' title='bbox 1972 1362 2265 1431; x_wconf 78' lang='grc' dir='ltr'>λειψάνων,</span> <span class='ocrx_word' id='word_1_271' title='bbox 2333 1361 2471 1432; x_wconf 84' lang='grc' dir='ltr'><strong>μετά</strong></span> <span class='ocrx_word' id='word_1_272' title='bbox 2533 1361 2629 1431; x_wconf 83' lang='grc' dir='ltr'>τῆς</span> <span class='ocrx_word' id='word_1_273' title='bbox 2674 1362 2938 1431; x_wconf 82' lang='grc' dir='ltr'>συνήθους</span> <span class='ocrx_word' id='word_1_274' title='bbox 2983 1363 3168 1432; x_wconf 80' lang='grc' dir='ltr'><strong>εὐχῆς.</strong></span> <span class='ocrx_word' id='word_1_275' title='bbox 3208 1364 3268 1415; x_wconf 88' lang='lat'><strong>&#39;0</strong></span> <span class='ocrx_word' id='word_1_276' title='bbox 3314 1362 3371 1415; x_wconf 85' lang='grc' dir='ltr'>δὲ</span> <span class='ocrx_word' id='word_1_277' title='bbox 3421 1365 3550 1418; x_wconf 83' lang='grc' dir='ltr'>ἄνευ</span> 
     </span>
    </p>
   </div>
   <div class='ocr_carea' id='block_1_44' title="bbox 1974 1452 3553 1530">
    <p class='ocr_par' dir='ltr' id='par_1_44' title="bbox 1974 1452 3553 1530">
     <span class='ocr_line' id='line_1_44' title="bbox 1974 1452 3553 1530; baseline 0 -22"><span class='ocrx_word' id='word_1_278' title='bbox 1974 1454 2146 1530; x_wconf 83' lang='grc' dir='ltr'>ἁγίων</span> <span class='ocrx_word' id='word_1_279' title='bbox 2183 1452 2450 1522; x_wconf 70' lang='grc' dir='ltr'>λειψάνων</span> <span class='ocrx_word' id='word_1_280' title='bbox 2510 1452 2783 1524; x_wconf 86' lang='grc' dir='ltr'>καθιερῶν</span> <span class='ocrx_word' id='word_1_281' title='bbox 2839 1453 2988 1519; x_wconf 80' lang='grc' dir='ltr'>ναὸν,</span> <span class='ocrx_word' id='word_1_282' title='bbox 3054 1453 3445 1525; x_wconf 78' lang='grc' dir='ltr'>καθαιρείσθω,</span> <span class='ocrx_word' id='word_1_283' title='bbox 3474 1456 3553 1519; x_wconf 84' lang='grc' dir='ltr'>ὠς</span> 
     </span>
    </p>
   </div>
   <div class='ocr_carea' id='block_1_45' title="bbox 1974 1542 3369 1616">
    <p class='ocr_par' dir='ltr' id='par_1_45' title="bbox 1974 1542 3369 1616">
     <span class='ocr_line' id='line_1_45' title="bbox 1974 1542 3369 1616; baseline 0.001 -20"><span class='ocrx_word' id='word_1_284' title='bbox 1974 1542 2371 1615; x_wconf 86' lang='grc' dir='ltr'>παραϐεϐηκὼς</span> <span class='ocrx_word' id='word_1_285' title='bbox 2394 1544 2493 1607; x_wconf 77' lang='grc' dir='ltr'>τὰς</span> <span class='ocrx_word' id='word_1_286' title='bbox 2520 1544 2980 1612; x_wconf 77' lang='grc' dir='ltr'>ὲκκλησιαστικὰς</span> <span class='ocrx_word' id='word_1_287' title='bbox 3019 1545 3369 1616; x_wconf 83' lang='grc' dir='ltr'>παραδόσεις.</span> 
     </span>
    </p>
   </div>
   <div class='ocr_carea' id='block_1_46' title="bbox 2047 1632 3554 1705">
    <p class='ocr_par' dir='ltr' id='par_1_46' title="bbox 2047 1632 3554 1705">
     <span class='ocr_line' id='line_1_46' title="bbox 2047 1632 3554 1705; baseline 0 -17"><span class='ocrx_word' id='word_1_288' title='bbox 2047 1637 2174 1688; x_wconf 78' lang='grc' dir='ltr'>Ὀτι</span> <span class='ocrx_word' id='word_1_289' title='bbox 2190 1633 2277 1703; x_wconf 80' lang='grc' dir='ltr'>μὴ</span> <span class='ocrx_word' id='word_1_290' title='bbox 2300 1635 2457 1702; x_wconf 78' lang='grc' dir='ltr'><strong>ἔχων</strong></span> <span class='ocrx_word' id='word_1_291' title='bbox 2484 1650 2574 1698; x_wconf 85' lang='grc' dir='ltr'><strong>τις</strong></span> <span class='ocrx_word' id='word_1_292' title='bbox 2597 1632 2668 1685; x_wconf 86' lang='grc' dir='ltr'>τὰ</span> <span class='ocrx_word' id='word_1_293' title='bbox 2692 1632 2841 1701; x_wconf 84' lang='grc' dir='ltr'>πρὸς</span> <span class='ocrx_word' id='word_1_294' title='bbox 2878 1634 3278 1705; x_wconf 70' lang='grc' dir='ltr'>ἀπαρτισμὸν,</span> <span class='ocrx_word' id='word_1_295' title='bbox 3307 1634 3397 1704; x_wconf 79' lang='grc' dir='ltr'>μὴ</span> <span class='ocrx_word' id='word_1_296' title='bbox 3426 1635 3554 1688; x_wconf 63' lang='lat' dir='ltr'><strong>ext-</strong></span> 
     </span>
    </p>
   </div>
   <div class='ocr_carea' id='block_1_47' title="bbox 1974 1723 2995 1796">
    <p class='ocr_par' dir='ltr' id='par_1_47' title="bbox 1974 1723 2995 1796">
     <span class='ocr_line' id='line_1_47' title="bbox 1974 1723 2995 1796; baseline 0 -16"><span class='ocrx_word' id='word_1_297' title='bbox 1974 1726 2196 1796; x_wconf 82' lang='grc' dir='ltr'>κειροίη</span> <span class='ocrx_word' id='word_1_298' title='bbox 2231 1723 2444 1785; x_wconf 80' lang='grc' dir='ltr'>κτίζειν</span> <span class='ocrx_word' id='word_1_299' title='bbox 2463 1724 2778 1791; x_wconf 80' lang='grc' dir='ltr'>εὐκτήριον</span> <span class='ocrx_word' id='word_1_300' title='bbox 2808 1725 2995 1780; x_wconf 78' lang='grc' dir='ltr'>οἷκον.</span> 
     </span>
    </p>
   </div>
   <div class='ocr_carea' id='block_1_48' title="bbox 2049 1814 3552 1885">
    <p class='ocr_par' dir='ltr' id='par_1_48' title="bbox 2049 1814 3552 1885">
     <span class='ocr_line' id='line_1_48' title="bbox 2049 1814 3552 1885; baseline -0.001 -14"><span class='ocrx_word' id='word_1_301' title='bbox 2049 1819 2135 1881; x_wconf 80' lang='grc' dir='ltr'>ιζ’.</span> <span class='ocrx_word' id='word_1_302' title='bbox 2194 1817 2316 1870; x_wconf 75' lang='grc' dir='ltr'>Ὀτι</span> <span class='ocrx_word' id='word_1_303' title='bbox 2370 1816 2512 1879; x_wconf 83' lang='grc' dir='ltr'>τινὲς</span> <span class='ocrx_word' id='word_1_304' title='bbox 2552 1814 2661 1868; x_wconf 82' lang='grc' dir='ltr'>τῶν</span> <span class='ocrx_word' id='word_1_305' title='bbox 2712 1816 2963 1885; x_wconf 85' lang='grc' dir='ltr'>μοναχῶν</span> <span class='ocrx_word' id='word_1_306' title='bbox 3029 1816 3423 1880; x_wconf 82' lang='grc' dir='ltr'>καταλιπόντες</span> <span class='ocrx_word' id='word_1_307' title='bbox 3481 1816 3552 1869; x_wconf 70' lang='grc' dir='ltr'>τὰ</span> 
     </span>
    </p>
   </div>
   <div class='ocr_carea' id='block_1_49' title="bbox 1976 1907 3551 1979">
    <p class='ocr_par' dir='ltr' id='par_1_49' title="bbox 1976 1907 3551 1979">
     <span class='ocr_line' id='line_1_49' title="bbox 1976 1907 3551 1979; baseline -0.004 -14"><span class='ocrx_word' id='word_1_308' title='bbox 1976 1908 2184 1965; x_wconf 81' lang='grc' dir='ltr'>ἑαυτῶν</span> <span class='ocrx_word' id='word_1_309' title='bbox 2222 1910 2581 1979; x_wconf 85' lang='grc' dir='ltr'>μοναστήρια,</span> <span class='ocrx_word' id='word_1_310' title='bbox 2624 1907 2700 1969; x_wconf 88' lang='grc' dir='ltr'>ὼς</span> <span class='ocrx_word' id='word_1_311' title='bbox 2729 1907 3004 1976; x_wconf 80' lang='grc' dir='ltr'>ἐφιέμενοι</span> <span class='ocrx_word' id='word_1_312' title='bbox 3030 1910 3219 1978; x_wconf 85' lang='grc' dir='ltr'>ἄρχειν</span> <span class='ocrx_word' id='word_1_313' title='bbox 3244 1910 3340 1961; x_wconf 69' lang='grc' dir='ltr'><strong>καὶ</strong></span> <span class='ocrx_word' id='word_1_314' title='bbox 3364 1909 3424 1961; x_wconf 78' lang='grc' dir='ltr'><strong>τὸ</strong></span> <span class='ocrx_word' id='word_1_315' title='bbox 3446 1908 3551 1961; x_wconf 59' lang='grc' dir='ltr'>ὑπ»</span> 
     </span>
    </p>
   </div>
   <div class='ocr_carea' id='block_1_50' title="bbox 1974 2000 3550 2070">
    <p class='ocr_par' dir='ltr' id='par_1_50' title="bbox 1974 2000 3550 2070">
     <span class='ocr_line' id='line_1_50' title="bbox 1974 2000 3550 2070; baseline -0.003 -15"><span class='ocrx_word' id='word_1_316' title='bbox 1974 2001 2194 2055; x_wconf 89' lang='grc' dir='ltr'>ακούειν</span> <span class='ocrx_word' id='word_1_317' title='bbox 2241 2000 2690 2070; x_wconf 83' lang='grc' dir='ltr'>ἀπαναινόμενοι,</span> <span class='ocrx_word' id='word_1_318' title='bbox 2722 2000 3035 2070; x_wconf 81' lang='grc' dir='ltr'>ἐγχειροῦσι</span> <span class='ocrx_word' id='word_1_319' title='bbox 3096 2001 3303 2061; x_wconf 74' lang='grc' dir='ltr'>κτίζειν</span> <span class='ocrx_word' id='word_1_320' title='bbox 3351 2000 3550 2068; x_wconf 81' lang='grc' dir='ltr'>εὑκτη·</span> 
     </span>
    </p>
   </div>
   <div class='ocr_carea' id='block_1_51' title="bbox 1974 2090 3551 2166">
    <p class='ocr_par' dir='ltr' id='par_1_51' title="bbox 1974 2090 3551 2166">
     <span class='ocr_line' id='line_1_51' title="bbox 1974 2090 3551 2166; baseline 0.004 -22"><span class='ocrx_word' id='word_1_321' title='bbox 1974 2094 2124 2163; x_wconf 86' lang='grc' dir='ltr'>ρίους</span> <span class='ocrx_word' id='word_1_322' title='bbox 2149 2092 2351 2156; x_wconf 75' lang='grc' dir='ltr'>οἴκους,</span> <span class='ocrx_word' id='word_1_323' title='bbox 2376 2095 2442 2147; x_wconf 82' lang='grc' dir='ltr'>τὰ</span> <span class='ocrx_word' id='word_1_324' title='bbox 2481 2095 2617 2166; x_wconf 81' lang='grc' dir='ltr'>πρὸς</span> <span class='ocrx_word' id='word_1_325' title='bbox 2637 2093 2981 2166; x_wconf 83' lang='grc' dir='ltr'>ἀπαρτισμὸν</span> <span class='ocrx_word' id='word_1_326' title='bbox 3016 2092 3089 2162; x_wconf 86' lang='grc' dir='ltr'>μὴ</span> <span class='ocrx_word' id='word_1_327' title='bbox 3114 2090 3350 2161; x_wconf 69' lang='grc' dir='ltr'>ἔχοντες.</span> <span class='ocrx_word' id='word_1_328' title='bbox 3378 2090 3445 2142; x_wconf 68' lang='grc' dir='ltr'><strong>Εἴ</strong></span> <span class='ocrx_word' id='word_1_329' title='bbox 3467 2105 3551 2151; x_wconf 80' lang='grc' dir='ltr'>τις</span> 
     </span>
    </p>
   </div>
   <div class='ocr_carea' id='block_1_52' title="bbox 1972 2181 3552 2257">
    <p class='ocr_par' dir='ltr' id='par_1_52' title="bbox 1972 2181 3552 2257">
     <span class='ocr_line' id='line_1_52' title="bbox 1972 2181 3552 2257; baseline -0.002 -20"><span class='ocrx_word' id='word_1_330' title='bbox 1972 2183 2238 2238; x_wconf 75' lang='grc' dir='ltr'>οὖντοῦτο</span> <span class='ocrx_word' id='word_1_331' title='bbox 2260 2186 2603 2257; x_wconf 81' lang='grc' dir='ltr'>ἐπιχειρήσοι</span> <span class='ocrx_word' id='word_1_332' title='bbox 2629 2189 2827 2249; x_wconf 86' lang='grc' dir='ltr'>ποιεῖν,</span> <span class='ocrx_word' id='word_1_333' title='bbox 2849 2184 3143 2239; x_wconf 81' lang='grc' dir='ltr'>κωλυέσθω</span> <span class='ocrx_word' id='word_1_334' title='bbox 3167 2182 3271 2235; x_wconf 70' lang='grc' dir='ltr'><strong>ὑπὸ</strong></span> <span class='ocrx_word' id='word_1_335' title='bbox 3294 2181 3389 2235; x_wconf 89' lang='grc' dir='ltr'><strong>τοῦ</strong></span> <span class='ocrx_word' id='word_1_336' title='bbox 3413 2181 3552 2235; x_wconf 82' lang='grc' dir='ltr'><strong>κατά</strong></span> 
     </span>
    </p>
   </div>
   <div class='ocr_carea' id='block_1_53' title="bbox 1972 2274 3553 2345">
    <p class='ocr_par' dir='ltr' id='par_1_53' title="bbox 1972 2274 3553 2345">
     <span class='ocr_line' id='line_1_53' title="bbox 1972 2274 3553 2345; baseline -0.001 -17"><span class='ocrx_word' id='word_1_337' title='bbox 1972 2276 2063 2328; x_wconf 81' lang='grc' dir='ltr'><strong>τὸν</strong></span> <span class='ocrx_word' id='word_1_338' title='bbox 2091 2278 2255 2329; x_wconf 87' lang='grc' dir='ltr'>τόπον</span> <span class='ocrx_word' id='word_1_339' title='bbox 2307 2278 2606 2330; x_wconf 74' lang='grc' dir='ltr'>ἐπισκόπου</span> <span class='ocrx_word' id='word_1_340' title='bbox 2640 2294 2656 2308; x_wconf 77' lang='grc' dir='ltr'><strong><em>ο</em></strong></span> <span class='ocrx_word' id='word_1_341' title='bbox 2686 2278 2733 2330; x_wconf 85' lang='grc' dir='ltr'><strong>εί</strong></span> <span class='ocrx_word' id='word_1_342' title='bbox 2789 2276 2847 2329; x_wconf 79' lang='grc' dir='ltr'>δὲ</span> <span class='ocrx_word' id='word_1_343' title='bbox 2896 2276 2964 2329; x_wconf 84' lang='grc' dir='ltr'><strong>τὰ</strong></span> <span class='ocrx_word' id='word_1_344' title='bbox 3008 2276 3147 2345; x_wconf 80' lang='grc' dir='ltr'>πρὸς</span> <span class='ocrx_word' id='word_1_345' title='bbox 3204 2274 3553 2343; x_wconf 67' lang='grc' dir='ltr'>ἀπαρτισμὸν</span> 
     </span>
    </p>
   </div>
   <div class='ocr_carea' id='block_1_54' title="bbox 1973 2365 3546 2437">
    <p class='ocr_par' dir='ltr' id='par_1_54' title="bbox 1973 2365 3546 2437">
     <span class='ocr_line' id='line_1_54' title="bbox 1973 2365 3546 2437; baseline 0 -18"><span class='ocrx_word' id='word_1_346' title='bbox 1973 2367 2107 2437; x_wconf 80' lang='grc' dir='ltr'>ἔχοι,</span> <span class='ocrx_word' id='word_1_347' title='bbox 2138 2367 2207 2420; x_wconf 82' lang='grc' dir='ltr'>τὰ</span> <span class='ocrx_word' id='word_1_348' title='bbox 2239 2366 2636 2437; x_wconf 84' lang='grc' dir='ltr'>βεϐουλευμένα</span> <span class='ocrx_word' id='word_1_349' title='bbox 2675 2368 2824 2437; x_wconf 79' lang='grc' dir='ltr'>αὐτῷ</span> <span class='ocrx_word' id='word_1_350' title='bbox 2864 2369 2942 2430; x_wconf 87' lang='grc' dir='ltr'><strong>είς</strong></span> <span class='ocrx_word' id='word_1_351' title='bbox 2992 2366 3169 2435; x_wconf 83' lang='grc' dir='ltr'>πέρας</span> <span class='ocrx_word' id='word_1_352' title='bbox 3206 2365 3546 2434; x_wconf 84' lang='grc' dir='ltr'>ἀγέσθωσαν.</span> 
     </span>
    </p>
   </div>
   <div class='ocr_carea' id='block_1_55' title="bbox 1972 2457 3551 2529">
    <p class='ocr_par' dir='ltr' id='par_1_55' title="bbox 1972 2457 3551 2529">
     <span class='ocr_line' id='line_1_55' title="bbox 1972 2457 3551 2529; baseline -0.003 -16"><span class='ocrx_word' id='word_1_353' title='bbox 1972 2460 2047 2513; x_wconf 83' lang='grc' dir='ltr'><strong>Τὸ</strong></span> <span class='ocrx_word' id='word_1_354' title='bbox 2077 2459 2210 2513; x_wconf 78' lang='grc' dir='ltr'>αὐτὸ</span> <span class='ocrx_word' id='word_1_355' title='bbox 2253 2460 2309 2515; x_wconf 86' lang='grc' dir='ltr'><strong>δὲ</strong></span> <span class='ocrx_word' id='word_1_356' title='bbox 2367 2460 2721 2529; x_wconf 85' lang='grc' dir='ltr'>φυλαττέσθω</span> <span class='ocrx_word' id='word_1_357' title='bbox 2771 2462 2864 2513; x_wconf 76' lang='grc' dir='ltr'><strong>καὶ</strong></span> <span class='ocrx_word' id='word_1_358' title='bbox 2916 2461 3010 2513; x_wconf 71' lang='grc' dir='ltr'><strong>ἐπὶ</strong></span> <span class='ocrx_word' id='word_1_359' title='bbox 3059 2458 3262 2512; x_wconf 84' lang='grc' dir='ltr'><strong>λαῖκῶν</strong></span> <span class='ocrx_word' id='word_1_360' title='bbox 3290 2457 3387 2511; x_wconf 75' lang='grc' dir='ltr'><strong>καὶ</strong></span> <span class='ocrx_word' id='word_1_361' title='bbox 3418 2457 3551 2528; x_wconf 85' lang='grc' dir='ltr'>κλη-</span> 
     </span>
    </p>
   </div>
   <div class='ocr_carea' id='block_1_56' title="bbox 1975 2549 2163 2621">
    <p class='ocr_par' dir='ltr' id='par_1_56' title="bbox 1975 2549 2163 2621">
     <span class='ocr_line' id='line_1_56' title="bbox 1975 2549 2163 2621; baseline 0.016 -19"><span class='ocrx_word' id='word_1_362' title='bbox 1975 2549 2163 2621; x_wconf 84' lang='grc' dir='ltr'>ρικῶν.</span> 
     </span>
    </p>
   </div>
   <div class='ocr_carea' id='block_1_57' title="bbox 2054 2639 3552 2712">
    <p class='ocr_par' dir='ltr' id='par_1_57' title="bbox 2054 2639 3552 2712">
     <span class='ocr_line' id='line_1_57' title="bbox 2054 2639 3552 2712; baseline -0.004 -17"><span class='ocrx_word' id='word_1_363' title='bbox 2054 2644 2141 2695; x_wconf 87' lang='grc' dir='ltr'>Ἐν</span> <span class='ocrx_word' id='word_1_364' title='bbox 2169 2640 2246 2712; x_wconf 85' lang='grc' dir='ltr'><strong>τῷ</strong></span> <span class='ocrx_word' id='word_1_365' title='bbox 2279 2640 2338 2696; x_wconf 88' lang='grc' dir='ltr'>ιδ’</span> <span class='ocrx_word' id='word_1_366' title='bbox 2369 2641 2649 2712; x_wconf 83' lang='grc' dir='ltr'>κεφαλαίῳ</span> <span class='ocrx_word' id='word_1_367' title='bbox 2678 2640 2769 2695; x_wconf 89' lang='grc' dir='ltr'><strong>τοῦ</strong></span> <span class='ocrx_word' id='word_1_368' title='bbox 2792 2648 2841 2709; x_wconf 82' lang='grc' dir='ltr'>γ’</span> <span class='ocrx_word' id='word_1_369' title='bbox 2870 2640 2975 2694; x_wconf 88' lang='grc' dir='ltr'>τίτ.</span> <span class='ocrx_word' id='word_1_370' title='bbox 3006 2639 3100 2693; x_wconf 87' lang='grc' dir='ltr'><strong>τοῦ</strong></span> <span class='ocrx_word' id='word_1_371' title='bbox 3132 2640 3398 2709; x_wconf 86' lang='grc' dir='ltr'>παρόντος</span> <span class='ocrx_word' id='word_1_372' title='bbox 3422 2655 3552 2691; x_wconf 79' lang='grc' dir='ltr'>συν-</span> 
     </span>
    </p>
   </div>
   <div class='ocr_carea' id='block_1_58' title="bbox 1976 2730 3553 2805">
    <p class='ocr_par' dir='ltr' id='par_1_58' title="bbox 1976 2730 3553 2805">
     <span class='ocr_line' id='line_1_58' title="bbox 1976 2730 3553 2805; baseline -0.004 -17"><span class='ocrx_word' id='word_1_373' title='bbox 1976 2734 2282 2804; x_wconf 83' lang='grc' dir='ltr'>τάγματος,</span> <span class='ocrx_word' id='word_1_374' title='bbox 2316 2734 2647 2805; x_wconf 77' lang='grc' dir='ltr'>παρέγραψα</span> <span class='ocrx_word' id='word_1_375' title='bbox 2682 2733 2797 2796; x_wconf 83' lang='grc' dir='ltr'><strong>πῶς</strong></span> <span class='ocrx_word' id='word_1_376' title='bbox 2838 2733 3045 2801; x_wconf 89' lang='grc' dir='ltr'>γίνεται</span> <span class='ocrx_word' id='word_1_377' title='bbox 3072 2730 3357 2802; x_wconf 83' lang='grc' dir='ltr'>ἐκκλησία,</span> <span class='ocrx_word' id='word_1_378' title='bbox 3388 2732 3553 2799; x_wconf 85' lang='grc' dir='ltr'>Λέγει</span> 
     </span>
    </p>
   </div>
   <div class='ocr_carea' id='block_1_59' title="bbox 1969 2823 3555 2896">
    <p class='ocr_par' dir='ltr' id='par_1_59' title="bbox 1969 2823 3555 2896">
     <span class='ocr_line' id='line_1_59' title="bbox 1969 2823 3555 2896; baseline -0.004 -14"><span class='ocrx_word' id='word_1_379' title='bbox 1969 2828 2027 2882; x_wconf 87' lang='grc' dir='ltr'>δὲ</span> <span class='ocrx_word' id='word_1_380' title='bbox 2057 2828 2148 2881; x_wconf 73' lang='grc' dir='ltr'><strong>καὶ</strong></span> <span class='ocrx_word' id='word_1_381' title='bbox 2170 2828 2308 2881; x_wconf 85' lang='grc' dir='ltr'>διάτ.</span> <span class='ocrx_word' id='word_1_382' title='bbox 2342 2833 2400 2880; x_wconf 85' lang='grc' dir='ltr'>ιε’</span> <span class='ocrx_word' id='word_1_383' title='bbox 2430 2826 2523 2879; x_wconf 86' lang='grc' dir='ltr'><strong>τοῦ</strong></span> <span class='ocrx_word' id='word_1_384' title='bbox 2567 2826 2612 2896; x_wconf 84' lang='grc' dir='ltr'><strong>β’</strong></span> <span class='ocrx_word' id='word_1_385' title='bbox 2641 2828 2746 2879; x_wconf 87' lang='grc' dir='ltr'>τίτ.</span> <span class='ocrx_word' id='word_1_386' title='bbox 2778 2825 2875 2879; x_wconf 88' lang='grc' dir='ltr'><strong>τοῦ</strong></span> <span class='ocrx_word' id='word_1_387' title='bbox 2906 2823 2952 2878; x_wconf 79' lang='grc' dir='ltr'>α’</span> <span class='ocrx_word' id='word_1_388' title='bbox 2994 2825 3136 2895; x_wconf 88' lang='grc' dir='ltr'>βιϐλ.</span> <span class='ocrx_word' id='word_1_389' title='bbox 3166 2825 3259 2878; x_wconf 83' lang='grc' dir='ltr'><strong>τοῦ</strong></span> <span class='ocrx_word' id='word_1_390' title='bbox 3291 2824 3424 2878; x_wconf 82' lang='grc' dir='ltr'>κώδ.</span> <span class='ocrx_word' id='word_1_391' title='bbox 3477 2824 3555 2886; x_wconf 82' lang='grc' dir='ltr'><strong>ὡς</strong></span> 
     </span>
    </p>
   </div>
   <div class='ocr_carea' id='block_1_60' title="bbox 1970 2915 3557 2989">
    <p class='ocr_par' dir='ltr' id='par_1_60' title="bbox 1970 2915 3557 2989">
     <span class='ocr_line' id='line_1_60' title="bbox 1970 2915 3557 2989; baseline -0.003 -17"><span class='ocrx_word' id='word_1_392' title='bbox 1970 2920 2065 2973; x_wconf 71' lang='grc' dir='ltr'><strong>ἐάν</strong></span> <span class='ocrx_word' id='word_1_393' title='bbox 2085 2937 2168 2982; x_wconf 88' lang='grc' dir='ltr'><strong>τις</strong></span> <span class='ocrx_word' id='word_1_394' title='bbox 2187 2919 2495 2989; x_wconf 84' lang='grc' dir='ltr'>δωρήσηται</span> <span class='ocrx_word' id='word_1_395' title='bbox 2518 2920 2750 2989; x_wconf 81' lang='grc' dir='ltr'>πρᾶγμα</span> <span class='ocrx_word' id='word_1_396' title='bbox 2767 2916 2986 2989; x_wconf 84' lang='grc' dir='ltr'>κινητὸν</span> <span class='ocrx_word' id='word_1_397' title='bbox 3006 2917 3040 2989; x_wconf 83' lang='grc' dir='ltr'>ἦ</span> <span class='ocrx_word' id='word_1_398' title='bbox 3064 2915 3371 2987; x_wconf 85' lang='grc' dir='ltr'>ἀκίνητονῆ</span> <span class='ocrx_word' id='word_1_399' title='bbox 3396 2916 3557 2967; x_wconf 82' lang='grc' dir='ltr'>αύτο-</span> 
     </span>
    </p>
   </div>
   <div class='ocr_carea' id='block_1_61' title="bbox 1970 3010 3553 3084">
    <p class='ocr_par' dir='ltr' id='par_1_61' title="bbox 1970 3010 3553 3084">
     <span class='ocr_line' id='line_1_61' title="bbox 1970 3010 3553 3084; baseline 0 -19"><span class='ocrx_word' id='word_1_400' title='bbox 1970 3014 2232 3084; x_wconf 82' lang='grc' dir='ltr'>κίνητονῆ</span> <span class='ocrx_word' id='word_1_401' title='bbox 2252 3012 2458 3065; x_wconf 90' lang='grc' dir='ltr'>δίκαιον</span> <span class='ocrx_word' id='word_1_402' title='bbox 2475 3012 2553 3073; x_wconf 85' lang='grc' dir='ltr'>εἰς</span> <span class='ocrx_word' id='word_1_403' title='bbox 2575 3012 2867 3081; x_wconf 82' lang='grc' dir='ltr'>πρόσωπον</span> <span class='ocrx_word' id='word_1_404' title='bbox 2883 3011 3180 3082; x_wconf 80' lang='grc' dir='ltr'>μάρτυρος,</span> <span class='ocrx_word' id='word_1_405' title='bbox 3198 3010 3228 3080; x_wconf 73' lang='grc' dir='ltr'>ἦ</span> <span class='ocrx_word' id='word_1_406' title='bbox 3246 3010 3553 3081; x_wconf 73' lang='grc' dir='ltr'>προφήτου.</span> 
     </span>
    </p>
   </div>
   <div class='ocr_carea' id='block_1_62' title="bbox 298 3096 1869 3184">
    <p class='ocr_par' dir='ltr' id='par_1_62' title="bbox 298 3096 1869 3169">
     <span class='ocr_line' id='line_1_62' title="bbox 298 3096 1869 3169; baseline -0.004 -16"><span class='ocrx_word' id='word_1_407' title='bbox 298 3099 500 3169; x_wconf 76' lang='lat' dir='ltr'><strong>angeli,</strong></span> <span class='ocrx_word' id='word_1_408' title='bbox 537 3109 796 3168; x_wconf 86' lang='lat' dir='ltr'><strong>tanquam</strong></span> <span class='ocrx_word' id='word_1_409' title='bbox 845 3096 947 3167; x_wconf 91' lang='lat' dir='ltr'><strong>ipsi</strong></span> <span class='ocrx_word' id='word_1_410' title='bbox 991 3096 1290 3151; x_wconf 87' lang='lat' dir='ltr'><strong>oratorium</strong></span> <span class='ocrx_word' id='word_1_411' title='bbox 1340 3104 1721 3150; x_wconf 82' lang='lat' dir='ltr'><strong>exslructurns</strong></span> <span class='ocrx_word' id='word_1_412' title='bbox 1770 3098 1869 3149; x_wconf 89' lang='lat' dir='ltr'><strong>do-</strong></span> 
     </span>
    </p>
   </div>
   <div class='ocr_carea' id='block_1_63' title="bbox 1976 3096 3555 3184">
    <p class='ocr_par' dir='ltr' id='par_1_63' title="bbox 1976 3100 3555 3175">
     <span class='ocr_line' id='line_1_63' title="bbox 1976 3100 3555 3175; baseline -0.005 -16"><span class='ocrx_word' id='word_1_413' title='bbox 1976 3105 2005 3175; x_wconf 77' lang='grc' dir='ltr'><strong>ἢ</strong></span> <span class='ocrx_word' id='word_1_414' title='bbox 2027 3104 2256 3173; x_wconf 82' lang='grc' dir='ltr'>ἀγγέλου</span> <span class='ocrx_word' id='word_1_415' title='bbox 2272 3146 2288 3169; x_wconf 85' lang='grc'><strong>,</strong></span> <span class='ocrx_word' id='word_1_416' title='bbox 2316 3102 2392 3167; x_wconf 86' lang='grc' dir='ltr'>ὡς</span> <span class='ocrx_word' id='word_1_417' title='bbox 2419 3101 2583 3157; x_wconf 81' lang='grc' dir='ltr'>αὐτοῦ</span> <span class='ocrx_word' id='word_1_418' title='bbox 2627 3102 2833 3172; x_wconf 80' lang='grc' dir='ltr'>μέλλων</span> <span class='ocrx_word' id='word_1_419' title='bbox 2854 3104 3140 3174; x_wconf 81' lang='grc' dir='ltr'>εύκτήριον</span> <span class='ocrx_word' id='word_1_420' title='bbox 3164 3100 3555 3171; x_wconf 78' lang='grc' dir='ltr'>οἰκοδομῆσαι,</span> 
     </span>
    </p>
   </div>
   <div class='ocr_carea' id='block_1_64' title="bbox 297 3186 1869 3257">
    <p class='ocr_par' dir='ltr' id='par_1_64' title="bbox 297 3186 1869 3257">
     <span class='ocr_line' id='line_1_64' title="bbox 297 3186 1869 3257; baseline -0.003 -13"><span class='ocrx_word' id='word_1_421' title='bbox 297 3190 528 3255; x_wconf 82' lang='lat' dir='ltr'><strong>naverit,</strong></span> <span class='ocrx_word' id='word_1_422' title='bbox 571 3190 1035 3257; x_wconf 86' lang='lat' dir='ltr'><strong>donationemque</strong></span> <span class='ocrx_word' id='word_1_423' title='bbox 1086 3186 1181 3241; x_wconf 89' lang='lat' dir='ltr'><strong>ubi</strong></span> <span class='ocrx_word' id='word_1_424' title='bbox 1238 3195 1478 3256; x_wconf 86' lang='lat' dir='ltr'><strong>oportet,</strong></span> <span class='ocrx_word' id='word_1_425' title='bbox 1513 3186 1566 3239; x_wconf 89' lang='lat' dir='ltr'><strong>itt</strong></span> <span class='ocrx_word' id='word_1_426' title='bbox 1610 3195 1729 3240; x_wconf 85' lang='lat' dir='ltr'><strong>acta</strong></span> <span class='ocrx_word' id='word_1_427' title='bbox 1782 3200 1869 3239; x_wconf 90' lang='lat' dir='ltr'><strong>re—</strong></span> 
     </span>
    </p>
   </div>
   <div class='ocr_carea' id='block_1_65' title="bbox 296 3278 1869 3352">
    <p class='ocr_par' dir='ltr' id='par_1_65' title="bbox 296 3278 1869 3352">
     <span class='ocr_line' id='line_1_65' title="bbox 296 3278 1869 3352; baseline -0.005 -15"><span class='ocrx_word' id='word_1_428' title='bbox 296 3281 483 3337; x_wconf 88' lang='lat' dir='ltr'><strong>tulerit</strong></span> <span class='ocrx_word' id='word_1_429' title='bbox 514 3301 526 3336; x_wconf 90' lang='lat'><strong>:</strong></span> <span class='ocrx_word' id='word_1_430' title='bbox 558 3292 784 3352; x_wconf 82' lang='lat' dir='ltr'><strong>cogatur</strong></span> <span class='ocrx_word' id='word_1_431' title='bbox 817 3294 977 3350; x_wconf 87' lang='lat' dir='ltr'><strong>opus,</strong></span> <span class='ocrx_word' id='word_1_432' title='bbox 1012 3293 1326 3349; x_wconf 89' lang='lat' dir='ltr'><strong>quanquam</strong></span> <span class='ocrx_word' id='word_1_433' title='bbox 1360 3286 1598 3347; x_wconf 72' lang='lat' dir='ltr'><strong>emptum</strong></span> <span class='ocrx_word' id='word_1_434' title='bbox 1633 3293 1741 3331; x_wconf 93' lang='lat' dir='ltr'><strong>non</strong></span> <span class='ocrx_word' id='word_1_435' title='bbox 1776 3278 1869 3340; x_wconf 87' lang='lat' dir='ltr'><strong>sit,</strong></span> 
     </span>
    </p>
   </div>
   <div class='ocr_carea' id='block_1_66' title="bbox 294 3368 1869 3441">
    <p class='ocr_par' dir='ltr' id='par_1_66' title="bbox 294 3368 1869 3441">
     <span class='ocr_line' id='line_1_66' title="bbox 294 3368 1869 3441; baseline -0.003 -13"><span class='ocrx_word' id='word_1_436' title='bbox 294 3390 418 3430; x_wconf 89' lang='lat' dir='ltr'><strong>cum</strong></span> <span class='ocrx_word' id='word_1_437' title='bbox 479 3374 785 3428; x_wconf 69' lang='lat' dir='ltr'><strong>lttcredibus</strong></span> <span class='ocrx_word' id='word_1_438' title='bbox 843 3372 1179 3441; x_wconf 88' lang='lat' dir='ltr'><strong>adimplere,</strong></span> <span class='ocrx_word' id='word_1_439' title='bbox 1238 3368 1350 3441; x_wconf 82' lang='lat' dir='ltr'><strong>[eo]</strong></span> <span class='ocrx_word' id='word_1_440' title='bbox 1405 3387 1512 3440; x_wconf 91' lang='lat' dir='ltr'><strong>que</strong></span> <span class='ocrx_word' id='word_1_441' title='bbox 1576 3371 1869 3438; x_wconf 83' lang='lat' dir='ltr'><strong>adimpleto</strong></span> 
     </span>
    </p>
   </div>
   <div class='ocr_carea' id='block_1_67' title="bbox 293 3462 1867 3533">
    <p class='ocr_par' dir='ltr' id='par_1_67' title="bbox 293 3462 1867 3533">
     <span class='ocr_line' id='line_1_67' title="bbox 293 3462 1867 3533; baseline -0.004 -12"><span class='ocrx_word' id='word_1_442' title='bbox 293 3467 649 3521; x_wconf 82' lang='lat' dir='ltr'><strong>donationem</strong></span> <span class='ocrx_word' id='word_1_443' title='bbox 702 3462 979 3520; x_wconf 88' lang='lat' dir='ltr'><strong>conferre.</strong></span> <span class='ocrx_word' id='word_1_444' title='bbox 1047 3462 1309 3533; x_wconf 89' lang='lat' dir='ltr'><strong>Idemque</strong></span> <span class='ocrx_word' id='word_1_445' title='bbox 1359 3464 1427 3516; x_wconf 90' lang='lat' dir='ltr'><strong>de</strong></span> <span class='ocrx_word' id='word_1_446' title='bbox 1488 3463 1867 3529; x_wconf 76' lang='lat' dir='ltr'><strong>xenodochio,</strong></span> 
     </span>
    </p>
   </div>
   <div class='ocr_carea' id='block_1_68' title="bbox 294 3553 1867 3626">
    <p class='ocr_par' dir='ltr' id='par_1_68' title="bbox 294 3553 1867 3626">
     <span class='ocr_line' id='line_1_68' title="bbox 294 3553 1867 3626; baseline -0.002 -15"><span class='ocrx_word' id='word_1_447' title='bbox 294 3557 648 3620; x_wconf 88' lang='lat' dir='ltr'><strong>nosocomio,</strong></span> <span class='ocrx_word' id='word_1_448' title='bbox 697 3565 862 3626; x_wconf 88' lang='lat' dir='ltr'><strong>atque</strong></span> <span class='ocrx_word' id='word_1_449' title='bbox 892 3554 1113 3625; x_wconf 89' lang='lat' dir='ltr'><strong>ptochio</strong></span> <span class='ocrx_word' id='word_1_450' title='bbox 1150 3554 1325 3626; x_wconf 88' lang='lat' dir='ltr'><strong>[dicit.</strong></span> <span class='ocrx_word' id='word_1_451' title='bbox 1364 3553 1501 3607; x_wconf 91' lang='lat' dir='ltr'><strong>Tum</strong></span> <span class='ocrx_word' id='word_1_452' title='bbox 1534 3553 1723 3626; x_wconf 89' lang='lat' dir='ltr'><strong>etiam]</strong></span> <span class='ocrx_word' id='word_1_453' title='bbox 1753 3554 1867 3624; x_wconf 86' lang='lat' dir='ltr'><strong>epi-</strong></span> 
     </span>
    </p>
   </div>
   <div class='ocr_carea' id='block_1_69' title="bbox 292 3644 1866 3718">
    <p class='ocr_par' dir='ltr' id='par_1_69' title="bbox 292 3644 1866 3718">
     <span class='ocr_line' id='line_1_69' title="bbox 292 3644 1866 3718; baseline -0.004 -12"><span class='ocrx_word' id='word_1_454' title='bbox 292 3648 475 3718; x_wconf 69' lang='lat' dir='ltr'><strong>5copis</strong></span> <span class='ocrx_word' id='word_1_455' title='bbox 492 3657 547 3701; x_wconf 89' lang='lat' dir='ltr'><strong>et</strong></span> <span class='ocrx_word' id='word_1_456' title='bbox 575 3645 898 3709; x_wconf 74' lang='lat' dir='ltr'><strong>(nconomis,</strong></span> <span class='ocrx_word' id='word_1_457' title='bbox 923 3654 983 3701; x_wconf 83' lang='lat' dir='ltr'><strong>ut</strong></span> <span class='ocrx_word' id='word_1_458' title='bbox 1005 3646 1103 3700; x_wconf 88' lang='lat' dir='ltr'><strong>hos</strong></span> <span class='ocrx_word' id='word_1_459' title='bbox 1130 3653 1368 3716; x_wconf 77' lang='lat' dir='ltr'><strong>urgeret,</strong></span> <span class='ocrx_word' id='word_1_460' title='bbox 1391 3644 1703 3699; x_wconf 80' lang='lat' dir='ltr'><strong>facultatem</strong></span> <span class='ocrx_word' id='word_1_461' title='bbox 1726 3660 1866 3699; x_wconf 86' lang='lat' dir='ltr'><strong>esse.</strong></span> 
     </span>
    </p>
   </div>
   <div class='ocr_carea' id='block_1_70' title="bbox 297 3733 1868 3805">
    <p class='ocr_par' dir='ltr' id='par_1_70' title="bbox 297 3733 1868 3805">
     <span class='ocr_line' id='line_1_70' title="bbox 297 3733 1868 3805; baseline -0.004 -12"><span class='ocrx_word' id='word_1_462' title='bbox 297 3739 585 3795; x_wconf 81' lang='lat' dir='ltr'><strong>Postremo</strong></span> <span class='ocrx_word' id='word_1_463' title='bbox 620 3738 735 3792; x_wconf 67' lang='lat' dir='ltr'><strong>haec</strong></span> <span class='ocrx_word' id='word_1_464' title='bbox 766 3737 1061 3805; x_wconf 88' lang='lat' dir='ltr'><strong>completa,</strong></span> <span class='ocrx_word' id='word_1_465' title='bbox 1105 3744 1268 3805; x_wconf 89' lang='lat' dir='ltr'><strong>prout</strong></span> <span class='ocrx_word' id='word_1_466' title='bbox 1296 3734 1659 3789; x_wconf 89' lang='lat' dir='ltr'><strong>donatoribus</strong></span> <span class='ocrx_word' id='word_1_467' title='bbox 1690 3733 1868 3787; x_wconf 90' lang='lat' dir='ltr'><strong>visum</strong></span> 
     </span>
    </p>
   </div>
   <div class='ocr_carea' id='block_1_71' title="bbox 294 3824 1870 3897">
    <p class='ocr_par' dir='ltr' id='par_1_71' title="bbox 294 3824 1870 3897">
     <span class='ocr_line' id='line_1_71' title="bbox 294 3824 1870 3897; baseline -0.005 -12"><span class='ocrx_word' id='word_1_468' title='bbox 294 3840 397 3895; x_wconf 88' lang='lat' dir='ltr'><strong>est,</strong></span> <span class='ocrx_word' id='word_1_469' title='bbox 455 3845 519 3884; x_wconf 90' lang='lat' dir='ltr'><strong>ac</strong></span> <span class='ocrx_word' id='word_1_470' title='bbox 576 3828 877 3884; x_wconf 88' lang='lat' dir='ltr'><strong>secundum</strong></span> <span class='ocrx_word' id='word_1_471' title='bbox 931 3828 1207 3897; x_wconf 84' lang='lat' dir='ltr'><strong>injunctas</strong></span> <span class='ocrx_word' id='word_1_472' title='bbox 1252 3826 1645 3895; x_wconf 73' lang='lat' dir='ltr'><strong>praeceptioncs</strong></span> <span class='ocrx_word' id='word_1_473' title='bbox 1693 3824 1870 3878; x_wconf 86' lang='lat' dir='ltr'><strong>admi—</strong></span> 
     </span>
    </p>
   </div>
   <div class='ocr_carea' id='block_1_72' title="bbox 296 3915 1867 3987">
    <p class='ocr_par' dir='ltr' id='par_1_72' title="bbox 296 3915 1867 3987">
     <span class='ocr_line' id='line_1_72' title="bbox 296 3915 1867 3987; baseline -0.004 -12"><span class='ocrx_word' id='word_1_474' title='bbox 296 3922 538 3977; x_wconf 86' lang='lat' dir='ltr'><strong>nistrari.</strong></span> <span class='ocrx_word' id='word_1_475' title='bbox 568 3922 645 3974; x_wconf 85' lang='lat' dir='ltr'><strong>Ac</strong></span> <span class='ocrx_word' id='word_1_476' title='bbox 675 3928 851 3975; x_wconf 90' lang='lat' dir='ltr'><strong>const.</strong></span> <span class='ocrx_word' id='word_1_477' title='bbox 886 3919 974 3981; x_wconf 75' lang='grc'><strong>45,</strong></span> <span class='ocrx_word' id='word_1_478' title='bbox 1005 3920 1087 3972; x_wconf 90' lang='lat' dir='ltr'><strong>tit.</strong></span> <span class='ocrx_word' id='word_1_479' title='bbox 1119 3918 1173 3981; x_wconf 78' lang='lat'><strong>3,</strong></span> <span class='ocrx_word' id='word_1_480' title='bbox 1203 3917 1450 3987; x_wconf 81' lang='lat' dir='ltr'><strong>ejusdem</strong></span> <span class='ocrx_word' id='word_1_481' title='bbox 1482 3933 1496 3970; x_wconf 91' lang='grc' dir='ltr'><strong>ι</strong></span> <span class='ocrx_word' id='word_1_482' title='bbox 1545 3917 1639 3970; x_wconf 92' lang='lat' dir='ltr'><strong>lib.</strong></span> <span class='ocrx_word' id='word_1_483' title='bbox 1675 3915 1808 3970; x_wconf 89' lang='lat' dir='ltr'><strong>dicit</strong></span> <span class='ocrx_word' id='word_1_484' title='bbox 1852 3931 1867 3968; x_wconf 89' lang='lat'><strong>:</strong></span> 
     </span>
    </p>
   </div>
   <div class='ocr_carea' id='block_1_73' title="bbox 295 4009 1867 4081">
    <p class='ocr_par' dir='ltr' id='par_1_73' title="bbox 295 4009 1867 4081">
     <span class='ocr_line' id='line_1_73' title="bbox 295 4009 1867 4081; baseline -0.003 -15"><span class='ocrx_word' id='word_1_485' title='bbox 295 4013 452 4079; x_wconf 87' lang='lat' dir='ltr'><strong>Quod</strong></span> <span class='ocrx_word' id='word_1_486' title='bbox 488 4014 533 4066; x_wconf 92' lang='lat' dir='ltr'><strong>si</strong></span> <span class='ocrx_word' id='word_1_487' title='bbox 580 4012 703 4081; x_wconf 88' lang='lat' dir='ltr'><strong>quis</strong></span> <span class='ocrx_word' id='word_1_488' title='bbox 743 4021 837 4066; x_wconf 90' lang='lat' dir='ltr'><strong>aut</strong></span> <span class='ocrx_word' id='word_1_489' title='bbox 876 4026 972 4081; x_wconf 89' lang='lat' dir='ltr'><strong>per</strong></span> <span class='ocrx_word' id='word_1_490' title='bbox 1023 4011 1445 4073; x_wconf 90' lang='lat' dir='ltr'><strong>institutionem,</strong></span> <span class='ocrx_word' id='word_1_491' title='bbox 1485 4019 1580 4063; x_wconf 90' lang='lat' dir='ltr'><strong>aut</strong></span> <span class='ocrx_word' id='word_1_492' title='bbox 1606 4009 1867 4079; x_wconf 73' lang='lat' dir='ltr'><strong>legatum,</strong></span> 
     </span>
    </p>
   </div>
   <div class='ocr_carea' id='block_1_74' title="bbox 296 4100 1867 4169">
    <p class='ocr_par' dir='ltr' id='par_1_74' title="bbox 296 4100 1867 4169">
     <span class='ocr_line' id='line_1_74' title="bbox 296 4100 1867 4169; baseline -0.006 -8"><span class='ocrx_word' id='word_1_493' title='bbox 296 4106 876 4169; x_wconf 82' lang='lat' dir='ltr'><strong>lideicommissumve,</strong></span> <span class='ocrx_word' id='word_1_494' title='bbox 910 4112 1005 4158; x_wconf 90' lang='lat' dir='ltr'><strong>aut</strong></span> <span class='ocrx_word' id='word_1_495' title='bbox 1036 4103 1228 4158; x_wconf 87' lang='lat' dir='ltr'><strong>mortis</strong></span> <span class='ocrx_word' id='word_1_496' title='bbox 1260 4116 1424 4157; x_wconf 89' lang='lat' dir='ltr'><strong>causa</strong></span> <span class='ocrx_word' id='word_1_497' title='bbox 1459 4100 1810 4155; x_wconf 89' lang='lat' dir='ltr'><strong>donationem</strong></span> <span class='ocrx_word' id='word_1_498' title='bbox 1851 4138 1867 4165; x_wconf 93' lang='lat'><strong>,</strong></span> 
     </span>
    </p>
   </div>
   <div class='ocr_carea' id='block_1_75' title="bbox 292 4193 1869 4269">
    <p class='ocr_par' dir='ltr' id='par_1_75' title="bbox 292 4193 1869 4269">
     <span class='ocr_line' id='line_1_75' title="bbox 292 4193 1869 4269; baseline -0.003 -20"><span class='ocrx_word' id='word_1_499' title='bbox 292 4198 435 4269; x_wconf 83' lang='lat' dir='ltr'><strong>piam</strong></span> <span class='ocrx_word' id='word_1_500' title='bbox 469 4196 879 4265; x_wconf 85' lang='lat' dir='ltr'><strong>dispositionem</strong></span> <span class='ocrx_word' id='word_1_501' title='bbox 912 4194 1121 4262; x_wconf 83' lang='lat' dir='ltr'><strong>fecerit,</strong></span> <span class='ocrx_word' id='word_1_502' title='bbox 1152 4204 1377 4265; x_wconf 77' lang='lat' dir='ltr'><strong>cogatur</strong></span> <span class='ocrx_word' id='word_1_503' title='bbox 1404 4208 1501 4263; x_wconf 90' lang='lat' dir='ltr'><strong>per</strong></span> <span class='ocrx_word' id='word_1_504' title='bbox 1551 4193 1869 4262; x_wconf 80' lang='lat' dir='ltr'><strong>episcopum</strong></span> 
     </span>
    </p>
   </div>
   <div class='ocr_carea' id='block_1_76' title="bbox 293 4283 1870 4357">
    <p class='ocr_par' dir='ltr' id='par_1_76' title="bbox 293 4283 1870 4357">
     <span class='ocr_line' id='line_1_76' title="bbox 293 4283 1870 4357; baseline -0.004 -15"><span class='ocrx_word' id='word_1_505' title='bbox 293 4288 694 4353; x_wconf 86' lang='lat' dir='ltr'><strong>mandatarius,</strong></span> <span class='ocrx_word' id='word_1_506' title='bbox 729 4289 892 4342; x_wconf 86' lang='lat' dir='ltr'><strong>etiam</strong></span> <span class='ocrx_word' id='word_1_507' title='bbox 927 4288 971 4341; x_wconf 91' lang='lat' dir='ltr'><strong>si</strong></span> <span class='ocrx_word' id='word_1_508' title='bbox 1002 4288 1258 4357; x_wconf 76' lang='lat' dir='ltr'><strong>episcopo</strong></span> <span class='ocrx_word' id='word_1_509' title='bbox 1305 4301 1334 4338; x_wconf 93' lang='lat' dir='ltr'><strong>a</strong></span> <span class='ocrx_word' id='word_1_510' title='bbox 1382 4293 1641 4338; x_wconf 87' lang='lat' dir='ltr'><strong>testatore</strong></span> <span class='ocrx_word' id='word_1_511' title='bbox 1688 4283 1870 4353; x_wconf 86' lang='lat' dir='ltr'><strong>prohi-</strong></span> 
     </span>
    </p>
   </div>
   <div class='ocr_carea' id='block_1_77' title="bbox 301 4375 1869 4445">
    <p class='ocr_par' dir='ltr' id='par_1_77' title="bbox 301 4375 1869 4445">
     <span class='ocr_line' id='line_1_77' title="bbox 301 4375 1869 4445; baseline -0.004 -9"><span class='ocrx_word' id='word_1_512' title='bbox 301 4383 477 4436; x_wconf 86' lang='lat' dir='ltr'><strong>bitum</strong></span> <span class='ocrx_word' id='word_1_513' title='bbox 534 4382 625 4445; x_wconf 87' lang='lat' dir='ltr'><strong>sit,</strong></span> <span class='ocrx_word' id='word_1_514' title='bbox 670 4396 739 4435; x_wconf 91' lang='lat' dir='ltr'><strong>ne</strong></span> <span class='ocrx_word' id='word_1_515' title='bbox 778 4390 953 4441; x_wconf 88' lang='lat' dir='ltr'><strong>curet,</strong></span> <span class='ocrx_word' id='word_1_516' title='bbox 1007 4386 1065 4433; x_wconf 87' lang='lat' dir='ltr'><strong>ut</strong></span> <span class='ocrx_word' id='word_1_517' title='bbox 1108 4378 1154 4433; x_wconf 88' lang='lat' dir='ltr'><strong>si</strong></span> <span class='ocrx_word' id='word_1_518' title='bbox 1201 4377 1486 4432; x_wconf 87' lang='lat' dir='ltr'><strong>ecclesiam</strong></span> <span class='ocrx_word' id='word_1_519' title='bbox 1541 4376 1724 4430; x_wconf 90' lang='lat' dir='ltr'><strong>facere</strong></span> <span class='ocrx_word' id='word_1_520' title='bbox 1768 4375 1869 4445; x_wconf 89' lang='lat' dir='ltr'><strong>ipsi</strong></span> 
     </span>
    </p>
   </div>
   <div class='ocr_carea' id='block_1_78' title="bbox 293 4468 1865 4545">
    <p class='ocr_par' dir='ltr' id='par_1_78' title="bbox 293 4468 1865 4545">
     <span class='ocr_line' id='line_1_78' title="bbox 293 4468 1865 4545; baseline -0.005 -16"><span class='ocrx_word' id='word_1_521' title='bbox 293 4475 600 4545; x_wconf 88' lang='lat' dir='ltr'><strong>injunctum</strong></span> <span class='ocrx_word' id='word_1_522' title='bbox 655 4473 841 4536; x_wconf 87' lang='lat' dir='ltr'><strong>fuerit,</strong></span> <span class='ocrx_word' id='word_1_523' title='bbox 885 4473 1029 4525; x_wconf 86' lang='lat' dir='ltr'><strong>intra</strong></span> <span class='ocrx_word' id='word_1_524' title='bbox 1064 4471 1361 4525; x_wconf 88' lang='lat' dir='ltr'><strong>triennium</strong></span> <span class='ocrx_word' id='word_1_525' title='bbox 1394 4469 1542 4523; x_wconf 88' lang='lat' dir='ltr'><strong>illam</strong></span> <span class='ocrx_word' id='word_1_526' title='bbox 1586 4468 1865 4522; x_wconf 86' lang='lat' dir='ltr'><strong>absolvat:</strong></span> 
     </span>
    </p>
   </div>
   <div class='ocr_carea' id='block_1_79' title="bbox 294 4560 1869 4633">
    <p class='ocr_par' dir='ltr' id='par_1_79' title="bbox 294 4560 1869 4633">
     <span class='ocr_line' id='line_1_79' title="bbox 294 4560 1869 4633; baseline -0.004 -11"><span class='ocrx_word' id='word_1_527' title='bbox 294 4568 337 4622; x_wconf 89' lang='lat' dir='ltr'><strong>si</strong></span> <span class='ocrx_word' id='word_1_528' title='bbox 375 4582 505 4621; x_wconf 78' lang='lat' dir='ltr'><strong>vero</strong></span> <span class='ocrx_word' id='word_1_529' title='bbox 545 4565 1009 4633; x_wconf 70' lang='lat' dir='ltr'><strong>xet10ttem,,itttra</strong></span> <span class='ocrx_word' id='word_1_530' title='bbox 1038 4579 1264 4617; x_wconf 83' lang='lat' dir='ltr'><strong>annum.</strong></span> <span class='ocrx_word' id='word_1_531' title='bbox 1312 4561 1524 4615; x_wconf 88' lang='lat' dir='ltr'><strong>Etenim</strong></span> <span class='ocrx_word' id='word_1_532' title='bbox 1572 4560 1702 4614; x_wconf 92' lang='lat' dir='ltr'><strong>dum</strong></span> <span class='ocrx_word' id='word_1_533' title='bbox 1731 4575 1869 4629; x_wconf 86' lang='lat' dir='ltr'><strong>opus</strong></span> 
     </span>
    </p>
   </div>
   <div class='ocr_carea' id='block_1_80' title="bbox 294 4650 1865 4724">
    <p class='ocr_par' dir='ltr' id='par_1_80' title="bbox 294 4650 1865 4724">
     <span class='ocr_line' id='line_1_80' title="bbox 294 4650 1865 4724; baseline -0.003 -14"><span class='ocrx_word' id='word_1_534' title='bbox 294 4667 732 4719; x_wconf 75' lang='lat' dir='ltr'><strong>eonsummetur,</strong></span> <span class='ocrx_word' id='word_1_535' title='bbox 775 4655 1102 4721; x_wconf 86' lang='lat' dir='ltr'><strong>recipiendis</strong></span> <span class='ocrx_word' id='word_1_536' title='bbox 1126 4654 1346 4724; x_wconf 79' lang='lat' dir='ltr'><strong>aegrotis</strong></span> <span class='ocrx_word' id='word_1_537' title='bbox 1390 4650 1600 4724; x_wconf 85' lang='lat' dir='ltr'><strong>[aliam]</strong></span> <span class='ocrx_word' id='word_1_538' title='bbox 1642 4652 1865 4706; x_wconf 86' lang='lat' dir='ltr'><strong>domum</strong></span> 
     </span>
    </p>
   </div>
   <div class='ocr_carea' id='block_1_81' title="bbox 294 4745 1869 4816">
    <p class='ocr_par' dir='ltr' id='par_1_81' title="bbox 294 4745 1869 4816">
     <span class='ocr_line' id='line_1_81' title="bbox 294 4745 1869 4816; baseline -0.008 -9"><span class='ocrx_word' id='word_1_539' title='bbox 294 4750 529 4807; x_wconf 72' lang='grc' dir='ltr'>0.)ηάυοὶ</span> <span class='ocrx_word' id='word_1_540' title='bbox 561 4764 745 4816; x_wconf 83' lang='lat' dir='ltr'><strong>posse.</strong></span> <span class='ocrx_word' id='word_1_541' title='bbox 779 4748 979 4802; x_wconf 89' lang='lat' dir='ltr'><strong>Deinde</strong></span> <span class='ocrx_word' id='word_1_542' title='bbox 1019 4764 1084 4801; x_wconf 92' lang='lat' dir='ltr'><strong>eo</strong></span> <span class='ocrx_word' id='word_1_543' title='bbox 1111 4756 1352 4815; x_wconf 86' lang='lat' dir='ltr'><strong>tempore</strong></span> <span class='ocrx_word' id='word_1_544' title='bbox 1398 4748 1606 4816; x_wconf 85' lang='lat' dir='ltr'><strong>elapso,</strong></span> <span class='ocrx_word' id='word_1_545' title='bbox 1654 4745 1869 4813; x_wconf 82' lang='lat' dir='ltr'><strong>cpisco-</strong></span> 
     </span>
    </p>
   </div>
   <div class='ocr_carea' id='block_1_82' title="bbox 292 4837 1871 4912">
    <p class='ocr_par' dir='ltr' id='par_1_82' title="bbox 292 4837 1871 4912">
     <span class='ocr_line' id='line_1_82' title="bbox 292 4837 1871 4912; baseline -0.003 -19"><span class='ocrx_word' id='word_1_546' title='bbox 292 4858 423 4911; x_wconf 81' lang='lat' dir='ltr'><strong>pum</strong></span> <span class='ocrx_word' id='word_1_547' title='bbox 468 4842 651 4895; x_wconf 86' lang='lat' dir='ltr'><strong>relicta</strong></span> <span class='ocrx_word' id='word_1_548' title='bbox 702 4838 954 4912; x_wconf 86' lang='lat' dir='ltr'><strong>[pariter]</strong></span> <span class='ocrx_word' id='word_1_549' title='bbox 994 4855 1117 4893; x_wconf 92' lang='lat' dir='ltr'><strong>cum</strong></span> <span class='ocrx_word' id='word_1_550' title='bbox 1164 4837 1433 4893; x_wconf 86' lang='lat' dir='ltr'><strong>fructibus</strong></span> <span class='ocrx_word' id='word_1_551' title='bbox 1483 4850 1645 4908; x_wconf 88' lang='lat' dir='ltr'><strong>atque</strong></span> <span class='ocrx_word' id='word_1_552' title='bbox 1683 4852 1871 4892; x_wconf 88' lang='lat' dir='ltr'><strong>acces-</strong></span> 
     </span>
    </p>
   </div>
   <div class='ocr_carea' id='block_1_83' title="bbox 294 4930 1871 5001">
    <p class='ocr_par' dir='ltr' id='par_1_83' title="bbox 294 4930 1871 5001">
     <span class='ocr_line' id='line_1_83' title="bbox 294 4930 1871 5001; baseline -0.004 -12"><span class='ocrx_word' id='word_1_553' title='bbox 294 4934 544 4989; x_wconf 90' lang='lat' dir='ltr'><strong>sionibus</strong></span> <span class='ocrx_word' id='word_1_554' title='bbox 589 4948 618 4986; x_wconf 94' lang='lat' dir='ltr'><strong>a</strong></span> <span class='ocrx_word' id='word_1_555' title='bbox 666 4942 911 5001; x_wconf 84' lang='lat' dir='ltr'><strong>tempore</strong></span> <span class='ocrx_word' id='word_1_556' title='bbox 958 4930 1151 4985; x_wconf 85' lang='lat' dir='ltr'><strong>mortis</strong></span> <span class='ocrx_word' id='word_1_557' title='bbox 1185 4930 1462 4984; x_wconf 87' lang='lat' dir='ltr'><strong>testatoris</strong></span> <span class='ocrx_word' id='word_1_558' title='bbox 1506 4931 1767 4995; x_wconf 75' lang='lat' dir='ltr'><strong>exigere:</strong></span> <span class='ocrx_word' id='word_1_559' title='bbox 1807 4942 1871 4983; x_wconf 89' lang='lat' dir='ltr'><strong>ac</strong></span> 
     </span>
    </p>
   </div>
   <div class='ocr_carea' id='block_1_84' title="bbox 294 5020 1871 5093">
    <p class='ocr_par' dir='ltr' id='par_1_84' title="bbox 294 5020 1871 5093">
     <span class='ocr_line' id='line_1_84' title="bbox 294 5020 1871 5093; baseline -0.005 -13"><span class='ocrx_word' id='word_1_560' title='bbox 294 5024 579 5089; x_wconf 76' lang='lat' dir='ltr'><strong>ecclesias,</strong></span> <span class='ocrx_word' id='word_1_561' title='bbox 619 5023 779 5093; x_wconf 78' lang='lat'><strong>108</strong></span> <span class='ocrx_word' id='word_1_562' title='bbox 818 5037 1080 5085; x_wconf 82' lang='lat' dir='ltr'><strong>xenoues,</strong></span> <span class='ocrx_word' id='word_1_563' title='bbox 1114 5021 1542 5091; x_wconf 82' lang='lat' dir='ltr'><strong>gerontocomia.</strong></span> <span class='ocrx_word' id='word_1_564' title='bbox 1592 5020 1871 5088; x_wconf 85' lang='lat' dir='ltr'><strong>orphauo—</strong></span> 
     </span>
    </p>
   </div>
   <div class='ocr_carea' id='block_1_85' title="bbox 295 5108 1870 5186">
    <p class='ocr_par' dir='ltr' id='par_1_85' title="bbox 295 5108 1870 5186">
     <span class='ocr_line' id='line_1_85' title="bbox 295 5108 1870 5186; baseline -0.004 -16"><span class='ocrx_word' id='word_1_565' title='bbox 295 5117 540 5186; x_wconf 87' lang='lat' dir='ltr'><strong>Irophia,</strong></span> <span class='ocrx_word' id='word_1_566' title='bbox 579 5115 921 5179; x_wconf 77' lang='lat' dir='ltr'><strong>nosowmia,</strong></span> <span class='ocrx_word' id='word_1_567' title='bbox 953 5123 1047 5168; x_wconf 86' lang='lat' dir='ltr'><strong>aut</strong></span> <span class='ocrx_word' id='word_1_568' title='bbox 1096 5113 1310 5182; x_wconf 88' lang='lat' dir='ltr'><strong>ptochia</strong></span> <span class='ocrx_word' id='word_1_569' title='bbox 1347 5114 1616 5167; x_wconf 65' lang='lat' dir='ltr'><strong>aedificare</strong></span> <span class='ocrx_word' id='word_1_570' title='bbox 1648 5129 1660 5164; x_wconf 91' lang='lat'>:</span> <span class='ocrx_word' id='word_1_571' title='bbox 1706 5108 1870 5182; x_wconf 77' lang='lat' dir='ltr'><strong>[tum]</strong></span> 
     </span>
    </p>
   </div>
   <div class='ocr_carea' id='block_1_86' title="bbox 293 5205 1867 5276">
    <p class='ocr_par' dir='ltr' id='par_1_86' title="bbox 293 5205 1867 5276">
     <span class='ocr_line' id='line_1_86' title="bbox 293 5205 1867 5276; baseline -0.006 -11"><span class='ocrx_word' id='word_1_572' title='bbox 293 5211 458 5265; x_wconf 84' lang='lat' dir='ltr'><strong>etiam</strong></span> <span class='ocrx_word' id='word_1_573' title='bbox 492 5208 964 5263; x_wconf 84' lang='lat' dir='ltr'><strong>adntinistratores</strong></span> <span class='ocrx_word' id='word_1_574' title='bbox 994 5207 1127 5276; x_wconf 82' lang='lat' dir='ltr'><strong>ipsis</strong></span> <span class='ocrx_word' id='word_1_575' title='bbox 1156 5206 1454 5276; x_wconf 76' lang='lat' dir='ltr'><strong>praeficere,</strong></span> <span class='ocrx_word' id='word_1_576' title='bbox 1491 5205 1596 5258; x_wconf 87' lang='lat' dir='ltr'><strong>nisi</strong></span> <span class='ocrx_word' id='word_1_577' title='bbox 1621 5213 1867 5270; x_wconf 87' lang='lat' dir='ltr'><strong>testator,</strong></span> 
     </span>
    </p>
   </div>
   <div class='ocr_carea' id='block_1_87' title="bbox 292 5295 1869 5369">
    <p class='ocr_par' dir='ltr' id='par_1_87' title="bbox 292 5295 1869 5369">
     <span class='ocr_line' id='line_1_87' title="bbox 292 5295 1869 5369; baseline -0.003 -16"><span class='ocrx_word' id='word_1_578' title='bbox 292 5301 419 5369; x_wconf 91' lang='lat' dir='ltr'><strong>quis</strong></span> <span class='ocrx_word' id='word_1_579' title='bbox 450 5300 839 5355; x_wconf 87' lang='lat' dir='ltr'><strong>administrare</strong></span> <span class='ocrx_word' id='word_1_580' title='bbox 878 5297 1093 5357; x_wconf 65' lang='lat' dir='ltr'><strong>debeat,</strong></span> <span class='ocrx_word' id='word_1_581' title='bbox 1138 5310 1397 5366; x_wconf 80' lang='lat' dir='ltr'><strong>expresse</strong></span> <span class='ocrx_word' id='word_1_582' title='bbox 1428 5295 1667 5350; x_wconf 79' lang='lat' dir='ltr'><strong>dixerit:</strong></span> <span class='ocrx_word' id='word_1_583' title='bbox 1701 5304 1755 5349; x_wconf 91' lang='lat' dir='ltr'><strong>et</strong></span> <span class='ocrx_word' id='word_1_584' title='bbox 1785 5304 1869 5348; x_wconf 85' lang='lat' dir='ltr'><strong>ta-</strong></span> 
     </span>
    </p>
   </div>
   <div class='ocr_carea' id='block_1_88' title="bbox 290 5387 1865 5465">
    <p class='ocr_par' dir='ltr' id='par_1_88' title="bbox 290 5387 1865 5465">
     <span class='ocr_line' id='line_1_88' title="bbox 290 5387 1865 5465; baseline -0.004 -17"><span class='ocrx_word' id='word_1_585' title='bbox 290 5393 453 5448; x_wconf 82' lang='lat' dir='ltr'><strong>metsi</strong></span> <span class='ocrx_word' id='word_1_586' title='bbox 511 5391 1037 5465; x_wconf 76' lang='lat' dir='ltr'><strong>[administratorem</strong></span> <span class='ocrx_word' id='word_1_587' title='bbox 1088 5387 1342 5459; x_wconf 85' lang='lat' dir='ltr'><strong>testator]</strong></span> <span class='ocrx_word' id='word_1_588' title='bbox 1400 5388 1718 5454; x_wconf 89' lang='lat' dir='ltr'><strong>nominarit,</strong></span> <span class='ocrx_word' id='word_1_589' title='bbox 1774 5403 1865 5457; x_wconf 88' lang='lat' dir='ltr'><strong>po-</strong></span> 
     </span>
    </p>
   </div>
   <div class='ocr_carea' id='block_1_89' title="bbox 296 5478 1869 5556">
    <p class='ocr_par' dir='ltr' id='par_1_89' title="bbox 296 5478 1869 5556">
     <span class='ocr_line' id='line_1_89' title="bbox 296 5478 1869 5556; baseline -0.006 -14"><span class='ocrx_word' id='word_1_590' title='bbox 296 5496 540 5542; x_wconf 67' lang='lat' dir='ltr'><strong>lt‘SlalClll</strong></span> <span class='ocrx_word' id='word_1_591' title='bbox 598 5478 831 5556; x_wconf 75' lang='lat' dir='ltr'><strong>[tamen]</strong></span> <span class='ocrx_word' id='word_1_592' title='bbox 869 5480 1067 5532; x_wconf 84' lang='lat' dir='ltr'><strong>habere</strong></span> <span class='ocrx_word' id='word_1_593' title='bbox 1116 5478 1429 5547; x_wconf 83' lang='lat' dir='ltr'><strong>episcopum</strong></span> <span class='ocrx_word' id='word_1_594' title='bbox 1469 5516 1482 5540; x_wconf 90' lang='lat'><strong>,</strong></span> <span class='ocrx_word' id='word_1_595' title='bbox 1530 5487 1589 5531; x_wconf 89' lang='lat' dir='ltr'><strong>ut</strong></span> <span class='ocrx_word' id='word_1_596' title='bbox 1631 5478 1675 5533; x_wconf 91' lang='lat' dir='ltr'><strong>si</strong></span> <span class='ocrx_word' id='word_1_597' title='bbox 1729 5479 1869 5533; x_wconf 87' lang='lat' dir='ltr'><strong>male</strong></span> 
     </span>
    </p>
   </div>
   <div class='ocr_carea' id='block_1_90' title="bbox 292 5569 1865 5644">
    <p class='ocr_par' dir='ltr' id='par_1_90' title="bbox 292 5569 1865 5644">
     <span class='ocr_line' id='line_1_90' title="bbox 292 5569 1865 5644; baseline -0.008 -9"><span class='ocrx_word' id='word_1_598' title='bbox 292 5583 385 5637; x_wconf 88' lang='lat' dir='ltr'><strong>ille</strong></span> <span class='ocrx_word' id='word_1_599' title='bbox 408 5576 776 5639; x_wconf 83' lang='lat' dir='ltr'><strong>administret,</strong></span> <span class='ocrx_word' id='word_1_600' title='bbox 811 5569 1040 5644; x_wconf 89' lang='lat' dir='ltr'><strong>[ipsum]</strong></span> <span class='ocrx_word' id='word_1_601' title='bbox 1074 5580 1369 5634; x_wconf 49' lang='lat' dir='ltr'><strong>removeat,</strong></span> <span class='ocrx_word' id='word_1_602' title='bbox 1401 5579 1456 5624; x_wconf 87' lang='lat' dir='ltr'><strong>et</strong></span> <span class='ocrx_word' id='word_1_603' title='bbox 1486 5570 1649 5623; x_wconf 84' lang='lat' dir='ltr'><strong>alium</strong></span> <span class='ocrx_word' id='word_1_604' title='bbox 1684 5570 1865 5624; x_wconf 86' lang='lat' dir='ltr'><strong>faciat:</strong></span> 
     </span>
    </p>
   </div>
   <div class='ocr_carea' id='block_1_91' title="bbox 296 5662 1867 5738">
    <p class='ocr_par' dir='ltr' id='par_1_91' title="bbox 296 5662 1867 5738">
     <span class='ocr_line' id='line_1_91' title="bbox 296 5662 1867 5738; baseline -0.008 -9"><span class='ocrx_word' id='word_1_605' title='bbox 296 5676 342 5730; x_wconf 87' lang='lat' dir='ltr'><strong>si</strong></span> <span class='ocrx_word' id='word_1_606' title='bbox 378 5688 507 5725; x_wconf 87' lang='lat' dir='ltr'><strong>vero</strong></span> <span class='ocrx_word' id='word_1_607' title='bbox 545 5669 638 5738; x_wconf 82' lang='lat' dir='ltr'><strong>qui</strong></span> <span class='ocrx_word' id='word_1_608' title='bbox 674 5667 875 5733; x_wconf 80' lang='lat' dir='ltr'><strong>jussus-</strong></span> <span class='ocrx_word' id='word_1_609' title='bbox 901 5673 1006 5727; x_wconf 76' lang='lat' dir='ltr'><strong>est,</strong></span> <span class='ocrx_word' id='word_1_610' title='bbox 1058 5663 1127 5717; x_wconf 86' lang='lat' dir='ltr'><strong>ab</strong></span> <span class='ocrx_word' id='word_1_611' title='bbox 1174 5662 1433 5731; x_wconf 75' lang='lat' dir='ltr'><strong>episcopo</strong></span> <span class='ocrx_word' id='word_1_612' title='bbox 1490 5663 1867 5732; x_wconf 87' lang='lat' dir='ltr'><strong>interpellatus</strong></span> 
     </span>
    </p>
   </div>
   <div class='ocr_carea' id='block_1_92' title="bbox 298 5752 1861 5832">
    <p class='ocr_par' dir='ltr' id='par_1_92' title="bbox 298 5752 1861 5832">
     <span class='ocr_line' id='line_1_92' title="bbox 298 5752 1861 5832; baseline -0.005 -16"><span class='ocrx_word' id='word_1_613' title='bbox 298 5762 712 5832; x_wconf 64' lang='lat' dir='ltr'><strong>magistratuum</strong></span> <span class='ocrx_word' id='word_1_614' title='bbox 765 5752 979 5827; x_wconf 65' lang='lat' dir='ltr'><strong>[etiam]</strong></span> <span class='ocrx_word' id='word_1_615' title='bbox 1054 5754 1479 5809; x_wconf 77' lang='lat' dir='ltr'><strong>admonitionem</strong></span> <span class='ocrx_word' id='word_1_616' title='bbox 1552 5763 1861 5826; x_wconf 81' lang='lat' dir='ltr'><strong>exspectet,</strong></span> 
     </span>
    </p>
   </div>
   <div class='ocr_carea' id='block_1_93' title="bbox 1973 3186 3556 3266">
    <p class='ocr_par' dir='ltr' id='par_1_93' title="bbox 1973 3186 3556 3266">
     <span class='ocr_line' id='line_1_93' title="bbox 1973 3186 3556 3266; baseline -0.006 -18"><span class='ocrx_word' id='word_1_617' title='bbox 1973 3197 2066 3249; x_wconf 80' lang='grc' dir='ltr'>καὶ</span> <span class='ocrx_word' id='word_1_618' title='bbox 2106 3194 2205 3266; x_wconf 81' lang='grc' dir='ltr'>τὴν</span> <span class='ocrx_word' id='word_1_619' title='bbox 2250 3194 2459 3264; x_wconf 82' lang='grc' dir='ltr'>δωρεὰν</span> <span class='ocrx_word' id='word_1_620' title='bbox 2500 3193 2778 3264; x_wconf 80' lang='grc' dir='ltr'>ἐμφανίσῃ</span> <span class='ocrx_word' id='word_1_621' title='bbox 2813 3195 2899 3263; x_wconf 79' lang='grc' dir='ltr'><strong>ἐφ’</strong></span> <span class='ocrx_word' id='word_1_622' title='bbox 2939 3186 3015 3246; x_wconf 83' lang='grc' dir='ltr'>ὧν</span> <span class='ocrx_word' id='word_1_623' title='bbox 3045 3192 3343 3260; x_wconf 86' lang='grc' dir='ltr'>ἀναγκαῖόν</span> <span class='ocrx_word' id='word_1_624' title='bbox 3381 3193 3556 3250; x_wconf 76' lang='grc' dir='ltr'>ἐστιν,</span> 
     </span>
    </p>
   </div>
   <div class='ocr_carea' id='block_1_94' title="bbox 1973 3281 3557 3356">
    <p class='ocr_par' dir='ltr' id='par_1_94' title="bbox 1973 3281 3557 3356">
     <span class='ocr_line' id='line_1_94' title="bbox 1973 3281 3557 3356; baseline -0.004 -16"><span class='ocrx_word' id='word_1_625' title='bbox 1973 3285 2342 3355; x_wconf 75' lang='grc' dir='ltr'>ἀναγκάζεται</span> <span class='ocrx_word' id='word_1_626' title='bbox 2371 3284 2432 3338; x_wconf 83' lang='grc' dir='ltr'><strong>τὸ</strong></span> <span class='ocrx_word' id='word_1_627' title='bbox 2473 3285 2632 3356; x_wconf 73' lang='grc' dir='ltr'>ἔργον</span> <span class='ocrx_word' id='word_1_628' title='bbox 2678 3284 2781 3338; x_wconf 80' lang='grc' dir='ltr'><strong>κᾶν</strong></span> <span class='ocrx_word' id='word_1_629' title='bbox 2811 3285 2885 3356; x_wconf 83' lang='grc' dir='ltr'><strong>μὴ</strong></span> <span class='ocrx_word' id='word_1_630' title='bbox 2915 3283 3094 3355; x_wconf 78' lang='grc' dir='ltr'>ἥρχθη</span> <span class='ocrx_word' id='word_1_631' title='bbox 3140 3281 3384 3353; x_wconf 79' lang='grc' dir='ltr'>πληροῦν</span> <span class='ocrx_word' id='word_1_632' title='bbox 3414 3294 3557 3351; x_wconf 72' lang='grc' dir='ltr'>μετα</span> 
     </span>
    </p>
   </div>
   <div class='ocr_carea' id='block_1_95' title="bbox 1972 3372 3552 3449">
    <p class='ocr_par' dir='ltr' id='par_1_95' title="bbox 1972 3372 3552 3449">
     <span class='ocr_line' id='line_1_95' title="bbox 1972 3372 3552 3449; baseline -0.004 -18"><span class='ocrx_word' id='word_1_633' title='bbox 1972 3379 2349 3449; x_wconf 77' lang='grc' dir='ltr'>κληρονόμων,</span> <span class='ocrx_word' id='word_1_634' title='bbox 2384 3377 2477 3429; x_wconf 76' lang='grc' dir='ltr'><strong>καὶ</strong></span> <span class='ocrx_word' id='word_1_635' title='bbox 2514 3376 2851 3446; x_wconf 80' lang='grc' dir='ltr'>πληρωθέντι</span> <span class='ocrx_word' id='word_1_636' title='bbox 2881 3375 3065 3427; x_wconf 87' lang='grc' dir='ltr'>δοῦναι</span> <span class='ocrx_word' id='word_1_637' title='bbox 3086 3374 3155 3426; x_wconf 81' lang='grc' dir='ltr'><strong>τὰ</strong></span> <span class='ocrx_word' id='word_1_638' title='bbox 3191 3372 3292 3442; x_wconf 81' lang='grc' dir='ltr'>τῆς</span> <span class='ocrx_word' id='word_1_639' title='bbox 3318 3373 3552 3441; x_wconf 74' lang='grc' dir='ltr'>δωρεᾶς.</span> 
     </span>
    </p>
   </div>
   <div class='ocr_carea' id='block_1_96' title="bbox 1974 3465 3553 3537">
    <p class='ocr_par' dir='ltr' id='par_1_96' title="bbox 1974 3465 3553 3537">
     <span class='ocr_line' id='line_1_96' title="bbox 1974 3465 3553 3537; baseline -0.004 -16"><span class='ocrx_word' id='word_1_640' title='bbox 1974 3470 2046 3522; x_wconf 86' lang='grc' dir='ltr'>Τὸ</span> <span class='ocrx_word' id='word_1_641' title='bbox 2070 3470 2202 3522; x_wconf 76' lang='grc' dir='ltr'>αὐτὸ</span> <span class='ocrx_word' id='word_1_642' title='bbox 2227 3469 2285 3521; x_wconf 80' lang='grc' dir='ltr'><strong>δέ</strong></span> <span class='ocrx_word' id='word_1_643' title='bbox 2311 3469 2407 3523; x_wconf 73' lang='grc' dir='ltr'><strong>καὶ</strong></span> <span class='ocrx_word' id='word_1_644' title='bbox 2432 3470 2523 3521; x_wconf 74' lang='grc' dir='ltr'><strong>ἐπὶ</strong></span> <span class='ocrx_word' id='word_1_645' title='bbox 2551 3467 2658 3521; x_wconf 82' lang='grc' dir='ltr'><strong>τῶν</strong></span> <span class='ocrx_word' id='word_1_646' title='bbox 2692 3468 3033 3537; x_wconf 81' lang='grc' dir='ltr'>ξενοδοχείων</span> <span class='ocrx_word' id='word_1_647' title='bbox 3064 3467 3160 3519; x_wconf 72' lang='grc' dir='ltr'>καὶ</span> <span class='ocrx_word' id='word_1_648' title='bbox 3187 3465 3553 3533; x_wconf 87' lang='grc' dir='ltr'>νοσοκομείων</span> 
     </span>
    </p>
   </div>
   <div class='ocr_carea' id='block_1_97' title="bbox 1972 3557 3553 3629">
    <p class='ocr_par' dir='ltr' id='par_1_97' title="bbox 1972 3557 3553 3629">
     <span class='ocr_line' id='line_1_97' title="bbox 1972 3557 3553 3629; baseline -0.004 -15"><span class='ocrx_word' id='word_1_649' title='bbox 1972 3562 2065 3614; x_wconf 73' lang='grc' dir='ltr'>καὶ</span> <span class='ocrx_word' id='word_1_650' title='bbox 2102 3561 2408 3629; x_wconf 81' lang='grc' dir='ltr'>πτωχείων·</span> <span class='ocrx_word' id='word_1_651' title='bbox 2445 3559 2628 3622; x_wconf 84' lang='grc' dir='ltr'>ἁδείας</span> <span class='ocrx_word' id='word_1_652' title='bbox 2652 3557 2819 3629; x_wconf 78' lang='grc' dir='ltr'>οῦσης</span> <span class='ocrx_word' id='word_1_653' title='bbox 2846 3561 2959 3622; x_wconf 89' lang='grc' dir='ltr'>τοῖς</span> <span class='ocrx_word' id='word_1_654' title='bbox 2988 3557 3307 3620; x_wconf 83' lang='grc' dir='ltr'>ἐπισκόποις</span> <span class='ocrx_word' id='word_1_655' title='bbox 3345 3557 3440 3610; x_wconf 74' lang='grc' dir='ltr'><strong>καὶ</strong></span> <span class='ocrx_word' id='word_1_656' title='bbox 3471 3559 3553 3608; x_wconf 81' lang='grc' dir='ltr'><strong>οἰ-</strong></span> 
     </span>
    </p>
   </div>
   <div class='ocr_carea' id='block_1_98' title="bbox 1973 3649 3551 3722">
    <p class='ocr_par' dir='ltr' id='par_1_98' title="bbox 1973 3649 3551 3722">
     <span class='ocr_line' id='line_1_98' title="bbox 1973 3649 3551 3722; baseline -0.004 -16"><span class='ocrx_word' id='word_1_657' title='bbox 1973 3652 2222 3722; x_wconf 88' lang='grc' dir='ltr'>κονόμοις</span> <span class='ocrx_word' id='word_1_658' title='bbox 2247 3653 2459 3719; x_wconf 76' lang='grc' dir='ltr'>ἐνάγειν</span> <span class='ocrx_word' id='word_1_659' title='bbox 2484 3651 2699 3707; x_wconf 76' lang='grc' dir='ltr'>αὐτούς.</span> <span class='ocrx_word' id='word_1_660' title='bbox 2738 3649 2956 3704; x_wconf 86' lang='grc' dir='ltr'>Τούτων</span> <span class='ocrx_word' id='word_1_661' title='bbox 2984 3650 3041 3703; x_wconf 82' lang='grc' dir='ltr'><strong>δὲ</strong></span> <span class='ocrx_word' id='word_1_662' title='bbox 3071 3649 3484 3720; x_wconf 80' lang='grc' dir='ltr'>πληρουμένων,</span> <span class='ocrx_word' id='word_1_663' title='bbox 3517 3650 3551 3718; x_wconf 70' lang='grc' dir='ltr'><strong>ἡ</strong></span> 
     </span>
    </p>
   </div>
   <div class='ocr_carea' id='block_1_99' title="bbox 1971 3738 3550 3808">
    <p class='ocr_par' dir='ltr' id='par_1_99' title="bbox 1971 3738 3550 3808">
     <span class='ocr_line' id='line_1_99' title="bbox 1971 3738 3550 3808; baseline -0.001 -18"><span class='ocrx_word' id='word_1_664' title='bbox 1971 3738 2233 3808; x_wconf 82' lang='grc' dir='ltr'>διοίκησις</span> <span class='ocrx_word' id='word_1_665' title='bbox 2279 3740 2420 3791; x_wconf 76' lang='grc' dir='ltr'>κατὰ</span> <span class='ocrx_word' id='word_1_666' title='bbox 2472 3739 2543 3791; x_wconf 75' lang='grc' dir='ltr'>τὰ</span> <span class='ocrx_word' id='word_1_667' title='bbox 2584 3738 2813 3804; x_wconf 78' lang='grc' dir='ltr'>δόξαντα</span> <span class='ocrx_word' id='word_1_668' title='bbox 2862 3741 2973 3801; x_wconf 84' lang='grc' dir='ltr'>τοῖς</span> <span class='ocrx_word' id='word_1_669' title='bbox 3026 3738 3550 3808; x_wconf 77' lang='grc' dir='ltr'>φιλοτιμησαμένοις</span> 
     </span>
    </p>
   </div>
   <div class='ocr_carea' id='block_1_100' title="bbox 1972 3829 3547 3901">
    <p class='ocr_par' dir='ltr' id='par_1_100' title="bbox 1972 3829 3547 3901">
     <span class='ocr_line' id='line_1_100' title="bbox 1972 3829 3547 3901; baseline -0.002 -17"><span class='ocrx_word' id='word_1_670' title='bbox 1972 3833 2064 3884; x_wconf 81' lang='grc' dir='ltr'>καὶ</span> <span class='ocrx_word' id='word_1_671' title='bbox 2093 3830 2217 3893; x_wconf 81' lang='grc' dir='ltr'>τοὺς</span> <span class='ocrx_word' id='word_1_672' title='bbox 2247 3829 2591 3894; x_wconf 75' lang='grc' dir='ltr'>ἐπιτεθέντας</span> <span class='ocrx_word' id='word_1_673' title='bbox 2627 3832 2783 3900; x_wconf 85' lang='grc' dir='ltr'>ὅρους</span> <span class='ocrx_word' id='word_1_674' title='bbox 2819 3830 3055 3898; x_wconf 82' lang='grc' dir='ltr'>γίνεται,</span> <span class='ocrx_word' id='word_1_675' title='bbox 3090 3831 3186 3884; x_wconf 73' lang='grc' dir='ltr'>καὶ</span> <span class='ocrx_word' id='word_1_676' title='bbox 3216 3832 3249 3901; x_wconf 82' lang='grc' dir='ltr'>ή</span> <span class='ocrx_word' id='word_1_677' title='bbox 3288 3837 3368 3900; x_wconf 84' lang='grc' dir='ltr'>με’</span> <span class='ocrx_word' id='word_1_678' title='bbox 3408 3829 3547 3882; x_wconf 80' lang='grc' dir='ltr'>διάτ.</span> 
     </span>
    </p>
   </div>
   <div class='ocr_carea' id='block_1_101' title="bbox 1971 3922 3551 3993">
    <p class='ocr_par' dir='ltr' id='par_1_101' title="bbox 1971 3922 3551 3993">
     <span class='ocr_line' id='line_1_101' title="bbox 1971 3922 3551 3993; baseline 0.008 -18"><span class='ocrx_word' id='word_1_679' title='bbox 1971 3922 2064 3975; x_wconf 89' lang='grc' dir='ltr'><strong>τοῦ</strong></span> <span class='ocrx_word' id='word_1_680' title='bbox 2096 3930 2142 3991; x_wconf 84' lang='grc' dir='ltr'>γ’</span> <span class='ocrx_word' id='word_1_681' title='bbox 2168 3922 2274 3976; x_wconf 82' lang='grc' dir='ltr'>τίτ.</span> <span class='ocrx_word' id='word_1_682' title='bbox 2315 3922 2407 3975; x_wconf 83' lang='grc' dir='ltr'><strong>τοῦ</strong></span> <span class='ocrx_word' id='word_1_683' title='bbox 2434 3922 2596 3974; x_wconf 77' lang='grc' dir='ltr'>αὑτοῦ</span> <span class='ocrx_word' id='word_1_684' title='bbox 2637 3929 2683 3976; x_wconf 81' lang='grc' dir='ltr'>α’</span> <span class='ocrx_word' id='word_1_685' title='bbox 2716 3922 2854 3992; x_wconf 78' lang='grc' dir='ltr'>βιϐλ.</span> <span class='ocrx_word' id='word_1_686' title='bbox 2894 3926 3079 3993; x_wconf 74' lang='grc' dir='ltr'>φησὶν,</span> <span class='ocrx_word' id='word_1_687' title='bbox 3116 3924 3195 3976; x_wconf 77' lang='grc' dir='ltr'>ὅτι</span> <span class='ocrx_word' id='word_1_688' title='bbox 3227 3923 3322 3975; x_wconf 74' lang='grc' dir='ltr'>ἐάν</span> <span class='ocrx_word' id='word_1_689' title='bbox 3351 3940 3435 3985; x_wconf 83' lang='grc' dir='ltr'>τις</span> <span class='ocrx_word' id='word_1_690' title='bbox 3458 3923 3551 3974; x_wconf 69' lang='grc' dir='ltr'><strong>εὖ·</strong></span> 
     </span>
    </p>
   </div>
   <div class='ocr_carea' id='block_1_102' title="bbox 1976 4013 3548 4084">
    <p class='ocr_par' dir='ltr' id='par_1_102' title="bbox 1976 4013 3548 4084">
     <span class='ocr_line' id='line_1_102' title="bbox 1976 4013 3548 4084; baseline 0 -18"><span class='ocrx_word' id='word_1_691' title='bbox 1976 4014 2109 4083; x_wconf 80' lang='grc' dir='ltr'>σεϐῆ</span> <span class='ocrx_word' id='word_1_692' title='bbox 2140 4016 2416 4084; x_wconf 85' lang='grc' dir='ltr'>ποιήσοιτο</span> <span class='ocrx_word' id='word_1_693' title='bbox 2458 4013 2814 4079; x_wconf 85' lang='grc' dir='ltr'>διατύπωσιν,</span> <span class='ocrx_word' id='word_1_694' title='bbox 2858 4018 2916 4069; x_wconf 86' lang='grc' dir='ltr'><strong>ἐν</strong></span> <span class='ocrx_word' id='word_1_695' title='bbox 2955 4016 3267 4083; x_wconf 80' lang='grc' dir='ltr'>ἑνστάσειῆ</span> <span class='ocrx_word' id='word_1_696' title='bbox 3305 4014 3548 4084; x_wconf 81' lang='grc' dir='ltr'>ληγάτῳ,</span> 
     </span>
    </p>
   </div>
   <div class='ocr_carea' id='block_1_103' title="bbox 1972 4104 3551 4177">
    <p class='ocr_par' dir='ltr' id='par_1_103' title="bbox 1972 4104 3551 4177">
     <span class='ocr_line' id='line_1_103' title="bbox 1972 4104 3551 4177; baseline -0.001 -18"><span class='ocrx_word' id='word_1_697' title='bbox 1972 4106 2003 4177; x_wconf 78' lang='grc' dir='ltr'>ἦ</span> <span class='ocrx_word' id='word_1_698' title='bbox 2035 4108 2159 4175; x_wconf 76' lang='lat' dir='ltr'><strong>ﬁdei</strong></span> <span class='ocrx_word' id='word_1_699' title='bbox 2194 4107 2471 4160; x_wconf 81' lang='lat' dir='ltr'><strong>commisso</strong></span> <span class='ocrx_word' id='word_1_700' title='bbox 2506 4109 2690 4160; x_wconf 75' lang='lat' dir='ltr'><strong>mortis</strong></span> <span class='ocrx_word' id='word_1_701' title='bbox 2717 4123 2878 4160; x_wconf 80' lang='lat' dir='ltr'><strong>causa</strong></span> <span class='ocrx_word' id='word_1_702' title='bbox 2917 4106 3127 4177; x_wconf 80' lang='grc' dir='ltr'>δωρεᾷ,</span> <span class='ocrx_word' id='word_1_703' title='bbox 3162 4108 3408 4175; x_wconf 79' lang='grc' dir='ltr'>ἀνάγκην</span> <span class='ocrx_word' id='word_1_704' title='bbox 3438 4104 3551 4175; x_wconf 77' lang='grc' dir='ltr'>ἔχει</span> 
     </span>
    </p>
   </div>
   <div class='ocr_carea' id='block_1_104' title="bbox 1971 4195 3552 4265">
    <p class='ocr_par' dir='ltr' id='par_1_104' title="bbox 1971 4195 3552 4265">
     <span class='ocr_line' id='line_1_104' title="bbox 1971 4195 3552 4265; baseline -0.001 -16"><span class='ocrx_word' id='word_1_705' title='bbox 1971 4200 1999 4249; x_wconf 89' lang='lat'><strong>6</strong></span> <span class='ocrx_word' id='word_1_706' title='bbox 2030 4196 2342 4259; x_wconf 67' lang='grc' dir='ltr'>κελευσθεὶς</span> <span class='ocrx_word' id='word_1_707' title='bbox 2374 4195 2461 4249; x_wconf 91' lang='grc' dir='ltr'><strong>διά</strong></span> <span class='ocrx_word' id='word_1_708' title='bbox 2500 4196 2594 4248; x_wconf 89' lang='grc' dir='ltr'><strong>τοῦ</strong></span> <span class='ocrx_word' id='word_1_709' title='bbox 2646 4197 2980 4258; x_wconf 81' lang='grc' dir='ltr'>ἐπισκόπου,</span> <span class='ocrx_word' id='word_1_710' title='bbox 3020 4197 3122 4249; x_wconf 71' lang='grc' dir='ltr'>κᾶν</span> <span class='ocrx_word' id='word_1_711' title='bbox 3152 4196 3399 4265; x_wconf 79' lang='grc' dir='ltr'>ἐκωλύθη</span> <span class='ocrx_word' id='word_1_712' title='bbox 3450 4197 3552 4248; x_wconf 73' lang='grc' dir='ltr'>ὑπὸ</span> 
     </span>
    </p>
   </div>
   <div class='ocr_carea' id='block_1_105' title="bbox 1974 4288 3553 4359">
    <p class='ocr_par' dir='ltr' id='par_1_105' title="bbox 1974 4288 3553 4359">
     <span class='ocr_line' id='line_1_105' title="bbox 1974 4288 3553 4359; baseline 0 -19"><span class='ocrx_word' id='word_1_713' title='bbox 1974 4288 2065 4340; x_wconf 81' lang='grc' dir='ltr'><strong>τοῦ</strong></span> <span class='ocrx_word' id='word_1_714' title='bbox 2128 4288 2447 4357; x_wconf 80' lang='grc' dir='ltr'>διαθεμένου</span> <span class='ocrx_word' id='word_1_715' title='bbox 2505 4291 2823 4358; x_wconf 79' lang='grc' dir='ltr'>προνοῆσαι,</span> <span class='ocrx_word' id='word_1_716' title='bbox 2868 4291 2916 4341; x_wconf 78' lang='grc' dir='ltr'><strong>εί</strong></span> <span class='ocrx_word' id='word_1_717' title='bbox 2964 4289 3061 4359; x_wconf 79' lang='grc' dir='ltr'><strong>μὲν</strong></span> <span class='ocrx_word' id='word_1_718' title='bbox 3110 4289 3407 4358; x_wconf 78' lang='grc' dir='ltr'>ἐκκλησίαν</span> <span class='ocrx_word' id='word_1_719' title='bbox 3456 4293 3553 4340; x_wconf 83' lang='grc' dir='ltr'>ἐπ-</span> 
     </span>
    </p>
   </div>
   <div class='ocr_carea' id='block_1_106' title="bbox 1974 4379 3555 4451">
    <p class='ocr_par' dir='ltr' id='par_1_106' title="bbox 1974 4379 3555 4451">
     <span class='ocr_line' id='line_1_106' title="bbox 1974 4379 3555 4451; baseline 0.001 -19"><span class='ocrx_word' id='word_1_720' title='bbox 1974 4380 2189 4450; x_wconf 82' lang='grc' dir='ltr'>ετράπη</span> <span class='ocrx_word' id='word_1_721' title='bbox 2227 4381 2472 4450; x_wconf 82' lang='grc' dir='ltr'>ποιῆσαι,</span> <span class='ocrx_word' id='word_1_722' title='bbox 2499 4379 2739 4450; x_wconf 80' lang='grc' dir='ltr'>πληροῦν</span> <span class='ocrx_word' id='word_1_723' title='bbox 2766 4382 2934 4450; x_wconf 79' lang='grc' dir='ltr'>αὐτὴν</span> <span class='ocrx_word' id='word_1_724' title='bbox 2954 4383 3085 4434; x_wconf 84' lang='grc' dir='ltr'>εῐσω</span> <span class='ocrx_word' id='word_1_725' title='bbox 3115 4382 3356 4451; x_wconf 81' lang='grc' dir='ltr'>τριετίας</span> <span class='ocrx_word' id='word_1_726' title='bbox 3375 4399 3389 4411; x_wconf 90' lang='grc'><strong>·</strong></span> <span class='ocrx_word' id='word_1_727' title='bbox 3414 4383 3462 4433; x_wconf 86' lang='grc' dir='ltr'>εἰ</span> <span class='ocrx_word' id='word_1_728' title='bbox 3496 4380 3555 4433; x_wconf 76' lang='grc' dir='ltr'>δὲ</span> 
     </span>
    </p>
   </div>
   <div class='ocr_carea' id='block_1_107' title="bbox 1908 4471 3553 4544">
    <p class='ocr_par' dir='ltr' id='par_1_107' title="bbox 1908 4471 3553 4544">
     <span class='ocr_line' id='line_1_107' title="bbox 1908 4471 3553 4544; baseline 0.002 -21"><span class='ocrx_word' id='word_1_729' title='bbox 1908 4471 1947 4523; x_wconf 93' lang='lat' dir='ltr'><strong>D</strong></span> <span class='ocrx_word' id='word_1_730' title='bbox 1977 4474 2213 4539; x_wconf 82' lang='grc' dir='ltr'>ξενῶνα,</span> <span class='ocrx_word' id='word_1_731' title='bbox 2248 4474 2381 4527; x_wconf 84' lang='grc' dir='ltr'>εἵσω</span> <span class='ocrx_word' id='word_1_732' title='bbox 2418 4474 2700 4526; x_wconf 83' lang='grc' dir='ltr'>ἐνιαυτοῦ’</span> <span class='ocrx_word' id='word_1_733' title='bbox 2745 4474 2966 4527; x_wconf 65' lang='grc' dir='ltr'>δυνατὸν</span> <span class='ocrx_word' id='word_1_734' title='bbox 2997 4475 3105 4544; x_wconf 79' lang='grc' dir='ltr'><strong>γὰρ</strong></span> <span class='ocrx_word' id='word_1_735' title='bbox 3142 4477 3235 4528; x_wconf 74' lang='grc' dir='ltr'><strong>καὶ</strong></span> <span class='ocrx_word' id='word_1_736' title='bbox 3276 4472 3423 4527; x_wconf 73' lang='grc' dir='ltr'>οἷκον</span> <span class='ocrx_word' id='word_1_737' title='bbox 3472 4477 3553 4537; x_wconf 80' lang='grc' dir='ltr'><strong>είς</strong></span> 
     </span>
    </p>
   </div>
   <div class='ocr_carea' id='block_1_108' title="bbox 1973 4562 3555 4637">
    <p class='ocr_par' dir='ltr' id='par_1_108' title="bbox 1973 4562 3555 4637">
     <span class='ocr_line' id='line_1_108' title="bbox 1973 4562 3555 4637; baseline 0 -18"><span class='ocrx_word' id='word_1_738' title='bbox 1973 4565 2256 4619; x_wconf 82' lang='grc' dir='ltr'>ἀνάκλισιν</span> <span class='ocrx_word' id='word_1_739' title='bbox 2279 4566 2385 4619; x_wconf 82' lang='grc' dir='ltr'>τῶν</span> <span class='ocrx_word' id='word_1_740' title='bbox 2405 4564 2704 4637; x_wconf 69' lang='grc' dir='ltr'>ἀρρώστων</span> <span class='ocrx_word' id='word_1_741' title='bbox 2722 4566 3064 4636; x_wconf 82' lang='grc' dir='ltr'>μισθοῦσθαι,</span> <span class='ocrx_word' id='word_1_742' title='bbox 3087 4567 3192 4631; x_wconf 79' lang='grc' dir='ltr'>ἕως</span> <span class='ocrx_word' id='word_1_743' title='bbox 3221 4562 3283 4621; x_wconf 73' lang='grc' dir='ltr'>οὗ</span> <span class='ocrx_word' id='word_1_744' title='bbox 3307 4568 3366 4620; x_wconf 79' lang='grc' dir='ltr'><strong>τὸ</strong></span> <span class='ocrx_word' id='word_1_745' title='bbox 3392 4568 3555 4637; x_wconf 79' lang='grc' dir='ltr'>ἔργον</span> 
     </span>
    </p>
   </div>
   <div class='ocr_carea' id='block_1_109' title="bbox 1972 4657 3552 4731">
    <p class='ocr_par' dir='ltr' id='par_1_109' title="bbox 1972 4657 3552 4731">
     <span class='ocr_line' id='line_1_109' title="bbox 1972 4657 3552 4731; baseline 0.004 -23"><span class='ocrx_word' id='word_1_746' title='bbox 1972 4657 2257 4730; x_wconf 80' lang='grc' dir='ltr'>πληρωθῇ.</span> <span class='ocrx_word' id='word_1_747' title='bbox 2312 4658 2417 4711; x_wconf 85' lang='grc' dir='ltr'><strong>Τοῦ</strong></span> <span class='ocrx_word' id='word_1_748' title='bbox 2470 4658 2527 4711; x_wconf 84' lang='grc' dir='ltr'>δὲ</span> <span class='ocrx_word' id='word_1_749' title='bbox 2578 4658 2819 4712; x_wconf 89' lang='grc' dir='ltr'>τοιούτου</span> <span class='ocrx_word' id='word_1_750' title='bbox 2867 4661 3060 4731; x_wconf 85' lang='grc' dir='ltr'>χρόνου</span> <span class='ocrx_word' id='word_1_751' title='bbox 3112 4662 3552 4731; x_wconf 79' lang='grc' dir='ltr'>παρερχομένου,</span> 
     </span>
    </p>
   </div>
   <div class='ocr_carea' id='block_1_110' title="bbox 1971 4750 3555 4822">
    <p class='ocr_par' dir='ltr' id='par_1_110' title="bbox 1971 4750 3555 4822">
     <span class='ocr_line' id='line_1_110' title="bbox 1971 4750 3555 4822; baseline -0.001 -18"><span class='ocrx_word' id='word_1_752' title='bbox 1971 4752 2194 4804; x_wconf 83' lang='grc' dir='ltr'>ἀπαιτεῖ</span> <span class='ocrx_word' id='word_1_753' title='bbox 2235 4751 2296 4802; x_wconf 73' lang='grc' dir='ltr'><strong>τὸ</strong></span> <span class='ocrx_word' id='word_1_754' title='bbox 2341 4750 2704 4818; x_wconf 71' lang='grc' dir='ltr'>καταλειφθὲν</span> <span class='ocrx_word' id='word_1_755' title='bbox 2743 4752 2771 4803; x_wconf 98' lang='lat'><strong>6</strong></span> <span class='ocrx_word' id='word_1_756' title='bbox 2809 4752 3107 4815; x_wconf 76' lang='grc' dir='ltr'>ἐπίσκοπος</span> <span class='ocrx_word' id='word_1_757' title='bbox 3144 4755 3283 4818; x_wconf 87' lang='grc' dir='ltr'><strong>μετά</strong></span> <span class='ocrx_word' id='word_1_758' title='bbox 3322 4753 3555 4822; x_wconf 71' lang='grc' dir='ltr'>καρπῶν</span> 
     </span>
    </p>
   </div>
   <div class='ocr_carea' id='block_1_111' title="bbox 1973 4839 3553 4911">
    <p class='ocr_par' dir='ltr' id='par_1_111' title="bbox 1973 4839 3553 4911">
     <span class='ocr_line' id='line_1_111' title="bbox 1973 4839 3553 4911; baseline 0.001 -20"><span class='ocrx_word' id='word_1_759' title='bbox 1973 4840 2067 4891; x_wconf 73' lang='grc' dir='ltr'>καὶ</span> <span class='ocrx_word' id='word_1_760' title='bbox 2100 4840 2378 4909; x_wconf 73' lang='grc' dir='ltr'>αὑξήσεων</span> <span class='ocrx_word' id='word_1_761' title='bbox 2412 4839 2519 4892; x_wconf 80' lang='grc' dir='ltr'>ἀπὸ</span> <span class='ocrx_word' id='word_1_762' title='bbox 2561 4839 2655 4891; x_wconf 86' lang='grc' dir='ltr'><strong>τοῦ</strong></span> <span class='ocrx_word' id='word_1_763' title='bbox 2702 4839 2894 4909; x_wconf 85' lang='grc' dir='ltr'>καιροῦ</span> <span class='ocrx_word' id='word_1_764' title='bbox 2948 4842 3045 4911; x_wconf 84' lang='grc' dir='ltr'><strong>τῆς</strong></span> <span class='ocrx_word' id='word_1_765' title='bbox 3089 4840 3183 4893; x_wconf 83' lang='grc' dir='ltr'><strong>τοῦ</strong></span> <span class='ocrx_word' id='word_1_766' title='bbox 3230 4841 3553 4909; x_wconf 79' lang='grc' dir='ltr'>διαθεμένου</span> 
     </span>
    </p>
   </div>
   <div class='ocr_carea' id='block_1_112' title="bbox 1969 4930 3552 5001">
    <p class='ocr_par' dir='ltr' id='par_1_112' title="bbox 1969 4930 3552 5001">
     <span class='ocr_line' id='line_1_112' title="bbox 1969 4930 3552 5001; baseline 0.002 -20"><span class='ocrx_word' id='word_1_767' title='bbox 1969 4930 2227 5000; x_wconf 79' lang='grc' dir='ltr'>τελευτῆς</span> <span class='ocrx_word' id='word_1_768' title='bbox 2247 4972 2261 4995; x_wconf 88' lang='grc'><strong>,</strong></span> <span class='ocrx_word' id='word_1_769' title='bbox 2292 4931 2385 4982; x_wconf 72' lang='grc' dir='ltr'>καὶ</span> <span class='ocrx_word' id='word_1_770' title='bbox 2411 4934 2648 4985; x_wconf 85' lang='grc' dir='ltr'>ποιεῖται</span> <span class='ocrx_word' id='word_1_771' title='bbox 2673 4930 2768 4994; x_wconf 78' lang='grc' dir='ltr'><strong>τὰς</strong></span> <span class='ocrx_word' id='word_1_772' title='bbox 2792 4931 3078 5001; x_wconf 74' lang='grc' dir='ltr'>οἰκοδομὰς</span> <span class='ocrx_word' id='word_1_773' title='bbox 3105 4933 3212 4985; x_wconf 82' lang='grc' dir='ltr'><strong>τῶν</strong></span> <span class='ocrx_word' id='word_1_774' title='bbox 3241 4934 3552 4990; x_wconf 72' lang='grc' dir='ltr'>ἐκκλησιῶν</span> 
     </span>
    </p>
   </div>
   <div class='ocr_carea' id='block_1_113' title="bbox 1972 5022 3549 5095">
    <p class='ocr_par' dir='ltr' id='par_1_113' title="bbox 1972 5022 3549 5095">
     <span class='ocr_line' id='line_1_113' title="bbox 1972 5022 3549 5095; baseline 0.001 -19"><span class='ocrx_word' id='word_1_775' title='bbox 1972 5025 2065 5076; x_wconf 69' lang='grc' dir='ltr'>καὶ</span> <span class='ocrx_word' id='word_1_776' title='bbox 2089 5024 2196 5076; x_wconf 85' lang='grc' dir='ltr'><strong>τῶν</strong></span> <span class='ocrx_word' id='word_1_777' title='bbox 2222 5022 2484 5089; x_wconf 80' lang='grc' dir='ltr'>ξενώνων,</span> <span class='ocrx_word' id='word_1_778' title='bbox 2514 5026 2547 5093; x_wconf 82' lang='grc' dir='ltr'>ἢ</span> <span class='ocrx_word' id='word_1_779' title='bbox 2576 5025 2683 5077; x_wconf 84' lang='grc' dir='ltr'><strong>τῶν</strong></span> <span class='ocrx_word' id='word_1_780' title='bbox 2723 5026 3122 5095; x_wconf 85' lang='grc' dir='ltr'>γηροκομείων,</span> <span class='ocrx_word' id='word_1_781' title='bbox 3150 5026 3181 5095; x_wconf 82' lang='grc' dir='ltr'>ἢ</span> <span class='ocrx_word' id='word_1_782' title='bbox 3211 5027 3549 5095; x_wconf 78' lang='grc' dir='ltr'>ὀρφανοτρο-</span> 
     </span>
    </p>
   </div>
   <div class='ocr_carea' id='block_1_114' title="bbox 1970 5114 3553 5184">
    <p class='ocr_par' dir='ltr' id='par_1_114' title="bbox 1970 5114 3553 5184">
     <span class='ocr_line' id='line_1_114' title="bbox 1970 5114 3553 5184; baseline 0.001 -19"><span class='ocrx_word' id='word_1_783' title='bbox 1970 5114 2159 5180; x_wconf 85' lang='grc' dir='ltr'>φείων,</span> <span class='ocrx_word' id='word_1_784' title='bbox 2195 5114 2227 5184; x_wconf 84' lang='grc' dir='ltr'>ἢ</span> <span class='ocrx_word' id='word_1_785' title='bbox 2258 5114 2643 5183; x_wconf 88' lang='grc' dir='ltr'>νοσοκομείων,</span> <span class='ocrx_word' id='word_1_786' title='bbox 2679 5114 2711 5182; x_wconf 84' lang='grc' dir='ltr'>ἢ</span> <span class='ocrx_word' id='word_1_787' title='bbox 2748 5114 3055 5183; x_wconf 86' lang='grc' dir='ltr'>πτωχείων,</span> <span class='ocrx_word' id='word_1_788' title='bbox 3084 5115 3176 5167; x_wconf 78' lang='grc' dir='ltr'><strong>καὶ</strong></span> <span class='ocrx_word' id='word_1_789' title='bbox 3208 5115 3553 5184; x_wconf 74' lang='grc' dir='ltr'>προχειρίζε-</span> 
     </span>
    </p>
   </div>
   <div class='ocr_carea' id='block_1_115' title="bbox 1968 5202 3551 5277">
    <p class='ocr_par' dir='ltr' id='par_1_115' title="bbox 1968 5202 3551 5277">
     <span class='ocr_line' id='line_1_115' title="bbox 1968 5202 3551 5277; baseline 0.002 -21"><span class='ocrx_word' id='word_1_790' title='bbox 1968 5220 2059 5257; x_wconf 85' lang='grc' dir='ltr'><strong>ται</strong></span> <span class='ocrx_word' id='word_1_791' title='bbox 2084 5204 2211 5267; x_wconf 73' lang='grc' dir='ltr'>τοὺς</span> <span class='ocrx_word' id='word_1_792' title='bbox 2234 5202 2510 5273; x_wconf 79' lang='grc' dir='ltr'>διοικητὰς</span> <span class='ocrx_word' id='word_1_793' title='bbox 2536 5204 2736 5256; x_wconf 76' lang='grc' dir='ltr'>αὐτῶν·</span> <span class='ocrx_word' id='word_1_794' title='bbox 2760 5202 2815 5256; x_wconf 70' lang='lat' dir='ltr'><strong>ei</strong></span> <span class='ocrx_word' id='word_1_795' title='bbox 2839 5218 2903 5270; x_wconf 86' lang='grc' dir='ltr'><strong>γε</strong></span> <span class='ocrx_word' id='word_1_796' title='bbox 2930 5202 3004 5273; x_wconf 80' lang='grc' dir='ltr'>μὴ</span> <span class='ocrx_word' id='word_1_797' title='bbox 3034 5204 3212 5275; x_wconf 78' lang='grc' dir='ltr'>ῥητῶς</span> <span class='ocrx_word' id='word_1_798' title='bbox 3237 5208 3264 5259; x_wconf 90' lang='lat'><strong>6</strong></span> <span class='ocrx_word' id='word_1_799' title='bbox 3291 5206 3551 5277; x_wconf 83' lang='grc' dir='ltr'>τελευτή-</span> 
     </span>
    </p>
   </div>
   <div class='ocr_carea' id='block_1_116' title="bbox 1972 5290 3549 5369">
    <p class='ocr_par' dir='ltr' id='par_1_116' title="bbox 1972 5290 3549 5369">
     <span class='ocr_line' id='line_1_116' title="bbox 1972 5290 3549 5369; baseline 0.003 -23"><span class='ocrx_word' id='word_1_800' title='bbox 1972 5311 2070 5358; x_wconf 83' lang='grc' dir='ltr'><strong>σας</strong></span> <span class='ocrx_word' id='word_1_801' title='bbox 2094 5290 2215 5347; x_wconf 80' lang='grc' dir='ltr'>εἷπε</span> <span class='ocrx_word' id='word_1_802' title='bbox 2253 5296 2346 5348; x_wconf 70' lang='grc' dir='ltr'>τὸν</span> <span class='ocrx_word' id='word_1_803' title='bbox 2374 5295 2672 5363; x_wconf 71' lang='grc' dir='ltr'>ξόφείλοντα</span> <span class='ocrx_word' id='word_1_804' title='bbox 2714 5297 2957 5351; x_wconf 86' lang='grc' dir='ltr'>διοικεῖν·</span> <span class='ocrx_word' id='word_1_805' title='bbox 3005 5300 3054 5351; x_wconf 85' lang='grc' dir='ltr'><strong>εί</strong></span> <span class='ocrx_word' id='word_1_806' title='bbox 3100 5300 3193 5351; x_wconf 81' lang='grc' dir='ltr'><strong>καὶ</strong></span> <span class='ocrx_word' id='word_1_807' title='bbox 3244 5298 3549 5369; x_wconf 78' lang='grc' dir='ltr'>ὠνόμασεν,</span> 
     </span>
    </p>
   </div>
   <div class='ocr_carea' id='block_1_117' title="bbox 1968 5386 3548 5459">
    <p class='ocr_par' dir='ltr' id='par_1_117' title="bbox 1968 5386 3548 5459">
     <span class='ocr_line' id='line_1_117' title="bbox 1968 5386 3548 5459; baseline 0.001 -19"><span class='ocrx_word' id='word_1_808' title='bbox 1968 5386 2152 5440; x_wconf 73' lang='grc' dir='ltr'>ἄδειαν</span> <span class='ocrx_word' id='word_1_809' title='bbox 2183 5386 2212 5436; x_wconf 94' lang='lat'><strong>6</strong></span> <span class='ocrx_word' id='word_1_810' title='bbox 2253 5386 2551 5451; x_wconf 79' lang='grc' dir='ltr'>ἐπίσκοπος</span> <span class='ocrx_word' id='word_1_811' title='bbox 2588 5388 2699 5459; x_wconf 76' lang='grc' dir='ltr'>ἔχει</span> <span class='ocrx_word' id='word_1_812' title='bbox 2731 5391 2917 5453; x_wconf 84' lang='grc' dir='ltr'>κακῶς</span> <span class='ocrx_word' id='word_1_813' title='bbox 2955 5391 3115 5443; x_wconf 75' lang='grc' dir='ltr'>αὐτὸν</span> <span class='ocrx_word' id='word_1_814' title='bbox 3147 5390 3548 5458; x_wconf 86' lang='grc' dir='ltr'>διαγινόμενον,</span> 
     </span>
    </p>
   </div>
   <div class='ocr_carea' id='block_1_118' title="bbox 1968 5481 3549 5544">
    <p class='ocr_par' dir='ltr' id='par_1_118' title="bbox 1968 5481 3549 5544">
     <span class='ocr_line' id='line_1_118' title="bbox 1968 5481 3549 5544; baseline 0.002 -11"><span class='ocrx_word' id='word_1_815' title='bbox 1968 5481 2272 5542; x_wconf 84' lang='grc' dir='ltr'>ἀποκινεῖν,</span> <span class='ocrx_word' id='word_1_816' title='bbox 2303 5482 2396 5533; x_wconf 70' lang='grc' dir='ltr'>καὶ</span> <span class='ocrx_word' id='word_1_817' title='bbox 2432 5485 2607 5535; x_wconf 88' lang='grc' dir='ltr'>ποιεῖν</span> <span class='ocrx_word' id='word_1_818' title='bbox 2651 5482 2829 5537; x_wconf 80' lang='grc' dir='ltr'>ἄλλον.</span> <span class='ocrx_word' id='word_1_819' title='bbox 2866 5484 2928 5535; x_wconf 84' lang='grc' dir='ltr'><strong>Εἰ</strong></span> <span class='ocrx_word' id='word_1_820' title='bbox 2957 5482 3011 5535; x_wconf 79' lang='grc' dir='ltr'>δὲ</span> <span class='ocrx_word' id='word_1_821' title='bbox 3042 5483 3069 5534; x_wconf 88' lang='lat'><strong>6</strong></span> <span class='ocrx_word' id='word_1_822' title='bbox 3102 5482 3419 5544; x_wconf 78' lang='grc' dir='ltr'>κελευσθεὶς</span> <span class='ocrx_word' id='word_1_823' title='bbox 3451 5484 3549 5536; x_wconf 74' lang='grc' dir='ltr'><strong>καὶ</strong></span> 
     </span>
    </p>
   </div>
   <div class='ocr_carea' id='block_1_119' title="bbox 1971 5572 3549 5646">
    <p class='ocr_par' dir='ltr' id='par_1_119' title="bbox 1971 5572 3549 5646">
     <span class='ocr_line' id='line_1_119' title="bbox 1971 5572 3549 5646; baseline 0.002 -20"><span class='ocrx_word' id='word_1_824' title='bbox 1971 5573 2123 5644; x_wconf 85' lang='grc' dir='ltr'>παρὰ</span> <span class='ocrx_word' id='word_1_825' title='bbox 2152 5572 2243 5625; x_wconf 89' lang='grc' dir='ltr'><strong>τοῦ</strong></span> <span class='ocrx_word' id='word_1_826' title='bbox 2275 5574 2573 5626; x_wconf 82' lang='grc' dir='ltr'>ἐπισκόπου</span> <span class='ocrx_word' id='word_1_827' title='bbox 2608 5574 2886 5644; x_wconf 71' lang='grc' dir='ltr'>ὀχληθεὶς,</span> <span class='ocrx_word' id='word_1_828' title='bbox 2953 5573 3185 5644; x_wconf 80' lang='grc' dir='ltr'>ἀρχικὴν</span> <span class='ocrx_word' id='word_1_829' title='bbox 3237 5574 3549 5646; x_wconf 79' lang='grc' dir='ltr'>ὑπόμνησιν</span> 
     </span>
    </p>
   </div>
   <div class='ocr_carea' id='block_1_120' title="bbox 1968 5664 3549 5735">
    <p class='ocr_par' dir='ltr' id='par_1_120' title="bbox 1968 5664 3549 5735">
     <span class='ocr_line' id='line_1_120' title="bbox 1968 5664 3549 5735; baseline -0.001 -17"><span class='ocrx_word' id='word_1_830' title='bbox 1968 5664 2257 5735; x_wconf 80' lang='grc' dir='ltr'>ἀναμείνῃ,</span> <span class='ocrx_word' id='word_1_831' title='bbox 2288 5665 2467 5717; x_wconf 82' lang='grc' dir='ltr'>δίδωσι</span> <span class='ocrx_word' id='word_1_832' title='bbox 2497 5665 2716 5718; x_wconf 81' lang='grc' dir='ltr'>διπλοῦν</span> <span class='ocrx_word' id='word_1_833' title='bbox 2745 5666 2806 5718; x_wconf 84' lang='grc' dir='ltr'><strong>τὸ</strong></span> <span class='ocrx_word' id='word_1_834' title='bbox 2833 5665 3207 5733; x_wconf 78' lang='grc' dir='ltr'>καταλειφθέν·</span> <span class='ocrx_word' id='word_1_835' title='bbox 3237 5665 3549 5735; x_wconf 72' lang='grc' dir='ltr'>ῥᾳθυμοῦνο</span> 
     </span>
    </p>
   </div>
   <div class='ocr_carea' id='block_1_121' title="bbox 1974 5754 3546 5827">
    <p class='ocr_par' dir='ltr' id='par_1_121' title="bbox 1974 5754 3546 5827">
     <span class='ocr_line' id='line_1_121' title="bbox 1974 5754 3546 5827; baseline 0.001 -19"><span class='ocrx_word' id='word_1_836' title='bbox 1974 5772 2061 5817; x_wconf 86' lang='grc' dir='ltr'><strong>τος</strong></span> <span class='ocrx_word' id='word_1_837' title='bbox 2087 5755 2143 5808; x_wconf 73' lang='grc' dir='ltr'>δὲ</span> <span class='ocrx_word' id='word_1_838' title='bbox 2178 5755 2270 5809; x_wconf 82' lang='grc' dir='ltr'><strong>τοῦ</strong></span> <span class='ocrx_word' id='word_1_839' title='bbox 2299 5758 2623 5822; x_wconf 70' lang='grc' dir='ltr'>ἐπισκόπου,</span> <span class='ocrx_word' id='word_1_840' title='bbox 2656 5757 2953 5824; x_wconf 76' lang='grc' dir='ltr'>ἀναγκάζει</span> <span class='ocrx_word' id='word_1_841' title='bbox 2984 5754 3344 5827; x_wconf 75' lang='grc' dir='ltr'>πληρωθῆναι</span> <span class='ocrx_word' id='word_1_842' title='bbox 3375 5758 3435 5809; x_wconf 83' lang='grc' dir='ltr'><strong>τὸ</strong></span> <span class='ocrx_word' id='word_1_843' title='bbox 3459 5758 3546 5811; x_wconf 77' lang='grc' dir='ltr'><strong>δια</strong></span> 
     </span>
    </p>
   </div>
  </div>
