  <div class='ocr_page' id='page_1' title='image "/cluster/home/n/w/nwhite01/storage/ocr_20150623/104 pt.4/mdp.39015061931229/292.png"; bbox 0 0 3886 6240; ppageno 0'>
   <div class='ocr_carea' id='block_1_1' title="bbox 265 254 381 316">
    <p class='ocr_par' dir='ltr' id='par_1_1' title="bbox 265 254 381 316">
     <span class='ocr_line' id='line_1_1' title="bbox 265 254 381 316; baseline -0.009 -1"><span class='ocrx_word' id='word_1_1' title='bbox 265 254 381 316; x_wconf 70' lang='grc' dir='ltr'><strong>5ῗὸ</strong></span> 
     </span>
    </p>
   </div>
   <div class='ocr_carea' id='block_1_2' title="bbox 1134 254 2665 323">
    <p class='ocr_par' dir='ltr' id='par_1_2' title="bbox 1134 254 2665 323">
     <span class='ocr_line' id='line_1_2' title="bbox 1134 254 2665 323; baseline 0.005 -8"><span class='ocrx_word' id='word_1_2' title='bbox 1134 254 1530 316; x_wconf 80' lang='lat' dir='ltr'><strong>SYNTAGMA</strong></span> <span class='ocrx_word' id='word_1_3' title='bbox 1569 258 1960 319; x_wconf 78' lang='lat' dir='ltr'><strong>CANONUM.</strong></span> <span class='ocrx_word' id='word_1_4' title='bbox 1995 285 2063 293; x_wconf 84' lang='lat'><strong>-</strong></span> <span class='ocrx_word' id='word_1_5' title='bbox 2098 260 2247 321; x_wconf 87' lang='lat' dir='ltr'><strong>TlT.</strong></span> <span class='ocrx_word' id='word_1_6' title='bbox 2291 262 2372 321; x_wconf 87' lang='lat' dir='ltr'><strong>II.</strong></span> <span class='ocrx_word' id='word_1_7' title='bbox 2416 263 2573 323; x_wconf 86' lang='lat' dir='ltr'><strong>CAP.</strong></span> <span class='ocrx_word' id='word_1_8' title='bbox 2615 262 2665 322; x_wconf 95' lang='grc' dir='ltr'><strong>Ι.</strong></span> 
     </span>
    </p>
   </div>
   <div class='ocr_carea' id='block_1_3' title="bbox 3438 264 3539 326">
    <p class='ocr_par' dir='ltr' id='par_1_3' title="bbox 3438 264 3539 326">
     <span class='ocr_line' id='line_1_3' title="bbox 3438 264 3539 326; baseline -0.03 -1"><span class='ocrx_word' id='word_1_9' title='bbox 3438 264 3539 326; x_wconf 62' lang='grc' dir='ltr'><strong>ὗσϐ</strong></span> 
     </span>
    </p>
   </div>
   <div class='ocr_carea' id='block_1_4' title="bbox 260 358 1914 441">
    <p class='ocr_par' dir='ltr' id='par_1_4' title="bbox 260 358 1914 432">
     <span class='ocr_line' id='line_1_4' title="bbox 260 358 1914 432; baseline 0.002 -21"><span class='ocrx_word' id='word_1_10' title='bbox 260 359 524 414; x_wconf 77' lang='grc' dir='ltr'>τυπωθὲν</span> <span class='ocrx_word' id='word_1_11' title='bbox 547 360 574 412; x_wconf 99' lang='lat'><em>6</em></span> <span class='ocrx_word' id='word_1_12' title='bbox 600 358 1023 430; x_wconf 84' lang='grc' dir='ltr'>μητροπολίτης,</span> <span class='ocrx_word' id='word_1_13' title='bbox 1057 358 1088 428; x_wconf 81' lang='grc' dir='ltr'>ἦ</span> <span class='ocrx_word' id='word_1_14' title='bbox 1120 362 1147 413; x_wconf 90' lang='lat'><em>6</em></span> <span class='ocrx_word' id='word_1_15' title='bbox 1171 361 1273 429; x_wconf 84' lang='grc' dir='ltr'>τῆς</span> <span class='ocrx_word' id='word_1_16' title='bbox 1301 360 1619 432; x_wconf 81' lang='grc' dir='ltr'><strong>διοικήσεως</strong></span> <span class='ocrx_word' id='word_1_17' title='bbox 1646 363 1861 431; x_wconf 78' lang='grc' dir='ltr'><strong>ἐκείνης</strong></span> <span class='ocrx_word' id='word_1_18' title='bbox 1890 373 1914 427; x_wconf 68' lang='lat'><strong>,4</strong></span> 
     </span>
    </p>
   </div>
   <div class='ocr_carea' id='block_1_5' title="bbox 2006 358 3525 441">
    <p class='ocr_par' dir='ltr' id='par_1_5' title="bbox 2016 365 3525 441">
     <span class='ocr_line' id='line_1_5' title="bbox 2016 365 3525 441; baseline 0.002 -21"><span class='ocrx_word' id='word_1_19' title='bbox 2016 365 2199 437; x_wconf 85' lang='lat' dir='ltr'><strong>psum]</strong></span> <span class='ocrx_word' id='word_1_20' title='bbox 2234 370 2377 437; x_wconf 91' lang='lat' dir='ltr'><strong>quod</strong></span> <span class='ocrx_word' id='word_1_21' title='bbox 2427 371 2674 425; x_wconf 87' lang='lat' dir='ltr'><strong>relictum</strong></span> <span class='ocrx_word' id='word_1_22' title='bbox 2711 381 2814 437; x_wconf 90' lang='lat' dir='ltr'><strong>est,</strong></span> <span class='ocrx_word' id='word_1_23' title='bbox 2873 369 3208 441; x_wconf 88' lang='lat' dir='ltr'><strong>duplicatum</strong></span> <span class='ocrx_word' id='word_1_24' title='bbox 3255 367 3385 425; x_wconf 87' lang='lat' dir='ltr'><strong>dare</strong></span> <span class='ocrx_word' id='word_1_25' title='bbox 3428 370 3525 425; x_wconf 88' lang='lat' dir='ltr'><strong>:si</strong></span> 
     </span>
    </p>
   </div>
   <div class='ocr_carea' id='block_1_6' title="bbox 260 451 1861 523">
    <p class='ocr_par' dir='ltr' id='par_1_6' title="bbox 260 451 1861 523">
     <span class='ocr_line' id='line_1_6' title="bbox 260 451 1861 523; baseline 0.001 -18"><span class='ocrx_word' id='word_1_26' title='bbox 260 451 740 523; x_wconf 78' lang='grc' dir='ltr'>ἀρχιεπίσκοπος,</span> <span class='ocrx_word' id='word_1_27' title='bbox 788 453 882 504; x_wconf 73' lang='grc' dir='ltr'><strong>καὶ</strong></span> <span class='ocrx_word' id='word_1_28' title='bbox 932 453 1041 514; x_wconf 82' lang='grc' dir='ltr'>πᾶς</span> <span class='ocrx_word' id='word_1_29' title='bbox 1095 451 1422 522; x_wconf 86' lang='grc' dir='ltr'>βουλόμενος</span> <span class='ocrx_word' id='word_1_30' title='bbox 1468 452 1575 506; x_wconf 89' lang='grc' dir='ltr'><strong>τῶν</strong></span> <span class='ocrx_word' id='word_1_31' title='bbox 1626 453 1861 507; x_wconf 86' lang='grc' dir='ltr'>πολιτῶν</span> 
     </span>
    </p>
   </div>
   <div class='ocr_carea' id='block_1_7' title="bbox 262 544 1861 615">
    <p class='ocr_par' dir='ltr' id='par_1_7' title="bbox 262 544 1861 615">
     <span class='ocr_line' id='line_1_7' title="bbox 262 544 1861 615; baseline -0.001 -17"><span class='ocrx_word' id='word_1_32' title='bbox 262 550 433 599; x_wconf 77' lang='grc' dir='ltr'>κινεῖ.</span> <span class='ocrx_word' id='word_1_33' title='bbox 464 545 526 598; x_wconf 68' lang='lat' dir='ltr'><strong>Et</strong></span> <span class='ocrx_word' id='word_1_34' title='bbox 554 545 611 597; x_wconf 85' lang='grc' dir='ltr'>δὲ</span> <span class='ocrx_word' id='word_1_35' title='bbox 659 545 799 613; x_wconf 75' lang='grc' dir='ltr'>μετὰ</span> <span class='ocrx_word' id='word_1_36' title='bbox 825 544 923 614; x_wconf 81' lang='grc' dir='ltr'>τὴν</span> <span class='ocrx_word' id='word_1_37' title='bbox 963 545 1101 597; x_wconf 72' lang='grc' dir='ltr'>ἰδίαν</span> <span class='ocrx_word' id='word_1_38' title='bbox 1131 544 1415 615; x_wconf 83' lang='grc' dir='ltr'>τελευτὴν,</span> <span class='ocrx_word' id='word_1_39' title='bbox 1448 545 1499 597; x_wconf 81' lang='grc' dir='ltr'>οἱ</span> <span class='ocrx_word' id='word_1_40' title='bbox 1536 544 1861 614; x_wconf 86' lang='grc' dir='ltr'><strong>κληρονόμοι</strong></span> 
     </span>
    </p>
   </div>
   <div class='ocr_carea' id='block_1_8' title="bbox 262 636 1861 708">
    <p class='ocr_par' dir='ltr' id='par_1_8' title="bbox 262 636 1861 708">
     <span class='ocr_line' id='line_1_8' title="bbox 262 636 1861 708; baseline 0 -20"><span class='ocrx_word' id='word_1_41' title='bbox 262 638 676 707; x_wconf 76' lang='grc' dir='ltr'><strong>ἐκελεύσθησαν</strong></span> <span class='ocrx_word' id='word_1_42' title='bbox 714 636 898 689; x_wconf 68' lang='grc' dir='ltr'>δοῦναι</span> <span class='ocrx_word' id='word_1_43' title='bbox 946 637 979 708; x_wconf 84' lang='grc' dir='ltr'>ἢ</span> <span class='ocrx_word' id='word_1_44' title='bbox 1031 638 1295 705; x_wconf 78' lang='grc' dir='ltr'>ποιῆσαι,</span> <span class='ocrx_word' id='word_1_45' title='bbox 1348 639 1378 689; x_wconf 89' lang='lat'><em>6</em></span> <span class='ocrx_word' id='word_1_46' title='bbox 1422 637 1861 708; x_wconf 81' lang='grc' dir='ltr'>προδηλούμενος</span> 
     </span>
    </p>
   </div>
   <div class='ocr_carea' id='block_1_9' title="bbox 260 726 1861 798">
    <p class='ocr_par' dir='ltr' id='par_1_9' title="bbox 260 726 1861 798">
     <span class='ocr_line' id='line_1_9' title="bbox 260 726 1861 798; baseline 0 -18"><span class='ocrx_word' id='word_1_47' title='bbox 260 729 465 798; x_wconf 77' lang='grc' dir='ltr'>χρόνος</span> <span class='ocrx_word' id='word_1_48' title='bbox 503 730 641 798; x_wconf 77' lang='grc' dir='ltr'><strong>μετά</strong></span> <span class='ocrx_word' id='word_1_49' title='bbox 667 730 765 797; x_wconf 85' lang='grc' dir='ltr'>τὴν</span> <span class='ocrx_word' id='word_1_50' title='bbox 800 727 1100 781; x_wconf 79' lang='grc' dir='ltr'>ἀποϐίωσιν</span> <span class='ocrx_word' id='word_1_51' title='bbox 1128 727 1309 781; x_wconf 81' lang='grc' dir='ltr'>αὐτῶν</span> <span class='ocrx_word' id='word_1_52' title='bbox 1350 728 1697 798; x_wconf 85' lang='grc' dir='ltr'>ἀριθμεῖται,</span> <span class='ocrx_word' id='word_1_53' title='bbox 1728 729 1778 781; x_wconf 78' lang='grc' dir='ltr'>οἱ</span> <span class='ocrx_word' id='word_1_54' title='bbox 1802 726 1861 780; x_wconf 80' lang='grc' dir='ltr'>δὲ</span> 
     </span>
    </p>
   </div>
   <div class='ocr_carea' id='block_1_10' title="bbox 260 819 1536 890">
    <p class='ocr_par' dir='ltr' id='par_1_10' title="bbox 260 819 1536 890">
     <span class='ocr_line' id='line_1_10' title="bbox 260 819 1536 890; baseline 0 -16"><span class='ocrx_word' id='word_1_55' title='bbox 260 821 532 890; x_wconf 82' lang='grc' dir='ltr'>ἄρχοντες</span> <span class='ocrx_word' id='word_1_56' title='bbox 562 819 935 888; x_wconf 78' lang='grc' dir='ltr'><strong>ἀναγκάζουσι</strong></span> <span class='ocrx_word' id='word_1_57' title='bbox 966 819 1142 872; x_wconf 80' lang='grc' dir='ltr'>ταῦτα</span> <span class='ocrx_word' id='word_1_58' title='bbox 1178 819 1536 890; x_wconf 79' lang='grc' dir='ltr'>πληροῦσθαι.</span> 
     </span>
    </p>
   </div>
   <div class='ocr_carea' id='block_1_11' title="bbox 1966 458 3542 534">
    <p class='ocr_par' dir='ltr' id='par_1_11' title="bbox 1966 458 3542 534">
     <span class='ocr_line' id='line_1_11' title="bbox 1966 458 3542 534; baseline 0.002 -24"><span class='ocrx_word' id='word_1_59' title='bbox 1966 458 2260 527; x_wconf 87' lang='lat' dir='ltr'><strong>episcopus</strong></span> <span class='ocrx_word' id='word_1_60' title='bbox 2305 461 2670 532; x_wconf 82' lang='lat' dir='ltr'><strong>negligentius</strong></span> <span class='ocrx_word' id='word_1_61' title='bbox 2711 470 2855 534; x_wconf 83' lang='lat' dir='ltr'><strong>agat,</strong></span> <span class='ocrx_word' id='word_1_62' title='bbox 2893 462 3398 532; x_wconf 81' lang='lat' dir='ltr'><strong>metropolitanum,</strong></span> <span class='ocrx_word' id='word_1_63' title='bbox 3448 469 3542 515; x_wconf 88' lang='lat' dir='ltr'><strong>aut</strong></span> 
     </span>
    </p>
   </div>
   <div class='ocr_carea' id='block_1_12' title="bbox 1967 547 3539 620">
    <p class='ocr_par' dir='ltr' id='par_1_12' title="bbox 1967 547 3539 620">
     <span class='ocr_line' id='line_1_12' title="bbox 1967 547 3539 620; baseline 0.002 -22"><span class='ocrx_word' id='word_1_64' title='bbox 1967 554 2172 601; x_wconf 87' lang='lat' dir='ltr'><strong>tractus</strong></span> <span class='ocrx_word' id='word_1_65' title='bbox 2202 547 2884 620; x_wconf 82' lang='lat' dir='ltr'><strong>istiusarchiepiscopum,</strong></span> <span class='ocrx_word' id='word_1_66' title='bbox 2926 560 2987 605; x_wconf 92' lang='lat' dir='ltr'><strong>ut</strong></span> <span class='ocrx_word' id='word_1_67' title='bbox 3023 550 3168 620; x_wconf 83' lang='lat' dir='ltr'><strong>quod</strong></span> <span class='ocrx_word' id='word_1_68' title='bbox 3212 558 3539 619; x_wconf 75' lang='lat' dir='ltr'><strong>praeceptum</strong></span> 
     </span>
    </p>
   </div>
   <div class='ocr_carea' id='block_1_13' title="bbox 1964 634 3539 707">
    <p class='ocr_par' dir='ltr' id='par_1_13' title="bbox 1964 634 3539 707">
     <span class='ocr_line' id='line_1_13' title="bbox 1964 634 3539 707; baseline 0.001 -21"><span class='ocrx_word' id='word_1_69' title='bbox 1964 643 2051 687; x_wconf 88' lang='lat' dir='ltr'><strong>est</strong></span> <span class='ocrx_word' id='word_1_70' title='bbox 2099 634 2481 703; x_wconf 88' lang='lat' dir='ltr'><strong>adimpleatur,</strong></span> <span class='ocrx_word' id='word_1_71' title='bbox 2538 652 2752 706; x_wconf 78' lang='lat' dir='ltr'><strong>cogere,</strong></span> <span class='ocrx_word' id='word_1_72' title='bbox 2804 648 2856 692; x_wconf 91' lang='lat' dir='ltr'><strong>et</strong></span> <span class='ocrx_word' id='word_1_73' title='bbox 2914 653 3298 707; x_wconf 83' lang='lat' dir='ltr'><strong>quemcunque</strong></span> <span class='ocrx_word' id='word_1_74' title='bbox 3338 636 3539 690; x_wconf 83' lang='lat' dir='ltr'><strong>civium</strong></span> 
     </span>
    </p>
   </div>
   <div class='ocr_carea' id='block_1_14' title="bbox 1966 720 3539 794">
    <p class='ocr_par' dir='ltr' id='par_1_14' title="bbox 1966 720 3539 794">
     <span class='ocr_line' id='line_1_14' title="bbox 1966 720 3539 794; baseline -0.001 -19"><span class='ocrx_word' id='word_1_75' title='bbox 1966 720 2157 792; x_wconf 88' lang='lat' dir='ltr'><strong>[posse</strong></span> <span class='ocrx_word' id='word_1_76' title='bbox 2186 722 2570 793; x_wconf 66' lang='lat' dir='ltr'><strong>quaestionem]</strong></span> <span class='ocrx_word' id='word_1_77' title='bbox 2608 740 2859 778; x_wconf 86' lang='lat' dir='ltr'><strong>movere:</strong></span> <span class='ocrx_word' id='word_1_78' title='bbox 2897 726 2942 779; x_wconf 89' lang='lat' dir='ltr'><strong>si</strong></span> <span class='ocrx_word' id='word_1_79' title='bbox 2973 735 3095 794; x_wconf 86' lang='lat' dir='ltr'><strong>post</strong></span> <span class='ocrx_word' id='word_1_80' title='bbox 3125 734 3354 777; x_wconf 90' lang='lat' dir='ltr'><strong>mortem</strong></span> <span class='ocrx_word' id='word_1_81' title='bbox 3385 738 3539 776; x_wconf 88' lang='lat' dir='ltr'><strong>suam</strong></span> 
     </span>
    </p>
   </div>
   <div class='ocr_carea' id='block_1_15' title="bbox 1965 807 3541 880">
    <p class='ocr_par' dir='ltr' id='par_1_15' title="bbox 1965 807 3541 880">
     <span class='ocr_line' id='line_1_15' title="bbox 1965 807 3541 880; baseline -0.001 -18"><span class='ocrx_word' id='word_1_82' title='bbox 1965 808 2207 862; x_wconf 63' lang='lat' dir='ltr'><strong>btet-edes</strong></span> <span class='ocrx_word' id='word_1_83' title='bbox 2238 807 2445 877; x_wconf 88' lang='lat' dir='ltr'><strong>aliquid</strong></span> <span class='ocrx_word' id='word_1_84' title='bbox 2472 811 2606 863; x_wconf 86' lang='lat' dir='ltr'><strong>dare</strong></span> <span class='ocrx_word' id='word_1_85' title='bbox 2645 820 2740 864; x_wconf 80' lang='lat' dir='ltr'><strong>aut</strong></span> <span class='ocrx_word' id='word_1_86' title='bbox 2772 812 2950 866; x_wconf 79' lang='lat' dir='ltr'><strong>facere</strong></span> <span class='ocrx_word' id='word_1_87' title='bbox 2978 812 3118 880; x_wconf 86' lang='lat' dir='ltr'><strong>jussi</strong></span> <span class='ocrx_word' id='word_1_88' title='bbox 3150 810 3375 875; x_wconf 77' lang='lat' dir='ltr'><strong>fuerint,</strong></span> <span class='ocrx_word' id='word_1_89' title='bbox 3410 824 3541 879; x_wconf 69' lang='lat' dir='ltr'><strong>pra:-</strong></span> 
     </span>
    </p>
   </div>
   <div class='ocr_carea' id='block_1_16' title="bbox 262 903 3541 986">
    <p class='ocr_par' dir='ltr' id='par_1_16' title="bbox 262 903 3541 986">
     <span class='ocr_line' id='line_1_16' title="bbox 262 903 3541 986; baseline -0.005 -15"><span class='ocrx_word' id='word_1_90' title='bbox 262 919 484 972; x_wconf 85' lang='lat' dir='ltr'><strong>dictum</strong></span> <span class='ocrx_word' id='word_1_91' title='bbox 516 928 733 986; x_wconf 87' lang='lat' dir='ltr'><strong>tempus</strong></span> <span class='ocrx_word' id='word_1_92' title='bbox 760 925 883 984; x_wconf 87' lang='lat' dir='ltr'><strong>post</strong></span> <span class='ocrx_word' id='word_1_93' title='bbox 924 914 1143 968; x_wconf 87' lang='lat' dir='ltr'><strong>illorum</strong></span> <span class='ocrx_word' id='word_1_94' title='bbox 1174 913 1461 969; x_wconf 87' lang='lat' dir='ltr'><strong>decessum</strong></span> <span class='ocrx_word' id='word_1_95' title='bbox 1494 911 1803 985; x_wconf 85' lang='lat' dir='ltr'><strong>computari</strong></span> <span class='ocrx_word' id='word_1_96' title='bbox 1840 927 1853 964; x_wconf 90' lang='lat'><strong>:</strong></span> <span class='ocrx_word' id='word_1_97' title='bbox 1897 903 2204 980; x_wconf 84' lang='lat' dir='ltr'><strong>[denique,]</strong></span> <span class='ocrx_word' id='word_1_98' title='bbox 2247 915 2306 961; x_wconf 89' lang='lat' dir='ltr'><strong>ut</strong></span> <span class='ocrx_word' id='word_1_99' title='bbox 2336 906 2453 961; x_wconf 76' lang='lat' dir='ltr'><strong>inec</strong></span> <span class='ocrx_word' id='word_1_100' title='bbox 2520 905 2867 976; x_wconf 91' lang='lat' dir='ltr'><strong>impleantur,</strong></span> <span class='ocrx_word' id='word_1_101' title='bbox 2917 903 3114 976; x_wconf 77' lang='lat' dir='ltr'><strong>[ipsos]</strong></span> <span class='ocrx_word' id='word_1_102' title='bbox 3180 903 3541 973; x_wconf 82' lang='lat' dir='ltr'><strong>magistratus</strong></span> 
     </span>
    </p>
   </div>
   <div class='ocr_carea' id='block_1_17' title="bbox 261 1010 785 1085">
    <p class='ocr_par' dir='ltr' id='par_1_17' title="bbox 261 1010 785 1085">
     <span class='ocr_line' id='line_1_17' title="bbox 261 1010 785 1085; baseline -0.006 -17"><span class='ocrx_word' id='word_1_103' title='bbox 261 1029 475 1083; x_wconf 79' lang='lat' dir='ltr'><strong>cogere</strong></span> <span class='ocrx_word' id='word_1_104' title='bbox 511 1010 785 1085; x_wconf 89' lang='lat' dir='ltr'><strong>[debere.]</strong></span> 
     </span>
    </p>
   </div>
   <div class='ocr_carea' id='block_1_18' title="bbox 357 1097 1871 1174">
    <p class='ocr_par' dir='ltr' id='par_1_18' title="bbox 357 1097 1871 1174">
     <span class='ocr_line' id='line_1_18' title="bbox 357 1097 1871 1174; baseline -0.007 -15"><span class='ocrx_word' id='word_1_105' title='bbox 357 1105 425 1159; x_wconf 82' lang='grc' dir='ltr'><strong>ἸΙ</strong></span> <span class='ocrx_word' id='word_1_106' title='bbox 459 1111 510 1174; x_wconf 83' lang='grc' dir='ltr'><strong>γ’</strong></span> <span class='ocrx_word' id='word_1_107' title='bbox 538 1106 681 1158; x_wconf 84' lang='grc' dir='ltr'>διάτ.</span> <span class='ocrx_word' id='word_1_108' title='bbox 716 1104 813 1157; x_wconf 83' lang='grc' dir='ltr'><strong>τοῦ</strong></span> <span class='ocrx_word' id='word_1_109' title='bbox 850 1103 900 1157; x_wconf 84' lang='grc' dir='ltr'><strong>α’</strong></span> <span class='ocrx_word' id='word_1_110' title='bbox 933 1102 1041 1157; x_wconf 84' lang='grc' dir='ltr'>τίτ.</span> <span class='ocrx_word' id='word_1_111' title='bbox 1067 1102 1177 1155; x_wconf 88' lang='grc' dir='ltr'><strong>τῶν</strong></span> <span class='ocrx_word' id='word_1_112' title='bbox 1204 1101 1433 1172; x_wconf 82' lang='grc' dir='ltr'>Νεαρῶν</span> <span class='ocrx_word' id='word_1_113' title='bbox 1469 1100 1626 1172; x_wconf 69' lang='grc' dir='ltr'>φησι,</span> <span class='ocrx_word' id='word_1_114' title='bbox 1658 1097 1747 1151; x_wconf 82' lang='grc' dir='ltr'>διὰ</span> <span class='ocrx_word' id='word_1_115' title='bbox 1772 1097 1871 1166; x_wconf 91' lang='grc' dir='ltr'>δη-</span> 
     </span>
    </p>
   </div>
   <div class='ocr_carea' id='block_1_19' title="bbox 266 1191 1869 1267">
    <p class='ocr_par' dir='ltr' id='par_1_19' title="bbox 266 1191 1869 1267">
     <span class='ocr_line' id='line_1_19' title="bbox 266 1191 1869 1267; baseline -0.006 -16"><span class='ocrx_word' id='word_1_116' title='bbox 266 1196 489 1267; x_wconf 82' lang='grc' dir='ltr'>μοσίων</span> <span class='ocrx_word' id='word_1_117' title='bbox 524 1195 832 1267; x_wconf 80' lang='grc' dir='ltr'>προσώπων</span> <span class='ocrx_word' id='word_1_118' title='bbox 875 1196 958 1260; x_wconf 74' lang='grc' dir='ltr'><strong>δὶς</strong></span> <span class='ocrx_word' id='word_1_119' title='bbox 1002 1194 1329 1267; x_wconf 82' lang='grc' dir='ltr'>ὀχλούμενον</span> <span class='ocrx_word' id='word_1_120' title='bbox 1370 1195 1463 1248; x_wconf 87' lang='grc' dir='ltr'><strong>τὸν</strong></span> <span class='ocrx_word' id='word_1_121' title='bbox 1508 1191 1869 1247; x_wconf 81' lang='grc' dir='ltr'>κελευσθέντα</span> 
     </span>
    </p>
   </div>
   <div class='ocr_carea' id='block_1_20' title="bbox 266 1280 1871 1360">
    <p class='ocr_par' dir='ltr' id='par_1_20' title="bbox 266 1280 1871 1360">
     <span class='ocr_line' id='line_1_20' title="bbox 266 1280 1871 1360; baseline -0.006 -16"><span class='ocrx_word' id='word_1_122' title='bbox 266 1290 435 1360; x_wconf 79' lang='grc' dir='ltr'><strong>παρά</strong></span> <span class='ocrx_word' id='word_1_123' title='bbox 458 1290 555 1344; x_wconf 83' lang='grc' dir='ltr'>τοῦ</span> <span class='ocrx_word' id='word_1_124' title='bbox 594 1290 897 1344; x_wconf 72' lang='grc' dir='ltr'>ἐπισκόπου</span> <span class='ocrx_word' id='word_1_125' title='bbox 924 1291 1018 1342; x_wconf 84' lang='grc' dir='ltr'>καὶ</span> <span class='ocrx_word' id='word_1_126' title='bbox 1044 1287 1138 1341; x_wconf 83' lang='grc' dir='ltr'>τοῦ</span> <span class='ocrx_word' id='word_1_127' title='bbox 1167 1287 1454 1358; x_wconf 72' lang='grc' dir='ltr'>οἰκονόμου</span> <span class='ocrx_word' id='word_1_128' title='bbox 1472 1327 1489 1353; x_wconf 87' lang='grc'><strong>,</strong></span> <span class='ocrx_word' id='word_1_129' title='bbox 1521 1284 1616 1339; x_wconf 80' lang='grc' dir='ltr'>καὶ</span> <span class='ocrx_word' id='word_1_130' title='bbox 1640 1280 1871 1346; x_wconf 80' lang='grc' dir='ltr'>ὕπερθέ-</span> 
     </span>
    </p>
   </div>
   <div class='ocr_carea' id='block_1_21' title="bbox 274 1375 1874 1454">
    <p class='ocr_par' dir='ltr' id='par_1_21' title="bbox 274 1375 1874 1454">
     <span class='ocr_line' id='line_1_21' title="bbox 274 1375 1874 1454; baseline -0.007 -16"><span class='ocrx_word' id='word_1_131' title='bbox 274 1400 469 1454; x_wconf 80' lang='grc' dir='ltr'>μενον,</span> <span class='ocrx_word' id='word_1_132' title='bbox 518 1383 807 1437; x_wconf 73' lang='grc' dir='ltr'>ἐκπίπτειν</span> <span class='ocrx_word' id='word_1_133' title='bbox 856 1379 1058 1445; x_wconf 76' lang='grc' dir='ltr'>παντὸς</span> <span class='ocrx_word' id='word_1_134' title='bbox 1104 1379 1351 1451; x_wconf 78' lang='grc' dir='ltr'><strong>κέρδους·</strong></span> <span class='ocrx_word' id='word_1_135' title='bbox 1411 1380 1506 1432; x_wconf 77' lang='grc' dir='ltr'><strong>καὶ</strong></span> <span class='ocrx_word' id='word_1_136' title='bbox 1549 1375 1650 1449; x_wconf 79' lang='grc' dir='ltr'>τὴν</span> <span class='ocrx_word' id='word_1_137' title='bbox 1687 1376 1874 1429; x_wconf 82' lang='grc' dir='ltr'>οὐσίαν</span> 
     </span>
    </p>
   </div>
   <div class='ocr_carea' id='block_1_22' title="bbox 270 1467 1875 1547">
    <p class='ocr_par' dir='ltr' id='par_1_22' title="bbox 270 1467 1875 1547">
     <span class='ocr_line' id='line_1_22' title="bbox 270 1467 1875 1547; baseline -0.009 -16"><span class='ocrx_word' id='word_1_138' title='bbox 270 1479 470 1531; x_wconf 74' lang='grc' dir='ltr'>πᾶσαν</span> <span class='ocrx_word' id='word_1_139' title='bbox 495 1475 636 1547; x_wconf 85' lang='grc' dir='ltr'><strong>μετά</strong></span> <span class='ocrx_word' id='word_1_140' title='bbox 670 1474 783 1528; x_wconf 90' lang='grc' dir='ltr'><strong>τῶν</strong></span> <span class='ocrx_word' id='word_1_141' title='bbox 829 1475 887 1527; x_wconf 78' lang='grc' dir='ltr'>ἐν</span> <span class='ocrx_word' id='word_1_142' title='bbox 935 1474 1086 1543; x_wconf 83' lang='grc' dir='ltr'>μέσῳ</span> <span class='ocrx_word' id='word_1_143' title='bbox 1117 1470 1473 1541; x_wconf 72' lang='grc' dir='ltr'>ἑπαυξήσεων</span> <span class='ocrx_word' id='word_1_144' title='bbox 1504 1472 1533 1523; x_wconf 85' lang='grc' dir='ltr'><strong>ό</strong></span> <span class='ocrx_word' id='word_1_145' title='bbox 1574 1467 1875 1529; x_wconf 71' lang='grc' dir='ltr'>ἐπίσκοπος</span> 
     </span>
    </p>
   </div>
   <div class='ocr_carea' id='block_1_23' title="bbox 270 1556 1873 1636">
    <p class='ocr_par' dir='ltr' id='par_1_23' title="bbox 270 1556 1873 1636">
     <span class='ocr_line' id='line_1_23' title="bbox 270 1556 1873 1636; baseline -0.009 -13"><span class='ocrx_word' id='word_1_146' title='bbox 270 1570 502 1636; x_wconf 81' lang='grc' dir='ltr'>δαπανᾷ</span> <span class='ocrx_word' id='word_1_147' title='bbox 527 1570 608 1631; x_wconf 86' lang='grc' dir='ltr'><strong>είς</strong></span> <span class='ocrx_word' id='word_1_148' title='bbox 651 1567 721 1620; x_wconf 84' lang='grc' dir='ltr'>τὰ</span> <span class='ocrx_word' id='word_1_149' title='bbox 748 1563 1180 1628; x_wconf 86' lang='grc' dir='ltr'>διατυπωθέντα,</span> <span class='ocrx_word' id='word_1_150' title='bbox 1227 1563 1303 1633; x_wconf 84' lang='grc' dir='ltr'>μὴ</span> <span class='ocrx_word' id='word_1_151' title='bbox 1345 1556 1873 1632; x_wconf 84' lang='grc' dir='ltr'>παρακρατουμένου</span> 
     </span>
    </p>
   </div>
   <div class='ocr_carea' id='block_1_24' title="bbox 2047 1082 3549 1158">
    <p class='ocr_par' dir='ltr' id='par_1_24' title="bbox 2047 1082 3549 1158">
     <span class='ocr_line' id='line_1_24' title="bbox 2047 1082 3549 1158; baseline -0.001 -16"><span class='ocrx_word' id='word_1_152' title='bbox 2047 1087 2266 1142; x_wconf 71' lang='lat' dir='ltr'><strong>Temtus.</strong></span> <span class='ocrx_word' id='word_1_153' title='bbox 2317 1085 2506 1140; x_wconf 83' lang='lat' dir='ltr'><strong>Const.</strong></span> <span class='ocrx_word' id='word_1_154' title='bbox 2540 1087 2594 1150; x_wconf 76' lang='lat'><strong>5,</strong></span> <span class='ocrx_word' id='word_1_155' title='bbox 2644 1085 2728 1139; x_wconf 91' lang='lat' dir='ltr'><strong>tit.</strong></span> <span class='ocrx_word' id='word_1_156' title='bbox 2771 1086 2794 1138; x_wconf 78' lang='grc'>1</span> <span class='ocrx_word' id='word_1_157' title='bbox 2831 1082 3180 1139; x_wconf 89' lang='lat' dir='ltr'><strong>Novellarum</strong></span> <span class='ocrx_word' id='word_1_158' title='bbox 3215 1085 3289 1139; x_wconf 88' lang='lat' dir='ltr'><strong>ait</strong></span> <span class='ocrx_word' id='word_1_159' title='bbox 3315 1085 3549 1158; x_wconf 84' lang='lat' dir='ltr'><strong>[aliquid</strong></span> 
     </span>
    </p>
   </div>
   <div class='ocr_carea' id='block_1_25' title="bbox 1973 1176 3552 1250">
    <p class='ocr_par' dir='ltr' id='par_1_25' title="bbox 1973 1176 3552 1250">
     <span class='ocr_line' id='line_1_25' title="bbox 1973 1176 3552 1250; baseline -0.002 -15"><span class='ocrx_word' id='word_1_160' title='bbox 1973 1180 2157 1235; x_wconf 76' lang='lat' dir='ltr'><strong>facere</strong></span> <span class='ocrx_word' id='word_1_161' title='bbox 2179 1189 2272 1233; x_wconf 87' lang='lat' dir='ltr'><strong>ant</strong></span> <span class='ocrx_word' id='word_1_162' title='bbox 2302 1178 2454 1250; x_wconf 85' lang='lat' dir='ltr'><strong>dare]</strong></span> <span class='ocrx_word' id='word_1_163' title='bbox 2473 1176 2710 1244; x_wconf 85' lang='lat' dir='ltr'><strong>jussum,</strong></span> <span class='ocrx_word' id='word_1_164' title='bbox 2744 1177 2786 1231; x_wconf 90' lang='lat' dir='ltr'><strong>si</strong></span> <span class='ocrx_word' id='word_1_165' title='bbox 2817 1178 2885 1231; x_wconf 88' lang='lat' dir='ltr'><strong>ab</strong></span> <span class='ocrx_word' id='word_1_166' title='bbox 2907 1177 3160 1247; x_wconf 90' lang='lat' dir='ltr'><strong>episcopo</strong></span> <span class='ocrx_word' id='word_1_167' title='bbox 3186 1188 3238 1231; x_wconf 89' lang='lat' dir='ltr'><strong>et</strong></span> <span class='ocrx_word' id='word_1_168' title='bbox 3262 1193 3552 1232; x_wconf 73' lang='lat' dir='ltr'><strong>(economo</strong></span> 
     </span>
    </p>
   </div>
   <div class='ocr_carea' id='block_1_26' title="bbox 1973 1266 3554 1341">
    <p class='ocr_par' dir='ltr' id='par_1_26' title="bbox 1973 1266 3554 1341">
     <span class='ocr_line' id='line_1_26' title="bbox 1973 1266 3554 1341; baseline -0.003 -16"><span class='ocrx_word' id='word_1_169' title='bbox 1973 1286 2071 1341; x_wconf 86' lang='lat' dir='ltr'><strong>per</strong></span> <span class='ocrx_word' id='word_1_170' title='bbox 2104 1269 2351 1339; x_wconf 80' lang='lat' dir='ltr'><strong>publicas</strong></span> <span class='ocrx_word' id='word_1_171' title='bbox 2384 1282 2653 1338; x_wconf 85' lang='lat' dir='ltr'><strong>personas</strong></span> <span class='ocrx_word' id='word_1_172' title='bbox 2690 1267 2773 1321; x_wconf 91' lang='lat' dir='ltr'><strong>bis</strong></span> <span class='ocrx_word' id='word_1_173' title='bbox 2799 1266 3110 1322; x_wconf 86' lang='lat' dir='ltr'><strong>admonitus</strong></span> <span class='ocrx_word' id='word_1_174' title='bbox 3145 1267 3325 1321; x_wconf 84' lang='lat' dir='ltr'><strong>adhuc</strong></span> <span class='ocrx_word' id='word_1_175' title='bbox 3349 1266 3554 1335; x_wconf 79' lang='lat' dir='ltr'><strong>diﬂ‘ert,</strong></span> 
     </span>
    </p>
   </div>
   <div class='ocr_carea' id='block_1_27' title="bbox 1976 1359 3556 1428">
    <p class='ocr_par' dir='ltr' id='par_1_27' title="bbox 1976 1359 3556 1428">
     <span class='ocr_line' id='line_1_27' title="bbox 1976 1359 3556 1428; baseline -0.004 -10"><span class='ocrx_word' id='word_1_176' title='bbox 1976 1360 2047 1418; x_wconf 92' lang='lat' dir='ltr'><strong>ab</strong></span> <span class='ocrx_word' id='word_1_177' title='bbox 2072 1362 2221 1416; x_wconf 91' lang='lat' dir='ltr'><strong>omni</strong></span> <span class='ocrx_word' id='word_1_178' title='bbox 2258 1361 2412 1415; x_wconf 88' lang='lat' dir='ltr'><strong>lucro</strong></span> <span class='ocrx_word' id='word_1_179' title='bbox 2441 1360 2716 1425; x_wconf 82' lang='lat' dir='ltr'><strong>excidere,</strong></span> <span class='ocrx_word' id='word_1_180' title='bbox 2745 1367 2801 1412; x_wconf 87' lang='lat' dir='ltr'><strong>et</strong></span> <span class='ocrx_word' id='word_1_181' title='bbox 2826 1359 3140 1428; x_wconf 83' lang='lat' dir='ltr'><strong>episcopum</strong></span> <span class='ocrx_word' id='word_1_182' title='bbox 3170 1373 3389 1411; x_wconf 89' lang='lat' dir='ltr'><strong>omnem</strong></span> <span class='ocrx_word' id='word_1_183' title='bbox 3423 1360 3556 1412; x_wconf 90' lang='lat' dir='ltr'><strong>sub-</strong></span> 
     </span>
    </p>
   </div>
   <div class='ocr_carea' id='block_1_28' title="bbox 1980 1450 3559 1520">
    <p class='ocr_par' dir='ltr' id='par_1_28' title="bbox 1980 1450 3559 1520">
     <span class='ocr_line' id='line_1_28' title="bbox 1980 1450 3559 1520; baseline -0.007 -7"><span class='ocrx_word' id='word_1_184' title='bbox 1980 1456 2237 1514; x_wconf 87' lang='lat' dir='ltr'><strong>stantiam</strong></span> <span class='ocrx_word' id='word_1_185' title='bbox 2288 1470 2415 1510; x_wconf 89' lang='lat' dir='ltr'><strong>cum</strong></span> <span class='ocrx_word' id='word_1_186' title='bbox 2467 1453 2630 1507; x_wconf 90' lang='lat' dir='ltr'><strong>medii</strong></span> <span class='ocrx_word' id='word_1_187' title='bbox 2669 1451 2928 1520; x_wconf 89' lang='lat' dir='ltr'><strong>temporis</strong></span> <span class='ocrx_word' id='word_1_188' title='bbox 2973 1450 3404 1513; x_wconf 86' lang='lat' dir='ltr'><strong>accessionibus,</strong></span> <span class='ocrx_word' id='word_1_189' title='bbox 3449 1464 3559 1503; x_wconf 83' lang='lat' dir='ltr'><strong>non</strong></span> 
     </span>
    </p>
   </div>
   <div class='ocr_carea' id='block_1_29' title="bbox 1981 1545 3563 1621">
    <p class='ocr_par' dir='ltr' id='par_1_29' title="bbox 1981 1545 3563 1621">
     <span class='ocr_line' id='line_1_29' title="bbox 1981 1545 3563 1621; baseline -0.006 -17"><span class='ocrx_word' id='word_1_190' title='bbox 1981 1558 2192 1604; x_wconf 89' lang='lat' dir='ltr'><strong>retenta</strong></span> <span class='ocrx_word' id='word_1_191' title='bbox 2241 1547 2334 1621; x_wconf 86' lang='lat' dir='ltr'><strong>[ab</strong></span> <span class='ocrx_word' id='word_1_192' title='bbox 2365 1545 2481 1618; x_wconf 92' lang='lat' dir='ltr'><strong>illo]</strong></span> <span class='ocrx_word' id='word_1_193' title='bbox 2517 1546 2736 1601; x_wconf 81' lang='lat' dir='ltr'><strong>falcidia</strong></span> <span class='ocrx_word' id='word_1_194' title='bbox 2762 1586 2776 1611; x_wconf 90' lang='lat'><strong>,</strong></span> <span class='ocrx_word' id='word_1_195' title='bbox 2832 1546 2886 1599; x_wconf 92' lang='lat' dir='ltr'><strong>in</strong></span> <span class='ocrx_word' id='word_1_196' title='bbox 2929 1561 3050 1615; x_wconf 84' lang='lat' dir='ltr'><strong>quae</strong></span> <span class='ocrx_word' id='word_1_197' title='bbox 3073 1546 3430 1599; x_wconf 83' lang='lat' dir='ltr'><strong>constitutum</strong></span> <span class='ocrx_word' id='word_1_198' title='bbox 3479 1551 3563 1597; x_wconf 86' lang='lat' dir='ltr'><strong>est.</strong></span> 
     </span>
    </p>
   </div>
   <div class='ocr_carea' id='block_1_30' title="bbox 277 1636 1914 1728">
    <p class='ocr_par' dir='ltr' id='par_1_30' title="bbox 277 1648 1914 1728">
     <span class='ocr_line' id='line_1_30' title="bbox 277 1648 1914 1728; baseline -0.009 -14"><span class='ocrx_word' id='word_1_199' title='bbox 277 1659 596 1728; x_wconf 75' lang='grc' dir='ltr'>φαλκιδίου.</span> <span class='ocrx_word' id='word_1_200' title='bbox 637 1658 713 1711; x_wconf 81' lang='grc' dir='ltr'><strong>Τὸ</strong></span> <span class='ocrx_word' id='word_1_201' title='bbox 758 1657 891 1710; x_wconf 83' lang='grc' dir='ltr'>αὑτό</span> <span class='ocrx_word' id='word_1_202' title='bbox 939 1656 1078 1720; x_wconf 83' lang='grc' dir='ltr'>ἐστι,</span> <span class='ocrx_word' id='word_1_203' title='bbox 1119 1654 1224 1707; x_wconf 83' lang='grc' dir='ltr'><strong>κᾶν</strong></span> <span class='ocrx_word' id='word_1_204' title='bbox 1268 1652 1561 1724; x_wconf 79' lang='grc' dir='ltr'>προσάπαξ</span> <span class='ocrx_word' id='word_1_205' title='bbox 1601 1666 1657 1702; x_wconf 86' lang='grc' dir='ltr'><strong>τι</strong></span> <span class='ocrx_word' id='word_1_206' title='bbox 1700 1648 1874 1719; x_wconf 82' lang='grc' dir='ltr'>ληγα-</span> <span class='ocrx_word' id='word_1_207' title='bbox 1906 1662 1914 1717; x_wconf 74' lang='lat'><strong>1</strong></span> 
     </span>
    </p>
   </div>
   <div class='ocr_carea' id='block_1_31' title="bbox 2006 1636 3559 1728">
    <p class='ocr_par' dir='ltr' id='par_1_31' title="bbox 2006 1636 3559 1706">
     <span class='ocr_line' id='line_1_31' title="bbox 2006 1636 3559 1706; baseline -0.005 -9"><span class='ocrx_word' id='word_1_208' title='bbox 2006 1655 2262 1697; x_wconf 87' lang='lat' dir='ltr'><strong>nsumere</strong></span> <span class='ocrx_word' id='word_1_209' title='bbox 2306 1658 2319 1694; x_wconf 90' lang='lat'>:</span> <span class='ocrx_word' id='word_1_210' title='bbox 2358 1648 2406 1694; x_wconf 90' lang='lat' dir='ltr'><strong>et</strong></span> <span class='ocrx_word' id='word_1_211' title='bbox 2457 1638 2503 1693; x_wconf 88' lang='lat' dir='ltr'><strong>si</strong></span> <span class='ocrx_word' id='word_1_212' title='bbox 2544 1637 2930 1692; x_wconf 88' lang='lat' dir='ltr'><strong>universaliter</strong></span> <span class='ocrx_word' id='word_1_213' title='bbox 2978 1636 3255 1706; x_wconf 87' lang='lat' dir='ltr'><strong>quippiam</strong></span> <span class='ocrx_word' id='word_1_214' title='bbox 3315 1636 3559 1706; x_wconf 87' lang='lat' dir='ltr'><strong>legetur,</strong></span> 
     </span>
    </p>
   </div>
   <div class='ocr_carea' id='block_1_32' title="bbox 277 1739 1879 1821">
    <p class='ocr_par' dir='ltr' id='par_1_32' title="bbox 277 1739 1879 1821">
     <span class='ocr_line' id='line_1_32' title="bbox 277 1739 1879 1821; baseline -0.009 -17"><span class='ocrx_word' id='word_1_215' title='bbox 277 1751 475 1821; x_wconf 83' lang='grc' dir='ltr'>τευθῇ.</span> <span class='ocrx_word' id='word_1_216' title='bbox 515 1750 581 1803; x_wconf 87' lang='grc' dir='ltr'><strong><em>Ἦ</em></strong></span> <span class='ocrx_word' id='word_1_217' title='bbox 610 1749 667 1802; x_wconf 81' lang='grc' dir='ltr'>δὲ</span> <span class='ocrx_word' id='word_1_218' title='bbox 688 1755 736 1817; x_wconf 84' lang='grc' dir='ltr'>γ’</span> <span class='ocrx_word' id='word_1_219' title='bbox 762 1748 904 1801; x_wconf 79' lang='grc' dir='ltr'>διάτ.</span> <span class='ocrx_word' id='word_1_220' title='bbox 939 1745 1033 1799; x_wconf 80' lang='grc' dir='ltr'>τοῦ</span> <span class='ocrx_word' id='word_1_221' title='bbox 1063 1744 1105 1816; x_wconf 86' lang='grc' dir='ltr'>β’</span> <span class='ocrx_word' id='word_1_222' title='bbox 1142 1744 1249 1798; x_wconf 88' lang='grc' dir='ltr'>τίτ.</span> <span class='ocrx_word' id='word_1_223' title='bbox 1292 1743 1404 1796; x_wconf 87' lang='grc' dir='ltr'><strong>τῶν</strong></span> <span class='ocrx_word' id='word_1_224' title='bbox 1438 1739 1669 1811; x_wconf 87' lang='grc' dir='ltr'>Νεαρῶν</span> <span class='ocrx_word' id='word_1_225' title='bbox 1692 1739 1879 1810; x_wconf 76' lang='grc' dir='ltr'>φησιν,</span> 
     </span>
    </p>
   </div>
   <div class='ocr_carea' id='block_1_33' title="bbox 278 1831 1883 1912">
    <p class='ocr_par' dir='ltr' id='par_1_33' title="bbox 278 1831 1883 1912">
     <span class='ocr_line' id='line_1_33' title="bbox 278 1831 1883 1912; baseline -0.008 -17"><span class='ocrx_word' id='word_1_226' title='bbox 278 1845 424 1897; x_wconf 77' lang='grc' dir='ltr'>εἵσω</span> <span class='ocrx_word' id='word_1_227' title='bbox 454 1841 516 1907; x_wconf 79' lang='grc' dir='ltr'><strong>ἓξ</strong></span> <span class='ocrx_word' id='word_1_228' title='bbox 544 1840 729 1912; x_wconf 83' lang='grc' dir='ltr'>μηνῶν</span> <span class='ocrx_word' id='word_1_229' title='bbox 758 1841 896 1909; x_wconf 81' lang='grc' dir='ltr'><strong>μετά</strong></span> <span class='ocrx_word' id='word_1_230' title='bbox 935 1839 1032 1910; x_wconf 80' lang='grc' dir='ltr'>τὴν</span> <span class='ocrx_word' id='word_1_231' title='bbox 1058 1838 1361 1907; x_wconf 76' lang='grc' dir='ltr'>ἐμφάνειαν</span> <span class='ocrx_word' id='word_1_232' title='bbox 1388 1834 1490 1906; x_wconf 83' lang='grc' dir='ltr'><strong>τῆς</strong></span> <span class='ocrx_word' id='word_1_233' title='bbox 1515 1832 1787 1902; x_wconf 82' lang='grc' dir='ltr'><strong>διαθήκης</strong></span> <span class='ocrx_word' id='word_1_234' title='bbox 1824 1831 1883 1895; x_wconf 72' lang='grc' dir='ltr'><strong>ἐξ</strong></span> 
     </span>
    </p>
   </div>
   <div class='ocr_carea' id='block_1_34' title="bbox 281 1919 1885 2004">
    <p class='ocr_par' dir='ltr' id='par_1_34' title="bbox 281 1919 1885 2004">
     <span class='ocr_line' id='line_1_34' title="bbox 281 1919 1885 2004; baseline -0.01 -18"><span class='ocrx_word' id='word_1_235' title='bbox 281 1931 640 2004; x_wconf 81' lang='grc' dir='ltr'>ὑπερθέσεως</span> <span class='ocrx_word' id='word_1_236' title='bbox 656 1970 669 1994; x_wconf 89' lang='grc'><strong>,</strong></span> <span class='ocrx_word' id='word_1_237' title='bbox 698 1930 942 2000; x_wconf 82' lang='grc' dir='ltr'>καρποὺς</span> <span class='ocrx_word' id='word_1_238' title='bbox 963 1929 1056 1981; x_wconf 76' lang='grc' dir='ltr'><strong>καὶ</strong></span> <span class='ocrx_word' id='word_1_239' title='bbox 1083 1926 1276 1989; x_wconf 85' lang='grc' dir='ltr'>τόκους</span> <span class='ocrx_word' id='word_1_240' title='bbox 1301 1926 1395 1977; x_wconf 75' lang='grc' dir='ltr'>καὶ</span> <span class='ocrx_word' id='word_1_241' title='bbox 1420 1922 1750 1992; x_wconf 80' lang='grc' dir='ltr'>ὲπαυξήσεις</span> <span class='ocrx_word' id='word_1_242' title='bbox 1774 1919 1885 1973; x_wconf 79' lang='grc' dir='ltr'>ἀπὸ</span> 
     </span>
    </p>
   </div>
   <div class='ocr_carea' id='block_1_35' title="bbox 281 2009 1885 2096">
    <p class='ocr_par' dir='ltr' id='par_1_35' title="bbox 281 2009 1885 2096">
     <span class='ocr_line' id='line_1_35' title="bbox 281 2009 1885 2096; baseline -0.011 -16"><span class='ocrx_word' id='word_1_243' title='bbox 281 2026 554 2096; x_wconf 74' lang='grc' dir='ltr'>τελευτῆς</span> <span class='ocrx_word' id='word_1_244' title='bbox 600 2023 697 2078; x_wconf 79' lang='grc' dir='ltr'>τοῦ</span> <span class='ocrx_word' id='word_1_245' title='bbox 745 2022 1135 2083; x_wconf 66' lang='grc' dir='ltr'>καταλιπόντος</span> <span class='ocrx_word' id='word_1_246' title='bbox 1182 2016 1553 2074; x_wconf 80' lang='grc' dir='ltr'>ἀπαιτεῖσθαι.</span> <span class='ocrx_word' id='word_1_247' title='bbox 1614 2014 1681 2067; x_wconf 84' lang='grc' dir='ltr'><strong>Ἦ</strong></span> <span class='ocrx_word' id='word_1_248' title='bbox 1732 2013 1792 2065; x_wconf 83' lang='grc' dir='ltr'>δὲ</span> <span class='ocrx_word' id='word_1_249' title='bbox 1834 2009 1885 2079; x_wconf 86' lang='grc' dir='ltr'>γ’</span> 
     </span>
    </p>
   </div>
   <div class='ocr_carea' id='block_1_36' title="bbox 285 2103 1887 2186">
    <p class='ocr_par' dir='ltr' id='par_1_36' title="bbox 285 2103 1887 2186">
     <span class='ocr_line' id='line_1_36' title="bbox 285 2103 1887 2186; baseline -0.011 -12"><span class='ocrx_word' id='word_1_250' title='bbox 285 2119 438 2174; x_wconf 80' lang='grc' dir='ltr'>διάτ.</span> <span class='ocrx_word' id='word_1_251' title='bbox 487 2119 582 2171; x_wconf 80' lang='grc' dir='ltr'>τοῦ</span> <span class='ocrx_word' id='word_1_252' title='bbox 633 2116 676 2186; x_wconf 84' lang='grc' dir='ltr'>β’</span> <span class='ocrx_word' id='word_1_253' title='bbox 732 2116 836 2171; x_wconf 87' lang='grc' dir='ltr'>τίτ.</span> <span class='ocrx_word' id='word_1_254' title='bbox 895 2114 990 2169; x_wconf 85' lang='grc' dir='ltr'>τοῦ</span> <span class='ocrx_word' id='word_1_255' title='bbox 1037 2112 1202 2167; x_wconf 83' lang='grc' dir='ltr'>αὑτοῦ</span> <span class='ocrx_word' id='word_1_256' title='bbox 1250 2108 1358 2164; x_wconf 85' lang='grc' dir='ltr'><strong>τῶν</strong></span> <span class='ocrx_word' id='word_1_257' title='bbox 1412 2107 1641 2178; x_wconf 87' lang='grc' dir='ltr'>Νεαρῶν</span> <span class='ocrx_word' id='word_1_258' title='bbox 1691 2103 1887 2159; x_wconf 75' lang='grc' dir='ltr'>συντά·</span> 
     </span>
    </p>
   </div>
   <div class='ocr_carea' id='block_1_37' title="bbox 288 2196 1890 2281">
    <p class='ocr_par' dir='ltr' id='par_1_37' title="bbox 288 2196 1890 2281">
     <span class='ocr_line' id='line_1_37' title="bbox 288 2196 1890 2281; baseline -0.011 -16"><span class='ocrx_word' id='word_1_259' title='bbox 288 2228 509 2281; x_wconf 81' lang='grc' dir='ltr'>γματος</span> <span class='ocrx_word' id='word_1_260' title='bbox 550 2211 737 2280; x_wconf 72' lang='grc' dir='ltr'>φησιν,</span> <span class='ocrx_word' id='word_1_261' title='bbox 770 2208 903 2261; x_wconf 83' lang='grc' dir='ltr'>εῖσω</span> <span class='ocrx_word' id='word_1_262' title='bbox 927 2206 1249 2267; x_wconf 76' lang='grc' dir='ltr'>πενταετίας</span> <span class='ocrx_word' id='word_1_263' title='bbox 1278 2204 1376 2273; x_wconf 78' lang='grc' dir='ltr'>τὴν</span> <span class='ocrx_word' id='word_1_264' title='bbox 1405 2199 1704 2270; x_wconf 76' lang='grc' dir='ltr'>ἐκκλησίαν</span> <span class='ocrx_word' id='word_1_265' title='bbox 1744 2196 1890 2266; x_wconf 82' lang='grc' dir='ltr'>ὀφεί-</span> 
     </span>
    </p>
   </div>
   <div class='ocr_carea' id='block_1_38' title="bbox 289 2289 1885 2372">
    <p class='ocr_par' dir='ltr' id='par_1_38' title="bbox 289 2289 1885 2372">
     <span class='ocr_line' id='line_1_38' title="bbox 289 2289 1885 2372; baseline -0.01 -17"><span class='ocrx_word' id='word_1_266' title='bbox 289 2305 417 2355; x_wconf 58' lang='grc' dir='ltr'>ῧλειν</span> <span class='ocrx_word' id='word_1_267' title='bbox 467 2300 839 2372; x_wconf 85' lang='grc' dir='ltr'>πληροῦσθαι·</span> <span class='ocrx_word' id='word_1_268' title='bbox 886 2300 1012 2362; x_wconf 72' lang='grc' dir='ltr'>τοὺς</span> <span class='ocrx_word' id='word_1_269' title='bbox 1065 2298 1123 2351; x_wconf 84' lang='grc' dir='ltr'>δὲ</span> <span class='ocrx_word' id='word_1_270' title='bbox 1165 2296 1359 2359; x_wconf 84' lang='grc' dir='ltr'>ἄλλους</span> <span class='ocrx_word' id='word_1_271' title='bbox 1400 2294 1621 2362; x_wconf 79' lang='grc' dir='ltr'>εὐαγεῖς</span> <span class='ocrx_word' id='word_1_272' title='bbox 1669 2289 1885 2351; x_wconf 83' lang='grc' dir='ltr'>οἴκους,</span> 
     </span>
    </p>
   </div>
   <div class='ocr_carea' id='block_1_39' title="bbox 295 2382 1891 2463">
    <p class='ocr_par' dir='ltr' id='par_1_39' title="bbox 295 2382 1891 2463">
     <span class='ocr_line' id='line_1_39' title="bbox 295 2382 1891 2463; baseline -0.01 -13"><span class='ocrx_word' id='word_1_273' title='bbox 295 2397 438 2450; x_wconf 85' lang='grc' dir='ltr'>εἴσω</span> <span class='ocrx_word' id='word_1_274' title='bbox 472 2396 741 2451; x_wconf 73' lang='grc' dir='ltr'>ἐνιαυτοῦ.</span> <span class='ocrx_word' id='word_1_275' title='bbox 798 2394 862 2447; x_wconf 78' lang='grc' dir='ltr'><strong>Εἰ</strong></span> <span class='ocrx_word' id='word_1_276' title='bbox 894 2394 950 2446; x_wconf 78' lang='grc' dir='ltr'>δὲ</span> <span class='ocrx_word' id='word_1_277' title='bbox 993 2395 1068 2463; x_wconf 80' lang='grc' dir='ltr'>μὴ</span> <span class='ocrx_word' id='word_1_278' title='bbox 1114 2391 1265 2453; x_wconf 77' lang='grc' dir='ltr'>ἐντὸς</span> <span class='ocrx_word' id='word_1_279' title='bbox 1309 2390 1404 2442; x_wconf 78' lang='grc' dir='ltr'>τοῦ</span> <span class='ocrx_word' id='word_1_280' title='bbox 1434 2384 1683 2440; x_wconf 77' lang='grc' dir='ltr'>ἐνιαυτοῦ</span> <span class='ocrx_word' id='word_1_281' title='bbox 1735 2382 1891 2451; x_wconf 82' lang='grc' dir='ltr'>ποιή-</span> 
     </span>
    </p>
   </div>
   <div class='ocr_carea' id='block_1_40' title="bbox 300 2473 1891 2559">
    <p class='ocr_par' dir='ltr' id='par_1_40' title="bbox 300 2473 1891 2559">
     <span class='ocr_line' id='line_1_40' title="bbox 300 2473 1891 2559; baseline -0.011 -16"><span class='ocrx_word' id='word_1_282' title='bbox 300 2506 492 2543; x_wconf 79' lang='grc' dir='ltr'>σουσιν</span> <span class='ocrx_word' id='word_1_283' title='bbox 525 2490 575 2541; x_wconf 78' lang='grc' dir='ltr'>οἱ</span> <span class='ocrx_word' id='word_1_284' title='bbox 616 2487 980 2559; x_wconf 84' lang='grc' dir='ltr'>κληρονόμοι,</span> <span class='ocrx_word' id='word_1_285' title='bbox 1029 2481 1528 2552; x_wconf 79' lang='grc' dir='ltr'>ἀναγκαςέσθωσαν</span> <span class='ocrx_word' id='word_1_286' title='bbox 1569 2473 1717 2531; x_wconf 80' lang='grc' dir='ltr'>οἷκον</span> <span class='ocrx_word' id='word_1_287' title='bbox 1761 2475 1891 2540; x_wconf 60' lang='grc' dir='ltr'>ἀγου</span> 
     </span>
    </p>
   </div>
   <div class='ocr_carea' id='block_1_41' title="bbox 302 2566 1894 2655">
    <p class='ocr_par' dir='ltr' id='par_1_41' title="bbox 302 2566 1894 2655">
     <span class='ocr_line' id='line_1_41' title="bbox 302 2566 1894 2655; baseline -0.014 -17"><span class='ocrx_word' id='word_1_288' title='bbox 302 2582 558 2655; x_wconf 73' lang='grc' dir='ltr'>ρέιςεινῆ</span> <span class='ocrx_word' id='word_1_289' title='bbox 593 2579 915 2652; x_wconf 76' lang='grc' dir='ltr'>μισθοῦσθαι</span> <span class='ocrx_word' id='word_1_290' title='bbox 937 2620 950 2643; x_wconf 92' lang='grc'><strong>,</strong></span> <span class='ocrx_word' id='word_1_291' title='bbox 991 2578 1121 2631; x_wconf 79' lang='grc' dir='ltr'>ἔνθα</span> <span class='ocrx_word' id='word_1_292' title='bbox 1150 2577 1379 2630; x_wconf 78' lang='grc' dir='ltr'>δύναται</span> <span class='ocrx_word' id='word_1_293' title='bbox 1424 2572 1493 2626; x_wconf 85' lang='grc' dir='ltr'>τὰ</span> <span class='ocrx_word' id='word_1_294' title='bbox 1535 2566 1894 2624; x_wconf 83' lang='grc' dir='ltr'>κελευσθέντα</span> 
     </span>
    </p>
   </div>
   <div class='ocr_carea' id='block_1_42' title="bbox 300 2658 1895 2745">
    <p class='ocr_par' dir='ltr' id='par_1_42' title="bbox 300 2658 1895 2745">
     <span class='ocr_line' id='line_1_42' title="bbox 300 2658 1895 2745; baseline -0.006 -16"><span class='ocrx_word' id='word_1_295' title='bbox 300 2675 669 2745; x_wconf 81' lang='grc' dir='ltr'>πληροῦσθαι.</span> <span class='ocrx_word' id='word_1_296' title='bbox 720 2674 803 2726; x_wconf 58' lang='lat' dir='ltr'><strong>Tit</strong></span> <span class='ocrx_word' id='word_1_297' title='bbox 862 2673 919 2726; x_wconf 84' lang='grc' dir='ltr'>δὲ</span> <span class='ocrx_word' id='word_1_298' title='bbox 978 2673 1107 2741; x_wconf 70' lang='grc' dir='ltr'>περὶ</span> <span class='ocrx_word' id='word_1_299' title='bbox 1157 2672 1257 2740; x_wconf 84' lang='grc' dir='ltr'>τῆς</span> <span class='ocrx_word' id='word_1_300' title='bbox 1311 2668 1631 2735; x_wconf 81' lang='grc' dir='ltr'>διοικήσεως</span> <span class='ocrx_word' id='word_1_301' title='bbox 1693 2658 1895 2730; x_wconf 77' lang='grc' dir='ltr'>ὁμοίως</span> 
     </span>
    </p>
   </div>
   <div class='ocr_carea' id='block_1_43' title="bbox 299 2766 1055 2839">
    <p class='ocr_par' dir='ltr' id='par_1_43' title="bbox 299 2766 1055 2839">
     <span class='ocr_line' id='line_1_43' title="bbox 299 2766 1055 2839; baseline -0.004 -18"><span class='ocrx_word' id='word_1_302' title='bbox 299 2772 372 2838; x_wconf 82' lang='grc' dir='ltr'>τῇ</span> <span class='ocrx_word' id='word_1_303' title='bbox 406 2766 754 2839; x_wconf 78' lang='grc' dir='ltr'>προλαδούσῃ</span> <span class='ocrx_word' id='word_1_304' title='bbox 784 2766 938 2818; x_wconf 86' lang='grc' dir='ltr'>διατυ</span> <span class='ocrx_word' id='word_1_305' title='bbox 947 2767 1055 2818; x_wconf 88' lang='grc' dir='ltr'>ποῖ.</span> 
     </span>
    </p>
   </div>
   <div class='ocr_carea' id='block_1_44' title="bbox 380 2850 1893 2927">
    <p class='ocr_par' dir='ltr' id='par_1_44' title="bbox 380 2850 1893 2927">
     <span class='ocr_line' id='line_1_44' title="bbox 380 2850 1893 2927; baseline -0.008 -15"><span class='ocrx_word' id='word_1_306' title='bbox 380 2859 547 2926; x_wconf 81' lang='grc' dir='ltr'>Λέγει</span> <span class='ocrx_word' id='word_1_307' title='bbox 570 2858 625 2910; x_wconf 81' lang='grc' dir='ltr'>δὲ</span> <span class='ocrx_word' id='word_1_308' title='bbox 644 2857 779 2927; x_wconf 76' lang='grc' dir='ltr'>βιϐλ.</span> <span class='ocrx_word' id='word_1_309' title='bbox 814 2863 861 2909; x_wconf 87' lang='grc' dir='ltr'><strong>α’</strong></span> <span class='ocrx_word' id='word_1_310' title='bbox 889 2854 1274 2921; x_wconf 80' lang='grc' dir='ltr'>τῶνδιγέστων</span> <span class='ocrx_word' id='word_1_311' title='bbox 1296 2852 1400 2905; x_wconf 87' lang='grc' dir='ltr'>τίτ.</span> <span class='ocrx_word' id='word_1_312' title='bbox 1423 2858 1463 2903; x_wconf 83' lang='grc' dir='ltr'><strong>ν’</strong></span> <span class='ocrx_word' id='word_1_313' title='bbox 1491 2851 1629 2921; x_wconf 79' lang='grc' dir='ltr'>βιόλ.</span> <span class='ocrx_word' id='word_1_314' title='bbox 1656 2856 1685 2902; x_wconf 90' lang='grc' dir='ltr'><strong>ι’</strong></span> <span class='ocrx_word' id='word_1_315' title='bbox 1710 2850 1804 2901; x_wconf 67' lang='grc' dir='ltr'>καὶ</span> <span class='ocrx_word' id='word_1_316' title='bbox 1823 2855 1893 2913; x_wconf 87' lang='grc' dir='ltr'><strong>α’,</strong></span> 
     </span>
    </p>
   </div>
   <div class='ocr_carea' id='block_1_45' title="bbox 300 2940 1899 3015">
    <p class='ocr_par' dir='ltr' id='par_1_45' title="bbox 300 2940 1899 3015">
     <span class='ocr_line' id='line_1_45' title="bbox 300 2940 1899 3015; baseline -0.007 -14"><span class='ocrx_word' id='word_1_317' title='bbox 300 2948 394 3001; x_wconf 72' lang='grc' dir='ltr'>ὅτι</span> <span class='ocrx_word' id='word_1_318' title='bbox 414 2947 482 2999; x_wconf 84' lang='grc' dir='ltr'><strong>τά</strong></span> <span class='ocrx_word' id='word_1_319' title='bbox 499 2947 618 3015; x_wconf 85' lang='grc' dir='ltr'>ἱερά</span> <span class='ocrx_word' id='word_1_320' title='bbox 637 2946 779 2998; x_wconf 91' lang='grc' dir='ltr'>θείου</span> <span class='ocrx_word' id='word_1_321' title='bbox 800 2945 1007 2997; x_wconf 83' lang='grc' dir='ltr'>δικαίου</span> <span class='ocrx_word' id='word_1_322' title='bbox 1025 2945 1147 3002; x_wconf 73' lang='grc' dir='ltr'>εἰσὶ,</span> <span class='ocrx_word' id='word_1_323' title='bbox 1166 2942 1258 2995; x_wconf 77' lang='grc' dir='ltr'>καὶ</span> <span class='ocrx_word' id='word_1_324' title='bbox 1280 2943 1370 2994; x_wconf 79' lang='grc' dir='ltr'>ὑπ’</span> <span class='ocrx_word' id='word_1_325' title='bbox 1389 2942 1597 3002; x_wconf 72' lang='grc' dir='ltr'>οὐδενὸς</span> <span class='ocrx_word' id='word_1_326' title='bbox 1614 2940 1899 3004; x_wconf 76' lang='grc' dir='ltr'>δεσπόζον-</span> 
     </span>
    </p>
   </div>
   <div class='ocr_carea' id='block_1_46' title="bbox 303 2997 1970 3106">
    <p class='ocr_par' dir='ltr' id='par_1_46' title="bbox 303 2997 1970 3106">
     <span class='ocr_line' id='line_1_46' title="bbox 303 2997 1970 3106; baseline -0.006 -17"><span class='ocrx_word' id='word_1_327' title='bbox 632 2997 689 3087; x_wconf 72' lang='grc' dir='ltr'><strong>δὲ</strong></span> <span class='ocrx_word' id='word_1_328' title='bbox 720 3034 951 3105; x_wconf 78' lang='grc' dir='ltr'>πρᾶγμά</span> <span class='ocrx_word' id='word_1_329' title='bbox 972 3036 1110 3095; x_wconf 72' lang='grc' dir='ltr'>ἐστι,</span> <span class='ocrx_word' id='word_1_330' title='bbox 1140 2997 1203 3083; x_wconf 80' lang='grc' dir='ltr'><strong>τό</strong></span> <span class='ocrx_word' id='word_1_331' title='bbox 1226 3029 1521 3100; x_wconf 82' lang='grc' dir='ltr'>ἀνιερωθὲν</span> <span class='ocrx_word' id='word_1_332' title='bbox 1543 2997 1899 3099; x_wconf 37' lang='grc' dir='ltr'>δημοσίῳ-Τὰ</span> <span class='ocrx_word' id='word_1_333' title='bbox 1925 2997 1970 3055; x_wconf 75' lang='lat' dir='ltr'>c</span> 
     </span>
    </p>
   </div>
   <div class='ocr_carea' id='block_1_47' title="bbox 306 3120 1899 3198">
    <p class='ocr_par' dir='ltr' id='par_1_47' title="bbox 306 3120 1899 3198">
     <span class='ocr_line' id='line_1_47' title="bbox 306 3120 1899 3198; baseline -0.007 -15"><span class='ocrx_word' id='word_1_334' title='bbox 306 3128 424 3198; x_wconf 76' lang='grc' dir='ltr'><strong>γὰρ</strong></span> <span class='ocrx_word' id='word_1_335' title='bbox 450 3127 691 3181; x_wconf 78' lang='grc' dir='ltr'>ἰδιωτικὰ</span> <span class='ocrx_word' id='word_1_336' title='bbox 706 3128 805 3180; x_wconf 80' lang='grc' dir='ltr'><strong>οὐκ</strong></span> <span class='ocrx_word' id='word_1_337' title='bbox 828 3126 964 3179; x_wconf 71' lang='grc' dir='ltr'>εἰσιν</span> <span class='ocrx_word' id='word_1_338' title='bbox 993 3126 1133 3195; x_wconf 77' lang='grc' dir='ltr'>ἱερὰ,</span> <span class='ocrx_word' id='word_1_339' title='bbox 1156 3124 1288 3177; x_wconf 83' lang='grc' dir='ltr'><strong>ἀλλά</strong></span> <span class='ocrx_word' id='word_1_340' title='bbox 1319 3122 1539 3194; x_wconf 79' lang='grc' dir='ltr'>βέϐηλα·</span> <span class='ocrx_word' id='word_1_341' title='bbox 1572 3122 1619 3173; x_wconf 76' lang='grc' dir='ltr'>εἰ</span> <span class='ocrx_word' id='word_1_342' title='bbox 1643 3120 1699 3172; x_wconf 82' lang='grc' dir='ltr'>δὲ</span> <span class='ocrx_word' id='word_1_343' title='bbox 1726 3136 1899 3173; x_wconf 85' lang='grc' dir='ltr'>κατα-</span> 
     </span>
    </p>
   </div>
   <div class='ocr_carea' id='block_1_48' title="bbox 310 3211 1903 3291">
    <p class='ocr_par' dir='ltr' id='par_1_48' title="bbox 310 3211 1903 3291">
     <span class='ocr_line' id='line_1_48' title="bbox 310 3211 1903 3291; baseline -0.008 -17"><span class='ocrx_word' id='word_1_344' title='bbox 310 3222 462 3291; x_wconf 79' lang='grc' dir='ltr'>πέσῃ</span> <span class='ocrx_word' id='word_1_345' title='bbox 494 3220 555 3272; x_wconf 82' lang='grc' dir='ltr'>τὸ</span> <span class='ocrx_word' id='word_1_346' title='bbox 578 3220 951 3289; x_wconf 74' lang='grc' dir='ltr'>οἰκοδόμημα,</span> <span class='ocrx_word' id='word_1_347' title='bbox 988 3219 1138 3288; x_wconf 81' lang='grc' dir='ltr'>μένει</span> <span class='ocrx_word' id='word_1_348' title='bbox 1182 3218 1211 3270; x_wconf 88' lang='grc' dir='ltr'><strong>ό</strong></span> <span class='ocrx_word' id='word_1_349' title='bbox 1240 3217 1403 3277; x_wconf 88' lang='grc' dir='ltr'>τόπος</span> <span class='ocrx_word' id='word_1_350' title='bbox 1451 3215 1593 3285; x_wconf 71' lang='grc' dir='ltr'>ἱερὸς</span> <span class='ocrx_word' id='word_1_351' title='bbox 1615 3253 1631 3278; x_wconf 89' lang='grc'><strong>,</strong></span> <span class='ocrx_word' id='word_1_352' title='bbox 1660 3212 1735 3275; x_wconf 85' lang='grc' dir='ltr'>ὡς</span> <span class='ocrx_word' id='word_1_353' title='bbox 1762 3211 1903 3281; x_wconf 76' lang='grc' dir='ltr'>βιὸλ.</span> 
     </span>
    </p>
   </div>
   <div class='ocr_carea' id='block_1_49' title="bbox 309 3303 1902 3380">
    <p class='ocr_par' dir='ltr' id='par_1_49' title="bbox 309 3303 1902 3380">
     <span class='ocr_line' id='line_1_49' title="bbox 309 3303 1902 3380; baseline -0.006 -15"><span class='ocrx_word' id='word_1_354' title='bbox 309 3312 427 3380; x_wconf 80' lang='grc' dir='ltr'>δξγ.</span> <span class='ocrx_word' id='word_1_355' title='bbox 451 3310 523 3377; x_wconf 84' lang='grc' dir='ltr'><strong>ς’·</strong></span> <span class='ocrx_word' id='word_1_356' title='bbox 563 3310 944 3379; x_wconf 83' lang='grc' dir='ltr'>καθιεροῦνται</span> <span class='ocrx_word' id='word_1_357' title='bbox 982 3311 1037 3363; x_wconf 83' lang='grc' dir='ltr'>δὲ</span> <span class='ocrx_word' id='word_1_358' title='bbox 1067 3310 1161 3362; x_wconf 72' lang='grc' dir='ltr'><strong>καὶ</strong></span> <span class='ocrx_word' id='word_1_359' title='bbox 1192 3311 1250 3363; x_wconf 83' lang='grc' dir='ltr'>ὲν</span> <span class='ocrx_word' id='word_1_360' title='bbox 1272 3308 1457 3361; x_wconf 87' lang='grc' dir='ltr'>πόλεσι</span> <span class='ocrx_word' id='word_1_361' title='bbox 1477 3306 1570 3359; x_wconf 78' lang='grc' dir='ltr'><strong>καὶ</strong></span> <span class='ocrx_word' id='word_1_362' title='bbox 1587 3307 1643 3358; x_wconf 82' lang='grc' dir='ltr'>ἐν</span> <span class='ocrx_word' id='word_1_363' title='bbox 1661 3303 1902 3376; x_wconf 87' lang='grc' dir='ltr'>χωρίοις.</span> 
     </span>
    </p>
   </div>
   <div class='ocr_carea' id='block_1_50' title="bbox 311 3396 1906 3477">
    <p class='ocr_par' dir='ltr' id='par_1_50' title="bbox 311 3396 1906 3477">
     <span class='ocr_line' id='line_1_50' title="bbox 311 3396 1906 3477; baseline -0.008 -18"><span class='ocrx_word' id='word_1_364' title='bbox 311 3405 589 3477; x_wconf 81' lang='grc' dir='ltr'>Δημόσιος</span> <span class='ocrx_word' id='word_1_365' title='bbox 604 3404 660 3458; x_wconf 78' lang='grc' dir='ltr'>δὲ</span> <span class='ocrx_word' id='word_1_366' title='bbox 676 3405 838 3466; x_wconf 84' lang='grc' dir='ltr'>τόπος</span> <span class='ocrx_word' id='word_1_367' title='bbox 859 3402 1010 3473; x_wconf 83' lang='grc' dir='ltr'><strong>παρά</strong></span> <span class='ocrx_word' id='word_1_368' title='bbox 1038 3400 1284 3453; x_wconf 83' lang='grc' dir='ltr'>κέλευσιν</span> <span class='ocrx_word' id='word_1_369' title='bbox 1310 3397 1595 3469; x_wconf 81' lang='grc' dir='ltr'>βασιλέως,</span> <span class='ocrx_word' id='word_1_370' title='bbox 1617 3397 1677 3449; x_wconf 74' lang='grc' dir='ltr'>οὺ</span> <span class='ocrx_word' id='word_1_371' title='bbox 1696 3396 1906 3464; x_wconf 88' lang='grc' dir='ltr'>γίνεται</span> 
     </span>
    </p>
   </div>
   <div class='ocr_carea' id='block_1_51' title="bbox 318 3485 1906 3569">
    <p class='ocr_par' dir='ltr' id='par_1_51' title="bbox 318 3485 1906 3569">
     <span class='ocr_line' id='line_1_51' title="bbox 318 3485 1906 3569; baseline -0.01 -17"><span class='ocrx_word' id='word_1_372' title='bbox 318 3500 473 3569; x_wconf 77' lang='grc' dir='ltr'>ἱερὸς</span> <span class='ocrx_word' id='word_1_373' title='bbox 492 3539 505 3560; x_wconf 90' lang='grc'><strong>,</strong></span> <span class='ocrx_word' id='word_1_374' title='bbox 535 3497 608 3560; x_wconf 84' lang='grc' dir='ltr'>ὡς</span> <span class='ocrx_word' id='word_1_375' title='bbox 631 3496 875 3565; x_wconf 85' lang='grc' dir='ltr'>δίγεστον</span> <span class='ocrx_word' id='word_1_376' title='bbox 906 3492 955 3566; x_wconf 89' lang='grc' dir='ltr'><strong>η’</strong></span> <span class='ocrx_word' id='word_1_377' title='bbox 982 3494 1076 3545; x_wconf 72' lang='grc' dir='ltr'><strong>καὶ</strong></span> <span class='ocrx_word' id='word_1_378' title='bbox 1114 3491 1178 3545; x_wconf 88' lang='grc' dir='ltr'>θ”</span> <span class='ocrx_word' id='word_1_379' title='bbox 1220 3490 1573 3559; x_wconf 83' lang='grc' dir='ltr'>ἀδιατίμητον</span> <span class='ocrx_word' id='word_1_380' title='bbox 1600 3488 1658 3540; x_wconf 87' lang='grc' dir='ltr'><strong>δέ</strong></span> <span class='ocrx_word' id='word_1_381' title='bbox 1700 3489 1817 3539; x_wconf 77' lang='grc' dir='ltr'>ἐστι</span> <span class='ocrx_word' id='word_1_382' title='bbox 1845 3485 1906 3537; x_wconf 77' lang='grc' dir='ltr'>τὸ</span> 
     </span>
    </p>
   </div>
   <div class='ocr_carea' id='block_1_52' title="bbox 316 3574 1906 3659">
    <p class='ocr_par' dir='ltr' id='par_1_52' title="bbox 316 3574 1906 3659">
     <span class='ocr_line' id='line_1_52' title="bbox 316 3574 1906 3659; baseline -0.009 -16"><span class='ocrx_word' id='word_1_383' title='bbox 316 3590 492 3659; x_wconf 67' lang='grc' dir='ltr'>ἱερὸν,</span> <span class='ocrx_word' id='word_1_384' title='bbox 518 3588 592 3648; x_wconf 84' lang='grc' dir='ltr'>ὡς</span> <span class='ocrx_word' id='word_1_385' title='bbox 615 3588 858 3656; x_wconf 79' lang='grc' dir='ltr'>δίγεστον</span> <span class='ocrx_word' id='word_1_386' title='bbox 882 3591 932 3639; x_wconf 86' lang='grc' dir='ltr'>ι’·</span> <span class='ocrx_word' id='word_1_387' title='bbox 958 3580 1531 3638; x_wconf 75' lang='grc' dir='ltr'>καὶἸνστιτουτιώνων</span> <span class='ocrx_word' id='word_1_388' title='bbox 1561 3578 1699 3648; x_wconf 80' lang='grc' dir='ltr'>βιόλ.</span> <span class='ocrx_word' id='word_1_389' title='bbox 1729 3577 1833 3631; x_wconf 85' lang='grc' dir='ltr'>τίτ.</span> <span class='ocrx_word' id='word_1_390' title='bbox 1859 3574 1906 3628; x_wconf 91' lang='grc' dir='ltr'>α’</span> 
     </span>
    </p>
   </div>
   <div class='ocr_carea' id='block_1_53' title="bbox 218 3668 1907 3750">
    <p class='ocr_par' dir='ltr' id='par_1_53' title="bbox 218 3668 1907 3750">
     <span class='ocr_line' id='line_1_53' title="bbox 218 3668 1907 3750; baseline -0.009 -16"><span class='ocrx_word' id='word_1_391' title='bbox 218 3721 229 3728; x_wconf 89' lang='grc'><strong>.</strong></span> <span class='ocrx_word' id='word_1_392' title='bbox 318 3680 514 3750; x_wconf 79' lang='grc' dir='ltr'>φησὶν,</span> <span class='ocrx_word' id='word_1_393' title='bbox 552 3680 634 3732; x_wconf 77' lang='grc' dir='ltr'>ὄτι</span> <span class='ocrx_word' id='word_1_394' title='bbox 671 3676 816 3747; x_wconf 76' lang='grc' dir='ltr'>ἱερόν</span> <span class='ocrx_word' id='word_1_395' title='bbox 860 3678 1008 3739; x_wconf 74' lang='grc' dir='ltr'>ἐστι,</span> <span class='ocrx_word' id='word_1_396' title='bbox 1036 3674 1097 3727; x_wconf 83' lang='grc' dir='ltr'><strong>τὸ</strong></span> <span class='ocrx_word' id='word_1_397' title='bbox 1124 3672 1303 3744; x_wconf 76' lang='grc' dir='ltr'>ὀρθῶς</span> <span class='ocrx_word' id='word_1_398' title='bbox 1344 3673 1442 3725; x_wconf 75' lang='grc' dir='ltr'>καὶ</span> <span class='ocrx_word' id='word_1_399' title='bbox 1467 3670 1557 3722; x_wconf 85' lang='grc' dir='ltr'><strong>διὰ</strong></span> <span class='ocrx_word' id='word_1_400' title='bbox 1582 3671 1675 3722; x_wconf 85' lang='grc' dir='ltr'>τοῦ</span> <span class='ocrx_word' id='word_1_401' title='bbox 1715 3668 1907 3738; x_wconf 80' lang='grc' dir='ltr'>ἱερέως</span> 
     </span>
    </p>
   </div>
   <div class='ocr_carea' id='block_1_54' title="bbox 318 3758 1910 3843">
    <p class='ocr_par' dir='ltr' id='par_1_54' title="bbox 318 3758 1910 3843">
     <span class='ocr_line' id='line_1_54' title="bbox 318 3758 1910 3843; baseline -0.009 -18"><span class='ocrx_word' id='word_1_402' title='bbox 318 3774 404 3843; x_wconf 81' lang='grc' dir='ltr'>τῷ</span> <span class='ocrx_word' id='word_1_403' title='bbox 434 3773 554 3841; x_wconf 84' lang='grc' dir='ltr'><strong>Θεῷ</strong></span> <span class='ocrx_word' id='word_1_404' title='bbox 578 3769 965 3841; x_wconf 83' lang='grc' dir='ltr'>ἀνιερωμένον·</span> <span class='ocrx_word' id='word_1_405' title='bbox 995 3767 1071 3830; x_wconf 83' lang='grc' dir='ltr'>ὡς</span> <span class='ocrx_word' id='word_1_406' title='bbox 1112 3767 1162 3819; x_wconf 81' lang='grc' dir='ltr'>οἱ</span> <span class='ocrx_word' id='word_1_407' title='bbox 1199 3765 1319 3820; x_wconf 76' lang='grc' dir='ltr'>ναοὶ</span> <span class='ocrx_word' id='word_1_408' title='bbox 1355 3762 1546 3817; x_wconf 83' lang='grc' dir='ltr'>καὶτά</span> <span class='ocrx_word' id='word_1_409' title='bbox 1589 3760 1778 3828; x_wconf 85' lang='grc' dir='ltr'>σκεύη·</span> <span class='ocrx_word' id='word_1_410' title='bbox 1814 3758 1910 3812; x_wconf 76' lang='grc' dir='ltr'>καὶ</span> 
     </span>
    </p>
   </div>
   <div class='ocr_carea' id='block_1_55' title="bbox 321 3850 1910 3929">
    <p class='ocr_par' dir='ltr' id='par_1_55' title="bbox 321 3850 1910 3929">
     <span class='ocr_line' id='line_1_55' title="bbox 321 3850 1910 3929; baseline -0.01 -12"><span class='ocrx_word' id='word_1_411' title='bbox 321 3864 422 3918; x_wconf 80' lang='grc' dir='ltr'>τοῦ</span> <span class='ocrx_word' id='word_1_412' title='bbox 453 3863 582 3917; x_wconf 82' lang='grc' dir='ltr'>ναοῦ</span> <span class='ocrx_word' id='word_1_413' title='bbox 630 3861 1067 3924; x_wconf 81' lang='grc' dir='ltr'>καταπεσόντος,</span> <span class='ocrx_word' id='word_1_414' title='bbox 1101 3857 1256 3929; x_wconf 84' lang='grc' dir='ltr'>μένει</span> <span class='ocrx_word' id='word_1_415' title='bbox 1298 3857 1327 3909; x_wconf 90' lang='lat'><strong>6</strong></span> <span class='ocrx_word' id='word_1_416' title='bbox 1371 3856 1534 3918; x_wconf 85' lang='grc' dir='ltr'>τόπος</span> <span class='ocrx_word' id='word_1_417' title='bbox 1582 3853 1749 3923; x_wconf 77' lang='grc' dir='ltr'>ἱερός.</span> <span class='ocrx_word' id='word_1_418' title='bbox 1795 3850 1910 3903; x_wconf 83' lang='grc' dir='ltr'>Οὐκ</span> 
     </span>
    </p>
   </div>
   <div class='ocr_carea' id='block_1_56' title="bbox 322 3942 1911 4026">
    <p class='ocr_par' dir='ltr' id='par_1_56' title="bbox 322 3942 1911 4026">
     <span class='ocr_line' id='line_1_56' title="bbox 322 3942 1911 4026; baseline -0.011 -14"><span class='ocrx_word' id='word_1_419' title='bbox 322 3959 445 4013; x_wconf 74' lang='grc' dir='ltr'>εστι</span> <span class='ocrx_word' id='word_1_420' title='bbox 491 3956 548 4010; x_wconf 81' lang='grc' dir='ltr'>δὲ</span> <span class='ocrx_word' id='word_1_421' title='bbox 587 3954 752 4026; x_wconf 78' lang='grc' dir='ltr'>ἱερὸν,</span> <span class='ocrx_word' id='word_1_422' title='bbox 794 3955 933 4022; x_wconf 84' lang='grc' dir='ltr'>ὅπερ</span> <span class='ocrx_word' id='word_1_423' title='bbox 973 3969 1056 4015; x_wconf 83' lang='grc' dir='ltr'><strong>τις</strong></span> <span class='ocrx_word' id='word_1_424' title='bbox 1100 3952 1221 4003; x_wconf 85' lang='grc' dir='ltr'>κατ’</span> <span class='ocrx_word' id='word_1_425' title='bbox 1254 3950 1462 4002; x_wconf 77' lang='grc' dir='ltr'>οἰκείαν</span> <span class='ocrx_word' id='word_1_426' title='bbox 1501 3944 1787 3998; x_wconf 79' lang='grc' dir='ltr'>αὑθεντίαν</span> <span class='ocrx_word' id='word_1_427' title='bbox 1836 3942 1911 4006; x_wconf 82' lang='grc' dir='ltr'><strong>ὡς</strong></span> 
     </span>
    </p>
   </div>
   <div class='ocr_carea' id='block_1_57' title="bbox 324 4036 1913 4123">
    <p class='ocr_par' dir='ltr' id='par_1_57' title="bbox 324 4036 1913 4123">
     <span class='ocr_line' id='line_1_57' title="bbox 324 4036 1913 4123; baseline -0.013 -17"><span class='ocrx_word' id='word_1_428' title='bbox 324 4051 479 4123; x_wconf 73' lang='grc' dir='ltr'>ἱερὸν</span> <span class='ocrx_word' id='word_1_429' title='bbox 503 4050 740 4121; x_wconf 79' lang='grc' dir='ltr'>ποιήσει’</span> <span class='ocrx_word' id='word_1_430' title='bbox 768 4047 863 4100; x_wconf 77' lang='grc' dir='ltr'>καὶ</span> <span class='ocrx_word' id='word_1_431' title='bbox 901 4046 1005 4099; x_wconf 85' lang='grc' dir='ltr'>τίτ.</span> <span class='ocrx_word' id='word_1_432' title='bbox 1033 4050 1105 4110; x_wconf 80' lang='grc' dir='ltr'>ς’·</span> <span class='ocrx_word' id='word_1_433' title='bbox 1132 4044 1216 4097; x_wconf 84' lang='grc' dir='ltr'>ὅτι</span> <span class='ocrx_word' id='word_1_434' title='bbox 1258 4042 1319 4095; x_wconf 80' lang='grc' dir='ltr'><strong>οὑ</strong></span> <span class='ocrx_word' id='word_1_435' title='bbox 1346 4038 1540 4094; x_wconf 80' lang='grc' dir='ltr'>κτᾶταί</span> <span class='ocrx_word' id='word_1_436' title='bbox 1566 4055 1652 4100; x_wconf 87' lang='grc' dir='ltr'><strong>τις</strong></span> <span class='ocrx_word' id='word_1_437' title='bbox 1680 4036 1751 4089; x_wconf 84' lang='grc' dir='ltr'><strong>τά</strong></span> <span class='ocrx_word' id='word_1_438' title='bbox 1790 4036 1913 4105; x_wconf 78' lang='grc' dir='ltr'><strong>ἱερά</strong></span> 
     </span>
    </p>
   </div>
   <div class='ocr_carea' id='block_1_58' title="bbox 325 4131 1911 4215">
    <p class='ocr_par' dir='ltr' id='par_1_58' title="bbox 325 4131 1911 4215">
     <span class='ocr_line' id='line_1_58' title="bbox 325 4131 1911 4215; baseline -0.011 -17"><span class='ocrx_word' id='word_1_439' title='bbox 325 4146 418 4198; x_wconf 78' lang='grc' dir='ltr'>διὰ</span> <span class='ocrx_word' id='word_1_440' title='bbox 465 4145 565 4212; x_wconf 82' lang='grc' dir='ltr'><strong>τῆς</strong></span> <span class='ocrx_word' id='word_1_441' title='bbox 607 4143 830 4215; x_wconf 83' lang='grc' dir='ltr'>χρονίας</span> <span class='ocrx_word' id='word_1_442' title='bbox 866 4139 1055 4209; x_wconf 63' lang='grc' dir='ltr'>νομῆς</span> <span class='ocrx_word' id='word_1_443' title='bbox 1102 4137 1227 4192; x_wconf 77' lang='grc' dir='ltr'>οὔτε</span> <span class='ocrx_word' id='word_1_444' title='bbox 1272 4136 1508 4207; x_wconf 76' lang='grc' dir='ltr'>ἰσχυρῶς</span> <span class='ocrx_word' id='word_1_445' title='bbox 1536 4150 1619 4196; x_wconf 87' lang='grc' dir='ltr'><strong>τις</strong></span> <span class='ocrx_word' id='word_1_446' title='bbox 1660 4131 1911 4201; x_wconf 72' lang='grc' dir='ltr'>ἐπερωτᾷ</span> 
     </span>
    </p>
   </div>
   <div class='ocr_carea' id='block_1_59' title="bbox 326 4224 1910 4305">
    <p class='ocr_par' dir='ltr' id='par_1_59' title="bbox 326 4224 1910 4305">
     <span class='ocr_line' id='line_1_59' title="bbox 326 4224 1910 4305; baseline -0.009 -18"><span class='ocrx_word' id='word_1_447' title='bbox 326 4235 518 4288; x_wconf 76' lang='grc' dir='ltr'>λαϐεῖν</span> <span class='ocrx_word' id='word_1_448' title='bbox 551 4235 718 4305; x_wconf 86' lang='grc' dir='ltr'>ἱερὸν,</span> <span class='ocrx_word' id='word_1_449' title='bbox 755 4229 1222 4287; x_wconf 85' lang='grc' dir='ltr'>Ἰνστιτουτιῶνων</span> <span class='ocrx_word' id='word_1_450' title='bbox 1255 4228 1323 4297; x_wconf 83' lang='grc' dir='ltr'>ιγ’</span> <span class='ocrx_word' id='word_1_451' title='bbox 1346 4229 1452 4280; x_wconf 85' lang='grc' dir='ltr'>τίτ.</span> <span class='ocrx_word' id='word_1_452' title='bbox 1479 4225 1647 4280; x_wconf 72' lang='grc' dir='ltr'>ιε’καὶ</span> <span class='ocrx_word' id='word_1_453' title='bbox 1670 4224 1773 4277; x_wconf 81' lang='grc' dir='ltr'>τίτ.</span> <span class='ocrx_word' id='word_1_454' title='bbox 1804 4227 1910 4288; x_wconf 86' lang='grc' dir='ltr'>κγ’·</span> 
     </span>
    </p>
   </div>
   <div class='ocr_carea' id='block_1_60' title="bbox 1986 1726 3562 1793">
    <p class='ocr_par' dir='ltr' id='par_1_60' title="bbox 1986 1726 3562 1793">
     <span class='ocr_line' id='line_1_60' title="bbox 1986 1726 3562 1793; baseline -0.004 -7"><span class='ocrx_word' id='word_1_455' title='bbox 1986 1733 2129 1787; x_wconf 91' lang='lat' dir='ltr'><strong>idem</strong></span> <span class='ocrx_word' id='word_1_456' title='bbox 2160 1746 2302 1786; x_wconf 85' lang='lat' dir='ltr'><strong>esse.</strong></span> <span class='ocrx_word' id='word_1_457' title='bbox 2340 1729 2544 1785; x_wconf 91' lang='lat' dir='ltr'><strong>Eadem</strong></span> <span class='ocrx_word' id='word_1_458' title='bbox 2577 1738 2755 1785; x_wconf 88' lang='lat' dir='ltr'><strong>const.</strong></span> <span class='ocrx_word' id='word_1_459' title='bbox 2785 1729 2837 1792; x_wconf 83' lang='lat'><strong>&#39;5,</strong></span> <span class='ocrx_word' id='word_1_460' title='bbox 2874 1728 2960 1782; x_wconf 89' lang='lat' dir='ltr'><strong>tit.</strong></span> <span class='ocrx_word' id='word_1_461' title='bbox 2996 1728 3032 1781; x_wconf 74' lang='lat'>2</span> <span class='ocrx_word' id='word_1_462' title='bbox 3069 1727 3415 1784; x_wconf 85' lang='lat' dir='ltr'><strong>Novellarum</strong></span> <span class='ocrx_word' id='word_1_463' title='bbox 3465 1726 3562 1793; x_wconf 86' lang='lat' dir='ltr'><strong>ait,</strong></span> 
     </span>
    </p>
   </div>
   <div class='ocr_carea' id='block_1_61' title="bbox 1986 1820 3564 1893">
    <p class='ocr_par' dir='ltr' id='par_1_61' title="bbox 1986 1820 3564 1893">
     <span class='ocr_line' id='line_1_61' title="bbox 1986 1820 3564 1893; baseline -0.003 -14"><span class='ocrx_word' id='word_1_464' title='bbox 1986 1827 2128 1879; x_wconf 83' lang='lat' dir='ltr'><strong>intra</strong></span> <span class='ocrx_word' id='word_1_465' title='bbox 2150 1838 2243 1878; x_wconf 77' lang='lat' dir='ltr'><strong>sex</strong></span> <span class='ocrx_word' id='word_1_466' title='bbox 2275 1837 2491 1877; x_wconf 86' lang='lat' dir='ltr'><strong>menses</strong></span> <span class='ocrx_word' id='word_1_467' title='bbox 2522 1829 2645 1892; x_wconf 90' lang='lat' dir='ltr'><strong>post</strong></span> <span class='ocrx_word' id='word_1_468' title='bbox 2666 1831 2978 1891; x_wconf 87' lang='lat' dir='ltr'><strong>aperturam</strong></span> <span class='ocrx_word' id='word_1_469' title='bbox 2997 1821 3305 1876; x_wconf 87' lang='lat' dir='ltr'><strong>testamenti</strong></span> <span class='ocrx_word' id='word_1_470' title='bbox 3338 1820 3564 1893; x_wconf 86' lang='lat' dir='ltr'><strong>[relictis</strong></span> 
     </span>
    </p>
   </div>
   <div class='ocr_carea' id='block_1_62' title="bbox 1986 1913 3565 1988">
    <p class='ocr_par' dir='ltr' id='par_1_62' title="bbox 1986 1913 3565 1988">
     <span class='ocr_line' id='line_1_62' title="bbox 1986 1913 3565 1988; baseline -0.004 -16"><span class='ocrx_word' id='word_1_471' title='bbox 1986 1933 2096 1972; x_wconf 89' lang='lat' dir='ltr'><strong>non</strong></span> <span class='ocrx_word' id='word_1_472' title='bbox 2122 1914 2312 1988; x_wconf 87' lang='lat' dir='ltr'><strong>datis],</strong></span> <span class='ocrx_word' id='word_1_473' title='bbox 2348 1926 2569 1987; x_wconf 82' lang='lat' dir='ltr'><strong>propter</strong></span> <span class='ocrx_word' id='word_1_474' title='bbox 2600 1914 2915 1971; x_wconf 84' lang='lat' dir='ltr'><strong>dilationem</strong></span> <span class='ocrx_word' id='word_1_475' title='bbox 2959 1913 3194 1981; x_wconf 80' lang='lat' dir='ltr'><strong>fructus,</strong></span> <span class='ocrx_word' id='word_1_476' title='bbox 3241 1928 3440 1969; x_wconf 86' lang='lat' dir='ltr'><strong>usuras</strong></span> <span class='ocrx_word' id='word_1_477' title='bbox 3477 1922 3565 1966; x_wconf 89' lang='lat' dir='ltr'><strong>at-</strong></span> 
     </span>
    </p>
   </div>
   <div class='ocr_carea' id='block_1_63' title="bbox 1988 2004 3564 2079">
    <p class='ocr_par' dir='ltr' id='par_1_63' title="bbox 1988 2004 3564 2079">
     <span class='ocr_line' id='line_1_63' title="bbox 1988 2004 3564 2079; baseline -0.002 -16"><span class='ocrx_word' id='word_1_478' title='bbox 1988 2026 2096 2079; x_wconf 88' lang='lat' dir='ltr'><strong>que</strong></span> <span class='ocrx_word' id='word_1_479' title='bbox 2133 2009 2482 2066; x_wconf 84' lang='lat' dir='ltr'><strong>accessiones</strong></span> <span class='ocrx_word' id='word_1_480' title='bbox 2532 2024 2562 2063; x_wconf 88' lang='lat' dir='ltr'><strong>a</strong></span> <span class='ocrx_word' id='word_1_481' title='bbox 2602 2017 2777 2063; x_wconf 88' lang='lat' dir='ltr'><strong>morte</strong></span> <span class='ocrx_word' id='word_1_482' title='bbox 2809 2007 2926 2075; x_wconf 83' lang='lat' dir='ltr'><strong>ejus</strong></span> <span class='ocrx_word' id='word_1_483' title='bbox 2968 2006 3063 2076; x_wconf 89' lang='lat' dir='ltr'><strong>qui</strong></span> <span class='ocrx_word' id='word_1_484' title='bbox 3108 2006 3350 2075; x_wconf 88' lang='lat' dir='ltr'><strong>reliquit,</strong></span> <span class='ocrx_word' id='word_1_485' title='bbox 3402 2004 3564 2075; x_wconf 80' lang='lat' dir='ltr'><strong>exigi.</strong></span> 
     </span>
    </p>
   </div>
   <div class='ocr_carea' id='block_1_64' title="bbox 1990 2083 3568 2166">
    <p class='ocr_par' dir='ltr' id='par_1_64' title="bbox 1990 2083 3568 2166">
     <span class='ocr_line' id='line_1_64' title="bbox 1990 2083 3568 2166; baseline -0.006 -8"><span class='ocrx_word' id='word_1_486' title='bbox 1990 2083 2193 2158; x_wconf 66' lang='lat' dir='ltr'><strong>Eadem</strong></span> <span class='ocrx_word' id='word_1_487' title='bbox 2228 2111 2405 2157; x_wconf 88' lang='lat' dir='ltr'><strong>const.</strong></span> <span class='ocrx_word' id='word_1_488' title='bbox 2436 2101 2489 2165; x_wconf 79' lang='lat'><strong>3,</strong></span> <span class='ocrx_word' id='word_1_489' title='bbox 2533 2102 2614 2156; x_wconf 89' lang='lat' dir='ltr'><strong>tit.</strong></span> <span class='ocrx_word' id='word_1_490' title='bbox 2646 2100 2681 2153; x_wconf 80' lang='lat'><strong>‘2</strong></span> <span class='ocrx_word' id='word_1_491' title='bbox 2718 2098 3066 2153; x_wconf 87' lang='lat' dir='ltr'><strong>Novellarum</strong></span> <span class='ocrx_word' id='word_1_492' title='bbox 3107 2097 3201 2162; x_wconf 87' lang='lat' dir='ltr'><strong>ait,</strong></span> <span class='ocrx_word' id='word_1_493' title='bbox 3231 2099 3371 2151; x_wconf 89' lang='lat' dir='ltr'><strong>intra</strong></span> <span class='ocrx_word' id='word_1_494' title='bbox 3402 2098 3568 2166; x_wconf 88' lang='lat' dir='ltr'><strong>quin-</strong></span> 
     </span>
    </p>
   </div>
   <div class='ocr_carea' id='block_1_65' title="bbox 1990 2189 3571 2263">
    <p class='ocr_par' dir='ltr' id='par_1_65' title="bbox 1990 2189 3571 2263">
     <span class='ocr_line' id='line_1_65' title="bbox 1990 2189 3571 2263; baseline -0.006 -15"><span class='ocrx_word' id='word_1_495' title='bbox 1990 2195 2294 2263; x_wconf 90' lang='lat' dir='ltr'><strong>quennium</strong></span> <span class='ocrx_word' id='word_1_496' title='bbox 2334 2193 2623 2248; x_wconf 82' lang='lat' dir='ltr'><strong>ecclesiam</strong></span> <span class='ocrx_word' id='word_1_497' title='bbox 2658 2191 2859 2246; x_wconf 83' lang='lat' dir='ltr'><strong>debere</strong></span> <span class='ocrx_word' id='word_1_498' title='bbox 2908 2189 3090 2259; x_wconf 74' lang='lat' dir='ltr'><strong>perfici</strong></span> <span class='ocrx_word' id='word_1_499' title='bbox 3119 2207 3132 2241; x_wconf 88' lang='lat'><strong>:</strong></span> <span class='ocrx_word' id='word_1_500' title='bbox 3160 2189 3294 2244; x_wconf 90' lang='lat' dir='ltr'><strong>alias</strong></span> <span class='ocrx_word' id='word_1_501' title='bbox 3345 2203 3571 2241; x_wconf 87' lang='lat' dir='ltr'><strong>venera-</strong></span> 
     </span>
    </p>
   </div>
   <div class='ocr_carea' id='block_1_66' title="bbox 1992 2281 3568 2340">
    <p class='ocr_par' dir='ltr' id='par_1_66' title="bbox 1992 2281 3568 2340">
     <span class='ocr_line' id='line_1_66' title="bbox 1992 2281 3568 2340; baseline -0.004 -1"><span class='ocrx_word' id='word_1_502' title='bbox 1992 2286 2128 2340; x_wconf 85' lang='lat' dir='ltr'><strong>biles</strong></span> <span class='ocrx_word' id='word_1_503' title='bbox 2176 2287 2374 2340; x_wconf 91' lang='lat' dir='ltr'><strong>domus</strong></span> <span class='ocrx_word' id='word_1_504' title='bbox 2420 2285 2566 2338; x_wconf 87' lang='lat' dir='ltr'><strong>intra</strong></span> <span class='ocrx_word' id='word_1_505' title='bbox 2618 2299 2843 2337; x_wconf 91' lang='lat' dir='ltr'><strong>annum.</strong></span> <span class='ocrx_word' id='word_1_506' title='bbox 2893 2283 2947 2337; x_wconf 89' lang='lat' dir='ltr'><strong>Si</strong></span> <span class='ocrx_word' id='word_1_507' title='bbox 2992 2296 3120 2336; x_wconf 77' lang='lat' dir='ltr'><strong>vero</strong></span> <span class='ocrx_word' id='word_1_508' title='bbox 3173 2281 3314 2334; x_wconf 88' lang='lat' dir='ltr'><strong>intra</strong></span> <span class='ocrx_word' id='word_1_509' title='bbox 3365 2296 3568 2334; x_wconf 87' lang='lat' dir='ltr'><strong>annum</strong></span> 
     </span>
    </p>
   </div>
   <div class='ocr_carea' id='block_1_67' title="bbox 1994 2371 3571 2450">
    <p class='ocr_par' dir='ltr' id='par_1_67' title="bbox 1994 2371 3571 2450">
     <span class='ocr_line' id='line_1_67' title="bbox 1994 2371 3571 2450; baseline -0.004 -17"><span class='ocrx_word' id='word_1_510' title='bbox 1994 2380 2235 2433; x_wconf 76' lang='lat' dir='ltr'><strong>baeredes</strong></span> <span class='ocrx_word' id='word_1_511' title='bbox 2263 2376 2405 2450; x_wconf 82' lang='lat' dir='ltr'><strong>[eas]</strong></span> <span class='ocrx_word' id='word_1_512' title='bbox 2431 2392 2536 2431; x_wconf 92' lang='lat' dir='ltr'><strong>non</strong></span> <span class='ocrx_word' id='word_1_513' title='bbox 2574 2376 2803 2431; x_wconf 83' lang='lat' dir='ltr'><strong>fecerint</strong></span> <span class='ocrx_word' id='word_1_514' title='bbox 2824 2373 3024 2447; x_wconf 88' lang='lat' dir='ltr'><strong>[ipsos]</strong></span> <span class='ocrx_word' id='word_1_515' title='bbox 3046 2374 3167 2442; x_wconf 79' lang='lat' dir='ltr'><strong>cogi</strong></span> <span class='ocrx_word' id='word_1_516' title='bbox 3198 2374 3421 2429; x_wconf 90' lang='lat' dir='ltr'><strong>domum</strong></span> <span class='ocrx_word' id='word_1_517' title='bbox 3450 2371 3571 2429; x_wconf 67' lang='lat' dir='ltr'><strong>[alio</strong></span> 
     </span>
    </p>
   </div>
   <div class='ocr_carea' id='block_1_68' title="bbox 1994 2464 3573 2541">
    <p class='ocr_par' dir='ltr' id='par_1_68' title="bbox 1994 2464 3573 2541">
     <span class='ocr_line' id='line_1_68' title="bbox 1994 2464 3573 2541; baseline -0.004 -15"><span class='ocrx_word' id='word_1_518' title='bbox 1994 2486 2159 2541; x_wconf 90' lang='lat' dir='ltr'><strong>quam</strong></span> <span class='ocrx_word' id='word_1_519' title='bbox 2189 2468 2306 2541; x_wconf 84' lang='lat' dir='ltr'><strong>aut]</strong></span> <span class='ocrx_word' id='word_1_520' title='bbox 2338 2482 2519 2522; x_wconf 84' lang='lat' dir='ltr'><strong>emere</strong></span> <span class='ocrx_word' id='word_1_521' title='bbox 2546 2476 2641 2521; x_wconf 89' lang='lat' dir='ltr'><strong>aut</strong></span> <span class='ocrx_word' id='word_1_522' title='bbox 2682 2467 3011 2528; x_wconf 85' lang='lat' dir='ltr'><strong>conducere,</strong></span> <span class='ocrx_word' id='word_1_523' title='bbox 3058 2465 3148 2519; x_wconf 90' lang='lat' dir='ltr'><strong>ubi</strong></span> <span class='ocrx_word' id='word_1_524' title='bbox 3181 2464 3335 2533; x_wconf 83' lang='lat' dir='ltr'><strong>jussa</strong></span> <span class='ocrx_word' id='word_1_525' title='bbox 3368 2474 3573 2534; x_wconf 81' lang='lat' dir='ltr'><strong>queant</strong></span> 
     </span>
    </p>
   </div>
   <div class='ocr_carea' id='block_1_69' title="bbox 1994 2557 3574 2631">
    <p class='ocr_par' dir='ltr' id='par_1_69' title="bbox 1994 2557 3574 2631">
     <span class='ocr_line' id='line_1_69' title="bbox 1994 2557 3574 2631; baseline -0.003 -16"><span class='ocrx_word' id='word_1_526' title='bbox 1994 2562 2239 2631; x_wconf 80' lang='lat' dir='ltr'><strong>exsequi.</strong></span> <span class='ocrx_word' id='word_1_527' title='bbox 2284 2560 2728 2614; x_wconf 77' lang='lat' dir='ltr'><strong>Procurationem</strong></span> <span class='ocrx_word' id='word_1_528' title='bbox 2764 2566 2945 2612; x_wconf 88' lang='lat' dir='ltr'><strong>autem</strong></span> <span class='ocrx_word' id='word_1_529' title='bbox 2976 2557 3201 2626; x_wconf 86' lang='lat' dir='ltr'><strong>perinde</strong></span> <span class='ocrx_word' id='word_1_530' title='bbox 3241 2565 3405 2627; x_wconf 86' lang='lat' dir='ltr'><strong>atque</strong></span> <span class='ocrx_word' id='word_1_531' title='bbox 3438 2572 3574 2628; x_wconf 76' lang='lat' dir='ltr'><strong>pra:-</strong></span> 
     </span>
    </p>
   </div>
   <div class='ocr_carea' id='block_1_70' title="bbox 1997 2654 2665 2713">
    <p class='ocr_par' dir='ltr' id='par_1_70' title="bbox 1997 2654 2665 2713">
     <span class='ocr_line' id='line_1_70' title="bbox 1997 2654 2665 2713; baseline -0.012 0"><span class='ocrx_word' id='word_1_532' title='bbox 1997 2660 2163 2713; x_wconf 84' lang='lat' dir='ltr'><strong>tnissa</strong></span> <span class='ocrx_word' id='word_1_533' title='bbox 2196 2664 2374 2710; x_wconf 84' lang='lat' dir='ltr'><strong>const.</strong></span> <span class='ocrx_word' id='word_1_534' title='bbox 2403 2654 2665 2709; x_wconf 86' lang='lat' dir='ltr'><strong>instituit.</strong></span> 
     </span>
    </p>
   </div>
   <div class='ocr_carea' id='block_1_71' title="bbox 2072 2834 3575 2914">
    <p class='ocr_par' dir='ltr' id='par_1_71' title="bbox 2072 2834 3575 2914">
     <span class='ocr_line' id='line_1_71' title="bbox 2072 2834 3575 2914; baseline -0.006 -17"><span class='ocrx_word' id='word_1_535' title='bbox 2072 2843 2229 2914; x_wconf 79' lang='lat'><strong>109</strong></span> <span class='ocrx_word' id='word_1_536' title='bbox 2245 2841 2457 2896; x_wconf 79' lang='lat' dir='ltr'><strong>Textus.</strong></span> <span class='ocrx_word' id='word_1_537' title='bbox 2484 2840 2739 2895; x_wconf 86' lang='lat' dir='ltr'><strong>Lib.veru</strong></span> <span class='ocrx_word' id='word_1_538' title='bbox 2763 2858 2801 2903; x_wconf 83' lang='grc' dir='ltr'><strong>ι,</strong></span> <span class='ocrx_word' id='word_1_539' title='bbox 2817 2839 3008 2910; x_wconf 81' lang='lat' dir='ltr'><strong>digest.</strong></span> <span class='ocrx_word' id='word_1_540' title='bbox 3028 2837 3205 2902; x_wconf 85' lang='lat' dir='ltr'><strong>tit.50,</strong></span> <span class='ocrx_word' id='word_1_541' title='bbox 3228 2837 3322 2891; x_wconf 83' lang='lat' dir='ltr'><strong>lib.</strong></span> <span class='ocrx_word' id='word_1_542' title='bbox 3346 2852 3405 2901; x_wconf 84' lang='grc' dir='ltr'><strong>ιι,</strong></span> <span class='ocrx_word' id='word_1_543' title='bbox 3424 2834 3575 2899; x_wconf 86' lang='lat' dir='ltr'><strong>dicit,</strong></span> 
     </span>
    </p>
   </div>
   <div class='ocr_carea' id='block_1_72' title="bbox 2004 2923 3581 3001">
    <p class='ocr_par' dir='ltr' id='par_1_72' title="bbox 2004 2923 3581 3001">
     <span class='ocr_line' id='line_1_72' title="bbox 2004 2923 3581 3001; baseline -0.006 -12"><span class='ocrx_word' id='word_1_544' title='bbox 2004 2951 2089 2989; x_wconf 86' lang='lat' dir='ltr'><strong>res</strong></span> <span class='ocrx_word' id='word_1_545' title='bbox 2117 2948 2303 2987; x_wconf 83' lang='lat' dir='ltr'><strong>sacras</strong></span> <span class='ocrx_word' id='word_1_546' title='bbox 2332 2932 2503 2986; x_wconf 75' lang='lat' dir='ltr'><strong>divini</strong></span> <span class='ocrx_word' id='word_1_547' title='bbox 2529 2930 2691 3001; x_wconf 82' lang='lat' dir='ltr'><strong>juris,</strong></span> <span class='ocrx_word' id='word_1_548' title='bbox 2718 2946 2781 2984; x_wconf 91' lang='lat' dir='ltr'><strong>ac</strong></span> <span class='ocrx_word' id='word_1_549' title='bbox 2807 2931 2859 2983; x_wconf 91' lang='lat' dir='ltr'><strong>in</strong></span> <span class='ocrx_word' id='word_1_550' title='bbox 2895 2929 3092 2983; x_wconf 89' lang='lat' dir='ltr'><strong>nullius</strong></span> <span class='ocrx_word' id='word_1_551' title='bbox 3116 2929 3274 2982; x_wconf 84' lang='lat' dir='ltr'><strong>bonis</strong></span> <span class='ocrx_word' id='word_1_552' title='bbox 3302 2942 3443 2980; x_wconf 85' lang='lat' dir='ltr'><strong>esse.</strong></span> <span class='ocrx_word' id='word_1_553' title='bbox 3475 2923 3581 2979; x_wconf 77' lang='lat' dir='ltr'><strong>Res</strong></span> 
     </span>
    </p>
   </div>
   <div class='ocr_carea' id='block_1_73' title="bbox 2006 3017 3579 3093">
    <p class='ocr_par' dir='ltr' id='par_1_73' title="bbox 2006 3017 3579 3093">
     <span class='ocr_line' id='line_1_73' title="bbox 2006 3017 3579 3093; baseline -0.008 -13"><span class='ocrx_word' id='word_1_554' title='bbox 2006 3036 2185 3080; x_wconf 88' lang='lat' dir='ltr'><strong>autem</strong></span> <span class='ocrx_word' id='word_1_555' title='bbox 2229 3040 2381 3080; x_wconf 90' lang='lat' dir='ltr'><strong>sacra</strong></span> <span class='ocrx_word' id='word_1_556' title='bbox 2410 3034 2510 3088; x_wconf 89' lang='lat' dir='ltr'><strong>est,</strong></span> <span class='ocrx_word' id='word_1_557' title='bbox 2545 3038 2668 3093; x_wconf 86' lang='lat' dir='ltr'><strong>quae</strong></span> <span class='ocrx_word' id='word_1_558' title='bbox 2706 3022 2922 3091; x_wconf 88' lang='lat' dir='ltr'><strong>publice</strong></span> <span class='ocrx_word' id='word_1_559' title='bbox 2958 3030 3275 3076; x_wconf 86' lang='lat' dir='ltr'><strong>consecrata</strong></span> <span class='ocrx_word' id='word_1_560' title='bbox 3311 3027 3414 3072; x_wconf 79' lang='lat' dir='ltr'><strong>est.</strong></span> <span class='ocrx_word' id='word_1_561' title='bbox 3443 3017 3579 3071; x_wconf 85' lang='lat' dir='ltr'><strong>Nam</strong></span> 
     </span>
    </p>
   </div>
   <div class='ocr_carea' id='block_1_74' title="bbox 2005 3116 3578 3189">
    <p class='ocr_par' dir='ltr' id='par_1_74' title="bbox 2005 3116 3578 3189">
     <span class='ocr_line' id='line_1_74' title="bbox 2005 3116 3578 3189; baseline -0.007 -18"><span class='ocrx_word' id='word_1_562' title='bbox 2005 3135 2126 3189; x_wconf 72' lang='lat' dir='ltr'><strong>quae</strong></span> <span class='ocrx_word' id='word_1_563' title='bbox 2176 3118 2457 3172; x_wconf 87' lang='lat' dir='ltr'><strong>hominum</strong></span> <span class='ocrx_word' id='word_1_564' title='bbox 2509 3116 2843 3186; x_wconf 78' lang='lat' dir='ltr'><strong>privatorum</strong></span> <span class='ocrx_word' id='word_1_565' title='bbox 2878 3123 3025 3177; x_wconf 88' lang='lat' dir='ltr'><strong>sunt,</strong></span> <span class='ocrx_word' id='word_1_566' title='bbox 3082 3129 3190 3167; x_wconf 89' lang='lat' dir='ltr'><strong>non</strong></span> <span class='ocrx_word' id='word_1_567' title='bbox 3240 3126 3397 3167; x_wconf 86' lang='lat' dir='ltr'><strong>sacra</strong></span> <span class='ocrx_word' id='word_1_568' title='bbox 3430 3118 3578 3173; x_wconf 90' lang='lat' dir='ltr'><strong>sunt,</strong></span> 
     </span>
    </p>
   </div>
   <div class='ocr_carea' id='block_1_75' title="bbox 2005 3202 3579 3279">
    <p class='ocr_par' dir='ltr' id='par_1_75' title="bbox 2005 3202 3579 3279">
     <span class='ocr_line' id='line_1_75' title="bbox 2005 3202 3579 3279; baseline -0.006 -15"><span class='ocrx_word' id='word_1_569' title='bbox 2005 3211 2095 3265; x_wconf 87' lang='lat' dir='ltr'><strong>sed</strong></span> <span class='ocrx_word' id='word_1_570' title='bbox 2128 3210 2377 3279; x_wconf 76' lang='lat' dir='ltr'><strong>profana.</strong></span> <span class='ocrx_word' id='word_1_571' title='bbox 2409 3209 2467 3263; x_wconf 89' lang='lat' dir='ltr'><strong>Si</strong></span> <span class='ocrx_word' id='word_1_572' title='bbox 2502 3224 2630 3261; x_wconf 84' lang='lat' dir='ltr'><strong>vero</strong></span> <span class='ocrx_word' id='word_1_573' title='bbox 2664 3206 2949 3262; x_wconf 73' lang='lat' dir='ltr'><strong>aedilicium</strong></span> <span class='ocrx_word' id='word_1_574' title='bbox 2974 3202 3242 3278; x_wconf 89' lang='lat' dir='ltr'><strong>[sacrum]</strong></span> <span class='ocrx_word' id='word_1_575' title='bbox 3279 3204 3579 3271; x_wconf 87' lang='lat' dir='ltr'><strong>collapsum</strong></span> 
     </span>
    </p>
   </div>
   <div class='ocr_carea' id='block_1_76' title="bbox 2008 3295 3581 3368">
    <p class='ocr_par' dir='ltr' id='par_1_76' title="bbox 2008 3295 3581 3368">
     <span class='ocr_line' id='line_1_76' title="bbox 2008 3295 3581 3368; baseline -0.007 -12"><span class='ocrx_word' id='word_1_576' title='bbox 2008 3303 2193 3366; x_wconf 74' lang='lat' dir='ltr'><strong>fuerit,</strong></span> <span class='ocrx_word' id='word_1_577' title='bbox 2228 3303 2381 3357; x_wconf 90' lang='lat' dir='ltr'><strong>locus</strong></span> <span class='ocrx_word' id='word_1_578' title='bbox 2407 3317 2561 3357; x_wconf 86' lang='lat' dir='ltr'><strong>sacer</strong></span> <span class='ocrx_word' id='word_1_579' title='bbox 2588 3312 2790 3366; x_wconf 86' lang='lat' dir='ltr'><strong>manet,</strong></span> <span class='ocrx_word' id='word_1_580' title='bbox 2825 3309 2886 3353; x_wconf 89' lang='lat' dir='ltr'><strong>ut</strong></span> <span class='ocrx_word' id='word_1_581' title='bbox 2914 3300 3123 3368; x_wconf 88' lang='lat' dir='ltr'><strong>digesto</strong></span> <span class='ocrx_word' id='word_1_582' title='bbox 3157 3296 3212 3352; x_wconf 84' lang='lat'><strong>6.</strong></span> <span class='ocrx_word' id='word_1_583' title='bbox 3237 3295 3581 3351; x_wconf 80' lang='lat' dir='ltr'><strong>Consecran—</strong></span> 
     </span>
    </p>
   </div>
   <div class='ocr_carea' id='block_1_77' title="bbox 2007 3385 3586 3466">
    <p class='ocr_par' dir='ltr' id='par_1_77' title="bbox 2007 3385 3586 3466">
     <span class='ocr_line' id='line_1_77' title="bbox 2007 3385 3586 3466; baseline -0.006 -18"><span class='ocrx_word' id='word_1_584' title='bbox 2007 3403 2095 3448; x_wconf 90' lang='lat' dir='ltr'><strong>tur</strong></span> <span class='ocrx_word' id='word_1_585' title='bbox 2138 3409 2269 3449; x_wconf 82' lang='lat' dir='ltr'><strong>vero</strong></span> <span class='ocrx_word' id='word_1_586' title='bbox 2314 3391 2481 3466; x_wconf 84' lang='lat' dir='ltr'><strong>[loca]</strong></span> <span class='ocrx_word' id='word_1_587' title='bbox 2514 3400 2568 3447; x_wconf 91' lang='lat' dir='ltr'><strong>et</strong></span> <span class='ocrx_word' id='word_1_588' title='bbox 2620 3392 2938 3445; x_wconf 89' lang='lat' dir='ltr'><strong>civitatibus</strong></span> <span class='ocrx_word' id='word_1_589' title='bbox 2999 3389 3142 3443; x_wconf 86' lang='lat' dir='ltr'><strong>etin</strong></span> <span class='ocrx_word' id='word_1_590' title='bbox 3194 3387 3362 3456; x_wconf 83' lang='lat' dir='ltr'><strong>agris.</strong></span> <span class='ocrx_word' id='word_1_591' title='bbox 3406 3385 3586 3440; x_wconf 89' lang='lat' dir='ltr'><strong>Locus</strong></span> 
     </span>
    </p>
   </div>
   <div class='ocr_carea' id='block_1_78' title="bbox 2006 3478 3586 3553">
    <p class='ocr_par' dir='ltr' id='par_1_78' title="bbox 2006 3478 3586 3553">
     <span class='ocr_line' id='line_1_78' title="bbox 2006 3478 3586 3553; baseline -0.004 -17"><span class='ocrx_word' id='word_1_592' title='bbox 2006 3485 2256 3553; x_wconf 88' lang='lat' dir='ltr'><strong>publicus</strong></span> <span class='ocrx_word' id='word_1_593' title='bbox 2289 3485 2425 3538; x_wconf 89' lang='lat' dir='ltr'><strong>citra</strong></span> <span class='ocrx_word' id='word_1_594' title='bbox 2475 3485 2691 3553; x_wconf 86' lang='lat' dir='ltr'><strong>jussum</strong></span> <span class='ocrx_word' id='word_1_595' title='bbox 2746 3481 3007 3552; x_wconf 87' lang='lat' dir='ltr'><strong>principis</strong></span> <span class='ocrx_word' id='word_1_596' title='bbox 3054 3494 3163 3533; x_wconf 90' lang='lat' dir='ltr'><strong>non</strong></span> <span class='ocrx_word' id='word_1_597' title='bbox 3213 3478 3270 3532; x_wconf 85' lang='lat' dir='ltr'><strong>tit</strong></span> <span class='ocrx_word' id='word_1_598' title='bbox 3316 3493 3494 3541; x_wconf 89' lang='lat' dir='ltr'><strong>sacer,</strong></span> <span class='ocrx_word' id='word_1_599' title='bbox 3526 3487 3586 3530; x_wconf 86' lang='lat' dir='ltr'><strong>ut</strong></span> 
     </span>
    </p>
   </div>
   <div class='ocr_carea' id='block_1_79' title="bbox 2006 3572 3584 3651">
    <p class='ocr_par' dir='ltr' id='par_1_79' title="bbox 2006 3572 3584 3651">
     <span class='ocr_line' id='line_1_79' title="bbox 2006 3572 3584 3651; baseline -0.008 -16"><span class='ocrx_word' id='word_1_600' title='bbox 2006 3580 2300 3651; x_wconf 13' lang='lat' dir='ltr'><strong>digesto‘8,</strong></span> <span class='ocrx_word' id='word_1_601' title='bbox 2330 3580 2453 3633; x_wconf 66' lang='grc' dir='ltr'>εις).</span> <span class='ocrx_word' id='word_1_602' title='bbox 2482 3578 2589 3632; x_wconf 83' lang='lat' dir='ltr'><strong>Res</strong></span> <span class='ocrx_word' id='word_1_603' title='bbox 2617 3593 2770 3632; x_wconf 89' lang='lat' dir='ltr'><strong>sacra</strong></span> <span class='ocrx_word' id='word_1_604' title='bbox 2800 3591 2905 3628; x_wconf 92' lang='lat' dir='ltr'><strong>non</strong></span> <span class='ocrx_word' id='word_1_605' title='bbox 2929 3574 3120 3644; x_wconf 87' lang='lat' dir='ltr'><strong>recipit</strong></span> <span class='ocrx_word' id='word_1_606' title='bbox 3143 3572 3584 3635; x_wconf 66' lang='lat' dir='ltr'><strong>aestimationem,</strong></span> 
     </span>
    </p>
   </div>
   <div class='ocr_carea' id='block_1_80' title="bbox 2009 3664 3589 3742">
    <p class='ocr_par' dir='ltr' id='par_1_80' title="bbox 2009 3664 3589 3742">
     <span class='ocr_line' id='line_1_80' title="bbox 2009 3664 3589 3742; baseline -0.007 -16"><span class='ocrx_word' id='word_1_607' title='bbox 2009 3682 2069 3727; x_wconf 89' lang='lat' dir='ltr'><strong>ut</strong></span> <span class='ocrx_word' id='word_1_608' title='bbox 2106 3672 2316 3741; x_wconf 89' lang='lat' dir='ltr'><strong>digesto</strong></span> <span class='ocrx_word' id='word_1_609' title='bbox 2350 3672 2436 3727; x_wconf 81' lang='grc'><strong>10.</strong></span> <span class='ocrx_word' id='word_1_610' title='bbox 2473 3670 2533 3723; x_wconf 87' lang='grc' dir='ltr'>Ει</span> <span class='ocrx_word' id='word_1_611' title='bbox 2568 3667 2715 3742; x_wconf 86' lang='lat' dir='ltr'><strong>[lib.]</strong></span> <span class='ocrx_word' id='word_1_612' title='bbox 2749 3666 2925 3723; x_wconf 83' lang='lat' dir='ltr'><strong>Instit.</strong></span> <span class='ocrx_word' id='word_1_613' title='bbox 2957 3683 3018 3732; x_wconf 84' lang='grc' dir='ltr'><strong>ιι,</strong></span> <span class='ocrx_word' id='word_1_614' title='bbox 3053 3667 3136 3720; x_wconf 88' lang='lat' dir='ltr'><strong>tit.</strong></span> <span class='ocrx_word' id='word_1_615' title='bbox 3170 3666 3195 3720; x_wconf 77' lang='grc'><strong>1</strong></span> <span class='ocrx_word' id='word_1_616' title='bbox 3233 3664 3451 3720; x_wconf 66' lang='lat' dir='ltr'><strong>:Sacraa</strong></span> <span class='ocrx_word' id='word_1_617' title='bbox 3482 3664 3589 3733; x_wconf 88' lang='lat' dir='ltr'><strong>(in-</strong></span> 
     </span>
    </p>
   </div>
   <div class='ocr_carea' id='block_1_81' title="bbox 2009 3757 3590 3835">
    <p class='ocr_par' dir='ltr' id='par_1_81' title="bbox 2009 3757 3590 3835">
     <span class='ocr_line' id='line_1_81' title="bbox 2009 3757 3590 3835; baseline -0.006 -16"><span class='ocrx_word' id='word_1_618' title='bbox 2009 3764 2150 3835; x_wconf 91' lang='lat' dir='ltr'><strong>quit)</strong></span> <span class='ocrx_word' id='word_1_619' title='bbox 2174 3780 2263 3819; x_wconf 92' lang='lat' dir='ltr'><strong>res</strong></span> <span class='ocrx_word' id='word_1_620' title='bbox 2292 3772 2440 3828; x_wconf 89' lang='lat' dir='ltr'><strong>sunt,</strong></span> <span class='ocrx_word' id='word_1_621' title='bbox 2487 3777 2609 3832; x_wconf 85' lang='lat' dir='ltr'><strong>quae</strong></span> <span class='ocrx_word' id='word_1_622' title='bbox 2660 3761 2761 3815; x_wconf 90' lang='lat' dir='ltr'><strong>rite</strong></span> <span class='ocrx_word' id='word_1_623' title='bbox 2808 3776 2903 3830; x_wconf 90' lang='lat' dir='ltr'><strong>per</strong></span> <span class='ocrx_word' id='word_1_624' title='bbox 2936 3758 3221 3829; x_wconf 83' lang='lat' dir='ltr'><strong>pontiﬁces</strong></span> <span class='ocrx_word' id='word_1_625' title='bbox 3255 3757 3362 3811; x_wconf 87' lang='lat' dir='ltr'><strong>Deo</strong></span> <span class='ocrx_word' id='word_1_626' title='bbox 3396 3770 3590 3810; x_wconf 85' lang='lat' dir='ltr'><strong>conse-</strong></span> 
     </span>
    </p>
   </div>
   <div class='ocr_carea' id='block_1_82' title="bbox 2010 3845 3591 3912">
    <p class='ocr_par' dir='ltr' id='par_1_82' title="bbox 2010 3845 3591 3912">
     <span class='ocr_line' id='line_1_82' title="bbox 2010 3845 3591 3912; baseline -0.003 -8"><span class='ocrx_word' id='word_1_627' title='bbox 2010 3859 2174 3904; x_wconf 82' lang='lat' dir='ltr'><strong>cratae</strong></span> <span class='ocrx_word' id='word_1_628' title='bbox 2205 3859 2334 3904; x_wconf 90' lang='lat' dir='ltr'><strong>sunt</strong></span> <span class='ocrx_word' id='word_1_629' title='bbox 2364 3868 2376 3904; x_wconf 90' lang='lat'>:</span> <span class='ocrx_word' id='word_1_630' title='bbox 2410 3849 2574 3903; x_wconf 84' lang='lat' dir='ltr'><strong>veluti</strong></span> <span class='ocrx_word' id='word_1_631' title='bbox 2608 3849 2751 3903; x_wconf 67' lang='lat' dir='ltr'><strong>aedes</strong></span> <span class='ocrx_word' id='word_1_632' title='bbox 2778 3862 2969 3912; x_wconf 74' lang='lat' dir='ltr'><strong>sacrze,</strong></span> <span class='ocrx_word' id='word_1_633' title='bbox 3001 3856 3055 3901; x_wconf 88' lang='lat' dir='ltr'><strong>et</strong></span> <span class='ocrx_word' id='word_1_634' title='bbox 3098 3862 3245 3901; x_wconf 85' lang='lat' dir='ltr'><strong>vasa.</strong></span> <span class='ocrx_word' id='word_1_635' title='bbox 3282 3846 3346 3900; x_wconf 89' lang='lat' dir='ltr'><strong>Et</strong></span> <span class='ocrx_word' id='word_1_636' title='bbox 3382 3845 3591 3899; x_wconf 75' lang='lat' dir='ltr'><strong>aedibus</strong></span> 
     </span>
    </p>
   </div>
   <div class='ocr_carea' id='block_1_83' title="bbox 2012 3937 3591 4005">
    <p class='ocr_par' dir='ltr' id='par_1_83' title="bbox 2012 3937 3591 4005">
     <span class='ocr_line' id='line_1_83' title="bbox 2012 3937 3591 4005; baseline -0.006 -8"><span class='ocrx_word' id='word_1_637' title='bbox 2012 3942 2183 3997; x_wconf 70' lang='lat' dir='ltr'><strong>sueris</strong></span> <span class='ocrx_word' id='word_1_638' title='bbox 2220 3941 2442 4005; x_wconf 80' lang='lat' dir='ltr'><strong>dirutis,</strong></span> <span class='ocrx_word' id='word_1_639' title='bbox 2481 3951 2663 3995; x_wconf 88' lang='lat' dir='ltr'><strong>manet.</strong></span> <span class='ocrx_word' id='word_1_640' title='bbox 2701 3942 2853 3994; x_wconf 90' lang='lat' dir='ltr'><strong>locus</strong></span> <span class='ocrx_word' id='word_1_641' title='bbox 2903 3954 3079 3994; x_wconf 89' lang='lat' dir='ltr'><strong>sacer.</strong></span> <span class='ocrx_word' id='word_1_642' title='bbox 3112 3937 3230 3993; x_wconf 86' lang='lat' dir='ltr'><strong>Non</strong></span> <span class='ocrx_word' id='word_1_643' title='bbox 3276 3947 3359 3993; x_wconf 76' lang='lat' dir='ltr'><strong>est</strong></span> <span class='ocrx_word' id='word_1_644' title='bbox 3408 3947 3591 3991; x_wconf 81' lang='lat' dir='ltr'><strong>autem</strong></span> 
     </span>
    </p>
   </div>
   <div class='ocr_carea' id='block_1_84' title="bbox 2013 4030 3589 4103">
    <p class='ocr_par' dir='ltr' id='par_1_84' title="bbox 2013 4030 3589 4103">
     <span class='ocr_line' id='line_1_84' title="bbox 2013 4030 3589 4103; baseline -0.004 -16"><span class='ocrx_word' id='word_1_645' title='bbox 2013 4049 2253 4096; x_wconf 91' lang='lat' dir='ltr'><strong>sacrum,</strong></span> <span class='ocrx_word' id='word_1_646' title='bbox 2285 4034 2428 4103; x_wconf 92' lang='lat' dir='ltr'><strong>quod</strong></span> <span class='ocrx_word' id='word_1_647' title='bbox 2449 4032 2719 4103; x_wconf 89' lang='lat' dir='ltr'><strong>quispiam</strong></span> <span class='ocrx_word' id='word_1_648' title='bbox 2739 4048 2834 4088; x_wconf 88' lang='lat' dir='ltr'><strong>sua</strong></span> <span class='ocrx_word' id='word_1_649' title='bbox 2853 4031 3176 4085; x_wconf 86' lang='lat' dir='ltr'><strong>auctoritate</strong></span> <span class='ocrx_word' id='word_1_650' title='bbox 3201 4030 3355 4100; x_wconf 88' lang='lat' dir='ltr'><strong>quasi</strong></span> <span class='ocrx_word' id='word_1_651' title='bbox 3373 4045 3589 4084; x_wconf 86' lang='lat' dir='ltr'><strong>sacrum</strong></span> 
     </span>
    </p>
   </div>
   <div class='ocr_carea' id='block_1_85' title="bbox 2017 4117 3597 4189">
    <p class='ocr_par' dir='ltr' id='par_1_85' title="bbox 2017 4117 3597 4189">
     <span class='ocr_line' id='line_1_85' title="bbox 2017 4117 3597 4189; baseline -0.004 -12"><span class='ocrx_word' id='word_1_652' title='bbox 2017 4123 2392 4177; x_wconf 79' lang='lat' dir='ltr'><strong>constituerit.</strong></span> <span class='ocrx_word' id='word_1_653' title='bbox 2428 4122 2490 4176; x_wconf 86' lang='lat' dir='ltr'><strong>Et</strong></span> <span class='ocrx_word' id='word_1_654' title='bbox 2530 4123 2613 4176; x_wconf 88' lang='lat' dir='ltr'><strong>tit.</strong></span> <span class='ocrx_word' id='word_1_655' title='bbox 2644 4121 2698 4183; x_wconf 87' lang='lat'><strong>9,</strong></span> <span class='ocrx_word' id='word_1_656' title='bbox 2744 4122 3015 4173; x_wconf 89' lang='lat' dir='ltr'><strong>neminem</strong></span> <span class='ocrx_word' id='word_1_657' title='bbox 3058 4119 3426 4189; x_wconf 87' lang='lat' dir='ltr'><strong>possessionis</strong></span> <span class='ocrx_word' id='word_1_658' title='bbox 3481 4117 3597 4172; x_wconf 81' lang='lat' dir='ltr'><strong>suf-</strong></span> 
     </span>
    </p>
   </div>
   <div class='ocr_carea' id='block_1_86' title="bbox 2019 4210 3593 4282">
    <p class='ocr_par' dir='ltr' id='par_1_86' title="bbox 2019 4210 3593 4282">
     <span class='ocr_line' id='line_1_86' title="bbox 2019 4210 3593 4282; baseline -0.002 -17"><span class='ocrx_word' id='word_1_659' title='bbox 2019 4212 2191 4279; x_wconf 78' lang='lat' dir='ltr'><strong>fragio</strong></span> <span class='ocrx_word' id='word_1_660' title='bbox 2231 4228 2317 4266; x_wconf 86' lang='lat' dir='ltr'><strong>res</strong></span> <span class='ocrx_word' id='word_1_661' title='bbox 2357 4228 2545 4268; x_wconf 83' lang='lat' dir='ltr'><strong>sacras</strong></span> <span class='ocrx_word' id='word_1_662' title='bbox 2582 4228 2904 4282; x_wconf 83' lang='lat' dir='ltr'><strong>usucapere.</strong></span> <span class='ocrx_word' id='word_1_663' title='bbox 2948 4210 3122 4265; x_wconf 81' lang='lat' dir='ltr'><strong>Nemo</strong></span> <span class='ocrx_word' id='word_1_664' title='bbox 3156 4210 3357 4263; x_wconf 90' lang='lat' dir='ltr'><strong>utiliter</strong></span> <span class='ocrx_word' id='word_1_665' title='bbox 3387 4224 3475 4263; x_wconf 87' lang='lat' dir='ltr'><strong>res</strong></span> <span class='ocrx_word' id='word_1_666' title='bbox 3504 4226 3593 4262; x_wconf 72' lang='lat' dir='ltr'><strong>sa-</strong></span> 
     </span>
    </p>
   </div>
   <div class='ocr_carea' id='block_1_87' title="bbox 329 4300 1914 4395">
    <p class='ocr_par' dir='ltr' id='par_1_87' title="bbox 329 4300 1914 4395">
     <span class='ocr_line' id='line_1_87' title="bbox 329 4300 1914 4395; baseline -0.013 -11"><span class='ocrx_word' id='word_1_667' title='bbox 329 4334 417 4384; x_wconf 82' lang='grc' dir='ltr'><strong>ὄτι</strong></span> <span class='ocrx_word' id='word_1_668' title='bbox 448 4300 620 4389; x_wconf 69' lang='grc' dir='ltr'>οὐδεὶς</span> <span class='ocrx_word' id='word_1_669' title='bbox 646 4328 701 4379; x_wconf 86' lang='grc' dir='ltr'>ὲν</span> <span class='ocrx_word' id='word_1_670' title='bbox 728 4326 929 4395; x_wconf 76' lang='grc' dir='ltr'>εἰδήσει</span> <span class='ocrx_word' id='word_1_671' title='bbox 959 4322 1219 4392; x_wconf 75' lang='grc' dir='ltr'>ἀγοράζει</span> <span class='ocrx_word' id='word_1_672' title='bbox 1262 4322 1425 4393; x_wconf 75' lang='grc' dir='ltr'>ἱερόνο</span> <span class='ocrx_word' id='word_1_673' title='bbox 1456 4322 1503 4372; x_wconf 82' lang='grc' dir='ltr'><strong>εί</strong></span> <span class='ocrx_word' id='word_1_674' title='bbox 1526 4318 1582 4372; x_wconf 83' lang='grc' dir='ltr'>δὲ</span> <span class='ocrx_word' id='word_1_675' title='bbox 1610 4314 1914 4385; x_wconf 76' lang='grc' dir='ltr'>ἀπατηθεὶς</span> 
     </span>
    </p>
   </div>
   <div class='ocr_carea' id='block_1_88' title="bbox 2006 4300 3598 4395">
    <p class='ocr_par' dir='ltr' id='par_1_88' title="bbox 2025 4300 3598 4374">
     <span class='ocr_line' id='line_1_88' title="bbox 2025 4300 3598 4374; baseline -0.003 -15"><span class='ocrx_word' id='word_1_676' title='bbox 2025 4321 2145 4359; x_wconf 89' lang='lat' dir='ltr'><strong>cras</strong></span> <span class='ocrx_word' id='word_1_677' title='bbox 2174 4306 2486 4374; x_wconf 86' lang='lat' dir='ltr'><strong>stipulatur,</strong></span> <span class='ocrx_word' id='word_1_678' title='bbox 2518 4315 2573 4359; x_wconf 92' lang='lat' dir='ltr'><strong>ut</strong></span> <span class='ocrx_word' id='word_1_679' title='bbox 2605 4305 2782 4360; x_wconf 89' lang='lat' dir='ltr'><strong>Instit.</strong></span> <span class='ocrx_word' id='word_1_680' title='bbox 2812 4306 2865 4369; x_wconf 81' lang='grc'>5,</span> <span class='ocrx_word' id='word_1_681' title='bbox 2901 4305 2984 4359; x_wconf 88' lang='lat' dir='ltr'><strong>tit.</strong></span> <span class='ocrx_word' id='word_1_682' title='bbox 3016 4304 3103 4357; x_wconf 76' lang='grc'><strong>19.</strong></span> <span class='ocrx_word' id='word_1_683' title='bbox 3133 4303 3199 4356; x_wconf 87' lang='grc' dir='ltr'>Ει</span> <span class='ocrx_word' id='word_1_684' title='bbox 3234 4302 3316 4356; x_wconf 90' lang='lat' dir='ltr'><strong>tit.</strong></span> <span class='ocrx_word' id='word_1_685' title='bbox 3341 4301 3413 4355; x_wconf 68' lang='lat'><strong>25</strong></span> <span class='ocrx_word' id='word_1_686' title='bbox 3444 4318 3457 4355; x_wconf 93' lang='lat'>:</span> <span class='ocrx_word' id='word_1_687' title='bbox 3489 4300 3598 4354; x_wconf 88' lang='lat' dir='ltr'><strong>Nc-</strong></span> 
     </span>
    </p>
   </div>
   <div class='ocr_carea' id='block_1_89' title="bbox 327 4408 1918 4493">
    <p class='ocr_par' dir='ltr' id='par_1_89' title="bbox 327 4408 1918 4493">
     <span class='ocr_line' id='line_1_89' title="bbox 327 4408 1918 4493; baseline -0.011 -17"><span class='ocrx_word' id='word_1_688' title='bbox 327 4422 607 4493; x_wconf 73' lang='grc' dir='ltr'>ἠγόρασεν</span> <span class='ocrx_word' id='word_1_689' title='bbox 632 4420 707 4482; x_wconf 84' lang='grc' dir='ltr'>ὼς</span> <span class='ocrx_word' id='word_1_690' title='bbox 735 4418 1019 4481; x_wconf 83' lang='grc' dir='ltr'>ἰδιωτικὸν,</span> <span class='ocrx_word' id='word_1_691' title='bbox 1051 4417 1192 4469; x_wconf 81' lang='grc' dir='ltr'>κινεῖ</span> <span class='ocrx_word' id='word_1_692' title='bbox 1218 4415 1311 4466; x_wconf 71' lang='grc' dir='ltr'><strong>ἐπὶ</strong></span> <span class='ocrx_word' id='word_1_693' title='bbox 1345 4413 1422 4481; x_wconf 81' lang='grc' dir='ltr'>τῷ</span> <span class='ocrx_word' id='word_1_694' title='bbox 1460 4412 1791 4481; x_wconf 78' lang='grc' dir='ltr'>διαφέροντι·</span> <span class='ocrx_word' id='word_1_695' title='bbox 1823 4408 1918 4459; x_wconf 78' lang='grc' dir='ltr'><strong>καὶ</strong></span> 
     </span>
    </p>
   </div>
   <div class='ocr_carea' id='block_1_90' title="bbox 347 4501 1915 4576">
    <p class='ocr_par' dir='ltr' id='par_1_90' title="bbox 347 4501 1915 4576">
     <span class='ocr_line' id='line_1_90' title="bbox 347 4501 1915 4576; baseline -0.01 -8"><span class='ocrx_word' id='word_1_696' title='bbox 347 4510 1023 4576; x_wconf 65' lang='grc' dir='ltr'>Ἰνστιτουτιώνωνίιδτίτ.</span> <span class='ocrx_word' id='word_1_697' title='bbox 1053 4515 1137 4574; x_wconf 88' lang='grc' dir='ltr'>ιε’,</span> <span class='ocrx_word' id='word_1_698' title='bbox 1173 4510 1256 4562; x_wconf 83' lang='grc' dir='ltr'>ὅτι</span> <span class='ocrx_word' id='word_1_699' title='bbox 1287 4505 1640 4559; x_wconf 81' lang='grc' dir='ltr'>ὲπιὸλέπουσι</span> <span class='ocrx_word' id='word_1_700' title='bbox 1682 4504 1749 4555; x_wconf 71' lang='grc' dir='ltr'>τὰ</span> <span class='ocrx_word' id='word_1_701' title='bbox 1793 4501 1915 4573; x_wconf 86' lang='grc' dir='ltr'>ἱερά</span> 
     </span>
    </p>
   </div>
   <div class='ocr_carea' id='block_1_91' title="bbox 334 4589 1918 4675">
    <p class='ocr_par' dir='ltr' id='par_1_91' title="bbox 334 4589 1918 4675">
     <span class='ocr_line' id='line_1_91' title="bbox 334 4589 1918 4675; baseline -0.008 -16"><span class='ocrx_word' id='word_1_702' title='bbox 334 4606 434 4659; x_wconf 76' lang='grc' dir='ltr'><strong>καὶ</strong></span> <span class='ocrx_word' id='word_1_703' title='bbox 464 4601 978 4675; x_wconf 82' lang='grc' dir='ltr'>παρασκευάζουσιν</span> <span class='ocrx_word' id='word_1_704' title='bbox 1006 4600 1145 4652; x_wconf 78' lang='grc' dir='ltr'><strong>αὑτά</strong></span> <span class='ocrx_word' id='word_1_705' title='bbox 1190 4594 1618 4665; x_wconf 81' lang='grc' dir='ltr'>φιλοκαλεῖσθαι.</span> <span class='ocrx_word' id='word_1_706' title='bbox 1653 4591 1806 4647; x_wconf 79' lang='grc' dir='ltr'>Βιὸλ.</span> <span class='ocrx_word' id='word_1_707' title='bbox 1854 4589 1918 4660; x_wconf 84' lang='grc' dir='ltr'>β’,</span> 
     </span>
    </p>
   </div>
   <div class='ocr_carea' id='block_1_92' title="bbox 335 4685 1924 4763">
    <p class='ocr_par' dir='ltr' id='par_1_92' title="bbox 335 4685 1924 4763">
     <span class='ocr_line' id='line_1_92' title="bbox 335 4685 1924 4763; baseline -0.008 -14"><span class='ocrx_word' id='word_1_708' title='bbox 335 4696 445 4749; x_wconf 84' lang='grc' dir='ltr'>τίτ.</span> <span class='ocrx_word' id='word_1_709' title='bbox 476 4694 558 4757; x_wconf 87' lang='grc' dir='ltr'>ιδ’,</span> <span class='ocrx_word' id='word_1_710' title='bbox 578 4693 717 4763; x_wconf 79' lang='grc' dir='ltr'>βιϐλ.</span> <span class='ocrx_word' id='word_1_711' title='bbox 752 4698 850 4757; x_wconf 76' lang='grc' dir='ltr'>ις’,</span> <span class='ocrx_word' id='word_1_712' title='bbox 883 4691 945 4756; x_wconf 80' lang='grc' dir='ltr'>ξ’·</span> <span class='ocrx_word' id='word_1_713' title='bbox 977 4692 1038 4743; x_wconf 81' lang='grc' dir='ltr'>οὺ</span> <span class='ocrx_word' id='word_1_714' title='bbox 1072 4689 1252 4751; x_wconf 85' lang='grc' dir='ltr'>καλῶς</span> <span class='ocrx_word' id='word_1_715' title='bbox 1275 4706 1359 4751; x_wconf 81' lang='grc' dir='ltr'><strong>τις</strong></span> <span class='ocrx_word' id='word_1_716' title='bbox 1386 4687 1651 4739; x_wconf 76' lang='grc' dir='ltr'>πακτεύει</span> <span class='ocrx_word' id='word_1_717' title='bbox 1691 4685 1764 4757; x_wconf 78' lang='grc' dir='ltr'>μὴ</span> <span class='ocrx_word' id='word_1_718' title='bbox 1790 4686 1924 4739; x_wconf 87' lang='grc' dir='ltr'>καθ-</span> 
     </span>
    </p>
   </div>
   <div class='ocr_carea' id='block_1_93' title="bbox 341 4779 1921 4857">
    <p class='ocr_par' dir='ltr' id='par_1_93' title="bbox 341 4779 1921 4857">
     <span class='ocr_line' id='line_1_93' title="bbox 341 4779 1921 4857; baseline -0.008 -16"><span class='ocrx_word' id='word_1_719' title='bbox 341 4786 521 4857; x_wconf 73' lang='grc' dir='ltr'>ιεροῦν</span> <span class='ocrx_word' id='word_1_720' title='bbox 553 4786 641 4837; x_wconf 67' lang='grc' dir='ltr'>τὸν</span> <span class='ocrx_word' id='word_1_721' title='bbox 668 4786 800 4837; x_wconf 85' lang='grc' dir='ltr'>ῖδιον</span> <span class='ocrx_word' id='word_1_722' title='bbox 824 4785 1005 4836; x_wconf 61' lang='grc' dir='ltr'>τόπον</span> <span class='ocrx_word' id='word_1_723' title='bbox 1037 4781 1178 4852; x_wconf 73' lang='grc' dir='ltr'>βιῆλ.</span> <span class='ocrx_word' id='word_1_724' title='bbox 1210 4787 1283 4845; x_wconf 82' lang='grc' dir='ltr'><strong>ς’,</strong></span> <span class='ocrx_word' id='word_1_725' title='bbox 1317 4780 1422 4832; x_wconf 86' lang='grc' dir='ltr'>τίτ.</span> <span class='ocrx_word' id='word_1_726' title='bbox 1456 4785 1524 4844; x_wconf 88' lang='grc' dir='ltr'>α’,</span> <span class='ocrx_word' id='word_1_727' title='bbox 1547 4779 1791 4845; x_wconf 75' lang='grc' dir='ltr'>δίγεστον</span> <span class='ocrx_word' id='word_1_728' title='bbox 1816 4783 1921 4845; x_wconf 85' lang='grc' dir='ltr'><strong>κγό</strong></span> 
     </span>
    </p>
   </div>
   <div class='ocr_carea' id='block_1_94' title="bbox 336 4870 1922 4950">
    <p class='ocr_par' dir='ltr' id='par_1_94' title="bbox 336 4870 1922 4950">
     <span class='ocr_line' id='line_1_94' title="bbox 336 4870 1922 4950; baseline -0.007 -17"><span class='ocrx_word' id='word_1_729' title='bbox 336 4882 407 4934; x_wconf 67' lang='grc' dir='ltr'>τὰ</span> <span class='ocrx_word' id='word_1_730' title='bbox 437 4879 561 4950; x_wconf 81' lang='grc' dir='ltr'><strong>ίερά</strong></span> <span class='ocrx_word' id='word_1_731' title='bbox 598 4878 673 4939; x_wconf 80' lang='grc' dir='ltr'>ὡς</span> <span class='ocrx_word' id='word_1_732' title='bbox 702 4876 945 4945; x_wconf 77' lang='grc' dir='ltr'>ἡμέτερα</span> <span class='ocrx_word' id='word_1_733' title='bbox 971 4874 1209 4927; x_wconf 79' lang='grc' dir='ltr'>ἐκδικεῖν</span> <span class='ocrx_word' id='word_1_734' title='bbox 1248 4874 1306 4925; x_wconf 80' lang='grc' dir='ltr'>οὺ</span> <span class='ocrx_word' id='word_1_735' title='bbox 1347 4872 1643 4942; x_wconf 84' lang='grc' dir='ltr'>δυνάμεθα·</span> <span class='ocrx_word' id='word_1_736' title='bbox 1681 4870 1821 4942; x_wconf 81' lang='grc' dir='ltr'>βιὸλ.</span> <span class='ocrx_word' id='word_1_737' title='bbox 1851 4878 1922 4941; x_wconf 87' lang='grc' dir='ltr'><strong>η’,</strong></span> 
     </span>
    </p>
   </div>
   <div class='ocr_carea' id='block_1_95' title="bbox 338 4964 1925 5042">
    <p class='ocr_par' dir='ltr' id='par_1_95' title="bbox 338 4964 1925 5042">
     <span class='ocr_line' id='line_1_95' title="bbox 338 4964 1925 5042; baseline -0.006 -15"><span class='ocrx_word' id='word_1_738' title='bbox 338 4976 448 5027; x_wconf 79' lang='grc' dir='ltr'>τίτ.</span> <span class='ocrx_word' id='word_1_739' title='bbox 468 4979 539 5038; x_wconf 87' lang='grc' dir='ltr'><strong>α’,</strong></span> <span class='ocrx_word' id='word_1_740' title='bbox 572 4970 713 5042; x_wconf 78' lang='grc' dir='ltr'>βιϐλ.</span> <span class='ocrx_word' id='word_1_741' title='bbox 741 4976 837 5034; x_wconf 81' lang='grc' dir='ltr'>ις’,</span> <span class='ocrx_word' id='word_1_742' title='bbox 860 4970 938 5022; x_wconf 86' lang='grc' dir='ltr'>ιδ’·</span> <span class='ocrx_word' id='word_1_743' title='bbox 963 4966 1109 5039; x_wconf 79' lang='grc' dir='ltr'>ἱεροῦ</span> <span class='ocrx_word' id='word_1_744' title='bbox 1129 4965 1295 5019; x_wconf 86' lang='grc' dir='ltr'>τόπου</span> <span class='ocrx_word' id='word_1_745' title='bbox 1323 4964 1804 5036; x_wconf 86' lang='grc' dir='ltr'>παρεντιθεμένου,</span> <span class='ocrx_word' id='word_1_746' title='bbox 1830 4965 1925 5017; x_wconf 71' lang='grc' dir='ltr'><strong>καὶ</strong></span> 
     </span>
    </p>
   </div>
   <div class='ocr_carea' id='block_1_96' title="bbox 342 5056 1928 5136">
    <p class='ocr_par' dir='ltr' id='par_1_96' title="bbox 342 5056 1928 5136">
     <span class='ocr_line' id='line_1_96' title="bbox 342 5056 1928 5136; baseline -0.006 -18"><span class='ocrx_word' id='word_1_747' title='bbox 342 5068 377 5136; x_wconf 80' lang='grc' dir='ltr'><strong>ἡ</strong></span> <span class='ocrx_word' id='word_1_748' title='bbox 421 5065 490 5118; x_wconf 80' lang='grc' dir='ltr'>δι’</span> <span class='ocrx_word' id='word_1_749' title='bbox 526 5061 692 5117; x_wconf 84' lang='grc' dir='ltr'>αὐτοῦ</span> <span class='ocrx_word' id='word_1_750' title='bbox 724 5062 955 5132; x_wconf 83' lang='grc' dir='ltr'>πάροδος</span> <span class='ocrx_word' id='word_1_751' title='bbox 992 5062 1072 5123; x_wconf 80' lang='grc' dir='ltr'>εἰς</span> <span class='ocrx_word' id='word_1_752' title='bbox 1102 5059 1370 5112; x_wconf 75' lang='grc' dir='ltr'>ἰδιωτικὸν</span> <span class='ocrx_word' id='word_1_753' title='bbox 1415 5056 1785 5127; x_wconf 74' lang='grc' dir='ltr'>ὲμποδίζεται·</span> <span class='ocrx_word' id='word_1_754' title='bbox 1812 5057 1928 5109; x_wconf 89' lang='grc' dir='ltr'>δου-</span> 
     </span>
    </p>
   </div>
   <div class='ocr_carea' id='block_1_97' title="bbox 341 5148 1924 5226">
    <p class='ocr_par' dir='ltr' id='par_1_97' title="bbox 341 5148 1924 5226">
     <span class='ocr_line' id='line_1_97' title="bbox 341 5148 1924 5226; baseline -0.006 -17"><span class='ocrx_word' id='word_1_755' title='bbox 341 5155 467 5210; x_wconf 77' lang='grc' dir='ltr'>λεία</span> <span class='ocrx_word' id='word_1_756' title='bbox 492 5155 603 5226; x_wconf 83' lang='grc' dir='ltr'><strong>γὰρ</strong></span> <span class='ocrx_word' id='word_1_757' title='bbox 625 5155 688 5208; x_wconf 84' lang='grc' dir='ltr'><strong>οὐ</strong></span> <span class='ocrx_word' id='word_1_758' title='bbox 722 5152 1033 5207; x_wconf 87' lang='grc' dir='ltr'>συνίσταται</span> <span class='ocrx_word' id='word_1_759' title='bbox 1059 5151 1147 5205; x_wconf 85' lang='grc' dir='ltr'><strong>διὰ</strong></span> <span class='ocrx_word' id='word_1_760' title='bbox 1169 5150 1263 5204; x_wconf 80' lang='grc' dir='ltr'>τοῦ</span> <span class='ocrx_word' id='word_1_761' title='bbox 1289 5149 1527 5203; x_wconf 84' lang='grc' dir='ltr'>τοιούτου</span> <span class='ocrx_word' id='word_1_762' title='bbox 1558 5150 1745 5201; x_wconf 81' lang='grc' dir='ltr'>τόπου·</span> <span class='ocrx_word' id='word_1_763' title='bbox 1785 5148 1924 5219; x_wconf 78' lang='grc' dir='ltr'>βιϐλ.</span> 
     </span>
    </p>
   </div>
   <div class='ocr_carea' id='block_1_98' title="bbox 346 5243 1930 5319">
    <p class='ocr_par' dir='ltr' id='par_1_98' title="bbox 346 5243 1930 5319">
     <span class='ocr_line' id='line_1_98' title="bbox 346 5243 1930 5319; baseline -0.008 -13"><span class='ocrx_word' id='word_1_764' title='bbox 346 5258 446 5313; x_wconf 77' lang='grc' dir='ltr'>ια’,</span> <span class='ocrx_word' id='word_1_765' title='bbox 465 5249 571 5303; x_wconf 79' lang='grc' dir='ltr'>τίτ.</span> <span class='ocrx_word' id='word_1_766' title='bbox 588 5247 652 5315; x_wconf 79' lang='grc' dir='ltr'>ξ’,</span> <span class='ocrx_word' id='word_1_767' title='bbox 671 5247 809 5319; x_wconf 76' lang='grc' dir='ltr'>βιὸλ.</span> <span class='ocrx_word' id='word_1_768' title='bbox 835 5247 932 5313; x_wconf 83' lang='grc' dir='ltr'>ις’,</span> <span class='ocrx_word' id='word_1_769' title='bbox 948 5246 1057 5310; x_wconf 86' lang='grc' dir='ltr'>λς’·</span> <span class='ocrx_word' id='word_1_770' title='bbox 1073 5245 1143 5298; x_wconf 87' lang='grc' dir='ltr'><strong>τά</strong></span> <span class='ocrx_word' id='word_1_771' title='bbox 1164 5244 1284 5315; x_wconf 84' lang='grc' dir='ltr'>ἱερά</span> <span class='ocrx_word' id='word_1_772' title='bbox 1305 5243 1566 5313; x_wconf 88' lang='grc' dir='ltr'>γινόμενα</span> <span class='ocrx_word' id='word_1_773' title='bbox 1582 5243 1684 5295; x_wconf 80' lang='grc' dir='ltr'><strong>ὑπὸ</strong></span> <span class='ocrx_word' id='word_1_774' title='bbox 1704 5243 1930 5305; x_wconf 75' lang='grc' dir='ltr'>τοὺςπο-</span> 
     </span>
    </p>
   </div>
   <div class='ocr_carea' id='block_1_99' title="bbox 346 5335 1932 5413">
    <p class='ocr_par' dir='ltr' id='par_1_99' title="bbox 346 5335 1932 5413">
     <span class='ocr_line' id='line_1_99' title="bbox 346 5335 1932 5413; baseline -0.006 -17"><span class='ocrx_word' id='word_1_775' title='bbox 346 5342 597 5413; x_wconf 83' lang='grc' dir='ltr'>λεμίους,</span> <span class='ocrx_word' id='word_1_776' title='bbox 624 5339 887 5394; x_wconf 83' lang='grc' dir='ltr'>παύονται</span> <span class='ocrx_word' id='word_1_777' title='bbox 914 5337 1215 5409; x_wconf 75' lang='grc' dir='ltr'><strong>ιεῖνιπιιῖίερά⁹</strong></span> <span class='ocrx_word' id='word_1_778' title='bbox 1252 5335 1440 5407; x_wconf 86' lang='grc' dir='ltr'>ὥσπερ</span> <span class='ocrx_word' id='word_1_779' title='bbox 1470 5335 1800 5406; x_wconf 71' lang='grc' dir='ltr'>ὁξὲλεύθερος</span> <span class='ocrx_word' id='word_1_780' title='bbox 1823 5335 1932 5387; x_wconf 90' lang='grc' dir='ltr'>δου-</span> 
     </span>
    </p>
   </div>
   <div class='ocr_carea' id='block_1_100' title="bbox 338 5426 1932 5500">
    <p class='ocr_par' dir='ltr' id='par_1_100' title="bbox 338 5426 1932 5500">
     <span class='ocr_line' id='line_1_100' title="bbox 338 5426 1932 5500; baseline -0.007 -11"><span class='ocrx_word' id='word_1_781' title='bbox 338 5430 565 5496; x_wconf 74' lang='grc' dir='ltr'>λωθείςο</span> <span class='ocrx_word' id='word_1_782' title='bbox 589 5431 929 5487; x_wconf 81' lang='grc' dir='ltr'>ἀπολυθέντα</span> <span class='ocrx_word' id='word_1_783' title='bbox 954 5431 1011 5485; x_wconf 84' lang='grc' dir='ltr'>δὲ</span> <span class='ocrx_word' id='word_1_784' title='bbox 1035 5428 1460 5500; x_wconf 81' lang='grc' dir='ltr'>τῆς¹συμφορᾶς,</span> <span class='ocrx_word' id='word_1_785' title='bbox 1488 5426 1932 5496; x_wconf 76' lang='grc' dir='ltr'>ἀναλαμϐάνουσι</span> 
     </span>
    </p>
   </div>
   <div class='ocr_carea' id='block_1_101' title="bbox 348 5517 1929 5598">
    <p class='ocr_par' dir='ltr' id='par_1_101' title="bbox 348 5517 1929 5598">
     <span class='ocr_line' id='line_1_101' title="bbox 348 5517 1929 5598; baseline -0.006 -18"><span class='ocrx_word' id='word_1_786' title='bbox 348 5528 451 5598; x_wconf 78' lang='grc' dir='ltr'><strong>τὴν</strong></span> <span class='ocrx_word' id='word_1_787' title='bbox 482 5524 756 5597; x_wconf 84' lang='grc' dir='ltr'>προτέραν</span> <span class='ocrx_word' id='word_1_788' title='bbox 781 5523 1133 5577; x_wconf 73' lang='grc' dir='ltr'>κατάστασινο</span> <span class='ocrx_word' id='word_1_789' title='bbox 1160 5521 1253 5574; x_wconf 72' lang='grc' dir='ltr'>καὶ</span> <span class='ocrx_word' id='word_1_790' title='bbox 1270 5520 1409 5589; x_wconf 82' lang='grc' dir='ltr'>βιὸλ.</span> <span class='ocrx_word' id='word_1_791' title='bbox 1437 5517 1524 5584; x_wconf 76' lang='grc' dir='ltr'>ιζ’,</span> <span class='ocrx_word' id='word_1_792' title='bbox 1556 5518 1661 5570; x_wconf 84' lang='grc' dir='ltr'>τίτ.</span> <span class='ocrx_word' id='word_1_793' title='bbox 1694 5517 1760 5587; x_wconf 90' lang='grc' dir='ltr'><strong>β’,</strong></span> <span class='ocrx_word' id='word_1_794' title='bbox 1788 5518 1929 5586; x_wconf 83' lang='grc' dir='ltr'>βισλ.</span> 
     </span>
    </p>
   </div>
   <div class='ocr_carea' id='block_1_102' title="bbox 353 5610 1933 5688">
    <p class='ocr_par' dir='ltr' id='par_1_102' title="bbox 353 5610 1933 5688">
     <span class='ocr_line' id='line_1_102' title="bbox 353 5610 1933 5688; baseline -0.008 -13"><span class='ocrx_word' id='word_1_795' title='bbox 353 5625 454 5686; x_wconf 80' lang='grc' dir='ltr'>ις’,</span> <span class='ocrx_word' id='word_1_796' title='bbox 475 5620 577 5688; x_wconf 75' lang='grc' dir='ltr'><strong>ξγ”</strong></span> <span class='ocrx_word' id='word_1_797' title='bbox 600 5621 683 5673; x_wconf 78' lang='grc' dir='ltr'><strong>ὅτι</strong></span> <span class='ocrx_word' id='word_1_798' title='bbox 708 5618 803 5672; x_wconf 80' lang='grc' dir='ltr'><strong>ὲάν</strong></span> <span class='ocrx_word' id='word_1_799' title='bbox 827 5616 1095 5687; x_wconf 85' lang='grc' dir='ltr'>ἀνιερωθῇ</span> <span class='ocrx_word' id='word_1_800' title='bbox 1119 5617 1180 5669; x_wconf 81' lang='grc' dir='ltr'>τὸ</span> <span class='ocrx_word' id='word_1_801' title='bbox 1201 5614 1379 5668; x_wconf 67' lang='grc' dir='ltr'>κοινὸν</span> <span class='ocrx_word' id='word_1_802' title='bbox 1410 5614 1662 5682; x_wconf 79' lang='grc' dir='ltr'>πρᾶγμα,</span> <span class='ocrx_word' id='word_1_803' title='bbox 1688 5610 1873 5663; x_wconf 81' lang='grc' dir='ltr'>λύεται</span> <span class='ocrx_word' id='word_1_804' title='bbox 1901 5611 1933 5679; x_wconf 82' lang='grc' dir='ltr'><strong>ἡ</strong></span> 
     </span>
    </p>
   </div>
   <div class='ocr_carea' id='block_1_103' title="bbox 353 5700 1926 5783">
    <p class='ocr_par' dir='ltr' id='par_1_103' title="bbox 353 5700 1926 5783">
     <span class='ocr_line' id='line_1_103' title="bbox 353 5700 1926 5783; baseline -0.007 -16"><span class='ocrx_word' id='word_1_805' title='bbox 353 5715 442 5767; x_wconf 63' lang='grc' dir='ltr'>ἦστ’</span> <span class='ocrx_word' id='word_1_806' title='bbox 470 5712 620 5783; x_wconf 79' lang='grc' dir='ltr'><strong>αὑτῷ</strong></span> <span class='ocrx_word' id='word_1_807' title='bbox 648 5710 917 5766; x_wconf 84' lang='grc' dir='ltr'>κοινωνία.</span> <span class='ocrx_word' id='word_1_808' title='bbox 950 5709 1097 5780; x_wconf 83' lang='grc' dir='ltr'>Βιβλ.</span> <span class='ocrx_word' id='word_1_809' title='bbox 1126 5714 1216 5776; x_wconf 81' lang='grc' dir='ltr'>ιη’,</span> <span class='ocrx_word' id='word_1_810' title='bbox 1240 5705 1342 5761; x_wconf 84' lang='grc' dir='ltr'>τίτ.</span> <span class='ocrx_word' id='word_1_811' title='bbox 1365 5712 1434 5771; x_wconf 84' lang='grc' dir='ltr'><strong>α’,</strong></span> <span class='ocrx_word' id='word_1_812' title='bbox 1459 5704 1599 5775; x_wconf 76' lang='grc' dir='ltr'>βιόλ.</span> <span class='ocrx_word' id='word_1_813' title='bbox 1627 5700 1721 5771; x_wconf 82' lang='grc' dir='ltr'>ις’,</span> <span class='ocrx_word' id='word_1_814' title='bbox 1775 5701 1835 5767; x_wconf 80' lang='grc' dir='ltr'>ε’,</span> <span class='ocrx_word' id='word_1_815' title='bbox 1859 5700 1926 5766; x_wconf 81' lang='grc' dir='ltr'>ς’.</span> 
     </span>
    </p>
   </div>
   <div class='ocr_carea' id='block_1_104' title="bbox 2032 4392 3599 4467">
    <p class='ocr_par' dir='ltr' id='par_1_104' title="bbox 2032 4392 3599 4467">
     <span class='ocr_line' id='line_1_104' title="bbox 2032 4392 3599 4467; baseline -0.003 -18"><span class='ocrx_word' id='word_1_816' title='bbox 2032 4412 2121 4449; x_wconf 72' lang='lat' dir='ltr'><strong>uno</strong></span> <span class='ocrx_word' id='word_1_817' title='bbox 2149 4396 2329 4450; x_wconf 88' lang='lat' dir='ltr'><strong>sciens</strong></span> <span class='ocrx_word' id='word_1_818' title='bbox 2367 4395 2558 4467; x_wconf 83' lang='lat' dir='ltr'><strong>[recte]</strong></span> <span class='ocrx_word' id='word_1_819' title='bbox 2590 4396 2720 4451; x_wconf 85' lang='lat' dir='ltr'><strong>emit</strong></span> <span class='ocrx_word' id='word_1_820' title='bbox 2750 4413 2860 4451; x_wconf 89' lang='lat' dir='ltr'><strong>rem</strong></span> <span class='ocrx_word' id='word_1_821' title='bbox 2898 4410 3133 4450; x_wconf 88' lang='lat' dir='ltr'><strong>sacram.</strong></span> <span class='ocrx_word' id='word_1_822' title='bbox 3166 4392 3222 4448; x_wconf 91' lang='lat' dir='ltr'><strong>Si</strong></span> <span class='ocrx_word' id='word_1_823' title='bbox 3268 4408 3399 4448; x_wconf 81' lang='lat' dir='ltr'><strong>vero</strong></span> <span class='ocrx_word' id='word_1_824' title='bbox 3437 4393 3599 4446; x_wconf 87' lang='lat' dir='ltr'><strong>dece-</strong></span> 
     </span>
    </p>
   </div>
   <div class='ocr_carea' id='block_1_105' title="bbox 2029 4486 3597 4561">
    <p class='ocr_par' dir='ltr' id='par_1_105' title="bbox 2029 4486 3597 4561">
     <span class='ocr_line' id='line_1_105' title="bbox 2029 4486 3597 4561; baseline -0.003 -19"><span class='ocrx_word' id='word_1_825' title='bbox 2029 4488 2316 4561; x_wconf 45' lang='lat' dir='ltr'><strong>ptus.emit</strong></span> <span class='ocrx_word' id='word_1_826' title='bbox 2345 4489 2499 4556; x_wconf 86' lang='lat' dir='ltr'><strong>quasi</strong></span> <span class='ocrx_word' id='word_1_827' title='bbox 2531 4488 2819 4557; x_wconf 89' lang='lat' dir='ltr'><strong>privatam,</strong></span> <span class='ocrx_word' id='word_1_828' title='bbox 2866 4489 2973 4557; x_wconf 84' lang='lat' dir='ltr'><strong>agit</strong></span> <span class='ocrx_word' id='word_1_829' title='bbox 3003 4486 3070 4540; x_wconf 87' lang='lat' dir='ltr'><strong>ad</strong></span> <span class='ocrx_word' id='word_1_830' title='bbox 3098 4486 3147 4540; x_wconf 89' lang='lat' dir='ltr'><strong>id</strong></span> <span class='ocrx_word' id='word_1_831' title='bbox 3171 4486 3317 4555; x_wconf 88' lang='lat' dir='ltr'><strong>quod</strong></span> <span class='ocrx_word' id='word_1_832' title='bbox 3350 4486 3597 4540; x_wconf 82' lang='lat' dir='ltr'><strong>interest.</strong></span> 
     </span>
    </p>
   </div>
   <div class='ocr_carea' id='block_1_106' title="bbox 2026 4572 3603 4650">
    <p class='ocr_par' dir='ltr' id='par_1_106' title="bbox 2026 4572 3603 4650">
     <span class='ocr_line' id='line_1_106' title="bbox 2026 4572 3603 4650; baseline -0.004 -19"><span class='ocrx_word' id='word_1_833' title='bbox 2026 4581 2091 4632; x_wconf 89' lang='lat' dir='ltr'><strong>Et</strong></span> <span class='ocrx_word' id='word_1_834' title='bbox 2120 4579 2251 4633; x_wconf 91' lang='lat' dir='ltr'><strong>Inst.</strong></span> <span class='ocrx_word' id='word_1_835' title='bbox 2284 4595 2353 4641; x_wconf 83' lang='lat' dir='ltr'><strong>tv,</strong></span> <span class='ocrx_word' id='word_1_836' title='bbox 2384 4581 2466 4632; x_wconf 91' lang='lat' dir='ltr'><strong>tit.</strong></span> <span class='ocrx_word' id='word_1_837' title='bbox 2500 4579 2585 4643; x_wconf 79' lang='grc'><strong>15,</strong></span> <span class='ocrx_word' id='word_1_838' title='bbox 2620 4580 2671 4632; x_wconf 93' lang='lat' dir='ltr'><strong>in</strong></span> <span class='ocrx_word' id='word_1_839' title='bbox 2707 4577 2879 4650; x_wconf 76' lang='lat' dir='ltr'><strong>[loco]</strong></span> <span class='ocrx_word' id='word_1_840' title='bbox 2921 4592 3081 4631; x_wconf 90' lang='lat' dir='ltr'><strong>sacro</strong></span> <span class='ocrx_word' id='word_1_841' title='bbox 3113 4576 3384 4631; x_wconf 57' lang='lat' dir='ltr'><strong>aediﬁcare</strong></span> <span class='ocrx_word' id='word_1_842' title='bbox 3415 4572 3603 4644; x_wconf 85' lang='lat' dir='ltr'><strong>probi-</strong></span> 
     </span>
    </p>
   </div>
   <div class='ocr_carea' id='block_1_107' title="bbox 2029 4666 3601 4744">
    <p class='ocr_par' dir='ltr' id='par_1_107' title="bbox 2029 4666 3601 4744">
     <span class='ocr_line' id='line_1_107' title="bbox 2029 4666 3601 4744; baseline -0.004 -21"><span class='ocrx_word' id='word_1_843' title='bbox 2029 4674 2239 4725; x_wconf 62' lang='lat' dir='ltr'><strong>Iiemur.</strong></span> <span class='ocrx_word' id='word_1_844' title='bbox 2293 4670 2411 4726; x_wconf 86' lang='lat' dir='ltr'><strong>Lib.</strong></span> <span class='ocrx_word' id='word_1_845' title='bbox 2451 4670 2608 4744; x_wconf 74' lang='lat' dir='ltr'><strong>[dig]</strong></span> <span class='ocrx_word' id='word_1_846' title='bbox 2650 4687 2686 4735; x_wconf 87' lang='grc' dir='ltr'><strong>ι,</strong></span> <span class='ocrx_word' id='word_1_847' title='bbox 2739 4672 2820 4725; x_wconf 93' lang='lat' dir='ltr'><strong>tit.</strong></span> <span class='ocrx_word' id='word_1_848' title='bbox 2864 4671 2963 4732; x_wconf 79' lang='lat' dir='ltr'><strong>l6,</strong></span> <span class='ocrx_word' id='word_1_849' title='bbox 2995 4669 3103 4739; x_wconf 84' lang='lat' dir='ltr'><strong>dig.</strong></span> <span class='ocrx_word' id='word_1_850' title='bbox 3143 4668 3217 4722; x_wconf 87' lang='lat'><strong>7:</strong></span> <span class='ocrx_word' id='word_1_851' title='bbox 3251 4666 3601 4737; x_wconf 82' lang='lat' dir='ltr'><strong>Magistratus</strong></span> 
     </span>
    </p>
   </div>
   <div class='ocr_carea' id='block_1_108' title="bbox 2026 4757 3599 4834">
    <p class='ocr_par' dir='ltr' id='par_1_108' title="bbox 2026 4757 3599 4834">
     <span class='ocr_line' id='line_1_108' title="bbox 2026 4757 3599 4834; baseline -0.005 -17"><span class='ocrx_word' id='word_1_852' title='bbox 2026 4764 2170 4818; x_wconf 85' lang='lat' dir='ltr'><strong>aedes</strong></span> <span class='ocrx_word' id='word_1_853' title='bbox 2199 4779 2385 4819; x_wconf 85' lang='lat' dir='ltr'><strong>sacras</strong></span> <span class='ocrx_word' id='word_1_854' title='bbox 2412 4765 2729 4834; x_wconf 81' lang='lat' dir='ltr'><strong>inspiciunt,</strong></span> <span class='ocrx_word' id='word_1_855' title='bbox 2756 4780 2818 4818; x_wconf 92' lang='lat' dir='ltr'><strong>ac</strong></span> <span class='ocrx_word' id='word_1_856' title='bbox 2852 4764 3128 4817; x_wconf 86' lang='lat' dir='ltr'><strong>ornandas</strong></span> <span class='ocrx_word' id='word_1_857' title='bbox 3145 4768 3361 4816; x_wconf 89' lang='lat' dir='ltr'><strong>curam.</strong></span> <span class='ocrx_word' id='word_1_858' title='bbox 3390 4757 3509 4811; x_wconf 83' lang='lat' dir='ltr'><strong>Lib.</strong></span> <span class='ocrx_word' id='word_1_859' title='bbox 3540 4772 3599 4820; x_wconf 86' lang='grc' dir='ltr'><strong>η,</strong></span> 
     </span>
    </p>
   </div>
   <div class='ocr_carea' id='block_1_109' title="bbox 2029 4848 3605 4930">
    <p class='ocr_par' dir='ltr' id='par_1_109' title="bbox 2029 4848 3605 4930">
     <span class='ocr_line' id='line_1_109' title="bbox 2029 4848 3605 4930; baseline -0.011 -18"><span class='ocrx_word' id='word_1_860' title='bbox 2029 4861 2111 4912; x_wconf 81' lang='lat' dir='ltr'><strong>tit.</strong></span> <span class='ocrx_word' id='word_1_861' title='bbox 2147 4857 2236 4925; x_wconf 78' lang='grc' dir='ltr'>Η,</span> <span class='ocrx_word' id='word_1_862' title='bbox 2286 4858 2482 4930; x_wconf 81' lang='lat' dir='ltr'><strong>digest.</strong></span> <span class='ocrx_word' id='word_1_863' title='bbox 2526 4854 2614 4910; x_wconf 81' lang='grc'>60.</span> <span class='ocrx_word' id='word_1_864' title='bbox 2650 4853 2768 4909; x_wconf 86' lang='lat' dir='ltr'><strong>Non</strong></span> <span class='ocrx_word' id='word_1_865' title='bbox 2812 4863 2958 4908; x_wconf 79' lang='lat' dir='ltr'><strong>recte</strong></span> <span class='ocrx_word' id='word_1_866' title='bbox 2995 4853 3120 4922; x_wconf 89' lang='lat' dir='ltr'><strong>quis</strong></span> <span class='ocrx_word' id='word_1_867' title='bbox 3164 4848 3484 4920; x_wconf 88' lang='lat' dir='ltr'><strong>paciscitur,</strong></span> <span class='ocrx_word' id='word_1_868' title='bbox 3536 4860 3605 4896; x_wconf 88' lang='lat' dir='ltr'><strong>ne</strong></span> 
     </span>
    </p>
   </div>
   <div class='ocr_carea' id='block_1_110' title="bbox 2030 4939 3602 5014">
    <p class='ocr_par' dir='ltr' id='par_1_110' title="bbox 2030 4939 3602 5014">
     <span class='ocr_line' id='line_1_110' title="bbox 2030 4939 3602 5014; baseline -0.012 -6"><span class='ocrx_word' id='word_1_869' title='bbox 2030 4958 2207 5011; x_wconf 87' lang='lat' dir='ltr'><strong>locum</strong></span> <span class='ocrx_word' id='word_1_870' title='bbox 2240 4968 2400 5009; x_wconf 89' lang='lat' dir='ltr'><strong>suum</strong></span> <span class='ocrx_word' id='word_1_871' title='bbox 2419 4952 2653 5005; x_wconf 81' lang='lat' dir='ltr'><strong>dedicet.</strong></span> <span class='ocrx_word' id='word_1_872' title='bbox 2682 4947 2803 5001; x_wconf 90' lang='lat' dir='ltr'><strong>Lib.</strong></span> <span class='ocrx_word' id='word_1_873' title='bbox 2829 4963 2903 5014; x_wconf 82' lang='lat' dir='ltr'><strong>Vl,</strong></span> <span class='ocrx_word' id='word_1_874' title='bbox 2943 4948 3023 5000; x_wconf 90' lang='lat' dir='ltr'><strong>tit.</strong></span> <span class='ocrx_word' id='word_1_875' title='bbox 3058 4944 3129 4997; x_wconf 72' lang='lat'><strong>23</strong></span> <span class='ocrx_word' id='word_1_876' title='bbox 3161 4961 3171 4996; x_wconf 93' lang='lat'><strong>:</strong></span> <span class='ocrx_word' id='word_1_877' title='bbox 3203 4939 3395 5013; x_wconf 85' lang='lat' dir='ltr'><strong>[Loca]</strong></span> <span class='ocrx_word' id='word_1_878' title='bbox 3424 4951 3602 4999; x_wconf 89' lang='lat' dir='ltr'><strong>sacra,</strong></span> 
     </span>
    </p>
   </div>
   <div class='ocr_carea' id='block_1_111' title="bbox 2029 5043 3598 5117">
    <p class='ocr_par' dir='ltr' id='par_1_111' title="bbox 2029 5043 3598 5117">
     <span class='ocr_line' id='line_1_111' title="bbox 2029 5043 3598 5117; baseline -0.011 -18"><span class='ocrx_word' id='word_1_879' title='bbox 2029 5048 2187 5117; x_wconf 84' lang='lat' dir='ltr'><strong>quasi</strong></span> <span class='ocrx_word' id='word_1_880' title='bbox 2218 5055 2427 5108; x_wconf 91' lang='lat' dir='ltr'><strong>nostra,</strong></span> <span class='ocrx_word' id='word_1_881' title='bbox 2464 5044 2517 5097; x_wconf 92' lang='lat' dir='ltr'><strong>in</strong></span> <span class='ocrx_word' id='word_1_882' title='bbox 2550 5056 2661 5097; x_wconf 88' lang='lat' dir='ltr'><strong>rem</strong></span> <span class='ocrx_word' id='word_1_883' title='bbox 2690 5043 2906 5095; x_wconf 89' lang='lat' dir='ltr'><strong>actione</strong></span> <span class='ocrx_word' id='word_1_884' title='bbox 2933 5048 3113 5108; x_wconf 82' lang='lat' dir='ltr'><strong>petere</strong></span> <span class='ocrx_word' id='word_1_885' title='bbox 3145 5051 3252 5089; x_wconf 92' lang='lat' dir='ltr'><strong>non</strong></span> <span class='ocrx_word' id='word_1_886' title='bbox 3276 5045 3598 5104; x_wconf 88' lang='lat' dir='ltr'><strong>possumus.</strong></span> 
     </span>
    </p>
   </div>
   <div class='ocr_carea' id='block_1_112' title="bbox 2030 5123 3606 5205">
    <p class='ocr_par' dir='ltr' id='par_1_112' title="bbox 2030 5123 3606 5205">
     <span class='ocr_line' id='line_1_112' title="bbox 2030 5123 3606 5205; baseline -0.015 -9"><span class='ocrx_word' id='word_1_887' title='bbox 2030 5142 2149 5196; x_wconf 89' lang='lat' dir='ltr'><strong>Lib.</strong></span> <span class='ocrx_word' id='word_1_888' title='bbox 2185 5154 2299 5205; x_wconf 84' lang='lat' dir='ltr'><strong>VIII,</strong></span> <span class='ocrx_word' id='word_1_889' title='bbox 2335 5138 2418 5191; x_wconf 88' lang='lat' dir='ltr'><strong>tit.</strong></span> <span class='ocrx_word' id='word_1_890' title='bbox 2452 5133 2501 5203; x_wconf 68' lang='grc' dir='ltr'>ἱ,</span> <span class='ocrx_word' id='word_1_891' title='bbox 2535 5135 2646 5205; x_wconf 85' lang='lat' dir='ltr'><strong>dig.</strong></span> <span class='ocrx_word' id='word_1_892' title='bbox 2682 5134 2750 5187; x_wconf 77' lang='grc'><strong>14</strong></span> <span class='ocrx_word' id='word_1_893' title='bbox 2783 5151 2795 5186; x_wconf 91' lang='lat'>:</span> <span class='ocrx_word' id='word_1_894' title='bbox 2831 5131 3000 5186; x_wconf 88' lang='lat' dir='ltr'><strong>Sacro</strong></span> <span class='ocrx_word' id='word_1_895' title='bbox 3025 5130 3147 5182; x_wconf 87' lang='lat' dir='ltr'><strong>loco</strong></span> <span class='ocrx_word' id='word_1_896' title='bbox 3189 5123 3606 5184; x_wconf 81' lang='lat' dir='ltr'><strong>interveniente,</strong></span> 
     </span>
    </p>
   </div>
   <div class='ocr_carea' id='block_1_113' title="bbox 2034 5213 3612 5304">
    <p class='ocr_par' dir='ltr' id='par_1_113' title="bbox 2034 5213 3612 5304">
     <span class='ocr_line' id='line_1_113' title="bbox 2034 5213 3612 5304; baseline -0.014 -15"><span class='ocrx_word' id='word_1_897' title='bbox 2034 5236 2135 5290; x_wconf 88' lang='lat' dir='ltr'><strong>iter</strong></span> <span class='ocrx_word' id='word_1_898' title='bbox 2172 5250 2269 5304; x_wconf 86' lang='lat' dir='ltr'><strong>per</strong></span> <span class='ocrx_word' id='word_1_899' title='bbox 2293 5234 2469 5301; x_wconf 86' lang='lat' dir='ltr'><strong>ipsum</strong></span> <span class='ocrx_word' id='word_1_900' title='bbox 2503 5231 2556 5283; x_wconf 93' lang='lat' dir='ltr'><strong>in</strong></span> <span class='ocrx_word' id='word_1_901' title='bbox 2585 5229 2854 5300; x_wconf 81' lang='lat' dir='ltr'><strong>privatum</strong></span> <span class='ocrx_word' id='word_1_902' title='bbox 2888 5218 3119 5297; x_wconf 89' lang='lat' dir='ltr'><strong>[locum]</strong></span> <span class='ocrx_word' id='word_1_903' title='bbox 3141 5217 3453 5288; x_wconf 86' lang='lat' dir='ltr'><strong>impeditur.</strong></span> <span class='ocrx_word' id='word_1_904' title='bbox 3484 5213 3612 5269; x_wconf 72' lang='lat' dir='ltr'><strong>Ser-</strong></span> 
     </span>
    </p>
   </div>
   <div class='ocr_carea' id='block_1_114' title="bbox 2035 5306 3610 5391">
    <p class='ocr_par' dir='ltr' id='par_1_114' title="bbox 2035 5306 3610 5391">
     <span class='ocr_line' id='line_1_114' title="bbox 2035 5306 3610 5391; baseline -0.015 -13"><span class='ocrx_word' id='word_1_905' title='bbox 2035 5327 2178 5378; x_wconf 78' lang='lat' dir='ltr'><strong>vitus</strong></span> <span class='ocrx_word' id='word_1_906' title='bbox 2195 5323 2339 5377; x_wconf 91' lang='lat' dir='ltr'><strong>enim</strong></span> <span class='ocrx_word' id='word_1_907' title='bbox 2360 5337 2454 5391; x_wconf 84' lang='lat' dir='ltr'><strong>per</strong></span> <span class='ocrx_word' id='word_1_908' title='bbox 2472 5317 2780 5374; x_wconf 89' lang='lat' dir='ltr'><strong>istiusmodi</strong></span> <span class='ocrx_word' id='word_1_909' title='bbox 2802 5318 2978 5368; x_wconf 88' lang='lat' dir='ltr'><strong>locum</strong></span> <span class='ocrx_word' id='word_1_910' title='bbox 2999 5326 3102 5364; x_wconf 90' lang='lat' dir='ltr'><strong>non</strong></span> <span class='ocrx_word' id='word_1_911' title='bbox 3122 5307 3394 5363; x_wconf 85' lang='lat' dir='ltr'><strong>consistit.</strong></span> <span class='ocrx_word' id='word_1_912' title='bbox 3415 5306 3534 5361; x_wconf 89' lang='lat' dir='ltr'><strong>Lib.</strong></span> <span class='ocrx_word' id='word_1_913' title='bbox 3556 5319 3610 5356; x_wconf 75' lang='grc' dir='ltr'><strong>ιι</strong></span> 
     </span>
    </p>
   </div>
   <div class='ocr_carea' id='block_1_115' title="bbox 2034 5400 3609 5480">
    <p class='ocr_par' dir='ltr' id='par_1_115' title="bbox 2034 5400 3609 5480">
     <span class='ocr_line' id='line_1_115' title="bbox 2034 5400 3609 5480; baseline -0.015 -9"><span class='ocrx_word' id='word_1_914' title='bbox 2034 5417 2177 5480; x_wconf 85' lang='lat' dir='ltr'><strong>tit.7,</strong></span> <span class='ocrx_word' id='word_1_915' title='bbox 2197 5416 2410 5477; x_wconf 78' lang='lat' dir='ltr'><strong>lib.xvr,</strong></span> <span class='ocrx_word' id='word_1_916' title='bbox 2433 5412 2627 5480; x_wconf 81' lang='lat' dir='ltr'><strong>digest.</strong></span> <span class='ocrx_word' id='word_1_917' title='bbox 2647 5408 2742 5464; x_wconf 75' lang='lat'><strong>36-</strong></span> <span class='ocrx_word' id='word_1_918' title='bbox 2764 5407 2907 5462; x_wconf 90' lang='lat' dir='ltr'><strong>Loca</strong></span> <span class='ocrx_word' id='word_1_919' title='bbox 2932 5418 3086 5459; x_wconf 89' lang='lat' dir='ltr'><strong>sacra</strong></span> <span class='ocrx_word' id='word_1_920' title='bbox 3102 5402 3170 5457; x_wconf 91' lang='lat' dir='ltr'><strong>ab</strong></span> <span class='ocrx_word' id='word_1_921' title='bbox 3185 5400 3437 5455; x_wconf 78' lang='lat' dir='ltr'><strong>hostibus</strong></span> <span class='ocrx_word' id='word_1_922' title='bbox 3456 5404 3609 5465; x_wconf 90' lang='lat' dir='ltr'><strong>capta</strong></span> 
     </span>
    </p>
   </div>
   <div class='ocr_carea' id='block_1_116' title="bbox 2036 5486 3608 5570">
    <p class='ocr_par' dir='ltr' id='par_1_116' title="bbox 2036 5486 3608 5570">
     <span class='ocr_line' id='line_1_116' title="bbox 2036 5486 3608 5570; baseline -0.015 -6"><span class='ocrx_word' id='word_1_923' title='bbox 2036 5510 2290 5564; x_wconf 89' lang='lat' dir='ltr'><strong>desinunt</strong></span> <span class='ocrx_word' id='word_1_924' title='bbox 2311 5521 2432 5562; x_wconf 85' lang='lat' dir='ltr'><strong>esse</strong></span> <span class='ocrx_word' id='word_1_925' title='bbox 2460 5519 2639 5568; x_wconf 90' lang='lat' dir='ltr'><strong>sacra,</strong></span> <span class='ocrx_word' id='word_1_926' title='bbox 2670 5503 2809 5556; x_wconf 88' lang='lat' dir='ltr'><strong>sicut</strong></span> <span class='ocrx_word' id='word_1_927' title='bbox 2830 5494 3043 5570; x_wconf 70' lang='lat' dir='ltr'><strong>[homo]</strong></span> <span class='ocrx_word' id='word_1_928' title='bbox 3063 5493 3270 5550; x_wconf 85' lang='lat' dir='ltr'><strong>liberiu</strong></span> <span class='ocrx_word' id='word_1_929' title='bbox 3292 5486 3608 5543; x_wconf 86' lang='lat' dir='ltr'><strong>servitutem</strong></span> 
     </span>
    </p>
   </div>
   <div class='ocr_carea' id='block_1_117' title="bbox 2039 5573 3606 5671">
    <p class='ocr_par' dir='ltr' id='par_1_117' title="bbox 2039 5573 3606 5671">
     <span class='ocr_line' id='line_1_117' title="bbox 2039 5573 3606 5671; baseline -0.016 -14"><span class='ocrx_word' id='word_1_930' title='bbox 2039 5607 2363 5671; x_wconf 78' lang='lat' dir='ltr'><strong>pertractus.</strong></span> <span class='ocrx_word' id='word_1_931' title='bbox 2400 5593 2651 5667; x_wconf 79' lang='lat' dir='ltr'><strong>Ab[hac]</strong></span> <span class='ocrx_word' id='word_1_932' title='bbox 2687 5591 2994 5647; x_wconf 79' lang='lat' dir='ltr'><strong>calamitate</strong></span> <span class='ocrx_word' id='word_1_933' title='bbox 3042 5589 3266 5642; x_wconf 81' lang='lat' dir='ltr'><strong>liberata</strong></span> <span class='ocrx_word' id='word_1_934' title='bbox 3316 5573 3606 5665; x_wconf 70' lang='lat' dir='ltr'><strong>pristinum</strong></span> 
     </span>
    </p>
   </div>
   <div class='ocr_carea' id='block_1_118' title="bbox 2041 5670 3603 5760">
    <p class='ocr_par' dir='ltr' id='par_1_118' title="bbox 2041 5670 3603 5760">
     <span class='ocr_line' id='line_1_118' title="bbox 2041 5670 3603 5760; baseline -0.017 -9"><span class='ocrx_word' id='word_1_935' title='bbox 2041 5670 2240 5751; x_wconf 75' lang='lat' dir='ltr'><strong>statum</strong></span> <span class='ocrx_word' id='word_1_936' title='bbox 2294 5691 2584 5760; x_wconf 89' lang='lat' dir='ltr'><strong>recipiunt.</strong></span> <span class='ocrx_word' id='word_1_937' title='bbox 2616 5687 2734 5742; x_wconf 86' lang='lat' dir='ltr'><strong>Lib.</strong></span> <span class='ocrx_word' id='word_1_938' title='bbox 2767 5698 2897 5748; x_wconf 79' lang='lat' dir='ltr'><strong>xm,</strong></span> <span class='ocrx_word' id='word_1_939' title='bbox 2936 5681 3017 5735; x_wconf 91' lang='lat' dir='ltr'><strong>tit.</strong></span> <span class='ocrx_word' id='word_1_940' title='bbox 3053 5683 3085 5737; x_wconf 72' lang='grc' dir='ltr'>Ξ</span> <span class='ocrx_word' id='word_1_941' title='bbox 3149 5676 3241 5733; x_wconf 90' lang='lat' dir='ltr'><strong>lib.</strong></span> <span class='ocrx_word' id='word_1_942' title='bbox 3272 5687 3385 5738; x_wconf 77' lang='lat' dir='ltr'><strong>xvr,</strong></span> <span class='ocrx_word' id='word_1_943' title='bbox 3408 5670 3603 5740; x_wconf 78' lang='lat' dir='ltr'><strong>digest.</strong></span> 
     </span>
    </p>
   </div>
  </div>
