3886 6240
364 262 473 326 567

1523 279 1791 340 ΡΗΟΤΙΙ
1820 280 2325 344 PATRIARCILE
2354 287 2468 349 (ΥΡ.

3522 298 3629 359 5ίῖ8

361 378 449 435 63.
487 377 544 434 Si
588 394 673 437 res
702 384 1010 441 communis
1052 398 1370 443 consecrata
1408 387 1613 459 fuerit,
1649 393 1703 448 in
1742 394 1831 449 illa
1854 410 1931 450 so-

2045 389 2161 466 ξβ”·
2195 398 2290 452 τοῦ
2340 400 2491 470 ίεροῦ
2517 400 2844 471 πράγματος
2877 405 3145 476 ἀγορασία
3164 406 3506 471 συνίσταται,
3529 410 3631 461 ἐὰν

359 472 529 528 cictas
554 476 800 530 solvitur.
836 477 955 531 Lib.
993 494 1147 544 xvm,
1177 482 1261 535 tit.
1305 482 1357 545 1,
1386 482 1579 553 digest,
1615 485 1668 550 5,
1697 486 1751 549 6.
1780 488 1939 557 110

361 565 431 619 62
469 584 480 618 :
515 566 694 621 Sacrae
737 569 814 624 rei
853 571 1056 640 emptio
1102 573 1386 640 consistit,
1436 576 1482 630 si
1532 577 1679 632 illam
1723 594 1935 635 sacram

359 671 482 711 esse
506 667 716 727 emptor
739 659 951 730 ignoret
983 681 995 716 :
1026 663 1297 734 habetque
1319 666 1581 722 adversus
1600 669 1934 727 venditorem

362 746 682 820 [actionem]
726 751 917 819 quanti
952 752 1073 819 ejus
1105 753 1368 816 interfuit,
1395 772 1461 811 ne
1504 756 1589 828 [ea
1625 758 1731 830 res]
1763 760 1937 813 vindi-

358 849 595 893 caretur.
617 841 674 894 Si
701 857 829 896 vero
854 845 1237 913 sciatemptor,
1264 862 1371 900 non
1394 849 1645 903 consistit
1669 850 1933 903 venditio.

359 930 425 984 Et
468 932 663 1002 digest.
717 933 785 987 ’75
817 974 833 998 ,
888 934 1132 1005 ejusdem
1170 937 1233 991 tit
1284 955 1297 991 :
1348 937 1486 993 Ede
1528 955 1685 994 sacra
1729 940 1935 1007 diruta,

357 1021 513 1080 locus
567 1039 675 1079 non
720 1026 780 1080 tit
834 1042 1032 1083 sacer:
1087 1028 1232 1083 unde
1277 1043 1455 1100 neque
1507 1030 1705 1085 vamire
1732 1040 1932 1101 potest.

433 1208 654 1266 Textus.
705 1210 773 1266 Et
816 1212 911 1268 lib.
931 1212 1024 1280 24,
1046 1213 1130 1268 tit.
1156 1214 1347 1282 l,dist.
1370 1213 1458 1283 16,
1487 1214 1543 1270 5.
1587 1214 1754 1271 Recte
1789 1215 1934 1270 dono

361 1302 522 1357 uxori
561 1317 696 1357 meae
728 1303 934 1372 locum,
972 1314 1031 1360 ut
1066 1305 1118 1359 in
1147 1304 1266 1375 ipso
1293 1305 1463 1361 aedem
1504 1319 1716 1361 sacram
1746 1303 1931 1373 faciat,

360 1402 527 1462 atque
558 1394 711 1450 locus
743 1396 801 1449 lit
829 1410 1006 1451 sacer.
1036 1396 1159 1451 Lib.
1182 1411 1353 1461 xxvu,
1378 1397 1461 1451 tit.
1482 1396 1571 1464 10,
1595 1396 1797 1469 digest.
1823 1397 1929 1452 l2:

358 1483 575 1539 Furiosi
622 1494 845 1540 curator
906 1500 1019 1540 rem
1071 1485 1201 1556 ejus
1262 1486 1517 1542 dedicare
1574 1501 1683 1542 non
1729 1493 1929 1557 potest.

360 1573 481 1629 Lib.
518 1576 609 1640 50,
644 1575 838 1646 digesl.
872 1576 939 1631 39
974 1576 1118 1644 :Qui
1160 1592 1273 1632 rem
1309 1593 1520 1632 sacram
1554 1578 1720 1649 legat,
1751 1578 1931 1634 furere

357 1666 609 1723 videtur:
642 1683 816 1738 neque
840 1668 1106 1723 aestimato
1136 1668 1297 1741 [ejus]
1320 1678 1639 1740 praestatur;
1667 1672 1925 1740 quoniam

358 1759 507 1814 nullo
537 1736 764 1830 prorsus
808 1761 971 1816 modo
1021 1736 1365 1817 distrahitur.
1407 1760 1528 1817 Lib.
1567 1736 1719 1826 xxvi,
1745 1764 1832 1817 tit.
1872 1764 1924 1830 1;
1961 1736 2000 1790 Β

356 1852 554 1921 digest.
599 1853 624 1908 1
671 1852 855 1908 :Novi
883 1853 1063 1922 operis
1112 1854 1379 1907 nuntiatio
1414 1855 1593 1909 locum
1640 1854 1828 1923 habet,
1864 1871 1931 1911 ne

357 1951 551 1995 contra
583 1943 730 2012 leges
757 1944 810 1997 in
846 1958 1002 1998 sacro
1040 1944 1162 1997 loco
1188 1960 1325 2013 opus
1356 1944 1469 1998 ﬁat.
1509 1943 1613 2000 'l‘it.
1647 1945 1701 2011 5,
1732 1944 1926 2015 digest.

357 2034 423 2088 17
450 2051 464 2087 :
500 2033 670 2091 Sacro
725 2036 844 2091 loco
880 2036 1272 2091 interveniente
1301 2038 1536 2092 servitus
1562 2036 1717 2110 [non]
1744 2040 1930 2095 consi-

354 2126 471 2183 stit.
514 2126 630 2181 Lib.
661 2144 771 2193 xu,
807 2129 891 2183 tit.
921 2128 977 2194 Ξ,
1023 2128 1218 2200 digest.
1261 2130 1323 2185 ’51
1364 2149 1377 2185 :
1416 2115 1726 2189 Desinimus
1754 2133 1931 2203 possi-

355 2220 484 2274 dere
512 2219 717 2285 locum,
743 2221 836 2274 ubi
867 2220 957 2275 ille
986 2235 1147 2275 sacer
1190 2220 1368 2277 factus
1401 2230 1486 2277 est
1519 2240 1533 2276 :
1566 2224 1781 2277 tametsi
1819 2239 1927 2278 non

354 2318 416 2363 ut
460 2311 642 2374 talem,
676 2311 769 2366 sed
798 2318 858 2364 ut
905 2312 1179 2382 privatum
1220 2328 1344 2367 eum
1394 2313 1680 2378 habemus,
1709 2312 1819 2369 Tit.
1869 2314 1925 2378 '5,

354 2400 549 2470 digest.
611 2403 688 2457 9:
720 2401 827 2456 Res
858 2417 1047 2458 sacras
1094 2417 1201 2457 non
1258 2403 1597 2472 acquirimus
1642 2419 1737 2473 per
1783 2404 1928 2475 longi

359 2493 619 2561 temporis
663 2493 1093 2562 possessionem.
1122 2492 1240 2547 Lib.
1274 2508 1429 2559 me,
1465 2494 1549 2548 tit.
1581 2493 1740 2549 iet?
1766 2513 1780 2552 :
1808 2494 1927 2551 Non

354 2585 518 2640 debet
539 2583 746 2652 aliquid
774 2584 889 2637 lieri
920 2583 972 2637 in
1003 2599 1161 2638 sacro
1189 2583 1330 2646 loco,
1358 2584 1571 2652 etquod
1596 2584 1797 2640 factum
1823 2596 1926 2651 est,

355 2678 677 2733 restituitur.
719 2674 828 2729 Tit.
862 2675 894 2729 6
931 2675 1177 2745 ejusdem
1217 2675 1312 2730 lib.
1348 2675 1553 2745 Digest.
1582 2693 1620 2732 l.
1650 2676 1768 2732 Non
1804 2677 1931 2732 licet

355 2769 560 2839 aliquid
587 2769 769 2824 facere
794 2769 846 2822 in
881 2768 999 2822 loco
1031 2782 1211 2833 sacro,
1243 2768 1299 2822 in
1340 2782 1465 2821 eum
1496 2768 1580 2822 vel
1617 2769 1926 2837 immittere,

355 2864 500 2936 quod
535 2860 939 2917 deformitatem
966 2862 1065 2927 illi,
1092 2871 1148 2916 et
1174 2876 1281 2915 non
1302 2869 1682 2915 ornamentum
1719 2860 1928 2917 aﬂ'erat.

356 2956 472 3011 lloc
493 2966 674 3010 autem
707 2955 771 3007 ad
798 2954 1005 3023 privata
1024 2966 1178 3007 sacra
1196 2968 1304 3006 non
1339 2952 1592 3022 pertinet.
1610 2953 1775 3008 Plane
1799 2970 1929 3009 cura

2037 489 2204 559 ἀγνοῇ
2239 490 2269 541 6
2300 492 2613 565 ἀγοραστής
2659 493 2803 562 ἱερὸν
2838 495 2967 548 αὐτὸ
2994 492 3156 562 εἶναι,
3206 498 3303 549 καὶ
3336 497 3455 567 ἔχει
3489 498 3630 550 κατά

2035 586 2131 637 τοῦ
2163 587 2394 656 πράτου,
2427 589 2511 650 εἰς
2542 588 2680 657 ὅπερ
2718 588 2868 658 αὐτῷ
2893 589 3109 661 διέφερε
3138 591 3213 662 μὴ
3245 590 3625 661 ἀπατηθῆναι·

2036 675 2086 726 εἰ
2117 674 2174 727 δὲ
2194 675 2457 745 γινώσκει
2483 678 2511 729 6
2536 678 2865 748 ἀγοραστής,
2896 681 2957 733 οὐ
2981 682 3298 735 συνίσταται
3329 684 3362 751 ή
3399 684 3623 752 πράσις.

2034 765 2187 821 Βιϐλ.
2240 767 2306 833 ζ’,
2342 774 2443 836 ογ’,
2497 768 2590 821 τοῦ
2621 769 2786 822 αὑτοῦ
2818 770 3039 825 τίτ.τοῦ
3096 770 3243 841 ἱεροῦ
3299 777 3557 835 πεσόντος
3597 776 3627 825 ό

2035 857 2197 921 τόπος
2224 858 2284 910 οὐ
2324 859 2538 927 γίνεται
2574 858 2818 929 βέϐηλος·
2849 861 2970 914 ὅθεν
2998 862 3119 914 οὐδὲ
3144 862 3437 915 πωλεῖται.
3471 862 3619 916 Βιϐλ.

2036 946 2135 1014 κδ’,
2172 948 2279 1003 τίτ.
2302 956 2350 1003 α’
2387 950 2635 1018 δίγεστον
2670 957 2767 1015 ις’,
2791 956 2854 1003 ε’·
2886 952 3067 1015 καλῶς
3099 950 3383 1023 δωροῦμαι
3420 955 3487 1021 τῇ
3519 970 3621 1019 γα-

2038 1044 2175 1111 μετῇ
2211 1058 2314 1112 μου
2345 1042 2511 1097 τόπον
2542 1043 2628 1111 ἐφ’
2650 1034 2695 1110 ᾧ
2724 1043 2949 1114 ποιῆσαι
2976 1044 3102 1098 ναὸν
3132 1045 3191 1097 ὲν
3212 1044 3383 1115 αὐτῷ,
3416 1046 3510 1098 καὶ
3539 1047 3623 1112 γί-

2032 1149 2183 1187 νεται
2217 1134 2246 1186 ό
2290 1134 2457 1197 τόπος
2500 1134 2667 1204 ἱερός.

2104 1220 2256 1275 Βιϐλ.
2300 1222 2417 1287 κζ’,
2462 1223 2566 1279 τίτ.
2633 1222 2705 1289 ι’,
2738 1223 2847 1293 δίγ.
2899 1224 3005 1295 ιβ’·
3048 1225 3078 1278 6
3136 1225 3232 1280 τοῦ
3290 1227 3617 1295 μαινομένου

2033 1314 2320 1387 κουράτωρ
2334 1316 2395 1367 οὐ
2425 1315 2651 1369 δύναται
2679 1318 2914 1388 πρᾶγμα
2942 1317 3103 1371 αὐτοῦ
3134 1317 3446 1388 καθιεροῦν·
3477 1319 3613 1387 βιϐλ.

2036 1404 2103 1468 λ’,
2133 1404 2242 1473 δίγ,
2300 1405 2401 1459 λθ’·
2432 1409 2462 1460 6
2519 1406 2664 1478 ἱερὸν
2720 1407 3053 1476 ληγατεύων,
3106 1410 3395 1479 μαίνεσθαι
3442 1410 3613 1475 δοκεῖ,

2031 1496 2129 1549 καὶ
2176 1495 2301 1550 οὔτε
2353 1498 2416 1551 τδ
2474 1497 2695 1568 τίμημα
2763 1499 2993 1566 δίδοται,
3040 1500 3229 1571 ἐπειδὴ
3288 1502 3412 1554 οὐδὲ
3482 1503 3613 1565 ὅκως

2030 1588 2315 1643 πωλεῖται.
2373 1588 2645 1655 Βιϐλ.λθ’,
2708 1589 2819 1643 τίτ.
2860 1597 2930 1657 α’,
2961 1590 3067 1659 δίγ.
3129 1597 3201 1645 α’·
3240 1593 3274 1662 ή
3333 1592 3468 1662 περὶ
3517 1594 3613 1663 τῆς

2029 1680 2377 1748 καινοτομίας
2410 1680 2791 1751 παραγγελία,
2833 1682 3016 1752 χώραν
3055 1683 3169 1753 ἔχει
3191 1724 3207 1749 ,
3244 1683 3334 1736 ῐνα
3400 1685 3477 1755 μὴ
3524 1684 3613 1753 γέο

2040 1790 2203 1843 νηται
2246 1772 2398 1844 παρὰ
2444 1774 2538 1825 τὸν
2592 1774 2757 1842 νόμον
2802 1773 2964 1844 ἔργον
3016 1776 3076 1827 ἐν
3117 1775 3246 1846 ἱερῷ
3295 1776 3469 1845 τόπῳ·
3507 1777 3608 1831 τίτ.

2029 1870 2101 1932 γ’,
2124 1863 2263 1933 βιϐλ.
2284 1863 2382 1927 ις’,
2413 1863 2498 1928 ιζ’·
2533 1863 2677 1934 ἱεροῦ
2704 1863 2871 1917 τόπου
2893 1865 3377 1936 παρεντιθεμένου,
3402 1867 3613 1920 δουλεία

2029 1956 2092 2008 οὐ
2154 1955 2495 2010 συνίσταται.
2552 1955 2705 2009 Βιϐλ.
2758 1962 2869 2026 μα’,
2919 1956 3025 2009 τίτ.
3073 1957 3141 2027 β’,
3197 1957 3342 2027 βιϐλ.
3369 1965 3470 2023 ις’,
3512 1958 3610 2011 λα’·

2032 2047 2320 2115 παυόμεθα
2356 2046 2619 2117 νέμεσθαι
2662 2048 2849 2112 τόπον,
2897 2048 3185 2118 γινομένου
3230 2049 3399 2103 αὐτοῦ
3445 2050 3611 2121 ἱεροῦ,

2030 2138 2135 2192 κᾶν
2166 2136 2239 2209 μὴ
2268 2137 2345 2202 ὡς
2369 2138 2610 2191 τοιοῦτον
2636 2138 2752 2191 ἀλλ’
2778 2139 2853 2202 ὼς
2886 2140 3153 2194 ἰδιωτικὸν
3185 2142 3347 2195 αὐτὸν
3378 2141 3610 2213 ἔχωμεν·

2029 2232 2134 2285 τίτ.
2172 2237 2243 2298 γ’,
2277 2230 2419 2299 βιϐλ.
2462 2228 2558 2295 ις’,
2594 2228 2661 2282 θ’·
2710 2232 2781 2284 τὰ
2807 2231 2932 2303 ἱερὰ
2982 2232 3044 2282 οὐ
3086 2231 3349 2300 κτώμεθα
3399 2234 3491 2286 διὰ
3517 2234 3612 2301 τῆς

2028 2323 2247 2394 χρονίας
2264 2323 2456 2392 νομῆς.
2477 2322 2625 2376 Βιϐλ.
2649 2320 2877 2392 μγ’,τίτ.
2902 2329 2972 2388 α’,
2999 2322 3246 2393 βιϐλ.ις¹,
3266 2332 3337 2389 α’,
3363 2325 3430 2395 β’·
3457 2327 3520 2379 οὐ
3540 2327 3615 2379 δεῖ

2028 2412 2273 2483 γίνεσθαί
2298 2430 2351 2465 τι
2377 2413 2520 2467 κατὰ
2547 2411 2696 2483 ίεροῦ
2725 2413 2912 2475 τόπου,
2937 2414 3031 2466 καὶ
3055 2413 3348 2483 γενόμενον
3372 2416 3610 2470 ἀποκαθ-

2032 2507 2264 2559 ίσταται·
2302 2503 2405 2559 τίτ.
2440 2502 2496 2565 ς’
2523 2503 2617 2557 τοῦ
2649 2502 2813 2557 αὐτοῦ
2842 2502 3045 2572 βιϐλίου
3067 2542 3081 2566 ,
3111 2503 3251 2572 βιϐλ.
3286 2502 3385 2567 ις’,
3418 2511 3490 2556 α’·
3519 2506 3612 2559 οὐκ

2029 2600 2206 2667 ἔξεστί
2239 2615 2291 2652 τι
2314 2597 2541 2667 ποιεῖνῆ
2578 2597 2872 2667 ἐμϐάλλειν
2907 2595 3037 2666 ἱερῷ
3067 2597 3238 2665 τόπῳ,
3266 2597 3406 2666 ὅπερ
3444 2599 3611 2668 63mp-

2030 2687 2158 2753 (ρίαν
2197 2689 2293 2740 καὶ
2339 2687 2399 2739 οὐ
2433 2687 2636 2757 κόσμον
2669 2687 2818 2756 αὐτῷ
2848 2687 3026 2755 φέρει·
3070 2684 3230 2739 τοῦτο
3274 2687 3333 2739 δὲ
3376 2690 3517 2757 7:96;
3549 2690 3616 2741 τὰ

2031 2779 2153 2849 ἱερὰ
2178 2779 2279 2831 οὐκ
2308 2780 2500 2849 ἀνήκει
2528 2778 2598 2830 τὰ
2630 2778 2895 2832 ἰδιωτικὰ·
2923 2781 2957 2847 ἠ
2981 2780 3037 2831 δέ
3064 2778 3283 2848 φυλακὴ
3314 2779 3426 2832 τῶν
3461 2781 3617 2849 ἱερῶν

2027 2872 2140 2934 τοῖς
2176 2870 2513 2940 προεστῶσιν
2560 2869 2739 2922 αὐτῶν
2773 2871 3190 2942 ἐπιτέτραπται·
3216 2870 3325 2924 τίτ.
3359 2878 3436 2941 η’,
3474 2872 3610 2941 βιϐλ,

2034 2969 2129 3029 ις’,
2163 2962 2229 3032 β’·
2270 2963 2371 3015 οὐκ
2416 2962 2593 3028 ἔξεστι
2643 2962 2785 3015 κατὰ
2824 2962 2987 3015 τόπου
3034 2962 3182 3033 ἱεροῦ
3203 2964 3439 3029 κτίζειν,
3487 2966 3613 3019 ἁλλὲ

356 3062 636 3102 sacrorum
662 3047 904 3100 locorum
934 3045 1188 3098 mandata
1210 3052 1294 3098 est
1316 3044 1399 3099 his
1428 3045 1522 3113 qui
1545 3044 1650 3099 illis
1667 3054 1928 3114 praesunt.

2037 3055 2130 3104 καὶ
2177 3050 2238 3104 τὸ
2267 3051 2484 3103 κτισθὲν
2509 3050 2857 3105 καταλύεται.
2891 3050 3041 3105 Βιϐλ.
3086 3051 3189 3120 μδ’,
3209 3052 3318 3105 τίτ.
3364 3058 3419 3116 ς’
3440 3093 3456 3116 ,
3476 3054 3610 3123 eaex.

354 3141 463 3196 Tit.
496 3140 551 3205 8,
585 3138 776 3208 digest.
810 3137 878 3191 ει
903 3135 1021 3191 Non
1047 3136 1171 3191 licet
1201 3136 1255 3189 in
1284 3136 1405 3190 loco
1434 3150 1590 3189 sacro
1609 3135 1878 3190 aediﬁcare
1910 3156 1925 3192 :

355 3234 449 3290 sed
496 3242 547 3288 et
603 3230 750 3302 quod
791 3229 1113 3284 aediﬁcatum
1164 3236 1267 3294 est,
1318 3229 1573 3282 diruitur.
1605 3227 1723 3284 Lib.
1764 3244 1927 3295 κων,

356 3327 443 3379 tit.
477 3324 531 3392 6,
579 3323 773 3393 digest.
807 3323 839 3376 5
870 3339 883 3375 :
920 3319 1038 3373 Non
1073 3320 1199 3373 licet
1230 3335 1342 3374 rem
1375 3319 1664 3389 litigiosam
1700 3319 1807 3375 Deo
1836 3322 1931 3376 de-

355 3417 538 3471 dicare
569 3433 583 3470 :
614 3424 667 3470 et
696 3415 790 3485 qui
834 3413 938 3468 hoc
967 3412 1155 3467 fecerit
1178 3452 1194 3477 ,
1225 3420 1445 3481 praestat
1476 3412 1700 3480 duplum
1736 3413 1929 3467 adver-

354 3509 531 3575 sario,
554 3523 619 3563 eo
637 3507 782 3577 quod
807 3504 1123 3559 adversario
1146 3504 1375 3558 traditus
1397 3504 1468 3558 sit
1497 3504 1588 3559 illo
1616 3504 1928 3574 potentiori.

430 3602 645 3657 Textus.
674 3599 794 3653 Lib.
827 3614 949 3664 ην,
969 3596 1053 3651 tit.
1088 3612 1103 3650 1
1130 3595 1323 3666 digest.
1348 3596 1418 3649 '58
1438 3614 1450 3649 :
1474 3596 1636 3651 Recte
1657 3598 1809 3665 ιιι
1834 3596 1931 3649 abs

356 3707 409 3750 te
449 3693 703 3763 stipulor,
736 3699 793 3745 ut
825 3688 994 3742 aedem
1043 3701 1256 3741 sacram
1283 3688 1538 3741 aedifices.
1591 3688 1658 3741 Et
1688 3688 1739 3740 in
1772 3687 1931 3742 istius

355 3787 498 3842 modi
541 3782 648 3857 [re]
679 3782 877 3837 locatio
908 3780 1068 3835 valet.
1106 3778 1383 3849 Digestum
1414 3779 1513 3832 83:
1550 3778 1682 3832 Rem
1720 3794 1930 3834 sacram

354 3878 601 3948 stipulari
630 3892 735 3931 non
764 3888 1074 3945 possumus,
1108 3872 1357 3941 quamvis
1419 3870 1647 3940 profana
1672 3872 1785 3926 ﬁeri
1810 3886 1935 3941 pos-

353 3973 449 4027 sit.
479 3971 615 4025 Nam
636 3966 849 4024 tametsi
872 3966 1052 4021 locum
1080 3963 1369 4034 profanum
1398 3963 1721 4034 promisero,
1752 3964 1933 4018 illum-

353 4080 460 4137 que
481 4065 617 4121 citra
631 4063 811 4118 dolum
845 4075 1024 4116 meum
1051 4057 1359 4115 consecrari
1379 4058 1930 4127 contingat,liberor:

352 4174 453 4214 nec
484 4158 529 4212 si
561 4157 717 4211 locus
749 4169 943 4210 rursus
980 4152 1098 4222 lege
1125 4150 1307 4220 aliqua
1360 4164 1514 4205 sacer
1539 4164 1657 4204 esse
1685 4150 1931 4218 coeperit,

351 4249 407 4304 in
442 4249 821 4318 obligationem
849 4259 1095 4300 revocor.
1138 4242 1327 4312 Neque
1364 4257 1478 4296 rem
1520 4257 1732 4297 sacram
1759 4242 1933 4312 stipu-

350 4342 453 4397 lari
486 4355 709 4411 possum
736 4338 840 4393 sub
864 4336 1194 4402 conditione,
1249 4333 1472 4403 quando
1536 4332 1761 4403 profana
1810 4348 1933 4388 esse

2035 3151 2132 3212 ις’,
2164 3151 2234 3213 γ’·
2266 3143 2369 3197 οὐκ
2400 3143 2578 3209 ἔξεστι
2597 3143 2656 3197 τὸ
2681 3144 2921 3197 ἐπίδικον
2948 3143 3026 3213 τῷ
3044 3142 3163 3213 Θεῷ
3176 3143 3498 3215 καθιεροῦν·
3526 3146 3614 3199 καὶ

2029 3238 2060 3289 6
2091 3237 2249 3291 τοῦτο
2280 3237 2541 3307 ποιήσας,
2567 3236 2748 3289 δίδωσι
2775 3235 2837 3290 τὺ
2862 3234 3086 3288 διπλοῦν
3117 3235 3198 3305 τῷ
3228 3235 3491 3306 ἀντιδίκῳ
3520 3237 3614 3289 αὐ-

2029 3330 2146 3398 τοῦ,
2185 3331 2324 3403 ὑπὲρ
2353 3327 2429 3385 ὧν
2461 3329 2818 3401 δυνατωτέρῳ
2842 3328 3009 3384 αὑτοῦ
3029 3329 3288 3401 ἀντιδίκῳ
3322 3329 3610 3400 παρεδόθη.

2102 3600 2254 3657 Βιϐλ.
2291 3600 2520 3671 με’,τίτ.
2562 3597 2633 3665 α’,
2673 3599 2813 3669 βιϐλ.
2869 3606 2966 3665 ις’,
3010 3598 3114 3671 λη’·
3176 3599 3360 3662 καλῶς
3407 3600 3615 3671 ἐπερω-

2031 3692 2108 3746 τῶ
2139 3710 2198 3746 σε
2254 3693 2437 3746 κτίσαι
2481 3692 2657 3760 ἱερόν·
2715 3693 2811 3744 καὶ
2853 3694 2887 3762 ἡ
2951 3691 3047 3744 ἐπὶ
3090 3690 3169 3761 τῷ
3216 3691 3449 3761 τοιούτῳ
3512 3693 3616 3759 γὰρ

2035 3785 2297 3854 μίσθωσις
2321 3785 2584 3856 ἔρρωται.
2625 3783 2776 3837 Βιϐλ.
2826 3789 2922 3847 ις’,
2954 3790 3065 3851 πγθ·
3113 3784 3175 3835 οὐ
3221 3782 3448 3835 δυνατὸν
3477 3783 3614 3853 ἱερὸν

2032 3874 2336 3944 ἐπερωτᾷν,
2377 3873 2480 3927 κᾶν
2507 3875 2555 3926 εί
2577 3873 2802 3927 δύναται
2823 3874 3076 3942 γενέσθαι
3109 3873 3399 3926 ἰδιωτικόν·
3430 3876 3479 3925 εί
3512 3874 3614 3943 γὰρ

2033 3967 2128 4017 καὶ
2162 3965 2427 4018 ἰδιωτικὸν
2474 3966 2810 4036 ἐπερωτηθῶ
2845 3966 3030 4031 τόπον,
3084 3966 3177 4019 καὶ
3224 3966 3412 4035 συμϐῇ
3459 3966 3616 4018 αὐτὸν

2033 4058 2203 4127 χωρὶς
2226 4056 2377 4109 δόλου
2416 4072 2519 4126 μου
2559 4056 2959 4127 καθιερωθῆναι
2992 4055 3405 4126 ἐλευθεροῦμαι·
3444 4059 3538 4109 καὶ
3569 4058 3614 4108 εί

2035 4148 2218 4219 συμϐῇ
2248 4148 2312 4200 ἐκ
2343 4165 2489 4211 τινος
2520 4148 2687 4216 νόμου
2719 4147 2970 4215 γενέσθαι
3003 4147 3272 4200 ἰδιωτικὸν
3311 4147 3405 4198 τὸν
3434 4147 3609 4203 τόπον,

2033 4241 2133 4293 οὐκ
2176 4240 2454 4310 ὲνέχομαι.
2501 4242 2575 4293 Οὐ
2618 4239 2851 4309 δύναμαι
2890 4240 2947 4292 δὲ
2993 4239 3137 4308 ἱερὸν
3188 4241 3476 4309 ἐπερωτᾷν
3519 4239 3617 4291 ὑπὸ

2035 4333 2247 4402 αἵρεσιν
2269 4333 2369 4402 τὴν
2396 4332 2526 4385 ὅταν
2567 4331 2834 4384 ἱδιωτικὸν
2859 4331 3105 4400 γένηται·
3143 4331 3332 4384 ἐκεῖνα
3364 4330 3474 4399 γὰρ
3520 4331 3614 4381 ἐπ-

352 4406 601 4500 οωρδτὶι.
636 4430 732 4482 llla
760 4428 905 4483 enim
948 4424 1260 4498 [duntaxat]
1309 4424 1557 4495 stipulari
1614 4439 1929 4493 possumus,

2038 4426 2247 4495 ερωτᾷν
2273 4424 2567 4494 δυνάμεθα,
2596 4425 2695 4476 ὅσα
2723 4424 2864 4476 κατὰ
2888 4424 2980 4477 τὸν
3004 4423 3195 4494 καιρὸν
3222 4424 3321 4492 τῆς
3340 4424 3616 4494 ἐπερωτή-

352 4533 476 4587 quae
512 4527 755 4585 tempore
786 4514 1155 4584 stipulationis
1189 4514 1383 4582 subjici
1412 4516 1603 4569 usibus
1655 4515 1931 4570 dominio-

354 4625 460 4680 que
490 4617 680 4662 nostro
701 4612 954 4676 possunt.
984 4604 1187 4674 Digest.
1209 4604 1272 4659 91
1308 4622 1322 4658 :
1351 4604 1407 4660 Si
1427 4620 1512 4660 res
1546 4605 1599 4659 in
1625 4606 1933 4675 stipulatio-

353 4719 479 4758 nem
505 4702 733 4758 deducta
752 4701 805 4754 in
824 4700 987 4754 rebus
1009 4699 1264 4753 humanis
1290 4699 1380 4764 sit,
1412 4699 1507 4754 sed
1529 4699 1645 4754 dari
1667 4715 1772 4754 non
1809 4715 1937 4769 pos-

354 4796 447 4859 sit,
479 4794 625 4863 quod
646 4791 785 4846 forte
801 4806 954 4846 sacra
989 4790 1125 4845 facta
1158 4791 1228 4845 sit
1257 4807 1270 4843 :
1299 4799 1353 4844 et
1385 4805 1514 4844 vero
1561 4799 1805 4860 tempore
1834 4792 1937 4845 sti-

354 4882 650 4955 pulationis
677 4882 756 4935 vel
780 4891 966 4951 postea
986 4880 1354 4950 promissoriis
1376 4878 1515 4952 [illa]
1541 4878 1727 4945 fuerit,
1766 4890 1821 4935 et
1846 4882 1938 4935 ale-

352 4976 482 5031 inde
504 4988 658 5029 sacra
694 4972 834 5026 facta
864 4971 955 5035 sit,
988 4980 1203 5026 tenetur
1230 4969 1578 5042 [promissor]
1613 4988 1628 5026 :
1674 4972 1938 5040 quemad-

360 5066 588 5122 modum
602 5063 1015 5135 etiam,quando
1031 5062 1140 5135 [res
1160 5062 1229 5117 ab
1243 5060 1384 5132 ipso]
1403 5061 1637 5116 alienata
1658 5077 1755 5131 per
1767 5062 1934 5117 alium

357 5172 517 5215 sacra
564 5156 705 5213 facta
748 5163 853 5211 est.
910 5153 966 5209 Si
999 5169 1126 5208 vero
1178 5168 1266 5208 res
1309 5153 1485 5207 aliena
1532 5152 1718 5216 fuerit,
1775 5165 1828 5208 et
1869 5154 1939 5208 ab

358 5252 467 5305 alio
493 5266 613 5305 eam
644 5264 854 5305 sacram
887 5247 1000 5302 ﬁeri
1033 5246 1344 5315 contigerit,
1376 5260 1485 5298 non
1539 5253 1755 5298 tenetur
1808 5260 1938 5313 pro-

357 5345 561 5398 missor
599 5343 745 5397 :nisi
768 5352 1122 5412 posteaquam
1169 5352 1378 5391 moram
1433 5334 1584 5400 fecit,
1645 5351 1738 5390 res
1779 5352 1934 5391 sacra

356 5436 524 5491 tracta
556 5436 736 5490 fuerit.
766 5435 885 5506 Dig,
913 5435 1013 5488 157
1042 5453 1055 5487 :
1088 5430 1353 5486 lnutiliter
1382 5429 1609 5499 stipulor
1631 5429 1733 5483 sub
1754 5430 1943 5484 condi-

358 5529 506 5594 ionc,
532 5544 651 5597 qum
671 5543 701 5581 a
728 5527 842 5598 lege
870 5526 1143 5596 prohibita
1172 5532 1254 5578 cst
1278 5542 1291 5578 :
1319 5532 1375 5575 ιιι
1403 5539 1417 5577 ι
1480 5521 1672 5585 Dabis,
1723 5523 1769 5574 si
1820 5524 1937 5592 quis

360 5638 470 5673 rem
518 5637 729 5673 sacram
778 5620 1089 5673 vendiderit.
1151 5615 1391 5671 Tametsi
1452 5614 1567 5669 ﬁeri
1598 5615 1808 5696 possit,
1880 5624 1935 5669 ut

360 5714 705 5784 postmodum
729 5713 847 5785 ejus
866 5712 956 5784 jus
982 5720 1244 5767 ututctttr.

2041 4536 2206 4584 σεως,
2239 4518 2340 4587 τῆς
2370 4519 2619 4588 χρήσεως
2648 4518 2744 4570 καὶ⁵
2788 4517 2888 4586 τῆς
2920 4517 3238 4579 δεσποτείας
3285 4515 3444 4586 ήμῶν
3486 4512 3615 4569 εἶναι

2038 4609 2281 4663 δύναται.
2320 4608 2472 4662 Βιϐλ.
2505 4608 2602 4671 ις’,
2628 4612 2734 4673 ιιαο·
2778 4608 2874 4660 ἐὰν
2914 4608 2974 4660 τὸ
3004 4606 3355 4675 ἐπερωηθέν
3394 4609 3617 4676 πρᾶγμα

2040 4700 2156 4753 ἐστι
2190 4699 2288 4769 μὲν
2313 4698 2371 4753 ἐν
2395 4698 2576 4767 φύσει,
2607 4700 2667 4751 οὐ
2691 4697 2917 4751 δύναται
2942 4698 2999 4750 δέ
3021 4697 3241 4767 δοθῆναι
3269 4697 3357 4750 διὰ
3383 4697 3444 4749 τὸ
3465 4697 3619 4765 τυχὸν

2043 4793 2174 4846 αὐτὸ
2208 4793 2462 4860 γενέσθαι
2511 4792 2674 4861 ἱερὸν,
2729 4793 2779 4844 εί
2811 4796 2910 4861 μὲν
2945 4793 3005 4843 ἐν
3038 4790 3216 4861 καιρῷ
3262 4788 3368 4858 τῆς
3415 4790 3621 4858 ἐπερω·

2042 4884 2337 4955 τήσεως,ἢ
2383 4886 2522 4954 μετὰ
2548 4882 2745 4944 ταῦτα,
2790 4883 2886 4935 τοῦ
2926 4881 3367 4954 ἐπερωτηθέντος
3409 4875 3500 4949 ἦν,
3536 4878 3621 4931 καὶ

2044 4974 2215 5038 οὕτως
2238 4974 2460 5043 γέγονεν
2506 4974 2671 5043 ἱερὸν,
2714 4974 2981 5043 ἐνέχεται·
3027 4971 3218 5041 ὥσπερ
3268 4970 3366 5023 καλ⁵
3415 4970 3505 5022 ὅτε
3558 4965 3619 5020 δι’

2046 5065 2234 5136 ἐτέρου
2271 5066 2646 5135 πωλήσαντος,
2690 5065 2825 5118 αὐτὸ
2853 5063 3079 5133 γέγονεν
3128 5062 3298 5130 ἱερόν.
3327 5059 3392 5112 El
3437 5059 3497 5111 δὲ
3532 5056 3619 5110 τοῦ

2046 5159 2373 5229 πράγματος
2402 5156 2555 5219 ὄντος
2601 5155 2906 5225 ἀλλοτρίου,
2941 5153 3118 5223 συμϐῇ
3162 5153 3231 5205 δι’
3262 5153 3455 5221 ἑτέρου
3497 5147 3620 5201 αὐτὸ

2048 5251 2192 5320 ἱερὸν
2222 5248 2511 5318 γενέσθαι,
2545 5248 2646 5301 οὐκ
2688 5248 2933 5317 ἐνέχεται
2964 5246 2991 5298 6
3035 5242 3442 5315 ἐπερωτηθεὶς,
3477 5243 3523 5294 εξ
3550 5240 3616 5309 μὴ

1996 5336 1999 5343 ’
2048 5342 2187 5412 μετὰ
2210 5341 2270 5393 τὸ
2292 5342 2516 5409 ποιῆσαι
2543 5340 2705 5394 αὑτὸν
2734 5338 3047 5409 ὑπέρθεσιν,
3076 5336 3269 5405 γέγονε
3296 5335 3357 5387 τὸ
3392 5336 3618 5403 πρᾶγμα

2049 5434 2213 5504 ἱερόν.
2253 5431 2404 5486 Βιϐλ.
2453 5436 2549 5495 ις’,
2589 5429 2717 5501 ρλξ·
2764 5428 3072 5500 ἀνισχύρως
3111 5425 3373 5497 ἐπερωτῶ
3398 5424 3502 5476 ὑπὸ
3537 5422 3617 5474 αἴ-

2051 5540 2197 5595 ρεσιν
2225 5522 2328 5573 ὑπὸ
2367 5520 2462 5574 τοῦ
2500 5519 2669 5589 νόμου
2711 5519 3125 5589 κεκωλυμένην·
3172 5513 3284 5568 οἷον
3329 5515 3487 5575 δίδως
3531 5512 3617 5565 ἐάν

2044 5635 2127 5677 τις
2159 5615 2384 5685 πωλήσῃ
2419 5613 2475 5667 τὸ
2501 5612 2666 5683 ἱερὸν,
2691 5614 2739 5665 εί
2764 5613 2857 5664 κα)⁵
2885 5611 2959 5683 μὴ
2982 5609 3205 5665 δυνατόν
3224 5611 3371 5662 ἐστιν
3398 5604 3617 5674 ὕστερον

2048 5705 2404 5774 ἐναλλαγῆναι
2429 5705 2489 5757 τὸ
2511 5704 2715 5758 δίκαιον
2737 5701 2923 5757 αὑτοῦ.
