3904 6248
257 251 341 314 εδει

1069 248 1467 310 SYNTAGMA
1499 244 1893 309 CANONUM.
1923 270 1990 282 -
2020 243 2170 303 TIT.
2206 244 2288 304 II.
2324 242 2481 303 CAP.
2522 242 2572 301 Ι.

3365 226 3468 290 570

314 363 447 417 Βιϐλ.
476 360 583 431 μζ,
606 358 711 413 τίτ.
737 358 843 429 κβ¹,
862 357 1001 429 βιϐλ.
1028 364 1123 422 ις’,
1166 358 1233 428 β’·
1264 358 1314 412 οί
1346 359 1442 412 σὺν
1468 358 1651 421 ὅπλοις
1679 374 1808 409 κατ·
1838 363 1865 418 Α

1980 356 2193 410 Tcxtus.
2235 354 2356 408 Lib.
2387 366 2555 417 XLVII,
2596 354 2679 405 tit.
2716 346 2807 410 '52,
2836 351 2892 398 et
2927 341 3022 396 lib.
3063 353 3254 403 XLVIII,
3294 338 3380 390 tit.
3412 339 3466 398 4,

256 457 445 525 ἔχοντες
471 451 636 503 τόπον
668 450 847 519 ἱερὸν,
877 447 1190 501 ὑπόκεινται
1226 449 1405 516 ποινῇ·
1442 446 1670 499 κινεῖται
1696 445 1805 514 γὰρ

1957 451 2105 520 igest.
2136 449 2158 501 1
2193 466 2206 503 :
2239 446 2344 511 Qui
2373 460 2498 500 cum
2526 443 2695 498 armis
2724 441 2904 494 locum
2935 446 3152 489 sacrum
3179 443 3469 497 occupant,

256 546 364 598 κατ’
390 541 561 594 αὐτῶν
599 543 628 592 6
653 540 780 609 περὶ
813 537 1191 601 καθοσιώσεως
1212 576 1228 601 ,
1252 537 1330 600 ὡς
1361 536 1505 607 βιϐλ.
1538 542 1652 606 μη’,
1697 538 1804 590 τίτ.

1909 540 2133 596 obnoxii
2164 552 2338 608 poenae
2374 543 2527 591 sunt.
2559 534 2804 586 Movetur
2828 528 2976 583 enim
3026 524 3293 578 adversus
3324 519 3474 587 ipsos

260 638 330 702 ιδπ,
354 634 484 705 βιϐλ.
517 632 614 697 ις’,
633 637 700 694 α’,
725 607 1049 700 βιϐλθᾌτίτ.
1075 634 1169 694 ις’,
1187 627 1328 698 βιϐλ.
1357 625 1456 692 ις’,
1484 624 1569 689 ιζ’·
1595 624 1665 677 τὰ
1688 622 1811 695 ἱερὰ

1957 650 1997 687 γι
2035 630 2227 704 [Julia]
2258 626 2583 698 majestatis.
2617 623 2737 677 Lib.
2777 636 2830 683 1.,
2875 618 2960 673 tit.
3006 614 3096 678 16,
3141 611 3335 680 digest.
3368 607 3472 659 17:

258 731 344 783 οὐκ
367 728 467 779 εἰσὶ
485 725 738 797 δημόσια.

322 819 463 873 Βιϐλ.
483 818 586 884 λγ’,
614 817 721 872 τίτ.
764 813 833 881 α’,
853 815 962 883 δίγ.
996 812 1088 867 καὶ
1115 810 1300 872 κ’,ἐάν
1341 808 1662 879 ληγατεὺσω
1700 806 1813 868 τοῖς

264 909 556 983 ίεροφύλαξι
574 909 706 963 δέκα
723 908 1031 977 νομίσματα
1042 903 1280 957 δίδοσθαι
1295 901 1372 971 τῷ
1389 899 1567 969 καιρῷ
1577 898 1677 967 τῆς
1690 898 1814 967 ἐορ-

1913 726 2078 781 Sacra
2110 739 2215 776 non
2242 730 2370 777 sunt
2398 718 2636 789 publica.

1985 814 2203 868 Teuma.
2230 810 2349 864 Lib.
2372 823 2570 870 xxxiii,
2599 806 2679 858 tit.
2706 805 2758 867 1,
2788 802 2987 870 digest.
3009 796 3077 851 20
3111 814 3124 849 :
3155 793 3210 848 Si
3229 792 3478 860 legavero

1916 918 2205 961 sacrarum
2260 915 2443 956 rerum
2475 895 2795 952 custodibus
2843 889 3066 945 denaria
3099 885 3309 944 decem,
3355 876 3479 950 [ita]

260 970 366 1073 της,
382 970 532 1071 αὐτῷ
537 1001 615 1070 τῷ
634 1002 678 1053 ίε
687 1000 762 1070 ρῷ
784 970 926 1052 δοκῷ
945 997 1207 1067 διηνεκῶς
1229 995 1296 1047 τὰ
1313 992 1671 1046 ι’καταλιπεῖν
1688 991 1817 1060 ἐτή-

1958 1002 1978 1046 ι
2010 992 2207 1046 dentur
2238 989 2327 1043 die
2372 986 2551 1042 festo:
2592 982 2781 1037 videor
2814 981 3000 1033 decem
3046 970 3266 1027 denaria
3303 981 3481 1022 annua

264 1052 361 1149 ctu.
381 1052 523 1147 Βιϐλῖ
543 1052 617 1146 λδ¹
630 1052 800 1147 eiusa!
816 1091 924 1159 δίγ.
946 1052 1033 1152 ιζ’Ξ
1052 1088 1177 1141 Ἐάν
1188 1052 1461 1156 ἀφορίσας
1475 1083 1692 1146 δούλους
1715 1052 1816 1151 μου

1957 1080 2251 1146 elinquere.
2286 1073 2405 1128 Lib.
2439 1085 2624 1132 xxxnv,
2648 1067 2730 1122 tit.
2768 1067 2821 1132 1,
2852 1059 3137 1131 digest.17
3169 1075 3182 1109 :
3210 1055 3270 1109 Si
3311 1052 3484 1108 servis

264 1189 335 1250 είς
365 1184 759 1257 παραφυλακὴν
790 1181 884 1234 τοῦ
918 1181 1047 1251 παρ’
1095 1177 1228 1248 ἐμοῦ
1262 1175 1583 1245 κτιζομένου
1637 1173 1817 1242 ἱεροῦ,

265 1276 572 1349 ληγατεύσω
604 1275 787 1336 αὐτοῖς
820 1272 1014 1342 ἐτήσια
1059 1270 1195 1339 πρὸς
1230 1266 1568 1338 άποτροφὴν,
1599 1266 1694 1318 xui.
1730 1262 1818 1333 βε·

1920 1170 2060 1226 meis
2081 1144 2165 1222 iad
2193 1164 2499 1221 custodiam
2534 1160 2719 1228 templi
2766 1173 2796 1211 a
2835 1170 2921 1211 me
2964 1148 3267 1208 aediﬁcandi
3316 1144 3486 1200 desti-

1922 1258 2087 1322 natis,
2128 1255 2380 1324 legavero
2430 1262 2613 1303 annua
2661 1243 2869 1301 cibaria
2898 1251 2953 1296 et
2997 1238 3156 1308 112
3182 1231 3485 1289 vestiaria:

266 1329 493 1438 στίάριον
521 1329 913 1434 λαμϐάνουσιν.
932 1361 1040 1414 ἀπὸ
1069 1329 1327 1428 τελευτῆς
1374 1329 1474 1429 μου
1502 1329 1740 1426 ’μέχρις
1761 1347 1823 1408 οῦ

1957 1350 2147 1420 apiunt
2181 1346 2282 1417 (illi
2316 1344 2445 1415 ista]
2475 1357 2506 1396 a
2535 1348 2711 1396 morte
2733 1352 2879 1401 mea,
2910 1333 3178 1401 tantisper
3197 1329 3327 1383 dum
3350 1337 3490 1387 tem-

266 1457 513 1530 πληρωθῇ
545 1458 574 1510 6
594 1457 744 1520 ναὸς,
778 1454 955 1507 δοῦλοι
986 1453 1045 1505 δέ
1080 1452 1302 1523 μένουσι
1334 1448 1429 1502 τοῦ
1459 1446 1821 1518 κληρονόμου,

264 1551 347 1614 οὓς
381 1552 409 1604 6
438 1550 759 1618 διαθέμενος
805 1548 887 1611 είς
918 1546 1299 1617 περιφυλακὴν
1354 1543 1449 1598 τοῦ
1499 1542 1665 1597 αὐτοῦ
1709 1556 1826 1592 κτι-

268 1643 471 1705 σθέντος
504 1640 654 1711 ἱεροῦ
697 1638 998 1710 ἀφώρισεν,
1024 1639 1073 1689 εί
1105 1638 1179 1708 μὴ
1203 1636 1400 1698 αὐτοὺς
1428 1633 1823 1703 ἠλευθέρωσεν,

1925 1442 2075 1513 ρΙυιιι
2102 1445 2540 1495 consummatum
2573 1433 2665 1487 sit.
2697 1428 2852 1484 Servi
2880 1435 3083 1489 tamen,
3104 1435 3245 1491 quos
3264 1425 3491 1472 testator

1926 1505 1993 1587 ad
2022 1530 2207 1599 templi
2234 1544 2263 1582 a
2286 1542 2345 1582 se
2373 1522 2677 1581 aediﬁcandi
2708 1517 3011 1576 custodiam
3040 1509 3355 1569 destinavit.
3387 1505 3492 1559 nisi

1933 1621 2085 1690 ipsos
2113 1596 2454 1680 manumisit,
2485 1611 2717 1666 heredis
2742 1614 2965 1662 manent
2995 1621 3010 1660 :
3044 1611 3104 1657 ut
3142 1600 3237 1654 lib.
3280 1613 3369 1661 XL,
3408 1596 3493 1649 tit.

266 1737 333 1798 ὼς
349 1734 488 1804 βιϐλ.
512 1689 588 1804 μζ
612 1733 718 1787 τίτ.
745 1689 1254 1802 ξβκῗδίγλλεςιβιϐλ.
1286 1689 1397 1791 κδ’,
1414 1689 1521 1781 τίτ.
1546 1689 1741 1794 α’,.δίγ.
1761 1689 1824 1776 ε’·
1855 1697 1865 1751 Ῑ

1957 1689 2023 1779 72,
2055 1713 2165 1781 dig.
2197 1709 2289 1764 55.
2310 1707 2439 1761 Lib.
2472 1720 2622 1767 xxrv,
2672 1702 2757 1756 tit.
2793 1715 2837 1765 ι,
2879 1700 2989 1765 dig.
3023 1696 3096 1750 5-.
3140 1692 3308 1746 Recte
3351 1689 3497 1742 dono

2069 1799 2082 1804 ’
2728 1788 2826 1804 ην-
2895 1781 3076 1804 Δἔτη-ι·
3143 1778 3162 1804 1
3189 1779 3240 1804 ιιι
3307 1790 3475 1804 unum"

267 1828 431 1891 καλῶς
456 1828 737 1899 δωροῦμαι
768 1832 836 1897 τῇ
874 1827 1086 1895 γαμετῇ
1138 1840 1238 1894 μου
1270 1821 1525 1891 πρᾶγμα,
1560 1818 1645 1886 ἐφ’
1678 1809 1722 1883 ᾧ
1749 1814 1830 1885 τῷ

264 1920 372 1991 Θεῷ
402 1922 774 1991 προσαγαγεῖν
820 1919 975 1972 αὑτό.
1027 1914 1179 1969 Βιϐλ.
1208 1914 1303 1977 λδν,
1350 1912 1457 1964 τίτ.
1498 1911 1564 1979 β’,
1586 1909 1693 1976 δίγ.
1726 1908 1827 1972 λζ’·

276 2012 392 2067 Ἐὰν
415 2013 558 2066 εἴπω
588 2010 839 2080 γενέσθαι
870 2006 1134 2077 σταυροὺς
1152 2005 1258 2058 ἀπὸ
1284 2000 1476 2056 ἐκατὸν
1503 1999 1719 2071 λιτρῶν,
1737 1998 1832 2051 καὶ

266 2103 581 2174 ἀνατεθῆναι
627 2102 686 2153 έν
732 2099 870 2169 τῷδε
915 2096 994 2167 τῷ
1043 2094 1207 2164 ίερῷ,
1240 2094 1440 2153 πάντες
1472 2090 1527 2142 δὲ
1574 2090 1624 2141 οἱ
1665 2089 1723 2140 ἐν
1754 2086 1833 2156 τῷ

266 2194 403 2264 αὐτῷ
429 2192 564 2262 ίερῷ
590 2192 761 2251 ὄντες,
792 2189 1024 2258 ἀργυροῖ
1044 2184 1140 2238 xui.
1164 2184 1355 2253 χαλκοῖ
1377 2182 1537 2244 εἰσιν,
1560 2174 1835 2249 ἀργυροῦς

265 2290 290 2341 6
316 2287 650 2355 κληρονόμος
682 2280 1054 2349 ἀναγκάζεται
1081 2278 1273 2328 ποιεῖν.

329 2374 685 2438 Βιϐλ.λε’,τίτ.
696 2373 761 2443 β’,
780 2372 961 2439 δίγ.α’,
976 2370 1068 2422 καὶ
1079 2368 1170 2420 ἐπὶ
1183 2368 1294 2429 τοῖς
1311 2363 1389 2435 τῷ
1403 2361 1522 2432 Θεῷ
1540 2362 1838 2429 ληγατευο-

270 2470 441 2539 μένοις
457 2468 615 2537 χώρα
631 2465 707 2535 τῷ
728 2462 1009 2531 φαλκιδίῳ·
1035 2459 1177 2530 βιϐλ.
1194 2456 1368 2524 ν’,τίτ.
1396 2454 1484 2524 ιβ’,
1512 2453 1617 2521 δίγ.
1641 2452 1840 2521 β’.Ἐάν

267 2578 343 2624 τις
356 2562 505 2630 πρᾶγ
514 2576 594 2627 μα
614 2574 681 2609 κα
690 2554 1033 2626 ρποφορήση,
1046 2549 1254 2617 γίνεται
1270 2546 1431 2608 αὐτὸς
1441 2543 1644 2612 ἔνοχος,
1658 2542 1718 2594 οὐ
1735 2541 1841 2610 μὴν

266 2653 323 2705 τὺ
346 2653 611 2721 πρᾶγμα·
640 2649 729 2700 ὅτε
759 2645 815 2698 δέ
849 2645 907 2696 τὸ
936 2644 1170 2712 πρᾶγμα
1203 2636 1540 2706 καταϐληθῇ,
1577 2635 1707 2686 αὐτδ
1743 2633 1842 2701 μὲν

269 2744 405 2815 ἱερὸν
432 2746 495 2797 οὺ
534 2741 782 2809 γίνεται,
809 2731 1187 2803 ἐλευθεροῦται
1216 2730 1273 2783 δὲ
1299 2730 1327 2783 6
1351 2724 1842 2794 ἐπαγγειλάμενος·

270 2838 330 2890 ἐκ
350 2837 404 2890 δέ
432 2836 536 2905 τῆς
566 2832 821 2897 τοιαύτης
847 2825 1179 2895 ἐπαγγελίας
1204 2822 1478 2890 ἐνέχονται
1509 2815 1845 2881 αὐτεξούσιοι

270 2926 477 2996 ἔφηϐοι,
518 2923 588 2976 οὐ
620 2922 727 2991 μὴν
753 2917 1065 2982 ὑπεξοῦσιοι
1100 2912 1249 2985 παρὰ
1275 2910 1500 2980 γνώμην
1532 2907 1640 2959 τῶν
1679 2905 1849 2960 πααῖέο

272 3036 376 3093 ρων
419 3017 453 3087 ἢ
503 3015 621 3068 τῶν
664 3010 960 3065 δεσποτῶν.
999 3008 1062 3061 Ei.
1109 3006 1169 3059 δέ
1201 3022 1286 3067 τις
1326 3002 1389 3055 τὸ
1427 3001 1651 3055 δέκατον
1683 2998 1848 3069 μέρος
1875 3021 1921 3082 c

271 3088 692 3181 καρποφορήσει
730 3105 841 3155 τῶν
889 3099 1055 3154 αὑτοῦ
1089 3095 1451 3169 πραγμάτων,
1492 3091 1598 3154 ἕως
1625 3090 1693 3144 ἂν
1721 3088 1852 3142 αὐτὸ

272 3179 512 3273 χωρίσῃ,
567 3199 626 3252 οὐ
669 3195 904 3249 παύεται
944 3187 1083 3245 εἶναι
1120 3192 1220 3259 τῆς
1254 3188 1440 3250 οὐσίας
1473 3183 1670 3237 αὑτοῦ·
1701 3183 1751 3234 εί
1794 3179 1851 3232 δέ

272 3295 591 3361 τελευτήσει
640 3289 714 3359 μὴ
760 3286 1034 3356 χωρίσας,
1087 3282 1365 3351 ἐνέχονται
1409 3279 1458 3331 οἱ
1502 3274 1851 3348 κληρονόμοι·

274 3384 537 3437 διαϐαίνει
578 3381 689 3450 γὰρ
732 3381 812 3440 είς
845 3376 1211 3444 κληρονόμους
1257 3374 1289 3442 ἠ
1340 3370 1439 3439 τῆς
1480 3366 1857 3437 καρποφορίας

277 3477 451 3547 ένοχή.
480 3473 645 3528 Βιϐλ.
667 3476 716 3525 α’
756 3468 851 3522 τοῦ
882 3467 1041 3532 κώδ.,
1065 3465 1170 3519 τίτ.
1199 3461 1265 3535 β’,
1288 3462 1430 3516 διάτ.
1464 3466 1533 3514 α’·
1570 3459 1743 3524 ἔξεστι
1779 3455 1858 3527 τῷ

280 3569 586 3638 βουλομένῳ
632 3559 1066 3631 καταλιμπάνειν
1121 3560 1179 3610 ἐν
1237 3554 1523 3623 τελευταίᾳ
1578 3552 1856 3622 βουλήσει·

277 3660 371 3730 τῆς
396 3659 566 3729 ἁγίας
612 3653 939 3725 Ἑκκλησίας
968 3651 1079 3720 γὰρ
1124 3645 1262 3702 εἶναι
1305 3648 1386 3700 δεῖ
1410 3646 1507 3708 τὰς
1535 3644 1646 3697 τῶν
1675 3642 1863 3696 τελευ·

277 3749 491 3804 τώντων
522 3746 849 3818 βουλήσεις·
899 3741 1039 3796 διάτ.
1079 3738 1166 3807 ιγ’·
1221 3736 1506 3809 ἐρρωμένῃ
1544 3734 1775 3804 διαθήκῃ
1826 3730 1862 3801 ἢ

280 3839 590 3908 κωδικέλλῳ
632 3836 665 3904 ἦ
704 3832 939 3903 ἀγράφῳ
980 3830 1261 3900 βουλήσει,
1298 3826 1473 3890 ἔξεστι
1507 3824 1629 3885 ταῖς
1666 3822 1865 3892 χήραις

280 3936 369 3985 xui.
390 3934 515 3994 ταῖς
548 3927 960 3985 διακονίσσαις,
1003 3921 1099 3974 xui.
1126 3920 1246 3980 ταῖς
1274 3916 1459 3978 ἄλλαις
1494 3915 1665 3981 ἱεραῖς
1700 3927 1867 3964 κατα-

279 4025 572 4095 λιμπάνειν
604 4016 944 4086 ἐκκλησίαις·
978 4013 1073 4065 καὶ
1117 4006 1362 4079 κληρικῷ
1394 4006 1490 4059 καὶ
1518 4001 1735 4075 μοναχῷ
1776 4000 1870 4054 καὶ

278 4089 480 4184 πτωχῷ
510 4112 571 4163 ἐν
604 4106 858 4161 ἐνστάσει
883 4101 980 4156 xui.
1003 4094 1462 4158 ὑποκαταστάσει,
1491 4092 1585 4146 καὶ
1613 4089 1871 4162 ληγάτοις

281 4203 374 4258 xui.
423 4197 913 4273 φειδικομμίσσοις
963 4192 1149 4254 ίδικοῖς
1174 4188 1268 4242 xui.
1303 4186 1425 4241 καθ’
1446 4184 1645 4255 ὁμάδα.

342 4380 494 4434 Διάτ.
519 4380 612 4433 ιϐ’·
634 4377 688 4429 αί
704 4373 984 4443 γινόμεναι
1001 4369 1161 4440 μέχρι
1178 4374 1230 4436 φ’
1253 4365 1473 4420 σολίδων
1486 4361 1873 4433 ἀνεμφάνιστοι

278 4474 476 4543 δωρεαὶ
496 4471 584 4533 είς
604 4463 926 4536 ἐκκλησίαν,
952 4463 986 4532 ἢ
1014 4459 1357 4528 ξενοδοχεῖον,
1391 4455 1424 4527 ἢ
1448 4455 1811 4524 νοσοκομεῖον,
1832 4452 1866 4523 ἢ

278 4562 774 4633 ὸρφανοτροφεῖον,
800 4557 832 4627 ἢ
860 4555 1142 4623 πτωχεῖον,
1171 4550 1464 4620 ἔρρωνται.
1488 4547 1553 4599 Al.
1579 4545 1634 4597 δέ
1662 4543 1868 4607 λοιπαὶ,

278 4655 379 4709 κᾶν
409 4657 493 4717 είς
524 4652 781 4711 εὐσεϐεῖς
810 4646 985 4708 αίτίας
1018 4644 1313 4711 γένωνται,
1345 4638 1637 4709 χρῄζουσιν
1687 4637 1869 4704 ἐμφα-

277 4748 460 4810 νείας·
490 4745 595 4799 xui.
630 4743 684 4796 αί
724 4740 996 4811 λεχθεῖσαι
1049 4734 1188 4804 ὑπὲρ
1222 4733 1351 4795 τοὺς
1388 4736 1439 4800 φ’
1496 4727 1676 4798 φόλεις
1716 4720 1873 4779 οὖσαι

279 4840 645 4911 ἐξῃρημένων
668 4832 776 4887 τῶν
807 4827 1100 4902 βασιλικῶν
1138 4823 1376 4896 δωρεῶν·
1410 4820 1550 4875 διάτ.
1577 4817 1684 4888 κβ’.

348 5014 431 5067 Τὰ
469 5012 556 5074 είς
582 5010 807 5076 εὐαγεῖς
834 5006 1015 5067 οῐκους
1045 5002 1153 5056 ἀπὸ
1179 4994 1531 5071 βουλευτικῆς
1565 4988 1875 5059 φιλοτιμίας

282 5106 601 5175 ἐρχόμενα,
655 5102 754 5169 οὐχ
790 5098 1108 5151 ὑπόκεινται
1156 5095 1222 5161 τῇ
1262 5090 1368 5143 τῶν
1416 5082 1718 5154 ἐπικερδῶν
1759 5081 1876 5133 δια-

527 5193 679 5246 διάτ.
707 5196 811 5257 κγ’.
869 5186 995 5241 Ἐάν
1020 5203 1075 5237 τι
1099 5182 1314 5253 δωρηθῇ
1337 5220 1353 5244 ,
1378 5179 1412 5249 ἢ
1446 5175 1778 5247 κληρονομία
1798 5211 1812 5235 ,
1840 5170 1874 5242 ἢ

284 5262 525 5354 ληγάτον
585 5280 783 5347 εὐαγεῖ
828 5277 977 5345 τόπῳ
1026 5266 1399 5337 καταλειφθῇ,
1457 5264 1537 5327 είς
1579 5262 1879 5331 ἀνάρρυσιν

286 5373 688 5445 αἰχμαλώτων,
719 5364 991 5438 κινητδνῆ
1023 5363 1296 5431 ἀκίνητον,
1337 5358 1671 5428 ἁρμόζουσιν
1699 5369 1879 5422 perso-

1930 1799 2085 1855 uxori
2138 1812 2273 1851 mea:
2325 1809 2461 1856 rem,
2507 1805 2671 1861 quam
2727 1788 2835 1842 Deo
2888 1781 3104 1838 offerat.
3143 1778 3262 1832 Lib.
3307 1790 3495 1835 xxxw,

1932 1890 2018 1944 tit.
2048 1888 2105 1951 2,
2136 1885 2328 1955 digest.
2365 1881 2433 1935 ’5⁵1
2469 1897 2483 1933 :
2524 1879 2579 1931 Si
2605 1874 2856 1936 dixerim,
2899 1879 2959 1925 ut
3008 1871 3138 1922 liant
3192 1878 3385 1919 cruces
3428 1875 3497 1913 ex

1933 1989 2152 2035 centum
2188 1975 2361 2039 libris,
2397 1981 2450 2026 et
2491 1971 2544 2023 in
2594 1969 2684 2021 illa
2717 1980 2873 2021 sacra
2905 1961 3021 2016 aede
3053 1965 3401 2013 statuantur:
3436 1965 3500 2003 ac

1934 2087 2063 2125 vero
2090 2082 2211 2139 quae
2255 2066 2308 2119 in
2357 2077 2418 2118 ea
2459 2056 2697 2134 [cruces]
2740 2064 2869 2110 sunt
2909 2065 3099 2106 omnes
3143 2053 3407 2117 argenteae
3450 2051 3503 2095 et

1935 2177 2090 2217 aereae
2114 2160 2224 2215 sint
2257 2175 2271 2212 :
2307 2162 2593 2224 argenteas
2626 2148 2807 2204 facere
2839 2147 3011 2201 haeres
3034 2152 3277 2211 cogetur.

2012 2344 2229 2399 Textus.
2267 2339 2388 2393 Lib.
2423 2350 2593 2400 xxxv,
2635 2331 2719 2387 tit.
2751 2330 2809 2394 2,
2838 2327 3036 2398 digest.
3068 2324 3093 2377 1
3125 2339 3139 2376 :
3172 2320 3231 2374 In
3278 2319 3347 2372 iis
3385 2329 3506 2385 qua:

1942 2438 2051 2491 Deo
2081 2436 2256 2503 legata
2284 2438 2435 2495 sunt,
2466 2428 2620 2482 locus
2663 2420 2791 2495 [est]
2834 2417 3111 2473 Falcidiaz.
3154 2413 3272 2466 Lib.
3318 2425 3371 2471 ι,
3419 2408 3504 2460 tit.

1939 2528 2032 2592 12,
2057 2500 2252 2593 dig'est.
2282 2524 2318 2576 2
2357 2540 2373 2575 :
2411 2520 2468 2575 Si
2500 2517 2624 2588 quis
2649 2530 2761 2569 rem
2786 2507 3072 2584 [aliquam]
3110 2503 3340 2564 voverit,
3390 2500 3510 2568 ipse

1944 2622 2239 2690 obligatur,
2267 2630 2373 2670 non
2404 2620 2587 2667 autem
2612 2623 2724 2664 res.
2747 2603 2975 2671 Quando
3000 2614 3128 2655 vero
3154 2611 3240 2650 res
3257 2592 3507 2652 solvitur,

1946 2713 2065 2781 ipsa
2094 2722 2252 2764 sacra
2288 2719 2396 2760 non
2424 2701 2674 2760 ellicitur,
2718 2695 2811 2751 sed
2856 2687 3178 2763 promissori
3224 2685 3509 2738 liberatur.

1949 2769 2025 2853 ἐκ
2056 2797 2151 2852 tali
2181 2802 2363 2849 autem
2393 2787 2759 2860 promissione
2804 2781 2889 2836 sui
2927 2778 3070 2846 juris
3109 2774 3340 2845 puberes
3376 2769 3515 2824 obli-

1949 2896 2170 2961 gantur,
2196 2900 2305 2940 non
2331 2892 2514 2936 autem
2550 2878 2741 2931 alienae
2788 2870 3007 2928 obnoxii
3051 2869 3173 2923 sine
3219 2862 3388 2933 patris
3418 2861 3517 2915 do-

1952 2980 2154 3035 minive
2210 2973 2552 3030 auctoritate.
2607 2967 2665 3021 Si
2730 2962 3001 3020 decimam
3066 2958 3195 3028 quis
3244 2956 3513 3009 bonorum

1953 3075 2166 3134 voveat,
2194 3081 2304 3119 non
2338 3063 2493 3133 prius
2525 3056 2664 3131 [illa]
2699 3057 2752 3110 in
2779 3054 2899 3122 ejus
2938 3051 3096 3107 bonis
3135 3061 3255 3103 esse
3292 3044 3515 3106 desinit,

1952 3175 2115 3231 quam
2148 3158 2324 3226 ipsam
2359 3160 2615 3222 separet:
2645 3150 2689 3205 si
2720 3161 2850 3201 vero
2880 3159 2943 3199 ea
2983 3141 3223 3197 nondum
3266 3146 3517 3206 separata

1954 3224 2272 3311 decesserit,
2309 3243 2727 3310 obstringuntur
2755 3234 2999 3291 hazredes
3032 3231 3172 3301 ejus.
3212 3225 3334 3281 Voti
3371 3224 3517 3278 enim

1955 3343 2221 3413 obligatio
2259 3339 2326 3393 ad
2370 3334 2618 3391 haeredes
2659 3331 2881 3385 transit.
2926 3325 3045 3379 Lib.
3098 3320 3266 3376 lcod.
3319 3318 3406 3370 tit.
3461 3315 3517 3379 2,

1955 3408 2134 3490 coast.
2178 3432 2203 3485 1
2240 3448 2254 3485 :
2302 3428 2454 3482 Licet
2505 3423 2804 3490 unicuique
2846 3419 2901 3472 in
2944 3427 3199 3485 suprema
3241 3408 3523 3463 voluntate

1958 3527 2165 3582 sanctis
2209 3518 2459 3584 ecclesiis
2487 3516 2818 3583 relinquere.
2858 3508 3073 3562 Firmas
3105 3502 3251 3557 enim
3284 3497 3523 3554 morien-

1961 3618 2095 3672 tium
2118 3614 2427 3668 voluntates
2467 3621 2588 3662 esse
2618 3612 2853 3673 oportet.
2896 3599 3085 3653 Const.
3121 3594 3223 3648 15:
3256 3590 3408 3645 Licet
3443 3589 3525 3641 vi-

1961 3706 2107 3774 duis',
2151 3702 2512 3766 diaconissis,
2557 3696 2863 3767 virginibus
2905 3691 3015 3745 Deo
3064 3686 3283 3748 dicatis,
3324 3680 3528 3738 sancti-

1963 3799 2315 3862 monialibus,
2348 3802 2402 3850 et
2435 3792 2558 3847 aliis
2580 3786 2847 3857 religiosis
2872 3778 3161 3855 [letninis],
3197 3786 3256 3831 ut
3278 3777 3359 3830 vel
3382 3775 3530 3842 justo

1964 3896 2317 3953 testamento,
2347 3885 2431 3939 vel
2458 3881 2731 3945 codicillo,
2759 3877 2844 3931 vel
2871 3876 3149 3929 voluntate
3169 3884 3278 3923 non
3307 3867 3531 3935 scripta,

1966 3982 2082 4038 sive
2126 3974 2493 4038 institutione,
2538 3972 2654 4027 sive
2698 3964 3121 4029 substitutione,
3172 3962 3287 4016 sive
3333 3958 3533 4026 legato,

1966 4072 2052 4128 vel
2100 4064 2563 4128 ﬁdeicommisso,
2620 4074 2717 4115 seu
2766 4054 2990 4126 speciali
3040 4068 3138 4108 seu
3204 4047 3533 4111 universali,

1970 4157 2223 4235 [aliquid]
2275 4155 2590 4224 relinquant
2619 4147 2888 4211 ecclesiis,
2933 4144 3169 4206 clericis,
3224 4137 3535 4195 monachis.

1969 4257 2066 4305 aut
2094 4243 2445 4317 pauperibus.

1902 4362 1951 4421 ι)
2049 4335 2464 4393 Tcxtus.Const.
2483 4330 2572 4385 19.
2591 4330 2720 4394 Quae
2734 4325 3055 4382 donationes
3073 4318 3228 4391 113
3245 4319 3378 4373 citra
3397 4326 3539 4372 acto-

1978 4447 2099 4486 rum
2138 4427 2535 4484 confectionem
2570 4433 2746 4488 usque
2772 4417 2841 4472 ad
2870 4416 3202 4486 quingentos
3228 4410 3432 4467 solidos
3485 4411 3539 4463 in

1976 4524 2286 4585 ecclesiam,
2308 4516 2739 4578 xenodochium,
2756 4507 3160 4570 nosocomium,
3178 4504 3542 4573 orphanotro—

1978 4617 2163 4688 phium
2191 4654 2207 4681 ,
2237 4612 2321 4667 vel
2358 4607 2637 4680 ptochium
2673 4606 2845 4664 ﬁunt,
2884 4600 3085 4653 valent.
3120 4596 3361 4665 Reliquae
3388 4608 3541 4657 vero,

1978 4686 2193 4764 tametsi
2213 4707 2266 4760 in
2292 4704 2409 4774 pias
2429 4714 2626 4757 causas
2646 4698 2796 4761 (iant,
2820 4707 3054 4763 quaeque
3073 4690 3352 4758 amplioris
3382 4686 3546 4755 quin-

1979 4801 2154 4874 gentis
2199 4797 2389 4853 solidis
2438 4791 2757 4863 quantitatis
2808 4802 2931 4843 esse
2983 4787 3258 4848 dicuntur,
3302 4778 3545 4845 exceptis

1980 4866 2355 4964 imperialibus
2400 4885 2696 4941 donatione
2742 4896 2880 4949 opus
2936 4878 3159 4932 habent.
3205 4872 3398 4927 Const.
3450 4866 3540 4921 22.

2052 4962 2185 5052 Quae
2229 4998 2297 5038 ex
2347 4978 2670 5035 liberalitate
2710 4972 2936 5028 curialis
2982 4970 3050 5024 ad
3077 4963 3411 5022 venerabiles
3445 4962 3544 5013 do-

1980 5094 2105 5133 mus
2159 5072 2538 5145 perveniunt”
2571 5084 2602 5122 a
2654 5064 3055 5121 lucratitiorum
3101 5052 3548 5123 inscriptionibus

1982 5170 2250 5227 immunia
2305 5174 2452 5223 sunt.
2506 5163 2696 5218 Const.
2736 5158 2827 5213 25.
2868 5155 2924 5211 Si
2972 5153 3099 5224 quid
3138 5151 3420 5209 donatum,
3454 5152 3549 5199 aut

1984 5262 2271 5319 htereditas
2319 5259 2625 5327 legatumve
2672 5265 2854 5306 rerum
2890 5245 3171 5301 mobilium
3212 5238 3295 5294 vel
3352 5238 3551 5290 immo-

1982 5353 2173 5407 bilium
2235 5350 2289 5403 in
2344 5344 2773 5412 redemptionem
2841 5336 3176 5405 captivorum
3254 5324 3548 5381 venerabili

289 5418 436 5521 nali;
465 5467 567 5519 xui.
592 5466 654 5516 in
673 5418 799 5515 ,rem
829 5418 927 5513 lxui.
967 5418 1357 5526 ῦποθηκαρίαι,
1379 5418 1647 5519 ¹κιαὶνμόνη
1772 5446 1865 5497 τῶι

1986 5439 2301 5517 [cuipiam]
2355 5440 2476 5492 loco
2517 5436 2765 5489 relictum
2812 5429 2903 5492 sit,
2961 5421 3174 5499 [actio]
3230 5418 3553 5491 personalis,

292 5558 490 5613 ἐκατδν
518 5513 791 5608 ἐνιαυτῷν
819 5513 1172 5604 ἐκϐάλλοντάι
1210 5513 1571 5613 παραγραφῇ·
1599 5513 1752 5598 οῦτος
1774 5536 1865 5605 γὰρ

1988 5538 2041 5591 in
2069 5550 2205 5599 rem,
2239 5541 2294 5588 et
2328 5525 2716 5600 hypothccaria
2755 5518 3034 5588 competit,
3078 5526 3132 5569 et
3175 5513 3291 5567 sola
3331 5519 3551 5564 centum

295 5652 322 5702 6
364 5648 561 5721 χρόνος
604 5601 1197 5711 ἐστὶποῦμακροϐίου
1598 5628 1736 5686 διάτ.
1781 5601 1864 5680 ita"

1989 5639 2261 5683 annorum
2284 5617 2694 5695 praescriptione
2719 5612 2836 5685 [qui
2862 5612 3055 5665 horum
3084 5604 3361 5679 quippiam
3385 5601 3535 5657 vindi
