3842 6224
144 304 288 368 573
1060 305 1458 368 SYNTAGMA
1495 308 1887 371 CANONUM.
1921 335 1999 353 -εκ
2028 310 2177 371 TIT.
2216 311 2297 373 II.
2336 313 2496 375 CAP.
2543 312 2596 374 I.
3340 323 3445 388 δτι

138 411 557 484 κληρονόμων,
592 411 686 465 καί
712 409 922 463 οἰκοθεν
950 412 1084 465 αὐτὸ
1103 414 1337 479 δίδωσιν,
1365 415 1493 484 ώςή
1530 422 1600 467 νε¹
1624 415 1759 469 διάτ.

1870 430 2144 471 versatur.
2182 418 2424 488 Singulis
2455 420 2600 474 enim
2637 419 2798 476 annis
2838 421 3107 479 nascitur.
3141 423 3284 482 Sane
3313 443 3443 485 vero

137 500 266 554 τοῦ
306 501 472 553 αὑτοῦ
502 500 609 555 τίτ.

1870 509 1962 577 qui
1988 523 2183 563 aurum
2213 509 2382 576 dedit,
2406 511 2511 565 sibi
2542 511 2839 568 obnoxium
2860 515 3023 570 habet
3047 532 3171 571 eum
3197 518 3289 587 qui
3316 536 3442 576 cum

252 764 327 818 ἹΙ
365 767 422 819 δὲ
463 772 509 832 γ’
547 766 687 820 διάτ.
732 763 825 817 τοῦ
877 764 921 835 β’
947 765 1052 821 τίτ.
1092 766 1203 820 τῶν
1238 768 1487 838 Νεαρῶν,
1534 769 1625 820 ἐπὶ
1671 771 1766 823 τοῦ

182 860 424 911 οιούτου
467 858 705 928 ληγάτου
737 857 921 925 φησὶν,
951 860 1032 911 ὅτι
1059 861 1106 911 εἰ
1139 860 1237 928 μὲν
1257 861 1305 912 οἱ
1338 860 1635 930 λαμϐάνειν
1669 865 1764 916 καί⁹

142 953 207 1001 οἱ
245 952 456 1004 δ.δόναι
498 950 977 1022 κελευσθέντες,ἦ
1025 953 1054 1004 ὁ
1097 952 1257 1015 τόπος
1304 952 1364 1019 ἐξ
1407 953 1470 1006 οὒ
1514 955 1764 1026 ὲτυπώθη

142 1045 453 1105 δίδοσθαι,
484 1047 541 1095 ὲν
584 1047 649 1113 τῇ
680 1044 815 1112 αὐτῇ
852 1043 884 1111 ἢ
920 1046 994 1113 ,τῇ
1036 1044 1237 1111 γείτονι
1270 1045 1510 1116 ἐπαρχίᾳ
1554 1048 1766 1115 εἴησαν,

151 1136 378 1204 μηδενί
416 1136 600 1205 τρόπῳ
625 1136 688 1188 τὸ
716 1135 952 1204 ληγάτον
977 1135 1337 1190 ὲκποιεῖσθαι.
1370 1138 1429 1189 Εἰ
1458 1138 1514 1191 δὲ
1546 1141 1768 1210 πορρω-

143 1224 325 1294 τέρω
367 1217 523 1289 ὦσιν,
567 1224 778 1289 ἔξεστιν
811 1226 1075 1296 ἐκατέρου
1121 1226 1321 1297 μέρους
1353 1229 1763 1295 συνεκινοῦντος,

149 1316 415 1386 πλησίον
456 1316 597 1386 ὑπὲρ
633 1315 799 1368 αὐτοῦ
859 1316 1160 1385 λαμϐάνειν
1208 1319 1466 1387 πρόσοδον
1510 1317 1765 1391 εὔπορον,

152 1407 274 1458 καὶ
311 1406 453 1476 μετὰ
482 1407 801 1476 προσθήκης
823 1404 919 1458 τοῦ
945 1408 1206 1478 τετάρτου
1243 1408 1343 1471 τῆς
1386 1410 1769 1479 καταλειφθεί-

153 1514 280 1567 σης
314 1499 613 1567 ποσότητος
644 1498 717 1569 μὴ
743 1496 1129 1568 βεϐαρημένης
1156 1499 1372 1563 πολλοῖς
1404 1501 1762 1571 τελέσμασιν.

152 1589 237 1641 Εἰ
274 1589 336 1643 δὲ
366 1590 625 1658 πωλῆσαι
669 1591 730 1643 τὸ
779 1590 1014 1662 ληγάτον
1044 1590 1319 1662 βούλοιντο
1340 1630 1355 1655 ,
1389 1593 1463 1665 μὴ
1491 1594 1766 1664 λαμϐανέ-

152 1698 359 1735 τωσαν
392 1683 596 1752 ἥττονα
633 1684 799 1753 τιμὴν
831 1684 926 1737 τοῦ
956 1687 1322 1755 συναγομένου
1348 1685 1443 1738 ἐπὶ
1484 1686 1560 1738 λε’
1588 1688 1768 1739 ἐνιαυ-

1871 602 1991 671 ipso
2037 601 2338 666 contraxit,
2390 605 2621 673 ejusque
2668 607 2929 673 haeredes,
2985 619 3043 663 ut
3075 609 3317 678 ejusdem
3354 614 3439 667 tit.

1869 702 2044 748 const.
2075 694 2164 749 55.
2194 694 2431 766 [tradit.]
3066 757 3076 766 ο

1943 786 2162 843 Texlus.
2197 787 2387 843 Const.
2432 803 2559 843 vero
2585 789 2637 850 '5,
2676 789 2756 845 tit.
2788 790 2821 843 2
2847 789 3193 846 Novellarum
3236 794 3303 847 de
3329 796 3439 848 hu-

1863 876 2108 946 jusmodi
2158 878 2336 948 legato
2380 879 2552 932 dicit:
2596 878 2653 932 Si
2704 881 2795 948 qui
2849 878 2948 952 [id]
2994 897 3187 949 capere
3229 892 3281 935 (ιι
3310 885 3442 938 dare

1866 967 2008 1035 jussi
2042 977 2193 1033 sunt,
2230 978 2323 1022 aut
2350 969 2505 1023 locus
2548 985 2611 1023 ex
2648 986 2768 1038 quo,
2792 973 3147 1025 constitutum
3185 982 3266 1027 est
3299 975 3439 1035 dari,

1873 1059 1930 1112 in
1961 1059 2150 1113 eadem
2184 1071 2280 1114 aut
2306 1061 2484 1114 vicina
2534 1062 2816 1130 provincia
2848 1063 2978 1127 sint,
3012 1078 3079 1117 ne
3121 1079 3230 1133 quo
3280 1066 3442 1118 modo

1871 1150 2002 1205 illud
2039 1152 2342 1214 alienetur;
2376 1154 2461 1207 sin
2511 1154 2564 1206 in
2612 1154 2997 1207 remotioribus
3032 1157 3141 1208 sint
3174 1156 3437 1224 partibus,

1871 1243 2000 1297 licet
2029 1252 2263 1314 utroque
2297 1246 2671 1300 consentiente
2714 1246 2952 1299 vicinum
2986 1245 3265 1317 [aliquem]
3298 1248 3441 1301 redi-

1872 1342 1987 1388 tum
2020 1338 2243 1390 uberem
2293 1351 2472 1404 neque
2506 1330 2694 1391 multis
2724 1339 3167 1407 praestationibus
3203 1355 3438 1407 praegra-

1870 1436 2080 1487 vatum,
2108 1442 2232 1480 cum
2262 1430 2579 1481 accessione
2606 1427 2927 1497 quadrantis
2972 1430 3174 1483 relictae
3219 1429 3439 1498 quanti-

1870 1515 2021 1582 tatis,
2051 1532 2149 1585 pro
2181 1518 2274 1570 illo
2302 1517 2444 1586 capi.
2476 1518 2532 1571 Si
2564 1532 2693 1572 vero
2725 1520 2960 1573 vendere
2989 1519 3223 1590 legatum
3250 1520 3437 1584 velint,

1871 1620 1940 1659 ne
1986 1606 2169 1661 minus
2217 1608 2375 1677 pretii
2407 1609 2631 1662 nomine
2673 1609 2918 1679 capiant,
2951 1626 3113 1678 quam
3148 1626 3215 1665 ex
3261 1610 3438 1680 legato

1874 1710 1969 1764 per
2006 1697 2230 1767 triginta
2258 1698 2503 1766 quinque
2548 1713 2725 1752 annos
2753 1699 3037 1768 colligatur
3065 1715 3078 1752 :
3125 1700 3199 1753 ita
3231 1706 3434 1763 tamen,

152 1776 327 1837 τοὺς,
358 1775 469 1826 ἀπὸ
497 1773 595 1827 τοῦ
624 1774 882 1844 ληγάτου·
915 1774 1057 1828 ὥστε
1120 1753 1306 1845 μέντοι
1346 1775 1408 1829 τὸ
1437 1777 1655 1847 τίμημα
1685 1780 1759 1841 εἰς

1872 1796 1931 1841 ut
1980 1789 2215 1857 pretium
2270 1787 2338 1841 ad
2388 1789 2681 1844 utilitatem
2736 1791 3063 1845 venerabilis
3096 1792 3312 1857 domus,
3347 1792 3436 1845 cui

156 1865 233 1917 τὸ
264 1865 550 1935 συμφέρον
573 1864 670 1919 τοῦ
698 1865 996 1937 σεϐασμίου
1019 1865 1175 1920 οἴκου
1197 1860 1241 1935 ᾧ
1269 1867 1602 1939 κατελείφθη
1627 1884 1764 1939 προ-

156 1960 453 2025 χωρῆσαι.

260 2048 327 2100 Ἦ
352 2048 413 2100 δὲ
444 2048 535 2118 μη¹
558 2048 697 2102 διάτ.
726 2046 820 2102 τοῦ
854 2056 903 2118 γ’
940 2049 1044 2104 τίτ.
1076 2049 1171 2103 τοῦ
1211 2057 1258 2104 α’
1295 2050 1439 2120 βιϐλ.
1469 2051 1656 2122 φησὶν,
1682 2052 1763 2105 δτι

64 2124 76 2134 ’
158 2141 512 2210 ἐρρωμένως
541 2158 626 2203 τις
669 2142 869 2212 γράφει
911 2144 1035 2205 τοὺς
1079 2142 1460 2213 αἰχμαλώτους
1507 2144 1765 2215 κληρονό·

164 2248 345 2299 μους,
382 2234 475 2283 καί
502 2231 770 2299 λαμϐάνει
809 2232 907 2303 τὴν
946 2233 1314 2303 κληρονομίαν
1358 2237 1385 2287 ὁ
1428 2235 1762 2301 ἐπίσκοπος,

159 2322 272 2373 καὶ
309 2324 339 2373 ό
381 2323 479 2392 τῆς
507 2323 715 2385 πόλεως
754 2324 1035 2393 οἰκονόμος
1073 2326 1131 2377 ὲν
1247 2324 1343 2393 τὴν
1367 2324 1579 2394 οἴκησιν
1617 2321 1761 2394 εἶχε,

158 2415 269 2467 καὶ
314 2414 631 2467 δαπανῶσιν
675 2418 757 2478 εἰς
800 2417 1105 2487 ἀνάρρυσιν
1154 2416 1539 2486 αἰχμαλώτων,
1595 2416 1627 2487 ἢ
1666 2416 1764 2477 τὰς

158 2510 345 2575 τιμὰς
397 2507 505 2558 τῶν
553 2510 915 2577 πραγμάτων,
945 2508 979 2578 ἥ
1011 2509 1109 2572 τὰς
1152 2508 1445 2578 προσόδους
1488 2509 1600 2561 τῶν
1638 2508 1760 2561 ἀκι-

160 2602 377 2665 νήτων.
405 2599 479 2668 μὴ
503 2600 987 2670 παρακρατοῦντες
1020 2600 1319 2669 φαλκίδιον·
1354 2601 1447 2652 καὶ
1476 2602 1761 2667 ὲνάγονται

160 2693 269 2743 ἐπὶ
332 2694 444 2753 τοῖς
509 2693 737 2761 χρέεσιο
797 2693 892 2744 καὶ
964 2695 1092 2755 τοὺς
1145 2691 1394 2761 πτωχούς
1447 2708 1531 2754 τις
1582 2690 1763 2753 καλῶς

160 2786 386 2852 γράφει
456 2783 857 2853 κληρονόμους,
918 2784 1013 2836 καὶ
1072 2783 1169 2837 ἐὰν
1248 2784 1322 2852 μὴ
1404 2782 1765 2854 προσδιορίσῃ

162 2876 371 2937 ποίους
398 2915 411 2939 ,
472 2878 499 2929 ὁ
542 2875 815 2945 ξενοδόχος
871 2876 971 2943 τῆς
1010 2875 1181 2944 αὐτῆς
1229 2876 1435 2937 πόλεως
1495 2874 1763 2942 λαμϐάνει

162 2966 247 3018 τὰ
280 2966 619 3034 πράγματα,
657 2967 757 3019 καὶ
804 2968 869 3019 ὲκ
900 2966 999 3035 τῆς
1036 2966 1385 3035 διαπράσεώς
1423 2965 1603 3018 αὐτῶν
1636 2966 1765 3031 ἀγο-

169 3058 337 3128 ράζει
393 3058 672 3126 πρόσοδον.
710 3061 769 3111 Εἰ
802 3058 859 3111 δὲ
904 3059 1087 3111 πολλοὶ
1136 3057 1361 3122 ξενῶνές
1404 3058 1547 3110 εἰσιν
1591 3057 1649 3108 έν
1696 3057 1761 3123 τῇ
1794 3086 1835 3141 C

166 3149 360 3214 πόλει,
390 3150 418 3200 ὁ
444 3148 792 3219 ἀπορώτερος
820 3151 961 3204 αὐτὰ
990 3149 1280 3219 λαμϐάνει,
1308 3150 1377 3202 τὰ
1411 3150 1540 3219 περὶ
1572 3147 1763 3201 τούτου

163 3241 568 3311 δοκιμάζοντος
591 3240 685 3295 τοῦ
719 3242 1016 3295 ἐπισκόπου
1044 3243 1138 3295 καὶ
1167 3241 1278 3295 τῶν
1308 3240 1400 3294 ὑπ’
1442 3240 1603 3293 αὐτὸν
1634 3239 1765 3309 κλη-

173 3331 391 3404 ρικῶν·
434 3333 569 3385 εἰδὲ
604 3332 678 3403 μὴ
711 3333 821 3402 ἔχει
867 3330 1073 3398 ξενῶνα
1119 3333 1153 3401 ἠ
1204 3331 1384 3393 πόλις,
1421 3330 1766 3398 διανέμονται

167 3423 250 3477 τὰ
285 3423 587 3494 πράγματα
619 3425 725 3477 ὑπο
747 3424 840 3477 τοῦ
870 3425 1168 3478 ἐπισκόπου
1199 3422 1233 3493 ἢ
1261 3422 1354 3476 τοῦ
1377 3421 1663 3490 οἰκονόμου
1687 3422 1767 3483 εἰς

170 3518 308 3579 τοὺς
335 3517 637 3588 πτωχοὺςῆ
671 3518 844 3580 ἄλλως
871 3518 1097 3580 ἐνδεεῖς,
1134 3517 1208 3587 μὴ
1237 3513 1763 3587 παρακρατουμένου

175 3609 491 3676 φαλκιδίου.
526 3611 587 3663 Εἰ
618 3610 674 3662 δὲ
698 3609 1016 3680 πρόδηλονῆ
1049 3609 1243 3678 ἄδηλον
1271 3608 1443 3678 ὄνομα
1468 3605 1765 3677 ἐκκλησίας

173 3703 213 3774 ἦ
267 3702 501 3769 εὐαγοῦς
554 3701 704 3755 οἴκου
752 3701 961 3754 ἀπιδὼν
1018 3700 1332 3766 κατέλιπεν,
1381 3699 1547 3762 αὐτὸς
1601 3697 1762 3769 μόνος

174 3798 485 3867 λαμϐάνει,
522 3798 597 3866 μὴ
626 3796 991 3865 ὑφιστάμενος
1021 3794 1321 3862 φαλκίδιονθ
1357 3794 1391 3863 ἡ
1433 3791 1491 3845 δὲ
1538 3798 1587 3860 γ’
1618 3791 1758 3843 διάτ.

174 3888 276 3942 τοῦ
304 3888 351 3957 β’
371 3892 479 3941 τίτ.
506 3889 614 3941 τῶν
638 3886 869 3957 Νεαρῶν
891 3886 1058 3954 λέγει,
1089 3886 1171 3938 ὅτι
1199 3886 1309 3946 τοῖς
1338 3884 1532 3953 πένησι
1558 3881 1647 3935 διὰ
1666 3879 1759 3933 τοῦ

178 3981 485 4035 ἐπισκόπου
514 3979 879 4047 διανέμονται.

252 4075 367 4127 Καὶ
399 4075 433 4144 ἡ
466 4072 544 4141 νβ’
570 4072 708 4125 διάτ.
740 4071 832 4124 τοῦ
870 4070 913 4140 β’
942 4069 1047 4123 τίτ.
1085 4066 1179 4121 τοῦ
1223 4074 1271 4121 α’
1305 4066 1446 4137 βιϐλ.
1493 4069 1587 4121 τοῦ
1627 4067 1754 4121 κώδ.

179 4166 370 4235 φησὶν,
404 4164 486 4217 ὅτι
534 4164 629 4217 ὲάν
655 4180 739 4225 τις
774 4161 984 4232 βαρηθῇ
1021 4160 1462 4214 ἀποκαταστάσει
1493 4161 1525 4230 ἦ
1556 4161 1759 4213 ὑποκα-

174 4258 441 4311 ταστάσει
467 4256 525 4322 ἐξ
557 4255 844 4318 ἀπαιδίας,
886 4254 981 4306 καὶ
1023 4251 1096 4323 μὴ
1131 4251 1364 4322 βουληθῇ
1394 4255 1643 4323 γαμῆσαι
1690 4251 1758 4303 δι’

176 4350 436 4419 ἄσκησιν,
467 4347 615 4416 μένει
639 4346 775 4415 ἔχων
797 4343 868 4396 τὰ
886 4344 1208 4414 πράγματα,
1234 4344 1326 4395 καὶ
1347 4343 1556 4412 δαπανᾷ
1584 4341 1757 4395 ταῦτα

1867 1879 2115 1934 relictum
2144 1888 2247 1943 est,
2288 1880 2563 1948 procedat.

1938 2033 2162 2089 Textus.
2198 2033 2391 2088 Const.
2431 2033 2523 2099 48,
2554 2034 2640 2087 tit.
2673 2034 2729 2100 '5,
2764 2034 2859 2090 lib.
2888 2050 2927 2100 ι,
2961 2034 3036 2088 ait
3066 2053 3080 2090 :
3124 2033 3280 2099 Quod
3313 2034 3437 2105 quis

1865 2135 2015 2182 recte
2074 2126 2321 2196 captivos
2363 2126 2625 2194 lhaercdes
2667 2128 2901 2193 scribat,
2959 2127 3438 2197 haereditatemque

1864 2218 2158 2289 episcopus
2187 2226 2241 2274 et
2268 2234 2592 2274 (economus
2626 2219 2883 2281 civitatis,
2928 2220 2980 2273 in
3017 2235 3123 2289 qua
3162 2218 3434 2292 [testator]

1865 2311 2035 2365 larem
2080 2311 2234 2377 fovit,
2267 2312 2597 2378 suscipiant,
2635 2311 2729 2378 qui
2766 2321 2859 2364 aut
2890 2326 3073 2364 rerum
3111 2311 3306 2381 pretia,
3343 2321 3439 2366 aut

1868 2404 2237 2458 immobilium
2290 2405 2499 2458 reditus
2550 2403 2603 2456 in
2636 2403 3064 2471 redemptionem
3095 2404 3435 2473 captivorum

1866 2507 2232 2549 consumant:
2266 2506 2319 2549 et
2353 2493 2510 2566 [non]
2543 2502 2750 2548 retenta
2776 2493 3013 2547 Falcidia
3045 2494 3440 2547 conveniantur

1866 2595 2089 2656 propter
2124 2586 2326 2639 debita.
2361 2584 2449 2647 Et,
2476 2583 2670 2655 [quod]
2702 2599 2969 2653 pauperes
3005 2595 3152 2637 recte
3178 2585 3299 2653 quis
3329 2584 3440 2638 ha:-

1866 2681 2022 2732 redes
2052 2678 2278 2740 scribat,
2312 2694 2374 2730 ac
2408 2675 2567 2747 [tum]
2603 2679 2645 2731 si
2681 2692 2784 2729 non
2828 2676 3071 2735 detiniat,
3112 2691 3251 2745 quos
3302 2674 3439 2747 [hae-

1866 2771 2023 2821 rcilcs
2058 2783 2178 2821 esse
2221 2765 2375 2837 Vclil]
2414 2768 2766 2821 xenodoi-hus
2806 2768 2965 2838 116
3001 2768 3244 2837 ejusdem
3288 2767 3439 2824 urbis

1868 2859 2162 2913 facultates
2198 2858 2401 2926 capiat,
2445 2867 2497 2912 et
2526 2872 2590 2910 ex
2630 2859 2944 2912 venditione
2990 2859 3201 2911 illarum
3234 2860 3439 2911 reditus

1867 2960 2172 3020 comparet.
2214 2949 2268 3003 SI
2298 2964 2428 3002 vero
2470 2950 2627 3003 mulli
2666 2965 2905 3003 renones
2952 2951 3003 3003 in
3037 2950 3259 3003 civitate
3306 2951 3435 3010 sint.

1866 3042 2254 3114 pauperrimus
2308 3042 2431 3096 illas
2471 3042 2695 3110 capiat:
2734 3056 2854 3093 eam
2907 3040 3135 3112 [autem]
3181 3057 3293 3094 rem
3328 3043 3442 3110 epi-

1869 3150 2069 3205 scopus
2102 3144 2159 3191 et
2186 3136 2289 3190 sub
2322 3136 2442 3204 ipso
2476 3134 2759 3188 constituti
2792 3134 2975 3187 clerici
3011 3134 3325 3187 discutiant.
3369 3134 3438 3186 At

1868 3226 1913 3281 si
1947 3228 2146 3280 civitas
2180 3242 2449 3280 xenonem
2486 3241 2592 3279 non
2627 3225 2843 3288 habeat,
2883 3241 2970 3278 res
3000 3241 3094 3293 per
3122 3226 3436 3294 episc0pnm

1867 3331 1962 3374 aut
1994 3335 2340 3375 ceconomum
2371 3320 2422 3372 in
2460 3334 2726 3389 pauperes
2760 3319 3030 3388 alioquive
3082 3334 3281 3388 egenos
3331 3334 3437 3372 non

1867 3416 2078 3474 retenta
2110 3406 2353 3461 Falcidia
2376 3406 2800 3461 distribuantur.
2826 3407 2920 3459 Sin
2947 3416 3127 3460 autem
3153 3408 3205 3459 in
3231 3417 3435 3463 certam

1866 3515 2190 3572 personam,
2245 3497 2687 3554 venerabilemve
2734 3506 2942 3553 certam
2994 3499 3213 3554 domum
3261 3501 3439 3568 respi-

1865 3598 2018 3650 ciens
2049 3593 2374 3663 reliquerit:
2409 3593 2498 3645 illa
2540 3592 2654 3645 sola
2692 3593 2860 3661 capit,
2906 3607 3013 3645 non
3059 3593 3282 3645 subiens
3313 3592 3438 3645 Falo

1863 3688 2087 3742 cidiam.
2154 3686 2387 3741 Constit.
2455 3699 2605 3738 vero.
2656 3683 2709 3736 5.
2764 3686 2852 3740 tit.
2898 3685 2935 3738 2
2986 3685 3332 3739 Novellarum
3384 3684 3435 3738 id

1864 3794 2130 3850 pauperes
2162 3794 2259 3849 per
2288 3780 2604 3850 episcopum
2635 3777 2891 3834 distribui
2912 3776 3010 3831 ait.

1936 4055 2001 4109 Et
2028 4064 2208 4111 const.
2235 4056 2323 4119 5‘2,
2357 4054 2442 4108 tit.
2466 4054 2522 4119 2,
2550 4054 2644 4108 lib.
2680 4069 2719 4116 ι,
2756 4053 2883 4107 cod.
2916 4052 3013 4117 ait,
3055 4052 3200 4122 quod
3235 4051 3281 4105 si
3311 4049 3438 4120 quis

1866 4154 2125 4215 gravetur
2175 4145 2574 4199 substitutione
2619 4152 2716 4197 aut
2752 4143 3135 4207 restitutione,
3184 4143 3228 4195 si
3280 4141 3437 4195 liberi

1865 4252 1974 4291 non
2007 4237 2295 4301 exsistant,
2321 4250 2386 4289 ac
2422 4235 2616 4289 nolens
2660 4235 3073 4288 matrimonium
3115 4237 3438 4288 contrahere

1868 4328 2136 4397 suscipiat
2165 4330 2329 4381 vitam
2364 4328 2747 4391 monasticam,
2789 4342 2875 4380 res
2908 4325 3173 4399 [relictas]
3218 4327 3269 4379 in
3306 4341 3436 4396 per-

176 4418 409 4509 περιών,
445 4438 477 4507 ἦ
514 4435 912 4505 καταλιμπάνει
947 4436 1020 4496 ώς
1056 4434 1220 4498 Θέλει,
1250 4434 1488 4496 εὐσεϐῶς
1548 4434 1753 4503 μέντοι.

1870 4431 2090 4490 petuutn
2125 4419 2359 4481 retineat
2392 4436 2403 4471 :
2451 4433 2514 4472 ac
2553 4418 2682 4471 dum
2723 4426 2992 4486 superest,
3030 4418 3291 4482 insumat,
3341 4427 3439 4472 aut

179 4536 244 4587 Εἰ
276 4533 334 4585 δὲ
360 4532 455 4584 καλ⁸
475 4532 579 4583 ὑπὸ
600 4530 808 4599 αἵρεσιν
829 4528 1169 4589 παιδοποιίας
1194 4525 1525 4603 καταλειφθῇ
1550 4527 1754 4593 αὐτοῖς,

178 4628 399 4696 ἔχουσιν
428 4623 558 4674 αὐτὸ
604 4623 697 4672 καὶ
746 4620 819 4689 μὴ
858 4617 1325 4680 παιδοποιοῦντες.
1369 4617 1442 4668 Τὸ
1496 4616 1626 4668 αὐτὸ
1664 4617 1760 4669 καὶ

179 4720 274 4771 ἐπὶ
312 4734 385 4766 πα
396 4711 768 4784 ρθενευούσαις
792 4709 886 4762 καὶ
914 4710 1005 4761 ἐπὶ
1034 4711 1145 4770 τοῖς
1168 4709 1367 4776 γαμεῖν
1391 4706 1757 4775 κωλυομένοις

178 4805 484 4873 κληρικοῐς·
525 4803 557 4869 ἡ
587 4801 641 4852 δὲ
674 4800 714 4868 β’
749 4799 886 4851 διάτ.
921 4798 1015 4850 τοῦ
1047 4796 1095 4849 α’
1124 4799 1230 4851 τίτ.
1270 4797 1379 4849 τῶν
1414 4796 1642 4866 Νεαρῶν
1672 4795 1761 4847 λέ-

179 4914 266 4967 γει
291 4937 304 4960 ,
335 4897 418 4947 ὅτι
460 4895 488 4945 ὁ
534 4892 908 4961 βεϐαρημένος
949 4890 1170 4960 ληγάτῳ
1209 4889 1242 4960 ἢ
1280 4889 1755 4953 ἁποκαταστάσει,

182 4988 287 5042 ὑπὸ
316 4987 530 5055 αἵρεσιν
566 4983 742 5053 γάμου
770 4982 803 5052 ἧ
832 4982 1090 5044 ἀπαιδίας
1113 5019 1129 5045 ν
1164 4981 1196 5050 ἢ
1238 4980 1333 5033 ἐὰν
1372 4979 1514 5033 οὕτω
1535 4979 1754 5052 δωρηθῇ

179 5080 213 5148 ἢ
258 5077 394 5146 ἑαθῇ
436 5092 577 5136 τινι,
628 5074 722 5126 καὶ
767 5072 992 5142 γένηται
1037 5071 1331 5141 κληρικὸς,
1366 5071 1399 5141 ἢ
1430 5071 1758 5142 μοναχὸς,ἢ

181 5169 531 5229 διακόνισσα,
565 5164 598 5234 ἦ
630 5164 939 5233 ἁσκήτρια,
989 5162 1273 5215 σϐέννυται
1305 5165 1338 5233 ἡ
1370 5163 1758 5216 ἀποκατάστα·

184 5275 304 5322 σις’
353 5258 469 5311 ἀλλ’
514 5258 608 5308 ἐπὶ
657 5255 755 5324 μὲν
786 5254 894 5306 τῶν
942 5253 1220 5323 κληρικῶν
1268 5255 1362 5308 καὶ
1406 5253 1759 5307 διακονισσῶν

183 5353 288 5406 τῶν
317 5349 647 5421 ἐκκλησιῶν,
678 5348 767 5400 ὅτε
795 5347 953 5416 μέχρι
980 5347 1080 5416 τῆς
1117 5345 1254 5409 ἰδίας
1280 5345 1427 5415 ζωῆς
1455 5349 1564 5409 τοῖς
1588 5344 1761 5399 τοιού-

184 5461 293 5507 τοις
320 5441 655 5511 έπιμένοιεν,
697 5438 789 5488 καὶ
820 5437 889 5488 τά
918 5436 1022 5487 ὑπὸ
1059 5433 1315 5502 τοιαύτην
1348 5434 1555 5504 αἵρεσιν
1581 5433 1759 5504 δωρη-

188 5536 341 5588 Θέντα
382 5534 415 5603 ἢ
462 5526 895 5595 καταλειφθέντα
923 5565 939 5590 ,
988 5525 1227 5587 εὐσεϐῶς
1270 5525 1674 5595 δαπανήσουσιν
1725 5524 1758 5594 ἢ

188 5625 599 5681 καταλίπουσιν.
634 5619 698 5670 Οἱ
742 5618 849 5687 γὰρ
881 5619 1105 5687 μοναχοί
1137 5618 1233 5669 καὶ
1274 5617 1571 5686 ἀσκήτριαι
1597 5652 1617 5685 ,
1657 5614 1763 5668 κᾶν

185 5717 286 5770 τῶν
311 5709 906 5787 μοναστηρίωναὺτῶν
932 5708 1243 5774 ὲξέλθωσιν,
1268 5707 1416 5778 ὅμως
1442 5706 1511 5764 τὰ
1542 5705 1762 5760 τοιαῦτα

1861 4509 2136 4577 relinquat
2165 4508 2444 4577 quomodo
2474 4507 2609 4569 vult,
2655 4506 2954 4561 dummodo
3000 4508 3053 4560 in
3106 4508 3225 4576 pios
3282 4523 3434 4563 usus.

1863 4596 2065 4670 [Quod]
2105 4599 2316 4653 etiamsi
2364 4599 2468 4652 sub
2514 4600 2824 4653 conditione
2859 4599 3331 4668 suscipiendorum
3371 4600 3438 4653 li-

1863 4695 2120 4749 berorum
2152 4693 2259 4747 illis
2284 4693 2532 4747 relictum
2566 4694 2635 4747 sit
2660 4691 2910 4764 [aliquid]
2960 4694 3013 4747 id
3064 4693 3316 4758 habeant,
3357 4702 3443 4747 ta-

1862 4787 2024 4841 metsi
2070 4787 2270 4840 liberos
2304 4801 2414 4839 non
2452 4787 2777 4853 suscipiant.
2809 4784 2895 4855 [Et
2924 4785 3092 4856 quod]
3123 4786 3226 4839 hoc
3257 4786 3434 4855 ipsum

1866 4877 2163 4949 [obtineat]
2196 4886 2250 4931 et
2285 4877 2338 4930 in
2366 4877 2667 4946 virginitati
2700 4879 2982 4931 servandae
3016 4878 3291 4930 obstrictis
3325 4892 3439 4930 mu-

1863 4970 2113 5035 lieribus,
2145 4979 2199 5025 et
2240 4970 2296 5024 in
2347 4969 2757 5023 matrimonium
2793 4970 3118 5023 contrahere
3148 4968 3439 5037 prohibitis

1862 5063 2098 5118 clericis.
2137 5062 2367 5117 ConStit.
2405 5061 2460 5121 2,
2509 5061 2653 5115 lib.l
2693 5058 3039 5113 Novellarum
3079 5059 3231 5122 dicit,
3268 5058 3440 5125 quod,

1866 5154 1910 5207 si
1943 5152 2146 5223 legato,
2175 5160 2270 5205 aut
2301 5152 2648 5204 restitutione
2677 5160 2934 5220 gravatus
2980 5152 3080 5203 sub
3121 5148 3439 5202 conditione

1865 5244 2200 5312 nuptiarum,
2246 5243 2327 5296 vel
2383 5243 2428 5296 si
2483 5241 2639 5295 liberi
2694 5257 2801 5295 non
2845 5242 3129 5303 exsistant,
3179 5239 3436 5305 clericus,

1866 5333 2191 5396 monachus,
2223 5332 2560 5395 diaconissa,
2598 5330 2677 5383 vel
2730 5330 2959 5384 ascetria
3004 5327 3118 5391 ﬁat,
3159 5325 3442 5380 restitutio

1864 5431 2271 5498 exstinguatur.
2325 5424 2389 5478 Et
2421 5424 2610 5496 [quod]
2653 5423 2836 5478 clerici
2881 5437 2944 5475 ac
2987 5420 3310 5473 diacooissze
3352 5432 3440 5471 ec-

1864 5520 2180 5583 clesiarum,
2210 5518 2430 5588 quando
2463 5532 2637 5587 usque
2679 5516 2742 5568 ad
2779 5514 2937 5567 tinem
2968 5511 3090 5564 vitae
3134 5526 3246 5565 suae
3277 5511 3331 5563 in
3367 5510 3442 5565 iis

1864 5613 2293 5683 permanserint,
2333 5610 2436 5664 sub
2471 5611 2569 5662 hac
2618 5606 2934 5661 conditione
2977 5604 3179 5657 donata
3221 5602 3304 5655 vel
3349 5616 3440 5655 re-

1868 5704 2021 5768 licta,
2048 5702 2105 5759 in
2137 5705 2257 5773 pios
2292 5717 2426 5758 usus
2468 5701 2744 5757 insumere
2788 5704 2885 5754 aut
2928 5695 3238 5765 relinquere
3286 5702 3437 5763 potor:
