3904 6248
400 310 506 373 575

1579 314 1834 375 PHOTII
1867 314 2371 376 PATRIARCIl/E
2410 315 2517 375 ΕΡ.

3558 317 3674 382 576

399 432 549 478 runt.
586 422 644 477 Si
726 423 908 475 autem
944 421 1196 476 monachi
1233 430 1329 476 aut
1370 423 1619 478 ascetriac
1658 425 1975 481 monasteria

2090 425 2388 496 πράγματα
2425 424 2563 493 μετὰ
2608 421 2714 476 τῶν
2747 421 2923 476 ἄλλων
2967 424 3310 494 πραγμάτων
3340 424 3457 487 τοῖς
3504 442 3668 493 μοναί

399 518 685 579 deserant,
717 517 1024 571 istiusmodi
1075 533 1164 572 res
1199 533 1325 573 cum
1362 518 1483 574 aliis
1531 518 1777 588 ipsorum
1817 521 1977 577 bonis

400 607 467 659 ad
500 606 829 659 monasteria
853 606 1148 675 pertinere.
1179 606 1235 661 Si
1263 616 1443 663 tamen
1465 609 1531 663 ad
1551 610 1978 680 redemptionem

403 697 744 765 captivorum
785 706 881 757 aut
911 699 1069 768 117
1091 699 1488 755 exhibitionem
1519 716 1819 772 pauperum
1842 717 1982 772 pra:-

402 788 564 842 dictis
633 789 1040 845 conditionibus
1089 791 1407 847 substitutiu
1458 794 1593 861 fiat,
1634 794 1787 850 nullo
1836 810 1979 865 prae-

400 878 675 933 dictorum
713 879 1001 935 modorum
1038 880 1229 954 [hanc]
1260 884 1499 938 excludi.

472 974 617 1028 Dicit
655 990 822 1045 porro
850 977 902 1041 l,
933 991 1109 1046 caque
1140 980 1303 1033 unica
1335 989 1518 1037 const.
1556 981 1621 1036 tit
1646 982 1735 1050 48,
1767 983 1866 1039 lib.
1899 998 1977 1046 τι,

402 1067 527 1121 cod.
562 1067 742 1123 valere
780 1068 925 1137 quod
967 1069 1296 1139 relinquitur
1330 1070 1484 1126 licito
1540 1070 1822 1146 [cuipiam]
1866 1076 1979 1130 col-

403 1159 545 1227 legio
571 1169 666 1212 aut
698 1160 941 1229 corpori,
977 1160 1191 1216 clericis
1216 1163 1443 1233 collegis
1470 1174 1618 1233 puta,
1647 1173 1743 1219 aut
1788 1167 1977 1233 curiae,

402 1258 498 1304 aut
528 1250 738 1304 cohorti
789 1251 1059 1320 praesulis,
1102 1262 1195 1306 aut
1233 1254 1479 1321 medicis,
1523 1264 1618 1309 aut
1644 1256 1977 1323 doctoribus,

403 1349 499 1395 aut
524 1342 813 1409 advocatis,
853 1352 947 1396 aut
977 1344 1261 1409 militibus,
1291 1356 1385 1400 aut
1408 1345 1651 1414 ejusdem
1692 1348 1825 1403 artis
1863 1350 1980 1419 opi-

2090 516 2332 587 στηρίοις
2357 514 2625 583 διαφέρει’
2652 514 2701 567 εἰ
2732 514 2789 566 δὲ
2818 513 2912 566 ἐπὶ
2942 513 3243 586 ἀναρρύσει
3269 514 3672 584 αἰχμαλώτων,

2085 606 2119 677 ἦ
2151 607 2383 676 πτωχῶν
2412 607 2695 675 ἁποτροφῇ
2741 605 2848 658 ὑπὸ
2876 605 2975 669 τὰς
3017 607 3313 676 εἰρημένας
3350 607 3598 675 αἱρέσεις
3640 608 3673 675 ἠ

2086 699 2524 761 ὑποκατάστασις
2556 698 2818 769 γένηται,
2868 697 2929 763 ἐξ
2956 697 3167 763 οὐδενὸς
3197 698 3308 752 τῶν
3350 699 3671 769 εἰρημένων

2050 812 2057 819 ·
2084 789 2436 843 ἀποκλείεται
2477 790 2712 860 τρόπων.

2154 968 2317 1038 Λέγει
2348 968 2404 1022 δὲ
2426 967 2521 1022 καὶ
2551 968 2586 1038 ὴ
2616 973 2665 1021 α’
2705 967 2799 1022 καὶ
2828 968 2962 1040 μόνη
3007 968 3145 1023 διάτ.
3168 967 3265 1021 τοῦ
3301 965 3395 1038 μη¹
3428 968 3545 1021 τίτ.
3570 967 3669 1020 τοῦ

2087 1057 2140 1125 ς’
2181 1059 2322 1130 βιϐλ.
2348 1059 2443 1114 τοῦ
2496 1058 2627 1113 κώδ.
2660 1060 2743 1113 ὅτι
2767 1059 3005 1132 ἔρρωται
3028 1060 3091 1113 τὸ
3117 1060 3671 1131 καταλιμπανόμενον

2085 1149 2294 1221 θεμιτῷ
2310 1149 2634 1221 συστήματι,
2658 1149 2690 1220 ἢ
2725 1148 3040 1220 σωματείῳ,
3065 1143 3178 1202 οἷον
3206 1149 3603 1220 ωγκλητικῆς,
3632 1150 3667 1221 ἢ

2086 1241 2270 1313 βουλῇ,
2303 1241 2337 1313 ἢ
2366 1239 2517 1306 τάξει
2554 1240 2834 1312 ἄρχοντος,
2880 1241 2914 1311 ἢ
2958 1241 3185 1310 ἰατροῖς,
3216 1240 3251 1310 ἢ
3298 1240 3667 1307 διδασκάλοις,

2081 1336 2115 1400 ἦ
2148 1334 2486 1405 συνηγόροις,
2509 1333 2543 1403 ἢ
2576 1331 2953 1401 στρατιώταις,
2981 1332 3015 1403 ἢ
3049 1331 3444 1402 όμοτέχνοις,ῆ
3484 1332 3666 1402 lapsi-

402 1432 618 1497 ﬁcihus,
649 1433 1157 1499 autsacerdotibus,
1198 1437 1545 1505 autcuipiam
1567 1438 1695 1494 alii:
1726 1449 1780 1495 et
1810 1441 1975 1497 dividi

2086 1443 2187 1493 σιν,
2212 1426 2246 1497 ἢ
2275 1426 2449 1495 ἑτέρῳ
2468 1423 2595 1477 τινί·
2629 1424 2726 1477 καὶ
2758 1422 3071 1495 μερίζονται
3114 1422 3256 1477 κατὰ
3610 1422 3670 1487 ἐξ

401 1523 609 1577 viritim
675 1537 741 1577 ex
773 1539 928 1594 aequo
959 1524 1073 1598 [iis]
1102 1529 1196 1596 qui
1228 1535 1471 1599 tempore
1517 1532 1711 1586 mortis
1768 1532 1821 1586 in
1853 1533 1975 1589 albo

2086 1518 2201 1571 [σου
2228 1517 2279 1571 οἰ
2322 1518 2382 1571 ὲν
2410 1516 2488 1587 τῷ
2512 1514 2691 1587 καιρῷ
2734 1516 2833 1585 τῆς
2878 1513 3137 1620 τελευτῆς
3179 1513 3251 1620 ἐῆν,
3274 1511 3354 1582 τῷ
3383 1511 3670 1620 καταλόγῳ

405 1616 742 1683 reperiantur
773 1628 1167 1690 :praaterquam
1197 1622 1242 1677 si
1266 1633 1469 1678 certam
1487 1626 1846 1695 quantitatem
1869 1637 1975 1683 tes-

2086 1608 2478 1677 εὑρισκόμενοι,
2505 1607 2554 1659 εἰ
2580 1606 2653 1676 μὴ
2680 1604 2843 1675 ῥητὸν
2867 1603 3033 1656 ποσὸν
3051 1604 3079 1655 ό
3103 1602 3425 1711 διαθέμενος
3445 1602 3669 1672 ἑκάστῳ

403 1712 547 1757 tatur
577 1706 871 1777 unicuique
900 1712 1229 1777 attribuerit,
1250 1714 1378 1767 etin
1403 1692 1771 1786 fine—ejusdem
1796 1726 1973 1774 const.

2086 1698 2278 1769 όρίσειο
2303 1698 2397 1752 καὶ
2424 1698 2482 1751 ὲν
2505 1697 2584 1766 τῷ
2609 1694 2756 1748 τέλει
2781 1695 2882 1758 τῆς
2912 1693 3083 1762 αὐτῆς
3103 1692 3242 1746 διατ.
3262 1694 3345 1746 ὅτι
3372 1693 3471 1803 ἑὰν
3499 1709 3671 1803 πρρσ-

402 1794 671 1868 [dicitur],
697 1801 862 1867 quod,
884 1802 931 1856 si
965 1803 1132 1857 semel
1162 1814 1256 1857 aut
1282 1819 1489 1860 annum
1519 1806 1573 1861 in
1596 1808 1715 1877 pios
1741 1824 1874 1865 usus
1900 1824 1975 1865 re-

2086 1790 2228 1857 απαξ
2272 1790 2306 1863 ἢ
2365 1790 2582 1861 ἐτήσιον
2663 1785 3001 1856 καταλειφθῇ
3047 1784 3320 1893 fuat-£619
3374 1783 3669 1893 ἢ.ὲκκλη;

402 1888 589 1942 lictum
620 1892 691 1945 sit
715 1890 964 1966 [aliquid]
1001 1904 1093 1948 aut
1112 1896 1384 1964 ecclesiis,
1414 1906 1509 1953 aut
1536 1875 1861 1966 lenonibus,
1886 1910 1975 1957 aut

2086 1882 2244 1947 σίαις,
2275 1881 2309 1953 ἢ
2341 1879 2585 1945 ξενῶσιν,
2625 1877 2659 1949 ἦ
2688 1876 3000 1948 πτωχείοις,
3023 1875 3075 1966 ,ἦ
3110 1875 3368 1943 εὐαγέσιν
3407 1876 3597 1966 οίκοις,
3629 1875 3665 1943 ἢ

401 1979 656 2047 ptochiis,
697 1988 793 2035 aut
834 1986 1240 2042 venerabilibus
1270 1988 1547 2051 domibus.
1579 2000 1673 2046 aut
1702 1994 1979 2049 communi

400 2069 620 2136 clerico,
652 2081 746 2125 aut
769 2072 835 2127 ad
850 2076 1186 2142 captivorum
1216 2078 1660 2150 redemptionem,
1685 2081 1822 2154 [aut]
1848 2083 1980 2153 ipsis

401 2161 756 2228 pauperibus,
782 2165 862 2217 vel
912 2166 1160 2234 captivis,
1195 2169 1369 2224 valeat
1405 2171 1677 2229 defunctis
1706 2175 1975 2231 voluntas.

475 2250 645 2323 [Lib.]
684 2252 857 2310 lnstit.
882 2257 937 2324 3,
956 2260 1040 2313 tit.
1059 2259 1149 2317 27.
1177 2260 1427 2333 [habetur
1447 2263 1499 2336 :]
1528 2263 1800 2321 Interdum
1832 2269 1977 2338 quod

401 2358 499 2411 per
537 2360 777 2401 errorem
815 2364 924 2403 non
954 2351 1216 2418 debitum,
1249 2354 1486 2409 solutum
1511 2364 1613 2424 est,
1651 2373 1756 2412 non
1784 2360 1981 2429 repeti-

404 2443 495 2488 tur
524 2476 542 2503 ,
585 2446 643 2490 ut
690 2438 745 2493 iu
772 2439 859 2504 iis,
892 2457 1014 2511 quae
1052 2446 1455 2502 venerabilibus
1478 2448 1725 2504 domibus
1742 2451 1825 2505 vel
1852 2451 1979 2507 reli-

402 2525 581 2595 gionis
621 2530 705 2584 vel
736 2531 951 2601 pietatis
978 2534 1177 2590 intuitu
1218 2536 1391 2607 legata
1420 2547 1567 2593 sunt.
1602 2538 1770 2613 [Lib.]
1806 2540 1977 2598 lnstit.

404 2647 478 2696 iv,
510 2634 591 2687 tit.
613 2634 699 2690 l6.
733 2637 884 2704 Quod
910 2640 1310 2697 venerabilibus
1336 2643 1471 2699 locis
1510 2645 1744 2715 legatum
1774 2656 1877 2715 est,
1911 2665 1982 2703 et

401 2722 730 2782 inficiatioue
755 2729 1079 2798 duplicatur.
1110 2730 1255 2787 Dicit
1295 2737 1456 2788 etiam
1478 2746 1653 2792 const.
1685 2736 1754 2804 2,
1786 2740 1870 2793 tit.
1920 2740 1975 2805 2,

400 2815 769 2887 Novellaruni,
791 2824 1001 2895 quodisi
1030 2829 1120 2895 qui
1150 2828 1459 2899 cuicunque
1479 2833 1773 2887 venerabili
1794 2833 1976 2887 domui

400 2908 623 2965 ub.libet
639 2914 948 2969 constitutae
976 2917 1370 2975 infructuosam
1394 2926 1792 2992 possessionem
1811 2928 1981 2983 dona-

399 3001 599 3065 verint,
653 3005 993 3062 vendiderint
1024 3009 1198 3066 aliove
1229 3013 1388 3068 modo
1428 3018 1848 3086 suppeditarint,
1885 3029 1978 3073 aut

396 3088 610 3163 [etiam]
646 3095 965 3165 reliquerint
992 3118 1006 3153 :
1033 3100 1125 3155 illa
1151 3104 1491 3173 publicorum
1520 3108 1847 3167 tributorum
1872 3130 1971 3168 no-
2001 3134 2046 3193 ο

396 3188 543 3241 mine
559 3203 665 3242 non
696 3189 1017 3259 oblaadatur,
1042 3210 1217 3266 neque
1245 3213 1570 3271 quacunque
1590 3204 1695 3259 alia
1716 3205 1784 3261 de
1809 3222 1974 3263 causa

394 3288 809 3348 prmgravetur:
862 3284 957 3339 sed
1007 3301 1170 3343 omne
1212 3289 1522 3348 istiusmodi
1571 3312 1862 3365 gravamen
1916 3300 1973 3355 in

393 3385 490 3426 eos
534 3373 629 3443 qui
671 3374 960 3446 dederunt,
1014 3395 1312 3454 earumque
1362 3386 1605 3445 haercdes
1655 3391 1917 3449 redundet
1955 3410 1971 3461 ;

395 3473 619 3546 [quippe
645 3480 738 3549 qui
772 3490 827 3536 et
852 3482 1007 3541 datas
1036 3490 1417 3556 possessiones
1438 3494 1697 3564 recipere,
1729 3506 1784 3552 et
1812 3512 1976 3555 omne

397 3567 659 3624 damnum
709 3574 855 3641 quod
897 3580 1193 3635 venerabili
1242 3583 1428 3639 domui
1480 3587 1782 3657 obvenerit,
1837 3606 1975 3659 prae-

392 3668 543 3713 stare
598 3674 879 3733 cogantur.
920 3669 1074 3733 Quod
1126 3671 1303 3745 [item]
1371 3677 1419 3730 si
1478 3678 1616 3734 forte
1655 3680 1781 3735 dolo
1831 3682 1975 3739 malo

394 3751 584 3820 aliquo
626 3769 725 3822 pro
774 3758 1086 3816 istiusmodi
1139 3764 1494 3824 infructuosis
1530 3774 1781 3828 nonnihil
1820 3791 1849 3829 a
1882 3791 1975 3831 ve-

398 3846 724 3937 iterabilium
755 3851 1016 3909 domuum
1050 3855 1567 3936 [dispensatoribus]
1600 3866 1763 3937 118
1785 3868 1971 3924 datum

394 3934 593 3991 fuerit:
625 3940 678 3994 id
710 3944 854 4012 quod
899 3947 1086 4001 datum
1131 3959 1236 4018 est,
1288 3934 1854 4015 venerabilisido—mus
1893 3962 1975 4015 ιυ-

395 4039 601 4098 cretur,
641 4043 695 4089 et
742 4051 829 4091 res
881 4037 1232 4099 infructuosae
1274 4046 1324 4099 ei
1378 4048 1469 4115 qui
1526 4048 1696 4115 dedit,
1746 4052 1975 4125 ejusque

392 4120 700 4188 haeredibus
730 4130 1111 4188 restituantur.
1160 4133 1353 4195 Const.
1399 4149 1580 4195 autem
1613 4143 1681 4207 1,
1726 4120 1972 4214 ejusdem

393 4214 477 4268 tit.
530 4218 627 4273 ait.
678 4222 822 4289 quod
859 4264 875 4289 ,
918 4226 1010 4293 qui
1058 4240 1379 4285 mconomus
1416 4230 1818 4303 [religiosarum
1872 4240 1975 4295 do-

398 4308 613 4381 muum]
639 4351 654 4374 ,
682 4313 995 4381 prwfectus,
1049 4321 1423 4390 xcnodochus,
1457 4340 1812 4402 nosocumus,
1852 4343 1977 4402 pto-

2079 1971 2244 2042 κοινῷ
2295 1971 2503 2043 κλήρῳ,
2555 1969 2589 2041 ἤ
2650 1971 2731 2033 εἰς
2791 1965 3154 2039 αἰχμαλώτων
3199 1966 3439 2038 λύσιν,ἢ
3478 1965 3667 2028 αὐτοῖς

2078 2066 2191 2127 τοῖς
2246 2064 2483 2133 πτωχοῖς
2520 2060 2695 2132 ἦτοῖς
2727 2058 3097 2130 αἰχμαλώτοις
3137 2059 3329 2130 κρατεῖ
3367 2059 3401 2129 ἡ
3441 2056 3536 2110 τοῦ
3586 2073 3670 2110 τε·

2078 2155 2436 2226 λευτήσαντος
2473 2153 2746 2224 βούλησις.

2160 2242 2626 2298 Ἰνστιτουτιὼνων
2683 2238 2733 2308 γ’
2779 2238 2885 2293 τίτ.
2931 2238 3035 2303 κζ’,
3092 2236 3241 2290 ἐστιν
3295 2236 3386 2290 ὅτε
3432 2234 3496 2289 τὺ
3519 2234 3668 2288 κατά

2080 2337 2290 2407 πλάνην
2348 2334 2605 2389 ἰνδέϐιτον
2659 2331 2961 2402 διδόμενον,
2999 2330 3058 2383 οὐ
3116 2327 3547 2400 ρεπετιτεύεται,
3583 2326 3664 2390 ὡς

2079 2429 2172 2485 ἐπὶ
2245 2428 2355 2482 τῶν
2420 2425 2874 2499 ληγατευομὲνων
2933 2422 3182 2491 εὐαγέσιν
3241 2422 3411 2483 οἰκοις
3474 2420 3670 2488 σκοπῷ

2080 2519 2433 2593 θρησκείαςῆ
2468 2518 2767 2581 εὐσεϐείας·
2821 2512 3263 2570 ἰνοτιτουτιώνων
3303 2512 3347 2566 δ’
3366 2512 3470 2566 τίτ.
3502 2509 3581 2575 ις’
3607 2510 3670 2563 τὸ

2078 2612 2514 2683 ληγατευόμενον
2555 2608 2777 2677 εὐαγέσι
2828 2607 3014 2670 τόποις
3057 2606 3116 2673 ἐξ
3152 2605 3435 2677 ἀρνήσεως
3468 2601 3668 2655 διπλα-

2081 2702 2342 2766 σιάζεται.
2400 2700 2539 2770 Φησὶ
2581 2700 2640 2753 δὲ
2692 2700 2784 2753 καὶ
2834 2700 2868 2769 ἡ
2915 2697 2959 2768 β’
3001 2697 3142 2751 διάτ.
3202 2695 3297 2749 τοῦ
3339 2695 3383 2765 β’
3411 2694 3519 2747 τίτ.
3552 2693 3669 2746 τῶν

2078 2794 2333 2865 Νεαρῶν,
2356 2794 2431 2857 ὡς
2459 2793 2554 2848 ὲάν
2579 2810 2725 2856 τινες
2767 2792 3065 2863 οἰῳδήποτε
3114 2788 3418 2844 καθεστῶτι
3458 2789 3668 2857 ἄπορον

2078 2887 2271 2957 κτῆσιν
2301 2886 2676 2957 δωρήσωνται,
2714 2883 2747 2955 ἢ
2802 2883 3151 2954 πωλήσωσιν,
3184 2882 3218 2953 ἢ
3264 2880 3437 2950 ἑτέρῳ
3477 2880 3667 2949 τρόπῳ

2078 2976 2515 3048 παράσχωσιν,ἢ
2554 2975 2916 3038 καταλίπωσι,
2971 2974 3045 3045 μὴ
3083 2971 3415 3043 βλάπτεσθαι
3442 2970 3535 3024 τὸν
3570 2986 3665 3022 σε-

2080 3068 2313 3137 ϐἁσμιον
2348 3062 2519 3133 οἰκον,
2542 3066 2575 3137 ἢ
2602 3066 2847 3136 δημοσίῳ
2884 3064 3130 3135 ὀνόματι,
3161 3064 3197 3136 ἣ
3237 3062 3405 3135 ἄλλης
3440 3058 3669 3115 aias-05v

2077 3158 2237 3229 χάριν
2265 3157 2443 3220 αἰτίας
2475 3156 2823 3229 βαρύνεσθαι·
2850 3155 2988 3211 ἀλλὰ
3016 3156 3170 3210 ἆπαν
3194 3154 3439 3209 τοιοῦτον
3466 3153 3661 3224 βάρος,

2076 3251 2157 3313 εἰς
2202 3250 2330 3314 τοὺς
2388 3249 2688 3320 δεδωκότας
2739 3250 2836 3304 καί¹
2878 3251 3006 3315 τοὺς
3056 3250 3236 3304 αὐτῶν
3295 3248 3669 3318 κληρονόμους

2074 3341 2373 3406 ἐπανιέναι,
2406 3340 2886 3411 ἀναγκαζομένους
2916 3342 3009 3395 καὶ
3040 3343 3137 3406 τὰς
3159 3340 3405 3404 δοθείσας
3433 3341 3663 3408 κτήσεις

2074 3432 2387 3500 ἀναλαϐεῖν,
2443 3434 2537 3487 καὶ
2578 3436 2760 3488 πᾶσαν
2817 3433 3023 3506 ζημίαν
3083 3432 3525 3505 προσγινομένην
3588 3429 3669 3499 τῷ

2075 3526 2262 3595 εὐαγεί
2286 3527 2419 3598 οῐκῳ
2452 3527 2853 3599 ἁποκαθιστᾷν.
2885 3528 2951 3581 Εἰ
2991 3528 3049 3582 δὲ
3078 3526 3155 3592 ὡς
3184 3526 3331 3591 εἰκὸς
3361 3525 3504 3580 κατά
3541 3541 3670 3577 τινα

2070 3618 2244 3685 δόλον,
2294 3618 2390 3673 καί
2426 3636 2549 3673 τινα
2581 3618 2725 3690 ὑπὲρ
2781 3619 2893 3674 τῶν
2938 3619 3199 3674 τοιούτων
3240 3618 3464 3690 ἀπόρων
3503 3616 3666 3686 ἐδόθη

2074 3711 2185 3773 τοῖς
2210 3709 2465 3778 εὐαγέσιν
2497 3710 2690 3779 οἴκοις,
2730 3711 2802 3766 τὰ
2831 3713 2928 3783 μὲν
2953 3712 3177 3766 δοθέντα
3224 3712 3317 3765 τὸν
3367 3709 3668 3778 σεϐάσμιον

2073 3795 2223 3854 οἷκον
2251 3802 2686 3873 ἁποκερδαίνεινο
2714 3804 2784 3859 τὰ
2806 3803 2865 3856 δὲ
2905 3804 3088 3875 ἄπορα
3121 3803 3429 3874 πράγματα
3463 3799 3543 3870 τῷ
3582 3800 3669 3852 δε-

2074 3892 2269 3945 δωκότι
2301 3894 2534 3957 καὶτοῖς
2565 3894 2731 3947 αὐτοῦ
2764 3896 3125 3967 κληρονόμοις
3156 3891 3665 3948 ἀποκαθίστασθαι·

2075 3980 2109 4050 ἡ
2139 3979 2195 4031 δὲ
2222 3985 2270 4032 α’
2296 3980 2440 4035 διάτ.
2469 3981 2564 4034 τοῦ
2599 3982 2766 4036 αὑτοῦ
2795 3984 2903 4039 τίτ.
2938 3985 3124 4054 φησὶν,
3165 3984 3248 4037 ὅτι
3278 3984 3308 4037 ό
3338 3981 3589 4036 τοιοῦτόν
3616 3998 3672 4034 τι

2073 4064 2286 4138 πράξας
2307 4067 2611 4139 οἰκονόμος,
2648 4071 2682 4140 ἧ
2718 4071 3062 4143 ἡγούμενος,
3112 4072 3147 4143 ἢ
3185 4072 3485 4143 ξενοδόχος,
3513 4070 3551 4141 ἢ
3585 4088 3671 4124 νο-

2074 4157 2330 4229 σοκόμος,
2357 4160 2391 4231 ἦ
2423 4162 2829 4233 πτωχοτρόφος,
2857 4165 2890 4235 ἢ
2934 4164 3366 4236 όρφανοτρόςρος,
3397 4164 3431 4233 ἢ
3463 4180 3667 4234 γερον-

2070 4250 2343 4321 τοκόμος,
2410 4254 2626 4309 οἴκοθεν
2694 4258 2774 4329 τῷ
2842 4259 3100 4314 δεδωκότι
3169 4258 3501 4331 θεραπεύσει
3570 4259 3674 4331 τὴν

2071 4341 2326 4396 ἐντεῦθεν
2349 4344 2497 4416 αὑτῷ
2524 4348 2812 4417 συμϐᾶσαν
2836 4351 3060 4421 ζημίαν.

392 4400 760 4470 chotmphus,
828 4409 1329 4482 orphauotrophus,
1388 4425 1483 4471 aut
1512 4400 1937 4488 geroiitucomus
1976 4430 2081 4486 tale
2119 4434 2395 4505 quippiam
2430 4400 2693 4505 ,feceritt
2832 4400 3173 4512 audaci-qui
3222 4440 3374 4497 dedit
3403 4442 3549 4512 quod
3595 4437 3673 4496 illi

393 4494 536 4561 unde
566 4495 825 4552 damnum
860 4499 1166 4571 obvenerit,
1202 4507 1481 4563 resarciet.

458 4584 613 4641 CAP.
652 4584 719 4642 ll.
749 4620 820 4631 —-—
845 4589 924 4644 De
945 4594 1112 4647 sacris
1146 4596 1285 4651 vasis
1312 4607 1362 4653 et
1392 4602 1630 4658 donariis

830 4770 1200 4838 Apostolorum
1232 4793 1405 4833 canon
1427 4781 1516 4835 75.

461 4855 530 4911 75
574 4856 687 4931 [72]
735 4857 838 4915 Vas
867 4876 1118 4933 aureum,
1148 4869 1235 4922 vel
1282 4884 1623 4943 argenteum,
1668 4880 1749 4933 vel
1784 4883 1966 4940 velum

390 4949 791 5015 sanctificatum
832 4970 994 5036 nemo
1042 4960 1279 5029 amplius
1317 4964 1371 5017 in
1402 4968 1586 5029 ,‘suum
1638 4986 1795 5027 usum
1826 4990 1962 5030 con-

391 5052 602 5111 vertat;
638 5047 741 5103 hoc
768 5049 825 5103 fit
857 5051 1003 5105 enim
1035 5064 1231 5122 praeter
1258 5055 1350 5125 jus
1377 5066 1426 5112 et
1471 5073 1665 5116 contra
1698 5063 1864 5135 leges.
1908 5067 1965 5124 Si

389 5134 515 5204 quis
542 5146 726 5194 autem
757 5140 1131 5211 deprehensus
1158 5145 1344 5214 fuerit,
1378 5150 1658 5207 multetur.

394 5248 638 5321 Synodus
669 5256 723 5310 in
750 5258 941 5327 templo
968 5260 1071 5325 SS.
1097 5263 1459 5332 apostolorum
1483 5267 1687 5333 habita,
1719 5271 1893 5340 prima
1920 5282 1971 5328 et

643 5350 875 5403 secunda
901 5365 1229 5421 nuncupata,
1266 5372 1490 5413 canones
1535 5361 1587 5426 1,
1621 5361 1707 5418 10.

468 5523 523 5579 1.
565 5524 676 5583 Res
735 5530 872 5586 adeo
923 5535 1259 5602 veneranda,
1314 5546 1368 5592 et
1423 5540 1785 5611 honorabilis,
1843 5556 1897 5600 et
1941 5562 1970 5601 a

399 5614 599 5682 beatis,
628 5627 685 5673 et
714 5624 921 5678 sanctis
941 5625 1195 5682 Patribus
1226 5630 1428 5687 nostris
1451 5631 1563 5701 jam
1592 5634 1722 5689 olim
1749 5636 1976 5705 pulchre

402 5707 727 5783 excogitata,
771 5719 1230 5776 monasteriorum
1271 5722 1594 5793 mdificatio,
1638 5724 1800 5783 hodie
1830 5728 1970 5784 male

1995 4619 2044 4676 D
2143 4616 2398 4676 ΚΕΦΑΛ.
2433 4621 2510 4678 B'.
2540 4651 2610 4665 —
2650 4623 2791 4693 Περί
2825 4622 2999 4693 ἱερῶν
3040 4623 3283 4680 σκευῶν
3318 4625 3418 4680 καί
3446 4626 3676 4696 ἀναθη-

2071 4710 2298 4780 μάτων.

2487 4801 2876 4857 ⁹Αποστόλων
2897 4802 3098 4858 κανὼν
3128 4811 3231 4874 ογ⁸.

2144 4888 2245 4957 στ’.
2260 4888 2462 4955 Σκεῦος
2481 4895 2719 4963 χρυσοῦν
2741 4894 2773 4963 ἢ
2793 4895 3070 4966 ἀργυροῦν
3092 4895 3375 4966 ἁγιασθὲν,
3400 4897 3435 4967 ἢ
3451 4896 3669 4967 ὀθόνην,

2076 4980 2264 5052 μηδεὶς
2306 4982 2387 5036 ἔτι
2430 4984 2512 5048 εἰς
2539 4986 2749 5041 οἰκείαν
2789 4988 2984 5058 χρῆσιν
3015 4989 3459 5061 σφετεριζέσθωο
3485 4992 3675 5062 παραυ

2077 5091 2237 5145 μονον
2292 5074 2423 5146 γάρ·
2479 5077 2529 5129 εί
2579 5077 2635 5132 δέ
2668 5097 2753 5144 τις
2795 5080 3105 5153 φωραθείη,
3170 5081 3523 5153 ὲπιτιμάσθω
3558 5084 3668 5153 ὰφ-

2075 5163 2315 5236 ορισμῷ.

2142 5276 2413 5331 Συνόδου
2435 5277 2488 5332 α’
2502 5277 2600 5333 καί
2630 5278 2691 5344 β’
2727 5282 3243 5351 συγκροτηθείσης
3261 5282 3334 5337 ἐν
3349 5286 3670 5340 Κωνοτσνκ

2070 5369 2413 5423 τινουπόλει
2435 5368 2505 5424 ἐν
2524 5369 2604 5436 τῷ
2626 5370 2751 5437 ναῷ
2789 5372 3004 5443 Ἀτ-ίων
3022 5374 3433 5443 Ἅποστόλωγ,
3464 5378 3669 5432 κανὼν

2075 5463 2125 5509 α’
2156 5460 2250 5512 καὶ
2293 5459 2349 5519 ι’.

2152 5556 2222 5603 α’.
2246 5552 2488 5623 Πρᾶγμα
2519 5553 2715 5624 σεμνὸν
2747 5554 2890 5609 οὕτω
2920 5556 3017 5610 καὶ
3048 5556 3252 5626 τίμιον,
3280 5562 3517 5626 καὶτοῖς
3552 5580 3661 5632 μα-

2080 5640 2291 5709 καρίοις
2344 5642 2439 5695 καὶ
2488 5644 2658 5709 ὁσίοις
2710 5647 2992 5717 Πατράσιν
3054 5648 3212 5718 ἡμῶν
3260 5650 3433 5705 πάλαι
3479 5653 3659 5719 καλῶς

2080 5731 2384 5805 ἐπινοηθὲν,
2424 5736 2456 5808 ἡ
2506 5737 2614 5793 τῶν
2664 5726 3044 5815 μοναστηρίων
3086 5742 3434 5819 ἀνοικοδομὴ,
3471 5747 3656 5809 κακῶς
