3904 6248
190 194 267 259 5'17
990 183 1392 246 SYNTAGMA
1435 179 1734 244 CANONU

1864 203 1929 211 -
1969 178 2119 238 ΤΙΤ.
2157 176 2242 239 II.
2278 175 2436 237 CAP.
2483 176 2566 237 II.
3304 175 3411 239 578

190 310 348 382 ὁρᾶται
394 304 765 377 πραττόμενον
831 303 1092 374 σήμερον.
1156 302 1313 365 Τινές
1381 300 1491 373 γὰρ
1555 300 1725 368 ὖνομα

1836 294 2055 367 geritur.
2083 294 2337 350 Nonnulli
2377 293 2523 349 enim
2576 290 2692 347 suis
2722 287 2926 359 copiis,
2970 295 3025 343 et
3058 284 3408 341 facultatibus

198 377 518 472 μονοστηρίου
553 400 676 463 ταῖς
700 397 929 461 οἰκείαις
966 397 1310 467 περιουσίαις
1338 395 1433 448 καὶ
1464 392 1734 464 ύπάρξεσι

1838 404 2034 444 nomen
2068 386 2385 442 monasterii
2414 386 2778 454 imponentes,
2812 390 2865 435 et
2898 395 2991 435 eas
3025 379 3137 433 Deo
3161 377 3410 435 sanctiﬁ-

191 491 520 564 περιθέμενοι,
557 491 653 544 καὶ
684 490 803 559 Θεῷ
826 489 1182 559 καθαγιάζειν
1208 487 1410 551 ταύτας
1457 485 1732 555 ἐπαγγελ-

1837 496 1963 537 care
2006 480 2345 551 proﬁtentes,
2399 492 2458 531 se
2498 490 2690 531 eorum
2742 487 2865 543 qua)
2905 481 3034 527 sunt
3084 479 3407 527 consecrata

189 585 399 653 λόμενοι,
448 580 674 650 κυρίους
731 597 794 635 τε
851 582 964 635 τῶν
1034 580 1452 653 ἀφιερωθέντων
1507 581 1734 644 ἑαυτοὺς

1836 573 2094 628 dominos
2132 586 2257 626 esse
2287 569 2614 633 inscribunt,
2646 576 2701 621 et
2737 566 2853 622 sola
2896 566 3260 636 appellatione
3298 565 3409 621 Deo

190 674 549 744 ἀναγράφουσι,
592 674 690 727 καὶ
753 672 890 745 μόνῃ
938 676 1006 746 τῇ
1068 673 1412 744 προσηγορίᾳ
1455 673 1517 727 τὸ
1576 673 1733 726 Θεῖον

1836 662 2087 717 dedicare
2117 658 2421 714 machinari
2438 659 2816 712 decreverunt.
2856 655 3109 709 Eamdem
3137 655 3284 709 enim
3309 670 3408 724 po-

188 761 408 831 ἀφοσιοῦν
436 760 858 831 ἐπιμηχανᾶσθαι
888 759 1236 829 διεγνώκασι·
1280 758 1381 831 τὴν
1428 758 1537 830 γὰρ
1562 756 1734 827 αὐτὴν

1839 761 2089 811 lestatem
2122 754 2286 808 etiam
2328 760 2453 821 post
2489 748 2960 805 consecrationem
2996 747 3100 801 sibi
3138 762 3407 817 usurpare

191 853 437 920 ἐξουσίαν,
481 853 577 906 καὶ
623 853 772 925 μετά,
811 853 912 924 τὴν
954 853 1256 923 ἀφιέρωσιν
1299 852 1401 905 οὐκ
1437 850 1734 922 ἐρυθριῶσι

1838 861 1948 901 non
1980 847 2337 911 erubescunt,
2381 858 2545 913 quam
2588 842 2743 911 prius
2779 840 2977 894 habere
3006 853 3115 893 non
3142 839 3405 892 vetaban-

190 944 586 1015 σφετερίζεσθαι,
626 945 806 1016 ἥνπερ
886 944 1031 1019 ἔχειν
1056 944 1157 998 οὐκ
1200 943 1501 998 ἐκωλύοντο
1530 944 1732 1014 πρότε-

1838 946 1929 993 tur
1963 952 1980 991 :
2013 946 2068 993 et
2095 946 2243 992 tanta
2282 935 2361 990 rei
2393 933 2724 1003 cauponatio
2751 931 2992 985 adhibita
3023 939 3127 993 est,
3152 938 3212 983 ut
3236 930 3404 983 multa

1836 1044 2031 1086 eorum
2065 1044 2184 1098 quae
2208 1036 2339 1083 sunt
2378 1034 2721 1088 consecrata,
2752 1023 2822 1077 ab
2856 1023 2941 1077 his
2973 1023 3108 1091 ipsis
3137 1024 3231 1091 qui
3271 1036 3405 1076 con-

1836 1128 2132 1177 secrarunt
2167 1121 2385 1176 vendita
2425 1126 2742 1181 cernantur,
2779 1123 2834 1170 et
2878 1115 3321 1179 admirationem,
3353 1121 3408 1167 et

1834 1216 2018 1271 odium
2051 1215 2121 1269 iis
2146 1213 2244 1284 qui
2274 1229 2338 1268 ea
2362 1214 2549 1267 vident
2577 1210 2858 1266 aﬂ‘erentia
2891 1225 2905 1260 :
2938 1217 2990 1262 et
3019 1215 3226 1260 tantum
3252 1206 3409 1260 abest

1834 1318 1895 1361 ut
1932 1306 2099 1361 ullam
2149 1313 2313 1373 agant
2356 1303 2734 1372 pmnitentiam
2785 1300 2856 1353 ob
2905 1298 2981 1363 id,
3025 1301 3172 1368 quod
3216 1311 3407 1353 eorum

1833 1414 1956 1469 quae
1983 1400 2090 1453 Deo
2118 1396 2279 1466 119
2302 1396 2550 1450 dedicata
2582 1404 2730 1457 sunt,
2759 1392 2863 1448 sibi
2895 1398 3218 1460 potestatem
3250 1386 3409 1443 attri—

1832 1489 2023 1553 buant,
2055 1495 2115 1541 ut
2138 1487 2304 1541 etiam
2334 1500 2456 1540 eam
2503 1484 2571 1539 ad
2601 1484 2737 1539 alios
2770 1483 2893 1538 sine
2934 1492 3083 1536 metu
3128 1476 3411 1534 transmit-

1834 1587 1970 1632 tant.
2021 1578 2315 1647 Propterea
2363 1592 2495 1648 ergo
2547 1585 2736 1631 sancta
2784 1574 2993 1629 deﬁniit
3040 1571 3301 1643 synodus,
3349 1577 3411 1621 ut

1836 1669 2041 1723 nemini
2091 1669 2253 1724 liceat
2285 1668 2684 1723 monasterium
2729 1665 2998 1721 aadiﬁcare
3042 1664 3249 1731 absque
3287 1659 3406 1730 epi-

1836 1760 1989 1829 scopi
2020 1760 2318 1824 sententia,
2363 1769 2418 1814 et
2454 1758 2706 1814 consilio.
2738 1756 2836 1811 illo
2878 1764 3060 1810 autem
3096 1754 3323 1814 sciente,
3351 1760 3408 1805 et

189 1054 284 1108 ρον.
334 1035 438 1090 Καὶ
488 1035 721 1107 τοσαύτη
766 1035 1036 1106 καπηλεία
1070 1034 1405 1105 προσετρίϐη
1462 1033 1729 1105 τῷ,πράο

186 1143 349 1197 γματι,
380 1124 521 1178 ὥστε
558 1126 730 1181 πολλά
768 1125 879 1180 τῶν
910 1126 1345 1198 ἁφιερωθέντων,
1385 1125 1517 1198 παρ’
1554 1125 1733 1181 αὐτῶν

186 1236 239 1286 γε
284 1217 380 1273 τῶν
435 1219 861 1289 ἀφιερωσάντων
929 1218 1229 1291 καθορᾶται
1279 1219 1730 1291 πιπρασκόμενα,

187 1308 366 1378 θάμϐος
383 1309 519 1379 ὁμοῦ
559 1310 656 1363 καὶ
684 1311 840 1379 μῖσος
863 1311 974 1373 τοῖς
1002 1309 1205 1381 ὁρῶσιν
1230 1311 1610 1382 παρεχόμενα·
1636 1312 1733 1365 καὶ

186 1402 236 1454 ού
263 1402 403 1470 μόνον
435 1400 539 1455 οὐκ
583 1400 736 1455 ἔστιν
780 1402 963 1465 αὐτοῖς
1004 1402 1359 1472 μεταμέλεια,
1392 1404 1478 1472 ἐφ’
1516 1397 1599 1467 οἷς
1619 1402 1731 1457 τῶν

186 1487 312 1555 ἅπαξ
364 1489 799 1560 ἀνατεθειμένων
860 1489 981 1561 Θεῷ
1038 1490 1140 1561 τὴν
1206 1491 1457 1558 ἐξουσίαν
1515 1494 1728 1555 ἑαυτοῖς

186 1580 717 1651 ἐπιτρέπουσιν,ωά
740 1582 836 1636 καὶ
863 1582 1074 1653 ἑτέροις
1101 1583 1307 1653 ταύτην
1340 1583 1513 1648 ἀδεῶς
1552 1601 1730 1653 παρα-

188 1670 481 1741 πέμπουσιν.
519 1672 748 1743 Ὠρισεν
782 1672 874 1727 οὖν
921 1673 1010 1727 διά
1054 1674 1222 1728 ταῦτα
1255 1675 1289 1744 ἡ
1321 1674 1453 1743 ἁγία
1495 1673 1731 1739 σύνοδος,

189 1766 349 1837 μηδενὶ
374 1763 572 1830 ἐξεῖναι
605 1766 964 1837 μοναστήριον
997 1766 1322 1835 οἰκοδομεῖν,
1355 1765 1483 1819 ἄνευ
1510 1768 1612 1838 τῆς
1639 1766 1733 1819 τοῦ

1759 1627 1807 1688 Β

188 1858 450 1911 ἐπισκόπου
481 1857 711 1928 γνώμης
730 1859 829 1912 καλ⁵
857 1858 1071 1929 βουλῆς·
1097 1858 1311 1912 ἐκείνου
1345 1859 1404 1913 δέ
1438 1861 1735 1925 συνειδότος

186 1952 265 2003 καὶ
285 1949 685 2020 ἐπιτρέποντος,
716 1949 811 2004 καὶ
835 1949 934 2020 τὴν
963 1949 1324 2020 ὀφειλομένην
1361 1949 1736 2014 ἐπιτελοῦντος

187 2040 325 2110 εὐχὴν
355 2040 428 2104 ὡς
462 2042 580 2104 τοῖς
617 2039 787 2095 πάλαι
816 2039 1081 2110 θεοφιλῶς
1120 2040 1556 2113 νενομοθέτηται,
1591 2042 1735 2095 οίκοο

184 2131 432 2203 δομείσθαι
452 2130 557 2201 μὲν
579 2130 640 2184 τὸ
671 2132 1036 2202 μοναστήριον
1060 2147 1075 2160 ·
1118 2130 1261 2201 μετά
1292 2131 1512 2186 πάντων
1544 2132 1603 2186 δέ
1627 2131 1736 2185 τῶν

184 2221 310 2293 αὐτῷ
351 2222 733 2295 προσηκόντων
774 2222 871 2276 σὺν
918 2221 1070 2294 αὐτῷ
1110 2222 1308 2295 ἐκείνῳ
1340 2222 1545 2295 βρεϐίῳ
1572 2224 1737 2293 ἐγκα-

182 2313 559 2385 ταγρᾴφεσθαι,
581 2314 677 2369 καὶ
712 2315 826 2377 τοῖς
848 2315 1228 2379 ἐπισκοπικοίς
1262 2314 1506 2387 ἀρχείοις
1541 2317 1737 2369 ἐναπο-

184 2405 418 2459 τίθεσθαι·
452 2405 720 2477 μηδαμῶς
762 2406 947 2461 ἄδειαν
983 2406 1201 2477 ἔχοντος
1231 2408 1326 2461 τοῦ
1364 2405 1735 2478 ἀφιεροῦντος,

183 2494 313 2566 παρά
333 2494 557 2567 γνώμην
578 2495 671 2550 τοῦ
695 2496 1014 2562 ἐπισκόπου,
1033 2498 1222 2551 ἑαυτὸν
1239 2497 1540 2569 ἡγούμενον
1563 2496 1596 2568 ἢ
1622 2496 1736 2550 ἀνθ’

183 2586 352 2640 ἑαυτοῦ
379 2587 568 2659 ἕτερον
617 2587 899 2659 καθιστᾷν.
929 2590 992 2642 Ei
1020 2589 1128 2659 γὰρ
1149 2588 1293 2659 ἅπερ
1333 2605 1419 2653 τις
1470 2586 1739 2658 ἀνθρώπῳ

181 2677 460 2747 χαρίζεται,
482 2678 696 2732 τούτων
733 2679 918 2734 οὐκέτι
953 2680 1142 2751 κύριος
1183 2677 1319 2734 εἶναι
1341 2680 1584 2747 δύναται,
1621 2679 1741 2744 πῶς

181 2767 307 2841 άπερ
341 2787 420 2833 τις
464 2770 592 2842 Θεῷ
634 2771 959 2840 καθαγιάζει
1004 2773 1100 2826 καί¹
1163 2773 1480 2844 ἀνατίθησι,
1534 2772 1739 2828 τούτων

182 2859 499 2933 ὑφαρπάζειν
531 2864 633 2935 τὴν
681 2864 982 2935 κυριότητα
1026 2865 1558 2938 παραχωρηθήσεται
1583 2882 1631 2935 ;λ

1834 1850 2201 1921 permittente,
2242 1857 2298 1905 et
2338 1864 2459 1905 eam
2491 1863 2653 1918 quam
2689 1847 2849 1901 debet
2896 1844 3200 1898 orationem
3242 1855 3406 1911 pera-

1836 1951 2019 2013 gente,
2050 1951 2109 1998 ut
2152 1942 2222 1997 ab
2259 1940 2499 2009 antiquis
2526 1940 2615 2009 pie
2654 1952 2719 1993 ac
2763 1937 3017 2007 religiose
3050 1944 3271 1990 cautum
3301 1939 3409 1996 est,

1837 2033 2239 2089 monasterium
2265 2031 2488 2101 quidem
2512 2030 2813 2085 aediﬁcetur
2837 2045 2851 2082 :
2875 2026 3059 2082 omnia
3080 2035 3263 2080 autem
3287 2039 3410 2094 qua:

1835 2127 1904 2181 ad
1948 2126 2127 2197 ipsum
2156 2125 2454 2197 pertinent,
2492 2137 2616 2177 cum
2648 2121 2742 2175 illo
2774 2120 2894 2189 ipso
2936 2118 2992 2172 in
3028 2117 3180 2173 brevi
3210 2116 3409 2171 inscri-

1838 2219 2057 2284 bantur,
2106 2226 2160 2273 et
2214 2218 2270 2272 in
2319 2212 2729 2286 episcopalibus
2772 2210 3011 2266 archivis
3055 2216 3412 2277 reponantur,

1838 2311 1990 2365 nullo
2026 2310 2191 2364 modo
2225 2296 2555 2378 potestatem
2599 2305 2832 2360 habente
2869 2318 2935 2357 eo
2965 2302 3058 2372 qui
3103 2310 3411 2363 consecrat,

1838 2419 1899 2459 se
1923 2402 2104 2472 ipsum
2136 2400 2476 2471 praefectum,
2501 2399 2588 2453 vel
2627 2412 2727 2467 pro
2756 2411 2817 2452 se
2856 2395 3021 2453 alium
3051 2392 3412 2448 constituere.

1840 2492 1898 2548 Si
1925 2492 2071 2547 enim
2097 2505 2289 2546 eorum
2328 2503 2450 2559 qua:
2491 2488 2617 2558 quis
2648 2485 2858 2542 homini
2892 2484 3120 2553 largitur
3153 2481 3411 2536 dominus

1840 2583 2077 2654 amplius
2106 2596 2229 2637 esse
2248 2595 2357 2635 non
2379 2589 2578 2648 potest,
2612 2575 2886 2647 quomodo
2911 2588 3102 2629 eorum
3134 2586 3256 2642 quae
3285 2571 3412 2641 quis

1840 2671 1953 2727 Deo
1985 2668 2318 2732 sanctiﬁcat,
2351 2678 2404 2724 et
2430 2667 2668 2733 dedicat,
2698 2664 2801 2721 sibi
2831 2662 3137 2719 dominium
3167 2660 3412 2731 arripere

1840 2764 2051 2820 sinetur
2071 2761 2095 2814 ‘l

240 2951 290 3005 ι’.
336 2955 397 3007 Ol.
425 2956 548 3018 τοῖς
606 2953 838 3010 πάθεσιν
890 2956 1118 3021 ἑαυτοὺς
1151 2956 1402 3021 ἐκδότους
1446 2956 1734 3029 παραστή-

1914 2971 2003 3027 ιο.
2043 2968 2147 3035 Qui
2176 2968 2392 3038 seipsos
2424 2964 2654 3020 tradunt
2685 2963 2853 3019 animi
2878 2959 3412 3033 perturbationibus,

182 3057 371 3110 σαντες,
423 3045 486 3098 ού
552 3044 713 3115 μόνον
738 3045 837 3117 τὴν
868 3045 976 3099 ἀπὸ
1005 3048 1113 3100 τῶν
1167 3047 1327 3119 ἱερῶν
1384 3048 1626 3103 κανόνων
1657 3066 1734 3102 τι-

1840 3076 1951 3116 non
1982 3061 2161 3115 solum
2187 3056 2336 3128 quod
2359 3071 2391 3110 a
2421 3055 2594 3110 sacris
2623 3052 2927 3109 canonihns
2959 3052 3256 3105 intentatur
3283 3064 3411 3117 sup-

182 3135 373 3206 μωρίαν
405 3136 466 3190 οὐ
490 3137 833 3207 φρίττουσιν,
861 3137 998 3194 ἀλλά
1029 3139 1123 3192 καὶ
1141 3139 1319 3193 αὐτῶν
1345 3139 1573 3193 ἐκείνων
1600 3156 1734 3193 κατ-

1839 3151 2066 3222 plicium
2097 3163 2206 3204 non
2245 3148 2497 3208 horrent,
2538 3144 2631 3200 sed
2664 3144 2747 3200 eis
2785 3143 2949 3198 etiam
2994 3141 3258 3195 insultare
3289 3131 3411 3192 ausi

179 3227 429 3296 ορχείσθαι
513 3230 908 3301 τετολμήκασι.
968 3229 1295 3301 Στρεϐλοῦσι
1356 3233 1465 3303 γὰρ
1516 3231 1734 3297 αὐτοὺς.

1840 3251 1990 3298 sunt.
2022 3240 2175 3310 Ipsos
2200 3238 2348 3293 enim
2388 3242 2687 3304 torquent:
2718 3243 2773 3289 et
2797 3232 2862 3288 ad
2898 3246 3054 3287 suam
3084 3229 3253 3284 animi
3286 3242 3411 3297 per-

180 3319 261 3370 ul.
310 3318 441 3389 πρὸς
488 3320 558 3373 τδ
615 3319 861 3391 ἐμπαθὲς
906 3321 1088 3376 αὐτῶν
1133 3321 1618 3394 ἀποκιϐδηλεύουσι
1642 3322 1734 3376 τοῦ

1841 3330 2209 3387 turbationem
2234 3341 2424 3382 eorum
2449 3338 2669 3393 quoque
2693 3322 3029 3377 voluntatem
3053 3318 3362 3373 adulterant
3392 3335 3408 3372 :

182 3403 481 3477 θελήματος,
531 3408 624 3462 ἵνα
669 3411 737 3480 τῇ
769 3411 1048 3484 φιλοτιμίᾳ
1093 3413 1194 3483 τῆς
1235 3412 1567 3483 ἐμπαθείας,
1595 3413 1734 3478 κατὰ

1841 3430 1903 3476 ut
1933 3428 2152 3490 propter
2186 3415 2359 3472 animi
2380 3413 2467 3470 sui
2502 3421 2685 3465 motus
2716 3407 3203 3471 contentationem,
3233 3413 3295 3459 ut
3323 3404 3411 3458 in-

180 3495 259 3551 τδν
284 3497 541 3567 Θεολόγον
570 3499 897 3570 Γρηγόριον,
928 3501 1005 3572 μὴ
1041 3501 1202 3572 μόνον
1228 3502 1519 3557 ἀνεύθυνον
1556 3503 1734 3566 αὐτοῖς

1840 3510 1961 3581 quit
2004 3505 2300 3577 Gregorius
2330 3502 2639 3570 Theologus
2668 3498 2741 3563 ’⁵,
2768 3513 2876 3551 non
2906 3497 3085 3553 solum
3124 3496 3197 3550 sit
3219 3509 3412 3549 eorum

180 3582 283 3661 ᾖτδ
305 3588 493 3657 κακὸν,
534 3590 678 3646 ἀλλά
709 3591 805 3644 καὶ
834 3591 974 3645 θεῖον
1007 3593 1302 3662 νομίζοιτο.
1335 3594 1443 3648 Τὸν
1462 3594 1570 3665 γάρ
1601 3596 1734 3648 ἀπο-

1842 3603 2047 3657 malum
2098 3595 2426 3654 correctioni
2478 3607 2588 3648 non
2645 3590 2965 3656 obnoxium,
3017 3588 3113 3644 sed
3163 3586 3397 3641 divinum

184 3679 402 3735 στολικὸν
429 3682 643 3736 κανόνα
670 3682 763 3737 τὸν
802 3682 1051 3752 λέγοντα,
1082 3684 1282 3751 Σκεῦος
1313 3686 1549 3758 χρυσοῦν
1578 3685 1612 3757 ἢ
1645 3686 1734 3759 ἀρ·

1842 3704 2061 3762 quoque
2106 3687 2475 3744 existimetur.
2522 3682 2902 3753 Apostolicum
2932 3680 3079 3734 enim
3120 3691 3415 3739 canonem,

184 3769 361 3839 γυροῦν
410 3772 701 3841 ἀγιασθέν,
736 3772 770 3842 ἢ
808 3772 1019 3845 ὀθόνην,
1067 3776 1253 3847 μηδεὶς
1287 3776 1369 3829 ἐτι
1417 3777 1499 3841 είς
1532 3778 1734 3833 οἰκείαν

1842 3784 1937 3854 qui
1962 3782 2099 3838 dicit
2132 3797 2147 3835 :
2180 3777 2293 3833 Vas
2317 3777 2573 3842 aureum,
2610 3775 2693 3829 vel
2726 3780 3068 3845 argenteum,
3105 3768 3415 3825 sanctiﬁca-

181 3862 345 3932 χρείαν
374 3863 790 3937 σφετεριζέσθω
814 3879 829 3896 ⁸
862 3867 1177 3939 παράνομον
1202 3869 1329 3939 γάρ’
1354 3870 1402 3922 εί
1436 3869 1494 3923 δέ
1517 3886 1601 3932 τις
1626 3886 1734 3939 φω-

1843 3885 1982 3939 tum,
2015 3872 2104 3928 vel
2133 3870 2317 3926 velum
2348 3869 2579 3930 lineum,
2612 3881 2774 3921 nemo
2806 3864 2859 3918 i'n
2890 3878 3052 3919 suum
3082 3876 3242 3918 usum
3271 3861 3418 3916 acci-

184 3953 350 4026 ραθείη
372 3995 387 4021 ,
417 3956 778 4028 ἐπιτιμάσθω
815 3958 1124 4031 ἀφορισμῷο
1151 3961 1340 4015 τοῦτον
1376 3961 1467 4016 οῦν
1497 3963 1579 4026 είς
1624 3978 1734 4016 συν-

1842 3969 1960 4040 piat
1984 3983 1999 4021 :
2024 3972 2109 4021 est
2132 3965 2277 4019 enim
2314 3970 2510 4033 praeter
2540 3960 2712 4030 leges.
2744 3957 2803 4012 Si
2838 3957 2964 4027 quis
3004 3965 3185 4009 autem
3219 3954 3415 4023 depre-

180 4044 384 4114 ηγορίαν
417 4046 531 4103 τῶν
580 4049 803 4103 οἰκείων
847 4053 1334 4122 παρανομημάτων
1370 4052 1734 4124 ἐκλαμϐάνον·

1845 4060 2051 4115 hensus
2078 4054 2266 4117 fuerit,
2303 4051 2682 4123 segregatione
2709 4048 2990 4102 multetur.
3020 4044 3157 4099 Eum
3178 4045 3255 4123 ad
3284 4059 3413 4098 suo-

180 4150 273 4200 τες,
304 4138 363 4190 οὐ
384 4140 521 4209 φασὶ
555 4140 672 4194 δεῖν
695 4140 1068 4212 καθαιρέσεως
1096 4141 1282 4207 ἀξίους
1311 4144 1591 4214 κρίνεσθαι
1615 4145 1734 4207 τοὺς

1844 4167 1969 4207 rum
2021 4148 2348 4204 delictorum
2394 4142 2763 4215 patrocinium
2811 4146 3175 4202 assumentes,
3224 4136 3416 4191 dicunt

179 4221 264 4293 τὴν
322 4228 634 4301 σεϐασμίαν
679 4230 781 4302 τῆς
817 4230 982 4299 ἁγίας
1016 4232 1299 4304 τραπέζης
1356 4233 1607 4305 ἐνδυτὴν,
1662 4236 1734 4297 είς

1846 4258 1943 4299 eos
1984 4258 2094 4297 non
2135 4247 2390 4309 oportere
2428 4233 2662 4307 iudicari
2694 4231 3031 4301 depositione
3063 4229 3278 4299 dignos,
3318 4227 3415 4296 qui

177 4314 358 4371 οἰκεῖον
415 4296 632 4389 χιτῶνα
800 4296 881 4385 είς
940 4296 1128 4393 ἕτερόν
1184 4296 1373 4383 τιν-τῶν
1393 4296 1615 4396 ἀμφίων
1648 4344 1734 4397 με·

1848 4334 2219 4392 venerandutn
2237 4338 2439 4387 sanctae
2451 4342 2652 4382 mensae
2668 4325 3044 4379 indumentum
3066 4321 3119 4375 in
3138 4320 3415 4390 propriam

177 4407 698 4475 τασχηματίζοντας.
731 4408 807 4462 Οὐ
856 4411 963 4480 μην
1014 4409 1130 4464 ἀλλ’
1168 4411 1294 4464 οὐδὲ
1324 4413 1454 4476 τοὺς
1488 4413 1550 4465 τὸ
1588 4415 1734 4483 ἅγιον

1846 4432 2113 4493 tunicam,
2147 4426 2235 4481 vel
2269 4426 2325 4479 in
2360 4420 2580 4490 aliquod
2620 4416 2768 4472 aliud
2809 4414 3191 4470 vestimentum
3234 4420 3417 4466 trans-

180 4498 442 4569 ποτήριον,
494 4498 544 4554 ὣ
586 4501 688 4571 τῆς
717 4500 972 4566 ἀσεϐείας
1004 4503 1020 4557 l
1053 4502 1088 4574 ἢ
1111 4502 1204 4557 τὸν
1237 4502 1434 4558 σεπτὸν
1458 4503 1662 4573 δίσκον,
1708 4506 1734 4576 ἦ

1843 4522 2104 4576 formant.
2150 4516 2260 4573 Sed
2302 4525 2482 4582 neque
2524 4523 2621 4564 eos
2662 4506 2756 4577 qui
2790 4514 3038 4560 sanctum
3068 4502 3316 4566 calicem,
3345 4501 3416 4571 (ο

180 4585 240 4639 τὰ
275 4588 491 4682 τούτοις
539 4592 926 4663 παραπλήσια,
984 4593 1066 4657 εις
1124 4593 1263 4648 ίδίαν
1317 4595 1734 4662 ἐκδαπανῶντας

1843 4607 2244 4682 impietatem),
2274 4604 2359 4659 vel
2390 4601 2551 4670 120
2584 4596 2947 4654 venerabilem
2973 4593 3206 4659 discum,
3238 4592 3322 4647 vel
3349 4607 3417 4647 ea

181 4680 370 4774 χρείαν,
401 4682 439 4754 ἢ
468 4683 963 4754 καταχραίνοντας·
1017 4687 1047 4739 ὁ
1087 4685 1199 4757 γάρ
1225 4686 1406 4742 κανών
1455 4704 1590 4759 φησι
1618 4689 1734 4753 τοὺς

1844 4680 1966 4774 quae
1988 4707 2118 4757 sunt
2144 4698 2211 4752 iis
2241 4695 2462 4760 similia,
2497 4692 2553 4746 in
2592 4688 2873 4762 proprium
2916 4701 3077 4741 usum
3108 4686 3415 4749 insumunt,

182 4772 249 4834 είς
279 4773 437 4829 τοῦτο
468 4775 929 4846 περιπίπτοντας,
953 4777 1245 4849 ἀφορισμῷ
1286 4778 1734 4845 καθυποϐἀλλειν,

1844 4772 1928 4850 vel
1986 4790 2219 4862 pollunt.
2264 4786 2456 4841 Canon
2503 4784 2671 4847 enim,
2724 4780 3013 4851 inquiunt,
3065 4793 3160 4833 eos
3202 4777 3295 4847 qni
3356 4779 3417 4833 in

181 4862 278 4916 ἀλλ’
302 4866 364 4919 ού
408 4866 737 4937 καθαιρέσει
780 4868 1117 4924 ἐδικαίωσεν.
1167 4870 1329 4925 Ἀλλά
1367 4872 1450 4936 τίς
1482 4872 1548 4927 ἂν
1610 4873 1734 4928 ἀνά-

1846 4887 1951 4940 hoc
1968 4882 2244 4945 incidunt,
2263 4892 2386 4933 esse
2405 4874 2773 4945 segregationi
2795 4888 2904 4926 non
2931 4870 3257 4940 depositioni
3285 4869 3416 4924 sub-

184 4966 343 5046 σχοιτο
366 4957 465 5029 τῆς
494 4957 770 5029 τοσαύτης
802 4962 1203 5031 περιποιήσεως
1231 4962 1326 5015 καὶ
1343 4962 1659 5028 δυσσεϐείας
1684 4966 1734 5020 τὲ

1841 4972 2115 5046 jiciendos
2145 4983 2362 5038 aequum
2394 4965 2632 5021 censuit.
2663 4963 2771 5018 Sed
2804 4962 2929 5032 quis
2955 4969 3118 5017 tantae
3143 4960 3411 5030 perversi-

185 5045 430 5116 μέγεθος;
480 5048 606 5103 τοῦ
641 5050 749 5120 γὰρ
770 5049 994 5115 κανόνος
1023 5052 1137 5115 τοῖς
1180 5051 1241 5106 τὸ
1272 5053 1435 5123 μόνον
1460 5054 1734 5122 ἀγιασθέν,

1847 5045 1997 5127 tatis,
2027 5071 2082 5118 et
2107 5059 2402 5130 impietatis
2433 5055 2864 5126 magnitudinem
2900 5052 3073 5107 ferat?
3100 5053 3235 5107 Cum
3268 5052 3413 5105 enim

186 5136 255 5199 είς
276 5138 469 5210 χρῆσιν
498 5139 619 5194 ἀλλ’
648 5140 748 5194 οὐκ
772 5142 851 5204 είς
897 5141 1111 5196 τελείαν
1137 5143 1397 5217 ἁρπαγὴν
1427 5145 1734 5216 σφετεριζο-

1847 5170 2049 5221 canon,
2079 5167 2175 5207 eos
2194 5150 2289 5221 qui
2314 5147 2463 5219 quod
2496 5147 2562 5201 ad
2598 5161 2759 5201 usum
2793 5145 2969 5201 solum
3005 5152 3087 5198 est
3109 5141 3415 5196 sanctiﬁca-

186 5229 371 5294 μένοις,
423 5231 518 5285 τὸν
584 5231 892 5304 ἀφορισμὸν
942 5232 1393 5303 ἐπιπέμποντος,
1442 5236 1597 5289 αὐτοὶ
1653 5238 1734 5291 καλ

1849 5255 2062 5313 tum,et
2102 5245 2154 5299 id
2198 5257 2308 5298 non
2353 5239 2422 5295 ad
2456 5236 2751 5309 perfectam
2793 5236 3039 5307 rapinam
3076 5234 3179 5288 sibi
3240 5234 3419 5288 vindi-

187 5320 299 5381 τοὺς
348 5320 809 5393 καθαρπάζοντας
880 5325 975 5378 καὶ
1050 5326 1460 5397 ἱεροσυλοῦντας
1522 5330 1591 5383 τά
1641 5330 1734 5384 τῶι

1850 5347 1999 5404 cant,
2046 5332 2413 5407 segregationi
2457 5329 2750 5400 subjiciat,
2806 5328 2908 5397 ipsi
2951 5340 3046 5380 eos
3091 5325 3185 5394 qui
3230 5334 3423 5379 sancta

189 5409 555 5483 ἀγίων,’⁹Αγια,
573 5414 918 5487 ἐλευθεροῦσι
945 5417 1044 5486 τῆς
1070 5418 1465 5491 καθαιρέσεως·
1497 5421 1592 5473 καὶ
1619 5424 1734 5484 τοὺς

1853 5439 2170 5486 sanctorum
2201 5426 2444 5494 rapiunt,
2473 5430 2530 5478 et
2549 5419 2831 5486 sacrilegis
2867 5416 3117 5471 manibus
3142 5413 3422 5477 aufertmt.

191 5500 258 5563 εἰς
299 5504 608 5576 βρωμάτων
658 5506 979 5579 ὑπηρεσίαν,
1018 5510 1142 5562 ὅσον
1186 5527 1248 5579 γε
1301 5513 1373 5582 τῇ
1419 5513 1503 5581 ἐφ’
1536 5514 1734 5576 ἑαυτοῖς

1854 5520 2194 5592 depositione
2231 5518 2463 5574 liberant
2497 5534 2508 5571 :
2540 5522 2715 5570 et'eos
2741 5511 2833 5581 qui
2860 5510 2927 5565 ad
2955 5509 3200 5564 ciborum
3229 5507 3427 5561 minis-

284 5618 327 5648 “
351 5619 517 5689 Greg.
541 5620 682 5675 Nat.
712 5633 849 5677 orat.
883 5623 972 5689 54,
1005 5642 1057 5678 ιι.
1091 5624 1213 5678 546.
