3904 6248
497 258 602 320 579

1653 257 1916 318 PHOTII
1955 256 2457 323 PATRIARCHE
2488 266 2596 327 (ΣΡ.
3641 282 3726 346 580

498 365 721 427 terium,
750 377 852 417 suo
893 361 1116 433 quidcm
1154 371 1304 417 certe
1332 362 1564 431 judicio,
1602 367 1940 421 venerabiles
1974 365 2082 421 dis-

2190 372 2391 440 κρίσει,
2434 375 2561 439 τοὺς
2594 375 2926 446 σεϐασμίους
2948 379 3167 445 δίσκους
3202 381 3330 455 ἢτά
3375 382 3494 453 ἱερὰ
3524 388 3727 458 ποτήρια

502 471 597 510 cos
638 463 693 509 et
731 470 918 510 sacros
954 454 1153 509 calices
1190 456 1515 523 inquinant,
1555 457 1910 527 deponendos
1937 457 2084 526 judi-

502 559 646 612 cant,
682 564 813 614 non,
850 548 1100 616 quamvis
1143 549 1214 602 sit
1253 559 1503 618 apertum
1538 550 1839 619 piaculum,
1880 561 1935 603 et
1978 550 2089 604 cla-

502 659 621 696 rum
648 650 750 704 est,
778 640 1033 714 quodqui
1068 641 1181 694 haec
1208 638 1437 703 faciunt,
1471 656 1579 694 non
1615 641 1791 695 solum
1823 641 1878 695 in
1918 640 2085 710 depo-

500 735 787 797 sitionem,
824 734 915 787 sed
957 735 1011 785 in
1041 744 1300 787 extremae
1327 733 1491 787 etiam
1536 734 1836 802 impietatis
1878 732 2084 786 crimen

503 824 770 878 incidunt.
808 823 873 876 Et
909 822 1051 875 idem
1089 824 1280 876 statuit
1325 834 1510 877 sancta
1553 823 1817 892 synodus,
1859 838 1954 907 eos
1990 823 2084 891 qui

502 915 755 975 calicem,
804 922 895 967 aut
928 913 1166 973 discum,
1220 922 1313 966 aut
1342 913 1697 980 fuscinulam,
1744 922 1837 967 aut
1880 914 2082 977 velum,

501 1018 596 1061 aut
619 1023 788 1061 unum
814 1008 1033 1074 aliquod
1071 1008 1123 1059 in
1153 1007 1311 1060 altari
1351 1021 1639 1061 sacrorum
1669 1013 1725 1059 et
1770 1014 2083 1059 sanctorum

502 1125 781 1175 vasorum,
826 1111 909 1163 vel
961 1111 1435 1175 vestimentorum,
1482 1109 1548 1163 ad
1587 1108 1869 1180 proprium
1924 1123 2083 1161 usum

501 1200 750 1267 capiunt,
788 1199 869 1253 vel
917 1199 981 1252 ad
1025 1198 1316 1268 profanum
1352 1215 1509 1253 usum
1541 1206 1890 1264 convertunt,
1919 1198 2085 1251 abso-

501 1305 628 1360 lutae
660 1306 987 1374 depositioni
1025 1305 1244 1373 subjici.
1285 1303 1400 1359 Hoc
1430 1307 1576 1359 enim
1618 1313 1701 1359 cst
1740 1305 2029 1375 profanare
2069 1325 2082 1359 :

503 1397 633 1451 illud
665 1412 793 1450 vero
830 1397 1126 1465 surripere.
1163 1396 1271 1450 Eos
1311 1396 1531 1465 quidem
1563 1406 1744 1463 certe,
1786 1398 1880 1465 qui
1922 1410 2081 1450 extra

502 1491 706 1557 altarel,
736 1505 861 1543 vasa
900 1489 1149 1558 quaedam
1182 1497 1487 1559 segregata,
1514 1491 1596 1542 vel
1632 1498 1832 1554 vestes,
1866 1490 1969 1543 sibi
1999 1488 2085 1543 vel

502 1582 625 1635 aliis
657 1584 918 1649 praebent.
954 1596 1049 1635 eos
1082 1595 1257 1633 canon
1311 1596 1533 1650 quoque
1564 1590 1813 1651 segregat
1849 1598 1863 1634 ε
1898 1588 1953 1635 et
1981 1596 2080 1635 nos

501 1691 607 1729 una
642 1689 857 1743 quoque
886 1691 1251 1745 segregamus.
1278 1673 1385 1728 Eos
1422 1684 1603 1726 autem
1634 1672 1724 1742 qui
1763 1673 1922 1742 plane
1954 1687 2080 1727 sur-

502 1765 727 1834 ripiunt,
751 1766 1139 1835 sacrilegorum
1173 1763 1615 1819 condemnationi
1638 1762 1985 1829 subjicimus.

2189 470 2721 542 καταμολύνονταςῆ
2762 472 3167 540 καταλύοντας,
3202 474 3585 546 ἀκαθαιρέτους
3637 481 3727 531 elo-

2190 562 2405 629 ἀγουσι,
2430 564 2605 616 καίτοι
2640 564 2875 634 φανεροῦ
2897 563 3298 635 καθεστηκότος
3327 566 3419 618 τοῦ
3438 567 3725 637 μιάσματοςσ

2190 657 2283 709 καὶ
2331 656 2493 727 δῆλον
2528 656 2604 720 ὡς
2631 658 2680 709 οἱ
2710 656 2777 710 τὰ
2802 656 3031 711 τοιαῦτα
3079 658 3441 727 πράσσοντες,
3486 658 3547 711 οὺ
3594 660 3728 727 μόνον

2188 750 2582 821 καθαιρέσεως,
2627 749 2764 803 ἀλλά
2804 750 2901 803 καὶ
2936 749 3036 820 τῆς
3070 750 3308 820 ἐσχάτης
3348 749 3647 813 δυσσεϐείας
3668 752 3728 820 τῷ

2188 843 2497 911 ἐγκλήματι
2557 842 2970 913 περιπίπτουσι.
3047 841 3247 911 Διόπερ
3296 840 3495 912 ὥρισεν
3543 843 3575 911 ή
3625 842 3728 909 ἁγία

2189 933 2425 996 σύνοδος,
2457 932 2586 995 τοὺς
2606 934 2667 985 τὸ
2696 931 2851 1000 ἆγιον
2878 932 3161 1002 ποτήριον,
3194 931 3227 1002 ἢ
3252 931 3343 983 τὸν
3365 930 3542 983 δίσκον
3564 971 3577 993 ,
3602 930 3631 1000 ἢ
3652 931 3728 999 τὴν

2186 1023 2402 1088 λαὸίδα,
2434 1024 2467 1094 ἢ
2514 1025 2612 1093 τὴν
2642 1022 2947 1092 σεϐασμίαν
2996 1022 3238 1091 ἐνδυτὴν,
3275 1022 3307 1090 ἢ
3338 1021 3429 1073 τδν
3472 1021 3730 1089 λεγόμενον

2186 1117 2346 1186 ἀέρα,
2374 1116 2409 1187 ἢ
2440 1116 2631 1178 ἁπλῶς
2659 1117 2786 1178 τοὺς
2814 1116 2873 1169 ἐν
2915 1134 2967 1168 τι
3005 1114 3114 1167 τῶν
3178 1116 3235 1166 ἐν
3275 1114 3353 1183 τῷ
3396 1113 3730 1183 θυσιαστηρίῳ

2191 1209 2352 1279 ίερῶν
2385 1211 2480 1262 καὶ
2515 1209 2685 1276 ἀγίων
2729 1208 2940 1261 σκευῶν
2974 1207 3008 1277 ἢ
3034 1207 3467 1277 ἀμφιασμάτων,
3510 1207 3584 1268 εἰς
3626 1205 3730 1257 ἴδιον

2187 1303 2377 1374 κέρδος
2422 1303 2867 1373 ὑφαρπάζοντας,
2918 1300 2951 1371 ἥ
2990 1302 3070 1363 εἰς
3105 1302 3302 1370 χρῆσιν
3342 1297 3732 1366 ἀποχρωμένους

2186 1395 2440 1463 ἀνίερον,
2493 1394 2746 1447 παντελεῖ
2796 1392 3111 1463 καθαιρέσει
3154 1388 3731 1444 καθυπο6ἀλλεσθαι·τδ

2190 1488 2291 1556 μὲν
2340 1488 2450 1558 γάρ
2485 1489 2601 1539 ἐστι
2649 1485 2979 1556 βεϐηλῶσαι,
3008 1485 3070 1537 τὸ
3126 1483 3182 1536 δὲ
3233 1482 3463 1551 συλῆσαι
3500 1481 3563 1532 τὰ
3606 1478 3729 1544 ἅγια.

2187 1578 2326 1641 Τοὺς
2383 1579 2566 1648 μέντοι
2623 1578 2691 1630 τὰ
2747 1576 2945 1643 ἔξωθεν
2993 1574 3087 1628 τοῦ
3153 1573 3541 1643 θυσιαστηρίου
3585 1571 3731 1638 ἀμφια

2186 1670 2585 1741 ἀφωρισμένα,
2645 1669 2678 1739 ἢ
2731 1669 2902 1739 σκεύη
2960 1669 3115 1734 τινὰ,
3164 1669 3246 1730 εἰς
3296 1667 3494 1737 χρῆσιν
3552 1664 3731 1733 ἀνίερον

2185 1762 2395 1825 ἑαυτοῖς
2429 1762 2462 1832 ἢ
2499 1761 2707 1832 ἑτέροις
2752 1759 3127 1829 παρέχονταςι,
3157 1758 3380 1821 τούτους
3404 1756 3501 1811 καὶ
3528 1756 3554 1809 ὁ
3584 1751 3731 1807 κανὼν

500 1856 775 1927 ἀφορίζει,
824 1857 917 1909 καὶ
969 1857 1133 1927 ἡμεῖς
1183 1854 1655 1925 συναφορίζομεν·
1698 1855 1831 1917 τοὺς
1880 1853 1939 1907 δὲ
1994 1852 2273 1918 παντελῶς
2326 1853 2788 1924 ἀφαρπάζοντας,
2834 1855 2903 1925 τῇ
2959 1851 3072 1905 τῶν
3125 1850 3420 1922 ἱεροσύλων
3487 1847 3719 1916 καταδίκῃ

503 1951 885 2005 καθυποόἀλλο
893 1967 1010 2019 μεν.

679 2040 869 2111 Cyrilli
889 2056 953 2093 ea:
983 2040 1218 2109 epistola:
1266 2040 1335 2093 ad
1369 2038 1633 2093 Domuum
1663 2057 1782 2110 cap.
1813 2038 1870 2092 2.

573 2133 867 2188 Pecuniam
919 2143 1097 2187 autem
1136 2149 1260 2202 qua:
1285 2149 1379 2203 per
1425 2133 1681 2202 injuriam
1737 2132 1838 2201 ipsi
1888 2138 2076 2201 erepta

502 2234 606 2290 est,
637 2225 837 2294 duplici
871 2227 1095 2280 nomine
1127 2226 1175 2280 ei
1225 2225 1373 2279 reddi
1422 2241 1638 2295 aequum
1678 2232 1784 2280 est.
1828 2223 2072 2278 Primum

502 2318 722 2386 quidem
743 2317 886 2386 quod
918 2333 1018 2372 nec
1051 2318 1154 2371 tale
1180 2318 1337 2386 121
1366 2318 1498 2387 quid
1532 2317 1758 2371 omnino
1780 2317 1895 2371 ﬁeri
1915 2332 2080 2386 opor-

509 2408 654 2460 tebat
706 2426 719 2460 :
751 2416 805 2460 et
836 2408 980 2474 quod
1035 2406 1187 2460 valde
1215 2409 1354 2461 male
1385 2407 1548 2461 habet
1574 2422 1884 2476 magnaque
1912 2406 2077 2461 tristi-

503 2497 579 2552 tia
612 2499 775 2552 allicit
842 2498 1218 2553 sanctissimos
1249 2501 1536 2568 episcopos
1584 2500 1675 2568 qui
1720 2507 1849 2553 sunt
1880 2499 2082 2567 ubique

510 2599 806 2652 terrarum,
861 2590 1003 2657 quod
1047 2598 1367 2659 sumptuum
1402 2590 1495 2658 qui
1532 2590 1638 2642 illis
1667 2590 1927 2643 eveniunt
1970 2592 2081 2643 dis-

502 2682 843 2753 pensationis
878 2682 1016 2735 ratio
1047 2682 1114 2735 ab
1146 2682 1224 2736 cis
1254 2682 1525 2750 exigatur,
1560 2682 1674 2735 sive
1699 2697 1763 2734 ex
1791 2681 2082 2736 ecclesias-

508 2775 629 2830 ticis
659 2775 986 2837 redditibus,
1029 2775 1142 2829 sive
1176 2790 1239 2828 ex
1276 2775 1461 2829 fructu
1522 2776 1743 2829 aliunde
1806 2785 2080 2844 percepto.

506 2868 905 2936 Unusquisque
958 2870 1103 2921 enim
1147 2878 1395 2921 nostrum
1429 2868 1581 2921 dabit
1637 2883 1862 2923 suorum
1912 2870 2085 2921 malo-

509 2975 629 3013 rum
662 2960 931 3013 rationem
968 2960 1216 3012 omnium
1246 2959 1441 3027 judici.
1483 2957 1627 3014 Vasa
1667 2960 1811 3013 enim
1845 2961 2083 3029 pretiosa

505 3058 564 3106 et
596 3051 976 3119 possessiones
1007 3050 1315 3105 immobiles
1345 3058 1560 3120 Oportet
1627 3052 1835 3104 servari
1895 3048 2084 3104 Eccle-

508 3143 607 3198 siis
636 3159 650 3209 ;
675 3142 946 3212 episcopis
990 3153 1168 3196 autem
1226 3143 1318 3212 qui
1354 3150 1485 3196 tunc
1536 3141 1801 3211 temporis
1838 3142 2082 3195 divinum

510 3235 883 3288 sacerdotium
920 3235 1331 3298 administrant,
1374 3234 1728 3289 incidentium
1765 3246 2081 3305 sumptuum

507 3326 976 3396 dispensationem
1005 3341 1197 3381 secure
1225 3326 1397 3380 credi.

582 3421 772 3476 Const.
809 3418 896 3482 l7,
923 3420 1007 3473 tit.
1064 3419 1120 3484 2,
1158 3419 1252 3473 lib.
1289 3418 1410 3473 cod.
1445 3418 1541 3473 ait.
1574 3422 1719 3490 quod
1773 3421 1903 3475 dum
1936 3428 2089 3474 extra
2112 3414 2157 3475 C

507 3522 666 3564 sacra
701 3524 828 3563 vasa
865 3507 1033 3580 [aliae]
1059 3523 1148 3562 res
1177 3508 1406 3562 mobiles
1437 3517 1586 3573 sunt,
1618 3525 1799 3563 rerum
1842 3524 2093 3565 necessa-

508 3601 714 3655 riarum
746 3599 1105 3653 immobilium
1136 3608 1191 3653 et
1230 3614 1510 3653 sacrorum
1547 3617 1804 3656 vasorum
1834 3602 2089 3656 alienatio

510 3699 676 3759 atque
710 3691 1014 3760 bypotlteca
1056 3698 1253 3744 cessat.
1290 3690 1354 3743 Et
1393 3700 1569 3746 const.
1596 3693 1688 3757 2i,
1722 3692 1967 3761 ejusdem
1998 3693 2085 3748 tit.

510 3783 607 3843 ait,
640 3780 786 3850 quod
810 3781 901 3850 qui
947 3796 1053 3834 non
1081 3795 1178 3850 per
1206 3796 1428 3836 causam
1470 3782 1913 3838 redimendorum
1954 3800 2092 3853 cap-

512 3875 744 3927 tivorum
780 3887 934 3927 sacra
963 3888 1093 3928 vasa
1123 3874 1204 3927 vel
1236 3873 1465 3929 donaria
1494 3875 1646 3940 emit,
1674 3885 1767 3930 aut
1815 3876 1869 3929 in
1916 3876 2090 3947 hypo-

508 3968 722 4021 thecam
778 3965 1042 4035 pignusve
1104 3967 1299 4034 capit,
1368 3967 1531 4020 etiam
1586 3967 1760 4036 pretio
1814 3968 2087 4022 excidat:

506 4071 679 4125 caque
712 4071 807 4125 per
832 4056 1144 4126 episcopos.
1196 4071 1533 4122 οεοοηοιιιοε,
1598 4067 1652 4111 ει
1687 4073 1939 4113 vasorum
1990 4073 2091 4112 Cll-

509 4149 703 4202 stodes
720 4148 1101 4212 tri-indicantur,
1136 4147 1350 4201 etiamsi
1381 4148 1613 4203 conﬂata
1650 4149 1758 4203 sint
1797 4165 1811 4201 :
1842 4158 1936 4203 aut
1966 4150 2090 4203 illo-

508 4253 626 4291 rmn
658 4239 948 4308 exigantur
974 4239 1171 4307 pretia,
1200 4240 1244 4293 si
1287 4254 1392 4292 non
1419 4249 1793 4309 compareant.
1822 4239 1963 4294 Dicit
1992 4241 2085 4296 lib.

507 4344 659 4394 xvm,
688 4331 771 4395 tit,
805 4329 855 4395 1,
883 4331 992 4399 dig.
1024 4330 1113 4393 62,
1145 4333 1287 4399 quod
1323 4331 1414 4399 qui
1445 4334 1698 4387 nesciens
1730 4347 1845 4387 rem
1874 4349 2085 4387 sacram

507 4438 606 4491 pro
632 4422 839 4490 privata
876 4430 1179 4491 comparat,
1230 4422 1357 4476 licet
1405 4424 1643 4478 venditio
1698 4439 1806 4478 non
1878 4433 2077 4491 teneat,

509 4526 686 4569 tamen
729 4513 1045 4585 [actionem]
1077 4515 1339 4570 adversus
1367 4516 1713 4569 venditorem
1773 4515 1989 4580 habeat,
2028 4516 2082 4568 in

510 4616 736 4674 quntum
797 4605 917 4674 ejus
965 4604 1230 4666 interfuit,
1298 4621 1366 4660 ne
1416 4606 1779 4675 deciperetur.
1821 4605 1887 4659 Et
1939 4604 2084 4678 [lib.]

509 4697 643 4750 lost.
681 4713 735 4760 ιι,
774 4697 856 4750 tit.
898 4698 951 4764 1,
999 4697 1144 4762 dicit,
1173 4698 1314 4766 quod
1350 4713 1505 4754 sacra
1563 4714 1692 4752 vasa
1740 4713 1911 4764 neque
1956 4699 2086 4752 alie-

2115 2050 2162 2112 B
2190 2036 2496 2104 Κυρίλλου
2523 2032 2592 2087 ἐκ
2617 2030 2726 2100 τῆς
2753 2029 2905 2099 πρὸς
2928 2029 3161 2100 Δόμνον
3181 2027 3515 2096 ἐπιστολῆς
3537 2046 3654 2097 κερ.
3678 2028 3729 2099 β¹.

2254 2129 2337 2182 Τὰ
2385 2128 2443 2181 δέ
2494 2126 2695 2188 ἀδίκως
2755 2122 3029 2195 ληφθέντα
3093 2120 3223 2191 παρ’
3255 2119 3421 2174 αὑτοῦ
3490 2122 3729 2191 χρήματα,

2184 2220 2510 2291 ἀναδοθῆναι
2564 2219 2773 2271 δίκαιον
2807 2217 2949 2270 κατὰ
2975 2214 3069 2269 δύο
3104 2213 3373 2284 τρόπουςρ
3411 2212 3622 2282 πρῶτον
3656 2211 3734 2281 μὲν

2185 2315 2265 2368 ὅτι
2287 2312 2406 2366 οὑδὲ
2432 2312 2599 2383 ἐχρῆν
2615 2310 2752 2372 ὅλως
2770 2308 3020 2377 γενέσθαι
3037 2324 3089 2359 τι
3110 2305 3371 2368 τοιοῦτον,
3400 2306 3585 2358 καθότι
3604 2304 3735 2355 λυπιῖ

2189 2406 2429 2476 σφόδρα,
2477 2407 2572 2457 καὶ
2620 2404 2699 2466 είς
2748 2401 2986 2472 ἐσχάτην
3029 2399 3259 2470 ἀκηδίαν
3302 2398 3601 2468 καταφέρει
3634 2398 3735 2459 τοὺς

2187 2497 2535 2567 ἁπανταχόσε
2589 2496 2693 2564 γῆς
2726 2493 2887 2556 ὄντας
2922 2491 3375 2553 θεοσεόεστάτους
3415 2489 3733 2551 ἐπισκόπους,

2186 2593 2247 2645 τὸ
2274 2589 2622 2644 ἀπαιτεῖσθαι
2646 2588 2836 2655 λόγους
2864 2588 2964 2655 τῆς
3007 2583 3320 2652 οἰκονομίας
3367 2585 3482 2636 τῶν
3533 2598 3737 2653 παραπι-

2190 2684 2438 2737 πτόντων
2500 2682 2686 2743 αὑτοῖς
2745 2677 3134 2748 ἀναλωμάτων,
3205 2680 3313 2731 εἴτε
3374 2680 3443 2730 ἐκ
3499 2676 3736 2746 προσόδων

2190 2773 2679 2844 ἐκκλησιαστικῶν,
2731 2770 2829 2823 εἴτ’
2875 2768 2967 2825 οὖν
3004 2771 3098 2825 καὶ
3144 2770 3251 2824 ἀπο
3272 2769 3374 2838 τῆς
3435 2786 3595 2821 τινων
3626 2784 3737 2836 καρ·

2191 2871 2491 2939 ποφορίας’
2544 2868 2775 2930 ἕκαστος
2826 2867 2935 2937 γὰρ
2989 2864 3146 2935 ἡμῶν
3190 2862 3299 2915 τῶν
3357 2861 3521 2914 ἰδίων·
3591 2858 3739 2929 καιρῷ

2190 2962 2351 3015 δώσει
2403 2961 2558 3030 λόγον
2597 2960 2674 3031 τῷ
2713 2959 2930 3012 πάντων
2978 2958 3163 3026 κριτῇ.
3209 2954 3490 3023 Κειμήλια
3541 2951 3739 3023 μὲνγὰρ

2201 3056 2294 3107 καὶ
2322 3055 2543 3126 κτήσεις
2570 3054 2879 3123 ἀκινήτους,
2903 3050 3277 3119 ἀνεκποιήτως
3304 3050 3428 3111 ταῖς
3462 3046 3739 3115 ἐκκλησίαις

2194 3144 2464 3209 σώζεσθαι
2504 3145 2609 3215 χρή
2632 3159 2647 3173 ο
2679 3140 2995 3213 θαρσεῖσθαι
3038 3139 3095 3192 δὲ
3128 3140 3254 3199 τοὺς
3282 3137 3429 3190 κατά
3457 3136 3637 3204 καιρὲιν
3662 3135 3741 3203 τὴν

2193 3237 2343 3291 θείαν
2398 3235 2683 3299 διέποντας
2743 3230 3079 3302 ἱερωσύνην,
3133 3229 3245 3282 τῶν
3312 3228 3742 3299 παραπιπτόντων

2191 3329 2561 3397 ἀναλωμάτων
2580 3327 2681 3397 τὴν
2702 3324 3035 3394 οἰκονομίαν.

2275 3418 2339 3472 Ἦ
2371 3418 2435 3482 ιζ’
2472 3416 2712 3481 διάταξις
2756 3415 2850 3468 τοῦ
2900 3414 2943 3484 β’
2999 3414 3106 3467 τίτ.
3135 3410 3228 3466 τοῦ
3260 3420 3309 3465 α’
3341 3411 3493 3481 βιῦλ.
3517 3410 3605 3464 τοῦ
3632 3408 3737 3462 κὼδ.

2193 3511 2379 3583 φησιν,
2449 3512 2532 3565 ὅτι
2584 3508 2819 3578 κινητῶν
2889 3506 3134 3559 ὑπόντων
3195 3504 3394 3569 ἔξωθεν
3465 3504 3569 3558 τῶν
3610 3501 3743 3573 ἱερῶν

2194 3601 2427 3665 σκευῶν,
2492 3601 2652 3669 ἀργεῖ
2708 3599 2818 3652 τῶν
2862 3597 3178 3666 ἀναγκαίων
3226 3598 3506 3666 ἀκινήτων
3541 3593 3742 3648 καὶτῶν

2192 3694 2372 3765 ἄρτων
2400 3697 2434 3764 ἡ
2469 3691 2754 3761 ἐκποίησις
2780 3690 2874 3743 καὶ
2924 3691 2957 3759 ἡ
2996 3688 3241 3758 ὑποθήκη
3267 3701 3281 3717 ⁸
3318 3689 3415 3741 καὶ
3450 3689 3480 3758 ἠ
3508 3693 3588 3741 κα¹
3626 3685 3740 3738 διάτ.

2190 3787 2285 3841 τοῦ
2323 3786 2489 3842 αὑτοῦ
2532 3786 2637 3839 τίτ.
2673 3785 2860 3856 φησιν,
2888 3784 3023 3837 ὅτιὸ
3050 3782 3124 3853 μὴ
3152 3781 3218 3835 δι’
3261 3782 3564 3853 ἀνάρρυσιν
3608 3782 3744 3849 αἰχμ-

2191 3880 2413 3933 αλώτων
2438 3880 2721 3948 ἀγοράζων
2767 3878 2889 3946 ίερά
2918 3876 3111 3947 σκεύη,
3142 3875 3175 3947 ἥ
3215 3874 3545 3945 ἀπλώματα,
3574 3875 3604 3943 ἦ
3632 3873 3744 3941 λαμο

2192 3966 2369 4019 ὄάνων
2399 3967 2479 4027 είς
2505 3965 2785 4034 ὑποθήκην
2828 3964 2861 4036 ἢ
2889 3965 3169 4035 ἐνέχυρον,
3200 3965 3292 4017 καὶ
3319 3965 3436 4017 τῶν
3466 3963 3632 4034 τιμῶν
3668 3961 3743 4014 καὶ

2190 4058 2283 4111 τοῦ
2314 4058 2510 4129 χρέους
2552 4057 2832 4122 ἐκπίπτει,
2875 4057 2969 4110 καὶ
2998 4053 3338 4107 ἐκδικοῦνται
3377 4054 3470 4107 διὰ
3509 4055 3608 4107 τῶν
3648 4055 3742 4105 ἐπι-

2192 4151 2409 4203 σκόπων
2451 4150 2546 4202 καὶ
2597 4148 2897 4217 οἰκονόμων
2936 4147 3031 4200 καὶ
3079 4146 3525 4215 σκευοφυλάκων,
3578 4146 3621 4198 εί
3669 4143 3743 4195 καὶ

2189 4242 2601 4313 ἐχωνεύθησανο
2647 4240 2679 4312 ἢ
2722 4243 2816 4293 καὶ
2862 4240 2918 4292 αί
2963 4238 3120 4307 τιμαὶ
3168 4237 3348 4290 αὑτῶν
3388 4236 3742 4293 ἀπαιτοῦνται.

2190 4332 2239 4384 εί
2296 4332 2369 4400 μὴ
2426 4330 2726 4399 φαίνονται.
2785 4328 2954 4397 Φησὶν
2979 4327 3121 4398 βιόλ.
3172 4333 3239 4395 ιη’
3266 4327 3371 4380 τίτ.
3419 4330 3466 4381 α’
3501 4328 3631 4381 διάτ.
3661 4323 3743 4393 ξβ¹,

2188 4423 2270 4475 ὅτι
2292 4424 2391 4475 ὀὲν
2422 4420 2616 4492 ἀγνοίᾳ
2642 4420 2703 4472 τὸ
2721 4418 2863 4490 ἱερὸν
2895 4418 3247 4481 ὼςίδιωτικὺν
3276 4415 3585 4488 ἀγοράζων,
3603 4419 3644 4469 εί
3670 4416 3743 4467 καὶ

2192 4515 2267 4587 μὴ
2307 4515 2618 4569 συνίσταται
2658 4516 2692 4582 ἡ
2722 4513 2943 4584 πράσις,
2977 4514 3125 4581 ὅμως
3143 4512 3255 4581 ἔχει
3278 4512 3421 4566 κατά
3442 4510 3533 4564 τοῦ
3566 4512 3743 4581 πρᾶτον

2188 4608 2266 4669 εἰς
2288 4608 2424 4676 ὅπερ
2446 4604 2592 4674 αὐτῷ
2612 4604 2826 4675 διέφερε
2849 4604 2923 4675 μὴ
2948 4603 3315 4673 ἀπατηθῆναι·
3339 4605 3436 4656 καὶ¹
3466 4603 3741 4656 Ἰνστιτουτ.

2189 4697 2276 4762 ιβ’,
2295 4695 2395 4749 τίτ.
2416 4699 2464 4747 α’
2482 4694 2763 4762 φησὶν,ζὸτι
2798 4694 2867 4746 τὰ
2890 4693 3007 4763 ἱερὰ
3033 4691 3224 4762 σκεύη,
3248 4692 3372 4745 οὔτε
3401 4692 3743 4765 πιπράσκεται

514 4799 735 4847 nentur.
775 4803 950 4856 neque
981 4789 1311 4855 obligentur,
1338 4790 1443 4842 nisi
1486 4796 1707 4858 pr0pter
1756 4789 2082 4859 redemptio-

2190 4780 2311 4833 οὔτε
2343 4780 2678 4845 ὑποτίθεται,
2700 4782 2746 4832 εί
2771 4780 2843 4850 μὴ
2866 4780 2952 4833 διὰ
2974 4779 3128 4833 λύσιν
3149 4779 3515 4850 αἰχμαλώτων
3540 4798 3553 4811 ·
3579 4782 3609 4851 ἡ
3635 4779 3683 4831 δὲ
3704 4768 3743 4829 α’

507 4894 628 4934 nem
658 4880 1018 4946 captivorum.
1062 4878 1253 4934 Const.
1301 4887 1483 4933 autem
1532 4880 1577 4943 Ι,
1637 4878 1718 4932 ιὶι.
1748 4879 1785 4932 2
1832 4878 2084 4933 Novella-

506 4988 627 5026 rum
659 4971 834 5041 pomis
867 4970 1089 5039 subjicit
1128 4985 1244 5035 eos,
1280 4971 1369 5040 qui
1408 4985 1562 5024 sacra
1590 4986 1723 5025 vasa
1778 4982 1966 5025 contra
2008 4972 2085 5026 le-

506 5080 627 5136 gem
668 5075 890 5135 propter
918 5064 1341 5132 redemptionem
1375 5063 1734 5131 captivorum.

581 5240 796 5295 Texms.
840 5240 1029 5295 Const.
1066 5241 1123 5305 2,
1145 5241 1386 5309 ejusdem
1413 5243 1500 5295 tit.
1527 5234 1681 5305 dicit,
1731 5252 1785 5295 ut
1828 5258 1895 5296 ne
1926 5258 2079 5297 sacra

503 5349 632 5390 vasa
667 5335 823 5405 122
868 5334 1126 5389 Ecclesiae
1156 5335 1799 5405 Constantinopolitanae,
1832 5345 1925 5390 aut
1970 5336 2084 5390 ubi-

503 5441 719 5494 cunque
742 5427 1161 5481 constitutorum
1190 5429 1557 5482 oratoriorum
1582 5428 1737 5483 aliter
1757 5428 2080 5494 vendantur,

502 5527 953 5587 opponanturque
974 5521 1375 5589 pignori,quam
1398 5536 1493 5590 pro
1513 5522 1852 5589 captivorum
1873 5521 2083 5573 redem-

501 5611 706 5680 ptione.
747 5609 889 5666 Sane
914 5612 964 5665 si
1001 5613 1153 5681 plura
1188 5627 1313 5666 vasa
1360 5612 1503 5677 sint,
1547 5628 1667 5681 quae
1714 5612 2080 5666 necessarium

501 5699 594 5773 [de
625 5702 709 5774 se]
745 5719 904 5759 usum
933 5720 1040 5760 non
1067 5704 1362 5775 praebeant,
1391 5712 1444 5759 et
1475 5706 1785 5774 usuveniat,
1819 5714 1876 5760 ut
1906 5705 2081 5773 aliqua

2185 4871 2324 4924 διάτ.
2357 4868 2451 4923 τοῦ
2496 4869 2543 4940 β’
2568 4870 2674 4923 τίτ.
2705 4869 2814 4922 τῶν
2842 4869 3073 4940 Νεαρῶν
3095 4911 3110 4937 ,
3140 4870 3437 4940 ἐπιτιμίοις
3481 4869 3742 4924 ὑποϐάλλει

2187 4965 2311 5027 τοὺς
2348 4963 2416 5016 τὰ
2440 4963 2559 5034 ἱερά
2590 4962 2758 5034 σκεύη
2782 4962 2932 5033 παρά
2966 4962 3060 5015 τὸν
3100 4963 3267 5032 νόμον
3314 4962 3739 5033 ἐνεχυράζοντας.

2186 5056 2582 5126 ἦπωλοῦντας,
2617 5055 2649 5124 ἢ
2691 5055 3047 5126 χωνεύοντας,
3097 5055 3130 5126 ἢ
3182 5057 3559 5122 ἐκποιοῦντας,
3604 5056 3648 5108 εί
3679 5051 3740 5123 μὴ

2185 5148 2271 5201 διὰ
2301 5147 2857 5218 λύσιν-αἰχμαλώτων.

2268 5242 2332 5294 Ἢ
2358 5242 2412 5293 δὲ
2436 5242 2481 5311 β’
2510 5242 2651 5296 διάτ.
2683 5243 2776 5295 τοῦ
2809 5241 2973 5294 αὑτοῦ
2996 5241 3104 5296 τίτ.
3149 5243 3335 5311 φησὶν,
3380 5241 3525 5294 ὥστε
3549 5240 3613 5293 τὰ
3637 5234 3738 5308 ἱερὰ

2189 5334 2356 5404 σκεύη
2383 5335 2482 5402 τῆς
2509 5335 2836 5405 Ἐκκλησίας
2867 5333 3511 5397 Κωνσταντινουπόλεως,
3544 5328 3739 5385 καὶτῶν

2186 5428 2517 5497 ὁπουδήποτε
2588 5429 2855 5498 κειμένων
2884 5428 3210 5497 εὑκτηρίων,
3243 5427 3317 5498 μὴ
3341 5426 3516 5490 ἄλλως
3558 5422 3738 5494 πιπρά-

2190 5519 2410 5573 σκεσθαι
2458 5520 2491 5591 ἢ
2527 5520 2893 5584 ὑποτίθεσθαι,
2936 5520 2987 5572 εί
3020 5519 3093 5589 μὴ
3123 5521 3201 5582 είς
3245 5518 3543 5588 ἀνάρῤυσιν
3593 5516 3732 5583 αἰχμ-

2190 5610 2409 5666 αλώτων
2435 5628 2448 5642 ·
2479 5612 2602 5664 εἰδὲ
2639 5611 2857 5665 πλείονα
2894 5606 3005 5665 εἷεν
3054 5611 3242 5681 σκεύη,
3279 5609 3547 5682 μηδεμίαν
3588 5607 3732 5670 ἀναγ-

2192 5704 2350 5756 καίαν
2392 5702 2649 5757 ποιοῦντα
2677 5702 2897 5774 χρῆσιν,
2932 5702 3112 5774 συμϐῇ
3139 5702 3198 5756 δέ
3244 5717 3363 5756 τινα
3388 5700 3500 5754 τῶν
3546 5692 3733 5762 εὑαγῶν
