3842 6224
172 200 275 269 581

1028 162 1433 256 stTAeMA
1478 194 1868 257 CANONUM.
1903 218 1972 230 -—
2012 196 2159 256 TIT.
2192 196 2276 257 Il.
2307 178 2466 255 CAP.
2513 196 2595 254 ιι.

3345 190 3451 257 582

169 313 339 366 οἴκων
389 305 718 378 βαρύνεσθαι
773 304 1010 375 χρέεσιν,
1076 310 1127 360 εἰ
1187 307 1263 377 μὴ
1308 307 1549 373 ξῦπεστιν
1595 307 1755 378 ἕτερα
1784 312 1835 373 Λ

1886 308 2254 363 ἐπιει-ειιὶιὶιιηι
2304 309 2565 363 domuum
2601 322 2707 361 tere
2741 306 2918 361 alieno
2952 316 3225 376 gravetur,
3261 321 3440 377 neque

168 401 374 473 κινητὰ
402 399 727 471 πράγματα,
768 396 829 462 ἐξ
876 390 953 451 ὧν
989 396 1197 466 ὀφείλει
1237 397 1555 468 δοθῆναιτά
1603 398 1763 468 χρέα,

167 494 329 550 ἄδεια
374 492 528 545 ἔσται
573 488 974 559 συνισταμένης
1022 488 1276 560 πράξεως
1320 487 1595 559 ἀζημίως,
1641 490 1767 542 em-

167 587 382 639 σκόπου
432 584 532 654 μὲν
582 579 935 645 ὲκποιοῦντος
994 580 1153 652 παρὰ
1214 579 1296 651 τῷ
1367 580 1765 655 μητροπολίτῃ,

172 671 579 745 μητροπολίτου
607 671 665 725 δὲ
701 670 853 743 παρὰ
898 667 978 740 τῷ
1018 669 1133 739 ἱδίῳ
1167 671 1507 741 πατριάρχῃ,
1538 671 1609 724 τὰ
1646 671 1767 743 ἱερὰ

170 763 350 834 σκεύη
395 764 464 817 τά
528 761 763 832 περιττὰ
810 761 988 824 ἄλλοις
1042 759 1298 829 εὐαγέσιν
1355 762 1526 825 οἴκοις
1578 765 1769 834 χρείαν

167 855 363 924 ἔχουσι
387 853 588 906 πωλεῖν
618 853 651 922 ἢ
681 851 943 922 χωνεύειν
988 852 1084 905 καὶ
1110 852 1476 922 πιπράσκειν,
1523 854 1622 908 καὶ
1668 854 1769 926 τὴν

168 944 361 998 αὐτῶν
397 943 561 1014 τιμὴν
627 944 707 1007 εἱς
764 943 827 998 τὸ
888 944 1051 1016 χρέος
1093 944 1380 1016 παρέχειν,
1424 945 1565 1000 ὥστε
1599 947 1677 1019 μὴ
1700 948 1770 1001 τὰ

168 1037 416 1107 ἀκίνητα
445 1036 806 1091 έκποιεῖσθαι.

248 1216 417 1282 Λέγει
444 1215 499 1267 δὲ
536 1215 679 1286 βιϐλ.
710 1214 780 1277 α’.
810 1216 913 1270 τίτ.
959 1217 1047 1287 ιη’,
1074 1218 1216 1271 διάτ.
1258 1223 1346 1285 ιγ’,
1388 1216 1470 1269 ὅτι
1504 1216 1553 1268 οἱ
1580 1217 1774 1287 ἄρχον-

167 1326 271 1370 τες
302 1306 637 1379 ἀναζητοῦσι
659 1311 786 1370 τοὺς
819 1310 1133 1379 ἱεροσύλους
1159 1327 1171 1340 ·
1198 1310 1290 1361 καὶ
1319 1308 1459 1378 βιϐλ.
1495 1309 1666 1373 ι’,τίτ.
1701 1309 1767 1379 β’,

168 1400 288 1468 δξγ.
321 1401 384 1461 δ’,
413 1401 493 1453 ὅτι
524 1401 591 1454 τὰ
628 1400 687 1465 ἐξ
716 1401 1019 1471 ἱεροσυλίας
1064 1402 1356 1471 κτηθέντα,
1387 1402 1446 1453 οὐ
1484 1400 1766 1471 διαιροῦν-

168 1511 273 1546 ται
298 1495 345 1545 οἱ
376 1492 701 1562 κληρονόμοι
726 1508 740 1522 ·
777 1493 871 1545 καὶ
896 1492 1033 1554 βιϐλ.
1058 1500 1109 1559 ι’,
1134 1495 1242 1546 τὶτ.
1282 1499 1351 1556 α’,
1394 1491 1502 1561 δίγ.
1540 1499 1655 1557 κς’,
1689 1493 1772 1546 ὄτι

172 1581 491 1652 ἀνισχύρως
520 1598 607 1645 τις
640 1582 893 1653 ὁμολογεῖ
920 1583 1241 1654 ἱεροσυλεῑν,
1274 1583 1371 1637 καὶ
1398 1583 1497 1653 οὐχ
1537 1584 1769 1653 ἁρμόζει

1875 406 2175 468 suppetant
2215 399 2335 452 alite
2370 414 2457 453 res
2492 398 2744 462 mobiles,
2776 413 2837 450 ex
2878 398 3075 465 quibus
3104 412 3176 449 tes
3208 397 3445 450 alienum

1870 491 2005 545 solvi
2041 490 2236 545 debeat
2274 508 2288 545 :
2322 488 2555 544 facultas
2602 490 2728 555 erit,
2754 495 2811 543 ut
2842 496 3089 543 actorum
3126 504 3451 543 monumen-

1874 578 1943 633 tis
1973 578 2233 649 episcopo
2286 579 2579 643 alienante,
2622 579 2763 647 apud
2823 578 3227 647 metropolitani
3268 594 3281 628 :
3339 593 3450 631 me-

1871 668 2128 737 tropolita
2158 684 2309 733 vero,
2346 668 2491 738 apud
2525 669 2694 737 ipsius
2726 669 3093 739 patriarcham
3123 669 3260 723 citra
3303 668 3456 722 dam-

1872 776 2000 815 num
2036 760 2323 824 conl‘ectis,
2360 760 2637 831 superﬂua
2667 762 2789 816 aliis
2832 761 3238 816 venerabilibus
3284 761 3459 815 domi-

1874 850 1997 913 bus,
2039 866 2161 921 qua:
2189 848 2325 922 [bis]
2354 866 2495 919 opus
2546 851 2770 913 habent,
2803 849 3130 915 vendantur,
3181 832 3295 904 aut.
3321 866 3455 905 cou-

1870 941 2070 996 ﬂeutur
2093 983 2110 1009 ,
2143 957 2207 997 ac
2243 940 2486 1015 [deinde]
2524 941 2850 1006 vendantur,
2882 943 3221 1011 pretiumque
3269 958 3458 997 eorum

1874 1041 1941 1096 ad
1980 1037 2387 1094 dissolvendum
2432 1054 2507 1094 aes
2546 1039 2783 1092 alienum
2839 1037 3178 1103 conteratur,
3228 1054 3297 1094 ne
3342 1038 3462 1093 illa-

1875 1148 1995 1187 rum
2035 1147 2125 1187 res
2156 1131 2467 1185 immobiles
2500 1130 2828 1185 alienentur.

1955 1223 2097 1278 Dicit
2136 1238 2300 1293 porro
2332 1223 2407 1278 lib
2447 1240 2485 1290 ι,
2523 1224 2606 1277 tit.
2654 1222 2742 1288 18,
2773 1221 2970 1293 digest.
3008 1220 3097 1284 l3,
3136 1221 3280 1290 quod
3320 1236 3462 1291 prte-

1875 1316 2019 1371 sides
2045 1315 2368 1385 conquirere
2394 1315 2625 1369 debeant
2656 1315 2973 1384 sacrilegos.
2996 1312 3063 1367 Et
3090 1313 3185 1367 lib.
3212 1328 3267 1374 x,
3318 1312 3400 1366 tit.
3428 1313 3463 1364 2

1874 1408 2068 1478 digest.
2104 1407 2158 1471 4,
2198 1407 2343 1476 quod
2384 1422 2504 1476 quae
2541 1406 2830 1476 sacrilegio
2862 1407 3088 1475 quaesita
3141 1415 3291 1469 sunt,
3352 1405 3468 1458 ba:-

1876 1497 2035 1551 redes
2096 1495 2263 1569 [inter
2295 1494 2376 1567 se]
2432 1511 2539 1549 nou
2573 1497 2835 1550 dividant.
2884 1494 2950 1549 Et
3002 1496 3098 1549 lib.
3135 1511 3257 1556 XLV,
3293 1495 3375 1548 tit.
3411 1493 3466 1560 1,

1876 1587 2075 1657 digest.
2115 1584 2210 1650 26,
2241 1587 2386 1656 quod
2420 1584 2660 1641 invalide
2686 1585 2961 1654 quispiam
3019 1601 3076 1639 se
3112 1584 3464 1654 sacrilegium

172 1676 246 1728 ὲκ
281 1674 472 1728 τούτου
502 1676 718 1745 ἀγωγή’
742 1674 836 1727 καὶ
857 1674 998 1743 βιϐλ.
1039 1682 1153 1745 μην,
1177 1676 1281 1729 τίτ.
1312 1675 1373 1741 δ’,
1409 1674 1552 1729 διάτ.
1584 1681 1653 1741 α’,
1686 1677 1768 1728 ὅτι
1803 1673 1841 1724 Β

1886 1678 2141 1732 ῗεειοτιιιη
2187 1678 2508 1748 promittat],
2543 1690 2703 1746 atque
2734 1677 2873 1747 |inde
2918 1679 3062 1730 actio
3101 1692 3210 1730 non
3243 1692 3466 1745 compr-

168 1766 369 1835 ὅμοιόν
404 1766 519 1818 ἐστι
545 1766 606 1818 τὸ
632 1766 886 1836 ἔγκλημα
924 1766 1023 1835 τῆς
1071 1765 1477 1830 καθοσιώσεως,
1512 1766 1590 1837 τῷ
1642 1768 1771 1838 περὶ

168 1857 282 1927 τῆς
314 1858 636 1925 ἱεροσυλίας
669 1860 765 1910 κα1¹
795 1858 898 1912 τίτ.
932 1865 1000 1925 ιγ’
1025 1858 1119 1911 τοῦ
1145 1858 1310 1913 αὐτοῦ
1330 1858 1495 1927 βιϐλ.,
1527 1859 1663 1913 διάτ.
1695 1865 1768 1923 α’,

170 1949 205 2000 ὁ
235 1950 369 2020 περὶ
428 1950 527 2020 τῆς
582 1949 885 2020 ἱεροσυλίας
939 1951 1103 2020 νόμος
1158 1953 1425 2017 κινεῖται,
1485 1951 1629 2004 κατὰ
1674 1950 1769 2003 τοῦ

174 2041 518 2112 ὐφελομένου
561 2042 627 2094 ὲκ
658 2040 766 2095 τῶν
816 2040 978 2111 ἱερῶν
1020 2041 1401 2111 χρημάτων,ἣ
1440 2040 1771 2110 στρέψαντος

173 2134 261 2195 είς
287 2133 425 2197 ιδίας
456 2132 665 2203 χρείας,
699 2132 732 2203 ἢ
760 2132 1283 2203 παρασκευάσαντος
1326 2132 1467 2185 κατὰ
1498 2132 1649 2184 δόλον
1674 2149 1770 2201 γε·

174 2225 375 2281 νέσθαι
434 2226 641 2280 τούτων
667 2241 743 2279 τι’
804 2226 944 2281 διάτ.
1000 2225 1065 2288 δ’,
1109 2226 1160 2279 οἱ
1223 2225 1491 2295 ἱερόσυλοι
1543 2225 1680 2296 πρὸς
1712 2226 1773 2278 τὸ

175 2320 343 2373 ποιὸν
367 2319 460 2372 τοῦ
485 2321 892 2391 ἁμαρτήματος
914 2318 1321 2390 τιμωροῦνται·
1358 2318 1500 2375 διάτ.
1530 2326 1582 2384 ς’
1622 2319 1684 2372 τὸ
1714 2319 1773 2383 ἐξ

178 2410 337 2480 ἱεροῦ
382 2411 625 2465 ἰδιωτικὰ
652 2412 912 2481 χρήματα
943 2408 1256 2478 ὑφελέσθαι,
1286 2410 1389 2462 οὐκ
1414 2409 1530 2461 ἔστι
1560 2410 1773 2479 ἱεροσυ-

176 2504 275 2557 λία
333 2503 472 2557 ἀλλὰ
526 2504 735 2572 κλοπή·
796 2504 855 2555 ἐν
899 2502 955 2555 δὲ
983 2500 1063 2570 τῷ
1095 2506 1168 2564 ις’
1201 2500 1536 2569 διατάγματι
1576 2498 1673 2552 τοῦ
1707 2497 1775 2551 ιθ⁹

175 2594 291 2651 τίτ.
319 2593 418 2647 τοῦ
450 2593 542 2664 μη¹
577 2593 805 2664 βιϐλίου,
850 2592 999 2660 λέγει
1024 2591 1115 2645 τὸν
1162 2591 1329 2644 τόπον
1359 2590 1657 2662 διακρίνειν
1682 2591 1775 2644 τὸν

177 2685 435 2754 κλέπτην
458 2684 566 2737 άπὸ
593 2684 688 2738 τοῦ
738 2683 1020 2755 ἱεροσύλου
1045 2698 1060 2715 ο
1092 2683 1187 2737 καὶ
1221 2682 1364 2753 βιϐλ.
1404 2680 1458 2748 ς’
1484 2682 1580 2736 τοῦ
1615 2681 1772 2747 κώδ.,

177 2777 293 2830 τίτ.
328 2775 399 2846 β’,
453 2776 592 2830 διάτ.
654 2781 727 2845 γ’,
782 2775 865 2828 ὃτι
908 2778 937 2830 ὁ
981 2775 1229 2830 κλέπτων
1260 2776 1322 2828 τὸ
1354 2775 1520 2847 μήπω
1546 2773 1627 2846 τῷ
1656 2771 1777 2843 Θεῷ

180 2867 550 2937 καθιερωθὲν,
579 2867 656 2931 ὡς
688 2868 929 2939 κλέπτης
954 2868 1229 2936 ὲνάγεται.

1874 1776 1971 1824 tat.
2019 1769 2235 1825 Textus.
2298 1770 2367 1825 Et
2403 1770 2498 1823 lib.
2562 1786 2752 1836 ιιιίιι,
2798 1771 2883 1823 tit.
2916 1769 2970 1834 4,
3006 1770 3200 1838 digest.
3233 1768 3286 1835 1,
3320 1767 3467 1837 quod

1873 1861 2079 1916 crimen
2120 1860 2263 1914 hesa:
2317 1859 2622 1929 maiestatis
2672 1859 2963 1928 sacrilegio
3013 1859 3191 1913 simile
3249 1859 3339 1911 sit.
3401 1856 3469 1911 Et

1875 1951 1961 2005 tit.
2006 1950 2074 2006 15
2108 1950 2349 2020 ejusdem
2394 1950 2493 2014 lib,
2527 1950 2785 2020 digest.l,
2819 1951 3009 2024 [quod]
3065 1950 3334 2019 sacrilegii
3369 1965 3466 2003 ac-

1876 2043 1951 2097 tio
1984 2051 2268 2097 moveatur
2293 2043 2563 2097 adversus
2590 2058 2737 2105 eum,
2774 2044 2863 2112 qui
2894 2059 2959 2097 ex
2993 2042 3165 2098 saeris
3219 2042 3473 2111 pecuniis

1878 2134 2206 2207 [quippiam]
2246 2136 2497 2202 abstulit,
2529 2137 2612 2189 vel
2645 2136 2699 2189 in
2752 2152 2868 2189 rem
2920 2150 3077 2189 suam
3126 2136 3306 2198 vertit,
3338 2134 3467 2189 dolo

1876 2226 2025 2293 fecit,
2067 2242 2177 2298 quo
2207 2228 2397 2280 herum
2432 2227 2561 2297 quid
2612 2228 2784 2281 iieret.
2829 2226 3033 2296 Digest.
3066 2223 3122 2288 1,
3161 2225 3225 2276 tit
3269 2224 3338 2289 4,
3380 2238 3471 2278 sa-

1876 2320 2062 2391 crilegi
2096 2336 2195 2389 pro
2231 2319 2495 2390 qualitate
2528 2319 2707 2372 dilecti
2752 2317 3078 2387 puniuntur.
3126 2314 3231 2368 Jus
3284 2317 3472 2386 positi-

1876 2430 2012 2468 vum.
2066 2413 2267 2483 Digest.
2311 2412 2367 2465 6.
2405 2412 2479 2465 Ex
2538 2426 2693 2465 saera
2754 2410 2867 2465 {ede
2920 2411 3162 2480 privatas
3209 2409 3473 2478 pecunias

1878 2507 2164 2576 Subripere
2195 2546 2209 2569 ,
2262 2521 2369 2560 non
2408 2504 2794 2574 sacrilegium,
2847 2505 2939 2556 sed
2987 2502 3190 2555 furtum
3252 2508 3355 2556 est.
3412 2499 3471 2555 lu

1876 2596 2068 2668 digest.
2099 2597 2199 2662 16,
2234 2598 2314 2653 ιίι.
2361 2598 2447 2662 19,
2484 2597 2576 2651 lib.
2621 2595 2821 2666 vaml,
2855 2594 3056 2650 dicitur
3081 2594 3263 2648 locutu
3299 2595 3475 2649 furem

1880 2706 1910 2745 a
1940 2691 2204 2759 sacrilego
2229 2690 2560 2745 discernere.
2602 2687 2668 2742 Et
2702 2687 2794 2741 lib.
2819 2702 2892 2751 v1,
2924 2687 3046 2740 cod.
3078 2687 3157 2740 tit.
3192 2685 3227 2739 2
3247 2724 3262 2750 ,
3292 2698 3469 2739 const.

1878 2784 1934 2845 5.
1968 2798 2093 2838 eum
2138 2783 2231 2853 qui
2280 2780 2495 2836 furatur
2532 2779 2677 2849 quod
2730 2780 2974 2832 nondum
3008 2775 3119 2831 Deo
3165 2775 3476 2831 dedicatum

1878 2884 1981 2941 est,
2024 2886 2081 2929 ut
2112 2874 2286 2929 furem
2318 2872 2396 2945 [in
2439 2869 2667 2942 judicio]
2694 2868 2994 2925 conveniri.

263 2961 421 3015 Βιϐλ.
460 2967 571 3032 μη’,
608 2961 716 3016 τὶτ,
753 2958 840 3029 ιγ’,
867 2961 1005 3016 διάτ.
1025 2960 1091 3026 ζ’,
1123 2962 1157 3031 ἡ
1186 2959 1279 3013 τοῦ
1311 2959 1588 3031 ἱεροσύλου
1615 2961 1774 3032 ποινὴ
1805 3002 1843 3065 C

1955 2966 2112 3038 123
2134 2966 2350 3021 Textus.
2374 2964 2495 3019 Lib.
2516 2979 2703 3026 xum,
2728 2963 2910 3029 tiLl3,
2925 2973 3103 3018 const.
3121 2963 3174 3017 7.
3192 2962 3475 3034 Saerilegii

181 3054 301 3109 ἀπὸ
332 3054 433 3121 τῆς
469 3054 751 3123 ποιότητος
787 3052 895 3106 τῶν
928 3052 1257 3123 προσώπων,
1286 3052 1379 3106 καὶ
1408 3051 1501 3105 τοῦ
1530 3053 1782 3123 ἁμαρτή-

187 3164 391 3217 ματος,
428 3148 524 3199 καί
548 3146 643 3199 τοῦ
675 3145 891 3215 καιροῦ,
920 3147 1013 3198 καὶ
1043 3146 1142 3214 τῆς
1168 3144 1406 3214 ἡλικίας,
1431 3145 1525 3197 κα)⁸
1552 3145 1654 3214 τῆς
1677 3144 1780 3213 φύε

183 3255 367 3302 σεως,
398 3240 431 3309 ἢ
488 3237 761 3309 βαρυτέρα
796 3238 828 3308 ἢ
864 3237 1201 3308 ἐλαφροτέρα
1236 3237 1575 3307 ἐπιφέρεται.
1623 3237 1782 3300 Τινὲς

183 3333 301 3402 γὰρ
333 3331 543 3401 θηρίοις
568 3329 975 3400 παραδίδονται,
992 3327 1137 3391 τινὲς
1166 3327 1597 3392 καίονται,τινὲς
1618 3344 1783 3399 φουρ-

187 3423 472 3489 κὶζονται·
505 3422 895 3494 μεμετρημένη
927 3423 983 3475 δὲ
1012 3422 1170 3491 ποινή
1202 3422 1340 3487 ἐστι,
1372 3421 1433 3475 τὸ
1470 3418 1782 3491 παραδοθῆ-

186 3534 285 3570 vat
316 3516 525 3586 θηρίοις
555 3516 646 3568 τὸν
688 3515 999 3584 νυκτερινὸν
1033 3513 1340 3583 ἱερόσυλονο
1388 3513 1478 3565 τὸν
1525 3511 1783 3583 ἡμερινὸν

187 3610 250 3663 δὲ
289 3607 513 3677 μέτριόν
563 3622 616 3659 τι
669 3604 1051 3675 ἱεροσυλοῦντα
1107 3604 1556 3673 μεταλλίξεσθαιο
1591 3603 1681 3657 τὸν
1726 3603 1783 3655 δὲ

186 3700 381 3768 τίμιον
414 3697 936 3768 δεπορτατεύεσθαι·
961 3696 1068 3764 δὶγ.
1113 3703 1199 3761 ια’,
1233 3698 1282 3749 οἱ
1314 3696 1580 3767 ἱερόσυλοι
1610 3712 1781 3763 κεφα-

192 3793 370 3855 λικῶς
421 3791 760 3854 κολάζονται.
804 3790 1094 3861 Ἰερὸσυλοι
1132 3789 1189 3843 δέ
1247 3790 1408 3842 εἱσιν.
1436 3788 1486 3840 οἱ
1522 3789 1647 3852 τοὺς
1687 3788 1784 3857 δη-

196 3883 425 3954 μοσίους
471 3883 633 3944 ναοὺς
674 3881 1032 3945 κλέπτοντες·
1068 3883 1117 3934 οἱ
1156 3880 1212 3933 δὲ
1240 3880 1311 3934 τὰ
1356 3879 1601 3933 ἱδιωτικὰ
1642 3879 1782 3948 ἱερὰ,

194 3975 294 4028 καὶ
323 3976 455 4037 τοὺς
494 3974 725 4045 μικροὺς
755 3974 917 4037 ναοὺς
950 3973 1298 4042 ἀφυλάκτους
1332 3971 1492 4035 ὄντας
1526 3972 1787 4023 κλέπτον-

190 4085 314 4130 τες,
348 4062 511 4137 ἦττον
572 4067 670 4137 μὲν
720 4065 831 4118 τῶν
882 4065 1197 4136 ἱεροσύλων,
1230 4064 1394 4117 πλέον
1418 4064 1477 4115 δὲ
1522 4062 1631 4115 τῶν
1661 4062 1786 4115 κλεο

194 4160 355 4215 πτῶν
392 4158 792 4230 τιμωροῦνται·
831 4159 860 4210 ὁ
901 4157 959 4211 δὲ
1003 4155 1263 4221 έξωτικδς
1305 4155 1671 4208 ὐποκλέπτων
1721 4154 1789 4207 τὰ

196 4253 347 4323 ἱερά,
386 4250 669 4303 ὑπόκειται
722 4247 802 4319 τῷ
843 4248 946 4317 τῆς
994 4246 1304 4318 ἱεροσυλίας
1350 4246 1682 4316 ἐγκλήματι.
1727 4244 1787 4298 '0

1883 3074 2045 3130 pretia
2085 3074 2183 3129 pro
2211 3058 2475 3128 qualitate
2510 3070 2900 3125 personarum,
2934 3057 3157 3120 delicti,
3186 3060 3478 3127 temporis,

1882 3155 2078 3217 aetatis,
2103 3160 2159 3206 et
2187 3167 2371 3217 sexus,
2416 3148 2635 3219 gravior
2663 3158 2759 3202 aut
2788 3148 2963 3202 levior
3002 3148 3284 3217 inﬂigitur.
3320 3148 3473 3204 Non-

1884 3245 2018 3300 nulli
2062 3245 2207 3299 enim
2269 3243 2461 3299 bestiis
2501 3242 2812 3306 traduntur,
2843 3241 3089 3295 nonnulli
3141 3251 3477 3308 exuruntur,

1884 3337 2055 3406 aliqui
2090 3336 2142 3390 in
2166 3335 2351 3390 furcas
2381 3334 2814 3404 suspenduntur.
2847 3332 3125 3387 Moderata
3156 3348 3286 3388 vero
3311 3349 3474 3404 poena

1884 3437 1989 3493 est,
2015 3425 2059 3481 si
2098 3438 2405 3481 nocturnus
2440 3426 2741 3496 sacrilegus
2776 3424 2967 3479 bestiis
2993 3426 3278 3479 tradatur:
3323 3425 3476 3480 diur-

1885 3533 2161 3583 nusvero,
2209 3518 2300 3586 qui
2350 3516 2629 3571 modicum
2694 3515 2901 3585 aliquid
2958 3530 3026 3569 ex
3075 3514 3280 3585 templo
3328 3515 3476 3579 tulit,

1886 3610 2091 3664 metalli
2125 3624 2286 3680 poena
2338 3618 2656 3664 coerceatur
2689 3625 2705 3660 :
2740 3617 2837 3663 aut
2880 3608 2928 3662 si
2990 3607 3305 3663 honestiore
3353 3608 3476 3663 loco

1886 3711 2045 3755 natus
2083 3702 2176 3766 sit,
2208 3701 2544 3770 deportetur.
2600 3699 2803 3770 Digest.
2862 3700 2948 3754 11.
2987 3700 3252 3769 Sacrilegi
3297 3700 3474 3771 capite

1885 3793 2208 3863 puniuntur.
2250 3793 2390 3847 Sunt
2422 3802 2605 3847 autem
2648 3792 2923 3861 sacrilegi,
2952 3793 3044 3861 qui
3077 3791 3290 3861 publica
3317 3806 3477 3847 sacra

1888 3888 2183 3956 compilaut
2214 3905 2227 3941 :
2262 3899 2318 3942 at
2346 3888 2440 3956 qui
2468 3888 2674 3957 privata
2707 3902 2863 3942 sacra
2888 3886 3284 3955 mdisculasque
3311 3885 3476 3939 iucu-

1888 3982 2116 4035 stoditas
2166 3981 2430 4050 spoliant,
2472 3980 2656 4035 minus
2695 3995 2863 4048 quam
2916 3978 3188 4046 sacrilegi,
3234 3976 3476 4045 amplius

1888 4089 2052 4143 quam
2112 4072 2262 4127 fures
2297 4074 2621 4142 puniuntur.
2657 4071 2788 4127 Item
2835 4073 2927 4141 qui
2978 4070 3261 4141 peregrina
3313 4084 3476 4123 sacra

1890 4164 2212 4226 sulfuratur,
2257 4164 2530 4233 sacrilegii
2569 4163 2787 4217 crimini
2843 4162 3114 4215 obnoxius
3164 4170 3265 4214 est.
3298 4160 3476 4213 Caete-

1890 4272 2015 4310 rum
2048 4256 2093 4310 si
2129 4257 2176 4311 is
2207 4256 2297 4311 cui
2332 4271 2617 4310 sacrorum
2651 4256 2897 4310 custodia
2923 4252 3234 4306 concredita
3268 4260 3372 4314 est,
3402 4266 3469 4303 ex

192 4345 311 4412 γὰρ
339 4342 441 4413 τὴν
471 4340 651 4393 αὐτῶν
682 4338 928 4409 φυλακὴν
960 4337 1417 4408 πεπιστευμένος,
1454 4336 1556 4388 κᾶν
1583 4336 1784 4406 ὑφέλη-
1814 4342 1843 4401 Ῑ

1892 4347 1996 4401 illis
2053 4346 2256 4415 aliquid
2289 4346 2669 4417 subripuerit,
2729 4345 2832 4416 legi
2889 4344 3162 4398 obnoxius
3218 4353 3475 4396 nonest.

189 4435 287 4489 ταί
319 4450 372 4486 τι
400 4433 461 4499 ἐξ
488 4429 689 4495 αὐτῶν,
723 4430 823 4499 οὐχ
850 4429 1132 4483 ὑπόκειται
1159 4427 1334 4497 τούτῳ
1358 4425 1439 4497 τῷ
1469 4427 1643 4496 νόμῳ·
1677 4426 1784 4493 δίγ.

196 4528 294 4598 ιβ’,
315 4522 811 4595 δεπορτατεύεταιό
836 4521 1089 4592 ἐμϐαλὼν
1117 4519 1403 4591 ἄνθρωπον
1439 4520 1497 4571 ὲν
1530 4519 1787 4589 κιϐωτίῳ,

194 4620 293 4672 καὶ
348 4614 751 4686 παρενθέμενος
809 4613 971 4669 αὐτὸν
995 4614 1053 4667 tv
1082 4611 1219 4683 ναῷ,
1253 4612 1350 4665 ἐὰν
1383 4611 1595 4673 ἐκεῖνος
1629 4609 1790 4676 ἐξιὼν

194 4711 298 4780 τῆς
326 4707 583 4773 κιϐωτοῦ,
627 4706 800 4779 κλέψῃ
823 4706 946 4760 τινὰ
967 4705 1061 4759 τοῦ
1095 4704 1279 4775 ἱεροῦ’
1322 4702 1428 4772 δίγ.
1460 4702 1566 4768 ις’.
1606 4702 1789 4773 τδιτῆς

198 4801 510 4874 ἱεροσυλίας
540 4803 635 4854 καὶ
660 4798 801 4853 κατὰ
839 4798 1191 4869 κληρονόμων
1232 4794 1485 4868 ἁρμόζειν
1517 4795 1649 4866 περὶ
1680 4794 1792 4864 γὰρ

196 4894 499 4965 χρημάτων
526 4889 928 4962 ὑφαιρεθέντων
953 4888 1100 4942 ἔστιν
1129 4887 1280 4958 αὐτῷ
1306 4888 1339 4958 ἡ
1382 4886 1636 4958 ζήτησις.

344 4982 616 5039 Συνόδου
646 4979 1066 5051 οἱκουμενικῆς
1092 4978 1275 5046 ἕκτης
1297 4979 1501 5032 κανὼν
1538 4974 1647 5046 ξη¹.

273 5076 376 5149 ξη’.
410 5076 545 5146 Περὶ
574 5075 671 5127 τοῦ
712 5073 789 5143 μὴ
821 5072 1018 5138 ἐξεῖναί
1049 5088 1157 5124 τινι
1184 5070 1292 5125 τῶν
1314 5071 1553 5135 πάντων,
1587 5066 1791 5137 βιϐλίον

196 5173 299 5243 τῆς
335 5166 578 5228 Παλαιᾶς
605 5162 701 5217 καὶ
714 5162 923 5231 Καινῆς
951 5159 1229 5230 Διαθήκης
1262 5159 1371 5212 τῶν
1399 5176 1456 5212 τε
1491 5158 1666 5227 ἁγίων
1697 5156 1790 5210 κιιὶ⁸

199 5260 473 5330 ἐκκρίτων
506 5255 665 5327 ἡμῶν
697 5253 955 5325 κηρύκων
972 5252 1065 5305 καὶ
1084 5251 1418 5305 διδασκάλων
1449 5249 1789 5319 διαφθείρειν

199 5355 233 5427 ἢ
265 5350 652 5420 κατατέμνειν,
681 5347 715 5418 ὴ
750 5350 863 5410 τοῖς
910 5344 1372 5415 βιϐλιοκαπήλοις,
1407 5344 1439 5413 ἢ
1474 5346 1584 5405 τοῖς
1628 5342 1789 5407 λεγο-

206 5447 388 5517 μένοις
443 5441 729 5514 μυρεψοῖς,
768 5439 802 5510 ἢ
856 5438 1001 5508 ἄλλῳ
1057 5438 1165 5488 τινὶ
1205 5436 1312 5488 τῶν
1359 5434 1613 5488 ἁπάντων
1648 5434 1789 5501 πρὸς

204 5537 512 5609 ἀφανισμὸν
563 5534 851 5599 ἐκδιδόναι,
884 5533 931 5583 εἰ
972 5529 1047 5601 μή
1087 5547 1139 5582 τι
1166 5529 1274 5599 ἄρα
1300 5528 1501 5592 τέλεον,
1534 5526 1643 5580 εἴτε
1678 5524 1790 5581 ὑπὸ

206 5630 400 5702 θητῶν,
443 5630 481 5699 ἢ
511 5627 729 5691 ὓδατος,
748 5625 783 5696 ἢ
815 5624 986 5693 ἑτέρῳ
1016 5622 1201 5695 τρόπῳ
1222 5620 1515 5691 ἁχρειωθῇ.
1565 5620 1621 5674 '0
1651 5620 1717 5675 δέ,
1736 5634 1784 5670 τι

1893 4438 2096 4509 Digest.
2154 4438 2242 4493 12.
2295 4437 2625 4508 Deportatur
2656 4438 2749 4509 qui
2805 4438 3079 4491 hominem
3132 4436 3184 4488 in
3228 4435 3476 4490 arculam

1891 4531 2138 4594 includit,
2174 4546 2407 4601 eamque
2454 4530 2508 4584 in
2541 4532 2743 4600 templo
2795 4530 3037 4599 deponit,
3074 4528 3118 4582 si
3155 4529 3245 4582 ille
3280 4527 3348 4582 de
3381 4527 3476 4580 illa

1889 4622 2077 4677 exiens
2109 4623 2369 4676 nonnulla
2408 4622 2476 4677 de
2515 4622 2715 4692 templo
2755 4621 3079 4677 sulfuretur.
3129 4619 3328 4689 Digest.
3382 4617 3475 4677 16.

1892 4712 2178 4785 Saerilegii
2202 4713 2476 4785 judicium
2505 4716 2669 4770 etiam
2717 4714 2982 4769 adversus
3015 4714 3281 4769 lueredem
3314 4728 3472 4767 com-

1892 4806 2022 4876 petit
2052 4822 2069 4873 ;
2096 4821 2221 4861 nam
2258 4806 2327 4861 de
2370 4806 2599 4863 sublatis
2628 4807 2874 4878 pecuniis
2919 4807 2972 4861 iu
3008 4823 3074 4862 eo
3108 4814 3193 4861 est
3218 4805 3472 4876 qumstim

2113 4976 2340 5033 Concilii
2376 4975 2678 5032 mcumem'ci
2731 4976 2868 5030 sexti
2925 4989 3097 5028 canon
3142 4972 3232 5028 68.

1963 5070 2051 5125 68.
2086 5069 2229 5123 Nulli
2265 5085 2331 5124 ex
2372 5069 2628 5124 omnibus
2659 5068 2821 5122 licere
2860 5065 3073 5121 Veteris
3100 5073 3155 5118 et
3200 5061 3337 5117 Novi
3368 5059 3471 5114 Τεκ-

1892 5161 2146 5215 stamenti
2181 5160 2408 5227 librum,
2432 5175 2535 5214 nec
2566 5168 2880 5215 sanctorum
2914 5167 3227 5212 nostrorum
3269 5167 3479 5223 praeco-

1892 5270 2023 5308 num
2086 5268 2151 5307 ac
2206 5253 2494 5308 doctorum
2552 5266 2905 5321 corrumpere
2957 5249 3041 5303 vel
3089 5246 3479 5311 eonscindere,

1894 5348 1977 5400 vel
2008 5346 2273 5400 librorum
2322 5343 2812 5414 cauponatoribus,
2848 5341 2933 5395 vel
2974 5340 3040 5393 iis
3072 5339 3165 5409 qui
3212 5338 3476 5392 dicuntur

1894 5438 2264 5508 unguentarii,
2307 5437 2471 5491 alicui
2505 5436 2597 5489 alii
2631 5451 2695 5489 ex
2726 5433 2981 5488 omnibus
3025 5432 3091 5486 ad
3123 5446 3247 5485 eum
3280 5429 3473 5483 deleu-

1893 5529 2019 5581 dum
2056 5529 2266 5582 tradere
2299 5544 2312 5581 :
2343 5526 2445 5581 nisi
2481 5527 2669 5595 utique
2695 5525 2776 5578 vel
2807 5540 2837 5577 a
2874 5524 3052 5589 tineis,
3082 5523 3167 5577 vel
3197 5523 3263 5575 ab
3303 5536 3475 5589 aqua,

1880 5600 1974 5673 ‘vel
2010 5618 2078 5672 ab
2139 5617 2326 5687 aliquo
2384 5615 2546 5671 modo
2588 5614 2831 5669 redditus
2902 5611 3328 5668 fueritinulilis.
3364 5608 3479 5676 Qui
