3912 6244
431 261 539 322 583
1585 260 1843 320 ΡΗΟἸῚΙ
1882 261 2385 323 ΡΛΤίίῐΑῐὶῦῐῖιἘ
2425 262 2534 322 CP.
3570 252 3665 316 581

431 362 611 407 autem
636 349 741 404 tale
765 348 892 419 quid
919 347 1094 404 facere
1123 349 1377 419 deinceps
1407 348 1777 418 deprehensus
1813 350 1995 414 fuerit,
2026 393 2036 410 Α

2149 354 2306 405 ιιοῦτο
2337 354 2511 404 ποιεῖν
2528 347 2636 406 ἀπὸ
2662 346 2762 400 τοῦ
2787 345 2883 400 νῦν
2908 344 3283 414 ἁλισκόμενος,
3310 342 3399 396 ἐπὶ
3435 343 3668 397 ἐνιαυτὸν

430 458 575 496 anno
615 456 724 495 uno
754 448 1079 509 segregetur.
1113 440 1379 494 Similiter
1415 449 1469 494 et
1501 441 1591 510 qui
1638 441 1807 495 libros
1839 440 2001 512 124

2149 439 2476 510 φοριζέσθωσ
2526 436 2726 507 ὁμοίως
2783 437 2877 489 καὶ
2928 438 2955 486 ὁ
3003 434 3101 497 τὰς
3156 431 3409 495 τοιαύτας
3468 432 3669 501 βίϐλους

430 534 475 586 si
513 548 606 586 eos
654 531 870 599 quidem
912 531 1026 599 ipse
1059 545 1168 584 non
1218 531 1287 585 ad
1326 546 1483 585 suam
1524 531 1814 584 utilitatem
1870 532 2003 585 reti-

2149 531 2245 584 ινού
2255 547 2432 600 μενος,
2453 531 2503 582 εί
2529 530 2666 598 μήτε
2688 528 2849 587 αὐτὸς
2868 526 3063 586 ταύτας
3088 523 3307 592 κατέχει
3325 523 3460 592 πρὸς
3480 522 3671 575 οἰκείαν

432 634 575 686 neat,
608 638 706 676 nec
727 624 896 677 altera
929 623 996 674 ad
1041 623 1161 689 ejus
1214 622 1537 678 beneﬁcium
1594 632 1649 678 et
1697 633 1757 678 ut
1813 622 1849 678 ii
1877 638 2001 693 per-

2150 622 2428 690 σφάλειαν,
2472 621 2608 690 μήτε
2639 620 2809 688 ἑτέρῳ
2842 617 2978 687 πρὸς
3005 614 3325 685 εὐεργεσίαν
3363 614 3460 666 καὶ
3485 613 3543 665 τὸ
3566 615 3670 666 δια-

436 726 690 769 ntaneant
712 715 825 780 dat,
856 724 1191 784 segregetur.

2149 713 2292 764 εἶναι
2308 709 2601 776 ἀποδῶται,
2621 707 2757 763 ἀλλὰ
2778 706 2948 761 ταῦτα
2972 704 3304 775 διαφθείρειν
3329 705 3669 773 ἐπιχειρήσω,

2110 800 2473 872 ἀφοριζέσθω.

2183 896 2433 948 ΚΕΦΑΛ.
2454 894 2603 947 Γ’.-
2628 892 2767 960 Περὶ
2793 886 3101 959 κληρικῶν
3122 883 3567 953 detorrthde
3588 882 3673 935 καί

2112 985 2272 1055 παρὰ
2291 986 2535 1055 γνώμην
2556 985 2663 1039 τοῦ
2686 984 3023 1038 ἐπισκόπου
3045 978 3347 1034 ἱστώντων
3367 975 3671 1041 θυσιαστή-

2107 1091 2229 1141 pta.

505 882 657 938 CAP.
693 883 784 937 111.
815 913 882 922 -ο
917 883 989 937 De
1033 884 1238 937 clericis
1284 885 1374 953 qui
1400 885 1631 938 sclzisma
1675 884 1902 953 faciunt,
1954 894 2005 939 el

436 986 625 1045 praeter
642 977 957 1029 sententiam
980 975 1210 1043 episcopi
1242 976 1441 1028 altaria
1466 984 1731 1029 statuunt.

878 1154 1251 1221 Apostolorum
1276 1168 1445 1205 canon
1476 1154 1566 1208 51.

2537 1159 2927 1214 Ἀποστόλων
2951 1153 3151 1208 κανὼν
3183 1152 3272 1207 λά.

508 1242 747 1317 51[50].
798 1243 854 1297 Si
909 1244 1033 1312 quis
1067 1243 1371 1312 presbyter.
1419 1251 1734 1313 contempto
1786 1242 2011 1314 proprio

2189 1248 2291 1304 λα’.
2336 1251 2403 1305 El
2431 1267 2516 1312 τις
2544 1247 2915 1318 πρεσϐύτερος
2972 1244 3388 1317 καταφρονήσας
3431 1240 3523 1294 τοῦ
3559 1241 3673 1294 ἰδίου

439 1336 717 1405 episcopo,
750 1349 1000 1389 seorsum
1046 1333 1529 1404 congregationem
1576 1334 1787 1399 fecerit,
1839 1343 1893 1389 et
1926 1336 2010 1388 al-

2151 1345 2416 1397 πισκόπου
2434 1384 2448 1408 ,
2463 1341 2630 1411 χωρὶς
2653 1337 2961 1408 συναγάγῃ,
2980 1338 3074 1389 καὶ
3103 1334 3486 1403 θυσιαστήριον
3509 1332 3675 1403 ἕτερον

445 1435 621 1478 terum
661 1424 836 1477 altare
885 1422 1083 1486 ﬁxerit,
1113 1423 1369 1490 episcopo
1415 1437 1515 1476 suo
1560 1423 1614 1476 in
1661 1423 1918 1491 religione
1947 1440 2012 1478 ac

2149 1436 2301 1507 ιήξει,
2331 1435 2496 1505 μηδὲν
2524 1430 2887 1501 κατεγνωκὼς
2915 1429 3007 1481 τοῦ
3038 1427 3336 1481 ἐπισκόπου
3363 1426 3420 1479 ὲν
3443 1424 3675 1494 εὐσεϐείᾳ

440 1515 652 1585 jnstitia
684 1513 831 1569 nulla
869 1514 922 1567 in
958 1529 1016 1567 re
1050 1528 1080 1567 a
1104 1528 1163 1567 se
1189 1515 1573 1579 condemnato,
1603 1513 1928 1584 deponatur,
1955 1524 2012 1568 ut

2149 1530 2213 1582 :al.
2234 1524 2570 1595 δικαιοσύνῃ,
2589 1522 2960 1592 καθαιρείσθω
3011 1520 3087 1580 ώς
3120 1518 3377 1587 φίλαρχος
3398 1533 3413 1546 ·
3438 1515 3676 1585 τύραννο;

444 1605 734 1673 unpcrinm
784 1603 1059 1658 obtinendi
1109 1604 1375 1670 cupidus:
1408 1613 1495 1658 est
1522 1605 1665 1658 enim
1722 1614 2008 1676 tyrannus.

2149 1617 2227 1682 ’ἀρ
2252 1616 2367 1666 ἐστι
2386 1629 2398 1641 '
2427 1612 2688 1675 ὡσαύτως
2712 1611 2768 1663 δὲ
2804 1608 2981 1662 λαῖκοὶ
3008 1606 3489 1676 ἀφοριζέσθωσανι·
3523 1605 3675 1657 ταῦτα

448 1697 711 1750 Similiter
739 1705 793 1751 et
820 1695 1016 1765 reliqui
1052 1696 1260 1759 clerici,
1312 1706 1365 1749 et
1390 1706 1660 1766 quotquot
1689 1697 1739 1752 ei
1778 1714 2025 1753 accesse-

2149 1709 2183 1758 ἑὲ
2234 1703 2372 1775 μετὰ
2420 1703 2546 1775 μίαν
2584 1704 2679 1756 καὶ
2716 1703 2974 1772 δευτέραν
3005 1700 3101 1755 καὶ
3131 1698 3320 1770 τρίτην
3353 1697 3677 1769 παράκλησιν

448 1797 594 1841 runt.
632 1786 779 1840 Laici
828 1796 1008 1841 autem
1049 1799 1426 1857 segregentur,
1460 1804 1635 1857 eaque
1680 1799 1803 1858 post
1855 1806 2022 1845 unam

2149 1792 2216 1846 ὀῦ
2238 1793 2539 1846 ἐπισκόπου
2569 1790 2825 1861 γινέσθω.

447 1880 781 1949 alteramque
820 1894 883 1934 ac
920 1880 1132 1933 tertiam
1165 1880 1593 1935 admonitionem
1621 1883 1774 1938 ﬁant.

800 1969 1023 2025 Concilii
1060 1970 1374 2026 Antioclteni
1404 1990 1572 2027 canon
1606 1973 1660 2028 5.

2422 1968 2693 2023 Συνόδου
2738 1968 3089 2037 Ἀντιοχείας
3118 1966 3320 2021 κανὼν
3346 1972 3407 2021 ε’.

527 2065 582 2119 5.
628 2064 685 2118 Si
732 2067 856 2133 quis
900 2063 1013 2134 ('55)
1052 2063 1355 2134 presbyter;
1378 2066 1458 2119 vel
1489 2067 1752 2121 diaconus
1804 2066 2026 2137 proprio

452 2165 765 2226 contempto
793 2156 1070 2226 episcopo,
1106 2158 1176 2210 ab
1215 2155 1457 2212 Ecclesia
1490 2159 1731 2228 scipsum
1774 2175 2029 2229 segrega-

453 2249 611 2311 verit,
642 2257 697 2301 et
712 2248 964 2316 privatim
980 2249 1458 2317 congregationem
1485 2250 1747 2316 eﬂ‘ecerit,
1776 2260 1829 2304 et
1856 2251 2030 2306 altare

452 2339 710 2405 erexerit,
754 2347 808 2392 et
834 2338 1093 2407 episcopo
1119 2344 1434 2393 aecersente
1462 2355 1574 2393 non
1604 2339 1891 2405 obedierit,
1933 2354 2030 2393 nec

454 2431 586 2486 velit
639 2431 689 2483 ei
747 2445 959 2498 parere,
991 2444 1093 2483 nec
1148 2445 1357 2484 morem
1400 2446 1589 2500 gerere
1635 2431 1813 2501 primo
1845 2440 1899 2484 et
1938 2445 2029 2485 se-

456 2520 639 2577 cundo
672 2521 910 2583 vocanti,
945 2520 991 2575 is
1032 2521 1258 2573 omnino
1313 2519 1642 2589 deponatur,
1670 2529 1725 2573 et
1773 2536 1880 2573 non
1914 2534 2032 2572 am-

457 2614 597 2681 plius
617 2612 956 2666 curationem
981 2612 1223 2680 assequi,
1252 2625 1351 2665 nec
1381 2626 1541 2665 suum
1566 2612 1741 2681 possit
1771 2614 2030 2665 honorem

2200 2068 2265 2116 ε’.
2300 2061 2368 2114 El’
2399 2079 2483 2126 τις
2517 2061 2884 2133 πρεσϐύτερος
2921 2062 2954 2132 ἢ
2986 2060 3253 2127 διάκονος,
3285 2058 3678 2127 καταφρονήσας

2126 2153 2219 2206 τοῦ
2272 2152 2402 2206 ἰδίου
2436 2152 2756 2219 ἐπισκόπου,
2791 2153 3066 2223 ἀφώρισεν
3106 2152 3298 2205 ἑαυτὸν
3334 2150 3437 2219 τῆς
3474 2149 3677 2217 Ἐκκλη-

2130 2244 2271 2309 σίας,
2319 2245 2413 2298 καὶ
2454 2245 2558 2314 ίδίᾳ
2598 2246 2891 2315 συνήγαγε,
2922 2245 3017 2298 καὶ
3056 2242 3443 2313 θυσιαστήριον
3486 2241 3678 2310 ἔστησε,

2130 2335 2225 2388 καὶ
2297 2335 2390 2387 τοῦ
2462 2334 2764 2388 ἐπισκόπου
2834 2333 3349 2403 προσκαλεσαμένου
3415 2331 3674 2401 ἀπειθοίη,

2130 2428 2225 2480 καὶ
2298 2428 2373 2496 μὴ
2461 2425 2703 2495 βούλοιτο
2779 2426 2930 2496 αὐτῷ
3002 2425 3339 2492 πείθεσθαι,
3413 2424 3543 2495 μηδὲ
3593 2425 3658 2475 ὑπ

2130 2517 2370 2581 ακούειν,
2404 2517 2499 2570 καὶ
2540 2517 2755 2588 πρῶτον
2804 2515 3060 2569 καλοῦντι
3088 2516 3183 2568 καὶ
3222 2514 3492 2585 δεύτερον,
3521 2514 3681 2567 τοῦτον

2131 2608 2507 2679 καθαιρεῖσθαι
2541 2609 2841 2674 παντελῶς,
2876 2611 2970 2663 καὶ
3012 2610 3210 2680 μηκέτι
3254 2606 3547 2679 θεραπείας
3572 2622 3681 2672 τυγ-

456 2720 671 2774 capere.
709 2704 804 2757 Sin
842 2712 1023 2756 autem
1062 2710 1382 2771 perseverat
1411 2703 1731 2771 perturbare
1761 2712 1813 2756 et
1848 2700 2034 2754 Eccle-

460 2802 599 2853 siam
630 2807 897 2860 evertere,
934 2798 980 2852 is
1007 2811 1103 2866 per
1132 2804 1421 2851 externam
1454 2794 1755 2865 potentiam
1790 2802 1851 2847 ut
1885 2792 2031 2848 sedi-

462 2893 635 2947 tiosus
668 2891 986 2959 castigatur.

2132 2702 2337 2771 χάνειν,
2372 2702 2508 2772 μηδὲ
2540 2702 2801 2755 δύνασθαι
2843 2702 3144 2769 λαμϐάνειν
3169 2702 3268 2771 τὴν
3300 2699 3498 2753 ἑαυτοῦ
3519 2699 3679 2768 τιμήν.

2134 2798 2197 2850 Εἰ
2216 2798 2269 2850 δὲ
2297 2796 2604 2867 παραμένοι
2629 2796 2872 2867 θορυϐῶν
2904 2796 2997 2849 καὶ
3025 2795 3345 2850 ἀναστατῶν
3360 2794 3460 2863 τὴν
3484 2790 3683 2857 Ἐκκλη-

2135 2890 2258 2942 σίαν
2299 2889 2388 2941 διὰ
2428 2890 2526 2959 τῆς
2578 2888 2779 2955 ἔξωθεν
2823 2888 3097 2956 ἐξουσίας,
3142 2888 3218 2951 ὡς
3252 2885 3520 2957 στασιώδη
3548 2882 3685 2939 αὐτὸν

2135 2978 2603 3048 ἀποστρέφεσθαι.

2415 3069 2683 3124 Συνόδου
2715 3071 3132 3140 Καρθαγένγης
3163 3069 3367 3124 κανὼν
3386 3067 3436 3125 ι’.

2217 3160 2354 3229 Περὶ
2391 3161 2809 3230 πρεσϐυτέρων
2835 3162 2954 3216 τῶν
2981 3162 3099 3216 ἀπὸ
3126 3162 3245 3215 τῶν
3270 3164 3505 3215 οίκείωγ
3535 3176 3687 3213 κατα-

2148 3254 2603 3323 γινωσκομένων
2629 3255 2998 3310 ἐπισκόπων.

2219 3346 2270 3399 ι’.
2289 3346 2539 3410 Ἀλύπιος
2557 3347 2850 3411 ἐπίσκοπος
2869 3367 3069 3419 τοποτη
3076 3348 3246 3422 ρητὴς
3257 3348 3357 3420 τῆς
3374 3350 3484 3405 Non
3493 3346 3691 3418 μηδικῆς

2147 3436 2329 3509 χώρας
2376 3432 2529 3490 εἴπεν
2556 3452 2572 3470 ο
2610 3437 2684 3489 Οὐ
2708 3436 2752 3489 δ’
2774 3439 2950 3490 ἐκεῖνο
2972 3437 3052 3489 δεῖ
3078 3438 3378 3505 παρεᾶσαι,
3399 3436 3483 3487 ἴνα
3517 3434 3601 3485 ἐὰν
3622 3446 3690 3490 τις

2145 3530 2307 3600 τυχὸν
2343 3530 2715 3600 πρεσϐύτερος
2749 3532 2856 3584 ἀπὸ
2909 3531 3004 3584 τοῦ
3035 3532 3164 3585 ἰδίου
3205 3529 3506 3583 ἐπισκόπου
3548 3542 3689 3579 κατασ

2146 3622 2442 3691 γνωσθεὶς,
2480 3623 2761 3693 φυσιότητί
2809 3642 2913 3677 τινι
2937 3624 3032 3677 καλ⁵
3054 3623 3406 3694 ὑπερηφανίᾳ
3431 3619 3689 3690 ἐπαρθεὶς,

2145 3712 2421 3781 ἡγήσηται
2446 3712 2681 3779 ὀφείλειν
2709 3714 3132 3784 κεχωρισμένως
3160 3714 3290 3782 ἅγια
3316 3714 3398 3783 τῷ
3414 3711 3528 3773 Θεῷ
3544 3723 3687 3777 προσ-

2146 3802 2421 3873 φέρειν,ἢ
2459 3803 2588 3857 ἄλλο
2630 3805 2890 3876 ἀνορθοῦν
2927 3805 3310 3877 θυσιαστήριον
3339 3803 3546 3872 οίηθείη
3572 3796 3689 3853 κατὰ

2144 3894 2244 3963 τῆς
2294 3895 2756 3966 ἐκκλησιαπικῆς
2807 3897 3041 3959 πίστεως
3090 3900 3186 3951 καὶ
3230 3897 3624 3957 καταστάσεως,
3666 3891 3690 3943 ὁ

2140 3986 2378 4049 τοιοῦτος
2406 3988 2753 4061 ἀτιμώρητος
2781 3992 2857 4062 μὴ
2887 3990 3098 4061 ἐξέλθῃ.

729 3068 952 3125 Concilii
988 3064 1415 3135 Carthaginensis
1471 3079 1641 3116 canon
1679 3062 1764 3115 10.
2064 3059 2109 3120 C

535 3161 612 3215 De
660 3158 995 3230 presbyteris,
1034 3156 1123 3225 qui
1173 3171 1206 3207 a
1237 3154 1465 3223 propriis
1516 3153 1865 3219 corripientur
1901 3149 2041 3216 cpis-

464 3255 628 3322 copis.

536 3347 624 3401 10.
653 3344 878 3415 Alypius
906 3342 1193 3411 episc0pus
1214 3340 1281 3404 ",
1333 3338 1543 3406 legatus
1584 3334 1877 3405 provinciae
1924 3332 2043 3386 Nu-

468 3439 672 3503 midia},
700 3436 837 3490 dixit
872 3452 885 3487 :
922 3434 1028 3488 Nec
1061 3433 1193 3485 illud
1228 3431 1338 3500 (56)
1383 3427 1905 3499 ρνωιθτιιιίιιοιιᾱιιιῐι
1937 3434 2040 3489 est,

466 3538 529 3584 ut
565 3529 612 3583 si
644 3527 771 3596 quis
802 3525 941 3579 forte
973 3522 1131 3592 125
1178 3521 1457 3590 presbyter
1518 3520 1586 3573 ab
1637 3518 1893 3587 episcOpo
1938 3531 2040 3571 suo

468 3626 771 3687 correptus,
805 3625 1019 3669 tumore
1055 3613 1141 3666 vel
1191 3611 1444 3680 superbia
1500 3609 1721 3663 inﬂatus
1772 3610 2041 3677 putaverit

469 3709 762 3780 separatim
813 3704 1079 3760 sacriﬁcia
1128 3701 1236 3756 Deo
1278 3702 1575 3765 oll'erenda,
1612 3700 1698 3755 vel
1732 3699 1879 3754 aliud
1931 3700 2040 3753 eri-

471 3800 704 3870 gendum
735 3798 907 3851 altare
932 3803 1125 3850 contra
1176 3793 1605 3848 ecclesiasticam
1658 3792 1818 3846 ﬁdem
1875 3791 2042 3846 disci-

472 3892 785 3963 plinamque
810 3888 1121 3951 crediderit,
1149 3901 1256 3940 non
1282 3895 1440 3939 exeat
1486 3884 1809 3952 impunitus.
1847 3882 2041 3937 Valen-

471 3981 622 4034 tinus
654 3978 841 4049 primae
880 3978 1027 4032 sedis
1062 3973 1357 4046 provinciae
1397 3971 1687 4039 Numidiae,
1722 3972 1858 4026 dixit
1889 3990 1901 4025 :
1935 3971 2043 4027 Ne-

473 4070 715 4127 cessario
745 4070 1049 4140 disciplina:
1079 4065 1472 4122 ecclesiasticae
1521 4074 1575 4119 et
1626 4064 1749 4119 ﬁdei
1801 4080 2043 4135 congrua

474 4173 626 4229 sunt,
659 4178 782 4232 quae
809 4162 976 4217 frater
1012 4170 1197 4216 noster
1236 4159 1464 4230 Alypius
1516 4156 1681 4229 [Μεδ.
1712 4157 1878 4214 frater
1919 4157 2168 4230 Alypius]
2196 4170 2517 4230 prosecutus
2571 4171 2657 4219 est
2681 4205 2696 4221 .
2766 4163 2991 4234 proinde
3030 4162 3158 4234 quid
3227 4162 3476 4217 videatur
3525 4156 3690 4213 ves“

474 4257 773 4322 dilectioni,
799 4257 994 4312 edicite
1021 4254 1179 4327 [Μδδ.
1211 4253 1417 4326 dicite].

748 4366 976 4420 Concilii
1001 4382 1110 4419 wcu
1122 4365 1313 4419 menici
1338 4366 1473 4419 sexti
1508 4382 1673 4420 canon
1706 4365 1796 4421 51.

2288 4366 2556 4421 Συνόδου
2584 4366 2997 4436 οίκουμενικῆς
3020 4367 3200 4435 ἕκτης
3237 4367 3442 4421 κανὼν
3477 4365 3570 4418 λα’.

543 4459 605 4511 '51
620 4458 899 4522 .Clericos,
918 4458 1011 4526 qui
1037 4457 1089 4510 in
1113 4458 1375 4512 oratoriis
1398 4457 1467 4520 ’³,
1497 4473 1618 4527 qua:
1643 4458 1936 4525 suntjntra
1952 4457 2036 4513 do-

2216 4459 2315 4514 λα’.
2362 4462 2501 4524 Τοὺς
2540 4463 2597 4514 ὲν
2639 4463 2751 4525 τοῖς
2781 4461 3093 4530 εὑκτηρίοις
3134 4461 3305 4522 οίκοις
3361 4458 3505 4511 ἔνδον
3539 4454 3689 4512 οἰκίας

481 4566 622 4615 mos,
654 4564 809 4605 saera
843 4551 1069 4615 faciunt,
1096 4551 1179 4605 vel
1227 4552 1541 4622 baptizant,
1586 4552 1690 4605 hoc
1740 4552 1886 4608 illius
1944 4553 2036 4607 loc

2149 4553 2470 4622 τυγχάνουσι
2535 4552 2986 4623 λειτουργοῦντας
3030 4553 3325 4621 κληρικοὺς
3371 4551 3473 4604 ὑπὸ
3497 4548 3689 4618 γνώμην

481 4644 717 4713 episcopi
742 4644 1007 4697 sententia
1037 4641 1218 4698 facere
1251 4645 1450 4699 debere
1471 4644 1838 4699 decernimus.
1871 4644 2036 4710 Quart

2149 4647 2305 4699 τοῦτο
2341 4646 2601 4717 πράττειν
2623 4646 2716 4699 τοῦ
2745 4645 2888 4699 κατὰ
2919 4644 3010 4699 τὸν
3034 4646 3197 4698 τόπον
3225 4645 3521 4697 ἐπισκόπου
3539 4638 3691 4710 ὀρίζο·

483 4733 529 4787 si
558 4732 683 4801 quis
710 4731 943 4786 clericus
973 4732 1078 4788 hoe
1102 4748 1210 4788 non
1239 4734 1321 4789 sic
1345 4734 1665 4801 servaverit,
1693 4735 2019 4805 deponatur.

2152 4756 2252 4807 μεν
2269 4754 2284 4769 ο
2322 4737 2463 4792 ὥστε
2506 4740 2662 4802 εἴτις
2691 4738 2951 4809 κληρικὸς
2986 4737 3063 4809 μὴ
3089 4736 3243 4790 τοῦτο
3270 4735 3443 4799 οὕτως
3467 4732 3689 4803 φυλάξων

2152 4828 2537 4902 καθαιρείσθω.

479 4934 683 5029 εἶμιιορί
730 4938 1188 5023 Constantinopoli
1244 4943 1297 4995 in
1326 4941 1516 5029 templo
1540 4940 1641 4996 SS.
1671 4940 2036 5009 Apostolorum

2152 4943 2421 4997 Συνόδου
2447 4943 2509 5029 αἱ
2537 4944 2643 5029 καί⁹
2669 4944 2730 5007 β’
2764 4945 3277 5029 ςυγκροτῃοείσης
3303 4942 3373 4995 ἐν
3391 4944 3689 5029 ,Κωνσζςιν;

553 5008 765 5084 debitae,
784 5027 899 5084 qum
918 5013 1102 5084 prima
1116 5021 1164 5066 et
1184 5013 1415 5066 secunda
1432 5007 1796 5077 nuncupatur,
1822 5027 2036 5065 canonet

2222 5014 2566 5084 τινοινπόλει
2620 5015 2690 5084 ἐν
2731 5015 2810 5084 τῷ
2838 5007 2961 5079 ιλαῷ
2989 5007 3106 5067 τῶν
3144 5007 3329 5084 ἁγίων
3371 5007 3690 5065 ἀποστόλων

555 5079 641 5143 12,
670 5079 755 5142 15,
794 5082 880 5143 14,
910 5081 999 5133 15.
2223 5083 2422 5136 κανὼν
2448 5084 2536 5153 ιβ’,
2573 5083 2663 5152 ιγ’,
2698 5083 2777 5151 ιδ’,
2813 5092 2893 5138 ιε’.

568 5170 650 5223 t2.
690 5170 828 5224 Cum
866 5179 1076 5236 sancta,
1105 5180 1161 5224 et
1198 5168 1520 5223 universalis
1548 5180 1739 5225 sancta
1780 5172 2036 5241 synodus,

2226 5173 2312 5244 ’β’-
2330 5176 2443 5245 Τῆς
2473 5176 2633 5245 ἀγίας
2652 5176 2745 5230 καὶ
2761 5176 3138 5247 οἰκουμενικῆς
3160 5175 3327 5246 ἕκτης
3352 5167 3689 5233 ουνάόου,τοὺς

554 5330 599 5361 ³³
628 5329 881 5398 Carthag.
916 5345 976 5394 ιι,
1009 5342 1132 5397 cap.
1167 5328 1221 5382 8.
1299 5329 1347 5360 "
1380 5326 1605 5383 Laudic.
1632 5343 1756 5383 can.
1785 5329 1875 5383 58.

1979 5440 2211 5497 NOTAE.

556 5574 667 5644 (55)
708 5570 843 5626 Vide
869 5572 1136 5644 actionem
1173 5586 1298 5625 mox
1347 5573 1568 5628 citatam
1604 5571 1835 5644 concilii
1881 5572 2041 5627 Chal-

484 5644 804 5697 cedonensis
836 5643 923 5695 ubi
957 5659 1021 5695 ex
1059 5658 1411 5696 ntunerorum
1449 5646 1590 5699 serie
1621 5643 1822 5697 dicitur
1854 5645 1946 5704 84,
1993 5653 2048 5698 (ιι

487 5712 660 5780 Vigilii
708 5714 868 5783 epist.
922 5717 988 5767 ad
1043 5712 1327 5769 Rusticum
1402 5724 1456 5769 et
1500 5713 1882 5770 Sebastianum
1936 5715 2050 5771 dia-

2365 5646 2672 5705 Ferrandus
2722 5662 2843 5719 cap.
2872 5648 2993 5715 401,
3029 5664 3093 5703 ex
3124 5662 3279 5703 conc.
3311 5644 3493 5704 Carth.
3541 5643 3611 5695 tit.
3636 5634 3678 5692 ἲ.
