3842 6224
253 231 370 296 585

1114 232 1514 294 SYNTAGMA
1553 235 1949 298 CANONUM.
1977 239 2221 299 --TIT.
2262 240 2347 302 II.
2390 244 2550 307 CAP.
2580 245 2697 305 III.

3408 257 3513 322 586

244 342 318 395 ἐν
345 344 458 404 τοῖς
480 341 794 413 εύκτηρίοις
818 342 987 405 οίκοις
1008 341 1154 395 ἔνδον
1186 344 1365 410 οἰκίας
1390 346 1844 419 λειτουργοῦντας

1947 350 2196 418 clericos,
2236 355 2329 424 qui
2376 355 2431 409 in
2458 357 2735 422 oratoriis,
2771 372 2893 429 qua:
2924 369 3054 416 sunt
3096 363 3238 420 intra
3269 370 3516 441 domum,

240 433 281 504 ἦ
317 434 682 503 βαπτίζοντας
711 434 1027 506 κληρικοὺς.
1052 437 1203 505 παρά
1238 437 1466 509 γνώμην
1488 440 1583 493 τοῦ
1616 444 1840 495 ἐπισκό-

240 540 379 592 που,
408 524 729 593 καθαιρέσει
768 527 1319 599 καθυποϐαλλούσης,
1346 532 1442 586 καὶ
1482 533 1647 602 ἡμεῖς
1677 535 1839 589 τοῦτο

244 614 748 691 συμψῃφιζόμεθα·
776 619 880 689 τῆς
920 620 1029 691 γὰρ
1057 622 1223 691 ἁγίας
1264 624 1588 694 Ἐκκλησίας
1618 626 1838 698 ὀρθοτο-

244 704 496 776 μούσης,
530 709 626 761 καὶ
653 708 745 762 τὸν
784 711 964 782 ἀληθῆ
1000 715 1414 786 πρεσϐευούσης
1442 716 1620 785 λόγον,
1648 721 1745 774 καὶ
1775 721 1839 774 τὸ

242 796 450 871 σεμνὸν
501 799 601 867 τῆς
639 800 916 864 πολιτείας
956 803 1327 876 συντηρούσης
1372 823 1432 859 τε
1475 806 1571 860 καὶ
1618 808 1836 862 ἐκδιδα-

239 883 510 955 σκούσης,
541 886 753 959 ἀπηχὲς
780 892 876 943 καὶ
900 891 1118 945 ἀνόσιον
1140 897 1493 965 παραχωρεῖν
1523 897 1649 960 τοὺς
1671 898 1838 951 ἀπαι·

234 972 437 1045 δευσίᾳ
484 977 578 1030 καὶ
620 979 861 1052 ἀναρχίᾳ
896 982 1197 1047 συζῶντας,
1238 986 1320 1048 εἰς
1350 987 1451 1050 τὰς
1494 989 1673 1053 οἰκίας
1704 990 1836 1043 ύπο-

233 1062 560 1136 δυομένους,
600 1068 699 1140 τὴν
728 1071 932 1143 ταύτης
956 1074 1212 1142 εὐταξίαν
1236 1076 1603 1149 διασπᾷν,καὶ
1631 1080 1836 1151 πολλῆς

230 1158 497 1228 ταραχῆς
530 1162 626 1214 καὶ
673 1165 988 1220 σκανδάλων
1024 1167 1399 1239 ἀποπληροῦν.
1435 1171 1635 1244 Διόπερ
1666 1174 1700 1244 ή
1739 1173 1835 1227 νῦν

236 1246 370 1319 ιερὰ
409 1250 504 1302 καί
536 1251 960 1327 θεοσυνέργητος
988 1256 1228 1325 σύνοδος,
1259 1264 1324 1331 τῇ
1354 1264 1708 1335 οἰκουμενικῇ
1738 1268 1835 1319 καὶ

234 1340 378 1411 ἁγίᾳ
424 1342 556 1415 ἕκτῃ
602 1346 808 1417 συνόδῳ
856 1350 1226 1419 συμφωνοῦσα
1266 1352 1834 1426 ἀποκεκληρωμένους

232 1426 389 1485 εἶναι
421 1434 548 1498 τοὺς
570 1436 630 1489 ἐν
654 1439 761 1499 τοῖς
789 1438 1099 1511 εύκτηρίοις
1124 1442 1294 1506 οῖκοις
1318 1443 1464 1497 ἔνδον
1496 1448 1673 1512 οἰκίας
1710 1444 1835 1503 οὖσι

230 1520 694 1596 λειτουργοῦντας
712 1529 1023 1601 διωρίσατο,
1058 1534 1158 1604 τῆς
1179 1535 1619 1607 ἀποκληρώσεως
1645 1540 1832 1610 δηλονο

230 1612 347 1676 ότι,
367 1619 519 1688 παρὰ
538 1619 633 1672 τοῦ
662 1621 799 1683 κατά
826 1622 916 1676 τὸν
930 1625 1092 1679 τόπον
1117 1627 1415 1681 ἐπισκόπου
1435 1631 1615 1695 αὐτοῖς
1636 1637 1832 1689 ἀπονε-

1942 444 2241 501 celebrant.
2281 447 2366 501 vel
2396 449 2714 517 baptizant,
2749 461 2946 522 praeter
2983 456 3225 527 episcopi
3268 460 3522 517 volunta-

1942 544 2073 599 tem,
2105 537 2433 607 depositioni
2466 541 2741 611 subjiciat,
2777 559 2875 600 nos
2903 561 3120 616 quoque
3152 549 3294 605 idem
3331 552 3521 607 decer-

1942 629 2143 685 nimus.
2181 631 2312 686 Cum
2346 633 2492 687 enim
2524 645 2715 690 sancta
2748 638 2987 693 Ecclesia
3016 650 3163 696 recte
3205 643 3517 713 dispertiat,

1941 730 2240 789 veramque
2285 719 2555 774 rationem
2603 721 2877 788 defendat,
2929 734 2986 779 et
3029 730 3396 786 venerabilem
3453 747 3520 787 ac

1942 806 2230 863 honestam
2279 810 2437 868 bonae
2480 814 2841 871 institutionis
2896 815 3131 873 formam
3188 820 3405 887 doceat,
3464 832 3520 879 et

1940 910 2249 965 conservet,
2284 903 2678 960 inconcinnum
2718 916 2821 971 est,
2852 917 2907 963 et
2935 910 3201 979 ineptum,
3239 922 3300 967 ut
3335 915 3429 984 qui
3460 915 3517 970 in

1938 990 2261 1059 petulantia,
2304 1000 2359 1048 et
2402 994 2694 1051 insolentia
2741 1013 2806 1053 ac
2844 1000 2898 1053 in
2938 1002 3307 1059 innbedientia
3348 1007 3515 1061 vitam

1940 1088 2127 1147 agunt.
2161 1080 2356 1136 domos
2377 1084 2698 1148 subeuntes,
2717 1086 2922 1141 bonum
2952 1088 3071 1158 ejus
3112 1091 3357 1146 ordinem
3384 1110 3517 1149 con-

1937 1168 2159 1236 vellaut,
2210 1180 2265 1226 et
2308 1174 2477 1229 multa
2525 1178 2976 1244 perturbatione,
3025 1190 3079 1234 et
3120 1181 3515 1240 otfensionibus

1939 1256 2220 1327 impleant.
2265 1259 2330 1314 Et
2367 1261 2491 1316 ideo
2528 1277 2687 1318 sacra
2736 1278 2913 1333 nunc,
2948 1273 3002 1320 et
3040 1267 3304 1324 divinitus
3325 1282 3511 1326 coacta

1936 1350 2200 1419 synodus,
2246 1352 2543 1407 universali
2578 1364 2742 1409 sextae
2782 1356 2991 1427 synodo
3022 1361 3391 1427 consentiens,
3418 1379 3515 1418 eos

1936 1441 2026 1507 qui
2064 1441 2120 1495 in
2155 1444 2435 1512 oratoriis,
2471 1461 2594 1515 qua:
2623 1456 2753 1501 sunt
2780 1449 2926 1503 intra
2955 1450 3173 1517 domos,
3206 1453 3508 1518 celebrant,

1934 1531 2079 1587 clero
2117 1544 2330 1591 amotos
2369 1550 2491 1592 esse
2532 1538 2744 1603 statuit,
2793 1555 2824 1594 a
2872 1540 3020 1595 clero
3054 1543 3309 1599 videlicet
3355 1560 3513 1599 amo-

1936 1623 2084 1679 tione
2111 1626 2191 1681 eis
2232 1628 2302 1681 ab
2325 1628 2444 1697 ejus
2478 1628 2581 1685 loci
2612 1630 2871 1701 episcopo
2908 1632 3074 1688 edita.
3108 1633 3167 1689 Si
3205 1636 3299 1705 qui
3326 1647 3509 1691 autem

234 1707 537 1780 μηθείσης.
582 1712 647 1764 Εἰ
691 1711 749 1765 δέ
796 1731 940 1778 τινες
975 1716 1126 1786 παρά
1162 1716 1411 1785 τούτους,
1467 1721 1564 1775 τοῦ
1612 1726 1835 1781 ἐπισκό-

1938 1724 2134 1783 Ρτιοιει·
2166 1732 2281 1781 eos,
2317 1735 2427 1774 non
2475 1723 2855 1777 consentiente
2894 1728 3170 1795 episcopo,
3216 1727 3272 1782 in
3316 1728 3509 1783 domos

230 1818 347 1854 που
399 1804 476 1874 μὴ
515 1805 895 1873 εὐδοκοῦντος,
942 1810 1021 1871 εἰς
1054 1812 1152 1874 τὰς
1196 1812 1374 1875 οἰκίας
1414 1815 1824 1885 είσπίπτοντες,

232 1894 516 1950 ἅπτεσθαι
552 1898 652 1969 τῆς
690 1898 1030 1973 λειτουργίας
1060 1902 1439 1974 ἀποτολμιῖωι,
1470 1907 1694 1975 τούτους
1727 1911 1828 1982 μὲν

234 1986 631 2059 καθαιρεῖσθαι
653 2006 668 2021 °
716 1992 844 2054 τοὺς
896 1992 955 2045 δὲ
988 1993 1090 2062 τῆς
1122 1995 1303 2048 αὐτῶν
1344 1999 1629 2065 κοινωνίας
1658 2018 1826 2072 μετα-

233 2078 493 2149 σχόντας,
524 2080 603 2151 τῷ
628 2083 922 2154 ἀφορισμῷ
951 2084 1477 2145 καθυποϐἀλλεσθαι.

315 2174 407 2235 ιγ’.
458 2170 570 2231 Τάς
622 2171 733 2224 τῶν
777 2174 1074 2243 αἰρετικῶν
1129 2173 1388 2239 ζιζανίων
1431 2180 1739 2250 ἐπισποράς
1767 2182 1826 2235 ἐν

227 2261 305 2330 τῇ
323 2259 421 2312 τοῦ
455 2263 689 2332 Χριστοῦ
720 2264 1018 2338 Ἐκκλησία
1047 2268 1073 2320 ό
1092 2269 1453 2339 παμπόνηρος
1482 2273 1822 2341 καταϐαλὼν,

228 2351 337 2404 καὶ
368 2352 573 2417 ταύτας
610 2355 755 2424 ὀρῶν
788 2360 856 2428 τῇ
885 2358 1135 2429 μαχαίρᾳ.
1164 2359 1259 2413 τοῦ
1288 2362 1608 2432 Πνεύματος
1635 2382 1827 2437 τεμνο-

234 2443 413 2514 μένας
456 2446 772 2516 πορρίζους,
822 2449 911 2518 ἐφ’
962 2451 1159 2521 ἐτέραν
1209 2447 1342 2524 ἦλθε
1378 2456 1655 2523 μεθοδείας
1684 2459 1821 2523 ὁδὸν,

232 2537 303 2607 τῇ
347 2536 458 2589 τῶν
518 2539 893 2606 σχισματικῶν
945 2543 1113 2614 μανίᾳ
1161 2544 1222 2597 τὸ
1267 2546 1360 2599 τοῦ
1394 2547 1630 2617 Χριστοῦ
1665 2552 1826 2620 σῶμα

235 2626 496 2696 μερίζειν
519 2627 814 2699 ἐπιχειρῶν
834 2646 847 2660 ⁸
880 2631 1018 2686 ἀλλά
1043 2634 1138 2686 καὶ
1161 2637 1365 2705 ταύτην
1394 2638 1557 2691 αὐτοῦ
1579 2639 1680 2710 τὴν
1705 2643 1824 2694 ἐπι-

231 2714 441 2786 ϐουλὴν
464 2719 497 2788 ἡ
527 2719 661 2787 ἀγία
689 2719 905 2786 σύνοδος
921 2724 1322 2780 ἀναστέλλουσα
1341 2731 1638 2797 παντελῶς,
1656 2732 1824 2804 ὥρισε

228 2809 335 2862 τοῦ
378 2810 589 2877 λοιποῦ,
628 2812 717 2866 ἵνα
763 2816 817 2867 εί
849 2832 932 2879 τις
979 2818 1354 2892 πρεσϐύτερος
1402 2822 1724 2892 ἢδιάκονος,
1748 2825 1826 2889 ὡς

231 2897 407 2969 δῆθεν
455 2901 542 2954 ἐπ’
583 2902 900 2973 ἐγκλήμασί
934 2923 1045 2959 τισι
1083 2907 1179 2959 τοῦ
1224 2910 1424 2963 οἰκείου
1464 2914 1824 2980 κατεγνωκὼς

231 2991 566 3058 ἐπισκόπου,
598 2995 705 3064 πρὸ
739 2997 1022 3066 συνοδικῆς
1054 2998 1354 3065 ἐξετάσεως
1379 3019 1437 3054 τε
1467 3004 1560 3056 καὶ
1591 3004 1824 3072 διαγνώ-

1929 1805 2224 1874 irruentes,
2258 1810 2651 1870 celebrationis
2693 1815 3062 1870 ministerium
3102 1817 3367 1886 attingere
3408 1833 3508 1871 au-

1928 1899 2112 1965 deant,
2144 1900 2181 1955 ii
2204 1903 2426 1972 quidem
2446 1905 2822 1975 deponantur:
2848 1905 2941 1977 qui
2965 1921 3096 1960 vero
3128 1907 3291 1979 126
3317 1924 3507 1963 eorum

1927 1991 2333 2047 communionis
2378 2004 2507 2050 sunt
2559 1997 2889 2067 participes,
2917 1998 3283 2065 segregationi
3336 2000 3507 2071 subji-

1928 2081 2161 2135 ciantur.

2000 2173 2085 2227 1'5.
2124 2173 2514 2234 liaereticorum
2564 2182 2902 2238 zizaniorum
2933 2186 3144 2242 semina
3180 2187 3232 2240 in
3266 2185 3356 2241 Dei
3402 2186 3505 2239 Ec-

1928 2263 2092 2319 clesia
2125 2268 2397 2339 malignus
2436 2271 2719 2341 dejiciens,
2745 2282 2799 2328 et
2830 2290 2925 2329 eas
2961 2276 3152 2331 videns
3183 2276 3363 2347 gladio
3390 2277 3503 2346 spi-

1927 2354 2068 2410 ritus
2105 2358 2352 2413 exscindi
2392 2361 2679 2427 radicitus,
2708 2364 2776 2418 ad
2814 2366 2975 2419 aliam
2994 2367 3138 2421 venit
3179 2367 3500 2421 insidiarum

1927 2445 2094 2510 viam,
2128 2449 2602 2506 schismaticorum
2642 2455 2855 2511 insania
2891 2457 3094 2512 Christi
3126 2473 3329 2528 corpus
3364 2459 3503 2512 divi-

1926 2536 2056 2592 dere
2103 2542 2443 2611 aggredicns.
2488 2543 2593 2599 Sed
2634 2555 2689 2601 et
2732 2549 2832 2603 bas
2878 2549 2998 2621 ejus
3040 2549 3268 2603 insidias
3312 2558 3502 2603 sancta

1926 2630 2168 2699 synodus
2208 2636 2534 2703 reprimens,
2567 2640 2793 2694 omnino
2822 2640 3032 2695 defiuiit
3057 2641 3315 2710 deinceps
3348 2650 3432 2704 ut,
3455 2642 3499 2693 si

1924 2723 2051 2791 quis
2099 2726 2408 2797 presbyter,
2457 2730 2541 2783 vel
2592 2731 2880 2797 diaconus,
2925 2741 2985 2785 ut
3035 2733 3129 2802 qui
3191 2733 3382 2802 utique
3431 2733 3503 2785 oh

1928 2812 2108 2882 aliqua
2140 2817 2376 2872 crimina
2425 2819 2707 2888 prOprium
2749 2821 3063 2891 episc0pum
3100 2823 3499 2885 condemnarlt,

1928 2914 2051 2958 ante
2082 2907 2397 2977 synodalem
2424 2911 2820 2981 cognitionem,
2844 2924 2896 2967 et
2932 2914 3416 2978 examinationem,
3449 2924 3504 2969 et

1925 2995 2225 3063 perfectam
2249 2998 2371 3069 ejus
2399 3002 2935 3069 condemnationem,
2970 3005 3040 3058 ab
3074 3004 3221 3060 illius
3254 3021 3501 3061 commu-

232 3098 404 3145 σεως,
434 3083 530 3136 καὶ
572 3084 674 3154 τῆς
706 3085 794 3138 ἐπ’
824 3088 973 3159 αὐτῷ
1010 3088 1220 3153 τελείας
1248 3093 1645 3163 κατακρίσεως,
1690 3096 1824 3148 ἀπο⁴

1933 3084 2091 3140 nione
2107 3086 2389 3147 discedere
2413 3106 2583 3147 ausus
2605 3092 2789 3158 fuerit,
2811 3105 2863 3148 et
2888 3094 3004 3163 ejus
3028 3110 3224 3151 nomen
3249 3097 3300 3150 in
3325 3097 3503 3152 sacris

234 3170 437 3239 στῆναι
484 3173 745 3245 τολμήσοι
787 3181 886 3248 τῆς
917 3180 1083 3233 αὐτοῦ
1117 3183 1419 3249 κοινωνίας,
1445 3185 1539 3237 καὶ
1570 3186 1629 3238 τὸ
1653 3186 1824 3256 ὄνομα

230 3264 409 3317 αὐτοῦ
456 3266 513 3319 ὲν
555 3269 674 3330 ταῖς
731 3269 901 3336 ἱεραῖς
929 3271 1037 3324 τῶν
1069 3273 1422 3344 λειτουργιῶν
1455 3276 1664 3346 εὐχαῖς,
1682 3279 1823 3331 κατὰ

230 3355 297 3406 τὸ
325 3355 762 3426 παραδεδομένον
791 3363 857 3430 τῇ
895 3360 1211 3433 Ἐκκλησία,
1229 3366 1303 3434 μὴ
1324 3365 1607 3436 ἀναφέροι,
1632 3367 1824 3421 τοῦτον

231 3444 564 3502 ὑποκεῖσθαι
586 3450 923 3521 καθαιρέσει,
950 3452 1046 3507 καὶ
1076 3455 1255 3523 πάσης
1287 3457 1563 3526 ἱερατικῆς
1588 3460 1821 3513 ἀποστε-

233 3536 458 3610 ρεῖσθαι
490 3540 676 3610 τιμῆς.
727 3541 787 3595 '0
825 3544 933 3614 γὰρ
966 3545 1023 3595 ἐν
1049 3546 1422 3615 πρεσϐυτέρου
1470 3548 1625 3614 τάξει
1663 3565 1821 3603 τετα-

238 3628 469 3698 γμένος,
502 3631 595 3683 καὶ
627 3632 737 3686 τῶν
769 3634 1180 3704 μητροπολιτῶν
1203 3637 1462 3707 ἁρπάζων
1490 3642 1589 3709 τὴν
1617 3639 1820 3709 κρίσιν,

240 3720 486 3792 καὶηπρὸ
516 3723 751 3793 κρίσεως
786 3725 947 3789 αὐτὸς
980 3728 1347 3799 κατακρίνων,
1375 3730 1498 3781 ὅσον
1522 3730 1582 3782 τὸ
1606 3731 1692 3783 ἐπ’
1723 3733 1822 3784 αύ-

233 3812 337 3882 τῷ,
366 3814 458 3866 τὸν
482 3815 680 3868 οἰκεῖον
699 3816 910 3887 πατέρα
933 3819 1027 3870 καὶ
1056 3820 1375 3884 ἐπίσκοπον,
1403 3813 1558 3883 οὗτος
1578 3821 1697 3875 οὐδὲ
1718 3822 1821 3891 τῆς

232 3904 335 3957 τοῦ
352 3905 723 3978 πρεσϐυτέρου
746 3909 893 3962 ἐστὶν
914 3909 1061 3974 ἄξιος
1081 3912 1245 3981 τιμῆς
1274 3910 1307 3982 ἢ
1337 3912 1652 3982 ὀνομασίας.
1679 3914 1743 3966 Ol
1764 3913 1821 3967 δὲ

233 3996 455 4060 τούτοις
507 4001 897 4070 συνεπόμενοι,
945 4002 995 4054 εἰ
1045 4002 1144 4073 μὲν
1193 4004 1301 4057 τῶν
1349 4004 1660 4074 ἱερωμένων
1708 4001 1820 4058 εἶέν

232 4103 408 4151 τινες,
434 4088 530 4141 καὶ
560 4090 714 4144 αὐτοὶ
741 4092 841 4161 τῆς
867 4092 1074 4157 οἰκείας
1105 4096 1268 4164 τιμῆς
1295 4096 1709 4148 ἐκπιπτέτωσαν
1727 4113 1742 4128 ο
1770 4098 1818 4150 εἰ

230 4172 292 4232 δὲ
349 4182 574 4251 μοναχοὶ
622 4182 655 4252 ἢ
707 4182 908 4246 λαῖκοί,
933 4186 1383 4256 ἀφοριζέσθωσαν
1407 4186 1686 4250 παντελῶς
1716 4188 1819 4257 τῆς

232 4271 597 4343 Ἐκκλησίας,
634 4275 825 4347 μέχρις
858 4276 925 4329 ἂν
961 4277 1058 4349 τὴν
1087 4279 1224 4350 πρὸς
1255 4280 1381 4341 τοὺς
1424 4279 1817 4350 σχισματικοὺς

232 4366 540 4434 συνάφειαν
596 4367 1011 4434 διαπτύσαντες,
1046 4371 1181 4442 πρὸς
1208 4371 1300 4423 τὸν
1347 4372 1546 4425 οἰκεῖον
1589 4372 1811 4425 ἐπίσκο-

231 4473 339 4510 πον
363 4457 777 4529 ἐπιστραφεῖεν.

301 4550 385 4603 ιδ’.
414 4549 484 4603 EI
505 4568 589 4614 τις
617 4551 915 4617 ἐπίσκοπος
953 4552 1297 4624 ἐγκλήματος
1335 4555 1607 4623 πρόφασιν
1632 4557 1818 4609 ποιού-

232 4660 425 4713 μενος,
457 4644 599 4696 κατὰ
622 4644 719 4697 τοῦ
744 4646 945 4698 οἰκείου
978 4647 1371 4717 μητροπολίτου
1400 4648 1503 4719 πρὸ
1533 4649 1817 4720 συνοδικῆς

229 4734 578 4803 διαγνώσεως
612 4737 912 4807 ἀποστήσει
954 4738 1144 4793 ἐαυτὸν
1172 4742 1272 4810 τῆς
1319 4741 1454 4810 πρὸς
1505 4741 1667 4794 αὐτὸν
1699 4758 1815 4795 κοι-

231 4828 468 4890 νωνίας,
493 4830 592 4881 καὶ
645 4829 722 4900 μὴ
784 4830 1047 4900 ἀναφέροι
1085 4831 1144 4883 τὸ
1184 4831 1355 4901 ὄνομα
1390 4832 1556 4885 αὐτοῦ
1592 4834 1733 4886 κατά
1758 4833 1817 4887 τὸ

232 4916 547 4986 εἰθισμένον
579 4918 636 4970 ἐν
676 4920 741 4988 τῇ
776 4917 896 4989 θείᾳ
930 4921 1308 4990 μυσταγωγίᾳ,
1340 4921 1527 4974 τοῦτον
1554 4920 1752 4992 ὥρισεν
1782 4923 1817 4993 ἠ

238 5008 370 5074 ἁγία
406 5006 622 5070 σύνοδος
663 5008 1043 5081 καθῃρημένον
1070 5006 1232 5075 εἶναι,
1254 5012 1302 5063 εἰ
1342 5011 1500 5081 μόνον
1532 5012 1815 5084 ἐλεγχθείη

236 5098 483 5161 ἀποστὰς
505 5097 600 5151 τοῦ
629 5102 830 5152 οἰκείου
864 5100 1279 5172 μητροπολίτου,
1302 5104 1396 5153 καὶ
1425 5102 1629 5171 σχίσμα
1658 5104 1818 5172 ποιή-

237 5208 356 5251 σας.
389 5191 482 5242 Δεῖ
508 5190 616 5258 γὰρ
644 5190 872 5244 ἕκαστον
901 5192 969 5245 τά
989 5194 1165 5246 οἰκεῖα
1192 5193 1367 5265 μέτρα
1390 5192 1698 5261 γινώσκειν,
1724 5195 1819 5247 καὶ

240 5282 380 5351 μήτε
440 5281 537 5334 τὸν
607 5281 977 5352 πρεσϐύτερον
1061 5287 1423 5354 καταφρονεῖν
1468 5283 1562 5338 τοῦ
1616 5284 1818 5339 οἰκείου

236 5373 564 5436 ἐπισκόπου,
602 5375 738 5446 μήτε
771 5377 860 5428 τὸν
901 5377 1201 5429 ἐπίσκοπον
1236 5376 1332 5430 τοῦ
1361 5377 1562 5431 οἰκείου
1610 5394 1818 5450 μητρο-

238 5467 485 5533 πολίτου,
522 5467 662 5539 μήτε
691 5469 781 5521 τὸν
817 5472 1218 5542 μητροπολίτην
1244 5471 1337 5524 τοῦ
1376 5472 1577 5526 οἰκείου
1619 5490 1817 5544 πατρι-
1848 5517 1853 5521 .

236 5557 431 5613 ἀογου.

311 5578 323 5589 ~
345 5576 431 5613 ου.

277 5575 389 5706 Ptls'.
414 5652 497 5705 Τὰ
526 5651 818 5719 ὁρισθέντα
845 5654 937 5707 ἐπὶ
970 5656 1357 5727 πρεσϐυτέριον
1380 5658 1472 5712 καὶ
1508 5656 1821 5711 ἐπισκόπων

563 5750 832 5812 ΡΑτιωι..
873 5752 962 5811 Gn
977 5799 990 5812 .
1041 5754 1193 5813 CIV.

1842 4412 1894 4471 D

1926 3175 2350 3235 celebrationum
2384 3184 2633 3251 precibus
2654 3224 2670 3250 ,
2708 3194 2768 3239 ut
2801 3185 3058 3241 Ecclesiae
3095 3188 3355 3245 traditum
3393 3196 3497 3255 est,

1931 3280 2039 3321 non
2064 3267 2293 3338 referat,
2345 3274 2393 3329 is
2419 3275 2748 3345 depositioni
2777 3280 3123 3349 subjiciatur,
3153 3291 3207 3335 et
3232 3280 3381 3336 omni
3412 3296 3501 3335 sa-

1925 3357 2190 3414 cerdotali
2227 3361 2437 3419 honore
2483 3365 2748 3435 privetur.
2782 3367 2888 3435 Qui
2928 3369 3073 3423 enim
3113 3381 3199 3425 est
3228 3371 3280 3423 in
3322 3384 3506 3425 sacer-

1924 3450 2091 3506 dotali
2134 3452 2326 3509 ordiue
2365 3456 2685 3525 collocatus,
2727 3470 2781 3513 et
2820 3462 3367 3530 metropolitanorum
3412 3463 3505 3531 ju-

1923 3546 2124 3600 dicium
2153 3547 2418 3617 praeripit,
2449 3560 2503 3605 et
2531 3550 2967 3621 antejudicium,
3004 3553 3121 3622 ipse
3148 3564 3412 3623 quantum
3447 3555 3504 3609 in

1924 3654 1983 3694 se
2017 3649 2124 3703 est,
2153 3644 2433 3711 pr0prium
2466 3655 2674 3715 patrem
2701 3658 2759 3702 et
2801 3650 3117 3719 episcopum
3151 3650 3503 3712 condemnat,

1922 3727 1968 3781 is
2002 3743 2105 3783 nec
2148 3732 2451 3803 presbyteri
2492 3735 2723 3801 honore,
2767 3751 2867 3792 nec
2903 3737 3122 3792 nomine
3158 3738 3355 3808 dignus
3396 3747 3503 3794 est.

1923 3818 2030 3886 Qui
2060 3831 2240 3876 autem
2272 3837 2370 3879 eos
2410 3837 2849 3895 consequuntur,
2884 3829 2931 3882 si
2958 3829 3071 3883 sint
3098 3829 3317 3899 quidem
3347 3846 3413 3886 ex
3438 3833 3506 3885 iis

1920 3911 2014 3983 qui
2047 3923 2177 3968 sunt
2205 3916 2379 3972 sacris
2408 3916 2632 3985 initiati,
2682 3919 2786 3989 ipsi
2827 3934 3048 3991 quoque
3078 3937 3109 3975 a
3155 3922 3378 3992 proprio
3404 3924 3505 3977 ho-

1922 4018 2055 4075 nore
2093 4007 2349 4062 excidant
2393 4026 2407 4063 :
2444 4010 2531 4064 sin
2562 4019 2744 4064 autem
2788 4012 2899 4065 sint
2935 4012 3057 4066 laici
3106 4013 3188 4066 vel
3221 4014 3501 4075 monachi,

1919 4074 1983 4146 cx
2026 4092 2267 4149 Ecclesia
2300 4100 2525 4152 omnino
2551 4109 2926 4169 scgregentur,
2968 4099 3143 4153 donec
3177 4114 3301 4152 cum
3358 4101 3503 4153 schi-

1919 4185 2164 4240 smaticis
2207 4189 2652 4256 conjunctionem
2686 4199 3029 4260 respuentcs,
3088 4193 3156 4245 ad
3212 4191 3495 4260 proprium

1919 4277 2233 4348 episcopum
2262 4280 2465 4335 reversi
2501 4279 2725 4337 fuerint.
3505 4272 3513 4282 ’

1997 4572 2085 4628 M.
2125 4574 2181 4628 Si
2214 4576 2341 4643 quis
2364 4577 2657 4647 episcopus
2687 4580 3090 4648 metropolitani
3118 4570 3326 4635 crimen
3364 4598 3503 4651 prae-

1921 4669 2132 4727 texens,
2178 4673 2306 4718 ante
2347 4666 2667 4733 synodalem
2709 4666 3381 4739 cognitionem,.seipstun
3432 4671 3501 4725 ab

1922 4750 2043 4819 ejus
2082 4753 2472 4810 communione
2502 4756 2845 4821 subduxerit,
2884 4766 2937 4812 et
2968 4774 3165 4814 nomen
3191 4760 3331 4830 ejus,
3366 4776 3498 4826 non,

1923 4852 2085 4912 prout
2134 4844 2302 4899 divini
2350 4848 2593 4918 mysterii
2646 4849 2802 4919 127
2844 4850 3192 4906 celebrationi
3245 4863 3329 4908 est
3366 4868 3503 4908 con-

1922 4943 2163 5001 suetum,
2218 4936 2435 5003 referat,
2490 4948 2681 4994 sancta
2729 4942 2969 5011 synodus
3008 4959 3133 4999 eum
3192 4946 3499 5011 depositum

1922 5038 2045 5083 esse
2078 5029 2290 5093 statuit,
2328 5030 2373 5083 si
2411 5039 2625 5086 tantum
2667 5036 2954 5091 convictus
3001 5038 3167 5092 fuerit
3201 5052 3230 5089 a
3280 5040 3502 5107 proprio

1925 5119 2346 5189 metropolitano
2370 5124 2684 5191 recessisse,
2713 5133 2770 5180 et
2800 5126 3043 5183 schisma
3077 5128 3292 5184 fecisse.
3326 5130 3502 5200 Opor-

1925 5218 2000 5265 ιρι
2054 5211 2710 5285 enimlunumquemque
2760 5220 3009 5288 proprias
3058 5230 3240 5289 partes
3294 5238 3502 5293 cogno-

1925 5312 2096 5361 sccre,
2122 5308 2175 5355 et
2199 5317 2296 5355 nec
2322 5307 2693 5373 presbyterum
2714 5308 2994 5377 proprium
3027 5311 3340 5380 episcopum
3365 5329 3500 5367 con-

1926 5402 2205 5459 temnere,
2260 5410 2360 5449 nec
2420 5396 2734 5466 episcopum
2798 5400 3074 5468 proprium
3122 5405 3502 5471 metropolita-

1927 5499 2081 5539 num.

2002 5658 2088 5711 15.
2133 5658 2261 5725 Quae
2300 5660 2367 5716 de
2402 5664 2756 5734 presbyteris,
2788 5676 2842 5721 et
2878 5667 3174 5739 episcopis,
3207 5682 3262 5728 et
3301 5685 3498 5733 metro-

3073 5771 3147 5828 19
