3912 6244
362 314 468 379 587

1518 307 1780 368 ΡΗΟΤΙῙ
1805 256 2313 369 ᾗΑἸἮῙΑΒΟΗᾹζ
2345 309 2456 369 CP.

3503 312 3606 375 588

364 428 622 498 pmitanls
643 424 938 484 constituta
972 431 1121 489 sunt,
1153 422 1326 477 multo
1350 422 1525 492 magis
1551 422 1715 476 etiam
1752 420 1807 474 in
1834 436 1927 489 pa-

2036 420 2126 473 καὶ
2162 418 2593 492 μητροπολιτῶν,
2626 418 2807 491 πολλῷ
2839 419 3037 490 μᾶλλον
3067 419 3159 474 καὶ
3192 419 3288 473 ἐπὶ
3335 437 3605 495 πατριαρσ

364 521 622 576 triarehis
643 518 1000 575 conveniunt.
1026 514 1387 581 Quamobrem
1409 514 1453 568 si
1480 513 1604 583 quis
1629 513 1934 583 presbyter,

365 609 453 665 vel
490 612 799 679 episcopus,
828 606 913 660 vel
954 606 1405 674 metr0politanus
1437 619 1467 657 a
1502 602 1587 657 sui
1611 601 1936 671 patriarchae

366 701 751 755 communione
782 698 1038 753 recedere
1070 712 1238 752 ausus
1274 696 1457 759 fuerit,
1496 703 1549 749 et
1590 708 1789 747 nomen
1818 693 1936 762 ejus

365 806 498 855 non,
531 800 587 843 ut
621 791 673 843 in
710 789 878 844 divini
910 788 1153 860 mysterii
1185 787 1546 842 celebratione
1576 785 1933 840 constitutum

366 891 471 942 est,
500 889 553 934 et
582 880 910 945 ordinatum,
936 880 1157 941 referat,
1184 880 1277 933 sed
1303 887 1428 932 ante
1458 875 1718 946 synodale
1746 876 1936 931 decre-

366 980 505 1037 tum,
538 980 591 1026 et
633 972 931 1042 perfectam
972 971 1091 1040 ejus
1126 969 1659 1034 condemnationem,
1693 967 1936 1023 schisma

366 1063 574 1127 fecerit,
617 1065 806 1118 statuit
848 1071 1034 1117 sancta
1076 1062 1321 1133 synodus
1360 1076 1483 1115 eum
1525 1075 1649 1115 esse
1678 1061 1749 1115 ab
1786 1060 1935 1116 omni

366 1155 676 1210 sacerdotio
700 1155 959 1218 alienum,
992 1153 1037 1208 si
1064 1154 1119 1208 in
1145 1154 1249 1208 hoc
1280 1153 1456 1207 solum
1490 1152 1788 1222 deliquisse
1812 1168 1939 1207 con-

366 1247 543 1301 victus
583 1246 767 1300 fuerit.
805 1246 870 1299 Et
911 1246 1024 1299 haec
1066 1244 1284 1315 quidem
1332 1244 1653 1309 constituta,
1689 1253 1744 1298 et.
1786 1243 1939 1298 obsi-

366 1348 528 1408 gnata
550 1348 696 1401 sunt,
723 1338 789 1391 de
815 1337 880 1391 iis
904 1337 997 1405 qui
1019 1336 1325 1404 aliquorum
1348 1335 1638 1389 criminum
1668 1344 1934 1405 praetextu

366 1448 397 1482 a
418 1430 653 1498 propriis
682 1429 1008 1498 prmsnlibus
1038 1426 1319 1491 recedunt,
1350 1436 1405 1481 et
1433 1428 1672 1481 scbisma
1701 1426 1935 1491 faciunt,

366 1527 423 1570 et
448 1518 702 1572 Ecclesim
737 1519 994 1572 unionem
1029 1518 1360 1572 convellunt.
1396 1517 1500 1583 Qui
1538 1518 1682 1573 enim
1714 1525 1936 1588 propter

368 1609 615 1664 haeresim
669 1609 903 1678 aliquam
948 1624 978 1663 a
1027 1608 1232 1663 sanctis
1279 1605 1534 1663 Patribus
1573 1608 1659 1663 vel
1714 1609 1935 1680 synodis

366 1701 805 1765 condemnatam,
839 1716 897 1755 se
928 1716 956 1754 a
979 1702 1227 1770 prmsulis
1254 1701 1639 1756 communione
1657 1709 1930 1770 separant,

369 1792 461 1844 illo
492 1791 738 1845 haeresim
789 1790 1000 1845 scilicet
1040 1790 1255 1859 publice
1292 1789 1643 1859 praedicante,
1687 1798 1742 1844 et.
1782 1790 1931 1844 nudo

362 1883 539 1951 capite
568 1882 623 1934 in
660 1881 889 1936 ecclesia
923 1881 1176 1947 docente,
1212 1881 1246 1934 ii
1288 1895 1395 1935 non
1436 1882 1612 1935 solum
1656 1881 1933 1937 canonica!

361 1986 537 2042 poena:
565 1986 673 2026 non
711 1972 1083 2041 subjicientur,
1133 1983 1258 2027 ante
1303 1972 1620 2043 synodalem
1666 1975 1933 2041 cognitio-

362 2077 509 2129 nem,
560 2064 774 2132 seipsos
818 2077 849 2117 a
899 2064 1281 2119 communione
1315 2063 1457 2133 ejus,
1503 2065 1597 2134 qui
1641 2066 1932 2135 episcopus

359 2152 582 2219 dicitur,
635 2154 979 2225 sejungentes
1014 2172 1043 2236 :_
1062 2157 1157 2210 sed
1187 2164 1241 2210 et
1265 2156 1469 2210 honore
1494 2155 1591 2226 qui
1614 2157 1934 2214 orthodoxis

360 2245 646 2311 convenit,
686 2246 831 2316 digni
878 2246 1239 2301 habebuntur.
1280 2245 1397 2301 Non
1440 2248 1585 2303 enim
1624 2249 1929 2319 episcopos,

359 2336 454 2390 sed
506 2336 966 2407 pseudepiscopos
1002 2346 1056 2391 et
1093 2336 1555 2408 pseudodoctores
1604 2340 1937 2395 condemna-

360 2436 487 2482 runt
517 2445 531 2481 :
557 2438 609 2483 et
632 2443 737 2483 non
760 2429 1051 2484 schismate
1068 2429 1322 2485 Ecclesiae
1358 2430 1614 2484 unionem
1644 2430 1929 2486 conscide-

360 2528 508 2582 runt,
536 2518 628 2575 sed
653 2533 682 2573 a
716 2519 1123 2585 scliismatibus,
1159 2530 1213 2575 et
1237 2519 1600 2576 divisionibus
1630 2520 1928 2576 Ecclesiam

358 2612 592 2669 liberare
618 2608 970 2671 studuerunt.

2035 510 2151 582 χῶν
2169 511 2395 580 ἁρμόζει
2412 525 2429 543 ⁶
2456 510 2596 563 ὥστε
2624 511 2678 561 εί
2694 527 2779 573 τις
2805 510 3196 581 πρεσϐύτερος,
3222 512 3257 583 ἢ
3288 513 3607 577 ἐπίσκοπος,

2035 602 2071 671 ἢ
2122 594 2544 672 μητροπολίτης,
2600 601 2926 671 τολμήσειεν
2972 602 3276 673 ἀποστῆναι
3320 603 3421 671 τῆς
3478 604 3614 674 πρὶς

2034 694 2127 745 τὸν
2158 694 2355 746 οίκεῖον
2385 692 2728 763 πατριάρχην
2767 694 3075 761 κοινωνίας,
3111 694 3205 747 καὶ
3241 694 3317 765 μή
3352 695 3615 767 ἀναφέροι

2035 782 2096 835 τὸ
2130 782 2300 853 ὄνομα
2331 781 2525 848 αὐτοῦ,
2553 783 2694 835 κατὰ
2726 782 2789 835 τὸ
2818 783 3121 853 ὡρισμένον
3154 785 3248 837 καὶ
3278 787 3613 854 τεταγμένον

2036 872 2096 927 ἐν
2145 875 2210 944 τῇ
2247 872 2369 943 θείᾳ
2405 874 2789 943 μυσταγωγίᾳ,
2824 873 2960 928 ἀλλὰ
3001 874 3106 942 πρὸ
3147 875 3446 944 ἐμφανείας
3488 895 3614 929 συν-

2034 964 2242 1035 οδικῆς,
2267 965 2361 1018 καὶ
2378 965 2587 1028 τελείας
2612 965 2774 1019 αὑτοῦ
2796 966 3193 1036 κατακρίσεως,
3221 968 3424 1038 σχίσμα
3462 969 3619 1039 ποιή-

2039 1071 2153 1122 σει,
2181 1054 2369 1109 τοῦτον
2394 1056 2593 1127 ὥρισεν
2632 1058 2666 1127 ή
2701 1057 2834 1125 ἁγία
2860 1056 3098 1124 σύνοδος,
3130 1057 3312 1129 πάσης
3340 1059 3617 1130 ίερατείας

2037 1135 2314 1213 παντελῶς
2337 1150 2615 1221 ἀλλότριον
2643 1144 2807 1215 εἶναι,
2842 1150 2891 1204 εί
2933 1151 3094 1221 μόνον
3126 1150 3410 1223 ἐλεγχθείη
3447 1152 3612 1205 τοῦτο

2036 1242 2460 1312 παρανομήσας·
2494 1241 2786 1295 καὶταῦτα
2816 1242 2917 1313 μὲν
2954 1242 3185 1314 ὥρισται
3218 1245 3315 1297 καὶ
3343 1245 3616 1314 ἐσφράγιρ

2037 1351 2161 1387 σται
2205 1334 2484 1404 περὶτῶν,
2532 1334 2806 1404 προφάσει
2869 1334 3030 1389 τινῶν
3080 1336 3473 1407 ἐγκλημάτων,
3506 1339 3622 1391 τῶν

2035 1424 2249 1478 οἰκείων
2277 1424 2664 1494 ἀφισταμένων
2701 1424 3001 1496 προέδρων,
3033 1426 3129 1480 καὶ
3164 1427 3369 1497 σχίσμα
3398 1427 3623 1480 ποιούν-

2035 1533 2173 1584 των,
2205 1517 2301 1570 καὶ
2330 1518 2428 1588 τὴν
2448 1516 2640 1570 ἕνωσιν
2668 1517 2769 1587 τῆς
2803 1518 3129 1588 Ἐκκλησίας
3155 1518 3526 1573 διασπώντων.
3551 1520 3617 1572 υί

2035 1608 2147 1680 γὰρ
2195 1608 2262 1662 δι’
2308 1610 2521 1680 αἵρεσίν
2566 1628 2685 1664 τινα
2744 1612 2897 1680 παρὰ
2942 1610 3054 1664 τῶν
3090 1611 3261 1678 ἁγίων
3301 1612 3537 1666 συνόδων
3578 1612 3623 1682 ἦ

2040 1701 2300 1770 Πατέρων
2344 1701 2830 1772 κατεγνωσμένην,
2878 1702 2978 1773 τῆς
3034 1702 3170 1773 πρὸς
3193 1702 3285 1756 τὸν
3350 1702 3625 1774 πρόεδρον

2035 1794 2321 1855 κοινωνίας
2340 1794 2564 1857 ἑαυτοὺς
2580 1793 3002 1859 διαστέλλοντες,
3030 1794 3238 1847 ἐκείνου
3265 1794 3366 1866 τήν
3402 1795 3625 1864 αἵρεσιν

2035 1886 2274 1957 δηλονότι
2300 1887 2536 1957 δημοσίᾳ.
2566 1887 2947 1957 κηρύττοντος.
2977 1886 3070 1939 καὶ
3095 1889 3275 1956 γυμνῇ
3302 1903 3370 1957 τῃ
3404 1887 3619 1956 κεφαλῇ

2035 1979 2122 2032 ἐπ’
2173 1977 2467 2048 ἐκκλησίας
2508 1978 2870 2041 διδάσκοντος,
2898 1976 2952 2029 οἱ
2984 1975 3220 2029 τοιοῦτοι
3249 1977 3311 2029 ού
3363 1977 3527 2046 μόνον
3545 1978 3623 2047 τῇ

2035 2069 2294 2139 κανονικῇ
2326 2067 2639 2136 ἐπιτιμήσει
2662 2067 2759 2135 οὐχ
2784 2065 3167 2118 ὑποκείσονται
3199 2064 3306 2134 πρὸ
3333 2064 3622 2133 συνοδικῆς

2033 2159 2373 2228 διαγνώσεως
2408 2160 2635 2221 ἑαυτοὺς
2675 2159 2775 2227 τῆς
2811 2157 2946 2228 πρὸς
2983 2156 3075 2210 τὸν
3123 2156 3456 2227 καλούμενον
3492 2157 3620 2208 ἐπε-

2036 2267 2237 2303 σκοπον
2269 2250 2552 2311 κοινωνίας
2582 2248 3040 2318 ἀποτειχίζοντες,
3061 2248 3195 2303 ἀλλὰ
3224 2249 3323 2302 καὶ
3345 2248 3446 2318 τῆς
3479 2265 3621 2320 πρε-

2036 2338 2244 2410 πούσης
2266 2339 2435 2410 τιμῆς
2466 2338 2769 2410 δρθοδὸξοις
2797 2338 3196 2409 άξιωθήσονται
3215 2355 3232 2371 °
3259 2340 3319 2392 οὐ
3352 2340 3462 2411 γὰρ
3489 2340 3625 2392 ἐπι-

2036 2432 2289 2498 σκόπων,
2327 2431 2463 2486 ἀλλὰ
2498 2431 2949 2501 ψευδεπισκόπων
2984 2432 3077 2484 καὶ
3111 2431 3624 2502 ψευδοδιδασκάλων

2030 2518 2382 2586 κατέγνωσαν
2397 2534 2414 2551 ·
2443 2519 2537 2573 καὶ
2563 2519 2627 2573 οὐ
2654 2520 3033 2592 σχίσματιτὴν
3052 2519 3246 2575 ἕνωσιν
3263 2521 3366 2590 τῆς
3386 2520 3625 2589 Ἐκκλη-

2037 2609 2160 2673 σίας
2205 2610 2542 2681 κατέτεμον,
2600 2610 2739 2664 ἀλλὰ
2793 2612 3108 2682 σχισμάτων
3157 2612 3252 2666 καὶ
3302 2612 3626 2683 μερισμῶν,

2034 2700 2134 2771 τὴν
2178 2700 2505 2771 Ἐκκλησίαν
2533 2702 2871 2756 ἐσπούδασαν
2903 2702 3197 2773 ῥύσασθαι.

1692 3042 2093 3129 ΤΙΤΛΟΣ
2167 3042 2282 3130 Γ.

420 3221 580 3278 ΠΕΡΙ
625 3224 880 3292 ΕΥΧΩΝ,
912 3221 1037 3279 ΚΑΙ
1078 3223 1513 3296 ΨΑΔΜῼΔΙΩΝ,
1557 3224 1678 3279 ΚΑΙ
1718 3222 2187 3287 ΔΝΑΓΝΩΣΕΩΣ,
2229 3222 2350 3276 ΚΑΙ
2401 3222 2788 3287 ΑΝΑΦΟΡΔΣ,
2820 3223 2944 3277 ΚΔΙ
2980 3224 3381 3289 ΚΟῘΝΩΝΙΔΣ,
3424 3226 3551 3281 ΚΑΙ

812 3318 1165 3385 ΦΟΡΕΣΙΔΣ,
1198 3318 1319 3372 ΚΑΙ
1348 3317 1739 3373 ΥΠΟΥΡΓΙΑΣ
1765 3315 2241 3379 ΔΝΔΓΝΩΣΤΩΝ,
2278 3315 2564 3369 ΨΑΛΤΩΝ
2594 3317 2716 3370 ΚΑΙ
2746 3314 3145 3371 ΥΠΗΡΕΤΩΝ.

1483 3649 1649 3723 128
1697 3644 2216 3737 TITULUS
2285 3646 2488 3739 III.

426 3832 517 3890 DE
540 3833 901 3903 PRECIBUS,
927 3835 1019 3892 ET
1046 3835 1477 3902 PSALMODIIS,
1504 3834 1869 3901 LECTIONE,
1886 3832 2299 3909 OBLATIONE,
2328 3834 2419 3891 ΕΤ
2453 3835 2940 3909 COMMUNIONE,
2970 3839 3059 3895 ET
3083 3840 3173 3895 DE
3209 3837 3537 3909 VESTITU,

540 3928 545 3931 λ
885 3901 1149 3998 λΤρυΕ
1185 3901 1470 3985 emoto
1494 3926 1894 3996 LECTORUM,
1928 3901 2340 3993 CANTou‘Un,
2384 3911 2472 3981 ΕΤ
2521 3901 3036 3988 n’mnsrnosun.

424 4238 653 4295 CAPUT
687 4237 981 4297 PRIMUM.
1007 4267 1077 4283 ι·-
1105 4242 1302 4308 Quales
1331 4260 1508 4314 preces
1548 4244 1776 4316 populus
1821 4261 1925 4299 au-

2095 4240 2493 4296 ΚΕΦΑΛΔΙΟΝ
2530 4241 2830 4295 ΠΡΩΤΟΝ.
2850 4226 2924 4281 ‘—
2943 4239 3139 4295 ηοῖων
3171 4240 3372 4309 εὐχῶν
3398 4244 3432 4293 d
3452 4240 3613 4309 λαὸς

350 4325 502 4391 diat,
546 4334 597 4379 et
646 4336 965 4396 quapropter
1013 4329 1067 4381 in
1109 4330 1363 4386 orientem
1394 4334 1773 4402 prospicientes
1810 4348 1929 4403 pre-

351 4432 548 4471 cemur.

636 4506 861 4561 Concilit’
898 4509 1183 4565 Δαοάίωηὶ
1210 4528 1439 4569 canones
1462 4515 1517 4582 5,
1553 4515 1642 4571 l9.

422 4616 477 4671 5.
518 4614 635 4673 Non
664 4628 916 4688 oportere
965 4623 1342 4684 ordinationes
1378 4627 1493 4682 ﬁeri
1540 4628 1596 4683 in
1631 4631 1926 4698 praesentia

353 4722 545 4762 eorum
577 4709 672 4777 qui
705 4710 955 4765 audiunt.

430 4798 513 4854 19.
556 4797 820 4870 Oportere
867 4817 1116 4858 seorsum
1162 4806 1423 4874 primum,
1469 4816 1598 4876 post
1642 4808 1930 4878 episcopo-

354 4906 475 4945 rum
499 4907 801 4959 sermones,
824 4896 1341 4953 catechumenorum
1365 4900 1669 4954 orationem
1702 4903 1923 4972 peragi;

351 4991 407 5036 et
434 4993 721 5053 postquam
746 4987 983 5041 exierint
1011 4990 1414 5055 catechumeni,
1454 5006 1654 5046 eorum
1682 4994 1775 5063 qui
1806 5009 1926 5063 pm-

354 5073 639 5128 nitentiam
693 5087 881 5145 agunt,
937 5076 1053 5131 ﬁeri
1096 5077 1446 5131 orationem:
1480 5088 1685 5133 etcum
1738 5080 1774 5133 ii
1822 5080 1927 5135 sub

353 5178 575 5220 manum
614 5169 965 5229 accesserint,
1000 5178 1054 5222 et
1079 5169 1424 5235 secesserint,
1462 5171 1699 5225 tidelium
1733 5186 1924 5241 preces

349 5257 433 5309 sic
470 5264 551 5310 ter
596 5255 712 5311 ﬁeri
743 5275 757 5312 :
790 5274 953 5312 unam
990 5258 1232 5327 quidem,
1285 5261 1496 5314 scilicet
1544 5264 1800 5331 primam,
1856 5265 1928 5319 si»

351 5344 554 5414 lentio;
585 5348 879 5402 secundum
920 5356 1102 5403 autem
1134 5360 1188 5403 et
1220 5350 1436 5404 tertiam
1472 5365 1568 5420 per
1594 5355 1921 5421 pronuntia-

348 5438 551 5493 tionem
607 5441 845 5509 impleri,
896 5441 1091 5496 deinde
1127 5442 1207 5495 sic
1254 5456 1439 5510 pacem
1489 5445 1627 5499 dari.
1665 5444 1731 5499 Et
1773 5457 1924 5516 post-

350 5543 512 5596 quam
561 5532 864 5604 presbyteri
914 5550 1101 5604 pacem
1152 5535 1414 5605 episcopo
1467 5537 1742 5603 dederint,
1794 5547 1919 5594 tunc

345 5618 514 5675 laicos
555 5623 717 5677 etiam
753 5640 937 5694 pacem
981 5627 1111 5682 dare
1140 5642 1155 5681 :
1184 5636 1238 5683 et
1276 5627 1354 5683 sic
1383 5639 1626 5685 sanctam
1676 5631 1911 5687 oblatio-

2028 4331 2333 4402 ἀκροᾶται·
2371 4333 2473 4388 καὶ
2510 4332 2609 4389 διὰ
2631 4334 2689 4387 τί
2723 4334 2873 4403 πρὸς
2903 4334 3204 4400 ἀνατολὰς
3221 4332 3480 4402 δρῶντες
3500 4337 3611 4387 εὑ-

2028 4426 2273 4495 χόμεθα.

2274 4514 2545 4570 Συνόδου
2582 4515 2930 4582 Λαοδικείας
2958 4515 3160 4569 κανὼν
3186 4523 3248 4581 ε’,
3278 4516 3363 4571 ιθ’.

2100 4632 2163 4681 ε’.
2194 4629 2330 4700 Περὶ
2360 4628 2453 4682 τοῦ
2485 4629 2559 4701 μή
2583 4631 2691 4683 δεῖν
2715 4630 2814 4694 τὰς
2835 4630 3173 4700 χειροτονίας
3209 4630 3307 4683 ἐπὶ
3328 4647 3613 4703 παρουσιᾳ

2026 4717 2393 4788 ἀκροωμένων
2420 4720 2683 4788 γίνεσθαι.

2100 4808 2186 4861 ιθ’.
2222 4808 2360 4878 Περὶ
2383 4809 2476 4862 τοῦ
2517 4809 2626 4862 δεῖν
2661 4809 2769 4880 [δίᾳ
2811 4808 3049 4880 πρῶτον,
3088 4812 3226 4879 μετὰ
3257 4811 3358 4875 τὰς
3391 4811 3619 4883 ὁμιλίας

2026 4898 2135 4952 τῶν
2168 4900 2506 4966 ἐπισκόπων,
2537 4901 2644 4953 τῶν
2685 4903 3107 4972 κατηχουμένων
3129 4903 3295 4973 εὐχὴν
3332 4905 3615 4957 ἐπιτελεῖ-

2029 4989 2187 5043 σθαιο
2222 4990 2314 5043 καὶ
2371 4993 2509 5061 μετὰ
2550 4991 2613 5045 τὺ
2651 4992 2890 5056 ἐξελθεῖν
2952 4995 3079 5057 τοὺς
3138 4996 3615 5066 κατηχουμένους,

2026 5080 2134 5134 τῶν
2168 5083 2227 5133 ἐν
2260 5082 2517 5153 μετανοίᾳ
2560 5083 2659 5154 τὴν
2708 5085 2874 5156 εὐχὴν
2925 5085 3201 5153 γίνεσθαι’
3252 5087 3349 5139 καὶ
3398 5088 3617 5143 τούτων

2024 5173 2433 5244 προσελθόντων
2463 5174 2568 5228 ὑπὸ
2597 5181 2752 5245 χεῐρα
2779 5178 2877 5229 καὶ
2904 5179 3400 5249 ὑποχωρησάντων,
3428 5178 3615 5243 οὕτως

2024 5266 2133 5318 τῶν
2168 5265 2378 5318 πιστῶν
2406 5265 2504 5328 τὰς
2531 5266 2695 5336 εὐχὰς
2720 5268 2966 5335 γίνεσθαι
2996 5272 3145 5340 τρεῖς
3166 5283 3180 5298 ⁶
3220 5270 3351 5339 μίαν
3379 5272 3480 5339 μὲν
3502 5271 3613 5339 τὴν

2025 5355 2247 5427 πρώτην
2280 5356 2367 5409 διὰ
2393 5358 2625 5427 σιωπῆς,
2660 5360 2759 5429 τὴν
2784 5360 2840 5412 δὲ
2869 5360 3129 5431 δευτέραν
3163 5362 3258 5415 κα)⁸
3290 5362 3482 5433 τρίτην
3516 5361 3616 5417 διὰ

2024 5452 2463 5522 προσφωνήσεως
2515 5452 2878 5525 πληροῦσθαι’
2922 5452 3020 5509 εἷθ’
3042 5456 3213 5519 οὕτως
3246 5456 3349 5527 τὴν
3379 5458 3615 5527 εἰρήνην

2023 5544 2279 5606 δίδοσθαι,
2310 5544 2407 5596 καὶ
2444 5544 2586 5614 μετὰ
2621 5546 2682 5599 τὸ
2716 5547 3119 5619 πρεσϐυτέρους
3148 5548 3331 5601 δοῦναι
3366 5550 3444 5618 τῷ
3487 5552 3615 5602 ἐπι-

2025 5636 2213 5706 σκόπῳ
2245 5635 2343 5707 τὴν
2376 5638 2624 5708 εἰρήνην,
2670 5641 2789 5694 τότε
2820 5641 2944 5705 τοὺς
2986 5640 3208 5704 λαῖκοὺς
3248 5641 3349 5711 τὴν
3380 5643 3612 5712 εἰρήνην
