3842 6224
240 244 359 307 589

1027 246 1424 307 SYNTAGMA
1461 246 1852 317 CANONUM.
1893 273 1962 285 -
1992 249 2139 308 'I‘I'l‘.
2182 249 2295 311 III.
2337 251 2497 313 CAP.
2536 253 2587 328 Ι,
2625 255 2707 315 II.

3423 265 3529 326 590

239 358 456 413 διδόναι
478 374 492 389 ⁶
521 358 615 414 καὶ
638 356 781 412 οὕτω
796 357 895 430 τὴν
910 358 1075 428 ἁγίαν
1095 358 1416 430 προσφορὰν
1440 343 1830 426 ἐπιτελεῖσθαι;

1946 377 2067 415 nem
2102 364 2313 432 perlici,
2342 373 2398 419 et
2424 365 2559 421 solis
2592 365 2759 423 licere
2799 369 3032 423 sacratis
3065 369 3131 424 ad
3160 370 3330 425 altare
3370 387 3528 426 accc-

242 451 347 504 καὶ
372 450 559 519 μόνοις
592 451 713 516 ἐξὸν
744 446 884 506 εἶναι
909 454 1023 516 τοῖς
1055 452 1353 522 ἱερατικοῖς
1382 452 1609 506 εἰσιέναι
1647 452 1727 517 είς
1777 452 1831 505 τὸ

1946 451 2071 507 dere
2123 461 2179 507 et
2210 460 2646 512 communicare.

240 543 640 615 θυσιαστήριον
672 544 767 597 καὶ
792 548 1095 601 κοινωνεῖν.

319 636 648 690 Βασιλείου
685 636 755 689 ἐκ
786 635 895 690 τοῦ
926 639 1006 702 κζ’
1036 654 1170 707 κεφ.
1202 637 1321 691 τῶν
1348 636 1481 706 περὶ
1513 636 1623 690 τοῦ
1655 635 1832 705 ἁγίου

242 725 599 793 Πνεύματος
633 725 784 794 πρὸς
824 725 937 779 τὸν
971 725 1269 797 μακάριον
1309 727 1697 796 Ἀμφιλόχιον
1743 739 1839 792 τεο

240 815 625 884 ψαμμένωνο

317 907 602 979 Τῶν,ὲντῇ
633 907 928 979 Ἐκκλησία
945 908 1381 980 πεφυλαγμένων
1400 909 1708 980 δογμάτων,
1726 919 1834 974 etc,

237 1015 422 1069 usque
450 1000 519 1054 ad
550 999 781 1070 δύναμιν
815 1001 1234 1072 εἰσφερομένην,
1262 1018 1317 1056 κ.
1342 1019 1394 1056 τ.
1428 1001 1479 1058 λ.

326 1090 396 1144 Ἡ
426 1090 757 1177 ιζ’θδιάταξις
800 1092 899 1144 τοῦ
949 1099 997 1145 α’
1019 1093 1123 1145 τίτ.
1154 1092 1263 1147 τῶν
1287 1094 1518 1164 Νεαρῶν
1561 1093 1711 1164 λέγει
1738 1096 1837 1167 τὴν

236 1180 414 1253 εὐχὴν
443 1182 543 1252 τῆς
566 1183 729 1251 ἁγίας
758 1184 1049 1249 κοινωνίας
1087 1186 1183 1238 καὶ
1213 1184 1310 1238 τοῦ
1338 1186 1497 1254 ἁγίου
1527 1186 1838 1260 βαπτίσμα-

234 1286 361 1334 τος,
389 1270 631 1338 ὀφείλειν
669 1271 1025 1336 ἐξακούεσθαι
1054 1272 1133 1344 τῷ
1167 1272 1298 1344 λαῷ.

316 1364 577 1418 ΚΕΦΑΛ.
630 1364 702 1420 Β’.
734 1395 803 1406 -—
827 1364 968 1433 Περὶ
1011 1366 1117 1420 τοῦ
1162 1367 1353 1432 τινας,
1393 1366 1494 1420 καί
1540 1366 1687 1433 πῶς,
1734 1368 1836 1422 καί

234 1454 393 1510 ποῖα
418 1456 513 1511 δεῖ
542 1457 828 1527 ψάλλειν,
856 1458 894 1526 ἢ
932 1458 1243 1528 εὔχεσθαι,
1284 1458 1324 1528 ἢ
1370 1460 1830 1531 ἀναγινώσκειν.

642 1550 993 1606 Ἀπστόλων
1008 1552 1212 1607 κανὼν
1246 1550 1312 1617 ξ’,
1346 1558 1449 1607 πε¹.

2018 629 2181 701 129
2199 629 2394 687 Basilii
2424 650 2543 703 cap.
2573 635 2645 688 '27
2665 652 2848 691 eorum
2879 656 2997 709 qua
3013 640 3077 696 de
3110 639 3318 711 Spiritu
3343 650 3529 695 sancto

1943 720 2012 772 ad
2052 720 2262 775 beatum
2287 722 2718 793 Amphilochium
2750 729 2985 798 scripsit.

2011 903 2087 959 Ex
2119 908 2416 963 asservatis
2457 908 2511 963 in
2558 908 2800 966 Ecclesia
2828 912 3197 983 dogmatibus,
3238 930 3403 985 usque
3457 917 3525 970 ad

1940 994 2049 1048 vim
2080 993 2394 1052 aﬂerentem
2422 1036 2437 1062 ,
2468 1009 2600 1067 etc.,
2627 1010 2686 1054 ut
2710 1016 2833 1072 pag.
2864 1003 2990 1057 462.

2014 1083 2230 1141 Toxlus.
2257 1082 2449 1143 Const.
2479 1090 2567 1155 l7,
2603 1093 2685 1146 tit.
2724 1092 2747 1146 l
2794 1092 3141 1150 Novellarum
3168 1098 3305 1153 dicit
3335 1112 3528 1167 preces

1938 1186 2303 1233 sacrosanctae
2332 1182 2741 1238 communionis
2771 1192 2827 1238 et
2861 1188 3198 1242 sacrosancti
3227 1188 3528 1257 baptisma-

1939 1270 2009 1323 tis
2039 1285 2068 1323 a
2100 1270 2300 1339 populo
2335 1272 2585 1328 exaudiri
2618 1274 2836 1331 debere.

2011 1358 2170 1416 CAP.
2200 1358 2266 1415 II.
2279 1390 2351 1401 ——
2367 1361 2598 1427 Quinam
2614 1372 2662 1418 et
2678 1368 2941 1435 quomodo
2966 1379 3016 1422 et
3039 1385 3283 1440 quamam
3302 1370 3527 1438 psallere

1935 1448 2179 1516 debeant,
2228 1459 2323 1504 aut
2384 1454 2616 1519 precari,
2650 1466 2743 1509 aut
2802 1457 2990 1527 legere.

2290 1544 2662 1611 Apostolorum
2694 1562 2919 1601 canones
2950 1548 3041 1613 60,
3073 1548 3161 1605 85.

320 1643 392 1709 ξ’.
419 1642 489 1697 EI
506 1660 592 1707 τις
623 1643 691 1695 τὰ
724 1643 1146 1714 ψευδεπίγραφα
1168 1644 1277 1697 τῶν
1305 1644 1519 1698 ἀσεϐῶν
1550 1646 1732 1717 βιϐλία
1758 1645 1831 1710 ὡς

2014 1630 2083 1686 60
2111 1629 2250 1703 [59].
2304 1631 2362 1687 Si
2393 1632 2518 1705 quis
2573 1634 2713 1691 falso
2757 1637 3060 1707 inscriptos
3111 1641 3407 1711 impiorum
3453 1645 3525 1698 li-

236 1733 383 1803 ἅγια
401 1736 495 1787 ἐπὶ
517 1737 616 1805 τῆς
637 1733 938 1804 ἐκκλησίας
959 1734 1278 1806 δημοσιεύοι
1306 1734 1401 1789 ἐπὶ
1422 1735 1567 1807 λύμῃ
1589 1735 1685 1791 τοῦ
1706 1736 1833 1791 λαοῦ

236 1829 341 1881 καὶ
374 1826 469 1881 τοῦ
500 1827 725 1898 κλήρου,
751 1826 1142 1897 καθαιρείσθω.

314 1917 428 1974 ste’.
470 1920 654 1973 Ἔστω
694 1918 753 1971 δὲ
800 1919 931 1989 ὑμῖν
965 1920 1100 1973 πᾶσι
1150 1918 1438 1990 κληρικοῖς
1475 1918 1568 1972 καὶ
1622 1917 1833 1985 λαῖκοῖς

237 2009 430 2080 βιϐλία
469 2009 744 2081 σεϐάσμια
771 2011 867 2063 καὶ
892 2011 1027 2079 ἅγια
1046 2024 1063 2041 ⁸
1093 2011 1195 2082 τῆς
1226 2009 1325 2079 μὲν
1353 2010 1599 2073 Παλαιᾶς
1630 2009 1834 2081 Διαθή·

237 2118 373 2171 κης,
409 2101 656 2164 Μωσέως
700 2100 884 2167 πέντε,
920 2102 1163 2167 Γένεσις,
1228 2101 1471 2166 Ἔξοδος,
1521 2103 1830 2169 Δευῖτικδν,

250 2192 529 2265 ’Δριθμοὶ,
559 2193 1002 2265 Δευτερονόμιονο
1044 2192 1220 2264 Ἰησοῦ
1244 2192 1361 2247 υἱοῦ
1392 2193 1554 2264 Ναυῆ
1588 2193 1667 2257 ἓν,
1692 2194 1834 2263 Κρι-

234 2285 355 2338 τῶν
381 2283 461 2349 ἓν,
501 2284 657 2340 Ῥοὺο
689 2290 756 2351 α’,
789 2284 1090 2339 Βασιλειῶν
1112 2284 1176 2349 δ’,
1201 2284 1704 2358 Παραλειπομένων
1731 2285 1833 2355 τῆς

239 2376 433 2447 βίϐλου
465 2375 574 2430 τῶν
602 2364 829 2449 ἡμερῶν
865 2374 934 2447 β’,
965 2375 1172 2448 Ἔσδρα
1210 2375 1279 2447 β’,
1324 2376 1527 2447 Ἐσθὴρ
1564 2375 1643 2441 ἓν,
1676 2376 1835 2430 Μακ-

238 2465 492 2519 καϐαίων
512 2471 584 2534 γ’,
620 2466 741 2519 Ἰὼϐ
761 2466 842 2529 ἓν,
866 2467 1056 2537 Ψαλτή
1068 2484 1201 2538 ριον,
1220 2466 1567 2536 Σολομῶντος
1584 2473 1654 2532 γ’,
1680 2467 1832 2537 Παρ-

237 2555 447 2625 οιμίαι,
484 2555 936 2628 Ἐκκλησιαστὴς,
976 2553 1169 2630 τᾼσμα
1213 2558 1495 2630 ᾀσμάτων,
1528 2558 1833 2628 Προφητῶν

236 2646 495 2712 δεκαδύο,
523 2646 582 2699 ἓν
624 2647 869 2713 Ἠσαίου,
903 2649 963 2703 ἓν
1006 2650 1286 2721 Ἰεζεκιὴλ,
1313 2649 1374 2703 ἓν
1400 2650 1623 2722 Δανιήλ.
1656 2651 1830 2718 Ἐξω-

238 2738 337 2791 θεν
363 2738 419 2791 δὲ
469 2738 598 2809 ύμῖν
629 2741 1097 2812 προσιστορείσθω
1152 2740 1449 2811 μανθάνειν
1496 2742 1623 2804 τοὺς
1676 2742 1831 2805 νέους

237 2827 403 2897 ὑμῶν
443 2828 537 2882 τοῦ
571 2829 921 2900 πολυμαθοῦς
962 2829 1135 2901 Σιράχ
1166 2829 1266 2902 τὴν
1288 2829 1504 2901 ,σοφίαν
1529 2844 1545 2860 ο
1586 2828 1831 2900 ἡμέτερα

237 2919 322 2984 δὲ,
356 2921 605 2974 τουτέστι
652 2922 753 2992 τῆς
800 2921 1010 2992 Καινῆς
1039 2922 1335 2993 Διαθήκης,
1371 2922 1676 2991 Εὐαγγέλια
1709 2922 1832 2976 τέσ-

240 3027 413 3080 σαρα,
444 3011 749 3076 Ματθαίου,
773 3013 1024 3085 Μάρκου,
1058 3014 1266 3080 Λουκᾶ,
1314 3014 1582 3077 Ἰωάννου,
1612 3014 1828 3067 Παύλου

238 3102 533 3157 ἐπιστολαὶ
579 3104 658 3167 ιδ’,
718 3105 926 3176 Πέτρου
975 3106 1259 3160 ἐπιστολαὶ
1308 3103 1423 3173 δύο,
1481 3105 1728 3159 Ἰωάννου
1760 3102 1830 3175 γ’,

252 3193 516 3247 Ἰακώϐου
563 3202 635 3262 α’,
682 3196 852 3250 ’ἰούδα
892 3201 964 3263 α’,
1018 3198 1338 3267 Κλήμεντος
1389 3198 1671 3251 ἐπιστολαὶ
1714 3197 1827 3261 δύο,

239 3285 339 3338 καὶ
368 3287 425 3339 αἱ
452 3285 700 3355 διατιγαὶ
733 3287 861 3357 ὑμῖν
896 3291 1009 3350 τοῖς
1058 3287 1376 3351 ἐπισκόποις
1416 3286 1484 3341 δι’
1519 3288 1653 3358 ἐμοῦ
1684 3288 1834 3360 Κλή-

242 3391 445 3445 μεντος
472 3376 528 3428 ὲν
574 3376 721 3430 ὀκτὼ
766 3376 993 3445 βιϐλίοις
1039 3379 1599 3449 προσπεφωνημὲναι,
1650 3378 1717 3444 ἂς
1768 3381 1831 3434 οὐ

238 3465 355 3537 χρὴ
380 3464 729 3535 δημοσιεύειν
757 3468 851 3521 ἐπὶ
898 3468 1141 3534 πάντων,
1176 3469 1266 3523 διὰ
1293 3471 1361 3523 τὰ
1402 3471 1461 3521 ὲν
1504 3469 1695 3534 αὐταῖς
1727 3487 1831 3540 μυ-

243 3555 409 3611 στικὰ
428 3575 443 3587 ο
473 3559 568 3611 καὶ
599 3561 655 3613 αί
691 3560 925 3630 Πράξεις
952 3560 1113 3630 ήμῶν
1143 3560 1251 3613 τῶν
1281 3561 1596 3614 ἀποστόλων
1616 3577 1629 3590 ·
1657 3561 1830 3614 ταῦτα

243 3649 344 3702 καὶ
392 3650 524 3720 περὶ
571 3651 810 3703 κανόνων
844 3651 1182 3721 διατετάχθω
1234 3652 1365 3722 ὑμῖν
1407 3651 1539 3723 παρ’
1570 3652 1750 3722 ἡμῶν,
1786 3645 1832 3706 ὦ

243 3742 556 3797 ἐπίσκοποι.
602 3744 790 3814 Ὑμεῖς
818 3744 876 3798 δὲ
906 3745 1239 3816 ἐμμένοντες
1276 3746 1483 3809 αὐτοῖς,
1518 3745 1831 3816 σωθήσεσθε

242 3837 341 3889 καὶ
369 3836 594 3907 είρήνην
638 3836 817 3901 ἕξετεο
869 3836 1229 3901 ἀπειθοῦντες
1276 3837 1354 3901 δὲ,
1403 3837 1830 3909 κολασθήσεσθε,

243 3931 342 3981 καὶ
373 3928 611 3997 πόλεμον
664 3929 783 3998 μετ’
820 3927 1066 4000 ἀλλήλων
1110 3927 1282 3983 ἀΐδιον
1328 3929 1501 3993 ἕξετε,
1541 3928 1699 4000 δίκην
1731 3930 1832 3999 τῆς

240 4020 507 4087 ἀνηκοΐας
536 4019 634 4090 τὴν
667 4020 1054 4091 προσήκουσαν
1104 4022 1399 4085 τιννύντες.
1447 4021 1507 4075 Ὀ
1551 4021 1684 4084 Θεὸς
1708 4020 1765 4075 δὲ
1804 4023 1833 4075 ό

242 4112 409 4183 μόνος
435 4113 607 4178 ἀΐδιος
632 4112 729 4166 καὶ
776 4112 883 4166 τῶν
911 4112 1053 4166 ὅλων
1094 4113 1347 4183 ποιητὴς,
1400 4114 1649 4177 ἅπαντας
1684 4115 1830 4183 ὑμᾶς

237 4203 333 4257 διά
355 4203 458 4272 τῆς
499 4204 722 4274 εἰρήνης
747 4205 805 4257 ὲν
838 4203 1118 4273 Πνεύματι
1168 4204 1309 4275 άγίῳ
1335 4202 1535 4258 ἑνώσαι
1576 4204 1671 4257 καὶ
1700 4220 1831 4257 κατ-

1947 1727 2096 1792 bros,
2132 1735 2395 1795 tanquam
2420 1735 2666 1793 sanctos,
2696 1730 2751 1784 in
2781 1731 3011 1786 ecclesia
3047 1733 3291 1803 publicat
3317 1735 3387 1791 ad
3422 1752 3523 1807 po-

1940 1818 2053 1889 puli
2087 1828 2142 1873 et
2172 1819 2302 1873 cleri
2337 1819 2658 1889 perniciem,
2693 1820 3024 1891 deponatur.

2006 1908 2075 1965 85
2106 1908 2243 1982 [84].
2277 1910 2398 1966 Sint
2421 1912 2574 1968 vobis
2601 1913 2856 1969 omnibus
2884 1913 3098 1970 clericis
3126 1925 3183 1971 et
3201 1916 3357 1973 laicis
3398 1918 3523 1973 libri

1936 2005 2231 2060 venerandi
2248 2005 2729 2073 etsancti,Veteris
2740 2010 2959 2079 quidem
2978 2009 3336 2081 Testamenti,
3356 2013 3525 2071 Mosi:

1942 2099 2209 2169 quinque,
2233 2097 2489 2164 Genesis,
2517 2098 2761 2169 Exodus,
2786 2103 3083 2173 Leviticus,
3107 2104 3356 2175 Numeri,
3380 2108 3524 2163 Deu-

1935 2192 2332 2261 teronomium;
2370 2192 2498 2250 Iesu
2523 2192 2673 2251 Nave
2689 2212 2862 2265 unus;
2882 2197 3137 2255 Iudicum
3163 2216 3307 2256 unus
3330 2218 3346 2263 ς
3375 2201 3520 2257 Ruth

1937 2299 2114 2351 unus;
2154 2285 2468 2355 Regnorum
2501 2296 2774 2357 quatuor;
2821 2288 3305 2362 Paralipomenon,
3356 2294 3409 2349 id
3438 2304 3523 2351 est

1938 2372 2330 2429 derelictorum
2385 2374 2513 2431 libri
2576 2376 2815 2443 dierum,
2851 2378 3001 2446 duo;
3033 2381 3218 2437 Esdra:
3251 2384 3379 2439 duo.
3425 2384 3524 2439 Es-

1938 2459 2061 2514 ther
2089 2475 2269 2527 unus;
2307 2459 2746 2520 Machabmorum
2774 2475 2923 2522 tres:
2961 2464 3066 2523 Iob
3091 2485 3233 2525 unus
3259 2489 3273 2535 ;
3310 2472 3521 2527 Psalte-

1937 2550 2080 2605 rium
2101 2566 2266 2607 unus.
2294 2551 2609 2611 Salomonis
2634 2564 2768 2624 tres,
2794 2559 3111 2625 Proverbia,
3137 2559 3520 2619 Ecclesiastes.

1937 2642 2167 2699 Cantica
2246 2645 2629 2713 canticorum;
2720 2648 3121 2721 Prophetarum
3230 2655 3520 2710 duodecim

1944 2755 2124 2807 unns;
2158 2740 2311 2796 Isaiae
2357 2757 2524 2807 unus,
2570 2741 2826 2800 Ieremia;
2859 2760 3025 2812 unus,
3062 2745 3314 2802 Ezechiel
3354 2764 3520 2813 unus,

1936 2832 2125 2887 Daniel
2172 2848 2339 2889 unus.
2398 2833 2753 2893 Extrinsecus
2789 2847 2973 2894 autem
3005 2853 3035 2894 a
3066 2841 3221 2897 vobis
3255 2842 3523 2915 intelliga-

1937 2933 2046 2991 tur,
2078 2926 2277 2983 debere
2306 2937 2521 2984 vestros
2544 2928 2921 2986 adolescentes
2949 2932 3163 2987 discere
3195 2934 3521 3003 sapientiam

1935 3019 2295 3075 eruditissimi
2349 3019 2565 3076 Sirach.
2619 3019 2821 3077 Nostra
2874 3033 3084 3090 autem,
3133 3026 3186 3080 id
3226 3035 3333 3093 est,
3386 3027 3521 3081 Novi

1936 3108 2298 3179 Testamenti,
2360 3112 2657 3183 Evangelia
2711 3123 2969 3186 quatuor,
3018 3115 3281 3181 Mattltaei,
3326 3117 3520 3184 Marci,

1934 3201 2116 3268 Luae,
2153 3201 2410 3273 Ioannis;
2450 3203 2605 3261 Pauli
2645 3206 2901 3277 Epistolas
2931 3209 3377 3278 quatuordecim,
3421 3208 3525 3264 Pe-

1934 3292 2004 3346 tri
2058 3292 2312 3362 Epistolas
2349 3294 2492 3361 dum,
2532 3295 2763 3353 Ioannis
2800 3304 2933 3365 tres,
2976 3298 3165 3355 Jacobi
3196 3315 3301 3355 una
3348 3299 3526 3373 [Iudas

1934 3381 2091 3454 una].
2116 3381 2414 3441 Clementis
2442 3387 2692 3457 epistolae
2714 3389 2858 3455 duae,
2886 3397 2942 3444 et
2962 3389 3342 3445 ordinationes
3366 3392 3523 3447 vobis

1933 3476 2208 3546 episcopis
2255 3492 2354 3549 per
2387 3494 2477 3534 me
2524 3480 2858 3535 Clementem
2904 3483 2957 3535 in
2985 3490 3115 3537 octo
3155 3483 3316 3537 libris
3339 3483 3522 3549 editae,

1933 3582 2058 3637 quae
2103 3584 2214 3623 non
2270 3579 2402 3626 sunt
2445 3572 2707 3628 omnibus
2760 3574 3128 3645 divulgandaz,
3181 3584 3405 3645 preptcr
3457 3591 3520 3635 ea

1935 3674 2059 3727 quae
2095 3669 2225 3715 sunt
2263 3660 2317 3715 in
2349 3663 2431 3718 eis
2480 3664 2709 3734 mystica
2741 3683 2755 3720 :
2796 3675 2851 3721 et
2891 3666 3063 3722 Actus
3094 3668 3267 3722 nostri
3305 3676 3526 3737 aposto-

1934 3750 2137 3805 lorum.
2179 3752 2305 3809 Haec
2348 3769 2478 3809 vero
2529 3756 2644 3828 (57)
2684 3756 2751 3813 de
2776 3759 2983 3829 regulis
3008 3759 3313 3815 constituta
3364 3759 3525 3813 vobis

1933 3846 2047 3901 sint
2082 3846 2243 3917 130
2275 3861 2370 3917 per
2406 3864 2528 3915 nos,
2560 3862 2595 3903 o
2635 3849 2900 3921 episcopi.
2937 3848 3049 3907 Vos
3088 3860 3270 3905 autem
3312 3850 3524 3905 obtem-

1935 3950 2215 4007 perantes,
2262 3938 2632 4006 salvabimini,
2686 3950 2741 3996 et
2797 3957 2987 4011 pacem
3020 3942 3313 3997 habebitis.
3366 3942 3436 3996 At
3476 3942 3525 3996 si

1933 4043 2041 4082 non
2065 4030 2722 4100 parueritis,puniemini,
2761 4038 2817 4087 et
2856 4033 3057 4103 bellum
3118 4041 3311 4087 mutno
3330 4047 3525 4103 perpe—

1934 4129 2089 4177 tuum
2151 4121 2440 4189 habebitis,
2494 4138 2718 4193 poenam
2768 4124 3158 4180 inobedientia:
3214 4140 3522 4195 congruam

1934 4214 2139 4270 daturi.
2166 4212 2312 4269 Deus
2343 4229 2533 4285 porro,
2567 4217 2662 4287 qni
2704 4217 2857 4272 solus
2884 4224 2970 4273 est
3006 4227 3247 4272 aeternus
3292 4233 3357 4272 ac
3400 4218 3526 4272 uni-

239 4297 469 4368 αρτίσαι
512 4297 593 4359 είς
636 4298 748 4349 πᾶν
802 4297 964 4367 ἔργον
1010 4298 1237 4367 ἀγαθὸν,
1281 4297 1614 4366 ἀτρέπτους,
1648 4297 1831 4366 ἀμέμ-

1946 4321 2223 4362 versorum
2256 4315 2495 4372 creator,
2527 4324 2629 4364 vos
2661 4323 2854 4365 omnes
2883 4324 3018 4380 pace
3066 4310 3123 4365 in
3157 4307 3363 4380 Spiritu
3393 4326 3526 4365 san»

240 4405 435 4454 πτους,
482 4388 871 4459 ἀνεγκλήτους,
927 4389 1022 4443 καὶ
1073 4387 1411 4454 καταξιῶσαι
1463 4390 1562 4457 τῆς
1608 4388 1832 4443 αἰωνίου

237 4480 390 4551 ζωῆς
422 4480 520 4533 σὺν
556 4476 845 4551 ἡμῖν,“διὸι
882 4481 985 4551 τῆς
1033 4480 1313 4552 μεσιτείας
1347 4479 1441 4533 τοῦ
1467 4480 1831 4550 ἠγαπημένου

238 4574 433 4637 παιδὸς
461 4574 627 4627 αὑτοῦ
670 4574 846 4644 Ἰησοῦ
882 4574 1119 4645 Χριστοῦ
1164 4574 1256 4627 τοῦ
1291 4573 1425 4627 Θεοῦ
1456 4575 1553 4627 καὶ
1579 4572 1833 4643 Σωτῆρος

238 4666 423 4736 ἡμῶν,
469 4666 589 4736 μεθ’
612 4662 674 4720 οὗ
701 4668 735 4736 ὴ
769 4664 895 4731 δόξα
935 4665 1085 4736 αὐτῷ
1111 4665 1189 4736 τῷ
1217 4666 1313 4719 ἐπὶ
1345 4664 1563 4717 πάντων
1594 4663 1713 4733 Θεῷ
1736 4664 1833 4716 καὶ

239 4758 422 4827 Πατρὶ
458 4758 558 4811 σὺν
603 4759 745 4828 ἁγίῳ
780 4758 1059 4826 Πνεύματι
1090 4758 1169 4828 τῷ
1212 4756 1569 4826 παρακλήτῳ,
1612 4754 1707 4809 νῦν
1738 4755 1834 4809 καὶ

236 4849 330 4903 ἀεὶ
360 4849 459 4902 καὶ
482 4849 563 4913 είς
590 4850 718 4913 τοὺς
744 4849 946 4913 αίῶνας
978 4849 1086 4902 τῶν
1109 4847 1343 4903 αἰώνων.
1392 4848 1587 4917 Ἀμήν.

279 5071 556 5126 Συνόδου
577 5070 934 5137 Λαοδικείας
951 5070 1153 5123 κανὼν
1170 5075 1252 5135 ιε’,
1270 5068 1355 5133 ιζ’,
1383 5073 1475 5136 ιη’,
1501 5066 1586 5133 ιθ’,
1606 5064 1714 5135 κγ’,
1728 5063 1827 5121 νθ’.

313 5191 397 5238 ιε’.
430 5184 567 5255 Περὶ
601 5181 696 5236 τοῦ
748 5184 823 5254 μὴ
871 5184 983 5237 δεῖν
1017 5184 1157 5254 πλὴν
1205 5183 1313 5235 τῶν
1348 5181 1653 5234 κανονικῶν
1697 5180 1833 5249 ψαλ-

235 5276 371 5339 τῶν,
408 5276 519 5329 τῶν
570 5276 663 5327 ἐπὶ
689 5275 779 5326 τὸν
828 5272 1058 5345 ἄμϐωνα
1108 5273 1531 5334 ἀναϐαινόντων,
1582 5271 1676 5323 καὶ
1724 5268 1831 5322 ἀπὸ

235 5368 502 5437 διφθέρας
554 5365 887 5435 ψαλλόντων,
935 5366 1153 5436 ἑτέρους
1193 5364 1343 5426 τινὰς
1382 5362 1608 5433 νέκόιλλειν
1649 5362 1708 5414 ὲν
1739 5364 1832 5414 ὲκε-

236 5461 463 5533 κλητίᾳ.

1935 4410 2027 4460 cto
2070 4397 2427 4465 confortabit,
2503 4409 2555 4456 et
2599 4408 2759 4472 aptos
2814 4402 3005 4456 reddet
3034 4403 3103 4457 ad
3163 4418 3326 4457 omne
3384 4418 3525 4473 opus

1935 4497 2165 4561 bonum,
2211 4494 2621 4560 immutabiles,
2671 4493 3203 4562 irrcprehensibiles,
3248 4494 3369 4549 sine
3414 4496 3523 4548 cri-

1936 4590 2107 4654 mine,
2150 4590 2455 4659 dignosque
2508 4586 2675 4641 faciet
2700 4596 2906 4641 aeterna
2940 4586 3048 4640 vita
3083 4586 3395 4651 nobiscum,
3429 4602 3524 4657 per

1936 4682 2381 4737 intercessionem
2412 4681 2598 4736 dilecti
2630 4679 2751 4735 Filii
2785 4680 2871 4735 sui
2899 4677 3027 4735 Iesu
3058 4679 3288 4744 Christi,
3328 4679 3422 4735 Dei
3468 4690 3525 4733 ot

1936 4774 2237 4829 Salvatoris
2288 4773 2503 4838 nostri;
2550 4788 2672 4826 cum
2708 4787 2817 4843 quo
2852 4772 3022 4839 gloria
3069 4774 3142 4827 sit
3198 4772 3300 4841 ipsi
3353 4786 3519 4840 supra

1933 4865 2118 4919 omnia
2144 4864 2255 4919 Deo
2285 4863 2431 4919 Patri
2487 4878 2613 4919 cum
2653 4874 2847 4920 sancto
2896 4864 3105 4934 Spiritu
3147 4863 3517 4924 consolatore,

1938 4969 2087 5009 nunc
2112 4964 2167 5009 et
2194 4970 2431 5024 semper,
2472 4965 2528 5009 et
2553 4956 2607 5008 in
2648 4956 2847 5010 saecula
2876 4956 3226 5011 saeculorum.
3251 4957 3443 5007 Amen.

1934 5065 2160 5121 Conrilii
2207 5064 2495 5121 Laodiceni
2539 5083 2765 5120 canones
2806 5066 2892 5131 15,
2940 5067 3027 5132 I7,
3065 5065 3265 5133 18,19,
3296 5064 3386 5128 23,
3425 5064 3516 5119 59.

2004 5182 2092 5235 15.
2150 5181 2266 5235 Νοη
2324 5192 2578 5250 oportere
2631 5193 2825 5251 praeter
2874 5181 3168 5235 canonicos
3220 5189 3514 5243 cantores,

1931 5273 2025 5342 qni
2054 5283 2367 5343 suggestum
2408 5274 2733 5337 ascendunt,
2770 5283 2822 5327 ct
2857 5289 2922 5327 ex
2956 5273 3269 5327 membrana
3305 5270 3512 5351 legunt,

1936 5366 2150 5434 aliquos
2179 5366 2317 5420 alios
2349 5381 2548 5421 canere
2579 5366 2631 5419 in
2670 5365 2921 5419 ecclesia.

1761 5567 1992 5624 ΝΟΤιΕ.

304 5670 419 5737 (37)
454 5668 534 5723 Ex
590 5668 834 5724 editione
889 5667 1093 5724 Crabbi
1136 5666 1189 5722 in
1221 5666 1356 5723 alias
1410 5666 1669 5733 deinceps
1729 5664 2029 5734 permeavit
2066 5662 2171 5717 ista
2207 5661 2477 5733 appendix
2510 5662 2623 5719 sive
2651 5659 2894 5725 coronis,
2926 5667 2985 5712 ut
3019 5665 3193 5711 vocat.
