3842 6224
337 231 435 293 591

338 443 546 502 texere,
578 436 671 491 sed
702 436 753 489 in
799 452 1130 508 unoquoque
1153 439 1368 509 psalmo
1404 441 1692 513 interjecto
1718 446 1917 515 spatio,

336 527 628 583 lectionem
658 529 796 583 lieni.

411 618 499 673 18.
541 616 687 672 Idem
738 634 962 688 precum
1023 620 1392 677 ministerium
1443 623 1671 679 omnino
1719 625 1923 681 debere

337 707 452 761 ﬁeri
498 707 551 761 in
591 707 765 762 Nonis
800 716 854 761 et
878 709 1155 778 Vesper-is.

409 885 494 938 19.
537 882 804 954 Oportere
853 901 1098 941 seorsum
1150 889 1410 956 primum,
1459 898 1584 959 post
1634 890 1924 961 episcopo-

337 992 457 1030 rum
484 992 784 1041 sermones,
822 985 956 1041 etc.,
991 989 1049 1031 ut
1081 995 1203 1048 pag.
1245 979 1369 1034 587.

408 1067 501 1121 23.
543 1068 699 1134 Quod
731 1083 839 1122 non
871 1078 1086 1138 oportet
1120 1071 1355 1127 lectores
1382 1072 1467 1126 vel
1493 1080 1751 1129 cantores
1783 1072 1928 1129 ferre

337 1160 644 1221 horarium,
673 1170 727 1213 et
752 1162 831 1216 sic
859 1162 1033 1233 legere
1059 1164 1143 1217 vel
1178 1178 1396 1219 canere.

410 1252 499 1307 ἐξ).
531 1254 686 1318 Quod
716 1269 823 1307 non
847 1263 1060 1322 oportet
1085 1256 1323 1324 privatos
1346 1266 1401 1311 et
1431 1258 1689 1332 vulgares
1715 1259 1929 1329 aliquos

339 1347 582 1416 psalmos
613 1346 721 1400 dici
769 1346 822 1399 in
852 1346 1105 1411 ecclesia,
1140 1348 1294 1417 131
1331 1366 1433 1405 nec
1463 1350 1636 1406 libros
1676 1366 1784 1404 non
1836 1364 1930 1404 ca-

340 1437 590 1498 nonicos,
631 1436 724 1489 sed
751 1436 899 1489 solos
930 1436 1230 1491 canonicos
1261 1436 1472 1496 Veteris
1493 1448 1547 1494 et
1571 1437 1707 1493 Novi
1738 1438 1931 1492 Testa-

340 1539 533 1583 Illeﬂll.

409 1623 537 1677 llaec
577 1634 706 1678 sunt
760 1640 883 1695 quae
940 1627 1038 1697 legi
1108 1634 1322 1696 oportet
1368 1640 1435 1677 ex
1500 1622 1680 1677 Veteri
1741 1620 1933 1677 Testa-

1502 240 1765 304 PHOTII
1790 243 2298 305 PATRIARCHJE
2338 244 2449 307 ΟΡ.

412 342 497 398 17.
538 338 661 399 Non
694 355 944 414 oportere
990 345 1232 415 psalmos
1277 345 1332 402 in
1379 348 1744 408 conventibus
1777 369 1913 409 con-
1951 356 1998 413 Α

3513 232 3615 299 5‘12

2098 353 2186 418 ιζ’.
2215 356 2352 427 Περὶ
2382 352 2478 408 τοῦ
2545 351 2620 426 μὴ
2656 353 2768 409 δεῖν
2807 348 3200 407 ἐπισυνάπτειν
3228 348 3290 402 ὲν
3327 348 3456 413 ταῖς
3499 366 3613 405 om.

2025 444 2179 512 άξεσι
2238 447 2368 511 τοὺς
2410 445 2682 517 ψαλμοὺς,
2723 444 2860 499 ἀλλὰ
2906 443 2996 498 διά
3032 443 3200 495 ιιέσου
3235 440 3363 495 καθ’
3392 440 3618 497 ἕκαστον

2024 538 2239 610 ψαλμὸν
2264 540 2511 608 γίνεσθαι
2543 540 2869 608 ἀνάγνωσιν.

2102 636 2195 701 ιη’.
2230 630 2369 701 Περὶ
2409 628 2505 682 τοῦ
2545 627 2645 699 τὴν
2693 628 2862 696 αὐτὴν
2908 624 3255 694 λειτουργίαν
3301 622 3418 677 τῶν
3446 624 3616 696 εὐχῶν

2030 721 2284 785 πάντοτε,
2305 720 2400 774 καὶ
2432 723 2490 773 ὲν
2516 722 2635 784 ταῖς
2669 718 2916 781 Ἐνάταις
2936 716 3033 770 καὶ
3052 718 3112 769 ὲν
3143 717 3264 779 ταῖς
3305 713 3618 787 Ἑσπέραις,

2029 812 2268 883 ὀφείλειν
2294 811 2566 882 γίνεσθαι.

2104 904 2190 959 ιβ’.
2224 905 2361 975 Περὶ
2402 904 2496 959 τοῦ
2523 905 2635 959 δεῖν
2682 903 2790 975 ίδίᾳ
2821 901 3042 975 πρῶτον
3091 900 3235 974 μετὰ
3263 902 3367 965 τάς
3408 902 3620 973 ὁμιλίας

2029 995 2140 1049 τῶν
2168 996 2509 1063 ἐπισκόπων,
2542 1014 2597 1050 κ.
2635 1013 2689 1050 τ.
2713 995 2763 1049 λ.

2102 1087 2208 1158 κγ’.
2244 1089 2369 1143 Ὀτι
2420 1090 2482 1143 οὺ
2520 1091 2605 1143 δεῖ
2647 1086 3002 1156 ἀναγνώστας
3050 1086 3085 1160 ἢ
3123 1087 3340 1158 ψάλτας
3388 1084 3619 1158 ώράριον

2031 1181 2241 1252 φορεῖν,
2272 1180 2367 1233 καὶ
2394 1177 2570 1243 οὕτως
2599 1181 3015 1249 ’ἀναγινώσκειν
3043 1178 3076 1247 ἢ
3107 1179 3357 1247 ψάλλειν.

2105 1271 2201 1326 νϐ’.
2235 1273 2359 1325 ’Ότι
2390 1271 2450 1324 οὐ
2473 1271 2554 1325 δεῖ
2583 1272 2889 1335 ίδιωτικοὺς
2913 1272 3164 1342 ψαλμοὺς
3190 1270 3448 1337 λέγεσθαι
3472 1270 3527 1321 ὲν
3554 1272 3614 1341 τῇ

2033 1364 2324 1437 ἐκκλησίᾳ,
2353 1363 2477 1417 οὐδὲ
2510 1364 2838 1418 ἀκανόνιστα
2868 1364 3070 1435 βιϐλία,
3102 1363 3237 1417 ἀλλά
3273 1363 3411 1432 μόνα
3434 1363 3501 1415 τὰ
3526 1380 3617 1415 κα-

2032 1454 2222 1509 νονικά
2279 1454 2383 1525 τῆς
2426 1455 2638 1526 Καινῆς
2674 1456 2770 1508 καὶ
2824 1455 3070 1519 Παλαιᾶς
3122 1452 3426 1525 Διαθήκης,
3468 1452 3615 1507 ἀτινά

2034 1545 2151 1600 ἐστι
2178 1544 2374 1602 ταῦτα’

2108 1643 2178 1691 α’.
2206 1637 2429 1702 Γένεσις
2455 1637 2685 1706 κόσμου.
2724 1637 2791 1708 β’.
2832 1637 3074 1703 Ἔξοδος.
3115 1636 3187 1703 γ’.
3221 1637 3528 1691 Λευῖτικόν.
3559 1636 3617 1691 δ’.

340 1726 560 1771 mento:
592 1718 642 1770 1.
666 1716 897 1772 Genesis
916 1734 931 1782 ;
950 1718 1006 1771 2.
1029 1717 1272 1782 Exodus,
1298 1717 1349 1769 id
1371 1724 1474 1779 est,
1494 1715 1673 1769 exitus
1690 1729 1753 1768 ex
1770 1712 1937 1785 IEgy-

2059 1730 2321 1803 Ἀριθμοί.
2370 1736 2435 1785 ε’.
2482 1702 2928 1802 Δευτερονόμιον.
2978 1737 3055 1796 ς’.
3120 1730 3297 1801 Ἰησοῦ
3337 1730 3519 1798 Ναυῆ.
3557 1729 3620 1793 ζ’.

339 1818 433 1877 pto
465 1827 480 1873 ;
507 1809 561 1864 5.
606 1808 913 1874 Leviticus;
972 1810 1024 1861 1.
1060 1808 1304 1875 Numeri;
1336 1807 1388 1859 5.
1425 1805 1933 1861 Deuteronomium:

342 1900 397 1956 6.
418 1898 577 1954 Jesus
602 1898 787 1963 Nave;
816 1900 871 1952 ’7.
903 1897 1145 1953 Judices.
1175 1899 1317 1951 Ruth
1343 1916 1359 1965 ;
1407 1897 1460 1951 8.
1490 1897 1714 1963 Esther;
1749 1896 1803 1952 9.
1836 1894 1942 1949 Re-

342 2006 573 2061 gnorum
601 1991 618 2044 l
644 2000 696 2046 et
718 1990 793 2057 ll;
820 1990 904 2044 l0.
932 1989 1243 2061 Regnorum
1266 1989 1335 2043 lll
1358 2000 1411 2044 et
1432 1986 1525 2055 1V;
1552 1988 1638 2042 11.
1658 1988 1941 2057 Paralipo-

342 2098 543 2137 menon
575 2082 596 2136 ι
624 2090 679 2137 et
702 2082 749 2136 ll
773 2099 787 2147 ;
820 2081 906 2136 l2.
932 2080 1139 2135 Esdras
1166 2078 1263 2135 let
1290 2080 1367 2148 ll;
1398 2080 1486 2133 15.
1525 2078 1679 2134 Libri
1698 2078 1942 2133 Psalmo—

345 2190 469 2248 rum
484 2175 601 2239 CL;
631 2176 719 2229 14.
748 2174 1041 2229 Proverbia
1069 2173 1405 2237 Salomonis;
1444 2173 1531 2226 15.
1562 2171 1940 2237 Ecclesiastes;

346 2270 434 2324 16.
451 2269 675 2325 Cantica
694 2268 1065 2334 canticorum;
1100 2267 1182 2321 l7.
1208 2265 1346 2331 Job;
1377 2264 1468 2318 18.
1496 2263 1794 2319 Duodecim
1816 2278 1943 2332 pro-

345 2362 557 2431 phetaa;
586 2360 669 2413 l9.
702 2358 901 2424 Isaias;
928 2357 1021 2412 20.
1052 2357 1318 2413 Jeremias
1340 2365 1395 2410 et
1415 2355 1654 2418 Baruch,
1680 2355 1945 2408 lamenta-

348 2454 524 2507 tiones
547 2462 601 2506 et
618 2451 861 2521 epistolae
880 2468 895 2516 ;
916 2451 1008 2504 21.
1037 2450 1320 2516 Ezechiel;
1343 2448 1435 2501 22.
1459 2444 1820 2502 Daniel.Novi
1847 2460 1947 2500 au-

346 2552 455 2597 tem
490 2540 826 2596 Testamenti
848 2542 964 2596 haec
996 2557 1010 2595 :
1043 2540 1333 2610 Evangelia
1366 2547 1626 2610 quatuor,
1643 2535 1944 2592 secundum

344 2637 689 2701 Matthaeum,
728 2635 1032 2689 secundum
1074 2631 1339 2697 Marcum,
1372 2631 1671 2687 secundum
1718 2628 1944 2692 Lucam,

349 2730 648 2786 secundum
699 2727 989 2782 Joannem.
1037 2727 1206 2780 Actus
1249 2726 1647 2795 apostolorum.
1694 2720 1949 2790 Epistola:

350 2822 629 2876 catholica:
676 2830 906 2888 septem,
939 2818 1187 2871 videlicet
1224 2814 1412 2870 Jacobi
1458 2829 1585 2878 una,
1619 2813 1763 2869 Petri
1792 2815 1942 2882 dua},

349 2914 579 2970 Joannis
610 2922 740 2976 tres,
774 2910 929 2965 Juda:
987 2926 1115 2963 una.
1170 2907 1430 2978 Epistola:
1485 2906 1643 2961 Pauli
1685 2916 1952 2977 quatuor-

2038 1823 2259 1893 Κριταί.
2299 1823 2481 1878 Ῥούθ.
2518 1831 2591 1896 η’.
2634 1823 2860 1895 Ἐσθήρ.
2894 1824 2961 1879 θ’.
3004 1824 3309 1877 Βασιλειῶν
3338 1827 3399 1876 A'
3428 1824 3525 1876 καὶ
3551 1824 3622 1877 Β’.

2042 1922 2095 1969 ι’.
2128 1916 2423 1969 Βασιλειῶν
2440 1917 2518 1982 Γι,
2548 1919 2622 1970 Δ’.
2656 1922 2745 1970 ια’.
2785 1916 3286 1987 Παραλειπομένων
3318 1917 3401 1980 A’,
3433 1913 3510 1969 B’.
3541 1915 3623 1984 ιβ’.

2044 2007 2278 2079 Ἔσδρας
2306 2009 2386 2074 A',
2419 2008 2497 2062 B’.
2531 2007 2617 2076 ιγ’.
2659 2007 2839 2061 Βίϐλοι
2866 2008 3113 2078 Ψαλμῶν
3147 2004 3274 2062 PN'.
3309 2007 3393 2060 ιδ’.
3430 2006 3628 2077 Παροι-

2046 2098 2185 2169 μιῶν
2226 2099 2597 2168 Σολομῶντος.
2651 2098 2735 2152 ιε’.
2795 2097 3252 2169 Ἐκκλησιαστής.
3302 2102 3400 2161 ις’.
3444 2091 3628 2166 τΛσμα

2042 2190 2321 2260 ᾀσμάτων.
2340 2190 2429 2254 ιζ’.
2447 2190 2587 2244 Ἰώϐ.
2612 2197 2703 2261 ιη’.
2720 2191 3245 2259 Δωδεκαπρόφητον.
3271 2186 3360 2241 ιϐ’.
3379 2189 3626 2249 Ἡσαΐας.

2043 2283 2114 2330 κ’.
2154 2277 2445 2348 Ἱερεμίας.
2478 2280 2713 2352 Βαρούχ.
2768 2279 2971 2351 Θρῆνοι
3010 2280 3105 2332 καὶ
3145 2277 3481 2331 Ἐπιστολαί.
3528 2278 3628 2332 κα’.

2056 2367 2335 2441 Ἰεζεκιήλ.
2364 2370 2470 2441 κβ’.
2502 2372 2722 2443 Δανιήλ.
2766 2372 2975 2441 Καινῆς
3004 2370 3295 2441 διαθήκης,
3327 2369 3633 2437 Εὐαγγέλια

2044 2461 2108 2527 δ’,
2160 2461 2303 2516 κατά
2352 2462 2653 2528 Ματθαῖον,
2712 2463 2856 2517 κατά
2914 2464 3171 2533 Μάρκον,
3212 2462 3359 2515 κατὰ
3402 2462 3632 2529 Λουκᾶν,

2045 2552 2190 2607 κατά
2234 2554 2512 2625 Ἰωάννην.
2548 2555 2781 2625 Πράξεις
2802 2556 3139 2609 ἀποστόλων.
3168 2555 3484 2608 Ἐπιστολαὶ
3508 2554 3636 2607 καθ·

2046 2643 2226 2696 ολικαὶ
2271 2643 2317 2708 ζ’
2344 2642 2519 2707 οὕτως
2552 2659 2566 2672 '
2622 2644 2883 2698 Ἰακώϐου
2925 2652 2993 2708 α’,
3029 2645 3237 2715 Πέτρου
3275 2645 3342 2714 β’,
3390 2646 3633 2699 Ἰωάννου

2046 2732 2118 2802 γ’,
2179 2732 2351 2788 ’ἰούδα
2401 2739 2471 2787 α’.
2529 2734 2843 2787 Ἐπιστολαὶ
2896 2733 3113 2787 Παύλου
3170 2734 3252 2800 ιδ,
3308 2734 3450 2803 πρδς
3505 2735 3633 2787 Tu”

2051 2825 2244 2895 μαίους
2278 2832 2347 2890 α’,
2403 2825 2923 2899 πρὸς.Κορινθίους
2972 2825 3038 2896 β’,
3089 2825 3228 2897 πρὸς
3279 2826 3531 2889 Γαλάτας
3566 2824 3630 2889 α’,

2050 2915 2187 2986 πρὸς
2227 2915 2511 2985 Ἐφεσίους
2540 2914 2611 2983 α’,
2651 2917 2788 2987 πρὸς
2816 2916 3218 2986 Φιλιππησίους
3245 2924 3318 2981 α’,
3360 2917 3499 2986 πρὸς
3532 2917 3633 2970 Ko-

352 3011 528 3065 decim
557 3026 571 3064 :
600 3017 665 3063 ad
690 3006 969 3061 Romanos
993 3020 1123 3069 una,
1146 3005 1215 3058 ad
1238 3003 1557 3059 Corinthios
1581 3003 1723 3065 duae,
1744 3002 1809 3055 ad
1841 3000 1942 3055 Ga-

2059 3008 2269 3072 λασσεϊς
2308 3018 2379 3072 α’,
2426 3008 2565 3079 πρὸς
2613 3008 3028 3072 Θεσσαλωικετς
3069 3007 3136 3078 β’,
3172 3007 3311 3079 πρὸς
3355 3007 3631 3078 Ἐϐραίους

351 3104 494 3158 latas
525 3116 658 3166 una,
701 3099 767 3153 ad
801 3096 1069 3168 Ephesios
1113 3111 1246 3159 una,
1285 3094 1352 3149 ad
1392 3092 1775 3162 Philippenses
1808 3106 1942 3155 una,

352 3199 417 3253 ad
479 3196 833 3252 Colossenses
889 3208 1018 3254 una,
1065 3190 1131 3245 ad
1190 3185 1723 3243 Thessalonicenses
1787 3182 1929 3243 duae,

353 3288 422 3343 ad
461 3287 718 3343 Hebraeos
761 3301 892 3349 una,
940 3284 1008 3338 ad
1042 3281 1395 3336 Timotheum
1446 3279 1589 3343 dum,
1645 3276 1711 3329 ad
1756 3272 1941 3327 Titum

353 3396 485 3448 una,
518 3380 584 3434 ad
610 3378 991 3433 Philemonem
1025 3389 1158 3429 una.

489 3466 721 3523 Concilii
753 3462 1187 3533 Carthaginensis
1207 3476 1432 3514 canones
1455 3457 1549 3524 24,
1572 3455 1663 3518 42,
1697 3452 1823 3508 105.

432 3557 501 3612 Ut
533 3568 728 3627 pratter
759 3556 1071 3624 Scripturas
1104 3554 1387 3607 canonica:
1421 3549 1582 3623 [mss.
1621 3540 1947 3615 catholicas]

356 3649 493 3703 nihil
524 3650 581 3702 in
606 3641 855 3702 ecclesias
881 3645 1088 3714 legatur
1111 3644 1253 3714 (58).

427 3738 518 3792 24.
553 3737 683 3790 Item
726 3734 932 3804 placuit
952 3732 1071 3763 "'“
1100 3740 1365 3801 utpraeter
1392 3727 1702 3797 Scripturas
1726 3723 1950 3780 canoni-

357 3847 451 3887 eas
484 3830 622 3885 nihil
652 3830 708 3883 in
741 3825 973 3882 ecclesia
1009 3828 1219 3897 legatur
1247 3824 1350 3878 sub
1379 3821 1603 3877 nomine
1634 3818 1946 3875 divinarum

359 3920 793 3990 Scripturarum.
830 3914 1187 3970 Suntautem
1220 3911 1506 3967 canonica:
1543 3909 1861 3979 Scriptura,
1894 3906 1948 3960 id

355 4025 461 4077 est,
490 4010 743 4073 Genesis,
773 4007 1022 4074 Exodus,
1059 4005 1359 4071 Leviticus,
1396 4002 1649 4067 Numeri,
1687 4002 1950 4055 Deutero-

356 4108 628 4169 nomium,
672 4101 836 4159 Jesus
864 4101 1033 4166 Nave,
1065 4099 1311 4165 Judices,
1358 4095 1529 4162 Ruth,
1579 4095 1785 4166 Regum
1822 4090 1948 4147 libri

355 4208 612 4267 quatuor.
639 4195 1094 4265 Paralipomenon
1123 4191 1249 4246 libri
1271 4189 1401 4245 duo.
1437 4186 1560 4249 Job.
1588 4186 1946 4249 Psalterium,

360 4288 675 4342 Salomonis
703 4287 831 4341 libri
858 4286 1118 4355 quinque.
1143 4281 1297 4336 Libri
1328 4279 1619 4335 duodecim
1650 4277 1949 4348 propheta-

2049 3106 2119 3164 α’,
2174 3100 2310 3170 πρὸς
2348 3100 2611 3170 Τιμόθεον
2657 3097 2723 3170 β’,
2771 3100 2911 3172 πρὸς
2962 3100 3123 3153 Τίτον
3168 3105 3240 3168 α’,
3294 3099 3434 3171 πρὸς
3480 3098 3633 3169 Φιλή-

2055 3206 2195 3261 μονα
2227 3197 2296 3245 α’.

2154 3463 2429 3519 Συνόδου
2460 3464 2884 3535 Καρθαγέννης
2908 3464 3113 3519 κανὼν
3140 3464 3241 3530 κδ’,
3277 3463 3389 3534 μβ’,
3429 3464 3534 3536 pf.

2122 3553 2308 3609 ’Ὥστε
2331 3552 2506 3619 ἐκτός
2545 3552 2665 3607 τῶν
2722 3553 3062 3609 καθολικῶν
3116 3554 3398 3623 Γραφῶν,
3439 3554 3624 3624 μηδὲν

2048 3643 2119 3699 ἐν
2153 3644 2229 3714 τῇ
2254 3646 2555 3714 ἐκκλησίᾳ
2580 3646 3121 3716 ἀναγινώσκεσθαι.

2120 3736 2220 3791 κδ’.
2257 3736 2489 3805 Ὁμοίως
2512 3738 2711 3807 ἤρεσεν
2733 3738 2822 3790 ἵνα
2854 3738 3008 3801 ἐκτὸς
3031 3738 3139 3790 τῶν
3168 3737 3472 3791 κανονικῶν
3497 3737 3626 3806 Γρα-

2049 3826 2189 3897 φῶν,
2225 3826 2390 3898 μηδὲν
2426 3827 2485 3880 ὲν
2515 3830 2580 3898 τῇ
2619 3827 2889 3899 ἐκκλησίᾳ
2913 3827 3359 3898 ἀναγινώσκηται
3394 3829 3481 3880 ἐπ’
3521 3827 3626 3879 όνό-

2053 3936 2182 3990 ματι
2223 3918 2385 3972 θείων
2416 3920 2674 3990 Γμφῶν.
2723 3919 2846 3972 Elui.
2900 3920 2959 3972 δὲ
3005 3921 3062 3973 αἱ
3113 3921 3396 3974 κανονικαὶ
3428 3919 3625 3992 Γραφαὶ

2056 4007 2242 4067 αὗταιο
2270 4012 2514 4078 Γένεσις,
2550 4011 2793 4078 Ἔξοδος,
2836 4014 3144 4077 Λευῖτικὺν,
3191 4013 3461 4083 Ἀριθμοὶ,
3510 4017 3628 4066 Δευ-

2047 4104 2390 4177 τερονόμιον,
2442 4104 2650 4175 Ἰησοῦς
2680 4105 2707 4157 ό
2734 4104 2829 4158 τοῦ
2860 4104 3043 4175 Ναυῆ,
3069 4106 3293 4174 Κριταὶ,
3329 4105 3507 4172 ῬοὺΘ,
3530 4106 3625 4157 τῶν

2050 4198 2351 4251 Βασιλειῶν
2404 4196 2707 4269 τέσσαρες,
2758 4196 2865 4250 τῶν
2908 4197 3413 4267 Παραλειπομένων
3471 4197 3627 4267 βίϐλοι

2049 4289 2163 4355 δύο,
2234 4288 2378 4355 Ἰὼϐ,
2430 4289 2763 4359 Ψαλτήριον,
2822 4290 3174 4359 Σολομῶντος
3230 4290 3403 4360 βίϐλοι
3456 4292 3626 4351 πέντε,

358 4393 503 4440 rum,
544 4376 739 4441 Isaias,
791 4374 1078 4437 Jeremias,
1145 4370 1424 4436 Ezechiel,
1480 4368 1693 4432 Daniel,
1748 4366 1942 4421 Tobias

2059 4381 2163 4435 τῶν
2194 4379 2499 4452 ΙΙροφητῶν
2550 4382 2720 4451 βίϐλοι
2764 4380 2994 4443 δώδεκα,
3042 4382 3291 4448 Ἡσαΐας,
3347 4382 3626 4454 Ἱερεμίας,

356 4471 570 4535 Judith,
612 4470 830 4535 Esther,
883 4469 1070 4525 Esdrte
1119 4466 1243 4522 libri
1303 4467 1434 4520 duo.
1509 4464 1949 4519 Machabazorum

360 4563 483 4619 libri
507 4564 637 4617 duo.
668 4560 802 4615 Novi
828 4560 1187 4622 Testamenti,
1217 4557 1635 4628 Evangeliorum
1669 4556 1794 4610 libri
1816 4569 1955 4623 qua-

362 4665 504 4709 tuor.
538 4655 773 4708 Actuum
821 4652 977 4722 132
1021 4649 1396 4720 apostolorum
1443 4648 1581 4704 liber
1633 4662 1795 4701 unus.
1827 4646 1955 4715 Epi-

359 4747 512 4803 stolae
525 4745 678 4800 Pauli
696 4760 766 4815 qu
776 4743 1128 4798 atuordecim.
1146 4742 1288 4796 Petri
1308 4742 1534 4809 apostoli
1553 4740 1797 4811 epistolae
1812 4741 1952 4794 duae.

358 4840 589 4896 Joannis
636 4838 869 4908 apostoli
914 4847 1046 4891 tres.
1092 4834 1284 4890 Jacobi
1331 4834 1565 4907 apostoli
1623 4848 1752 4887 una.
1796 4829 1949 4887 Juda:

360 4932 595 5005 apostoli
647 4947 777 4985 una.
831 4927 1195 4999 Apocalypsis
1238 4924 1471 4979 Joannis
1523 4924 1755 4993 apostoli
1811 4923 1949 4977 liber

361 5040 525 5080 unus.
563 5021 677 5078 Hoc
708 5022 871 5076 etiam
902 5019 1054 5073 fratri
1078 5028 1135 5072 et
1155 5014 1536 5071 consacerdoti
1564 5023 1751 5068 nostro
1778 5013 1948 5067 Boni-

361 5118 527 5181 facio,
568 5115 653 5171 vel
694 5114 817 5169 aliis
852 5128 1043 5166 earum
1085 5109 1324 5181 partium
1350 5106 1645 5177 episcopis,
1677 5120 1776 5174 pro
1813 5119 1948 5159 con-

365 5209 632 5264 ﬁrmando
668 5209 774 5263 isto
808 5218 1020 5261 canone
1056 5206 1388 5266 innotescat,
1438 5197 1570 5268 quia
1617 5212 1649 5252 a
1694 5194 1950 5251 Patribus

361 5303 468 5359 ista
496 5302 808 5371 accepimus
839 5299 893 5352 in
921 5297 1153 5353 ecclesia
1194 5292 1444 5367 legenda.

433 5445 552 5477 ’⁷⁸³³
595 5444 853 5514 Carthag.
881 5458 964 5507 ιιι,
993 5455 1111 5510 cap.
1145 5438 1233 5493 l7.

2068 4471 2353 4542 Ἰεζεκιὴλ,
2384 4474 2604 4544 Δανιὴλ,
2642 4473 2877 4536 Τωϐίας,
2918 4474 3127 4536 Ἰουδὶο,
3181 4473 3398 4545 Ἐσθὴρ,
3436 4474 3629 4542 Ἔσδρα

2061 4563 2232 4636 βίϐλοι
2266 4563 2380 4617 δύο.
2407 4564 2520 4634 Τῆς
2543 4565 2691 4627 Νέας
2718 4566 3013 4635 Διαθήκης,
3041 4566 3352 4633 Εὑαγγέλια
3383 4567 3627 4636 τέσσαρα,

2060 4652 2321 4721 Πράξεων
2335 4652 2444 4704 τῶν
2465 4654 2776 4707 ἀποστόλων
2804 4652 2985 4723 βίϐλος
3014 4655 3132 4725 μία,
3154 4654 3468 4708 Ἐπιστολαὶ
3495 4656 3633 4709 Παύ-

2059 4744 2155 4797 λου
2189 4745 2271 4807 ιδ’,
2314 4745 2522 4815 Πέτρου
2553 4746 2855 4797 ἀποστόλου
2901 4744 3013 4809 δύο,
3057 4746 3307 4805 Ἰωάννου
3347 4747 3633 4800 ἀποστόλου

2054 4838 2225 4905 τρεῖς,
2268 4835 2439 4889 Ἰούδα
2461 4836 2767 4888 ἀποστόλου
2791 4837 2907 4905 μία,
2946 4836 3368 4903 Ἀποκαλύψεως
3396 4837 3632 4891 Ἰωάννου

2055 4929 2239 5000 βίϐλος
2272 4928 2392 4999 μία.
2426 4928 2597 4981 Τοῦτο
2640 4929 2695 4979 δὲ
2736 4928 2813 4999 τῷ
2860 4928 3075 4999 ἀδελφῷ
3110 4929 3268 4998 ἡμῶν
3306 4932 3404 4982 καὶ
3437 4930 3635 4982 συλλει-

2050 5020 2270 5091 τουργῷ
2318 5019 2649 5090 Βονιφατίῳ,
2679 5020 2775 5072 καὶ
2818 5022 2930 5083 τοῖς
2965 5018 3145 5083 ἄλλοις
3182 5019 3292 5073 τῶν
3340 5022 3521 5074 αὐτῶν
3551 5039 3634 5091 με·

2057 5112 2166 5183 ρῶν
2216 5114 2538 5175 ἐπισκόποις
2583 5112 2720 5183 πρὸς
2782 5110 3077 5181 βεϐαίωσιν
3129 5112 3225 5165 τοῦ
3279 5113 3632 5184 προκειμένου

2059 5205 2284 5269 κανόνος
2311 5203 2589 5274 γνωρισθῇ
2610 5219 2624 5232 ⁸
2653 5203 2844 5274 ἐπειδὴ
2879 5202 3031 5273 παρά
3052 5202 3161 5255 τῶν
3185 5202 3445 5273 Πατέρων
3474 5202 3633 5256 ταῦτα

2059 5300 2116 5352 ὲν
2154 5300 2223 5370 τῇ
2250 5296 2515 5369 ἐκκλησία
2544 5294 3011 5367 ἀναγινώσκεσθαι
3045 5295 3453 5366 παρελάϐομεν.

1872 5548 2105 5604 NOTAE.

404 5672 517 5739 (38)
550 5671 615 5727 Et
655 5670 965 5726 Ferrandns
1002 5682 1122 5737 cap.
1159 5665 1265 5720 228
1294 5680 1357 5719 ex
1411 5660 1611 5719 concil.
1667 5660 1929 5729 Carthag.
1974 5662 2059 5716 tit.
2114 5659 2203 5714 45.
