3842 6224
212 275 320 339 593

1061 279 1461 340 SY‘NTAGMA
1492 278 1884 340 CANONUM.
1916 304 1985 314 —
2020 278 2167 337 TIT.
2213 278 2327 339 IlI.
2369 278 2528 341 CAP.
2571 279 2651 341 Π.

3365 277 3468 341 5οί

286 386 426 456 Περὶ
485 388 593 443 τοῦ
625 386 713 457 μὴ
758 388 1073 458 συμπόσια
1122 390 1193 444 ἐν
1242 390 1371 458 ταῖς
1429 390 1821 461 ἐκκλησίαις,

1935 390 2004 447 Ut
2050 395 2117 463 in:
2140 390 2369 447 ecclesiis
2425 392 2663 446 convivia
2698 392 2910 445 minime
2933 388 3259 445 celebrentur
3292 390 3427 463 (59).

208 478 641 535 ἐπιτελεῖσθαι.

285 571 400 641 μβ⁸.
436 571 597 624 Ὥστε
626 572 1013 643 ἐπισκόπουςῆ
1042 573 1333 645 κληρικοὺς
1378 575 1436 628 ἐν
1462 577 1578 640 ταῖς
1605 576 1796 647 ἐκκλη.

211 663 359 725 aiat;
390 663 465 733 μὴ
493 665 965 733 συμποσιάςεσθαι
990 680 1004 693 ·
1035 667 1083 718 ei
1117 668 1190 737 μή
1214 667 1266 734 γ’
1296 666 1363 720 ἂν
1388 666 1546 736 τυχὸν
1578 668 1792 739 ἀνάγκῃ

209 753 399 819 ξενίας
426 755 739 821 διαϐάντες,
775 757 891 808 ἐκεῖ
939 757 1286 811 καταλύσωσι
1309 773 1323 787 ⁸
1368 759 1463 811 καὶ
1496 760 1544 813 οἱ
1590 759 1709 813 λαοὶ
1737 759 1794 813 δέ

207 845 320 897 ἀπὸ
368 845 478 899 τῶν
525 846 953 919 τοιουτοτρόπων
1007 851 1341 921 συμποσίων,
1395 853 1518 907 ὅσον
1569 854 1794 909 δυνατόν

208 936 356 995 ἐστι,
397 936 734 993 κωλυθῶσιν.

282 1026 427 1093 Περὶ
459 1026 580 1081 τῶν
628 1030 777 1096 πρὸς
824 1032 894 1086 τὸ
944 1031 1378 1101 θυσιαστήριον
1419 1033 1796 1103 ὀφειλουσῶν

202 1114 500 1182 λέγεσθαι
547 1118 808 1172 ἱκεσιῶν.
1014 1130 1022 1139 ’

289 1209 395 1272 pf.
430 1205 635 1275 Ἠρεσε
669 1208 763 1260 καὶ
794 1209 971 1277 τοῦτο,
1002 1210 1144 1264 ὥστε
1174 1211 1272 1276 τὰς
1306 1215 1700 1285 κεκυρωμένας
1738 1215 1797 1269 ὲν

201 1296 278 1363 τῇ
313 1295 515 1366 συνόδῳ
552 1297 783 1363 ἱκεσίας,
822 1302 931 1353 εἴτε
964 1303 1248 1372 προοίμια,
1282 1306 1392 1357 εἴτε
1441 1304 1792 1374 παραθέσεις,

202 1385 323 1437 εἴτε
348 1386 448 1449 τὰς
484 1388 584 1457 τῆς
613 1390 795 1459 χειρὸς
822 1393 1120 1457 ἐπιθέσεις,
1148 1395 1255 1447 ἀπὸ
1280 1396 1496 1449 πάντων
1529 1396 1796 1449 ἐπιτελεῖ-

202 1476 368 1529 σθαιο
394 1480 487 1531 καὶ
513 1480 791 1545 παντελῶς
830 1483 995 1547 ἄλλας
1042 1486 1185 1539 κατά
1224 1487 1324 1556 τῆς
1355 1487 1593 1551 πίστεως
1630 1488 1798 1559 μηδέ-

207 1584 353 1620 ποτε
389 1572 851 1641 προσενεχθῆναι·
909 1574 1023 1628 ἀλλ’
1067 1576 1273 1639 αἵτινες
1315 1578 1515 1648 δήποτε
1545 1578 1654 1634 ἀπὸ
1687 1580 1797 1634 τῶν

201 1662 598 1732 συνετωτέρων
629 1665 997 1735 συνήχθησαν,
1042 1666 1417 1737 λεχθήσονται.

1970 571 2061 626 42.
2094 569 2165 626 Ut
2203 570 2335 627 nulli
2374 571 2418 602 ³³
2468 570 2708 640 episcopi
2757 570 2843 625 vel
2891 571 3077 627 clerici
3133 570 3186 624 in
3236 570 3467 627 ecclesia

1895 664 2303 727 conviventur,
2356 663 2462 717 nisi
2518 662 2657 718 forte
2713 671 3060 718 transeuntes
3109 663 3471 733 hospitiorum

1895 757 2223 811 necessitate
2256 756 2368 810 illic
2395 754 2637 809 reﬁciant
2671 771 2685 809 :
2739 756 2924 824 populi
2966 756 3129 809 etiam
3176 756 3243 809 ab
3275 754 3472 824 hujus-

1896 846 2044 901 modi
2069 846 2368 910 conviviis,
2418 856 2683 917 quantum
2728 844 2844 900 ﬁeri
2891 855 3107 917 potest,
3146 846 3474 916 prohibean-

1895 944 2007 993 tur.

1968 1030 2048 1087 De
2075 1032 2313 1103 precibus
2345 1034 2413 1086 ad
2445 1033 2618 1087 altare
2648 1033 2905 1088 dicendis.

1968 1214 2093 1269 103.
2132 1213 2343 1268 Placuit
2368 1212 2412 1245 ³³
2440 1213 2603 1267 etiam
2657 1213 2762 1267 hoc
2818 1210 2953 1283 (40),
3014 1219 3075 1265 ιιι
3126 1193 3318 1280 preces
3353 1226 3475 1280 quae

1898 1305 2139 1375 probatae
2167 1304 2371 1359 fuerint
2406 1304 2459 1357 in
2495 1304 2748 1368 concilio,
2799 1304 2911 1357 sive
2953 1301 3321 1371 praefationes,
3359 1303 3476 1357 sive

1899 1393 2426 1459 commendationes,
2458 1410 2553 1449 seu
2590 1408 2784 1447 manus
2809 1392 3191 1462 impositiones
3241 1392 3309 1446 ab
3354 1406 3475 1446 om-

1899 1487 2063 1541 nibus
2087 1487 2457 1551 celebrentur,
2491 1500 2591 1540 nec
2636 1486 2755 1539 aliae
2798 1486 3023 1539 omnino
3065 1494 3257 1539 contra
3312 1484 3475 1539 ﬁdem

1899 1578 2261 1646 praeferantur
2286 1595 2300 1632 :
2334 1577 2431 1633 sed
2468 1592 2808 1648 quaecunque
2830 1592 2860 1631 a
2880 1576 3329 1647 prudentioribus
3358 1576 3471 1647 (41)

1901 1669 2103 1724 fuerint
2126 1670 2384 1733 collectae,
2409 1668 2681 1723 dicantur.

195 1752 255 1802 Σ
256 1752 482 1806 υνόόου
498 1755 915 1825 οἱκουμενικῆς
938 1758 1115 1827 ἕκτης
1127 1761 1329 1813 κανὼν
1341 1760 1442 1829 λγ’,
1460 1760 1560 1830 Er’,
1574 1767 1667 1827 oe’,
1681 1769 1791 1824 πα’,

1940 1762 2164 1818 Concilii
2192 1761 2497 1815 wcumenici
2525 1761 2660 1815 sexti
2689 1778 2911 1818 canones
2955 1765 3057 1828 53,
3091 1767 3182 1831 63,
3224 1766 3313 1829 75,
3348 1765 3438 1822 81.

277 1842 384 1912 λγ’.
426 1845 753 1918 Ἐπειδήπερ
786 1847 1034 1920 ἔγνωμεν
1067 1852 1126 1904 ἐν
1161 1854 1227 1923 τῇ
1276 1852 1581 1923 ’Δρμενίων
1611 1852 1793 1926 χώρᾳ,

199 1952 336 1989 κ.τ.
364 1936 416 1991 λ.

280 2028 385 2095 Er.
423 2028 503 2081 Τὰ
538 2029 751 2097 ψευδῶς
806 2030 910 2085 ὑπὸ
963 2031 1072 2086 τῶν
1119 2035 1221 2104 τῆς
1281 2036 1537 2107 ἀληθείας
1584 2039 1795 2110 ἐχθρῶν

199 2119 631 2173 ἅναπλασθέντα
686 2123 1109 2193 μαρτυρολόγια,
1144 2126 1222 2189 ώς
1267 2127 1333 2181 ἂν
1365 2131 1493 2193 τοὺς
1520 2130 1616 2184 τοῦ
1664 2133 1796 2202 Χρι-

200 2214 342 2267 στοῦ
380 2215 662 2286 μάρτυρας
702 2217 1043 2288 άτιμάζοιεν,
1094 2222 1188 2274 καὶ
1234 2222 1372 2293 πρὸς
1418 2226 1677 2279 ἀπιστίαν
1706 2228 1794 2279 ἐν-

203 2305 405 2374 άγοιεν
430 2308 557 2369 τοὺς
573 2309 893 2373 ἀκούοντας,
917 2310 991 2380 μὴ
1007 2311 1094 2364 ἐπ’
1122 2310 1440 2382 ἐκκλησίαις
1470 2316 1793 2385 δημοσιεύε-

202 2398 337 2450 σθαι
367 2401 805 2470 προστάσσομεν,
832 2402 967 2455 ἀλλά
985 2402 1160 2458 ταῦτα
1200 2406 1335 2477 πυρὶ
1369 2408 1792 2480 παραδίδοσθαιο

198 2492 340 2553 τοὺς
360 2492 418 2544 δὲ
438 2493 614 2547 ταῦτα
639 2496 1136 2567 παραδεχομένους,
1163 2498 1196 2569 ἢ
1220 2498 1293 2565 ὡς
1327 2501 1551 2573 ἀληθέσι
1583 2502 1796 2569 τούτοις

200 2582 675 2651 προσανέχοντας,
708 2585 1203 2657 άναθεματίζομεν.

278 2672 377 2726 οε’.
407 2674 546 2736 Τοὺς
577 2675 672 2727 ἐπὶ
696 2675 757 2728 τὸ
783 2675 1005 2744 ψάλλειν
1034 2680 1092 2731 ἐν
1121 2680 1244 2743 ταῖς
1272 2680 1593 2751 ἐκκλησίαις
1614 2699 1796 2757 παρα-

200 2762 535 2833 γινομένους
565 2765 867 2836 βουλόμεθα
918 2770 1054 2839 μήτε
1099 2770 1252 2839 βοαῖς
1296 2772 1554 2835 ἀτάκτοις
1594 2775 1796 2846 κεχρῆ-

200 2856 362 2918 σθαι,
414 2855 509 2909 καὶ
556 2858 656 2928 τὴν
714 2858 877 2926 φύσιν
935 2860 1069 2930 πρὸς
1119 2862 1367 2933 κραυγὴν
1419 2864 1794 2933 ἐκϐιάζεσθαι,

206 2948 358 3017 μήτε
379 2964 432 2998 τι
464 2947 740 3016 ἐπιλέγειν
769 2949 879 3003 τῶν
909 2952 984 3020 μὴ
1015 2952 1280 3023 ἐκκλησίᾳ
1311 2954 1585 3025 άρμοδίων
1611 2975 1669 3011 τε
1700 2962 1796 3015 καὶ

202 3037 433 3092 οἰκείων
457 3054 470 3067 °
506 3038 641 3091 ἀλλὰ
678 3041 816 3110 μετά
842 3042 1043 3111 πολλῆς
1085 3045 1359 3114 προσοχῆς
1389 3062 1448 3098 τε
1490 3046 1586 3101 καὶ
1628 3065 1796 3102 κατα-

202 3129 418 3195 νύξεως
441 3130 540 3192 τὰς
572 3132 828 3197 τοιαύτας
874 3134 1196 3205 ψαλμῳδίας
1241 3138 1541 3205 προσάγειν
1579 3139 1655 3209 τῷ
1685 3141 1796 3195 τῶν

201 3221 475 3292 κρυπτῶν
521 3222 701 3293 ἐφόρῳ
749 3223 904 3294 Θεῷ·
956 3224 1202 3288 εὐλαϐεῖς
1245 3226 1352 3296 γάρ
1395 3226 1613 3283 ἔσεσθαι
1668 3234 1796 3297 τοὺς

205 3314 365 3377 υἱοὺς
410 3316 626 3387 Ἰσραὴλ
650 3316 713 3368 τὸ
744 3317 890 3386 ἱερὸν
926 3317 1131 3382 ἐδίδαξε
1163 3318 1366 3386 λόγιον.

280 3414 398 3462 πα’.
442 3409 768 3481 Ἐπειδήπερ
807 3410 863 3464 έν
898 3428 1008 3464 τισι
1036 3410 1242 3482 χώραις
1285 3415 1709 3486 μεμαθήκαμεν,
1738 3420 1796 3471 ἐν

202 3500 288 3571 τῷ
318 3503 603 3573 Τρισαγίῳ
630 3503 803 3573 ὕμνῳ,
832 3520 888 3558 κ.
921 3521 970 3557 τ.
1004 3504 1053 3558 λ.

331 3592 606 3647 Συνόδου
636 3595 887 3659 Νικαίας
917 3594 985 3647 τὸ
1015 3594 1315 3663 δεύτερον,
1348 3598 1550 3651 κανὼν
1580 3601 1666 3654 ιδ’.

280 3686 417 3737 Ὅτι
444 3688 513 3738 οὐ
541 3686 657 3755 χρὴ
709 3686 882 3753 ἐκτὸς
930 3691 1303 3757 χειροθεσίας
1358 3692 1799 3762 ἀναγινώσκειν

204 3776 278 3829 ἐν
309 3775 383 3843 τῇ
413 3777 673 3841 συνάξει
703 3778 799 3831 ἐπὶ
827 3776 1115 3847 ἄμϐωνος.

282 3869 367 3924 ιδ’.
399 3871 525 3923 Ὀτι
558 3871 709 3934 τάξις
745 3870 1161 3941 ἐμπολιτεύεται
1197 3877 1253 3927 ἐν
1304 3877 1593 3950 ἱερωσύνῃ,
1628 3881 1797 3933 πᾶσιν

205 3961 465 4031 ἀρίδηλόν
503 3963 643 4027 ἐστι,
668 3963 761 4015 καὶ
802 3964 898 4016 σὺν
929 3966 1183 4037 ἀκριβείᾳ
1198 3966 1475 4038 διατηρεῖν
1504 3972 1603 4041 τῆς
1633 3972 1793 4041 ἱερω-

208 4052 381 4122 σύνης
414 4054 781 4122 ἐγχειρήσεις,
826 4055 945 4126 Θεῷ
974 4059 1268 4129 εὐάρεστόν
1307 4061 1448 4127 ἐστι,
1478 4064 1571 4115 καὶ
1610 4063 1796 4134 ἐπειδὴ

205 4143 451 4213 ὁρῶμεν,
484 4145 639 4207 ἐκτὸς
672 4148 1012 4216 χειροθεσίας
1045 4150 1301 4217 νηπιόθεν
1337 4150 1435 4221 τὴν
1470 4152 1675 4223 κουράν
1699 4152 1795 4206 τοῦ

206 4238 417 4307 κλήρου
458 4237 833 4306 λαμϐάνοντάς
881 4258 1054 4305 τινας,
1103 4242 1269 4311 μήπω
1298 4241 1353 4295 δὲ
1409 4244 1537 4312 παρ’
1568 4246 1796 4297 ἐπισκό-

207 4348 313 4383 που
356 4329 702 4400 χειροθεσίαν
747 4331 1033 4395 λαϐόντας,
1066 4336 1160 4387 καὶ
1221 4334 1696 4403 ἀναγινώσκοντας
1739 4339 1796 4391 ἐν

1965 1852 2055 1907 55.
2119 1851 2393 1919 Quoniam
2440 1854 2797 1922 cognovimus
2861 1856 2916 1909 in
2964 1857 3352 1911 Armeniorum
3397 1871 3478 1911 re-

1898 1948 2077 2015 gione,
2110 1954 2240 2010 etc.,
2276 1955 2333 1999 ut
2365 1961 2483 2016 pag.
2504 1945 2628 2000 486.

1967 2038 2056 2092 65.
2086 2035 2217 2102 Quae
2246 2052 2276 2091 a
2317 2038 2565 2092 veritatis
2598 2036 2846 2092 hostibus
2878 2037 3018 2093 falso
3058 2037 3305 2093 conﬁctae
3350 2046 3479 2093 sunt

1898 2138 2201 2199 martyrum
2230 2128 2497 2193 historiae,
2533 2136 2595 2182 ut
2625 2128 2721 2183 Dei
2754 2139 3020 2199 martyres
3047 2128 3341 2196 ignominia
3360 2127 3478 2183 afﬁ-

1898 2229 2115 2284 Cerent;
2145 2231 2196 2275 et
2236 2221 2331 2291 qui
2370 2234 2465 2275 eas
2502 2219 2744 2274 audituri
2775 2227 2979 2285 essent,
3007 2219 3070 2273 ad
3101 2218 3477 2273 inﬁdelitatem

1897 2312 2262 2379 deducerent;
2295 2313 2349 2365 in
2377 2312 2609 2366 ecclesia
2634 2327 2740 2366 non
2775 2312 3043 2381 publicari
3069 2310 3351 2380 jubemus,
3383 2313 3477 2367 sed

1898 2419 1992 2460 eas
2019 2404 2131 2474 igni
2162 2404 2328 2458 tradi.
2357 2403 2462 2469 Qui
2498 2419 2591 2460 eas
2632 2415 2813 2458 autem
2862 2403 3175 2469 admittunt,
3219 2404 3302 2458 vel
3354 2412 3477 2457 tan-

1898 2512 2061 2567 qnam
2092 2496 2237 2551 veris
2293 2495 2361 2550 iis
2405 2506 2640 2550 mentem
2694 2494 2991 2560 adhibent,
3056 2494 3479 2549 anathematiza-

1898 2604 2040 2644 mus.

1972 2679 2129 2750 133
2167 2680 2258 2735 75.
2296 2679 2405 2735 Eos
2432 2680 2525 2750 qui
2554 2678 2606 2734 in
2634 2680 2881 2735 ecclesiis
2914 2677 2981 2733 ad
3013 2678 3348 2748 psallendum
3381 2692 3475 2731 ac-

1897 2771 2117 2836 cedunt,
2154 2772 2409 2827 volumus
2461 2786 2561 2826 nec
2608 2770 2936 2825 inordinatis
2991 2766 3473 2823 vociferationibus

1898 2865 1999 2930 uti,
2041 2872 2096 2918 et
2126 2873 2377 2918 naturam
2410 2863 2477 2917 ad
2504 2864 2801 2917 clamorem
2850 2876 3082 2931 urgere;
3125 2875 3225 2915 nec
3269 2858 3476 2929 aliquid

1896 2967 2112 3016 eorum,
2146 2968 2269 3022 quae
2299 2952 2543 3007 ecclesia:
2580 2968 2684 3007 non
2721 2951 3075 3018 conveniunt,
3123 2960 3177 3005 et
3213 2964 3333 3019 apta
3367 2965 3473 3004 non

1905 3052 2052 3107 sunt,
2122 3044 2426 3109 asciscere;
2492 3043 2586 3097 sed
2642 3058 2764 3097 cum
2833 3057 3027 3111 magna
3077 3042 3375 3095 attentione
3425 3048 3479 3093 et

1903 3134 2323 3205 compunctione
2373 3134 2704 3203 psalmodias
2767 3135 2896 3197 Deo,
2953 3133 3049 3202 qui
3101 3139 3186 3187 est
3236 3132 3479 3186 occulto-

1901 3243 2020 3283 rum
2051 3228 2346 3298 inspector,
2372 3226 2587 3281 oﬁ‘erre.
2630 3225 2754 3278 Pios
2793 3225 2937 3279 enim
2980 3232 3036 3281 et
3080 3232 3300 3280 sanctos
3356 3223 3475 3278 fore

1902 3320 2043 3376 ﬁlios
2072 3320 2258 3384 Israel,
2294 3334 2511 3375 sacrum
2563 3317 2749 3373 docuit
2781 3318 3090 3373 oraculum.

1968 3413 2057 3470 8|.
2099 3413 2371 3479 Quoniam
2442 3412 2493 3465 in
2546 3410 2827 3465 nonnullis
2879 3409 3016 3465 locis
3078 3410 3369 3465 didicimus
3422 3410 3477 3464 in

1900 3508 2102 3579 hymno
2123 3521 2232 3576 quo
2263 3514 2343 3560 ter
2374 3513 2597 3559 sanctus
2622 3503 2860 3566 canitur,
2887 3511 3017 3567 etc.,
3043 3513 3100 3556 ut
3138 3518 3261 3573 pag.
3298 3501 3425 3555 M7.

2111 3609 2116 3613 ”
2166 3588 2396 3645 Concilii
2429 3587 2639 3641 Nicwni
2663 3587 2900 3652 secundi,
2935 3603 3103 3640 canon
3134 3588 3223 3642 M.

1972 3676 2095 3731 Non
2135 3686 2340 3745 oportet
2388 3676 2584 3746 absque
2639 3691 2891 3727 manuum
2922 3675 3258 3742 imposilione
3313 3674 3482 3745 legere

1900 3770 1956 3821 in
1982 3768 2386 3837 congregatione
2406 3782 2563 3836 super
2593 3767 2888 3818 umbonem.

1916 3888 1921 3893 ~
1973 3862 2058 3915 14.
2079 3860 2235 3927 Quod
2252 3861 2387 3913 ordo
2407 3858 2459 3912 in
2488 3858 2797 3913 sacerdotio
2821 3867 3095 3922 versatur,
3116 3866 3202 3913 est
3224 3859 3481 3913 omnibus

1900 3952 2256 4006 manifestum
2290 3972 2304 4007 :
2336 3959 2392 4006 et
2423 3948 2718 4006 sacerdotii
2751 3964 2978 4006 munera
3010 3964 3201 4006 exacte
3257 3965 3481 4006 servare

1900 4042 2011 4096 Deo
2039 4054 2249 4112 gratum
2284 4053 2388 4099 est.
2427 4045 2699 4110 Quoniam
2729 4060 2860 4113 ergo
2893 4045 3143 4098 videmus
3188 4044 3481 4098 nonnullos

1903 4163 1933 4202 a
1964 4149 2148 4218 pueris
2174 4148 2305 4203 cleri
2345 4159 2629 4204 tonsuram
2686 4149 3041 4219 accipientes,
3069 4149 3313 4202 nondum
3349 4163 3479 4203 vero

1901 4250 2121 4310 accepta
2151 4242 2394 4311 episcopi
2428 4256 2690 4296 manuum
2722 4242 3093 4311 impositione,
3152 4242 3205 4294 in
3252 4256 3482 4309 congre-

1899 4333 2118 4403 gatione
2181 4334 2234 4386 in
2281 4342 2540 4403 suggestu
2602 4333 2863 4403 legentes,
2895 4343 2945 4387 et
2998 4333 3051 4387 id
3076 4349 3183 4387 non
3218 4335 3483 4387 canonice

203 4427 273 4493 τῇ
308 4422 533 4486 συνάξει
563 4425 650 4476 ἐπ’
684 4426 955 4494 άμϐωνος,
989 4426 1357 4490 άκανονίστως
1385 4428 1543 4480 τοῦτο
1578 4429 1791 4481 ποιοῦν-

1912 4424 2183 4487 iacientes,
2213 4424 2318 4477 hoc
2348 4438 2376 4476 a
2402 4423 2657 4492 prmsenti
2694 4438 2904 4479 canone
2936 4422 3051 4479 ﬁeri
3102 4438 3213 4478 non
3255 4423 3482 4493 permit-

202 4532 331 4579 τας,
360 4516 733 4587 ἐπιτρέπομεν
768 4517 876 4570 ἀπὸ
914 4516 1008 4570 τοῦ
1053 4521 1320 4587 παρόντος
1353 4518 1511 4572 τοῦτο
1544 4520 1617 4590 μὴ
1653 4522 1798 4589 γίνε-

209 4605 369 4659 dear
436 4606 498 4658 τὸ
550 4607 683 4659 αὐτὸ
717 4607 775 4659 δὲ
825 4609 1189 4676 φυλάττεσθαι
1225 4612 1316 4664 καὶ
1374 4613 1468 4666 ἐπὶ
1522 4615 1794 4684 μοναχῶν.

219 4696 599 4765 ’Λναγνώστου
624 4699 681 4751 δὲ
710 4688 1071 4769 χειροθεσίαν,
1104 4702 1256 4757 άδειά
1285 4704 1433 4757 ἐστιν
1462 4706 1520 4758 ὲν
1555 4705 1685 4777 ίδίῳ
1703 4724 1800 4776 μο-

207 4792 490 4861 ναστηρίῳ
546 4792 640 4844 καὶ
700 4794 845 4864 μόνῳ
902 4794 1116 4865 ἑκάστῳ
1174 4797 1462 4867 ἡγουμένῳ
1508 4800 1707 4862 ποιεῖν,
1748 4799 1796 4849 εἰ

206 4882 357 4953 αὐτῷ
381 4883 462 4953 τῷ
493 4885 784 4954 ἡγουμένῳ
813 4886 1042 4957 ἐπετέθη
1070 4888 1381 4957 χειροθεσία
1408 4888 1538 4958 παρ’
1568 4890 1790 4943 ἐπισκό-

206 4992 332 5041 που,
366 4976 505 5047 πρὸς
539 4977 832 5047 προεδρίαν
863 4980 1189 5049 ἡγουμένου,
1224 4978 1468 5050 δηλονότι
1496 4980 1649 5046 ὄντος
1686 4983 1787 5035 αὑ-

278 5185 323 5217 "
353 5184 525 5243 Conc.
558 5187 734 5245 Afric.
765 5202 886 5258 cap.
919 5190 1007 5243 10.
1086 5190 1129 5222 ³⁸
1163 5188 1471 5245 Concilium
1503 5190 1675 5245 Ali-ie.
1714 5206 1764 5244 c.
1799 5190 1892 5246 70.

1902 4516 2065 4569 timus
2094 4533 2108 4567 :
2136 4515 2238 4568 hoc
2258 4514 2436 4583 ipsum
2471 4525 2654 4569 autem
2691 4516 2925 4570 etiamin
2952 4517 3220 4571 monacho
3246 4518 3476 4583 servari,

1898 4607 2145 4662 Lectoris
2202 4619 2382 4662 autem
2442 4623 2704 4662 manuum
2760 4608 3164 4677 impositionem
3227 4610 3352 4664 licet
3425 4613 3478 4664 In

1900 4700 2122 4769 proprio
2181 4700 2519 4755 monasterio
2573 4712 2783 4755 tantum
2818 4701 3115 4769 unicuique
3156 4703 3479 4758 monasterii

1898 4791 2151 4859 prml‘ecto
2208 4791 2405 4857 facere,
2473 4800 2527 4847 et
2572 4792 2673 4862 ipsi
2706 4793 2963 4863 praefecto
3021 4794 3227 4850 scilicet
3265 4795 3334 4849 ab
3371 4782 3489 4864 cpi?

1900 4900 2067 4956 sc0po
2089 4902 2283 4940 manus
2304 4896 2388 4942 est
2417 4886 2670 4955 imposita
2696 4887 2762 4940 ad
2781 4887 3160 4956 prmfecturam
3189 4886 3476 4956 liegumeni

1901 4981 2033 5035 dum
2057 4979 2128 5035 sit
2160 4989 2214 5034 et
2244 4980 2358 5051 ipse
2398 4979 2704 5051 presbyter.
2731 4980 2995 5035 Similiter
3019 4990 3073 5035 et
3120 4994 3187 5032 ex
3250 4976 3479 5046 antiqua

1720 5364 1947 5420 ΝΟΤιΕ.

279 5479 393 5550 (πθ)
438 5476 505 5533 Εῑ
536 5478 849 5550 Εενιίιιῐιᾶιιε
884 5493 1005 5546 cap.
1040 5480 1100 5533 7i
1133 5520 1148 5541 ,
1205 5494 1474 5550 expiconc.
1529 5478 1786 5548 Carthag.

207 5548 297 5604 tit.
323 5549 426 5614 58;
456 5564 617 5603 conc.
648 5549 836 5603 Cartli.
867 5565 950 5616 ιιι,
980 5565 1101 5603 ean.
1139 5550 1227 5603 50.
1269 5548 1398 5604 Vide
1426 5551 1656 5619 August.
1692 5550 1786 5604 lib.

207 5634 325 5673 vin.
362 5619 438 5673 De
471 5620 618 5674 civit.
654 5634 776 5685 cap.
808 5619 897 5685 27,
938 5629 990 5673 et
1018 5620 1144 5672 alibi
1174 5621 1395 5686 passim.

277 5690 393 5759 (40)
413 5693 631 5749 (litatur
647 5689 717 5743 ab
737 5689 1053 5746 Innocentio
1070 5690 1157 5755 Ill,
1179 5692 1295 5747 lucu
1313 5699 1472 5746 antea
1496 5690 1785 5746 adnotato:

1901 5480 2028 5534 item
2061 5480 2127 5533 ab
2150 5488 2372 5533 auctore
2396 5478 2671 5547 Micrologi
2701 5493 2820 5545 can.
2844 5478 2895 5533 5.
2923 5476 3011 5530 ubi
3039 5476 3183 5547 [tunc
3207 5488 3471 5547 canonem

1900 5551 2136 5618 appellat
2187 5551 2477 5619 capitulum
2529 5543 2916 5619 duodenarum,
2973 5544 3099 5619 quia
3150 5546 3204 5598 in
3266 5543 3474 5598 Milevi-

1896 5616 2025 5674 taiio
2052 5637 2111 5683 ιι,
2141 5630 2201 5674 ιιι
2226 5616 2371 5674 nunc
2400 5628 2525 5673 sunt
2552 5634 2787 5672 canones
2808 5657 2821 5675 .
2855 5616 3211 5671 duodecimus
3245 5622 3347 5669 est.

1972 5692 2083 5761 (sil)
2118 5690 2219 5746 Ms.
2261 5710 2277 5743 ι
2314 5706 2439 5746 cum
2475 5687 2918 5759 prudentioribus
2958 5687 3159 5741 fuerint
3184 5686 3413 5741 collata.
3450 5704 3469 5737 ι
