3842 6224
399 216 507 281 595

1554 230 1818 291 PHOTII
1847 233 2353 296 PATRIARCH/E
2390 239 2497 299 ΗΡ.

3555 246 3651 310 5%

398 328 791 384 consuetudine
808 330 1226 404 chorepiscopos
1256 335 1493 408 episcopi
1519 339 1790 407 permissu
1814 356 1967 413 opor-

2081 344 2171 398 τοῦ
2227 348 2637 421 πρεσϐυτέρου·
2685 348 2949 414 ὡσαύτως
2994 350 3089 411 καὶ
3135 350 3281 407 κατά
3330 351 3396 403 τδ
3434 352 3653 423 ἀρχαῖον

399 428 473 473 tet
497 420 735 478 lectores
769 422 1045 480 ordinare.

471 626 629 699 134
653 627 807 684 CAP.
840 627 926 684 Ill.
950 627 1195 696 ——Quod
1246 632 1303 689 in
1360 630 1595 695 Sabbato
1651 634 1753 703 (egi
1787 632 1974 688 debeat

400 717 745 790 Evangelium
769 738 891 789 cunt
918 720 1044 781 aliis
1069 722 1388 792 Scripturis,

750 895 976 950 Consilii
999 895 1290 952 Laodicem'
1319 914 1487 952 canon
1518 898 1603 953 l6.

468 985 554 1041 16.
585 984 653 1042 Ut
677 986 730 1041 in
769 988 1008 1042 Sabbato
1035 988 1390 1060 Evangelium
1418 1006 1543 1047 cum
1573 991 1698 1049 aliis
1726 991 1974 1065 Scriptu-

396 1076 475 1132 ris
509 1078 740 1145 legatur.

465 1168 623 1225 CAP.
660 1168 749 1228 IV.
778 1202 845 1213 -—
874 1170 949 1225 De
972 1188 1126 1228 sacra
1152 1173 1418 1231 oblatione
1448 1187 1497 1231 et
1521 1180 1904 1234 communione.

725 1352 1098 1423 Apostolorum
1130 1370 1356 1410 canones
1391 1355 1446 1422 5,
1470 1357 1523 1424 4,
1553 1356 1643 1411 51.

469 1442 525 1498 3.
560 1442 617 1497 Si
648 1443 775 1513 quis
803 1444 1119 1515 episcopus,
1140 1445 1224 1501 vel
1241 1447 1524 1517 presbyter
1539 1460 1740 1519 praeter
1755 1448 1972 1513 Domini

396 1548 466 1588 ne
507 1535 782 1589 sacriﬁcio
812 1535 1240 1601 ordinationem,
1272 1538 1378 1593 alia
1424 1541 1674 1609 quaedam
1706 1541 1774 1597 ad
1800 1543 1972 1601 altare

396 1627 659 1693 attulerit,
690 1627 794 1682 mel
828 1629 913 1683 vel
957 1628 1064 1696 lac,
1100 1629 1184 1683 vel
1238 1645 1339 1701 pro
1367 1630 1496 1686 vino
1553 1634 1787 1689 siceram
1814 1675 1831 1698 ,
1886 1635 1971 1691 vel

394 1718 667 1783 confecta,
703 1719 790 1774 vel
825 1734 976 1784 aves,
1013 1720 1097 1776 vel
1144 1720 1325 1791 aliqua
1356 1722 1637 1787 animalia,
1676 1724 1759 1780 vel
1810 1724 1968 1794 legu-

396 1811 548 1877 mina
599 1820 798 1883 praeter
842 1813 1245 1870 ordinationem
1279 1855 1297 1882 ,
1349 1814 1693 1887 deponatur,
1748 1828 1975 1887 praeter-

392 1920 556 1973 quam
588 1920 727 1960 nova
792 1906 1084 1977 legumina,
1144 1916 1389 1979 tempore
1470 1917 1779 1979 opportuno
1834 1909 1972 1979 (42).

391 1994 474 2052 Ne
520 1995 684 2055 liceat
757 2004 938 2055 autem
1008 1997 1213 2069 aliquid
1262 1999 1411 2056 aliud
1450 1999 1520 2056 ad
1556 2000 1728 2059 altare
1756 2000 1972 2067 offerre,

392 2105 558 2161 quam
610 2091 791 2147 olcum
841 2091 909 2147 ad
966 2092 1256 2161 luminare,
1290 2101 1346 2149 et
1388 2092 1675 2155 incensum
1729 2102 1974 2165 tempore

394 2191 597 2237 sanctae
627 2182 945 2239 oblationis.

466 2277 521 2331 4.
560 2275 753 2332 Omnis
784 2285 968 2331 autem
1006 2275 1148 2332 alius
1181 2275 1397 2336 fructus
1440 2278 1671 2337 domum
1699 2280 1970 2347 mittatur,

393 2366 650 2436 primitiae
673 2366 932 2437 episcopo
954 2375 1010 2421 et
1034 2367 1392 2440 presbyteris.
1422 2368 1645 2425 Clarum
1665 2380 1847 2427 autem
1865 2378 1970 2436 est,

391 2461 540 2532 quod
569 2461 866 2534 episcOpus
905 2470 962 2518 et
1005 2462 1310 2533 presbyteri
1343 2464 1592 2519 diaconis
1633 2471 1689 2519 et
1744 2464 1972 2533 reliquis

392 2554 749 2610 distribuunt.

459 2733 552 2788 3|.
606 2731 664 2786 Si
719 2732 844 2804 qnls
902 2731 1185 2805 presbyter
1249 2741 1607 2807 contempto,
1688 2747 1840 2804 εις..
1910 2749 1971 2795 ut

390 2840 513 2895 pag.
546 2823 671 2880 58⁸5.

779 2916 1008 2973 ϐοηεὶίὶί
1038 2917 1252 2974 Niccm’
1276 2936 1447 2975 canon
1484 2920 1572 2976 18.

2078 435 2200 500 ἔθος
2224 439 2353 502 τοὺς
2400 442 2851 511 χωρεπισκόπους
2882 443 3004 496 κατ’
3052 444 3357 516 ἐπιτροπὴν
3401 445 3499 499 τοῦ
3540 448 3651 502 ἐπι-

2079 531 2286 584 σκόπου
2312 530 2395 584 δεῖ
2425 532 2869 603 προχειρίζεσθαι
2894 534 3274 603 ἀναγνώστας.

2148 623 2402 677 ΚΕΦΑΛ.
2426 624 2502 679 Γ¹.
2532 653 2604 663 -
2630 624 2771 693 Περὶ
2796 626 2904 679 τοῦ
2930 624 3147 696 χρῆναι
3175 629 3329 684 κατὰ
3355 629 3650 686 Σάϐϐατόν

2076 712 2442 784 Εὺαηέλιον
2500 714 3021 785 ἀναγινώσκεσθαι
3046 719 3196 786 μετὰ
3242 719 3466 789 ἐτέρων
3504 724 3648 790 Γρα-

2077 818 2225 870 φων.

2351 895 2624 949 Συνόδου
2660 895 3010 961 Λαοδικείας
3045 897 3247 949 κανὼν
3278 904 3375 962 ις’.

2151 995 2247 1055 ις’.
2285 987 2424 1057 Περὶ
2448 986 2542 1041 τοῦ
2572 988 2632 1041 ἐν
2660 986 2923 1059 Σαϐϐάτῳ
2954 986 3260 1057 Εὑαγγέλια
3286 986 3429 1057 μετὰ
3454 988 3646 1061 ἑτέρων

2075 1080 2309 1153 Γραφῶν
2334 1078 2826 1148 ἀναγινώσκεσθαι.

2146 1172 2398 1229 ΚΕΦΔΛ.
2429 1170 2505 1229 Δ’.
2542 1202 2613 1215 -
2643 1171 2785 1241 Περὶ
2835 1168 2948 1245 τῆς
2995 1170 3171 1241 ἁγίας
3215 1170 3527 1243 ἀναφορᾶς
3557 1173 3645 1228 καί

2075 1266 2412 1332 κοινωνίας.

2415 1354 2795 1409 Ἀποστόλων
2818 1352 3021 1411 κανὼν
3056 1352 3129 1422 γ,
3157 1354 3222 1424 δ’,
3268 1353 3374 1410 λα’.

2144 1446 2217 1517 γ’.
2251 1447 2319 1501 Et
2363 1463 2446 1511 τις
2484 1447 2784 1511 ἐπίσκοπος
2830 1446 2866 1517 ἢ
2921 1445 3316 1518 πρεσϐύτερος,
3359 1447 3511 1518 παρὰ
3553 1446 3646 1517 τὴν

2073 1539 2169 1592 τοῦ
2198 1538 2405 1610 Κυρίου
2440 1538 2683 1605 διάταξιν
2729 1538 2829 1609 τὴν
2868 1540 2963 1595 ἐπὶ
3001 1541 3067 1610 τῇ
3095 1537 3273 1611 θυσίᾳ,
3310 1540 3645 1610 προσενέγκῃ

2076 1631 2241 1702 ἕτερά
2268 1647 2389 1683 τινα
2416 1629 2513 1684 ἐπὶ
2554 1629 2618 1682 τὸ
2650 1631 3054 1703 θυσιαστήριον,
3094 1631 3127 1700 ἢ
3178 1631 3327 1700 μέλι,
3363 1631 3399 1700 ἢ
3430 1630 3646 1700 γὰὶα,ἢ

2075 1722 2198 1775 ἀντὶ
2232 1721 2379 1775 οῐνου
2407 1720 2602 1790 σίκερα
2629 1721 2981 1791 ὲπιτηδευτὰ,
3011 1719 3046 1791 ἢ
3081 1720 3281 1790 ὄρνεις,
3305 1722 3338 1789 ἠ
3364 1719 3481 1783 ζ’ῶᾶ
3511 1737 3648 1783 τινα,

2074 1815 2110 1887 ἢ
2149 1815 2354 1886 ὄσπρια
2402 1815 2559 1884 παρά
2609 1814 2710 1885 τὴν
2758 1811 3022 1879 διάταξιν,
3054 1812 3471 1882 καθαιρείσθω·
3517 1812 3650 1883 πλὴν

2074 1910 2209 1961 νέων
2242 1907 2439 1979 χίδρων
2476 1906 2510 1978 ἢ
2560 1906 2867 1975 σταφυλῶν,
2898 1904 2979 1977 τῷ
3018 1905 3197 1976 καιρῷ
3222 1904 3303 1975 τῷ
3335 1904 3533 1959 δέοντι.
3565 1906 3652 1973 Μὴ

2073 2002 2195 2069 ἐξὸν
2221 2000 2279 2055 δὲ
2307 2000 2447 2054 ἔστω
2478 1998 2852 2070 προσάγεσθαι
2893 2016 2947 2053 τι
2978 1997 3168 2068 ἕτερον
3208 1996 3349 2068 πρὸς
3369 1996 3435 2050 τδ
3470 1996 3651 2050 θυσια-

2074 2094 2316 2165 στήριον,
2341 2091 2459 2146 ἀλλ’
2485 2093 2518 2161 ἢ
2557 2090 2739 2145 ἔλαιον
2768 2092 2849 2154 είς
2879 2092 2981 2161 τὴν
3007 2090 3254 2161 λυχνίαν,
3283 2092 3380 2144 καὶ
3406 2089 3653 2160 θυμίαμα

2072 2183 2150 2257 τῷ
2174 2182 2352 2255 καιρῷ
2378 2185 2477 2254 τῆς
2503 2180 2661 2249 ἁγίας
2686 2180 3023 2251 προσφορᾶς.

2142 2276 2207 2332 δ’.
2248 2277 2313 2329 Ἢ
2346 2275 2479 2345 ἄλλη
2519 2275 2670 2329 πᾶσα
2699 2271 2891 2344 ὀπώρα
2934 2274 3015 2335 είς
3038 2265 3188 2325 οἶκον
3231 2270 3653 2337 ἀποστελλέσθω

2071 2367 2403 2440 ἀπαρχὴτῷ
2438 2366 2727 2436 έπισκόπῳ
2767 2366 2861 2419 καὶ
2903 2365 3019 2426 τοῖς
3059 2363 3480 2433 πρεσϐυτέροις,
3524 2362 3652 2417 ἀλλὰ

2075 2462 2152 2535 μὴ
2180 2460 2319 2535 πρὸς
2348 2460 2410 2514 τὸ
2459 2457 2865 2529 θυσιαστήριον.
2897 2454 3068 2525 Δῆλον
3094 2455 3150 2509 δὲ
3180 2456 3259 2518 ὡς
3299 2457 3329 2508 ὁ
3354 2454 3650 2516 ἐπίσκοπος

2071 2555 2167 2609 καὶ
2193 2556 2244 2607 οἱ
2296 2549 2660 2623 πρεσϐύτεροι
2704 2545 3049 2618 έπιμεριοῦσι
3095 2548 3210 2612 τοῖς
3249 2544 3529 2609 διακόνοις
3561 2542 3651 2598 καὶ

2069 2647 2182 2707 τοῖς
2211 2644 2420 2709 λοιποῖς
2454 2640 2759 2712 κληρικςδίς.

2139 2733 2243 2793 λα’.
2279 2735 2347 2789 Et
2368 2751 2453 2799 τις
2486 2734 2856 2805 πρεσϐύτερος
2884 2730 3327 2803 καταφρονήσας,
3363 2745 3418 2783 κ.
3449 2744 3506 2783 τ.
3533 2727 3582 2781 λ.

2406 2931 2683 2989 Συνόδου
2710 2930 2961 2997 Νικαίας
2986 2928 3189 2984 κανὼν
3221 2934 3313 3000 ιη’.

462 3009 550 3065 18.
592 3009 846 3066 Pervenit
870 3010 935 3064 ad
964 3020 1209 3066 sanctam
1238 3014 1532 3083 synodum,
1559 3013 1706 3084 quod
1732 3014 1786 3069 in
1820 3029 1963 3071 non-

2144 3018 2446 3092 tn'.'H)tOsv
2475 3023 2556 3085 είς
2583 3022 2685 3092 τὴν
2714 3021 2879 3088 ἁγίαν
2900 3020 2996 3073 καὶ
3029 3019 3276 3089 μεγάλην
3304 3017 3544 3082 σύνοδον,
3570 3019 3645 3072 ὅτι

388 3103 557 3158 nullis
588 3103 724 3159 lacis
762 3111 818 3157 et
853 3103 1169 3159 civitatibus
1207 3104 1424 3159 diaconi
1465 3104 1598 3160 dant
1628 3107 1965 3180 presbyteris

386 3192 813 3257 Eucharistiam,
842 3194 989 3264 quod
1028 3209 1129 3250 nec
1175 3209 1351 3251 canon
1404 3211 1584 3266 neque
1624 3202 1969 3257 consuetudo

391 3286 632 3347 tradidit,
666 3294 728 3339 ut
753 3286 848 3355 qui
876 3285 1139 3341 oﬂ'erendi
1164 3293 1488 3355 potestatem
1511 3301 1621 3342 non
1652 3288 1874 3355 habent,
1899 3290 1968 3347 iis

388 3377 482 3447 qui
501 3376 658 3447 135
673 3375 933 3441 oderunt,
950 3376 1080 3431 dent
1094 3391 1293 3446 corpus
1306 3377 1531 3435 Christi.
1547 3376 1667 3436 Jam
1683 3396 1814 3436 vero
1835 3382 1966 3439 illud

391 3468 558 3523 etiam
608 3469 883 3537 cognitum
916 3481 1021 3533 est,
1055 3470 1198 3537 quod
1223 3468 1336 3539 jam
1367 3470 1588 3540 quidam
1621 3486 1690 3526 ex
1720 3472 1967 3530 diaconis

388 3560 554 3614 etiam
583 3570 712 3614 ante
736 3560 1023 3630 episcopos
1064 3558 1468 3616 Eucharistiam
1516 3562 1808 3632 attingunt.
1839 3563 1967 3619 llmc

389 3665 521 3721 ergo
550 3649 735 3704 omnia
770 3648 1120 3714 auferantur,
1144 3659 1198 3705 et
1226 3650 1443 3708 diaconi
1478 3651 1621 3708 intra
1649 3668 1781 3709 suas
1813 3669 1968 3710 men-

395 3757 556 3799 suras
614 3752 973 3811 permaneant
1016 3760 1030 3797 :
1067 3743 1304 3800 scientes
1371 3747 1519 3815 quod
1558 3754 1686 3800 sunt
1743 3747 1964 3816 quidem

389 3834 633 3906 episcopi
671 3834 934 3902 ministri,
966 3835 1302 3907 presbyteris
1341 3851 1473 3891 vero
1512 3836 1772 3893 minores.
1802 3837 1966 3893 Acci-

386 3928 544 3999 piant
578 3938 759 3983 autem
789 3943 892 3983 suo
919 3928 1113 3984 ordine
1141 3927 1544 3985 Eucharistiam
1575 3939 1700 3999 post
1736 3931 1964 4002 presby-

388 4030 555 4085 teros,
591 4020 671 4077 eis
709 4022 985 4090 praebente
1012 4021 1268 4092 episcopo
1294 4020 1381 4074 vel
1407 4019 1727 4092 presbytero
1751 4020 1825 4074 ³⁸.
1856 4019 1965 4075 Sed

388 4131 490 4171 nec
523 4116 576 4169 in
610 4113 793 4170 medio
844 4113 1066 4184 quidem
1097 4114 1539 4185 presbyterorum
1576 4114 1739 4169 liceat
1780 4114 1965 4169 diaco-

386 4206 473 4262 nis
496 4206 708 4262 sedere.
738 4205 797 4260 Id
827 4204 887 4261 ﬁt
912 4206 1058 4260 enim
1090 4215 1288 4275 praeter
1321 4220 1585 4261 canonem
1614 4215 1668 4263 et
1689 4206 1960 4262 ordinem.

386 4297 443 4351 Si
480 4297 606 4367 quis
652 4306 833 4351 autem
868 4312 979 4352 non
1009 4297 1126 4351 vult
1161 4296 1382 4354 obedire
1402 4306 1527 4369 post
1556 4297 1658 4355 has
1695 4300 1962 4355 constitu-

382 4387 589 4455 tiones,
614 4402 645 4442 a
676 4388 972 4444 diaconatu
1004 4387 1256 4444 desistat.

752 4568 982 4625 ϐοηθείίί
1008 4569 1287 4642 Ancyrani
1334 4587 1505 4626 canon
1539 4573 1593 4627 1.

454 4660 509 4714 1.
555 4660 935 4732 Presbyteros,
984 4662 1079 4732 qui
1113 4662 1517 4729 sacriﬁcarunt,
1547 4661 1742 4719 deinde
1773 4671 1965 4719 contra

382 4752 637 4809 reluctati
673 4764 825 4819 sunt,
859 4770 967 4809 non
999 4753 1374 4809 fraudulenter
1420 4766 1475 4808 et
1521 4754 1805 4819 insidiose,
1870 4754 1965 4809 sed

380 4855 530 4907 vere,
572 4857 671 4897 nec
712 4843 818 4899 hoc
844 4845 999 4913 prius
1038 4843 1335 4898 machinati
1364 4851 1512 4909 sunt,
1547 4858 1648 4898 nec
1710 4844 1965 4899 consulto

378 4947 453 4987 ac
479 4934 548 4988 de
588 4934 857 4991 industria
912 4935 966 4990 id
1023 4934 1291 4998 fecerunt,
1317 4946 1373 4989 et
1426 4943 1839 5005 persuaserunt,
1908 4945 1967 4991 ut

382 5026 673 5082 tormentis
699 5027 900 5097 subjici
932 5028 1269 5093 viderentur,
1305 5043 1429 5082 cum
1451 5042 1515 5082 ea
1545 5027 1725 5096 specie
1758 5038 1811 5081 et
1845 5029 1962 5098 opi-

382 5114 548 5169 nione
579 5123 787 5169 tantum
818 5116 1151 5172 inferrentur
1188 5136 1201 5172 :
1235 5118 1411 5173 visum
1446 5126 1531 5172 est
1560 5133 1656 5173 eos
1692 5118 1966 5173 cathedrae

384 5207 608 5277 quidam
640 5209 868 5264 honoris
902 5225 1025 5265 esse
1055 5210 1368 5280 participes,
1407 5227 1514 5264 non
1565 5211 1730 5265 licere
1781 5219 1962 5264 autem

459 5341 509 5373 ³³
529 5342 701 5399 Laod.
734 5344 842 5411 20;
879 5343 1090 5401 Valent.
1126 5344 1229 5412 58;
1263 5347 1442 5402 Gelas.
1470 5348 1523 5401 ’7.

2069 3114 2127 3169 έν
2162 3131 2273 3167 τισι
2292 3114 2477 3177 τόποις
2500 3112 2597 3167 καὶ
2624 3112 2812 3165 πόλεσι
2844 3113 2955 3173 τοῖς
2980 3108 3377 3182 πρεσϐυτέροις
3421 3109 3521 3179 τὴν
3549 3108 3645 3163 Εὑ-

2068 3202 2356 3275 χαριστίαν
2387 3202 2437 3256 οἱ
2489 3201 2727 3255 διάκονοι
2778 3199 3035 3265 διδόασιν,
3068 3199 3208 3266 ὅπερ
3238 3196 3363 3251 οὔτε
3399 3200 3429 3251 ὁ
3470 3198 3645 3251 κανὼν

2068 3292 2195 3347 οὔτε
2228 3294 2262 3365 ἡ
2317 3291 2581 3363 συνήθεια
2605 3290 2914 3363 παρέδωκε,
2942 3289 3072 3353 τοὺς
3114 3289 3369 3353 ἐξουσίαν
3400 3288 3477 3359 μὴ
3506 3288 3643 3359 ἔχον-

2065 3402 2167 3449 τας
2194 3382 2549 3454 προσφέρειν,
2582 3384 2698 3445 τοῖς
2740 3380 3111 3451 προσφέρουσι
3152 3379 3355 3434 διδόναι
3393 3381 3453 3432 τὸ
3494 3380 3642 3447 σῶμα

2066 3476 2160 3529 τοῦ
2212 3473 2482 3547 Χριστοῦ·
2519 3473 2741 3526 κάκεῖνο
2780 3472 2835 3525 δὲ
2868 3470 3195 3542 ἐγνωρίσθη,
3231 3472 3316 3525 ὅτι
3362 3470 3465 3540 ἥδη
3509 3470 3644 3530 τινες

2066 3567 2174 3622 τῶν
2203 3566 2466 3620 διακόνων
2499 3563 2595 3617 καὶ
2631 3562 2741 3633 πρὸ
2779 3563 2889 3614 τῶν
2921 3562 3237 3615 ἐπισκόπων
3285 3560 3390 3631 τῆς
3426 3561 3641 3629 εὐχαρι-

2069 3658 2220 3721 στίας
2250 3655 2533 3710 ἆπτονται.
2563 3653 2751 3708 Ταῦτα
2778 3651 2872 3707 οὖν
2907 3653 3088 3706 πάντα
3128 3651 3525 3723 περιηρήσθω,
3554 3650 3641 3702 καὶ

2067 3746 2454 3817 έμμενέτωσαν
2479 3745 2529 3797 οἱ
2560 3743 2796 3797 διάκονοι
2832 3744 2945 3806 τοῖς
2979 3743 3127 3806 ἰδίοις
3177 3742 3419 3812 μέτροις,
3450 3742 3641 3803 εἰδότες

2064 3840 2148 3895 ὃτι
2172 3838 2265 3892 τοῦ
2296 3837 2397 3908 μὲν
2425 3836 2724 3890 ἐπισκόπου
2748 3836 3019 3908 ὑπηρέται
3041 3836 3168 3901 εἰσὶ,
3198 3835 3308 3887 τῶν
3327 3834 3389 3887 δὲ
3412 3832 3640 3905 πρεσϐυ-

2063 3931 2238 4000 τέρων
2271 3929 2523 3993 ἐλάττους
2555 3928 2886 3998 τυγχάνουσι
2911 3945 2925 3960 ι
2954 3927 3385 3995 λαμϐανέτωσαν
3422 3925 3479 3979 δὲ
3505 3925 3638 3979 κατᾶ

2063 4022 2163 4094 τὴν
2197 4021 2350 4087 τάξιν
2374 4020 2473 4093 τὴν
2500 4020 2866 4091 Εὐχαριστίαν
2903 4018 3042 4089 μετὰ
3062 4018 3189 4081 τοὺς
3215 4017 3635 4088 πρεσϐυτέρους.

2069 4113 2238 4167 Ἀλλά
2295 4113 2432 4185 μηδὲ
2482 4112 2755 4182 καθῆσθαι
2810 4112 2869 4163 έν
2920 4112 3069 4181 μέσῳ
3096 4110 3209 4164 τῶν
3258 4109 3638 4180 πρεσϐυτέρων

2062 4204 2266 4269 ἐξέστω
2304 4209 2417 4268 τοῖς
2455 4203 2757 4265 διακόνοις·
2803 4201 2957 4272 παρὰ
2998 4201 3198 4256 κανόνα
3225 4200 3334 4270 γὰρ
3377 4200 3469 4253 καὶ⁵
3498 4199 3641 4265 παρὰ

2062 4295 2216 4360 τάξιν
2247 4296 2365 4349 ἐστὶ
2390 4294 2452 4349 τὸ
2488 4295 2794 4364 γινόμενον.
2831 4295 2895 4347 Εἰ
2930 4294 2990 4346 δέ
3042 4309 3127 4358 τις
3175 4291 3251 4363 μὴ
3302 4290 3448 4344 θέλει
3495 4290 3644 4343 πειθ-

1992 4373 2037 4428 Ῐ)
2066 4389 2252 4458 αρχείν
2284 4387 2378 4440 καὶ
2412 4387 2553 4457 μετά
2588 4385 2810 4449 τούτους
2843 4387 2971 4449 τοὺς
2998 4385 3178 4457 ὅρους,
3208 4382 3517 4437 πεπαύσθω
3546 4381 3640 4452 τῆς

2064 4478 2361 4543 διακονίας.

2392 4571 2664 4627 Συνόδου
2704 4571 2996 4641 Ἀγκύρας
3024 4568 3228 4626 κανὼν
3257 4575 3330 4623 α’.

2134 4675 2202 4722 α’.
2233 4664 2646 4739 Πρεσϐυτέρους
2675 4664 2804 4727 τοὺς
2845 4661 3232 4725 έπιθύσαντας,
3278 4657 3402 4714 εἶτα
3434 4660 3641 4714 ἀναπα-

2063 4760 2379 4823 λαίσαντας,
2412 4758 2551 4828 μήτε
2577 4759 2644 4809 ὲκ
2685 4755 2908 4826 μεθόδου
2937 4755 3081 4817 τινὸς
3117 4753 3232 4805 ἀλλ’
3273 4752 3334 4820 ἐξ
3369 4751 3641 4822 ἀληθείας,

2066 4850 2205 4921 μήτε
2249 4845 2877 4920 προκατασκευάσαντας
2921 4844 3016 4896 καὶ
3058 4841 3523 4913 ἐπιτηδεύσαντα-ς
3551 4840 3641 4893 καὶ

2062 4944 2381 5005 πείσαντας,
2410 4940 2497 4993 ἵνα
2542 4938 2738 5003 δόξωσι
2784 4937 2883 5009 μὲν
2925 4935 3187 5007 βασάνοις⁸
3221 4934 3639 4995 ὕποϐἁλλεσθαι,

2060 5034 2265 5098 ταύτας
2294 5034 2352 5086 δὲ
2377 5032 2454 5103 τῷ
2480 5032 2659 5085 δοκεῖν
2702 5032 2798 5085 καὶ
2834 5028 2910 5099 τῷ
2958 5030 3197 5099 σχήματι
3240 5026 3638 5098 προσαχθῆναι,

2062 5126 2287 5189 τούτους
2315 5124 2461 5190 ἔδοξε
2483 5128 2580 5195 τῆς
2622 5124 2721 5195 μὲν
2754 5123 2917 5193 τιμῆς
2944 5123 3043 5193 τῆς
3077 5120 3217 5175 κατὰ
3246 5122 3350 5192 τὴν
3379 5120 3638 5187 καθέδραν

2066 5218 2315 5288 μετέχειν
2342 5235 2355 5247 ·
2409 5216 2743 5287 προσφέρειν
2787 5216 2844 5270 δὲ
2884 5216 3085 5278 αὐτοὺς
3120 5214 3155 5285 ἢ
3207 5212 3478 5284 ὁμιλεῖνῆ
3510 5210 3639 5273 ὅλως

1898 5527 2131 5584 NOTAE.

463 5640 573 5717 ΗΞ]
601 5645 849 5703 chtiani
890 5652 1165 5719 exemplar
1196 5666 1300 5706 non
1333 5648 1521 5703 habuit
1551 5647 1585 5717 ἧ
1627 5648 1921 5718 ςταφυλῆς,
1958 5648 1967 5702 i

2081 5657 2137 5715 it,
2172 5663 2347 5702 uvam.
