3842 6224
206 215 307 279 597

1014 218 1419 279 SYNTAGMA
1451 216 1793 279 CANONUR

1915 242 1953 252 -
1981 220 2134 282 TIT.
2171 222 2291 283 III.
2340 226 2498 288 CAP.
2538 228 2654 304 III,
2692 231 2793 294 IV.

3341 222 3466 296 ’598

209 327 542 397 λειτουργεῖν
583 342 639 381 τι
669 327 779 380 τῶν
828 327 1121 399 ίερατικῶν
1171 329 1541 400 λειτουργιῶν,
1592 328 1666 400 μὴ
1698 326 1788 392 ἑξ-

1917 333 2032 401 psis
2060 332 2280 402 oﬂ‘erre,
2314 351 2410 393 seu
2435 330 2745 396 sermonem
2782 340 3054 409 conferre,
3106 341 3190 397 vel
3244 357 3469 399 omnino

208 421 369 475 εῖναι.

432 516 699 571 Συνόὸου
726 518 1195 587 Νεοκαισορείας
1220 519 1423 574 κανὼν
1455 526 1547 588 ιγ’.

281 607 372 677 ιγ’.
414 607 727 680 Ἐπιχώριοι
764 610 1151 683 πρεσϐύτεροι,
1172 629 1228 664 κ.
1263 630 1315 665 τ.
1346 612 1399 666 λ.

420 701 691 756 Συνόδου
729 701 1084 770 Λαοδικείας
1109 703 1309 759 κανὼν
1340 704 1427 769 ιθ’,
1467 704 1574 774 μθ⁷.

278 790 365 846 ιθ⁰.
402 792 538 861 Περὶ
592 791 688 846 τοῦ
738 792 850 848 δεῖν
889 793 997 864 ίδίᾳ
1052 792 1270 865 πρῶτον
1325 796 1467 865 μετὰ
1516 792 1619 858 τὰς
1667 795 1790 867 ὁμι-

209 880 349 943 λίας,
377 899 432 934 κ.
460 898 512 935 τ.
544 881 596 936 λ.

279 971 385 1042 μ.θῖ
420 974 545 1027 Ὅτι
575 973 637 1027 οὐ
665 974 749 1028 δεῖ
784 975 843 1028 ἐν
865 977 931 1046 τῇ
953 976 1377 1049 Τεσσαρακοστῇ
1406 978 1572 1050 ἄρτον
1616 995 1788 1052 προσ-

212 1063 417 1132 φέρειν,
448 1064 498 1115 εί
528 1062 602 1134 μὴ
630 1063 689 1117 ἐν
719 1065 984 1135 Σαὸϐάτῳ
1013 1067 1109 1119 καὶ
1138 1067 1392 1140 κυριακῇ
1426 1069 1611 1138 μόνον.

307 1152 583 1207 Συνόδου
612 1155 1038 1225 Καρθατέγνης
1059 1156 1262 1210 κανὼν
1285 1156 1385 1223 λζ’,
1425 1164 1535 1227 μα’,
1571 1158 1681 1230 μζν.

278 1244 415 1314 Περὶ
444 1247 552 1302 τοῦ
563 1248 650 1317 μὴ
680 1247 903 1312 ἐξεῖναι
933 1250 1255 1317 περαιτέρω
1272 1249 1456 1318 ἄρτου
1483 1251 1583 1305 καὶ
1618 1251 1790 1307 οἶνου

210 1338 374 1393 ὕδατι
391 1341 781 1411 μεμιγμένου,
805 1342 864 1395 τί
887 1354 1034 1395 ποτε
1056 1340 1126 1395 ἐν
1158 1339 1283 1408 τοῖς
1302 1341 1494 1412 ἁγίοις
1522 1343 1790 1412 προσφέ-

201 1448 349 1499 pur.

274 1525 369 1588 λζ’.
400 1525 521 1579 Ἵνα
559 1526 618 1579 ὲν
640 1526 754 1589 τοῖς
793 1525 970 1592 ἁγίοις
1004 1525 1171 1597 μηδὲν
1201 1524 1365 1579 πλέον
1410 1523 1502 1579 τοῦ
1540 1525 1791 1595 σώματος

209 1618 299 1670 καὶ
326 1615 417 1669 τοῦ
446 1617 681 1686 αἵματος
708 1617 803 1671 τοῦ
830 1617 1063 1688 Κυρίου,
1089 1618 1239 1682 ξένον
1269 1616 1681 1688 προσενεχθείη,
1713 1616 1790 1680 ὠς

211 1709 299 1761 καὶ
326 1709 490 1771 αὐτὸς
519 1711 547 1761 ὁ
574 1708 778 1781 Κύριος
821 1709 1105 1781 παρέδωκε
1124 1723 1139 1739 ·
1172 1711 1394 1782 ἀπαρχὴ
1430 1709 1487 1762 δὲ
1522 1710 1634 1762 εἴτε
1662 1708 1786 1779 μέλι

1895 426 2241 482 sacerdotale
2277 429 2503 500 aliquod
2530 444 2730 489 munus
2766 435 2944 492 obire.

2165 518 2395 575 Concilii
2415 522 2870 582 Neoctesareensis
2901 544 3071 582 canon
3099 528 3187 583 l5.

1961 611 2051 666 i5.
2086 610 2280 667 Vicani
2305 618 2845 688 autem‘presbyteri,
2878 630 3007 683 etc.,
3038 630 3095 674 ut
3122 635 3244 691 pag.
3275 620 3402 678 55!.

2163 701 2389 757 Coucilii
2414 703 2702 761 Laodiceni
2725 724 2951 763 canones
2984 709 3071 776 19,
3105 711 3195 765 49.

1962 793 2049 850 19.
2085 794 2350 865 Oportere
2379 812 2627 852 seorsum
2663 799 2902 868 primum
2941 811 3064 871 post
3085 804 3469 872 episcoporum

1888 901 2191 951 sermones,
2224 895 2354 949 etc.,
2391 895 2450 941 ut
2480 904 2607 959 pag.
2637 890 2765 944 587.

1880 1002 1887 1009 κ
1960 976 2050 1033 49.
2087 977 2241 1044 Quod
2285 993 2397 1033 non
2440 987 2654 1049 oportet
2708 976 2761 1035 in
2808 981 3235 1055 Quadragesima
3275 1000 3471 1057 panem

1889 1068 2123 1133 offerre,
2157 1070 2263 1127 nisi
2295 1071 2542 1127 Sabbato
2574 1084 2627 1128 et
2668 1073 2803 1129 solis
2834 1074 3152 1131 Dominicis.

1917 1162 2077 1233 136
2118 1162 2343 1219 Concilii
2389 1162 2825 1235 Carthaginensis
2845 1182 3069 1220 canones
3095 1167 3183 1231 37,
3214 1167 3279 1221 41
3304 1210 3317 1231 ,
3348 1168 3439 1222 47.

1962 1254 2115 1320 Quod
2156 1262 2349 1323 prwter
2388 1271 2578 1327 panem
2617 1262 2668 1309 et
2699 1273 2899 1310 merum
2939 1257 3155 1312 mixtum
3180 1274 3317 1327 aqua
3342 1256 3474 1312 nihil

1886 1345 1945 1399 in
1982 1347 2328 1401 sacramentis
2375 1347 2557 1416 oﬂ'erri
2592 1346 2801 1403 debeat.

1963 1527 2053 1581 57.
2086 1525 2161 1582 Ut
2206 1526 2259 1581 in
2288 1528 2651 1584 sacramentis
2684 1528 2804 1561 ""7
2842 1528 3087 1598 corporis
3107 1538 3161 1583 et
3190 1525 3474 1597 sanguinis

1893 1618 2110 1674 Domini
2161 1619 2296 1674 nihil
2345 1620 2583 1688 amplius
2625 1618 2923 1686 oﬂeralur,
2954 1634 3119 1690 quam
3160 1619 3303 1689 quod
3358 1619 3476 1687 ipse

1892 1708 2158 1763 Dominus
2203 1709 2470 1777 tradidit,
2520 1712 2621 1765 hoc
2667 1718 2752 1764 est
2777 1709 2936 1780 panis
2979 1718 3035 1765 et
3092 1711 3280 1765 vinum
3333 1723 3475 1777 aqua

207 1801 310 1854 εῑτε
358 1800 522 1868 γάλα,
561 1801 638 1864 ὡς
685 1800 866 1865 εἴωθε,
910 1801 1309 1872 προσφερέσθω
1363 1804 1422 1855 ὲν
1460 1802 1561 1873 μιᾷ
1598 1799 1785 1873 ἡμέρᾳ

1915 1802 2137 1856 nistum.
2181 1801 2446 1857 Primitia:
2469 1818 2616 1869 vero,
2648 1818 2744 1859 seu
2774 1804 2881 1858 mel
2904 1811 2958 1857 et
2986 1803 3093 1868 lac,
3121 1814 3175 1857 et
3195 1802 3341 1873 quod
3366 1817 3476 1855 uno

207 1893 374 1963 ὲθίμῳ
399 1894 479 1955 είς
517 1891 577 1946 τὸ
618 1892 725 1946 τῶν
754 1892 965 1963 νηπίων
1002 1894 1320 1964 μυστήριον.
1362 1895 1426 1947 El
1465 1896 1654 1948 καὶτὰ
1683 1895 1785 1964 μά-

211 1984 355 2037 λιστα
387 1984 500 2055 γὰρ
522 1986 581 2038 ὲν
620 1984 990 2057 θυσιαστηρίῳ
1015 1987 1405 2058 προσφέρεται,
1439 1987 1589 2058 ὅμως
1613 1987 1785 2058 ἐχέτω

214 2076 342 2130 ἰδίαν
390 2076 602 2147 κυρίως
632 2076 903 2145 εὐλογίαν,
933 2078 1008 2139 ὡς
1050 2079 1114 2129 ἐκ
1151 2077 1247 2130 τοῦ
1301 2078 1646 2150 ἁγιάσματος
1685 2078 1783 2132 τοῦ

212 2170 486 2240 Κυριακοῦ
528 2169 783 2240 σώματος
820 2170 915 2224 καὶ
949 2170 1183 2241 αἵματος
1218 2170 1564 2224 διίστασθαι’
1611 2171 1782 2243 μηδὲν

210 2261 264 2315 δὲ
295 2260 451 2314 πλέον
481 2262 540 2314 ὲν
569 2264 690 2325 ταῖς
712 2263 989 2333 ἀπαρχαῖς
1022 2263 1442 2335 προσφερέσθω,
1467 2264 1501 2335 ἦ
1532 2264 1785 2335 ἁπὺεστα-

215 2352 387 2421 φυλῶν
430 2354 525 2407 καὶ
560 2353 732 2408 σίτου.

281 2446 412 2516 Περὶ
443 2446 550 2501 τοῦ
586 2447 707 2501 ἀπὸ
747 2446 1056 2516 νηστικῶν
1084 2446 1167 2516 τῷ
1205 2446 1328 2515 8εῷ
1376 2448 1789 2519 προσάγεσθαι

211 2541 437 2606 θυσίας.

281 2636 385 2698 μα’.
414 2631 584 2683 Ὥστε
612 2629 745 2698 ἅγια
773 2628 1253 2702 θυσιαστηρίου,εί
1279 2631 1354 2701 μὴ
1386 2631 1492 2685 ἀπὸ
1516 2633 1791 2703 νηστικῶν

213 2721 526 2791 ἀνθρώπιον,
569 2720 647 2794 μὴ
692 2721 1082 2786 ἐπιτελεῖσθαι,
1112 2721 1457 2795 ἐξῃρημένης
1490 2728 1619 2796 μιᾶς
1659 2727 1789 2794 ἐτη-

214 2814 329 2875 σίας
359 2814 579 2884 ήμέρας
608 2815 666 2866 έν
694 2806 728 2886 ᾖ
754 2813 816 2866 τὸ
846 2816 1124 2884 Κυριακδν
1162 2816 1377 2870 δεῖπνον
1415 2817 1745 2871 ἐπιτελεῖται
1772 2833 1786 2846 ·

218 2906 305 2959 ἐὰν
336 2906 390 2959 δέ
419 2923 590 2960 τινων
630 2906 771 2961 κατὰ
802 2906 891 2959 τὸν
936 2906 1163 2961 δειλινὸν
1211 2908 1401 2977 καιρὸν
1431 2910 1789 2981 τελευτησάν-

1886 1892 1975 1947 die
2009 1894 2416 1950 solemnissimo
2447 1895 2500 1949 in
2540 1894 2808 1949 infantum
2839 1894 3100 1965 mysterio
3123 1891 3274 1965 [mss.
3314 1893 3476 1947 mini-

1886 1985 2074 2057 sterio]
2092 1986 2231 2042 solet
2248 1985 2449 2053 oﬂ'erri,
2469 1988 2718 2057 quamvis
2735 1988 2789 2040 in
2806 1985 2963 2039 altari
2980 1982 3221 2056 [altario]
3240 1982 3477 2038 offeran-

1887 2086 1977 2132 tur
2016 2076 2061 2109 ³⁸
2090 2075 2110 2149 [
2137 2076 2211 2132 αι.
2245 2092 2355 2132 non
2396 2074 2761 2149 offerantur],
2798 2090 2955 2131 suam
2999 2079 3188 2130 tamen
3240 2074 3480 2130 habeant

1889 2171 2166 2241 propriam
2197 2169 2654 2233 benedictionem,
2675 2176 2735 2222 ut
2766 2183 2796 2222 a
2830 2174 3179 2223 sacramento
3208 2164 3479 2222 Dominici

1888 2263 2135 2330 corporis
2177 2269 2234 2317 et
2289 2260 2574 2331 sanguinis
2617 2260 3063 2330 distinguantur;
3105 2272 3207 2313 nec
3241 2255 3479 2327 amplius

1888 2354 1944 2409 in
1989 2353 2242 2423 primitiis
2289 2351 2567 2416 offeratur,
2599 2366 2765 2422 quam
2800 2352 2868 2407 de
2904 2350 3027 2405 uvis
3074 2359 3130 2406 et
3162 2349 3473 2405 frumentis.

1964 2445 2033 2501 Ut
2087 2462 2121 2499 a
2150 2445 2360 2515 jejunio
2393 2442 2501 2498 Deo
2536 2442 2809 2513 sacriﬁcia
2850 2442 3197 2498 celebrentur.

1960 2627 2051 2683 41.
2082 2625 2156 2681 Ut
2182 2630 2525 2681 sacramenta
2570 2621 2615 2652 ”
2672 2619 2865 2675 altaris
2900 2618 3122 2673 nonnisi
3195 2631 3227 2670 a
3252 2613 3481 2686 jejuniis

1890 2716 2212 2773 hominibus
2240 2714 2611 2779 celebrentur,
2646 2720 2877 2779 excepto
2908 2724 3018 2764 uno
3044 2708 3133 2763 die
3157 2709 3481 2761 anniversa-

1896 2813 2006 2879 rio,
2037 2825 2149 2882 quo
2182 2824 2340 2864 caena
2381 2806 2666 2861 Dominica
2698 2803 2867 2876 [ηιει.
2907 2817 3062 2858 coena
3097 2800 3354 2873 Domini]
3390 2814 3483 2855 oe-

1890 2906 2159 2960 lebratur.
2212 2899 2348 2955 Nam
2406 2898 2455 2954 si
2509 2898 2821 2968 aliquorum
2878 2896 3258 2967 pomeridiano
3308 2894 3478 2966 1m».

216 3016 336 3064 των,
374 3002 484 3055 εἴτε
539 2999 859 3053 ἐπισκόπων
901 2997 1012 3053 εἴτε
1061 2999 1170 3053 τῶν
1215 3000 1440 3063 λοιπῶν,
1486 3001 1790 3073 παράθεσις

1915 2990 2345 3063 ποιῐιειὶάίοιιο]
2377 2998 2621 3058 tempore
2667 2986 3050 3043 defunctorum
3074 3026 3089 3051 ,
3123 2988 3237 3040 sive
3266 2986 3483 3055 episco—

215 3094 451 3163 γένηται,
491 3093 689 3163 μόναις
739 3093 928 3163 εὐχαῖς
982 3092 1296 3164 ἐκτελεσθῇ,
1351 3095 1445 3148 ἐὰν
1476 3095 1528 3149 oi
1584 3096 1790 3167 ταύτην

216 3187 504 3252 ποιοῦντες,
537 3186 939 3258 ἀριστήσαντες
969 3183 1289 3258 εὑρεθῶσιν.

284 3367 417 3436 Περὶ
440 3364 825 3421 Δονατιστῶν
861 3363 1114 3418 παιδίων
1134 3361 1254 3417 τῶν
1280 3364 1440 3434 παρὰ
1461 3364 1586 3432 τοῖς*
1616 3368 1793 3422 Δονα-

216 3459 432 3527 τισταῖς
464 3457 944 3527 βαπτιζομένων.

286 3554 385 3625 μζ.
424 3556 668 3625 Ἤρεσεν
712 3552 799 3605 ἵνα
830 3552 1201 3622 ὲρωτήσωμεν
1232 3550 1359 3613 τοὺς
1399 3550 1662 3620 ἀδελφοὺς
1698 3552 1795 3607 καὶ

223 3649 472 3716 συνιερείς
504 3645 665 3717 ἡμῶν
694 3643 933 3714 Σιρίκιον
962 3643 1058 3696 καὶ
1087 3643 1502 3713 Σιμπλικιανὸν,
1532 3645 1662 3715 περὶ
1694 3646 1793 3716 μό-

220 3756 318 3792 νων
331 3740 435 3794 τῶν
451 3737 682 3792 παιδίων
692 3736 801 3789 τῶν
814 3753 888 3788 πα
896 3735 966 3803 ρὰ
976 3738 1087 3799 τοῖς
1098 3736 1445 3799 Δονατισταῖς
1462 3734 1793 3806 βαπτιζομέ-

223 3849 337 3897 νων,
369 3833 441 3903 μή
471 3848 593 3893 πως
614 3828 772 3883 τοῦτο
794 3828 932 3899 ὅπερ
965 3826 1142 3897 οἰκείᾳ
1181 3827 1437 3897 προθέσει
1478 3828 1579 3881 οὐκ
1606 3829 1793 3900 ἐποίη-

226 3939 332 3985 σαν,
362 3926 425 3993 τῇ
445 3922 502 3975 δὲ
528 3920 642 3975 τῶν
674 3920 876 3988 γονέων
913 3920 1092 3989 πλάνῃ
1128 3918 1395 3991 ἐμποδίσῃ
1422 3920 1623 3986 αὐτοῖς,
1658 3920 1793 3990 πρὸς

223 4013 279 4067 τὸ
309 4015 381 4085 μὴ
428 4012 761 4083 προκάπτειν
790 4011 870 4073 εἰς
925 4010 1225 4077 ὑπουργίαν
1269 4009 1362 4062 τοῦ
1400 4010 1556 4077 ἁγίου
1605 4011 1795 4065 θυσια-

228 4106 456 4177 στηρίου,
494 4106 627 4158 ὅταν
650 4104 788 4174 πρὸς
824 4102 923 4173 τὴν
947 4102 1040 4155 τοῦ
1082 4103 1217 4155 Θεοῦ
1257 4102 1585 4172 Ἐκκλησίαν
1616 4119 1795 4174 σωτη-

228 4198 396 4267 ριώδει
423 4197 684 4270 προθέσει
721 4196 1147 4265 ἐπιστρέψωσιν.

226 4292 481 4347 Συνόδου
519 4287 944 4386 οίκουμενικῇς
966 4288 1167 4386 ἐθέτηςῖ
1188 4287 1389 4341 κανὼν
1417 4294 1525 4355 κγ’,
1549 4294 1656 4359 κη’,
1691 4286 1791 4359 λβ’,

820 4364 917 4425 νζ’,
950 4365 1051 4428 νη’,
1084 4364 1185 4428 μοι’.

295 4460 390 4522 κγ’.
425 4455 562 4524 Περὶ
585 4453 678 4507 τοῦ
713 4453 916 4524 μηδένα
957 4450 1062 4504 τῶν
1091 4449 1200 4502 εἴτε
1231 4447 1568 4515 ἐπισκόπων,
1592 4448 1627 4518 ἢ
1670 4466 1802 4518 πρε-

233 4545 514 4617 σϐυτέρων,
550 4564 606 4602 κ.
636 4564 688 4600 τ.
715 4547 766 4599 λ.

294 4645 395 4710 κη’.
434 4639 655 4708 Ἐπειδὴ
694 4640 753 4692 ἐν
797 4636 1079 4708 διαφόροις
1124 4634 1442 4705 ἐκκλησίαις
1478 4633 1806 4705 μεμαθήκα-

234 4744 344 4796 μεν,
382 4730 657 4800 σταφυλῆς
696 4730 754 4783 ὲν
790 4727 872 4799 τῷ
907 4727 1279 4798 θυσιαστηρίῳ
1330 4725 1801 4797 προσφερομένης,

236 4820 365 4890 κατά
398 4835 451 4871 τι
497 4816 782 4890 κρατῆσαν
812 4815 953 4879 ἔθος,
1011 4816 1136 4879 τοὺς
1175 4814 1524 4884 λειτουργοὺς
1575 4810 1802 4880 ταὺτην,

235 4912 295 4980 τῇ
337 4910 657 4981 ἀναιμάκτῳ
701 4910 804 4980 τῆς
853 4909 1168 4980 προσφορᾶς
1202 4905 1363 4976 θυσίᾳ
1412 4905 1804 4966 συνάπτοντας,

238 5000 397 5065 οὕτως
427 5002 541 5072 ἅμα
567 5002 643 5074 τῷ
676 5002 793 5073 λαῷ
824 5002 1100 5072 διανέμειν
1134 4998 1421 5069 ἀμφότερα
1467 4996 1803 5063 συνείδομεν,

239 5091 368 5145 ὥστε
399 5095 594 5167 μηκέτι
628 5094 788 5148 τοῦτο
810 5093 935 5147 τινὰ
965 5095 1074 5146 τῶν
1124 5090 1438 5163 ἱερωμένων
1468 5089 1661 5149 ποιεῖν,
1691 5086 1806 5138 ἀλλ’

242 5186 314 5247 εἰς
368 5184 692 5258 ζωοποίησιν
741 5188 836 5241 καὶ
883 5184 1167 5257 ἁμαρτιῶν
1218 5182 1411 5251 ἄφεσιν
1443 5177 1522 5249 τῷ
1559 5176 1672 5247 λαῷ
1708 5177 1807 5248 τῆς

288 5305 395 5337 ³⁵³⁷
420 5304 769 5362 Conc.Afric.
792 5322 842 5363 c.
878 5307 931 5361 4.
1011 5306 1055 5337 ³⁸
1084 5302 1213 5360 Luc.
1241 5302 1520 5359 efferatur.
1594 5296 1643 5328 ⁸⁹
1673 5299 1845 5353 Lorne.
1878 5295 2048 5352 Alric.
2076 5310 2127 5352 c.
2159 5296 2221 5366 8;
2241 5295 2496 5365 Cartltag.
2530 5309 2612 5361 nt,
2636 5309 2756 5350 can.
2787 5292 2875 5348 29.

242 5388 359 5430 can.
392 5375 475 5430 Η.

1902 3101 2119 3158 porum,
2153 3084 2266 3139 sive
2298 3088 2618 3135 cancrorum
2652 3077 3055 3132 commendatio
3082 3075 3331 3130 facienda
3358 3083 3443 3128 est
3464 3114 3480 3137 ,

1900 3179 2035 3236 solis
2086 3175 2431 3232 orationibus
2492 3172 2625 3235 liat,
2679 3169 2725 3224 si
2774 3168 2853 3223 illi
2909 3168 3003 3239 qui
3063 3167 3314 3232 iaciunt,
3368 3168 3481 3237 jam

1898 3269 2086 3343 pransi
2116 3265 2476 3323 inveniuntur
2505 3262 2525 3335 [
2550 3261 2625 3315 al.
2662 3258 3072 3331 invenientur].

1956 3378 2406 3452 Deparvulia,qui
2430 3375 2568 3445 apud
2588 3371 2898 3428 Donatista:
2924 3370 3184 3440 baptizali
3201 3378 3323 3423 sunt
3346 3368 3478 3439 (45).

1971 3559 2060 3612 47.
2093 3556 2169 3609 De
2199 3551 2497 3608 Donatistis
2527 3546 2891 3621 placuith',
2911 3554 2971 3599 ut
3001 3547 3355 3601 consulamus
3375 3543 3483 3599 fra—

1899 3664 2012 3707 tres
2039 3659 2092 3704 et
2119 3645 2544 3702 consacerdotes
2578 3651 2796 3697 nostros
2833 3639 3092 3694 Siricium
3153 3648 3207 3693 et
3263 3637 3486 3707 Simpli-

1900 3746 2120 3800 cianum
2146 3741 2211 3794 de
2240 3738 2375 3794 solis
2406 3735 2734 3792 infantibus.
2766 3733 2863 3803 qui
2919 3732 3270 3799 baptizantur
3319 3747 3484 3801 penes

1899 3836 2119 3892 eosdem
2148 3851 2163 3886 :
2197 3848 2266 3886 ne
2297 3829 2443 3900 quod
2476 3842 2579 3883 suo
2622 3842 2734 3880 non
2768 3825 3017 3879 fecerunt
3064 3823 3297 3892 judicio,
3355 3839 3482 3877 eum

1901 3927 1967 3981 ad
1996 3922 2299 3979 Ecclesiam
2346 3918 2440 3973 Dei
2492 3916 2697 3971 salubri
2745 3913 3025 3984 proposito
3093 3912 3297 3968 fuerint
3357 3928 3478 3967 con-

1902 4014 2068 4080 versi,
2107 4020 2396 4081 parentum
2434 4007 2557 4060 illos
2599 4019 2754 4058 error
2797 4003 3078 4072 impediat,
3139 4017 3207 4057 ne
3255 4018 3481 4071 promo-

1900 4114 2134 4162 veantur
2160 4102 2300 4157 sacri
2326 4099 2517 4154 altaris
2549 4096 2811 4151 ministri.

1908 4282 2064 4352 137
2097 4276 2321 4335 Concilii
2348 4273 3069 4409 reciting;icég’eftgicanones
3109 4268 3200 4336 ‘25,
3253 4268 3346 4336 28,
3392 4270 3479 4336 52,

1973 4444 2067 4497 93.
2091 4440 2163 4495 Ut
2186 4439 2368 4494 nullus
2389 4437 2505 4492 sive
2529 4437 2844 4507 episcopus,
2876 4436 2989 4492 sive
3014 4438 3323 4506 presbvter,
3352 4449 3482 4502 etc.,

1900 4547 1960 4590 ut
1993 4552 2115 4605 pag.
2150 4534 2275 4587 515.

1971 4626 2065 4679 ‘28.
2105 4623 2374 4691 Quoniam
2426 4623 2483 4677 in
2541 4623 2771 4678 diversis
2812 4623 3067 4678 ecclesiis
3092 4623 3484 4688 intelleximus,

1907 4734 2009 4774 uva
2033 4719 2099 4772 ad
2126 4718 2299 4772 altare
2340 4717 2522 4783 allata,
2560 4731 2627 4770 ex
2656 4716 2896 4785 quadam
2923 4733 3046 4786 qua:
3075 4717 3307 4770 invaluit
3358 4732 3489 4772 con-

1910 4809 2544 4874 suetudine,.miuistms
2576 4809 2719 4863 hanc
2743 4811 3028 4864 incruento
3067 4809 3363 4864 oblationis
3394 4825 3485 4863 sa-

1908 4906 2120 4959 crilicio
2166 4902 2585 4973 conjungentes,
2617 4911 2845 4971 utraque
2873 4902 3037 4956 simul
3078 4902 3278 4972 papula
3306 4900 3489 4956 distri~

1912 4996 2075 5050 buere
2099 5013 2115 5049 :
2142 4992 2513 5056 decernimus,
2547 5001 2604 5044 ut
2627 4992 2811 5046 nullus
2841 4993 3101 5046 sacerdos
3130 4992 3234 5045 hoc
3255 4991 3489 5056 amplius

1911 5088 2077 5142 faciat
2106 5102 2122 5140 :
2158 5085 2253 5141 sed
2286 5086 2354 5140 ad
2383 5084 2809 5139 viviticationem
2837 5095 2892 5138 et
2921 5091 3270 5152 peccatorum
3294 5082 3489 5135 remis-

1912 5180 2120 5234 sionem
2182 5177 2355 5231 solam
2400 5175 2736 5230 oblationem
2772 5174 2973 5244 popqu
3007 5173 3284 5242 impertiat
3321 5191 3333 5225 :
3367 5182 3491 5227 tan-

2957 5293 3076 5324 ’δ’δ’
3106 5290 3279 5346 Cone.
3319 5291 3391 5345 Af
3391 5292 3485 5346 ric.

1760 5488 1993 5547 NOT/E.

319 5588 425 5656 (45)
442 5589 609 5642 lianc.
625 5588 1113 5659 Cartliag.ttt,cap.
1135 5588 1203 5643 48
1242 5585 1415 5657 Hujus
1435 5572 1664 5642 canonis
1681 5590 1809 5642 titu-

252 5654 335 5711 lus
360 5654 436 5715 sic
462 5660 652 5730 legitur
686 5659 739 5715 in
770 5654 1018 5730 Epitomc
1050 5654 1573 5716 canonum—Adriani
1603 5675 1751 5729 papae
1784 5674 1798 5712 :

1936 5607 1952 5636 ι
1987 5584 2052 5639 lit
2077 5586 2145 5639 ab
2177 5586 2477 5655 apostolica
2512 5582 2639 5641 sedc
2674 5560 3009 5655 inquiratur,
3041 5578 3086 5634 si
3107 5577 3320 5655 possint
3346 5576 3497 5655 ordi-

1924 5659 2063 5721 nari,
2095 5657 2187 5725 qui
2214 5649 2367 5727 apud
2391 5656 2677 5709 batt'eticos
2701 5649 3001 5705 iniiiifantia
3032 5660 3159 5703 sunt
3180 5649 3492 5719 baptismi»
