3912 6244
447 276 553 338 599

1599 280 1862 343 PHOTII
1896 284 2402 349 PATRIARCH/E
2431 292 2540 354 CP.
3569 308 3658 372 600

446 397 611 461 qu‘am
636 382 909 460 primitias
930 398 1111 447 autem
1138 406 1259 448 uvae
1278 391 1593 450 allationem
1615 395 2013 462 existimantes,

2119 406 2439 492 προσφορᾶς
2478 406 2648 477 μόνης
2679 409 3019 478 μεταδιδόναι
3044 428 3061 444 ο
3093 410 3171 477 ὡς
3218 415 3469 487 ἀπαρχὴν
3502 417 3554 472 δὲ
3578 424 3661 492 τῆν

446 482 756 537 sacerdhtes
800 497 919 537 eam
971 498 1222 539 seorsum
1251 484 1654 551 benedicentes,
1712 488 2020 556 petentibus

445 573 733 642 impertire
761 570 830 626 ad
856 571 1132 627 fructuum
1164 574 1369 630 datoris
1392 576 1692 645 gratiarum
1718 576 2015 645 actionem,

443 679 541 732 per
574 678 714 732 quos
748 677 979 732 corpora
1013 673 1199 718 nostra
1260 665 1448 719 divina
1506 665 1871 734 dispositione
1917 680 2019 721 au-

445 765 641 826 gentur
668 766 721 810 et
748 756 989 810 aluntur.
1040 754 1097 809 Si
1137 756 1261 826 quis
1311 766 1490 811 autem
1535 756 1770 811 clericus
1825 764 2021 825 praeter

446 845 561 900 haec
593 845 812 900 decreta
850 844 1066 912 fecerit,
1099 845 1421 915 deponatur.

512 1019 606 1075 52.
647 1020 921 1087 Quoniam
962 1022 1029 1077 ad
1064 1030 1314 1077 nostram
1355 1022 1728 1094 cognitionem
1770 1026 2019 1095 pervenit

442 1111 590 1183 qttod
626 1112 680 1165 in
712 1113 1097 1168 Armeniorum
1128 1114 1351 1183 regione
1390 1116 1577 1170 vinum
1610 1125 1822 1171 tantum
1850 1117 1904 1170 in
1929 1132 2017 1171 sa-

443 1218 536 1259 cra
572 1218 762 1259 mensa
793 1204 1050 1273 oﬁ‘erunt,
1092 1220 1291 1275 aquam
1330 1206 1408 1261 illi
1445 1221 1556 1262 non
1597 1208 1893 1264 miscentes
1922 1208 2017 1278 qui

444 1296 797 1352 incruentum
839 1297 1168 1353 sacriﬁcium
1207 1311 1497 1371 peragunt,
1532 1302 1865 1357 adducentes
1909 1301 2017 1356 Ec-

443 1389 626 1442 clesiae
658 1388 935 1442 doctorem
970 1389 1236 1445 Joannem
1266 1390 1752 1461 Chrysostomum,
1788 1392 1906 1449 haec
1935 1394 2018 1448 di—

443 1492 656 1535 centem
690 1480 745 1534 in
774 1482 1223 1551 interpretatione
1250 1482 1528 1555 Evangelii
1552 1487 1853 1541 secundum
1879 1487 2017 1543 Mat-

441 1573 642 1628 thaaum
683 1593 696 1629 :
741 1574 1137 1641 (Quamobrem
1166 1590 1275 1630 non
1298 1591 1495 1646 aquam
1540 1578 1676 1633 bibit
1704 1579 1863 1650 138
1891 1595 2014 1635 cum

442 1666 699 1732 surrexit,
753 1667 848 1721 sed
892 1667 1121 1720 vinum?
1173 1686 1192 1719 ι
1249 1667 1553 1737 improbam
1598 1685 1729 1725 sane
1783 1672 2014 1728 hmresin

445 1759 709 1816 radicitus
745 1760 1075 1830 exstirpatis.
1107 1759 1375 1826 Quoniam
1413 1762 1558 1815 enim
1586 1764 1836 1818 nonnulli
1873 1780 2015 1836 aqua
2044 1738 2090 1798 Β

447 1850 504 1904 in
552 1852 829 1922 mysteriis
871 1852 957 1906 usi
997 1860 1146 1916 sunt,
1182 1853 1477 1909 ostendens
1519 1853 1668 1925 quod
1705 1864 1761 1911 et
1799 1858 2018 1925 quando

444 1943 701 2013 mysteria
720 1943 961 2011 tradidit,
982 1952 1035 1998 et
1051 1944 1270 2014 quando
1294 1954 1586 2015 postquam
1606 1950 2014 2017 resurrexisset,

444 2035 655 2104 absque
693 2037 970 2107 mysteriis
996 2038 1168 2092 solam
1219 2054 1284 2094 ac
1318 2040 1520 2095 nudam
1565 2056 1811 2097 mensam
1850 2057 2019 2112 appo-

446 2126 577 2192 suit,
606 2143 739 2183 usus
767 2138 853 2183 est
878 2129 1027 2196 vino,
1054 2145 1119 2185 ex
1152 2132 1446 2199 genimine,
1480 2133 1678 2204 inquit,
1709 2136 1865 2197 vitis;
1890 2136 2017 2192 vitis

444 2230 626 2274 autem
657 2220 871 2285 vinum,
905 2237 1012 2276 non
1051 2236 1247 2292 aquam
1284 2234 1526 2293 generat.
1569 2227 1639 2281 Et
1675 2241 1740 2282 ex
1772 2242 1838 2282 eo
1864 2243 2019 2298 aquae

443 2313 498 2365 in
523 2325 683 2367 sacro
724 2312 997 2369 sacriﬁcio
1038 2314 1446 2384 adjunctiouem
1482 2318 1759 2374 doctorem
1790 2323 2013 2376 subver-

443 2412 558 2458 tere
588 2404 906 2459 existimant
939 2421 954 2458 :
989 2414 1049 2460 ut
1082 2420 1188 2461 non
1225 2407 1294 2461 ab
1329 2408 1435 2463 hoc
1463 2416 1705 2479 tempore
1746 2411 1799 2465 in
1830 2422 2017 2480 poste-

443 2509 565 2549 rum
598 2496 904 2565 ignorantia
933 2505 1242 2561 teneantur,
1274 2498 1451 2556 Patris
1478 2502 1806 2555 sententiam
1827 2504 2017 2557 ortho-

442 2588 584 2642 doxe
611 2589 910 2658 aperimus.
940 2591 1077 2645 Cum
1103 2590 1247 2645 enim
1274 2591 1544 2660 improba.
1581 2593 2016 2665 Hydroparasta-

444 2689 644 2748 tarum,
663 2682 766 2737 hoc
786 2692 889 2749 est,
908 2697 1100 2737 eorum
1125 2683 1218 2752 qui
1237 2699 1435 2753 aquam
1457 2684 1777 2752 offerebant,
1792 2688 2015 2757 antiqua

441 2780 585 2826 esset
625 2772 867 2838 haeresis,
899 2773 993 2842 qui
1034 2772 1154 2827 loco
1198 2773 1311 2827 vini
1357 2775 1475 2830 sola
1519 2789 1659 2844 aqua
1702 2775 1756 2829 in
1797 2777 2016 2845 proprio

442 2862 715 2917 sacriﬁcio
747 2863 830 2918 usi
861 2873 1025 2929 sunt;
1058 2863 1317 2920 refellens
1356 2866 1447 2919 hic
1477 2866 1560 2920 vir
1590 2865 1807 2921 divinus
1861 2868 2014 2922 dete-

441 2954 691 3011 stabilem
709 2956 981 3025 ejusmodi
1021 2958 1245 3012 haeresis
1273 2957 1597 3025 doctrinam,
1638 2966 1692 3013 et
1724 2961 2016 3016 ostendens

2122 491 2221 555 τῆς
2260 494 2541 565 σταφυλῆς
2565 497 2949 568 λογιζομένους
2979 503 3320 574 προσένεξιν,
3356 507 3531 572 ίδικῶς
3555 491 3662 573 τοῦς

2125 583 2289 653 ἱερεῖς
2328 586 2705 654 εὐλογοῦντας,
2736 593 2851 655 τοῖς
2884 593 3096 648 αἰτοῦσι
3124 595 3327 668 ταύτης
3359 600 3669 666 μεταδιδόναι

2122 674 2258 742 πρὸς
2289 677 2390 747 τὴν
2413 676 2507 731 τοῦ
2546 678 2776 751 δοτῆρος
2809 683 2920 735 τῶν
2959 685 3189 755 καρπῶν
3218 688 3575 757 εὐχαριστίαν,
3607 695 3665 747 δι’

2120 758 2197 818 ὧν
2225 766 2295 819 τὰ
2326 767 2556 837 σώματα
2602 770 2761 840 ἡμῶν
2795 773 2937 827 κατὰ
2975 774 3067 827 τὸν
3103 776 3249 830 θεῖον
3291 780 3433 847 ὅρον,
3461 782 3664 846 αῦξειτε

2121 857 2215 909 καὶ
2244 858 2588 928 ὲκτρέφεται.
2620 863 2689 915 Ei
2714 881 2799 928 τις
2822 864 2917 939 οῦν
2942 864 3202 936 κληρικδς
3242 870 3389 940 παρά
3424 870 3490 925 τὰ
3512 873 3667 928 διατε-

2119 949 2367 1018 ταγμένα
2392 954 2543 1023 ποιῇ,
2576 955 2967 1026 καθαιρείσθω.

2190 1045 2290 1114 λβ’.
2340 1047 2559 1123 Ἐπειδὴ
2591 1054 2672 1117 εἱς
2699 1054 2901 1122 γνῶσιν
2931 1057 3206 1129 ἡμετέραν
3235 1054 3419 1131 ἦλθεν,
3450 1060 3522 1124 ὡς
3546 1062 3666 1132 ὲντῇ

2133 1139 2434 1210 Ἀρμενίων
2482 1144 2637 1215 χώρᾳ
2684 1146 2826 1200 οῐνον
2881 1149 3041 1217 μόνον
3089 1154 3147 1204 ὲν
3175 1154 3239 1221 τῇ
3297 1154 3418 1224 ἱερᾷ
3450 1136 3667 1225 τραπέζῃ

2118 1232 2511 1301 προσάγουσιν,
2542 1234 2683 1308 ὕδωρ
2714 1237 2864 1309 αύτῷ
2896 1240 2970 1312 μὴ
3005 1241 3312 1311 μιγνύντες,
3342 1245 3392 1296 οἱ
3419 1242 3511 1311 τὴν
3536 1246 3669 1301 ἀναί-

2121 1341 2329 1394 μακτον
2361 1326 2552 1380 θυσίαν
2590 1330 2991 1396 ἐπιτελοῦντες,
3037 1334 3418 1404 προτιθέμενοι
3462 1336 3548 1388 τὸν
3587 1336 3671 1406 τῆς

2132 1418 2456 1490 Ἐκκλησὶας
2482 1421 2801 1478 διδάσκαλον
2853 1424 3108 1495 Ἰωάννην
3165 1425 3255 1480 τὸν
3283 1427 3669 1497 Χρυσρστομον,

2118 1510 2395 1581 φάσκοντα
2420 1513 2507 1569 διὰ
2533 1515 2635 1584 τῆς
2668 1518 2749 1580 εἱς
2777 1516 2839 1570 τὸ
2878 1516 3019 1571 κατὰ
3048 1518 3322 1573 Ματθαῖον
3370 1518 3671 1588 Εὐαγγέλιον

2117 1606 2416 1676 ἑρμηνείας
2445 1607 2653 1662 ταῦτα’
2691 1627 2711 1660 ‹
2767 1610 2928 1674 Τίνος
2980 1610 3167 1664 ἕνεκεν
3217 1612 3315 1681 οὐχ
3358 1610 3499 1682 ὕδωρ
3543 1611 3671 1664 ἔπιεν

2119 1696 2381 1761 ἀναστὰς,
2418 1698 2534 1751 ἀλλ’
2562 1695 2740 1765 οϊνονς
2785 1701 2951 1771 ἄλλην
2980 1700 3195 1772 αἵρεσιν
3237 1702 3482 1773 πονηρὰν
3527 1703 3671 1773 πρόρο

2121 1788 2269 1858 ῥιζον
2295 1789 2586 1843 άνασπῶνο
2627 1791 2815 1861 ἐπειδὴ
2855 1792 2965 1862 γάρ
3001 1794 3145 1857 τινές
3185 1795 3323 1847 εἰσιν
3350 1796 3411 1847 ὲν
3447 1797 3551 1860 τοῖς
3582 1812 3669 1862 μυ.

2120 1882 2364 1954 στηρίοις
2397 1883 2552 1937 ῦδατι
2575 1884 2929 1956 κεχρημένοι,
2968 1886 3183 1949 δεικνὺς
3214 1888 3296 1940 ὅτι
3327 1886 3424 1940 καὶ
3447 1886 3594 1957 ἡνίκα
3615 1886 3671 1939 τά

2121 1976 2400 2045 μυστήρια
2452 1977 2772 2046 παρέδωκεν
2823 1975 2965 2033 οίνον
3019 1980 3346 2048 παρέδωκε⁹
3400 1982 3489 2032 καὶ
3532 1981 3671 2047 quin

2118 2067 2356 2130 ἀναστὰς
2386 2069 2556 2139 χωρὶς
2589 2070 2900 2141 μυστηρίων
2927 2071 3022 2123 καὶ
3046 2070 3205 2141 ψιλὴν
3238 2071 3516 2142 τράπεζαν
3551 2088 3671 2140 παρ-

2119 2157 2347 2222 ετίθετο,
2381 2159 2509 2229 οἴνῳ
2551 2161 2772 2231 ἐχρῆτο,
2798 2162 2863 2214 ἐκ
2901 2160 2994 2214 τοῦ
3021 2162 3387 2231 γεννήματος,
3420 2162 3565 2230 φησὶ,
3588 2160 3670 2229 τῆς

2116 2251 2365 2318 ἀμπέλου
2387 2267 2400 2281 ·
2437 2251 2681 2320 ἄμπελος
2701 2253 2758 2306 δὲ
2787 2249 2948 2319 οἶνον,
2976 2254 3072 2322 οὐχ
3100 2251 3267 2323 ὕδωρ,
3296 2253 3484 2323 γεννᾷ.
3530 2270 3547 2303 ι
3588 2249 3670 2304 Ἐκ

2116 2343 2309 2395 τούτου
2361 2343 2419 2397 δὲ
2450 2343 2543 2397 τὸν
2596 2345 2917 2400 διδάσκαλον
2961 2347 3166 2400 οἴονται
3221 2346 3548 2417 ἀνατρέπειν
3588 2342 3670 2412 τὴν

2116 2433 2213 2487 τοῦ
2242 2434 2431 2498 ὓδατος
2457 2436 2515 2490 ὲν
2541 2437 2607 2506 τῇ
2641 2436 2761 2506 ἱερᾷ
2795 2436 2956 2506 θυσίᾳ
2989 2435 3385 2506 προσαγωγὴν,
3420 2434 3493 2497 ὼς
3520 2434 3583 2486 ’ἂν
3607 2431 3669 2501 μὴ

2117 2527 2209 2580 καὶ
2238 2528 2348 2580 ἀπὸ
2376 2526 2471 2580 τοῦ
2502 2527 2598 2580 νῦν
2628 2527 2943 2597 κατέχοιντο
2972 2528 3039 2597 τῇ
3074 2526 3287 2597 ἀγνοίᾳ,
3322 2524 3426 2596 τὴν
3450 2522 3541 2577 τοῦ
3577 2521 3671 2574 Πα-

2115 2618 2243 2686 τρὸς
2288 2618 2526 2673 διάνοιαν
2574 2618 2870 2688 ὀρθοδόξως
2916 2618 3399 2687 άποκαλύπτομεν.
3446 2615 3551 2685 Τῆς
3580 2612 3671 2681 γάρ

2116 2711 2361 2780 πονηρᾶς
2412 2710 2524 2764 τῶν
2577 2710 3071 2781 ὑδροπαραστατῶν
3129 2709 3397 2780 αἱρέσεως
3464 2705 3671 2767 παλαιᾶς

2116 2802 2491 2873 ὑπαρχούσης,
2522 2803 2571 2856 οἳ
2600 2803 2721 2855 ἀντὶ
2763 2804 2906 2855 οἴνου
2946 2801 3090 2872 μόνῳ
3118 2800 3197 2870 τῷ
3244 2800 3399 2853 ῦδατι
3432 2800 3491 2851 ὲν
3518 2799 3578 2866 τῇ
3606 2797 3673 2847 οἱ·

2117 2892 2243 2964 κείᾳ
2277 2892 2437 2963 θυσίᾳ
2470 2893 2784 2963 κέχρηνται,
2818 2892 3204 2956 ἀνασκευάζων
3243 2892 3272 2943 ὁ
3313 2890 3566 2959 θεοφόρος
3598 2880 3673 2938 οὗ·

2116 3001 2205 3045 τος
2235 2983 2373 3054 ἀνὴρ
2400 2984 2502 3053 τὴν
2546 2984 2862 3053 παράνομον
2889 2984 2986 3052 τῆς
3023 2982 3279 3051 τοιαύτης
3327 2982 3584 3051 αἱρέσεως
3609 2978 3675 3030 δι-

440 3048 587 3116 quod
639 3048 844 3102 directe
883 3050 1201 3119 apostolicae
1244 3049 1524 3106 traditioni
1568 3051 1911 3118 adversatur,
1960 3053 2013 3108 id

2119 3048 2700 3145 δαχὴν,νκαὶ-δεικν-ὺς
2747 3048 2824 3136 ὧς
2878 3048 3125 3139 ἐναντίας
3176 3048 3274 3145 τῆς
3332 3048 3675 3137 ἀποστολικῆς

439 3140 588 3208 quod
624 3139 736 3210 jam
767 3141 973 3197 dictum
1015 3151 1100 3197 est
1141 3141 1447 3198 afﬁrmavit.
1490 3140 1626 3197 Nam
1671 3153 1725 3198 et
1752 3160 1865 3199 suae
1910 3147 2010 3200 Ec-

441 3229 645 3293 clesiae,
677 3231 770 3286 ubi
805 3245 888 3287 est
918 3232 995 3286 illi
1034 3234 1324 3302 pastoralis
1353 3235 1760 3291 administratio
1794 3238 2014 3302 tradita,

439 3334 637 3388 aquam
659 3321 786 3375 vino
806 3324 1138 3379 miscendam
1160 3325 1401 3383 tradidit.
1425 3327 1643 3395 quando
1668 3325 2014 3381 incruentum

437 3413 626 3481 peragi
654 3414 983 3469 sacriﬁcium
1009 3426 1244 3486 oportet,
1280 3432 1347 3471 ex
1378 3418 1621 3487 pretioso
1659 3417 1859 3474 Christi
1893 3436 2015 3475 nos-

441 3508 507 3557 tri
535 3505 918 3574 Redemptoris
944 3507 1109 3562 latere
1131 3523 1195 3562 ex
1224 3508 1491 3579 sanguine
1520 3521 1573 3564 et
1600 3525 1739 3579 aqua
1773 3522 2014 3567 contem-

439 3598 775 3668 perationem
821 3602 1137 3664 ostendens,
1173 3616 1294 3668 quae
1330 3602 1384 3655 in
1421 3602 1587 3658 totius
1618 3604 1807 3657 mundi
1838 3604 2013 3657 viviﬁ-

439 3691 712 3746 cationem
758 3690 929 3745 eﬂ‘usa
952 3702 1053 3755 est,
1087 3700 1141 3745 et
1185 3702 1531 3760 peccatorum
1564 3696 2010 3765 redemptionem,

438 3793 494 3837 et
546 3783 600 3836 in
648 3784 793 3837 omni
843 3785 1009 3838 etiam
1060 3783 1323 3851 Ecclesia,
1369 3786 1458 3840 ubi
1502 3788 1764 3856 spiritalia
1808 3790 2012 3845 lumina

437 3873 790 3940 refulserunt,
839 3874 930 3930 hic
977 3865 1130 3930 ordo
1158 3877 1420 3933 divinitus
1470 3879 1700 3934 traditus
1742 3891 2011 3936 servatur.

433 3964 577 4020 Nam
621 3975 677 4021 et
722 3966 958 4022 Jacobus
993 3967 1195 4024 Christi
1239 3969 1453 4024 Domini
1495 3973 1669 4028 nostri
1712 3974 2010 4029 secundum

436 4072 655 4114 carnem
679 4058 867 4125 frater,
889 4061 977 4115 cui
996 4058 1501 4134 Hierosolymitanae
1521 4065 1762 4121 ecclesiae
1781 4065 2012 4121 thronus

436 4155 675 4220 primum
737 4164 821 4209 est
872 4155 1111 4211 creditus
1166 4164 1222 4209 et
1283 4156 1519 4219 Basilius
1590 4156 2010 4214 Cmsariensium

432 4246 693 4300 Ecclesiae
727 4245 1193 4315 archiepiscopus,
1246 4247 1403 4315 cujus
1447 4247 1619 4315 gloria
1655 4263 1872 4302 omnem
1906 4258 2012 4303 ter-

432 4353 619 4391 rarum
663 4337 851 4391 orbem
898 4337 1159 4406 pervasit,
1208 4340 1438 4407 mystico
1482 4339 1641 4394 nobis
1686 4340 1740 4393 in
1792 4343 2009 4411 scriptis

2121 3168 2293 3221 ἵενται
2340 3168 2712 3238 παραδόσεως,
2751 3169 2842 3220 τὸν
2883 3168 3174 3238 είρημένον
3206 3165 3577 3221 κατεσκεύασε
3604 3162 3675 3215 λό-

2118 3277 2243 3330 γον·
2274 3263 2394 3313 ἐπεὶ
2410 3262 2505 3315 καὶ
2530 3265 2595 3333 τῇ
2623 3265 2742 3315 κατ’
2773 3262 2934 3316 αὑτὸν
2966 3261 3285 3332 Ἑκκλησίᾳ,
3314 3260 3447 3313 ἔνθα
3464 3260 3559 3329 τὴν
3580 3272 3677 3309 ποι-

2121 3350 2390 3421 μαντικὴν
2412 3351 2747 3423 ἐνεχειρίσθη
2768 3353 3084 3422 ἡγεμονίαν,
3114 3352 3255 3423 ὕδωρ
3281 3352 3415 3421 οἴνῳ
3448 3348 3675 3421 μιγνύναι

2119 3444 2458 3511 παρέδωκεν,
2497 3444 2657 3515 ἡνίκα
2686 3446 2784 3514 τὴν
2818 3445 3154 3515 ἀναίμακτον
3195 3444 3390 3497 θυσίαν
3437 3439 3679 3496 ἐπιτελεῖ-

2118 3536 2240 3588 σθαι
2265 3535 2496 3606 δεήσειε,
2530 3535 2628 3604 τὴν
2660 3538 2724 3588 ἐκ
2745 3537 2846 3605 τῆς
2874 3536 3061 3605 τιμίας
3094 3537 3336 3606 πλευρᾶς
3366 3534 3461 3587 τοῦ
3482 3536 3678 3601 Λυτρω-

2119 3626 2213 3681 τοῦ
2246 3627 2405 3695 ἡμῶν
2431 3626 2525 3679 καὶ
2553 3628 2809 3699 Σωτῆρος
2838 3627 3073 3697 Χριστοῦ
3096 3626 3192 3679 τοῦ
3224 3626 3363 3679 Θεοῦ
3396 3627 3453 3692 ἐξ
3474 3626 3676 3692 αἳματος

2119 3720 2213 3773 καὶ
2248 3718 2441 3783 ὓδατος
2477 3721 2676 3790 κρᾶσιν
2708 3720 3096 3789 παραδεικνὺς,
3128 3720 3252 3790 ἥτις
3316 3722 3401 3783 είς
3432 3714 3677 3782 ζωοποίη-

2118 3828 2204 3864 σιν
2234 3812 2435 3875 παντὸς
2459 3812 2555 3865 τοῦ
2594 3811 2803 3881 κόσμου
2834 3812 3082 3883 ἐξεχέθη,
3114 3812 3208 3865 καὶ
3243 3812 3531 3883 ἁμαρτιῶν
3553 3810 3673 3860 ἀπυ-

2116 3902 2419 3973 λύτρωσινο
2464 3904 2561 3958 καὶ
2606 3907 2749 3959 κατά
2778 3905 2956 3975 πάσης
2986 3906 3044 3959 δὲ
3092 3904 3444 3973 Ἐκκλησίας,
3488 3900 3605 3954 ἔνθα
3628 3898 3671 3950 oi

2115 3996 2486 4065 πνευματικοί
2509 3998 2798 4067 φωστῆρες
2835 3998 3165 4068 ἐξέλαμψαν,
3195 3999 3229 4068 ὴ
3252 3996 3530 4056 θεόσδοτος
3550 3991 3673 4058 αὕτη

2112 4085 2268 4151 τάξις
2297 4090 2506 4158 κρατεῖ.
2542 4090 2650 4141 Καὶ
2683 4090 2792 4158 γὰρ
2826 4090 2920 4142 καὶ
2965 4088 3240 4153 Ἰάκωϐος,
3274 4089 3302 4140 ὁ
3334 4088 3479 4141 κατὰ
3518 4087 3676 4155 σάρκα

2113 4177 2352 4246 Χριστοῦ
2376 4178 2513 4231 Θεοῦ
2540 4178 2697 4247 ἡμῶν
2729 4180 2976 4247 ἁδελφὸς,
3009 4180 3067 4243 ὃς
3105 4180 3205 4249 τῆς
3250 4173 3675 4249 Ἱεροσολυμιτῶν

2128 4268 2455 4338 Ἐκκλησίας
2510 4270 2723 4340 πρῶτος
2779 4271 2870 4324 τὸν
2927 4271 3116 4341 θρόνον
3164 4270 3544 4339 ὲνεπιστεύθη,
3591 4263 3674 4319 καὶ

2114 4361 2391 4426 Βασίλειος
2423 4365 2450 4416 ὁ
2494 4362 2596 4432 τῆς
2643 4364 2964 4435 Καισαρέων
3013 4364 3487 4435 ἀρχιεπίσκοπος·
3524 4353 3583 4413 οὗ
3624 4357 3675 4409 τὸ

435 4430 637 4483 tradito
668 4429 961 4493 sacriﬁcio,
988 4429 1063 4483 ita
1098 4431 1531 4485 consecrandum
1562 4431 1615 4485 in
1641 4431 1822 4486 divina
1846 4432 2007 4489 Missa

2119 4452 2271 4516 κλέος
2305 4456 2448 4507 κατὰ
2479 4457 2658 4509 πᾶσαν
2686 4456 2784 4528 τὴν
2810 4457 3133 4527 οἰκουμένην
3154 4457 3475 4527 διέδραμεν,
3502 4450 3679 4522 ἐγγρά-

430 4536 499 4576 ex
547 4535 686 4588 aqua
729 4529 783 4574 et
820 4520 947 4574 vino
974 4535 1186 4575 sacrum
1231 4520 1390 4590 139
1427 4521 1649 4576 calicem
1702 4522 2009 4579 ediderunt.

434 4613 503 4667 Et
546 4612 638 4680 qui
685 4612 1014 4682 Carthagine
1058 4621 1433 4667 convenerunt
1479 4615 1655 4669 sancti
1700 4613 1888 4672 Patres
1930 4618 2012 4673 his

434 4704 618 4758 verbis
649 4715 835 4772 aperte
867 4714 920 4759 et
945 4705 1171 4774 praecise
1196 4706 1528 4761 mentionem
1553 4706 1730 4761 fecere
1756 4707 1801 4739 ι’
1835 4727 1848 4762 :
1893 4727 1911 4760 ι
1946 4708 2013 4763 Ut

432 4798 485 4850 in
510 4796 714 4850 sanctis
738 4795 872 4849 nihil
904 4797 1023 4865 plus
1049 4812 1211 4866 quam
1237 4812 1438 4866 corpus
1461 4806 1514 4851 et
1536 4799 1760 4865 sanguis
1793 4798 2005 4853 Domini

431 4886 715 4951 offeratur,
752 4895 813 4941 ut
852 4888 967 4956 ipse
998 4886 1262 4941 Dominus
1295 4888 1539 4953 tradidit,
1578 4888 1681 4942 hoc
1715 4899 1819 4955 est,
1850 4892 2006 4959 panis

431 4991 487 5034 et
511 4980 697 5034 vinum
730 4995 870 5049 aqua
907 4980 1149 5037 mistum.
1182 4979 1238 5033 Si
1270 4981 1399 5049 quis
1433 4995 1563 5050 ergo
1601 4981 1889 5051 episcopus
1924 4985 2006 5038 vel

429 5075 713 5144 presbyter
762 5086 871 5126 non
933 5072 1234 5126 secundum
1300 5072 1556 5125 traditum
1612 5073 1681 5125 ab
1743 5076 2007 5143 apostolis

430 5167 676 5221 ordinem
709 5164 859 5230 facit,
903 5174 957 5219 et
987 5180 1184 5234 aquam
1225 5164 1356 5219 vino
1395 5165 1652 5231 miscens,
1691 5168 2004 5224 sicimma-

430 5260 667 5313 ouiatum
692 5258 854 5314 oﬁ‘ert
872 5257 1228 5321 sacriﬁcium,
1252 5258 1577 5327 deponatur,
1609 5272 1668 5314 ut
1689 5262 2003 5332 imperfecte

430 5352 753 5422 mysterium
777 5351 1096 5412 enuntians.
1114 5359 1166 5404 et
1181 5366 1301 5419 qua:
1319 5351 1512 5406 tradita
1530 5353 1960 5412 suntinnovans.
1976 5378 1994 5410 ι

2115 4561 2231 4611 φως
2254 4545 2353 4615 τὴν
2390 4548 2660 4619 μυστικὴν
2696 4551 2830 4620 ἡμῖν
2873 4549 3182 4619 ἱερουργίαν
3223 4547 3674 4619 παραδεδωκότες,

2111 4634 2255 4687 οῦτω
2278 4637 2517 4693 τελειοῦν
2545 4641 2603 4691 ἐν
2648 4642 2714 4711 τῇ
2757 4641 2876 4713 θείᾳ
2924 4642 3225 4712 ἱερουργίᾳ,
3272 4642 3331 4706 ἐξ
3374 4639 3562 4702 ὓδατος
3594 4635 3677 4688 καί

2112 4727 2254 4779 οἴνου
2278 4729 2339 4780 τὸ
2372 4730 2513 4799 ἱερὸν
2548 4734 2805 4802 ποτήριον
2837 4733 3167 4786 ὲκδεδώκασι
3193 4749 3207 4763 ·
3234 4734 3328 4786 καὶ
3371 4734 3421 4785 οἱ
3457 4734 3513 4785 έν
3544 4732 3678 4795 Καρ-

2110 4817 2346 4890 θαγέννῃ
2410 4823 2763 4893 συναχθέντες
2814 4826 2951 4879 ὅσιοι
3010 4826 3252 4896 Πατέρες
3309 4814 3457 4877 οῦτω
3515 4818 3675 4893 ῥητῶς

2111 4911 2556 4984 ἐπεμνήσθησαν,
2604 4917 2693 4971 ἵνα
2738 4919 2795 4971 ἐν
2834 4922 2945 4982 τοῖς
2977 4920 3152 4988 ἁγίοις
3190 4918 3361 4990 μηδὲν
3405 4917 3565 4970 πλέον
3590 4908 3674 4965 τοῦ

2117 5003 2370 5073 σώματος
2398 5008 2504 5073 (καί
2533 5008 2627 5061 τοῦ
2651 5010 2884 5081 αἵματος
2908 5011 3003 5065 τοῦ
3022 5012 3225 5083 Κυρίου
3254 5010 3403 5074 ξένον
3435 5020 3674 5079 προσενε-

2108 5092 2290 5162 χθείη.
2322 5095 2397 5158 ὡς
2425 5097 2517 5149 καὶ
2560 5101 2722 5163 αὐτὸς
2744 5103 2992 5172 όΚύριος
3015 5101 3389 5170 παραδέδωκε,
3417 5096 3674 5151 τουτέστιν

2110 5182 2277 5253 ἄρτου
2332 5187 2423 5239 καὶ
2452 5189 2595 5242 οἴνου
2627 5191 2777 5246 ὕδατι
2810 5194 3172 5263 μεμιγμένου.
3200 5194 3266 5245 Εἴ
3295 5209 3384 5254 τις
3420 5187 3513 5244 οὖν
3564 5186 3672 5240 ἐπί-

2123 5279 2380 5349 σκοποςῆ
2415 5284 2805 5356 πρεσϐύτερος,
2849 5288 2923 5357 μὴ
2953 5287 3095 5339 κατὰ
3132 5287 3230 5355 τὴν
3285 5285 3673 5355 παραδοθεῖσαν
3772 5352 3781 5363 ⁹

2119 5367 2226 5420 ὑπὸ
2263 5372 2372 5423 τῶν
2388 5374 2713 5428 «ἀποστόλων
2748 5378 2901 5443 τάξιν
2936 5382 3101 5442 ποιεῖ,
3125 5381 3219 5432 καὶ
3247 5378 3395 5447 ὕδωρ
3442 5377 3566 5445 οἴνῳ
3598 5389 3671 5441 μι·

425 5464 462 5515 γ
469 5451 582 5513 νὺς.
609 5448 753 5502 οὕτω
776 5445 875 5515 τὴν
900 5446 1168 5514 ἄκραντον
1199 5446 1463 5514 προσάγει
1494 5446 1704 5513 θυσίαν»
1735 5449 2100 5522 καθαιρείσθω
2122 5476 2135 5490 ’
2161 5460 2235 5522 ὡς
2264 5465 2467 5531 ἀτελῶς
2492 5468 2552 5522 τὸ
2590 5476 2889 5542 μυστήριον
2917 5472 3273 5543 ἐξαγγέλλων,
3308 5445 3406 5531 καὶ
3429 5471 3685 5540 καινίζων-

424 5544 493 5595 τὰ
557 5548 989 5618 παραδεδομένα.

495 5658 541 5690 ⁵³
581 5660 786 5714 (ἶοιιςὶι.
819 5662 1003 5715 Cat'th.
1048 5678 1126 5726 III,
1156 5677 1271 5731 cap.
1307 5660 1397 5715 2i.
