  <div class='ocr_page' id='page_1' title='image "/cluster/home/n/w/nwhite01/storage/ocr_20150623/104 pt.4/mdp.39015061931229/310.png"; bbox 0 0 3842 6224; ppageno 0'>
   <div class='ocr_carea' id='block_1_1' title="bbox 221 197 321 263">
    <p class='ocr_par' dir='ltr' id='par_1_1' title="bbox 221 197 321 263">
     <span class='ocr_line' id='line_1_1' title="bbox 221 197 321 263; baseline -0.04 0"><span class='ocrx_word' id='word_1_1' title='bbox 221 197 321 263; x_wconf 81' lang='grc' dir='ltr'><strong>6θ1</strong></span> 
     </span>
    </p>
   </div>
   <div class='ocr_carea' id='block_1_2' title="bbox 950 195 2670 276">
    <p class='ocr_par' dir='ltr' id='par_1_2' title="bbox 950 195 2670 276">
     <span class='ocr_line' id='line_1_2' title="bbox 950 195 2670 276; baseline 0.007 -21"><span class='ocrx_word' id='word_1_2' title='bbox 950 195 1350 257; x_wconf 74' lang='lat' dir='ltr'><strong>SYNTAGMA</strong></span> <span class='ocrx_word' id='word_1_3' title='bbox 1375 195 1759 257; x_wconf 71' lang='lat' dir='ltr'><strong>CANONUH.</strong></span> <span class='ocrx_word' id='word_1_4' title='bbox 1795 219 1864 230; x_wconf 85' lang='grc'><strong><em>--</em></strong></span> <span class='ocrx_word' id='word_1_5' title='bbox 1899 195 2050 258; x_wconf 84' lang='grc' dir='ltr'><strong>ΤΙΤ.</strong></span> <span class='ocrx_word' id='word_1_6' title='bbox 2086 196 2200 260; x_wconf 91' lang='lat' dir='ltr'>III.</span> <span class='ocrx_word' id='word_1_7' title='bbox 2239 199 2398 263; x_wconf 73' lang='lat' dir='ltr'><strong>CAP.</strong></span> <span class='ocrx_word' id='word_1_8' title='bbox 2433 202 2499 276; x_wconf 83' lang='lat' dir='ltr'><strong>V,</strong></span> <span class='ocrx_word' id='word_1_9' title='bbox 2542 205 2670 266; x_wconf 84' lang='lat' dir='ltr'>VII.</span> 
     </span>
    </p>
   </div>
   <div class='ocr_carea' id='block_1_3' title="bbox 3331 210 3435 271">
    <p class='ocr_par' dir='ltr' id='par_1_3' title="bbox 3331 210 3435 271">
     <span class='ocr_line' id='line_1_3' title="bbox 3331 210 3435 271; baseline -0.01 0"><span class='ocrx_word' id='word_1_10' title='bbox 3331 210 3435 271; x_wconf 81' lang='lat'><strong>602</strong></span> 
     </span>
    </p>
   </div>
   <div class='ocr_carea' id='block_1_4' title="bbox 292 306 1786 395">
    <p class='ocr_par' dir='ltr' id='par_1_4' title="bbox 292 306 1778 384">
     <span class='ocr_line' id='line_1_4' title="bbox 292 306 1778 384; baseline 0 -18"><span class='ocrx_word' id='word_1_11' title='bbox 292 309 390 377; x_wconf 66' lang='grc' dir='ltr'>νζ.</span> <span class='ocrx_word' id='word_1_12' title='bbox 418 310 536 364; x_wconf 77' lang='grc' dir='ltr'>ὀτι</span> <span class='ocrx_word' id='word_1_13' title='bbox 561 309 624 362; x_wconf 80' lang='grc' dir='ltr'>οὐ</span> <span class='ocrx_word' id='word_1_14' title='bbox 661 306 769 380; x_wconf 78' lang='grc' dir='ltr'><strong>χρὴ</strong></span> <span class='ocrx_word' id='word_1_15' title='bbox 815 309 875 363; x_wconf 69' lang='grc' dir='ltr'>εν</span> <span class='ocrx_word' id='word_1_16' title='bbox 904 311 1018 374; x_wconf 85' lang='grc' dir='ltr'>τοῖς</span> <span class='ocrx_word' id='word_1_17' title='bbox 1054 310 1459 384; x_wconf 77' lang='grc' dir='ltr'>θυσιαστηρίοις</span> <span class='ocrx_word' id='word_1_18' title='bbox 1512 313 1634 383; x_wconf 85' lang='grc' dir='ltr'>μέλι</span> <span class='ocrx_word' id='word_1_19' title='bbox 1683 312 1778 366; x_wconf 80' lang='grc' dir='ltr'>καὶ</span> 
     </span>
    </p>
   </div>
   <div class='ocr_carea' id='block_1_5' title="bbox 1903 306 3446 395">
    <p class='ocr_par' dir='ltr' id='par_1_5' title="bbox 1947 312 3446 395">
     <span class='ocr_line' id='line_1_5' title="bbox 1947 312 3446 395; baseline 0.009 -28"><span class='ocrx_word' id='word_1_20' title='bbox 1947 312 2038 368; x_wconf 84' lang='grc'>57.</span> <span class='ocrx_word' id='word_1_21' title='bbox 2071 313 2226 381; x_wconf 83' lang='lat' dir='ltr'><strong>Quod</strong></span> <span class='ocrx_word' id='word_1_22' title='bbox 2255 315 2324 370; x_wconf 83' lang='lat' dir='ltr'><strong>ad</strong></span> <span class='ocrx_word' id='word_1_23' title='bbox 2341 317 2512 374; x_wconf 86' lang='lat' dir='ltr'><strong>altare</strong></span> <span class='ocrx_word' id='word_1_24' title='bbox 2537 321 2646 376; x_wconf 91' lang='lat' dir='ltr'><strong>mel</strong></span> <span class='ocrx_word' id='word_1_25' title='bbox 2665 330 2722 378; x_wconf 90' lang='lat' dir='ltr'><strong>et</strong></span> <span class='ocrx_word' id='word_1_26' title='bbox 2747 323 2830 379; x_wconf 87' lang='lat' dir='ltr'><strong>lac</strong></span> <span class='ocrx_word' id='word_1_27' title='bbox 2861 322 3056 380; x_wconf 84' lang='lat' dir='ltr'><strong>oll’erre</strong></span> <span class='ocrx_word' id='word_1_28' title='bbox 3076 339 3184 378; x_wconf 87' lang='lat' dir='ltr'><strong>non</strong></span> <span class='ocrx_word' id='word_1_29' title='bbox 3211 335 3446 395; x_wconf 85' lang='lat' dir='ltr'><strong>oportet.</strong></span> 
     </span>
    </p>
   </div>
   <div class='ocr_carea' id='block_1_6' title="bbox 223 401 818 473">
    <p class='ocr_par' dir='ltr' id='par_1_6' title="bbox 223 401 818 473">
     <span class='ocr_line' id='line_1_6' title="bbox 223 401 818 473; baseline -0.002 -16"><span class='ocrx_word' id='word_1_30' title='bbox 223 403 358 472; x_wconf 79' lang='grc' dir='ltr'>γάλα</span> <span class='ocrx_word' id='word_1_31' title='bbox 391 401 818 473; x_wconf 79' lang='grc' dir='ltr'><strong>προσφέρεσθαι.</strong></span> 
     </span>
    </p>
   </div>
   <div class='ocr_carea' id='block_1_7' title="bbox 289 490 1782 563">
    <p class='ocr_par' dir='ltr' id='par_1_7' title="bbox 289 490 1782 563">
     <span class='ocr_line' id='line_1_7' title="bbox 289 490 1782 563; baseline 0.001 -18"><span class='ocrx_word' id='word_1_32' title='bbox 289 499 390 561; x_wconf 90' lang='grc' dir='ltr'>νη’.</span> <span class='ocrx_word' id='word_1_33' title='bbox 420 490 624 560; x_wconf 77' lang='grc' dir='ltr'>Μηδεὶς</span> <span class='ocrx_word' id='word_1_34' title='bbox 647 491 757 544; x_wconf 88' lang='grc' dir='ltr'><strong>τῶν</strong></span> <span class='ocrx_word' id='word_1_35' title='bbox 783 493 840 545; x_wconf 81' lang='grc' dir='ltr'>ὲν</span> <span class='ocrx_word' id='word_1_36' title='bbox 871 491 1079 556; x_wconf 88' lang='grc' dir='ltr'>λαῖκοῖς</span> <span class='ocrx_word' id='word_1_37' title='bbox 1102 493 1455 562; x_wconf 68' lang='grc' dir='ltr'><strong>τεταγμένων</strong></span> <span class='ocrx_word' id='word_1_38' title='bbox 1476 491 1654 563; x_wconf 77' lang='grc' dir='ltr'>ἑαυτῷ</span> <span class='ocrx_word' id='word_1_39' title='bbox 1675 492 1782 547; x_wconf 86' lang='grc' dir='ltr'><strong>τῶν</strong></span> 
     </span>
    </p>
   </div>
   <div class='ocr_carea' id='block_1_8' title="bbox 223 582 1781 654">
    <p class='ocr_par' dir='ltr' id='par_1_8' title="bbox 223 582 1781 654">
     <span class='ocr_line' id='line_1_8' title="bbox 223 582 1781 654; baseline 0.001 -19"><span class='ocrx_word' id='word_1_40' title='bbox 223 583 379 636; x_wconf 80' lang='grc' dir='ltr'><strong>θείων</strong></span> <span class='ocrx_word' id='word_1_41' title='bbox 416 582 726 652; x_wconf 83' lang='grc' dir='ltr'><strong>μυστηρίων</strong></span> <span class='ocrx_word' id='word_1_42' title='bbox 775 584 1122 652; x_wconf 87' lang='grc' dir='ltr'>μεταδιδότω,</span> <span class='ocrx_word' id='word_1_43' title='bbox 1160 585 1424 654; x_wconf 76' lang='grc' dir='ltr'><strong>παρόντος</strong></span> <span class='ocrx_word' id='word_1_44' title='bbox 1459 583 1781 649; x_wconf 75' lang='grc' dir='ltr'>ἐπισκόπου,</span> 
     </span>
    </p>
   </div>
   <div class='ocr_carea' id='block_1_9' title="bbox 221 674 1782 747">
    <p class='ocr_par' dir='ltr' id='par_1_9' title="bbox 221 674 1782 747">
     <span class='ocr_line' id='line_1_9' title="bbox 221 674 1782 747; baseline -0.001 -19"><span class='ocrx_word' id='word_1_45' title='bbox 221 677 254 747; x_wconf 75' lang='grc' dir='ltr'>ἢ</span> <span class='ocrx_word' id='word_1_46' title='bbox 289 677 677 747; x_wconf 77' lang='grc' dir='ltr'>πρεσϐυτέρου,</span> <span class='ocrx_word' id='word_1_47' title='bbox 702 674 736 746; x_wconf 79' lang='grc' dir='ltr'>ἦ</span> <span class='ocrx_word' id='word_1_48' title='bbox 758 675 1027 729; x_wconf 87' lang='grc' dir='ltr'>διακόνου.</span> <span class='ocrx_word' id='word_1_49' title='bbox 1073 675 1130 728; x_wconf 90' lang='grc' dir='ltr'>Ὀ</span> <span class='ocrx_word' id='word_1_50' title='bbox 1159 675 1216 728; x_wconf 79' lang='grc' dir='ltr'><strong>δέ</strong></span> <span class='ocrx_word' id='word_1_51' title='bbox 1239 693 1293 728; x_wconf 89' lang='grc' dir='ltr'><strong>τι</strong></span> <span class='ocrx_word' id='word_1_52' title='bbox 1315 675 1526 728; x_wconf 83' lang='grc' dir='ltr'>τοιοῦτο</span> <span class='ocrx_word' id='word_1_53' title='bbox 1547 677 1782 746; x_wconf 84' lang='grc' dir='ltr'>τολμῶν,</span> 
     </span>
    </p>
   </div>
   <div class='ocr_carea' id='block_1_10' title="bbox 218 765 1783 838">
    <p class='ocr_par' dir='ltr' id='par_1_10' title="bbox 218 765 1783 838">
     <span class='ocr_line' id='line_1_10' title="bbox 218 765 1783 838; baseline 0.001 -20"><span class='ocrx_word' id='word_1_54' title='bbox 218 767 292 830; x_wconf 84' lang='grc' dir='ltr'>ὠς</span> <span class='ocrx_word' id='word_1_55' title='bbox 316 766 469 837; x_wconf 79' lang='grc' dir='ltr'>παρὰ</span> <span class='ocrx_word' id='word_1_56' title='bbox 493 766 552 818; x_wconf 87' lang='grc' dir='ltr'><strong>τδ</strong></span> <span class='ocrx_word' id='word_1_57' title='bbox 574 767 995 836; x_wconf 74' lang='grc' dir='ltr'><strong>διατεταγμένον</strong></span> <span class='ocrx_word' id='word_1_58' title='bbox 1022 765 1212 831; x_wconf 87' lang='grc' dir='ltr'>ποιῶν,</span> <span class='ocrx_word' id='word_1_59' title='bbox 1240 767 1333 820; x_wconf 71' lang='grc' dir='ltr'>ἐπὶ</span> <span class='ocrx_word' id='word_1_60' title='bbox 1355 766 1624 838; x_wconf 76' lang='grc' dir='ltr'>ἑϐδομάδα</span> <span class='ocrx_word' id='word_1_61' title='bbox 1654 767 1783 837; x_wconf 86' lang='grc' dir='ltr'>μίαν</span> 
     </span>
    </p>
   </div>
   <div class='ocr_carea' id='block_1_11' title="bbox 219 857 1783 930">
    <p class='ocr_par' dir='ltr' id='par_1_11' title="bbox 219 857 1783 930">
     <span class='ocr_line' id='line_1_11' title="bbox 219 857 1783 930; baseline -0.001 -18"><span class='ocrx_word' id='word_1_62' title='bbox 219 859 580 930; x_wconf 77' lang='grc' dir='ltr'>άφοριζέσθω,</span> <span class='ocrx_word' id='word_1_63' title='bbox 615 858 865 911; x_wconf 79' lang='grc' dir='ltr'>ἐντεῦθεν</span> <span class='ocrx_word' id='word_1_64' title='bbox 900 857 1410 928; x_wconf 85' lang='grc' dir='ltr'>παιδαγωγούμενος</span> <span class='ocrx_word' id='word_1_65' title='bbox 1451 859 1527 928; x_wconf 87' lang='grc' dir='ltr'>μὴ</span> <span class='ocrx_word' id='word_1_66' title='bbox 1566 860 1783 928; x_wconf 83' lang='grc' dir='ltr'>φρονεῖν</span> 
     </span>
    </p>
   </div>
   <div class='ocr_carea' id='block_1_12' title="bbox 221 951 777 1022">
    <p class='ocr_par' dir='ltr' id='par_1_12' title="bbox 221 951 777 1022">
     <span class='ocr_line' id='line_1_12' title="bbox 221 951 777 1022; baseline 0 -18"><span class='ocrx_word' id='word_1_67' title='bbox 221 953 347 1022; x_wconf 85' lang='grc' dir='ltr'>παρ’</span> <span class='ocrx_word' id='word_1_68' title='bbox 379 951 408 1003; x_wconf 84' lang='grc' dir='ltr'><strong>δ</strong></span> <span class='ocrx_word' id='word_1_69' title='bbox 431 952 511 1003; x_wconf 85' lang='grc' dir='ltr'>δεῖ</span> <span class='ocrx_word' id='word_1_70' title='bbox 539 953 777 1021; x_wconf 82' lang='grc' dir='ltr'>φρονεῖν.</span> 
     </span>
    </p>
   </div>
   <div class='ocr_carea' id='block_1_13' title="bbox 288 1041 1783 1114">
    <p class='ocr_par' dir='ltr' id='par_1_13' title="bbox 288 1041 1783 1114">
     <span class='ocr_line' id='line_1_13' title="bbox 288 1041 1783 1114; baseline 0.001 -18"><span class='ocrx_word' id='word_1_71' title='bbox 288 1041 393 1114; x_wconf 81' lang='lat' dir='ltr'><strong>pa’.</strong></span> <span class='ocrx_word' id='word_1_72' title='bbox 427 1042 596 1111; x_wconf 89' lang='grc' dir='ltr'>Σῶμα</span> <span class='ocrx_word' id='word_1_73' title='bbox 625 1041 862 1112; x_wconf 76' lang='grc' dir='ltr'><strong>Χριστοῦ</strong></span> <span class='ocrx_word' id='word_1_74' title='bbox 889 1043 982 1095; x_wconf 78' lang='grc' dir='ltr'>καὶ</span> <span class='ocrx_word' id='word_1_75' title='bbox 1015 1043 1141 1097; x_wconf 73' lang='grc' dir='ltr'>ναὸν</span> <span class='ocrx_word' id='word_1_76' title='bbox 1169 1041 1260 1096; x_wconf 82' lang='grc' dir='ltr'><strong>τὸν</strong></span> <span class='ocrx_word' id='word_1_77' title='bbox 1288 1045 1406 1097; x_wconf 87' lang='grc' dir='ltr'>κατ’</span> <span class='ocrx_word' id='word_1_78' title='bbox 1435 1043 1619 1098; x_wconf 83' lang='grc' dir='ltr'>εἰκόνα</span> <span class='ocrx_word' id='word_1_79' title='bbox 1649 1043 1783 1098; x_wconf 80' lang='grc' dir='ltr'><strong>Θεοῦ</strong></span> 
     </span>
    </p>
   </div>
   <div class='ocr_carea' id='block_1_14' title="bbox 220 1133 1786 1206">
    <p class='ocr_par' dir='ltr' id='par_1_14' title="bbox 220 1133 1786 1206">
     <span class='ocr_line' id='line_1_14' title="bbox 220 1133 1786 1206; baseline 0.001 -19"><span class='ocrx_word' id='word_1_80' title='bbox 220 1133 503 1188; x_wconf 80' lang='grc' dir='ltr'>κτισθέντα</span> <span class='ocrx_word' id='word_1_81' title='bbox 531 1133 838 1204; x_wconf 75' lang='grc' dir='ltr'>ἄνθρωπον,</span> <span class='ocrx_word' id='word_1_82' title='bbox 871 1133 900 1187; x_wconf 85' lang='grc' dir='ltr'><strong>ὁ</strong></span> <span class='ocrx_word' id='word_1_83' title='bbox 939 1134 1080 1197; x_wconf 88' lang='grc' dir='ltr'>θεῖος</span> <span class='ocrx_word' id='word_1_84' title='bbox 1118 1133 1438 1198; x_wconf 83' lang='grc' dir='ltr'>Ἀπόστολος</span> <span class='ocrx_word' id='word_1_85' title='bbox 1471 1134 1786 1206; x_wconf 82' lang='grc' dir='ltr'>μεγαλοφώ-</span> 
     </span>
    </p>
   </div>
   <div class='ocr_carea' id='block_1_15' title="bbox 185 1220 1786 1298">
    <p class='ocr_par' dir='ltr' id='par_1_15' title="bbox 185 1220 1786 1298">
     <span class='ocr_line' id='line_1_15' title="bbox 185 1220 1786 1298; baseline 0 -18"><span class='ocrx_word' id='word_1_86' title='bbox 185 1229 321 1288; x_wconf 80' lang='grc' dir='ltr'>’νως</span> <span class='ocrx_word' id='word_1_87' title='bbox 352 1225 639 1279; x_wconf 83' lang='grc' dir='ltr'>ἀποκαλεῖ.</span> <span class='ocrx_word' id='word_1_88' title='bbox 690 1224 875 1296; x_wconf 89' lang='grc' dir='ltr'>Πάσης</span> <span class='ocrx_word' id='word_1_89' title='bbox 922 1220 1016 1278; x_wconf 79' lang='grc' dir='ltr'>οὖν</span> <span class='ocrx_word' id='word_1_90' title='bbox 1055 1225 1322 1297; x_wconf 76' lang='grc' dir='ltr'><strong>αἰσθητῆς</strong></span> <span class='ocrx_word' id='word_1_91' title='bbox 1347 1227 1573 1291; x_wconf 81' lang='grc' dir='ltr'>κτίσεως</span> <span class='ocrx_word' id='word_1_92' title='bbox 1624 1229 1786 1298; x_wconf 84' lang='grc' dir='ltr'>ὑπερ-</span> 
     </span>
    </p>
   </div>
   <div class='ocr_carea' id='block_1_16' title="bbox 220 1314 1785 1388">
    <p class='ocr_par' dir='ltr' id='par_1_16' title="bbox 220 1314 1785 1388">
     <span class='ocr_line' id='line_1_16' title="bbox 220 1314 1785 1388; baseline 0.001 -18"><span class='ocrx_word' id='word_1_93' title='bbox 220 1317 484 1385; x_wconf 86' lang='grc' dir='ltr'>κείμενος,</span> <span class='ocrx_word' id='word_1_94' title='bbox 519 1319 546 1369; x_wconf 87' lang='grc' dir='ltr'><strong>δ</strong></span> <span class='ocrx_word' id='word_1_95' title='bbox 590 1314 666 1386; x_wconf 84' lang='grc' dir='ltr'>τῷ</span> <span class='ocrx_word' id='word_1_96' title='bbox 698 1317 948 1385; x_wconf 80' lang='grc' dir='ltr'>σωτηρίῳ</span> <span class='ocrx_word' id='word_1_97' title='bbox 994 1315 1156 1368; x_wconf 87' lang='grc' dir='ltr'>πάθει</span> <span class='ocrx_word' id='word_1_98' title='bbox 1198 1314 1291 1368; x_wconf 81' lang='grc' dir='ltr'>τοῦ</span> <span class='ocrx_word' id='word_1_99' title='bbox 1329 1316 1578 1387; x_wconf 77' lang='grc' dir='ltr'>οὐρανίου</span> <span class='ocrx_word' id='word_1_100' title='bbox 1606 1317 1785 1388; x_wconf 88' lang='grc' dir='ltr'>τυχὼν</span> 
     </span>
    </p>
   </div>
   <div class='ocr_carea' id='block_1_17' title="bbox 221 1407 1783 1479">
    <p class='ocr_par' dir='ltr' id='par_1_17' title="bbox 221 1407 1783 1479">
     <span class='ocr_line' id='line_1_17' title="bbox 221 1407 1783 1479; baseline 0.001 -18"><span class='ocrx_word' id='word_1_101' title='bbox 221 1408 550 1475; x_wconf 69' lang='grc' dir='ltr'>ἀξιώματος,</span> <span class='ocrx_word' id='word_1_102' title='bbox 595 1407 788 1459; x_wconf 83' lang='grc' dir='ltr'>ὲσθίων</span> <span class='ocrx_word' id='word_1_103' title='bbox 838 1409 932 1459; x_wconf 82' lang='grc' dir='ltr'>καὶ</span> <span class='ocrx_word' id='word_1_104' title='bbox 968 1407 1138 1459; x_wconf 89' lang='grc' dir='ltr'>πίνων</span> <span class='ocrx_word' id='word_1_105' title='bbox 1174 1407 1431 1479; x_wconf 82' lang='grc' dir='ltr'>Χριστὸν,</span> <span class='ocrx_word' id='word_1_106' title='bbox 1461 1408 1596 1478; x_wconf 69' lang='grc' dir='ltr'>πρὸς</span> <span class='ocrx_word' id='word_1_107' title='bbox 1639 1407 1783 1478; x_wconf 76' lang='grc' dir='ltr'>ζωὴν</span> 
     </span>
    </p>
   </div>
   <div class='ocr_carea' id='block_1_18' title="bbox 220 1496 1783 1569">
    <p class='ocr_par' dir='ltr' id='par_1_18' title="bbox 220 1496 1783 1569">
     <span class='ocr_line' id='line_1_18' title="bbox 220 1496 1783 1569; baseline 0 -18"><span class='ocrx_word' id='word_1_108' title='bbox 220 1499 303 1551; x_wconf 78' lang='grc' dir='ltr'><strong>διά</strong></span> <span class='ocrx_word' id='word_1_109' title='bbox 363 1497 565 1559; x_wconf 68' lang='grc' dir='ltr'>παντὸς</span> <span class='ocrx_word' id='word_1_110' title='bbox 622 1496 1028 1567; x_wconf 73' lang='grc' dir='ltr'>μεθαρμόζεται</span> <span class='ocrx_word' id='word_1_111' title='bbox 1077 1496 1175 1568; x_wconf 81' lang='grc' dir='ltr'><strong>τὴν</strong></span> <span class='ocrx_word' id='word_1_112' title='bbox 1231 1498 1420 1561; x_wconf 78' lang='grc' dir='ltr'>ἀῖδιον,</span> <span class='ocrx_word' id='word_1_113' title='bbox 1467 1497 1643 1569; x_wconf 76' lang='grc' dir='ltr'>ψυχὴν</span> <span class='ocrx_word' id='word_1_114' title='bbox 1690 1499 1783 1551; x_wconf 75' lang='grc' dir='ltr'><strong>καὶ</strong></span> 
     </span>
    </p>
   </div>
   <div class='ocr_carea' id='block_1_19' title="bbox 223 1587 1779 1658">
    <p class='ocr_par' dir='ltr' id='par_1_19' title="bbox 223 1587 1779 1658">
     <span class='ocr_line' id='line_1_19' title="bbox 223 1587 1779 1658; baseline 0.001 -18"><span class='ocrx_word' id='word_1_115' title='bbox 223 1588 376 1657; x_wconf 89' lang='grc' dir='ltr'>σῶμα</span> <span class='ocrx_word' id='word_1_116' title='bbox 424 1590 493 1658; x_wconf 81' lang='grc' dir='ltr'>τῇ</span> <span class='ocrx_word' id='word_1_117' title='bbox 548 1590 747 1657; x_wconf 76' lang='grc' dir='ltr'>μετοχῇ</span> <span class='ocrx_word' id='word_1_118' title='bbox 781 1587 882 1656; x_wconf 80' lang='grc' dir='ltr'>τῆς</span> <span class='ocrx_word' id='word_1_119' title='bbox 926 1587 1075 1650; x_wconf 80' lang='grc' dir='ltr'>θείας</span> <span class='ocrx_word' id='word_1_120' title='bbox 1129 1588 1485 1657; x_wconf 76' lang='grc' dir='ltr'>άγιαζόμενος</span> <span class='ocrx_word' id='word_1_121' title='bbox 1519 1589 1738 1658; x_wconf 88' lang='grc' dir='ltr'>χάριτος</span> <span class='ocrx_word' id='word_1_122' title='bbox 1764 1604 1779 1619; x_wconf 76' lang='grc' dir='ltr'>ο</span> 
     </span>
    </p>
   </div>
   <div class='ocr_carea' id='block_1_20' title="bbox 1948 469 3447 546">
    <p class='ocr_par' dir='ltr' id='par_1_20' title="bbox 1948 469 3447 546">
     <span class='ocr_line' id='line_1_20' title="bbox 1948 469 3447 546; baseline 0.007 -22"><span class='ocrx_word' id='word_1_123' title='bbox 1948 469 2038 526; x_wconf 85' lang='lat'><strong>58.</strong></span> <span class='ocrx_word' id='word_1_124' title='bbox 2074 470 2244 526; x_wconf 84' lang='lat' dir='ltr'><strong>Nemo</strong></span> <span class='ocrx_word' id='word_1_125' title='bbox 2280 487 2496 540; x_wconf 88' lang='lat' dir='ltr'><strong>eorum,</strong></span> <span class='ocrx_word' id='word_1_126' title='bbox 2532 477 2626 546; x_wconf 88' lang='lat' dir='ltr'><strong>qui</strong></span> <span class='ocrx_word' id='word_1_127' title='bbox 2661 487 2791 533; x_wconf 83' lang='lat' dir='ltr'><strong>sunt</strong></span> <span class='ocrx_word' id='word_1_128' title='bbox 2839 478 2894 533; x_wconf 91' lang='lat' dir='ltr'><strong>in</strong></span> <span class='ocrx_word' id='word_1_129' title='bbox 2938 480 3131 536; x_wconf 85' lang='lat' dir='ltr'><strong>ordine</strong></span> <span class='ocrx_word' id='word_1_130' title='bbox 3163 480 3447 544; x_wconf 87' lang='lat' dir='ltr'><strong>laicorum,</strong></span> 
     </span>
    </p>
   </div>
   <div class='ocr_carea' id='block_1_21' title="bbox 1882 558 3449 640">
    <p class='ocr_par' dir='ltr' id='par_1_21' title="bbox 1882 558 3449 640">
     <span class='ocr_line' id='line_1_21' title="bbox 1882 558 3449 640; baseline 0.008 -28"><span class='ocrx_word' id='word_1_131' title='bbox 1882 558 2064 613; x_wconf 86' lang='lat' dir='ltr'><strong>divina</strong></span> <span class='ocrx_word' id='word_1_132' title='bbox 2093 561 2199 614; x_wconf 83' lang='lat' dir='ltr'><strong>sibi</strong></span> <span class='ocrx_word' id='word_1_133' title='bbox 2239 563 2494 632; x_wconf 86' lang='lat' dir='ltr'><strong>mysteria</strong></span> <span class='ocrx_word' id='word_1_134' title='bbox 2551 567 2828 636; x_wconf 76' lang='lat' dir='ltr'><strong>impertiat</strong></span> <span class='ocrx_word' id='word_1_135' title='bbox 2883 580 3149 639; x_wconf 69' lang='lat' dir='ltr'><strong>prmsente</strong></span> <span class='ocrx_word' id='word_1_136' title='bbox 3193 572 3449 640; x_wconf 87' lang='lat' dir='ltr'><strong>episcopo</strong></span> 
     </span>
    </p>
   </div>
   <div class='ocr_carea' id='block_1_22' title="bbox 1881 652 3448 735">
    <p class='ocr_par' dir='ltr' id='par_1_22' title="bbox 1881 652 3448 735">
     <span class='ocr_line' id='line_1_22' title="bbox 1881 652 3448 735; baseline 0.008 -32"><span class='ocrx_word' id='word_1_137' title='bbox 1881 652 1964 705; x_wconf 86' lang='lat' dir='ltr'><strong>vel</strong></span> <span class='ocrx_word' id='word_1_138' title='bbox 1997 652 2315 724; x_wconf 74' lang='lat' dir='ltr'><strong>presbytero</strong></span> <span class='ocrx_word' id='word_1_139' title='bbox 2343 655 2428 735; x_wconf 87' lang='lat' dir='ltr'><strong>vel</strong></span> <span class='ocrx_word' id='word_1_140' title='bbox 2471 655 2724 713; x_wconf 84' lang='lat' dir='ltr'><strong>diacono.</strong></span> <span class='ocrx_word' id='word_1_141' title='bbox 2781 661 2881 725; x_wconf 87' lang='lat' dir='ltr'><strong>Qui</strong></span> <span class='ocrx_word' id='word_1_142' title='bbox 2938 672 3113 716; x_wconf 88' lang='lat' dir='ltr'><strong>autem</strong></span> <span class='ocrx_word' id='word_1_143' title='bbox 3161 663 3268 717; x_wconf 91' lang='lat' dir='ltr'><strong>tale</strong></span> <span class='ocrx_word' id='word_1_144' title='bbox 3321 663 3448 732; x_wconf 81' lang='lat' dir='ltr'><strong>quid</strong></span> 
     </span>
    </p>
   </div>
   <div class='ocr_carea' id='block_1_23' title="bbox 1882 743 3450 820">
    <p class='ocr_par' dir='ltr' id='par_1_23' title="bbox 1882 743 3450 820">
     <span class='ocr_line' id='line_1_23' title="bbox 1882 743 3450 820; baseline 0.009 -25"><span class='ocrx_word' id='word_1_145' title='bbox 1882 756 2048 797; x_wconf 87' lang='lat' dir='ltr'><strong>ausus</strong></span> <span class='ocrx_word' id='word_1_146' title='bbox 2079 743 2261 812; x_wconf 80' lang='lat' dir='ltr'><strong>fuerit,</strong></span> <span class='ocrx_word' id='word_1_147' title='bbox 2293 756 2352 801; x_wconf 93' lang='lat' dir='ltr'><strong>ut</strong></span> <span class='ocrx_word' id='word_1_148' title='bbox 2374 747 2570 818; x_wconf 66' lang='lat' dir='ltr'><strong>praeter</strong></span> <span class='ocrx_word' id='word_1_149' title='bbox 2609 766 2670 805; x_wconf 90' lang='lat' dir='ltr'><strong>ea</strong></span> <span class='ocrx_word' id='word_1_150' title='bbox 2712 768 2833 820; x_wconf 77' lang='lat' dir='ltr'><strong>quae</strong></span> <span class='ocrx_word' id='word_1_151' title='bbox 2865 763 2993 808; x_wconf 91' lang='lat' dir='ltr'><strong>sunt</strong></span> <span class='ocrx_word' id='word_1_152' title='bbox 3029 755 3320 809; x_wconf 86' lang='lat' dir='ltr'><strong>constituta</strong></span> <span class='ocrx_word' id='word_1_153' title='bbox 3368 754 3450 809; x_wconf 84' lang='lat' dir='ltr'><strong>fa-</strong></span> 
     </span>
    </p>
   </div>
   <div class='ocr_carea' id='block_1_24' title="bbox 1884 822 3449 910">
    <p class='ocr_par' dir='ltr' id='par_1_24' title="bbox 1884 822 3449 910">
     <span class='ocr_line' id='line_1_24' title="bbox 1884 822 3449 910; baseline 0.007 -23"><span class='ocrx_word' id='word_1_154' title='bbox 1884 832 2054 898; x_wconf 87' lang='lat' dir='ltr'><strong>ciens,</strong></span> <span class='ocrx_word' id='word_1_155' title='bbox 2084 849 2188 888; x_wconf 85' lang='lat' dir='ltr'><strong>una</strong></span> <span class='ocrx_word' id='word_1_156' title='bbox 2221 836 2524 905; x_wconf 85' lang='lat' dir='ltr'><strong>septimana</strong></span> <span class='ocrx_word' id='word_1_157' title='bbox 2553 822 2906 910; x_wconf 60' lang='lat' dir='ltr'><strong>segreéetur;</strong></span> <span class='ocrx_word' id='word_1_158' title='bbox 2945 852 2996 896; x_wconf 85' lang='lat' dir='ltr'><strong>et</strong></span> <span class='ocrx_word' id='word_1_159' title='bbox 3019 858 3084 897; x_wconf 79' lang='lat' dir='ltr'><strong>ex</strong></span> <span class='ocrx_word' id='word_1_160' title='bbox 3105 858 3170 898; x_wconf 91' lang='lat' dir='ltr'><strong>eo</strong></span> <span class='ocrx_word' id='word_1_161' title='bbox 3190 841 3449 898; x_wconf 84' lang='lat' dir='ltr'><strong>doceatur</strong></span> 
     </span>
    </p>
   </div>
   <div class='ocr_carea' id='block_1_25' title="bbox 1882 925 3167 1002">
    <p class='ocr_par' dir='ltr' id='par_1_25' title="bbox 1882 925 3167 1002">
     <span class='ocr_line' id='line_1_25' title="bbox 1882 925 3167 1002; baseline 0.01 -26"><span class='ocrx_word' id='word_1_162' title='bbox 1882 937 1994 976; x_wconf 89' lang='lat' dir='ltr'><strong>non</strong></span> <span class='ocrx_word' id='word_1_163' title='bbox 2023 925 2257 994; x_wconf 82' lang='lat' dir='ltr'><strong>amplius</strong></span> <span class='ocrx_word' id='word_1_164' title='bbox 2282 941 2496 996; x_wconf 86' lang='lat' dir='ltr'><strong>sapere,</strong></span> <span class='ocrx_word' id='word_1_165' title='bbox 2529 945 2692 998; x_wconf 90' lang='lat' dir='ltr'><strong>quam</strong></span> <span class='ocrx_word' id='word_1_166' title='bbox 2721 945 2914 999; x_wconf 87' lang='lat' dir='ltr'><strong>sapere</strong></span> <span class='ocrx_word' id='word_1_167' title='bbox 2939 942 3167 1002; x_wconf 88' lang='lat' dir='ltr'><strong>oportet.</strong></span> 
     </span>
    </p>
   </div>
   <div class='ocr_carea' id='block_1_26' title="bbox 1954 1015 3448 1091">
    <p class='ocr_par' dir='ltr' id='par_1_26' title="bbox 1954 1015 3448 1091">
     <span class='ocr_line' id='line_1_26' title="bbox 1954 1015 3448 1091; baseline 0.008 -23"><span class='ocrx_word' id='word_1_168' title='bbox 1954 1015 2309 1088; x_wconf 73' lang='lat' dir='ltr'><strong>i01.Corpus</strong></span> <span class='ocrx_word' id='word_1_169' title='bbox 2334 1018 2539 1075; x_wconf 82' lang='lat' dir='ltr'><strong>Christi</strong></span> <span class='ocrx_word' id='word_1_170' title='bbox 2591 1029 2646 1074; x_wconf 80' lang='lat' dir='ltr'><strong>et</strong></span> <span class='ocrx_word' id='word_1_171' title='bbox 2698 1023 2981 1091; x_wconf 89' lang='lat' dir='ltr'><strong>templum,</strong></span> <span class='ocrx_word' id='word_1_172' title='bbox 3044 1024 3317 1080; x_wconf 88' lang='lat' dir='ltr'><strong>hominem</strong></span> <span class='ocrx_word' id='word_1_173' title='bbox 3382 1025 3448 1081; x_wconf 89' lang='lat' dir='ltr'><strong>ad</strong></span> 
     </span>
    </p>
   </div>
   <div class='ocr_carea' id='block_1_27' title="bbox 1883 1105 3451 1185">
    <p class='ocr_par' dir='ltr' id='par_1_27' title="bbox 1883 1105 3451 1185">
     <span class='ocr_line' id='line_1_27' title="bbox 1883 1105 3451 1185; baseline 0.006 -27"><span class='ocrx_word' id='word_1_174' title='bbox 1883 1105 2172 1175; x_wconf 80' lang='lat' dir='ltr'><strong>imaginem</strong></span> <span class='ocrx_word' id='word_1_175' title='bbox 2208 1106 2300 1162; x_wconf 90' lang='lat' dir='ltr'><strong>Dei</strong></span> <span class='ocrx_word' id='word_1_176' title='bbox 2331 1120 2593 1174; x_wconf 91' lang='lat' dir='ltr'><strong>creatum,</strong></span> <span class='ocrx_word' id='word_1_177' title='bbox 2627 1111 2843 1167; x_wconf 79' lang='lat' dir='ltr'><strong>divinus</strong></span> <span class='ocrx_word' id='word_1_178' title='bbox 2874 1128 3070 1184; x_wconf 80' lang='lat' dir='ltr'><strong>magna</strong></span> <span class='ocrx_word' id='word_1_179' title='bbox 3111 1130 3242 1169; x_wconf 89' lang='lat' dir='ltr'><strong>voce</strong></span> <span class='ocrx_word' id='word_1_180' title='bbox 3264 1117 3451 1185; x_wconf 86' lang='lat' dir='ltr'><strong>appel-</strong></span> 
     </span>
    </p>
   </div>
   <div class='ocr_carea' id='block_1_28' title="bbox 1884 1195 3448 1274">
    <p class='ocr_par' dir='ltr' id='par_1_28' title="bbox 1884 1195 3448 1274">
     <span class='ocr_line' id='line_1_28' title="bbox 1884 1195 3448 1274; baseline 0.007 -24"><span class='ocrx_word' id='word_1_181' title='bbox 1884 1195 1958 1250; x_wconf 89' lang='lat' dir='ltr'><strong>lat</strong></span> <span class='ocrx_word' id='word_1_182' title='bbox 1977 1196 2552 1267; x_wconf 87' lang='lat' dir='ltr'><strong>Apostolus.&#39;0mnem</strong></span> <span class='ocrx_word' id='word_1_183' title='bbox 2597 1218 2728 1274; x_wconf 78' lang='lat' dir='ltr'><strong>ergo</strong></span> <span class='ocrx_word' id='word_1_184' title='bbox 2782 1206 3091 1260; x_wconf 91' lang='lat' dir='ltr'><strong>sensibilem</strong></span> <span class='ocrx_word' id='word_1_185' title='bbox 3140 1219 3448 1262; x_wconf 81' lang='lat' dir='ltr'><strong>creaturam</strong></span> 
     </span>
    </p>
   </div>
   <div class='ocr_carea' id='block_1_29' title="bbox 1883 1289 3451 1366">
    <p class='ocr_par' dir='ltr' id='par_1_29' title="bbox 1883 1289 3451 1366">
     <span class='ocr_line' id='line_1_29' title="bbox 1883 1289 3451 1366; baseline 0.006 -25"><span class='ocrx_word' id='word_1_186' title='bbox 1883 1301 2168 1356; x_wconf 85' lang='lat' dir='ltr'><strong>superans,</strong></span> <span class='ocrx_word' id='word_1_187' title='bbox 2194 1289 2238 1344; x_wconf 91' lang='lat' dir='ltr'><strong>is</strong></span> <span class='ocrx_word' id='word_1_188' title='bbox 2272 1292 2620 1360; x_wconf 53' lang='lat' dir='ltr'><strong>quiﬁalutari</strong></span> <span class='ocrx_word' id='word_1_189' title='bbox 2652 1296 2908 1364; x_wconf 87' lang='lat' dir='ltr'><strong>passione</strong></span> <span class='ocrx_word' id='word_1_190' title='bbox 2936 1297 3211 1352; x_wconf 70' lang='lat' dir='ltr'><strong>caelestem</strong></span> <span class='ocrx_word' id='word_1_191' title='bbox 3274 1298 3451 1366; x_wconf 49' lang='lat' dir='ltr'><strong>«ligni.</strong></span> 
     </span>
    </p>
   </div>
   <div class='ocr_carea' id='block_1_30' title="bbox 1885 1384 3451 1444">
    <p class='ocr_par' dir='ltr' id='par_1_30' title="bbox 1885 1384 3451 1444">
     <span class='ocr_line' id='line_1_30' title="bbox 1885 1384 3451 1444; baseline 0.006 -11"><span class='ocrx_word' id='word_1_192' title='bbox 1885 1389 2046 1435; x_wconf 86' lang='lat' dir='ltr'><strong>tatem</strong></span> <span class='ocrx_word' id='word_1_193' title='bbox 2078 1389 2162 1436; x_wconf 88' lang='lat' dir='ltr'><strong>est</strong></span> <span class='ocrx_word' id='word_1_194' title='bbox 2189 1392 2494 1444; x_wconf 86' lang='lat' dir='ltr'><strong>assecutus.</strong></span> <span class='ocrx_word' id='word_1_195' title='bbox 2529 1384 2785 1441; x_wconf 85' lang='lat' dir='ltr'><strong>Christus</strong></span> <span class='ocrx_word' id='word_1_196' title='bbox 2813 1386 3005 1441; x_wconf 89' lang='lat' dir='ltr'><strong>bibens</strong></span> <span class='ocrx_word' id='word_1_197' title='bbox 3031 1389 3115 1441; x_wconf 87' lang='lat' dir='ltr'><strong>vel</strong></span> <span class='ocrx_word' id='word_1_198' title='bbox 3164 1388 3451 1442; x_wconf 87' lang='lat' dir='ltr'><strong>comedens</strong></span> 
     </span>
    </p>
   </div>
   <div class='ocr_carea' id='block_1_31' title="bbox 1883 1475 3452 1547">
    <p class='ocr_par' dir='ltr' id='par_1_31' title="bbox 1883 1475 3452 1547">
     <span class='ocr_line' id='line_1_31' title="bbox 1883 1475 3452 1547; baseline 0.003 -19"><span class='ocrx_word' id='word_1_199' title='bbox 1883 1483 2098 1528; x_wconf 64' lang='lat' dir='ltr'><strong>aeterna:</strong></span> <span class='ocrx_word' id='word_1_200' title='bbox 2123 1475 2245 1528; x_wconf 82' lang='lat' dir='ltr'><strong>vitae</strong></span> <span class='ocrx_word' id='word_1_201' title='bbox 2275 1480 2583 1545; x_wconf 81' lang='lat' dir='ltr'><strong>adaptatam</strong></span> <span class='ocrx_word' id='word_1_202' title='bbox 2632 1479 2871 1530; x_wconf 90' lang='lat' dir='ltr'><strong>animam</strong></span> <span class='ocrx_word' id='word_1_203' title='bbox 2917 1489 2971 1532; x_wconf 90' lang='lat' dir='ltr'><strong>et</strong></span> <span class='ocrx_word' id='word_1_204' title='bbox 2996 1493 3195 1547; x_wconf 89' lang='lat' dir='ltr'><strong>corpus</strong></span> <span class='ocrx_word' id='word_1_205' title='bbox 3256 1479 3452 1534; x_wconf 67' lang='lat' dir='ltr'><strong>divine</strong></span> 
     </span>
    </p>
   </div>
   <div class='ocr_carea' id='block_1_32' title="bbox 1883 1564 3451 1639">
    <p class='ocr_par' dir='ltr' id='par_1_32' title="bbox 1883 1564 3451 1639">
     <span class='ocr_line' id='line_1_32' title="bbox 1883 1564 3451 1639; baseline 0.004 -23"><span class='ocrx_word' id='word_1_206' title='bbox 1883 1564 2070 1633; x_wconf 75' lang='lat' dir='ltr'><strong>gratiae</strong></span> <span class='ocrx_word' id='word_1_207' title='bbox 2121 1565 2534 1635; x_wconf 86' lang='lat' dir='ltr'><strong>participatione</strong></span> <span class='ocrx_word' id='word_1_208' title='bbox 2575 1567 2943 1622; x_wconf 82' lang='lat' dir='ltr'><strong>sanctiﬁcans.</strong></span> <span class='ocrx_word' id='word_1_209' title='bbox 2991 1567 3170 1633; x_wconf 86' lang='lat' dir='ltr'><strong>Quare</strong></span> <span class='ocrx_word' id='word_1_210' title='bbox 3223 1569 3270 1623; x_wconf 88' lang='lat' dir='ltr'><strong>si</strong></span> <span class='ocrx_word' id='word_1_211' title='bbox 3324 1570 3451 1639; x_wconf 92' lang='lat' dir='ltr'><strong>quis</strong></span> 
     </span>
    </p>
   </div>
   <div class='ocr_carea' id='block_1_33' title="bbox 222 1649 1786 1748">
    <p class='ocr_par' dir='ltr' id='par_1_33' title="bbox 222 1649 1782 1748">
     <span class='ocr_line' id='line_1_33' title="bbox 222 1649 1782 1748; baseline -0.002 -17"><span class='ocrx_word' id='word_1_212' title='bbox 222 1649 351 1731; x_wconf 75' lang='grc' dir='ltr'>ὥστε</span> <span class='ocrx_word' id='word_1_213' title='bbox 382 1678 434 1730; x_wconf 85' lang='grc' dir='ltr'><strong>εῐ</strong></span> <span class='ocrx_word' id='word_1_214' title='bbox 460 1649 562 1740; x_wconf 42' lang='grc' dir='ltr'>τις.</span> <span class='ocrx_word' id='word_1_215' title='bbox 575 1677 670 1730; x_wconf 81' lang='grc' dir='ltr'><strong>τοῦ</strong></span> <span class='ocrx_word' id='word_1_216' title='bbox 683 1649 984 1747; x_wconf 43' lang='grc' dir='ltr'>Ἷάχράντου</span> <span class='ocrx_word' id='word_1_217' title='bbox 1017 1649 1674 1748; x_wconf 44' lang='grc' dir='ltr'>σώματοςμετασνείν-ἐν</span> <span class='ocrx_word' id='word_1_218' title='bbox 1703 1649 1782 1748; x_wconf 79' lang='grc' dir='ltr'>τῷ</span> 
     </span>
    </p>
   </div>
   <div class='ocr_carea' id='block_1_34' title="bbox 1903 1649 3454 1748">
    <p class='ocr_par' dir='ltr' id='par_1_34' title="bbox 1906 1658 3454 1731">
     <span class='ocr_line' id='line_1_34' title="bbox 1906 1658 3454 1731; baseline 0.004 -22"><span class='ocrx_word' id='word_1_219' title='bbox 1906 1658 2219 1712; x_wconf 87' lang='lat' dir='ltr'><strong>mmaculati</strong></span> <span class='ocrx_word' id='word_1_220' title='bbox 2266 1660 2512 1726; x_wconf 89' lang='lat' dir='ltr'><strong>corporis</strong></span> <span class='ocrx_word' id='word_1_221' title='bbox 2551 1659 2606 1712; x_wconf 92' lang='lat' dir='ltr'><strong>in</strong></span> <span class='ocrx_word' id='word_1_222' title='bbox 2660 1661 2882 1729; x_wconf 80' lang='lat' dir='ltr'><strong>synaxis</strong></span> <span class='ocrx_word' id='word_1_223' title='bbox 2911 1667 3154 1729; x_wconf 89' lang='lat' dir='ltr'><strong>tempore</strong></span> <span class='ocrx_word' id='word_1_224' title='bbox 3181 1675 3302 1715; x_wconf 86' lang='lat' dir='ltr'><strong>esse</strong></span> <span class='ocrx_word' id='word_1_225' title='bbox 3325 1677 3454 1731; x_wconf 85' lang='lat' dir='ltr'><strong>par-</strong></span> 
     </span>
    </p>
   </div>
   <div class='ocr_carea' id='block_1_35' title="bbox 219 1764 1783 1839">
    <p class='ocr_par' dir='ltr' id='par_1_35' title="bbox 219 1764 1783 1839">
     <span class='ocr_line' id='line_1_35' title="bbox 219 1764 1783 1839; baseline 0 -18"><span class='ocrx_word' id='word_1_226' title='bbox 219 1769 310 1836; x_wconf 80' lang='grc' dir='ltr'>τῆς</span> <span class='ocrx_word' id='word_1_227' title='bbox 348 1767 622 1831; x_wconf 77' lang='grc' dir='ltr'>συνάξεως</span> <span class='ocrx_word' id='word_1_228' title='bbox 677 1767 960 1839; x_wconf 80' lang='grc' dir='ltr'><strong>βουληθείη</strong></span> <span class='ocrx_word' id='word_1_229' title='bbox 1012 1764 1206 1838; x_wconf 82' lang='grc' dir='ltr'>καιρῷ,</span> <span class='ocrx_word' id='word_1_230' title='bbox 1244 1769 1337 1821; x_wconf 77' lang='grc' dir='ltr'><strong>καὶ</strong></span> <span class='ocrx_word' id='word_1_231' title='bbox 1382 1769 1439 1822; x_wconf 85' lang='grc' dir='ltr'>ἓν</span> <span class='ocrx_word' id='word_1_232' title='bbox 1473 1769 1608 1836; x_wconf 84' lang='grc' dir='ltr'>πρὸς</span> <span class='ocrx_word' id='word_1_233' title='bbox 1651 1769 1783 1821; x_wconf 79' lang='grc' dir='ltr'>αὐτὸ</span> 
     </span>
    </p>
   </div>
   <div class='ocr_carea' id='block_1_36' title="bbox 221 1860 1783 1931">
    <p class='ocr_par' dir='ltr' id='par_1_36' title="bbox 221 1860 1783 1931">
     <span class='ocr_line' id='line_1_36' title="bbox 221 1860 1783 1931; baseline -0.001 -18"><span class='ocrx_word' id='word_1_234' title='bbox 221 1865 280 1931; x_wconf 81' lang='grc' dir='ltr'>τῇ</span> <span class='ocrx_word' id='word_1_235' title='bbox 329 1860 594 1930; x_wconf 72' lang='grc' dir='ltr'>μετουσίᾳ</span> <span class='ocrx_word' id='word_1_236' title='bbox 635 1861 905 1928; x_wconf 80' lang='grc' dir='ltr'>γενέσθαι,</span> <span class='ocrx_word' id='word_1_237' title='bbox 956 1860 1051 1923; x_wconf 82' lang='grc' dir='ltr'>τὰς</span> <span class='ocrx_word' id='word_1_238' title='bbox 1096 1863 1280 1930; x_wconf 84' lang='grc' dir='ltr'>χεῖρας</span> <span class='ocrx_word' id='word_1_239' title='bbox 1312 1860 1659 1930; x_wconf 73' lang='grc' dir='ltr'>σχηματίζων</span> <span class='ocrx_word' id='word_1_240' title='bbox 1703 1862 1783 1922; x_wconf 88' lang='grc' dir='ltr'><strong>εἰς</strong></span> 
     </span>
    </p>
   </div>
   <div class='ocr_carea' id='block_1_37' title="bbox 219 1949 1786 2022">
    <p class='ocr_par' dir='ltr' id='par_1_37' title="bbox 219 1949 1786 2022">
     <span class='ocr_line' id='line_1_37' title="bbox 219 1949 1786 2022; baseline 0.001 -19"><span class='ocrx_word' id='word_1_241' title='bbox 219 1950 380 2003; x_wconf 77' lang='grc' dir='ltr'>τύπον</span> <span class='ocrx_word' id='word_1_242' title='bbox 413 1949 671 2022; x_wconf 81' lang='grc' dir='ltr'>σταυροῦ,</span> <span class='ocrx_word' id='word_1_243' title='bbox 703 1950 844 2001; x_wconf 79' lang='grc' dir='ltr'>οὓτω</span> <span class='ocrx_word' id='word_1_244' title='bbox 872 1951 1111 2018; x_wconf 89' lang='grc' dir='ltr'>προσίτω</span> <span class='ocrx_word' id='word_1_245' title='bbox 1148 1951 1239 2003; x_wconf 79' lang='grc' dir='ltr'>καὶ</span> <span class='ocrx_word' id='word_1_246' title='bbox 1268 1951 1509 2022; x_wconf 82' lang='grc' dir='ltr'>δεχέσθω</span> <span class='ocrx_word' id='word_1_247' title='bbox 1548 1950 1645 2022; x_wconf 83' lang='grc' dir='ltr'>τὴν</span> <span class='ocrx_word' id='word_1_248' title='bbox 1672 1969 1786 2004; x_wconf 73' lang='grc' dir='ltr'>κοιο</span> 
     </span>
    </p>
   </div>
   <div class='ocr_carea' id='block_1_38' title="bbox 222 2039 1785 2112">
    <p class='ocr_par' dir='ltr' id='par_1_38' title="bbox 222 2039 1785 2112">
     <span class='ocr_line' id='line_1_38' title="bbox 222 2039 1785 2112; baseline 0.002 -20"><span class='ocrx_word' id='word_1_249' title='bbox 222 2039 408 2092; x_wconf 89' lang='grc' dir='ltr'>νωνίαν</span> <span class='ocrx_word' id='word_1_250' title='bbox 454 2039 556 2110; x_wconf 81' lang='grc' dir='ltr'><strong>τῆς</strong></span> <span class='ocrx_word' id='word_1_251' title='bbox 613 2041 853 2110; x_wconf 85' lang='grc' dir='ltr'>χάριτος.</span> <span class='ocrx_word' id='word_1_252' title='bbox 901 2040 1039 2102; x_wconf 80' lang='grc' dir='ltr'>Τοὺς</span> <span class='ocrx_word' id='word_1_253' title='bbox 1081 2039 1192 2110; x_wconf 84' lang='grc' dir='ltr'><strong>γὰρ</strong></span> <span class='ocrx_word' id='word_1_254' title='bbox 1237 2042 1300 2093; x_wconf 80' lang='grc' dir='ltr'>ἐκ</span> <span class='ocrx_word' id='word_1_255' title='bbox 1327 2041 1528 2112; x_wconf 82' lang='grc' dir='ltr'>χρυσοῢ</span> <span class='ocrx_word' id='word_1_256' title='bbox 1559 2043 1590 2110; x_wconf 85' lang='grc' dir='ltr'>ἢ</span> <span class='ocrx_word' id='word_1_257' title='bbox 1620 2040 1785 2112; x_wconf 81' lang='grc' dir='ltr'>ἄλλης</span> 
     </span>
    </p>
   </div>
   <div class='ocr_carea' id='block_1_39' title="bbox 222 2127 1785 2201">
    <p class='ocr_par' dir='ltr' id='par_1_39' title="bbox 222 2127 1785 2201">
     <span class='ocr_line' id='line_1_39' title="bbox 222 2127 1785 2201; baseline 0.002 -21"><span class='ocrx_word' id='word_1_258' title='bbox 222 2127 366 2199; x_wconf 77' lang='grc' dir='ltr'>ὕλης,</span> <span class='ocrx_word' id='word_1_259' title='bbox 395 2130 516 2182; x_wconf 73' lang='grc' dir='ltr'>ἀντὶ</span> <span class='ocrx_word' id='word_1_260' title='bbox 541 2127 746 2198; x_wconf 82' lang='grc' dir='ltr'>χειρὸς,</span> <span class='ocrx_word' id='word_1_261' title='bbox 770 2128 890 2181; x_wconf 83' lang='grc' dir='ltr'>τινὰ</span> <span class='ocrx_word' id='word_1_262' title='bbox 917 2129 1094 2198; x_wconf 88' lang='grc' dir='ltr'>δοχεία</span> <span class='ocrx_word' id='word_1_263' title='bbox 1120 2130 1626 2193; x_wconf 74' lang='grc' dir='ltr'>κατασκευάζοντας</span> <span class='ocrx_word' id='word_1_264' title='bbox 1649 2131 1785 2201; x_wconf 82' lang='grc' dir='ltr'>πρὸς</span> 
     </span>
    </p>
   </div>
   <div class='ocr_carea' id='block_1_40' title="bbox 221 2217 1786 2292">
    <p class='ocr_par' dir='ltr' id='par_1_40' title="bbox 221 2217 1786 2292">
     <span class='ocr_line' id='line_1_40' title="bbox 221 2217 1786 2292; baseline 0.001 -20"><span class='ocrx_word' id='word_1_265' title='bbox 221 2219 312 2289; x_wconf 78' lang='grc' dir='ltr'>τὴν</span> <span class='ocrx_word' id='word_1_266' title='bbox 337 2217 430 2273; x_wconf 84' lang='grc' dir='ltr'>τοῦ</span> <span class='ocrx_word' id='word_1_267' title='bbox 481 2219 630 2272; x_wconf 84' lang='grc' dir='ltr'>θείου</span> <span class='ocrx_word' id='word_1_268' title='bbox 681 2219 852 2290; x_wconf 84' lang='grc' dir='ltr'>δώρου</span> <span class='ocrx_word' id='word_1_269' title='bbox 896 2219 1182 2289; x_wconf 83' lang='grc' dir='ltr'>ὑποδοχὴν,</span> <span class='ocrx_word' id='word_1_270' title='bbox 1228 2222 1322 2274; x_wconf 77' lang='grc' dir='ltr'>καὶ</span> <span class='ocrx_word' id='word_1_271' title='bbox 1354 2220 1418 2274; x_wconf 84' lang='grc' dir='ltr'>δι’</span> <span class='ocrx_word' id='word_1_272' title='bbox 1469 2221 1644 2275; x_wconf 70' lang='grc' dir='ltr'>αὐτῶν</span> <span class='ocrx_word' id='word_1_273' title='bbox 1688 2223 1786 2292; x_wconf 83' lang='grc' dir='ltr'>τῆς</span> 
     </span>
    </p>
   </div>
   <div class='ocr_carea' id='block_1_41' title="bbox 222 2311 1786 2382">
    <p class='ocr_par' dir='ltr' id='par_1_41' title="bbox 222 2311 1786 2382">
     <span class='ocr_line' id='line_1_41' title="bbox 222 2311 1786 2382; baseline 0 -18"><span class='ocrx_word' id='word_1_274' title='bbox 222 2311 482 2380; x_wconf 81' lang='grc' dir='ltr'>ἀχράντου</span> <span class='ocrx_word' id='word_1_275' title='bbox 537 2312 824 2375; x_wconf 84' lang='grc' dir='ltr'>κοινωνίας</span> <span class='ocrx_word' id='word_1_276' title='bbox 872 2311 1262 2381; x_wconf 80' lang='grc' dir='ltr'>ἀξιουμένους,</span> <span class='ocrx_word' id='word_1_277' title='bbox 1321 2312 1570 2382; x_wconf 74' lang='grc' dir='ltr'>οὐδαμῶς</span> <span class='ocrx_word' id='word_1_278' title='bbox 1619 2329 1786 2381; x_wconf 88' lang='grc' dir='ltr'>προσ-</span> 
     </span>
    </p>
   </div>
   <div class='ocr_carea' id='block_1_42' title="bbox 227 2401 1788 2474">
    <p class='ocr_par' dir='ltr' id='par_1_42' title="bbox 227 2401 1788 2474">
     <span class='ocr_line' id='line_1_42' title="bbox 227 2401 1788 2474; baseline 0.001 -20"><span class='ocrx_word' id='word_1_279' title='bbox 227 2403 409 2472; x_wconf 80' lang='grc' dir='ltr'>ιέμεθα</span> <span class='ocrx_word' id='word_1_280' title='bbox 431 2418 444 2431; x_wconf 74' lang='grc' dir='ltr'><strong>ο</strong></span> <span class='ocrx_word' id='word_1_281' title='bbox 479 2402 559 2466; x_wconf 85' lang='grc' dir='ltr'>ὡς</span> <span class='ocrx_word' id='word_1_282' title='bbox 598 2401 978 2472; x_wconf 84' lang='grc' dir='ltr'>προτιμῶντας</span> <span class='ocrx_word' id='word_1_283' title='bbox 1003 2405 1100 2474; x_wconf 79' lang='grc' dir='ltr'>τῆς</span> <span class='ocrx_word' id='word_1_284' title='bbox 1127 2401 1221 2455; x_wconf 84' lang='grc' dir='ltr'>τοῦ</span> <span class='ocrx_word' id='word_1_285' title='bbox 1263 2401 1400 2455; x_wconf 83' lang='grc' dir='ltr'>Θεοῦ</span> <span class='ocrx_word' id='word_1_286' title='bbox 1432 2403 1659 2469; x_wconf 88' lang='grc' dir='ltr'>εἰκόνος,</span> <span class='ocrx_word' id='word_1_287' title='bbox 1688 2405 1788 2474; x_wconf 82' lang='grc' dir='ltr'>τὴν</span> 
     </span>
    </p>
   </div>
   <div class='ocr_carea' id='block_1_43' title="bbox 223 2492 1788 2566">
    <p class='ocr_par' dir='ltr' id='par_1_43' title="bbox 223 2492 1788 2566">
     <span class='ocr_line' id='line_1_43' title="bbox 223 2492 1788 2566; baseline 0.001 -19"><span class='ocrx_word' id='word_1_288' title='bbox 223 2493 418 2563; x_wconf 73' lang='grc' dir='ltr'>ἄψυχον</span> <span class='ocrx_word' id='word_1_289' title='bbox 446 2493 582 2564; x_wconf 81' lang='grc' dir='ltr'>ὓλην</span> <span class='ocrx_word' id='word_1_290' title='bbox 601 2494 694 2546; x_wconf 78' lang='grc' dir='ltr'><strong>καὶ</strong></span> <span class='ocrx_word' id='word_1_291' title='bbox 717 2492 1045 2564; x_wconf 85' lang='grc' dir='ltr'>ὑποχείριον.</span> <span class='ocrx_word' id='word_1_292' title='bbox 1071 2493 1133 2546; x_wconf 87' lang='grc' dir='ltr'>Εἰ</span> <span class='ocrx_word' id='word_1_293' title='bbox 1152 2494 1209 2547; x_wconf 82' lang='grc' dir='ltr'><strong>δέ</strong></span> <span class='ocrx_word' id='word_1_294' title='bbox 1227 2512 1308 2558; x_wconf 88' lang='grc' dir='ltr'><strong>τις</strong></span> <span class='ocrx_word' id='word_1_295' title='bbox 1333 2493 1442 2564; x_wconf 82' lang='grc' dir='ltr'><strong>ἁλῷ</strong></span> <span class='ocrx_word' id='word_1_296' title='bbox 1461 2494 1560 2563; x_wconf 87' lang='grc' dir='ltr'><strong>τῆς</strong></span> <span class='ocrx_word' id='word_1_297' title='bbox 1588 2495 1788 2566; x_wconf 79' lang='grc' dir='ltr'>ἀχράν-</span> 
     </span>
    </p>
   </div>
   <div class='ocr_carea' id='block_1_44' title="bbox 224 2585 1787 2656">
    <p class='ocr_par' dir='ltr' id='par_1_44' title="bbox 224 2585 1787 2656">
     <span class='ocr_line' id='line_1_44' title="bbox 224 2585 1787 2656; baseline 0.001 -20"><span class='ocrx_word' id='word_1_298' title='bbox 224 2601 310 2637; x_wconf 86' lang='grc' dir='ltr'><strong>του</strong></span> <span class='ocrx_word' id='word_1_299' title='bbox 339 2585 628 2646; x_wconf 84' lang='grc' dir='ltr'>κοινωνίας</span> <span class='ocrx_word' id='word_1_300' title='bbox 669 2585 980 2653; x_wconf 78' lang='grc' dir='ltr'>μεταδιδοὺς</span> <span class='ocrx_word' id='word_1_301' title='bbox 1003 2587 1113 2649; x_wconf 88' lang='grc' dir='ltr'>τοῖς</span> <span class='ocrx_word' id='word_1_302' title='bbox 1146 2585 1372 2638; x_wconf 81' lang='grc' dir='ltr'>τοιαῦτα</span> <span class='ocrx_word' id='word_1_303' title='bbox 1400 2585 1584 2655; x_wconf 87' lang='grc' dir='ltr'>δοχεῖα</span> <span class='ocrx_word' id='word_1_304' title='bbox 1616 2601 1787 2656; x_wconf 85' lang='grc' dir='ltr'>προσ-</span> 
     </span>
    </p>
   </div>
   <div class='ocr_carea' id='block_1_45' title="bbox 224 2673 1784 2746">
    <p class='ocr_par' dir='ltr' id='par_1_45' title="bbox 224 2673 1784 2746">
     <span class='ocr_line' id='line_1_45' title="bbox 224 2673 1784 2746; baseline 0.002 -19"><span class='ocrx_word' id='word_1_305' title='bbox 224 2677 491 2746; x_wconf 80' lang='grc' dir='ltr'>φέρουσιν,</span> <span class='ocrx_word' id='word_1_306' title='bbox 553 2673 898 2744; x_wconf 79' lang='grc' dir='ltr'>ἁφοριζέσθω</span> <span class='ocrx_word' id='word_1_307' title='bbox 934 2675 1029 2728; x_wconf 76' lang='grc' dir='ltr'><strong>καὶ</strong></span> <span class='ocrx_word' id='word_1_308' title='bbox 1076 2676 1237 2740; x_wconf 68' lang='grc' dir='ltr'>αὐτὸς</span> <span class='ocrx_word' id='word_1_309' title='bbox 1273 2678 1366 2730; x_wconf 76' lang='grc' dir='ltr'>καὶ</span> <span class='ocrx_word' id='word_1_310' title='bbox 1407 2679 1436 2730; x_wconf 82' lang='grc' dir='ltr'><strong>ὁ</strong></span> <span class='ocrx_word' id='word_1_311' title='bbox 1463 2678 1636 2731; x_wconf 81' lang='grc' dir='ltr'>ταῦτα</span> <span class='ocrx_word' id='word_1_312' title='bbox 1663 2679 1784 2730; x_wconf 77' lang='grc' dir='ltr'>επι-</span> 
     </span>
    </p>
   </div>
   <div class='ocr_carea' id='block_1_46' title="bbox 224 2767 531 2836">
    <p class='ocr_par' dir='ltr' id='par_1_46' title="bbox 224 2767 531 2836">
     <span class='ocr_line' id='line_1_46' title="bbox 224 2767 531 2836; baseline 0.013 -20"><span class='ocrx_word' id='word_1_313' title='bbox 224 2767 531 2836; x_wconf 61' lang='grc' dir='ltr'>(φερόμενος.</span> 
     </span>
    </p>
   </div>
   <div class='ocr_carea' id='block_1_47' title="bbox 289 2852 1780 2928">
    <p class='ocr_par' dir='ltr' id='par_1_47' title="bbox 289 2852 1780 2928">
     <span class='ocr_line' id='line_1_47' title="bbox 289 2852 1780 2928; baseline 0.004 -20"><span class='ocrx_word' id='word_1_314' title='bbox 289 2857 532 2910; x_wconf 77' lang='grc' dir='ltr'><strong>ΚΕΦΑΛ.</strong></span> <span class='ocrx_word' id='word_1_315' title='bbox 574 2852 652 2909; x_wconf 85' lang='lat' dir='ltr'><strong>E’.</strong></span> <span class='ocrx_word' id='word_1_316' title='bbox 669 2854 878 2922; x_wconf 87' lang='grc' dir='ltr'><strong>-Πῶς</strong></span> <span class='ocrx_word' id='word_1_317' title='bbox 897 2855 1129 2910; x_wconf 86' lang='grc' dir='ltr'>διδόασι</span> <span class='ocrx_word' id='word_1_318' title='bbox 1150 2857 1396 2926; x_wconf 77' lang='grc' dir='ltr'>εἰρήνην</span> <span class='ocrx_word' id='word_1_319' title='bbox 1417 2863 1470 2913; x_wconf 85' lang='grc' dir='ltr'><strong>οἰ</strong></span> <span class='ocrx_word' id='word_1_320' title='bbox 1487 2861 1763 2928; x_wconf 73' lang='grc' dir='ltr'>κληρωτοί</span> <span class='ocrx_word' id='word_1_321' title='bbox 1766 2901 1780 2915; x_wconf 94' lang='grc'><strong>.</strong></span> 
     </span>
    </p>
   </div>
   <div class='ocr_carea' id='block_1_48' title="bbox 487 2948 1497 3016">
    <p class='ocr_par' dir='ltr' id='par_1_48' title="bbox 487 2948 1497 3016">
     <span class='ocr_line' id='line_1_48' title="bbox 487 2948 1497 3016; baseline 0.004 -13"><span class='ocrx_word' id='word_1_322' title='bbox 487 2948 765 3003; x_wconf 86' lang='grc' dir='ltr'>Συνόδου</span> <span class='ocrx_word' id='word_1_323' title='bbox 797 2949 1145 3016; x_wconf 82' lang='grc' dir='ltr'>Λαοδικείας</span> <span class='ocrx_word' id='word_1_324' title='bbox 1185 2951 1385 3004; x_wconf 79' lang='grc' dir='ltr'>κανὼν</span> <span class='ocrx_word' id='word_1_325' title='bbox 1412 2953 1497 3007; x_wconf 92' lang='grc' dir='ltr'>ιθ’.</span> 
     </span>
    </p>
   </div>
   <div class='ocr_carea' id='block_1_49' title="bbox 293 3037 1786 3116">
    <p class='ocr_par' dir='ltr' id='par_1_49' title="bbox 293 3037 1786 3116">
     <span class='ocr_line' id='line_1_49' title="bbox 293 3037 1786 3116; baseline 0.005 -25"><span class='ocrx_word' id='word_1_326' title='bbox 293 3037 375 3093; x_wconf 81' lang='grc' dir='ltr'>ιθ’.</span> <span class='ocrx_word' id='word_1_327' title='bbox 405 3041 544 3110; x_wconf 70' lang='grc' dir='ltr'><strong>Περὶ</strong></span> <span class='ocrx_word' id='word_1_328' title='bbox 575 3040 668 3093; x_wconf 81' lang='grc' dir='ltr'>τοῦ</span> <span class='ocrx_word' id='word_1_329' title='bbox 691 3041 799 3093; x_wconf 85' lang='grc' dir='ltr'>δεῖν</span> <span class='ocrx_word' id='word_1_330' title='bbox 847 3041 953 3111; x_wconf 75' lang='grc' dir='ltr'>ἰδίᾳ</span> <span class='ocrx_word' id='word_1_331' title='bbox 987 3040 1224 3112; x_wconf 88' lang='grc' dir='ltr'>πρῶτον,</span> <span class='ocrx_word' id='word_1_332' title='bbox 1271 3044 1410 3114; x_wconf 83' lang='grc' dir='ltr'>μετὰ</span> <span class='ocrx_word' id='word_1_333' title='bbox 1439 3043 1534 3108; x_wconf 83' lang='grc' dir='ltr'>τὰς</span> <span class='ocrx_word' id='word_1_334' title='bbox 1575 3044 1786 3116; x_wconf 86' lang='grc' dir='ltr'>ὁμιλίας</span> 
     </span>
    </p>
   </div>
   <div class='ocr_carea' id='block_1_50' title="bbox 225 3130 924 3196">
    <p class='ocr_par' dir='ltr' id='par_1_50' title="bbox 225 3130 924 3196">
     <span class='ocr_line' id='line_1_50' title="bbox 225 3130 924 3196; baseline 0.003 -14"><span class='ocrx_word' id='word_1_335' title='bbox 225 3130 328 3182; x_wconf 89' lang='grc' dir='ltr'><strong>τῶν</strong></span> <span class='ocrx_word' id='word_1_336' title='bbox 347 3131 683 3196; x_wconf 79' lang='grc' dir='ltr'>ἐπισκόπων,</span> <span class='ocrx_word' id='word_1_337' title='bbox 718 3147 774 3185; x_wconf 90' lang='grc' dir='ltr'><strong>κ.</strong></span> <span class='ocrx_word' id='word_1_338' title='bbox 797 3149 848 3186; x_wconf 89' lang='grc' dir='ltr'>τ.</span> <span class='ocrx_word' id='word_1_339' title='bbox 875 3131 924 3184; x_wconf 88' lang='grc' dir='ltr'><strong>λ.</strong></span> 
     </span>
    </p>
   </div>
   <div class='ocr_carea' id='block_1_51' title="bbox 292 3221 1788 3296">
    <p class='ocr_par' dir='ltr' id='par_1_51' title="bbox 292 3221 1788 3296">
     <span class='ocr_line' id='line_1_51' title="bbox 292 3221 1788 3296; baseline 0.003 -21"><span class='ocrx_word' id='word_1_340' title='bbox 292 3225 538 3278; x_wconf 79' lang='grc' dir='ltr'><strong>ΚΕΦΑΛ.</strong></span> <span class='ocrx_word' id='word_1_341' title='bbox 568 3221 659 3289; x_wconf 74' lang='grc' dir='ltr'>εἶ’.</span> <span class='ocrx_word' id='word_1_342' title='bbox 691 3223 926 3292; x_wconf 80' lang='grc' dir='ltr'>-Ηερί</span> <span class='ocrx_word' id='word_1_343' title='bbox 947 3223 1065 3277; x_wconf 77' lang='grc' dir='ltr'><strong>τῶν</strong></span> <span class='ocrx_word' id='word_1_344' title='bbox 1096 3225 1560 3296; x_wconf 62' lang='grc' dir='ltr'>διακρινομένων</span> <span class='ocrx_word' id='word_1_345' title='bbox 1583 3245 1788 3282; x_wconf 77' lang='grc' dir='ltr'>κοινω-</span> 
     </span>
    </p>
   </div>
   <div class='ocr_carea' id='block_1_52' title="bbox 227 3313 1384 3387">
    <p class='ocr_par' dir='ltr' id='par_1_52' title="bbox 227 3313 1384 3387">
     <span class='ocr_line' id='line_1_52' title="bbox 227 3313 1384 3387; baseline 0.007 -22"><span class='ocrx_word' id='word_1_346' title='bbox 227 3313 347 3368; x_wconf 77' lang='grc' dir='ltr'>νεῖν</span> <span class='ocrx_word' id='word_1_347' title='bbox 371 3315 490 3370; x_wconf 82' lang='grc' dir='ltr'><strong>ἀπὸ</strong></span> <span class='ocrx_word' id='word_1_348' title='bbox 515 3316 926 3384; x_wconf 78' lang='grc' dir='ltr'>πρεσϐυτέρου</span> <span class='ocrx_word' id='word_1_349' title='bbox 960 3321 1384 3387; x_wconf 73' lang='grc' dir='ltr'>γεγαμηκότος.</span> 
     </span>
    </p>
   </div>
   <div class='ocr_carea' id='block_1_53' title="bbox 535 3405 1451 3477">
    <p class='ocr_par' dir='ltr' id='par_1_53' title="bbox 535 3405 1451 3477">
     <span class='ocr_line' id='line_1_53' title="bbox 535 3405 1451 3477; baseline 0.007 -17"><span class='ocrx_word' id='word_1_350' title='bbox 535 3405 808 3460; x_wconf 84' lang='grc' dir='ltr'>Συνόδου</span> <span class='ocrx_word' id='word_1_351' title='bbox 833 3407 1117 3477; x_wconf 68' lang='grc' dir='ltr'>Γαγπρῶν</span> <span class='ocrx_word' id='word_1_352' title='bbox 1149 3409 1350 3463; x_wconf 84' lang='grc' dir='ltr'>κανὼν</span> <span class='ocrx_word' id='word_1_353' title='bbox 1389 3409 1451 3466; x_wconf 82' lang='grc' dir='ltr'>δ’.</span> 
     </span>
    </p>
   </div>
   <div class='ocr_carea' id='block_1_54' title="bbox 294 3497 1789 3574">
    <p class='ocr_par' dir='ltr' id='par_1_54' title="bbox 294 3497 1789 3574">
     <span class='ocr_line' id='line_1_54' title="bbox 294 3497 1789 3574; baseline 0.004 -24"><span class='ocrx_word' id='word_1_354' title='bbox 294 3497 352 3552; x_wconf 78' lang='grc' dir='ltr'><strong>δ’,</strong></span> <span class='ocrx_word' id='word_1_355' title='bbox 376 3500 440 3552; x_wconf 79' lang='grc' dir='ltr'>Εἰ</span> <span class='ocrx_word' id='word_1_356' title='bbox 463 3517 547 3562; x_wconf 87' lang='grc' dir='ltr'><strong>τις</strong></span> <span class='ocrx_word' id='word_1_357' title='bbox 577 3499 903 3568; x_wconf 85' lang='grc' dir='ltr'>διακρίνοιτο</span> <span class='ocrx_word' id='word_1_358' title='bbox 949 3500 1099 3570; x_wconf 73' lang='grc' dir='ltr'>παρὰ</span> <span class='ocrx_word' id='word_1_359' title='bbox 1131 3502 1501 3574; x_wconf 80' lang='grc' dir='ltr'>πρεσϐυτέρου</span> <span class='ocrx_word' id='word_1_360' title='bbox 1539 3504 1789 3573; x_wconf 83' lang='grc' dir='ltr'>γεγαμη-</span> 
     </span>
    </p>
   </div>
   <div class='ocr_carea' id='block_1_55' title="bbox 229 3588 1789 3660">
    <p class='ocr_par' dir='ltr' id='par_1_55' title="bbox 229 3588 1789 3660">
     <span class='ocr_line' id='line_1_55' title="bbox 229 3588 1789 3660; baseline 0.001 -18"><span class='ocrx_word' id='word_1_361' title='bbox 229 3591 393 3653; x_wconf 75' lang='grc' dir='ltr'>κότος,</span> <span class='ocrx_word' id='word_1_362' title='bbox 431 3589 506 3659; x_wconf 82' lang='grc' dir='ltr'>μὴ</span> <span class='ocrx_word' id='word_1_363' title='bbox 538 3589 739 3658; x_wconf 71' lang='grc' dir='ltr'>χρῆναι</span> <span class='ocrx_word' id='word_1_364' title='bbox 766 3588 1245 3658; x_wconf 83' lang='grc' dir='ltr'>λειτουργήσαντος</span> <span class='ocrx_word' id='word_1_365' title='bbox 1287 3589 1450 3642; x_wconf 79' lang='grc' dir='ltr'>αὐτοῦ</span> <span class='ocrx_word' id='word_1_366' title='bbox 1479 3593 1789 3660; x_wconf 67' lang='grc' dir='ltr'>προσφορᾶς</span> 
     </span>
    </p>
   </div>
   <div class='ocr_carea' id='block_1_56' title="bbox 234 3679 1142 3749">
    <p class='ocr_par' dir='ltr' id='par_1_56' title="bbox 234 3679 1142 3749">
     <span class='ocr_line' id='line_1_56' title="bbox 234 3679 1142 3749; baseline 0.003 -19"><span class='ocrx_word' id='word_1_367' title='bbox 234 3679 681 3749; x_wconf 79' lang='grc' dir='ltr'>μεταλαμϐάνειν,</span> <span class='ocrx_word' id='word_1_368' title='bbox 714 3679 958 3748; x_wconf 81' lang='grc' dir='ltr'>ἀνάθεμα</span> <span class='ocrx_word' id='word_1_369' title='bbox 987 3679 1142 3733; x_wconf 75' lang='grc' dir='ltr'>ἔστω.</span> 
     </span>
    </p>
   </div>
   <div class='ocr_carea' id='block_1_57' title="bbox 295 3770 1791 3841">
    <p class='ocr_par' dir='ltr' id='par_1_57' title="bbox 295 3770 1791 3841">
     <span class='ocr_line' id='line_1_57' title="bbox 295 3770 1791 3841; baseline -0.001 -17"><span class='ocrx_word' id='word_1_370' title='bbox 295 3773 537 3825; x_wconf 78' lang='grc' dir='ltr'><strong>ΚΕΦᾹΔ.</strong></span> <span class='ocrx_word' id='word_1_371' title='bbox 574 3770 646 3826; x_wconf 88' lang='lat' dir='ltr'><strong>Z&#39;.</strong></span> <span class='ocrx_word' id='word_1_372' title='bbox 671 3801 743 3810; x_wconf 90' lang='lat'><strong>—</strong></span> <span class='ocrx_word' id='word_1_373' title='bbox 773 3771 912 3840; x_wconf 82' lang='grc' dir='ltr'>Περί</span> <span class='ocrx_word' id='word_1_374' title='bbox 956 3771 1062 3824; x_wconf 87' lang='grc' dir='ltr'>τοῦ</span> <span class='ocrx_word' id='word_1_375' title='bbox 1085 3771 1295 3840; x_wconf 82' lang='grc' dir='ltr'>μόνοις</span> <span class='ocrx_word' id='word_1_376' title='bbox 1333 3771 1457 3837; x_wconf 84' lang='grc' dir='ltr'>τοῖς</span> <span class='ocrx_word' id='word_1_377' title='bbox 1483 3773 1791 3841; x_wconf 73' lang='grc' dir='ltr'>ἱερατικοῖς</span> 
     </span>
    </p>
   </div>
   <div class='ocr_carea' id='block_1_58' title="bbox 187 3861 1790 3935">
    <p class='ocr_par' dir='ltr' id='par_1_58' title="bbox 187 3861 1790 3935">
     <span class='ocr_line' id='line_1_58' title="bbox 187 3861 1790 3935; baseline 0.002 -20"><span class='ocrx_word' id='word_1_378' title='bbox 187 3863 438 3934; x_wconf 59' lang='grc' dir='ltr'>,ἐξεῖναι</span> <span class='ocrx_word' id='word_1_379' title='bbox 476 3861 787 3916; x_wconf 78' lang='grc' dir='ltr'>κοινωνεῖν</span> <span class='ocrx_word' id='word_1_380' title='bbox 830 3864 899 3915; x_wconf 85' lang='grc' dir='ltr'>ἐν</span> <span class='ocrx_word' id='word_1_381' title='bbox 928 3863 1006 3927; x_wconf 82' lang='grc' dir='ltr'>τῷ</span> <span class='ocrx_word' id='word_1_382' title='bbox 1056 3865 1478 3931; x_wconf 83' lang='grc' dir='ltr'>θυσιαστηρίω,</span> <span class='ocrx_word' id='word_1_383' title='bbox 1513 3865 1611 3917; x_wconf 79' lang='grc' dir='ltr'><strong>καί</strong></span> <span class='ocrx_word' id='word_1_384' title='bbox 1660 3866 1790 3935; x_wconf 74' lang='grc' dir='ltr'>περὶ</span> 
     </span>
    </p>
   </div>
   <div class='ocr_carea' id='block_1_59' title="bbox 233 3954 1717 4025">
    <p class='ocr_par' dir='ltr' id='par_1_59' title="bbox 233 3954 1717 4025">
     <span class='ocr_line' id='line_1_59' title="bbox 233 3954 1717 4025; baseline 0.002 -17"><span class='ocrx_word' id='word_1_385' title='bbox 233 3955 331 4009; x_wconf 84' lang='grc' dir='ltr'>τοῦ</span> <span class='ocrx_word' id='word_1_386' title='bbox 362 3956 443 4025; x_wconf 78' lang='grc' dir='ltr'>μὴ</span> <span class='ocrx_word' id='word_1_387' title='bbox 478 3955 734 4010; x_wconf 83' lang='grc' dir='ltr'>εἰσιέναι</span> <span class='ocrx_word' id='word_1_388' title='bbox 764 3954 1016 4025; x_wconf 75' lang='grc' dir='ltr'>γυναῖκα</span> <span class='ocrx_word' id='word_1_389' title='bbox 1041 3957 1126 4021; x_wconf 77' lang='grc' dir='ltr'>εἰς</span> <span class='ocrx_word' id='word_1_390' title='bbox 1159 3959 1225 4010; x_wconf 80' lang='grc' dir='ltr'>τὸ</span> <span class='ocrx_word' id='word_1_391' title='bbox 1267 3957 1717 4025; x_wconf 76' lang='grc' dir='ltr'>θυσιαστήριον.</span> 
     </span>
    </p>
   </div>
   <div class='ocr_carea' id='block_1_60' title="bbox 447 4046 1573 4120">
    <p class='ocr_par' dir='ltr' id='par_1_60' title="bbox 447 4046 1573 4120">
     <span class='ocr_line' id='line_1_60' title="bbox 447 4046 1573 4120; baseline 0.002 -20"><span class='ocrx_word' id='word_1_392' title='bbox 447 4047 714 4102; x_wconf 83' lang='grc' dir='ltr'>Συνόδου</span> <span class='ocrx_word' id='word_1_393' title='bbox 749 4046 1098 4112; x_wconf 81' lang='grc' dir='ltr'>Λαοδικείας</span> <span class='ocrx_word' id='word_1_394' title='bbox 1131 4048 1328 4102; x_wconf 85' lang='grc' dir='ltr'>κανὼν</span> <span class='ocrx_word' id='word_1_395' title='bbox 1353 4049 1438 4116; x_wconf 75' lang='grc' dir='ltr'>ιϐ’,</span> <span class='ocrx_word' id='word_1_396' title='bbox 1473 4049 1573 4120; x_wconf 86' lang='grc' dir='ltr'>μδ¹.</span> 
     </span>
    </p>
   </div>
   <div class='ocr_carea' id='block_1_61' title="bbox 303 4139 1792 4214">
    <p class='ocr_par' dir='ltr' id='par_1_61' title="bbox 303 4139 1792 4214">
     <span class='ocr_line' id='line_1_61' title="bbox 303 4139 1792 4214; baseline 0.001 -22"><span class='ocrx_word' id='word_1_397' title='bbox 303 4139 383 4194; x_wconf 81' lang='grc' dir='ltr'>ιϐ’.</span> <span class='ocrx_word' id='word_1_398' title='bbox 416 4141 555 4210; x_wconf 75' lang='grc' dir='ltr'>Περὶ</span> <span class='ocrx_word' id='word_1_399' title='bbox 589 4139 682 4192; x_wconf 80' lang='grc' dir='ltr'>τοῦ</span> <span class='ocrx_word' id='word_1_400' title='bbox 714 4139 824 4193; x_wconf 87' lang='grc' dir='ltr'>δεῖν</span> <span class='ocrx_word' id='word_1_401' title='bbox 870 4140 977 4211; x_wconf 79' lang='grc' dir='ltr'>ίδίᾳ</span> <span class='ocrx_word' id='word_1_402' title='bbox 1003 4141 1237 4214; x_wconf 87' lang='grc' dir='ltr'>πρῶτον,</span> <span class='ocrx_word' id='word_1_403' title='bbox 1270 4141 1411 4212; x_wconf 81' lang='grc' dir='ltr'>μετὰ</span> <span class='ocrx_word' id='word_1_404' title='bbox 1452 4141 1550 4204; x_wconf 83' lang='grc' dir='ltr'>τὰς</span> <span class='ocrx_word' id='word_1_405' title='bbox 1576 4140 1792 4212; x_wconf 84' lang='grc' dir='ltr'>ὁμιλίας</span> 
     </span>
    </p>
   </div>
   <div class='ocr_carea' id='block_1_62' title="bbox 235 4231 951 4299">
    <p class='ocr_par' dir='ltr' id='par_1_62' title="bbox 235 4231 951 4299">
     <span class='ocr_line' id='line_1_62' title="bbox 235 4231 951 4299; baseline 0.006 -16"><span class='ocrx_word' id='word_1_406' title='bbox 235 4231 333 4284; x_wconf 84' lang='grc' dir='ltr'><strong>τῶν</strong></span> <span class='ocrx_word' id='word_1_407' title='bbox 361 4233 695 4299; x_wconf 76' lang='grc' dir='ltr'>ἐπισκόπων,</span> <span class='ocrx_word' id='word_1_408' title='bbox 730 4250 783 4287; x_wconf 92' lang='grc' dir='ltr'><strong>κ.</strong></span> <span class='ocrx_word' id='word_1_409' title='bbox 814 4249 866 4287; x_wconf 87' lang='grc' dir='ltr'><strong>τ.</strong></span> <span class='ocrx_word' id='word_1_410' title='bbox 900 4231 951 4287; x_wconf 84' lang='grc' dir='ltr'><strong>λ.</strong></span> 
     </span>
    </p>
   </div>
   <div class='ocr_carea' id='block_1_63' title="bbox 1883 1748 3449 1820">
    <p class='ocr_par' dir='ltr' id='par_1_63' title="bbox 1883 1748 3449 1820">
     <span class='ocr_line' id='line_1_63' title="bbox 1883 1748 3449 1820; baseline 0.003 -19"><span class='ocrx_word' id='word_1_411' title='bbox 1883 1757 2052 1817; x_wconf 78' lang='lat' dir='ltr'><strong>ticeps</strong></span> <span class='ocrx_word' id='word_1_412' title='bbox 2082 1751 2327 1813; x_wconf 89' lang='lat' dir='ltr'><strong>voluerit,</strong></span> <span class='ocrx_word' id='word_1_413' title='bbox 2357 1748 2515 1820; x_wconf 67' lang='grc'><strong>140</strong></span> <span class='ocrx_word' id='word_1_414' title='bbox 2542 1759 2596 1804; x_wconf 89' lang='lat' dir='ltr'><strong>et</strong></span> <span class='ocrx_word' id='word_1_415' title='bbox 2617 1751 2810 1804; x_wconf 85' lang='lat' dir='ltr'><strong>oll‘erre</strong></span> <span class='ocrx_word' id='word_1_416' title='bbox 2832 1766 2889 1805; x_wconf 90' lang='lat' dir='ltr'><strong>se</strong></span> <span class='ocrx_word' id='word_1_417' title='bbox 2907 1751 2975 1805; x_wconf 90' lang='lat' dir='ltr'><strong>ad</strong></span> <span class='ocrx_word' id='word_1_418' title='bbox 2991 1753 3449 1818; x_wconf 87' lang='lat' dir='ltr'><strong>communionem,</strong></span> 
     </span>
    </p>
   </div>
   <div class='ocr_carea' id='block_1_64' title="bbox 1883 1840 3455 1910">
    <p class='ocr_par' dir='ltr' id='par_1_64' title="bbox 1883 1840 3455 1910">
     <span class='ocr_line' id='line_1_64' title="bbox 1883 1840 3455 1910; baseline 0.003 -16"><span class='ocrx_word' id='word_1_419' title='bbox 1883 1854 2078 1895; x_wconf 87' lang='lat' dir='ltr'><strong>manus</strong></span> <span class='ocrx_word' id='word_1_420' title='bbox 2106 1840 2160 1894; x_wconf 88' lang='lat' dir='ltr'><strong>in</strong></span> <span class='ocrx_word' id='word_1_421' title='bbox 2209 1841 2389 1895; x_wconf 88' lang='lat' dir='ltr'><strong>crucis</strong></span> <span class='ocrx_word' id='word_1_422' title='bbox 2431 1842 2659 1895; x_wconf 78' lang='lat' dir='ltr'><strong>formam</strong></span> <span class='ocrx_word' id='word_1_423' title='bbox 2699 1841 2938 1910; x_wconf 80' lang='lat' dir='ltr'><strong>ﬁgurans</strong></span> <span class='ocrx_word' id='word_1_424' title='bbox 2981 1843 3062 1898; x_wconf 90' lang='lat' dir='ltr'><strong>sic</strong></span> <span class='ocrx_word' id='word_1_425' title='bbox 3113 1845 3355 1908; x_wconf 87' lang='lat' dir='ltr'><strong>accedat,</strong></span> <span class='ocrx_word' id='word_1_426' title='bbox 3398 1854 3455 1898; x_wconf 85' lang='lat' dir='ltr'><strong>et</strong></span> 
     </span>
    </p>
   </div>
   <div class='ocr_carea' id='block_1_65' title="bbox 1883 1931 3440 2002">
    <p class='ocr_par' dir='ltr' id='par_1_65' title="bbox 1883 1931 3440 2002">
     <span class='ocr_line' id='line_1_65' title="bbox 1883 1931 3440 2002; baseline 0.004 -20"><span class='ocrx_word' id='word_1_427' title='bbox 1883 1932 2067 2000; x_wconf 65' lang='lat' dir='ltr'><strong>gratia:</strong></span> <span class='ocrx_word' id='word_1_428' title='bbox 2097 1932 2536 1985; x_wconf 89' lang='lat' dir='ltr'><strong>communionem</strong></span> <span class='ocrx_word' id='word_1_429' title='bbox 2571 1935 2821 2002; x_wconf 90' lang='lat' dir='ltr'><strong>accipiat.</strong></span> <span class='ocrx_word' id='word_1_430' title='bbox 2871 1931 2980 1987; x_wconf 90' lang='lat' dir='ltr'><strong>Eos</strong></span> <span class='ocrx_word' id='word_1_431' title='bbox 3029 1934 3174 1986; x_wconf 89' lang='lat' dir='ltr'><strong>enim</strong></span> <span class='ocrx_word' id='word_1_432' title='bbox 3225 1934 3316 2002; x_wconf 92' lang='lat' dir='ltr'><strong>qui</strong></span> <span class='ocrx_word' id='word_1_433' title='bbox 3373 1950 3440 1988; x_wconf 79' lang='lat' dir='ltr'><strong>ex</strong></span> 
     </span>
    </p>
   </div>
   <div class='ocr_carea' id='block_1_66' title="bbox 1883 2019 3454 2091">
    <p class='ocr_par' dir='ltr' id='par_1_66' title="bbox 1883 2019 3454 2091">
     <span class='ocr_line' id='line_1_66' title="bbox 1883 2019 3454 2091; baseline 0.004 -20"><span class='ocrx_word' id='word_1_434' title='bbox 1883 2033 2040 2082; x_wconf 83' lang='lat' dir='ltr'><strong>auro,</strong></span> <span class='ocrx_word' id='word_1_435' title='bbox 2066 2019 2148 2073; x_wconf 87' lang='lat' dir='ltr'><strong>vel</strong></span> <span class='ocrx_word' id='word_1_436' title='bbox 2169 2035 2231 2073; x_wconf 78' lang='lat' dir='ltr'><strong>ex</strong></span> <span class='ocrx_word' id='word_1_437' title='bbox 2255 2020 2355 2072; x_wconf 90' lang='lat' dir='ltr'><strong>alia</strong></span> <span class='ocrx_word' id='word_1_438' title='bbox 2385 2022 2610 2075; x_wconf 76' lang='lat' dir='ltr'><strong>materia</strong></span> <span class='ocrx_word' id='word_1_439' title='bbox 2633 2037 2756 2090; x_wconf 71' lang='lat' dir='ltr'><strong>qua:</strong></span> <span class='ocrx_word' id='word_1_440' title='bbox 2775 2021 2894 2076; x_wconf 90' lang='lat' dir='ltr'><strong>loco</strong></span> <span class='ocrx_word' id='word_1_441' title='bbox 2920 2037 3113 2076; x_wconf 89' lang='lat' dir='ltr'><strong>manus</strong></span> <span class='ocrx_word' id='word_1_442' title='bbox 3139 2031 3454 2091; x_wconf 86' lang='lat' dir='ltr'><strong>receptacu-</strong></span> 
     </span>
    </p>
   </div>
   <div class='ocr_carea' id='block_1_67' title="bbox 1886 2110 3456 2183">
    <p class='ocr_par' dir='ltr' id='par_1_67' title="bbox 1886 2110 3456 2183">
     <span class='ocr_line' id='line_1_67' title="bbox 1886 2110 3456 2183; baseline 0.003 -21"><span class='ocrx_word' id='word_1_443' title='bbox 1886 2111 1934 2163; x_wconf 89' lang='lat' dir='ltr'><strong>la</strong></span> <span class='ocrx_word' id='word_1_444' title='bbox 1966 2110 2204 2164; x_wconf 73' lang='lat' dir='ltr'><strong>efﬁciunt</strong></span> <span class='ocrx_word' id='word_1_445' title='bbox 2225 2111 2290 2164; x_wconf 89' lang='lat' dir='ltr'><strong>ad</strong></span> <span class='ocrx_word' id='word_1_446' title='bbox 2321 2111 2486 2164; x_wconf 87' lang='lat' dir='ltr'><strong>divini</strong></span> <span class='ocrx_word' id='word_1_447' title='bbox 2515 2113 2759 2166; x_wconf 90' lang='lat' dir='ltr'><strong>muneris</strong></span> <span class='ocrx_word' id='word_1_448' title='bbox 2788 2113 3214 2182; x_wconf 89' lang='lat' dir='ltr'><strong>susceptionem,</strong></span> <span class='ocrx_word' id='word_1_449' title='bbox 3241 2121 3295 2166; x_wconf 91' lang='lat' dir='ltr'><strong>et</strong></span> <span class='ocrx_word' id='word_1_450' title='bbox 3359 2129 3456 2183; x_wconf 92' lang='lat' dir='ltr'><strong>per</strong></span> 
     </span>
    </p>
   </div>
   <div class='ocr_carea' id='block_1_68' title="bbox 1885 2202 3455 2276">
    <p class='ocr_par' dir='ltr' id='par_1_68' title="bbox 1885 2202 3455 2276">
     <span class='ocr_line' id='line_1_68' title="bbox 1885 2202 3455 2276; baseline 0.001 -19"><span class='ocrx_word' id='word_1_451' title='bbox 1885 2202 1999 2272; x_wconf 89' lang='lat' dir='ltr'><strong>ipsa</strong></span> <span class='ocrx_word' id='word_1_452' title='bbox 2034 2203 2438 2256; x_wconf 87' lang='lat' dir='ltr'><strong>immaculatam</strong></span> <span class='ocrx_word' id='word_1_453' title='bbox 2483 2205 2922 2259; x_wconf 89' lang='lat' dir='ltr'><strong>communionem</strong></span> <span class='ocrx_word' id='word_1_454' title='bbox 2968 2208 3254 2276; x_wconf 88' lang='lat' dir='ltr'><strong>recipiunt,</strong></span> <span class='ocrx_word' id='word_1_455' title='bbox 3288 2207 3455 2258; x_wconf 89' lang='lat' dir='ltr'><strong>mini-</strong></span> 
     </span>
    </p>
   </div>
   <div class='ocr_carea' id='block_1_69' title="bbox 1885 2296 3456 2368">
    <p class='ocr_par' dir='ltr' id='par_1_69' title="bbox 1885 2296 3456 2368">
     <span class='ocr_line' id='line_1_69' title="bbox 1885 2296 3456 2368; baseline 0.001 -18"><span class='ocrx_word' id='word_1_456' title='bbox 1885 2312 1973 2350; x_wconf 82' lang='lat' dir='ltr'><strong>me</strong></span> <span class='ocrx_word' id='word_1_457' title='bbox 1997 2296 2358 2360; x_wconf 87' lang='lat' dir='ltr'><strong>admittimus,</strong></span> <span class='ocrx_word' id='word_1_458' title='bbox 2390 2305 2444 2350; x_wconf 86' lang='lat' dir='ltr'><strong>ut</strong></span> <span class='ocrx_word' id='word_1_459' title='bbox 2468 2298 2559 2364; x_wconf 94' lang='lat' dir='ltr'><strong>qui</strong></span> <span class='ocrx_word' id='word_1_460' title='bbox 2615 2297 2971 2351; x_wconf 82' lang='lat' dir='ltr'><strong>inanimatam</strong></span> <span class='ocrx_word' id='word_1_461' title='bbox 3044 2299 3456 2368; x_wconf 82' lang='lat' dir='ltr'><strong>subjectamque</strong></span> 
     </span>
    </p>
   </div>
   <div class='ocr_carea' id='block_1_70' title="bbox 1886 2386 3454 2457">
    <p class='ocr_par' dir='ltr' id='par_1_70' title="bbox 1886 2386 3454 2457">
     <span class='ocr_line' id='line_1_70' title="bbox 1886 2386 3454 2457; baseline 0.001 -19"><span class='ocrx_word' id='word_1_462' title='bbox 1886 2388 2167 2440; x_wconf 87' lang='lat' dir='ltr'><strong>tuateriam</strong></span> <span class='ocrx_word' id='word_1_463' title='bbox 2193 2389 2283 2440; x_wconf 83' lang='lat' dir='ltr'><strong>Dei</strong></span> <span class='ocrx_word' id='word_1_464' title='bbox 2314 2387 2538 2456; x_wconf 81' lang='lat' dir='ltr'><strong>imagini</strong></span> <span class='ocrx_word' id='word_1_465' title='bbox 2565 2386 2883 2455; x_wconf 67' lang='lat' dir='ltr'><strong>praeferant.</strong></span> <span class='ocrx_word' id='word_1_466' title='bbox 2920 2387 2975 2441; x_wconf 76' lang='lat' dir='ltr'><strong>Si</strong></span> <span class='ocrx_word' id='word_1_467' title='bbox 3007 2388 3130 2457; x_wconf 88' lang='lat' dir='ltr'><strong>quis</strong></span> <span class='ocrx_word' id='word_1_468' title='bbox 3158 2399 3335 2441; x_wconf 90' lang='lat' dir='ltr'><strong>autem</strong></span> <span class='ocrx_word' id='word_1_469' title='bbox 3359 2390 3454 2441; x_wconf 68' lang='lat' dir='ltr'><strong>deo</strong></span> 
     </span>
    </p>
   </div>
   <div class='ocr_carea' id='block_1_71' title="bbox 1885 2478 3454 2546">
    <p class='ocr_par' dir='ltr' id='par_1_71' title="bbox 1885 2478 3454 2546">
     <span class='ocr_line' id='line_1_71' title="bbox 1885 2478 3454 2546; baseline 0.002 -17"><span class='ocrx_word' id='word_1_470' title='bbox 1885 2478 2188 2546; x_wconf 88' lang='lat' dir='ltr'><strong>prehensus</strong></span> <span class='ocrx_word' id='word_1_471' title='bbox 2219 2478 2380 2532; x_wconf 81' lang='lat' dir='ltr'><strong>fuerit</strong></span> <span class='ocrx_word' id='word_1_472' title='bbox 2426 2480 2835 2532; x_wconf 89' lang='lat' dir='ltr'><strong>immaculatam</strong></span> <span class='ocrx_word' id='word_1_473' title='bbox 2891 2480 3328 2534; x_wconf 78' lang='lat' dir='ltr'><strong>communiooem</strong></span> <span class='ocrx_word' id='word_1_474' title='bbox 3388 2479 3454 2532; x_wconf 89' lang='lat' dir='ltr'><strong>iis</strong></span> 
     </span>
    </p>
   </div>
   <div class='ocr_carea' id='block_1_72' title="bbox 1885 2561 3455 2635">
    <p class='ocr_par' dir='ltr' id='par_1_72' title="bbox 1885 2561 3455 2635">
     <span class='ocr_line' id='line_1_72' title="bbox 1885 2561 3455 2635; baseline -0.002 -16"><span class='ocrx_word' id='word_1_475' title='bbox 1885 2566 2222 2635; x_wconf 84' lang='lat' dir='ltr'><strong>impertiens,</strong></span> <span class='ocrx_word' id='word_1_476' title='bbox 2281 2567 2375 2635; x_wconf 90' lang='lat' dir='ltr'><strong>qui</strong></span> <span class='ocrx_word' id='word_1_477' title='bbox 2411 2566 2675 2634; x_wconf 85' lang='lat' dir='ltr'><strong>ejusmodi</strong></span> <span class='ocrx_word' id='word_1_478' title='bbox 2724 2565 3059 2635; x_wconf 80' lang='lat' dir='ltr'><strong>receptacula</strong></span> <span class='ocrx_word' id='word_1_479' title='bbox 3109 2561 3455 2629; x_wconf 65' lang='lat' dir='ltr'><strong>aﬂeruut,‘ct</strong></span> 
     </span>
    </p>
   </div>
   <div class='ocr_carea' id='block_1_73' title="bbox 1885 2655 2828 2727">
    <p class='ocr_par' dir='ltr' id='par_1_73' title="bbox 1885 2655 2828 2727">
     <span class='ocr_line' id='line_1_73' title="bbox 1885 2655 2828 2727; baseline -0.002 -17"><span class='ocrx_word' id='word_1_480' title='bbox 1885 2655 2002 2727; x_wconf 88' lang='lat' dir='ltr'><strong>ipse</strong></span> <span class='ocrx_word' id='word_1_481' title='bbox 2022 2665 2354 2726; x_wconf 69' lang='lat' dir='ltr'><strong>aegr-egetur,</strong></span> <span class='ocrx_word' id='word_1_482' title='bbox 2369 2666 2439 2725; x_wconf 62' lang='grc' dir='ltr'><strong>ιει</strong></span> <span class='ocrx_word' id='word_1_483' title='bbox 2467 2655 2513 2710; x_wconf 87' lang='lat' dir='ltr'><strong>is</strong></span> <span class='ocrx_word' id='word_1_484' title='bbox 2529 2657 2622 2725; x_wconf 92' lang='lat' dir='ltr'><strong>qui</strong></span> <span class='ocrx_word' id='word_1_485' title='bbox 2655 2656 2828 2710; x_wconf 74' lang='lat' dir='ltr'><strong>aﬂert.</strong></span> 
     </span>
    </p>
   </div>
   <div class='ocr_carea' id='block_1_74' title="bbox 1951 2851 3382 2922">
    <p class='ocr_par' dir='ltr' id='par_1_74' title="bbox 1951 2851 3382 2922">
     <span class='ocr_line' id='line_1_74' title="bbox 1951 2851 3382 2922; baseline -0.006 -8"><span class='ocrx_word' id='word_1_486' title='bbox 1951 2857 2102 2914; x_wconf 82' lang='lat' dir='ltr'><strong>CAP.</strong></span> <span class='ocrx_word' id='word_1_487' title='bbox 2136 2855 2549 2920; x_wconf 76' lang='lat' dir='ltr'><strong>V.—Quomodo</strong></span> <span class='ocrx_word' id='word_1_488' title='bbox 2575 2855 2754 2908; x_wconf 81' lang='lat' dir='ltr'><strong>clerici</strong></span> <span class='ocrx_word' id='word_1_489' title='bbox 2782 2862 2831 2906; x_wconf 84' lang='lat' dir='ltr'><strong>et</strong></span> <span class='ocrx_word' id='word_1_490' title='bbox 2865 2853 2986 2907; x_wconf 80' lang='lat' dir='ltr'><strong>laici</strong></span> <span class='ocrx_word' id='word_1_491' title='bbox 3016 2869 3198 2922; x_wconf 83' lang='lat' dir='ltr'><strong>pacem</strong></span> <span class='ocrx_word' id='word_1_492' title='bbox 3237 2851 3382 2906; x_wconf 83' lang='lat' dir='ltr'><strong>dent.</strong></span> 
     </span>
    </p>
   </div>
   <div class='ocr_carea' id='block_1_75' title="bbox 2239 2947 3103 3003">
    <p class='ocr_par' dir='ltr' id='par_1_75' title="bbox 2239 2947 3103 3003">
     <span class='ocr_line' id='line_1_75' title="bbox 2239 2947 3103 3003; baseline -0.005 0"><span class='ocrx_word' id='word_1_493' title='bbox 2239 2949 2460 3003; x_wconf 80' lang='lat' dir='ltr'><strong>Concilii</strong></span> <span class='ocrx_word' id='word_1_494' title='bbox 2490 2947 2776 3002; x_wconf 81' lang='lat' dir='ltr'><strong>Laudiceni</strong></span> <span class='ocrx_word' id='word_1_495' title='bbox 2815 2963 2984 3000; x_wconf 89' lang='lat' dir='ltr'><strong>canon</strong></span> <span class='ocrx_word' id='word_1_496' title='bbox 3018 2947 3103 3001; x_wconf 75' lang='lat' dir='ltr'><strong>i9.</strong></span> 
     </span>
    </p>
   </div>
   <div class='ocr_carea' id='block_1_76' title="bbox 1960 3038 3452 3110">
    <p class='ocr_par' dir='ltr' id='par_1_76' title="bbox 1960 3038 3452 3110">
     <span class='ocr_line' id='line_1_76' title="bbox 1960 3038 3452 3110; baseline -0.005 -14"><span class='ocrx_word' id='word_1_497' title='bbox 1960 3041 2046 3096; x_wconf 77' lang='lat' dir='ltr'><strong>l9.</strong></span> <span class='ocrx_word' id='word_1_498' title='bbox 2082 3040 2342 3110; x_wconf 87' lang='lat' dir='ltr'><strong>Oportere</strong></span> <span class='ocrx_word' id='word_1_499' title='bbox 2366 3055 2614 3094; x_wconf 89' lang='lat' dir='ltr'><strong>seorsum</strong></span> <span class='ocrx_word' id='word_1_500' title='bbox 2641 3039 2900 3108; x_wconf 88' lang='lat' dir='ltr'><strong>primum,</strong></span> <span class='ocrx_word' id='word_1_501' title='bbox 2925 3048 3048 3108; x_wconf 91' lang='lat' dir='ltr'><strong>post</strong></span> <span class='ocrx_word' id='word_1_502' title='bbox 3077 3038 3452 3107; x_wconf 87' lang='lat' dir='ltr'><strong>episcoporqu</strong></span> 
     </span>
    </p>
   </div>
   <div class='ocr_carea' id='block_1_77' title="bbox 1889 3133 2741 3202">
    <p class='ocr_par' dir='ltr' id='par_1_77' title="bbox 1889 3133 2741 3202">
     <span class='ocr_line' id='line_1_77' title="bbox 1889 3133 2741 3202; baseline -0.006 -11"><span class='ocrx_word' id='word_1_503' title='bbox 1889 3149 2189 3194; x_wconf 87' lang='lat' dir='ltr'><strong>sermones.</strong></span> <span class='ocrx_word' id='word_1_504' title='bbox 2215 3143 2346 3196; x_wconf 90' lang='lat' dir='ltr'><strong>ctc.,</strong></span> <span class='ocrx_word' id='word_1_505' title='bbox 2377 3143 2432 3185; x_wconf 85' lang='lat' dir='ltr'><strong>ut</strong></span> <span class='ocrx_word' id='word_1_506' title='bbox 2469 3149 2591 3202; x_wconf 86' lang='lat' dir='ltr'><strong>pag.</strong></span> <span class='ocrx_word' id='word_1_507' title='bbox 2619 3133 2741 3186; x_wconf 77' lang='lat'><strong>587.</strong></span> 
     </span>
    </p>
   </div>
   <div class='ocr_carea' id='block_1_78' title="bbox 1963 3222 3454 3294">
    <p class='ocr_par' dir='ltr' id='par_1_78' title="bbox 1963 3222 3454 3294">
     <span class='ocr_line' id='line_1_78' title="bbox 1963 3222 3454 3294; baseline -0.005 -12"><span class='ocrx_word' id='word_1_508' title='bbox 1963 3227 2111 3282; x_wconf 79' lang='lat' dir='ltr'><strong>CAP.</strong></span> <span class='ocrx_word' id='word_1_509' title='bbox 2145 3226 2314 3280; x_wconf 84' lang='lat' dir='ltr'><strong>Vl.-—-</strong></span> <span class='ocrx_word' id='word_1_510' title='bbox 2347 3225 2418 3278; x_wconf 84' lang='lat' dir='ltr'><strong>De</strong></span> <span class='ocrx_word' id='word_1_511' title='bbox 2452 3226 2518 3279; x_wconf 81' lang='lat' dir='ltr'><strong>iis</strong></span> <span class='ocrx_word' id='word_1_512' title='bbox 2561 3241 2676 3293; x_wconf 66' lang='lat' dir='ltr'><strong>quae</strong></span> <span class='ocrx_word' id='word_1_513' title='bbox 2708 3224 3067 3292; x_wconf 77' lang='lat' dir='ltr'><strong>indi/ferenter</strong></span> <span class='ocrx_word' id='word_1_514' title='bbox 3095 3241 3128 3277; x_wconf 90' lang='lat' dir='ltr'><strong>a</strong></span> <span class='ocrx_word' id='word_1_515' title='bbox 3158 3222 3454 3294; x_wconf 71' lang='lat' dir='ltr'><strong>presbytero</strong></span> 
     </span>
    </p>
   </div>
   <div class='ocr_carea' id='block_1_79' title="bbox 1890 3317 3068 3393">
    <p class='ocr_par' dir='ltr' id='par_1_79' title="bbox 1890 3317 3068 3389">
     <span class='ocr_line' id='line_1_79' title="bbox 1890 3317 3068 3389; baseline -0.005 -15"><span class='ocrx_word' id='word_1_516' title='bbox 1890 3319 2168 3389; x_wconf 78' lang='lat' dir='ltr'><strong>conjugato</strong></span> <span class='ocrx_word' id='word_1_517' title='bbox 2204 3317 2615 3370; x_wconf 83' lang='lat' dir='ltr'><strong>communionem</strong></span> <span class='ocrx_word' id='word_1_518' title='bbox 2650 3333 2753 3369; x_wconf 91' lang='lat' dir='ltr'><strong>non</strong></span> <span class='ocrx_word' id='word_1_519' title='bbox 2782 3317 3068 3384; x_wconf 82' lang='lat' dir='ltr'><strong>accipiunt.</strong></span> 
     </span>
    </p>
   </div>
   <div class='ocr_carea' id='block_1_80' title="bbox 2242 3407 3103 3478">
    <p class='ocr_par' dir='ltr' id='par_1_80' title="bbox 2242 3407 3103 3478">
     <span class='ocr_line' id='line_1_80' title="bbox 2242 3407 3103 3478; baseline -0.002 -15"><span class='ocrx_word' id='word_1_520' title='bbox 2242 3409 2466 3463; x_wconf 82' lang='lat' dir='ltr'><strong>Concilii</strong></span> <span class='ocrx_word' id='word_1_521' title='bbox 2503 3408 2821 3478; x_wconf 80' lang='lat' dir='ltr'><strong>Gangrensis</strong></span> <span class='ocrx_word' id='word_1_522' title='bbox 2849 3425 3016 3460; x_wconf 90' lang='lat' dir='ltr'><strong>canon</strong></span> <span class='ocrx_word' id='word_1_523' title='bbox 3049 3407 3103 3462; x_wconf 75' lang='grc'>4.</span> 
     </span>
    </p>
   </div>
   <div class='ocr_carea' id='block_1_81' title="bbox 1961 3497 3458 3573">
    <p class='ocr_par' dir='ltr' id='par_1_81' title="bbox 1961 3497 3458 3573">
     <span class='ocr_line' id='line_1_81' title="bbox 1961 3497 3458 3573; baseline -0.004 -15"><span class='ocrx_word' id='word_1_524' title='bbox 1961 3504 2015 3558; x_wconf 71' lang='grc'>4.</span> <span class='ocrx_word' id='word_1_525' title='bbox 2047 3502 2103 3557; x_wconf 84' lang='lat' dir='ltr'><strong>Si</strong></span> <span class='ocrx_word' id='word_1_526' title='bbox 2133 3503 2262 3573; x_wconf 90' lang='lat' dir='ltr'><strong>quis</strong></span> <span class='ocrx_word' id='word_1_527' title='bbox 2292 3503 2356 3556; x_wconf 89' lang='lat' dir='ltr'><strong>de</strong></span> <span class='ocrx_word' id='word_1_528' title='bbox 2389 3501 2708 3570; x_wconf 88' lang='lat' dir='ltr'><strong>presbytero</strong></span> <span class='ocrx_word' id='word_1_529' title='bbox 2749 3499 2843 3569; x_wconf 91' lang='lat' dir='ltr'><strong>qui</strong></span> <span class='ocrx_word' id='word_1_530' title='bbox 2876 3515 3100 3552; x_wconf 81' lang='lat' dir='ltr'><strong>uxorem</strong></span> <span class='ocrx_word' id='word_1_531' title='bbox 3128 3497 3302 3560; x_wconf 83' lang='lat' dir='ltr'><strong>duxit,</strong></span> <span class='ocrx_word' id='word_1_532' title='bbox 3327 3512 3458 3552; x_wconf 90' lang='lat' dir='ltr'><strong>con-</strong></span> 
     </span>
    </p>
   </div>
   <div class='ocr_carea' id='block_1_82' title="bbox 1894 3587 3456 3662">
    <p class='ocr_par' dir='ltr' id='par_1_82' title="bbox 1894 3587 3456 3662">
     <span class='ocr_line' id='line_1_82' title="bbox 1894 3587 3456 3662; baseline -0.006 -12"><span class='ocrx_word' id='word_1_533' title='bbox 1894 3595 2096 3660; x_wconf 87' lang='lat' dir='ltr'><strong>tendat,</strong></span> <span class='ocrx_word' id='word_1_534' title='bbox 2125 3610 2231 3648; x_wconf 89' lang='lat' dir='ltr'><strong>nou</strong></span> <span class='ocrx_word' id='word_1_535' title='bbox 2271 3602 2521 3662; x_wconf 85' lang='lat' dir='ltr'><strong>oportere</strong></span> <span class='ocrx_word' id='word_1_536' title='bbox 2543 3597 2547 3601; x_wconf 84' lang='grc'><strong>’</strong></span> <span class='ocrx_word' id='word_1_537' title='bbox 2572 3606 2638 3646; x_wconf 90' lang='lat' dir='ltr'><strong>eo</strong></span> <span class='ocrx_word' id='word_1_538' title='bbox 2679 3605 2834 3645; x_wconf 91' lang='lat' dir='ltr'><strong>sacra</strong></span> <span class='ocrx_word' id='word_1_539' title='bbox 2863 3588 3170 3642; x_wconf 88' lang='lat' dir='ltr'><strong>celebrante</strong></span> <span class='ocrx_word' id='word_1_540' title='bbox 3195 3587 3456 3642; x_wconf 90' lang='lat' dir='ltr'><strong>oblationi</strong></span> 
     </span>
    </p>
   </div>
   <div class='ocr_carea' id='block_1_83' title="bbox 1892 3686 2760 3748">
    <p class='ocr_par' dir='ltr' id='par_1_83' title="bbox 1892 3686 2760 3748">
     <span class='ocr_line' id='line_1_83' title="bbox 1892 3686 2760 3748; baseline -0.006 -6"><span class='ocrx_word' id='word_1_541' title='bbox 1892 3686 2316 3748; x_wconf 86' lang='lat' dir='ltr'><strong>communicare,</strong></span> <span class='ocrx_word' id='word_1_542' title='bbox 2348 3687 2420 3740; x_wconf 88' lang='lat' dir='ltr'><strong>sit</strong></span> <span class='ocrx_word' id='word_1_543' title='bbox 2453 3686 2760 3737; x_wconf 81' lang='lat' dir='ltr'><strong>anathema.</strong></span> 
     </span>
    </p>
   </div>
   <div class='ocr_carea' id='block_1_84' title="bbox 1870 3763 3456 3836">
    <p class='ocr_par' dir='ltr' id='par_1_84' title="bbox 1870 3763 3456 3836">
     <span class='ocr_line' id='line_1_84' title="bbox 1870 3763 3456 3836; baseline -0.007 -8"><span class='ocrx_word' id='word_1_544' title='bbox 1870 3775 1880 3781; x_wconf 83' lang='grc'><strong>’</strong></span> <span class='ocrx_word' id='word_1_545' title='bbox 1960 3772 2113 3827; x_wconf 82' lang='lat' dir='ltr'><strong>CAP.</strong></span> <span class='ocrx_word' id='word_1_546' title='bbox 2156 3771 2264 3827; x_wconf 82' lang='lat' dir='ltr'><strong>VII.</strong></span> <span class='ocrx_word' id='word_1_547' title='bbox 2303 3785 2368 3814; x_wconf 85' lang='lat'><strong>—&#39;-</strong></span> <span class='ocrx_word' id='word_1_548' title='bbox 2420 3771 2572 3836; x_wconf 84' lang='lat' dir='ltr'><strong>Quod</strong></span> <span class='ocrx_word' id='word_1_549' title='bbox 2624 3769 2822 3823; x_wconf 77' lang='lat' dir='ltr'><strong>ordinis</strong></span> <span class='ocrx_word' id='word_1_550' title='bbox 2871 3777 3077 3821; x_wconf 83' lang='lat' dir='ltr'><strong>tantum</strong></span> <span class='ocrx_word' id='word_1_551' title='bbox 3116 3763 3456 3822; x_wconf 77' lang='lat' dir='ltr'><strong>sacerdotalis</strong></span> 
     </span>
    </p>
   </div>
   <div class='ocr_carea' id='block_1_85' title="bbox 1890 3858 3460 3929">
    <p class='ocr_par' dir='ltr' id='par_1_85' title="bbox 1890 3858 3460 3929">
     <span class='ocr_line' id='line_1_85' title="bbox 1890 3858 3460 3929; baseline -0.006 -12"><span class='ocrx_word' id='word_1_552' title='bbox 1890 3865 2016 3917; x_wconf 79' lang='lat' dir='ltr'><strong>viris</strong></span> <span class='ocrx_word' id='word_1_553' title='bbox 2039 3865 2424 3916; x_wconf 82' lang='lat' dir='ltr'><strong>communicare</strong></span> <span class='ocrx_word' id='word_1_554' title='bbox 2449 3861 2604 3914; x_wconf 80' lang='lat' dir='ltr'><strong>liceat</strong></span> <span class='ocrx_word' id='word_1_555' title='bbox 2631 3865 2686 3916; x_wconf 89' lang='lat' dir='ltr'><strong>in</strong></span> <span class='ocrx_word' id='word_1_556' title='bbox 2731 3860 2916 3926; x_wconf 84' lang='lat' dir='ltr'><strong>altari,</strong></span> <span class='ocrx_word' id='word_1_557' title='bbox 2951 3868 2999 3913; x_wconf 76' lang='lat' dir='ltr'><strong>et</strong></span> <span class='ocrx_word' id='word_1_558' title='bbox 3025 3859 3160 3929; x_wconf 86' lang='lat' dir='ltr'><strong>quod</strong></span> <span class='ocrx_word' id='word_1_559' title='bbox 3193 3858 3321 3911; x_wconf 82' lang='lat' dir='ltr'><strong>illuc</strong></span> <span class='ocrx_word' id='word_1_560' title='bbox 3345 3873 3460 3909; x_wconf 84' lang='lat' dir='ltr'><strong>ntu-</strong></span> 
     </span>
    </p>
   </div>
   <div class='ocr_carea' id='block_1_86' title="bbox 1891 3953 2576 4024">
    <p class='ocr_par' dir='ltr' id='par_1_86' title="bbox 1891 3953 2576 4024">
     <span class='ocr_line' id='line_1_86' title="bbox 1891 3953 2576 4024; baseline -0.004 -15"><span class='ocrx_word' id='word_1_561' title='bbox 1891 3957 2009 4010; x_wconf 81' lang='lat' dir='ltr'><strong>lieri</strong></span> <span class='ocrx_word' id='word_1_562' title='bbox 2039 3957 2241 4024; x_wconf 82' lang='lat' dir='ltr'><strong>ingredi</strong></span> <span class='ocrx_word' id='word_1_563' title='bbox 2277 3969 2376 4007; x_wconf 88' lang='lat' dir='ltr'><strong>non</strong></span> <span class='ocrx_word' id='word_1_564' title='bbox 2401 3953 2576 4007; x_wconf 69' lang='lat' dir='ltr'><strong>liceat.</strong></span> 
     </span>
    </p>
   </div>
   <div class='ocr_carea' id='block_1_87' title="bbox 2138 4042 3211 4109">
    <p class='ocr_par' dir='ltr' id='par_1_87' title="bbox 2138 4042 3211 4109">
     <span class='ocr_line' id='line_1_87' title="bbox 2138 4042 3211 4109; baseline -0.007 -8"><span class='ocrx_word' id='word_1_565' title='bbox 2138 4046 2362 4101; x_wconf 78' lang='lat' dir='ltr'><strong>Concilii</strong></span> <span class='ocrx_word' id='word_1_566' title='bbox 2399 4046 2682 4100; x_wconf 85' lang='lat' dir='ltr'><strong>Laodiceni</strong></span> <span class='ocrx_word' id='word_1_567' title='bbox 2711 4061 2932 4099; x_wconf 84' lang='lat' dir='ltr'><strong>canones</strong></span> <span class='ocrx_word' id='word_1_568' title='bbox 2983 4043 3072 4109; x_wconf 71' lang='lat'><strong>19,</strong></span> <span class='ocrx_word' id='word_1_569' title='bbox 3121 4042 3211 4096; x_wconf 72' lang='grc'><strong>44.</strong></span> 
     </span>
    </p>
   </div>
   <div class='ocr_carea' id='block_1_88' title="bbox 1968 4125 3456 4208">
    <p class='ocr_par' dir='ltr' id='par_1_88' title="bbox 1968 4125 3456 4208">
     <span class='ocr_line' id='line_1_88' title="bbox 1968 4125 3456 4208; baseline -0.004 -16"><span class='ocrx_word' id='word_1_570' title='bbox 1968 4136 2051 4192; x_wconf 87' lang='lat' dir='ltr'><strong>l9.</strong></span> <span class='ocrx_word' id='word_1_571' title='bbox 2087 4136 2347 4207; x_wconf 87' lang='lat' dir='ltr'><strong>Oportere</strong></span> <span class='ocrx_word' id='word_1_572' title='bbox 2376 4151 2620 4191; x_wconf 84' lang='lat' dir='ltr'><strong>seorsum</strong></span> <span class='ocrx_word' id='word_1_573' title='bbox 2650 4139 2903 4204; x_wconf 86' lang='lat' dir='ltr'><strong>primum,</strong></span> <span class='ocrx_word' id='word_1_574' title='bbox 2931 4125 3056 4208; x_wconf 79' lang='lat' dir='ltr'><strong>post</strong></span> <span class='ocrx_word' id='word_1_575' title='bbox 3077 4135 3456 4204; x_wconf 86' lang='lat' dir='ltr'><strong>episcoporum</strong></span> 
     </span>
    </p>
   </div>
   <div class='ocr_carea' id='block_1_89' title="bbox 1895 4228 2758 4298">
    <p class='ocr_par' dir='ltr' id='par_1_89' title="bbox 1895 4228 2758 4298">
     <span class='ocr_line' id='line_1_89' title="bbox 1895 4228 2758 4298; baseline -0.002 -14"><span class='ocrx_word' id='word_1_576' title='bbox 1895 4244 2195 4291; x_wconf 86' lang='lat' dir='ltr'><strong>sermones,</strong></span> <span class='ocrx_word' id='word_1_577' title='bbox 2220 4239 2345 4292; x_wconf 88' lang='lat' dir='ltr'><strong>ctc.,</strong></span> <span class='ocrx_word' id='word_1_578' title='bbox 2382 4238 2437 4281; x_wconf 80' lang='lat' dir='ltr'><strong>ut</strong></span> <span class='ocrx_word' id='word_1_579' title='bbox 2477 4244 2597 4298; x_wconf 82' lang='lat' dir='ltr'><strong>pag.</strong></span> <span class='ocrx_word' id='word_1_580' title='bbox 2635 4228 2758 4283; x_wconf 83' lang='lat'><strong>587.</strong></span> 
     </span>
    </p>
   </div>
   <div class='ocr_carea' id='block_1_90' title="bbox 304 4305 1786 4399">
    <p class='ocr_par' dir='ltr' id='par_1_90' title="bbox 304 4312 1786 4399">
     <span class='ocr_line' id='line_1_90' title="bbox 304 4312 1786 4399; baseline 0.002 -24"><span class='ocrx_word' id='word_1_581' title='bbox 304 4324 403 4392; x_wconf 81' lang='lat' dir='ltr'><strong>p.6’.</strong></span> <span class='ocrx_word' id='word_1_582' title='bbox 435 4312 559 4376; x_wconf 82' lang='grc' dir='ltr'><strong>Ὅτι</strong></span> <span class='ocrx_word' id='word_1_583' title='bbox 593 4324 654 4377; x_wconf 76' lang='grc' dir='ltr'>οὐ</span> <span class='ocrx_word' id='word_1_584' title='bbox 694 4323 774 4377; x_wconf 85' lang='grc' dir='ltr'><strong>δεῖ</strong></span> <span class='ocrx_word' id='word_1_585' title='bbox 804 4327 1066 4393; x_wconf 82' lang='grc' dir='ltr'>γυναῖκας</span> <span class='ocrx_word' id='word_1_586' title='bbox 1097 4325 1154 4379; x_wconf 78' lang='grc' dir='ltr'>ὲν</span> <span class='ocrx_word' id='word_1_587' title='bbox 1179 4324 1256 4396; x_wconf 81' lang='grc' dir='ltr'>τῷ</span> <span class='ocrx_word' id='word_1_588' title='bbox 1287 4325 1651 4399; x_wconf 78' lang='grc' dir='ltr'>θυσιαστηρίῳ</span> <span class='ocrx_word' id='word_1_589' title='bbox 1684 4326 1786 4378; x_wconf 88' lang='grc' dir='ltr'>είσ-</span> 
     </span>
    </p>
   </div>
   <div class='ocr_carea' id='block_1_91' title="bbox 1903 4305 3460 4399">
    <p class='ocr_par' dir='ltr' id='par_1_91' title="bbox 1969 4315 3460 4389">
     <span class='ocr_line' id='line_1_91' title="bbox 1969 4315 3460 4389; baseline -0.001 -17"><span class='ocrx_word' id='word_1_590' title='bbox 1969 4321 2059 4374; x_wconf 71' lang='grc'><strong>44.</strong></span> <span class='ocrx_word' id='word_1_591' title='bbox 2091 4318 2245 4384; x_wconf 82' lang='lat' dir='ltr'><strong>Quod</strong></span> <span class='ocrx_word' id='word_1_592' title='bbox 2277 4335 2385 4372; x_wconf 89' lang='lat' dir='ltr'><strong>non</strong></span> <span class='ocrx_word' id='word_1_593' title='bbox 2432 4331 2646 4389; x_wconf 87' lang='lat' dir='ltr'><strong>oportet</strong></span> <span class='ocrx_word' id='word_1_594' title='bbox 2699 4319 2979 4373; x_wconf 89' lang='lat' dir='ltr'><strong>mulierem</strong></span> <span class='ocrx_word' id='word_1_595' title='bbox 3039 4317 3106 4372; x_wconf 89' lang='lat' dir='ltr'><strong>ad</strong></span> <span class='ocrx_word' id='word_1_596' title='bbox 3158 4319 3328 4372; x_wconf 83' lang='lat' dir='ltr'><strong>altare</strong></span> <span class='ocrx_word' id='word_1_597' title='bbox 3377 4315 3460 4371; x_wconf 87' lang='lat' dir='ltr'><strong>in-</strong></span> 
     </span>
    </p>
   </div>
   <div class='ocr_carea' id='block_1_92' title="bbox 240 4412 502 4482">
    <p class='ocr_par' dir='ltr' id='par_1_92' title="bbox 240 4412 502 4482">
     <span class='ocr_line' id='line_1_92' title="bbox 240 4412 502 4482; baseline 0.019 -18"><span class='ocrx_word' id='word_1_598' title='bbox 240 4412 502 4482; x_wconf 74' lang='grc' dir='ltr'>ἔρχεσθαι.</span> 
     </span>
    </p>
   </div>
   <div class='ocr_carea' id='block_1_93' title="bbox 332 4505 1689 4576">
    <p class='ocr_par' dir='ltr' id='par_1_93' title="bbox 332 4505 1689 4576">
     <span class='ocr_line' id='line_1_93' title="bbox 332 4505 1689 4576; baseline 0.004 -18"><span class='ocrx_word' id='word_1_599' title='bbox 332 4507 599 4560; x_wconf 83' lang='grc' dir='ltr'>Συνόδου</span> <span class='ocrx_word' id='word_1_600' title='bbox 630 4505 1047 4576; x_wconf 81' lang='grc' dir='ltr'>οἰκουμενικῆς</span> <span class='ocrx_word' id='word_1_601' title='bbox 1077 4506 1255 4574; x_wconf 76' lang='grc' dir='ltr'>ἕκτης</span> <span class='ocrx_word' id='word_1_602' title='bbox 1281 4505 1482 4562; x_wconf 81' lang='grc' dir='ltr'>κανὼν</span> <span class='ocrx_word' id='word_1_603' title='bbox 1511 4507 1608 4573; x_wconf 67' lang='grc' dir='ltr'>ἔθ’,</span> <span class='ocrx_word' id='word_1_604' title='bbox 1627 4516 1689 4563; x_wconf 88' lang='grc' dir='ltr'><strong>ο’.</strong></span> 
     </span>
    </p>
   </div>
   <div class='ocr_carea' id='block_1_94' title="bbox 305 4596 1796 4668">
    <p class='ocr_par' dir='ltr' id='par_1_94' title="bbox 305 4596 1796 4668">
     <span class='ocr_line' id='line_1_94' title="bbox 305 4596 1796 4668; baseline 0.003 -20"><span class='ocrx_word' id='word_1_605' title='bbox 305 4596 394 4659; x_wconf 85' lang='grc' dir='ltr'>ξθ’.</span> <span class='ocrx_word' id='word_1_606' title='bbox 424 4597 514 4668; x_wconf 78' lang='grc' dir='ltr'><strong>Μὴ</strong></span> <span class='ocrx_word' id='word_1_607' title='bbox 537 4597 744 4664; x_wconf 73' lang='grc' dir='ltr'>ἐξέστω</span> <span class='ocrx_word' id='word_1_608' title='bbox 784 4598 891 4650; x_wconf 68' lang='grc' dir='ltr'><strong>τινλ⁵</strong></span> <span class='ocrx_word' id='word_1_609' title='bbox 919 4598 1026 4652; x_wconf 86' lang='grc' dir='ltr'><strong>τῶν</strong></span> <span class='ocrx_word' id='word_1_610' title='bbox 1058 4599 1310 4652; x_wconf 82' lang='grc' dir='ltr'>ἁπάντων</span> <span class='ocrx_word' id='word_1_611' title='bbox 1349 4602 1406 4651; x_wconf 81' lang='grc' dir='ltr'><strong>ὲν</strong></span> <span class='ocrx_word' id='word_1_612' title='bbox 1449 4599 1658 4662; x_wconf 85' lang='grc' dir='ltr'>λα’ἰκοῖς</span> <span class='ocrx_word' id='word_1_613' title='bbox 1707 4616 1796 4652; x_wconf 79' lang='grc' dir='ltr'>τε-</span> 
     </span>
    </p>
   </div>
   <div class='ocr_carea' id='block_1_95' title="bbox 237 4684 1796 4762">
    <p class='ocr_par' dir='ltr' id='par_1_95' title="bbox 237 4684 1796 4762">
     <span class='ocr_line' id='line_1_95' title="bbox 237 4684 1796 4762; baseline 0.004 -26"><span class='ocrx_word' id='word_1_614' title='bbox 237 4684 425 4752; x_wconf 80' lang='grc' dir='ltr'>λοῦντι,</span> <span class='ocrx_word' id='word_1_615' title='bbox 452 4688 598 4740; x_wconf 75' lang='grc' dir='ltr'>ἔνδον</span> <span class='ocrx_word' id='word_1_616' title='bbox 633 4688 776 4757; x_wconf 82' lang='grc' dir='ltr'>ἰεροῦ</span> <span class='ocrx_word' id='word_1_617' title='bbox 808 4688 1032 4742; x_wconf 75' lang='grc' dir='ltr'>εἰσιέναι</span> <span class='ocrx_word' id='word_1_618' title='bbox 1080 4689 1490 4759; x_wconf 85' lang='grc' dir='ltr'>θυσιαστηρίου·</span> <span class='ocrx_word' id='word_1_619' title='bbox 1533 4691 1796 4762; x_wconf 75' lang='grc' dir='ltr'>μηδαμῶς</span> 
     </span>
    </p>
   </div>
   <div class='ocr_carea' id='block_1_96' title="bbox 241 4776 1794 4850">
    <p class='ocr_par' dir='ltr' id='par_1_96' title="bbox 241 4776 1794 4850">
     <span class='ocr_line' id='line_1_96' title="bbox 241 4776 1794 4850; baseline 0.005 -22"><span class='ocrx_word' id='word_1_620' title='bbox 241 4776 324 4829; x_wconf 75' lang='grc' dir='ltr'>ἐπὶ</span> <span class='ocrx_word' id='word_1_621' title='bbox 347 4779 502 4830; x_wconf 78' lang='grc' dir='ltr'>τοῦτο</span> <span class='ocrx_word' id='word_1_622' title='bbox 529 4779 629 4846; x_wconf 83' lang='grc' dir='ltr'><strong>τῆς</strong></span> <span class='ocrx_word' id='word_1_623' title='bbox 657 4778 939 4847; x_wconf 78' lang='grc' dir='ltr'>βασιλικῆς</span> <span class='ocrx_word' id='word_1_624' title='bbox 973 4780 1297 4850; x_wconf 83' lang='grc' dir='ltr'>εἰργομένης</span> <span class='ocrx_word' id='word_1_625' title='bbox 1322 4780 1567 4846; x_wconf 72' lang='grc' dir='ltr'>ἔξουσίας</span> <span class='ocrx_word' id='word_1_626' title='bbox 1590 4784 1682 4834; x_wconf 77' lang='grc' dir='ltr'>καὶ</span> <span class='ocrx_word' id='word_1_627' title='bbox 1699 4785 1794 4835; x_wconf 80' lang='grc' dir='ltr'><strong>αὑ-</strong></span> 
     </span>
    </p>
   </div>
   <div class='ocr_carea' id='block_1_97' title="bbox 242 4865 1794 4943">
    <p class='ocr_par' dir='ltr' id='par_1_97' title="bbox 242 4865 1794 4943">
     <span class='ocr_line' id='line_1_97' title="bbox 242 4865 1794 4943; baseline 0.003 -26"><span class='ocrx_word' id='word_1_628' title='bbox 242 4865 462 4931; x_wconf 84' lang='grc' dir='ltr'>θεντίας,</span> <span class='ocrx_word' id='word_1_629' title='bbox 506 4870 669 4940; x_wconf 75' lang='grc' dir='ltr'>ἡνίκα</span> <span class='ocrx_word' id='word_1_630' title='bbox 715 4869 759 4921; x_wconf 83' lang='grc' dir='ltr'>δ’</span> <span class='ocrx_word' id='word_1_631' title='bbox 810 4869 874 4922; x_wconf 85' lang='grc' dir='ltr'><strong>ἂν</strong></span> <span class='ocrx_word' id='word_1_632' title='bbox 903 4868 1186 4940; x_wconf 86' lang='grc' dir='ltr'>βουληθείη</span> <span class='ocrx_word' id='word_1_633' title='bbox 1224 4871 1370 4940; x_wconf 90' lang='grc' dir='ltr'>δῶρα</span> <span class='ocrx_word' id='word_1_634' title='bbox 1415 4871 1680 4942; x_wconf 79' lang='grc' dir='ltr'>προσάξαι</span> <span class='ocrx_word' id='word_1_635' title='bbox 1717 4870 1794 4943; x_wconf 84' lang='grc' dir='ltr'>τῷ</span> 
     </span>
    </p>
   </div>
   <div class='ocr_carea' id='block_1_98' title="bbox 242 4955 1580 5032">
    <p class='ocr_par' dir='ltr' id='par_1_98' title="bbox 242 4955 1580 5032">
     <span class='ocr_line' id='line_1_98' title="bbox 242 4955 1580 5032; baseline 0.007 -27"><span class='ocrx_word' id='word_1_636' title='bbox 242 4955 517 5022; x_wconf 71' lang='grc' dir='ltr'>πλάσαντι,</span> <span class='ocrx_word' id='word_1_637' title='bbox 547 4959 690 5012; x_wconf 89' lang='grc' dir='ltr'>κατά</span> <span class='ocrx_word' id='word_1_638' title='bbox 716 4975 836 5011; x_wconf 85' lang='grc' dir='ltr'>τινα</span> <span class='ocrx_word' id='word_1_639' title='bbox 866 4959 1231 5030; x_wconf 83' lang='grc' dir='ltr'>ἀρχαιοτάτην</span> <span class='ocrx_word' id='word_1_640' title='bbox 1263 4961 1580 5032; x_wconf 86' lang='grc' dir='ltr'>παράδοσιν.</span> 
     </span>
    </p>
   </div>
   <div class='ocr_carea' id='block_1_99' title="bbox 307 5048 1795 5123">
    <p class='ocr_par' dir='ltr' id='par_1_99' title="bbox 307 5048 1795 5123">
     <span class='ocr_line' id='line_1_99' title="bbox 307 5048 1795 5123; baseline 0.004 -23"><span class='ocrx_word' id='word_1_641' title='bbox 307 5048 366 5105; x_wconf 88' lang='grc' dir='ltr'>ο’.</span> <span class='ocrx_word' id='word_1_642' title='bbox 381 5052 470 5122; x_wconf 84' lang='grc' dir='ltr'><strong>Μὴ</strong></span> <span class='ocrx_word' id='word_1_643' title='bbox 491 5051 692 5114; x_wconf 74' lang='grc' dir='ltr'>ἐξέστω</span> <span class='ocrx_word' id='word_1_644' title='bbox 707 5054 824 5114; x_wconf 88' lang='grc' dir='ltr'>ταῖς</span> <span class='ocrx_word' id='word_1_645' title='bbox 847 5053 1090 5120; x_wconf 70' lang='grc' dir='ltr'>γυναιξὶν</span> <span class='ocrx_word' id='word_1_646' title='bbox 1112 5056 1168 5105; x_wconf 86' lang='grc' dir='ltr'><strong>ὲν</strong></span> <span class='ocrx_word' id='word_1_647' title='bbox 1190 5052 1364 5123; x_wconf 81' lang='grc' dir='ltr'>καιρῷ</span> <span class='ocrx_word' id='word_1_648' title='bbox 1390 5054 1485 5123; x_wconf 87' lang='grc' dir='ltr'>τῆς</span> <span class='ocrx_word' id='word_1_649' title='bbox 1518 5051 1667 5116; x_wconf 89' lang='grc' dir='ltr'>θείας</span> <span class='ocrx_word' id='word_1_650' title='bbox 1682 5052 1795 5106; x_wconf 86' lang='grc' dir='ltr'>λει-</span> 
     </span>
    </p>
   </div>
   <div class='ocr_carea' id='block_1_100' title="bbox 242 5144 1806 5215">
    <p class='ocr_par' dir='ltr' id='par_1_100' title="bbox 242 5144 1806 5215">
     <span class='ocr_line' id='line_1_100' title="bbox 242 5144 1806 5215; baseline 0.003 -23"><span class='ocrx_word' id='word_1_651' title='bbox 242 5157 328 5194; x_wconf 90' lang='grc' dir='ltr'><strong>του</strong></span> <span class='ocrx_word' id='word_1_652' title='bbox 337 5144 487 5210; x_wconf 85' lang='grc' dir='ltr'>ργίας</span> <span class='ocrx_word' id='word_1_653' title='bbox 503 5145 700 5209; x_wconf 88' lang='grc' dir='ltr'>λαλεῖν,</span> <span class='ocrx_word' id='word_1_654' title='bbox 718 5144 853 5197; x_wconf 74' lang='grc' dir='ltr'>ἀλλὰ</span> <span class='ocrx_word' id='word_1_655' title='bbox 871 5145 1010 5198; x_wconf 76' lang='grc' dir='ltr'>κατὰ</span> <span class='ocrx_word' id='word_1_656' title='bbox 1027 5145 1124 5214; x_wconf 82' lang='grc' dir='ltr'><strong>τὴν</strong></span> <span class='ocrx_word' id='word_1_657' title='bbox 1141 5145 1323 5215; x_wconf 83' lang='grc' dir='ltr'>φωνὴν</span> <span class='ocrx_word' id='word_1_658' title='bbox 1345 5144 1556 5198; x_wconf 82' lang='grc' dir='ltr'>Παύλου</span> <span class='ocrx_word' id='word_1_659' title='bbox 1570 5146 1662 5197; x_wconf 88' lang='grc' dir='ltr'>τοῦ</span> <span class='ocrx_word' id='word_1_660' title='bbox 1676 5146 1806 5197; x_wconf 84' lang='grc' dir='ltr'>ἀπο-</span> 
     </span>
    </p>
   </div>
   <div class='ocr_carea' id='block_1_101' title="bbox 248 5230 1806 5304">
    <p class='ocr_par' dir='ltr' id='par_1_101' title="bbox 248 5230 1806 5304">
     <span class='ocr_line' id='line_1_101' title="bbox 248 5230 1806 5304; baseline 0.003 -20"><span class='ocrx_word' id='word_1_661' title='bbox 248 5235 424 5287; x_wconf 84' lang='grc' dir='ltr'>στόλου</span> <span class='ocrx_word' id='word_1_662' title='bbox 445 5235 808 5304; x_wconf 78' lang='grc' dir='ltr'>Σιγάτωσαν.</span> <span class='ocrx_word' id='word_1_663' title='bbox 834 5230 915 5288; x_wconf 83' lang='grc' dir='ltr'><strong>Οὐ</strong></span> <span class='ocrx_word' id='word_1_664' title='bbox 931 5236 1036 5304; x_wconf 81' lang='grc' dir='ltr'><strong>γὰρ</strong></span> <span class='ocrx_word' id='word_1_665' title='bbox 1055 5235 1467 5304; x_wconf 74' lang='grc' dir='ltr'>ἐπιτέτραπται</span> <span class='ocrx_word' id='word_1_666' title='bbox 1485 5237 1806 5301; x_wconf 74' lang='grc' dir='ltr'>αὺταῖςλιι-</span> 
     </span>
    </p>
   </div>
   <div class='ocr_carea' id='block_1_102' title="bbox 246 5324 1803 5398">
    <p class='ocr_par' dir='ltr' id='par_1_102' title="bbox 246 5324 1803 5398">
     <span class='ocr_line' id='line_1_102' title="bbox 246 5324 1803 5398; baseline 0.004 -22"><span class='ocrx_word' id='word_1_667' title='bbox 246 5324 387 5392; x_wconf 61' lang='grc' dir='ltr'>λεῒν,</span> <span class='ocrx_word' id='word_1_668' title='bbox 409 5327 545 5381; x_wconf 67' lang='grc' dir='ltr'>ἀλλ’</span> <span class='ocrx_word' id='word_1_669' title='bbox 562 5326 1013 5394; x_wconf 76' lang='grc' dir='ltr'>ὑποτάττεσθαι,</span> <span class='ocrx_word' id='word_1_670' title='bbox 1033 5327 1227 5393; x_wconf 84' lang='grc' dir='ltr'>καθὼς</span> <span class='ocrx_word' id='word_1_671' title='bbox 1247 5329 1341 5382; x_wconf 87' lang='grc' dir='ltr'><strong>καί</strong></span> <span class='ocrx_word' id='word_1_672' title='bbox 1365 5332 1398 5381; x_wconf 87' lang='grc' dir='ltr'><strong>ό</strong></span> <span class='ocrx_word' id='word_1_673' title='bbox 1413 5329 1596 5398; x_wconf 81' lang='grc' dir='ltr'>νόμος</span> <span class='ocrx_word' id='word_1_674' title='bbox 1619 5331 1803 5398; x_wconf 76' lang='grc' dir='ltr'>λέγει·</span> 
     </span>
    </p>
   </div>
   <div class='ocr_carea' id='block_1_103' title="bbox 253 5417 1804 5490">
    <p class='ocr_par' dir='ltr' id='par_1_103' title="bbox 253 5417 1804 5490">
     <span class='ocr_line' id='line_1_103' title="bbox 253 5417 1804 5490; baseline 0.003 -22"><span class='ocrx_word' id='word_1_675' title='bbox 253 5419 398 5482; x_wconf 76' lang='grc' dir='ltr'>Πρὸς</span> <span class='ocrx_word' id='word_1_676' title='bbox 421 5417 529 5470; x_wconf 80' lang='grc' dir='ltr'>τὸν</span> <span class='ocrx_word' id='word_1_677' title='bbox 572 5417 758 5488; x_wconf 77' lang='grc' dir='ltr'>ἄνδρα</span> <span class='ocrx_word' id='word_1_678' title='bbox 803 5434 920 5473; x_wconf 87' lang='grc' dir='ltr'><strong>σου</strong></span> <span class='ocrx_word' id='word_1_679' title='bbox 967 5421 1096 5489; x_wconf 79' lang='grc' dir='ltr'>γὰρ,</span> <span class='ocrx_word' id='word_1_680' title='bbox 1140 5419 1351 5488; x_wconf 69' lang='grc' dir='ltr'>φησιν,</span> <span class='ocrx_word' id='word_1_681' title='bbox 1386 5419 1424 5486; x_wconf 75' lang='grc' dir='ltr'>ἡ</span> <span class='ocrx_word' id='word_1_682' title='bbox 1453 5419 1804 5490; x_wconf 69' lang='grc' dir='ltr'>ἀποστροφή</span> 
     </span>
    </p>
   </div>
   <div class='ocr_carea' id='block_1_104' title="bbox 1898 4412 2069 4483">
    <p class='ocr_par' dir='ltr' id='par_1_104' title="bbox 1898 4412 2069 4483">
     <span class='ocr_line' id='line_1_104' title="bbox 1898 4412 2069 4483; baseline -0.012 -17"><span class='ocrx_word' id='word_1_683' title='bbox 1898 4412 2069 4483; x_wconf 81' lang='lat' dir='ltr'><strong>gredi.</strong></span> 
     </span>
    </p>
   </div>
   <div class='ocr_carea' id='block_1_105' title="bbox 2077 4501 3288 4569">
    <p class='ocr_par' dir='ltr' id='par_1_105' title="bbox 2077 4501 3288 4569">
     <span class='ocr_line' id='line_1_105' title="bbox 2077 4501 3288 4569; baseline -0.003 -9"><span class='ocrx_word' id='word_1_684' title='bbox 2077 4505 2303 4560; x_wconf 83' lang='lat' dir='ltr'><strong>Concitii</strong></span> <span class='ocrx_word' id='word_1_685' title='bbox 2338 4506 2635 4559; x_wconf 72' lang='lat' dir='ltr'><strong>meumenici</strong></span> <span class='ocrx_word' id='word_1_686' title='bbox 2669 4505 2801 4558; x_wconf 73' lang='lat' dir='ltr'><strong>sexti</strong></span> <span class='ocrx_word' id='word_1_687' title='bbox 2832 4519 3052 4556; x_wconf 84' lang='lat' dir='ltr'><strong>canones</strong></span> <span class='ocrx_word' id='word_1_688' title='bbox 3080 4501 3170 4569; x_wconf 88' lang='lat'><strong>69,</strong></span> <span class='ocrx_word' id='word_1_689' title='bbox 3199 4501 3288 4556; x_wconf 87' lang='lat'><strong>70.</strong></span> 
     </span>
    </p>
   </div>
   <div class='ocr_carea' id='block_1_106' title="bbox 1966 4593 3461 4666">
    <p class='ocr_par' dir='ltr' id='par_1_106' title="bbox 1966 4593 3461 4666">
     <span class='ocr_line' id='line_1_106' title="bbox 1966 4593 3461 4666; baseline -0.003 -15"><span class='ocrx_word' id='word_1_690' title='bbox 1966 4597 2056 4652; x_wconf 86' lang='lat'><strong>69.</strong></span> <span class='ocrx_word' id='word_1_691' title='bbox 2106 4597 2247 4651; x_wconf 82' lang='lat' dir='ltr'><strong>Nulli</strong></span> <span class='ocrx_word' id='word_1_692' title='bbox 2299 4597 2542 4651; x_wconf 88' lang='lat' dir='ltr'><strong>omnium</strong></span> <span class='ocrx_word' id='word_1_693' title='bbox 2609 4597 2788 4659; x_wconf 85' lang='lat' dir='ltr'><strong>liceat,</strong></span> <span class='ocrx_word' id='word_1_694' title='bbox 2850 4596 2944 4664; x_wconf 92' lang='lat' dir='ltr'><strong>qui</strong></span> <span class='ocrx_word' id='word_1_695' title='bbox 3001 4595 3220 4666; x_wconf 87' lang='lat' dir='ltr'><strong>quidem</strong></span> <span class='ocrx_word' id='word_1_696' title='bbox 3283 4593 3355 4649; x_wconf 88' lang='lat' dir='ltr'><strong>sit</strong></span> <span class='ocrx_word' id='word_1_697' title='bbox 3406 4593 3461 4647; x_wconf 91' lang='lat' dir='ltr'><strong>in</strong></span> 
     </span>
    </p>
   </div>
   <div class='ocr_carea' id='block_1_107' title="bbox 1901 4685 3463 4758">
    <p class='ocr_par' dir='ltr' id='par_1_107' title="bbox 1901 4685 3463 4758">
     <span class='ocr_line' id='line_1_107' title="bbox 1901 4685 3463 4758; baseline -0.001 -16"><span class='ocrx_word' id='word_1_698' title='bbox 1901 4687 2169 4743; x_wconf 66' lang='lat' dir='ltr'><strong>luit-orum</strong></span> <span class='ocrx_word' id='word_1_699' title='bbox 2225 4703 2472 4752; x_wconf 88' lang='lat' dir='ltr'><strong>numero,</strong></span> <span class='ocrx_word' id='word_1_700' title='bbox 2527 4685 2682 4758; x_wconf 66' lang='grc'>14],</span> <span class='ocrx_word' id='word_1_701' title='bbox 2722 4688 2860 4740; x_wconf 90' lang='lat' dir='ltr'><strong>intra</strong></span> <span class='ocrx_word' id='word_1_702' title='bbox 2895 4696 3044 4755; x_wconf 83' lang='lat' dir='ltr'><strong>septa</strong></span> <span class='ocrx_word' id='word_1_703' title='bbox 3086 4685 3225 4740; x_wconf 83' lang='lat' dir='ltr'><strong>sacri</strong></span> <span class='ocrx_word' id='word_1_704' title='bbox 3278 4685 3463 4740; x_wconf 87' lang='lat' dir='ltr'><strong>altaris</strong></span> 
     </span>
    </p>
   </div>
   <div class='ocr_carea' id='block_1_108' title="bbox 1904 4779 3465 4850">
    <p class='ocr_par' dir='ltr' id='par_1_108' title="bbox 1904 4779 3465 4850">
     <span class='ocr_line' id='line_1_108' title="bbox 1904 4779 3465 4850; baseline -0.003 -16"><span class='ocrx_word' id='word_1_705' title='bbox 1904 4781 2134 4850; x_wconf 79' lang='lat' dir='ltr'><strong>ingredi,</strong></span> <span class='ocrx_word' id='word_1_706' title='bbox 2161 4795 2500 4850; x_wconf 87' lang='lat' dir='ltr'><strong>nequaquam</strong></span> <span class='ocrx_word' id='word_1_707' title='bbox 2527 4791 2704 4832; x_wconf 87' lang='lat' dir='ltr'><strong>tamen</strong></span> <span class='ocrx_word' id='word_1_708' title='bbox 2725 4781 2792 4832; x_wconf 92' lang='lat' dir='ltr'><strong>ab</strong></span> <span class='ocrx_word' id='word_1_709' title='bbox 2822 4793 2887 4832; x_wconf 88' lang='lat' dir='ltr'><strong>eo</strong></span> <span class='ocrx_word' id='word_1_710' title='bbox 2911 4779 3176 4847; x_wconf 88' lang='lat' dir='ltr'><strong>prohibita</strong></span> <span class='ocrx_word' id='word_1_711' title='bbox 3202 4784 3465 4846; x_wconf 87' lang='lat' dir='ltr'><strong>potestate</strong></span> 
     </span>
    </p>
   </div>
   <div class='ocr_carea' id='block_1_109' title="bbox 1902 4863 3466 4939">
    <p class='ocr_par' dir='ltr' id='par_1_109' title="bbox 1902 4863 3466 4939">
     <span class='ocr_line' id='line_1_109' title="bbox 1902 4863 3466 4939; baseline -0.006 -12"><span class='ocrx_word' id='word_1_712' title='bbox 1902 4881 1956 4927; x_wconf 83' lang='lat' dir='ltr'><strong>et</strong></span> <span class='ocrx_word' id='word_1_713' title='bbox 2013 4872 2333 4926; x_wconf 84' lang='lat' dir='ltr'><strong>auctoritate</strong></span> <span class='ocrx_word' id='word_1_714' title='bbox 2389 4869 2676 4939; x_wconf 79' lang='lat' dir='ltr'><strong>imperiali,</strong></span> <span class='ocrx_word' id='word_1_715' title='bbox 2743 4863 3180 4938; x_wconf 71' lang='lat' dir='ltr'><strong>quandoquidem</strong></span> <span class='ocrx_word' id='word_1_716' title='bbox 3229 4865 3466 4920; x_wconf 80' lang='lat' dir='ltr'><strong>voluerit</strong></span> 
     </span>
    </p>
   </div>
   <div class='ocr_carea' id='block_1_110' title="bbox 1901 4957 3381 5030">
    <p class='ocr_par' dir='ltr' id='par_1_110' title="bbox 1901 4957 3381 5030">
     <span class='ocr_line' id='line_1_110' title="bbox 1901 4957 3381 5030; baseline -0.005 -12"><span class='ocrx_word' id='word_1_717' title='bbox 1901 4965 2142 5019; x_wconf 87' lang='lat' dir='ltr'><strong>Creatori</strong></span> <span class='ocrx_word' id='word_1_718' title='bbox 2182 4963 2321 5017; x_wconf 89' lang='lat' dir='ltr'><strong>dona</strong></span> <span class='ocrx_word' id='word_1_719' title='bbox 2353 4961 2650 5027; x_wconf 70' lang='lat' dir='ltr'><strong>oﬂerre,ex</strong></span> <span class='ocrx_word' id='word_1_720' title='bbox 2671 4961 3050 5030; x_wconf 83' lang='lat' dir='ltr'><strong>antiquissima</strong></span> <span class='ocrx_word' id='word_1_721' title='bbox 3073 4957 3381 5012; x_wconf 87' lang='lat' dir='ltr'><strong>traditione.</strong></span> 
     </span>
    </p>
   </div>
   <div class='ocr_carea' id='block_1_111' title="bbox 1973 5047 3461 5112">
    <p class='ocr_par' dir='ltr' id='par_1_111' title="bbox 1973 5047 3461 5112">
     <span class='ocr_line' id='line_1_111' title="bbox 1973 5047 3461 5112; baseline -0.006 -4"><span class='ocrx_word' id='word_1_722' title='bbox 1973 5056 2057 5112; x_wconf 88' lang='grc'>70.</span> <span class='ocrx_word' id='word_1_723' title='bbox 2099 5054 2176 5110; x_wconf 78' lang='lat' dir='ltr'><strong>Ne</strong></span> <span class='ocrx_word' id='word_1_724' title='bbox 2211 5056 2368 5109; x_wconf 89' lang='lat' dir='ltr'><strong>liceat</strong></span> <span class='ocrx_word' id='word_1_725' title='bbox 2395 5053 2711 5107; x_wconf 89' lang='lat' dir='ltr'><strong>mulieribus</strong></span> <span class='ocrx_word' id='word_1_726' title='bbox 2738 5054 2791 5105; x_wconf 87' lang='lat' dir='ltr'><strong>in</strong></span> <span class='ocrx_word' id='word_1_727' title='bbox 2835 5051 3003 5106; x_wconf 89' lang='lat' dir='ltr'><strong>divini</strong></span> <span class='ocrx_word' id='word_1_728' title='bbox 3042 5047 3293 5104; x_wconf 85' lang='lat' dir='ltr'><strong>sacriﬁcii</strong></span> <span class='ocrx_word' id='word_1_729' title='bbox 3321 5056 3461 5101; x_wconf 79' lang='lat' dir='ltr'><strong>tem-</strong></span> 
     </span>
    </p>
   </div>
   <div class='ocr_carea' id='block_1_112' title="bbox 1900 5137 3464 5220">
    <p class='ocr_par' dir='ltr' id='par_1_112' title="bbox 1900 5137 3464 5220">
     <span class='ocr_line' id='line_1_112' title="bbox 1900 5137 3464 5220; baseline -0.009 -17"><span class='ocrx_word' id='word_1_730' title='bbox 1900 5163 2032 5220; x_wconf 92' lang='lat' dir='ltr'><strong>pore</strong></span> <span class='ocrx_word' id='word_1_731' title='bbox 2062 5147 2230 5217; x_wconf 75' lang='lat' dir='ltr'><strong>loqui,</strong></span> <span class='ocrx_word' id='word_1_732' title='bbox 2264 5147 2357 5201; x_wconf 87' lang='lat' dir='ltr'><strong>sed</strong></span> <span class='ocrx_word' id='word_1_733' title='bbox 2391 5153 2450 5199; x_wconf 91' lang='lat' dir='ltr'><strong>ut</strong></span> <span class='ocrx_word' id='word_1_734' title='bbox 2473 5160 2578 5199; x_wconf 85' lang='lat' dir='ltr'><strong>vox</strong></span> <span class='ocrx_word' id='word_1_735' title='bbox 2604 5153 2689 5199; x_wconf 81' lang='lat' dir='ltr'><strong>est</strong></span> <span class='ocrx_word' id='word_1_736' title='bbox 2719 5144 2947 5214; x_wconf 89' lang='lat' dir='ltr'><strong>apostoli</strong></span> <span class='ocrx_word' id='word_1_737' title='bbox 2997 5141 3170 5206; x_wconf 87' lang='lat' dir='ltr'><strong>Pauli,</strong></span> <span class='ocrx_word' id='word_1_738' title='bbox 3221 5137 3464 5203; x_wconf 79' lang='lat' dir='ltr'><strong>Sileant;</strong></span> 
     </span>
    </p>
   </div>
   <div class='ocr_carea' id='block_1_113' title="bbox 1901 5228 3465 5306">
    <p class='ocr_par' dir='ltr' id='par_1_113' title="bbox 1901 5228 3465 5306">
     <span class='ocr_line' id='line_1_113' title="bbox 1901 5228 3465 5306; baseline -0.009 -13"><span class='ocrx_word' id='word_1_739' title='bbox 1901 5255 2005 5294; x_wconf 90' lang='lat' dir='ltr'><strong>non</strong></span> <span class='ocrx_word' id='word_1_740' title='bbox 2047 5240 2185 5293; x_wconf 89' lang='lat' dir='ltr'><strong>enim</strong></span> <span class='ocrx_word' id='word_1_741' title='bbox 2227 5238 2301 5292; x_wconf 80' lang='lat' dir='ltr'><strong>eis</strong></span> <span class='ocrx_word' id='word_1_742' title='bbox 2332 5237 2474 5306; x_wconf 86' lang='lat' dir='ltr'><strong>loqui</strong></span> <span class='ocrx_word' id='word_1_743' title='bbox 2510 5236 2821 5306; x_wconf 82' lang='lat' dir='ltr'><strong>permissum</strong></span> <span class='ocrx_word' id='word_1_744' title='bbox 2870 5242 2968 5296; x_wconf 84' lang='lat' dir='ltr'><strong>est,</strong></span> <span class='ocrx_word' id='word_1_745' title='bbox 3013 5237 3100 5284; x_wconf 87' lang='lat' dir='ltr'><strong>sed</strong></span> <span class='ocrx_word' id='word_1_746' title='bbox 3147 5228 3357 5298; x_wconf 80' lang='lat' dir='ltr'><strong>subjici,</strong></span> <span class='ocrx_word' id='word_1_747' title='bbox 3389 5228 3465 5280; x_wconf 81' lang='lat' dir='ltr'><strong>si-</strong></span> 
     </span>
    </p>
   </div>
   <div class='ocr_carea' id='block_1_114' title="bbox 1903 5321 3465 5394">
    <p class='ocr_par' dir='ltr' id='par_1_114' title="bbox 1903 5321 3465 5394">
     <span class='ocr_line' id='line_1_114' title="bbox 1903 5321 3465 5394; baseline -0.008 -10"><span class='ocrx_word' id='word_1_748' title='bbox 1903 5339 1989 5384; x_wconf 83' lang='lat' dir='ltr'><strong>cut</strong></span> <span class='ocrx_word' id='word_1_749' title='bbox 2025 5331 2161 5383; x_wconf 67' lang='lat' dir='ltr'><strong>dixit</strong></span> <span class='ocrx_word' id='word_1_750' title='bbox 2209 5329 2290 5382; x_wconf 79' lang='lat' dir='ltr'><strong>lea;</strong></span> <span class='ocrx_word' id='word_1_751' title='bbox 2312 5328 2380 5382; x_wconf 74' lang='lat'><strong>“.</strong></span> <span class='ocrx_word' id='word_1_752' title='bbox 2414 5327 2472 5382; x_wconf 88' lang='lat' dir='ltr'><strong>Si</strong></span> <span class='ocrx_word' id='word_1_753' title='bbox 2503 5321 2624 5394; x_wconf 70' lang='lat' dir='ltr'><strong>quid</strong></span> <span class='ocrx_word' id='word_1_754' title='bbox 2661 5337 2835 5379; x_wconf 79' lang='lat' dir='ltr'><strong>autem</strong></span> <span class='ocrx_word' id='word_1_755' title='bbox 2871 5322 3048 5377; x_wconf 81' lang='lat' dir='ltr'><strong>volunt</strong></span> <span class='ocrx_word' id='word_1_756' title='bbox 3081 5323 3294 5386; x_wconf 76' lang='lat' dir='ltr'><strong>discere,</strong></span> <span class='ocrx_word' id='word_1_757' title='bbox 3327 5321 3465 5374; x_wconf 84' lang='lat' dir='ltr'><strong>danti</strong></span> 
     </span>
    </p>
   </div>
   <div class='ocr_carea' id='block_1_115' title="bbox 1907 5416 2845 5490">
    <p class='ocr_par' dir='ltr' id='par_1_115' title="bbox 1907 5416 2845 5490">
     <span class='ocr_line' id='line_1_115' title="bbox 1907 5416 2845 5490; baseline -0.005 -16"><span class='ocrx_word' id='word_1_758' title='bbox 1907 5423 2150 5490; x_wconf 84' lang='lat' dir='ltr'><strong>proprios</strong></span> <span class='ocrx_word' id='word_1_759' title='bbox 2180 5421 2399 5473; x_wconf 75' lang='lat' dir='ltr'><strong>maritos</strong></span> <span class='ocrx_word' id='word_1_760' title='bbox 2427 5420 2745 5488; x_wconf 68' lang='lat' dir='ltr'><strong>interrogent</strong></span> <span class='ocrx_word' id='word_1_761' title='bbox 2775 5416 2845 5469; x_wconf 75' lang='lat'><strong>“.</strong></span> 
     </span>
    </p>
   </div>
   <div class='ocr_carea' id='block_1_116' title="bbox 253 5503 3464 5582">
    <p class='ocr_par' dir='ltr' id='par_1_116' title="bbox 253 5503 3464 5582">
     <span class='ocr_line' id='line_1_116' title="bbox 253 5503 3464 5582; baseline -0.001 -21"><span class='ocrx_word' id='word_1_762' title='bbox 253 5523 380 5573; x_wconf 89' lang='grc' dir='ltr'>σου,</span> <span class='ocrx_word' id='word_1_763' title='bbox 409 5509 509 5563; x_wconf 72' lang='grc' dir='ltr'><strong>καί</strong></span> <span class='ocrx_word' id='word_1_764' title='bbox 543 5511 722 5577; x_wconf 83' lang='grc' dir='ltr'>αὑτός</span> <span class='ocrx_word' id='word_1_765' title='bbox 750 5525 866 5566; x_wconf 91' lang='grc' dir='ltr'><strong>σου</strong></span> <span class='ocrx_word' id='word_1_766' title='bbox 904 5512 1222 5579; x_wconf 83' lang='grc' dir='ltr'>κυριεύσει.</span> <span class='ocrx_word' id='word_1_767' title='bbox 1247 5511 1321 5565; x_wconf 85' lang='lat' dir='ltr'><strong>El</strong></span> <span class='ocrx_word' id='word_1_768' title='bbox 1349 5528 1403 5565; x_wconf 86' lang='grc' dir='ltr'><strong>τι</strong></span> <span class='ocrx_word' id='word_1_769' title='bbox 1434 5511 1501 5564; x_wconf 85' lang='grc' dir='ltr'>δὲ</span> <span class='ocrx_word' id='word_1_770' title='bbox 1519 5513 1731 5581; x_wconf 81' lang='grc' dir='ltr'>μαθεῖν</span> <span class='ocrx_word' id='word_1_771' title='bbox 1765 5514 2069 5582; x_wconf 72' lang='grc' dir='ltr'>θέλουσιν,</span> <span class='ocrx_word' id='word_1_772' title='bbox 2088 5514 2156 5568; x_wconf 85' lang='grc' dir='ltr'>ἐν</span> <span class='ocrx_word' id='word_1_773' title='bbox 2181 5514 2322 5578; x_wconf 84' lang='grc' dir='ltr'>οίκφ</span> <span class='ocrx_word' id='word_1_774' title='bbox 2351 5511 2488 5579; x_wconf 87' lang='grc' dir='ltr'>τοὺς</span> <span class='ocrx_word' id='word_1_775' title='bbox 2513 5511 2700 5577; x_wconf 79' lang='grc' dir='ltr'>ιδιόυς</span> <span class='ocrx_word' id='word_1_776' title='bbox 2736 5508 2956 5577; x_wconf 75' lang='grc' dir='ltr'>ἄνδρας</span> <span class='ocrx_word' id='word_1_777' title='bbox 2982 5503 3464 5576; x_wconf 76' lang='grc' dir='ltr'>ἐπερωτάτωσαν,</span> 
     </span>
    </p>
   </div>
   <div class='ocr_carea' id='block_1_117' title="bbox 339 5603 1483 5676">
    <p class='ocr_par' dir='ltr' id='par_1_117' title="bbox 339 5603 1483 5676">
     <span class='ocr_line' id='line_1_117' title="bbox 339 5603 1483 5676; baseline 0.002 -20"><span class='ocrx_word' id='word_1_778' title='bbox 339 5605 381 5635; x_wconf 71' lang='grc'><strong>⁸⁸</strong></span> <span class='ocrx_word' id='word_1_779' title='bbox 407 5603 540 5660; x_wconf 81' lang='lat' dir='ltr'><strong>Gen.</strong></span> <span class='ocrx_word' id='word_1_780' title='bbox 575 5622 655 5672; x_wconf 91' lang='lat' dir='ltr'><strong>Ill,</strong></span> <span class='ocrx_word' id='word_1_781' title='bbox 686 5607 771 5662; x_wconf 75' lang='grc'><strong>16.</strong></span> <span class='ocrx_word' id='word_1_782' title='bbox 867 5606 952 5661; x_wconf 71' lang='grc'><strong>⁵⁵1</strong></span> <span class='ocrx_word' id='word_1_783' title='bbox 984 5607 1108 5662; x_wconf 91' lang='lat' dir='ltr'><strong>Cor.</strong></span> <span class='ocrx_word' id='word_1_784' title='bbox 1136 5623 1244 5670; x_wconf 72' lang='lat' dir='ltr'><strong>xiv,</strong></span> <span class='ocrx_word' id='word_1_785' title='bbox 1277 5607 1364 5676; x_wconf 74' lang='grc'><strong>54,</strong></span> <span class='ocrx_word' id='word_1_786' title='bbox 1397 5606 1483 5661; x_wconf 82' lang='grc'><strong>55.</strong></span> 
     </span>
    </p>
   </div>
  </div>
