3842 6224
316 228 428 295 603

1475 226 1738 288 ΡΗΟΤΙΙ
1773 224 2278 287 PATRIAIICH/E
2308 227 2421 287 CP.

3502 222 3611 293 θοι

383 340 541 395 CAP.
581 337 717 394 VIII.
750 367 822 379 -—
849 339 1203 405 Quandonam
1233 339 1462 408 offerant
1503 341 1729 410 dentque
1757 355 1905 393 com-

2085 339 2341 393 ΚΕΦΔΛ.
2368 333 2425 391 H'
2437 381 2452 394 .
2487 366 2559 379 —-
2601 337 2751 392 Πότε
2780 340 3201 410 προσφέρουσι
3236 338 3339 394 καὶ
3368 337 3613 397 διδόασι

318 434 618 488 munionem
647 433 1024 502 chorepiscopi.

592 544 822 598 Concilii
849 542 1301 598 Neocazsariensis
1339 558 1511 596 canon
1544 542 1630 596 15.

392 652 479 705 l3.
524 649 711 705 Vicani
744 664 924 705 autem
955 651 1277 723 presbyteri,
1314 660 1444 714 etc.,
1475 660 1532 702 ut
1557 664 1680 717 pag.
1709 646 1836 702 551.

392 744 547 797 CAP.
587 741 1024 797 lX.—Diaconus
1057 760 1218 815 neque
1248 742 1465 812 olferat,
1500 757 1665 812 neque
1699 740 1916 810 presby-

327 845 437 889 tero
472 835 560 889 det
592 836 1034 890 communionem.

725 930 948 987 Concilii
982 931 1191 987 Nicazni
1223 948 1394 986 canon
1439 931 1525 989 I8.

397 1026 485 1080 18.
514 1025 766 1080 Pervenit
792 1026 859 1079 ad
888 1035 1131 1080 sanctam
1155 1025 1372 1097 synod.,
1396 1036 1526 1088 εις..
1559 1033 1618 1080 ιιι
1644 1041 1768 1096 pag.
1786 1023 1914 1082 595.

402 1117 560 1188 142
590 1117 745 1172 CAP.
774 1117 844 1170 X.
868 1147 941 1157 —-
968 1116 1044 1170 De
1075 1118 1264 1171 vestitu
1321 1126 1370 1171 et
1418 1117 1585 1187 ofﬁcio
1635 1117 1914 1181 lectorum,

2017 430 2345 484 κοινωνίαν
2371 431 2427 482 οἱ
2451 427 2916 497 χωρεπίσκοποι.

2254 541 2526 597 Συνόδου
2553 542 3024 611 Νεοκαισαρείας
3055 544 3260 599 κανὼν
3288 551 3383 613 ιγ’.

2088 653 2181 723 ιγ’.
2223 654 2539 725 Ἐπιχὼριοι
2568 654 2951 726 πρεσϐύτεροι,
2986 675 3042 711 κ.
3066 674 3118 711 τ.
3143 658 3196 713 λ.

2092 746 2344 800 ΚΕΦΛΛ.
2374 745 2451 800 Θ’.
2479 773 2551 785 -
2573 746 2711 814 Περὶ
2747 746 2854 799 τοῦ
2889 746 2975 816 μὴ
3011 750 3382 820 προσφέρειν
3416 752 3616 807 διάκο-

2019 855 2151 901 νον,
2175 836 2329 909 μήτε
2351 835 2581 890 διδόναι
2602 838 2985 905 πρεσϐυτέρῳ
3018 843 3365 896 κοινωνίαν.

2363 927 2637 983 Συνόδου
2665 928 2920 995 Νικαίας
2946 931 3151 985 κανὼν
3182 938 3274 1001 ιη’.

2086 1025 2174 1092 ιη’.
2192 1014 2396 1073 Ἦλθεν
2411 1020 2491 1083 εἰς
2511 1018 2609 1090 τὴν
2620 1020 2780 1088 ἁγίαν
2792 1021 2889 1075 καὶ
2909 1020 3153 1092 μεγάλην
3176 1023 3416 1087 σύνοδον,
3432 1040 3542 1077 κ.τ.
3561 1024 3611 1079 λ.

2092 1114 2345 1168 ΚΕΦΑΛ.
2381 1110 2444 1167 I'.
2484 1144 2555 1154 —-
2584 1112 2723 1180 Περὶ
2782 1114 3072 1183 φορεσίας
3123 1114 3223 1168 καὶ
3282 1117 3619 1184 ὑπουργίας

329 1212 630 1278 psaltar‘um
656 1220 704 1263 et
732 1211 1138 1274 ministrorum;
1168 1218 1217 1263 et
1247 1212 1387 1280 quod
1410 1210 1651 1264 minister
1676 1224 1768 1263 nec
1789 1209 1919 1279 pani

2067 1205 2453 1274 ναγνωστῶν,
2492 1204 2761 1273 ψαλτῶν,
2793 1206 2895 1259 καὶ
2928 1206 3264 1274 ὑπηρετῶν,
3300 1208 3397 1260 καὶ
3424 1207 3514 1261 ὅτι
3542 1211 3616 1262 οὐ

333 1322 424 1358 nec
456 1304 610 1357 calici
638 1304 938 1357 benedicere
965 1310 1144 1372 queat.

404 1396 632 1452 ϐοηθείΞὶ
669 1395 955 1449 Laodiceni
988 1410 1214 1448 canones
1241 1392 1333 1459 21,
1366 1391 1460 1458 22,
1505 1393 1599 1461 25,
1631 1394 1725 1458 25,
1755 1395 1845 1450 45.

402 1488 493 1541 21.
527 1488 682 1553 Quod
718 1503 825 1541 non
852 1494 1068 1552 oportet
1104 1484 1388 1548 ministros
1418 1484 1599 1540 locum
1634 1486 1837 1543 habere
1866 1488 1921 1543 in

336 1580 586 1636 diaconis
621 1590 675 1635 et
706 1595 861 1634 sacra
897 1594 1027 1641 vasa
1058 1587 1299 1644 tangere.

2019 1297 2117 1351 δεῖ
2132 1294 2441 1366 ὑπηρέτην
2470 1295 2652 1365 ἄρτον
2683 1295 2913 1350 διδόναι
2934 1296 2972 1365 ἢ
3004 1296 3295 1365 ποτήριον
3317 1298 3614 1366 εὐλογεῖν.

2020 1388 2293 1443 Συνόδου
2322 1386 2671 1451 Λαοδικείας
2702 1387 2904 1440 κανὼν
2931 1393 3037 1453 κα’,
3078 1387 3185 1457 κβ’,
3224 1386 3334 1455 κγ’,
3369 1386 3469 1455 κε’,
3504 1396 3613 1458 μγ.

2083 1476 2192 1535 κα⁹.
2253 1480 2379 1533 Ὅτι
2420 1479 2482 1531 οὐ
2520 1479 2603 1533 δεῖ
2634 1478 2913 1550 ὑπηρέτας
2944 1477 3089 1549 ἔχειν
3120 1482 3177 1533 ἐν
3205 1479 3285 1550 τῷ
3301 1481 3616 1550 διακονικῷ,

2023 1574 2118 1629 καὶ
2157 1571 2426 1627 ἅπτεσθαι
2461 1571 2809 1624 Δεσποτικῶν
2839 1571 3072 1626 σκευῶν.

407 1673 497 1726 22.
529 1671 686 1739 Quod
720 1689 826 1727 non
862 1680 1077 1741 oportet
1105 1669 1417 1725 ministrum
1449 1668 1597 1725 ferre
1620 1669 1922 1738 horarium,

2097 1662 2333 1736 κβ’.⁹’οτι
2357 1662 2421 1716 οὐ
2460 1662 2539 1716 δεῖ
2566 1663 2847 1734 ὑπηρέτην
2880 1663 3117 1735 ῶράριον
3146 1663 3494 1734 φορεῖν,οὑδὲ
3520 1664 3619 1727 τὰς

345 1777 525 1831 neque
565 1760 712 1817 fores
739 1760 1074 1831 relinquere.

412 1858 503 1910 25.
535 1858 693 1923 Quod
727 1873 834 1911 non
863 1863 1078 1925 oportet
1108 1854 1342 1911 lectores
1383 1856 1469 1910 vel
1502 1865 1758 1913 cantores
1785 1855 1929 1913 l‘erre

343 1947 622 1999 hor-arium
646 1954 703 1998 et
720 1944 801 1999 sic
831 1946 1007 2014 legere
1029 1941 1114 1996 vel
1138 1957 1358 1998 canere.

409 2034 504 2089 25.
537 2033 693 2101 Quod
726 2050 834 2088 non
866 2042 1082 2103 oportet
1111 2033 1395 2090 ministros
1423 2048 1621 2105 panem
1651 2035 1804 2103 dare,
1845 2034 1933 2091 vel

342 2127 570 2181 calicem
608 2124 954 2180 benedicere.

420 2219 509 2272 43.
541 2218 698 2285 Quod
731 2234 839 2271 non
876 2226 1094 2287 oportet
1124 2218 1408 2274 ministros
1449 2219 1534 2273 vel
1588 2218 1737 2275 brevi
1791 2227 1936 2275 tem-

344 2327 480 2382 pore
507 2311 653 2365 fores
676 2311 986 2379 relinquere
1015 2324 1066 2366 et
1090 2312 1330 2366 orationi
1365 2327 1579 2367 vacare.

640 2402 871 2457 Concilii
909 2403 1215 2457 mcumenici
1259 2419 1312 2458 νι
1348 2419 1519 2456 canon
1544 2403 1636 2457 27.

406 2498 507 2553 27.
542 2495 739 2552 Nullus
769 2512 961 2551 eorum
990 2537 1005 2561 ,
1036 2497 1128 2564 qui
1168 2497 1221 2551 in
1253 2496 1384 2551 cleri
1420 2497 1726 2566 catalogum
1780 2496 1935 2551 relati

348 2599 499 2655 sunt,
530 2598 735 2643 vestem
765 2587 871 2643 sibi
910 2602 1021 2642 non
1051 2589 1471 2643 convenientem
1508 2588 1721 2651 induat,
1762 2603 1938 2658 neque

352 2686 406 2737 in
431 2681 651 2735 civitate
679 2680 904 2751 degens,
944 2695 1120 2750 neque
1145 2680 1249 2734 iter
1280 2679 1597 2749 ingrediens
1631 2699 1645 2734 :
1679 2680 1777 2735 sed
1815 2692 1936 2735 uta-

349 2783 442 2828 tur
474 2773 741 2837 vestibus,
785 2789 907 2843 quae
938 2774 1029 2838 iis,
1069 2773 1164 2843 qui
1220 2772 1275 2826 in
1315 2773 1524 2827 clerum
1584 2771 1740 2826 relati
1787 2783 1936 2836 sunt,

352 2865 631 2919 attributae
653 2864 827 2920 fuere.
854 2864 911 2919 Si
937 2866 1062 2934 quis
1088 2872 1275 2920 autem
1304 2864 1412 2919 tale
1434 2863 1568 2933 quid
1591 2862 1805 2931 fecerit,
1829 2880 1935 2919 una

354 2953 663 3023 septimana
694 2963 1028 3023 segregetur.
1368 3004 1371 3007 .

710 3044 941 3100 Concilii
976 3042 1190 3098 Νίσιεηὶ
1217 3060 1255 3098 tt
1296 3060 1467 3099 canon
1497 3044 1582 3099 16.

429 3130 583 3196 Quod
611 3133 690 3185 vir
717 3132 1107 3186 ecclesiasticus
1142 3143 1306 3186 vestes
1339 3134 1602 3202 pretiosas
1648 3147 1751 3186 non
1789 3131 1939 3188 debet

356 3216 592 3269 induere.

433 3307 521 3361 16.
558 3304 749 3361 Omnis
778 3307 941 3361 luxus
977 3315 1029 3361 et
1065 3315 1295 3361 ornatus
1327 3320 1629 3376 corporeus
1658 3315 1741 3361 est
1789 3322 1820 3361 a
1852 3322 1944 3362 sa-

358 3399 623 3455 cerdotali
676 3408 821 3452 statu
877 3399 1112 3453 alienus.
1169 3398 1470 3468 Episcopos
1490 3413 1623 3468 ergo
1670 3399 1753 3453 vel
1780 3399 1945 3455 cleri-

360 3505 482 3567 cos,
508 3490 601 3560 qui
625 3505 684 3545 se
725 3489 1027 3558 splendidis
1059 3499 1114 3543 et
1144 3489 1451 3558 insignibus
1504 3491 1749 3547 vestibus
1786 3507 1950 3546 exor-

365 3592 517 3648 nant,
571 3598 630 3637 se
678 3582 950 3651 corrigere
996 3591 1214 3650 oportet
1267 3598 1281 3634 :
1334 3583 1584 3639 similiter
1615 3595 1670 3638 et
1730 3599 1826 3638 eos
1852 3584 1948 3653 qui

366 3684 495 3729 sunt
522 3674 814 3744 unguentis
842 3673 998 3745 143
1021 3673 1271 3729 delibuti.
1308 3674 1582 3741 Quoniam
1634 3684 1818 3731 autem
1854 3692 1948 3730 ra-

364 3768 456 3823 dix
489 3768 800 3823 acerbitatis
829 3782 1049 3823 sursum
1083 3767 1382 3837 pullulans,
1410 3767 1512 3821 luit
1539 3776 1741 3823 nostrae
1764 3767 1952 3823 Eccle-

368 3861 465 3915 siae
495 3861 990 3928 inquinamentum,
1032 3857 1377 3914 Christianos
1430 3860 1640 3915 scilicet
1682 3876 1951 3916 accusan-

368 3953 505 4007 tium
572 3952 819 4019 haeresis,
874 3961 928 4006 et
986 3952 1083 4021 qui
1133 3966 1196 4005 ea
1222 3961 1586 4023 susceperunt
1628 3966 1735 4007 non
1772 3953 1950 4007 solum

370 4045 668 4115 imaginum
702 4044 944 4114 picturas
972 4045 1211 4099 aversati
1242 4055 1391 4110 sunt,
1422 4044 1515 4100 sed
1540 4061 1759 4100 omnem
1787 4047 1951 4100 etiam

368 4135 624 4207 pietatem
667 4150 730 4189 ac
762 4136 1077 4207 religionem
1105 4144 1485 4201 extruserunt,
1519 4139 1570 4192 in
1607 4152 1705 4192 eos
1741 4139 1836 4207 qui
1864 4138 1955 4207 pie

368 4238 422 4282 et
465 4229 694 4283 honeste
749 4229 942 4283 vivunt
974 4229 1333 4297 invehentes;
1369 4240 1422 4285 et
1465 4230 1519 4284 in
1551 4232 1633 4285 eis
1667 4231 1953 4301 impletum

368 4318 477 4375 fuit
523 4322 668 4389 quod
716 4321 981 4389 scriptum
1038 4330 1165 4399 est:
1201 4322 1511 4377 Exseczatio
1563 4324 1826 4391 peccatort'
1855 4322 1956 4376 Dei

367 4410 585 4465 cultura
622 4413 689 4466 ‘5.
742 4411 798 4466 Si
850 4413 1056 4467 inventi
1107 4413 1292 4483 itaque
1331 4412 1542 4468 luerint
1580 4414 1829 4467 nonnulli
1859 4429 1955 4470 eos

371 4504 686 4568 irridentes,
717 4508 813 4576 qui
854 4508 1101 4562 vilemet
1138 4508 1446 4562 modestum
1477 4507 1741 4560 amictum
1781 4507 1956 4562 induti

373 4606 524 4662 sunt,
594 4612 758 4667 poena
821 4598 1188 4669 corrigantur.
1244 4600 1289 4651 A
1361 4598 1739 4668 superioribus
1805 4599 1954 4654 enim

371 4704 550 4758 usque
574 4690 912 4760 temporibus
959 4692 1140 4747 omnis
1164 4692 1245 4747 vir
1276 4691 1637 4747 sacerdotalis
1669 4706 1794 4745 cum
1841 4707 1956 4745 mo-

372 4783 564 4837 derato
588 4792 643 4837 et
668 4781 898 4838 honesto
922 4783 1244 4840 indumento
1300 4786 1646 4839 versabalur.
1676 4782 1955 4852 Quidquid

368 4875 520 4929 enim
567 4890 675 4929 non
717 4885 939 4945 promer
984 4891 1171 4939 usum,
1215 4876 1312 4930 sed
1337 4874 1755 4929 ostentatorium
1792 4887 1956 4927 orna-

373 4976 491 5020 tum
511 4965 832 5033 assumitur,
854 4966 907 5021 in
927 4967 1186 5036 nequitiae
1200 4966 1679 5035 reprehensionem
1702 4964 1953 5030 incurrit,

368 5066 438 5117 ¹ιιι
467 5057 542 5111 ait
568 5073 799 5128 magnus
822 5056 1077 5113 Basilius.
1112 5056 1218 5112 Sed
1252 5072 1353 5112 nec
1384 5072 1447 5111 ex
1474 5056 1695 5112 sericeis
1719 5056 1953 5111 textui-is

382 5150 652 5206 variatum
691 5150 816 5220 quis
838 5151 1229 5205 vestimentum
1260 5149 1521 5215 habebat,
1551 5165 1729 5219 neque
1785 5150 1842 5204 in
1866 5164 1963 5205 ex-

379 5242 574 5296 tremis
606 5242 950 5297 vestimentis
985 5242 1197 5311 adjecta
1226 5249 1382 5295 erant
1423 5241 1583 5296 alieni
1614 5240 1815 5295 coloris
1861 5240 1959 5295 ad-

2031 1758 2202 1827 θύρας
2233 1755 2760 1825 ἐγκαταλιμπάνειν.

2102 1847 2209 1917 κγ’.
2232 1849 2355 1902 Ὀτι
2381 1848 2441 1900 οὑ
2465 1848 2546 1900 δεῖ
2571 1846 2926 1915 ἀναγνώστας
2946 1847 2979 1920 ἢ
3003 1847 3224 1917 ’ψάλτας
3252 1848 3493 1920 ὼράριον
3523 1864 3623 1917 φο-

2030 1945 2172 2015 ρεῖν,
2206 1942 2301 1995 καὶ
2332 1940 2506 2003 οὕτως
2531 1939 2924 2009 ἀναγινώσκειν
2955 1941 2988 2007 ἢ
3018 1941 3266 2010 ψάλλειν.

2104 2031 2207 2089 κε’.
2251 2035 2376 2087 Ὀτι
2404 2033 2465 2086 οὐ
2500 2032 2581 2087 δεῖ
2602 2032 2885 2104 ὑπηρέτας
2915 2033 3080 2106 ἄρτον
3107 2034 3333 2100 διδόναι,
3359 2033 3487 2087 οὑδὲ
3518 2050 3615 2088 πο·

2033 2128 2221 2199 τὴριον
2250 2125 2513 2193 εὐλογεῖν.

2110 2214 2223 2290 μγ’.
2267 2218 2390 2270 Ὅτι
2420 2217 2481 2270 οὐ
2526 2215 2608 2269 δεῖ
2640 2214 2944 2284 ὑπηρέτας,
2976 2214 3079 2270 κᾶν
3109 2214 3310 2287 βραχὺ,
3334 2217 3437 2281 τὰς
3459 2214 3628 2288 θύρας

2038 2307 2483 2380 ἐγκαταλείπειν,
2516 2307 2611 2360 καὶ
2642 2308 2708 2377 τῇ
2740 2306 2872 2376 εὐχῇ
2902 2305 3205 2376 σχολάζειν.

2181 2400 2454 2456 Συνόδου
2486 2398 2909 2470 οὶκουμενικῆς
2929 2399 3112 2466 ἕκτης
3136 2399 3345 2454 κανὼν
3376 2400 3487 2465 κζ’.

2108 2486 2210 2556 κζ’.
2229 2490 2434 2561 Μηδεὶς
2450 2488 2559 2542 τῶν
2582 2490 2638 2541 ὲν
2662 2487 2851 2558 κλήρῳ
2872 2486 3345 2558 καταλεγομένων,
3363 2490 3629 2543 ἀνοίκειον

2040 2582 2243 2651 ἐσθῆτα
2288 2576 2699 2650 ἀμφιεννύσθω,
2764 2577 2903 2648 μήτε
2949 2577 3008 2631 ὲν
3038 2578 3192 2630 πόλει
3226 2578 3457 2647 διάγων,
3494 2583 3629 2650 μήτε

2042 2673 2098 2723 ὲν
2123 2669 2227 2741 ὁδῷ
2280 2667 2512 2737 βαδίζων
2541 2683 2555 2697 ο
2604 2664 2741 2720 ἀλλὰ
2783 2666 3001 2731 στολαῖς
3054 2668 3346 2738 κεχρήσθω
3374 2674 3499 2734 ταῖς
3529 2672 3628 2741 ἤδη

2038 2764 2151 2826 τοῖς
2184 2764 2244 2815 ὲν
2286 2762 2474 2830 κλήρῳ
2524 2759 2985 2829 καταλεγομένοις
3033 2760 3503 2832 άπονεμηθείσαις
3534 2778 3551 2792 ”
3583 2764 3630 2815 εἰ

2038 2855 2096 2908 δέ
2142 2871 2229 2907 τις
2256 2849 2611 2922 διαπράξοιτό
2638 2868 2691 2905 τι
2737 2850 3005 2917 τοιοῦτον,
3043 2852 3137 2904 ἐπὶ
3169 2853 3450 2923 ἑϐδομάδα
3501 2854 3628 2923 μίαν

2040 2943 2403 3015 ἀφοριζέσθω.

2173 3029 2443 3085 Συνόδου
2475 3030 2724 3097 Νικαίας
2746 3030 2814 3083 τὸ
2847 3030 3148 3099 δεύτερον,
3180 3031 3384 3087 κανὼν
3405 3040 3507 3097 ις’.

2122 3120 2253 3174 Ὀτι
2287 3121 2360 3174 οὐ
2400 3120 2497 3174 δεῖ
2522 3122 2819 3190 ἱερατικὸν
2844 3120 3037 3191 ἄνδρα
3069 3122 3270 3191 ἱμάτια
3314 3123 3621 3193 πολυτελῆ

2041 3210 2507 3281 ἀμφιέννυσθαι.

2118 3302 2215 3369 ις’.
2244 3305 2403 3357 Πᾶσα
2440 3303 2664 3375 βλακεία
2692 3306 2788 3359 καὶ
2819 3307 3089 3377 κόσμησις
3138 3308 3452 3379 σωματικὴ,
3480 3309 3631 3364 ἀλλό-

2046 3397 2176 3469 τριά
2199 3398 2307 3450 είσι
2339 3398 2440 3466 τῆς
2468 3396 2753 3468 ἱερατικῆς
2776 3398 3163 3462 καταστάσεὼς
3196 3416 3259 3452 τε
3290 3402 3387 3453 καὶ
3407 3402 3632 3466 τάξεως.

2046 3488 2187 3550 Τοὺς
2216 3485 2309 3539 οῦν
2336 3486 2562 3550 ἑαυτοὺς
2615 3486 2957 3556 κοσμοῦντας
3000 3488 3339 3553 ἐπισκόπους
3381 3491 3414 3563 ἢ
3444 3493 3632 3561 κληρι-

2049 3579 2200 3642 κοὺς,
2222 3577 2291 3629 δι’
2322 3577 2566 3647 ἐσθήτων
2592 3577 2864 3648 λαμπρων
2900 3578 2996 3631 καὶ
3036 3581 3381 3648 περιφανῶν,
3415 3583 3633 3645 τούτους

2047 3666 2391 3740 διορθοῦσθαι
2418 3669 2524 3739 χρή
2551 3685 2566 3700 ο
2594 3670 2644 3723 εί
2688 3668 2746 3721 δὲ
2787 3669 3124 3739 ὲπιμένοιεν,
3150 3671 3418 3743 ἐπιτιμίῳ
3456 3691 3635 3743 mpu-

2049 3762 2288 3815 δίδοσθαι
2321 3777 2338 3794 ο
2369 3759 2634 3824 ὡσαύτως
2666 3760 2763 3815 καὶ
2791 3761 2919 3824 τοὺς
2968 3762 3038 3816 τὰ
3098 3761 3249 3833 μύρα
3292 3766 3632 3834 χρωμένους.

2064 3851 2283 3923 Ἐπειδὴ
2310 3851 2366 3905 δὲ
2416 3852 2541 3923 ῥίζα
2601 3851 2828 3921 πικρίας
2862 3853 2975 3906 ἄνω
3010 3852 3243 3921 φύουσα,
3300 3856 3519 3925 μίασμα
3548 3857 3637 3924 γέ-

2052 3962 2177 4014 γονε
2206 3946 2271 4015 τῇ
2307 3943 2571 4014 καθολικῇ
2602 3942 2920 4013 Ἐκκλησία,
2959 3947 2992 4015 ή
3038 3945 3146 3997 τῶν
3205 3946 3636 4017 Χριστιανοκατ-

2052 4037 2274 4108 ηγὸρων
2312 4035 2548 4107 αἵρεσις,
2582 4036 2675 4089 καὶ
2705 4037 2757 4088 οἱ
2788 4035 2991 4107 ταύτην
3044 4035 3329 4106 δεξάμενοι
3383 4040 3444 4091 οὑ
3483 4040 3638 4109 μόνον

2053 4129 2153 4191 τὰς
2213 4128 2491 4190 είκονικὰς
2517 4126 3011 4199 ἀναζωγραφήσεις
3065 4128 3445 4196 ἐϐδελύξαντο,
3507 4131 3643 4185 ἀλλὰ

2057 4220 2154 4273 καὶ
2191 4220 2371 4272 πᾶσαν
2423 4216 2715 4288 εὐλάϐειαν
2770 4216 3082 4282 ἀπώσαντο,
3134 4221 3248 4282 τοῖς
3292 4219 3506 4287 σεμνῶς
3551 4222 3647 4273 καὶ

2057 4310 2297 4375 εὑσεῦὦς
2349 4309 2528 4381 βιοῦσι
2583 4309 3036 4381 προσοχθίζοντες
3072 4327 3087 4342 ·
3124 4312 3223 4364 καὶ
3282 4311 3648 4381 πεπλήρωται

1987 4394 2031 4448 Ι)
2060 4405 2147 4456 ἐπ’
2174 4403 2359 4465 αὐτοῖς
2386 4402 2448 4455 τὸ
2467 4401 2879 4472 γεγραμμένον,
2944 4400 3266 4471 Βδέλυγμα
3310 4404 3640 4472 ἁμαρτωλῷ

2061 4495 2365 4552 θεοσέϐειιι
2384 4509 2398 4524 ο
2433 4495 2482 4547 εἰ
2524 4493 2789 4564 εὑρεθῶσι
2826 4493 3008 4547 τοίνυν
3040 4493 3382 4561 ἐγγελῶντες
3405 4497 3520 4557 τοῖς
3549 4495 3646 4564 τὴν

2061 4587 2254 4655 εὐτελῆ
2283 4586 2377 4639 καὶ
2404 4587 2610 4656 σεμνὴν
2640 4584 2915 4655 ἀμφίασιν
2966 4585 3400 4654 περικειμένοις,
3429 4585 3497 4639 δι’
3523 4587 3648 4638 ἐπι-

2060 4677 2243 4748 τιμίου
2286 4676 2741 4747 διορθούσθωσαν.
2779 4677 2875 4730 Ἐκ
2917 4677 3025 4747 γάρ
3056 4676 3166 4729 τῶν
3195 4675 3405 4730 ἄνωθεν
3442 4678 3652 4748 χρόνων

2062 4773 2170 4835 πᾶς
2215 4769 2490 4842 ἱερατικὸς
2548 4769 2715 4840 ἀνὴρ,
2748 4768 2889 4838 μετὰ
2911 4767 3117 4838 σεμνῆς
3157 4767 3253 4821 καὶ
3282 4768 3511 4839 μετρίας
3543 4770 3651 4839 άμ·

2063 4864 2302 4932 φιάσεως
2331 4860 2698 4916 ἐπολιτεύετο.
2733 4862 2849 4914 Πᾶν
2882 4860 2993 4931 γὰρ
3023 4860 3052 4912 ὃ
3087 4860 3164 4929 μὴ
3182 4859 3272 4912 διά
3292 4862 3485 4930 χρείαν
3518 4860 3651 4914 ἀλλὰ

2063 4955 2150 5008 διὰ
2180 4952 2568 5024 καλλωπισμὸν
2614 4952 3127 5025 παραλαμϐάνεται,
3181 4953 3519 5024 περπερείας
3538 4953 3651 5023 ἔχει

2068 5044 2421 5116 κατηγορίαν,
2454 5046 2530 5109 ὡς
2576 5047 2604 5099 ὁ
2659 5044 2830 5117 μέγας
2860 5042 2964 5115 ἔφη
3020 5043 3299 5106 Βασίλειος
3339 5057 3353 5073 ⁸
3389 5042 3505 5096 ἀλλ’
3530 5044 3650 5096 οὑδὲ

2062 5140 2127 5192 ὲκ
2173 5137 2415 5208 σηρικῶν
2450 5138 2790 5209 ὑφασμάτων
2830 5136 3266 5205 πεποικιλμένην
3300 5136 3512 5207 ἐσθῆτα-
3558 5137 3645 5188 tv-

2064 5229 2248 5282 δέδυτό
2287 5247 2389 5295 τις,
2415 5230 2535 5284 οὑδὲ
2562 5230 2954 5302 προσετίθεσαν
2989 5232 3282 5302 ἑτερόχροα
3307 5229 3651 5300 ὲπιδλήματα

379 5340 708 5385 uttamenta.
739 5331 817 5385 Ex
852 5332 1035 5384 divina
1066 5332 1211 5386 enim
1252 5332 1437 5401 lingua
1476 5332 1791 5398 audierunt,
1817 5347 1938 5403 quoi

2070 5325 2129 5375 ὲν
2153 5324 2267 5386 τοῖς
2293 5324 2484 5393 ἄκροις
2523 5322 2634 5376 τῶν
2664 5324 2921 5394 ἱματίων.
2976 5323 3260 5377 Ἤκουσαν
3285 5323 3398 5396 γὰρ
3435 5325 3501 5376 ὲκ
3554 5322 3648 5390 τῆς

381 5437 478 5489 qui
513 5421 695 5475 mollia
720 5419 903 5476 ferunt
924 5430 1057 5477 sunt
1084 5422 1140 5475 iu
1169 5421 1379 5477 aedibus
1419 5436 1607 5492 regum
1653 5420 1721 5475 “.

460 5641 505 5673 ιδ
533 5639 699 5694 tamn.
728 5658 764 5707 ι,
789 5642 877 5696 :32.
962 5642 1001 5670 ἐ
1026 5642 1218 5696 Matth.
1256 5657 1308 5707 κ,
1347 5641 1395 5693 7-

2073 5416 2405 5485 θεοφθόγγου
2440 5416 2712 5485 γλώττης,
2743 5418 2825 5469 ὅτι
2862 5417 2911 5468 οἱ
2964 5417 3035 5468 τὰ
3069 5416 3295 5486 μαλακὰ
3337 5415 3647 5487 φοροῦντες.

2074 5508 2133 5562 ἐν
2170 5508 2283 5571 τοῖς
2309 5507 2479 5573 οίκοις
2519 5506 2630 5561 τῶν
2655 5505 2922 5578 βασιλέων
2956 5506 3114 5563 εἰσίν.
