3912 6244
287 219 402 283 6l5

979 224 1380 288 SYNTAGMA
1424 224 1813 289 CANONUM.
1868 248 1936 259 -
1973 224 2121 285 TIT.
2165 224 2280 285 III.
2312 226 2471 287 CAP.
2530 226 2699 294 VIII.
2734 226 2873 287 XII.

3465 225 3573 288 606

368 334 630 388 ΚΕΦΑΛ.
664 332 771 390 IA'.
802 361 873 379 υσ-
904 338 1043 401 υερι
1065 337 1187 394 τῶν
1219 331 1550 409 διαγόντων
1574 337 1647 391 ἐν
1685 336 1882 399 πόλει,
1910 386 1911 391 η

2055 332 2212 389 CAP.
2240 333 2333 391 XI.
2362 367 2431 378 —-—
2452 336 2528 391 De
2554 338 2644 401 iis;
2670 337 2760 406 qui
2787 350 2906 389 cum
2938 337 2994 389 in
3021 335 3149 390 urbe
3176 345 3466 399 versentur,
3486 347 3570 389 ta-

292 422 401 479 και
423 418 523 480 ἐπἽ
558 426 716 498 τρεῖς
738 427 1079 498 ἑϐδομάδας
1119 430 1209 499 μὴ
1237 430 1716 485 κοινωνούντων.

610 518 887 575 Συνόὸου
911 520 1209 591 Σαρδικῆς
1246 520 1451 575 κανὼν
1478 526 1571 583 ια’.

376 610 470 669 ια’.
512 612 702 680 Ὀσιος
729 617 1028 688 ἐπίσκοπος
1073 611 1196 673 εἷπε
1224 631 1239 646 ⁸
1271 616 1383 672 Καὶ
1425 616 1585 671 τοῦτο
1623 615 1680 669 δὲ
1707 614 1889 686 ὁρίσαι

298 705 621 775 ὀφείλομεν,
650 707 739 760 ἵνα
763 709 794 761 ὁ
828 707 1132 771 ἐπίσκοπος
1177 708 1309 763 ὅταν
1347 708 1409 773 ἐξ
1450 708 1643 779 ἐτέρας
1683 705 1892 769 πόλεως

302 797 686 868 παραγένηται
708 801 790 861 είς
812 798 1007 870 ἑτέραν
1023 799 1201 864 πόλῐν,
1224 800 1258 871 ἢ
1280 799 1389 857 ἀπὸ
1406 800 1600 869 ἐτέρας
1622 799 1893 870 ἐπαρχίας

301 887 389 949 είς
432 887 624 957 ἐτέραν
667 888 938 958 ἐπαρχίαν
989 892 1206 960 κόμπου
1257 889 1440 960 χάριν,
1495 890 1791 960 ἐγκωμίοις
1815 889 1893 941 oi—

305 977 478 1040 κείοις
514 979 788 1049 ὑπηρετού
798 996 982 1049 μενος,
1014 979 1047 1051 ἢ
1077 980 1380 1051 θρησκείας
1405 980 1758 1042 καθοσιώσει,
1794 980 1895 1037 καὶ⁸

305 1069 535 1122 πλείονα
585 1069 777 1139 χρόνον
804 1069 1051 1140 βούλοιτο
1081 1071 1316 1140 διάγειν,
1368 1072 1565 1142 καὶμὴ
1602 1073 1632 1126 ὁ
1654 1072 1753 1142 τῆς
1795 1074 1897 1126 πό-

302 1165 448 1227 λεως
487 1162 702 1233 ἐκείνης
728 1163 1030 1228 ἐπίσκοπος
1058 1162 1322 1234 ἔμπειρος
1351 1160 1384 1236 ᾖ
1410 1162 1788 1227 διδασκαλίας,
1823 1162 1899 1235 μὴ

306 1256 636 1325 καταφρονῇ
667 1253 904 1318 ἐκείνου,
948 1255 1042 1311 καὶ
1071 1255 1460 1325 συνεχέστερον
1483 1255 1670 1327 ὁμιλῇ,
1706 1271 1902 1308 καται-

309 1344 533 1416 σχύνειν
576 1348 673 1401 καὶ
730 1345 1116 1410 κατευτελίζεν
1140 1346 1203 1401 τὸ
1226 1346 1525 1417 πρόσωπον
1574 1345 1671 1400 τοῦ
1713 1345 1903 1400 αὐτόθι

313 1437 622 1493 ἐπισκόπου
652 1438 993 1502 σπουδάζων.
1023 1437 1174 1510 Αὕτη
1212 1438 1323 1510 γὰρ
1364 1440 1399 1510 ἡ
1437 1438 1712 1511 πρόφασις
1744 1437 1903 1491 εἴωθε

307 1528 590 1598 ταράχους
623 1530 887 1599 παρέχειν
916 1545 931 1560 ·
957 1530 1052 1584 καὶ
1073 1530 1136 1583 ἐκ
1152 1530 1251 1600 τῆς
1278 1529 1536 1599 τοιαύτης
1567 1528 1905 1599 πανουργίας

309 1615 413 1687 τὴν
441 1617 734 1688 ἀλλοτρίαν
763 1617 1037 1689 καθέδραν
1059 1618 1238 1689 ἐαυτῷ
1266 1618 1781 1691 προμνηστεύεσθαι
1810 1618 1903 1672 καὶ

1990 440 2108 479 men
2134 441 2231 496 per
2252 434 2357 483 tm
2382 427 2737 482 hebdomadas
2760 444 2867 482 non
2896 428 3314 481 communicant.

2342 516 2569 573 Concilii
2603 517 2934 575 Sardicemrs
2963 536 3131 574 canon
3161 521 3249 575 ll.

2060 609 2151 666 ll.
2194 607 2399 666 Hosius
2442 610 2736 681 episc0pus
2756 612 2928 667 dixit:
2956 611 3071 667 Hoc
3099 626 3315 682 quoque
3350 609 3577 666 delinire

1991 699 2291 766 debemus;
2347 708 2409 756 ut
2439 704 2661 772 quando
2700 704 2994 775 episcopus
3016 721 3083 761 ex
3138 705 3244 760 alia
3265 704 3485 759 civitate
3521 704 3574 756 in

1992 794 2154 851 aliam
2186 795 2479 860 civitatem,
2503 797 2588 851 vel
2612 813 2677 851 ex
2708 798 2813 852 alia
2844 798 3126 867 provincia
3166 799 3221 852 in
3256 797 3417 851 aliam
3449 811 3577 865 pro-

1990 888 2235 943 vinciam
2263 890 2584 953 accesserit,
2613 890 2931 959 jactationis
2964 891 3137 960 gratia
3176 890 3421 959 propriis
3454 890 3570 942 Ian-

1994 980 2158 1035 dibus
2181 981 2429 1036 serviens
2459 990 2555 1036 aut
2582 982 2868 1050 religionis
2894 998 3085 1048 causa,
3111 990 3165 1036 et
3191 982 3322 1036 velit
3342 979 3580 1049 longiori

1997 1080 2242 1139 tempore
2284 1070 2395 1125 illic
2424 1087 2618 1143 agere;
2675 1073 2820 1128 illius
2859 1081 3041 1127 autem
3074 1073 3317 1127 civitatis
3365 1073 3582 1140 episco-

2001 1174 2107 1230 pus
2156 1160 2420 1217 doctrinte
2455 1164 2573 1220 Znon
2611 1163 2774 1219 fuerit
2810 1165 3060 1234 peritus:
3106 1178 3175 1219 ne
3219 1164 3372 1217 illum
3403 1161 3585 1232 despi-

2002 1252 2133 1315 ciat,
2158 1260 2214 1306 et
2256 1251 2599 1324 frequentius
2636 1256 3016 1323 concionetur,
3056 1256 3283 1312 studens
3318 1254 3587 1308 dedecore

2001 1339 2216 1397 allicere
2239 1352 2295 1397 et
2314 1343 2649 1413 vilipendere
2696 1361 2986 1413 personam
3013 1345 3258 1416 episcOpi
3290 1341 3450 1414 ιω
3474 1342 3587 1410 (hic

2001 1434 2146 1488 enim
2173 1444 2468 1503 praeteritus
2485 1436 2625 1491 solet
2647 1437 2837 1491 turbas
2860 1438 3152 1508 excitare),
3181 1452 3283 1491 nec
3311 1433 3587 1505 ejusmodi

2004 1524 2306 1580 calliditate
2324 1526 2560 1580 alienam
2590 1526 2776 1582 sedem
2804 1528 2907 1582 sibi
2931 1529 3227 1582 conciliare
3247 1525 3590 1581 etattrabere

2007 1616 2244 1682 studeat,
2284 1632 2393 1671 non
2438 1617 2698 1672 dubitans
2731 1618 2837 1673 sibi
2874 1618 3128 1673 traditam
3156 1617 3450 1673 ecclesiam
3499 1630 3587 1671 re-

310 1710 617 1780 παρασπᾷν
647 1711 961 1778 σπουδάζει,
1001 1712 1077 1782 μὴ
1111 1711 1381 1776 διστάζων
1410 1712 1510 1784 τὴν
1546 1710 1698 1782 αὑτῷ
1719 1727 1901 1783 παρα-

2025 1710 2274 1776 inquere,
2307 1717 2360 1763 et
2390 1708 2445 1761 in
2470 1708 2630 1762 aliam
2658 1709 2914 1762 transire.
2939 1708 3019 1761 Ad
3064 1708 3169 1762 hoc
3206 1723 3340 1778 ergo
3371 1716 3589 1775 tempus

319 1798 575 1853 δοθεῖσαν
618 1800 914 1872 ἐκκλησίαν
955 1803 1417 1873 καταλιμπάνειν,
1472 1803 1569 1856 κα)⁵
1599 1804 1680 1866 είς
1708 1803 1904 1872 ἑτέραν

315 1891 700 1962 μεθίστασθαι.
741 1893 1024 1965 Ὀριστέον
1077 1895 1261 1950 τοίνυν
1320 1896 1414 1950 ἐπὶ
1467 1894 1645 1966 τούτῳ
1701 1894 1901 1966 χρόνῳ,

311 1982 509 2053 ἐπειδὴ
534 1984 628 2039 καὶ
656 1984 717 2036 τὸ
748 1985 824 2055 μὴ
840 1984 1208 2055 ὑποδέχεσθαι
1248 1985 1566 2050 ἐπίσκοπον,
1593 1983 1703 2038 τῶν
1724 1986 1902 2038 ἀπαν-

312 2071 557 2140 θρώπων
589 2073 685 2126 καὶ
740 2073 949 2128 σκαιῶν
974 2070 1116 2128 εἶναι
1152 2075 1485 2144 νενόμισται.
1518 2073 1816 2145 Μέμνησθε
1838 2074 1899 2128 δὲ

315 2164 377 2216 ἐν
404 2163 485 2234 τῷ
514 2164 813 2235 προάγοντι
840 2166 1019 2237 χρόνῳ
1046 2167 1175 2230 τοὺς
1200 2167 1471 2238 λΠατέρας
1513 2165 1675 2237 ἡμῶν
1711 2183 1907 2238 κεκρι-

312 2252 497 2319 κέναι,
554 2254 641 2308 ἵνα
672 2256 725 2309 εί
749 2273 834 2320 τις
879 2256 1064 2319 λαῖκὸς
1107 2257 1166 2310 ἐν
1200 2256 1352 2310 πόλει
1373 2258 1579 2326 διάγων
1617 2260 1769 2330 τρεῖς
1790 2259 1903 2313 Κυι-

316 2346 522 2416 ριακάς
544 2347 779 2419 ἡμέρας,
819 2349 879 2400 ἐν
921 2350 1103 2419 τρισὶν
1139 2348 1422 2419 ἑϐδομάσι,
1456 2349 1532 2421 μὴ
1567 2349 1903 2422 συνέρχοιτο,

312 2439 638 2492 ἀποκινοίτο
654 2439 751 2509 τῆς
780 2438 1089 2504 κοινωνίας.
1130 2439 1196 2493 Ei.
1230 2440 1410 2499 τοίνυν
1442 2442 1572 2511 περὶ
1629 2441 1738 2495 τῶν
1776 2443 1903 2495 λαῖο

313 2529 434 2583 κῶν
465 2529 626 2584 τοῦτο
671 2530 1048 2597 τεθέσπισται,
1106 2531 1169 2588 οὐ
1225 2532 1331 2604 χρὴ
1369 2532 1491 2585 οὐδὲ
1526 2532 1731 2603 πρέπει
1789 2533 1904 2587 ἀλλ’

311 2620 442 2673 οὐδὲ
502 2622 777 2693 συμφέρει
832 2622 1157 2689 ἐπίσκοπον,
1197 2625 1248 2677 εί
1304 2623 1574 2695 μηδεμίαν
1600 2624 1907 2695 βαρυτέραν

313 2713 566 2784 ἀνάγκην
612 2713 752 2784 ἔχοι,
802 2716 838 2785 ἢ
892 2717 1127 2787 πρᾶγμα
1166 2716 1453 2787 δυσχερὲς,
1510 2717 1609 2771 ἐπὶ
1656 2717 1907 2772 πλεῖστον

312 2804 718 2859 ἀπολείπεσθαι
776 2808 873 2877 τῆς
914 2808 1111 2863 ἐαυτοῦ
1154 2808 1506 2880 ξέκκλησίας,
1563 2809 1659 2862 καὶ
1716 2808 1910 2863 λυπεῖν

2000 1800 2366 1858 deﬁniendum
2407 1807 2514 1853 est.
2543 1796 2679 1853 Nam
2719 1798 3035 1870 episcopum
3067 1813 3175 1853 non
3207 1798 3397 1867 recipi,
3426 1797 3590 1850 inhu-

2002 1907 2228 1948 manum
2275 1900 2332 1946 et
2366 1891 2587 1946 incivile
2626 1890 3002 1947 existimatum
3045 1901 3150 1947 est.
3203 1890 3589 1945 Recordemini

1999 1992 2205 2048 autem,
2229 1993 2411 2053 patres
2439 1992 2658 2037 nostros
2688 1982 2743 2036 in
2766 1992 3017 2053 tempore
3058 1983 3333 2054 pra'terito
3369 1982 3589 2051 judica-

2002 2075 2169 2141 visse,
2201 2083 2263 2129 ut
2288 2075 2337 2130 si
2362 2076 2489 2145 quis
2516 2074 2693 2130 laicus
2724 2074 2779 2129 in
2805 2076 2990 2145 aliqua
3014 2075 3149 2130 urbe
3186 2090 3377 2146 agens,
3416 2073 3591 2129 tribus

2002 2167 2198 2223 diebus
2221 2167 2517 2223 dominicis
2540 2168 2595 2222 in
2634 2167 2816 2221 tribus
2849 2166 3281 2221 hebdomadibus
3324 2181 3432 2220 non
3455 2180 3593 2220 con-

2004 2257 2209 2321 veniat,
2255 2257 2303 2313 is
2356 2256 2747 2312 communione
2784 2266 3085 2311 moveatur.
3124 2255 3183 2310 Si
3215 2257 3319 2309 hoc
3356 2270 3485 2324 ergo
3524 2255 3593 2309 de

2002 2350 2162 2406 laicis
2192 2359 2459 2406 statutum
2497 2360 2603 2413 est,
2636 2364 2744 2403 non
2777 2356 3013 2419 oportet,
3052 2363 3153 2402 nec
3177 2347 3456 2409 convenit,
3490 2346 3589 2400 sed

2006 2458 2184 2513 neque
2205 2451 2288 2497 est
2322 2442 2455 2496 utile
2492 2441 2837 2510 episcopum,
2868 2444 2913 2497 si
2940 2441 3143 2495 nullam
3182 2438 3344 2492 habet
3369 2436 3588 2506 gravio—

2011 2550 2127 2590 rem
2169 2534 2576 2597 necessitatem,
2619 2534 2705 2587 vel
2741 2532 3020 2603 negotium
3062 2530 3362 2593 diﬁicilius,
3410 2543 3440 2582 a
3492 2542 3593 2581 sua

2011 2625 2243 2693 ecclesia
2274 2626 2482 2681 diutius
2539 2625 2755 2689 abesse,
2797 2634 2850 2678 et
2900 2623 3002 2678 sibi
3034 2622 3390 2677 commissum
3420 2633 3594 2689 popu-

2014 2719 2127 2774 lum
2176 2718 2525 2774 contristare.
2576 2716 2780 2773 Omnes
2830 2717 3075 2787 episcopi
3129 2715 3408 2776 dixerunt,
3454 2711 3596 2765 hanc

2015 2827 2236 2882 quoque
2258 2812 2582 2866 sententiam
2610 2825 2731 2866 esse
2753 2807 3351 2863 convenientissimam.

312 2896 414 2949 τὸν
472 2899 988 2971 ἐμπεπιστευμένον
1021 2900 1173 2972 αὑτῷ
1222 2900 1374 2957 λαόν.
1408 2901 1683 2966 Ἀπαντες
1706 2903 1756 2955 oi.
1823 2903 2116 2959 ἐπίσκοποι
2167 2904 2398 2977 εἴρηκαν
2426 2920 2442 2937 ο
2503 2904 2614 2958 Καὶ
2684 2903 2891 2974 ταύτην
2949 2902 3048 2973 τὴν
3126 2899 3351 2971 γνώμην
3392 2898 3599 2972 σφόδρα

314 2984 460 3045 εἶναι
483 2991 950 3064 πρεπωδεστάτην
970 2994 1289 3064 ὁριζόμεθα.

488 3086 765 3142 Συνόδου
796 3089 1215 3159 οίκουμενικῆς
1241 3089 1424 3158 ἕκτης
1451 3091 1654 3145 κανὼν
1681 3099 1757 3149 π’.

397 3186 473 3233 π’.
506 3180 576 3233 Et
623 3197 709 3243 τις
733 3179 1053 3245 ἐπίσκοπος,
1085 3182 1119 3253 ἢ
1156 3182 1549 3253 πρεσϐύτερος,
1574 3184 1613 3255 ἢ
1652 3183 1918 3252 διάκονος,

321 3272 359 3344 ἢ
388 3273 498 3326 τῶν
532 3274 595 3326 ἐν
621 3274 812 3346 κλήρῳ
878 3276 1359 3346 καταλεγομένων,
1405 3276 1441 3347 ἢ
1491 3275 1699 3342 λαϊκὸς,
1735 3280 1785 3332 εί
1816 3295 1921 3351 μη·

320 3366 522 3436 δεμίαν
559 3366 810 3437 ἀνάγκην
837 3366 1141 3438 βαρυτέραν
1186 3368 1321 3438 ἔχει,
1356 3369 1390 3441 ἢ
1441 3371 1677 3441 πρᾶγμα
1719 3370 1919 3443 δυσχει-

326 3458 447 3528 ρὲς,
503 3457 645 3511 ὥστε
711 3458 804 3511 ἐπὶ
861 3460 1114 3514 πλεῖστον
1161 3460 1555 3515 ἀπολείπεσθαι
1599 3463 1699 3532 τῆς
1753 3464 1921 3517 αὐτοῦ

338 3549 697 3621 Ἐκκλησίας,
745 3551 862 3604 ἀλλ’
897 3554 956 3606 ἐν
1013 3552 1170 3607 πόλει
1202 3553 1408 3623 διάγων
1438 3557 1588 3626 τρεῖς
1631 3554 1923 3626 Κυριακὰς

325 3642 569 3713 ἡμέρας,
599 3644 659 3696 ἐν
679 3644 857 3714 τρισὶν
880 3643 1167 3715 ἑϐδομάσι,
1222 3645 1299 3716 μὴ
1348 3647 1689 3717 συνέρχοιτο,
1729 3648 1779 3701 εί
1823 3648 1923 3718 μὲν

327 3735 592 3806 κληρικδς
624 3738 731 3806 εἴη,
759 3737 1145 3810 καθαιρείσθωο
1172 3740 1220 3792 εί
1240 3739 1296 3794 δὲ
1322 3739 1531 3805 λαίκὸς,
1554 3740 1923 3795 ἀποκινείσθω

329 3830 434 3898 τῆς
461 3831 767 3893 κοινωνίας.

403 3921 657 3973 ΚΕΦΑΛ.
700 3919 797 3976 lB’.
832 3952 899 3964 —
928 3920 1067 3991 Περὶ
1088 3920 1210 3976 τῶν
1246 3921 1596 3978 ἀκουόντων
1625 3920 1745 3978 τῶν
1766 3925 1919 3990 Γρα-

330 4010 488 4081 φῶν,
519 4012 621 4066 καί
655 4014 1267 4083 προσκαρτερούντων
1302 4013 1379 4085 τῇ
1406 4015 1722 4083 τελευταίᾳ
1744 4014 1921 4084 εὐχῇ,

329 4104 435 4159 καί
450 4106 1052 4176 μεταλαμϐανόντων.

746 4197 1133 4252 Ἀποστόλων
1164 4197 1367 4252 κανὼν
1389 4197 1460 4270 η’,
1485 4198 1551 4254 θ’.

404 4288 479 4363 η’.
509 4291 578 4344 Et
595 4308 676 4354 τις
697 4291 1015 4353 ἐπίσκοπος,
1041 4291 1075 4363 ἢ
1114 4289 1507 4362 πρεσϐύτερος,
1536 4291 1570 4363 ἢ
1603 4288 1921 4362 διάκονος,ἢ

331 4381 401 4434 ἐκ
426 4379 525 4434 τοῦ
574 4381 881 4451 καταλόγου
934 4380 1030 4436 τοῦ
1081 4382 1379 4455 ἱερατικοῦ,
1428 4384 1747 4454 προσφορᾶς
1773 4399 1924 4451 γενο-

336 4472 513 4543 μένης
564 4471 639 4544 μὴ
694 4472 1014 4543 μεταλάϐοι,
1071 4472 1170 4545 τὴν
1202 4475 1385 4529 αἰτίαν
1417 4474 1629 4528 είπάτω
1658 4489 1674 4505 ⁸
1706 4475 1800 4528 καὶ
1830 4474 1923 4529 ἐὰν

331 4562 369 4639 ᾗ
398 4565 646 4634 εὔλογος,
679 4566 1011 4638 συγγνώμης
1038 4568 1355 4638 τυγχανέτω
1382 4582 1398 4597 ⁹
1451 4567 1501 4621 ει
1536 4565 1593 4621 δὲ
1648 4566 1724 4639 μὴ
1752 4568 1921 4636 λέγει,

330 4652 705 4723 ἀφοριζέσθω,
735 4653 810 4718 ὡς
868 4654 1041 4718 αῐτιος
1098 4653 1309 4727 βλάϐης
1355 4656 1649 4726 γενόμενος
1676 4655 1754 4726 τῷ
1785 4654 1931 4727 λαῷ,

333 4747 432 4800 καὶ
477 4746 735 4801 ὑπόνοιαν
769 4749 1077 4819 ἐμποιήσας
1110 4748 1252 4802 κατὰ
1303 4747 1397 4802 τοῦ
1436 4748 1920 4820 προσενεγκόντος,

333 4836 413 4902 ὡς
439 4837 517 4909 μὴ
548 4836 722 4907 ὑγιῶς
750 4839 1162 4907 ἀνενέγκαντος.

407 4928 477 4983 θ’.
502 4930 717 4994 Πάντας
736 4930 863 5013 rei);
891 4929 1160 4994 εἰσιόντας
1193 4931 1420 4994 πιστοὺς
1440 4929 1535 4984 καὶ
1561 4929 1671 4985 τῶν
1692 4930 1927 5002 Γραφῶν

334 5022 664 5087 ἀκούοντας,
692 5022 769 5094 μὴ
787 5024 1207 5095 παραμένοντας
1236 5022 1294 5075 δὲ
1318 5026 1386 5093 τῇ
1412 5026 1688 5095 προσευχῇ
1715 5024 1811 5077 καὶ
1859 5026 1923 5096 τῇ

337 5117 479 5188 ἁγίᾳ
522 5116 847 5188 μεταλήψει,
892 5115 968 5179 ὡς
1028 5115 1256 5182 ἀταξίαν
1300 5115 1665 5180 ἐμποιοῦντας
1688 5118 1753 5187 τῇ
1799 5116 1931 5171 Ἐκ-

339 5208 565 5280 κλησίᾳ,
595 5206 951 5279 ἀφορίζεσθαι
977 5209 1107 5279 χρή.

646 5298 918 5353 Συνόδου
966 5299 1321 5368 Ἀντιοχείας
1348 5297 1549 5351 κανὼν
1581 5297 1646 5368 β’.

414 5389 487 5465 β’.
516 5391 735 5456 Πάντας
775 5392 901 5455 τοὺς
933 5391 1200 5454 εἰσιόντας
1252 5393 1332 5455 εἰς
1374 5390 1474 5460 τὴν
1512 5389 1807 5461 ἐκκλησίαν
1836 5390 1928 5444 τοῦ

342 5481 505 5553 Θεοῦ,
570 5486 665 5539 καὶ
713 5482 824 5537 τῶν
881 5483 1041 5554 ίερῶν
1074 5481 1307 5555 Γραφῶν
1336 5479 1656 5551 ἀκούοντας,
1709 5482 1782 5554 μὴ
1817 5500 1929 5537 κοι-

424 5664 469 5697 "
504 5665 579 5717 De
612 5679 841 5719 consec.
869 5662 995 5718 dist.
1040 5664 1086 5729 Ι,
1116 5678 1234 5732 cap.
1273 5659 1462 5715 Omnes
1491 5660 1695 5728 ﬁdeles.

2293 3087 2523 3144 Concilii
2571 3088 2877 3142 mcumenici
2921 3100 2973 3140 vt
3021 3100 3191 3139 canon
3238 3083 3328 3137 80.

2095 3181 2185 3241 80.
2221 3180 2281 3237 Si
2336 3182 2459 3252 quis
2495 3180 2824 3249 episcopus,
2875 3176 2960 3231 vel
3010 3176 3311 3247 presbyter,
3362 3172 3447 3229 vel
3481 3172 3602 3228 dia-

2023 3289 2219 3340 conus,
2265 3275 2352 3328 vel
2381 3287 2573 3328 eorum
2621 3272 2714 3341 qui
2760 3270 2818 3324 in
2854 3269 3003 3324 clero
3052 3276 3468 3328 enumerantur,
3516 3262 3603 3318 vel

2024 3368 2199 3422 laicus
2226 3366 2431 3419 nullam
2479 3365 2787 3434 graviorem
2846 3360 3009 3416 habet
3057 3359 3465 3421 necessitatem,
3520 3358 3601 3411 vel

2023 3456 2300 3528 negotium
2333 3454 2569 3519 diilicile,
2608 3464 2666 3509 ut
2700 3469 2731 3508 a
2782 3468 2882 3507 sua
2933 3451 3164 3507 ecclesia
3218 3449 3366 3504 absit
3399 3448 3602 3503 diutis—

2024 3550 2207 3605 sime:
2247 3548 2340 3603 sed
2387 3547 2440 3600 in
2474 3546 2697 3602 civitate
2743 3560 2931 3615 agens,
2972 3544 3150 3598 tribus
3179 3543 3373 3597 diebus
3420 3541 3605 3596 Domi-

2026 3642 2164 3697 nicis
2196 3641 2249 3695 in
2284 3640 2461 3695 tribus
2510 3638 2832 3708 septimanis
2878 3652 2986 3692 una
3037 3651 3148 3691 non
3202 3635 3513 3699 conveniat,
3559 3633 3606 3689 si

2026 3731 2097 3787 sit
2120 3730 2341 3802 quidem
2388 3730 2644 3795 clericus,
2678 3732 2985 3798 deponatur
3011 3744 3026 3783 :
3055 3726 3101 3781 si
3131 3740 3262 3780 vero
3292 3724 3489 3791 laicus,
3517 3738 3605 3779 se-

2027 3833 2303 3895 gregetur.

2094 3916 2249 3973 CAP.
2286 3915 2403 3970 XII.
2451 3944 2523 3956 --
2562 3913 2640 3969 De
2694 3914 2763 3968 iis
2815 3915 2906 3985 qui
2962 3915 3149 3968 audita
3207 3911 3609 3982 Scripturarum

2027 4009 2267 4074 lectione,
2298 4024 2461 4077 usque
2505 4007 2573 4059 ad
2606 4016 2868 4075 extremas
2911 4023 3087 4077 preces
3115 4023 3218 4060 non
3264 4012 3603 4075 permanent,

2023 4113 2189 4170 neque
2238 4098 2653 4150 communicant.

2405 4166 2783 4257 Apostolorum
2817 4205 3040 4242 canones
3074 4188 3128 4254 8,
3170 4189 3227 4241 9.

2098 4280 2153 4336 8.
2188 4279 2245 4335 Si
2273 4280 2397 4352 quis
2420 4281 2735 4350 episcopus,
2763 4280 3063 4352 presbyter,
3094 4281 3174 4335 vel
3202 4281 3490 4348 diaconus,
3522 4278 3607 4334 vel

2025 4387 2092 4428 ex
2123 4371 2450 4428 sacerdotali
2482 4372 2753 4442 cataIOgo,
2787 4370 2945 4443 145
2991 4370 3137 4426 facta
3181 4372 3458 4427 oblatione
3499 4387 3607 4427 non

1957 4455 2000 4509 υ
2033 4464 2527 4519 communicaverit
2553 4504 2569 4530 ,
2631 4477 2855 4519 causam
2908 4464 3055 4520 dicat
3092 4479 3107 4517 :
3139 4463 3267 4518 etsi
3314 4464 3613 4533 probabilis

2032 4554 2218 4619 fuerit,
2252 4555 2470 4610 veniam
2503 4565 2879 4625 consequatur
2921 4573 2935 4609 :
2974 4554 3060 4629 sin
3093 4569 3221 4608 vero
3258 4555 3464 4620 minus,
3521 4570 3613 4609 se-

2032 4657 2303 4720 gregetur,
2364 4658 2425 4705 ut
2477 4649 2570 4719 qui
2624 4650 2824 4719 populo
2860 4646 3183 4702 offensionis
3212 4663 3380 4703 causa
3413 4647 3483 4702 sit
3506 4689 3522 4714 ,
3559 4657 3615 4704 et

2031 4743 2396 4813 suspicionem
2426 4743 2635 4799 dederit
2664 4742 2932 4797 adversus
2954 4757 3080 4796 eum
3111 4743 3204 4813 qui
3238 4741 3456 4807 obtulit,
3491 4751 3614 4794 tan-

2030 4850 2193 4907 quam
2228 4850 2336 4888 non
2358 4834 2520 4907 digne
2552 4833 2831 4889 obtulerit.

2099 4925 2151 4981 9.
2187 4924 2511 4992 Quicunque
2528 4924 2711 4980 ﬁdeles
2729 4925 3107 4994 ingrediuntur
3126 4925 3194 4992 ‘7,
3214 4933 3268 4979 et
3299 4922 3621 4993 Scripturas

2030 5018 2283 5084 audiunt,
2318 5018 2376 5072 in
2396 5019 2711 5087 precatione
2747 5027 2931 5073 autem
2957 5028 3011 5073 et
3030 5032 3189 5075 sacra
3220 5014 3609 5071 communione

2033 5128 2143 5167 non
2169 5120 2506 5181 permanent,
2527 5108 2864 5167 utEcclesiae
2890 5110 3273 5167 confusionem
3298 5108 3616 5175 atl'erentes,

2037 5203 2311 5276 segregari
2343 5212 2575 5273 oportet.

2050 5302 2053 5305 ’
2282 5366 2285 5369 η
2389 5292 2617 5348 Concilii
2650 5294 2964 5350 Antioclceni
2985 5308 3153 5347 canon
3186 5289 3241 5343 2.

2084 5385 2163 5440 ‘2.
2198 5385 2401 5461 Omnes
2434 5387 2527 5457 qui
2564 5387 2618 5441 in
2659 5388 2947 5444 ecclesiam
2998 5384 3397 5456 ingrediuntur,
3430 5391 3485 5437 et
3515 5397 3609 5435 sa-

2038 5493 2162 5534 cras
2198 5475 2509 5549 Scripturas
2564 5477 2818 5546 audiunt,
2862 5475 3094 5532 orationi
3137 5482 3320 5530 autem
3356 5487 3479 5547 cum
3516 5488 3617 5541 po-
