3912 6244
392 288 497 351 6⁷η

1543 288 1801 347 ΡΗΟΤΠ
1841 288 2340 349 ΡΑΤΒΙΑΒΟΗᾸΞ
2376 288 2483 351 CP.

3522 285 3625 349 608

394 402 524 469 pulo
560 416 667 456 non
717 402 1146 467 communicant,
1194 402 1277 457 vel
1312 412 1556 457 sanctam
1606 402 1959 458 Eucharistiaa

2083 405 2364 470 ιωνοῦντας
2407 405 2463 459 δὲ
2502 404 2664 475 εὐχῆς
2697 404 2815 476 άμα
2861 404 2938 476 τῷ
2976 403 3110 475 λαῷ,
3158 403 3627 475 ἢάποστρεφομέ-

394 494 866 563 participationem
898 505 1117 565 propter
1158 494 1393 563 aliquam
1424 494 1768 549 insolentiam
1803 509 1961 548 aver-

395 596 604 649 santur,
654 604 749 642 eos
796 588 863 642 ab
911 587 1140 642 ecclesia
1188 587 1406 657 expelli,
1446 588 1621 641 donec
1670 598 1961 656 postquam

391 678 633 734 confessi
690 679 909 744 fuerint,
966 678 1285 748 fructusque
1332 680 1663 749 paenitentiae
1706 679 1963 735 ostende-

395 776 605 835 rint,et
630 772 1058 839 imploraverint,
1087 771 1300 825 veniam
1334 771 1548 841 assequi
1582 771 1813 840 possint.
1845 769 1960 824 Non

396 861 560 914 licere
613 872 794 915 autem
842 862 1252 916 communicare
1302 876 1425 914 cum
1457 861 1963 927 excommunicatis,

395 968 570 1021 neque
622 954 673 1005 in
723 952 978 1007 domibus
1008 953 1397 1006 convenientes
1436 966 1594 1006 orare
1625 967 1721 1021 pro
1752 952 1818 1007 iis
1866 953 1960 1023 qui

392 1045 446 1101 in
488 1046 718 1100 ecclesia
778 1061 884 1099 non
925 1045 1373 1099 communicant:
1415 1058 1593 1113 neque
1631 1044 1685 1098 in
1732 1044 1836 1098 alia
1871 1059 1963 1098 ec-

388 1138 556 1192 clesia
582 1154 691 1191 non
731 1137 1093 1192 conveniunt.
1122 1136 1178 1189 Si
1210 1151 1368 1201 quem
1402 1145 1580 1191 autem
1602 1151 1667 1190 ex
1690 1135 1962 1205 episcopis

391 1230 472 1283 vel
519 1231 869 1299 presbyteris,
923 1229 1007 1282 vel
1040 1229 1309 1290 diaconis,
1353 1229 1437 1281 vel
1472 1228 1721 1298 quemvis
1767 1243 1834 1281 ex
1864 1243 1957 1281 ca-

390 1336 533 1374 none
579 1320 1095 1385 ex'communicatis,
1152 1320 1560 1374 communicare
1624 1320 1956 1388 apparuerit,

388 1426 511 1465 eum
548 1426 762 1480 quoque
806 1426 927 1467 esse
967 1412 1526 1474 excommunicatum,
1564 1419 1622 1463 ut
1647 1411 1741 1480 qui
1792 1426 1959 1465 cano-

388 1516 511 1556 nem
540 1503 799 1557 Ecclesia:
831 1502 1151 1558 confundat.

456 1676 586 1731 CAP.
641 1677 779 1731 Xlll.
835 1706 906 1718 —
955 1675 1145 1732 Utrum
1186 1678 1500 1733 dmmoniaci
1547 1680 1955 1747 communicent,

384 1785 563 1824 necne.

764 1858 1134 1927 Apostolorum
1163 1875 1327 1913 canon
1363 1859 1432 1913 79
1463 1859 1600 1933 [78].

460 1949 528 2004 79
550 1946 683 2019 [78].
705 1948 760 2001 Si
779 1951 900 2018 quis
916 1951 1210 2004 daemonem
1237 1951 1449 2015 habeat,
1475 1960 1604 2017 etc.,
1625 1960 1680 2004 ut
1702 1950 1955 2022 ραθῶθᾶ

599 2037 758 2108 146
793 2038 1050 2093 Timothei
1106 2040 1460 2094 Alexandrini
1493 2057 1663 2095 canon
1691 2042 1745 2096 5.

458 2126 833 2199 Interrogatio.
862 2133 914 2185 5.
944 2130 999 2185 Si
1028 2132 1172 2200 quis,
1194 2148 1318 2187 cum
1342 2133 1415 2188 sit
1436 2133 1630 2199 lidelis,
1662 2150 1694 2189 a
1714 2134 1960 2190 daemone

386 2219 727 2287 corripiatur,
766 2221 994 2277 debetne
1045 2237 1167 2277 esse
1208 2230 1526 2279 sanctorum
1569 2226 1956 2295 mysteriorum

386 2311 679 2381 particeps,
716 2328 783 2366 an
817 2313 963 2366 non?

454 2401 761 2472 Responsio.
808 2402 861 2457 Si
892 2405 1209 2473 mysterium
1258 2419 1364 2457 non
1401 2406 1666 2471 enuntiet,
1713 2421 1812 2461 nec
1843 2406 1955 2461 ullo

383 2491 492 2546 alio
524 2493 683 2546 modo
714 2492 1071 2560 blaspliemet,
1128 2494 1198 2547 sit
1223 2494 1492 2563 particeps
1527 2494 1658 2549 :sed
1695 2510 1801 2549 non
1838 2495 1960 2549 sin-

382 2584 524 2653 gulis
554 2584 769 2640 diebus.
802 2582 1012 2639 Suﬂicit
1042 2586 1212 2651 enim,
1262 2587 1307 2640 si
1342 2586 1501 2639 statis
1528 2588 1706 2639 solum
1751 2595 1957 2656 tempo-

384 2676 558 2728 ribus.
1926 2748 1931 2751 _

452 2766 604 2820 CAP.
643 2766 785 2822 XIV.
818 2797 887 2808 ——
916 2766 992 2821 De
1015 2768 1082 2822 iis
1110 2769 1199 2838 qui
1235 2777 1387 2822 extra
1424 2768 1697 2823 ecclesiam
1729 2770 1957 2838 offerunt

381 2859 461 2911 uel
491 2867 895 2929 congregantur.

838 2950 1215 3017 Apostolorum
1246 2966 1412 3003 canon
1451 2950 1510 3003 51
1526 2990 1538 3003 .

452 3039 540 3093 51.
570 3038 626 3093 Si
652 3039 775 3108 quis
798 3041 1075 3110 presbyter
1092 3050 1424 3109 contempto,
1451 3053 1579 3105 etc.,
1600 3048 1656 3093 ut
1680 3056 1803 3111 pag.
1832 3038 1956 3095 583.

737 3131 963 3186 Concilii
1002 3131 1315 3201 Gangrensis
1348 3148 1517 3186 canon
1553 3132 1605 3187 6.

452 3219 505 3274 6.
543 3220 597 3275 Si
634 3223 759 3292 quis
791 3234 987 3292 praeter
1014 3222 1311 3278 Ecelesiam
1354 3225 1575 3291 habere,
1612 3232 1665 3279 et
1711 3232 1963 3279 contem-

384 3328 520 3367 nens
549 3312 872 3379 Ecclesiam,
904 3315 1017 3368 vult
1056 3330 1116 3369 ea
1149 3330 1270 3384 qua!
1321 3324 1450 3371 sunt
1480 3314 1738 3370 Ecclesia:
1778 3331 1958 3385 agere,

384 3418 492 3457 non
523 3406 878 3459 conveniente
920 3406 1233 3476 presbytero
1288 3406 1354 3461 de
1395 3407 1634 3477 episcopi
1670 3408 1960 3472 sententia,

384 3496 457 3550 sit
502 3498 811 3552 anathema.

657 3586 885 3640 Concilii
918 3585 1232 3640 Antioclieni
1259 3602 1488 3640 canones
1519 3586 1554 3638 2
1574 3624 1589 3647 ,
1631 3588 1686 3641 5.

454 3678 510 3738 Ξ.
551 3674 752 3730 Omnes
798 3678 890 3745 qui
938 3678 990 3730 in
1039 3676 1324 3731 ecclesiam
1370 3676 1790 3744 ingrediuntur,
1833 3687 1960 3743 etc.,

386 3775 445 3818 ut
473 3782 631 3834 supra
660 3783 780 3835 pag.
812 3767 939 3821 6l6.

438 3859 489 3912 5.
537 3858 689 3929 147
726 3857 782 3911 Si
828 3859 953 3927 quis
998 3857 1282 3928 presbyter
1315 3856 1399 3910 vel
1446 3855 1710 3909 diaconus
1745 3857 1964 3926 proprio

388 3958 699 4017 contempto
743 3950 1033 4019 episcopo,
1085 3949 1152 4003 ab
1202 3948 1477 4011 Ecclesia,
1510 3958 1642 4011 etc.,
1700 3956 1755 4000 ut
1792 3965 1958 4017 supra

388 4056 510 4110 pag.
553 4039 676 4094 585.

753 4128 980 4184 Concilii
1008 4130 1288 4184 Laodiceni
1317 4146 1483 4184 canon
1519 4130 1606 4185 58.

460 4222 548 4277 58.
586 4220 740 4287 Quod
775 4236 882 4274 non
906 4229 1119 4289 oportet
1150 4221 1200 4274 in
1229 4222 1486 4277 domibus
1517 4224 1630 4279 ﬁeri
1662 4221 1966 4277 oblationes

390 4311 459 4364 ab
488 4311 762 4379 episcopis
791 4310 871 4363 vel
910 4310 1258 4379 presbyteris.

591 4399 813 4453 (Ioncilii
846 4401 1147 4452 a’cumenici
1178 4416 1227 4453 γι
1261 4419 1482 4456 canones
1510 4404 1568 4457 51
1602 4443 1616 4467 ,
1658 4404 1747 4457 59.

461 4492 549 4545 51.
583 4491 825 4551 Clericos
853 4494 943 4560 qui
965 4494 1016 4544 in
1040 4494 1313 4555 oratoriis,
1338 4504 1466 4558 etc.,
1498 4503 1552 4547 ut
1574 4511 1733 4563 supra
1755 4510 1807 4563 p.
1833 4493 1956 4548 583.

463 4579 551 4633 59.
588 4579 645 4631 In
678 4581 789 4633 aede
821 4579 1078 4645 oratoria,
1112 4596 1234 4648 quae
1276 4590 1356 4633 est
1397 4580 1536 4633 intra
1579 4580 1824 4644 domum,
1864 4581 1959 4633 ba-

394 4671 629 4742 ptismus
660 4687 1002 4740 nequaquam
1031 4684 1318 4742 peragatur
1363 4691 1375 4725 :
1420 4674 1511 4727 sed
1554 4674 1645 4740 qui
1690 4673 1963 4725 illumina-

394 4766 541 4816 tione
586 4763 654 4817 ab
707 4763 958 4815 omnibus
1020 4763 1273 4816 sordibus
1316 4762 1489 4816 aliena
1533 4750 1958 4834 digni'babendi

393 4864 539 4915 sunt,
567 4855 632 4908 ad
666 4854 968 4909 catholicas
997 4855 1255 4910 ecclesias
1291 4855 1571 4923 accedant,
1619 4865 1672 4909 et
1706 4856 1812 4909 hoc
1855 4854 1963 4908 illic

392 4960 618 4999 munere
648 4944 1017 5013 perfruantur.
1059 4944 1115 4998 Si
1146 4944 1271 5016 quis
1315 4955 1494 5000 autem
1549 4962 1669 5016 qua:
1719 4962 1749 4999 a
1805 4945 1963 5000 nobis

394 5036 687 5089 constituta
718 5042 865 5098 sunt,
905 5050 1010 5088 non
1058 5049 1275 5089 servare
1300 5036 1580 5089 convictus
1612 5033 1795 5100 fuerit,
1820 5034 1865 5090 si
1893 5035 1962 5090 sit

396 5127 615 5194 quidem
649 5125 902 5189 clericus,
934 5123 1240 5194 deponatur
1270 5141 1285 5181 :
1317 5124 1361 5179 si
1407 5135 1584 5179 autem
1621 5125 1815 5186 laicus,
1875 5140 1963 5180 se-

396 5227 667 5286 gregctur.

474 5309 691 5362 Textus.
732 5309 924 5363 Const.
964 5308 1015 5372 7,
1056 5308 1136 5362 tit.
1168 5308 1223 5362 2.
1258 5308 1604 5363 Novellarum
1631 5319 1681 5363 ct
1707 5310 1760 5373 5,
1790 5309 1873 5362 tit.
1906 5310 1959 5374 2,

399 5400 569 5463 aiunt,
610 5399 750 5467 quod
775 5414 897 5452 eum
930 5399 1023 5468 qui
1050 5401 1346 5452 oratorium
1382 5411 1476 5454 aut
1513 5401 1800 5455 ecclesiam
1829 5400 1961 5453 mdi-

402 5492 563 5544 ﬁcare
597 5491 741 5553 velit,
774 5506 836 5543 ca
870 5491 936 5545 de
969 5507 1025 5544 re
1063 5506 1187 5545 cum
1224 5492 1458 5546 civitatis
1502 5493 1759 5561 CpiSCOpO
1800 5491 1961 5544 Verba

406 5582 582 5635 lacere
610 5589 879 5650 oporteat,
910 5590 962 5636 et
990 5582 1319 5636 sufﬁcientes
1344 5581 1640 5655 [sumptus]
1677 5581 1741 5637 ad
1775 5582 1962 5637 incen-

402 5672 575 5728 denda
610 5673 919 5740 luminaria,
953 5675 1018 5728 ad
1060 5690 1275 5731 sacrum
1317 5676 1699 5740 ministerium,
1744 5676 1810 5730 ad
1844 5690 1961 5730 sar-

2063 513 2186 559 vou;
2230 497 2328 567 τὴν
2365 496 2526 565 άγίαν
2581 496 2883 567 μετάληψιν
2942 497 3041 565 τῆς
3086 494 3450 564 Εὐχαριστίας
3489 494 3628 547 κατά

2061 604 2183 640 τινα
2234 587 2478 652 ἀταξίαν,
2508 588 2729 652 τούτους
2773 587 3109 657 άποϐλήτους
3133 583 3381 655 γίνεσθαι
3413 584 3629 652 τῆς⁹ἐκ-

2063 680 2311 750 κλησίας,
2350 680 2455 744 ἕως
2508 681 2574 733 ἂν
2628 679 3175 750 ἐξομολογησάμενοι,
3220 677 3312 731 καὶ
3358 675 3628 741 δείξαντες
3732 668 3741 676 ’

2062 771 2307 842 καρποὺς
2366 770 2671 840 μετανοίας,
2735 770 2829 825 καὶ¹
2888 769 3390 839 παρακαλέσαντες,
3446 766 3631 835 τυχεῖν

2062 863 2332 933 δυνηθῶσι
2354 861 2684 932 συγγνώμης
2714 878 2729 894 ο
2784 861 2859 933 μὴ
2907 860 3105 927 ἐξεῖναι
3130 860 3188 913 δὲ
3210 860 3485 913 κοινωνεῖν
3517 859 3631 919 τοῖς

2062 954 2464 1022 άκοινωνήτοις,
2529 953 2664 1023 μηδὲ
2715 952 2837 1006 κατ’
2895 951 3080 1014 οίκους
3114 949 3465 1010 συνελθόντας
3501 962 3629 997 συν-

2060 1043 2314 1114 εύχεσθαι
2350 1045 2463 1106 τοῖς
2494 1042 2570 1114 μὴ
2592 1045 2660 1113 τῇ
2694 1042 2959 1113 ἐκκλησίᾳ
3001 1040 3414 1111 συνευχομένοις
3442 1053 3459 1069 ·
3495 1035 3630 1107 μηδὲ

2062 1136 2118 1187 ἐν
2150 1134 2310 1204 ἑτέρᾳ
2336 1133 2600 1204 ἐκκλησία
2628 1131 2984 1203 ὑποδέχεσθαι
3010 1132 3137 1193 τοὺς
3162 1132 3219 1182 ἐν
3250 1128 3413 1199 ἑτέρᾳ
3434 1127 3630 1195 ἐκκλη-

2064 1227 2155 1297 σίᾳ
2189 1226 2263 1296 μὴ
2290 1225 2710 1295 συναγομένους.
2746 1225 2808 1276 Εί
2844 1224 2903 1277 δέ
2932 1224 3127 1292 φανείη
3160 1238 3243 1284 τις
3270 1218 3380 1273 τῶν
3406 1217 3630 1271 ἐπισκόο

2062 1336 2179 1373 πων
2216 1318 2249 1388 ἢ
2276 1316 2659 1387 πρεσϐυτέρων
2689 1315 2723 1384 ἢ
2751 1315 3033 1380 διακόνων,
3066 1314 3101 1384 η
3133 1329 3218 1375 τις
3248 1310 3341 1364 τοῦ
3392 1307 3627 1369 κανόνος

2058 1411 2170 1473 τοῖς
2204 1406 2589 1476 ἁκοινωνήτοις
2619 1405 2917 1469 κοινωνῶν,
2976 1405 3071 1459 καὶ
3106 1403 3299 1457 τοῦτον
3328 1399 3631 1468 ἀκοινώνη-

2056 1513 2147 1549 τον
2173 1491 2334 1557 εῐναι,
2364 1492 2439 1557 ὡς
2470 1490 2536 1546 ἂν
2561 1492 2860 1564 συγχέοντα
2890 1492 2983 1546 τὸν
3016 1493 3219 1546 κανόνα
3255 1494 3356 1562 τῆς
3394 1488 3627 1555 Ἐκκλη-

2058 1587 2196 1652 σίας.

2128 1684 2377 1738 ΚΕΦΑΛ.
2400 1681 2501 1740 ll".
2532 1712 2602 1726 —
2631 1679 2772 1749 Περὶ
2815 1674 3331 1747 δαιμονιζομένων,
3356 1668 3483 1737 πῶς
3508 1685 3630 1722 κοι-

2060 1777 2361 1831 νωνοῦσιν
2387 1777 2427 1845 ἢ
2456 1776 2552 1831 οὕ.

2478 1865 2867 1920 Ἀποστόλων
2894 1859 3097 1915 κανὼν
3116 1856 3215 1911 οθ’.

2129 1958 2224 2013 οθ’.
2269 1959 2393 2013 Ἐάν
2421 1973 2506 2020 τις
2542 1956 2769 2025 δαίμονα
2796 1952 2915 2023 ἔχῃ,
2942 1968 2997 2004 κ.
3030 1966 3083 2003 τ.
3112 1948 3161 2002 λ.

2292 2050 2568 2118 Τιμοθέου
2608 2042 3059 2110 Ἀλεξανδρείας
3104 2036 3305 2091 κανὼν
3330 2037 3404 2105 γ’.

2123 2142 2459 2212 Ἐρώτησις.
2491 2139 2561 2209 Υ.
2600 2139 2727 2193 Ἐάν
2786 2152 2872 2199 τις
2908 2133 3097 2196 πιστὸς
3127 2131 3201 2184 ὣν
3232 2128 3628 2199 δαιμονίζηται,

2059 2237 2109 2291 εί
2126 2236 2334 2306 ὀφείλει
2369 2230 2804 2305 μεταλαμϐάνειν
2834 2227 2944 2281 τῶν
2962 2224 3133 2295 ἁγίων
3155 2220 3469 2295 μυστηρίων
3483 2219 3519 2290 ἢ
3536 2217 3627 2284 οὓς

2153 2414 2520 2481 Ἀπόκρισις.
2572 2408 2698 2462 Ἐάν
2729 2405 2803 2478 μὴ
2851 2402 3151 2474 ἐξαγορεύῃ
3200 2399 3260 2452 τὸ
3315 2397 3629 2468 μυστήριον,

2066 2509 2206 2579 μήτε
2235 2506 2409 2567 ἄλλως
2440 2503 2559 2565 πῶς
2614 2500 2930 2571 βλασφημῇ,
2997 2489 3461 2565 μεταλαμσανέτω
3485 2505 3501 2519 '
3560 2488 3629 2557 μὴ

2062 2601 2246 2670 μέντοι
2276 2596 2620 2665 καθεκάστην
2652 2607 2668 2647 τ
2708 2593 2870 2663 ἀρκεῖ
2914 2589 3023 2659 γὰρ
3072 2584 3220 2655 αύτῷ
3248 2581 3392 2637 κατὰ
3424 2580 3628 2649 Κυρια-

2062 2691 2162 2759 κὴν
2196 2691 2376 2758 μόνον.

2133 2778 2381 2834 ΚΕΦΑΛ.
2429 2778 2525 2829 IA'.
2583 2803 2654 2816 --
2706 2768 2848 2838 Περὶ
2893 2768 3013 2822 τῶν
3039 2767 3260 2832 ἔξωθεν
3304 2760 3633 2831 ἐκκλησίας

2063 2870 2542 2939 προσφερόντων,
2563 2866 2602 2933 ἢ
2622 2865 2732 2919 ὲκκ
2745 2860 3161 2929 λησιαζόντων.

2497 2956 2869 3012 Ἀποστόλων
2891 2950 3091 3004 κανὼν
3120 2950 3221 3004 λα’.

2128 3050 2229 3106 λα’.
2257 3051 2325 3104 El’
2348 3067 2431 3113 τις
2464 3046 2834 3118 πρεσϐύτερος
2863 3041 3300 3111 καταφρονήσας,
3333 3053 3390 3093 κ.
3427 3053 3479 3091 τ.
3512 3034 3561 3089 λ.

2392 3139 2658 3194 Συνόδου
2690 3133 2978 3203 Γαγτρῶν
2999 3130 3199 3184 κανὼν
3234 3135 3307 3193 ς’.

2135 3230 2211 3297 ς’.
2241 3231 2307 3286 El
2331 3247 2415 3292 τις
2449 3227 2597 3298 παρὰ
2624 3225 2719 3295 τὴν
2759 3219 3085 3290 Ἐκκλησίαν
3129 3217 3234 3287 ίδίᾳ
3267 3214 3628 3285 ἐκκλησιάζοι,

2063 3323 2157 3375 καὶ
2186 3317 2540 3390 καταφρονῶν
2569 3316 2665 3386 τῆς
2687 3307 3156 3380 Ἐκκλησίας,ξτῶν
3172 3306 3274 3374 τῆς
3311 3303 3628 3372 Ἐκκλησίας

2065 3412 2239 3466 ἐθέλοι
2264 3428 2319 3463 τι
2353 3410 2634 3480 πράττειν,
2686 3406 2760 3475 μὴ
2793 3404 3042 3464 συνόντος
3079 3396 3455 3470 πρεσϐυτέρου
3495 3393 3626 3448 κατὰ

2065 3502 2287 3572 γνώμην
2312 3500 2405 3553 τοῦ
2446 3497 2773 3560 ἐπισκόπου,
2816 3494 3061 3562 ἀνάθεμα
3087 3491 3247 3542 ἔστω.

2328 3590 2596 3645 Συνόδου
2629 3587 2979 3654 Ἀντιοχείας
3017 3582 3218 3637 κανὼν
3239 3579 3304 3649 β’,
3328 3584 3386 3631 ε’.

2132 3683 2198 3740 8'.
2226 3684 2438 3747 Πάντας
2454 3683 2579 3746 τοὺς
2598 3680 2859 3740 εἰσιόντας
2883 3678 2961 3741 είς
2984 3675 3080 3745 τὴν
3099 3671 3413 3743 ἐκκλησίαν,
3437 3686 3491 3722 κ.
3514 3685 3561 3721 τ.
3581 3666 3624 3718 λ.

2139 3861 2199 3916 ε’.
2231 3862 2297 3915 El
2324 3876 2407 3922 τις
2436 3856 2822 3927 πρεσϐύτερος,
2854 3854 2887 3925 ἢ
2920 3852 3183 3911 διάκονος,
3215 3842 3627 3913 καταφρονήσας

2067 3954 2159 4008 τοῦ
2194 3954 2324 4007 ἰδίου
2352 3951 2669 4013 ἐπισκόπου,
2702 3945 2977 4014 ἀφώρισεν
3021 3939 3211 3994 ἑαυτὸν
3263 3935 3365 4005 τῆς
3411 3933 3629 4002 Ἐκκληο

2070 4048 2212 4114 σίας,
2242 4064 2297 4100 κ.
2328 4062 2378 4098 τ.
2406 4043 2457 4096 λ.

2352 4133 2624 4189 Συνόδου
2645 4130 2991 4193 Λαοδικείας
3018 4124 3219 4180 κανὼν
3240 4120 3339 4191 νη’.

2138 4226 2239 4299 νη’.
2262 4229 2384 4281 Ὅτι
2413 4226 2473 4279 οὺ
2504 4225 2585 4277 δεῖ
2623 4226 2681 4276 ἐν
2706 4224 2815 4284 τοῖς
2847 4220 3016 4283 οἴκοις
3048 4213 3359 4287 προσφορὰς
3392 4210 3628 4280 γίνεσθαι

2070 4320 2220 4392 παρὰ
2249 4317 2546 4372 ἐπισκόπου
2582 4315 2616 4385 ἢ
2652 4312 3042 4382 πρεσϐυτέρου.

2172 4410 2440 4467 Συνόδου
2462 4402 2879 4475 οίκουμενικῆς
2894 4403 3070 4469 ἕκτης
3086 4399 3286 4454 κανὼν
3312 4396 3417 4461 λα’,
3437 4394 3531 4446 νθ⁸.

2129 4506 2231 4558 λα’.
2262 4501 2399 4565 Τοὺς
2430 4504 2486 4554 ἐν
2507 4502 2618 4563 τοῖς
2641 4495 2948 4566 εὐκτηρίοις
2976 4493 3163 4557 οἴκοις,
3192 4510 3248 4544 κ.
3288 4507 3339 4543 τ.
3368 4487 3419 4541 λ.

2136 4596 2230 4651 νϐ’.
2264 4595 2464 4665 Μηδεὶς
2494 4594 2549 4645 ἐν
2576 4591 2848 4659 εύκτηρίῳ
2876 4587 3008 4657 οῐκῳ
3042 4585 3187 4638 ἔνδον
3223 4584 3402 4647 οίκῐας
3438 4600 3628 4653 τυγχα-

2064 4706 2206 4743 νοντι
2237 4686 2517 4757 βάπτισμα
2546 4678 2913 4743 ἐπιτελείσθω,
2933 4676 3045 4729 ἀλλ’
3068 4678 3116 4728 εί
3149 4674 3434 4744 μέλλοντες
3460 4672 3630 4739 £15105-

2068 4781 2191 4833 σθαι
2204 4777 2296 4831 τοῦ
2315 4778 2580 4847 άχράντου
2604 4772 2994 4843 βαπτίσματος.
3007 4771 3125 4831 ταῖς
3143 4767 3456 4831 καθολικσῖς
3477 4783 3634 4837 προτ-

2067 4868 2411 4942 ερχέσθωσαν
2446 4864 2781 4934 ἐκκλησίαις,
2814 4863 3035 4915 κάκεῖσε
3073 4859 3170 4928 τῆς
3196 4858 3405 4929 δωρεᾶς
3439 4857 3633 4926 ταύτης

2067 4957 2487 5014 ἀπολαυέτωσαν
2512 4971 2525 4985 ’
2566 4956 2613 5005 εί
2650 4952 2706 5006 δέ
2744 4969 2828 5014 τις
2861 4949 2975 5020 ἁλῷ
3031 4946 3099 5001 τὰ
3134 4947 3265 5017 παρ’
3313 4947 3474 5017 ἡμῶν
3523 4946 3633 5015 ὁρι-

2070 5049 2263 5104 σθέντα
2326 5045 2403 5116 μὴ
2428 5043 2733 5113 φυλάττων,
2781 5043 2830 5093 εί
2870 5040 2969 5110 μὲν
3018 5038 3279 5107 κληρικὸς
3307 5036 3420 5106 εἴη,
3450 5036 3635 5090 καθαι-

2068 5139 2266 5212 ρείσθω
2299 5154 2314 5170 ο
2345 5138 2393 5189 εἰ
2431 5135 2488 5189 δὲ
2516 5133 2719 5197 λαῖκδς,
2757 5118 2986 5200 ἀφοριζέ
3005 5129 3136 5182 σθω.

2138 5311 2213 5364 Ἦ
2260 5310 2303 5374 ζ’
2341 5307 2583 5371 διάταξις
2632 5305 2724 5358 τοῦ
2765 5302 2812 5357 α’
2846 5303 2951 5356 τίτ.
2992 5302 3100 5356 τῶν
3131 5301 3380 5372 Νεαρῶν,
3411 5302 3504 5353 καὶ
3528 5303 3559 5367 ἡ
3589 5316 3635 5364 γι

2065 5401 2160 5455 τοῦ
2187 5400 2231 5471 β’
2280 5400 2383 5453 τίτ.
2418 5400 2572 5468 φασὶ,
2614 5398 2695 5450 ὃτι
2721 5397 2802 5448 δεῖ
2848 5396 2939 5446 τὸν
2997 5394 3220 5446 θέλοντα
3288 5388 3631 5461 εὐκτήριονῆ

2067 5490 2362 5561 ἐκκλησίαν
2394 5490 2597 5553 κτίσαι,
2650 5485 2993 5554 διαλέγεσθαι
3051 5484 3175 5553 περὶ
3211 5482 3404 5535 τούτου
3433 5481 3511 5551 τῷ
3539 5478 3642 5547 τῆς

2072 5584 2278 5647 πόλεως
2309 5584 2613 5651 ἐπισκόπῳ,
2645 5580 2737 5633 καὶ
2777 5577 3064 5649 δωρεῖσθαι
3098 5576 3166 5629 τὰ
3197 5574 3477 5646 ἀρκοῦντα
3504 5569 3631 5640 πρὸς

2070 5674 2165 5747 τὴν
2194 5674 2540 5745 λ’δχνοκαῖαν,
2574 5672 2669 5727 καὶ
2699 5670 2798 5741 τὴν
2828 5669 2978 5742 ἱερὰν
3018 5669 3386 5737 λειτουργίαν,
3419 5664 3513 5719 καὶ
3540 5661 3632 5729 τὴν
