3912 6244
263 260 350 324 609
901 243 1303 311 SYNTAGMA
1340 236 1729 302 CANONUM.
1751 261 1800 273 '-

1921 236 2002 297 [Τ.
2044 238 2161 298 III.
2190 240 2349 301 CAP.
2390 241 2560 315 X0111,
2594 240 2750 303 XVI.

3389 243 3495 309 610

260 363 548 435 ἀδιάφθορον
566 361 662 415 τοῦ
695 359 861 414 τόπου
886 358 1142 427 τήρησιν,
1193 351 1289 405 καὶ
1337 349 1436 420 τὴν
1477 346 1793 418 ἁποτροφὴν

1926 361 2012 399 am
2046 355 2246 401 tectam
2282 348 2384 404 loci
2418 350 2921 415 conservationem,
2948 358 3004 406 et
3030 351 3097 406 ad
3124 354 3486 408 sustentatio—

258 457 347 510 τῶν
400 450 854 526 προσεδρευόντων
890 462 905 479 ⁶
946 445 1042 501 καὶ
1091 444 1215 497 τότε
1270 441 1362 496 τὸν
1394 440 1694 493 ἐπίσκοπον
1731 437 1794 490 τὸ

258 548 460 618 πρᾶγμα
484 544 615 596 πᾶσι
637 538 977 610 φανεροῦντα
1001 534 1239 607 δημοσίᾳ
1277 534 1457 586 ἐκεῖσε
1484 529 1792 600 προσιέναι,

258 638 338 691 καὶ
363 638 449 689 σὺν
477 634 605 703 εὐχῇ
633 632 910 702 πηγνύναι
944 627 1202 699 σταυρὸν,
1255 626 1352 679 καὶ
1403 622 1526 675 τότε
1550 621 1612 674 τὸ
1634 621 1796 691 ἔργον

255 729 615 802 ἄρχεσθαι-ικαὶ
643 728 728 781 ὅτι
750 726 781 777 ό
802 723 1110 795 ἀρξάμενος
1140 719 1259 775 νέον
1286 717 1542 787 κτίζεινῆ
1566 715 1797 769 παλαιὸν

253 817 499 884 ἁνανεοῦν,
547 814 916 884 ἀναγκάζεται
976 811 1116 884 μετὰ
1202 808 1561 880 κληρονόμων
1616 804 1783 860 αὑτοῦ

255 913 383 983 παρὰ
406 909 491 964 τοῦ
511 908 813 962 ἐπισκόπου
844 906 940 960 καὶ
968 904 1064 959 τοῦ
1092 903 1379 974 οἰκονόμου
1429 901 1527 956 καὶ
1552 899 1647 954 τοῦ
1670 900 1797 970 κᾶρ-

251 1019 432 1075 χοντος,
462 1000 522 1054 τὸ
550 1000 751 1071 ἀρχθὲν
782 997 1092 1069 πληρῶσαι.

310 1093 365 1147 Εἰ
384 1093 435 1146 δέ
452 1108 531 1152 τις
554 1094 614 1145 ὲν
639 1088 890 1160 ἰδιωτικῷ
910 1089 1064 1159 οἴκῳ,
1084 1084 1416 1158 προαστείῳ,
1435 1083 1468 1154 ἢ
1485 1083 1692 1155 χωρίῳ,
1721 1084 1799 1136 ἰε-

254 1185 337 1257 ρὰν
358 1183 618 1236 ὲκτελέσει
645 1179 1010 1250 λειτουργίαν,
1030 1180 1064 1250 ἦ
1093 1194 1236 1231 τισιν
1264 1176 1549 1229 ἐκτελέσαι
1583 1191 1800 1245 συγχω-

254 1276 405 1346 ρήσει,
430 1272 544 1343 δίχα
566 1272 845 1342 κληρικῶν
864 1269 1277 1341 ἀφοριζομένων
1299 1268 1454 1338 παρὰ
1469 1265 1561 1319 τοῦ
1581 1265 1691 1319 τῶν
1708 1265 1801 1318 τό·-

250 1383 349 1418 πων
369 1365 721 1428 ὲπισκόπου,ό
749 1362 912 1425 τόπος
941 1363 999 1414 ὲν
1014 1354 1058 1428 ᾧ
1077 1360 1237 1413 τοῦτο
1255 1359 1501 1428 γέγονεν,
1524 1358 1582 1410 ὲν
1599 1357 1801 1429 είδήσει

249 1455 327 1509 τοῦ
349 1455 620 1520 δεσπότου,
639 1452 1044 1523 προσκυροῦται
1064 1454 1131 1523 τῇ
1149 1450 1436 1522 ἐκκλησίᾳ,
1458 1449 1546 1502 διὰ
1569 1448 1661 1502 τοῦ
1684 1450 1805 1501 ὲπι-

246 1549 424 1602 σκόπου
452 1545 660 1601 καὶτοῦ
682 1546 968 1615 οἰκονόμου
997 1546 1093 1600 καὶ
1110 1545 1206 1599 τοῦ
1230 1545 1510 1614 ἄρχοντος,
1532 1542 1676 1597 κατὰ
1703 1541 1803 1611 τὴν

246 1639 288 1706 γ’
311 1640 434 1694 διάτ.
456 1638 547 1692 τοῦ
581 1636 627 1709 β’
659 1640 763 1692 τίτ.
792 1636 903 1691 τῶν
940 1636 1187 1708 Νεαρῶν.
1225 1635 1289 1688 Ἢ
1316 1638 1424 1706 γὰρ
1454 1633 1508 1700 ς’
1530 1634 1671 1688 διάτ.
1706 1630 1800 1686 τοῦ

1901 452 2025 491 nem
2073 452 2264 492 eorum
2306 440 2401 509 qui
2436 440 2599 513 [illic]
2656 443 2960 508 assideant,
3015 444 3238 499 donare.
3274 444 3494 509 .Deinde

1901 543 2035 583 vero
2061 530 2390 600 episcopum
2424 547 2535 587 rem
2567 533 2826 587 omnibus
2859 534 3207 589 manifestam
3242 537 3490 601 reddere,

1901 621 2119 691 publice
2154 622 2285 677 illuc
2317 622 2630 692 procedere,
2680 634 2734 678 et
2765 624 3024 680 adhibitis
3062 626 3317 695 precibus
3360 642 3494 681 cru-

1902 728 2021 767 cem
2044 713 2230 784 ﬁgere,
2273 724 2455 768 actum
2494 712 2764 786 [demum]
2782 730 2920 785 opus
2948 715 3198 771 inchoari
3219 716 3490 790 [debere].

1901 802 1991 871 Et,
2014 804 2163 874 quod
2192 806 2287 874 qui
2323 820 2532 858 novum
2562 804 2917 876 [oratoriuml
2946 816 3254 875 exstruere,
3278 810 3364 865 vel
3395 825 3493 865 ve-

1905 904 1989 951 tus
2014 911 2277 951 revocare
2326 897 2579 966 coeperit,
2608 908 2845 967 coeptum
2879 898 3142 968 perlicere
3169 900 3236 956 ab
3270 916 3493 957 oecono-

1902 987 2029 1053 mis,
2044 988 2389 1058 episcopo,et
2410 990 2734 1059 magistratu
2757 1006 2882 1044 cum
2902 992 3209 1048 haeredibus
3236 1004 3487 1064 cogatur.

1978 1077 2195 1134 Textus.
2230 1080 2384 1147 Quod
2414 1084 2459 1139 si
2494 1085 2619 1153 quis
2654 1085 2816 1157 148
2844 1088 2897 1140 in
2928 1088 3141 1157 privato
3173 1090 3491 1144 suburbano

1904 1178 1999 1225 aut
2036 1172 2243 1241 praedio
2294 1173 2415 1229 sine
2450 1176 2667 1231 clericis
2696 1193 2727 1231 a
2762 1179 3008 1233 locorum
3039 1180 3296 1250 episc0po
3323 1183 3494 1250 depu-

1906 1261 2053 1324 tatis,
2089 1278 2308 1318 sacrum
2363 1267 2731 1321 ministerium
2781 1277 3025 1340 peragat,
3081 1270 3164 1323 vel
3208 1270 3489 1339 aliquibus

1905 1369 2171 1424 peragere
2215 1359 2526 1413 concedat:
2562 1360 2738 1426 locus,
2786 1363 2841 1415 in
2878 1376 2989 1432 quo
3040 1360 3093 1415 id
3145 1363 3352 1418 sciente
3388 1364 3489 1417 doe-

1905 1449 2057 1501 mino
2110 1446 2315 1503 factum
2363 1462 2468 1515 est,
2516 1466 2615 1520 per
2658 1452 3005 1523 episcopum,
3050 1470 3399 1510 meonomum
3436 1465 3492 1511 et

1905 1540 2287 1609 magistratum
2342 1540 2618 1597 addicitur
2659 1546 2936 1610 Ecclesiae,
3000 1548 3307 1604 secundum
3358 1564 3492 1605 con-

1905 1630 2019 1685 stit.
2074 1632 2131 1698 5,
2164 1632 2248 1686 tit.
2279 1632 2315 1686 2
2350 1632 2721 1690 Novellarum.
2753 1635 2989 1693 Constit.
3024 1649 3205 1694 autem
3248 1640 3304 1706 6,
3338 1641 3421 1694 tit.
3458 1640 3483 1694 1

244 1737 285 1783 α’
302 1731 515 1784 τίτ.τῶν
548 1730 733 1784 αὐτῶν
770 1728 1017 1799 Νεαρῶν,
1054 1723 1207 1782 εἶπεν
1236 1728 1401 1781 αὐτὸν
1430 1724 1755 1796 φισκοῦσθαι
1787 1738 1800 1752 °

1921 1720 2280 1789 Novellarum,
2311 1725 2463 1779 illum
2498 1727 2790 1782 conﬁscari
2846 1730 3001 1787 dicit.
3042 1730 3107 1785 Et
3134 1735 3353 1787 constit.
3399 1734 3485 1799 15,

245 1822 376 1892 καίή
411 1827 469 1874 ιε’
503 1821 644 1875 διάτ.
674 1820 768 1873 τοῦ
802 1818 852 1887 γ’
882 1819 987 1872 τίτ.
1016 1818 1110 1872 τοῦ
1142 1816 1192 1872 α’
1224 1818 1366 1888 βισλ.
1403 1817 1499 1870 τοῦ
1556 1815 1688 1870 κώδ.
1739 1816 1803 1868 Εἰ

244 1914 290 1967 δὲ
316 1914 534 1985 ἠγνόησε
582 1912 647 1966 τδ
678 1913 962 1983 γινόμενον
992 1914 1020 1965 ὁ
1051 1911 1341 1980 δεσπότης,
1372 1909 1433 1962 οὐ
1466 1906 1757 1979 ζημιοῦται
1785 1922 1801 1939 ο

245 2003 342 2056 ἀλλ’
392 2004 439 2055 οἰ
484 2002 849 2071 γινώσκοντες
909 2002 1232 2073 φροντισταί⁵
1260 1998 1359 2052 καὶ
1412 1997 1685 2065 μισθωταὶ
1710 1995 1804 2049 καὶ

244 2097 556 2165 ὲμφυτευταὶ
588 2094 926 2168 ὲξορίζονται
954 2096 1053 2165 τῆς
1077 2093 1349 2165 ἐπαρχίας
1358 2132 1372 2154 ς
1402 2091 1510 2144 τῶν
1543 2088 1804 2161 πραγμά-

244 2203 337 2239 των
378 2187 554 2240 αὐτῶν
602 2187 1103 2258 προσκυρουμὲνων
1167 2188 1232 2256 τῇ
1287 2183 1559 2254 ἐκκλησίᾳ
1602 2196 1618 2214 ·
1669 2182 1719 2234 οἰ
1745 2181 1805 2234 δὲ

245 2278 452 2349 ὕπαρχοι
501 2277 678 2332 ταῦτα
738 2277 1091 2348 παρορῶντες
1148 2278 1208 2330 ὲν
1263 2272 1558 2345 εἰδήσει,ν’
1616 2271 1803 2343 λίτρας

244 2366 538 2435 ζημιοῦνται
571 2383 587 2399 ⁸
661 2366 759 2419 καὶ
798 2368 833 2437 ἡ
883 2365 1038 2432 τάξις
1087 2370 1128 2417 ν’
1161 2382 1176 2396 ο
1220 2362 1400 2430 ἔξεστι
1454 2359 1639 2431 μέντοι
1689 2361 1803 2423 τοῖς

242 2455 431 2526 ἔχουσιν
455 2458 513 2510 ὲν
533 2458 654 2521 τοῖς
685 2457 855 2519 οἴκοις
889 2456 1069 2509 αὐτῶν
1122 2456 1390 2526 εὐκτήρια
1420 2451 1703 2523 εὔχεσθαι,
1739 2453 1803 2505 οὐ

244 2550 337 2622 μὴν
364 2553 452 2605 καὶ
469 2551 819 2621 λειτουργίαν
847 2552 1002 2621 παρὰ
1031 2549 1102 2602 τὰ
1138 2548 1407 2620 εἰρημένα
1430 2550 1625 2603 ποιεῖν.

297 2665 534 2719 ΚΕΦΑΛ.
582 2662 687 2719 IE’.
727 2665 957 2732 -Περί
992 2662 1344 2717 ἐπισκόπων
1396 2662 1436 2733 ἢ
1475 2661 1799 2732 κληρικῶν,

238 2757 790 2824 συγ-κοινωνούντων
817 2755 855 2824 ἢ
885 2753 1350 2824 συνευχομένων
1391 2755 1726 2823 αἰρετικοῖς,
1761 2756 1800 2825 ἣ

249 2844 561 2915 Ἰουδαίοις,
602 2849 644 2917 ἣ
680 2848 1121 2916 ἐπιτρεπόντων
1174 2846 1382 2913 αὐτοῖς
1432 2847 1716 2918 ἐνεργεῖν,
1760 2849 1799 2919 ἣ

235 2936 552 3009 δεχομένων
578 2937 782 2993 αὐτῶν
820 2939 1063 2995 θυσίαν.

499 3054 893 3109 Ἀποστόλων
925 3053 1125 3107 κανὼν
1156 3061 1210 3119 ι’,
1234 3053 1341 3123 με’,
1368 3060 1484 3126 pLg’.

294 3141 341 3198 t'.
376 3145 441 3197 Εί
463 3163 546 3210 τις
572 3147 927 3216 ἀκοινωνήτῳ
959 3146 1064 3199 κᾶν
1096 3146 1153 3198 ἐν
1186 3147 1320 3217 οἴκῳ
1346 3144 1686 3214 συνεύξεται,
1712 3137 1804 3199 οὗ·

230 3252 310 3299 τος
334 3235 701 3309 ἀφοριζὼθω.

293 3328 390 3398 με’.
406 3330 791 3402 Ἐπίσκοποςῆ
810 3346 913 3401 πρε
922 3327 1082 3381 σόύτε
1091 3344 1179 3397 ρος
1199 3327 1232 3399 ἢ
1249 3327 1493 3391 διάκονος
1509 3330 1562 3382 αἰ
1569 3330 1805 3399 ρετικοῖς

232 3422 635 3494 συνευξάμενος,
697 3423 858 3493 μόνον
910 3420 1255 3491 ἀφοριζέσθω
1287 3436 1303 3449 ⁸
1370 3421 1419 3474 εἰ
1472 3419 1529 3473 δὲ
1568 3421 1663 3474 καὶ
1708 3421 1804 3474 ἐπ·

233 3510 445 3583 ἔτρεψεν
480 3514 675 3578 αὐτοῖς
710 3513 787 3577 ὡς
839 3512 1124 3583 κληρικοῖς
1164 3511 1459 3585 ἐνεργῆσαί
1490 3529 1568 3578 τι,
1609 3511 1804 3566 καθαι-

232 3604 435 3674 ρείσθω.

294 3697 403 3768 μς’.
438 3699 776 3754 Ἑπίσκοπον
804 3699 837 3770 ἢ
861 3698 1231 3770 πρεσϐύτερον
1254 3701 1548 3772 αἰρετικῶν
1576 3703 1803 3777 δεξαμέ-

232 3800 340 3849 νους
368 3787 662 3859 βάπτισμα
685 3789 719 3859 ἦ
742 3788 949 3853 θυσίαν,
966 3788 1348 3860 καθαιρεῖσθαι
1366 3794 1800 3866 προστάσσομεν.

234 3878 320 3945 Τίς
350 3881 459 3949 τὰρ
480 3881 888 3951 συμφώνησις
923 3882 1157 3950 Χριστῷ
1184 3884 1335 3951 πρὸς
1362 3886 1615 3955 Βελίαρ;
1642 3887 1681 3958 ἢ
1712 3890 1803 3956 τίς

226 3969 378 4037 μερὶς
404 3971 606 4037 πιστῷ
637 3974 788 4040 μετὰ
816 3972 1118 4035 ἀπιστως

490 4060 773 4115 Συνόδου
808 4061 1177 4131 Ἀντιοχείας
1219 4062 1422 4118 κανὼν
1451 4064 1518 4135 β’.

290 4148 351 4207 θ’.
377 4153 595 4217 Πάντας
624 4154 752 4217 τοὺς
781 4153 1048 4218 εἰσιόντας
1068 4156 1148 4218 εἰς
1167 4153 1264 4226 τὴν
1280 4155 1575 4228 ἐκκλησίαν
1611 4174 1666 4210 κ.
1681 4174 1727 4213 τ.
1748 4157 1797 4211 λ.

491 4327 772 4383 Συνόδου
798 4328 1151 4397 Λαοδικείας
1180 4330 1382 4384 κανὼν
1413 4330 1515 4399 λγ’.

287 4415 382 4487 λγδ.
418 4419 542 4473 Ὀτι
578 4420 647 4474 οὐ
676 4420 758 4473 δεῖ
799 4421 1155 4493 αἰρετικοῖςῆ
1200 4426 1579 4494 σχισματικοῖς
1607 4426 1798 4478 συνεύ-

226 4509 421 4577 χεσθαι.

298 4602 357 4655 Ἠ
381 4602 426 4656 δ’
456 4603 713 4667 διάταξις
753 4601 847 4655 τοῦ
871 4600 921 4672 γ’
950 4603 1052 4657 τίτ.
1092 4603 1201 4656 τῶν
1233 4603 1483 4676 Νεαρῶν,
1515 4606 1679 4675 φησιν
1724 4606 1806 4661 ὅτι

226 4694 542 4763 συνάγοντες
568 4696 621 4748 οἰ
656 4694 925 4764 αἰρετικοὶ
961 4696 1057 4747 καί
1089 4696 1138 4747 οἰ
1183 4696 1320 4767 πρὸς
1346 4697 1543 4759 αὐτοὺς
1574 4700 1806 4767 συναγό-

227 4800 386 4853 μενοι,
415 4786 516 4850 τὰς
548 4785 665 4839 ἀπὺ
709 4786 819 4839 τῶν
858 4785 1155 4852 διατάξεων
1204 4787 1394 4851 ποινὰς
1434 4788 1799 4857 ὑπομένουσι·

225 4874 309 4927 καὶ
332 4877 378 4928 οἰ
416 4872 587 4939 οἶκοι,
622 4877 683 4928 ὲν
706 4872 789 4938 οἷς
810 4876 1186 4946 ἁμαρτάνεται
1212 4875 1393 4941 τοῦτο,
1421 4881 1491 4948 τῇ
1515 4879 1648 4949 ἁγίᾳ
1678 4880 1802 4932 Ἔκ-

224 4963 412 5037 κλησίᾳ
444 4966 914 5037 προσκυροῦνται.

285 5056 535 5108 ΚΕΦΑΛ.
572 5051 695 5120 ις’.
714 5084 785 5095 —-
805 5053 943 5123 Περί
961 5054 1066 5109 τοῦ
1090 5053 1180 5123 μὴ
1204 5053 1332 5108 δεῖν
1358 5056 1431 5110 τὰ
1455 5056 1611 5125 ἅγια,
1642 5059 1803 5130 λόγῳ

224 5146 527 5217 εὐλογιῶν,
557 5148 653 5215 εἰς
689 5145 796 5212 τὰς
825 5148 1138 5215 παροικίας
1163 5147 1525 5216 πέμπεσθαι.

495 5237 774 5291 Συνόδου
808 5236 1156 5303 Λαοδικείας
1202 5237 1405 5291 κανὼν
1431 5238 1515 5293 ιδ’.

289 5324 365 5378 ιδ’.
396 5327 537 5398 Περὶ
569 5327 672 5380 τοῦ
701 5328 774 5399 μὴ
810 5328 881 5381 τὰ
906 5329 1035 5397 ἅγια
1068 5330 1148 5392 εἰς
1180 5328 1337 5398 λόγον
1365 5330 1627 5399 εὐλογιῶν
1656 5334 1798 5389 κατὰ

223 5415 316 5486 τῆν
347 5421 542 5492 ἑορτὴν
568 5418 673 5473 τοῦ
700 5421 909 5492 Πάσχα,
932 5420 1010 5487 εἰς
1038 5422 1230 5494 ἑτέρας
1258 5423 1547 5494 παροικίας
1569 5425 1803 5499 διαπέμ-

228 5508 435 5564 πισθαι.

292 5628 335 5659 ⁸⁸
368 5632 408 5684 ιι
439 5633 575 5687 Cor.
601 5649 679 5699 vt,
708 5636 795 5689 14.

1909 1814 1994 1868 tit.
2023 1816 2081 1880 5,
2117 1815 2210 1871 lib.
2245 1834 2280 1883 ι,
2312 1818 2436 1873 cod.
2478 1817 2538 1872 Si
2570 1834 2700 1873 vero
2734 1836 2848 1874 rem
2893 1822 3040 1876 illam
3077 1824 3350 1893 ignoravit
3387 1826 3489 1881 do-

1906 1905 2111 1971 minus,
2163 1923 2273 1962 non
2324 1910 2636 1965 multatur:
2666 1912 2761 1966 sed
2809 1913 3047 1971 scientes
3079 1925 3486 1983 procuratores,

1905 2004 1960 2051 et
1982 1998 2363 2067 conductores,
2404 2004 2773 2072 emphyteutae
2822 2004 2986 2059 rebus
3030 2006 3274 2074 ipsorum
3313 2008 3488 2063 eccle-

1906 2086 2002 2141 site
2023 2087 2279 2156 addictis,
2326 2102 2479 2146 extra
2530 2094 2866 2163 provinciam
2922 2098 3215 2152 mittuntur
3244 2100 3295 2152 in
3342 2101 3490 2155 exsi-

1906 2178 2062 2233 lium.
2101 2178 2350 2237 Praafecti
2380 2199 2512 2239 vero
2558 2187 2652 2255 qui
2689 2186 2927 2243 scientes
2982 2188 3100 2244 haec
3145 2191 3488 2259 permittunt,

1906 2272 2307 2345 quinquaginta
2342 2276 2501 2331 libris
2529 2279 2856 2343 multantur,
2889 2290 2944 2335 et
2971 2281 3170 2337 cohors
3204 2283 3486 2337 tantidem.

1906 2363 2060 2420 Licet
2103 2366 2349 2434 interim,
2397 2378 2457 2423 ut
2487 2370 2581 2438 qui
2629 2370 2682 2424 in
2730 2372 2941 2426 aedibus
2987 2374 3226 2427 oratoria
3263 2373 3486 2438 habent,

1908 2456 2091 2529 [inibi]
2144 2470 2443 2528 precentur
2473 2478 2488 2516 :
2517 2477 2627 2516 non
2666 2479 2800 2518 vero
2838 2465 3002 2519 etiam
3046 2464 3279 2537 [divina]
3326 2467 3491 2520 mini-

1906 2547 2073 2602 steria
2101 2560 2289 2602 contra
2322 2547 2453 2621 [iam
2494 2550 2639 2605 dicta
2676 2552 3093 2624 exsequantur.]

1973 2658 2102 2714 CAP.
2138 2657 2259 2714 XV.
2285 2691 2353 2702 —
2384 2661 2457 2715 De
2499 2664 2755 2733 episcopis
2796 2665 2875 2717 vel
2909 2666 3113 2718 clericis
3144 2666 3234 2734 qui
3258 2682 3491 2719 cornutu-

1902 2750 2079 2802 nicant
2115 2752 2191 2805 vel
2242 2765 2395 2806 orant
2444 2770 2561 2808 eum
2620 2756 2877 2809 haereticis
2927 2769 3017 2810 aut
3056 2758 3279 2820 Judwis,
3308 2758 3384 2812 vel
3414 2760 3490 2811 eis

1902 2840 2188 2894 concedunt
2214 2857 2324 2895 rem
2351 2859 2561 2897 sacram
2587 2844 2981 2914 administrare,
3011 2846 3092 2900 vel
3120 2863 3300 2900 eorum
3320 2850 3492 2900 sacri-

1900 2932 2083 3003 ﬁcium
2111 2934 2421 2991 admittunt.

2195 3050 2568 3117 Apostolorum
2611 3068 2839 3108 canones
2887 3052 2973 3117 10,
2999 3055 3088 3119 45,
3119 3053 3208 3109 46.

1980 3138 2068 3195 10.
2114 3139 2171 3194 Si
2207 3141 2331 3210 quis
2361 3158 2487 3197 cum
2541 3146 3041 3213 excommunicato,
3087 3146 3168 3199 vel
3202 3147 3255 3200 in
3301 3145 3486 3209 domo,

1907 3246 2012 3284 una
2039 3238 2292 3299 precatus
2322 3229 2507 3295 fuerit,
2536 3233 2584 3287 is
2616 3242 2956 3301 scgregetur.

1973 3322 2065 3376 45.
2098 3322 2420 3393 Episcopus,
2458 3323 2541 3376 vel
2587 3324 2894 3395 presbyter,
2936 3324 3019 3378 vel
3068 3323 3353 3379 diaconus.
3390 3323 3486 3391 qui

1905 3427 2029 3467 cum
2057 3412 2329 3468 haereticis
2359 3412 2441 3466 vel
2472 3414 2648 3468 solum
2679 3422 3058 3483 comprecatus
3091 3423 3193 3478 est,
3228 3426 3483 3482 segrege-

1904 3510 2012 3557 tur.
2048 3499 2142 3556 Sin
2166 3513 2347 3557 autem
2372 3504 2451 3557 eis
2490 3511 2750 3573 tanquam
2783 3504 2998 3559 clericis
3024 3502 3229 3571 aliquid
3268 3502 3485 3572 operari

1904 3594 2236 3665 permiserit,
2260 3594 2588 3664 deponatur.

1972 3689 2064 3744 46.
2090 3687 2439 3759 Episcopum,
2457 3690 2538 3743 vel
2566 3690 2956 3760 presbyterum,
2976 3689 3065 3758 qui
3101 3685 3484 3741 haereticorum

1904 3781 2235 3852 baptismum
2278 3784 2362 3837 vel
2411 3782 2741 3837 sacrilicium
2787 3781 3090 3846 admiserit,
3148 3782 3343 3849 deponi
3389 3780 3485 3848 ju-

1902 3872 2136 3929 betnus:
2168 3872 2302 3939 Qus
2349 3882 2427 3927 est
2485 3875 2621 3928 enim
2670 3876 2939 3927 conventio
2974 3872 3176 3927 Christi
3232 3888 3351 3925 cum
3387 3871 3488 3925 Be-

1904 3963 2042 4019 lial?
2066 3967 2143 4019 vel
2180 3982 2296 4035 qua:
2324 3982 2449 4034 pars
2473 3974 2548 4019 est
2579 3964 2725 4034 ﬁdeli
2756 3981 2876 4016 cum
2900 3964 3101 4032 inﬁdeli
3132 3963 3199 4017 ⁸⁸.

2178 4056 2338 4127 149
2364 4056 2593 4111 Coucilii
2624 4056 2937 4108 Antiocheni
2962 4072 3131 4108 canon
3154 4055 3209 4108 ’2.

1973 4145 2028 4201 2.
2067 4146 2271 4201 Omnes
2320 4149 2409 4215 qui
2463 4147 2518 4199 in
2562 4144 2867 4201 Ecclesiam
2914 4145 3320 4214 ingrediuntur,
3351 4154 3484 4211 οἱα,

1904 4252 1963 4296 ut
1998 4259 2184 4313 supra,
2212 4258 2340 4312 pag.
2376 4240 2509 4296 6l6.

2262 4333 2491 4390 Concilii
2516 4333 2806 4387 Laodiceni
2838 4349 3008 4386 canon
3033 4333 3123 4387 55.

1974 4425 2063 4479 55.
2103 4422 2258 4489 Quod
2310 4440 2420 4477 non
2465 4432 2678 4493 oportet.
2724 4439 2829 4477 una
2902 4438 3025 4478 cum
3085 4421 3358 4477 haeretit-is
3403 4423 3491 4479 vel

1904 4515 2276 4571 schismaticis
2315 4529 2496 4569 orare.

1979 4606 2198 4661 Textus.
2247 4606 2521 4673 C0nst.4,
2558 4604 2644 4658 tit.
2692 4604 2745 4666 6,
2798 4602 3141 4658 Novellarum
3176 4606 3287 4660 ait:
3330 4606 3487 4672 Quod

1905 4700 1995 4771 qui
2034 4699 2271 4754 haeretici
2311 4706 2485 4753 cretus
2516 4707 2741 4768 cogunt,
2775 4699 2978 4769 quique
3006 4699 3148 4767 apud
3186 4699 3307 4753 illos
3339 4717 3476 4754 con-

1906 4800 2222 4861 gregantur,
2248 4790 2301 4844 in
2323 4789 2549 4859 digestis
2579 4790 2885 4857 descriptas
2913 4805 3103 4858 poenas
3139 4790 3480 4845 sustineant:

1901 4891 1956 4936 et
1982 4884 2200 4944 domus,
2230 4882 2288 4934 in
2332 4881 2537 4951 quibus
2587 4881 2693 4936 hoc
2721 4881 3071 4951 delinquitur,
3126 4894 3330 4936 sanctae
3379 4879 3483 4933 Ec-

1903 4974 2083 5028 clesia?
2115 4974 2462 5029 addicantur.

1971 5063 2124 5120 CAP.
2148 5064 2283 5121 XVI.
2309 5094 2371 5105 ——
2398 5064 2555 5131 Quod
2570 5081 2674 5118 non
2701 5073 2932 5135 oporteat
2964 5064 3276 5118 oblationem
3302 5079 3484 5117 conse-

1902 5169 2111 5212 cratam
2133 5197 2149 5224 ,
2190 5158 2413 5228 eulogia:
2450 5159 2626 5210 instar
2658 5160 2727 5211 ad
2756 5158 3012 5227 paraecias
3042 5158 3265 5210 mittere.

2260 5248 2487 5302 Concilii
2515 5247 2803 5303 Laodiceni
2839 5266 3004 5302 canon
3040 5248 3127 5303 14.

1978 5341 2064 5395 14.
2108 5339 2183 5395 Ne
2214 5351 2401 5396 sancta
2435 5341 2605 5397 instar
2636 5341 3070 5397 benedictionum
3116 5340 3167 5394 in
3209 5338 3348 5395 l'cslo
3382 5339 3485 5397 νδ·

1906 5434 2084 5503 solue,
2127 5434 2179 5489 in
2212 5434 2347 5491 alias
2381 5436 2668 5507 parochias
2698 5436 3157 5491 transmittantur.
