3912 6244
428 337 527 404 611

1603 315 1863 378 ΡΗΟΤΙΙ
1900 306 2405 375 PATRIARCIL‘E
2436 307 2547 367 ΟΡ.

3575 300 3666 364 612

499 447 653 507 CA'P.
691 442 860 499 XVII.
896 460 964 483 -ι
996 437 1076 494 Ne
1111 436 1487 508 defunctorum
1526 429 1832 500 corporibus
1874 441 2015 481 com-

2189 420 2440 473 ΚΕΦΑΛ.
2486 414 2586 471 1Ζ’.
2620 444 2688 456 -
2729 412 2870 484 Περὶ
2907 412 3019 467 τοῦ
3046 410 3134 482 μὴ
3174 409 3403 466 διδόναι
3435 410 3553 479 τοῖς
3570 432 3669 467 σω-

431 543 610 600 munio
650 542 823 595 detur.

716 627 941 685 Concilii
972 620 1408 694 Carthaginensis
1446 632 1615 672 canon
1646 614 1733 670 18.

506 726 594 783 18.
617 724 675 779 Si
691 723 811 791 quis
830 722 1061 775 clericus
1079 717 1383 778 ordinatus,
1402 721 1535 775 etc.,
1552 717 1612 762 ut
1629 720 1858 776 suprap.
1888 704 2013 759 482.

644 814 803 884 150
839 809 1066 867 Concilii
1097 805 1409 862 arcumenici
1450 818 1505 856 v1
1535 814 1705 855 canon
1735 796 1825 851 85.

505 910 595 965 8'5.
656 906 829 960 Nemo
879 903 925 934 δ’
964 891 1308 955 mortuorum
1370 892 1699 964 corporibus
1754 884 2020 943 Euchari-

436 1006 599 1060 stiam
631 995 1003 1055 communicet
1039 1012 1055 1047 :
1093 992 1359 1060 scriptum
1398 997 1482 1041 est
1531 984 1680 1041 enim
1714 999 1729 1037 :
1784 978 2022 1048 Accipite

436 1106 486 1151 et
508 1092 757 1147 comedite
799 1090 868 1141 '°.
894 1087 1234 1141 Mortuorum
1270 1090 1452 1136 autem
1489 1090 1721 1148 corpora
1751 1089 1861 1129 non
1891 1086 2023 1143 pos-

438 1197 566 1245 sunt
595 1185 866 1252 accipere,
908 1196 1011 1236 nec
1044 1176 1352 1234 comedere.

508 1278 662 1334 CAP.
691 1273 879 1329 XVIII.
894 1305 962 1315 —-
984 1269 1066 1325 Ne
1090 1267 1279 1322 mulier
1293 1282 1384 1336 per
1405 1261 1735 1335 purgationis
1758 1260 1868 1316 dies
1885 1274 2027 1313 com-

441 1373 690 1426 muniret.

661 1460 900 1531 Dionysii
936 1453 1159 1525 epistola
1188 1451 1255 1507 ad
1278 1448 1573 1505 Basilidem
1606 1464 1722 1518 cap.
1759 1446 1816 1501 2.

513 1620 569 1675 2.
607 1619 684 1674 De
714 1615 1036 1671 mulieribus
1063 1620 1242 1667 autem
1276 1623 1398 1680 quae
1433 1615 1563 1663 sunt
1598 1607 1651 1659 in
1685 1605 2025 1667 abcessu,an

444 1730 541 1770 eas
567 1713 647 1766 sic
687 1710 909 1764 aﬂ'ectas
955 1713 1206 1775 Oporteat
1248 1704 1471 1756 domum
1526 1699 1617 1752 Dei
1670 1695 1899 1766 ingredi,
1937 1710 2031 1749 su-

2112 529 2261 584 μασι
2289 510 2409 566 τῶν
2434 506 2853 564 τελευτώντων
2888 506 3233 561 κοινωνίαν.

2363 600 2639 656 Συκόδου
2667 600 3095 670 Καρθατέννης
3125 597 3327 652 κανὼν
3359 600 3448 668 ιη’.

2193 693 2282 765 ιη’.
2323 693 2453 749 Ἐάν
2485 710 2571 758 τις
2600 691 2862 764 κληρικὸς
2894 690 3285 762 χειροτονῆται,
3316 706 3374 744 κ.
3410 705 3462 744 τ.
3490 688 3539 744 λ.

2249 786 2525 842 Συνόδου
2563 782 2986 854 οῖκουμενικῆς
3024 781 3205 849 ἕκτης
3232 779 3433 835 κανὼν
3459 784 3565 848 πγν.

2194 885 2305 948 πγν.
2337 878 2546 949 Μηδεὶς
2566 879 2678 940 τοῖς
2700 875 2918 945 σώμασι
2933 873 3043 926 τῶν
3067 871 3569 940 τελευτώντωνβῄ
3588 869 3676 923 Εὐ-

2122 969 2412 1043 χαριστίας
2434 966 2792 1038 μεταδιδότωο
2818 958 3134 1035 γέγραπται
3160 961 3289 1033 γάρ·
3321 960 3558 1021 Λάϐετε,
3584 959 3677 1027 φά-

2123 1080 2281 1135 τετεο
2310 1061 2382 1114 τὰ
2412 1061 2470 1112 δὲ
2491 1058 2601 1113 τῶν
2630 1056 2843 1130 νεκρῶν
2873 1056 3127 1127 σώματα,
3165 1053 3285 1108 οὐδὲ
3306 1053 3489 1107 λαϐεῖν
3509 1051 3677 1106 δύναν-

2126 1173 2218 1210 ται
2241 1153 2363 1207 οὐδὲ
2397 1150 2611 1220 φαγεῖν.

2199 1242 2450 1298 ΚΕΦΑΛ.
2495 1241 2604 1293 IH'.
2636 1267 2708 1279 -—
2748 1236 2887 1306 Περὶ
2924 1234 3033 1292 τοῦ
3074 1236 3161 1306 μὴ
3199 1234 3418 1305 χρῆναι
3454 1235 3680 1304 γυναῖκα

2128 1338 2197 1391 ὲν
2225 1335 2353 1401 ταῖς
2381 1331 2630 1403 ἡμέραις
2656 1330 2769 1401 τῆς
2785 1331 3133 1399 καθάρσεως
3158 1329 3348 1398 αὐτῆς
3375 1328 3677 1385 κοινωνεῖν.

2128 1428 2449 1484 Διονυσίου
2479 1425 2549 1479 ἐκ
2589 1423 2702 1494 τῆς
2742 1424 2894 1493 πρὸς
2934 1422 3305 1563 Βὲισιλείδην
3341 1421 3678 1490 ἐπιστολῆς,

2806 1511 2939 1563 κεφ.
3025 1531 3040 1547 .

2806 1511 2939 1563 κεφ.
2973 1511 3010 1563 p'
3025 1531 3040 1547 .

2205 1589 2271 1660 β’.
2322 1589 2457 1659 Περὶ
2498 1587 2609 1641 τῶν
2652 1587 2712 1640 ὲν
2763 1586 2980 1655 ἀφέδρῳ
3017 1583 3313 1653 γυναικῶν,
3357 1584 3409 1637 εί
3436 1584 3683 1655 προσῆκεν

2135 1681 2306 1743 αὑτὰς
2345 1679 2491 1734 οὕτω
2534 1678 2912 1747 διακειμένας,
2948 1678 3030 1739 είς
3055 1677 3148 1729 τὸν
3189 1671 3340 1729 οἷκον
3365 1676 3581 1729 εἰσιέναι
3606 1676 3682 1728 τοῦ

444 1814 840 1874 pervaeaneum
867 1796 953 1850 vel
987 1797 1325 1861 interrogare
1354 1788 1631 1843 existimo.
1665 1784 1850 1854 Neque
1875 1785 2022 1838 enim

2161 1772 2283 1839 ιεοῦ,
2316 1771 2573 1842 περιττὸν
2596 1770 2772 1825 καὶτὸ
2796 1767 3161 1824 πυνθάνεσθαι
3187 1766 3415 1836 νομίζω.
3448 1767 3575 1820 Οὐδὲ
3594 1767 3683 1836 γὰρ

444 1909 542 1949 eas
571 1891 846 1953 existimo,
873 1888 918 1943 si
946 1886 1055 1941 sint
1081 1885 1186 1954 pize
1213 1891 1269 1937 et
1295 1882 1503 1945 ﬁdeles,
1539 1880 1620 1934 sic
1651 1877 1897 1941 all'eetas,
1927 1890 2027 1929 au-

447 2000 609 2041 suras
642 1983 724 2038 vel
777 1980 846 2035 ad
882 1988 1127 2035 sanetam
1165 1989 1413 2029 mensam
1466 1971 1749 2035 accedere,
1778 1969 1863 2023 vel
1903 1982 2028 2022 cor-

447 2095 550 2150 pus
588 2085 643 2133 et
695 2075 1020 2145 sanguinem
1064 2068 1278 2123 Domini
1324 2064 1614 2136 attingere.
1654 2061 1842 2131 Neque
1860 2060 2029 2125 enim,

447 2185 571 2241 quae
602 2166 888 2224 duodecim
918 2177 1189 2217 annorum
1216 2159 1424 2214 ﬂuxum
1463 2155 1702 2211 habebat
1749 2153 1816 2219 ⁵¹,
1849 2153 2030 2222 ipsum

447 2265 516 2317 ad
569 2260 895 2315 medicinam
958 2255 1154 2326 tetigit,
1198 2252 1293 2309 sed
1340 2250 1515 2305 solam
1575 2248 1694 2318 ejus
1738 2246 2033 2300 ﬁmbriam.

449 2354 620 2409 Orare
646 2353 790 2406 enim
827 2348 1325 2420 quomodocunque
1368 2358 1427 2397 se
1476 2340 1677 2395 habeat
1722 2337 1943 2406 aliquis,
1977 2342 2033 2390 et

450 2457 732 2515 utcunque
769 2441 923 2513 151
953 2442 1026 2496 sit
1067 2438 1298 2493 affectus
1333 2432 1550 2489 Domini
1604 2428 1942 2494 meminisse,
1981 2434 2037 2481 et

447 2540 714 2595 auxilium
748 2536 1077 2605 implorare,
1131 2544 1239 2585 non
1268 2536 1353 2584 est
1383 2522 1911 2596 reprehendendum.
1953 2517 2035 2574 Ad

453 2633 658 2688 Sancta
694 2641 875 2684 autem
913 2633 1253 2689 sanctorum,
1288 2622 1383 2692 qui
1428 2634 1537 2674 non
1583 2615 1812 2674 omnino
1852 2612 2036 2666 anima

451 2726 663 2797 pariter.
677 2732 732 2777 et
753 2734 986 2790 corpore
1017 2732 1189 2788 purus
1213 2723 1319 2779 est,
1349 2710 1610 2767 accedere
1634 2704 2037 2778 prohibebitur.

752 2812 1015 2867 Timothei
1059 2805 1407 2863 Alexandrini
1435 2820 1602 2858 canon
1633 2800 1689 2856 7.

525 2906 882 2976 Interrogatio
909 2906 963 2958 7.
994 2902 1055 2956 Si
1088 2899 1283 2956 mulier
1308 2904 1571 2953 consueta
1613 2892 1717 2948 sibi
1751 2886 2039 2945 muliebria

456 3000 721 3058 accidisse
738 2996 951 3062 viderit,
990 2993 1221 3051 debetne
1253 2990 1321 3045 ad
1356 2997 1545 3045 sancta
1580 2983 1842 3057 mysteria
1879 2994 2039 3036 acce-

456 3093 584 3146 dere
614 3105 683 3143 an
720 3087 856 3143 non?

526 3182 837 3250 Responsio.
869 3177 991 3233 Non
1023 3177 1182 3233 debet
1214 3188 1388 3244 usque
1415 3171 1544 3227 dum
1572 3177 1855 3240 purgetur.

522 3273 676 3330 CAP.
694 3271 838 3327 XIX.
860 3269 941 3325 Ne
970 3269 1062 3323 ﬁat
1094 3284 1250 3323 sacra
1275 3264 1473 3320 oblatio
1498 3270 1754 3333 praesente
1775 3257 2042 3315 hwretico.

731 3447 993 3503 Timothei
1022 3442 1372 3500 Alexandrini
1402 3458 1573 3496 canon
1605 3440 1659 3497 9.

532 3541 889 3612 Interrogatio
923 3539 977 3593 9.
1034 3539 1115 3590 An
1167 3538 1328 3593 debet
1382 3533 1641 3596 clericus,
1675 3531 2043 3603 praesentibus

461 3636 711 3698 Arianis,
741 3630 826 3685 vel
866 3628 988 3682 aliis
1023 3627 1314 3689 haereticis,
1342 3639 1541 3691 orare;
1577 3634 1630 3678 et
1658 3639 1728 3679 an
1756 3639 1882 3679 eum
1913 3623 2046 3678 nihil

462 3729 610 3784 laedit
640 3723 858 3796 quando
888 3720 977 3775 ille
1005 3717 1137 3774 facit
1176 3719 1501 3782 orationem,
1556 3732 1652 3773 seu
1674 3715 2046 3771 oblationem?

536 3900 848 3965 Responsio.
901 3896 960 3951 ln
1020 3895 1203 3950 divina
1260 3892 1538 3949 oblatione
1589 3892 1860 3947 diaconus
1922 3900 2049 3947 ante

462 3994 853 4050 salutationem
880 3989 1079 4054 edicit;
1112 3987 1207 4058 qui
1233 4002 1340 4050 non
1372 3985 1821 4052 communicatis,
1852 3985 2049 4039 ambu-

464 4088 590 4142 late.
629 4083 748 4139 Non
778 4083 976 4139 debent
1022 4095 1152 4149 ergo
1200 4078 1489 4141 interesse,
1539 4078 1645 4132 nisi
1685 4077 2048 4147 proﬁteantur

463 4194 523 4235 se
552 4176 929 4248 pmnitentiam
969 4182 1210 4235 acturos,
1244 4178 1299 4225 et
1328 4169 1579 4224 haeresim
1609 4170 1900 4224 vitaturus.

528 4269 682 4326 CAP.
716 4268 836 4323 XX.
865 4298 937 4310 -ι
962 4265 1153 4321 Utrum
1175 4272 1291 4333 post
1310 4261 1611 4316 illusionem
1629 4269 1941 4315 nocturnam
1957 4258 2049 4330 qui

461 4363 828 4418 communicet.

623 4450 868 4521 Dionysii
900 4465 965 4504 ea:
1004 4447 1228 4518 epistola
1260 4445 1329 4501 ad
1359 4444 1655 4500 Basiliden:
1690 4459 1808 4514 cap.
1838 4442 1871 4497 1

538 4634 592 4689 4.
623 4632 759 4698 Quis
789 4641 972 4685 autem
1010 4629 1064 4683 in
1112 4642 1219 4681 non
1246 4624 1554 4680 voluntario
1583 4631 1854 4677 nocturno
1899 4618 2049 4673 ﬂuxu

468 4724 692 4788 fuerint,
744 4723 780 4776 ii
829 4735 1047 4791 quoque
1078 4719 1355 4789 prepriam
1387 4714 1781 4771 conscientiam
1820 4727 2053 4780 sequan-

469 4829 581 4881 tur,
597 4826 651 4872 et
669 4816 877 4886 seipsos
899 4832 965 4869 an
985 4813 1051 4867 de
1068 4829 1133 4867 eo
1157 4812 1404 4867 dubitent
1434 4825 1503 4863 an
1536 4805 2054 4867 non.eonsitlcrent.

466 4909 940 4977 Quemadmodum
969 4907 1021 4959 in
1050 4905 1211 4966 cibis,
1238 4904 1327 4973 qui
1370 4902 1621 4955 discernit
1648 4896 1827 4967 152,
1860 4895 2055 4965 inquit,

466 5005 514 5057 si
542 5001 847 5063 comederit,
876 4996 1255 5051 condemnatus
1275 4994 1450 5057 est";
1485 4992 1535 5044 in
1557 4992 1642 5045 his
1663 5003 1879 5058 quoque
1914 4988 2055 5042 bona

469 5094 540 5149 sit
571 5090 933 5149 conscientio,
979 5096 1033 5141 et
1080 5087 1247 5141 libere
1289 5085 1545 5152 loquatur
1588 5080 1888 5135 secundum
1930 5092 2057 5147 pro-

471 5190 643 5259 priam
682 5185 1093 5257 cogitationem,
1131 5178 1310 5233 omnis
1340 5193 1435 5246 qut
1464 5176 1529 5229 ad
1560 5173 1732 5229 Deum
1758 5171 1991 5227 accedit.

971 5274 1230 5329 Timothei
1253 5287 1422 5325 canon
1472 5267 1561 5321 i2.

545 5371 895 5441 Interrogatio
926 5369 1012 5422 l2.
1043 5366 1129 5421 .Si
1172 5365 1367 5427 laicus,
1419 5363 1509 5430 qui
1553 5356 1866 5421 somniavit,
1901 5356 2058 5412 cleri-

470 5483 595 5521 emn
626 5463 1040 5533 interrogaverit
1065 5478 1132 5515 an
1155 5461 1313 5516 debet
1335 5458 1383 5513 ei
1408 5454 1721 5527 permittere
1745 5451 2053 5506 communi—

471 5573 617 5623 care,
652 5572 720 5611 an
756 5558 907 5611 non?

2068 3120 2115 3181 (Ξ

2137 1866 2309 1928 αὐτὰς
2342 1865 2543 1928 πιστὰς
2586 1862 2758 1925 οὔσας
2800 1859 2954 1933 οἶμαι
2999 1860 3095 1914 καὶ
3138 1858 3389 1922 εὐλαϐεῖς
3428 1859 3685 1928 τολμήσειν

2130 1958 2275 2013 οὕτω
2301 1957 2673 2027 διακειμένας,
2697 1955 2731 2025 ἢ
2764 1958 2830 2024 τῇ
2864 1952 3109 2024 τραπέζῃ
3136 1955 3204 2024 τῇ
3224 1953 3359 2023 ἁγίᾳ
3380 1952 3685 2024 προσελθεῖν,

2131 2049 2167 2121 ἦ
2190 2048 2284 2102 τοῦ
2316 2047 2568 2119 σώματος
2602 2045 2697 2099 καὶ
2726 2044 2820 2098 τοῦ
2865 2043 3098 2112 αἵματος
3127 2042 3222 2095 τοῦ
3265 2040 3506 2111 Χριστοῦ
3547 2057 3686 2111 προσ-

2135 2140 2397 2211 άψασθαι.
2443 2139 2578 2192 Οὐδὲ
2615 2138 2725 2206 γὰρ
2763 2138 2797 2208 ή
2828 2136 2926 2206 τὴν
2953 2134 3263 2204 δωδεκαετῆ
3297 2134 3460 2205 ῥύσιν
3495 2133 3686 2203 ἔχουσα,

2137 2234 2275 2306 πρὸς
2301 2232 2402 2304 τὴν
2431 2231 2578 2285 ἴασιν
2606 2230 2790 2299 ἔθιγεν
2825 2227 3016 2293 αὐτοῦ,
3051 2228 3190 2282 ἀλλὰ
3212 2226 3383 2295 μόνου
3419 2225 3513 2281 τοῦ
3537 2241 3683 2295 κρασ-

2140 2326 2325 2379 πέδου.
2355 2323 2765 2394 Προσεύχεσθαι
2799 2320 2899 2393 μὲν
2928 2321 3037 2392 γὰρ
3068 2321 3216 2383 ὅπως
3246 2320 3315 2373 ἂν
3373 2318 3474 2391 ἔχῃ
3502 2334 3598 2383 τις,
3612 2318 3691 2370 καὶ

2136 2416 2213 2479 ὡς
2257 2415 2324 2469 ἂν
2370 2415 2636 2468 διάκειται
2672 2412 2981 2484 μεμνῆσθαι
3014 2412 3109 2466 τοῦ
3136 2412 3436 2475 Δεσπότου,
3470 2412 3557 2464 καὶ
3596 2412 3689 2462 δεῖ·

2141 2508 2264 2561 σθαι
2296 2506 2550 2577 βοηθείας
2579 2508 2786 2577 τυχεῖν,
2831 2504 3191 2572 ἀνεπίφθονον
3217 2519 3230 2532 ·
3268 2505 3355 2566 είς
3386 2504 3444 2557 δὲ
3470 2502 3539 2556 τὰ
3580 2502 3689 2569 ἅγια

2141 2600 2235 2652 καὶ
2269 2600 2340 2653 τὰ
2371 2598 2543 2666 Ἅγια
2589 2598 2700 2651 τῶν
2746 2598 2938 2665 ἁγίων,
2966 2598 2995 2650 ὁ
3027 2596 3102 2668 μὴ
3140 2598 3319 2667 πάντη
3350 2596 3582 2666 καθαρὸς
3603 2595 3693 2661 ,καὶ

2139 2692 2286 2763 ψυχῇ
2322 2692 2418 2744 καὶ
2448 2688 2661 2760 σώματι
2695 2690 3001 2761 προσιέναι,
3036 2689 3441 2757 κωλυθήσεται.

2382 2782 2663 2852 Τιμοθέου
2709 2781 3174 2849 Ἀλεξανδρείας·
3194 2781 3401 2835 κανὼν
3431 2779 3498 2845 ζ’.

2226 2874 2568 2944 Ἐρώτησις.
2593 2873 2661 2938 ζ’.
2697 2874 2824 2927 Ἐὰν
2854 2873 2992 2942 γυνὴ
3009 2873 3093 2944 ῐδῃ
3119 2871 3190 2925 τὰ
3206 2872 3329 2926 κατ’
3349 2871 3469 2934 ἔθος
3495 2869 3593 2922 τῶν
3615 2884 3695 2935 γυ-

2142 2967 2399 3020 ναικείων
2432 2967 2622 3037 αὐτῆς,
2648 2966 2697 3019 εί
2726 2965 2930 3034 ὀφείλει
2961 2964 3365 3037 προσέρχεσθαι
3396 2967 3505 3029 τοῖς
3527 2979 3697 3035 μυστη-

2150 3059 2307 3130 ρίοις,
2344 3058 2482 3128 αὐτῇ
2512 3062 2579 3129 τῇ
2617 3058 2821 3129 ἡμέρᾳ,
2856 3057 2889 3129 ἢ
2918 3056 3012 3125 ob;

2230 3151 2589 3219 Ἀπόκρισις.
2621 3151 2737 3203 Οὐκ
2767 3149 2994 3219 ὀφείλει,
3028 3149 3132 3212 ἕως
3158 3146 3226 3203 ἂν
3252 3147 3580 3221 καθαρισθῇ.

2217 3244 2470 3297 ΚΕΦΑΛ.
2506 3239 2609 3297 ιΘ’.
2638 3272 2710 3283 --
2738 3242 2878 3312 Περὶ
2924 3251 3031 3298 τού
3069 3243 3158 3313 μὴ
3200 3244 3479 3311 τίνεσθαι
3516 3245 3701 3311 drago-

2141 3335 2280 3405 ρὰν,
2308 3334 2609 3403 παρόντος
2640 3334 2965 3403 αίρετικοῦ.

2387 3426 2664 3496 Τιμοθέου
2700 3425 3159 3495 Ἀλεξανδρείας
3189 3428 3399 3483 κανὼν
3428 3426 3495 3484 θ’.

2232 3519 2553 3588 Ἐρώτησις
2582 3515 2648 3573 θ’.
2701 3520 2764 3572 Εἰ
2795 3519 2999 3590 ὀφείλει
3021 3518 3279 3590 κληρικδς
3302 3520 3557 3591 εὔχεσθαι
3586 3536 3705 3588 mp-

2146 3614 2317 3667 όντων
2365 3612 2664 3684 Ἀρειανῶν
2705 3612 2740 3684 ἢ
2788 3612 2966 3666 ἄλλων
3017 3612 3360 3684 αἱρετικῶν;
3416 3616 3450 3685 ἢ
3492 3616 3537 3667 εί
3576 3613 3705 3666 οὐδὲν

2149 3705 2313 3760 αὐτὸν
2339 3703 2566 3775 βλάπτει
2593 3706 2795 3759 ὁπόταν
2835 3705 3000 3770 αὐτὸς
3046 3708 3175 3778 ποιῇ
3205 3708 3312 3777 τὴν
3354 3706 3538 3778 εὐχὴν,
3566 3707 3707 3775 ἤγουν

2147 3796 2246 3870 τὴν
2278 3798 2596 3870 προσφοράν
2613 3813 2628 3865 ;

2231 3890 2598 3958 Ἀπόκρισις.
2671 3889 2761 3944 Ἐν
2819 3890 2885 3962 τῇ
2940 3888 3061 3961 θείᾳ
3116 3890 3370 3962 ἀναφορᾷ
3415 3890 3445 3944 ὁ
3493 3888 3707 3947 διάκονος

2148 3984 2465 4055 προσφωνεῖ
2485 3982 2592 4053 πρὸ
2615 3982 2705 4036 τοῦ
2730 3981 3043 4053 ἀσπασμοῦ·
3079 3982 3142 4035 0i
3166 3983 3546 4052 ἁκοινώνητοι,
3575 3997 3707 4051 περι·

2149 4077 2461 4146 πατήσατε.
2506 4076 2621 4129 Οὐκ
2669 4075 2976 4146 ὀφείλουσιν
3019 4076 3115 4130 οὖν
3151 4078 3438 4145 παρεῖναι,
3470 4078 3517 4129 εί
3548 4074 3614 4145 μὴ
3654 4073 3707 4126 ἂν

2148 4167 2600 4236 ὲπαγγὲλλωνταιί
2612 4170 2911 4236 μετανοεῖν,
2942 4169 3038 4221 καὶ
3066 4167 3359 4237 ἐκφεύγειν
3382 4168 3484 4237 τὴν
3504 4166 3706 4235 αἵρεσιν.

2220 4260 2472 4315 ΚΕΦΑΛ.
2505 4258 2592 4313 κ’.
2624 4288 2693 4300 -
2727 4259 2859 4327 Πῶς
2887 4262 2920 4314 ό
2942 4259 3312 4328 όνειρασθεὶς
3338 4256 3619 4313 κοινωνεῖ.

2077 4478 2124 4537 D
2156 4440 2474 4495 Διονυσίου
2514 4438 2587 4496 ἐκ
2637 4438 2747 4510 τῆς
2796 4441 2945 4509 πρὸς
2987 4440 3360 4510 Βασιλείδην
3404 4434 3709 4505 ἐπιστολῆς

2827 4549 2961 4601 κερ.
2996 4533 3061 4589 δ’.

2217 4622 2279 4679 δ’.
2314 4624 2379 4679 Οἱ
2411 4623 2470 4679 δὲ
2496 4625 2555 4677 ὲν
2598 4624 2949 4696 ἀπροαιρέτῳ
2978 4627 3272 4698 νυκτερινῇ
3320 4625 3479 4697 ῥύσει
3505 4622 3709 4692 γενόμε-

2150 4734 2252 4781 νοι,
2290 4715 2384 4769 καὶ
2412 4732 2559 4770 ουτοι
2592 4715 2672 4786 τῷ
2702 4716 2818 4784 ἰδίῳ
2846 4716 3106 4769 συνειδότι
3131 4716 3708 4769 κατακολουθείτωσαψ

2153 4810 2248 4861 καὶ
2292 4808 2541 4873 ἑαυτοὺς,
2575 4807 2685 4861 εἴτε
2723 4806 3087 4878 διακρίνονται
3120 4808 3246 4877 περὶ
3281 4806 3467 4871 τοῦτο,
3496 4806 3600 4859 εἴτε
3625 4803 3708 4875 μὴ,

2159 4898 2552 4952 σκοπείτωσαν.
2592 4899 2680 4961 Ὠς
2709 4899 2817 4970 γὰρ
2850 4898 2942 4951 ἐπὶ
2974 4897 3080 4953 τῶν
3109 4897 3422 4970 βρωμάτων
3450 4903 3483 4952 o'
3510 4898 3711 4964 διακρι-

2152 5008 2370 5060 νμενος
2398 4992 2583 5061 φησίν·
2628 4990 2770 5044 Ἐὰν
2784 4990 2967 5061 φάγῃ,
3010 4991 3449 5061 κατακέκριται·
3479 4990 3612 5045 οὕτω
3635 4987 3712 5041 καὶ

2152 5086 2210 5137 ὲν
2238 5083 2449 5142 τούτοις
2500 5083 2873 5153 εὑσυνείδητος
2926 5082 3069 5136 ἔστω
3119 5085 3215 5137 καὶ
3259 5083 3714 5155 εὑπαρῤησίαστος

2152 5172 2294 5227 κατὰ
2321 5172 2381 5224 τὸ
2415 5171 2543 5225 ῖδιον
2574 5171 2829 5240 ἐνθύμιον
2862 5173 2973 5235 πᾶς
2995 5174 3022 5225 ὁ
3050 5173 3289 5243 προσιὼν
3319 5173 3400 5244 τῷ
3432 5172 3568 5243 Θεῷ.

2636 5262 2914 5332 Τιμοθέου
2956 5265 3159 5317 κανὼν
3183 5262 3269 5333 ιβ’⁸
3368 5256 3371 5259 λ

2244 5356 2585 5423 Ἐρώτησις.
2631 5355 2719 5424 ιβ’.
2759 5356 2884 5409 Ἐὰν
2912 5355 3246 5425 ὀνειρασθεὶς
3267 5356 3461 5420 λαῖκδς
3490 5353 3713 5425 ἐρωτήσῃ

2164 5446 2445 5517 κληρικὸν,
2488 5448 2541 5501 τί
2580 5447 2784 5517 ὀφείλει
2833 5446 3123 5521 ἐπιτρέψαι
3174 5446 3326 5518 αὑτῷ
3376 5449 3710 5518 κοινωνῆσαιν

2160 5538 2307 5609 ἣοῠ;

546 5744 590 5773 η
624 5740 879 5812 Carthag.
920 5738 1007 5794 18.
1084 5738 1130 5771 ⁵ο
1160 5736 1347 5793 Matth.
1381 5749 1531 5805 xxv],
1561 5735 1649 5791 26.
1728 5733 1771 5767 ”
1809 5733 1972 5789 Marc.
2004 5750 2032 5783 ν

2161 5775 2173 5789 .
2252 5733 2296 5765 δ’
2330 5732 2488 5789 Rom.
2524 5749 2632 5797 xlv,
2669 5731 2758 5786 25.
