3842 6224
190 246 299 320 613
826 253 1225 314 SYN'I‘AGMA
1266 253 1657 319 CANONUM.
1692 278 1763 290 --
1801 253 1952 315 TIT.
1990 254 2106 315 III.
2133 252 2292 316 CAP.
2323 254 2512 329 XVII,
2546 248 2741 315 XXII.
3374 252 3481 316 6M

272 363 633 432 Ἀπόκρισις.
660 365 726 420 Εἰ
758 366 859 436 μὲν
888 364 1180 420 ὑπόκειται
1208 365 1477 437 ἐπιθυμίᾳ
1498 366 1769 433 γυναικὸς,

1954 365 2271 432 Responsio.
2298 366 2353 420 Si
2374 367 2564 422 subest
2596 366 2816 437 quidem
2842 364 3093 419 mulieris
3121 363 3480 431 desiderium,

183 454 287 509 οὐκ
308 455 540 525 ὀφείλει·
568 458 616 509 εί
650 456 708 509 δὲ
745 459 776 510 ὀ
804 458 1052 522 Σατανᾶς
1081 457 1339 526 πειράζει
1372 459 1536 511 αὐτὸν
1567 460 1655 511 ἶνα
1690 458 1769 511 διὰ

1898 471 2005 510 non
2033 457 2194 511 debet
2223 476 2237 509 :
2280 458 2366 512 siu
2399 468 2585 512 autem
2618 468 2793 513 tentat
2846 473 2972 513 eum
3007 456 3262 519 Satanas,
3298 464 3357 509 ut
3384 471 3482 524 per

178 548 283 617 τῆς
322 547 657 618 προφάσεως
691 549 899 620 ταύτης
943 550 1304 620 ἀλλοτριῶται
1346 549 1449 619 τῆς
1494 550 1769 614 κοινωνίας

1898 549 2036 602 hanc
2075 548 2428 603 occasionem
2478 562 2509 601 a
2536 547 2851 602 divinorum
2901 546 3290 619 mysteriorum
3325 558 3480 598 com-

178 639 290 691 τῶν
332 639 500 694 θείων
540 641 880 711 μυστηρίων,
908 641 1117 711 ὀφείλει
1154 642 1513 713 κοινωνῆσαι·
1558 644 1682 696 ἐπεὶ
1714 642 1769 695 οὗ

1898 641 2148 695 munione
2211 640 2505 705 alieuetur,
2575 640 2735 695 debet
2784 641 3223 696 communicare.
3287 636 3478 706 Neque

178 730 422 783 παύεται
468 734 499 784 ὁ
544 731 822 803 πειράζων
865 733 987 786 κατ’
1041 733 1250 787 ἐκεῖνον
1302 732 1398 788 τὸν
1439 734 1651 805 καιρὸν,
1686 734 1777 787 ὅτε

176 822 393 889 ὀφείλει
424 828 727 888 κοινωνεῖν,
762 826 1139 897 ἐπιτιθέμενος
1177 826 1349 900 αὐτῷ.

252 913 510 968 ΚΕΦΑΛ.
540 912 671 972 KA'.
704 946 776 957 -—
812 919 964 973 Πότε
985 917 1079 972 δεῖ
1097 917 1207 987 τῆς
1240 919 1507 989 γαμετῆς
1536 919 1633 973 διὰ
1662 919 1779 988 τὴν

176 1001 512 1053 κοινωνίαν
539 1002 896 1071 ἀπέχεσθαι.

175 1092 511 1146 Διονυσίου
550 1092 620 1146 ἐκ
668 1094 781 1162 τῆς
824 1095 980 1162 πρὸς
1016 1096 1393 1233 sacietatem?
1441 1095 1776 1164 ἐπιστολῆς

855 1182 991 1233 κεφ.
1072 1205 1087 1220 .

855 1182 991 1233 κεφ.
1016 1182 1087 1233 γ’.

253 1258 331 1320 γ’.
358 1253 668 1325 Δύτάρκεις
700 1254 758 1307 δὲ
793 1257 888 1309 καὶ
913 1257 965 1308 οἱ
994 1257 1376 1327 γεγαμηκότες
1402 1256 1612 1311 ἑαυτῶν
1633 1258 1779 1327 ὀφεί-

179 1343 374 1399 λουσιν
415 1342 555 1400 εἶναι
595 1347 804 1418 κριταί.
832 1349 957 1401 Ὅτι
998 1350 1110 1419 γὰρ
1146 1348 1446 1419 ἀπέχεσθαι
1492 1350 1773 1420 προσῆκον

179 1438 435 1508 ἀλλήλων
465 1440 528 1492 ἐκ
572 1442 863 1511 συμφώνου
907 1440 1045 1512 πρδς
1090 1440 1301 1511 καιρὸν,
1333 1441 1421 1494 ἵνα
1467 1440 1773 1511 σχολάσωσι

180 1531 256 1600 τῇ
288 1532 592 1600 προσευχῇ,
625 1532 718 1584 καὶ
749 1532 911 1587 πάλιν
937 1532 1032 1585 ἐπὶ
1064 1532 1126 1585 τὸ
1157 1532 1290 1585 αὐτὸ
1315 1526 1469 1599 ὦσιν,
1503 1533 1772 1605 ἀκηκόασι

182 1621 411 1675 Παύλου
440 1622 765 1694 γράφοντος.

618 1715 903 1785 Τιμοθέου
933 1715 1136 1771 κανὼν
1163 1721 1224 1780 ε’,
1245 1722 1335 1785 ιγ’.

267 1806 610 1876 Ἐρώτησις.
652 1814 715 1864 ε’.
766 1809 893 1862 Ἐὰν
925 1809 1063 1879 γυνὴ
1112 1808 1441 1878 συγγένηται
1485 1809 1625 1880 μετά
1666 1812 1762 1864 τοῦ

177 1898 381 1970 ἀνδρὸς
412 1900 577 1968 αὐτῆς
616 1899 715 1970 τὴν
742 1899 935 1963 νύκτα,
966 1901 1135 1971 ιἤγουν
1169 1900 1308 1971 ἀνὴρ
1356 1902 1496 1971 μετὰ
1531 1904 1631 1974 τῆς
1660 1920 1763 1973 γυ·-

177 1990 395 2054 ναικὺς,
425 1990 521 2045 καὶ
565 1990 797 2063 γένηται
842 1991 1084 2057 σύναξις,
1114 1993 1163 2045 εἰ
1214 1992 1487 2061 ὀφείλουσι
1537 1999 1773 2064 μεταλα-

180 2080 327 2146 ϐεῖν,
355 2080 387 2151 ἢ
424 2080 485 2135 οῦ
514 2098 530 2147 ;
1350 2068 1353 2071 I

269 2172 641 2241 Ἀπόκρισις.
675 2172 790 2225 Οὐκ
831 2170 1109 2239 ὀφείλουσι
1141 2172 1398 2239 παραυτά
1421 2190 1434 2204 ο
1465 2172 1560 2227 τοῦ
1607 2174 1769 2229 Ἀπο-

181 2263 381 2317 στόλου
406 2264 660 2336 βοῶντος·
687 2264 782 2333 Μὴ
805 2262 1189 2332 ἀποστερεῖτε
1209 2264 1525 2333 ἀλλήλους
1547 2268 1600 2320 ει
1610 2266 1697 2337 μή
1718 2284 1773 2321 τι

180 2356 266 2412 ἂν
284 2356 355 2409 ἐκ
391 2354 724 2425 συμφώνου
754 2355 906 2424 πρὸς
930 2356 1161 2423 καιρὸν,
1198 2356 1299 2409 ἵνα
1320 2357 1670 2427 σχολάσητε
1696 2357 1771 2428 τῇ

180 2447 530 2518 προσευχῇ,
547 2450 645 2503 καί
672 2448 858 2503 πάλιν
882 2447 983 2501 ἐπὶ
1006 2447 1070 2501 τὸ
1094 2446 1242 2500 αὐτὸ
1263 2447 1655 2518 συνέρχεσθε,
1670 2450 1772 2507 ἵνα

180 2542 269 2610 μὴ
285 2539 527 2609 πειράζῃ
541 2539 696 2609 ὑμᾶς
710 2544 743 2595 ὁ
754 2536 1025 2605 Σατανᾶς
1035 2538 1130 2592 διὰ
1141 2539 1255 2606 τὴν
1268 2540 1569 2607 ἀκρασίαν
1578 2541 1765 2611 ὑμῶν.

271 2634 616 2703 Ἐρώτησις.
645 2641 737 2703 ιγ’.
765 2634 891 2696 Τοῖς
912 2632 1303 2703 ζευγνυμένοις
1332 2634 1412 2696 είς
1440 2633 1624 2703 γάμου
1652 2651 1771 2687 xor.-

179 2742 408 2787 νωνιαν,
444 2728 570 2794 περὶ
600 2728 769 2777 ποίων
804 2724 1027 2793 ἡμερῶν
1056 2722 1155 2791 τῆς
1197 2721 1494 2792 ἑϐδομάδος
1530 2724 1770 2795 rapa-ci-

181 2815 382 2869 ὕεσθαι
405 2815 535 2887 χρὴ,
559 2814 861 2887 ἀπέχεσθαι
893 2812 994 2882 τῆς
1011 2811 1149 2883 πρὸς
1176 2809 1439 2883 ἀλλήλους
1464 2814 1771 2879 κοινωνίας,

180 2909 283 2962 καὶ
312 2908 470 2970 ποίας
497 2908 645 2978 ἔχειν
674 2906 761 2960 ἐπ’
781 2905 1068 2974 ὲξουσίας;

269 2998 627 3066 Ἀπόκρισις.
665 2999 730 3052 Ὅ
754 2999 1063 3070 προείρηκα
1093 3004 1189 3058 κα)Ι
1215 3002 1312 3058 νῦν
1338 3000 1512 3071 λέγω*
1538 3001 1566 3054 ὀ
1609 2998 1771 3052 Ἀπό-

183 3092 377 3154 στολος
404 3090 583 3158 λέγειν
612 3090 709 3159 Μὴ
748 3091 1135 3163 ἀποστερεῖτε
1164 3094 1502 3161 ἀλλήλους,
1542 3094 1597 3147 εί
1617 3092 1765 3163 μήτι
1794 3084 1837 3143 C
1877 3072 2022 3127 Dic“
2087 3074 2384 3144 ᾹΡοδιθιιιε
2434 3093 2448 3129 τ

181 3182 263 3237 ὃν
284 3182 355 3235 ἐκ
384 3180 713 3250 συμφώνου
733 3183 885 3250 πρὸς
906 3185 1133 3252 καιρὸν,
1174 3186 1275 3240 ἵνα
1305 3184 1653 3253 σχολάσητε
1694 3183 1768 3254 τῇ

182 3273 525 3345 προσευχῇ,
584 3275 683 3330 καί
724 3276 909 3331 πάλιν
938 3278 1037 3330 ἐπὶ
1086 3278 1152 3330 τὸ
1199 3280 1344 3333 αὐτὸ
1380 3274 1507 3349 ἦτε,
1544 3278 1644 3331 ἵνα
1677 3278 1766 3347 μὴ

182 3366 432 3435 πειράζῃ
462 3365 620 3437 ὑμᾶς
651 3370 685 3422 ὁ
712 3367 984 3433 Σατανᾶς
1004 3368 1103 3422 διὰ
1124 3368 1239 3436 τὴν
1251 3369 1554 3437 ἀκρασίαν
1579 3368 1770 3439 ὑμῶν.

181 3459 280 3526 Ἔξ
295 3460 541 3532 ἀνάγκης
559 3461 621 3515 τὸ
646 3461 922 3516 Σάϐϐατον
938 3463 1033 3517 καὶ
1048 3463 1147 3534 τὴν
1165 3462 1446 3534 Κυριακὴν
1468 3463 1771 3535 ἀπέχεσθαι

181 3552 284 3618 δεῖ,
328 3552 419 3607 διὰ
445 3553 508 3607 τὸ
549 3554 608 3607 ὲν
642 3555 837 3619 αὐταῖς
864 3555 973 3626 τὴν
1005 3556 1385 3629 πνευματικὴν
1417 3557 1615 3612 Θυσίαν
1634 3560 1770 3613 ἁνα-

184 3647 452 3718 φὲρεσθαι
482 3646 562 3718 τῷ
588 3647 726 3719 Θεῷ.

258 3738 514 3795 ΚΕΦΑΛ.
536 3739 739 3795 κΒνρ-
759 3739 890 3807 Πῶς
914 3740 1138 3812 ⁸γίνεται
1159 3744 1476 3813 προσφορὰ
1486 3743 1641 3813 ὑπὲρ
1658 3743 1767 3798 τοῦ

185 3830 407 3885 ἕουτὸν
433 3831 784 3899 ἀνελόντος.

668 3926 946 3994 Τιμοθέου
963 3927 1171 3982 κανὼν
1195 3928 1281 3983 ιδ’.

269 4012 615 4084 Ἐρώτησις.
644 4012 706 4070 ιδ’
713 4055 732 4071 .
775 4016 901 4071 Ἐάν
930 4034 1015 4082 τις
1050 4018 1126 4089 μὴ
1163 4018 1324 4091 ἔχων,
1350 4019 1545 4074 ἑαυτὸν
1575 4020 1767 4092 χειρώ-

188 4124 357 4179 σηται
385 4107 423 4178 ἢ
454 4108 757 4181 κρημνίσῃ,
781 4112 829 4163 εί
859 4109 1069 4179 γίνεται
1088 4113 1378 4184 προσφορά
1408 4113 1550 4184 ὑπὲρ
1571 4113 1762 4180 αὐτοῦ,

184 4198 355 4271 ἣοῦ;

267 4291 635 4360 Ἀπόκρισις.
680 4292 968 4364 Διακρίναι
1005 4293 1210 4363 ὀφείλει
1252 4296 1280 4348 ὁ
1318 4295 1580 4368 κληρικὸς
1609 4299 1658 4351 εί
1703 4299 1765 4351 τὸ

1883 736 2034 792 enim
2075 734 2315 791 cessabit
2372 743 2609 791 tentator
2663 751 2732 792 eo
2768 746 3033 807 tempore,
3063 737 3285 805 quando
3314 736 3477 790 debet

1881 827 2318 895 communicare,
2350 829 2500 883 illum
2532 829 2807 885 invadere.

1946 917 2099 972 CAP.
2127 918 2270 974 XXI.
2304 950 2376 961 —
2404 919 2759 985 Quandonam
2810 920 2890 975 vel
2930 920 3167 990 quandiu
3236 935 3475 973 commu-

1882 1009 2058 1063 nionis
2090 1027 2278 1073 causa.
2306 1012 2679 1067 abstinendum
2712 1014 2782 1066 sit
2817 1012 2883 1066 ab
2924 1029 3113 1065 uxore.

2019 1103 2265 1173 Dionysii
2306 1120 2371 1159 ea:
2401 1106 2631 1175 epistola
2681 1107 2750 1160 ad
2783 1106 3094 1170 Basilidem,
3123 1123 3243 1175 mp.
3276 1107 3332 1161 5.

1947 1255 2004 1310 3.
2036 1253 2210 1311 Porro
2233 1257 2327 1327 qui
2362 1257 2496 1313 satis
2516 1258 2585 1313 ad
2617 1257 2671 1312 id
2704 1258 2955 1313 instructi
3000 1267 3129 1312 sunt
3175 1266 3230 1312 et
3277 1270 3474 1311 conse-

1876 1357 2135 1413 nuerunt,
2163 1349 2363 1405 debent
2402 1364 2525 1405 esse
2563 1350 2648 1405 sui
2694 1349 2932 1419 judices.
2960 1349 3116 1415 Quod
3176 1349 3323 1402 enim
3353 1363 3383 1403 a
3414 1363 3475 1403 se

1876 1437 2111 1493 invicem
2159 1454 2227 1494 ex
2275 1456 2549 1496 consensu
2601 1442 2878 1496 abstinere
2925 1440 3236 1503 conveniat,
3290 1450 3349 1493 ut
3403 1437 3474 1492 ad

1874 1538 2091 1599 tempus
2112 1534 2598 1599 vacentorationi,
2633 1543 2687 1588 et
2720 1548 2914 1590 rursus
2948 1533 3301 1599 conveniant,
3324 1529 3473 1585 Pau-

1871 1618 1987 1677 lum
2022 1622 2293 1678 dicentem
2319 1625 2665 1680 audiverant.

2306 1714 2567 1771 Timothei
2594 1733 2765 1770 canon
2803 1716 2857 1781 5,
2884 1716 2973 1770 I5.

1949 1804 2311 1879 Interrogatio
2350 1808 2402 1861 5.
2437 1808 2493 1863 Si
2547 1825 2688 1864 uxor
2748 1825 2873 1865 cum
2915 1824 3018 1863 suo
3053 1809 3248 1864 marito
3307 1818 3472 1863 noctu

1876 1900 2230 1968 cohabitavit,
2260 1902 2343 1956 vel
2371 1902 2604 1957 maritus
2648 1918 2773 1956 cum
2808 1917 2999 1967 uxore,
3031 1910 3083 1958 et
3131 1903 3225 1957 iiat
3279 1903 3469 1966 coitio,

1875 1992 2145 2049 debentne
2172 1995 2604 2059 communicare,
2636 2011 2704 2051 an
2733 1997 2869 2050 non?

1948 2145 2260 2220 Responsio.
2291 2148 2408 2207 Non
2436 2150 2616 2214 debet.
2648 2166 2773 2208 cum
2799 2152 2999 2208 clamet
3019 2153 3352 2223 Apostolus:
3386 2152 3474 2208 Ne

1875 2238 2125 2307 fraudate
2149 2259 2237 2295 vos
2268 2243 2512 2311 invicem,
2549 2246 2652 2297 nisi
2683 2260 2748 2297 ex
2777 2260 3033 2298 consensu
3057 2245 3127 2298 ad
3154 2255 3375 2313 tempus,
3408 2255 3472 2299 ut

1873 2332 2067 2385 vacetis
2111 2336 2378 2399 orationi;
2420 2344 2471 2389 et
2510 2351 2716 2399 rursus,
2759 2336 2829 2389 ad
2858 2338 2997 2390 idem
3037 2340 3357 2391 conveniatis
3403 2353 3470 2392 ne

1874 2430 2032 2478 tentet
2058 2442 2146 2479 vos
2177 2425 2412 2481 Satanas
2429 2440 2643 2497 propter
2669 2428 3105 2483 incontinentiam
3127 2440 3353 2483 vestram
3372 2431 3464 2484 “‘.

1948 2613 2106 2685 153
2145 2610 2505 2683 Inlet‘t'ogatio
2540 2613 2627 2669 l3.
2666 2610 2758 2679 Iis,
2806 2615 2901 2686 qui
2948 2615 3297 2670 matrimonio
3337 2614 3466 2685 jun-

1873 2716 2095 2776 guntur,
2126 2705 2177 2760 in
2213 2705 2541 2775 quibusnam
2573 2707 2891 2777 septimana:
2942 2708 3136 2763 diebus
3167 2723 3469 2777 proponere

1872 2804 2111 2866 Oportet,
2139 2807 2199 2851 ut
2234 2812 2264 2851 a
2295 2806 2488 2851 mutuo
2519 2812 2818 2868 congressu
2852 2799 3195 2864 abstineant,
3228 2806 3282 2854 et
3337 2800 3460 2869 qui-

1871 2888 2105 2943 busnam
2140 2898 2468 2958 potestatem
2508 2889 2785 2945 habeant?

1942 2978 2255 3051 Responsio.
2304 2980 2461 3048 Quod
2493 2991 2620 3037 ante
2649 2983 2784 3047 dixi,
2823 2998 2971 3039 nunc
3021 3000 3246 3055 quoque
3311 2988 3457 3043 dico.

2501 3074 2583 3128 Ne
2630 3076 2883 3145 fraudate
2921 3094 3012 3131 vos
3073 3079 3314 3143 inuicem,
3359 3084 3468 3137 nisi

1881 3166 2018 3236 forte
2068 3182 2133 3220 ea:
2184 3182 2439 3221 consensit
2488 3168 2557 3221 ad
2602 3180 2844 3239 tempus;
2895 3180 2953 3223 ut
2984 3173 3175 3226 vacetis
3203 3176 3471 3241 orationi;

1876 3267 1926 3312 et
1982 3275 2167 3313 rursus
2224 3259 2295 3312 ad
2346 3259 2484 3313 idem
2530 3262 2875 3327 conveniatis,
2927 3273 2990 3316 ne
3025 3279 3112 3319 vos
3164 3274 3322 3318 tentet
3355 3268 3463 3321 Sa-

1879 3359 2032 3404 tanas
2085 3362 2299 3421 prapter
2358 3353 2795 3407 incontinentiam
2847 3365 3091 3410 vestram.
3140 3354 3472 3413 Necessario

1877 3452 2059 3498 autem
2098 3444 2342 3500 Sabbato
2371 3453 2427 3498 et
2452 3445 2541 3498 die
2569 3444 2854 3501 Dominico
2892 3449 3166 3505 abstinere
3219 3462 3461 3522 Oportet,

1876 3535 2021 3605 quod
2047 3535 2332 3606 spirituale
2371 3536 2702 3592 sacriﬁcium
2735 3538 2789 3592 in
2812 3538 2893 3595 eis
2926 3538 3155 3597 Domino
3177 3543 3458 3601 offeratur.

1949 3732 2104 3790 CAP.
2134 3735 2300 3792 XXII.
2334 3765 2407 3777 —
2440 3734 2631 3791 Utrum
2660 3736 2860 3792 oblatio
2897 3738 2995 3807 ﬁat
3028 3756 3124 3809 pro
3153 3756 3212 3797 eo
3250 3743 3340 3813 qui
3378 3759 3463 3798 sc-

1876 3836 1980 3883 met
2011 3830 2300 3885 interemit.

2376 3918 2637 3974 Timothei
2665 3936 2835 3973 canon
2868 3920 2958 3975 ιι.

1946 4009 2412 4081 Interrogatio”.
2448 4010 2503 4065 Si
2536 4011 2682 4080 quis,
2707 4026 2831 4064 cum
2850 4012 2934 4065 sui
2968 4028 3196 4082 compos
3227 4030 3333 4069 non
3352 4028 3461 4081 est,

1872 4104 1976 4160 sibi
2009 4120 2231 4159 manum
2273 4103 2545 4167 attulerit,
2571 4103 2655 4156 vel
2699 4103 2865 4157 etiam
2920 4118 2981 4159 se
3012 4107 3455 4176 praecipitaverit,

1872 4197 2020 4251 sitne
2077 4196 2297 4259 oblatio,
2328 4211 2396 4248 an
2429 4195 2583 4249 non?

1942 4288 2255 4357 Responsio.
2291 4284 2403 4341 Hoc
2428 4286 2589 4340 debet
2616 4285 2849 4341 clericus
2872 4285 3295 4349 discernere.an
3326 4304 3463 4344 cum
3506 4274 3511 4275 γ

184 4379 407 4449 ἀληθὲς,
439 4382 711 4451 ἐκφρενὴς
742 4381 820 4437 ὢν
846 4383 1114 4456 πεποίηκε
1148 4384 1326 4439 τοῦτο.
1365 4386 1632 4451 Πολλάκις
1656 4388 1766 4459 γὰρ

1900 4394 2062 4433 evera
2096 4376 2295 4431 mentis
2318 4390 2544 4445 compos
2574 4388 2683 4429 non
2716 4383 2879 4439 esset,
2914 4375 3021 4431 hoc
3066 4375 3273 4432 fecerit.
3300 4379 3468 4449 Saepe

183 4474 231 4527 ei
261 4444 616 4543 διαφέροντες
634 4444 714 4545 τῷ
747 4444 1062 4540 πεπονθότί,
1088 4477 1336 4542 θέλοντες
1356 4444 1635 4549 ἐπιτυχεῖν

1904 4470 2015 4524 nim
2054 4469 2115 4533 ii,
2151 4468 2243 4538 qui
2273 4467 2347 4522 ad
2374 4482 2500 4522 eum
2529 4467 2616 4523 cui
2642 4467 2748 4521 hoc
2778 4466 2979 4521 accidit
3032 4470 3328 4538 pertinent,
3358 4487 3455 4526 v0-

182 4566 505 4635 προσφορᾶς
525 4564 627 4634 τῆς
668 4566 814 4638 ὑπὲρ
836 4566 1032 4633 αὐτοῦ,
1061 4568 1347 4637 ψεύδονται
1376 4570 1472 4626 καὶ
1509 4571 1769 4639 λέγουσιν

1898 4569 2039 4616 entes
2089 4560 2313 4631 assequi
2350 4560 2693 4615 oblationem
2742 4569 2798 4615 et
2828 4561 3137 4618 orationem
3168 4580 3266 4632 pro
3297 4565 3458 4635 ipso,

178 4656 262 4708 ὅτι
290 4656 394 4709 οὐκ
419 4650 566 4725 εἶχεν
586 4656 801 4715 ἑαυτόν.
838 4658 1041 4712 Ἐνίοτε
1062 4659 1119 4712 δὲ
1141 4658 1251 4712 ἀπὸ
1269 4660 1534 4730 ἐπηρείας
1556 4661 1767 4733 ἀνθρώ-

181 4764 321 4812 πων,
360 4746 395 4816 ἢ
436 4746 613 4810 ἄλλως
643 4764 761 4812 πως
803 4750 911 4805 ἀπὸ
947 4749 1245 4823 ὀλιγωρίας
1291 4754 1560 4825 πεποίηκε
1586 4753 1765 4821 τοῦτο,

179 4841 275 4891 καὶ
304 4839 367 4890 οὐ
393 4838 501 4908 χρὴ
535 4841 853 4911 προσφορὰν
885 4842 1073 4896 ἐπάνω
1091 4843 1258 4896 αὑτοῦ
1289 4845 1571 4913 γενέσθαι⁸
1602 4847 1764 4899 αὑτο-

179 4930 449 4998 φονευτὴς
480 4931 595 5001 γὰρ
630 4930 828 4985 ἑαυτοῦ
868 4934 1007 4991 ἐστι.
1042 4935 1135 4987 Δεῖ
1155 4935 1250 4989 οὖν
1274 4938 1492 5001 πάντως
1519 4937 1610 4991 τὸν
1633 4941 1765 5007 κλη-

178 5021 334 5091 ρικὸν
366 5022 505 5090 μετὰ.
535 5022 825 5091 ἀκριὸείας
866 5025 1250 5097 ἁνερευνῆσαι,
1276 5028 1365 5083 ἵνα
1394 5028 1469 5100 μὴ
1501 5028 1615 5083 ὑπὸ¹
1640 5030 1769 5101 κρί-

178 5130 313 5183 ματι
342 5113 509 5184 πιέσῃ.

257 5204 320 5256 Ὀ
352 5203 631 5269 πολιτικὸς
654 5208 817 5277 νόμος
844 5209 935 5261 τὸν
957 5210 1152 5263 ἑαυτὸν
1178 5212 1462 5278 ἀνελόντα,
1484 5214 1517 5284 ἢ
1551 5213 1760 5266 ἀνελεῖν
1828 5278 1831 5279 ν

173 5294 610 5366 ἐπιχειρήσαντα
658 5298 746 5352 διὰ
799 5300 965 5369 φόϐον
999 5303 1367 5374 ἐγκλήματος,
1409 5305 1471 5357 οὐ
1528 5306 1637 5376 μὴν
1675 5307 1763 5361 διὰ

1867 4653 2227 4717 mentiuntur,
2275 4661 2329 4707 ct
2386 4652 2577 4708 dicunt
2622 4668 2748 4707 cum
2812 4669 2922 4708 non
2962 4655 3135 4712 fuisse
3165 4658 3308 4727 apud
3344 4675 3402 4712 se
3436 4676 3459 4713 :

1870 4759 2268 4815 nonnunquam
2324 4755 2505 4799 autem
2564 4755 2791 4815 propter
2860 4746 3277 4803 insultationem
3356 4749 3461 4801 lio-

1869 4837 2105 4899 minum,
2134 4836 2219 4889 vel
2254 4836 2437 4903 aliquo
2476 4837 2584 4890 alio
2613 4838 2777 4893 modo
2804 4854 2903 4908 per
2934 4840 3319 4910 negligentiam
3350 4840 3462 4894 hoe

1869 4932 2085 4986 fecisse.
2142 4930 2249 4983 Pro
2284 4930 2602 4999 hujusmodi
2645 4931 2854 4985 oblatio
2889 4947 2996 4985 non
3030 4941 3112 4986 est
3139 4931 3385 4986 facienda
3433 4950 3459 4984 ε

1866 5035 1951 5080 est
1979 5024 2124 5078 enim
2152 5024 2236 5077 sui
2256 5023 2552 5079 homicida.
2589 5022 2816 5094 Oportet
2840 5041 2969 5095 ergo
2998 5025 3258 5079 clericum
3282 5039 3453 5078 accn-

1865 5126 1982 5171 rate
2012 5115 2302 5180 sciscitari,
2346 5130 2416 5169 ne
2447 5115 2499 5169 in
2528 5115 2798 5185 judicium
2830 5116 3057 5171 incidat.

1942 5205 2159 5260 Textus.
2213 5205 2323 5261 Lex
2357 5206 2541 5261 civilis
2585 5224 2710 5261 eum
2750 5208 2844 5277 qui
2881 5208 2984 5261 sibi
3031 5216 3261 5260 mortem
3310 5222 3457 5261 con-

1867 5298 2047 5358 scivit.
2081 5306 2175 5353 aut
2216 5301 2564 5355 consciscere
2623 5310 2857 5354 conatus
2905 5310 2989 5354 est
3025 5298 3238 5373 [idque]
3298 5312 3456 5357 metis

173 5388 335 5455 νόσον
404 5388 439 5460 ἢ
512 5392 675 5460 μίσος
730 5395 829 5463 τῆς
893 5394 1074 5465 ζωῆς,
1148 5400 1474 5469 τιμωρεῖται
1534 5399 1611 5461 ὡς
1670 5400 1763 5452 τὸν

1898 5391 2138 5456 riminis,
2185 5406 2291 5445 non
2330 5400 2513 5445 autem
2544 5399 2767 5461 propter
2811 5391 3063 5445 morbum
3107 5393 3457 5447 autttediuns

173 5481 366 5553 ἕτερον
423 5482 706 5551 ἀνελόντα,
753 5486 849 5541 καὶ
877 5486 1107 5559 δημεύει
1165 5489 1264 5561 τὴν
1326 5491 1515 5546 οὐσίαν
1559 5493 1758 5548 αὐτοῦ’

172 5572 249 5637 ὡς
281 5571 430 5657 βιδλ.
462 5578 555 5643 μην
585 5573 699 5628 τίτ.
733 5581 840 5643 καν,
881 5579 977 5631 καὶ
1002 5576 1145 5649 βιὸλ.
1174 5578 1219 5632 0'
1257 5579 1354 5635 τοῦ
1396 5580 1526 5637 κώδ.
1563 5582 1669 5639 τίτ.
1694 5584 1758 5639 ν’.

250 5752 321 5782 ιν
352 5749 371 5803 ι
394 5749 525 5805 Cor.
566 5766 660 5820 νιι,
690 5752 751 5807 5.

1868 5482 2029 5554 154
2070 5482 2215 5549 vitae,
2248 5483 2431 5552 punit,
2465 5492 2522 5537 ut
2568 5484 2657 5565 qui
2702 5482 2868 5536 alium
2901 5480 3192 5550 interfecit,
3220 5485 3460 5555 ejusqro

1865 5577 2006 5629 bona
2035 5576 2302 5630 eouﬁscat
2331 5591 2346 5629 :
2386 5572 2845 5643 quemadmodum
2881 5572 2975 5629 lib.
3006 5590 3199 5642 “XLVIII,
3244 5576 3325 5632 tit.
3352 5577 3453 5645 2h,

1866 5668 1963 5723 lib.
2000 5683 2077 5732 is,
2108 5667 2231 5724 cod.
2274 5668 2356 5723 tit.
2388 5668 2477 5724 50.
3374 5670 3380 5676 ’
