3842 6224
451 215 561 278 615
1608 216 1869 277 ΡΗΟΤΙΙ
1912 216 1968 277 Ρ.

2146 219 2416 279 ARCHA!
2444 220 2554 283 (ΖΡ.
3578 228 3656 292 616

1791 522 2194 611 ΤΙΤΛΟΣ
2271 524 2384 612 Δο.

1161 702 1337 772 ιΠΕΡΙ
1368 705 1947 759 ΚΑἸἪΧΟΥΜΕΝΩΝ
1982 707 2100 759 ΚΑΙ
2135 703 2272 758 ΤΟΥ
2304 709 2511 764 ΑΙἹΟΥ
2544 708 3050 770 ΒΑΠΤΙΣΜΑΤΟΣ.

1690 1032 2215 1123 TITULUS
2292 1038 2457 1124 IV.

1222 1220 1305 1273 DE
1346 1216 1886 1276 CATECHUMENIS
1921 1219 2009 1273 ET
2049 1219 2135 1275 DE
2174 1223 2447 1283 SANCTO
2483 1228 2944 1290 BAPTISMATE.

518 1440 748 1499 CAPUT
809 1439 1102 1495 PRIMUM.
1145 1440 1365 1495 —Non
1422 1453 1663 1511 oportere
1716 1452 1835 1513 post
1899 1443 2032 1499 duas

2209 1449 2460 1508 ΚΕΦΑΛ,
2489 1452 2534 1506 Α
2559 1492 2572 1505 .
2593 1483 2665 1493 -
2687 1458 2824 1523 Περὶ
2856 1458 2963 1512 τοῦ
2989 1460 3075 1529 μὴ
3107 1463 3381 1529 ὀφείλειν
3417 1472 3548 1534 μετὰ
3576 1471 3653 1525 δύο

447 1533 880 1601 Quadragesima:
944 1534 1299 1588 hebdomadas
1368 1552 1685 1607 quemquam
1741 1536 1810 1589 ad
1861 1535 1961 1605 bap

2136 1539 2468 1609 ἑϐδομάδας
2501 1544 2610 1612 τῆς
2665 1551 3170 1621 Τεσσαρακοστῆς
3219 1533 3495 1624 δέχεσθαι
3543 1564 3653 1630 πρὸς

450 1639 624 1674 smum
654 1623 953 1674 admittere.

2134 1630 2201 1682 τὸ
2226 1631 2520 1701 φώτισμα.

802 1711 1027 1765 Concilii
1060 1711 1345 1766 Laudiceni
1377 1729 1549 1766 canon
1585 1714 1676 1769 45.

2414 1724 2685 1779 Συνόδου
2713 1730 3062 1801 Λαοδικείας
3089 1737 3298 1791 κανὼν
3328 1746 3427 1808 με’.

518 1804 608 1858 45.
660 1803 814 1869 Quod
844 1820 949 1857 non
1006 1814 1258 1873 oporteat
1289 1805 1357 1858 ad
1394 1806 1663 1873 baptisma
1695 1824 2026 1880 quemquam

2165 1897 2175 1901 Δ
2207 1816 2311 1901 μεξ.
2343 1812 2463 1865 Ὀτι
2491 1816 2552 1867 οὐ
2584 1817 2667 1871 δεῖ
2709 1823 2846 1888 μετά
2882 1824 2975 1877 δύο
3000 1826 3308 1897 ἑϐδομάδας
3329 1803 3577 1901 δέχεσθαι,
3597 1837 3652 1897 είς

445 1902 570 1963 post
608 1898 742 1946 duas
773 1892 1214 1961 Quadragesimae
1255 1894 1628 1952 hebdomadas
1652 1897 1882 1954 admitti.

1617 1897 1882 1987 ia‘dmilti.
2132 1897 2191 1949 τδ
2224 1899 2500 1973 φώτισμα,
2528 1909 2624 1974 τῆς
2657 1892 3134 1987 Τεσσαρακοστῆς.

519 1983 673 2039 CAP.
710 1984 775 2037 ll.
811 2014 879 2024 —
908 1983 983 2037 De
1010 1984 1410 2052 adjurantibus.
1677 1977 1693 1992 ’

2204 1991 2454 2050 ΚΕΦΑΛ.
2484 1997 2635 2052 B'.—
2659 2003 2796 2070 Περὶ
2823 1977 2944 2058 ἑῶν
2971 1977 3424 2076 ἐφορκιζόντων.

815 2071 1039 2126 Concilii
1074 2072 1361 2127 Laodicent‘
1387 2091 1555 2129 canon
1584 2075 1675 2131 26.

2411 2093 2681 2146 Συνόδου
2713 2071 3300 2165 Λαοδικείας-κανὼν
3328 2112 3414 2169 κς¹

514 2164 604 2219 26.
641 2163 796 2243 Quod
832 2165 885 2218 lii
935 2168 1027 2235 qui
1060 2181 1169 2219 non
1200 2176 1327 2221 sunt
1374 2172 1440 2221 ab
1470 2170 1741 2240 episcopis
1769 2173 2024 2235 ordinati.

2203 2187 2313 2247 κς’.
2342 2183 2466 2236 ’Ὁτι
2494 2187 2553 2238 οὐ
2583 2187 2666 2239 δεῖ
2696 2190 3005 2259 ὲφορκίζειν
3040 2163 3174 2255 τοὺς
3221 2197 3299 2265 μὴ
3344 2163 3649 2267 προαχθέπας

446 2268 553 2310 tam
588 2258 642 2310 in
692 2257 936 2312 ecclesiis
968 2274 1132 2327 quam
1182 2258 1237 2312 in
1272 2259 1525 2315 domibus
1571 2265 1883 2319 exorcizare
1918 2282 1963 2318 ηε

2131 2271 2237 2324 ὑπὸ
2281 2275 2617 2340 ἐπισκόπων,
2664 2257 2809 2348 μήτε
2840 2283 2897 2334 ἐν
2927 2287 3045 2346 ταῖς
3091 2257 3433 2357 ἐκκὶξησίαις,
3469 2257 3581 2360 μήτε
3609 2257 3648 2341 ἐν

445 2349 678 2418 pos~int.

2130 2366 2246 2427 ταῖς
2279 2366 2500 2430 οίκίαις.

514 2438 667 2492 CAP.
702 2438 791 2492 Ill.
824 2468 893 2479 —
919 2438 1196 2502 Quomodo
1221 2447 1463 2507 oporteat
1494 2441 1782 2509 baptizare.

2380 2458 2630 2514 ΚΕΦΑΛ.
2661 2458 2823 2512 Γ’.-
2840 2462 2972 2529 Πῶς
3001 2464 3098 2517 δεῖ
3124 2468 3455 2530 βαπτίζειν.

810 2529 1186 2597 Apostolorum
1222 2545 1444 2582 canones
1475 2531 1564 2594 49,
1594 2533 1687 2591 50.

2499 2553 2885 2609 Ἀποστόλων
2914 2559 3116 2612 κανὼν
3155 2561 3271 2629 μθ’,
3295 2560 3356 2617 ν’.

512 2619 582 2673 49
614 2617 753 2689 [48].
788 2616 843 2672 Si
882 2621 1004 2687 quis
1033 2620 1343 2690 episcolius,
1376 2621 1460 2674 vel
1487 2623 1772 2692 presbyter
1800 2632 1930 2689 etc.,
1966 2636 2024 2679 ut

512 2726 601 2762 ora
629 2724 747 2762 tma.
767 2709 891 2762 442.

2203 2644 2310 2712 μθ¹.
2346 2644 2413 2697 Et
2429 2661 2511 2707 τις
2547 2645 2847 2710 ἐπίσκοπος
2882 2648 2915 2717 ἢ
2954 2616 3350 2723 πρεσϐάτερος,
3388 2672 3504 2711 κ,τ.
3529 2655 3567 2708 λ.

442 2724 601 2777 supra
628 2724 747 2778 pag.
767 2724 891 2762 442.

520 2802 677 2871 155
708 2802 776 2855 50
810 2799 946 2872 [69].
1008 2802 1064 2855 Si
1098 2802 1223 2872 quis
1291 2802 1579 2872 episcopus
1619 2806 1702 2858 vel
1736 2805 2023 2876 presbyter

2202 2832 2264 2878 v'.
2302 2825 2367 2877 Εί
2390 2841 2471 2887 τις
2502 2824 2799 2891 ἐπίσκοπος
2832 2828 2865 2901 ἧ
2902 2828 3297 2903 πρεσϐύτερος,
3341 2834 3413 2906 μὴ
3449 2835 3553 2906 τρία
3577 2834 3643 2903 βει-

445 2910 553 2948 non
583 2896 687 2947 tria
720 2896 885 2949 unius
926 2895 1172 2964 mysterii
1205 2896 1552 2965 baptismata,
1584 2906 1715 2961 etc.,
1746 2906 1804 2950 ut
1837 2914 1962 2967 supr

1157 2896 1172 2948 i
1205 2896 1552 2965 baptismata,
1584 2906 1715 2961 etc.,
1746 2906 1804 2950 ut
1837 2914 2024 2967 supra,
2129 2914 2434 2982 πτίσματα,
2466 2932 2522 2970 κ,
2548 2933 2600 2969 τ,
2623 2916 2674 2971 λ,

441 2999 566 3051 pag.
590 2983 719 3037 442.

513 3000 566 3054 g.
590 3000 719 3037 ΜΖ.

741 3072 968 3127 ϐοηεὶιὶἱ
1000 3074 1304 3127 ωσιιιηεηὶεἱ
1346 3089 1399 3127 vr
1436 3091 1605 3128 canon
1637 3075 1727 3131 59.

2268 3076 2314 3129 Σ
2318 3073 2538 3126 υνόδου
2563 3076 2985 3145 οίκουμενικῆς
3008 3078 3214 3149 ἕκτης,
3241 3084 3436 3137 κανὼν
3458 3086 3538 3139 νϐ’.

515 3171 604 3225 59.
636 3169 692 3221 In
727 3170 840 3221 aede
862 3167 1121 3232 oratoria,
1144 3174 1273 3229 etc.,
1308 3175 1363 3217 ut
1388 3183 1509 3235 pag.
1541 3166 1665 3220 617.

2204 3164 2299 3217 νίν.
2332 3166 2541 3229 Μηδεὶς
2570 3167 2628 3220 ἐν
2654 3168 2927 3237 εὐκτηρίῳ
2955 3171 3108 3239 οἴκῳ,
3139 3191 3195 3225 κ.
3230 3193 3278 3227 τ.
3305 3176 3352 3229 λ.

511 3260 664 3317 CAP.
695 3258 789 3313 IV.
819 3287 889 3299 —
919 3256 1073 3324 Quod
1101 3267 1304 3326 oportet
1335 3258 1630 3326 baptizatos
1674 3259 1800 3329 ﬁdei
1824 3260 2028 3328 formu-

2198 3256 2452 3309 ΚΕΦΑΛ.
2478 3254 2628 3311 Δ’.-
2657 3259 2797 3328 Περὶ
2827 3261 2933 3315 τοῦ
2968 3262 3187 3329 χρῆναι
3224 3267 3363 3332 τοὺς
3394 3267 3640 3335 φωτιζομέ-

438 3357 549 3411 lam
588 3352 854 3424 proﬁteri.

2128 3364 2274 3416 γους
2293 3348 2702 3419 ἀπαγγέλλειν
2729 3352 2845 3417 τὴν
2869 3354 3096 3407 πίστιν.

705 3445 930 3498 Concilii
969 3442 1255 3497 Laudiceni
1277 3458 1501 3496 canones
1534 3440 1625 3505 46,
1659 3441 1749 3496 47.

2333 3438 2605 3493 Συνόδου
2639 3441 2987 3507 Λαοδικείας
3014 3443 3217 3497 κανὼν
3248 3452 3361 3515 μᾷ,
3383 3447 3476 3515 μζπ

513 3537 604 3592 46.
645 3537 803 3602 Quod
836 3546 1089 3606 oporteat
1122 3552 1218 3591 eos
1248 3536 1341 3604 qui
1372 3536 1440 3589 ad
1473 3534 1745 3603 baptisma
1774 3537 2023 3603 veniunt,

2198 3536 2317 3598 μς’.
2358 3531 2478 3583 Ὅτι
2513 3531 2595 3587 δεῖ
2630 3532 2756 3594 τοὺς
2794 3532 3222 3603 φωτιζομένους,
3260 3538 3357 3607 τὴν
3394 3539 3549 3591 πίστιν
3572 3539 3638 3589 ἐκ·

440 3628 601 3683 ﬁdem
638 3628 873 3689 discere,
925 3636 979 3679 et
1025 3628 1221 3695 quinta
1256 3625 1389 3679 feria
1440 3625 1759 3694 septimanae
1796 3629 1957 3698 majOI

2128 3622 2451 3691 μανθάνειν·
2485 3624 2577 3677 καὶ
2599 3627 2665 3693 τῇ
2695 3625 2918 3694 πέμπτῃ
2952 3627 3051 3695 τῆς
3079 3628 3391 3698 ἑϐδομάδος,
3415 3632 3636 3699 ἀπαγγέλ-

436 3721 702 3791 episcopo
730 3728 820 3773 aut
859 3719 1189 3788 presbyteris
1223 3718 1467 3772 reddere.

2124 3711 2236 3763 λειν
2264 3710 2344 3781 τῷ
2378 3712 2659 3784 ὲπισκόπῳ
2685 3714 2717 3785 ἢ
2758 3718 2871 3778 τοῖς
2896 3718 3311 3788 πρεσϐυτέροις.

508 3812 600 3867 47.
637 3809 793 3876 Quod
844 3819 1097 3879 oporteat
1140 3825 1234 3863 eos
1264 3808 1355 3877 qui
1414 3808 1468 3862 in
1500 3808 1821 3878 aegritudine
1847 3810 2024 3881 perci-

2197 3801 2305 3870 uC'.
2334 3803 2456 3855 Ὅτι
2492 3802 2574 3854 δεῖ
2615 3806 2741 3867 τοὺς
2775 3806 2831 3856 ἐν
2876 3806 3016 3877 νόσῳ
3061 3811 3559 3881 παραλαμβάνοντας
3593 3810 3635 3861 τὸ

435 3904 593 3973 piunt
628 3902 916 3971 baptisma,
950 3909 1236 3970 postquam
1268 3899 1665 3962 convaluerint,
1702 3899 1859 3955 ﬁdem
1895 3916 1952 3971 pe

2123 3890 2403 3963 φώτισμα,
2455 3894 2548 3947 καὶ
2604 3890 2723 3948 εἶτα
2778 3897 3137 3963 ἀναστάντας,
3192 3902 3530 3970 ἐκμανθάνειν
3564 3902 3634 3969 τὴν

436 3995 669 4061 discere,
706 4002 761 4048 et
808 3992 970 4061 scire,
1009 3992 1169 4062 cujus
1228 3990 1474 4046 muneris
1537 3992 1834 4060 participes
1892 3992 1953 4047 fat

2123 3983 2329 4052 πίστιν,
2369 3987 2465 4040 καὶ
2496 3986 2787 4054 γινώσκειν
2821 3989 2904 4042 ὅτι
2934 3989 3085 4054 θείας
3117 3991 3329 4062 δωρεᾶς
3357 3991 3632 4063 κατηξιώθη-

435 4084 567 4140 sint.

2045 4126 2087 4182 C
2126 4090 2246 4131 σαν.

712 4175 938 4230 Concilii
972 4174 1275 4230 weumem'ci
1314 4188 1366 4226 νι
1410 4189 1580 4225 canon
1630 4172 1696 4226 '78
2048 4169 2087 4182 “”

2048 4169 2087 4182 “'
2262 4169 2533 4224 Συνόδου
2560 4172 2976 4241 οίκουμενικῆς
3009 4173 3189 4243 ἕκτης
3219 4176 3415 4231 κανὼν
3439 4174 3524 4244 oq'.

506 4271 596 4326 78.
651 4269 807 4336 Quod
834 4277 1047 4338 oportet
1077 4281 1172 4321 eos
1198 4266 1246 4297 ⁸³
1292 4266 1384 4335 qui
1436 4264 1814 4319 illuminantur
1854 4264 2015 4318 ﬁdem

2189 4265 2291 4329 o'q’.
2320 4260 2444 4313 Ὅτι
2470 4262 2551 4314 δεῖ
2575 4264 2704 4326 τοὺς
2733 4265 3134 4335 φωτιζομένους
3156 4269 3257 4339 τὴν
3283 4269 3457 4322 πίστιν
3478 4268 3631 4334 ἐκμαν-

436 4362 670 4424 discere,
693 4371 747 4415 et
778 4363 969 4429 quinta
997 4360 1314 4428 septimanae
1336 4359 1471 4413 feria
1502 4358 1755 4427 episcopo
1776 4371 1872 4411 seu
1902 4372 1953 4426 pl

2118 4353 2322 4415 θάνειν,
2358 4356 2450 4407 καὶ
2485 4357 2551 4426 τῇ
2593 4356 2821 4429 πέμπτῃ
2859 4359 2958 4428 τῆς
2988 4360 3284 4430 ἑϐδομάδος
3327 4358 3630 4428 ἀπαγγέλλειν

437 4455 675 4525 sbyteris
704 4454 1041 4507 renuntiare.

2115 4445 2193 4515 τῷ
2218 4448 2504 4518 ὲπισκόπῳ
2529 4449 2561 4518 ἢ
2584 4451 2695 4512 τοῖς
2718 4450 3124 4520 πρεσσυτέροις.

509 4544 725 4599 Textus.
762 4542 994 4596 Constit.
1045 4542 1132 4600 10.
1162 4542 1245 4595 tit.
1288 4542 1341 4607 8,
1370 4540 1469 4595 lib.
1508 4554 1549 4604 ι,
1577 4539 1700 4595 cod.
1737 4538 1912 4607 jubet,
1956 4545 2016 4591 nt

2199 4537 2263 4590 Ἢ
2298 4545 2326 4591 ι’
2363 4539 2602 4605 διάταξις
2640 4538 2735 4593 τοῦ
2776 4538 2827 4611 η’
2864 4543 2967 4594 τίτ.
3015 4543 3107 4595 τοῦ
3146 4549 3195 4595 α’
3237 4542 3373 4613 pisi.
3416 4542 3497 4595 τοῦ
3532 4539 3625 4592 κὼδ.

432 4634 653 4706 pagani,
692 4634 783 4701 qui
826 4632 975 4699 parvi
1030 4631 1233 4704 [adhuc
1282 4642 1334 4686 et
1368 4631 1550 4703 pueri]
1589 4641 1738 4693 sunt,
1772 4630 1949 4685 citrat

2115 4630 2558 4701 παρακελεύεται
2588 4633 2716 4695 τοὺς
2759 4632 3047 4703 Ἕλληνας,
3096 4637 3324 4705 μικροὺς
3357 4635 3448 4705 μὲν
3488 4634 3626 4692 ὄντας,

436 4729 694 4781 lationem
726 4727 1115 4795 baptizentur:
1152 4727 1245 4795 qui
1280 4741 1411 4781 vero
1458 4725 1819 4789 adoleverint,
1858 4724 1953 4793 pri:

2115 4722 2283 4791 χωρὶς
2317 4722 2589 4793 ἀναϐολῆς
2626 4724 3015 4792 βαπτίζεσθαι·
3050 4727 3173 4788 τοὺς
3192 4727 3248 4779 δὲ
3271 4727 3503 4790 τελείους,
3529 4723 3626 4793 n96-

435 4817 752 4887 Scripturas
808 4826 864 4870 et
935 4828 1315 4872 sacrosanctos
1383 4831 1622 4871 canones
1686 4816 1952 4870 doceantu

2114 4830 2273 4882 τερον
2314 4814 2412 4876 τὰς
2447 4815 2671 4883 Γραφάς
2712 4816 2852 4868 κατὰ
2889 4816 3011 4878 τοὺς
3046 4817 3233 4883 ἁγίους
3274 4818 3487 4879 κανόνας
3516 4812 3624 4866 διδα-

436 4906 732 4962 Sciendum
768 4914 852 4960 est
902 4915 1081 4959 autem
1142 4923 1241 4961 nos
1288 4921 1395 4959 non
1435 4906 1678 4959 invenire
1721 4919 1953 4958 canone!

2117 4906 2437 4975 σκομένους.
2475 4908 2786 4975 Καῌστέον
2827 4908 2908 4960 ὅτι
2954 4909 3051 4978 οὐχ
3084 4910 3403 4979 εὑρίσκομεν
3445 4906 3622 4965 κανόνας

432 5000 525 5070 qui
545 5001 653 5053 tale
665 4998 943 5069 quidpiam
963 4999 1176 5053 doceat.
1195 4996 1395 5052 Verum
1420 5006 1597 5052 const.
1625 4996 1677 5060 '5,
1707 4997 1835 5051 tit.'5
1855 4995 1949 5066 15

2112 4999 2352 5053 τοιοῦτόν
2391 5017 2444 5053 τι
2490 5000 2989 5072 διαγορεύονταςοή
3037 5001 3092 5053 δὲ
3124 5000 3167 5070 β’
3190 5002 3327 5054 διάτ.
3364 5000 3450 5053 τοῦ
3487 4997 3528 5064 γ’
3546 4995 3620 5047 τίτ.

431 5089 805 5156 Νυνειιπυιη,
845 5103 968 5158 quae
1009 5087 1250 5142 secunda
1280 5096 1364 5140 est
1407 5087 1474 5141 de
1516 5087 1899 5151 Samaritanis,

2112 5088 2220 5140 τῶν
2259 5087 2509 5156 Νεαρῶν,
2544 5088 2586 5157 β’
2620 5086 2752 5141 οὖσα
2795 5089 2922 5157 περὶ
2953 5090 3325 5161 Σαμαρειτῶν,
3368 5088 3557 5156 κειμένη
3582 5081 3620 5131 δὲ

433 5183 489 5237 in
520 5192 671 5237 textu
699 5183 967 5236 librorum
988 5182 1041 5234 in
1068 5180 1443 5235 Patriarcbico
1471 5180 1853 5234 exsistentium
1884 5179 1950 5232 l3

2113 5180 2171 5230 ἐν
2219 5178 2297 5249 τῷ
2334 5179 2484 5250 ρητῷ
2524 5180 2630 5232 τῶν
2663 5182 2720 5232 ὲν
2766 5181 2845 5251 τῷ
2880 5182 3251 5251 πατριαρχείῳ
3291 5180 3491 5250 βιϐλίων
3518 5174 3615 5245 ρὶγ¹ι

431 5274 629 5339 sancit,
675 5288 743 5329 ne
776 5272 1065 5329 confestim
1114 5271 1442 5325 Samaritani
1488 5269 1554 5324 ad
1596 5278 1946 5323 sacrosancto

2111 5268 2357 5333 θεσπίζει
2386 5269 2460 5339 μὴ
2486 5270 2791 5340 προχείρως
2816 5270 2941 5333 τοὺς
2967 5271 3308 5341 Σαμαρείτας
3332 5272 3418 5322 ἐπὶ
3436 5266 3488 5319 τὸ
3508 5265 3620 5329 ἅγιον

430 5367 701 5439 baptisma
761 5366 1131 5435 recipiantur:
1189 5363 1281 5418 sed
1332 5362 1421 5432 qui
1464 5362 1663 5417 bonam
1696 5361 1945 5415 doctrina

2109 5362 2359 5432 δέχεσθαι
2386 5360 2688 5431 βάπτισμα,
2725 5362 2861 5415 ἀ).λά
2884 5364 3007 5426 τοὺς
3036 5364 3134 5433 μὲν
3162 5363 3397 5433 χρηστῆς
3420 5359 3617 5412 διδασκα-

432 5454 694 5529 [jam'per
725 5456 963 5528 aetatem]
998 5456 1275 5527 percipere
1302 5464 1553 5525 possunt,
1596 5468 1698 5524 per
1724 5452 1945 5507 bienniu

2114 5454 2234 5518 λίας
2285 5453 2731 5523 αἰσθανομένους,
2764 5456 2858 5509 ἐπὶ
2898 5454 3101 5508 διετίαν
3156 5451 3511 5525 κατηχείσθαι,
3550 5440 3616 5495 καὶ

500 5594 548 5625 ⁸³
586 5592 809 5649 Laodic.
843 5609 968 5650 can.
1002 5592 1096 5648 $6.
