3842 6224
195 259 284 322 617
1013 253 1410 319 SYNTAGMA
1445 252 1712 314 CANONI

1907 255 2009 314 'IT.
2044 254 2142 329 ῐν,
2185 255 2341 316 CAP.
2374 255 2443 329 V,
2482 254 2585 316 VI.
3318 251 3424 319 618

195 373 348 433 οὓτως
375 365 747 439 βαπτίζεσθαι·
779 366 903 429 τοὺς
920 369 980 419 δὲ
1009 367 1163 430 νέους
1194 367 1337 422 πάνυ
1361 408 1377 432 ,
1407 367 1500 420 καὶ
1526 367 1628 437 τῆς
1653 366 1712 419 διε

1949 366 2054 421 ﬁde
2113 367 2493 427 instituantur,
2526 373 2690 433 atque
2731 372 2846 417 tum
2875 360 3220 432 baptizentur
3250 378 3265 417 :
3307 377 3424 417 om-

194 459 462 522 δασκαλίας
508 459 569 511 οὐ
609 459 918 522 συνιέντας,
959 457 1054 512 καὶ
1087 460 1256 529 χωρὶς
1280 458 1379 528 τῆς
1417 459 1711 529 παρατηρή

1912 472 1981 512 no
2023 466 2207 512 autem
2259 455 2437 525 pueri,
2484 454 2579 523 qui
2629 453 2937 508 doctrinam
2976 452 3281 521 intelligere
3322 467 3421 505 ne-

197 568 318 615 σεως
340 548 555 619 ταύτης,
577 547 861 613 ἀξιοῦσθαι
892 547 988 601 τοῦ
1015 549 1173 618 ἁγίου
1205 548 1603 619 βαπτίσματος.

1905 559 2077 615 Icunt,
2145 550 2309 604 etiam
2375 546 2581 616 absque
2642 546 2745 601 hac
2798 546 3183 602 observatione
3266 559 3422 600 sacro

1848 642 2184 712 baptismate
2209 639 2359 711 digni
2397 638 2726 692 habeantur.

254 727 489 781 ΚΕΦΔΛ.
545 725 623 781 E’.
673 754 746 768 -ο-
780 728 919 796 Περί
982 727 1087 783 τοῦ
1142 727 1541 794 βαπτίζεσθαι
1602 730 1747 797 τοὺς

1916 732 2067 787 CAP.
2115 730 2157 785 V
2181 763 2251 775 -—
2286 731 2437 798 Quod
2481 731 2523 783 ii
2557 729 2865 799 baptizandi
2900 728 3007 782 sint
3033 728 3122 797 qui
3166 743 3219 781 se
3252 726 3423 797 bapti-

193 817 536 888 ᾶγνοοῦντας
558 820 611 871 εί
640 817 1117 885 ἐϐαπτίσθησαν.

774 821 1117 885 ιτισθησαν.
1850 833 1993 878 zatos
2024 827 2291 894 ignorant.

415 904 684 960 Συνόδου
710 907 1131 977 Καρθαγέννης
1160 908 1361 963 κανὼν
1384 910 1483 979 οβ’.

2136 913 2363 969 Concilii
2392 912 2823 981 Carthaginensis
2853 926 3021 964 canon
3051 908 3138 962 72.

195 997 317 1065 Περὶ
361 997 590 1064 νηπίων
655 997 1027 1066 ὀφειλόντων
1082 999 1476 1065 βαπτίζεσθαι
1533 1001 1710 1057 ὁσάκι

1919 1005 1997 1060 De
2065 1007 2360 1076 infantibus
2432 1004 2801 1073 baptizandis,
2857 1003 3058 1071 quoties
3149 1000 3423 1053 dubitatur

191 1088 599 1160 ἀμφιϐάλλεται
645 1089 779 1156 περὶ
804 1088 1002 1143 αὐτῶν
1039 1092 1093 1145 εί
1117 1091 1232 1159 ἄρα
1268 1092 1708 1160 ἐϐαπτίσθησαν

1084 1091 1232 1159 ίᾶρα
1268 1092 1746 1160 ἐϐαπτίσθησαν.
1848 1107 2024 1151 utrum
2049 1099 2247 1168 fuerint
2281 1098 2562 1167 baptizati.
2592 1100 2601 1162 1

252 1179 343 1248 οβ’.
394 1178 627 1248 ὀμοίως
655 1178 822 1249 ἦρεσε
853 1181 982 1250 περὶ
1024 1180 1136 1234 τῶν
1177 1181 1415 1249 νηπίων,
1450 1181 1638 1245 ὁσάκις
1671 1184 1745 1254 μὴ

1918 1188 2007 1243 72.
2062 1188 2191 1243 Item
2245 1189 2449 1259 placuit
2478 1187 2526 1219 “
2569 1186 2636 1241 de
2682 1183 3005 1248 infantibus,
3055 1183 3268 1253 quoties
3313 1198 3420 1237 non

190 1269 516 1340 εὑρίσκονται
547 1268 753 1338 βέϐαιοι
783 1270 1061 1341 μάρτυρες
1091 1273 1141 1324 oi
1164 1271 1338 1326 ταῦτα
1363 1273 1707 1344 άναμφιῦόλα

1910 1279 2201 1333 veniuntur
2251 1277 2544 1333 certissimi
2588 1287 2773 1341 testes,
2826 1276 2921 1344 qui
2971 1290 3065 1328 eos
3117 1273 3424 1341 baptizatos

197 1360 543 1430 βαπτισθέντα
569 1357 711 1417 εἶναι
748 1361 1019 1430 λέγοντες,
1056 1364 1152 1417 καὶ
1182 1365 1304 1419 οὐδὲ
1353 1366 1491 1419 αὐτὰ
1531 1366 1621 1420 διὰ
1646 1367 1713 1437 τὴ

1915 1384 1972 1425 se
1998 1370 2116 1424 sine
2147 1370 2491 1423 dubitatione
2518 1375 2803 1431 testentur,
2838 1380 3015 1432 neque
3039 1363 3139 1432 ipsi
3174 1373 3302 1417 sunt
3329 1377 3427 1432 per

192 1453 364 1522 κεῖραν
392 1452 522 1521 περὶ
552 1451 651 1517 τῆς
686 1452 1086 1523 παραδοθείσης
1128 1454 1309 1517 αὐτοῖς
1357 1454 1709 1524 μυσταγωγία

1906 1470 2061 1517 tatem
2092 1461 2158 1515 de
2195 1461 2409 1515 traditis
2434 1461 2546 1515 'sibi
2592 1458 2948 1514 sacramentis
2987 1456 3165 1510 idonei
3195 1469 3423 1524 respon-

190 1543 562 1612 ἀποκρίνεσθαι
602 1543 925 1614 ἐπιτηδείως
954 1543 1159 1614 ἔχουσι,
1200 1546 1368 1615 χωρίς
1406 1563 1551 1610 τινος
1580 1564 1707 1618 προσ

1910 1568 2006 1616 :re,
2058 1552 2263 1620 absque
2299 1552 2409 1605 ullo
2454 1550 2712 1619 scrupulo
2764 1564 2886 1604 esse
2939 1546 3316 1615 baptizandus,
3358 1560 3427 1598 ne

191 1634 455 1703 κόμματος
507 1633 743 1703 ὀφείλειν
783 1634 956 1687 ταῦτα
991 1633 1390 1703 βαπτίζεσθαι’,
1438 1637 1513 1707 μή
1558 1654 1688 1690 ποτε

1909 1652 1952 1697 ta
2002 1643 2270 1698 haesitatio
2325 1658 2422 1697 eos
2469 1640 2633 1697 faciat
2696 1647 3165 1695 sacramentorum
3223 1650 3426 1706 purga-

189 1726 409 1791 τοιοῦτος
458 1726 756 1795 δισταγμδς
793 1726 1143 1798 ἀποστερήσῃ
1185 1726 1326 1781 αὐτὰ
1356 1728 1456 1799 τῆς
1490 1728 1706 1798 τοιαύτη

1910 1749 2000 1788 one
2022 1735 2249 1805 privari.
2296 1732 2438 1788 Hinc
2482 1733 2625 1787 enim
2661 1731 2819 1802 legati
2864 1729 3203 1795 Maurorum,
3234 1728 3427 1782 fratres

189 1818 270 1873 τοῦ
294 1818 569 1890 ἀγιισμοῦ
608 1817 951 1890 καθάρσεως.
988 1819 1084 1873 Ἐκ
1126 1819 1316 1872 τούτου
1355 1819 1464 1889 γὰρ
1499 1820 1549 1871 οἱ
1584 1836 1706 1873 τοπι

1911 1825 2050 1889 )stri,
2084 1826 2501 1890 consuluerunt,
2537 1824 2667 1894 quia
2698 1822 2899 1878 multos
2934 1820 3069 1876 tales
3104 1834 3136 1874 a
3179 1816 3428 1874 barbaris

189 1908 405 1979 τηρηταὶ.
439 1907 553 1961 τῶν
586 1906 825 1978 Μαύρων
862 1906 1085 1978 ἀδελφοὶ
1112 1909 1144 1977 ἡ
1155 1908 1274 1977 μῶν
1302 1906 1461 1961 τοῦτο
1494 1909 1706 1962 ἐϐουλειὶ

1324 1906 1461 1961 τοῦτο
1494 1909 1749 1962 ὲσουλεύ·
1856 1916 2129 1971 redimunt
2158 1913 2317 1986 [mss.
2347 1914 2598 1969 redimere
2628 1910 2841 1983 solent].

193 2013 359 2062 σαντο,
404 1998 488 2051 ὃτι
546 1996 778 2062 πολλοὺς
813 1996 1088 2062 τοιούτους
1137 1998 1247 2052 ἀπὸ
1293 1998 1400 2051 τῶν
1459 1998 1750 2071 βαρϐάρων

189 2088 617 2160 ὲξαγοράζονται.

276 2178 277 2181 “
314 2178 589 2236 Συνόδου
626 2176 1047 2250 οίκουμενικῆς
1068 2180 1246 2249 ἕκτης
1273 2181 1475 2237 κανὼν
1502 2181 1605 2237 πδ’.

2079 2183 2304 2239 Concilii
2361 2183 2668 2238 acumenici
2719 2182 2856 2236 sexti
2899 2196 3069 2234 canon
3123 2180 3213 2235 84.

246 2273 350 2327 τπδ’.
387 2274 514 2336 Τοῖς
544 2277 849 2338 κανονικοϊς
878 2272 987 2327 τῶν
1024 2274 1283 2345 Πατέρων
1322 2274 1543 2345 Θεσμοϊς
1576 2291 1749 2328 κατα-

1929 2277 2020 2331 84.
2069 2276 2375 2331 Canonicos
2423 2276 2648 2330 Patrum
2697 2274 2839 2329 ritus
2892 2282 3201 2343 sequentes,
3249 2271 3317 2327 de
3348 2271 3431 2325 in-

190 2362 584 2429 κολουθοῦντες,
609 2365 866 2435 ὁρίζομεν
886 2367 983 2420 καὶ
1007 2366 1138 2436 περὶ
1165 2365 1271 2419 τῶν
1296 2365 1507 2435 νηπίων
1526 2382 1540 2396 °
1563 2366 1707 2421 and):

1921 2371 2104 2425 ntibus
2159 2383 2378 2439 quoque
2432 2368 2802 2432 decernimus,
2865 2366 3081 2436 qu0ties
3136 2380 3244 2419 non
3281 2364 3433 2419 inve-

194 2455 259 2524 μὴ
284 2456 628 2526 εὑρίσκονται
669 2456 875 2527 βέϐαιοι
914 2458 1191 2527 μάρτυρες
1218 2459 1267 2510 oi
1302 2458 1476 2511 ταῦτα
1517 2460 1705 2528 ἀναμφ

1925 2468 2089 2513 untur
2130 2458 2272 2512 ﬁrmi
2331 2466 2523 2522 testes,
2558 2456 2651 2526 qui
2682 2472 2778 2511 eos
2817 2456 3024 2525 absque
3057 2454 3166 2508 ulla
3214 2454 3432 2507 dubita-

194 2548 349 2612 ὗὸλως
394 2550 763 2620 βαπτισθέντα
807 2546 944 2604 εἶναι
978 2550 1247 2617 λέγοντες,
1281 2551 1373 2605 καὶ
1416 2550 1537 2604 οὐδὲ
1581 2551 1711 2606 ταῦτ

1916 2566 2009 2605 une
2072 2550 2372 2619 baptizatos
2424 2563 2548 2603 esse
2610 2548 2828 2610 dicant,
2892 2561 2991 2600 nec
3039 2545 3170 2616 ipsi,
3212 2555 3433 2614 prOpter

191 2638 271 2693 διὰ
296 2640 392 2711 τὴν
421 2643 619 2711 κεῖραν
646 2642 771 2711 περὶ
797 2642 895 2711 τῆς
942 2640 1340 2711 παραδοθείσης
1370 2641 1553 2703 αὐτοῖς
1585 2659 1708 2709 μυσ·

1918 2651 2080 2697 tatem
2134 2641 2202 2697 de
2237 2641 2339 2696 sibi
2367 2638 2569 2696 tradito
2616 2638 2879 2709 mysterio
2924 2645 3050 2706 apte
3102 2635 3435 2705 respondere

198 2728 429 2795 αγωγίας
447 2726 850 2800 ἀποκρίνασθαι
871 2729 1189 2799 ἐπιτηδείως
1208 2728 1589 2800 ἔχουσι,χωρίς
1613 2748 1715 2783 τινε

1919 2733 2095 2797 ιεδίηι,
2140 2731 2337 2787 debere
2370 2730 2575 2801 absque
2630 2728 2786 2799 157
2830 2727 2939 2781 ulla
2993 2725 3296 2781 uli‘ensione
3340 2725 3436 2778 ba-

194 2820 612 2890 προσκὸμματος
646 2820 881 2890 ὀφείλειν
910 2819 1081 2873 ταῦτα
1112 2818 1490 2888 βαπτίζεσθαι,
1522 2822 1594 2892 μή
1624 2839 1711 2874 ποι

1917 2823 2079 2886 .izari,
2131 2838 2197 2877 ne
2245 2821 2383 2876 forte
2419 2818 2691 2891 ejusmodi
2725 2818 2994 2872 dubitatio
3042 2830 3136 2871 eos
3164 2814 3434 2887 ejusmodi

191 2907 216 2959 ὁ
238 2907 466 2971 τοιοῦτος
490 2909 792 2978 δισταγμὸς
824 2911 1175 2980 ἀποστερήσῃ
1204 2906 1343 2960 αὐτὰ
1371 2908 1469 2978 τῆς
1499 2907 1708 2963 τοιαύττ

1457 2907 1756 2980 ῖτοιαύτης
1866 2914 2265 2983 puriﬁcationis
2300 2912 2735 2968 sanctiﬁcatione
2778 2911 2974 2980 privet.

194 2995 277 3050 τοῦ
306 2999 579 3070 ἀγιασμοῢ
611 3000 950 3070 καθάρσεως.

258 3069 499 3146 ΚΕΦΑᾹ.
546 3093 636 3158 (ζ’.
662 3122 731 3133 -
759 3069 896 3161 Περὶ
922 3091 1029 3145 τοῦ
1066 3091 1152 3160 μὴ
1181 3091 1572 3156 βαπτίζεσθαι
1614 3096 1757 3164 τοὺς

1489 3100 1572 3151 θαι
1614 3096 1757 3164 τοὺς
1784 3069 1828 3129 c
1941 3115 2094 3172 CAP.
2139 3112 2207 3167 Vl
2227 3143 2296 3154 —
2328 3110 2411 3166 Ne
2435 3110 2630 3165 mortui
2650 3108 3006 3177 baptizentur.

196 3183 687 3250 τελευτήσαντας.

427 3274 704 3330 Συνόδου
740 3277 1161 3347 Καρθαγέννης
1192 3277 1392 3334 κανὼν
1416 3277 1506 3349 ιη’.

2135 3285 2364 3344 Concilii
2414 3280 2850 3353 Cartltaginensis
2882 3293 3047 3332 canon
3094 3276 3179 3333 18.

266 3375 354 3436 ιη’.
399 3369 527 3424 Ἐάν
562 3386 643 3433 τις
675 3369 932 3441 κληρικὺς
958 3371 1351 3440 χειροτονῆται,
1392 3390 1447 3425 κ.
1497 3390 1547 3426 τ.
1578 3371 1627 3425 λ.

1933 3379 2082 3438 18.8ἱ
2096 3378 2216 3449 quis
2234 3376 2464 3433 clericus
2484 3372 2787 3435 ordinatur,
2804 3376 2993 3433 etc.,ut
3016 3383 3179 3437 supra
3187 3366 3435 3437 pag.682.

272 3461 499 3531 Ὁμοίως
530 3461 731 3532 ἤρεσεν
773 3460 913 3515 ὥστε
940 3463 1417 3532 χειροτονουμένω
1460 3464 1761 3521 ἐπισκόπου

1936 3476 2069 3529 Item
2113 3471 2321 3543 placuit
2363 3476 2425 3523 ut
2452 3464 2724 3522 ordinatis
2758 3461 3053 3533 episcopis,
3082 3459 3162 3513 vel
3202 3458 3437 3525 clericis,

197 3554 226 3623 ἢ
252 3552 536 3624 κληρικοῦ,
562 3570 615 3606 κ.
640 3570 690 3609 τ.
716 3551 767 3608 λ.

1864 3581 1993 3636 etc.,
2030 3581 2088 3624 ut
2116 3584 2279 3636 supra
2311 3581 2432 3636 pag.
2461 3563 2586 3618 485.

260 3646 508 3699 ΚΕΦΑΛ.
547 3646 623 3700 Z'.
653 3675 723 3686 —
752 3645 889 3712 Περὶ
921 3643 1039 3703 τῶν
1067 3645 1179 3714 πρὸ
1208 3644 1316 3699 τοῦ
1338 3646 1764 3718 βαπτίσματος

1937 3661 2088 3717 CAP:
2127 3658 2214 3714 Vll
2241 3689 2313 3701 —
2344 3657 2421 3710 De
2460 3656 2525 3709 iis
2555 3653 2644 3723 qui
2684 3661 2805 3704 ante
2848 3648 3166 3719 baptismum
3197 3662 3442 3717 peccave-

198 3737 684 3805 άμαρτανόντων,
727 3738 824 3792 καί
864 3736 998 3804 περὶ
1024 3736 1485 3807 κατηχουμένων
1512 3752 1715 3809 παραπ

1270 3736 1485 3807 Ιμένων
1512 3752 1767 3809 παραπι’
1866 3764 1988 3809 runt
2010 3764 2060 3809 et
2094 3753 2158 3807 de
2190 3748 2576 3806 catechumenis
2604 3744 2787 3812 lapsis.

196 3828 476 3883 πάντων.

501 3920 776 3975 Συνόδου
817 3921 1066 3987 Νικαίας
1095 3920 1297 3976 κανὼν
1328 3921 1410 3975 ιδ’.

2273 3931 2499 3987 Concilii
2531 3928 2737 3984 Νεεωηὶ
2771 3940 2939 3978 canon
2969 3921 3054 3975 14.

263 4012 338 4067 ιδ’.
374 4014 514 4082 Περὶ
558 4012 668 4065 τῶν
711 4013 1134 4084 κατηχουμένων
1180 4014 1276 4067 καὶ
1315 4016 1765 4086 παραπεσόντων,

1945 4029 2031 4083 ﬂ.
2056 4025 2133 4081 De
2173 4020 2576 4080 catechumenis
2599 4018 2666 4084 ⁵⁵,
2700 4024 2753 4070 et
2795 4013 2889 4082 qui
2936 4010 3097 4081 lapsi,
3141 4007 3318 4062 visum
3361 4014 3446 4060 est

199 4101 334 4169 ἔδοξε
397 4108 463 4176 τῇ
517 4104 654 4175 ἁγίᾳ
704 4104 797 4157 καὶ
855 4105 1066 4175 μεγάλῃ
1126 4105 1349 4175 συνόδῳ,
1414 4105 1558 4159 ὥστε
1602 4106 1716 4177 τριᾶ

1927 4124 2076 4172 uictae
2102 4122 2158 4171 et
2185 4129 2393 4184 magna:
2425 4109 2653 4182 synodo,
2688 4116 2747 4161 ut
2776 4105 2809 4159 ii
2842 4104 3016 4157 tribus
3048 4109 3260 4154 tantum
3284 4097 3444 4152 annis

198 4193 325 4247 ὲτῶν
362 4196 565 4256 αὐτοὺς
594 4192 979 4265 ἀκροωμένους
1017 4194 1198 4264 μόνον,
1235 4194 1375 4265 μετὰ
1406 4194 1579 4248 ταῦτα
1606 4194 1715 4265 εῠχι

1675 4211 1765 4265 κε·
1874 4208 2161 4264 audientes
2192 4214 2376 4275 postea
2414 4209 2570 4256 orent
2606 4213 2730 4253 cum
2758 4190 3192 4251 catechumenis.

202 4284 315 4338 σθαι
350 4287 489 4355 μετὰ
515 4285 627 4338 τῶν
663 4285 1108 4355 κατηχουμένων.

511 4374 785 4430 Συνόδου
820 4376 1109 4444 Ἀγκύρας
1142 4375 1340 4429 κανὼν
1368 4375 1451 4444 ιβ’.
1798 4404 1852 4464 D

1798 4404 1852 4464 D
2252 4376 2479 4437 Concilii
2509 4373 2776 4444 Aucyrani
2799 4386 2966 4426 canon
3000 4370 3086 4425 12.

269 4467 352 4537 ιβ’.
400 4468 547 4531 Τοὺς
598 4466 706 4538 πρὸ
753 4466 847 4520 τοῦ
877 4466 1255 4535 βαπτίσματος
1298 4466 1631 4529 τεθυκότας,
1676 4467 1773 4521 καὶ

1953 4484 2040 4539 12.
2073 4481 2180 4535 Eos
2227 4478 2320 4548 qui
2365 4482 2493 4528 ante
2544 4468 2877 4536 baptismum
2935 4463 3335 4529 sacriﬁcarunt,
3397 4474 3453 4519 et

203 4558 334 4622 μετὰ
371 4557 551 4611 ταῦτα
588 4557 1002 4627 βαπτισθέντας,
1042 4556 1218 4621 ἔδοξεν
1250 4560 1329 4620 είς
1360 4557 1512 4622 τάξιν
1533 4559 1720 4628 προάγι

1933 4588 2071 4633 >ειεο
2098 4568 2361 4641 baptizati
2410 4573 2560 4630 sunt,
2587 4563 2769 4617 visum
2798 4567 2884 4615 est
2919 4557 2987 4613 ad
3019 4557 3270 4614 ordinem
3325 4573 3450 4629 pro-

205 4646 319 4701 σθαι
358 4650 435 4712 ὡς
463 4650 971 4720 ἀπολουσαμένους.

1881 4646 2113 4733 inoveri,
2142 4662 2313 4734 utqui
2345 4657 2519 4715 abluti
2555 4663 2703 4712 sunt.

442 4740 718 4795 Συνόδου
748 4743 1209 4811 Νεοκαισαρείας
1242 4740 1445 4795 κανὼν
1464 4748 1526 4795 ε’.

2172 4750 2395 4810 Concilii
2429 4745 2873 4803 Neocwsariensis
2906 4758 3074 4798 canon
3126 4742 3180 4798 5.

267 4848 326 4902 ε’.
355 4850 788 4922 Κατηχούμενος
814 4853 908 4905 ἐὰν
934 4854 1313 4923 εἰσερχόμενος
1345 4855 1425 4917 είς
1457 4854 1733 4924 κυριακὸν
1756 4894 1771 4920 ,

1954 4853 2006 4908 5.
2029 4847 2466 4906 Catechumenus
2483 4840 2528 4895 si
2562 4840 2618 4896 in
2637 4837 2981 4894 Dominicum
3000 4836 3332 4909 ingrediens,
3365 4850 3458 4891 ca-

204 4940 258 4993 ἐν
276 4945 342 5014 τῇ
370 4944 481 4996 τῶν
506 4944 932 5013 κατηχουμένων
958 4945 1109 5008 τάξει
1132 4946 1327 5017 στήκῃ,
1360 4940 1512 5011 οὗτος
1541 4947 1601 5001 δὲ
1630 4965 1721 5015 (pm

1937 4943 2330 5000 chumenorum
2360 4932 2553 4989 ordine
2590 4928 2823 4992 steterit,
2853 4927 2900 4981 is
2917 4936 3098 4981 autem
3138 4933 3326 4995 peccat
3359 4942 3373 4978 :
3407 4927 3454 4979 si

206 5033 556 5105 ἁμαρτάνων,
576 5034 667 5087 ἐὰν
686 5034 785 5104 μὲν
817 5036 945 5102 γόνυ
977 5035 1193 5099 κλίνων,
1217 5037 1511 5107 ἀκροάσθω
1528 5078 1543 5101 .
1578 5041 1723 5107 μηκέ

1939 5051 2024 5090 ιηιι
2050 5031 2268 5102 quidem
2291 5026 2536 5086 ﬂectens,
2567 5021 2771 5085 audiat,
2805 5033 2919 5074 non
2934 5017 3167 5088 amplius
3202 5030 3456 5087 peccans.

205 5126 537 5196 ἁμαρτάνων
570 5141 587 5156 ⁶
620 5126 715 5179 ἐὰν
746 5126 803 5179 δὲ
834 5128 925 5179 καὶ
964 5126 1314 5196 ἀκροώμενος
1350 5127 1430 5181 ἔτι
1469 5128 1721 5200 ἀμαρτάν

1941 5144 1984 5182 ιιι
2044 5131 2226 5181 autem
2282 5117 2448 5174 etiam
2508 5112 2737 5170 audiens
2791 5110 2972 5166 adhuc
3012 5116 3221 5179 peccet,
3268 5114 3458 5164 eum-

207 5214 509 5282 ἐξωθείσθω
527 5215 664 5287 (44).

550 5216 664 5286 ιι).
1888 5221 2067 5275 datur.

277 5377 321 5408 “
342 5376 515 5431 Cone.
548 5373 801 5444 Carthag.
834 5389 952 5441 cap.
986 5372 1052 5438 6;
1084 5372 1254 5428 Cone.
1296 5370 1467 5427 Al‘ric.
1504 5373 1589 5429 59.
1666 5376 1754 5446 26.
1832 5375 1876 5406 "
1897 5373 2139 5431 Neocaes.
2170 5371 2233 5436 5;
2256 5366 2416 5423 Siric.
2445 5364 2499 5418 3.

1700 5513 1932 5570 NOTAE.

283 5652 391 5722 (xii)
417 5652 473 5705 In
522 5662 695 5717 marg.
715 5648 875 5716 paulo
902 5646 1200 5701 recentiore
1251 5662 1415 5701 manu
1451 5645 1684 5703 additur.
1715 5649 1785 5701 Ἦ

1742 5650 1785 5701 Η
1824 5650 1933 5710 τοῖς
1962 5642 2331 5716 ἀκροωμένοις
2356 5630 2729 5693 συνταττὲσθω
2763 5624 3061 5722 ἔπιτιμίουΑ
3074 5623 3253 5694 χάριν.

581 5714 846 5802 Phaon.
886 5742 1001 5801 Gn.
1035 5738 1200 5810 CIV.
2043 5714 2049 5716 ⁷

2043 5714 2049 5716 ⁷
2292 5812 2297 5816 ,
3031 5714 3107 5777 20
