3912 6244
391 250 496 315 619

825 357 985 430 158
1018 356 1208 412 Basilii
1234 371 1403 410 canon
1433 356 1523 411 20.

455 448 547 506 ΞΟ.
590 446 941 515 Quaacunque
973 446 1250 511 mulieres,
1282 460 1408 499 cum
1435 452 1619 499 essent
1652 445 1708 499 in
1736 443 1952 509 haeresi,

384 540 751 610 virginitatem
805 536 1063 606 professae
1112 547 1260 601 sunt,
1294 537 1386 591 sed
1434 546 1621 606 postea
1672 536 1955 591 matrimo-

386 631 535 686 nium
582 628 952 698 praatuleruut,
1005 643 1112 681 non
1156 627 1391 682 arbitror
1440 642 1534 682 eas
1605 624 1955 681 condemnari

384 731 657 793 oportere.
684 719 1021 790 Quwcunque
1064 719 1201 773 enim
1239 718 1367 771 dicit
1398 719 1500 784 lex,
1530 719 1594 771 iis
1629 717 1718 787 qui
1762 718 1814 770 in
1845 716 1955 786 lege

384 823 507 869 sunt
543 812 762 866 dicit”.
805 811 937 878 Quae
987 820 1170 865 autem
1218 811 1407 881 jugum
1460 810 1663 865 Christi
1714 810 1953 863 nondum

385 906 688 965 subierunt.
731 918 796 958 ea
831 918 932 958 nec
971 903 1183 956 Domini
1223 903 1366 971 leges
1411 909 1731 971 agnoscunt.
1774 898 1955 964 Quare

379 1003 508 1051 sunt
534 996 589 1049 in
618 994 919 1049 Ecclesiam
963 993 1287 1062 recipienda:
1330 1007 1452 1046 cum
1486 992 1760 1054 omnibus,
1785 990 1948 1045 etiam

380 1087 578 1142 horum
629 1086 1004 1142 remissionem
1040 1085 1302 1139 habentes
1332 1100 1396 1138 ex
1424 1083 1527 1136 [ide
1556 1083 1610 1136 in
1646 1081 1948 1136 Christum.

378 1179 458 1231 Ac
486 1178 710 1231 omnino
740 1192 864 1247 qua:
916 1176 970 1229 in
999 1175 1443 1230 catechumenica
1483 1176 1591 1228 vita
1627 1172 1767 1228 facta
1796 1182 1942 1237 sunt,

380 1268 432 1321 iu
464 1267 732 1337 judicium
780 1282 887 1320 non
931 1277 1218 1319 vorantur.
1257 1265 1417 1320 Tales
1468 1275 1651 1318 autem
1700 1264 1947 1319 videlicet

379 1357 499 1411 sine
538 1358 862 1426 baptismate
908 1356 1147 1410 Ecclesia
1178 1372 1287 1409 non
1323 1356 1533 1425 recipit.
1562 1354 1741 1421 Quare
1783 1370 1949 1426 gene-

382 1449 748 1520 rationisjura
776 1450 979 1504 suntin
1012 1449 1145 1518 ipsis
1180 1449 1416 1503 maxime
1440 1448 1773 1503 necessaria.

622 1625 893 1695 Theophili
930 1642 993 1680 ex
1014 1624 1414 1678 commonitorio
1454 1638 1617 1676 canon
1654 1622 1710 1677 4.

445 1720 501 1773 4.
546 1717 618 1771 De
646 1718 918 1787 Panuph.,
951 1728 1078 1781 etc.,
1117 1725 1173 1768 ut
1198 1732 1319 1784 pag.
1353 1713 1479 1768 530.

378 1809 565 1883 ϐυτ-ξιίὶ
587 1826 652 1866 ex
679 1808 999 1883 epistola_ad
1033 1810 1296 1883 episcopos
1341 1807 1431 1875 qui
1466 1814 1591 1859 sunt
1622 1805 1677 1857 in
1702 1804 1869 1877 Libya
1898 1816 1948 1860 et

899 1878 1179 1946 Pentapoli
1218 1892 1408 1929 canon.

444 1972 537 2028 44.
561 1971 656 2025 Sin
688 1982 870 2025 autem
912 1969 1339 2039 segregationem
1372 1965 1537 2035 aliqui
1591 1965 1950 2020 sustinuerint

264 2072 265 2075 ‘
375 2072 600 2133 propter
628 2062 812 2131 lapsus
856 2061 1057 2130 puniti,
1092 2059 1287 2113 deinde
1334 2057 1445 2112 sint
1480 2056 1732 2111 morituri
1774 2057 1950 2111 exsis-

375 2164 554 2210 tentes
588 2152 991 2217 catechumeni,
1029 2151 1395 2220 baptizentur,
1436 2158 1489 2202 et
1521 2164 1588 2202 ne
1639 2148 1707 2201 ab
1757 2146 1949 2201 huma-

376 2247 463 2302 nis
494 2246 755 2301 excedant
777 2245 963 2315 gratiae
995 2260 1102 2297 non
1153 2243 1465 2312 participes,
1517 2239 1726 2294 scilicet
1792 2254 1945 2293 com-

374 2338 636 2391 munione
665 2348 932 2390 carentes.
984 2334 1208 2389 Videtur
1245 2334 1390 2387 enim
1446 2332 1548 2385 hoc
1583 2345 1801 2400 quoque
1843 2328 1946 2383 Ec-

371 2426 555 2482 clesia!
596 2424 979 2481 consuetudini
1041 2424 1340 2478 adhterere.
1391 2421 1637 2476 Salutate
1668 2434 1789 2473 eam
1823 2434 1945 2488 qua:

370 2528 455 2574 est
481 2518 624 2587 apud
654 2532 749 2571 vos
790 2516 1181 2571 fraternitatem
1213 2534 1227 2583 ;
1264 2529 1386 2586 qua:
1426 2512 1711 2568 nobiscum
1740 2521 1827 2566 est
1849 2526 1945 2567 vos

370 2612 425 2665 in
461 2610 690 2664 Domino
712 2610 929 2665 salutat.

443 2703 661 2758 Textus.
695 2702 884 2757 Const.
916 2702 967 2769 1,
1015 2702 1099 2755 tit.
1134 2700 1220 2762 l2,
1253 2701 1348 2755 lib.
1385 2719 1421 2756 ι.
1468 2704 1593 2758 cod.
1625 2705 1737 2759 ait:
1788 2702 1942 2769 Quod

372 2792 470 2871 [si]
505 2793 752 2858 Judazus,
786 2801 845 2845 ut
883 2793 1088 2848 crimen
1130 2802 1225 2846 aut
1262 2793 1500 2847 debitum
1558 2796 1742 2859 evitet,
1787 2793 1948 2850 Chri-

384 2887 597 2942 stianus
636 2884 751 2938 ﬁeri
776 2884 926 2947 velit,
964 2883 1142 2952 ipsum
1172 2883 1374 2952 suscipi
1407 2899 1516 2937 non
1553 2893 1818 2953 Oporteat,
1845 2884 1943 2937 do-

373 2992 472 3030 nec
531 2978 797 3031 innocens
853 2982 1133 3044 appareat,
1200 2974 1287 3027 vel
1346 2975 1585 3028 debitum
1641 2976 1936 3045 persolvat.

367 3066 558 3124 Const.
606 3081 738 3121 vero
778 3029 988 3129 l0,‘tit.
1030 3080 1091 3127 ιι,
1130 3065 1265 3131 vult,
1304 3073 1364 3119 ut
1414 3068 1605 3135 pagani
1641 3029 1940 3135 ‘baptizen-
1966 3029 2008 3087 c

370 3167 479 3223 tur,
514 3172 579 3213 ac
602 3172 790 3212 eorum
817 3154 1082 3228 [quidem]
1108 3156 1286 3219 liberi,
1312 3156 1357 3210 si
1394 3157 1605 3226 parvuli
1642 3159 1770 3221 sint,
1803 3157 1939 3211 citra

368 3249 727 3304 dilationem:
765 3249 811 3303 si
848 3263 975 3302 vero
1007 3247 1367 3311 adoleverint,
1414 3248 1567 3316 prius
1598 3263 1839 3301 canones
1885 3255 1941 3301 et

370 3342 685 3412 Scripturas
707 3340 1028 3395 doceantur.
1053 3339 1255 3393 Verum
1316 3349 1494 3393 const.
1513 3341 1566 3405 5,
1594 3338 1753 3408 159
1772 3338 1853 3393 tit.
1883 3340 1937 3404 5,

368 3431 735 3497 Novellarum,
774 3446 871 3501 per
900 3430 1182 3486 biennium
1223 3431 1438 3486 adultos
1465 3431 1847 3486 Samaritanus
1884 3429 1941 3484 in

372 3527 475 3580 tlde
506 3524 714 3579 institui
743 3524 879 3578 vult.

397 3706 403 3711 _
444 3627 598 3684 CAP.
630 3627 745 3682 Vlll
775 3659 843 3668 -—
876 3628 948 3683 De
978 3631 1232 3700 episcopis
1257 3639 1348 3684 aut
1387 3630 1590 3685 clericis
1624 3630 1940 3700 baptismum

370 3720 736 3774 ltwreticerum
762 3720 1182 3776 admittentibus.

812 3814 1181 3880 Apostolorum
1209 3830 1374 3867 canon
1407 3813 1495 3867 46.

438 3903 530 3959 ιθ.
576 3902 718 3976 [45]
748 3905 1108 3974 Episcopum,
1163 3907 1246 3960 vel
1283 3906 1659 3975 presbyterum
1691 3903 1784 3973 qui
1829 3904 1940 3957 ha:-

368 3994 659 4048 retieorum
687 3995 1013 4064 baptismum
1038 4007 1169 4060 etc.,
1203 4005 1258 4049 ut
1287 4012 1451 4064 supra
1481 4011 1600 4065 pag.
1630 3993 1756 4048 610.

390 4074 391 4077 η
435 4089 585 4147 CAP.
613 4089 705 4150 IX.
730 4122 801 4133 —
830 4090 906 4146 De
936 4093 1216 4162 baptizatis
1234 4093 1288 4145 in
1320 4094 1520 4144 morbo.

646 4271 871 4327 Concilii
901 4270 1343 4327 Neoca'sariensis
1375 4286 1543 4323 canon
1569 4267 1655 4322 12.

1541 247 1801 309 ΡΗΟΤΙΙ
1842 244 2114 307 PATRIA
2122 246 2343 309 RCH/E
2375 249 2484 312 CP.

1988 364 2037 417 Α
2521 359 2842 413 Βασιλείου
2874 360 3073 415 κανὼν
3101 366 3169 422 κ’.

3523 260 3625 322 620

2130 445 2199 502 κ’.
2252 447 2413 503 Ὅσαι
2448 450 2703 517 γυναῖκες
2751 451 2809 503 ἐν
2860 450 3066 522 αἱρέσει
3115 445 3272 505 οὖσαι
3324 454 3621 524 παρθενίαν

2058 536 2439 609 ὡμολόγησαν,
2500 536 2618 593 εἶτα
2666 541 2806 612 μετὰ
2854 541 3026 594 ταῦτα
3072 542 3251 612 γάμον
3296 542 3618 609 ἀνθείλοντο,

2058 627 2155 695 οὐχ
2192 628 2433 699 ἠγοῦμαι
2472 629 2669 698 χρῆναι
2713 629 3166 689 καταδικάζεσθαι
3194 632 3417 695 ταύτας.
3465 635 3622 688 Ὅσα

2059 717 2168 786 γὰρ
2199 721 2232 772 ὀ
2262 720 2449 788 νόμος
2470 719 2667 786 λαλεῖ,
2691 720 2813 785 τοῖς
2838 720 2911 773 ἐν
2944 721 3026 784 τῷ
3055 722 3219 790 νόμῳ
3237 723 3435 777 emt.
3473 725 3532 777 αἱ
3559 726 3616 777 δὲ

2059 811 2223 880 μήπω
2266 812 2593 865 ύπελθοῦσαι
2623 812 2715 866 τὸν
2742 812 2904 879 ζυγὸν
2946 813 3040 865 τοῦ
3068 813 3325 883 Χριστοῦ,
3363 815 3487 868 οὐδὲ
3522 817 3620 885 τὴν

2054 901 2374 970 νομοθεσίαν
2428 902 2848 969 ὲπιγινὼσκουσι
2905 903 2998 956 τοῦ
3062 905 3332 959 Δεσπότου
3394 920 3408 933 '
3480 906 3619 959 ὥστε

2050 992 2235 1046 δεκταί
2272 995 2377 1046 είσι
2402 997 2468 1065 τῇ
2501 995 2797 1065 Ἐκκλησία
2828 995 2967 1063 μετὰ
2993 995 3229 1059 πάντων,
3271 997 3366 1049 καὶ
3393 995 3495 1065 τὴν
3522 999 3619 1049 ἐπὶ

2049 1083 2261 1147 τούτοις
2310 1085 2503 1154 ἄφεσιν
2550 1085 2771 1155 ἔχουσαι
2828 1089 2892 1140 ὲκ
2942 1086 3043 1155 τῆς
3067 1088 3302 1149 πίστεως
3321 1088 3558 1158 Χριστόν
3600 1102 3617 1119 ⁸

2050 1177 2144 1228 καὶ
2176 1176 2401 1229 καθόλου
2446 1177 2514 1230 τὰ
2553 1180 2610 1229 ὲν
2637 1177 2715 1246 τῷ
2757 1179 3144 1249 κατηχουμένῳ
3187 1180 3288 1248 βίῳ
3326 1180 3616 1250 γενόμενα,

2050 1266 2130 1327 είς
2173 1265 2403 1330 εὐθύνας
2456 1268 2555 1320 οὐκ
2593 1267 2807 1334 ἄγεται.
2856 1268 3091 1330 Τούτους
3115 1270 3172 1321 δὲ
3215 1270 3460 1341 δηλονότι
3490 1272 3617 1324 ἄνευ

2051 1355 2450 1426 βαπτίσματος,
2500 1360 2533 1428 ἡ
2598 1358 2891 1428 Ἐκκλησία
2928 1360 2990 1411 οὐ
3038 1360 3402 1429 παραδέχεται
3427 1376 3444 1392 ⁸
3475 1361 3616 1414 ὥστε

2047 1444 2453 1512 ἀναγκαιότατα
2479 1446 2603 1519 [ἐπὶ
2640 1447 2850 1511 τούτοις
2900 1447 2971 1501 τὰ
3020 1450 3285 1520 πρεσϐεῖα
3309 1451 3413 1521 τῆς
3460 1450 3618 1520 γενέ-

2050 1551 2206 1597 σεως.

2137 1631 2430 1699 Θεοφίλου
2460 1630 2528 1685 ἐκ
2553 1631 2662 1685 τοῦ
2693 1632 3196 1701 ’Υπομνηστικοῦ,
3227 1634 3433 1688 κανὼν
3467 1635 3530 1691 δ’.

1982 1695 2022 1749 Β
2122 1721 2184 1773 δ’.
2210 1695 2344 1792 Περὶ
2377 1722 2433 1775 δὲ
2461 1725 2704 1790 Πανοῦφ,
2739 1740 2793 1776 κ.
2829 1695 2947 1780 λ.

2051 1812 2349 1878 Κιφίλλου
2373 1813 2440 1865 ἐκ
2470 1813 2579 1880 τῆς
2601 1814 2750 1882 πρὸς
2781 1814 2921 1880 τοὺς
2947 1815 3017 1869 ἐν
3045 1817 3231 1884 Λιϐύῃ
3264 1817 3364 1871 καὶ
3392 1820 3620 1873 Πεντα-

2193 1884 2363 1938 πόλει
2388 1884 2763 1949 ἐπισκόπους
2798 1884 3124 1953 ἐπιστολῆς
3144 1926 3160 1951 ,
3189 1887 3389 1939 κανὼν
3413 1888 3477 1940 δ’.

2118 1974 2182 2028 δ’.
2229 1973 2354 2027 Ἐὰν
2391 1974 2447 2027 δὲ
2488 1973 2767 2044 χωρισμὸν
2796 1975 3131 2045 ὑπομείνωσί
3178 1995 3322 2040 τινες
3352 1978 3618 2048 ἐπιτιμη-

2046 2066 2232 2128 θέντες
2293 2066 2651 2134 πταισμάτων
2704 2066 2865 2119 ἕνεκα
2890 2106 2905 2131 ,
2942 2061 3062 2120 εἶτα
3095 2068 3331 2137 μέλλωσι
3359 2069 3620 2139 τελευτᾷν

2045 2154 2441 2226 κατηχούμενοι
2475 2156 2625 2219 ὄντες
2647 2198 2662 2223 ,
2690 2156 3158 2226 βαπτιζέσθωσαν,
3188 2160 3281 2212 καὶ
3314 2159 3390 2230 μὴ
3418 2160 3623 2227 ἀποδη-

2049 2238 2320 2315 μείτωσαν
2379 2247 2488 2300 τῶν
2520 2248 2877 2318 ἀνθρωπίνων
2931 2249 3185 2318 ἀμέτοχοι
3226 2248 3328 2319 τῆς
3374 2250 3618 2319 χάριτος,

2044 2338 2211 2408 ήγουν
2260 2337 2611 2408 ἀκοινώνητοι
2639 2355 2652 2368 ·
2685 2339 2834 2392 δοκεῖ
2860 2340 2966 2409 γὰρ
3013 2339 3301 2409 προσέχειν
3330 2342 3429 2394 καὶ
3460 2341 3621 2393 τοῦτο

2047 2431 2160 2491 τοῖς
2183 2429 2284 2498 τῆς
2324 2429 2652 2499 Ἐκκλησίας
2693 2431 2913 2500 θεσμοῖς
2950 2448 2965 2461 ο
3000 2433 3331 2501 προσείπατε
3363 2431 3462 2501 τὴν
3487 2432 3621 2501 παρ’

2045 2521 2174 2590 ὑμῖν
2205 2520 2572 2593 ἀδελφότητασ
2605 2521 2806 2591 ὐμᾶςή
2839 2523 2934 2576 σὺν
2958 2522 3087 2592 ἡμῖν
3120 2524 3178 2575 έν
3210 2522 3401 2593 Κυρίῳ
3439 2538 3616 2593 προσ-

2053 2610 2331 2680 αγορεύει.

2125 2699 2190 2752 Ἦ
2217 2707 2266 2753 α’
2300 2700 2541 2764 διάταξις
2590 2699 2683 2754 τοῦ
2712 2700 2780 2770 ιβ’
2827 2701 2934 2755 τίτ.
2968 2700 3059 2755 τοῦ
3104 2709 3153 2754 α’
3186 2701 3328 2771 βιϐλ.
3358 2701 3451 2754 τοῦ
3485 2700 3616 2754 κὼδ.

2045 2792 2230 2861 φησὶν,
2275 2793 2356 2845 ὅτι
2400 2794 2494 2844 ἐὰν
2537 2792 2787 2856 Ἰουδαῖος
2829 2793 2915 2845 διὰ
2960 2794 3019 2846 τὸ
3064 2797 3253 2862 φυγεῖν
3305 2793 3615 2863 ἐγκλημαῆ

2043 2883 2222 2954 χρέος,
2253 2881 2453 2953 θελήσῃ
2481 2884 2869 2954 χριστιανίσαι,
2899 2884 2958 2937 οὐ
2988 2884 3069 2937 δεῖ
3105 2885 3263 2937 αὐτὸν
3285 2884 3621 2954 προσδεχθῆ-

2044 2990 2151 3033 ναι,
2178 2972 2281 3034 ἓως
2311 2972 2376 3023 ἂν
2393 2973 2683 3036 ἀνεύθυνος
2710 2975 2875 3043 φανῇ,
2902 2974 2995 3026 καὶ
3023 2973 3082 3026 τὸ
3114 2974 3273 3042 χρέος
3296 2973 3579 3042 καταϐάλῃ
3596 2987 3614 3003 ·

2040 3063 2074 3131 ὴ
2099 3061 2154 3114 δὲ
2183 3067 2214 3113 ι’
2235 3060 2377 3114 διάτ.
2402 3061 2497 3114 τοῦ
2517 3067 2586 3115 ια’
2610 3062 2714 3118 τίτ.
2738 3061 2831 3114 τοῦ
2863 3066 2911 3113 α’
2934 3060 3074 3131 βιϐλ.
3105 3061 3247 3115 θέλει
3265 3062 3390 3125 τοὺς
3418 3062 3617 3130 Ἐλλη-

2041 3166 2136 3211 νας
2165 3148 2522 3219 βαπτίζεσθαι
2552 3149 2646 3203 καὶ
2676 3151 2741 3203 τὰ
2778 3149 2942 3203 τέκνα
2972 3151 3172 3214 αὐτῶν,
3203 3152 3373 3220 χωρὶς
3410 3152 3616 3204 ἀναϐο-

2038 3241 2157 3313 λῆς,
2189 3242 2362 3313 μικρὰ
2392 3243 2519 3295 ὅντα
2543 3258 2556 3273 °
2588 3243 2656 3295 τὰ
2698 3243 2754 3295 δὲ
2784 3241 2964 3294 τέλεια
2998 3242 3454 3314 προδιδάσκεσθαι
3479 3244 3617 3296 κατὰ

2038 3337 2164 3398 τοὺς
2198 3338 2428 3400 κανόνας
2461 3335 2559 3398 τὰς
2598 3336 2822 3407 Γραφάς
2843 3353 2857 3366 ·
2891 3335 3003 3406 ἡδὲ
3044 3341 3094 3404 γ’
3132 3336 3272 3389 διὰτ.
3303 3336 3400 3389 τοῦ
3430 3334 3476 3403 γ’
3510 3337 3613 3389 tit.

2037 3424 2145 3478 τῶν
2168 3424 2399 3494 νεαρῶν,
2430 3426 2521 3477 ἐπὶ
2542 3423 2741 3478 διετίαν
2763 3423 2904 3476 θέλει
2929 3424 3053 3487 τοὺς
3082 3423 3320 3487 τελείους
3345 3425 3616 3494 Σαμαρεί-

2037 3513 2136 3579 ⁵ἐἴας
2166 3517 2543 3586 κατηχεῖσθαι.

2112 3608 2361 3661 ΚΕΦΑΛ.
2394 3610 2476 3662 H'.
2499 3639 2568 3647 —
2586 3609 2725 3676 Περὶ
2748 3609 3096 3662 ἐπισκόπων
3124 3608 3161 3676 ἢ
3190 3606 3493 3675 κληρικῶν
3520 3606 3614 3659 δε-

2039 3700 2310 3769 χομένων
2334 3700 2652 3770 ,βάπτισμα
2689 3703 3016 3769 αἰρετικῶν.

2454 3794 2839 3846 Ἀποστόλων
2862 3791 3064 3845 κανὼν
3096 3797 3217 3861 pg’.

2114 3890 2235 3953 μς’.
2272 3884 2601 3936 Ἐπίσκοπον
2651 3885 2684 3954 ἢ
2724 3882 3096 3954 πρεσϐύτερον
3129 3880 3426 3952 αἱρετικῶν
3456 3880 3613 3946 δεξα-

2041 3975 2238 4044 μένους
2268 3975 2576 4045 βάπτισμα,
2620 3993 2673 4028 κ.
2707 3992 2759 4029 τ.
2788 3980 2838 4028 λ.

2109 4068 2359 4121 ΚΕΦΑΛ.
2387 4067 2466 4121 8’.
2498 4095 2568 4107 —-
2608 4066 2747 4135 Περὶ
2778 4066 2898 4119 τῶν
2941 4066 3011 4119 ἐν
3052 4065 3217 4130 νόσῳ
3258 4064 3613 4133 βαπτιζομέ-

2036 4177 2177 4217 rana

2272 4248 2543 4300 Συνόδου
2566 4246 3031 4314 Νεοκαισαρείας
3058 4245 3258 4297 κανὼν
3286 4242 3370 4314 ιβ’.

436 4364 560 4419 502.
594 4361 650 4419 Si
686 4365 810 4434 quis
844 4372 1115 4433 aegrotans
1139 4360 1303 4415 fuerit
1342 4360 1703 4426 illuminatus,
1727 4368 1811 4413 etc
1840 4367 1932 4422 ,ut

2115 4342 2203 4409 ιβ’.
2248 4341 2371 4394 Ἐὰν
2410 4340 2580 4393 νοσῶν
2606 4356 2688 4401 τις
2726 4340 2990 4407 φωτισθῇ,
3024 4356 3077 4392 κ.
3103 4355 3153 4390 τ.
3186 4336 3237 4391 λ.

364 4435 596 4506 pag.52.

715 4521 942 4577 Concilii
970 4520 1256 4574 Laodiceni
1292 4536 1461 4573 canon
1496 4518 1584 4574 47.

392 4620 395 4623 λ
437 4615 528 4669 4'7.
574 4614 727 4681 Quod
774 4623 1026 4685 Oporteat
1068 4630 1165 4669 eos
1209 4614 1302 4682 qui
1352 4613 1406 4666 in
1461 4610 1777 4683 azgritudine
1808 4618 1938 4677 etc.,

365 4714 421 4759 ut
454 4723 575 4776 pag.
612 4706 738 4761 615.

644 4798 871 4853 Concilii
896 4796 1327 4866 Carthaginensis
1356 4811 1526 4848 canon
1552 4792 1643 4847 45.

370 4888 441 4943 De
500 4889 876 4959 tegrotantibus
944 4889 1033 4958 qui
1084 4905 1178 4954 pro
1221 4902 1275 4940 se
1309 4885 1619 4955 respondere
1666 4900 1767 4939 non
1813 4900 1934 4954 pos-

1080 4983 1216 5027 sunt

433 5067 520 5123 45.
566 5066 639 5123 Ut
686 5076 1046 5138 aagrotantes,
1098 5066 1144 5119 si
1194 5080 1290 5134 pro
1340 5078 1399 5117 se
1444 5063 1777 5131 respondere
1824 5078 1932 5117 non

362 5167 595 5224 possunt
621 5150 657 5221 ,‘
683 5172 806 5212 cum
849 5153 1149 5209 voluntatis
1193 5168 1383 5207 eorum
1426 5151 1800 5205 testimonium
1849 5153 1933 5207 sui

360 5248 602 5314 periculo
632 5248 853 5317 proprio
878 5247 1149 5307 dixerint,
1190 5245 1545 5309 baptizentur.
1582 5241 1653 5297 Ut
1677 5241 1928 5306 scenicis,

362 5347 522 5406 atque
544 5338 905 5393 histrionibus
928 5335 1249 5405 czeterisque
1282 5335 1592 5406 hujusmodi
1618 5333 1865 5404 personis
1882 5334 1928 5365 ⁸⁷

361 5431 731 5486 reconciliatio
756 5446 864 5486 non
899 5438 1139 5499 negetur.

2316 4522 2585 4580 Συνόδου
2612 4522 2959 4587 Λαοδικείας
2992 4520 3191 4573 κανὼν
3220 4519 3327 4591 μζν.

2106 4616 2214 4687 μξ¹.
2253 4615 2374 4670 Ὀτι
2405 4616 2487 4668 δεῖ
2508 4614 2634 4678 τοὺς
2657 4615 2716 4668 ὲν
2746 4614 2908 4683 νόσῳ,
2934 4630 2988 4666 κ.
3015 4630 3067 4665 τ.
3097 4612 3148 4667 λ.

2278 4792 2548 4848 Συνόδου
2578 4791 2994 4860 Καρθαγέννης
3021 4790 3224 4843 κανὼν
3259 4794 3357 4859 με’.

2101 4884 2240 4953 Περί
2268 4883 2387 4939 τῶν
2428 4884 2847 4937 ἀσθενούντων
2864 4922 2880 4945 ,
2913 4882 3005 4935 καί
3036 4880 3186 4949 ὑπὲρ
3210 4881 3429 4935 ἑαυτῶν
3452 4879 3616 4932 ἀπο-

2032 4977 2341 5045 κρίνεσθαι
2373 4974 2459 5044 μὴ
2489 4974 2859 5043 δυναμένων.

2106 5074 2209 5137 με’.
2240 5068 2399 5119 Ὥστε
2430 5067 2555 5127 τοὺς
2600 5063 2979 5128 ἀσθενοῦντας,
3006 5063 3203 5125 οἵτινες
3227 5061 3363 5131 ὑπὲρ
3392 5059 3616 5112 ἑαυτῶν

2034 5155 2428 5227 ἀποκρίνεσθαι
2465 5154 2525 5208 οὐ
2544 5155 2819 5218 δύνανται,
2850 5153 2971 5205 τότε
3005 5150 3386 5221 βαπτίζεσθαι,
3411 5149 3493 5201 ὅτε
3530 5150 3608 5217 τῇ

2034 5252 2213 5306 αὐτῶν
2235 5249 2553 5321 προαιρέσει
2581 5249 2681 5319 τὴν
2720 5248 2847 5319 περὶ
2874 5245 3051 5301 αὐτῶν
3085 5247 3389 5319 μαρτυρίαν
3420 5241 3614 5296 κινδύ-

2032 5362 2109 5415 νῳ
2140 5344 2255 5413 ἰδίῳ
2284 5343 2531 5396 εἴπωσιν.

431 5631 477 5662 ⁸⁸
519 5630 765 5698 Rom..n|.
816 5627 901 5681 l9.
980 5627 1023 5659 ³⁷
1054 5627 1164 5680 Aut
1192 5621 1450 5692 apostatis
1501 5623 1887 5689 paenitentibus
1937 5632 1991 5680 et
2036 5622 2102 5677 ad
2143 5622 2309 5676 Deum
2346 5618 2650 5675 conversis.
