3842 6224
161 261 171 271 ’
237 266 327 334 621
1098 263 1498 327 SYNTAGMA
1530 260 1918 323 CANONUM.
1954 286 2023 297 —
2046 261 2195 320 Tl'i‘.
2235 262 2333 335 1v,
2371 264 2529 324 CAP.
2568 265 2669 327 v1.
3344 268 3456 330 522

2430 376 2689 432 Timothei
2720 395 2886 432 canon
2920 378 2970 433 4.

1962 466 2337 538 Interrogatio.
2397 470 2454 523 Si
2503 472 2628 539 quis
2658 471 3110 537 catechumcnus,
3162 487 3285 527 cum
3321 486 3466 530 essvt

1893 553 2161 618 intlrmus,
2201 564 2396 609 emotae
2429 557 2630 612 mentis
2674 555 2853 613 factus
2882 558 2973 623 sit,
3012 573 3111 613 nec
3149 560 3322 629 possit
3352 562 3468 631 ipse

1893 646 2051 700 [idem
2107 646 2377 712 conﬁteri,
2444 649 2640 717 suique
2684 650 2971 712 suadeant,
3029 660 3093 705 ut
3141 651 3468 707 donecvivit

1891 746 2139 791 sanctum
2168 737 2497 808 baptismum
2521 740 2773 809 accipiat,
2808 740 3035 797 debetac
3075 742 3342 812 accipere,
3372 759 3470 797 an-

1893 845 2000 882 non
2025 830 2050 882 ’ἴ

1969 920 2127 991 160
2148 920 2458 989 Responsio.
2492 922 2658 977 Debet
2693 926 2961 994 accipere,
3012 926 3057 979 si
3100 941 3208 981 non
3255 926 3325 981 ab
3365 926 3470 979 im-

1896 1014 2100 1065 mundo
2136 1013 2331 1080 spiritu
2371 1014 2632 1068 tentetur.

1966 1104 2117 1157 CAP.
2152 1103 2218 1160 Χ.
2255 1137 2324 1146 -
2355 1110 2429 1160 De
2460 1108 2733 1174 baptizata
2759 1109 2885 1161 dum
2914 1118 3118 1163 uterum
3152 1111 3307 1181 gerit.

2224 1196 2447 1252 Concilii
2472 1197 2892 1255 Neocwsarensis
2915 1218 3082 1253 canon
3111 1202 3165 1255 6.

297 1305 368 1362 ς’.
417 1297 554 1369 Περὶ
592 1296 966 1368 κυοφορούσης
1008 1298 1091 1350 ὅτι
1131 1299 1211 1351 δεῖ
1261 1295 1592 1367 φωτίζεσθαι
1620 1295 1795 1364 ,ὁπότε

1969 1288 2020 1342 6.
2054 1287 2126 1343 De
2160 1305 2221 1344 ea
2251 1307 2371 1360 quae
2418 1301 2629 1345 uterum
2670 1296 2831 1363 gerit,
2883 1295 3025 1363 quod
3058 1309 3177 1347 eam
3231 1303 3480 1363 oporteat

235 1388 470 1458 βούλεται
505 1403 520 1418 ο
557 1387 712 1440 οὐδὲν
740 1386 851 1457 γὰρ
882 1388 942 1440 ἐν
974 1385 1148 1457 τούτῳ
1181 1388 1430 1439 κοινωνεῖ
1461 1388 1493 1456 ἡ
1537 1386 1799 1439 τίκτουσα

1964 1378 2200 1430 uminari
2229 1382 2449 1447 quando
2492 1382 2618 1434 velit
2648 1400 2660 1435 :
2697 1398 2873 1452 neque
2896 1384 3043 1438 enim
3072 1400 3132 1437 ea
3161 1399 3282 1452 quae
3313 1385 3476 1453 parit,

232 1480 303 1550 τῷ
336 1479 662 1548 τικτομένῳ,
697 1478 787 1531 διὰ
807 1478 871 1530 τὸ
903 1479 1136 1532 ἑκάστου
1174 1478 1311 1531 ἰδίαν
1343 1477 1443 1549 τὴν
1473 1477 1799 1550 προαίρεσιν

1955 1483 2024 1519 Im
2058 1468 2166 1522 fetu
2197 1471 2289 1538 qui
2327 1470 2558 1539 paritur,
2598 1487 2658 1527 ea
2710 1471 2764 1525 in
2801 1486 2857 1525 re
2892 1472 3053 1527 habet
3097 1472 3302 1543 aliquid
3334 1488 3484 1527 com-

233 1571 322 1643 τὴν
352 1570 446 1624 ἐπὶ
485 1572 552 1640 τῇ
591 1570 855 1641 ὁμολογίᾳ
879 1569 1215 1623 δείκνυσθαι.

1962 1576 2086 1628 une,
2121 1563 2265 1631 quod
2298 1563 2576 1633 proprium
2621 1565 3057 1635 uniuscujusque
3085 1567 3394 1621 institutum
3422 1581 3486 1621 ac

1904 1650 2245 1719 pr0positum
2279 1653 2333 1705 in
2365 1651 2712 1708 confessione
2747 1654 3087 1710 Ostendatur.

299 1750 490 1804 Καίτοι
531 1749 590 1801 ἐν
641 1746 719 1818 τῷ
750 1753 798 1800 α’
829 1747 935 1815 διγ.
965 1747 1059 1800 τοῦ
1092 1747 1134 1800 δ’
1164 1747 1269 1800 τίτ.
1297 1745 1390 1799 τοῦ
1425 1746 1505 1800 κε’
1533 1744 1673 1814 βιϐλ.
1693 1746 1801 1797 τῶν

1983 1716 2198 1795 Textus.
2232 1741 2557 1812 Quanquam
2592 1745 2645 1797 in
2682 1746 2896 1815 Digesto
2928 1746 2979 1812 t,
3016 1749 3100 1801 tit.
3126 1749 3178 1814 4,
3221 1747 3316 1802 lib.
3354 1763 3484 1811 xxv.

232 1840 335 1908 διγ.
397 1838 574 1909 φησὶ,
636 1838 727 1891 τὸν
787 1838 1223 1907 κυοφορούμενον
1284 1838 1450 1909 μέρος
1507 1833 1646 1891 εἶναι
1701 1837 1802 1907 τῆς

1955 1833 2017 1903 ig.
2068 1834 2284 1888 dicatur
2346 1845 2561 1904 partum
2603 1852 2725 1891 esse
2763 1838 3065 1905 portionem
3117 1840 3484 1910 praegnantis:

234 1931 461 2000 ἐγκύου·
506 1933 566 1984 ἐν
616 1930 674 1984 δὲ
724 1928 755 1983 ι’
803 1933 912 1999 διγ.
946 1932 1039 1983 τοῦ
1070 1931 1118 1998 γ’
1141 1931 1246 1985 τίτ.
1288 1929 1381 1982 τοῦ
1435 1927 1524 2000 μα’
1568 1927 1711 1998 βιϐλ.
1758 1927 1800 1980 ν’

1955 1943 1957 1974 |
2009 1921 2230 1992 Digesto
2284 1932 2465 1978 tamen
2518 1927 2603 1979 10.
2642 1925 2724 1978 ιίι.
2764 1925 2817 1991 3,
2864 1927 2957 1981 li-b.
3007 1944 3173 1982 xxxxt
3210 1938 3263 1983 et
3304 1930 3396 1983 lib.
3432 1946 3487 1995 L,

235 2022 334 2076 τίτ.
358 2028 433 2085 ις’
468 2021 579 2089 δίγ.
614 2026 727 2086 κς’,
769 2020 850 2072 ὅτι
876 2017 937 2073 τὺ
964 2018 1399 2090 κυοφορούμενον
1432 2018 1533 2072 οὐκ
1556 2018 1672 2071 ἐστι
1704 2018 1801 2088 μέ·-

1955 2022 1990 2066 t.
2032 2014 2119 2078 16,
2154 2016 2352 2085 digest.
2380 2017 2473 2080 9.6,
2501 2018 2646 2086 quod
2675 2028 2863 2087 partus
2892 2035 3019 2087 pars
3041 2021 3233 2075 matris
3256 2038 3365 2076 non
3392 2025 3485 2077 sit.

238 2132 323 2183 ρος
360 2115 461 2183 τῆς
493 2113 705 2183 μητρός
740 2130 753 2144 ·
782 2111 874 2165 καὶ
902 2110 1038 2166 ἄλλα
1085 2112 1143 2164 δὲ
1175 2111 1408 2181 διάφορα
1431 2110 1639 2181 νόμιμα
1673 2110 1804 2180 περὶ

1958 2122 2111 2160 erum
2149 2108 2255 2161 alia
2282 2108 2447 2162 etiam
2483 2111 2587 2165 hac
2608 2111 2674 2164 de
2708 2110 2813 2183 [re]
2838 2112 3053 2166 diversa
3080 2113 3203 2183 jura
3254 2114 3309 2168 in
3342 2114 3485 2169 libro

691 380 971 451 Τιμοθέου
1010 381 1213 435 κανὼν
1234 381 1294 434 δ’.
1817 383 1859 437 Λ

308 474 629 546 Ἐρώτησις.
680 475 805 529 Ἐάν
843 491 928 537 τις
964 474 1369 543 κατηχούμενος
1401 470 1645 526 ἀσθενῶν
1695 471 1786 538 γέ-

232 586 373 641 νηται
408 568 695 637 ἐκφρενὴς,
729 566 823 618 καὶ
875 566 950 635 μὴ
976 564 1200 635 δύνηται
1227 564 1407 635 ἐαυτῷ
1455 561 1786 633 ὁμολογῆσαι

232 664 319 732 τὴν
346 661 543 725 πίστιν,
574 660 670 713 καὶ
689 656 1102 729 παρακαλοῦσιν
1128 658 1177 710 oi
1212 656 1335 709 ίδιοι
1369 653 1535 709 αὐτοῦ
1568 656 1655 707 ἵνα
1680 654 1787 707 ·λά-

233 753 295 823 ϐῃ
333 751 388 803 τὸ
431 750 588 818 ἅγιον
630 748 912 819 βάπτισμα
952 747 1059 810 ἓως
1110 746 1197 816 ζῇ,
1230 746 1278 798 εί
1319 744 1526 815 ὀφείλει
1564 743 1786 808 λαϐεῖν,

288 842 383 908 οὓς

232 847 262 915 ἢ
288 847 658 1000 (indeptum.
700 931 935 1000 Ὀφείλει
964 930 1164 998 λαϐεῖν,
1185 931 1281 985 ἐὰν
1305 929 1380 1002 μὴ
1416 927 1519 983 ὗπδ
1544 926 1792 997 πνεύμα-

232 1042 313 1087 τος
338 1023 642 1094 ἀκαθάρτου
676 1023 1029 1094 πειράζηται.

295 1114 536 1168 ΚΕΦΑΛ.
597 1116 655 1166 l'.
685 1144 756 1152 —
788 1113 929 1179 Περὶ
957 1111 1063 1178 τῆς
1087 1112 1307 1180 ἐγκύου
1328 1108 1789 1179 βαπτιζομένης.

452 1205 724 1285 Evr-660v
750 1206 1221 1271 Νεοκαισαρείας
1252 1203 1453 1257 κανὼν
1479 1210 1554 1269 ς’.

236 2206 413 2260 τούτου
444 2208 753 2275 συνήγαγον
783 2206 840 2258 ἐν
860 2203 937 2276 τῷ
963 2207 1185 2273 φανέντι
1210 2220 1299 2274 μοι
1323 2204 1452 2274 περὶ
1483 2204 1805 2269 ἐναντιοφα-

248 2299 335 2351 δῶν
371 2297 694 2368 μονοϐίϐλῳ.

304 2391 555 2443 ΚΕΦΛΛ.
610 2391 714 2442 ιΑν.
765 2418 835 2429 --
885 2386 1024 2454 Περὶ
1072 2388 1181 2443 τοῦ
1230 2389 1497 2457 ὀφείλειν
1546 2387 1691 2457 μετὰ
1740 2386 1807 2440 τὸ

238 2484 400 2553 ἄτιον
422 2482 744 2549 βάπτισμα
772 2482 1065 2549 χρίεσθαι.

512 2575 562 2625 Σ
570 2571 787 2625 υνόδου
810 2572 1158 2637 Λαοδικείας
1182 2571 1382 2624 κανὼν
1413 2575 1525 2640 μη’.

307 2669 415 2733 μη’.
451 2662 576 2715 ’Ὁτι
606 2662 688 2715 δεῖ
730 2661 859 2724 τοὺς
895 2661 1334 2732 φωτιζομένους,
1366 2660 1506 2731 μετὰ
1531 2659 1594 2715 τὸ
1620 2658 1816 2730 βάπτιοι

1908 2212 2052 2265 meo,
2088 2198 2156 2253 de
2189 2200 2242 2253 in
2272 2202 2513 2271 speciem
2549 2204 2864 2269 contrariis,
2897 2205 3163 2274 singulari
3186 2206 3401 2278 collegi.

1980 2396 2133 2452 CAP.
2168 2397 2257 2452 XI.
2290 2429 2357 2439 -
2390 2400 2544 2464 Quod
2578 2402 3031 2472 postbaptismum
3059 2404 3179 2472 ﬁeri
3202 2405 3379 2459 unctio
3403 2405 3495 2460 de—

1914 2487 2050 2540 beat.

2276 2578 2507 2634 Concilii
2537 2579 2824 2636 Laodiceni
2850 2601 3018 2638 canon
3050 2584 3142 2639 48.

1985 2673 2074 2727 48.
2101 2672 2329 2743 Oportet
2350 2690 2443 2730 eos
2479 2677 2571 2746 qui
2624 2677 3023 2742 illuminantur,
3065 2687 3187 2747 post
3227 2676 3499 2746 baptisma

243 2769 348 2822 σμα
402 2752 657 2824 χρίεσθαι
706 2753 972 2824 χρίσματι
1026 2753 1363 2825 ἐπουρανίῳ,
1406 2753 1505 2808 καὶ
1550 2752 1814 2823 μετόχους

1955 2767 2103 2837 ιυηεί
2134 2783 2299 2837 super
2327 2767 2539 2822 caelesti
2572 2767 2869 2823 chrismate
2901 2781 2956 2824 et
2996 2785 3117 2826 esse
3155 2772 3310 2843 regni
3339 2768 3500 2826 Chri-

239 2842 369 2901 εἶναι
390 2847 488 2916 τῆς
523 2847 803 2917 βασιλείας
832 2848 927 2901 τοῦ
951 2848 1211 2919 Χριστοῦ.

308 2938 561 2993 ΚΕΦΑΛ.
592 2937 693 2994 IB'.
735 2967 804 2979 —
834 2939 975 3009 Περὶ
1013 2939 1126 3009 τῆς
1162 2939 1464 3010 ποιήσεως
1505 2940 1614 2996 τοῦ
1640 2942 1815 3011 ἁγίου

243 3030 597 3098 χρίσματος.

517 3122 788 3177 Συνόδου
817 3122 1238 3194 Καρθαγέννης
1274 3123 1474 3177 κανὼν
1495 3122 1570 3185 ς’.

310 3220 381 3275 ς’.
418 3214 604 3268 Ὥστε
635 3215 862 3284 χρίσμα
907 3216 1028 3271 ἀπὸ
1076 3215 1497 3285 πρεσϐυτέρων
1536 3214 1623 3286 μὴ
1660 3218 1819 3285 τίνε-

244 3307 398 3362 σθαι.

316 3395 388 3462 ς’.
415 3397 786 3469 Φορτουνάτος
822 3397 1121 3461 ἐπίσκοπος
1153 3395 1324 3462 εἶπεν,
1344 3417 1398 3453 κ.
1418 3416 1471 3451 τ.
1493 3398 1541 3450 λ.
1571 3413 1731 3468 usque
1755 3397 1824 3451 ad

248 3492 404 3545 πᾶσιν
428 3491 677 3563 ἀρέσκει.

315 3587 569 3638 ΚΕΦΑΛ.
624 3585 719 3639 1Γ’.
750 3614 821 3625 —
855 3586 995 3653 "apt
1041 3586 1162 3639 τῶν
1199 3586 1294 3651 δὶς
1345 3586 1385 3656 ἣ
1429 3586 1514 3658 μὴ
1567 3587 1827 3655 δεόντως

243 3674 708 3746 βαπτιζομένων,
739 3676 838 3729 καὶ
864 3674 984 3729 τῶν
1007 3676 1149 3743 τοὺς
1169 3678 1408 3743 ἀσεϐεῖς
1417 3678 1502 3747 μὴ
1512 3677 1829 3743 ,βαπτίζον-

251 3784 380 3823 των.
578 3836 956 3892 Ἀποστόλων
978 3839 1181 3894 κανὼν·
1209 3841 1320 3911 με’,
1351 3838 1463 3910 μη’,
1496 3848 1557 3894 ν’.

320 3929 425 4000 μζ’.
444 3929 781 3994 Ἐπίσκοπος
806 3931 838 4001 ἢ
865 3933 1258 4003 πρεσϐύτερος,
1284 3934 1375 3986 τὸν
1400 3935 1542 3988 κατά
1570 3934 1830 4005 ἀλήθειαν

248 4021 434 4093 ἔχοντα
468 4023 775 4093 βάπτισμα,
805 4024 899 4077 ἐὰν
928 4024 1136 4077 ἄνωθεν
1161 4024 1401 4098 βαπτίσῃ
1425 4068 1440 4091 ,
1475 4026 1508 4094 ἢ
1532 4025 1624 4079 τὸν
1657 4043 1829 4097 μεμο-

250 4113 514 4184 λυσμένον
568 4113 725 4184 παρὰ
784 4110 892 4167 τῶν
947 4115 1183 4180 ἀσεϐῶν,
1232 4116 1327 4169 ἐὰν
1360 4117 1433 4188 μὴ
1460 4117 1827 4189 ἁναϐαπτίσῃ,

251 4207 642 4278 καθαιρείσθω,
664 4206 739 4271 ὠς
769 4206 941 4275 γελῶν
964 4207 1053 4260 τὸν
1088 4208 1323 4277 σταυρὸν
1350 4210 1445 4263 καὶ
1473 4210 1565 4263 τὸν
1592 4209 1687 4263 τοῦ
1722 4211 1834 4262 Κυ-

252 4299 364 4368 ρίου
391 4299 647 4366 θάνατον,
702 4300 793 4352 καὶ
822 4299 895 4370 μὴ
916 4299 1212 4370 διακρίνων
1257 4301 1437 4371 ίερέας
1475 4301 1829 4372 ψευδιερέων.

1918 2859 1987 2914 sti
2020 2859 2333 2927 participes.

1990 2947 2143 3005 CAP.
2179 2949 2294 3005 XII.
2323 2980 2396 2990 —
2426 2950 2503 3005 De
2529 2953 2702 3006 sancti
2725 2953 3028 3009 chrismatis
3062 2955 3407 3025 confectione.

2220 3126 2445 3182 Concilii
2489 3128 2921 3200 Cart/zaginensis
2956 3149 3126 3187 canon
3163 3134 3218 3188 6.

2165 3219 2233 3274 Ut
2266 3221 2495 3275 chrisma
2537 3240 2570 3275 a
2622 3224 2938 3294 presbyteris
2985 3242 3088 3279 non
3115 3227 3236 3295 ﬁat.

1997 3396 2050 3451 6;
2085 3395 2418 3451 Fortunatus
2446 3395 2737 3465 episcopus
2757 3398 2913 3464 dixit,
2935 3409 3065 3466 ctc.,
3090 3417 3254 3472 usque
3279 3404 3350 3457 ad
3381 3418 3503 3459 om-

1929 3485 2092 3540 nibus
2127 3485 2320 3554 placet.
2353 3494 2410 3537 ut
2445 3501 2569 3555 pag.
2602 3484 2724 3541 562.

2010 3581 2162 3652 161
2190 3580 2340 3636 CAP.
2370 3578 2583 3635 Xlll.—
2605 3580 2682 3635 De
2708 3582 2776 3635 iis
2794 3584 2882 3653 qui
2908 3583 3007 3651 bis,
3038 3586 3117 3639 vel
3137 3602 3239 3640 non
3262 3587 3362 3641 rite
3388 3587 3504 3657 fue—

1932 3683 2053 3727 runt
2095 3672 2378 3741 baptizati,
2408 3681 2457 3726 et
2492 3672 2557 3727 de
2585 3672 2654 3726 iis
2689 3674 2777 3743 qui
2813 3675 3079 3745 impietate
3118 3679 3507 3733 contaminatos

1932 3778 2035 3815 non
2067 3762 2362 3830 baptizant.

2220 3855 2587 3923 Apostolorum
2621 3872 2843 3912 canones
2883 3858 2975 3921 47,
3022 3858 3111 3925 48,
3139 3860 3228 3915 50.

2002 3948 2093 4003 «t7.
2131 3946 2247 4021 [46]
2280 3947 2608 4019 Episcopus,
2660 3950 2748 4005 vel
2788 3953 3067 4023 presbyter
3105 3970 3230 4007 eum
3263 3954 3357 4023 qui
3421 3969 3512 4008 vc-

1934 4038 1993 4093 re
2015 4038 2177 4094 habet
2216 4039 2573 4109 baptismum,
2600 4042 2646 4096 si
2681 4042 2749 4096 de
2773 4043 2986 4113 integro
3026 4044 3402 4114 baptizaverit,
3426 4046 3513 4098 vel

1936 4130 1981 4183 si
2008 4145 2133 4185 eum
2163 4130 2253 4201 qui
2275 4132 2345 4186 ab
2384 4132 2570 4202 impiis
2599 4133 2839 4202 pollutus
2860 4144 2964 4199 est,
2991 4151 3098 4190 non
3130 4136 3509 4205 baptizaverit,
3550 4166 3562 4179 -

1935 4222 2258 4291 deponatur,
2284 4232 2342 4277 ut
2391 4225 2484 4293 qui
2526 4224 2751 4281 irrideat
2790 4236 3020 4283 mortem
3073 4236 3127 4281 et
3156 4241 3372 4282 crucem
3407 4228 3515 4281 Do-

1937 4314 2096 4379 mini,
2151 4322 2205 4368 et
2264 4329 2372 4368 non
2405 4315 2684 4371 discernat
2727 4332 2887 4372 veros
2920 4317 3233 4373 Sacerdotes
3270 4334 3302 4373 a
3358 4318 3516 4375 falsis

251 4390 344 4457 (Τὸ
376 4392 625 4445 τοιοῦτον
680 4391 755 4454 ὡς
801 4393 877 4461 μὴ
901 4391 977 4462 τῷ
1008 4409 1133 4461 κειρ.
1172 4395 1397 4465 συνᾷδον
1421 4436 1436 4460 ,
1488 4396 1588 4448 οὐκ
1627 4395 1819 4463 ὀφείλει

1955 4405 2342 4461 sacerdotibus.

250 4482 737 4549 ἀναγινώσκεσθαι.
768 4481 861 4536 Est
886 4485 1166 4539 minutiore
1200 4487 1377 4540 tittera
1405 4487 1460 4540 in
1487 4486 1626 4557 cod.)

314 4571 426 4643 μη’.
462 4574 533 4625 Εἴ
571 4590 654 4635 τις
690 4573 874 4637 λαῖκὸς
900 4576 1003 4644 τὴν
1036 4576 1230 4630 ἑαυτοῦ
1272 4580 1507 4645 γυναῖκα
1561 4577 1829 4643 ἐκϐαλὼν,

249 4664 440 4735 ἑτέραν
469 4664 651 4732 λάϐοι,
678 4665 711 4735 ἢ
745 4667 894 4737 παρὰ
925 4667 1086 4721 ἄλλου
1115 4669 1544 4740 ἀπολελυμένην,
1578 4671 1834 4739 ἀφοριζέ-

251 4755 381 4812 σθω.

320 4856 386 4905 ν’.
411 4850 483 4903 Εῐ
505 4866 595 4913 τις
618 4849 919 4915 ἐπίσκοπος
945 4852 977 4922 ἣ
1010 4853 1403 4925 πρεσϐύτερος,
1448 4854 1588 4907 κατὰ
1612 4853 1709 4923 τὴν
1737 4850 1831 4905 τοῦ

248 4940 455 5013 Κυρίου
509 4942 776 5006 διάταξιν,
835 4944 908 5015 μὴ
940 4944 1191 5013 βαπτίσει
1238 4948 1319 5009 είς
1350 4946 1589 5015 Πατέρα,
1618 4963 1669 4999 κ.
1697 4963 1746 4999 τ.
1776 4946 1827 4999 λ.

250 5049 407 5102 usque
445 5033 517 5085 ad
547 5032 641 5085 τοῦ
669 5034 825 5101 ἁγίου
849 5035 1184 5106 Πνεύματος,
1218 5056 1269 5091 κ.
1301 5056 1354 5091 τ.
1390 5038 1441 5093 λ.

319 5126 458 5195 Περὶ
492 5123 603 5177 τῶν
641 5125 1120 5191 ἀναϐαπτιζόντων
1172 5129 1267 5183 καὶ
1308 5129 1831 5199 ἁναϐαπτιζομένων

249 5203 612 5287 διαλαμϐάνει
660 5219 693 5287 ἡ
737 5218 787 5269 α’
829 5220 921 5271 καὶ
965 5219 1074 5290 ήβ¹
1121 5219 1260 5274 διάτ.
1309 5220 1404 5274 τοῦ
1447 5221 1629 5285 ς’τίτ.
1657 5221 1750 5274 τοῦ
1785 5220 1834 5275 α’

254 5308 392 5377 βιὸλ.
422 5307 521 5361 τοῦ
556 5308 788 5379 κώδ.ιἩ
822 5312 919 5380 μὲν
947 5312 1057 5381 γὰρ
1098 5312 1175 5383 τῷ
1206 5314 1488 5382 ἐπισκόπῳ
1516 5313 1834 5386 καθαίρεσιν

251 5402 470 5469 ἐπάγει,
519 5403 554 5471 ή
590 5402 645 5455 δὲ
689 5402 925 5472 ἐσχάτην
958 5407 1232 5476 τιμωρίαν
1265 5405 1341 5476 τῷ
1379 5406 1708 5476 βαπτίσαντι
1739 5408 1833 5460 καὶ

251 5491 326 5562 τῷ
375 5492 754 5562 βαπτισθέντι,
814 5492 866 5547 ει
932 5512 995 5563 γε
1054 5495 1270 5566 ἡλικίας
1330 5497 1446 5550 ἐστὶ
1504 5497 1832 5567 δεκατικῆς,

251 5585 635 5655 ἐγκλήματος,
683 5586 921 5656 γίνωσκε
965 5587 1020 5640 δὲ
1064 5589 1145 5643 ὃτι
1188 5590 1218 5643 ὁ
1250 5592 1316 5661 τῇ
1358 5590 1469 5663 ἦϐῃ
1494 5590 1831 5661 πλησιάζων,

253 5676 337 5729 ἐπ’
372 5676 606 5749 οὐδεμιᾷ
653 5679 802 5751 αἰτίᾳ
846 5680 1152 5752 βοηθεῖται,
1204 5681 1280 5746 ὡς
1328 5682 1469 5753 βιϐλ.
1519 5681 1601 5735 κθ¹
1638 5683 1744 5735 τίτ.
1796 5689 1837 5734 ε’

2013 4584 2083 4637 48
2140 4584 2255 4657 [47]
2312 4584 2366 4638 Si
2414 4586 2538 4654 quis
2580 4586 2754 4641 laicus
2806 4603 2903 4641 sua
2938 4587 3109 4657 ejecta
3146 4604 3317 4644 uxore
3355 4588 3515 4644 aliam

1941 4678 2325 4749 acceperit,vcl
2361 4678 2429 4732 ab
2463 4678 2570 4733 alio
2598 4679 2855 4745 solutam,
2885 4688 3220 4751 segregetur.

2010 4858 2079 4911 50
2110 4855 2251 4929 [49].
2287 4855 2343 4912 Si
2371 4855 2499 4926 quis
2523 4856 2815 4924 episcopus
2842 4862 2970 4917 etc.,
2996 4871 3156 4925 usque
3177 4855 3245 4907 ad
3278 4852 3510 4922 Spiritus

1941 4952 2131 5016 sancti,
2170 4959 2229 5003 ut
2259 4966 2423 5019 supra
2450 4965 2573 5019 pag.
2603 4948 2730 5003 442.

2017 5133 2230 5184 Textus.
2258 5128 2334 5183 De
2362 5128 2430 5183 iis
2467 5127 2559 5197 qui
2598 5126 2933 5195 rebaptizant
2976 5133 3032 5179 et
3088 5124 3516 5193 rebaptizantur,

1945 5230 2180 5277 tractant
2206 5222 2260 5287 1,
2295 5230 2348 5275 et
2372 5220 2428 5283 2,
2466 5227 2644 5274 const.
2681 5217 2790 5289 [tit.
2828 5214 2908 5288 6.]
2935 5216 3029 5270 lib.
3055 5231 3093 5279 ι,
3126 5215 3247 5270 cod.
3278 5231 3514 5286 quarum

1942 5314 2033 5368 illa
2065 5312 2324 5381 episcopo
2356 5311 2716 5379 dejectionem
2748 5308 2801 5380 [a
2830 5305 3198 5379 sacerdotio]:
3234 5307 3350 5362 haec
3388 5323 3519 5362 vero

1946 5403 2210 5477 [utrique]
2252 5415 2305 5458 ct
2354 5404 2447 5474 qui
2498 5402 2816 5472 baptizavit,
2860 5409 2913 5454 ot
2943 5401 3036 5470 qui
3075 5399 3385 5469 baptizatus
3413 5407 3518 5465 est,

1944 5500 1990 5552 si
2020 5506 2201 5551 tamen
2260 5496 2507 5552 criminis
2539 5511 2635 5564 per
2670 5502 2883 5551 aetatem
2912 5507 3081 5562 capax
3132 5493 3225 5556 sit,
3267 5490 3522 5546 ultimum

1945 5589 2272 5660 supplicium
2303 5589 2533 5643 inducit.
2563 5586 2719 5641 Scias
2754 5600 2905 5646 vero.
2942 5585 3085 5655 quod
3116 5584 3211 5654 qui
3246 5582 3521 5654 pubertati

1948 5681 2372 5753 appropinquat,
2423 5680 2474 5737 ci
2517 5680 2574 5736 in
2619 5679 2768 5734 nulla
2807 5692 2975 5735 causa
3011 5677 3408 5733 subveniatur:
3461 5684 3521 5729 ut
