3912 6244
346 294 452 359 623

1488 282 1748 342 PHOTII
1785 282 2281 342 PATRIARCHIE
2316 282 2424 343 CP.

3469 276 3575 338 624

344 404 436 458 lib.
476 416 626 465 χιιι,
662 399 743 454 tit.
785 399 838 463 5,
872 397 1066 467 digest.
1119 396 1205 450 Μ.
1243 392 1546 465 [traditur.]
1600 393 1694 448 Est
1729 404 1902 445 autem

2017 392 2119 460 δίγ.
2183 393 2278 444 ιδ’⁶
2336 393 2453 444 ἐστι
2489 391 2548 444 δὲ
2582 390 2714 462 ἥϐη,
2763 390 2857 444 ἐπὶ
2899 390 2998 461 μὲν
3037 387 3130 443 τοῦ
3175 389 3423 460 ἄρρενος,
3455 392 3483 443 ὁ
3511 387 3573 442 ιδ’

342 496 598 564 pubertas
632 494 685 547 in
715 491 957 545 masculo
1001 489 1246 543 decimus
1280 495 1510 555 quartus
1536 500 1721 538 annus
1749 498 1901 537 com-

345 586 544 655 pletus,
592 585 642 638 in
697 582 899 636 femina
947 594 1077 635 vero
1129 578 1286 647 162
1334 578 1443 630 duo
1502 575 1784 629 decimus:
1847 582 1906 626 ut

346 678 438 729 lib.
470 690 658 737 xxvnt,
698 675 779 727 tit.
820 672 871 734 1,
908 672 1102 740 digest.
1140 671 1193 732 5,
1235 679 1289 722 et
1330 668 1423 721 lib.
1465 668 1587 720 cod.
1617 667 1671 729 5,
1702 667 1781 719 tit.
1814 664 1901 729 60,

342 773 514 819 const.
547 763 602 828 ὅ,
637 761 714 833 [et
736 759 857 831 lib.]
890 760 1061 813 instit.
1095 759 1147 821 l,
1183 759 1264 811 tit.
1308 757 1398 819 22,
1433 752 1697 827 [doeenL]
1750 754 1905 819 Quod

342 855 386 908 si
415 853 707 922 aliquibus,
745 852 919 905 donec
968 849 1202 919 puberes
1230 848 1380 913 tiant,
1426 846 1683 899 alimenta
1726 845 1905 913 legata

341 944 487 997 sint:
519 942 818 1004 masculus,
857 940 1029 993 donec
1082 938 1350 993 decimum
1400 944 1651 990 octavum
1700 948 1903 988 annum

340 1034 728 1103 compleverit:
787 1031 1007 1094 femina,
1059 1030 1233 1084 donec
1280 1027 1560 1082 decimum
1625 1036 1902 1095 quartum,

342 1124 602 1193 percipit:
650 1133 710 1176 ut
742 1123 838 1175 lib.
885 1136 1069 1181 sxxnv,
1100 1121 1181 1173 tit.
1214 1119 1266 1172 l.
1316 1117 1535 1189 [digest.
1574 1117 1660 1171 Η.
1697 1114 1903 1185 babet.]

340 1215 589 1289 lmpubes
613 1212 810 1268 falsum
834 1230 937 1267 non
954 1212 1269 1267 committit:
1294 1222 1351 1264 ut
1376 1210 1469 1264 lib.
1490 1225 1680 1272 XLVIII,
1707 1209 1789 1262 tit.
1816 1207 1904 1273 10,

340 1308 533 1375 digest.
565 1305 658 1358 22.
701 1304 1042 1358 Adulterium
1083 1316 1204 1371 post
1238 1303 1574 1370 pubertatem
1613 1299 1906 1353 committi-

343 1409 469 1453 tur:
506 1408 566 1451 ut
613 1400 806 1466 digest.
842 1397 930 1459 '56,
965 1397 1049 1449 tit.
1085 1394 1139 1458 5,
1165 1394 1406 1463 ejusdem
1450 1391 1761 1454 XLVlll,llb.
1795 1389 1905 1443 No-

340 1489 476 1543 vella
529 1503 734 1549 xxxvii,
768 1503 889 1556 quae
939 1486 1006 1539 de
1050 1485 1308 1539 Ecclesiis
1363 1481 1638 1536 Africanis
1685 1490 1905 1545 tractat,

2005 484 2245 547 ἐνιαυτὸς
2275 484 2704 555 πεπληρωμένος
2739 499 2751 511 ·
2783 484 2875 536 ἐπὶ
2900 482 2956 534 δὲ
2980 484 3078 552 τῆς
3099 481 3339 549 θηλείας,
3370 481 3406 551 ἠ
3438 496 3575 548 συμ-

2005 578 2284 647 πλήρωσις
2312 578 2405 631 τοῦ
2436 577 2502 646 ιβ’
2542 576 2785 630 ἐνιαυτοῦ
2809 616 2825 639 ,
2855 577 2930 639 ὡς
2968 575 3104 645 βιϐλ.
3141 581 3226 644 κη’
3252 573 3356 628 τίτ.
3390 581 3439 626 α’
3465 574 3571 641 δίγ.

2005 675 2068 733 ε’,
2097 670 2192 721 καὶ
2226 668 2365 738 βιϐλ.
2391 668 2485 721 τοῦ
2518 668 2646 722 κώδ.
2670 667 2707 720 ε’
2734 668 2837 721 τίτ.
2872 667 2911 732 ξ’
2941 667 3080 720 διάτ.
3102 666 3172 733 γ’,
3199 665 3294 718 καὶ
3318 667 3548 717 ἰνστιτου

2005 761 2155 814 τίων.
2193 760 2241 812 α’
2287 762 2393 813 τίτ.
2432 761 2516 830 κβ¹
2541 776 2555 789 ’
2612 762 2661 812 εί
2686 759 2743 813 δέ
2769 776 2877 812 τισι
2932 758 3238 827 ληγατευθῇ
3287 755 3572 825 ἀποτροφὴ

2005 850 2110 913 ἓως
2156 845 2219 904 οὗ
2259 853 2398 904 εἰσιν
2427 851 2635 920 ἄνηϐοι,
2660 854 2688 903 ὁ
2725 850 2821 919 μὲν
2851 850 3026 920 ἄρρην
3067 848 3349 917 λαμϐάνει,
3380 847 3483 907 ἓως
3515 837 3576 898 οὗ

2006 941 2274 1014 πληρώσῃ
2295 942 2388 995 τὸν
2412 948 2481 1011 ιη’
2507 942 2774 1006 ἐνιαυτὸν,
2801 944 2834 1010 ἡ
2864 941 2921 993 δὲ
2943 941 3129 1009 θήλεια
3160 939 3249 990 τὸν
3278 939 3359 997 ιδ’,
3395 936 3467 993 ὡς
3497 936 3578 1003 βι·

2006 1032 2093 1087 ὄλ.
2130 1032 2201 1085 λδ⁸
2225 1033 2329 1085 τίτ.
2365 1039 2412 1083 α’
2437 1049 2450 1062 ·
2484 1033 2681 1101 ἄνηϐος
2710 1032 2765 1084 δὲ
2806 1031 2867 1084 τὸ
2901 1030 3134 1084 πλαστὸν
3157 1029 3216 1081 οὐ
3248 1026 3575 1096 πλημμελεῖ,

2016 1125 2090 1189 ὠς
2114 1125 2252 1195 βιὸλ.
2288 1131 2378 1195 μη¹
2402 1125 2508 1177 τίτ.
2549 1130 2578 1177 ι’
2597 1124 2700 1192 δίγ.
2734 1123 2817 1192 κβ⁹
2841 1138 2857 1155 ·
2880 1122 2974 1175 καὶ
3003 1123 3035 1191 ὴ
3078 1119 3289 1190 μοιχεία
3317 1118 3455 1188 μετὰ
3480 1117 3579 1186 τὴν

2007 1218 2149 1287 ἥϐην
2186 1215 2607 1287 πλημμελείται,
2636 1215 2711 1278 ὼς
2734 1215 2847 1281 διγ.
2873 1213 2962 1277 λς’
2979 1212 3070 1265 τοῦ
3106 1212 3136 1264 ι’
3154 1210 3259 1263 τίτ.
3290 1210 3385 1262 τοῦ
3414 1206 3576 1260 αύτοῦ

2010 1320 2101 1383 μη¹
2133 1313 2274 1383 βιϐλ.
2315 1316 2346 1384 ἡ
2376 1314 2433 1366 δὲ
2466 1313 2906 1381 διαλαμϐάνουσα
2935 1312 3062 1380 περὶ⁸
3093 1308 3199 1362 τῶν
3241 1298 3578 1375 Ἐκκλησιῶν

2020 1406 2283 1475 Ἀφρικῆς
2318 1405 2394 1470 λζ’
2416 1406 2609 1475 νεαρὰ,
2649 1404 2835 1473 φησὶν,
2868 1404 2951 1456 ὅτι
2984 1402 3034 1455 οἱ
3061 1398 3577 1463 ἀνασαπτισθέντες,

2011 1498 2409 1569 στρατεύεσθαι
2448 1498 2547 1562 μὲν
2578 1497 2638 1550 οὐ
2672 1495 2947 1559 δύνανται,
2985 1490 3292 1564 μεταμέλου
3313 1488 3369 1542 δὲ
3397 1486 3581 1559 χώραν

342 1581 418 1633 ait
485 1579 849 1648 rebaptizatos
906 1578 1141 1631 militare
1178 1577 1396 1645 quidem
1438 1591 1547 1629 non
1578 1588 1761 1643 posse,
1812 1572 1910 1627 sed
2009 1586 2243 1656 ἔχουσιν.

342 1683 521 1725 tamen
570 1671 898 1740 poenitentia.-
927 1668 1104 1723 locum
1129 1668 1353 1722 habere.

406 1732 751 1818 CAR-XIV.
785 1790 855 1801 ——-
893 1762 1122 1825 Quinam
1175 1774 1239 1813 ex
1294 1758 1551 1812 hatreticis
1598 1758 1665 1810 ad
1729 1757 1902 1810 ortho-

2083 1760 2332 1814 ΚΕΦΑΛ.
2376 1761 2472 1813 ΙΔγ.
2498 1790 2569 1801 —
2600 1760 2765 1825 Τίνες
2787 1757 2857 1823 ἐξ
2885 1753 3193 1826 αίρειικῶν
3224 1756 3312 1820 εις
3344 1752 3463 1820 τὴν
3487 1754 3582 1821 ὀρ-

339 1854 550 1906 doxiam
599 1861 923 1907 transeuntes
956 1853 1319 1920 baptizentur,
1362 1860 1415 1905 et
1453 1852 1668 1921 quinam
1704 1859 1907 1903 tantum

341 1955 625 2015 angantur.

727 2032 953 2087 Concilii
985 2030 1192 2087 Nicwni
1221 2048 1391 2085 canon
1425 2031 1511 2087 l9.

417 2152 506 2205 19.
548 2149 624 2203 De
649 2148 1027 2211 Paulianistis,
1059 2155 1193 2211 etc.,
1227 2156 1285 2199 ut
1314 2164 1435 2216 pag.
1472 2146 1596 2200 559.

641 2237 864 2292 Concilii
893 2236 1178 2289 Laodiceni
1203 2252 1426 2289 canones
1464 2236 1516 2299 7,
1544 2236 1595 2289 8.

406 2330 458 2384 7.
500 2327 607 2383 Eos
660 2329 752 2396 qui
802 2343 865 2380 ex
924 2326 1240 2385 haeresibus,
1292 2324 1394 2379 hoc
1442 2331 1547 2388 est,
1588 2320 1906 2376 Novatianis

339 2421 450 2475 sive
476 2419 835 2481 Photinianis,
857 2419 939 2472 vel
958 2415 1465 2471 Tessaresdecatitis
1491 2424 1902 2478 convertuntur,

338 2512 452 2567 sive
479 2513 923 2574 catechumenos,
967 2508 1081 2564 sive
1113 2509 1204 2577 qui
1246 2507 1388 2574 apud
1437 2507 1561 2561 illos
1607 2506 1791 2560 ﬁdeles
1820 2506 1906 2557 di-

337 2612 559 2667 cuntur,
597 2617 703 2654 non
749 2600 964 2654 admitti
1017 2600 1331 2668 priusquam
1382 2612 1601 2651 omnem
1652 2596 1902 2650 haeresim

339 2691 942 2755 anatliematizaverint,
989 2698 1042 2745 et
1072 2690 1341 2759 prmcipue
1369 2704 1490 2743 eam
1529 2689 1582 2742 in
1623 2704 1730 2756 qua
1765 2686 1905 2741 deti-

341 2786 639 2845 nebantur;
673 2792 727 2836 et
748 2794 875 2836 tunc
899 2781 1154 2850 deinceps
1184 2795 1301 2843 eos,
1328 2780 1420 2849 qui
1450 2782 1589 2848 apud
1621 2779 1742 2833 illos
1770 2778 1902 2832 ﬁde-

340 2877 420 2931 les
459 2874 802 2937 dieebantur,
850 2874 973 2927 ﬁdei
1023 2873 1266 2942 symbola
1314 2873 1576 2934 dicentes,
1619 2881 1673 2925 et
1715 2881 1905 2925 saneto

341 2966 637 3020 chrismate
670 2964 947 3029 inunctos,
998 2962 1079 3018 sic
1124 2971 1315 3017 sancto
1358 2961 1616 3032 mysterio
1656 2975 1902 3015 commu-

341 3057 544 3111 nicare.

412 3149 467 3203 8.
507 3147 613 3203 Eos
639 3147 732 3218 qui
767 3147 835 3202 ab
863 3162 1051 3202 eorum
1088 3144 1280 3201 haeresi
1312 3145 1405 3216 qui
1432 3146 1674 3215 Phryges
1713 3142 1906 3196 dicun-

2009 1851 2290 1915 θοδοξίαν
2323 1851 2657 1919 μετιόντες,
2684 1847 3078 1914 βαπτίζονται
3102 1862 3116 1876 °
3163 1847 3261 1909 καὶ
3292 1846 3453 1911 τινες
3474 1848 3581 1915 μό-

2011 1958 2119 1994 νον
2151 1942 2442 2013 χρίονται.

2341 2030 2612 2085 Συνόδου
2650 2032 2900 2095 Νικαίας
2923 2029 3127 2085 κανὼν
3150 2029 3241 2084 ιϐ’.

2078 2143 2165 2197 ιϐ’.
2196 2143 2332 2212 Περὶ
2363 2141 2470 2195 τῶν
2490 2142 2990 2206 Παυλιανισάντων,
3025 2160 3081 2195 κ.
3109 2159 3160 2196 τ.
3201 2143 3255 2197 λ.

2267 2232 2537 2286 Συνόδου
2565 2232 2917 2298 Λαοδικείας
2946 2233 3150 2287 κανὼν
3179 2234 3225 2297 ζ’
3246 2239 3317 2302 η’.

2076 2321 2141 2386 ζ’.
2197 2322 2335 2391 Περὶ
2376 2322 2470 2374 τοῦ
2525 2325 2656 2385 τοὺς
2697 2324 2761 2375 ὲκ
2805 2325 2912 2377 τῶν
2954 2324 3254 2393 αἱρέσεων,
3301 2324 3581 2379 τουτέστιν

2006 2413 2384 2479 Ναυατιανῶν,
2424 2415 2542 2484 ἤτοι
2565 2415 2958 2479 Φωτεινιανῶν,
2987 2416 3579 2486 Τεσσαρεσκαιδεκατι-

2004 2504 2112 2557 τῶν
2150 2507 2675 2576 ὲπιστρεφομένούς,
2726 2507 2910 2559 είτουν
2957 2510 3428 2577 κατηχουμένους,
3467 2510 3579 2562 εἶτε

2008 2598 2253 2661 πιστοὺς,
2307 2596 2432 2659 τοὺς
2464 2599 2593 2667 παρ’
2641 2598 2868 2661 ἐκείνοις
2900 2599 2973 2669 μὴ
3032 2599 3423 2669 προσδέχεσθαι
3450 2601 3580 2669 πρὶν

2007 2687 2072 2740 ἂν
2092 2688 2529 2758 ἀναθεματίσωσι
2559 2691 2738 2743 πᾶσαν
2761 2690 2993 2760 αἵρεσιν,
3015 2690 3312 2760 ἐξαιρέτως
3344 2689 3403 2742 δὲ
3447 2691 3506 2747 ἔν

2006 2777 2320 2848 κατείχοντο
2352 2792 2367 2807 ⁸
2408 2780 2503 2831 καὶ
2542 2780 2664 2831 τότε
2691 2780 2876 2832 λοιπὸν
2921 2782 3045 2842 τοὺς
3077 2780 3402 2849 λεγομένους
3446 2785 3580 2852 παρ’

2005 2870 2187 2932 αὐτοῖς
2216 2871 2437 2932 πιστοὺς
2464 2870 2902 2939 ἐκμανθάνοντας
2937 2872 3006 2925 τὰ
3033 2874 3132 2941 τῆς
3161 2872 3397 2935 πίστεως
3446 2872 3584 2942 σύμ-

2007 2961 2156 3023 ϐολα,
2193 2962 2512 3032 χρισθέντας
2543 2979 2603 3015 τε
2632 2964 2711 3033 τῷ
2741 2964 2882 3033 ἁγίῳ
2905 2964 3189 3034 χρίσματι,
3220 2964 3365 3017 οὕτω
3390 2981 3583 3018 κοινω-

1931 3076 1973 3131 C
2008 3057 2120 3109 νεῖν
2145 3057 2254 3109 τῶν
2284 3058 2599 3128 μυστηρίων
2628 3057 2737 3110 τῶν
2763 3058 2954 3127 ἁγίων.

2078 3153 2150 3217 η’.
2174 3148 2306 3217 Περὶ
2327 3147 2422 3200 τοῦ
2451 3150 2576 3210 τοὺς
2596 3148 2704 3201 ἀπὸ
2724 3149 2825 3215 τῆς
2850 3147 3118 3217 αἱρέσεως
3145 3147 3253 3201 τῶν
3272 3145 3582 3217 λεγομένων

345 3250 454 3307 tur,
484 3250 898 3304 convertuntur,
934 3240 1047 3293 sive
1076 3242 1185 3293 sint
1214 3237 1267 3290 in
1300 3238 1448 3291 clero
1475 3236 1568 3305 qui
1602 3234 1744 3303 apud
1787 3234 1902 3287 illos

2017 3238 2235 3307 Φρυγῶν
2261 3240 2705 3308 ἐπιστρέφοντας,
2726 3242 2775 3293 εί
2809 3241 2905 3294 καὶ
2936 3243 2994 3292 ὲν
3019 3242 3203 3309 κλήρῳ
3232 3239 3581 3309 νομιζομένῳ

339 3331 853 3385 existimantursive
884 3328 1107 3381 maximi
1129 3327 1415 3393 dicantur,
1444 3340 1635 3378 omnes
1664 3339 1757 3377 eos
1780 3338 1902 3377 eum

2017 3330 2141 3401 παρ’
2184 3332 2365 3395 αὐτοῖς
2411 3333 2751 3401 τυγχάνοιεν,
2798 3335 2846 3385 εἰ
2887 3334 2980 3385 καὶ
3029 3334 3277 3402 μέγιστοι
3314 3334 3577 3400 λέγοιντο,

339 3423 488 3477 omni
518 3422 698 3477 studio
725 3420 1050 3476 catecbizari
1085 3436 1179 3475 seu
1217 3418 1423 3473 initiari
1455 3426 1512 3472 et
1540 3415 1805 3485 baptizari
1833 3416 1902 3469 ab

2017 3422 2134 3484 τοὺς
2184 3423 2461 3486 τοιούτους
2492 3424 2631 3493 μετὰ
2655 3424 2834 3493 πάσης
2873 3424 3190 3492 ἐπιμελείας
3222 3424 3578 3494 κατηχεῖσθαί

338 3514 593 3571 Ecclesiae
622 3515 892 3585 epise0pis
924 3524 978 3568 et
1006 3514 1355 3585 presbyteris.

2017 3532 2066 3567 τε
2101 3515 2193 3567 καὶ
2228 3514 2583 3585 βαπτίζεσθαι
2621 3516 2724 3567 ὑπὸ
2748 3515 2855 3568 τῶν
2896 3518 2991 3584 τῆς
3024 3515 3317 3584 ἐκκλησίας
3351 3515 3576 3568 ἐπισκό-

2013 3624 2125 3661 πων
2151 3624 2208 3661 τε
2235 3608 2329 3660 καὶ
2357 3608 2766 3679 πρεσϐύτερων.

471 3714 697 3770 Conciti!
735 3711 1307 3779 Constantinopolitani
1331 3725 1497 3763 canon
1536 3709 1569 3762 7
1601 3706 1734 3780 (45).

414 3808 464 3861 7.
505 3808 612 3861 Eos
652 3805 747 3876 qui
778 3814 939 3860 rectae
984 3804 1107 3858 lidei
1150 3801 1501 3872 adjiciuntur,
1541 3809 1597 3856 et
1629 3798 1770 3870 parti
1813 3811 1907 3851 e0-

2115 3724 2158 3774 Σ
2165 3719 2383 3773 υνόδου
2435 3720 3123 3784 Κωνσταντινουπόλεως
3150 3719 3352 3772 κανὼν
3385 3720 3451 3784 ζ’.

2076 3811 2141 3875 ζ’.
2179 3811 2318 3881 Τοὺς
2351 3812 2809 3882 προστιθεμένους
2834 3815 2900 3882 τῇ
2941 3811 3219 3885 ὀρθοδοξίᾳ
3249 3812 3348 3864 καὶ
3374 3815 3437 3882 τῇ
3481 3829 3581 3883 με-

338 3914 459 3953 rum
490 3899 583 3968 qui
620 3913 688 3952 ex
721 3895 988 3965 haereticis
1019 3906 1326 3957 servantur,
1357 3892 1675 3963 recipimus,
1713 3905 1902 3946 secun-

2017 3902 2113 3971 ρίδι
2141 3902 2247 3955 τῶν
2273 3902 2595 3970 σωζομένων
2623 3903 2729 3955 ἀπὸ
2774 3903 3065 3973 αἰρετικῶν
3100 3902 3367 3973 δεχόμεθα
3394 3944 3408 3965 ,
3434 3904 3579 3958 κατὰ

339 3992 468 4046 dum
510 3990 667 4062 163
700 3989 1000 4059 subjecmm
1046 3988 1136 4042 hic
1178 3986 1624 4056 consequentiam
1672 3992 1728 4038 et
1776 3998 1902 4037 con-

2017 3994 2103 4062 τὴν
2170 3992 2616 4063 ὑποτεταγμένην
2692 3993 3011 4046 ἀκολουθίαν
3075 3996 3170 4047 καὶ
3256 3995 3571 4064 συνήθειαν.

336 4079 702 4136 suetudinem.
775 4077 1006 4130 Arianos
1061 4074 1281 4144 quidem
1342 4080 1396 4127 et
1441 4069 1900 4131 Macedonianos,

2020 4084 2328 4155 ’Λρειανοὺς
2380 4084 2478 4154 μὲν
2509 4085 2603 4137 καὶ
2644 4084 3093 4146 Μακεδονιανοὺς,
3140 4084 3235 4137 καὶ
3267 4085 3575 4137 Σαϐϐατια-

292 4229 310 4245 _
336 4182 390 4227 et
426 4171 787 4226 Sabbatianos
820 4167 954 4238 (46),
990 4175 1045 4221 et
1093 4166 1443 4229 Novatianos,
1474 4163 1566 4231 qui
1614 4161 1804 4216 dicunt
1844 4173 1902 4213 se

2017 4177 2147 4238 γοὺς,
2169 4176 2262 4227 καὶ
2286 4174 2681 4237 Ναυατιανοὺς,
2714 4175 2839 4235 τοὺς
2861 4174 3114 4243 λέγοντας
3139 4176 3366 4239 ἑαυτοὺς
3392 4176 3578 4230 Καθα-

339 4265 487 4333 ipsos
517 4262 789 4317 Catliaros
818 4270 872 4314 et
898 4260 1195 4320 Aristeros,
1233 4258 1360 4326 (hoc
1387 4266 1490 4319 est,
1525 4254 1779 4317 mundos,
1822 4251 1902 4304 vel

2017 4266 2131 4330 οοὺς
2169 4264 2265 4316 καὶ
2292 4264 2641 4334 Ἀριστεροὺς
2679 4263 2773 4315 καὶ
2812 4264 2940 4327 τοὺς
2975 4264 3573 4331 Τεσσαρεσκαιδεκατί-

339 4355 633 4423 sinistros),
662 4362 715 4407 et
771 4349 1282 4415 Tessaresdectitas,
1322 4346 1438 4401 sive
1472 4344 1797 4407 Tetraditas,
1848 4350 1901 4395 et

2017 4372 2101 4417 τας
2130 4356 2301 4424 ἤγουν
2334 4354 2680 4424 Τετραδίτας,
2720 4354 2814 4407 καὶ
2843 4354 3317 4424 Ἀπολιναριστάς,
3348 4357 3575 4426 δεχόμε-

337 4415 753 4516 Apollinaristas
785 4442 1097 4509 recipimus,
1126 4439 1316 4491 dantes
1344 4437 1564 4505 quidem
1589 4435 1816 4496 libellos,
1849 4442 1902 4487 et

2017 4415 2092 4498 ὂα-
2122 4415 2362 4509 διδόντας
2401 4415 2676 4508 λιϐέλλους
2710 4447 2806 4498 καὶ
2855 4415 3353 4516 ἀναθεματίζοντας
3397 4415 3574 4501 πᾶσαν

340 4551 556 4592 omnem
592 4533 838 4588 haeresim
879 4529 1418 4591 anathematizantes,
1453 4542 1572 4596 quae
1604 4543 1709 4579 non
1745 4525 1902 4579 sentit

2017 4536 2217 4603 ιῖρεσιν
2250 4536 2324 4605 μὴ
2350 4533 2650 4605 φρονοῦσαν
2689 4534 2763 4595 ὡς
2804 4534 2991 4602 φρονεῖ
3040 4535 3072 4601 ή
3129 4532 3261 4600 ἁγία
3291 4533 3387 4586 τοῦ
3438 4531 3572 4586 Θεοῦ

342 4637 400 4683 ut
429 4637 618 4681 sancta
648 4624 741 4679 Dei
790 4622 1056 4678 catholica
1105 4630 1158 4676 et
1207 4620 1502 4689 apostolica
1535 4617 1807 4682 Ecclesia;
1852 4628 1902 4671 et

2017 4622 2269 4693 καθολικὴ
2294 4624 2387 4675 καὶ
2414 4622 2748 4693 ἀποστολικὴ
2765 4621 3076 4691 Ἐκκλησία,
3110 4621 3580 4691 σφραγιζομένους

338 4719 604 4789 signatos,
636 4716 752 4771 sive
782 4724 976 4769 unctos
1004 4713 1239 4783 primum
1285 4719 1475 4766 sancto
1501 4709 1815 4773 chrismate,
1849 4717 1902 4761 et

2017 4717 2123 4786 ἦτοι
2158 4716 2479 4786 χριομένους
2512 4716 2728 4784 πρῶτον
2757 4713 2833 4782 τῷ
2866 4715 3005 4783 ἁγίῳ
3043 4712 3198 4783 μύρῳ
3226 4715 3287 4766 τό
3320 4731 3396 4773 ,τε
3451 4716 3576 4785 μέτ-

335 4810 590 4872 frontem,
626 4817 680 4861 et
723 4806 931 4869 oculos,
979 4814 1034 4859 et
1068 4817 1249 4865 nares,
1300 4810 1354 4855 et
1386 4815 1467 4865 os,
1505 4809 1558 4852 ct
1602 4814 1785 4853 aures.
1836 4798 1900 4852 Et

2017 4823 2174 4870 ωπον,
2200 4808 2291 4859 καὶ
2314 4806 2439 4868 τοὺς
2458 4805 2787 4874 ὀφθαλμοὺς,
2812 4806 3021 4867 καὶτὰς
3052 4805 3223 4873 ῥῖνας,
3253 4806 3345 4857 καὶ
3372 4806 3434 4857 τὸ
3454 4804 3574 4857 στό-

335 4916 431 4956 eos
468 4900 746 4971 signantes
784 4898 1040 4960 dicimus,
1090 4895 1440 4962 Signaculum
1487 4893 1613 4948 doni
1665 4893 1902 4962 Spiritus

2017 4915 2110 4968 μα,
2141 4898 2233 4950 κα.)⁵
2271 4898 2340 4950 τὰ
2362 4892 2497 4950 ὧτα·
2532 4897 2628 4949 καὶ
2658 4895 3046 4965 σφραγίξοντες
3093 4894 3291 4957 αὐτοὺς
3322 4894 3571 4964 λέγομενο

336 4992 532 5052 sancti.
568 4988 729 5058 Atqui
759 4986 1153 5049 Eunomianos,
1190 4984 1280 5053 qui
1314 4984 1367 5037 in
1410 4998 1571 5036 unam
1606 4984 1902 5037 demersio-

2017 4989 2257 5059 Σφραγὶς
2279 4988 2487 5060 δωρεᾶς
2510 4986 2820 5057 Πνεύματος
2844 4986 3024 5052 ἁγίου·
3054 4985 3424 5052 Εὑνομιανοὺς
3452 4985 3575 5054 μέν-

338 5103 461 5140 nem
491 5083 870 5156 baptizantur;
906 5086 959 5131 et
996 5076 1374 5138 Montanistas,
1403 5076 1493 5143 qui
1532 5075 1620 5128 hic
1647 5075 1902 5130 dicuntur

2017 5097 2084 5133 ιοι
2133 5083 2258 5144 τοὺς
2314 5082 2393 5143 εἰς
2447 5081 2579 5150 μίαν
2635 5078 2928 5131 κατάδυσιν
2986 5074 3439 5146 βαπτιζομένους,
3483 5078 3578 5129 καὶ

334 5177 596 5246 Phryges,
622 5184 674 5229 et
702 5170 1042 5226 Sabellianos
1091 5169 1185 5238 qui
1232 5167 1485 5222 eumdem
1531 5181 1653 5222 esse
1685 5165 1901 5221 Patrem

2017 5172 2376 5236 ilowavwzdt;
2408 5173 2534 5235 τοὺς
2570 5170 2803 5225 ἐνταῦθα
2844 5168 3171 5237 λεγομένους
3209 5168 3447 5238 Φρύγας,
3483 5169 3578 5222 καὶ

410 5354 526 5421 (45)
563 5350 682 5405 Νοη
732 5363 817 5405 est
851 5348 939 5403 hic
978 5361 1153 5403 canon
1198 5343 1897 5421 iii-Arabicaparaphrasi,

339 5412 438 5478 nec
485 5412 537 5476 in
583 5421 913 5475 Collectione
943 5432 1213 5470 canonum
1245 5412 1469 5467 Joannis
1516 5414 1773 5483 Antioch.
1803 5414 1895 5483 qui

337 5505 389 5546 et
435 5491 807 5548 Scholastieus
836 5489 1013 5542 dictus
1048 5495 1149 5549 est,
1200 5484 1508 5553 patriarcha
1543 5481 1673 5553 CP.,
1705 5499 1801 5537 nec
1824 5481 1893 5535 Vin

340 5562 585 5632 Epitome
645 5574 915 5613 canonum
978 5552 1264 5632 Symeonis
1314 5552 1558 5621 magistri
1590 5591 1622 5632 ,Ι
1670 5564 1897 5632 uterque

338 5622 481 5685 enim
536 5646 629 5685 sex
672 5637 879 5682 tantum
924 5622 1132 5697 priores
1176 5622 1702 5697 calmnes_appellat_
1734 5622 1895 5697 liuius

340 5701 572 5755 concilii.
605 5700 697 5754 Est
736 5690 956 5752 totidem
984 5696 1164 5751 verbis
1207 5709 1380 5750 canon
1416 5690 1704 5761 “synodi
1737 5690 1891 5745 Trul-

2000 5344 2159 5399 lanaa.
2189 5343 2325 5399 Vide
2349 5344 2512 5398 etiam
2546 5344 2832 5413 epistolam
2868 5345 2933 5398 ad
2974 5342 3292 5412 Martyrium
3320 5339 3573 5413 Antioch.

2000 5418 2139 5483 apud
2175 5410 2663 5471 Leunclaviunfin
2692 5414 2827 5469 lure
2862 5414 3049 5469 Graeco
3078 5410 3235 5466 Rom.
3286 5428 3409 5481 pag.
3445 5410 3572 5475 290,

2001 5484 2143 5537 unde
2166 5485 2264 5538 'hie
2298 5500 2470 5538 canon
2511 5487 2818 5551 descriptus
2849 5485 3024 5538 videri
3059 5493 3257 5551 potest.

2073 5555 2183 5623 (46)
2227 5553 2342 5606 Non
2377 5556 2588 5607 videtur
2618 5548 2760 5623 apud
2794 5548 3072 5608 Socratem
3116 5548 3574 5623 sabbatianurum

1996 5620 2197 5679 nomen
2228 5633 2551 5694 usurpatum
2586 5620 2712 5680 ante
2747 5640 2839 5680 an.
2869 5623 3095 5681 circiter
3123 5620 3249 5677 592.
