1921 3112
136 122 189 153 ϐἐδ

567 121 768 152 SYNTAGMA
786 117 978 149 CANON-UM.
993 129 1029 135 -
1041 117 1115 146 ΤΙΤ.
1134 116 1181 152 IV,
1202 115 1271 144 CAP
1299 114 1376 144 XIV.

1704 111 1756 144 626

135 179 329 210 Σαῦελλιανοὺς
342 180 406 211 τοὺς
419 179 595 214 υίοπατορίαν
608 178 791 210 διδάσκοντας,
805 175 851 204 καὶ
860 177 918 203 ἓτε-

976 178 996 201 at
1008 175 1111 208 Filium
1128 173 1284 208 opinantur,
1303 175 1452 205 utrumque
1475 169 1558 197 simul
1584 168 1757 197 confunden-

136 226 170 259 ρά
185 214 248 251 ἱτινα
274 224 382 259 χαλεπὰ
410 224 563 256 ποιοῦντας,
580 224 628 251 καὶ
653 224 703 256 τὰς
718 224 802 254 ἄλλας
828 224 918 255 πάσας

133 270 253 305 αιρέσεις
270 278 277 285 ·
304 270 398 305 ἐπειδὴ
424 270 516 296 πολλοί
545 270 620 297 εἰσιν
632 270 749 296 ἐνταῦθα
765 270 881 304 μάλιστα
894 270 919 296 οι

133 316 189 343 ἀπὸ
210 315 263 350 τῆς
283 315 412 342 Γαλατῶν
429 315 522 351 χώρας
546 316 699 350 ἐρχόμενοι,
728 315 833 346 πάντας
855 315 919 345 τοὺς

133 362 182 388 ἀπ’
209 361 300 387 αὐτῶν
313 361 439 392 θέλοντας
452 360 645 395 προστίθεσθαι
668 361 700 395 τῇ
714 360 864 395 ὀρθοδοξίᾳ,
881 360 919 391 ὡς

134 406 270 441 Ἕλληνας
302 406 435 441 δεχόμεθα
450 414 457 422 ο
476 406 523 432 καὶ
550 405 600 441 τὴν
619 406 731 441 πρώτην
752 406 800 440 μὲν
814 406 919 441 ἡμέραν

134 451 265 486 ποιοῦμεν
280 452 377 482 αὐτοὺς
391 451 570 486 Χριστιανοὺς
582 471 589 483 ,
606 451 655 486 τὴν
672 452 700 478 δὲ
710 452 838 487 δευτέραν
853 460 920 478 κατ-

133 497 321 532 ηχουμένουςπ
341 495 400 523 εἶτα
428 498 462 531 τῇ
491 497 569 532 τρίτῃ
600 496 774 531 ἐξορκίζομεν
810 497 918 529 αὐτοὺς,

136 542 203 576 μετὰ
219 541 268 568 τοῦ
290 542 416 577 ὲμφυσᾷν
434 541 525 576 τρίτον
542 542 583 573 εἰς
594 541 624 567 τὺ
638 541 783 576 πρόσωπον
795 560 802 573 ,
816 542 864 567 καὶ
881 541 921 573 είς

134 587 167 613 τὰ
181 583 250 618 ὦτα,
268 587 315 613 καὶ
328 585 415 617 οὕτως
426 585 598 620 κατηχοῦμεν
609 586 717 617 αὐτοὺς,
735 586 781 612 καὶ
793 585 921 621 ποιοῦμεν

134 633 271 667 χρονίζειν
293 633 333 663 είς
353 632 403 667 τὴν
426 632 593 666 ἐκκλησίαν,
620 633 666 658 καὶ
691 632 840 667 ἀκροᾶσθαι
865 631 921 657 τῶν

134 677 262 712 Γραφιῖω,
278 677 326 704 καὶ
342 677 402 703 τότε
416 678 515 708 αὐτοὺς
532 676 710 712 βαπτίζομεν.

202 723 263 749 Συγ
269 721 340 748 όδου
359 720 568 755 οὶκουμενικῆς
581 721 671 754 ἕκτης
684 720 784 747 κανὼν
799 722 849 753 115’.

167 769 218 801 ιιει.
235 767 306 799 Τοὺς
320 766 548 802 προστιθεμένους
564 768 597 802 τῇ
610 767 750 802 sponsum
765 767 812 793 καὶ
822 768 854 803 τῇ
877 775 922 801 με-

136 812 187 847 ρίδι
202 811 259 839 τῶν
276 812 440 846 σωζομένων
454 811 508 838 άπδ
525 812 673 846 αἱρετικῶν
685 811 833 846 δεχόμεθα,
851 812 922 838 κατὰ

134 858 184 893 τὴν
208 858 434 892 ὑποτεταγμένην
454 857 613 884 ἀκολουθίαν
636 866 666 884 τε
680 858 728 884 καὶ
754 858 919 892 συνήθειαν·

141 904 297 938 ’Λρειανοὺς
310 904 359 938 μὲν
369 904 415 929 καὶ
426 903 652 935 Μακεδονιανοὺς,
665 903 712 929 καὶ
725 903 921 935 Ναυατιανοὺς,

137 950 184 976 καὶ
196 948 411 982 Σαὸὃατιανοὺς,
425 949 489 980 τοὺς
504 949 632 982 λέγοντας
647 949 761 980 ἑαυτοὺς
778 949 923 983 Καθαροὺς

137 995 184 1020 καὶ
220 994 408 1029 ’Δριστεροῦς,
437 994 485 1020 καὶ
506 994 569 1025 τοὺς
593 994 923 1029 Τεσσαρεσκαιδεκατίτας

136 1040 221 1074 ἠγουν
250 1040 427 1075 Τετραδίτας,
453 1040 501 1066 καὶ
532 1040 755 1075 Ἀπολιναριστὰς
778 1040 922 1075 δεχόμεθα,

135 1085 257 1117 διδόντας
269 1085 407 1117 λιδέλλους
421 1086 469 1112 καὶ
482 1086 730 1121 ἀναθεματίζοντας
749 1088 838 1113 πᾶσαν
849 1087 924 1121 αἵρε-

137 1140 188 1165 σιν,
196 1132 236 1168 μὴ
251 1132 400 1167 φρονοῦσαν
415 1131 452 1163 ὡς
463 1133 556 1166 φρονεῖ
571 1133 588 1167 ὴ
599 1132 663 1165 ἁγία
673 1132 720 1158 τοῦ
735 1131 802 1158 Θεοῦ
818 1131 924 1158 καθολι-

137 1178 172 1213 κὴ
187 1178 236 1204 καὶ
252 1177 418 1213 ἀποστολικὴ
439 1178 599 1213 Ἐκκλησία,
613 1177 849 1213 σφραγιζομένους
863 1177 924 1212 ἦτοι

137 1224 299 1259 χρωμένους
320 1223 428 1259 πρῶτον
439 1223 477 1259 τῷ
497 1224 567 1258 ἁγίῳ
593 1223 671 1259 μύρῳ
684 1224 714 1249 τὸ
728 1223 863 1258 μέτωπον,
877 1224 925 1250 καὶ

136 1269 198 1300 τοὺς
209 1268 378 1302 ὀφθαλμοὺς,
395 1268 442 1294 καὶ
452 1268 501 1299 τὰς
516 1269 602 1302 ῥῖνας,
619 1267 665 1294 καὶ
677 1268 706 1294 τὸ
721 1267 818 1302 στόμα,
832 1267 880 1293 καὶ
890 1268 924 1294 τὰ

138 1311 203 1346 ὦτα,
217 1314 267 1340 καὶ
280 1313 477 1349 σφραγίζοντες
490 1313 589 1344 αὐτοὺς
599 1312 724 1348 λέγομεν·
737 1313 858 1348 Σφραγὶς
875 1313 924 1339 δω-

140 1361 203 1395 psi;
213 1360 373 1395 Πνεύματος
385 1359 473 1393 ἁγίου.
486 1359 554 1394 Περὶ
568 1359 596 1385 δὲ
605 1358 660 1386 τῶν
675 1359 923 1391 Παυλιανισάντων,

139 1403 199 1432 εἶτα
221 1405 425 1441 προσελθόντων
451 1406 484 1440 τῇ
511 1404 643 1439 καθολικῇ
673 1403 832 1439 Ἐκκλησίᾳ,
862 1405 924 1439 ὄρος

140 1451 292 1479 meeum
312 1450 545 1481 ἀναὸαπτίζεσθαι
564 1450 664 1481 αὐτοὺς
675 1450 828 1482 ἐξάπαντος
847 1458 854 1465 ·
871 1450 924 1476 Εὐ-

969 225 1021 250 tes,
1037 223 1064 246 et
1078 219 1131 246 alia
1145 218 1237 253 gravia
1253 221 1280 244 et
1298 216 1409 251 indigna
1426 215 1530 242 iaciunt
1546 218 1595 241 :et
1610 214 1679 242 alias
1698 221 1758 241 om-

969 272 1017 292 nes
1031 265 1148 292 haereses
1164 273 1170 290 :
1187 263 1316 298 quoniam
1341 262 1385 289 hic
1403 261 1478 288 mulli
1507 259 1715 290 sunLhreretici,
1730 263 1758 286 et

970 310 1088 336 maxime
1107 308 1154 343 qui
1167 315 1201 334 ex
1229 306 1386 334 Galatarum
1416 305 1527 340 regione
1545 303 1674 335 veniunt;
1694 303 1757 337 qui-

970 361 1079 388 cunque
1090 361 1123 380 ex
1141 352 1183 380 his
1200 356 1273 378 recte
1290 351 1352 378 iidei
1370 350 1469 377 ascribi
1483 349 1589 379 volunt,
1605 353 1634 375 ut
1648 347 1757 375 Graecos

970 398 1139 426 admittimus
1155 406 1161 424 :
1179 403 1206 424 et
1221 397 1310 430 primo
1332 395 1442 430 quidem
1466 394 1511 421 die
1534 394 1608 428 ipsos
1624 392 1757 420 Christia-

970 452 1022 472 nos
1043 444 1177 475 facimus;
1194 442 1315 470 secundo
1342 440 1570 472 catechumenos;
1587 439 1687 466 deinde
1703 443 1757 465 ter-

970 490 1009 517 tio
1021 489 1213 516 exercizamus
1226 487 1284 514 sive
1299 486 1458 521 adjuramus
1475 485 1558 519 ipsos,
1576 489 1618 511 ter
1632 484 1713 511 simul
1729 484 1755 510 in

970 534 1066 562 faciem
1082 541 1177 561 eorum
1198 537 1226 560 et
1244 539 1325 559 aures
1346 530 1518 558 iusufl‘tando.
1536 529 1569 556 Et
1584 530 1624 557 sic
1645 536 1692 556 eos
1711 536 1757 555 ca-

970 580 1140 608 techizamus
1162 579 1219 605 sive
1241 577 1393 609 initiamus,
1418 580 1446 602 et
1470 581 1599 603 curamus
1626 578 1655 600 ut
1678 575 1757 608 longo

971 630 1093 660 tempore
1108 628 1252 651 versentur
1269 623 1294 649 in
1310 621 1436 653 ecclesia,
1461 624 1489 648 et
1505 619 1618 646 audiant
1633 618 1756 653 Scriptu-

972 678 1036 702 ras;
1053 674 1081 697 et
1098 674 1163 697 tuuc
1180 677 1227 696 eos
1243 668 1423 702 lyaptizamus.

1126 714 1238 742 Consilii
1251 712 1401 740 mcumem'ct'
1416 720 1441 738 vr
1457 719 1541 738 canon
1559 710 1604 737 95.

1006 761 1051 788 95.
1071 760 1125 788 Eos
1142 760 1188 795 qui
1205 767 1238 786 ex
1258 759 1395 786 haereticis
1411 758 1444 784 ad
1465 761 1566 784 rectam
1585 756 1664 783 [idem
1678 762 1757 782 acce-

972 807 1051 838 dunt,
1070 811 1096 833 et
1116 805 1186 840 parti
1201 812 1295 832 eorum
1314 804 1361 838 qui
1380 803 1530 833 salvantur,
1546 802 1667 836 subjecta
1691 808 1758 827 con-

973 851 1113 885 sequentia
1147 854 1174 877 ct
1197 850 1394 876 consuetudine
1420 848 1600 881 recipientes,
1641 846 1759 873 Arianos

973 896 1084 930 quidem
1117 899 1145 922 et
1170 894 1390 930 Macedontauos,
1411 897 1439 920 et
1463 892 1640 923 Novatianos,
1652 892 1699 926 qui
1729 897 1759 917 se

974 942 1060 969 Puros
1076 941 1223 976 appellant,
1252 944 1279 967 et
1306 939 1453 971 Aristeros,
1469 943 1496 965 et
1517 936 1596 972 164
1613 936 1758 964 Tessares-

972 988 1151 1015 kaidecatitas
1178 993 1225 1014 seu
1240 985 1409 1017 Tetraditas;
1425 988 1453 1011 et
1465 982 1675 1018 Apollinaristas
1689 981 1760 1007 reci-

980 1034 1071 1069 pimus
1087 1033 1183 1060 dantcs
1199 1031 1314 1063 libellos,
1333 1035 1360 1057 et
1373 1037 1483 1057 omnem
1504 1029 1630 1056 hatresim
1648 1026 1761 1054 anathe-

974 1080 1148 1111 matizantes,
1175 1086 1237 1113 qua
1265 1083 1318 1104 non
1348 1080 1413 1103 sunt
1436 1079 1466 1102 ut
1484 1074 1568 1102 sentit
1592 1078 1687 1101 sancta
1713 1071 1760 1099 Dei

974 1125 1138 1153 universalis
1153 1128 1179 1151 et
1194 1123 1343 1158 apostolica
1369 1121 1507 1153 Ecclesia;
1521 1124 1618 1148 sancto
1641 1119 1759 1154 primum

974 1173 1123 1200 chrismate
1137 1172 1300 1204 inungentes
1314 1173 1341 1196 et
1360 1167 1488 1198 frontem,
1501 1171 1526 1194 et
1541 1166 1646 1197 oculos,
1664 1169 1691 1192 et
1713 1172 1762 1191 na-

976 1225 1030 1251 res,
1046 1225 1126 1249 etos,
1141 1220 1169 1243 et
1182 1223 1282 1247 aures;
1296 1214 1488 1248 consiguantes
1504 1217 1594 1239 autem
1619 1210 1737 1237 dicimus
1751 1216 1759 1235 :

975 1264 1154 1300 Signaculum
1184 1262 1247 1289 doni
1264 1260 1383 1295 Spiritus
1393 1259 1506 1294 Esaucti.
1536 1257 1574 1285 De
1587 1256 1761 1284 Paulianistis

977 1314 1069 1337 autem
1082 1317 1097 1335 a
1110 1308 1243 1335 catholica
1255 1306 1374 1333 Ecclesia
1391 1309 1523 1331 statutum
1537 1307 1589 1335 est,
1603 1302 1657 1329 utii
1673 1300 1762 1328 omni-

974 1363 1011 1384 no
1022 1355 1235 1390 rebaptizeutur.
1245 1352 1433 1379 Eunomianos
1445 1357 1565 1385 quoque,
1579 1348 1627 1383 qui
1639 1348 1665 1374 in
1679 1353 1761 1374 unam

974 1404 1174 1432 demersionem
1194 1402 1341 1437 baptizant,
1354 1404 1380 1427 et
1398 1399 1585 1429 Montanislas,
1599 1396 1644 1430 qui
1666 1395 1710 1422 hic
1720 1395 1764 1422 di-

974 1458 1074 1481 cuntur
1094 1451 1227 1486 Phryges,
1249 1454 1277 1477 et
1288 1448 1469 1478 Sabellianos,
1495 1445 1542 1480 qui
1570 1444 1670 1471 Filium
1686 1449 1763 1470 eum—

140 1497 285 1531 νομιανοὺς
312 1496 404 1531 μέντοι
422 1496 485 1527 τοὺς
504 1496 544 1527 είς
558 1495 624 1530 μίαν
640 1496 786 1521 κατάδυσιν
797 1496 924 1530 βαπτιζο-

978 1500 1039 1527 dem
1056 1505 1118 1525 esse
1134 1504 1196 1523 cum
1222 1495 1302 1522 Patre
1322 1493 1492 1523 existimant,
1511 1495 1538 1518 et
1560 1491 1613 1517 alia
1640 1488 1763 1523 quaedam

142 1542 240 1575 μένους
267 1541 314 1568 καὶ
342 1541 531 1572 Μοντσνιστὰς
545 1540 609 1571 τοὺς
628 1540 746 1566 ἐνταῦθα
764 1540 926 1575 λεγομένους

141 1586 261 1622 Φρύγας,
273 1586 320 1612 καὶ
330 1585 525 1617 Σαϐελλιανοὺς
538 1586 600 1617 τοὺς
612 1586 787 1620 υίοπατορίαν
801 1586 926 1618 δοξάζον-

141 1638 201 1662 τας,
223 1632 270 1658 καὶ
290 1632 372 1666 ἕτερά
388 1639 450 1658 τινα
473 1632 578 1667 χαλεπὰ
595 1631 756 1664 ποιοῦντας,
772 1631 820 1658 καὶ
838 1632 928 1663 πάσας

142 1678 190 1708 τὰς
213 1677 297 1708 ἄλλας
318 1677 457 1712 αἱρέσεις·
488 1677 581 1712 ἐπειδὴ
601 1677 694 1703 πολλοί
716 1678 786 1703 εἰσιν
810 1676 929 1703 ενταῦθα

146 1722 262 1756 μάλιστα
289 1723 313 1749 οἱ
340 1723 394 1749 ἀπὸ
422 1723 472 1758 τῆς
500 1723 627 1749 Γαλατῶν
656 1723 747 1758 χώρας
774 1723 927 1758 ἐρχόμενοι,

145 1769 249 1799 πάντας
267 1768 331 1799 τοὺς
352 1768 401 1794 ἀπ’
417 1769 506 1795 αὐτῶν
531 1768 657 1800 θέλοντας
678 1769 870 1803 προστίθεσθαι
895 1771 928 1803 τῇ

144 1814 283 1849 ὀρθοδοξίᾳ
295 1815 333 1846 ὼς
347 1814 482 1847 Ἕλληνας
497 1815 630 1849 δεχόμεθα
646 1822 653 1829 ·
666 1815 712 1841 καὶ
729 1815 779 1849 τὴν
792 1815 840 1850 μὲν
853 1814 929 1850 πρώ-

144 1868 193 1894 την
203 1860 310 1895 ἡμέραν
338 1860 469 1894 ποιοῦμεν
487 1860 587 1891 αὐτοὺς
612 1860 801 1895 Χριστιανοὺς,
826 1861 876 1894 τὴν
902 1860 930 1886 δὲ

145 1904 274 1939 δευτέραν
293 1905 524 1940 κατηχουμένους,
546 1903 604 1931 εἶτα
614 1905 664 1940 τὴν
680 1905 776 1940 τρίτην
791 1904 930 1939 ἐξορκίζο-

148 1958 197 1984 μεν
213 1950 312 1981 αὐτοὺς
333 1950 402 1984 μετὰ
418 1950 465 1976 τοῦ
478 1950 603 1985 ἑμφυσᾷν
614 1950 706 1985 τρίτον
720 1951 760 1981 εἰς
786 1950 818 1976 τὸ
838 1950 932 1983 πρόσ-

147 2005 221 2022 ωπον
235 1996 283 2022 καὶ
297 1996 337 2027 εις
349 1997 384 2023 τὰ
403 1992 470 2027 ὦτα,
487 1996 534 2022 καὶ
554 1995 625 2022 οὕτω
644 1996 818 2031 κατηχοῦμεν
833 1997 932 2027 αὐτοὺς

147 2042 194 2067 καὶ
211 2041 343 2076 ποιοῦμεν
371 2042 506 2076 χρονίζειν
534 2042 575 2072 ιίς
604 2041 654 2074 τὴν
687 2041 859 2076 Ἐκκλησίαν,
886 2042 933 2067 καὶ

146 2087 297 2122 ἀκροᾶσθαι
316 2087 370 2114 τῶν
398 2087 524 2122 Γραφῶν,
544 2088 591 2114 καὶ
603 2087 664 2113 τότε
683 2087 782 2119 αὐτοὺς
803 2087 933 2122 βαπτίζο-

149 2141 215 2166 μεν·
244 2133 291 2161 καὶ
317 2134 380 2165 τοὺς
403 2133 571 2168 Μανιχαίους
599 2132 627 2159 δὲ
653 2134 701 2159 καὶ
729 2134 792 2164 τοὺς
819 2134 933 2159 οὑαλεν-

977 1544 1070 1580 gravia
1087 1543 1202 1574 iaciunt,
1230 1545 1257 1568 et
1272 1547 1369 1567 omnes
1386 1539 1453 1566 alias
1484 1538 1612 1568 haereses,
1632 1534 1763 1569 quoniam

977 1590 1055 1617 multi
1068 1589 1112 1616 hic
1131 1592 1206 1620 sunt,
1233 1591 1260 1614 et
1273 1585 1392 1613 maxime
1407 1584 1453 1618 qui
1477 1590 1509 1610 ex
1537 1581 1695 1609 Galatarum
1720 1586 1763 1606 re-

978 1636 1059 1670 gione
1072 1633 1185 1669 profecti
1200 1635 1275 1664 sunt,
1295 1637 1390 1658 omnes
1404 1637 1436 1656 ex
1449 1628 1483 1655 iis
1494 1627 1539 1662 qui
1551 1627 1584 1653 ad
1611 1631 1713 1652 rectam
1730 1624 1764 1650 de

979 1682 1031 1708 title
1047 1679 1213 1708 sententiam
1232 1677 1328 1704 volunt
1343 1675 1485 1704 accedere.
1499 1678 1529 1699 ut
1562 1671 1678 1707 gentiles
1696 1670 1766 1697 reci-

978 1726 1069 1760 pimus
1100 1727 1146 1750 :et
1162 1722 1250 1757 primo
1267 1720 1376 1755 quidem
1398 1718 1441 1745 die
1450 1725 1497 1744 eos
1512 1715 1684 1744 Christianos
1699 1713 1766 1740 faci-

979 1758 1058 1802 mus;
1075 1767 1196 1795 secundo
1211 1770 1299 1792 autem
1313 1763 1527 1791 catechumenos
1545 1759 1662 1788 :deinde
1684 1758 1765 1801 tertio

980 1792 1040 1796 ...__
1050 1792 1058 1802 ,
1075 1792 1116 1795 ,ρ

980 1812 1152 1847 adjuramus,
1169 1809 1251 1836 simul
1265 1808 1347 1835 etiam
1366 1811 1405 1833 tcr
1421 1806 1447 1833 in
1463 1804 1560 1832 facient
1575 1809 1602 1831 et
1616 1792 1709 1829 aures.
1723 1802 1766 1829 in-

980 1858 1135 1892 spirantes;
1150 1860 1178 1882 et
1195 1855 1234 1882 sic
1250 1854 1400 1882 iuitiamus,
1417 1857 1445 1878 et
1464 1851 1509 1878 diu
1525 1850 1553 1877 in
1572 1848 1686 1876 ecclesia
1700 1855 1764 1874 ver-

982 1904 1037 1931 sari
1046 1908 1073 1930 et
1090 1901 1248 1936 Scripturas
1282 1899 1379 1926 audire
1396 1897 1533 1928 facimus;
1557 1899 1584 1922 et
1609 1899 1673 1921 tunc
1692 1894 1766 1928 ipsos

982 1949 1165 1983 baptizamus.
1192 1945 1263 1978 Quin
1286 1945 1368 1971 etiam
1397 1942 1572 1973 Manichaeos,
1590 1944 1617 1967 et
1644 1938 1767 1965 Valenti-

982 1993 1092 2023 nianos,
1104 1997 1132 2019 et
1147 1990 1347 2021 Marcionistas,
1364 1992 1392 2015 et
1412 1987 1515 2015 similes
1531 1986 1672 2013 haereticos
1687 1991 1768 2018 opor-

985 2043 1027 2067 tet“
1041 2038 1147 2066 libellos
1165 2037 1267 2067 facere,
1290 2039 1318 2062 et
1337 2033 1462 2061 haeresim
1478 2039 1556 2060 suam
1584 2030 1768 2058 anathemati-

984 2092 1056 2115 :are.
1071 2088 1099 2110 et
1120 2082 1290 2113 Nestorium,
1308 2084 1335 2107 et
1363 2079 1523 2113 Eulycliem,
1540 2082 1567 2104 et
1592 2076 1767 2107 Dioscorum,

984 2135 1012 2158 et
1025 2129 1168 2159 Severum,
1179 2131 1207 2154 et
1223 2127 1342 2161 reliquos
1353 2125 1448 2152 talium
1465 2123 1603 2150 haereseon
1619 2121 1767 2157 principes,

146 2177 260 2211 τίνους,
291 2178 340 2205 καὶ
366 2163 602 2214 Μαρκιωνιοτας,
633 2178 680 2204 καὶ
713 2163 788 2210 τοὺς
815 2179 848 2204 ἐκ
876 2178 924 2205 τῶι

984 2181 1012 2204 et
1027 2175 1075 2210 qui
1104 2174 1199 2201 eadem
1222 2180 1282 2207 qua:
1313 2172 1352 2199 illi
1380 2171 1512 2202 sentiunt,
1535 2174 1562 2196 et
1576 2175 1671 2195 omnes
1689 2167 1768 2203 165

137 2223 248 2258 ~630le
275 2224 408 2259 αἱρέσεων
444 2224 695 2258 προσερχομένους,
732 2223 770 2254 ὡς
799 2224 924 2258 Ἕλληνα,

985 2221 1130 2257 praedictas
1144 2220 1262 2246 haereses
1279 2226 1286 2244 :
1302 2223 1328 2244 ct
1345 2217 1385 2244 sic
1395 2217 1453 2244 ﬁeri
1475 2219 1575 2243 sancta:
1596 2214 1767 2242 communio-

148 2269 285 2304 δεχόμενοι
318 2270 538 2303 ἀνασαπτίζομεν
555 2277 563 2284 ·
598 2269 798 2303 Νεστοριανοὺς
824 2268 853 2295 δὲ
887 2270 924 2296 κα¹

986 2269 1029 2295 nis
1043 2265 1201 2302 participes.

149 2314 362 2349 Εὐτυχιανιστὰς
396 2316 444 2341 καὶ
482 2314 665 2350 Σεϐηριανοὺς
680 2333 687 2345 ,
722 2314 769 2340 καὶ
802 2315 865 2346 τοὺς
900 2316 932 2341 ὲκ
950 2315 1005 2341 τῶν
1019 2312 1125 2348 Δὁμοίων
1145 2309 1278 2344 αἱρέσεων
1294 2308 1348 2343 χρὴ
1367 2308 1453 2333 ποιεῖν
1469 2306 1618 2337 λιϐἐλλους,
1643 2305 1690 2332 καὶ
1703 2305 1770 2331 ἁνα-

150 2360 303 2394 θεματίζειν
312 2361 360 2395 τὴν
374 2361 490 2395 αἵρεσιν,
507 2360 554 2386 καὶ
567 2360 725 2395 Νεστόριον,
745 2360 792 2386 καὶ
813 2359 945 2394 Εὑτυχέα,
967 2358 1014 2385 καὶ
1045 2356 1200 2388 Διόσκορον,
1213 2353 1260 2379 καὶ
1279 2352 1408 2386 Σεεῆρον,
1424 2352 1472 2377 καὶ
1486 2351 1547 2381 τοὺς
1563 2349 1671 2380 λοιποὺς
1687 2349 1768 2383 ὲξὰρο

150 2414 214 2440 χους
232 2406 285 2433 τῶν
301 2406 428 2432 τοιούτων
448 2406 599 2440 αἱρέσεων,
615 2405 662 2431 καὶ
695 2405 757 2435 τοὺς
783 2405 948 2439 φρονοῦντας
984 2404 1020 2430 τὰ
1043 2400 1154 2432 αὐτῶν,
1185 2398 1233 2425 καὶ
1262 2399 1350 2429 πάσας
1374 2398 1423 2428 τὰς
1447 2395 1706 2431 προαναῳερομένας
1729 2396 1770 2421 αἱ-

152 2449 250 2485 ρέσεις,
271 2451 319 2478 καὶ
345 2451 416 2477 οὕτω
442 2449 660 2484 μεταλαμϐάνειν
687 2449 736 2483 τῆς
759 2449 840 2482 ἁγίας
871 2448 1024 2479 κοινωνίας.

222 2497 355 2524 Συνόδου
367 2498 492 2529 Νικαίας
506 2497 539 2523 τὸ
553 2496 705 2530 δεύτερον,
719 2497 818 2523 κανὼν
825 2499 862 2531 η’.

1174 2490 1287 2517 Concilii
1302 2488 1407 2516 Nica'm'
1423 2496 1440 2515 ll
1458 2496 1541 2514 canon
1559 2487 1586 2514 8.

155 2552 220 2578 Ὀτι
234 2553 465 2585 τοὺς-Ἐϐραίους
482 2553 516 2578 οὐ
531 2552 587 2585 χρὴ
603 2552 753 2585 δέχεσθαι,
769 2554 793 2578 εἱ
805 2552 847 2585 μή
863 2560 924 2579 ποτε

985 2549 1061 2583 Ωιιοό
1088 2545 1214 2585 Ηιόητοσ
1230 2554 1281 2572 non
1296 2548 1397 2578 aporlet
1416 2543 1527 2575 recipere
1543 2543 1594 2566 nm
1611 2548 1644 2566 ea:
1662 2549 1731 2574 pura
1745 2547 1770 2569 ει

223 2587 256 2618 ἐξ
272 2581 461 2620 είλικρινεῖπξ
471 2581 594 2619 intraui:
610 2581 858 2620 ἑῖὶιστρέψουάωλ.

996 2581 1003 2583 ἡ
1169 2583 1272 2608 sincera
1289 2585 1374 2606 mmle
1392 2581 1586 2604 convertantur.

189 2634 226 2666 η’.
244 2632 352 2667 Ἐπειδὴ
374 2632 543 2665 πλανώμενοι
566 2633 591 2657 οἱ
614 2633 645 2656 ἐκ
666 2632 715 2665 τῆς
733 2632 784 2657 τῶν
803 2631 924 2665 Ἐὅραίιιν

1012 2633 1039 2660 8.
1047 2632 1181 2666 Quoniam
1193 2630 1370 2657 Hebraeorum
1384 2624 1520 2659 religionis
1528 2622 1637 2656 quidam
1645 2628 1772 2650 errantes

157 2676 304 2712 θρησκείας
316 2697 323 2707 ,
340 2678 516 2712 μυκτηρίζειν
536 2676 626 2708 ἔδοξαν
653 2676 769 2711 Χριστὸν
793 2677 839 2702 τὸν
858 2676 924 2702 Θεὸν

987 2679 1126 2707 Christum
1143 2678 1227 2704 Deum
1242 2679 1366 2702 nostrum
1381 2672 1549 2699 subsannare
1563 2668 1611 2694 risi
1623 2674 1699 2700 sunt,
1711 2678 1773 2697 sese

157 2722 383 2756 προσποιούμενοι
405 2724 453 2757 μὲν
468 2721 673 2757 χριστιανίζειν,
687 2721 765 2748 αὑτὸν
780 2722 808 2747 δὲ
821 2721 924 2756 ἀρνοῦνι

988 2724 1162 2751 Christianos
1174 2729 1234 2748 esse
1249 2720 1390 2753 fingentes,
1406 2717 1492 2748 ipsum
1508 2717 1599 2738 autem
1615 2713 1772 2742 clanculum

156 2774 213 2798 τις,
244 2767 365 2802 κρύϐδην
390 2769 436 2795 καὶ
464 2768 599 2802 λαθραῑως
635 2768 860 2798 σαϐϐατὶζοντες,
889 2776 923 2793 κα

989 2774 1017 2796 et
1032 2768 1137 2795 occulte
1152 2770 1261 2801 negant,
1276 2764 1393 2791 Sabbata
1409 2762 1596 2791 observantes,
1618 2764 1647 2786 et
1659 2760 1712 2787 alia
1725 2761 1776 2788 ἆυ..

158 2811 181 2820 ’⁷
191 2819 239 2832 “‘l
248 2811 383 2840 Ἰουδαϊκὰ
395 2813 542 2845 ποιοῦντες,
554 2814 679 2848 ὀχιίζίιίκν
690 2814 799 2844 τούτους
814 2816 882 2847 μήτε
896 2813 924 2839 εἰ

990 2815 1067 2843 daica
1083 2813 1225 2844 facientes,
1245 2809 1398 2839 statuimus,
1415 2810 1443 2833 ut
1455 2811 1541 2839 neque
1556 2804 1588 2830 ad
1601 2808 1775 2835 communio-
