3842 6224
329 298 431 362 621

1430 296 1693 356 ΡΗΟΤΠ
1724 295 1997 357 PATRIA
2007 297 2226 357 RCHIE
2259 299 2368 359 CP.

3468 295 3575 357 628

328 427 475 474 nem,
512 425 685 479 neque
714 410 778 464 ad
806 410 1089 466 ecclesiam
1126 410 1516 474 admittanlur,
1568 413 1664 467 sed
1710 420 1892 481 aperte

2022 413 2300 478 ιοινωνίαν,
2345 414 2483 483 μήτε
2515 414 2595 477 είς
2623 414 2788 485 εὐχὴν
2809 454 2823 478 ,
2858 414 2996 483 μήτε
3034 414 3114 476 εἰς
3159 410 3460 480 ἐκκλησίαν
3488 410 3577 462 δέ·

328 502 761 559 sintsecundum
797 517 952 557 suam
977 503 1292 573 religionem
1326 503 1573 567 Hebraei;
1625 513 1680 557 et
1717 518 1893 572 neque

240 591 245 595 ’
329 594 468 648 ﬁlios
492 609 679 647 eorum
714 594 1005 662 baptizari,
1038 610 1214 665 neque
1242 610 1460 649 servum
1487 596 1554 649 ab
1574 596 1654 649 eis
1679 597 1784 648 emi
1810 597 1894 649 vel

327 685 619 755 possideri.
654 684 748 738 Sin
780 696 959 738 autem
994 701 1058 738 ex
1099 701 1235 755 pura
1269 694 1323 741 et
1359 686 1571 741 sincera
1623 683 1729 740 ﬁde
1771 686 1895 754 quis

324 791 511 829 eorum
538 790 857 841 conversus,
876 785 929 830 et
955 791 1020 829 ex
1059 785 1170 830 toto
1201 778 1365 830 corde
1395 775 1682 831 confessus
1709 775 1892 843 fuerit,

323 880 513 919 eorum
551 866 796 921 moribus
826 877 879 919 et
914 867 1079 920 rebus
1119 868 1390 921 insultans
1415 907 1429 932 ,
1481 867 1645 920 veluti
1696 866 1893 921 trium-

322 960 490 1027 phum
527 974 714 1027 agens,
750 966 810 1012 ut
847 966 902 1013 et
953 959 1043 1012 alii
1075 959 1393 1013 refellantur
1420 968 1474 1013 et
1508 959 1891 1027 corrigantur;

322 1064 445 1101 eum
483 1050 651 1117 recipi
683 1058 736 1103 et
762 1049 1023 1116 baptizari
1050 1057 1103 1103 et
1126 1049 1258 1115 .ejus
1310 1050 1510 1104 liberos
1538 1086 1551 1111 ,
1598 1058 1650 1103 et
1700 1058 1894 1103 cautos

322 1136 522 1201 reddi,
576 1147 639 1192 ut
683 1153 742 1192 se
793 1139 863 1192 ab
905 1138 1256 1193 Hebraeorum
1290 1139 1485 1193 studiis
1524 1146 1577 1191 et
1622 1137 1894 1192 institutis

322 1228 652 1282 abstineant.
683 1227 738 1282 Si
770 1238 946 1283 autem
1000 1244 1109 1283 non
1150 1228 1223 1283 ita
1265 1243 1323 1283 se
1367 1238 1577 1299 gerant,
1614 1242 1709 1284 eos
1742 1230 1893 1284 nullo

322 1318 485 1373 modo
515 1319 747 1373 admitti.

824 1493 1019 1547 Basilii
1061 1511 1228 1549 canon
1267 1497 1357 1551 47.

319 1583 408 1636 47.
443 1581 733 1638 Eneratitaa
754 1592 810 1638 et
842 1583 1197 1655 SaccOphori.
1224 1598 1331 1645 etc.
1358 1598 1417 1645 ut
1434 1608 1597 1661 supra
1614 1610 1737 1666 pag.
1765 1595 1887 1651 446.

388 1674 515 1728 CAP.
566 1674 685 1729 XV.
714 1705 785 1717 --
816 1674 1027 1731 .Utrum
1072 1679 1430 1737 demoniacus
1469 1681 1549 1738 vel
1607 1686 1665 1739 in
1711 1686 1890 1741 morbo

318 1765 549 1819 delirans
573 1766 885 1835 baptizatur.

741 1858 998 1914 Timothei
1031 1878 1252 1917 canones
1299 1864 1353 1931 2,
1385 1866 1437 1919 4.

388 1948 773 2018 interrogatio.
829 1949 882 2004 Si
921 1956 1346 2010 catechumenos
1377 1971 1406 2010 a
1440 1956 1686 2013 daemone
1713 1959 1887 2013 corri-

318 2041 522 2111 piatur,
561 2049 617 2095 et
650 2042 877 2096 voluerit
913 2042 1027 2111 ipse
1062 2044 1149 2098 vel
1190 2046 1299 2110 sui,
1327 2056 1384 2101 ut
1412 2058 1663 2104 sanctum
1714 2051 1891 2121 bapti-

322 2149 501 2189 smum
530 2134 781 2204 accipiat,
815 2134 1040 2189 debetne
1066 2138 1311 2207 accipere
1335 2154 1543 2206 annon,
1573 2149 1628 2197 et
1654 2145 1891 2200 maxime

321 2227 368 2280 si
411 2227 573 2280 morti
604 2226 947 2295 propinquus
992 2227 1191 2283 fuerit?

396 2316 557 2386 166
583 2314 888 2385 Responsio.
916 2317 972 2370 Si
1004 2317 1074 2379 is,
1114 2318 1262 2388 quia
1304 2319 1550 2375 daemone
1574 2323 1887 2395 corripitur,

323 2421 428 2461 non
454 2405 616 2462 fuerit
637 2405 707 2461 ab
738 2407 1021 2460 immundo
1043 2407 1237 2476 spiritu
1260 2408 1693 2474 mundatus,non
1716 2421 1893 2480 potest

321 2507 571 2552 mnctum
607 2495 935 2565 baptismum
986 2499 1269 2567 accipere;
1303 2499 1397 2553 sed
1431 2500 1489 2553 in
1526 2501 1676 2556 exitu
1705 2518 1736 2557 e
1780 2502 1890 2558 vita

318 2591 646 2657 baptizatur.

386 2681 763 2754 Interrogatio.
791 2683 847 2737 Si
874 2684 999 2752 quis
1051 2687 1499 2750 catechumenus,
1559 2700 1684 2741 cum
1746 2696 1895 2742 esset

320 2772 591 2839 inﬁrmus,
625 2785 817 2829 emota:
836 2777 1034 2831 mentis
1061 2774 1237 2831 factus
1254 2776 1344 2843 sit,
1378 2786 1509 2843 etc.,
1533 2786 1593 2831 ut
1616 2795 1740 2848 pag.
1763 2778 1889 2834 622.

389 2862 544 2919 CAP.
591 2864 732 2921 XVI.
760 2864 858 2920 'Ne
910 2867 1096 2921 mulier
1139 2868 1467 2937 purgationis
1510 2884 1623 2923 sua:
1667 2877 1896 2939 tempore

322 2957 649 3029 baptizatur.

829 3051 1085 3107 Timothei
1120 3070 1288 3108 canon
1322 3052 1375 3109 6.

392 3139 769 3214 Interrogatio.
803 3144 860 3198 Si
901 3146 1095 3199 mulier
1120 3147 1511 3202 catechumena
1544 3147 1760 3204 dederit
1788 3165 1891 3205 no-
1919 3134 1963 3192 α

320 3247 445 3286 men
472 3250 654 3300 suum,
682 3245 743 3290 ut
764 3236 1090 3307 baptizetnr,
1120 3250 1173 3292 et
1193 3239 1280 3293 die
1313 3238 1659 3308 baptismatis
1710 3241 1786 3294 illi
1822 3243 1894 3296 sit

320 3323 618 3379 secundum
644 3326 1090 3380 consuetudinem
1141 3328 1453 3394 mulierum,
1491 3328 1723 3383 debetne
1778 3331 1884 3385 hac

320 3413 409 3468 die
440 3413 724 3484 baptizari,
754 3431 821 3471 an
853 3416 1091 3481 diﬂ‘erre,
1123 3428 1177 3474 et
1198 3429 1458 3490 quantum
1485 3422 1754 3477 differre?
1852 3426 1855 3427 ⁷

388 3593 697 3663 Responsio.
722 3594 837 3651 Non
865 3596 1024 3651 debet
1051 3596 1225 3653 donec
1261 3611 1488 3670 purgata
1548 3599 1731 3655 fuerit.

387 3772 517 3827 CAP.
550 3772 712 3827 XVII.
753 3803 826 3814 —
871 3775 1013 3841 Quid
1047 3776 1095 3831 si
1129 3775 1525 3831 catechumcnus
1564 3789 1686 3833 ante
1720 3777 1893 3851 bapti-

323 3879 492 3919 smum
525 3865 1005 3922 communicaverit.

842 3957 1101 4014 Timothei
1122 3976 1292 4015 canon
1323 3961 1374 4016 I.

393 4047 772 4119 Interrogatio.
825 4049 881 4104 Si
931 4052 1145 4120 puellus
1190 4054 1651 4119 catecliumenus,
1704 4062 1893 4123 utpote

324 4154 592 4195 annorum
640 4150 871 4211 septem,
903 4144 987 4197 vel
1042 4144 1209 4199 homo
1239 4145 1402 4199 etiam
1456 4148 1732 4217 perfectus
1763 4147 1889 4201 dum

322 4231 477 4284 ﬁeret
504 4229 711 4284 oblatio
748 4243 1055 4302 opportune
1097 4235 1355 4301 adfuerit,
1391 4235 1620 4306 ejusque
1670 4236 1893 4291 nescius

324 4321 596 4389 particeps
637 4320 809 4377 factus
839 4324 930 4390 sit,
966 4323 1097 4392 quid
1135 4325 1202 4380 de
1229 4341 1294 4380 eo
1326 4326 1442 4379 Iieri
1480 4324 1680 4381 debet?

399 4410 707 4481 Responsio.
741 4413 907 4468 Debet
947 4415 1244 4470 illuminari
1277 4435 1290 4471 :
1323 4432 1353 4471 a
1394 4416 1503 4472 Deo
1543 4417 1693 4473 enim
1729 4431 1892 4472 voca-

330 4510 423 4557 1118
460 4512 565 4558 εει.

1997 503 2205 572 χεσθαι,
2252 505 2389 558 ἀλλὰ
2437 506 2683 575 φανερῶς
2725 506 2967 558 ἔστωσαν
3015 503 3159 558 κατὰ
3209 503 3312 574 τὴν
3359 501 3573 554 ἑαυτῶν

1999 593 2293 663 θρησκείαν
2335 595 2600 664 Ἑϐραῖοι,
2656 597 2795 666 μήτε
2840 597 2967 659 τοὺς
3008 595 3208 656 παῖδας
3252 592 3437 646 αὐτῶν
3471 591 3573 665 βα-

1995 683 2228 748 σιτίζειν,
2267 686 2403 754 μήτε
2451 684 2638 738 δοῦλον
2691 685 3005 754 ὠνήσασθαι
3033 684 3066 753 ἢ
3098 682 3357 737 κτᾶσθαι.
3406 683 3469 735 El
3510 683 3571 736 δὲ

1996 774 2095 826 καὶ
2131 774 2449 844 ἐπιστρέψει
2496 793 2580 838 τις
2614 776 2793 828 αὐτῶν
2823 776 2883 841 ea
2932 773 3259 845 εἰλικρινοῦς
3305 773 3568 837 πίστεως,

1996 865 2091 918 καὶ
2144 865 2468 934 ὁμολογήσει
2518 864 2579 930 ἐξ
2623 866 2751 935 ὅλης
2798 865 3058 936 καρδίας,
3094 864 3449 933 θριαμϐεύων
3497 865 3570 916 τὰ

1996 955 2117 1009 κατ’
2146 956 2323 1008 αὐτῶν
2352 956 2447 1027 ἔθη
2476 957 2570 1009 καὶ
2608 957 2929 1027 πράγματα,
2964 956 3100 1026 πρὸς
3139 956 3201 1008 τὸ
3249 957 3345 1008 καὶ
3374 954 3570 1016 ἄλλους

1994 1046 2318 1116 ἐλεγχθῆναι
2349 1048 2443 1099 καὶ
2471 1046 2887 1116 διορθώσασθαι,
2946 1046 3135 1099 τοῦτον
3168 1045 3567 1116 προσδέχεσθαι

1996 1138 2089 1189 καὶ
2122 1136 2425 1206 βαπτίζειν,
2449 1136 2545 1190 καὶ
2572 1136 2697 1199 τοῦς
2726 1136 2924 1198 παῖδας
2963 1134 3151 1199 αὐτοῦ,
3191 1136 3287 1187 καὶ
3332 1134 3566 1201 ἀσφαλέ-

1994 1224 2185 1287 ζεσθαι
2231 1224 2431 1286 αὐτοὺς
2459 1224 2762 1292 ἀποστῆναι
2801 1222 2908 1276 τῶν
2946 1222 3255 1292 Ἑϐραϊκῶν
3284 1222 3565 1290 ἐπιτηδευ-

1997 1315 2214 1385 μάτων·
2268 1317 2316 1368 εί
2364 1315 2419 1367 δὲ
2469 1314 2544 1384 μὴ
2591 1313 2763 1378 οὕτως
2810 1314 3001 1385 ἔχοιεν,
3052 1313 3320 1384 μηδαμῶς
3367 1314 3561 1376 αὐτοὺς

2000 1405 2411 1476 προσδέχεσθαι.

2414 1498 2739 1551 Βασιλείου
2776 1495 2981 1551 κανὼν
3016 1493 3129 1564 μζη

2067 1586 2176 1659 με’.
2219 1588 2569 1657 Ἐγκρατῖται
2598 1589 2693 1643 καὶ
2715 1588 3074 1659 Σακκοφόροι,
3102 1605 3158 1642 κ.
3190 1604 3242 1643 τ.
3274 1589 3328 1642 λ.

2062 1680 2313 1734 ΚΕΦΔΛ.
2360 1678 2463 1733 IE’.
2492 1710 2561 1723 —
2584 1680 2717 1746 Πῶς
2746 1683 2778 1735 ό
2798 1677 3302 1748 δαιμονιζόμενος,
3336 1678 3377 1744 ἣ
3416 1680 3449 1732 ὁ
3491 1679 3562 1731 ἐν

1925 1802 1965 1860 Β
1992 1770 2157 1835 νόσῳ
2182 1770 2585 1860 παραφρονῶν
2608 1772 2976 1836 βαπτίζεται.

2418 1859 2699 1930 Τιμοθέου
2736 1861 2935 1917 κανὼν
2972 1862 3037 1932 β’,
3073 1862 3138 1918 δ’.

2072 1954 2413 2025 Ἐρώτησις.
2442 1953 2508 2023 β’.
2545 1954 2672 2008 Ἐὰν
2706 1953 3147 2024 δαιμονιζόμενός
3172 1969 3260 2015 τις
3287 1951 3558 2021 κατηχοῦ-

1995 2067 2155 2121 μενος
2239 2090 2254 2115 ,
2300 2048 2398 2102 καὶ
2424 2047 2568 2100 θέλοι
2600 2046 2761 2109 αὐτὸς
2789 2046 2823 2116 ἢ
2862 2047 2911 2098 οἱ
2949 2045 3069 2098 ἴδιοι
3099 2042 3264 2097 αὑτοῦ
3307 2045 3395 2096 ἵνα
3420 2042 3558 2112 λάϐῃ

1990 2144 2051 2198 τὸ
2084 2142 2244 2211 ἅγιον
2277 2141 2581 2211 βάπτισμα,
2616 2139 2667 2191 εἰ
2688 2138 2891 2207 ὀφείλει
2916 2136 3099 2190 λαϐεῖν
3125 2136 3160 2208 ἢ
3189 2135 3271 2202 οὓ,
3327 2137 3423 2189 καὶ
3454 2136 3559 2205 μά-

1989 2230 2147 2285 λιστα
2170 2229 2266 2282 ἐὰν
2292 2228 2425 2296 περὶ
2452 2226 2544 2279 τὸν
2577 2224 2808 2279 θάνατόν
2842 2226 3025 2291 ὲστιν;

2074 2322 2430 2389 Ἀπόκρισις.
2461 2319 2585 2372 Ἐὰν
2610 2320 2640 2372 ὁ
2665 2317 3102 2388 δαιμονιζόμενος
3131 2317 3204 2387 μὴ
3251 2315 3557 2388 καθαρισθῇ

1992 2414 2101 2471 ἀπὸ
2127 2413 2221 2467 τοῦ
2249 2410 2561 2480 ἀκαθάρτου
2589 2408 2919 2479 πνεύματος,
2945 2409 3006 2461 οὐ
3030 2408 3255 2461 δύναται
3284 2408 3475 2459 λαϐεῖν
3500 2408 3560 2459 τὸ

1990 2507 2145 2575 ἅγιον
2173 2503 2484 2574 βάπτισμα·
2513 2502 2643 2570 περὶ
2668 2499 2726 2553 δὲ
2750 2498 2847 2570 τὴν
2877 2498 3073 2565 ἔξοδον,
3106 2498 3433 2569 βαπτίζεται

2075 2679 2390 2751 Ἐρώτησις
2452 2678 2515 2733 δ’.
2557 2678 2681 2732 Ἐάν
2735 2694 2819 2740 τις
2859 2676 3265 2747 κατηχούμενος
3318 2672 3559 2728 ἀσθενῶν

1991 2773 2221 2843 γένηται
2247 2770 2541 2840 ἑκφρενὴς,
2565 2786 2622 2826 κ.
2651 2785 2702 2823 τ.
2735 2768 2809 2830 λ.,
2838 2783 3000 2837 usque
3036 2767 3104 2819 ad
3127 2766 3483 2838 πειράζηται.

2062 2868 2317 2921 ΚΕΦΔΛ.
2348 2868 2465 2933 Ισν.
2483 2896 2552 2908 -
2574 2862 2712 2932 Περὶ
2734 2862 2841 2918 τοῦ
2868 2862 2949 2933 μὴ
2974 2862 3191 2931 χρῆναι
3222 2862 3563 2931 τυναῖκαὲν

1993 2958 2121 3025 ταῖς
2144 2959 2393 3030 ἡμέραις
2419 2955 2528 3024 τῆς
2562 2955 2903 3025 καθάρσεως
2926 2954 3114 3021 αὐτῆς
3126 2951 3557 3020 βαπτισθῆναι.

2474 3045 2759 3116 Τιμοθέου
2781 3045 2980 3101 κανὼν
3008 3051 3085 3109 ς’.

2078 3140 2400 3208 Ἐρώτησις
2449 3145 2524 3204 ς’.
2584 3138 2710 3191 Ἐὰν
2747 3137 2884 3206 γυνὴ
2937 3135 3323 3206 κατηχουμένη
3366 3132 3561 3186 δέδωκε

1996 3233 2058 3286 τὸ
2083 3233 2253 3302 ὄνομα
2276 3232 2444 3301 αὐτῆς
2473 3232 2562 3283 ἵνα
2596 3228 2863 3299 φωτισθῇ,
2899 3229 2994 3282 καὶ
3030 3227 3160 3296 περὶ
3204 3227 3304 3297 τὴν
3350 3224 3564 3295 ἡμέραν

1996 3321 2092 3377 τοῦ
2127 3321 2501 3391 βαπτίσματος
2521 3320 2743 3389 γέγονεν
2768 3319 2904 3387 αὑτῇ
2928 3317 2989 3370 τὸ
3015 3317 3136 3370 κατ’
3167 3316 3289 3378 ἔθος
3318 3314 3430 3366 τῶν
3463 3330 3564 3380 γυ-

1999 3413 2225 3480 ναικῶν,
2275 3414 2326 3466 ει
2356 3412 2565 3481 ὀφείλει
2593 3410 2927 3481 φωισθῆναι
2975 3409 3113 3478 αὐτῇ
3167 3410 3237 3477 τῇ
3285 3406 3499 3477 ἡμέρᾳ,
3530 3404 3564 3473 ἢ

2001 3504 2353 3577 ὑπερθέσθαι,
2377 3504 2473 3558 καὶ
2504 3502 2667 3555 πόσον
2687 3500 3017 3571 ὑπερθέσθαι
3040 3516 3055 3563 ;

2082 3595 2453 3663 Ἀπόκρισις.
2495 3590 2861 3661 ’Υπερθὲσθαι
2930 3587 3173 3657 ὀφείλει,
3217 3588 3324 3651 ἓως
3363 3588 3427 3641 ἂν
3469 3604 3568 3639 κα-

2003 3683 2258 3754 θαρισθῇ.

2072 3772 2327 3826 ΚΕΦΔΛ.
2360 3770 2459 3825 lZ’.
2487 3800 2553 3812 —
2588 3768 2725 3823 Ἐὰν
2757 3771 2790 3823 ὁ
2826 3768 3277 3837 κατηχούμενος
3309 3767 3421 3834 πρὸ
3458 3767 3566 3819 τοῦ

1995 3866 2418 3935 βαπτίσματος
2448 3862 2813 3930 κοινωνήσῃ.

2491 3956 2767 4024 Τιμοθέου
2795 3952 2995 4007 κανὼν
3024 3960 3094 4006 α’.

2080 4045 2401 4116 Ἐρώτησις
2439 4044 2508 4100 α’.
2571 4046 2696 4098 Ἐὰν
2744 4043 2953 4097 παιδίον
3006 4042 3409 4113 κατηχούμενον
3489 4042 3564 4103 ὡς

1999 4139 2141 4194 ἑπτὰ
2173 4140 2331 4205 ὲτῶν,
2353 4140 2521 4209 ἧγουν
2551 4137 2835 4209 ἄνθρωπος
2862 4135 3092 4199 τέλειος,
3128 4136 3429 4205 εὐκαιρήσῃ
3460 4150 3563 4185 που

2000 4230 2318 4304 προσφορᾶς
2365 4230 2689 4300 γινομένης,
2744 4230 2838 4281 καὶ
2886 4228 3095 4296 ἀγνοῶν
3142 4227 3454 4298 μεταλάϐοι,
3511 4228 3565 4279 τί

1999 4324 2202 4395 ὀφείλει
2232 4324 2474 4392 γίνεσθαι
2498 4322 2628 4395 περὶ
2656 4322 2855 4391 αὐτοῦ;

2086 4417 2453 4484 Ἀπόκρισις.
2485 4415 2822 4487 Φωτισθῆναι
2855 4416 3081 4487 ὀφείλειο
3112 4414 3267 4486 παρά
3295 4412 3427 4468 Θεοῦ
3458 4412 3563 4481 γὰρ

1919 4480 1974 4540 Ῑ)
1998 4480 2288 4578 κέκληταιξ

1641 4686 2043 4771 ΤΙΤΛΟΣ
2116 4689 2225 4772 Ε.

328 4801 489 4857 ΠΕΡΙ
528 4801 665 4855 ΤΩΝ
704 4801 1358 4874 κΑΤΑφΡοΝρΥΝτοΝ
1418 4803 1557 4874 'rnN
1603 4804 2031 4868 ΕΚΚΑΗΣΙΩΝ,
2073 4804 2196 4858 ιςΑι
2261 4802 2644 4866 ΣΥΝΑΞΕΩΝ,
2688 4803 2806 4857 κΑι
2864 4806 3193 4874 MNHMDN,
3232 4809 3353 4863 ΚΑΙ
3409 4808 3561 4862 Περι

1061 4872 1197 4926 ΤΩΝ
1236 4873 1619 4927 ΕΘΙΖΟΝΤΩΝ
1658 4874 1748 4926 ΕΝ
1788 4874 2144 4928 ΕΚΚΑΗΣΙΑ
2182 4875 2305 4927 ΚΑΙ
2341 4875 2499 4927 ΠΕΡΙ
2535 4874 2831 4930 ΔΓΑΠΩΝ.

1546 5050 1705 5122 167
1749 5067 2213 5145 TITULUS
2247 5071 2339 5145 V-

326 5180 415 5235 »ε
452 5179 538 5236 ns
575 5178 695 5246 om
730 5176 1205 5235 CONTEMNUNT
1247 5177 1641 5250 necessus,
1682 5180 1771 5235 ET
1831 5182 2152 5238 srmxss
2189 5183 2424 5250 ATQUE
2464 5183 2841 5248 MEMORIAS,
2886 5183 2975 5239 ET
3016 5184 3105 5238 on
3155 5186 3564 5244 M-ANDUCAN-

1104 5282 1109 5287 ι
1292 5247 1496 5303 TIBUS
1534 5250 1599 5304 IN
1628 5247 1633 5248 ⁷
1658 5252 2031 5319 ECCLESIIS,
2074 5253 2161 5307 ET
2215 5247 2607 5308 DE'AGAPIS.
2830 5247 2836 5248 ⁷
2877 5259 2881 5262 ’
3138 5250 3141 5257 ’

390 5361 622 5417 CAPUT
658 5360 954 5416 PRIMUM.
981 5387 1050 5399 —
1083 5359 1158 5412 De
1179 5359 1243 5413 iis
1271 5360 1359 5428 qui
1387 5360 1609 5427 docent,
1643 5363 1737 5419 Dei
1791 5367 1888 5419 do-

325 5468 468 5505 mum
503 5461 554 5505 et
587 5467 815 5521 synaxes
861 5462 911 5506 et
943 5451 1225 5505 memorias
1266 5448 1500 5505 ludibrio
1539 5470 1650 5508 esse
1695 5457 1891 5511 haben-

323 5546 439 5597 das.

553 5636 777 5691 Concilii
845 5636 1163 5706 Gangrensis
1215 5655 1436 5693 canones
1483 5640 1537 5704 5,
1586 5640 1677 5695 ΞΟ.

397 5730 449 5784 5.
480 5728 536 5784 Si
563 5729 686 5801 quis
711 5731 865 5786 docet
893 5731 1112 5801 domum
1144 5731 1235 5790 Dei
1266 5747 1385 5789 esse
1413 5733 1888 5801 contemnendam,

2067 5366 2468 5420 ΚΕΦΑΛᾹΙΟΝ
2501 5365 2795 5419 ΠΡΩΤΟΝ.
2824 5396 2894 5406 --
2927 5365 3063 5434 Περὶ
3100 5364 3218 5419 τῶν
3246 5365 3563 5422 διδασκόν-

1996 5458 2245 5521 των-,τὸν
2266 5454 2435 5512 οἷκον
2460 5457 2567 5511 τοῦ
2589 5456 2757 5521 Θεοῦ,
2786 5457 3004 5523 καὶτὰς
3026 5454 3318 5525 συγ-ἄξεις
3340 5459 3435 5513 καί
3463 5459 3561 5525 τὰς

1997 5552 2254 5624 μνήμας,
2287 5540 2847 5622 εὐκαταφρονήτους
2887 5550 3060 5608 εἶναι.

2272 5642 2542 5696 Συνόδου
2582 5641 2867 5711 Γαγγρῶν
2895 5644 3093 5696 κανὼν
3121 5643 3182 5708 ε’,
3222 5643 3288 5696 κ’.

2070 5732 2127 5789 ε’.
2158 5735 2225 5788 Ei’
2250 5752 2332 5797 τις
2362 5734 2596 5788 διδάσκει
2629 5736 2715 5789 τὸν
2742 5732 2885 5791 οἷκον
2916 5738 3005 5790 τοῦ
3065 5736 3198 5791 Θεοῦ
3224 5736 3560 5807 εὐκαταφρῶ
