3842 6224
215 234 319 298 629

1085 228 1483 290 SYNi‘AGMA
1516 224 1900 288 CANONUM.
1930 244 2000 255 -
2030 219 2179 278 TIT.
2209 218 2276 289 ν,
2311 215 2466 276 CAP.
2507 212 2556 285 Ι,
2592 210 2672 270 ΙΙ.

3344 198 3448 259 630

216 363 371 416 vnto:
415 338 582 413 εῖναι,
630 342 727 396 καὶ
771 342 867 407 τὰς
907 343 965 396 ἐν
1013 342 1163 412 αύτῷ
1211 340 1481 408 συνάξεις,
1527 341 1776 408 ἀνάθεμα
1804 344 1837 396 Α

1927 346 2083 402 ,(ιυω
2109 329 2247 384 ﬁunt
2286 328 2339 382 in
2385 341 2447 379 ea
2486 318 2970 392 congregationes,
3028 311 3098 365 sit
3135 308 3447 363 anathema.

218 439 379 492 ἔστω.

288 532 357 580 κ’.
388 526 457 579 Ei
481 541 564 589 τις
589 523 809 594 αἰτιῷτο
853 523 1186 593 ὑπερηφάνῳ
1232 522 1469 576 διαθέσει
1503 522 1778 593 κεχρημέ-

220 636 327 682 νος,
346 617 442 670 καὶ
470 616 891 686 βδελυσσόμενος
917 616 1017 677 τὰς
1045 614 1293 679 συνάξεις
1324 614 1435 668 τῶν
1464 613 1779 685 μαρτύρων,

222 711 256 781 ἢ
302 709 398 770 τὰς
449 709 504 760 ὲν
564 708 753 769 αὐταῖς
794 707 1085 776 γινομένας
1134 707 1500 778 λειτουργίας,
1557 706 1784 769 καὶτὰς

230 800 440 870 μνήμας
470 797 672 861 αὐτῶν,
702 796 945 865 ἀνάθεμα
977 796 1136 850 ἔστω.

226 890 490 945 Συνόδου
510 886 930 957 οίκουμενικῆς
957 887 1139 955 ἕκτης
1168 887 1368 942 κανὼν
1389 885 1499 953 ος¹,
1528 892 1643 956 πη¹,
1677 884 1784 952 ὶιξ.

299 988 409 1046 ος’.
443 983 564 1033 Ὅτι
600 981 661 1034 ού
688 980 797 1050 χρὴ
823 980 970 1031 ἔνδον
1016 980 1126 1033 τῶν
1173 979 1331 1049 ἰερῶν
1361 980 1661 1049 περιϐόλων
1695 994 1792 1031 κα⁸

1948 510 2040 565 20.
2071 508 2131 564 Si
2156 508 2279 577 quis
2310 503 2619 573 arrogantia
2663 508 2843 563 utens,
2889 504 2943 550 et
2974 500 3275 562 martyrum
3316 502 3451 542 con-

1883 600 2225 673 gregationes
2259 596 2585 654 abhorrens,
2618 599 2672 645 et
2719 602 2873 644 sacra
2913 600 3035 656 quae
3091 583 3146 637 in
3189 580 3270 634 eis
3313 577 3457 632 cele—

1884 671 2136 756 brantur,
2194 698 2248 744 et
2300 701 2492 742 eorum
2551 680 2846 738 memorias
2908 682 3131 732 accuset
3208 671 3281 728 sit
3324 684 3457 725 ana-

1886 783 2089 837 thema.

1993 870 2219 926 Concilii
2241 866 2543 923 aerumenici
2567 865 2703 919 sexti
2733 876 2977 923 canones,
3006 858 3095 922 76,
3132 856 3223 922 88,
3256 854 3351 910 97.

1961 962 2048 1017 76.
2119 961 2275 1027 Quod
2299 974 2406 1013 non
2471 965 2687 1026 oportet
2742 955 2884 1007 intra
2946 958 3163 1006 sanctos
3225 945 3460 1001 ambitus

231 1038 500 1141 πηλεὼνῆ
530 1070 602 1121 τὰ
629 1038 736 1121 διά·
755 1038 1061 1138 β’ρωμάτων
1088 1068 1200 1138 εἴδη
1222 1038 1579 1138 προτιθέναι,
1610 1067 1644 1135 ἢ
1671 1066 1791 1119 ἑτέ-

1927 1053 2283 1123 auponariam
2323 1048 2616 1111 ofﬁcinam,
2647 1045 2730 1099 vel
2788 1042 3036 1097 ciborum
3088 1038 3295 1108 species
3333 1048 3463 1105 pro-

233 1137 329 1233 ραής
354 1137 582 1231 πράσεις
612 1137 977 1222 ποιεῖσθαι,τδ
1010 1137 1305 1227 σεϐάσμιον
1331 1161 1449 1221 ταῖς
1475 1156 1794 1227 ἐκκλησίαις

1927 1161 2119 1211 onere,
2146 1144 2231 1197 vel
2269 1143 2406 1196 alias
2434 1138 2780 1194 venditiones
2818 1137 3021 1197 lacere,
3053 1145 3209 1186 suam
3232 1139 3467 1182 venera-

234 1251 620 1321 φυλάσσοντας.
662 1251 721 1304 ’0
749 1250 862 1321 γὰρ
892 1251 1084 1321 Σωτὴρ
1112 1249 1268 1320 ἡμῶν
1298 1250 1391 1303 καὶ
1414 1248 1671 1312 Θεὸς,διά
1696 1248 1796 1316 τῆς

234 1346 290 1396 ὲν
320 1344 485 1415 σαρκὶ
506 1343 784 1405 πολιτείας
814 1342 1179 1411 παιδαγωγῶν
1208 1343 1374 1411 ἡμᾶς,
1401 1342 1473 1411 μὴ
1502 1344 1676 1393 ποιεῖν
1704 1338 1797 1392 τὸν

234 1433 377 1491 οἶκον
408 1439 505 1491 τοῦ
550 1438 769 1508 Πατρὸς
800 1438 987 1500 αὑτοῦ,
1030 1439 1292 1506 ἐμπορίου
1335 1433 1504 1500 οἷκον,
1556 1450 1797 1504 παρεκε-

234 1530 447 1584 λεύετο·
480 1530 539 1593 ὃς
583 1528 678 1582 καὶ
720 1528 830 1582 τῶν
862 1527 1231 1581 κολλυϐιστῶν
1260 1528 1321 1579 τὸ
1368 1527 1550 1597 κέρμα
1592 1525 1797 1596 ἐξέχεε,

237 1619 329 1672 καὶ
362 1620 494 1682 τοὺς
518 1619 579 1671 τὸ
619 1619 761 1688 ἱερὸν
814 1617 1251 1681 κοινοποιοῦντας
1288 1618 1589 1687 ἀπήλασεν.
1625 1616 1693 1669 El’
1718 1634 1801 1680 τις

237 1710 325 1763 οὖν
348 1709 442 1761 ἐπὶ
485 1709 565 1779 τῷ
607 1711 954 1780 προκειμένῳ
984 1708 1097 1779 ἁλῷ
1127 1708 1582 1779 πλημμελήματι,
1608 1709 1802 1778 ἀφοριο

238 1798 427 1863 ζέσθω.

306 1896 415 1960 πη’.
445 1888 657 1958 Μηδεὶς
695 1888 843 1942 ἔνδον
889 1887 1038 1956 ίεροῦ
1084 1887 1237 1951 ναοῦ,
1284 1887 1481 1957 κτῆνος
1514 1884 1575 1939 τδ
1599 1884 1806 1939 οίονοῦν

239 1980 531 2049 εἰσαγέτω·
592 1980 749 2043 ὲκτδς
796 1981 843 2032 εἰ
899 1980 975 2050 μή
1025 1995 1110 2041 τις
1166 1978 1483 2046 ὁδοιπορῶν,
1545 1977 1807 2045 μεγίστης

241 2069 651 2141 καταλαϐούσης
696 2070 978 2138 ἀνάγκης,
1026 2068 1271 2122 οἰκίσκου
1332 2069 1425 2121 καὶ
1474 2068 1808 2134 καταγωγῆς

240 2161 473 2232 ἀπορῶν,
498 2163 559 2214 ὲν
585 2161 666 2231 τῷ
695 2159 923 2229 τοιούτῳ
954 2158 1247 2214 καταλύσει
1278 2159 1412 2228 ναῷ.
1456 2160 1553 2211 Διά
1585 2159 1694 2226 γὰρ
1716 2158 1808 2211 τοῦ

246 2253 317 2324 μὴ
344 2253 403 2305 τὸ
431 2252 633 2322 κτῆνος
663 2251 809 2305 ἔνδον
838 2251 1230 2321 εἰσενεχθῆναι,
1251 2251 1384 2305 αὐτὸ
1415 2250 1514 2319 μὲν
1546 2250 1693 2303 ἐστιν
1722 2250 1811 2302 ὅτε

242 2342 689 2412 διαφθαρήσεται,
725 2342 753 2393 ό
783 2340 840 2393 δὲ
887 2344 952 2411 τῇ
993 2339 1089 2393 τοῦ
1126 2340 1419 2405 ὑποζυγίου
1451 2337 1688 2408 ἀποϐολῇ
1721 2337 1813 2390 καὶ

242 2432 319 2501 τῷ
346 2432 601 2485 ἐντεῦθεν
642 2433 835 2501 ἀπόρῳ
876 2432 976 2500 τῆς
1002 2431 1097 2483 ἐπὶ
1124 2431 1223 2500 τὴν
1269 2429 1576 2499 ὁδοιπορίαν
1613 2426 1810 2498 ὁρμῆς,

220 2519 471 2573 «θανάτου
519 2519 752 2589 κινδύνῳ
786 2520 1243 2589 παραδοθήσεται.
1279 2519 1353 2571 Τὸ
1399 2518 1508 2587 γὰρ
1538 2517 1815 2570 Σάϐϐατον

248 2610 328 2664 διά
359 2611 445 2663 τὸν
476 2611 764 2681 ἄνθρωπον
794 2611 1044 2678 γενέσθαι
1066 2609 1490 2679 ὲκδιδασκόμεθα
1515 2624 1529 2639 ⁸
1558 2608 1698 2661 ὥστε
1728 2608 1817 2662 διά

250 2702 458 2756 πάντων
504 2704 881 2774 προτιμητέαν
938 2701 1191 2771 ἡγεῖσθαι
1240 2701 1339 2772 τὴν
1376 2700 1471 2755 τοῦ
1528 2700 1816 2771 ἀνθρώπου

253 2795 521 2865 σωτηρίαν
551 2812 609 2847 τε
642 2795 736 2848 καὶ
762 2794 1053 2848 ἀπάθειαν.
1104 2795 1167 2846 Εἰ
1201 2792 1256 2845 δέ
1286 2809 1371 2854 τις
1399 2790 1680 2862 φωραθείη
1708 2808 1817 2859 χω-

255 2884 334 2954 ρὶς
371 2885 643 2955 ἀνάγκης,
672 2885 869 2954 κτῆνος
922 2885 1159 2952 εἰσάγων
1198 2886 1257 2936 ὲν
1301 2882 1381 2953 τῷ
1428 2882 1577 2953 ἱερῷ,
1624 2884 1672 2934 εἰ
1719 2882 1818 2950 μὲν

252 2972 506 3044 κληρικὸς
554 2975 664 3045 εἰη,
720 2973 1123 3045 καθαιρείσθω·
1161 2977 1210 3027 εἰ
1252 2973 1310 3027 δὲ
1354 2974 1574 3037 λαῖκδς,
1621 2976 1818 3044 ἀφορι-

255 3062 441 3127 ζέσθω.

320 3241 422 3310 ιις.
469 3243 618 3306 Τοὺς
651 3242 684 3313 ἢ
725 3243 940 3312 γαμετῇ
972 3239 1354 3300 συνοικοῦντας
1397 3238 1430 3309 ἢ
1474 3238 1647 3301 ἄλλως
1679 3236 1825 3291 ἀδια-

260 3334 451 3403 κρίτως
506 3332 640 3395 τοὺς
702 3333 880 3400 ίεροὺς
936 3331 1135 3390 τόπους
1188 3327 1628 3389 κοινοποιοῦντας
1654 3366 1669 3391 ,
1731 3326 1828 3378 καὶ

259 3423 742 3496 καταφρονητικῶς
770 3423 899 3495 περὶ
929 3424 1125 3485 αὐτοὺς
1163 3421 1405 3491 ἔχοντας,
1439 3421 1531 3474 καὶ
1569 3417 1739 3481 οὕτως
1770 3418 1828 3469 ὲν

260 3516 433 3578 αὐτοῖς
459 3515 893 3584 καταμένοντας,
924 3514 1019 3567 καὶ
1048 3515 1111 3566 ὲκ
1139 3513 1247 3567 τῶν
1271 3514 1328 3565 ὲν
1359 3511 1471 3573 τοῖς
1512 3508 1828 3579 σεϐασμίοις

261 3609 399 3670 ναοῖς
430 3607 860 3676 κατηχουμένων
903 3603 1219 3669 ἐξωθεῖσθαι
1279 3600 1713 3672 προστάσσομεν.
1765 3599 1830 3651 Εἰ

261 3696 314 3750 δέ
338 3714 419 3761 τις
454 3699 535 3769 μὴ
563 3698 723 3751 τοῦτο
764 3696 1164 3767 παραφυλάξει,
1196 3695 1247 3746 εἰ
1282 3694 1381 3763 μὲν
1428 3690 1688 3762 κληρικδς
1717 3688 1829 3762 εἰη,

263 3788 664 3861 καθαιρείσθωι
698 3790 747 3842 εἰ
776 3789 832 3842 δὲ
869 3787 1079 3855 λαῖκδς,
1116 3783 1482 3856 άφοριζέσθω.

332 4053 584 4109 ΚΕΨᾹΔ.
616 4050 693 4108 B'.
717 4082 785 4095 -—
811 4052 952 4119 Περί
994 4049 1102 4105 τοῦ
1143 4049 1228 4120 μὴ
1269 4048 1463 4104 ποιεῖν
1499 4050 1568 4102 ὲν
1614 4049 1833 4117 ἐκκλη-

268 4140 423 4209 σίαις
452 4142 713 4212 ἀγάπης.

542 4231 815 4287 Συνόεου
840 4230 1191 4296 Λαοδικείας
1218 4229 1418 4283 κανὼν
1447 4237 1553 4301 κη’.

1895 1236 2100 1290 tionem
2130 1231 2378 1287 ecclesiis
2422 1237 2726 1284 servantes.
2770 1224 3023 1279 Salvator
3062 1221 3209 1275 enim
3256 1227 3465 1279 noster,

1896 1333 1951 1380 et
1979 1323 2144 1385 Deus,
2176 1336 2274 1391 per
2307 1334 2465 1374 suam
2515 1318 2571 1371 in
2620 1329 2787 1371 carne
2814 1310 3031 1369 vivendi
3073 1310 3339 1363 rationem
3373 1320 3470 1359 nos

1900 1414 2217 1474 instituens,
2256 1426 2365 1465 non
2399 1408 2579 1463 facere
2627 1408 2847 1461 domum
2875 1402 3061 1456 Patris
3113 1400 3197 1453 sui
3243 1398 3471 1452 domum

1900 1502 2287 1572 negotiationis
2308 1501 2533 1570 iussit“
2554 1516 2569 1564 ;
2593 1499 2685 1568 qui
2752 1498 2917 1552 etiam
2980 1489 3472 1547 nummulariorum

1905 1608 2124 1649 mensas
2170 1590 2383 1659 eﬂ‘udit,
2426 1599 2479 1644 et
2517 1604 2612 1645 eos
2678 1588 2773 1658 qui
2835 1585 3009 1639 forum
3054 1594 3342 1636 commune
3391 1578 3472 1631 fa-

1835 1680 1877 1733 Β
1905 1685 2077 1751 ciunt,
2118 1682 2300 1753 eiecit.
2335 1682 2393 1735 Si
2424 1681 2547 1749 quis
2594 1693 2723 1747 ergo
2764 1676 2820 1730 in
2862 1674 3123 1745 praedicto
3152 1669 3348 1727 delicto
3378 1667 3475 1723 de-

1904 1775 2210 1847 prehensus
2237 1771 2423 1835 fuerit,
2469 1778 2798 1839 scgregetur.

1982 1861 2280 1934 168i88.
2344 1859 2517 1915 Nemo
2562 1860 2702 1913 intra
2751 1856 2922 1911 aedem
2976 1870 3187 1911 sacram
3244 1850 3479 1923 quodvis

1903 1956 2213 2026 iumentum
2270 1952 2621 2016 introducat;
2648 1949 2752 2003 nisi
2798 1946 2941 2002 forte
2971 1946 3151 1999 viator
3182 1942 3478 2014 quispiam,

1909 2044 2144 2100 maxima
2182 2050 2409 2112 urgente
2435 2041 2781 2101 necessitate,
2816 2037 3162 2092 domuuculze
3188 2035 3271 2089 vel
3305 2033 3482 2087 diver-

1910 2136 2040 2192 sorii
2059 2135 2307 2205 indigens
2348 2133 2403 2186 in
2447 2132 2496 2185 id
2530 2131 2790 2200 templum
2835 2128 3137 2183 diverterit.
3168 2125 3283 2179 Nisi
3337 2123 3481 2177 enim

1907 2228 2216 2298 iumentum
2244 2225 2613 2279 introductum
2657 2222 2845 2288 fuerit,
2878 2222 3058 2289 ipsum
3089 2219 3307 2289 quidem
3344 2231 3484 2269 non-

1913 2330 2194 2386 nunquam
2225 2315 2441 2385 peribit,
2475 2316 2563 2367 hic
2596 2327 2728 2366 vero
2767 2320 2987 2381 propter
3016 2310 3252 2379 iumenti
3301 2305 3469 2359 amis-

1914 2410 2146 2472 sionem,
2186 2416 2241 2461 et
2298 2405 2575 2459 facultatis
2617 2404 2686 2456 ad
2740 2402 2846 2456 iter
2898 2399 3266 2470 peragendum
3299 2413 3365 2451 ex
3421 2410 3487 2448 co

1916 2496 2215 2567 profectam
2245 2495 2507 2564 inopiam,
2548 2494 2741 2547 mortis
2782 2490 3025 2561 periculo
3051 2489 3311 2543 tradetur.
3348 2486 3481 2539 Sab-

1914 2589 2101 2643 hatum
2155 2586 2298 2641 enim
2348 2593 2569 2655 prepter
2596 2584 2872 2638 hominem
2923 2581 3127 2635 factum
3159 2594 3284 2633 esse
3322 2578 3489 2631 doce-

1917 2694 2043 2733 mur
2116 2696 2129 2732 :
2184 2676 2542 2747 quamobrem
2592 2683 2645 2729 et
2710 2689 2806 2742 per
2863 2672 3045 2726 omnia
3092 2669 3488 2740 praeferendam

1917 2787 2040 2829 esse
2064 2771 2379 2826 existimare
2425 2766 2662 2821 hominis
2692 2765 2920 2819 salutem
2945 2772 2999 2817 et
3035 2761 3488 2816 incolumitatem.

1920 2863 2189 2930 Quocirca
2229 2860 2273 2915 si
2326 2861 2450 2929 quis
2488 2856 2862 2925 deprehensus
2895 2853 3057 2906 fuerit
3108 2852 3225 2905 sine
3258 2850 3495 2903 necessi-

1920 2963 2030 3009 tate
2053 2952 2363 3023 iumentum
2408 2949 2460 3003 in
2492 2946 2754 3015 templum
2787 2942 3165 3005 introducens,
3190 2940 3235 2995 si
3272 2939 3342 2993 sit
3371 2937 3494 3007 qui-

1846 3014 1889 3077 C
1924 3043 2047 3099 dem
2079 3042 2333 3105 clericus,
2373 3038 2713 3107 deponatur;
2767 3034 2811 3088 si
2835 3048 2966 3087 vero
3011 3031 3206 3094 laicus,
3246 3041 3495 3096 segrege-

1925 3144 2036 3190 tur.

1998 3226 2088 3279 97.
2124 3222 2233 3278 Eos
2256 3223 2351 3292 qui
2385 3220 2468 3276 vel
2499 3235 2621 3275 cum
2658 3231 2827 3273 uxore
2866 3213 3201 3275 cohabitant,
3239 3208 3324 3263 vel
3356 3205 3496 3261 alio-

1927 3316 2020 3387 qui
2050 3312 2527 3369 iudiscriminatim
2552 3325 2706 3365 sacra
2742 3310 2859 3362 loca
2887 3305 3203 3363 communia
3232 3303 3438 3358 faciunt
3477 3317 3490 3353 :

1928 3414 1981 3461 et
2005 3405 2353 3473 contemptim
2383 3404 2436 3456 in
2468 3402 2549 3456 eis
2579 3400 2904 3462 aﬂiciuntur,
2941 3406 2998 3451 et
3029 3396 3110 3453 sic
3140 3396 3194 3449 in
3227 3394 3309 3449 eis
3368 3406 3498 3461 pcr-

1929 3501 2190 3557 manent;
2223 3490 2387 3544 etiam
2422 3488 2604 3554 exiis,
2642 3502 2764 3557 quae
2814 3495 2941 3540 sunt
2998 3484 3053 3538 in
3104 3479 3503 3536 venerabilibus

1930 3584 2168 3653 templis,
2200 3581 2716 3637 catechumenorum
2753 3576 3138 3631 mansionibus
3166 3571 3380 3629 extrudi
3409 3572 3503 3641 iu-

1930 3675 2145 3733 bemus.
2175 3670 2231 3726 Si
2262 3671 2386 3741 quis
2410 3679 2589 3724 autem
2615 3669 2731 3723 haec
2765 3683 2876 3721 non
2910 3666 3168 3732 servavit,
3200 3664 3245 3720 si
3280 3664 3350 3718 sit
3374 3663 3501 3731 qui-

1932 3765 2056 3819 dem
2085 3761 2339 3829 clericus,
2370 3759 2707 3832 deponatur;
2739 3758 2784 3814 si
2812 3772 2945 3813 vero
3003 3756 3200 3823 laicus,
3254 3764 3505 3823 segrege-

1934 3864 2041 3910 tur.

2003 4053 2156 4107 CAP.
2192 4054 2255 4112 ll.
2287 4078 2355 4094 --
2390 4052 2467 4108 Ne
2498 4066 2554 4104 tn
2584 4049 2817 4105 ecclesiis
2848 4050 2980 4117 ﬁant
3018 4048 3223 4117 aga'pw.

2292 4234 2522 4292 Concilii
2543 4232 2837 4286 Laodiceni
2858 4245 3031 4283 canon
3066 4225 3157 4280 28.

331 4324 436 4393 κη’.
462 4325 588 4378 Ὅτι
620 4324 683 4377 οὐ
712 4323 793 4375 δεῖ
816 4323 873 4373 ὲν
901 4325 1013 4385 τοῖς
1039 4323 1358 4391 Κυριακοίς,
1384 4322 1417 4391 ἢ
1468 4322 1526 4374 ὲν
1573 4322 1693 4383 ταῖς
1742 4321 1836 4372 ὲκο

2009 4328 2078 4381 28
2101 4327 2253 4395 Quod
2286 4342 2395 4380 non
2422 4331 2633 4394 oportet
2654 4322 2707 4375 in
2737 4320 2872 4375 locis
2899 4316 3218 4379 Dominicis,
3246 4312 3332 4367 vei
3349 4311 3403 4365 in
3425 4326 3514 4366 ee-

270 4416 513 4487 κλησίαις
538 4417 637 4476 τάς
668 4414 966 4483 λεγομένας
994 4415 1212 4481 ἀγάπας
1242 4415 1415 4465 ποιεῖν
1434 4452 1450 4478 ,
1479 4413 1574 4465 καὶ
1598 4412 1745 4465 ἔνδον
1777 4412 1835 4465 ὲν

1942 4421 2147 4485 clesiis,
2176 4434 2272 4474 cas
2290 4433 2414 4487 qua:
2436 4416 2696 4471 dicuntur
2718 4426 2917 4483 agapas
2952 4410 3152 4476 facere,
3174 4418 3228 4462 et
3250 4406 3304 4461 in
3351 4405 3513 4459 domo

270 4507 344 4577 τῷ
370 4508 503 4578 οἴκῳ
533 4506 738 4559 ἐσθίειν
769 4506 863 4557 καὶ
889 4503 1156 4557 ἁκούϐιτα
1184 4502 1533 4573 στρωννύειν.

502 4592 775 4647 Συνόδου
806 4591 1224 4660 Καρθαγένννης
1258 4589 1461 4644 κανὼν
1491 4590 1600 4661 μβ’.

343 4682 448 4753 μβ’.
468 4684 607 4751 Περί
645 4681 752 4736 τοῦ
767 4680 852 4751 μὴ
890 4681 1203 4751 συμπόσια
1223 4681 1293 4735 ἐν
1329 4680 1459 4747 ταῖς
1482 4681 1839 4748 ἐκκλησίαις

273 4773 690 4830 ἐπιτελεῖσθαι.

341 4868 502 4920 Ὥστε
534 4865 918 4936 ἐπισκόπουςῆ
945 4866 1260 4936 κληρικοὺς,
1292 4867 1349 4919 ἐν
1375 4869 1496 4929 ταῖς
1520 4865 1839 4936 ἐκκλησίαις

282 4960 352 5030 μὴ
374 4957 864 5029 συμποσιάζεσθαι,
902 4960 950 5010 εἰ
980 4961 1053 5029 μή
1077 4960 1130 5026 γ’
1155 4958 1223 5011 ἂν
1240 4958 1402 5029 τυχὸν
1426 4958 1638 5029 ἀνάγκη
1665 4956 1842 5021 ξενίας

280 5050 555 5113 διαϐάντες
585 5052 700 5103 ἐκεῖ
731 5048 1109 5103 καταλύσωσι’
1156 5050 1248 5101 καὶ
1285 5050 1333 5101 oi
1367 5050 1487 5101 λαοὶ
1516 5049 1572 5102 δὲ
1602 5048 1711 5102 ἀπὸ
1735 5048 1845 5101 τῶν

280 5143 697 5211 τοιουτοτρόπων
746 5141 1086 5211 συμποσίων,
1113 5141 1235 5195 ὅσον
1284 5140 1508 5194 δυνατόν
1546 5145 1686 5206 ἐστι,
1739 5157 1845 5193 κω⁴

284 5233 529 5288 λυθῶσιν.

286 5327 546 5380 Συνόδου
570 5325 987 5395 οἰκουμενικῆς
1016 5326 1197 5394 ἕκτης
1221 5325 1421 5380 κανὼν
1456 5325 1548 5386 οδ’.
1590 5324 1695 5389 ος’,
1740 5324 1847 5391 ιτζί.

351 5417 439 5469 οδ’.
472 5416 593 5469 ’Ότι
616 5418 678 5469 οὐ
713 5418 791 5470 δεῖ
817 5419 872 5470 ὲν
898 5421 1007 5480 τοῖς
1039 5418 1339 5485 Κυριακοτς
1360 5416 1392 5484 ἢ
1417 5417 1472 5471 ἐν
1503 5419 1622 5479 ταῖς
1650 5416 1848 5483 ἐκκλη-

358 5613 398 5643 ⁵⁸
425 5614 598 5668 Mssa.
626 5631 700 5682 ιι,
730 5614 814 5668 l7.

1942 4511 2038 4567 Dei
2066 4511 2372 4573 comedere,
2399 4518 2453 4561 et
2475 4506 2757 4561 accubitus
2786 4512 3050 4559 sternere.

2194 4599 2417 4654 Concilii
2472 4594 2906 4665 Carthaginensis
2957 4608 3126 4646 canon
3172 4588 3264 4644 42.

2015 4693 2085 4747 42
2120 4694 2182 4748 Ut
2209 4694 2265 4746 in
2290 4690 2519 4745 ecclesiis
2552 4687 2792 4742 convivia
2824 4685 3037 4739 minime
3061 4682 3403 4737 celebrentur.

2017 4864 2087 4919 Ut
2124 4864 2257 4918 nulli
2288 4862 2526 4931 episcopi
2560 4858 2644 4914 vel
2666 4856 2852 4912 clerici
2880 4856 2935 4910 in
2969 4854 3198 4909 ecclesia
3224 4848 3518 4904 conviven-

1944 4968 2056 5019 tur,
2093 4956 2198 5010 nisi
2224 4955 2363 5009 forte
2390 4959 2739 5008 transeuntes
2790 4948 3155 5017 hospitiorum
3196 4938 3519 4996 necessitate

1946 5050 2055 5104 illic
2098 5046 2258 5117 169
2311 5044 2557 5099 reﬁciant
2594 5062 2608 5098 :
2643 5041 2829 5112 populi
2865 5041 3030 5094 etiam
3084 5038 3153 5090 ab
3204 5029 3518 5101 huiusmodi

1947 5140 2234 5204 conviviis,
2262 5144 2528 5206 quantum
2559 5134 2674 5188 ﬁeri
2704 5139 2886 5202 potest
2909 5126 3320 5198 prohibeantur.

2056 5314 2283 5371 Concilii
2315 5314 2619 5369 acumenici
2648 5311 2783 5366 sexti
2814 5321 3037 5362 canones
3064 5304 3151 5369 74,
3197 5301 3285 5366 76,
3323 5299 3413 5354 97.

2028 5410 2113 5463 74.
2168 5408 2324 5473 Quod
2356 5423 2465 5462 non
2493 5403 2785 5475 oportetin
2826 5397 3124 5455 Dominicis
3152 5393 3289 5449 locis
3324 5390 3527 5446 velec-
