3912 6244
379 271 479 334 631

1562 278 1825 338 ΡΗΟΤΙΙ
1861 281 2365 342 ΡΑΤΗΙΑΒΟΗᾸΕ
2388 284 2496 345 CP.

3523 286 3624 350 632

380 382 565 437 clesiis
595 397 688 437 eas
715 398 837 453 qua:
866 383 1126 438 dicuntur
1163 397 1383 453 agapas,
1420 384 1470 438 id
1504 395 1607 449 est,
1654 388 1949 443 cltaritatcs

2075 392 2221 456 τίαις,
2251 392 2350 456 τὰς
2393 391 2691 462 λεγομένας
2729 391 2952 460 άγάπας
2995 394 3189 456 ποιεῖν,
3242 395 3339 447 καὶ
3379 394 3527 449 ἔνδον
3569 400 3624 451 ἐν

381 471 582 536 facere,
613 481 667 526 ct
722 473 871 526 intus
919 472 973 525 in
1032 470 1149 526 aede
1203 474 1511 536 comedere,
1562 483 1617 529 et
1668 477 1952 531 accubitus

377 571 644 618 sternere.
684 562 787 629 Qui
817 572 999 619 autem
1038 563 1143 620 hoc
1167 564 1287 619 ausi
1338 562 1563 631 fuerint,
1606 568 1688 621 vel
1714 578 1951 635 cessent,

380 658 464 710 vel
491 665 867 725 segregentur.

444 744 706 811 76.Quod
737 760 844 800 non
879 749 1106 815 'oportet
1136 745 1275 801 intra
1302 754 1521 802 sanctos
1546 747 1802 813 ambitus,
1822 762 1951 813 etc.,

378 847 436 888 ut
475 853 637 903 supra
660 853 781 907 pag.
817 835 945 892 650.

447 925 536 993 97.
571 925 679 981 Eos
728 927 822 997 qui
856 929 936 983 vel
981 944 1107 984 cum
1159 941 1328 984 uxore
1366 927 1705 995 cohabitant,
1735 939 1868 995 etc.,
1895 939 1954 985 ut

373 1030 495 1087 pag.
528 1017 656 1073 630.

449 1108 515 1162 Et
542 1115 722 1163 const.
759 1109 813 1175 '5,
870 1109 953 1163 tit.
988 1109 1074 1176 i2,
1148 1108 1243 1163 lib.
1276 1108 1326 1162 l.
1375 1107 1499 1163 cod.
1528 1118 1699 1173 vetat,
1734 1124 1803 1164 ne
1854 1111 1950 1179 qui

378 1195 442 1250 ad
480 1197 679 1267 templa
718 1198 1060 1269 confugiunt,
1093 1199 1144 1252 in
1187 1198 1254 1253 iis
1281 1200 1445 1253 edant
1492 1207 1588 1253 aut
1634 1199 1949 1255 dormiant:

378 1286 473 1341 sed
524 1301 714 1341 secure
767 1288 820 1342 in
866 1288 1173 1356 vestibulis,
1231 1291 1407 1354 atriis,
1450 1290 1774 1359 porticibus,
1837 1291 1953 1347 hal-

377 1378 515 1446 neis,
554 1388 610 1433 et
635 1379 809 1435 hortis
849 1380 1068 1450 degant.

446 1556 601 1613 CAP.
626 1558 717 1613 Ill.
751 1590 821 1600 —
851 1560 927 1615 De
959 1561 1319 1630 spernentibus
1339 1580 1557 1636 agapas,
1587 1565 1799 1637 etquod
1836 1564 1955 1620 inde

375 1656 550 1715 partes
577 1650 788 1715 auferre
820 1668 923 1705 non
948 1661 1185 1721 oporteat

709 1824 934 1879 Concilii
964 1825 1284 1897 Gangrenst's
1316 1844 1481 1883 canon
1514 1829 1601 1884 11.

447 1908 536 1963 il.
572 1909 628 1964 Si
651 1913 776 1981 quis
802 1922 1114 1968 contemnat
1134 1929 1230 1969 eos
1254 1915 1346 1985 qui
1401 1930 1603 1986 agapas
1627 1931 1695 1972 ex
1736 1916 1841 1971 lide
1871 1916 1952 1973 fa-

378 2000 552 2064 ciunt,
582 2011 633 2056 et
657 2013 880 2072 propter
894 2002 991 2060 Dei
1022 2004 1289 2059 honorem
1310 2004 1510 2061 fratres
1540 2015 1865 2074 convocant,
1894 2017 1950 2063 et

379 2091 516 2144 nolit
564 2092 946 2148 vocationibus
976 2094 1406 2161 communicare,
1438 2095 1586 2165 quod
1618 2096 1671 2150 id
1707 2097 1853 2165 quod
1884 2096 1946 2151 lit

378 2177 697 2248 vilipendat,
717 2180 787 2236 sit
811 2181 1124 2237 anathema.

716 2273 943 2329 Concilii
964 2275 1247 2331 Laodiceni
1271 2293 1438 2333 canon
1469 2277 1559 2336 27.

445 2363 537 2418 27.
564 2364 718 2430 Quod
752 2382 859 2422 non
890 2377 1104 2437 oportet
1124 2384 1221 2424 eos
1272 2371 1366 2440 qui
1395 2369 1594 2426 sacrati
1625 2379 1753 2425 sunt
1802 2370 1951 2426 ordi-

376 2456 485 2517 nis,
536 2456 620 2511 vel
666 2458 896 2515 clericos
946 2461 1029 2515 vel
1086 2462 1275 2529 laicos,
1333 2463 1403 2519 ad
1453 2478 1653 2534 agapas
1704 2475 1948 2533 vocatos,

376 2553 561 2614 partes
592 2549 800 2614 tollere,
841 2565 908 2607 eo
939 2554 1088 2622 quod
1148 2553 1447 2625 ignominia
1490 2556 1743 2611 inuratur
1771 2558 1950 2613 ordini

379 2638 723 2696 sacerdotali.

2056 481 2134 551 τῷ
2171 483 2307 553 οῐκῳ
2343 482 2565 549 ἐσθίειν,
2608 482 2704 535 καὶ
2744 482 3008 535 άκούῦιτα
3050 484 3397 553 στρωννύειν.
3464 487 3529 538 Ol
3571 488 3627 541 δὲ

2053 572 2212 626 τοῦτο
2244 575 2419 628 ποιεῖν
2450 573 2778 643 τολμῶντες,
2826 572 2861 643 ἢ
2894 573 3320 642 παυσάσθωσαν,
3368 576 3402 647 ἢ
3440 577 3626 649 ἀφορι-

2057 658 2359 723 ζέσθωσαν.

2070 828 2072 832 λ
2123 751 2364 815 ος’.”οτι
2391 751 2451 804 ού
2476 751 2580 822 χρὴ
2602 750 2748 805 ἔνδον
2763 749 2873 805 τῶν
2904 752 3065 823 ἱερῶν
3095 753 3419 824 περιϐόλων,
3435 773 3491 811 κ.
3507 774 3558 813 τ.
3574 759 3621 812 λ.

2122 924 2228 993 ιιξν.
2258 926 2395 1009 Τοὺς
2427 925 2462 996 ἦ
2492 929 2704 997 γαμετῇ
2740 923 3134 990 συνοικοῦντας,
3160 942 3215 979 κ.
3240 942 3292 978 τ.
3317 926 3370 979 λ.

2128 1104 2240 1157 Καὶ
2275 1106 2308 1175 ή
2360 1110 2408 1172 γ’
2446 1104 2686 1171 διάταξις
2734 1103 2830 1159 τοῦ
2873 1103 2939 1174 ιβ’
2973 1103 3079 1157 τίτ.
3128 1101 3222 1154 τοῦ
3247 1108 3294 1154 α’
3342 1100 3486 1171 βιδλ.
3532 1101 3626 1155 τοῦ

2054 1194 2211 1260 κώδ.,
2232 1195 2432 1249 κωλύει
2460 1196 2586 1259 τοὺς
2617 1195 3063 1266 προσφεύγοντας
3086 1233 3101 1258 ,
3136 1193 3338 1246 ἐσθίειν
3361 1192 3395 1262 ῆ
3428 1193 3629 1246 καθεύ-

2053 1285 2164 1339 δειν
2207 1285 2360 1349 ἐντὸς
2403 1285 2497 1339 τοῦ
2543 1284 2698 1349 ναοῦ,
2739 1283 2877 1338 ἀλλὰ
2908 1284 3119 1350 διάγειν
3170 1281 3426 1349 ἀσφαλῶς
3477 1282 3630 1344 ἐντὸς

2055 1377 2162 1430 τῶν
2188 1376 2421 1447 πρώτων
2453 1376 2656 1445 θυρῶν,
2687 1377 2744 1428 ἐν
2778 1375 2992 1441 αὐλαῖς,
3021 1374 3116 1427 καὶ
3147 1372 3351 1432 στοαῖς,
3379 1371 3478 1424 καὶ
3503 1370 3631 1423 λου-

2054 1471 2223 1539 τροῖς,
2262 1471 2355 1521 καὶ
2381 1468 2599 1538 κήποις.

2113 1554 2376 1614 ΚΕΦΔΛ.
2426 1560 2501 1615 Γ’.
2526 1589 2596 1601 ——
2624 1559 2769 1628 Περὶ
2804 1559 2922 1613 τῶν
2961 1554 3384 1617 εὐτελιζόντων
3409 1555 3517 1619 τὰς
3549 1570 3631 1622 τι·

2056 1650 2316 1721 νομένας
2345 1650 2603 1719 ἀγάπης,
2635 1650 2732 1703 καὶ
2761 1649 2852 1703 ὅτι
2895 1650 2967 1703 οὐ
2997 1647 3090 1701 δεῖ
3114 1647 3263 1716 μέρη
3300 1645 3632 1714 λαμϐάνειν

1986 1721 2029 1777 Β
2056 1742 2144 1806 εις
2173 1740 2429 1810 ἀγάπην.

2358 1831 2630 1887 Συνόδου
2666 1831 2957 1901 Γατῃοῶν
2986 1830 3189 1884 κανὼν
3223 1836 3313 1884 ια’.

2135 1933 2225 1982 ια’.
2254 1926 2323 1980 Εἴ
2348 1944 2434 1991 τις
2464 1925 2831 1995 καταφρονοίη
2881 1924 2989 1976 τῶν
3035 1924 3100 1977 ὲκ
3147 1922 3385 1987 πίστεως
3415 1922 3632 1991 ἀγάπας

2048 2017 2463 2084 ποιούντων,καὶ
2474 2018 2562 2072 διὰ
2571 2016 2734 2087 τιμὴν
2752 2015 2846 2069 τοῦ
2862 2015 3067 2087 Κυρίου
3083 2015 3492 2082 συγκαλούντων
3506 2014 3634 2075 τοὺς
3666 2068 3669 2069 ,

2051 2108 2337 2179 ἀδελφοὺς,
2380 2110 2474 2163 καὶ
2514 2108 2591 2180 μὴ
2620 2107 2796 2161 ἐθέλοι
2830 2108 3106 2161 κοινωνεῖν
3127 2107 3248 2168 ταῖς
3274 2104 3503 2175 κλήσεσι
3540 2104 3627 2156 διὰ

2059 2200 2121 2252 τδ
2142 2197 2497 2266 ὲξευτελίζειν
2532 2197 2592 2250 τὸ
2621 2198 2927 2267 γινόμενον,
2957 2194 3206 2263 ἀνάθεμα
3235 2192 3397 2247 ἔστω.

2344 2289 2614 2344 Συνόδου
2646 2287 2995 2352 Λαοδικείας
3021 2285 3221 2339 κανὼν
3245 2283 3349 2348 κζ’.

2127 2378 2232 2443 κζ’.
2270 2379 2393 2432 Ὀτι
2425 2379 2487 2432 οὐ
2530 2377 2613 2431 δεῖ
2644 2376 2987 2446 ίερατικοὺς,
3020 2375 3052 2443 ἢ
3088 2372 3409 2441 κληρικοὺς,
3444 2371 3479 2439 ἢ
3518 2371 3633 2423 λαῖ-

2058 2470 2209 2534 κοὺς,
2246 2467 2613 2537 καλουμένους
2657 2466 2737 2527 εἰς
2785 2463 3008 2532 ἀγάπην
3040 2462 3184 2531 μέρη
3224 2460 3423 2530 αίρειν,
3460 2460 3550 2512 διὰ
3573 2460 3634 2511 τὸ

2060 2558 2138 2630 μὴ
2202 2557 2362 2629 ὓϐριν
2406 2559 2474 2628 τῇ
2524 2556 2676 2622 τάξει
2730 2552 3160 2626 προστρίϐεσθαι
3212 2553 3280 2620 τῇ
3333 2550 3630 2621 ἐκκλησια-

2060 2653 2243 2722 στικῇ.

1746 3012 2149 3100 ΤΙΤΛΟΣ
2226 3014 2358 3113 G'.

1661 3194 1821 3248 ΠΕΡΙ
1856 3193 2362 3250 ΚΑΡΠΟΦΟΡΙΩΝ.

1568 3501 1727 3572 Ῑ⁷⁰
1784 3516 2249 3596 TITULUS
2306 3516 2443 3595 VIo

1471 3692 1561 3748 DE
1598 3693 1983 3753 FRUCTUUM
2014 3691 2537 3750 OBLATIONIBUS.

452 3865 683 3924 CAPUT
718 3866 1463 3939 PRIMUM.—Apostolorum
1476 3884 1698 3922 canones
1718 3870 1771 3934 5,
1788 3868 1842 3933 4,
1867 3868 1950 3921 7|.

2128 3864 2531 3922 ΚΕΦΑΛΑΙΟΝ
2559 3862 2859 3918 ΠΡΩΤΟΝ.
2901 3894 2969 3904 -
3005 3862 3399 3917 Ἀποστόλων
3436 3860 3634 3915 κανὼν

487 4046 559 4103 ’54
577 4046 635 4101 Si
654 4047 777 4118 quis
802 4048 1090 4119 episcOpus
1110 4047 1194 4102 vel
1228 4046 1510 4117 presbyter
1531 4055 1722 4116 praeter
1743 4046 1953 4101 Domini

382 4138 796 4200 ordinationem,
812 4149 942 4202 etc.,
963 4147 1019 4192 ut
1047 4153 1207 4207 supra
1232 4152 1355 4207 pag.
1388 4136 1513 4191 442.

457 4229 519 4284 71
564 4227 679 4303 [70]
723 4229 779 4284 Si
836 4229 961 4300 quis
995 4228 1345 4291 Christianus
1402 4229 1583 4284 oleum
1636 4226 1846 4282 deferat
1898 4228 1952 4281 in

383 4323 646 4392 templum
699 4322 965 4393 gentium,
1018 4321 1103 4376 vel
1145 4322 1200 4375 in
1255 4335 1589 4391 synagogam
1640 4319 1951 4375 Judzeorum

382 4413 437 4467 in
467 4427 656 4468 eorum
691 4413 871 4479 festis,
900 4419 960 4466 ut
989 4412 1268 4467 lucernam
1298 4411 1588 4475 accendat,
1611 4419 1947 4480 segregetur.

452 4500 1086 4557 Concitiiaecumenicivr
1135 4517 1359 4556 canones
1407 4501 1500 4568 28,
1542 4502 1633 4567 5'7,
1669 4501 1757 4564 79,
1790 4502 1882 4556 99.

451 4678 547 4735 28.
582 4678 851 4746 Quoniam
906 4682 959 4736 in
1006 4681 1241 4737 diversis
1280 4680 1528 4738 ecclesiis
1562 4680 1952 4745 intelleximus,

381 4783 511 4837 una,
537 4779 667 4836 etc.,
699 4781 756 4823 ut
773 4787 895 4842 pag.
919 4770 1043 4826 598.

453 4860 542 4914 57.
575 4860 731 4927 Quod
758 4864 824 4918 ad
847 4864 1019 4919 altare
1034 4863 1139 4920 mel
1169 4869 1224 4917 et
1246 4865 1330 4919 lac
1355 4864 1552 4920 oll‘erre
1580 4880 1688 4920 non
1719 4875 1950 4935 oportet.

450 5020 539 5075 79.
596 5020 817 5091 Absque
862 5023 989 5078 ullis
1035 5026 1352 5080 secundinis
1380 5040 1447 5079 ex
1481 5024 1698 5094 virgine
1735 5033 1950 5093 partum

376 5127 498 5170 esse
527 5116 850 5172 conﬁtentes
876 5130 936 5173 ut
959 5118 1052 5188 qui
1092 5119 1211 5174 sine
1262 5117 1471 5171 semine
1500 5116 1831 5171 constitutus
1860 5116 1951 5178 sit,

2113 3961 2210 4026 ,δ’,
2237 3967 2334 4013 οα’.

2057 3969 2301 4120 γ’,γῗῗδῗ
2321 3999 2397 4103 .E!
2422 4066 2508 4112 τις
2540 4048 2841 4106 ἐπίσκοπος
2880 4046 2914 4115 ἢ
2946 4028 3318 4115 πρεσϐύτερος
3353 4043 3506 4112 παρὰ
3534 4042 3633 4111 τὴν

2054 4140 2149 4195 τοῦ
2182 4140 2384 4213 Κυρίου
2411 4138 2670 4202 διάταξιν,
2699 4152 2861 4207 usque
2889 4136 2958 4189 ad
2979 4136 3278 4206 κληρικοῖς.

2124 4238 2225 4286 οα’.
2263 4232 2329 4283 El!
2355 4247 2439 4294 τις
2463 4229 2810 4300 Χριστιανὸς,
2840 4227 3021 4304 ἔλαιον
3055 4226 3353 4295 ἀπενέγκοι
3377 4226 3457 4285 είς
3489 4222 3632 4292 ἱερον

2054 4320 2225 4375 ἐθνῶν
2272 4321 2307 4392 ἢ
2350 4322 2431 4384 εἰς
2477 4318 2797 4390 συναγωγὴν
2839 4317 3107 4371 Ἰουδαίων
3152 4317 3210 4369 ὲν
3254 4317 3379 4378 ταῖς
3418 4316 3632 4384 ἑορταῖς

2058 4411 2261 4475 αὐτῶν,
2292 4412 2327 4482 ἢ
2360 4411 2586 4481 λύχνους
2624 4409 2840 4476 ἀνάψοι,
2875 4404 3241 4476 ἀφοριζέσθω.

2057 4503 2329 4559 Συνόδου
2388 4500 2809 4621 οὶκουμενικθξὶς
2834 4498 3039 4635 Ηὲἑὶκτης
3110 4494 3313 4550 κανὼν
3373 4500 3483 4566 κη’,
3528 4494 3626 4557 νζθ,

2689 4589 2718 4623 o
2771 4610 2785 4633 ,
2926 4607 2939 4621 .

2689 4589 2785 4633 ου’,
2836 4589 2939 4633 tur.

2126 4661 2231 4733 κη’.
2280 4661 2498 4730 Ἐπειδὴ
2536 4662 2595 4713 ὲν
2622 4657 2899 4729 διαφόροις
2951 4653 3271 4724 ἐκκλησίαις
3307 4652 3629 4723 μεμαθήκα-

2059 4771 2177 4823 μεν,
2211 4753 2505 4823 σταφυλῆς,
2528 4770 2583 4806 κ.
2613 4768 2664 4804 τ.
2697 4750 2746 4802 λ.

2125 4844 2223 4909 νζ.
2253 4845 2374 4899 Ὅτι
2428 4845 2489 4896 οὐ
2518 4842 2625 4913 χρὴ
2669 4842 2727 4895 ὲν
2774 4842 2887 4902 τοῖς
2921 4834 3329 4907 θυσιαστηρίοις
3380 4834 3500 4904 μέλι
3532 4831 3627 4884 καὶ

2057 4936 2197 5004 γάλα
2226 4934 2651 5006 προσφέρεσθαι.

2124 5027 2220 5081 οϐ’.
2263 5027 2573 5097 Ἀλόχευτον
2619 5025 2713 5079 τὸν
2750 5028 2815 5079 ὲκ
2852 5023 2951 5093 τῆς
2980 5020 3261 5091 Παρθένου
3286 5016 3433 5071 θεῖον
3460 5016 3625 5069 Τόκον

2057 5118 2468 5189 ὁμολογοῦντες,
2494 5119 2569 5181 ὡς
2596 5118 2691 5171 καὶ
2717 5116 2973 5185 άσπόρως
3006 5113 3302 5171 συστάντα,
3336 5110 3431 5163 καὶ
3468 5106 3626 5161 παντὶ

377 5204 542 5274 idque
586 5206 682 5260 toti
747 5208 898 5278 gregi
954 5209 1374 5270 annuntiantes,
1432 5221 1530 5262 eos
1581 5207 1673 5275 qui
1729 5217 1950 5276 propter

2075 5212 2130 5281 τῷ
2158 5211 2392 5282 ποιμνίῳ
2417 5210 2787 5281 κηρύσσοντες
2811 5249 2825 5272 ,
2859 5206 2986 5268 τοὺς
3010 5203 3070 5267 ἐξ
3107 5201 3334 5270 ἀγνοίας
3363 5199 3625 5268 πράττον-

373 5293 739 5363 ignorantiam
784 5298 988 5367 aliquid
1032 5298 1240 5352 faciunt
1271 5297 1420 5367 quod
1465 5312 1570 5351 non
1610 5296 1784 5362 decet,
1827 5311 1951 5352 cor.-

375 5386 604 5441 rectioni
663 5388 1012 5456 subiicimus.
1066 5388 1249 5454 Quare
1299 5388 1560 5457 quoniam
1615 5388 1784 5456 aliqui
1827 5398 1949 5458 post

294 5478 306 5486 '
375 5487 580 5533 sanctae
606 5477 812 5535 Christi
845 5479 951 5536 Dei
984 5482 1157 5537 nostri
1202 5480 1500 5536 nativitatis
1533 5480 1676 5535 diem
1708 5480 1945 5535 similam

375 5582 613 5637 coquere
640 5572 1026 5639 ostenduntur,
1075 5581 1129 5628 et
1162 5588 1284 5628 eam
1324 5572 1427 5629 sibi
1460 5573 1694 5627 invicem
1748 5574 1948 5643 imper-

386 5659 494 5727 tiri,
527 5660 750 5720 honoris
794 5664 999 5721 scilicet
1049 5671 1311 5735 praetextu
1370 5663 1797 5721 sccundinarum
1842 5665 1947 5722 im-

2057 5303 2156 5365 τάς
2185 5319 2238 5355 τι
2281 5301 2392 5354 τῶν
2420 5301 2478 5354 ού
2510 5301 2759 5364 δεόντων,
2803 5298 3088 5370 διορθώσει
3121 5292 3621 5361 καθυποϐάλλομεν.

2059 5392 2225 5447 Ὅθεν
2251 5392 2436 5462 ἐπειδή
2476 5408 2621 5455 τινες
2652 5391 2789 5461 μετὰ
2812 5390 2912 5461 τὴν
2942 5389 3156 5460 ἡμέραν
3178 5388 3277 5458 τῆς
3306 5386 3468 5453 ἁγίας
3491 5386 3622 5451 Χρι-

2056 5482 2185 5539 στοῦ
2215 5484 2309 5536 τοῦ
2333 5482 2470 5536 Θεοῦ
2497 5482 2653 5553 ἡμῶν
2688 5482 2993 5550 γεννήσεως
3022 5479 3329 5533 δείκνυνται
3355 5472 3623 5545 σεμίδαλιν

2055 5573 2298 5642 ἕψοντες.
2331 5572 2424 5627 καὶ
2452 5572 2658 5644 ταύτης
2686 5570 2935 5640 ἀλλήλοις
2962 5568 3333 5639 μεταδιδόντες
3356 5562 3620 5635 προφάσει

2054 5666 2215 5738 τιμῆς
2238 5666 2400 5739 δῆθεν
2435 5664 2657 5735 λοχεξων
2690 5663 2790 5733 τῆς
2814 5661 3083 5731 ἁχράντου
3114 5657 3615 5729 Παρθενομήτορος,
