3842 6224
111 259 203 325 633

954 248 1351 311 SYNTAGMA
1378 238 1745 306 CANONUM
1782 263 1852 274 --
1874 234 2023 296 ΤΙΤ.
2074 230 2175 304 Vl,
2228 227 2386 290 CAP.
2416 222 2582 285 Ι-νΙ.

3241 201 3346 267 634

111 369 353 439 ὁρίζομεν
387 362 553 435 μηδὲν
588 361 831 416 τοιοῦτον
861 359 966 413 ὑπὸ
987 361 1098 413 τῶν
1129 358 1336 412 πιστῶν
1359 355 1629 410 τελεῖσθαι
1649 369 1663 383 ·

1807 346 1985 401 ollutaa
2014 342 2240 411 virginis
2270 336 2481 400 matris,
2521 328 2839 387 statuimus,
2867 328 2928 377 ut
2968 319 3226 385 deinceps
3258 314 3347 367 ni-

1938 438 1944 439 γ
2024 435 2037 439 -
2220 432 2242 439 -
2267 431 2281 439 .
2527 424 2569 439 ι.
2694 436 2706 439 ξ
2756 418 2893 439 ___,__
2928 416 3033 439 LM
3062 412 3238 439 μήκη,
3261 412 3343 439 Μ,

110 460 165 513 οὗ
192 458 300 527 γὰρ
327 455 460 526 τιμή
484 470 547 520 γε
570 452 732 507 τοῦτο
758 453 822 522 τῇ
849 450 1131 521 Παρθένῳ,
1161 452 1228 520 τῇ
1259 448 1399 518 ὑπὲρ
1424 444 1551 500 νοῦν
1573 443 1667 497 καὶ⁹

112 548 261 615 λόγον
291 547 384 599 τὸν
415 542 699 614 ἀχώρητον
729 540 965 611 τεκούσῃ
995 540 1172 608 Λόγον
1224 538 1410 608 σαρκὶ,
1458 538 1523 589 ἐκ
1558 533 1668 587 τῶν

114 637 297 693 κοινῶν
324 654 381 689 τε
410 636 503 689 καὶ
529 635 652 689 καθ’
679 635 845 703 ἡμᾶς,
879 632 948 686 τὰ
983 631 1127 686 κατά
1153 631 1245 683 τὸν
1269 630 1546 698 ἄφραστον
1574 625 1671 677 αὖ·

112 733 203 802 τῆς
229 731 385 784 τόκον
433 729 634 800 ὁρίζειν
671 727 1033 797 ὑπογράφειν.
1067 725 1134 778 Εῐ
1170 741 1257 786 τις
1289 717 1382 775 οὖν
1425 719 1534 774 ἀπὸ
1574 716 1669 770 τοῦ

114 822 199 877 νῦν
226 821 482 891 πράττων
520 818 761 872 τοιοῦτον
800 817 1078 888 φωραθείη
1101 855 1117 879 ,
1166 816 1215 868 εί
1264 814 1365 884 μὲν
1410 808 1669 882 κληρικὸς

114 915 191 983 εἴη
216 911 583 982 καθαιρείσθω
602 927 617 943 ο
653 913 701 963 εί
722 910 777 963 δέ
804 910 1010 975 λαῖκὸς,
1036 904 1402 978 ἀφοριζὲσθω.

176 1175 276 1242 ἥθ’.
312 1174 425 1227 Καὶ
451 1173 609 1227 τοῦτο
636 1172 693 1226 δέ
722 1173 780 1225 ἐν
810 1174 878 1243 τῇ
905 1173 1212 1242 Ἀρμενίων
1234 1171 1391 1243 χώρᾳ
1425 1168 1671 1239 γίνεσθαι

119 1267 528 1339 μεμαθήκαμεν,
558 1264 635 1329 ὥς
664 1282 808 1328 τινες
849 1266 996 1320 ἔνδον
1040 1267 1099 1318 ἐν
1137 1265 1251 1328 τοῖς
1282 1264 1445 1334 ίεροῖς
1482 1261 1673 1315 θυσια-

117 1358 345 1428 στηρίοις
372 1357 511 1427 μέλη
540 1356 719 1426 κρεῶν
770 1356 1014 1424 ἕψοντες,
1046 1355 1415 1424 προσάγουσιν
1442 1351 1674 1421 ἀφαιρέ-

120 1467 254 1521 ματα
294 1452 408 1511 τοῖς
459 1449 699 1518 ἱερεῦσιν
746 1447 1056 1510 Ἰουδαϊκῶς
1087 1447 1477 1516 ἀπονέμοντες.
1511 1444 1675 1497 Ὅθεν

117 1544 267 1611 ἡμεῖς
307 1540 369 1594 τὸ
417 1541 523 1610 τῆς
566 1540 860 1611 ἐκκλησίας
914 1539 1272 1608 φυλάττοντες
1319 1536 1672 1606 ἀκηλίδωτον,

117 1632 376 1702 ὁρίζομεν,
426 1632 506 1703 μὴ
542 1632 743 1696 ἐξεῖναί
788 1650 895 1685 τινι
926 1632 1035 1684 τῶν
1080 1630 1272 1700 ἱερέων
1316 1626 1677 1697 ἀφωρισμένα

1767 412 1846 495 hil
1878 438 1985 493 tale
2009 435 2107 491 ﬁat
2151 448 2182 487 a
2213 430 2482 486 ﬁdelibus.
2527 424 2714 493 Neque
2749 418 2896 474 enim
2928 416 3034 470 hoc
3062 412 3238 465 honor
3261 412 3348 459 est

1767 528 2016 599 virginis,
2047 539 2169 595 quae
2197 537 2364 591 supra
2414 525 2650 583 mentem
2702 520 2756 567 et
2804 516 3138 568 sermonem,
3197 496 3344 568 quod

1768 615 2157 687 comprehendi
2196 628 2307 668 non
2345 618 2523 680 potest
2552 604 2779 661 verbum
2811 597 3021 670 peperit
3047 605 3234 653 carne,
3275 601 3343 642 ex

1769 709 2152 768 communibus
2174 717 2228 761 et
2281 705 2352 759 iis
2381 718 2504 772 qua:
2542 700 2595 753 in
2625 695 2780 771 171
2816 690 2975 746 nobis
3010 689 3169 750 liunt,
3193 681 3345 746 Eine-

1771 800 2102 858 narrabilem
2142 797 2263 866 ejus
2309 800 2523 863 partum
2582 787 2835 851 deﬁnire,
2897 778 3101 842 metiri,
3136 789 3203 829 ac
3248 773 3345 826 de-

1772 894 2032 949 scribere.
2057 891 2113 945 Si
2147 888 2272 958 quis
2306 901 2436 951 ergo
2467 883 2723 949 deinceps
2762 878 2868 931 hoc
2909 872 3093 927 facere
3130 879 3347 936 aggres-

1772 1002 1870 1041 sus
1901 982 2085 1046 fuerit,
2129 953 2276 1037 sisit
2322 976 2541 1048 quidem
2604 970 2860 1032 clericus,
2899 964 3245 1033 deponatur:
3297 953 3345 1009 si

1772 1090 1902 1129 vero
1938 1074 2131 1137 laicus,
2171 1075 2507 1139 segregetur.

1841 1166 1930 1220 99.
1957 1164 2128 1219 Porro
2157 1161 2263 1216 hoc
2312 1169 2532 1226 quoque
2589 1152 2647 1207 in
2681 1146 3069 1205 Armeniorum
3120 1137 3347 1207 regione

1775 1257 1889 1312 lieri
1919 1254 2231 1316 didicimus,
2262 1250 2407 1320 quod
2434 1246 2657 1316 quidam
2694 1242 2842 1295 intus
2879 1238 2933 1290 in
2972 1232 3143 1288 sacris
3213 1227 3351 1281 alta-

1775 1346 1927 1400 ribus
1955 1342 2204 1399 carnium
2256 1317 2499 1392 membra
2543 1337 2838 1401 coquentes
2862 1326 3065 1380 frustra
3124 1317 3352 1373 offerent

1774 1434 2156 1492 sacerdotibus
2182 1429 2407 1485 Judaice
2430 1424 2839 1481 distribuentes.
2868 1412 3134 1482 Quocirca
3162 1405 3353 1461 Eccle-

1776 1530 1913 1585 siam
1947 1523 2353 1580 immaculatam
2383 1524 2682 1579 servantes,
2741 1508 3038 1566 statuimus
3092 1499 3224 1555 nulli
3287 1495 3355 1549 li-

1775 1633 1899 1675 cere
1926 1613 2194 1673 sacerdoti
2222 1616 2468 1680 separata
2491 1606 2736 1661 carnium
2766 1597 3004 1654 membra
3024 1593 3092 1647 ab
3120 1589 3355 1644 oﬂ'eren-

119 1725 282 1794 κρεῶν
309 1680 468 1794 per;
480 1680 634 1796 παρά
658 1723 768 1777 τῶν
796 1680 1673 1795 προσαγόντων*λαμϐάνεινίὰλῖ

1807 1712 1924 1766 ibus
1949 1708 2224 1775 accipere;
2253 1703 2321 1758 iis
2345 1702 2455 1756 sint
2492 1696 2754 1756 contenti,
2800 1706 2921 1761 quae
2958 1682 3205 1741 oderenti
3237 1680 3354 1733 visa

2292 1794 2301 1796 ‘
2394 1792 2405 1796 “
2429 1791 2442 1796 ⁸
2508 1790 2519 1796 ⁵
2660 1784 2680 1796 ⁸
2748 1792 2758 1796 λ
2906 1791 2915 1796 -
2963 1794 2976 1796 -
3054 1772 3327 1796 ---I-..:-...

119 1808 191 1877 οἷς
216 1814 417 1885 ἀρεσθῇ
449 1816 484 1867 ὁ
517 1815 831 1886 προσάγων,
879 1814 1093 1877 τούτοις
1134 1812 1531 1883 ἀρκείσθωσαν,
1573 1809 1679 1874 ἐξω

118 1907 207 1975 τῆς
232 1905 530 1977 ἐκκλησίας
558 1906 661 1976 τῆς
689 1905 947 1976 τοιαύτης
974 1906 1270 1975 γινομένης
1289 1901 1675 1974 προσαγωγῆς

120 1998 164 2051 si
187 1997 237 2049 δέ
258 2014 339 2060 τις
368 1995 445 2067 μὴ
478 1996 642 2049 τοῦτο
669 1995 810 2050 οὕτω
838 2000 990 2067 ποιῇ,
1031 1993 1396 2065 ἀφοριζέσθω.

151 2089 443 2155 Κυρίλνιου
506 2087 579 2140 ἐκ
635 2086 747 2152 τῆς
785 2089 987 2225 326%,
1008 2088 1241 2156 Δόμνον
1310 2082 1643 2152 ἐπιστολῆς

184 2246 261 2301 Τὰ
286 2247 341 2301 δέ
374 2247 579 2310 ἀδίκως
603 2246 898 2318 ληφθέντα,
930 2265 986 2302 κ.
1017 2265 1069 2302 τ.
1101 2247 1152 2300 λ.

196 2429 255 2483 Ἦ
284 2429 365 2499 λη’
392 2428 642 2493 διάταξις
672 2428 766 2482 τοῦ
793 2430 843 2497 γ’
866 2428 968 2483 τίτ.
997 2428 1090 2482 τοῦ
1124 2435 1174 2484 α’
1214 2428 1355 2500 βιϐλ.
1389 2431 1574 2500 φησὶν,
1600 2430 1685 2483 ὅτι

127 2521 181 2574 οὐ
212 2520 289 2572 δεῖ
308 2520 433 2583 τοὺς
466 2520 808 2582 ἐπισκόπους
846 2519 879 2588 ἢ
911 2520 1037 2581 τοὺς
1080 2519 1397 2589 κληρικοὺς,
1436 2521 1685 2586 ἀναγκά-

128 2612 227 2676 ζειν
250 2610 397 2675 τινὰς
422 2607 821 2680 καρποφορεῖν,
868 2610 900 2679 ἢ
946 2610 1248 2681 ἀγγαρείας
1281 2611 1505 2676 διδόναι,
1536 2610 1570 2680 ἢ
1599 2610 1688 2664 διὰ

126 2702 279 2756 ταῦτα
303 2702 612 2775 ἀφορίζειν,
645 2703 677 2771 ἢ
704 2700 1147 2781 ἀναθεματίζειν,
1181 2702 1215 2771 ἢ
1240 2702 1316 2771 μὴ
1344 2701 1544 2756 διδόναι
1570 2719 1687 2755 κοι-

130 2795 328 2859 νωνίαν,
366 2793 400 2865 ἦ
445 2793 524 2863 μὴ
566 2791 872 2863 βαπτίζειν,
917 2792 1012 2845 καὶ
1040 2792 1162 2855 ἐθος
1203 2793 1479 2863 ἐκράτησε
1511 2792 1689 2847 τοιοῦ-

131 2903 229 2939 τον.
244 2885 301 2939 '0
325 2885 380 2938 δὲ
413 2883 797 2955 παραϐαίνων,
833 2883 1090 2937 ἐκπίπτει
1116 2884 1215 2954 τῆς
1244 2884 1569 2955 Ἐκκλησίας
1594 2884 1691 2937 καὶ

134 2978 220 3045 τῆς
274 2975 596 3046 διοικήσεως
648 2974 839 3044 αὐτῆς,
896 2973 989 3027 καὶ
1040 2974 1227 3026 δίδωσι
1287 2974 1421 3027 δέκα
1477 2973 1686 3042 λίτρας.

1785 1802 2007 1865 fuerint,
2037 1794 2305 1867 ejusmodi
2357 1790 2629 1846 oblatione
2658 1784 2797 1839 facta
2833 1791 2985 1836 extra
3047 1772 3354 1831 ecclesiam.

1786 1891 1844 1947 Si
1874 1890 1997 1962 quis
2023 1898 2206 1944 autem
2228 1887 2331 1941 hoc
2353 1898 2460 1937 non
2490 1878 2700 1943 fecerit,
2734 1882 3072 1944 segregetur.

1960 2063 2152 2138 Cyrilli
2176 2077 2241 2115 ea:
2271 2056 2496 2129 epistola
2541 2054 2610 2108 ad
2668 2051 2931 2105 Damnum
2963 2059 3082 2113 cap.
3115 2041 3173 2095 2.

1857 2245 2153 2302 Pecuniam
2210 2248 2393 2294 autem
2437 2248 2560 2305 quae
2597 2245 2693 2301 per
2727 2226 2985 2298 iniuriam
3040 2218 3148 2292 ipsi
3180 2225 3361 2286 erepta

1788 2349 1891 2403 est,
1919 2346 2049 2402 etc.,
2082 2343 2140 2388 ut
2166 2347 2288 2402 pag.
2322 2327 2446 2382 5'19.

1858 2402 2049 2485 Const.
2096 2424 2185 2491 σε,
2223 2423 2305 2476 lit.
2340 2421 2396 2484 ο,
2426 2417 2522 2471 lib.
2565 2412 2759 2476 Leod.
2790 2410 2884 2472 ait,
2915 2402 3059 2476 quod
3091 2417 3197 2457 non
3233 2414 3364 2455 con-

1790 2523 1976 2580 veniat
2021 2519 2311 2588 episcopos
2353 2520 2447 2566 aut
2498 2507 2729 2564 clericos
2767 2514 2961 2570 cogere
3009 2497 3247 2564 aliquos,
3305 2500 3367 2545 ut

1792 2614 2007 2670 fructus
2054 2608 2308 2670 oﬂ‘erant,
2363 2608 2456 2656 aut
2499 2596 2750 2667 angarias
2796 2597 3076 2664 praestent,
3106 2588 3192 2642 vel
3242 2601 3367 2655 pro-

1792 2716 1980 2777 pterea
2010 2693 2512 2756 excommunicare.
2555 2688 2639 2744 vel
2669 2686 3017 2742 anathemate
3063 2679 3244 2743 ferire,
3280 2678 3367 2731 vel

1794 2792 2156 2853 Eucharistiae
2190 2791 2601 2845 sacramentum
2637 2794 2743 2833 non
2780 2775 3078 2847 porrigere,
3131 2770 3216 2826 vel
3262 2783 3368 2823 non

1795 2888 2115 2959 baptizare,
2173 2878 2391 2936 tametsi
2454 2870 2852 2929 consuetudine
2913 2866 2964 2920 id
3054 2860 3368 2919 iuvaluerit.

1796 2952 2285 3046 Transgressorem
2316 2977 2500 3024 autem
2537 2966 2605 3020 ab
2633 2961 2895 3022 Ecclesia,
2923 2958 3152 3028 ejusque
3196 2952 3373 3009 admi-

136 3066 305 3121 Ταῦτα
333 3067 389 3123 δὲ
421 3072 621 3136 κρατεῖ
646 3068 703 3120 ἐν
730 3068 867 3139 μόνῃ
896 3069 961 3138 τῇ
996 3065 1353 3137 βασιλευούσῃ
1384 3065 1478 3117 καὶ
1503 3067 1569 3136 τῇ
1600 3067 1691 3116 ἐν-

1807 3068 2115 3124 iistratione
2160 3061 2414 3119 excidere
2475 3072 2540 3112 ac
2568 3056 2756 3111 decem
2795 3052 2963 3106 libras
2996 3050 3145 3103 dare.
3196 3047 3375 3115 Atque

137 3160 246 3232 ορίᾳ
279 3162 467 3231 αὐτῆς,
498 3161 600 3214 καὶ
649 3163 759 3223 τοῖς
800 3160 1064 3229 ἀνήκουσι
1096 3158 1281 3221 τόποις
1312 3158 1424 3220 τοῖς
1464 3157 1569 3210 ὑπὸ
1597 3155 1692 3208 τοῦ

141 3250 460 3320 πατριάρχου
488 3249 991 3319 χειροτονουμὲνοις
1025 3246 1445 3318 μητροπολίταις
1466 3285 1480 3309 ,
1523 3246 1557 3317 ἢ
1584 3248 1695 3308 τοῖς

140 3339 193 3403 ἐξ
238 3340 453 3394 ἐκείνων
512 3337 828 3409 γινομένοις
888 3338 1243 3400 ἐπισκόποιςο
1295 3334 1571 3404 ἀνάγνωθι
1630 3334 1699 3388 τὰ

143 3431 641 3501 παραγεγραμμένα
673 3431 731 3483 ἐν
774 3428 852 3499 τῷ
876 3436 925 3483 α’
961 3444 1086 3496 κεφ.
1126 3426 1220 3480 τοῦ
1257 3426 1302 3497 β’
1350 3426 1458 3484 τίτ.
1505 3424 1699 3481 τούτου

143 3522 225 3575 τοῦ
253 3524 631 3592 συντάγματος
682 3522 811 3591 περὶ
856 3520 1204 3590 προσφορῶν,
1236 3520 1330 3571 καὶ
1358 3517 1468 3571 τῶν
1492 3517 1700 3587 δωρου-

149 3616 307 3685 μὲνων
330 3617 364 3686 ἢ
398 3613 972 3685 καταλιμπανομένων
1001 3611 1256 3681 εὐαγέσιν
1280 3613 1470 3675 οἴκοις.

210 3794 446 3847 ΚΕΦΑΛ.
478 3794 559 3846 B'.
588 3822 660 3833 —
688 3792 862 3856 Τίνας
894 3788 991 3843 δεῖ
1015 3786 1347 3857 λαμϐάνειν
1393 3784 1431 3854 ἦ
1476 3784 1706 3837 διδόναι

151 3886 567 3954 καρποφορίαν,
603 3882 703 3937 καὶ
754 3882 889 3949 περὶ
940 3880 1062 3935 τῶν
1108 3881 1536 3949 λαμϐανόντων
1586 3875 1708 3929 ἀπὸ

150 3975 465 4043 ἐκκλησίας
506 3974 702 4041 κηρὸν
728 3972 765 4040 ἢ
804 3974 1030 4026 ἔλαιον.

544 4066 927 4121 Ἀποστόλων
956 4062 1159 4117 κανὼν
1189 4060 1288 4134 οβ’.

212 4159 305 4229 οβ’.
337 4160 407 4213 Εἴ
425 4177 506 4223 τις
543 4157 811 4228 κληρικδς
837 4156 869 4227 ἢ
898 4156 1103 4221 λαῖκὸς,
1129 4155 1239 4209 ἀπὸ
1264 4154 1367 4225 τῆς
1410 4154 1571 4222 ἁγίας
1620 4154 1714 4205 ἐκ-

154 4249 363 4320 κλησίας
392 4250 666 4320 ἀφέληται
696 4248 864 4319 κηρὸν
890 4246 923 4318 ἦ
955 4246 1159 4310 ἐλαιον,
1215 4245 1589 4314 άφοριζέσθω,
1617 4244 1712 4298 καὶ

154 4341 208 4394 τὸ
234 4343 577 4413 ἐπίπεμπτον
607 4338 945 4411 προπιθέτω
978 4339 1097 4408 μεθ’
1125 4330 1187 4391 οὗ
1217 4337 1431 4390 ἐλαϐεν.

413 4432 690 4487 Συνόδου
719 4429 1008 4499 Γαγτρῶν
1028 4429 1232 4483 κανὼν
1255 4429 1321 4493 ζ’,
1352 4428 1426 4499 η’.

219 4523 281 4586 ζ’.
322 4523 392 4579 Ei
445 4540 532 4586 τις
593 4520 971 4591 καρποφορίας
1001 4519 1494 4590 Ιέκκλησιαστικάς
1540 4518 1712 4572 ἐθέλοι

156 4611 459 4684 λαμϐάνειν,
493 4615 529 4685 ἢ
557 4613 758 4667 διδόναι
780 4611 884 4679 ἐξω
910 4611 1010 4681 τῆς
1035 4611 1341 4680 ἐκκλησίας
1373 4609 1524 4679 παρά
1568 4609 1712 4678 γνώ-

161 4721 256 4774 μην
304 4705 398 4758 τοῦ
456 4702 785 4766 ἐπισκόπου,
846 4701 879 4771 ἢ
942 4700 1036 4753 τοῦ
1095 4701 1581 4771 ἐγκεχειρισμένου
1647 4700 1717 4754 τὰ

158 4794 382 4858 τοιαῦτα,
417 4796 514 4848 καὶ
565 4793 641 4863 μὴ
676 4791 815 4861 μετά
848 4789 1070 4861 γνώμης
1103 4791 1268 4844 αὑτοῦ
1322 4791 1499 4844 ἐθέλοι
1538 4792 1716 4861 πράτ-

160 4902 279 4952 τειν,
310 4886 562 4955 ἀνάθεμα
593 4887 755 4938 ἔστω.
1088 4930 1105 4949 Α.

221 4987 291 5047 η’.
336 4980 405 5033 Εἴ
445 4996 532 5041 τις
567 4978 701 5031 διδοῖ
748 4979 782 5048 ῆ
828 4978 1098 5049 λαμϐάνει
1142 4978 1525 5047 καρποφορίαν
1577 4994 1720 5048 παρ-

163 5073 302 5136 εκτὸς
328 5073 421 5127 τοῦ
459 5073 785 5137 ἐπισκόπου,
814 5072 847 5137 ἢ
877 5072 972 5124 τοῦ
1006 5070 1437 5141 ὲπιτεταγμένου
1467 5072 1547 5133 είς
1575 5072 1722 5124 obto-

163 5164 340 5232 νομίαν
369 5165 642 5229 εὐποιίας,
674 5164 769 5218 καὶ
798 5165 828 5216 ὁ
853 5162 1026 5225 διδοὺς
1064 5164 1159 5215 καὶ
1189 5164 1217 5215 ὁ
1249 5161 1547 5233 λαμϐάνων
1582 5162 1717 5216 ἀνά-

165 5253 295 5323 θεμα
321 5254 481 5309 ἐστω.

260 5348 552 5416 Θεοφίλου
574 5349 641 5402 ἐκ
670 5347 774 5401 τοῦ
806 5344 1292 5415 Ὑπομνηστικοῦ
1319 5344 1524 5398 κανὼν
1546 5342 1613 5408 ζ’.

228 5434 291 5500 ζ’.
321 5440 403 5492 Τὰ
426 5440 847 5511 προσφερόμενα
889 5438 970 5502 εἰς
1015 5437 1175 5505 λόγον
1222 5436 1450 5500 θυσίας,
1488 5434 1627 5505 μετά
1657 5434 1726 5488 τὰ

168 5528 557 5601 ἀναλισκόμενα
600 5534 679 5594 εἰς
727 5532 824 5600 τὴν
873 5531 984 5585 τῶν
1036 5528 1353 5602 μυστηρίων
1410 5526 1622 5597 χρείαν,
1674 5528 1724 5579 oi

172 5620 404 5693 κληρικοὶ
432 5622 871 5694 διανεμέσθωσαν
892 5639 906 5655 ·
935 5623 1028 5679 καὶ
1064 5623 1199 5695 μήτε
1234 5618 1638 5692 κατηχούμενος
1666 5620 1727 5672 ἐκ

1795 3162 1910 3216 haec
1938 3158 2159 3229 quidem
2189 3156 2245 3209 in
2272 3152 2389 3209 sola
2426 3149 2574 3220 regis
2604 3144 2776 3219 [urbe]
2808 3144 3035 3214 ejusque
3071 3138 3372 3199 territorio,

1797 3261 1852 3306 et
1898 3228 2035 3305 locis
2083 3256 2180 3301 aut
2218 3245 2285 3301 ad
2351 3240 2802 3311 metropolitanos
2836 3235 2930 3305 qui
2988 3249 3016 3286 ο
3065 3228 3377 3300 patriarcha

1800 3343 2145 3405 ordinantur,
2176 3346 2270 3392 aut
2301 3335 2367 3390 ad
2402 3333 2692 3403 episc0pos
2734 3328 2828 3399 qui
2877 3327 2945 3381 ab
2981 3324 3130 3378 hisce
3162 3320 3381 3393 [metro-

1799 3431 2072 3505 politanis]
2127 3437 2419 3493 creantur,
2482 3422 2887 3496 pertinentibus
2918 3418 3183 3473 obtinere.
3239 3411 3382 3482 Lege

1803 3502 1925 3599 qua:
1968 3502 2230 3580 annotata
2266 3527 2394 3575 sunt
2424 3518 2478 3572 in
2514 3531 2637 3585 cap.
2683 3513 2736 3578 1,
2771 3512 2857 3566 tit.
2887 3511 2946 3576 9,
2989 3508 3151 3576 huius
3180 3502 3377 3574 operis,

1804 3593 1871 3672 de
1896 3613 2293 3675 oblationibus,
2327 3617 2381 3663 et
2433 3609 2501 3662 iis
2552 3619 2675 3675 quae
2730 3602 3005 3656 donantur
3056 3607 3151 3651 aut
3215 3593 3383 3648 relin-

1806 3715 2046 3776 quuutur
2086 3698 2493 3756 venerabilibus
2536 3694 2813 3750 domibus.

1882 3796 2040 3867 172
2102 3794 2255 3849 CAP.
2290 3790 2379 3843 Vl.
2409 3787 2680 3853 Quasnam
2736 3788 2973 3852 oporteat
3023 3776 3258 3844 accipere
3306 3772 3382 3826 vel

1808 3889 1937 3941 dare
1963 3887 2235 3954 fructuum
2268 3880 2583 3939 oblationes,
2606 3884 2656 3929 et
2686 3873 2750 3927 de
2773 3866 3102 3926 sumentibus
3135 3878 3199 3919 ex
3224 3861 3389 3916 θεείο-

1810 3982 1893 4033 sia
1931 3994 2107 4031 ceram
2133 3984 2227 4028 ant
2256 3974 2451 4026 oleum.

2274 4059 2646 4130 Apostolorum
2674 4069 2844 4108 canon
2871 4051 2961 4105 72.

1816 4180 1835 4210 ξ’
1883 4160 1953 4215 72
1997 4156 2134 4232 [71].
2185 4154 2246 4210 Si
2295 4154 2420 4223 quis
2469 4149 2722 4209 clericus,
2768 4143 2849 4197 vel
2901 4142 3073 4195 laicus
3122 4153 3151 4193 a
3202 4143 3391 4191 sancta

1813 4253 2040 4309 ecclesia
2062 4228 2239 4304 ceram
2263 4253 2358 4299 aut
2384 4242 2563 4297 oleum
2595 4236 2829 4301 auferat,
2849 4240 3181 4303 segregetur,
3201 4238 3254 4282 et
3272 4228 3396 4297 ejus

1743 4384 1790 4439 Ι)
1816 4344 1963 4416 quod
1990 4341 2218 4439 diripuit
2245 4332 2593 4439 quiniuplum
2624 4328 2835 4384 reddat.

2117 4428 2348 4485 Consilii
2376 4424 2674 4492 Gangrense
2709 4432 2930 4471 canones
2955 4417 3006 4480 7,
3034 4412 3086 4469 8.

1886 4526 1939 4579 7.
2004 4524 2062 4578 Si
2128 4521 2255 4592 quis
2308 4518 2424 4573 vult
2455 4515 2666 4569 fructus
2715 4507 2963 4563 ecclesiae
3003 4505 3218 4560 oblatos
3247 4501 3396 4557 acci-

1824 4632 1973 4688 pere,
2032 4613 2117 4666 vel
2151 4612 2282 4666 dare
2350 4615 2508 4663 extra
2567 4599 2890 4661 Ecclesium,
2931 4604 3125 4665 praeter
3155 4594 3376 4663 episcop

1817 4686 2163 4769 sententiam,
2199 4702 2285 4757 vel
2337 4700 2458 4770 ejus
2509 4695 2604 4766 qui
2637 4706 2771 4748 cura
2839 4703 3031 4744 eorum
3066 4686 3265 4740 tradita
3308 4694 3396 4738 est

1816 4809 1871 4855 et
1899 4815 2007 4854 non
2062 4812 2188 4852 cum
2242 4794 2363 4865 ejus
2392 4787 2661 4846 sententia
2687 4799 2749 4839 ea
2783 4782 2912 4838 velit
2943 4795 3125 4851 agere,
3161 4780 3232 4835 sit
3258 4793 3395 4832 ana-

1821 4892 2024 4947 thema.

1892 4983 1947 5036 8.
2002 4979 2058 5035 Si
2112 4979 2239 5049 quis
2296 4976 2411 5041 dat,
2435 4976 2521 5031 vel
2560 4974 2760 5044 accipit
2783 4973 2995 5027 fructus
3022 4967 3234 5023 oblatos
3263 4974 3403 5031 prae-

1823 5084 1905 5130 ter
1931 5072 2267 5143 episCOpum,
2294 5068 2379 5123 vel
2403 5083 2529 5122 eum
2551 5066 2642 5137 qui
2665 5074 2749 5120 est
2776 5064 3105 5119 constitutus
3139 5055 3205 5110 ad
3234 5054 3402 5106 bene.

1826 5141 2057 5220 licentia:
2095 5159 2585 5231 dispensationem,
2609 5164 2665 5212 et
2692 5156 2786 5225 qui
2806 5155 2920 5220 dat,
2979 5160 3033 5205 et
3059 5146 3153 5217 qui
3180 5141 3401 5211 accipit,

1826 5258 1901 5314 sit
1952 5255 2269 5309 anathema.

2082 5343 2354 5412 Theophili
2385 5357 2451 5396 ea:
2479 5338 2878 5395 commonitorio
2911 5348 3081 5389 canon
3102 5332 3158 5385 7.

1897 5439 1953 5493 7.
1988 5436 2122 5505 Quae
2170 5436 2225 5490 in
2271 5433 2529 5489 sacrificii
2593 5431 2859 5485 rationem
2905 5425 3251 5485 offeruntur,
3284 5424 3408 5488 post

1829 5545 1892 5587 ea
1915 5546 2037 5600 qua:
2068 5528 2126 5583 in
2150 5526 2534 5598 mysteriorum
2568 5536 2727 5576 usum
2761 5525 3181 5578 consumuntur,
3216 5509 3399 5566 clerici

1831 5620 2074 5678 dividant
2100 5660 2115 5690 ,
2159 5627 2212 5675 et
2245 5631 2344 5674 nec
2374 5614 2802 5674 catechumenus
2834 5624 2901 5666 ex
2940 5607 3007 5665 iis
3034 5602 3284 5663 comedat
3314 5600 3399 5656 vel
