3842 6224
397 236 503 305 S35

1521 251 1783 313 PHOTII
1820 252 2321 314 PATRIARCH/E
2361 254 2470 314 (ΞΡ.

3547 254 3669 317 636

398 352 579 419 bibat,
610 354 696 412 vel
722 357 897 414 solum
925 357 1131 427 clerici,
1162 369 1217 415 et
1238 360 1332 431 qui
1356 376 1479 416 cum
1508 363 1588 418 eis
1624 374 1755 420 sunt
1784 365 1968 421 ﬁdeles

2114 363 2273 417 ›ύτων
2306 363 2533 417 ἐσθιέτω
2560 362 2593 432 ἢ
2622 363 2848 429 πινέτω,
2877 360 3019 416 ἀλλά
3058 360 3267 431 μᾶλλον
3312 360 3364 415 oi
3398 359 3673 431 κληρυωὶ

401 444 619 501 l't'att‘es.

469 534 624 591 CAP.
662 535 747 592 Ill.
768 537 848 593 De
871 540 1211 608 offerentibus
1235 541 1440 613 aliquid
1470 548 1747 617 synagogis
1776 548 1975 604 Iudai-

399 621 473 674 εἰς
505 632 598 676 aut
622 624 763 694 fanis
784 629 1135 685 ethnicorum.

828 722 1204 788 Apostolorum
1228 740 1396 778 canon
1440 726 1501 780 71
1516 768 1529 781 .

471 813 558 866 7|.
604 811 743 884 [70.]
774 812 828 866 Si
861 813 985 881 quis
1009 814 1366 878 Christianus,
1407 826 1538 882 etc.,
1569 828 1627 871 ut
1649 836 1771 890 pag.
1799 822 1921 875 l70.

471 901 666 957 Const.
710 904 764 968 l,
798 903 880 957 tit.
935 903 990 967 9,
1028 902 1123 957 lib.
1166 904 1214 963 l.
1246 904 1369 958 cod.
1402 907 1558 977 173
1596 910 1690 972 ait,
1723 912 1867 978 quod
1901 913 1981 967 le-

401 999 559 1059 gatur
591 991 936 1045 universitati
991 990 1326 1057 Judaeorum,
1366 1008 1469 1046 non
1512 996 1640 1063 peti.
1688 996 1754 1050 Et
1799 1011 1974 1053 const.

401 1082 455 1144 9,
490 1082 573 1135 tit.
616 1080 701 1145 11,
731 1081 976 1147 ejusdem
1026 1081 1119 1135 lib.
1153 1081 1298 1149 quod
1351 1083 1398 1136 si
1448 1085 1579 1153 quid
1612 1084 1844 1140 donetur
1882 1097 1978 1142 aut

402 1170 746 1239 relinquatur
780 1170 847 1225 ad
890 1169 1333 1225 constituendum
1375 1174 1772 1243 paganismum,
1808 1177 1862 1231 id
1893 1179 1974 1233 ci-

402 1259 544 1315 vitas
577 1260 774 1331 capiat.

2074 455 2169 508 καὶ
2202 456 2251 507 oi
2285 455 2382 508 σὺν
2416 456 2597 517 αὐτοῖς
2625 454 2808 508 πιστοὶ
2837 454 3077 523 ἀδελφοί.

2144 545 2396 599 ΚΕΦΑΛ.
2433 545 2505 601 Γ’.
2536 575 2607 586 -
2632 546 2773 613 Περὶ
2830 545 2949 599 τῶν
3000 545 3477 614 προσφερόντων
3506 560 3675 599 συν-

2070 635 2326 705 αγωγαῖς
2356 635 2395 705 ἢ
2425 637 2605 704 ἱεροῖς
2631 635 2844 690 ἐθνῶν.

2489 728 2547 783 Ἀ
2556 730 2877 782 ποστόλων
2897 726 3103 782 κανὼν
3131 735 3231 783 oa'.

2146 821 2249 869 οα’.
2274 816 2342 869 Ei
2365 834 2447 879 τις
2478 818 2805 887 Χριστιανὸς
2843 818 3042 883 ἔλαιον,
3075 836 3131 874 κ.
3173 836 3226 873 τ.
3261 818 3315 873 λ.

2160 905 2225 957 Ἣ
2256 912 2304 958 α’
2334 906 2577 970 διάταξις
2625 907 2719 961 τοῦ
2769 907 2815 960 ϐ’
2858 910 2966 963 τίτ.
2997 911 3091 963 τοῦ
3122 907 3172 963 α’
3205 909 3348 978 βιϐλ.
3384 908 3481 962 τοῦ
3533 908 3673 962 κὼδ.

2077 996 2261 1065 φησὶν,
2291 996 2372 1048 ὅτι
2415 998 2474 1050 τὸ
2520 1000 2586 1067 τῇ
2632 1000 2791 1067 ὀμάδι
2824 1000 2934 1053 τῶν
2973 1001 3241 1054 Ἰουδαίων
3285 1000 3676 1070 ληγατευόμεο

2074 1101 2185 1147 νον,
2216 1084 2317 1135 οὐκ
2347 1086 2662 1140 ἀπαιτεῖται
2682 1103 2696 1117 ·
2744 1089 2839 1140 καὶ
2877 1090 2909 1157 ὴ
2937 1087 2982 1140 θ’
3014 1088 3154 1141 διάτ.
3192 1087 3289 1141 τοῦ
3321 1095 3389 1140 ια’
3420 1090 3533 1141 τίτ.
3574 1087 3670 1140 τοῦ

2072 1174 2237 1226 αὐτοῦ
2271 1173 2439 1243 βιϐλ.,
2476 1177 2559 1230 ὅτι
2599 1179 2696 1231 ὲάν
2743 1196 2797 1232 τι
2839 1179 3054 1250 δωρηθῇ
3108 1179 3141 1249 ἢ
3175 1179 3522 1250 καταλειφθῇ
3573 1179 3668 1230 ἐπὶ

2072 1264 2327 1317 συστάσει
2366 1264 2752 1337 Ἑλληνισμοῦ,
2791 1270 2825 1338 ἡ
2854 1268 3006 1332 πόλις
3029 1268 3163 1322 αὐτὸ
3190 1269 3481 1339 λαμϐάνει.

411 1475 3643 1504 "M

1768 1633 2170 1721 ΤΙΤΛΟΣ
2241 1639 2345 1721 Z'.

403 1829 563 1886 Περι
599 1830 963 1901 ΝΗΣΤΕιΑΣ,
1004 1833 1298 1905 myrti;
1333 1833 1934 1899 ΤΕΣΣΑΡΔΚΟΣΤΗΣ,
1976 1837 2095 1891 κΑι
2126 1839 2263 1892 τοΥ
2296 1839 2551 1902 ΠΑΣΧΑ,
2593 1840 2712 1895 ΚΑΙ
2766 1841 2902 1894 'rnz
2948 1840 3502 1905 ΠΕΝΤΗΚΟΣΤΗΣ,
3544 1840 3664 1893 ιω

1122 1902 1499 1973 ΚΥΡΙΑΚΗΣ,
1532 1907 1654 1960 ΚΑΙ
1684 1907 2062 1974 ΣΔΒΒΑΤΟΥ,
2108 1910 2231 1962 ΚΑΙ
2264 1909 2426 1965 ΠΕΡΙ
2460 1911 2940 1966 ΓΟΝΥΚΛΙΣΙΔΣ.

1680 2238 2144 2318 TITULUS
2218 2240 2405 2320 VII.

400 2403 492 2458 DE
525 2403 819 2473 JEJUNIO,
859 2404 946 2460 ET
1009 2405 1572 2473 QUADRAGESIMA,
1626 2407 1716 2462 ET
1757 2408 2142 2472 PASCHATE,
2202 2408 2293 2463 ET
2349 2404 2822 2475 PENTECOSTE,
2862 2406 2954 2463 ET
3012 2405 3104 2463 DE
3140 2404 3254 2461 DIE
3298 2405 3659 2473 .DOMINICA.

1349 2478 1437 2532 ET
1476 2476 1813 2546 SABBATO,
1856 2479 1943 2533 ET
1982 2478 2274 2535 GENUUM
2326 2478 2689 2535 FLEXIONE.

472 2650 701 2707 CAPUT
738 2651 1034 2709 PRIMUM.
1064 2684 1137 2695 —
1169 2653 1243 2709 De
1277 2654 1504 2725 jejunio,
1555 2667 1604 2710 et
1647 2654 1714 2710 de
1750 2657 1820 2710 iis
1851 2673 1968 2727 qua:

2142 2656 2539 2711 κεφΑΑΑιοΝ
2566 2652 3073 2720 ΠΡΩΤΟΝ-Περὶ
3094 2653 3388 2719 νηστείας
3422 2652 3523 2706 καὶ
3552 2651 3671 2705 τῶν·

402 2751 647 2795 vetantur
675 2752 768 2796 aut
789 2745 1167 2812 permittuntur
1192 2744 1248 2798 in
1263 2744 1471 2815 jejunio
1497 2744 1971 2814 quadragesimali.

758 2918 1125 2989 Apostolorum
1161 2934 1381 2973 canones
1410 2918 1499 2985 64,
1532 2919 1621 2975 69.

475 3009 548 3065 64
578 3007 715 3082 [65].
758 3008 814 3063 Si
849 3011 973 3079 quis
1000 3009 1232 3064 clericus
1262 3010 1517 3067 inventus
1552 3010 1715 3066 fuerit
1748 3012 1836 3067 die
1872 3012 1977 3065 Do-

407 3102 612 3157 minico
659 3102 928 3171 jejunare,
982 3103 1067 3157 vel
1128 3104 1393 3167 Sabbato,
1450 3113 1813 3173 praeterquam
1867 3120 1975 3160 uno

410 3196 549 3256 solo,
579 3194 883 3263 deponatur
912 3211 925 3247 :
959 3195 1043 3248 sin
1072 3202 1253 3248 autem
1284 3193 1475 3260 laicus,
1513 3203 1848 3265 segregetur.

480 3287 550 3342 69
582 3285 718 3360 [68].
779 3287 833 3340 Si
873 3288 998 3355 quis
1041 3287 1353 3357 episcopus,
1413 3289 1493 3341 vel
1542 3289 1846 3359 presbyter,
1890 3290 1975 3344 vel

412 3379 693 3444 diaconus,
722 3376 806 3431 vel
840 3379 1202 3451 subdiaconus
1247 3378 1331 3431 vel
1370 3377 1537 3432 lector
1568 3378 1702 3449 (i7),
1726 3379 1810 3433 vel
1842 3394 1975 3434 can-

411 3477 499 3523 tor
529 3477 773 3523 sanctam
807 3467 1027 3522 Paschae
1087 3468 1556 3537 quadragesimam
1584 3482 1695 3523 non
1748 3469 1974 3539 ieiunat,

409 3561 494 3615 vel
546 3568 802 3630 quartum
830 3560 995 3625 diem,
1029 3560 1109 3613 vel
1140 3558 1496 3625 Parasceven,
1540 3571 1901 3629 praeterquam
1931 3561 1976 3615 si

411 3659 633 3722 propter
676 3648 1101 3703 imbecillitatem
1129 3650 1467 3719 corporalem
1498 3649 1845 3718 impediatur.
1879 3650 1979 3706 de-

411 3751 647 3812 ponatur
676 3759 689 3794 :
720 3740 765 3796 si
799 3740 870 3795 sit
898 3748 1079 3792 autem
1102 3740 1291 3806 laicus,
1324 3750 1655 3810 segregetur.

668 3830 896 3886 Concilii
930 3829 1248 3903 Gangrensis
1290 3848 1514 3885 canones
1560 3834 1650 3900 18,
1681 3833 1766 3888 19.

482 3923 571 3979 18.
610 3923 668 3978 Si
704 3924 828 3994 quis
873 3931 1095 3994 propter
1125 3938 1269 3990 eam,
1297 3938 1417 3993 quae
1435 3924 1796 3989 existimatur,
1824 3940 1979 3980 exer-

412 4017 722 4071 citationem
754 4015 808 4070 in
832 4014 1114 4070 Dominico
1143 4014 1368 4084 jejunet,
1406 4016 1478 4069 sit
1515 4017 1827 4072 anatltetna.

497 4105 657 4177 174
686 4106 771 4160 19.
801 4104 856 4159 Si
884 4106 1010 4176 quis
1049 4120 1241 4160 eorum
1275 4105 1369 4175 qui
1417 4118 1741 4161 exercentur
1776 4109 1982 4178 absque

412 4197 679 4268 corporali
715 4199 1037 4253 necessitate
1066 4212 1123 4252 se
1156 4197 1451 4252 insolenter
1476 4206 1649 4267 gerat,
1688 4208 1761 4253 °et
1789 4200 1981 4254 tradita

410 4288 638 4357 jejunia,
694 4302 816 4356 quae
846 4285 1214 4341 communiter
1251 4292 1542 4339 servantur
1603 4285 1671 4338 ab
1705 4286 1972 4349 Ecclesia,

415 4379 698 4444 dissolvat,
742 4378 981 4447 perfecta
1035 4376 1093 4431 in
1153 4390 1218 4431 eo
1255 4375 1529 4431 residente
1602 4377 1864 4442 ratione,
1913 4378 1985 4432 sit

418 4472 732 4526 anathema.

559 4559 786 4614 Concilii
817 4558 1103 4614 Laodiceni
1137 4574 1362 4613 canones
1390 4558 1480 4623 49,
1511 4558 1600 4623 50,
1632 4559 1721 4625 5|,
1755 4559 1843 4614 52.

489 4649 579 4705 49.
617 4648 770 4715 Quod
807 4666 913 4703 non
948 4657 1164 4717 oportet
1210 4649 1265 4703 in
1305 4649 1728 4718 quadragesima
1791 4666 1987 4719 panem

420 4736 636 4802 offerre,
664 4738 767 4794 nisi
799 4736 1035 4793 Sabbato
1067 4749 1119 4792 et
1147 4738 1277 4793 sol.s
1306 4737 1628 4793 Dominicis.

494 4829 565 4886 50
626 4828 782 4897 Quod
806 4844 913 4884 non
947 4838 1157 4899 oportet
1182 4831 1234 4883 in
1262 4830 1696 4899 quadragesimae
1716 4837 1989 4898 postrema

423 4924 724 4995 septimana
758 4924 968 4996 [quinta
1006 4924 1159 4995 feria]
1182 4924 1454 4994 jejunium
1483 4925 1713 4987 solvere,
1738 4940 1792 4980 et
1820 4936 1988 4980 totam

421 5015 901 5087 quadragesimam
934 5016 1132 5084 injuria
1166 5015 1380 5070 allicere
1407 5032 1421 5069 :
1457 5016 1550 5070 sed
1579 5024 1794 5084 oportet
1825 5026 1988 5071 totam

424 5108 896 5178 quadragesimam
926 5108 1183 5178 jejunare
1214 5108 1385 5161 aridis
1414 5117 1720 5161 vescentes.

494 5197 585 5253 51.
624 5197 776 5263 Quod
809 5212 916 5251 non
962 5205 1173 5267 oportet
1217 5196 1272 5250 in
1315 5195 1731 5265 quadragesima
1785 5206 1992 5268 marty-

2077 2745 2502 2814 κεκωλυμένων
2556 2743 2595 2812 ἢ
2658 2743 3169 2811 ἐπιτετραμμένων
3244 2744 3528 2811 τίνεσθαι
3601 2745 3670 2795 ἐν

2080 2838 2150 2908 τῇ
2179 2835 2640 2906 τεσσαρακοστῇ
2671 2834 2790 2888 τῶν
2817 2832 3133 2901 νηστειῶν.

2444 2927 2833 2981 Ἀποστόλων
2854 2923 3054 2977 κανὼν
3080 2921 3178 2989 ξδ’,
3207 2922 3307 2988 ξθ’.

2148 3018 2240 3084 ξδ’.
2285 3018 2355 3073 El’
2370 3034 2452 3081 τις
2486 3015 2745 3086 κληρικδς
2779 3013 2978 3084 εὑρεθῇ
3005 3012 3103 3082 τὴν
3127 3012 3420 3081 Κυριακὴν
3447 3014 3671 3083 ἡμέραν

2074 3112 2372 3184 νηστεύων,
2399 3109 2433 3179 ἢ
2462 3108 2525 3161 τὸ
2553 3105 2847 3169 Σάϐϐατον,
2876 3103 3015 3173 πλὴν
3043 3101 3136 3156 τοῦ
3165 3102 3287 3165 ἐνὸς
3321 3105 3508 3173 μόνου,
3532 3104 3666 3157 καθ-

2078 3199 2342 3271 αιρείσθω
2371 3212 2386 3229 ο
2423 3197 2471 3249 εί
2504 3196 2561 3249 δὲ
2587 3196 2796 3257 λαῖκδς,
2827 3192 3197 3264 ἀφοριζέσθω.

2150 3290 2247 3356 ἔθ’.
2280 3290 2446 3352 Είτις
2476 3289 2794 3349 ἐπίσκοπος,
2827 3286 2859 3355 ἢ
2898 3282 3288 3355 πρεσϐύτερος,
3326 3284 3359 3354 ἢ
3393 3284 3665 3348 διάκονος,

2075 3384 2109 3455 ἢ
2138 3382 2506 3444 ύποδιάκονος,
2539 3378 2572 3447 ἢ
2603 3376 2975 3446 ἁναγνώστης,
3017 3377 3048 3447 ἢ
3091 3377 3325 3445 ψάλτης,
3364 3376 3464 3444 τὴν
3493 3377 3662 3443 ἁγίαν

2076 3473 2520 3548 τεσσαρακοστὴν
2548 3471 2642 3524 τοῦ
2665 3471 2857 3540 Πάσχα
2885 3470 2946 3522 οὐ
2970 3469 3243 3539 νηστεύοι,
3270 3469 3303 3539 ἢ
3342 3469 3605 3537 τετράδα,
3633 3470 3665 3537 ἦ

2077 3565 2462 3638 Παρασκευὴν,
2487 3562 2875 3631 καθαιρείσθω·
2912 3561 3067 3623 ἐκτὸς
3094 3560 3142 3612 εἰ
3179 3560 3252 3629 μὴ
3283 3558 3353 3611 δι’
3376 3558 3668 3611 ἀσθένειαν

2079 3656 2395 3729 σωματικὴν
2446 3652 2787 3724 ἐμποδίζοιτο
2816 3667 2831 3682 ο
2888 3652 2983 3705 ἐὰν
3023 3650 3080 3703 δὲ
3124 3649 3314 3712 λαῖκὸς
3358 3643 3418 3722 ᾖ,
3468 3651 3670 3719 ἀφορι-

2084 3749 2283 3815 ζέσθω.

2350 3834 2620 3890 Συνόδου
2648 3829 2932 3902 Γαγγρῶν
2948 3827 3148 3883 κανὼν
3167 3834 3259 3898 ιη’,
3280 3827 3371 3882 ιδ’.

2154 3932 2243 3997 ιη’.
2267 3927 2334 3980 Et
2357 3943 2440 3989 τις
2470 3925 2557 3978 διὰ
2583 3923 2944 3993 νομιζομένην
2977 3921 3210 3991 ἄσκησιν
3230 3921 3289 3975 ὲν
3318 3922 3385 3991 τῇ
3415 3920 3668 3991 κυριακῇ

2082 4016 2354 4088 νηστεύοι,
2386 4014 2633 4083 ἀνάθεμα
2656 4012 2817 4065 ἔστω.

2156 4107 2240 4162 ιδ’.
2284 4106 2349 4159 Et
2374 4123 2457 4168 τις
2507 4104 2618 4157 τῶν
2662 4100 3047 4171 ἀσκουμένων,
3124 4097 3291 4170 χωρὶς
3352 4100 3671 4170 σωματικῆς

2081 4199 2328 4269 ἀνάγκης
2367 4194 2867 4266 ὑπερηφανεύοιτο,
2928 4193 3022 4245 καὶ
3073 4191 3173 4254 τὰς
3224 4190 3671 4261 παραδεδομένας

2082 4289 2336 4359 νηστείας
2369 4290 2448 4352 είς
2494 4288 2554 4339 τὸ
2580 4286 2779 4351 κοινὸν,
2831 4284 2927 4337 καὶ
2982 4282 3392 4352 φυλαττομένας
3431 4282 3539 4334 ὑπὸ
3572 4282 3671 4350 τῆς

2097 4380 2423 4450 Ἐκκλησίας
2440 4377 2731 4449 παραλύει,
2751 4372 3205 4447 ὑποικουροῦντος
3226 4376 3284 4427 ὲν
3295 4372 3448 4444 αὐτῷ
3462 4373 3669 4427 τελείου

2086 4472 2371 4541 λογισμοῦ,
2407 4470 2654 4539 ἀνάθεμα
2681 4469 2841 4523 ἔστω.

2190 4560 2460 4616 Συνόδου
2492 4560 2839 4625 Λαοδικείας
2868 4558 3068 4613 κανὼν
3097 4557 3205 4629 μθ’,
3239 4564 3301 4617 ν’,
3334 4555 3438 4620 να’,
3463 4554 3561 4623 νβ’.

2162 4653 2269 4724 μθ’.
2294 4653 2415 4705 Ὀτι
2443 4653 2502 4704 οὐ
2521 4653 2599 4703 δεῖ
2621 4655 2677 4707 ὲν
2709 4654 2775 4722 τῇ
2806 4652 3215 4721 τεσσαρακοστῇ
3245 4648 3409 4717 ἄρτον
3434 4646 3667 4714 προσφέ-

2092 4758 2227 4814 ρειν,
2259 4744 2306 4795 εί
2339 4743 2413 4811 μὴ
2449 4742 2507 4794 ὲν
2538 4740 2798 4809 Σαϐϐάτῳ
2828 4741 2921 4793 καὶ
2947 4741 3197 4810 κυριακῇ
3243 4738 3427 4808 μόνον.

2159 4833 2222 4888 ν’.
2253 4832 2380 4885 ’Ότι
2413 4832 2475 4884 οὐ
2508 4831 2589 4884 δεῖ
2637 4833 2695 4883 ὲν
2750 4833 2816 4901 τῇ
2852 4833 3261 4901 τεσσαρακοστῇ
3287 4870 3302 4895 ,
3348 4820 3416 4901 τῇ
3471 4828 3668 4898 ὑστέρᾳ

2093 4923 2344 4994 ἑϐδομάδι
2377 4926 2476 4994 τὴν
2515 4930 2556 4975 ε’
2594 4923 2765 4987 λύειν,
2798 4924 2894 4975 καὶ
2924 4923 3049 4990 ὅλην
3081 4923 3179 4991 τὴν
3228 4919 3669 4989 τεσσαρακοστὴν

2091 5016 2377 5084 ἀτιμάζειν
2412 5031 2427 5046 ο
2461 5014 2599 5067 ἀλλὰ
2623 5014 2702 5066 δεῖ
2735 5015 2916 5067 πᾶσαν
2960 5013 3059 5081 τὴν
3101 5010 3549 5081 τεσσαρακοστὴν
3574 5026 3664 5078 νη-

2094 5105 2325 5169 στεύειν,
2350 5105 2812 5176 ξηροφαγοῦντας.

2163 5196 2264 5250 να’.
2304 5197 2426 5249 Ὅτι
2466 5196 2527 5248 οὐ
2559 5196 2639 5248 δεῖ
2691 5196 2747 5248 ὲν
2776 5197 2840 5265 τῇ
2893 5192 3323 5260 τεσσαρακοστῇ,
3384 5186 3667 5258 μαρτύρων

427 5304 549 5342 rum
592 5290 801 5343 natales
848 5303 1126 5357 peragere,
1180 5286 1274 5341 sed
1329 5294 1643 5341 sanctorum
1694 5296 1977 5356 martyrutt

2114 5288 2365 5357 τενέολιον
2430 5286 2718 5352 ἐπιτελεῖν,
2765 5285 2902 5339 ἀλλά
2937 5284 3066 5336 ·τῶν
3124 5281 3298 5349 ἁγίων
3381 5278 3667 5349 μαρτύρων

429 5378 608 5435 facere
660 5378 1206 5435 commemorationes
1255 5376 1309 5432 in
1376 5375 1633 5432 Sabbatis
1692 5384 1746 5431 et
1808 5376 1993 5433 Domi-

429 5469 593 5526 uicis.

507 5649 619 5718 (17)
657 5646 752 5701 Vel
783 5645 1207 5716 ltypodiaconus,
1240 5640 1321 5695 vel
1352 5639 1509 5693 lectOt
1539 5682 1542 5689 ,

2101 5379 2289 5451 μνείαν
2332 5379 2507 5433 ποιεῖν
2546 5378 2607 5433 ὲν
2657 5378 2770 5441 τοῖς
2809 5374 3106 5436 Σαϐϐάτοιτ
3152 5372 3249 5425 καὶ
3301 5371 3426 5434 ταῖς
3468 5370 3662 5436 Κυρια-

2100 5472 2243 5533 καῑς.
