3842 6224
85 291 181 355 637

962 293 1358 353 SYNTAGMA
1393 296 1759 360 CANONUM
1824 328 1882 339 —
1914 286 2353 381 ΤιΤ.ν1,ὈΑΡ
2412 310 2465 371 I.

3240 309 3345 371 638

146 376 243 448 νβ’.
283 378 419 432 ’Ότι
442 377 507 432 ού
538 378 621 431 δεῖ
663 378 719 430 ἐν
742 380 810 449 τῇ
840 384 1251 451 τεσσαρακοστῇ
1304 383 1516 451 γάμους
1571 386 1666 437 καὶ

1837 390 1925 444 52.
1967 392 2119 457 Quod
2154 376 2261 448 non
2294 404 2507 464 oportet
2540 396 2593 449 in
2665 396 3083 468 quadragesima
3129 405 3350 468 nuptias

83 470 335 541 γενέθλια
389 471 686 525 ἐπιτελεῖν.

90 582 362 638 Σινόδου
392 580 1027 715 οικουμενικῆέιὲκτόζς
1060 582 1261 635 κανὼν
1291 583 1394 650 κον,
1432 584 1532 655 νβ’,
1573 586 1668 652 νε’,

761 670 789 703 ν
856 692 870 714 ,
910 670 949 703 π
1001 690 1015 703 .

761 670 870 714 νς,
910 670 979 703 πυ
1001 690 1015 703 .

149 767 249 820 κου.
297 766 358 819 '0
406 765 520 818 τῶν
559 767 617 817 ἐν
676 764 1038 837 Καρθαγέννῃ
1089 764 1393 836 διαγορεύει
1453 784 1665 836 κανων,

87 859 218 913 ὥστε
240 858 376 927 ἅγια
404 857 818 925 θυσιαστηρίου,
844 857 892 908 εί
920 857 994 928 μὴ
1021 857 1126 909 ύπδ
1154 859 1424 925 νηστικῶν
1453 859 1670 928 ἀνθρώο

88 965 198 1002 πων
245 948 321 1017 μὴ
382 945 795 1010 ἐπιτελεῖσθαι,
849 946 1192 1017 ἐξῃρημένης
1252 949 1379 1016 μιᾶς
1436 951 1669 1019 ἐτησίας

89 1039 310 1108 ἡμέρας,
341 1038 403 1089 ἐν
508 1037 569 1088 τὸ
597 1037 873 1106 Κυριακὸν
898 1037 1111 1091 δεῖπνον
1137 1038 1462 1093 ἐπιτελεῖται
1490 1056 1504 1070 ·
1541 1040 1671 1105 ἴσως

89 1127 386 1197 τηνικαῦτα
422 1127 516 1180 διά.
543 1144 693 1188 τινας
723 1127 863 1180 κατὰ
888 1130 1013 1191 τοὺς
1046 1129 1244 1192 τόπους
1285 1131 1584 1200 προφάσεις
1604 1136 1667 1204 τῇ

101 1218 392 1290 Ἐκκλησία
408 1205 737 1285 λυσιτελεῖς,
754 1219 861 1272 τῶν
884 1219 1044 1273 θείων
1074 1221 1297 1273 ἐκείνων
1326 1222 1468 1274 Πατέ
1478 1239 1583 1291 ρων
1603 1224 1668 1292 τῇ

95 1315 219 1381 αὐτῇ
270 1313 647 1381 χρησαμένων
701 1311 1021 1381 οἰκονομίᾳ·
1088 1312 1314 1381 μηδενὸς
1370 1310 1463 1365 οὖν
1524 1314 1672 1382 ἡμᾶς

93 1403 370 1470 ἐνάγοντος
388 1400 718 1454 καταλιπεῖν
751 1401 847 1469 τὴν
880 1400 1165 1470 ἁκρίῦειαν
1192 1401 1447 1470 ὁρίζομεν
1468 1440 1483 1466 ,
1530 1402 1661 1453 ἁπο-

97 1492 356 1553 στολικαῖς
380 1490 479 1543 καὶ
498 1491 797 1560 Πατρικαίς
823 1490 1075 1559 ἑπόμενοι
1096 1491 1443 1559 παραδόσεσι,
1466 1491 1539 1561 μὴ
1562 1491 1672 1543 δεῖν

95 1582 149 1633 ἐν
208 1582 271 1650 τῇ
352 1582 774 1650 τεσσαρακοστῇ
830 1580 894 1648 τῇ
965 1578 1168 1649 ὑστέρᾳ
1230 1577 1487 1648 ἐδδομάδι
1577 1579 1671 1648 τὴν

100 1672 341 1742 πέμπτην
402 1669 582 1737 λύειν,
614 1673 703 1725 καὶ
753 1670 881 1741 ὅλην
913 1670 1012 1741 τὴν
1047 1672 1491 1741 τεσσαρακοστὴν
1544 1671 1664 1724 ἀτι-

102 1762 300 1832 μάζειν.

160 1853 252 1925 νβ’.
292 1854 383 1907 Ἐν
413 1853 625 1916 πάσαις
647 1855 765 1917 ταῖς
794 1853 890 1923 τῆς
920 1851 1081 1921 ἁγίας
1104 1852 1546 1923 τεσσαρακοστῆς
1566 1851 1674 1907 τῶν

104 1945 349 2015 νηστειῶν
380 1948 652 2015 ἡμέραις,
690 1945 961 2016 παρεκτὸς
990 1944 1292 2009 Σαϐϐάτου,
1322 1945 1417 1998 καὶ
1452 1946 1674 2015 ,Κυρια-

108 2037 217 2106 κῆς,
277 2039 371 2091 καὶ
427 2038 532 2106 τῆς
583 2037 744 2104 ἁγίας
811 2034 904 2089 τοῦ
956 2035 1374 2106 Εὑαγγελισμοῦ
1432 2036 1668 2106 ἡμέρας,

108 2127 324 2194 γινέσθω
379 2130 414 2199 ὴ
477 2126 593 2181 τῶν
685 2128 1141 2197 προηγιασμένων
1222 2128 1343 2200 ἱερὰ
1428 2127 1675 2197 λειτουρ-

109 2220 213 2287 γία.

173 2308 256 2366 νε’.
300 2311 523 2380 Ἐπειδὴ
554 2312 955 2383 μεμαθήκαμεν
1000 2312 1124 2374 τοὺς
1167 2312 1225 2363 ἐν
1275 2311 1341 2379 τῇ
1390 2306 1676 2377 Ῥωμαίων

83 2399 266 2466 πόλει,
302 2405 359 2457 ἐν
388 2407 511 2467 ταῖς
550 2405 736 2473 ἁγίαις
792 2405 893 2474 τῆς
944 2402 1389 2473 τεσσαρακοστῆς
1419 2400 1675 2469 ἡμέραις,

113 2497 209 2557 τοῖς
239 2494 437 2564 ταύτης
489 2494 734 2549 Σάϐὄασι
789 2494 1090 2565 νηστεύειν,
1134 2492 1284 2563 παρὰ
1311 2491 1409 2560 τὴν
1445 2489 1679 2559 παραδο-

115 2586 277 2639 θεῖσαν
328 2588 793 2659 ἐκκλησιαστικὴν
835 2586 1178 2651 ἀκολουθίαν,
1233 2584 1378 2648 εδοξε
1431 2587 1497 2653 τῇ
1544 2583 1675 2652 ἁγίᾳ

119 2679 318 2749 συνόδῳ,
343 2679 482 2734 ὥστε
515 2684 744 2751 κρατεῖν
777 2680 871 2733 καὶ
892 2681 982 2732 ἐπὶ
1014 2682 1081 2749 τῇ
1124 2678 1411 2748 Ῥωμαίων
1440 2675 1676 2743 Ἐκκλη-

120 2768 215 2839 σία,
251 2770 714 2840 ἀπαρασαλεύτως
756 2772 846 2825 τὸν
877 2770 1075 2825 κανόνα
1102 2769 1193 2823 τὸν
1215 2769 1445 2837 λέγοντα
1469 2783 1483 2797 '
1505 2765 1574 2820 Εί
1595 2783 1678 2828 τις

122 2859 351 2929 κληρικὺς
378 2862 602 2932 εὑρεθῇ,
632 2866 699 2933 τῇ
743 2862 875 2933 ἁγίᾳ
906 2864 1158 2931 κυριακῇ
1189 2858 1489 2929 νηστεύων,
1535 2858 1568 2927 ἦ
1618 2857 1679 2908 τὸ

122 2952 389 3016 Σάϐϐατον,
422 2954 566 3024 πλὴν
593 2953 683 3006 τοῦ
716 2954 832 3016 ἐνὸς
854 2954 947 3006 καὶ
979 2953 1160 3022 μόνον,
1183 2949 1554 3022 καθαιρείσθω
1580 2964 1593 2978 ⁸
1628 2948 1677 3000 εί

124 3042 171 3094 δὲ
210 3042 401 3109 λαῖκδς,
441 3043 809 3114 ἁφοριζέσθω.

184 3160 280 3220 νς¹.
319 3156 594 3220 Ὡσαύτως
652 3156 1053 3227 μεμαθήκαμεν
1112 3156 1169 3209 ἐν
1226 3157 1292 3225 τῇ
1361 3152 1669 3223 Ἀρμενίων

129 3246 260 3318 χώρᾳ
286 3250 372 3303 καὶ
399 3252 455 3302 ἐν
487 3249 697 3319 ἑτέροις
737 3250 943 3310 τόποις,
994 3248 1053 3300 ἐν
1096 3249 1208 3309 τοῖς
1237 3245 1475 3299 Σάὸὅασι
1496 3245 1589 3297 καὶ
1618 3245 1675 3298 ἐν

131 3340 234 3401 ταῖς
266 3341 568 3409 Κυριακαῖς
597 3339 697 3408 τῆς
748 3338 909 3406 ἁγίας
954 3337 1395 3406 τεσσαρακοστῆς
1423 3335 1532 3387 τῶν
1584 3348 1678 3403 νηιι

140 3427 579 3499 στειῶντήμέραις,
618 3428 701 3481 ὠὰ
729 3430 824 3481 καὶ
857 3427 1017 3498 τυρὸν
1048 3426 1249 3480 ἐσθίειν
1286 3425 1457 3487 τινάς.
1491 3424 1677 3489 Ἔδοξε

134 3516 286 3569 τοίνυν
315 3520 403 3570 καὶ
429 3518 610 3583 τοῦτο,
640 3518 779 3571 ὥστε
826 3518 924 3587 τὴν
969 3517 1113 3570 κατὰ
1144 3517 1325 3569 πᾶσαν
1378 3516 1473 3584 τὴν
1497 3516 1678 3567 οίκου-

141 3606 281 3677 μένην
306 3610 394 3662 τοῦ
450 3611 591 3664 Θεοῦ
633 3609 957 3681 Ἐκκλησίαν
1014 3609 1112 3679 μιᾷ
1173 3605 1678 3660 κατακολουθοῦσαν

137 3693 279 3759 τάξει,
310 3696 401 3767 τὴν
425 3697 681 3768 νηστείαν
713 3698 1001 3760 ἐπιτελεῖν,
1038 3697 1132 3749 καὶ
1166 3693 1469 3764 ἀπέχεσθαι
1489 3693 1678 3762 ὥσπερ

140 3787 270 3837 θυτοῦ
321 3790 597 3853 παντοίου,
640 3788 782 3841 οὕτω
827 3789 891 3858 δὴ
946 3788 1040 3841 καὶ
1087 3786 1196 3840 ὠοῦ
1259 3787 1351 3839 καὶ
1393 3784 1580 3855 τυροῦ,
1642 3784 1678 3837 ἃ

141 3877 317 3945 καρπός
343 3881 443 3932 εἰσι
470 3879 571 3933 καὶ⁸
586 3880 909 3950 γεννήματα
938 3872 1012 3931 ὧν
1041 3876 1371 3947 ἀπεχόμεθα.
1414 3878 1475 3930 Ei.
1508 3876 1565 3927 δὲ
1598 3874 1678 3945 μὴ

141 3965 271 4019 τοῦτο
294 3971 773 4040 παραφυλάττοιεν,
815 3971 864 4022 εί
887 3970 984 4039 μὲν
1017 3969 1267 4039 κληρικοὶ
1295 3965 1405 4020 εἷεν
1428 4007 1442 4032 ,
1478 3967 1674 4020 καθαι-

147 4058 408 4127 ρείσθωσαν
434 4077 448 4091 ⁶
466 4065 516 4117 εί.
534 4062 591 4116 δὲ
622 4063 823 4126 λαῖκοὶ,
862 4060 1326 4133 ἀφοριζέσθωσαν.

202 4149 292 4204 πῖθ’.
317 4152 419 4216 Τὰς
441 4154 533 4207 τοῦ
558 4153 828 4224 σωτηρίου
859 4154 1063 4214 πάθους
1090 4152 1322 4223 ἡμέρας,
1362 4154 1421 4206 έν
1448 4152 1675 4222 νηστείᾳ

145 4238 221 4289 καὶ
252 4247 508 4315 προσευχῇ
554 4245 651 4297 καλ⁴
681 4245 971 4308 κατανύξει
1007 4243 1235 4314 καρδίας
1265 4243 1665 4311 ἐπιτελοῦντας,

144 4330 231 4398 χρὴ
266 4334 379 4396 τοὺς
424 4337 646 4398 πιστοὺς
688 4336 816 4405 περὶ
861 4336 1032 4405 μέσης
1071 4334 1173 4404 τῆς
1236 4337 1372 4405 μετὰ
1418 4336 1480 4388 τὸ
1534 4335 1674 4405 μέγα

1775 481 1856 535 vel
1893 483 2137 537 natalitia
2169 485 2465 542 celebrare.

1773 592 1999 649 Consilii
2030 599 2331 651 aecumenici
2377 614 2451 662 vi,
2482 616 2699 654 canones
2747 601 2839 669 29,
2875 602 2963 666 52,
3013 602 3100 666 55,
3136 602 3222 668 56,
3255 604 3345 658 89.

1840 772 1930 828 29.
1949 772 2394 843 Cartliaginensis
2411 778 2603 848 synodi
2627 793 2797 832 canon
2830 779 2959 833 dicit
2984 778 3053 843 ”,
3080 788 3139 832 ut
3159 786 3345 832 sancta

1772 866 1959 921 altaris
2008 867 2225 921 nonnisi
2274 884 2303 922 a
2374 869 2572 924 sobriis
2620 871 2931 923 hominibus
2997 881 3343 939 poi-agantur,

1771 969 1998 1027 excepto
2021 975 2130 1013 uno
2153 960 2239 1013 die
2266 961 2318 1013 in
2351 976 2515 1024 anno,
2547 961 2599 1014 in
2629 977 2738 1030 quo
2762 976 2914 1015 caana
2956 960 3168 1014 Domini
3195 976 3348 1030 pera-

1773 1050 1952 1119 gitur;
2006 1060 2135 1104 tunc
2188 1050 2422 1106 fortasse
2476 1061 2698 1123 propter
2752 1052 2961 1121 aliquas
3001 1053 3053 1105 in
3096 1054 3161 1107 iis
3213 1053 3346 1107 locis

1773 1140 2089 1194 occasiones
2112 1138 2369 1194 Ecclesiae
2400 1141 2581 1206 utiles,
2607 1143 2810 1196 sanctis
2843 1143 2945 1195 illis
2968 1140 3219 1197 Patribus
3247 1145 3347 1197 hac

1772 1229 2178 1298 dispensatione
2214 1232 2345 1287 usis.
2379 1232 2517 1287 Cum
2561 1234 2695 1287 nihil
2738 1250 2865 1304 ergo
2894 1250 2995 1289 nos
3022 1236 3258 1300 inducat,
3288 1244 3346 1289 ut

1772 1328 2081 1373 accuratam
2126 1320 2559 1377 observationem
2610 1324 3008 1394 relinquamus,
3052 1325 3345 1379 statuimus

1773 1411 2106 1480 apostolicas
2144 1427 2208 1466 ac
2236 1420 2491 1481 paternas
2524 1416 2842 1469 traditiones
2888 1426 3195 1486 sequentes.
3237 1433 3344 1470 non

1772 1512 2021 1570 oportere
2039 1502 2091 1555 in
2110 1505 2537 1574 quadragesima:
2556 1514 2826 1574 postrema
2844 1507 3142 1574 septimana
3159 1507 3345 1575 quinta

1773 1592 1909 1649 feria
1951 1594 2218 1663 jejunium
2273 1595 2505 1664 solvere,
2554 1605 2607 1651 et
2657 1605 2824 1651 totam
2876 1597 3345 1668 quadragesimam

1776 1685 1976 1756 injuria
2006 1685 2235 1742 afﬁcere.

1846 1860 1935 1916 52.
1974 1856 2031 1913 lu
2061 1859 2318 1915 omnibus
2347 1859 2394 1892 ⁶⁰
2432 1868 2635 1915 sancta:
2669 1858 3107 1929 quadragesima:
3150 1858 3346 1929 jejunii

1775 1950 1989 2015 diebus,
2022 1959 2384 2019 praeterquam
2409 1949 2671 2014 Sabbato,
2697 1960 2751 2004 et
2775 1949 3052 2005 Dominica
3077 1958 3129 2004 et
3154 1961 3346 2005 sancto

1780 2038 1938 2109 175
1972 2040 2420 2095 Annuntiationis
2466 2039 2573 2105 die,
2618 2040 2712 2094 ﬁat
2743 2054 2956 2095 sacrum
2991 2041 3345 2109 prmsauctill-

1775 2139 2017 2185 calorum
2048 2130 2433 2186 ministerium.

1848 2309 1934 2365 55.
1972 2309 2237 2376 Quoniam
2280 2310 2645 2364 intelleximus
2688 2310 2740 2363 in
2776 2310 3151 2364 Romanorum
3207 2311 3346 2365 civi-

1783 2409 1894 2455 tate
1924 2400 1979 2455 in
2009 2403 2218 2457 sanctis
2264 2401 2693 2470 quadragesima:
2713 2402 2951 2471 jejuniis,
2983 2403 3040 2456 in
3065 2403 3184 2471 ejus
3210 2401 3346 2456 Sab-

1780 2494 1923 2548 batis
1998 2494 2250 2563 jejunare
2326 2502 2523 2562 praeter
2588 2494 3015 2547 ecclesiasticam
3088 2494 3343 2548 traditam

1778 2586 2213 2641 observationem
2245 2627 2259 2650 ,
2309 2596 2512 2640 sanctae
2553 2585 2761 2654 synodo
2824 2585 2995 2637 visum
3037 2594 3142 2647 est,
3188 2594 3248 2638 ut
3290 2585 3345 2638 in

1778 2677 2154 2733 Romanorum
2189 2691 2408 2746 quoque
2434 2676 2675 2730 Ecclesia
2709 2676 3037 2729 inconcusse
3062 2677 3204 2730 vires
3252 2676 3349 2728 lia-

1777 2771 1904 2826 beat
1950 2783 2124 2823 canon
2155 2768 2197 2799 ⁶¹
2233 2768 2326 2837 qui
2381 2768 2543 2821 dicit:
2580 2766 2638 2820 Si
2673 2767 2798 2836 quis
2832 2766 3063 2821 clericus
3094 2766 3348 2822 inventus

1777 2863 1942 2917 fuerit
1968 2862 2021 2916 in
2057 2868 2248 2916 sancto
2276 2860 2363 2913 die
2404 2858 2687 2913 Dominico
2720 2860 2799 2913 vel
2823 2858 3056 2912 Sabbato
3078 2857 3345 2926 jejunare,

1778 2959 1975 3021 printer
2010 2966 2177 3005 unum
2222 2960 2274 3003 ct
2317 2950 2516 3016 solum,
2547 2950 2887 3019 deponatur:
2934 2950 3018 3005 sin
3059 2960 3239 3005 autem
3272 2950 3350 3004 la-

1702 3081 1747 3143 C
1782 3044 1919 3107 icus,
1946 3051 2279 3112 segregetur.

1850 3155 1939 3212 56.
1987 3153 2249 3208 Similiter
2286 3152 2598 3222 accepimus
2638 3162 2691 3206 et
2739 3152 2794 3206 in
2842 3152 3225 3208 Armeniorum
3260 3170 3348 3207 re-

1777 3248 1959 3318 gione,
2013 3256 2067 3301 et
2098 3248 2152 3300 in
2195 3246 2318 3301 aliis
2355 3245 2509 3309 locis,
2553 3245 2605 3298 in
2640 3244 2895 3299 Sabbatis
2940 3258 2994 3300 et
3046 3246 3348 3303 Dominicis

1777 3349 1978 3396 sancta:
2002 3336 2433 3408 quadragesimae
2471 3337 2734 3404 quosdam
2768 3352 2869 3391 ora
2892 3346 2946 3391 et
2995 3352 3214 3392 caseum
3252 3355 3344 3393 co-

1778 3433 2017 3488 medere.
2043 3430 2233 3485 Visum
2274 3438 2358 3484 est
2385 3444 2516 3498 ergo
2561 3441 2614 3484 et
2650 3431 2777 3500 hoc,
2814 3439 2876 3483 ut
2903 3429 3084 3483 omnis
3117 3428 3210 3483 Dei
3242 3427 3348 3483 Ec—

1778 3524 1963 3587 clesia,
1992 3537 2114 3592 quae
2153 3532 2237 3576 est
2276 3521 2330 3575 in
2364 3520 2619 3576 universo
2668 3530 2937 3576 terrarum
2984 3522 3138 3587 orbe,
3179 3536 3346 3575 unum

1778 3614 2025 3669 ordinem
2071 3627 2325 3680 sequens,
2360 3610 2624 3680 jejunium
2672 3611 2938 3681 perﬁciat,
2974 3621 3029 3666 et
3072 3612 3350 3666 abstineat

1780 3706 1923 3760 sicut
1951 3706 2019 3758 ab
2074 3702 2224 3758 omni
2260 3703 2557 3767 mactabili,
2586 3703 2664 3756 sic
2686 3704 2755 3757 ab
2785 3705 2904 3758 ovis
2937 3711 2990 3757 ct
3016 3718 3197 3767 caseo,
3226 3717 3348 3773 quae

1779 3795 1995 3865 quidem
2043 3802 2171 3849 sunt
2222 3792 2430 3848 fructus
2463 3802 2518 3848 et
2545 3793 2686 3849 fetus
2728 3810 2916 3848 eorum
2948 3811 2979 3849 a
3019 3794 3218 3864 quibus
3249 3796 3348 3849 ab-

1780 3888 2066 3945 stinemus.
2102 3884 2158 3937 Si
2210 3892 2395 3937 autem
2448 3884 2551 3937 hoc
2594 3900 2701 3938 non
2752 3887 3111 3947 servaverint,
3158 3885 3204 3939 si
3235 3886 3346 3940 sint

1779 3977 2002 4049 quidem
2038 3973 2248 4037 clerici,
2296 3974 2679 4043 deponantur:
2724 3978 2809 4031 sin
2839 3985 3020 4031 autem
3066 3977 3209 4044 laici,
3263 3992 3351 4032 se-

1778 4080 2089 4143 gregeutur.

1852 4165 1942 4220 89.
1984 4164 2112 4219 Dies
2149 4162 2444 4218 salutiferae
2480 4160 2751 4232 passionis
2791 4160 2845 4214 in
2882 4160 3090 4230 jejunio
3121 4167 3175 4214 et
3220 4174 3347 4213 ora-

1779 4257 1925 4312 tione
1972 4265 2027 4310 et
2086 4255 2267 4309 cordis
2324 4252 2743 4321 compunctione
2790 4259 3111 4322 peragentes
3165 4251 3348 4305 ﬁdeles

1778 4362 1952 4416 usque
1994 4347 2061 4400 ad
2104 4345 2338 4399 mediam
2383 4343 2562 4413 magni
2600 4342 2819 4397 Sabbati
2854 4355 3068 4397 noctem
3100 4342 3348 4411 jejunare

146 4418 382 4475 Σάϐϐατον
408 4428 598 4489 νυκτὸς
624 4426 793 4496 ὥρας,
824 4426 1281 4497 ἁπονηστίζεσθαι
1303 4442 1318 4456 ⁶
1355 4426 1463 4479 τῶν
1513 4427 1671 4479 θείων

1787 4444 2020 4506 oportet;
2046 4450 2170 4490 cum
2196 4433 2367 4488 divini
2395 4431 2740 4501 evangelista
2771 4430 3051 4485 Mattbaaus
3077 4438 3131 4484 et
3148 4429 3346 4492 Lucas,

147 4509 502 4578 εὐαγγελιστῶν
524 4517 805 4572 Ματθαίου
833 4518 927 4571 καὶ
962 4519 1167 4582 Λουκᾶ,
1204 4518 1295 4570 τοῦ
1328 4517 1425 4586 μὲν
1452 4516 1542 4569 διὰ
1574 4519 1667 4570 τοῦ

1789 4526 1859 4579 lle
1887 4524 2106 4594 quidem
2132 4540 2339 4593 vespere
2373 4522 2616 4589 Sabbati,
2649 4522 2738 4576 hic
2777 4536 2903 4576 vero
2943 4537 3039 4590 per
3070 4521 3153 4585 id,
3198 4521 3349 4574 valde

149 4599 244 4665 ἀψὲ
262 4604 564 4675 Σαϐϐἀτιοηρ,
584 4610 794 4681 προσρὴ
803 4627 989 4680 ματος,
1009 4610 1103 4663 τοῦ
1126 4611 1181 4663 δέ
1214 4610 1300 4663 διὰ
1327 4611 1441 4674 τοῦ,
1462 4610 1674 4680 ὄρθρου

1787 4618 2031 4684 ίίίιιειιίο,
2069 4618 2244 4675 noctis
2274 4616 2431 4672 nobis
2460 4616 2768 4671 tarditatem
2799 4615 3111 4671 describant
3137 4614 3205 4668 θ’.

144 4690 352 4762 βαθέος,
391 4700 483 4771 τὴν
515 4702 825 4773 βραδυτῆτα
867 4703 967 4772 τῆς
995 4702 1187 4765 νυκτὸς
1237 4705 1370 4772 ἡμῖν
1430 4703 1672 4773 ὑπογρά-

155 4797 333 4847 φοντος.

155 4802 333 4849 φοντος.

154 4869 340 4939 Πέτρου
354 4876 417 4932 ἐκ
440 4881 543 4937 τοῦ
575 4882 762 4952 λόγου
786 4883 894 4936 τοῦ
930 4883 1017 4949 εἰς
1047 4882 1112 4935 τὸ
1140 4882 1348 4950 πάσχα
1368 4881 1569 4935 κανὼν
1591 4888 1675 4936 ιε’.

212 4991 281 5038 ιε’.
306 4990 409 5043 Οὐκ
450 4993 735 5062 ἐγκαλέσει
775 5013 859 5060 τις
886 4999 1022 5067 ἡμῖν
1056 4998 1560 5068 παρατηρουμένοις
1599 5013 1680 5047 τευ

155 5075 295 5142 τράδα
320 5082 407 5134 καὶ
436 5089 785 5158 παρασκευήν
815 5106 828 5119 ·
866 5090 924 5141 ἐν
956 5087 1044 5153 αἷς
1089 5090 1183 5142 καὶ
1222 5089 1504 5158 νηστεύειν
1545 5090 1677 5158 ἡμῖν

158 5167 273 5217 κατὰ
313 5174 611 5243 παράδοσιν,
667 5180 901 5248 εὐλόγως
961 5181 1359 5249 προστέτακται
1390 5196 1405 5210 ο
1433 5180 1531 5249 τὴν
1577 5181 1674 5248 μὲν

159 5257 373 5328 τετράδα,
401 5265 481 5319 διὰ
509 5269 568 5322 τὸ
610 5271 897 5338 γενόμενον
926 5290 987 5323 συ
998 5271 1253 5341 μὸούλιον
1276 5272 1378 5324 ὑπὸ
1410 5270 1675 5323 Ἰουδαίων

162 5342 237 5433 ἐπὶ
262 5352 318 5417 τῇ
360 5357 604 5431 προδοσίᾳ
656 5364 748 5415 τοῦ
803 5363 1008 5433 Κυρίου
1039 5379 1053 5394 ·
1087 5364 1184 5433 τὴν
1208 5362 1263 5415 δὲ
1301 5361 1674 5433 παρασκευὴν,

162 5430 233 5484 διὰ
259 5439 313 5490 τὸ
342 5430 646 5506 πεπονθέναι
690 5453 853 5508 αὐτὸν
879 5430 1019 5524 ύπὲρ
1052 5430 1210 5524 ἡμίῦν
1236 5469 1249 5483 ’
1288 5430 1394 5524 τὴν.
1429 5452 1536 5523 γὰρ
1561 5430 1674 5506 κο*

223 5608 523 5698 ’Ῐνίίίπιῖιῐιεμ
567 5645 644 5689 ιιι,
691 5644 811 5698 Cap.
858 5632 945 5686 29.
1017 5629 1146 5685 Vide
1216 5647 1336 5685 can.
1386 5628 1490 5693 50,
1539 5641 1690 5696 synm

1787 5624 2157 5680 Lacdicensis.

164 5674 204 5755 V"
236 5677 369 5743 Dion.
401 5674 540 5751 Διά-ι.
573 5674 827 5756 (Sithon
863 5674 887 5738 ἡ

1986 4874 2135 4929 Petri
2165 4889 2231 4929 ea:
2260 4888 2495 4929 sermone
2521 4873 2577 4927 in
2615 4871 2820 4928 Pascha
2847 4889 3017 4927 canon
3048 4873 3137 4928 15.

1850 4991 1935 5045 l5.
1983 4989 2099 5045 Non
2148 4988 2505 5057 reprehendet
2546 5003 2647 5041 nos
2690 4986 2983 5057 quispiam,
3016 4992 3266 5055 quartam
3298 4991 3349 5035 ct

1784 5091 1990 5135 sextam
2015 5080 2201 5134 feriam
2223 5078 2385 5150 176
2404 5078 2774 5141 observantes,
2800 5076 2851 5129 in
2872 5076 3071 5145 quibus
3094 5075 3249 5126 nobis
3270 5071 3351 5138 je-

1778 5172 1973 5241 junare
1989 5172 2283 5225 secundum
2299 5170 2641 5224 traditionem
2655 5183 2777 5223 cum
2799 5168 3347 5233 ratione-praceptuni

1782 5272 1884 5318 est.
1916 5262 2176 5328 Quartam
2208 5260 2679 5330 quidempropter
2703 5258 2897 5311 initum
2928 5271 2958 5309 a
2987 5252 3187 5308 Judaeis
3216 5268 3349 5306 cou-

1781 5357 1964 5412 silium
2002 5355 2068 5409 de
2089 5354 2391 5423 proditione
2428 5352 2643 5405 Domini
2680 5369 2694 5404 :
2729 5357 2937 5404 sextam
2962 5354 3165 5405 autem,
3206 5343 3349 5410 quod

1783 5449 1899 5518 ipse
1932 5461 2031 5517 pro
2074 5446 2232 5499 nobis
2275 5458 2469 5514 passus
2518 5442 2610 5497 sit.
2647 5440 2797 5496 Diem
2835 5441 2980 5493 enim
3012 5435 3350 5489 Dominicum

2264 5622 2307 5655 ⁶⁰
2348 5619 2678 5677 Laodic.li9.
2784 5618 2829 5651 “
2860 5616 2993 5672 (Ian.
3038 5623 3209 5683 apost.
3262 5611 3350 5666 67.
